  <div class='ocr_page' id='page_1' title='image "/cluster/home/n/w/nwhite01/storage/ocr_20150623/70/nnc1.0046980253/226.png"; bbox 0 0 4148 6378; ppageno 0'>
   <div class='ocr_carea' id='block_1_1' title="bbox 384 387 487 443">
    <p class='ocr_par' dir='ltr' id='par_1_1' title="bbox 384 387 487 443">
     <span class='ocr_line' id='line_1_1' title="bbox 384 387 487 443; baseline -0.019 0"><span class='ocrx_word' id='word_1_1' title='bbox 384 387 487 443; x_wconf 74' lang='grc' dir='ltr'><strong>ΗἹ</strong></span> 
     </span>
    </p>
   </div>
   <div class='ocr_carea' id='block_1_2' title="bbox 1517 372 2535 432">
    <p class='ocr_par' dir='ltr' id='par_1_2' title="bbox 1517 372 2535 432">
     <span class='ocr_line' id='line_1_2' title="bbox 1517 372 2535 432; baseline -0.002 -2"><span class='ocrx_word' id='word_1_2' title='bbox 1517 374 1580 430; x_wconf 80' lang='lat' dir='ltr'><strong>IN</strong></span> <span class='ocrx_word' id='word_1_3' title='bbox 1619 374 1857 431; x_wconf 76' lang='lat' dir='ltr'><strong>lSAlAM</strong></span> <span class='ocrx_word' id='word_1_4' title='bbox 1895 372 2024 431; x_wconf 87' lang='lat' dir='ltr'><strong>LIB.</strong></span> <span class='ocrx_word' id='word_1_5' title='bbox 2067 375 2132 432; x_wconf 94' lang='lat' dir='ltr'><strong>ll.</strong></span> <span class='ocrx_word' id='word_1_6' title='bbox 2173 373 2409 432; x_wconf 80' lang='lat' dir='ltr'><strong>TOMUS</strong></span> <span class='ocrx_word' id='word_1_7' title='bbox 2446 372 2535 429; x_wconf 90' lang='lat' dir='ltr'><strong>Ill.</strong></span> 
     </span>
    </p>
   </div>
   <div class='ocr_carea' id='block_1_3' title="bbox 3535 342 3644 434">
    <p class='ocr_par' dir='ltr' id='par_1_3' title="bbox 3535 342 3644 434">
     <span class='ocr_line' id='line_1_3' title="bbox 3535 342 3644 434; baseline 0.018 -3"><span class='ocrx_word' id='word_1_8' title='bbox 3535 342 3644 434; x_wconf 69' lang='lat' dir='ltr'><strong>tu;</strong></span> 
     </span>
    </p>
   </div>
   <div class='ocr_carea' id='block_1_4' title="bbox 384 486 1969 577">
    <p class='ocr_par' dir='ltr' id='par_1_4' title="bbox 384 490 1962 573">
     <span class='ocr_line' id='line_1_4' title="bbox 384 490 1962 573; baseline -0.013 -18"><span class='ocrx_word' id='word_1_9' title='bbox 384 502 492 555; x_wconf 89' lang='grc' dir='ltr'><strong>τῶν</strong></span> <span class='ocrx_word' id='word_1_10' title='bbox 516 497 823 573; x_wconf 85' lang='grc' dir='ltr'>χρησίμων.</span> <span class='ocrx_word' id='word_1_11' title='bbox 860 491 1216 554; x_wconf 86' lang='grc' dir='ltr'>Πεπτωκότος</span> <span class='ocrx_word' id='word_1_12' title='bbox 1242 491 1351 561; x_wconf 79' lang='grc' dir='ltr'><strong>γάρ</strong></span> <span class='ocrx_word' id='word_1_13' title='bbox 1374 490 1698 562; x_wconf 77' lang='grc' dir='ltr'><strong>αὐτομάτως</strong></span> <span class='ocrx_word' id='word_1_14' title='bbox 1721 493 1817 546; x_wconf 81' lang='grc' dir='ltr'><strong>τοῦ</strong></span> <span class='ocrx_word' id='word_1_15' title='bbox 1850 492 1962 547; x_wconf 85' lang='grc' dir='ltr'>τεί-</span> 
     </span>
    </p>
   </div>
   <div class='ocr_carea' id='block_1_5' title="bbox 2071 486 3640 577">
    <p class='ocr_par' dir='ltr' id='par_1_5' title="bbox 2071 486 3640 557">
     <span class='ocr_line' id='line_1_5' title="bbox 2071 486 3640 557; baseline 0 -12"><span class='ocrx_word' id='word_1_16' title='bbox 2071 500 2262 557; x_wconf 89' lang='lat' dir='ltr'><strong>sponte</strong></span> <span class='ocrx_word' id='word_1_17' title='bbox 2310 506 2487 556; x_wconf 89' lang='lat' dir='ltr'><strong>muro,</strong></span> <span class='ocrx_word' id='word_1_18' title='bbox 2550 501 2711 547; x_wconf 87' lang='lat' dir='ltr'><strong>nemo</strong></span> <span class='ocrx_word' id='word_1_19' title='bbox 2767 497 2887 545; x_wconf 84' lang='lat' dir='ltr'><strong>erat</strong></span> <span class='ocrx_word' id='word_1_20' title='bbox 2921 486 3009 545; x_wconf 85' lang='lat' dir='ltr'><strong>vel</strong></span> <span class='ocrx_word' id='word_1_21' title='bbox 3063 487 3118 545; x_wconf 83' lang='lat' dir='ltr'><strong>in</strong></span> <span class='ocrx_word' id='word_1_22' title='bbox 3165 497 3277 544; x_wconf 86' lang='lat' dir='ltr'><strong>tota</strong></span> <span class='ocrx_word' id='word_1_23' title='bbox 3325 488 3640 557; x_wconf 73' lang='lat' dir='ltr'><strong>Moabitide,</strong></span> 
     </span>
    </p>
   </div>
   <div class='ocr_carea' id='block_1_6' title="bbox 382 581 1967 662">
    <p class='ocr_par' dir='ltr' id='par_1_6' title="bbox 382 581 1967 662">
     <span class='ocr_line' id='line_1_6' title="bbox 382 581 1967 662; baseline -0.005 -17"><span class='ocrx_word' id='word_1_24' title='bbox 382 609 531 662; x_wconf 82' lang='grc' dir='ltr'>χους,</span> <span class='ocrx_word' id='word_1_25' title='bbox 565 589 757 643; x_wconf 80' lang='grc' dir='ltr'>οὐδένα</span> <span class='ocrx_word' id='word_1_26' title='bbox 780 587 889 641; x_wconf 86' lang='grc' dir='ltr'><strong>τῶν</strong></span> <span class='ocrx_word' id='word_1_27' title='bbox 918 584 1273 640; x_wconf 77' lang='grc' dir='ltr'>κατὰοπᾶσαν</span> <span class='ocrx_word' id='word_1_28' title='bbox 1317 582 1417 653; x_wconf 81' lang='grc' dir='ltr'>τὴν</span> <span class='ocrx_word' id='word_1_29' title='bbox 1444 581 1772 646; x_wconf 77' lang='grc' dir='ltr'>Μωαϐιτῶν,</span> <span class='ocrx_word' id='word_1_30' title='bbox 1798 584 1967 654; x_wconf 69' lang='grc' dir='ltr'>ἤγουν</span> 
     </span>
    </p>
   </div>
   <div class='ocr_carea' id='block_1_7' title="bbox 384 672 1968 751">
    <p class='ocr_par' dir='ltr' id='par_1_7' title="bbox 384 672 1968 751">
     <span class='ocr_line' id='line_1_7' title="bbox 384 672 1968 751; baseline -0.004 -15"><span class='ocrx_word' id='word_1_31' title='bbox 384 684 478 737; x_wconf 88' lang='lat' dir='ltr'><strong>xui</strong></span> <span class='ocrx_word' id='word_1_32' title='bbox 506 682 723 751; x_wconf 76' lang='grc' dir='ltr'><strong>ἑτέραις</strong></span> <span class='ocrx_word' id='word_1_33' title='bbox 766 680 934 733; x_wconf 74' lang='grc' dir='ltr'>ὄντων</span> <span class='ocrx_word' id='word_1_34' title='bbox 974 674 1163 730; x_wconf 81' lang='grc' dir='ltr'>πόλεσι</span> <span class='ocrx_word' id='word_1_35' title='bbox 1188 690 1248 728; x_wconf 88' lang='grc' dir='ltr'><strong>τε</strong></span> <span class='ocrx_word' id='word_1_36' title='bbox 1296 673 1392 727; x_wconf 83' lang='grc' dir='ltr'>καὶ</span> <span class='ocrx_word' id='word_1_37' title='bbox 1429 672 1636 744; x_wconf 82' lang='grc' dir='ltr'><strong>χώραις</strong></span> <span class='ocrx_word' id='word_1_38' title='bbox 1669 674 1858 730; x_wconf 74' lang='grc' dir='ltr'>ἔλαθεν</span> <span class='ocrx_word' id='word_1_39' title='bbox 1906 675 1968 729; x_wconf 84' lang='grc' dir='ltr'>τὸ</span> 
     </span>
    </p>
   </div>
   <div class='ocr_carea' id='block_1_8' title="bbox 388 773 757 844">
    <p class='ocr_par' dir='ltr' id='par_1_8' title="bbox 388 773 757 844">
     <span class='ocr_line' id='line_1_8' title="bbox 388 773 757 844; baseline 0 -18"><span class='ocrx_word' id='word_1_40' title='bbox 388 790 451 826; x_wconf 91' lang='grc' dir='ltr'><strong>συ</strong></span> <span class='ocrx_word' id='word_1_41' title='bbox 460 773 757 844; x_wconf 79' lang='grc' dir='ltr'>μὸεόηκός.</span> 
     </span>
    </p>
   </div>
   <div class='ocr_carea' id='block_1_9' title="bbox 456 857 1968 929">
    <p class='ocr_par' dir='ltr' id='par_1_9' title="bbox 456 857 1968 929">
     <span class='ocr_line' id='line_1_9' title="bbox 456 857 1968 929; baseline -0.006 -8"><span class='ocrx_word' id='word_1_42' title='bbox 456 865 568 920; x_wconf 72' lang='grc' dir='ltr'><strong>Καὶ</strong></span> <span class='ocrx_word' id='word_1_43' title='bbox 604 868 776 920; x_wconf 76' lang='grc' dir='ltr'>ἐσται</span> <span class='ocrx_word' id='word_1_44' title='bbox 801 864 870 917; x_wconf 80' lang='grc' dir='ltr'>ἐν</span> <span class='ocrx_word' id='word_1_45' title='bbox 896 861 978 929; x_wconf 78' lang='grc' dir='ltr'>τῷ</span> <span class='ocrx_word' id='word_1_46' title='bbox 1008 858 1379 928; x_wconf 63' lang='grc' dir='ltr'>ἐτι-τραπῆναι</span> <span class='ocrx_word' id='word_1_47' title='bbox 1414 872 1507 921; x_wconf 81' lang='grc' dir='ltr'><strong>σε,</strong></span> <span class='ocrx_word' id='word_1_48' title='bbox 1548 858 1639 911; x_wconf 80' lang='grc' dir='ltr'>ὅτι</span> <span class='ocrx_word' id='word_1_49' title='bbox 1678 857 1968 912; x_wconf 79' lang='grc' dir='ltr'><strong>ἐκοπίασε</strong></span> 
     </span>
    </p>
   </div>
   <div class='ocr_carea' id='block_1_10' title="bbox 386 948 1969 1021">
    <p class='ocr_par' dir='ltr' id='par_1_10' title="bbox 386 948 1969 1021">
     <span class='ocr_line' id='line_1_10' title="bbox 386 948 1969 1021; baseline -0.006 -11"><span class='ocrx_word' id='word_1_50' title='bbox 386 955 567 1011; x_wconf 79' lang='grc' dir='ltr'><strong>Μωὰό</strong></span> <span class='ocrx_word' id='word_1_51' title='bbox 607 954 706 1007; x_wconf 80' lang='grc' dir='ltr'>ἐπὶ</span> <span class='ocrx_word' id='word_1_52' title='bbox 756 953 881 1019; x_wconf 85' lang='grc' dir='ltr'>τοῖς</span> <span class='ocrx_word' id='word_1_53' title='bbox 902 949 1149 1021; x_wconf 79' lang='grc' dir='ltr'><strong>βωμοῖς,</strong></span> <span class='ocrx_word' id='word_1_54' title='bbox 1189 948 1288 1003; x_wconf 77' lang='grc' dir='ltr'>καὶ</span> <span class='ocrx_word' id='word_1_55' title='bbox 1336 949 1747 1002; x_wconf 72' lang='grc' dir='ltr'><strong>εἰσελεύσεται</strong></span> <span class='ocrx_word' id='word_1_56' title='bbox 1778 950 1865 1013; x_wconf 83' lang='grc' dir='ltr'><strong>είς</strong></span> <span class='ocrx_word' id='word_1_57' title='bbox 1894 948 1969 1002; x_wconf 82' lang='grc' dir='ltr'>τὰ</span> 
     </span>
    </p>
   </div>
   <div class='ocr_carea' id='block_1_11' title="bbox 389 1038 1966 1117">
    <p class='ocr_par' dir='ltr' id='par_1_11' title="bbox 389 1038 1966 1117">
     <span class='ocr_line' id='line_1_11' title="bbox 389 1038 1966 1117; baseline -0.005 -16"><span class='ocrx_word' id='word_1_58' title='bbox 389 1046 768 1117; x_wconf 78' lang='grc' dir='ltr'><strong>χειροποίητα</strong></span> <span class='ocrx_word' id='word_1_59' title='bbox 815 1041 1020 1108; x_wconf 85' lang='grc' dir='ltr'>αὐτῆς,</span> <span class='ocrx_word' id='word_1_60' title='bbox 1054 1039 1211 1093; x_wconf 83' lang='grc' dir='ltr'>ὥστε</span> <span class='ocrx_word' id='word_1_61' title='bbox 1261 1038 1732 1108; x_wconf 82' lang='grc' dir='ltr'><strong>προσεύξασθαι,</strong></span> <span class='ocrx_word' id='word_1_62' title='bbox 1757 1038 1857 1093; x_wconf 76' lang='grc' dir='ltr'><strong>καί</strong></span> <span class='ocrx_word' id='word_1_63' title='bbox 1893 1040 1966 1094; x_wconf 84' lang='grc' dir='ltr'><strong>οὺ</strong></span> 
     </span>
    </p>
   </div>
   <div class='ocr_carea' id='block_1_12' title="bbox 382 1132 1334 1207">
    <p class='ocr_par' dir='ltr' id='par_1_12' title="bbox 382 1132 1334 1207">
     <span class='ocr_line' id='line_1_12' title="bbox 382 1132 1334 1207; baseline -0.008 -15"><span class='ocrx_word' id='word_1_64' title='bbox 382 1138 468 1207; x_wconf 79' lang='grc' dir='ltr'>μὴ</span> <span class='ocrx_word' id='word_1_65' title='bbox 493 1138 750 1204; x_wconf 77' lang='grc' dir='ltr'>δύνηται</span> <span class='ocrx_word' id='word_1_66' title='bbox 778 1134 1095 1199; x_wconf 71' lang='grc' dir='ltr'><strong>ἐξελέσθαι</strong></span> <span class='ocrx_word' id='word_1_67' title='bbox 1128 1132 1334 1186; x_wconf 80' lang='grc' dir='ltr'>αὐτόν.</span> 
     </span>
    </p>
   </div>
   <div class='ocr_carea' id='block_1_13' title="bbox 458 1222 1966 1299">
    <p class='ocr_par' dir='ltr' id='par_1_13' title="bbox 458 1222 1966 1299">
     <span class='ocr_line' id='line_1_13' title="bbox 458 1222 1966 1299; baseline -0.007 -14"><span class='ocrx_word' id='word_1_68' title='bbox 458 1230 570 1285; x_wconf 73' lang='grc' dir='ltr'><strong>Καὶ</strong></span> <span class='ocrx_word' id='word_1_69' title='bbox 599 1231 653 1283; x_wconf 80' lang='grc' dir='ltr'>τὶ</span> <span class='ocrx_word' id='word_1_70' title='bbox 681 1228 816 1299; x_wconf 85' lang='grc' dir='ltr'>πρὸς</span> <span class='ocrx_word' id='word_1_71' title='bbox 837 1227 1031 1297; x_wconf 80' lang='grc' dir='ltr'>τούτῳ,</span> <span class='ocrx_word' id='word_1_72' title='bbox 1063 1224 1217 1296; x_wconf 80' lang='grc' dir='ltr'>φησὶ,</span> <span class='ocrx_word' id='word_1_73' title='bbox 1249 1223 1584 1295; x_wconf 79' lang='grc' dir='ltr'>συμϐήσεται</span> <span class='ocrx_word' id='word_1_74' title='bbox 1616 1222 1798 1288; x_wconf 76' lang='grc' dir='ltr'>πάλιν,</span> <span class='ocrx_word' id='word_1_75' title='bbox 1831 1222 1966 1293; x_wconf 83' lang='grc' dir='ltr'>ὅπερ</span> 
     </span>
    </p>
   </div>
   <div class='ocr_carea' id='block_1_14' title="bbox 390 1314 1966 1391">
    <p class='ocr_par' dir='ltr' id='par_1_14' title="bbox 390 1314 1966 1391">
     <span class='ocr_line' id='line_1_14' title="bbox 390 1314 1966 1391; baseline -0.006 -15"><span class='ocrx_word' id='word_1_76' title='bbox 390 1340 471 1377; x_wconf 89' lang='grc' dir='ltr'><strong>σοι</strong></span> <span class='ocrx_word' id='word_1_77' title='bbox 495 1323 782 1391; x_wconf 84' lang='grc' dir='ltr'>γενήσεται</span> <span class='ocrx_word' id='word_1_78' title='bbox 813 1318 948 1389; x_wconf 82' lang='grc' dir='ltr'>πρὸς</span> <span class='ocrx_word' id='word_1_79' title='bbox 970 1317 1234 1388; x_wconf 83' lang='grc' dir='ltr'><strong>αἰσχύνης</strong></span> <span class='ocrx_word' id='word_1_80' title='bbox 1260 1318 1354 1370; x_wconf 88' lang='lat' dir='ltr'><strong>xui</strong></span> <span class='ocrx_word' id='word_1_81' title='bbox 1375 1317 1638 1387; x_wconf 77' lang='grc' dir='ltr'><strong>ἐντροπῆς</strong></span> <span class='ocrx_word' id='word_1_82' title='bbox 1658 1332 1671 1345; x_wconf 82' lang='grc'><em>’</em></span> <span class='ocrx_word' id='word_1_83' title='bbox 1705 1314 1966 1385; x_wconf 85' lang='grc' dir='ltr'>ματαίους</span> 
     </span>
    </p>
   </div>
   <div class='ocr_carea' id='block_1_15' title="bbox 388 1407 1965 1486">
    <p class='ocr_par' dir='ltr' id='par_1_15' title="bbox 388 1407 1965 1486">
     <span class='ocr_line' id='line_1_15' title="bbox 388 1407 1965 1486; baseline -0.005 -19"><span class='ocrx_word' id='word_1_84' title='bbox 388 1414 495 1486; x_wconf 84' lang='grc' dir='ltr'>γὰρ</span> <span class='ocrx_word' id='word_1_85' title='bbox 512 1413 832 1482; x_wconf 88' lang='grc' dir='ltr'>άνατλήσεις</span> <span class='ocrx_word' id='word_1_86' title='bbox 850 1410 1065 1473; x_wconf 86' lang='grc' dir='ltr'><strong>πόνους,</strong></span> <span class='ocrx_word' id='word_1_87' title='bbox 1085 1408 1437 1479; x_wconf 83' lang='grc' dir='ltr'>ἁναπιμπλὰς</span> <span class='ocrx_word' id='word_1_88' title='bbox 1458 1408 1555 1479; x_wconf 86' lang='grc' dir='ltr'>μὲν</span> <span class='ocrx_word' id='word_1_89' title='bbox 1570 1407 1820 1478; x_wconf 80' lang='grc' dir='ltr'><strong>αἱμάτων</strong></span> <span class='ocrx_word' id='word_1_90' title='bbox 1838 1408 1965 1471; x_wconf 79' lang='grc' dir='ltr'>τοὺς</span> 
     </span>
    </p>
   </div>
   <div class='ocr_carea' id='block_1_16' title="bbox 389 1501 1966 1579">
    <p class='ocr_par' dir='ltr' id='par_1_16' title="bbox 389 1501 1966 1579">
     <span class='ocr_line' id='line_1_16' title="bbox 389 1501 1966 1579; baseline -0.005 -18"><span class='ocrx_word' id='word_1_91' title='bbox 389 1508 538 1579; x_wconf 82' lang='grc' dir='ltr'>παρὰ</span> <span class='ocrx_word' id='word_1_92' title='bbox 563 1508 646 1560; x_wconf 80' lang='lat' dir='ltr'><strong>eoi</strong></span> <span class='ocrx_word' id='word_1_93' title='bbox 672 1505 911 1576; x_wconf 81' lang='grc' dir='ltr'>βωμοὺς,</span> <span class='ocrx_word' id='word_1_94' title='bbox 935 1503 1030 1556; x_wconf 89' lang='lat' dir='ltr'><strong>xui</strong></span> <span class='ocrx_word' id='word_1_95' title='bbox 1064 1501 1472 1571; x_wconf 88' lang='grc' dir='ltr'>άκαταλήκτους</span> <span class='ocrx_word' id='word_1_96' title='bbox 1510 1501 1829 1572; x_wconf 87' lang='grc' dir='ltr'>ποιούμενος</span> <span class='ocrx_word' id='word_1_97' title='bbox 1867 1503 1966 1564; x_wconf 86' lang='grc' dir='ltr'>τὰς</span> 
     </span>
    </p>
   </div>
   <div class='ocr_carea' id='block_1_17' title="bbox 389 1590 1964 1665">
    <p class='ocr_par' dir='ltr' id='par_1_17' title="bbox 389 1590 1964 1665">
     <span class='ocr_line' id='line_1_17' title="bbox 389 1590 1964 1665; baseline -0.006 -12"><span class='ocrx_word' id='word_1_98' title='bbox 389 1601 598 1664; x_wconf 84' lang='grc' dir='ltr'><strong>θυσίας,</strong></span> <span class='ocrx_word' id='word_1_99' title='bbox 622 1598 715 1652; x_wconf 90' lang='lat' dir='ltr'><strong>xui</strong></span> <span class='ocrx_word' id='word_1_100' title='bbox 729 1597 882 1659; x_wconf 85' lang='grc' dir='ltr'>λιθὰς</span> <span class='ocrx_word' id='word_1_101' title='bbox 905 1595 1198 1665; x_wconf 83' lang='grc' dir='ltr'><strong>προσάγων</strong></span> <span class='ocrx_word' id='word_1_102' title='bbox 1218 1597 1328 1656; x_wconf 87' lang='grc' dir='ltr'>τοῖς</span> <span class='ocrx_word' id='word_1_103' title='bbox 1349 1594 1763 1663; x_wconf 83' lang='grc' dir='ltr'><strong>χειροποιήτοις.</strong></span> <span class='ocrx_word' id='word_1_104' title='bbox 1788 1590 1964 1662; x_wconf 85' lang='grc' dir='ltr'>Τεύξῃ</span> 
     </span>
    </p>
   </div>
   <div class='ocr_carea' id='block_1_18' title="bbox 386 1683 1964 1756">
    <p class='ocr_par' dir='ltr' id='par_1_18' title="bbox 386 1683 1964 1756">
     <span class='ocr_line' id='line_1_18' title="bbox 386 1683 1964 1756; baseline -0.005 -13"><span class='ocrx_word' id='word_1_105' title='bbox 386 1708 445 1743; x_wconf 89' lang='grc' dir='ltr'><strong>τε</strong></span> <span class='ocrx_word' id='word_1_106' title='bbox 484 1689 696 1751; x_wconf 81' lang='grc' dir='ltr'>οὐδενὸς</span> <span class='ocrx_word' id='word_1_107' title='bbox 734 1688 842 1741; x_wconf 87' lang='grc' dir='ltr'><strong>τῶν</strong></span> <span class='ocrx_word' id='word_1_108' title='bbox 874 1687 953 1749; x_wconf 88' lang='grc' dir='ltr'><strong>είς</strong></span> <span class='ocrx_word' id='word_1_109' title='bbox 994 1686 1177 1756; x_wconf 77' lang='grc' dir='ltr'>ὄνησίν</span> <span class='ocrx_word' id='word_1_110' title='bbox 1205 1703 1265 1738; x_wconf 88' lang='grc' dir='ltr'><strong>τε</strong></span> <span class='ocrx_word' id='word_1_111' title='bbox 1300 1686 1393 1737; x_wconf 80' lang='lat' dir='ltr'><strong>xui</strong></span> <span class='ocrx_word' id='word_1_112' title='bbox 1416 1684 1709 1753; x_wconf 80' lang='grc' dir='ltr'>σωτηρίαν.</span> <span class='ocrx_word' id='word_1_113' title='bbox 1757 1684 1830 1736; x_wconf 85' lang='grc' dir='ltr'>Ού</span> <span class='ocrx_word' id='word_1_114' title='bbox 1855 1683 1964 1753; x_wconf 91' lang='grc' dir='ltr'><strong>γάρ</strong></span> 
     </span>
    </p>
   </div>
   <div class='ocr_carea' id='block_1_19' title="bbox 390 1764 1960 1850">
    <p class='ocr_par' dir='ltr' id='par_1_19' title="bbox 390 1764 1960 1850">
     <span class='ocr_line' id='line_1_19' title="bbox 390 1764 1960 1850; baseline -0.004 -16"><span class='ocrx_word' id='word_1_115' title='bbox 390 1799 448 1834; x_wconf 89' lang='grc' dir='ltr'><strong>σε</strong></span> <span class='ocrx_word' id='word_1_116' title='bbox 483 1781 799 1850; x_wconf 85' lang='grc' dir='ltr'>δυνήσονται</span> <span class='ocrx_word' id='word_1_117' title='bbox 833 1778 940 1831; x_wconf 91' lang='grc' dir='ltr'><strong>τῶν</strong></span> <span class='ocrx_word' id='word_1_118' title='bbox 978 1778 1373 1848; x_wconf 78' lang='grc' dir='ltr'>ἐπηρτημένων</span> <span class='ocrx_word' id='word_1_119' title='bbox 1417 1764 1722 1839; x_wconf 78' lang='grc' dir='ltr'>ἀπαλλάξαι</span> <span class='ocrx_word' id='word_1_120' title='bbox 1754 1774 1960 1828; x_wconf 85' lang='grc' dir='ltr'><strong>κακῶν.</strong></span> 
     </span>
    </p>
   </div>
   <div class='ocr_carea' id='block_1_20' title="bbox 2069 580 3644 655">
    <p class='ocr_par' dir='ltr' id='par_1_20' title="bbox 2069 580 3644 655">
     <span class='ocr_line' id='line_1_20' title="bbox 2069 580 3644 655; baseline 0.001 -19"><span class='ocrx_word' id='word_1_121' title='bbox 2069 583 2153 638; x_wconf 89' lang='lat' dir='ltr'><strong>vel</strong></span> <span class='ocrx_word' id='word_1_122' title='bbox 2200 583 2360 637; x_wconf 89' lang='lat' dir='ltr'><strong>etiam</strong></span> <span class='ocrx_word' id='word_1_123' title='bbox 2414 582 2467 636; x_wconf 91' lang='lat' dir='ltr'><strong>in</strong></span> <span class='ocrx_word' id='word_1_124' title='bbox 2514 580 2637 635; x_wconf 88' lang='lat' dir='ltr'><strong>aliis</strong></span> <span class='ocrx_word' id='word_1_125' title='bbox 2689 580 2914 637; x_wconf 86' lang='lat' dir='ltr'><strong>urbibus</strong></span> <span class='ocrx_word' id='word_1_126' title='bbox 2990 596 3056 638; x_wconf 88' lang='lat' dir='ltr'><strong>ac</strong></span> <span class='ocrx_word' id='word_1_127' title='bbox 3102 580 3421 655; x_wconf 82' lang='lat' dir='ltr'><strong>provinciis,</strong></span> <span class='ocrx_word' id='word_1_128' title='bbox 3484 598 3644 653; x_wconf 92' lang='lat' dir='ltr'><strong>qucm</strong></span> 
     </span>
    </p>
   </div>
   <div class='ocr_carea' id='block_1_21' title="bbox 2071 673 2782 746">
    <p class='ocr_par' dir='ltr' id='par_1_21' title="bbox 2071 673 2782 746">
     <span class='ocr_line' id='line_1_21' title="bbox 2071 673 2782 746; baseline -0.006 -15"><span class='ocrx_word' id='word_1_129' title='bbox 2071 674 2276 731; x_wconf 90' lang='lat' dir='ltr'><strong>latebat</strong></span> <span class='ocrx_word' id='word_1_130' title='bbox 2303 674 2446 746; x_wconf 91' lang='lat' dir='ltr'><strong>quod</strong></span> <span class='ocrx_word' id='word_1_131' title='bbox 2484 673 2782 729; x_wconf 88' lang='lat' dir='ltr'><strong>acciderat.</strong></span> 
     </span>
    </p>
   </div>
   <div class='ocr_carea' id='block_1_22' title="bbox 2137 851 3649 927">
    <p class='ocr_par' dir='ltr' id='par_1_22' title="bbox 2137 851 3649 927">
     <span class='ocr_line' id='line_1_22' title="bbox 2137 851 3649 927; baseline 0.003 -20"><span class='ocrx_word' id='word_1_132' title='bbox 2137 853 2303 910; x_wconf 74' lang='lat' dir='ltr'><strong>Vens.</strong></span> <span class='ocrx_word' id='word_1_133' title='bbox 2329 852 2418 906; x_wconf 72' lang='grc'><strong>12.</strong></span> <span class='ocrx_word' id='word_1_134' title='bbox 2475 851 2544 906; x_wconf 85' lang='lat' dir='ltr'><strong>Et</strong></span> <span class='ocrx_word' id='word_1_135' title='bbox 2577 855 2673 907; x_wconf 84' lang='lat' dir='ltr'><strong>erit</strong></span> <span class='ocrx_word' id='word_1_136' title='bbox 2725 854 2819 907; x_wconf 84' lang='lat' dir='ltr'><strong>tibi</strong></span> <span class='ocrx_word' id='word_1_137' title='bbox 2862 853 3108 909; x_wconf 81' lang='lat' dir='ltr'><strong>dedecori</strong></span> <span class='ocrx_word' id='word_1_138' title='bbox 3146 872 3209 909; x_wconf 86' lang='lat' dir='ltr'><strong>ac</strong></span> <span class='ocrx_word' id='word_1_139' title='bbox 3250 855 3463 926; x_wconf 80' lang='lat' dir='ltr'><strong>pudori,</strong></span> <span class='ocrx_word' id='word_1_140' title='bbox 3509 856 3649 927; x_wconf 85' lang='lat' dir='ltr'><strong>quod</strong></span> 
     </span>
    </p>
   </div>
   <div class='ocr_carea' id='block_1_23' title="bbox 2068 944 3650 1017">
    <p class='ocr_par' dir='ltr' id='par_1_23' title="bbox 2068 944 3650 1017">
     <span class='ocr_line' id='line_1_23' title="bbox 2068 944 3650 1017; baseline 0 -17"><span class='ocrx_word' id='word_1_141' title='bbox 2068 947 2380 1000; x_wconf 77' lang='lat' dir='ltr'><strong>Iaborauerit</strong></span> <span class='ocrx_word' id='word_1_142' title='bbox 2415 944 2569 999; x_wconf 85' lang='lat' dir='ltr'><strong><em>Moab</em></strong></span> <span class='ocrx_word' id='word_1_143' title='bbox 2615 960 2770 1011; x_wconf 80' lang='lat' dir='ltr'><strong><em>super</em></strong></span> <span class='ocrx_word' id='word_1_144' title='bbox 2817 946 2944 1011; x_wconf 75' lang='lat' dir='ltr'><strong>oris,</strong></span> <span class='ocrx_word' id='word_1_145' title='bbox 2980 957 3029 1000; x_wconf 87' lang='lat' dir='ltr'><strong>et</strong></span> <span class='ocrx_word' id='word_1_146' title='bbox 3083 948 3404 1017; x_wconf 80' lang='lat' dir='ltr'><strong>ingredietur</strong></span> <span class='ocrx_word' id='word_1_147' title='bbox 3442 949 3499 1002; x_wconf 87' lang='lat' dir='ltr'><strong>in</strong></span> <span class='ocrx_word' id='word_1_148' title='bbox 3536 965 3650 1001; x_wconf 86' lang='lat' dir='ltr'><strong>ma-</strong></span> 
     </span>
    </p>
   </div>
   <div class='ocr_carea' id='block_1_24' title="bbox 2078 1037 3650 1113">
    <p class='ocr_par' dir='ltr' id='par_1_24' title="bbox 2078 1037 3650 1113">
     <span class='ocr_line' id='line_1_24' title="bbox 2078 1037 3650 1113; baseline 0.003 -22"><span class='ocrx_word' id='word_1_149' title='bbox 2078 1038 2295 1107; x_wconf 82' lang='lat' dir='ltr'><strong>nufacta</strong></span> <span class='ocrx_word' id='word_1_150' title='bbox 2322 1054 2420 1091; x_wconf 81' lang='lat' dir='ltr'><strong>sua</strong></span> <span class='ocrx_word' id='word_1_151' title='bbox 2450 1038 2518 1091; x_wconf 85' lang='lat' dir='ltr'><strong>ad</strong></span> <span class='ocrx_word' id='word_1_152' title='bbox 2535 1037 2953 1108; x_wconf 79' lang='lat' dir='ltr'><strong>supplicandum,</strong></span> <span class='ocrx_word' id='word_1_153' title='bbox 2989 1050 3034 1093; x_wconf 86' lang='lat' dir='ltr'><strong>et</strong></span> <span class='ocrx_word' id='word_1_154' title='bbox 3058 1056 3161 1094; x_wconf 88' lang='lat' dir='ltr'><strong>non</strong></span> <span class='ocrx_word' id='word_1_155' title='bbox 3187 1050 3431 1109; x_wconf 85' lang='lat' dir='ltr'><strong>poterunt</strong></span> <span class='ocrx_word' id='word_1_156' title='bbox 3447 1040 3650 1113; x_wconf 85' lang='lat' dir='ltr'><strong>eripere</strong></span> 
     </span>
    </p>
   </div>
   <div class='ocr_carea' id='block_1_25' title="bbox 2066 1146 2203 1185">
    <p class='ocr_par' dir='ltr' id='par_1_25' title="bbox 2066 1146 2203 1185">
     <span class='ocr_line' id='line_1_25' title="bbox 2066 1146 2203 1185; baseline -0.015 0"><span class='ocrx_word' id='word_1_157' title='bbox 2066 1146 2203 1185; x_wconf 84' lang='lat' dir='ltr'><strong>eam.</strong></span> 
     </span>
    </p>
   </div>
   <div class='ocr_carea' id='block_1_26' title="bbox 2138 1222 3644 1296">
    <p class='ocr_par' dir='ltr' id='par_1_26' title="bbox 2138 1222 3644 1296">
     <span class='ocr_line' id='line_1_26' title="bbox 2138 1222 3644 1296; baseline 0.003 -18"><span class='ocrx_word' id='word_1_158' title='bbox 2138 1223 2348 1278; x_wconf 83' lang='lat' dir='ltr'><strong>Rursus</strong></span> <span class='ocrx_word' id='word_1_159' title='bbox 2397 1222 2673 1292; x_wconf 85' lang='lat' dir='ltr'><strong>continget</strong></span> <span class='ocrx_word' id='word_1_160' title='bbox 2738 1233 2792 1278; x_wconf 88' lang='lat' dir='ltr'><strong>et</strong></span> <span class='ocrx_word' id='word_1_161' title='bbox 2847 1224 2988 1279; x_wconf 85' lang='lat' dir='ltr'><strong>aliud</strong></span> <span class='ocrx_word' id='word_1_162' title='bbox 3047 1226 3298 1294; x_wconf 85' lang='lat' dir='ltr'><strong>quiddam</strong></span> <span class='ocrx_word' id='word_1_163' title='bbox 3362 1234 3644 1296; x_wconf 72' lang='lat' dir='ltr'><strong>praeterea,</strong></span> 
     </span>
    </p>
   </div>
   <div class='ocr_carea' id='block_1_27' title="bbox 2067 1315 3647 1387">
    <p class='ocr_par' dir='ltr' id='par_1_27' title="bbox 2067 1315 3647 1387">
     <span class='ocr_line' id='line_1_27' title="bbox 2067 1315 3647 1387; baseline 0.004 -19"><span class='ocrx_word' id='word_1_164' title='bbox 2067 1316 2209 1386; x_wconf 90' lang='lat' dir='ltr'><strong>quod</strong></span> <span class='ocrx_word' id='word_1_165' title='bbox 2266 1315 2361 1369; x_wconf 91' lang='lat' dir='ltr'><strong>tibi</strong></span> <span class='ocrx_word' id='word_1_166' title='bbox 2407 1316 2597 1384; x_wconf 87' lang='lat' dir='ltr'><strong>pudori</strong></span> <span class='ocrx_word' id='word_1_167' title='bbox 2648 1316 2747 1369; x_wconf 89' lang='lat' dir='ltr'><strong>erit</strong></span> <span class='ocrx_word' id='word_1_168' title='bbox 2778 1325 2832 1371; x_wconf 89' lang='lat' dir='ltr'><strong>et</strong></span> <span class='ocrx_word' id='word_1_169' title='bbox 2903 1317 3233 1387; x_wconf 67' lang='lat' dir='ltr'><strong>ignominiae.</strong></span> <span class='ocrx_word' id='word_1_170' title='bbox 3288 1318 3647 1375; x_wconf 75' lang='lat' dir='ltr'><strong>Frustraneos</strong></span> 
     </span>
    </p>
   </div>
   <div class='ocr_carea' id='block_1_28' title="bbox 2066 1408 3646 1479">
    <p class='ocr_par' dir='ltr' id='par_1_28' title="bbox 2066 1408 3646 1479">
     <span class='ocr_line' id='line_1_28' title="bbox 2066 1408 3646 1479; baseline 0.001 -17"><span class='ocrx_word' id='word_1_171' title='bbox 2066 1409 2209 1462; x_wconf 91' lang='lat' dir='ltr'><strong>enim</strong></span> <span class='ocrx_word' id='word_1_172' title='bbox 2246 1408 2460 1463; x_wconf 84' lang='lat' dir='ltr'><strong>labores</strong></span> <span class='ocrx_word' id='word_1_173' title='bbox 2512 1408 2840 1472; x_wconf 81' lang='lat' dir='ltr'><strong>exantlabis,</strong></span> <span class='ocrx_word' id='word_1_174' title='bbox 2908 1409 3264 1479; x_wconf 81' lang='lat' dir='ltr'><strong>sanguinibus</strong></span> <span class='ocrx_word' id='word_1_175' title='bbox 3320 1409 3509 1465; x_wconf 85' lang='lat' dir='ltr'><strong>altaria</strong></span> <span class='ocrx_word' id='word_1_176' title='bbox 3555 1419 3646 1464; x_wconf 90' lang='lat' dir='ltr'><strong>tua</strong></span> 
     </span>
    </p>
   </div>
   <div class='ocr_carea' id='block_1_29' title="bbox 2069 1498 3649 1571">
    <p class='ocr_par' dir='ltr' id='par_1_29' title="bbox 2069 1498 3649 1571">
     <span class='ocr_line' id='line_1_29' title="bbox 2069 1498 3649 1571; baseline 0.002 -18"><span class='ocrx_word' id='word_1_177' title='bbox 2069 1499 2340 1569; x_wconf 90' lang='lat' dir='ltr'><strong>replendo.</strong></span> <span class='ocrx_word' id='word_1_178' title='bbox 2393 1510 2448 1554; x_wconf 93' lang='lat' dir='ltr'><strong>et</strong></span> <span class='ocrx_word' id='word_1_179' title='bbox 2496 1498 2655 1571; x_wconf 85' lang='lat' dir='ltr'><strong>juges</strong></span> <span class='ocrx_word' id='word_1_180' title='bbox 2734 1502 3161 1556; x_wconf 85' lang='lat' dir='ltr'><strong>sacrilicationes</strong></span> <span class='ocrx_word' id='word_1_181' title='bbox 3248 1500 3519 1566; x_wconf 82' lang='lat' dir='ltr'><strong>faciendo,</strong></span> <span class='ocrx_word' id='word_1_182' title='bbox 3592 1511 3649 1556; x_wconf 89' lang='lat' dir='ltr'><strong>et</strong></span> 
     </span>
    </p>
   </div>
   <div class='ocr_carea' id='block_1_30' title="bbox 2068 1592 3651 1662">
    <p class='ocr_par' dir='ltr' id='par_1_30' title="bbox 2068 1592 3651 1662">
     <span class='ocr_line' id='line_1_30' title="bbox 2068 1592 3651 1662; baseline 0 -15"><span class='ocrx_word' id='word_1_183' title='bbox 2068 1593 2388 1651; x_wconf 77' lang='lat' dir='ltr'><strong>manufactis</strong></span> <span class='ocrx_word' id='word_1_184' title='bbox 2412 1594 2824 1661; x_wconf 79' lang='lat' dir='ltr'><strong>supplicationes</strong></span> <span class='ocrx_word' id='word_1_185' title='bbox 2849 1592 3122 1649; x_wconf 73' lang='lat' dir='ltr'><strong>offerendo</strong></span> <span class='ocrx_word' id='word_1_186' title='bbox 3144 1612 3158 1649; x_wconf 90' lang='lat'><strong>:</strong></span> <span class='ocrx_word' id='word_1_187' title='bbox 3184 1593 3529 1662; x_wconf 86' lang='lat' dir='ltr'><strong>consequeris</strong></span> <span class='ocrx_word' id='word_1_188' title='bbox 3555 1608 3651 1647; x_wconf 88' lang='lat' dir='ltr'><strong>au-</strong></span> 
     </span>
    </p>
   </div>
   <div class='ocr_carea' id='block_1_31' title="bbox 2067 1685 3645 1754">
    <p class='ocr_par' dir='ltr' id='par_1_31' title="bbox 2067 1685 3645 1754">
     <span class='ocr_line' id='line_1_31' title="bbox 2067 1685 3645 1754; baseline 0.002 -16"><span class='ocrx_word' id='word_1_189' title='bbox 2067 1693 2174 1738; x_wconf 90' lang='lat' dir='ltr'><strong>tem</strong></span> <span class='ocrx_word' id='word_1_190' title='bbox 2208 1686 2340 1738; x_wconf 90' lang='lat' dir='ltr'><strong>nihil</strong></span> <span class='ocrx_word' id='word_1_191' title='bbox 2373 1687 2511 1754; x_wconf 87' lang='lat' dir='ltr'><strong>quod</strong></span> <span class='ocrx_word' id='word_1_192' title='bbox 2537 1687 2601 1738; x_wconf 89' lang='lat' dir='ltr'><strong>ad</strong></span> <span class='ocrx_word' id='word_1_193' title='bbox 2632 1686 2971 1739; x_wconf 85' lang='lat' dir='ltr'><strong>commodum</strong></span> <span class='ocrx_word' id='word_1_194' title='bbox 3009 1685 3304 1739; x_wconf 87' lang='lat' dir='ltr'><strong>salutemve</strong></span> <span class='ocrx_word' id='word_1_195' title='bbox 3339 1685 3645 1754; x_wconf 83' lang='lat' dir='ltr'><strong>pertineat:</strong></span> 
     </span>
    </p>
   </div>
   <div class='ocr_carea' id='block_1_32' title="bbox 2067 1773 3641 1843">
    <p class='ocr_par' dir='ltr' id='par_1_32' title="bbox 2067 1773 3641 1843">
     <span class='ocr_line' id='line_1_32' title="bbox 2067 1773 3641 1843; baseline 0.001 -15"><span class='ocrx_word' id='word_1_196' title='bbox 2067 1790 2171 1829; x_wconf 91' lang='lat' dir='ltr'><strong>non</strong></span> <span class='ocrx_word' id='word_1_197' title='bbox 2191 1776 2332 1829; x_wconf 89' lang='lat' dir='ltr'><strong>enim</strong></span> <span class='ocrx_word' id='word_1_198' title='bbox 2351 1776 2418 1829; x_wconf 88' lang='lat' dir='ltr'><strong>ab</strong></span> <span class='ocrx_word' id='word_1_199' title='bbox 2437 1785 2486 1829; x_wconf 91' lang='lat' dir='ltr'><strong>te</strong></span> <span class='ocrx_word' id='word_1_200' title='bbox 2500 1775 2931 1843; x_wconf 83' lang='lat' dir='ltr'><strong>impendentibus</strong></span> <span class='ocrx_word' id='word_1_201' title='bbox 2953 1774 3105 1828; x_wconf 90' lang='lat' dir='ltr'><strong>malis</strong></span> <span class='ocrx_word' id='word_1_202' title='bbox 3121 1784 3373 1843; x_wconf 86' lang='lat' dir='ltr'><strong>poterunt</strong></span> <span class='ocrx_word' id='word_1_203' title='bbox 3392 1773 3641 1829; x_wconf 87' lang='lat' dir='ltr'><strong>liberare.</strong></span> 
     </span>
    </p>
   </div>
   <div class='ocr_carea' id='block_1_33' title="bbox 389 1864 1969 1942">
    <p class='ocr_par' dir='ltr' id='par_1_33' title="bbox 389 1866 1964 1942">
     <span class='ocr_line' id='line_1_33' title="bbox 389 1866 1964 1942; baseline -0.005 -17"><span class='ocrx_word' id='word_1_204' title='bbox 389 1872 524 1925; x_wconf 86' lang='grc' dir='ltr'>Ποία</span> <span class='ocrx_word' id='word_1_205' title='bbox 538 1871 647 1942; x_wconf 80' lang='grc' dir='ltr'>γὰρ</span> <span class='ocrx_word' id='word_1_206' title='bbox 667 1872 817 1941; x_wconf 86' lang='grc' dir='ltr'>ἰσχὺς</span> <span class='ocrx_word' id='word_1_207' title='bbox 842 1871 900 1922; x_wconf 92' lang='grc' dir='ltr'><strong>ἐν</strong></span> <span class='ocrx_word' id='word_1_208' title='bbox 915 1868 1152 1930; x_wconf 77' lang='grc' dir='ltr'>εἰδώλοις</span> <span class='ocrx_word' id='word_1_209' title='bbox 1168 1866 1414 1937; x_wconf 80' lang='grc' dir='ltr'>ἀψύχοις,</span> <span class='ocrx_word' id='word_1_210' title='bbox 1434 1866 1470 1919; x_wconf 76' lang='grc' dir='ltr'>ἃ.</span> <span class='ocrx_word' id='word_1_211' title='bbox 1491 1867 1587 1919; x_wconf 90' lang='lat' dir='ltr'><strong>xui</strong></span> <span class='ocrx_word' id='word_1_212' title='bbox 1607 1866 1802 1937; x_wconf 84' lang='grc' dir='ltr'>τέχνης</span> <span class='ocrx_word' id='word_1_213' title='bbox 1818 1866 1964 1918; x_wconf 77' lang='grc' dir='ltr'>ἐστὶν</span> 
     </span>
    </p>
   </div>
   <div class='ocr_carea' id='block_1_34' title="bbox 2071 1864 3652 1942">
    <p class='ocr_par' dir='ltr' id='par_1_34' title="bbox 2071 1864 3652 1935">
     <span class='ocr_line' id='line_1_34' title="bbox 2071 1864 3652 1935; baseline -0.001 -13"><span class='ocrx_word' id='word_1_214' title='bbox 2071 1868 2225 1923; x_wconf 87' lang='lat' dir='ltr'><strong>ldolis</strong></span> <span class='ocrx_word' id='word_1_215' title='bbox 2247 1868 2388 1921; x_wconf 88' lang='lat' dir='ltr'><strong>enim</strong></span> <span class='ocrx_word' id='word_1_216' title='bbox 2432 1866 2681 1920; x_wconf 88' lang='lat' dir='ltr'><strong>inanimis</strong></span> <span class='ocrx_word' id='word_1_217' title='bbox 2712 1867 2840 1935; x_wconf 87' lang='lat' dir='ltr'><strong>quid</strong></span> <span class='ocrx_word' id='word_1_218' title='bbox 2870 1866 3098 1929; x_wconf 63' lang='lat' dir='ltr'><strong>tandem</strong></span> <span class='ocrx_word' id='word_1_219' title='bbox 3128 1867 3267 1921; x_wconf 90' lang='lat' dir='ltr'><strong>inest</strong></span> <span class='ocrx_word' id='word_1_220' title='bbox 3290 1864 3652 1921; x_wconf 81' lang='lat' dir='ltr'><strong>fortitudinis?</strong></span> 
     </span>
    </p>
   </div>
   <div class='ocr_carea' id='block_1_35' title="bbox 389 1955 1966 2033">
    <p class='ocr_par' dir='ltr' id='par_1_35' title="bbox 389 1955 1966 2033">
     <span class='ocr_line' id='line_1_35' title="bbox 389 1955 1966 2033; baseline -0.006 -16"><span class='ocrx_word' id='word_1_221' title='bbox 389 1961 736 2033; x_wconf 79' lang='grc' dir='ltr'>ἀνθρωπίνης</span> <span class='ocrx_word' id='word_1_222' title='bbox 763 1960 1073 2031; x_wconf 84' lang='grc' dir='ltr'>εὑρήματα,</span> <span class='ocrx_word' id='word_1_223' title='bbox 1104 1958 1198 2010; x_wconf 81' lang='lat' dir='ltr'><strong>xui</strong></span> <span class='ocrx_word' id='word_1_224' title='bbox 1234 1957 1595 2028; x_wconf 81' lang='grc' dir='ltr'>δημιουργοὺς</span> <span class='ocrx_word' id='word_1_225' title='bbox 1629 1956 1810 2026; x_wconf 75' lang='grc' dir='ltr'>ἔχουσι</span> <span class='ocrx_word' id='word_1_226' title='bbox 1840 1955 1966 2019; x_wconf 80' lang='grc' dir='ltr'>τοὺς</span> 
     </span>
    </p>
   </div>
   <div class='ocr_carea' id='block_1_36' title="bbox 390 2044 1967 2126">
    <p class='ocr_par' dir='ltr' id='par_1_36' title="bbox 390 2044 1967 2126">
     <span class='ocr_line' id='line_1_36' title="bbox 390 2044 1967 2126; baseline -0.008 -19"><span class='ocrx_word' id='word_1_227' title='bbox 390 2050 824 2126; x_wconf 82' lang='grc' dir='ltr'>προσκυνοῦντας</span> <span class='ocrx_word' id='word_1_228' title='bbox 852 2048 1009 2102; x_wconf 86' lang='grc' dir='ltr'>αὑτά.</span> <span class='ocrx_word' id='word_1_229' title='bbox 1041 2044 1247 2101; x_wconf 77' lang='grc' dir='ltr'>Οὐκοῦν</span> <span class='ocrx_word' id='word_1_230' title='bbox 1269 2045 1412 2099; x_wconf 89' lang='grc' dir='ltr'>καθά</span> <span class='ocrx_word' id='word_1_231' title='bbox 1441 2062 1604 2114; x_wconf 76' lang='grc' dir='ltr'>φησιν</span> <span class='ocrx_word' id='word_1_232' title='bbox 1642 2045 1671 2097; x_wconf 85' lang='grc' dir='ltr'><strong>ὁ</strong></span> <span class='ocrx_word' id='word_1_233' title='bbox 1702 2044 1967 2115; x_wconf 83' lang='grc' dir='ltr'>μακάριος</span> 
     </span>
    </p>
   </div>
   <div class='ocr_carea' id='block_1_37' title="bbox 390 2137 1968 2214">
    <p class='ocr_par' dir='ltr' id='par_1_37' title="bbox 390 2137 1968 2214">
     <span class='ocr_line' id='line_1_37' title="bbox 390 2137 1968 2214; baseline -0.006 -15"><span class='ocrx_word' id='word_1_234' title='bbox 390 2146 570 2199; x_wconf 78' lang='grc' dir='ltr'>Δαϐίδ·</span> <span class='ocrx_word' id='word_1_235' title='bbox 599 2142 818 2214; x_wconf 86' lang='grc' dir='ltr'>Ὅμοιοι</span> <span class='ocrx_word' id='word_1_236' title='bbox 838 2142 1020 2203; x_wconf 84' lang='grc' dir='ltr'>αὐτοῖς</span> <span class='ocrx_word' id='word_1_237' title='bbox 1042 2140 1307 2208; x_wconf 81' lang='grc' dir='ltr'>γένωνται</span> <span class='ocrx_word' id='word_1_238' title='bbox 1328 2140 1376 2191; x_wconf 82' lang='lat' dir='ltr'><strong>oi</strong></span> <span class='ocrx_word' id='word_1_239' title='bbox 1399 2138 1674 2200; x_wconf 80' lang='grc' dir='ltr'>ποιοῦντες</span> <span class='ocrx_word' id='word_1_240' title='bbox 1691 2138 1849 2204; x_wconf 79' lang='grc' dir='ltr'>αὐτὰ,</span> <span class='ocrx_word' id='word_1_241' title='bbox 1874 2137 1968 2190; x_wconf 87' lang='lat' dir='ltr'><strong>xui</strong></span> 
     </span>
    </p>
   </div>
   <div class='ocr_carea' id='block_1_38' title="bbox 391 2229 1969 2299">
    <p class='ocr_par' dir='ltr' id='par_1_38' title="bbox 391 2229 1969 2299">
     <span class='ocr_line' id='line_1_38' title="bbox 391 2229 1969 2299; baseline -0.007 -8"><span class='ocrx_word' id='word_1_242' title='bbox 391 2239 589 2299; x_wconf 84' lang='grc' dir='ltr'>πάντες</span> <span class='ocrx_word' id='word_1_243' title='bbox 610 2238 658 2288; x_wconf 81' lang='grc' dir='ltr'><strong>οἱ</strong></span> <span class='ocrx_word' id='word_1_244' title='bbox 687 2232 1001 2295; x_wconf 86' lang='grc' dir='ltr'>πεποιθότες</span> <span class='ocrx_word' id='word_1_245' title='bbox 1027 2231 1116 2283; x_wconf 82' lang='grc' dir='ltr'><strong>ἐπ’</strong></span> <span class='ocrx_word' id='word_1_246' title='bbox 1144 2230 1344 2294; x_wconf 82' lang='grc' dir='ltr'>αὐτοῖς.</span> <span class='ocrx_word' id='word_1_247' title='bbox 1366 2230 1559 2283; x_wconf 82' lang='grc' dir='ltr'>Ἰστέον</span> <span class='ocrx_word' id='word_1_248' title='bbox 1587 2229 1662 2295; x_wconf 83' lang='grc' dir='ltr'>δὲ,</span> <span class='ocrx_word' id='word_1_249' title='bbox 1693 2231 1773 2282; x_wconf 86' lang='grc' dir='ltr'>ὅτι</span> <span class='ocrx_word' id='word_1_250' title='bbox 1805 2230 1969 2282; x_wconf 87' lang='grc' dir='ltr'>δεισι-</span> 
     </span>
    </p>
   </div>
   <div class='ocr_carea' id='block_1_39' title="bbox 389 2320 1969 2397">
    <p class='ocr_par' dir='ltr' id='par_1_39' title="bbox 389 2320 1969 2397">
     <span class='ocr_line' id='line_1_39' title="bbox 389 2320 1969 2397; baseline -0.006 -16"><span class='ocrx_word' id='word_1_251' title='bbox 389 2327 793 2397; x_wconf 74' lang='grc' dir='ltr'>δαιμονέστεροι</span> <span class='ocrx_word' id='word_1_252' title='bbox 815 2323 937 2377; x_wconf 82' lang='grc' dir='ltr'>λίαν</span> <span class='ocrx_word' id='word_1_253' title='bbox 961 2323 1010 2375; x_wconf 88' lang='grc' dir='ltr'>οἱ</span> <span class='ocrx_word' id='word_1_254' title='bbox 1032 2322 1321 2375; x_wconf 77' lang='grc' dir='ltr'>Μωαϐῖται</span> <span class='ocrx_word' id='word_1_255' title='bbox 1341 2320 1649 2389; x_wconf 87' lang='grc' dir='ltr'>γεγόνασιν,</span> <span class='ocrx_word' id='word_1_256' title='bbox 1685 2322 1969 2373; x_wconf 86' lang='grc' dir='ltr'>οίωνοσκο-</span> 
     </span>
    </p>
   </div>
   <div class='ocr_carea' id='block_1_40' title="bbox 392 2410 1967 2484">
    <p class='ocr_par' dir='ltr' id='par_1_40' title="bbox 392 2410 1967 2484">
     <span class='ocr_line' id='line_1_40' title="bbox 392 2410 1967 2484; baseline -0.006 -13"><span class='ocrx_word' id='word_1_257' title='bbox 392 2419 482 2471; x_wconf 87' lang='grc' dir='ltr'><strong>ποί</strong></span> <span class='ocrx_word' id='word_1_258' title='bbox 522 2434 582 2470; x_wconf 87' lang='grc' dir='ltr'><strong>τε</strong></span> <span class='ocrx_word' id='word_1_259' title='bbox 609 2417 703 2471; x_wconf 96' lang='lat' dir='ltr'><strong>xui</strong></span> <span class='ocrx_word' id='word_1_260' title='bbox 738 2413 1152 2484; x_wconf 82' lang='grc' dir='ltr'>ψευδομάντεις,</span> <span class='ocrx_word' id='word_1_261' title='bbox 1178 2412 1271 2466; x_wconf 86' lang='lat' dir='ltr'><strong>xui</strong></span> <span class='ocrx_word' id='word_1_262' title='bbox 1295 2412 1659 2483; x_wconf 84' lang='grc' dir='ltr'>τερατολόγοι,</span> <span class='ocrx_word' id='word_1_263' title='bbox 1700 2411 1796 2465; x_wconf 89' lang='lat' dir='ltr'><strong>xui</strong></span> <span class='ocrx_word' id='word_1_264' title='bbox 1833 2410 1967 2463; x_wconf 79' lang='grc' dir='ltr'>πολὺ</span> 
     </span>
    </p>
   </div>
   <div class='ocr_carea' id='block_1_41' title="bbox 388 2504 1969 2579">
    <p class='ocr_par' dir='ltr' id='par_1_41' title="bbox 388 2504 1969 2579">
     <span class='ocr_line' id='line_1_41' title="bbox 388 2504 1969 2579; baseline -0.005 -17"><span class='ocrx_word' id='word_1_265' title='bbox 388 2510 508 2563; x_wconf 85' lang='grc' dir='ltr'>λίαν</span> <span class='ocrx_word' id='word_1_266' title='bbox 540 2508 1011 2579; x_wconf 84' lang='grc' dir='ltr'>ἐπιθαρσήσαντες</span> <span class='ocrx_word' id='word_1_267' title='bbox 1036 2509 1148 2575; x_wconf 73' lang='grc' dir='ltr'>τοζς</span> <span class='ocrx_word' id='word_1_268' title='bbox 1172 2506 1235 2557; x_wconf 92' lang='grc' dir='ltr'><strong>ἐκ</strong></span> <span class='ocrx_word' id='word_1_269' title='bbox 1270 2504 1522 2575; x_wconf 86' lang='grc' dir='ltr'>γοητείας</span> <span class='ocrx_word' id='word_1_270' title='bbox 1550 2507 1757 2565; x_wconf 85' lang='grc' dir='ltr'>κακοῖς.</span> <span class='ocrx_word' id='word_1_271' title='bbox 1781 2504 1969 2573; x_wconf 80' lang='grc' dir='ltr'>ᾫοντο</span> 
     </span>
    </p>
   </div>
   <div class='ocr_carea' id='block_1_42' title="bbox 388 2595 1969 2670">
    <p class='ocr_par' dir='ltr' id='par_1_42' title="bbox 388 2595 1969 2670">
     <span class='ocr_line' id='line_1_42' title="bbox 388 2595 1969 2670; baseline -0.003 -17"><span class='ocrx_word' id='word_1_272' title='bbox 388 2600 497 2670; x_wconf 88' lang='grc' dir='ltr'>γὰρ</span> <span class='ocrx_word' id='word_1_273' title='bbox 514 2601 642 2662; x_wconf 74' lang='grc' dir='ltr'>ἴσως</span> <span class='ocrx_word' id='word_1_274' title='bbox 663 2615 826 2651; x_wconf 87' lang='grc' dir='ltr'>κατευ</span> <span class='ocrx_word' id='word_1_275' title='bbox 836 2596 1155 2669; x_wconf 86' lang='grc' dir='ltr'>μεγεθήσειν</span> <span class='ocrx_word' id='word_1_276' title='bbox 1177 2596 1433 2650; x_wconf 87' lang='grc' dir='ltr'>δύνασθαι</span> <span class='ocrx_word' id='word_1_277' title='bbox 1454 2597 1550 2667; x_wconf 83' lang='grc' dir='ltr'>τῆς</span> <span class='ocrx_word' id='word_1_278' title='bbox 1574 2595 1680 2650; x_wconf 87' lang='grc' dir='ltr'><strong>τῶν</strong></span> <span class='ocrx_word' id='word_1_279' title='bbox 1697 2595 1969 2666; x_wconf 82' lang='grc' dir='ltr'>πολεμίων</span> 
     </span>
    </p>
   </div>
   <div class='ocr_carea' id='block_1_43' title="bbox 344 2684 1970 2762">
    <p class='ocr_par' dir='ltr' id='par_1_43' title="bbox 344 2684 1970 2762">
     <span class='ocr_line' id='line_1_43' title="bbox 344 2684 1970 2762; baseline -0.003 -18"><span class='ocrx_word' id='word_1_280' title='bbox 344 2724 347 2725; x_wconf 53' lang='grc' dir='ltr'><strong>ν</strong></span> <span class='ocrx_word' id='word_1_281' title='bbox 389 2690 590 2762; x_wconf 79' lang='grc' dir='ltr'>χειρὸς,</span> <span class='ocrx_word' id='word_1_282' title='bbox 621 2691 681 2743; x_wconf 80' lang='grc' dir='ltr'><strong>οὐ</strong></span> <span class='ocrx_word' id='word_1_283' title='bbox 710 2689 986 2756; x_wconf 84' lang='grc' dir='ltr'>τοσοῦτον,</span> <span class='ocrx_word' id='word_1_284' title='bbox 1021 2688 1096 2752; x_wconf 82' lang='grc' dir='ltr'>ὥς</span> <span class='ocrx_word' id='word_1_285' title='bbox 1121 2706 1185 2756; x_wconf 89' lang='grc' dir='ltr'><strong>γε</strong></span> <span class='ocrx_word' id='word_1_286' title='bbox 1214 2684 1387 2759; x_wconf 77' lang='grc' dir='ltr'>οἶμαι,</span> <span class='ocrx_word' id='word_1_287' title='bbox 1418 2690 1536 2752; x_wconf 88' lang='grc' dir='ltr'>ταῖς</span> <span class='ocrx_word' id='word_1_288' title='bbox 1566 2688 1672 2741; x_wconf 88' lang='grc' dir='ltr'><strong>τῶν</strong></span> <span class='ocrx_word' id='word_1_289' title='bbox 1699 2688 1970 2741; x_wconf 83' lang='grc' dir='ltr'>τακτικῶν</span> 
     </span>
    </p>
   </div>
   <div class='ocr_carea' id='block_1_44' title="bbox 391 2779 1969 2854">
    <p class='ocr_par' dir='ltr' id='par_1_44' title="bbox 391 2779 1969 2854">
     <span class='ocr_line' id='line_1_44' title="bbox 391 2779 1969 2854; baseline -0.002 -19"><span class='ocrx_word' id='word_1_290' title='bbox 391 2782 743 2854; x_wconf 88' lang='grc' dir='ltr'>ἐμπειρίαις,</span> <span class='ocrx_word' id='word_1_291' title='bbox 793 2782 917 2835; x_wconf 82' lang='grc' dir='ltr'>ὅσον</span> <span class='ocrx_word' id='word_1_292' title='bbox 946 2785 1068 2845; x_wconf 87' lang='grc' dir='ltr'>ταῖς</span> <span class='ocrx_word' id='word_1_293' title='bbox 1112 2779 1453 2850; x_wconf 79' lang='grc' dir='ltr'>ἐπικουρίαις</span> <span class='ocrx_word' id='word_1_294' title='bbox 1494 2779 1601 2832; x_wconf 83' lang='grc' dir='ltr'><strong>τῶν</strong></span> <span class='ocrx_word' id='word_1_295' title='bbox 1642 2780 1792 2848; x_wconf 84' lang='grc' dir='ltr'>παρᾶ</span> <span class='ocrx_word' id='word_1_296' title='bbox 1818 2780 1969 2848; x_wconf 85' lang='grc' dir='ltr'>σφίσι</span> 
     </span>
    </p>
   </div>
   <div class='ocr_carea' id='block_1_45' title="bbox 392 2872 1970 2945">
    <p class='ocr_par' dir='ltr' id='par_1_45' title="bbox 392 2872 1970 2945">
     <span class='ocr_line' id='line_1_45' title="bbox 392 2872 1970 2945; baseline -0.001 -19"><span class='ocrx_word' id='word_1_297' title='bbox 392 2873 550 2927; x_wconf 88' lang='grc' dir='ltr'>θεῶν.</span> <span class='ocrx_word' id='word_1_298' title='bbox 578 2874 716 2927; x_wconf 81' lang='grc' dir='ltr'>Ἀλλ’</span> <span class='ocrx_word' id='word_1_299' title='bbox 752 2875 1109 2945; x_wconf 83' lang='grc' dir='ltr'>ἡμαρτήκασι</span> <span class='ocrx_word' id='word_1_300' title='bbox 1160 2873 1261 2944; x_wconf 85' lang='grc' dir='ltr'>τῆς</span> <span class='ocrx_word' id='word_1_301' title='bbox 1311 2873 1546 2939; x_wconf 87' lang='grc' dir='ltr'>ἐλπίδος,</span> <span class='ocrx_word' id='word_1_302' title='bbox 1595 2872 1799 2944; x_wconf 77' lang='grc' dir='ltr'>ἄψυχον</span> <span class='ocrx_word' id='word_1_303' title='bbox 1838 2872 1970 2943; x_wconf 83' lang='grc' dir='ltr'>ὓλην</span> 
     </span>
    </p>
   </div>
   <div class='ocr_carea' id='block_1_46' title="bbox 390 2964 1931 3037">
    <p class='ocr_par' dir='ltr' id='par_1_46' title="bbox 390 2964 1931 3037">
     <span class='ocr_line' id='line_1_46' title="bbox 390 2964 1931 3037; baseline -0.001 -16"><span class='ocrx_word' id='word_1_304' title='bbox 390 2967 477 3021; x_wconf 76' lang='grc' dir='ltr'>διὰ</span> <span class='ocrx_word' id='word_1_305' title='bbox 512 2966 713 3021; x_wconf 86' lang='grc' dir='ltr'>θυσιῶν</span> <span class='ocrx_word' id='word_1_306' title='bbox 741 2985 801 3020; x_wconf 91' lang='grc' dir='ltr'><strong>τε</strong></span> <span class='ocrx_word' id='word_1_307' title='bbox 827 2968 920 3022; x_wconf 85' lang='lat' dir='ltr'><strong>xui</strong></span> <span class='ocrx_word' id='word_1_308' title='bbox 947 2967 1100 3037; x_wconf 80' lang='grc' dir='ltr'>λιτῆς</span> <span class='ocrx_word' id='word_1_309' title='bbox 1130 2966 1458 3029; x_wconf 82' lang='grc' dir='ltr'>καλέσαντες</span> <span class='ocrx_word' id='word_1_310' title='bbox 1489 2967 1568 3029; x_wconf 90' lang='grc' dir='ltr'><strong>είς</strong></span> <span class='ocrx_word' id='word_1_311' title='bbox 1591 2964 1931 3036; x_wconf 83' lang='grc' dir='ltr'>ἐπικουρίαν.</span> 
     </span>
    </p>
   </div>
   <div class='ocr_carea' id='block_1_47' title="bbox 468 3055 1975 3128">
    <p class='ocr_par' dir='ltr' id='par_1_47' title="bbox 468 3055 1975 3128">
     <span class='ocr_line' id='line_1_47' title="bbox 468 3055 1975 3128; baseline -0.002 -15"><span class='ocrx_word' id='word_1_312' title='bbox 468 3056 647 3113; x_wconf 87' lang='grc' dir='ltr'><em>Τοῦτο</em></span> <span class='ocrx_word' id='word_1_313' title='bbox 688 3058 756 3111; x_wconf 82' lang='grc' dir='ltr'>τὸ</span> <span class='ocrx_word' id='word_1_314' title='bbox 799 3058 966 3128; x_wconf 76' lang='grc' dir='ltr'>ῥῆμα</span> <span class='ocrx_word' id='word_1_315' title='bbox 1011 3058 1041 3111; x_wconf 88' lang='grc' dir='ltr'>ὃ</span> <span class='ocrx_word' id='word_1_316' title='bbox 1097 3058 1364 3126; x_wconf 54' lang='lat' dir='ltr'><strong>summa</strong></span> <span class='ocrx_word' id='word_1_317' title='bbox 1406 3059 1622 3125; x_wconf 82' lang='grc' dir='ltr'>Κύριος</span> <span class='ocrx_word' id='word_1_318' title='bbox 1660 3056 1760 3109; x_wconf 81' lang='grc' dir='ltr'>ἐπὶ</span> <span class='ocrx_word' id='word_1_319' title='bbox 1794 3055 1975 3110; x_wconf 83' lang='grc' dir='ltr'><strong>Μωὰὸ</strong></span> 
     </span>
    </p>
   </div>
   <div class='ocr_carea' id='block_1_48' title="bbox 393 3147 1074 3216">
    <p class='ocr_par' dir='ltr' id='par_1_48' title="bbox 393 3147 1074 3216">
     <span class='ocr_line' id='line_1_48' title="bbox 393 3147 1074 3216; baseline -0.001 -14"><span class='ocrx_word' id='word_1_320' title='bbox 393 3151 574 3203; x_wconf 77' lang='grc' dir='ltr'>ὁπότε</span> <span class='ocrx_word' id='word_1_321' title='bbox 601 3149 701 3202; x_wconf 80' lang='grc' dir='ltr'>καὶ</span> <span class='ocrx_word' id='word_1_322' title='bbox 746 3147 1074 3216; x_wconf 75' lang='grc' dir='ltr'>ἐλάλησεν.</span> 
     </span>
    </p>
   </div>
   <div class='ocr_carea' id='block_1_49' title="bbox 2070 1958 3648 2031">
    <p class='ocr_par' dir='ltr' id='par_1_49' title="bbox 2070 1958 3648 2031">
     <span class='ocr_line' id='line_1_49' title="bbox 2070 1958 3648 2031; baseline -0.003 -15"><span class='ocrx_word' id='word_1_323' title='bbox 2070 1971 2278 2031; x_wconf 60' lang='lat' dir='ltr'><strong>quaeet</strong></span> <span class='ocrx_word' id='word_1_324' title='bbox 2320 1960 2565 2013; x_wconf 65' lang='lat' dir='ltr'><strong>humanae</strong></span> <span class='ocrx_word' id='word_1_325' title='bbox 2628 1960 2762 2012; x_wconf 90' lang='lat' dir='ltr'><strong>artis</strong></span> <span class='ocrx_word' id='word_1_326' title='bbox 2820 1959 3035 2011; x_wconf 85' lang='lat' dir='ltr'><strong>inventa</strong></span> <span class='ocrx_word' id='word_1_327' title='bbox 3109 1967 3252 2024; x_wconf 90' lang='lat' dir='ltr'><strong>sunt,</strong></span> <span class='ocrx_word' id='word_1_328' title='bbox 3295 1967 3349 2011; x_wconf 88' lang='lat' dir='ltr'><strong>et</strong></span> <span class='ocrx_word' id='word_1_329' title='bbox 3406 1958 3648 2011; x_wconf 84' lang='lat' dir='ltr'><strong>artiﬁces</strong></span> 
     </span>
    </p>
   </div>
   <div class='ocr_carea' id='block_1_50' title="bbox 2070 2049 3647 2119">
    <p class='ocr_par' dir='ltr' id='par_1_50' title="bbox 2070 2049 3647 2119">
     <span class='ocr_line' id='line_1_50' title="bbox 2070 2049 3647 2119; baseline -0.001 -15"><span class='ocrx_word' id='word_1_330' title='bbox 2070 2051 2268 2107; x_wconf 82' lang='lat' dir='ltr'><strong>habent</strong></span> <span class='ocrx_word' id='word_1_331' title='bbox 2298 2052 2385 2119; x_wconf 90' lang='lat' dir='ltr'><strong>qui</strong></span> <span class='ocrx_word' id='word_1_332' title='bbox 2419 2066 2483 2105; x_wconf 86' lang='lat' dir='ltr'><strong>ea</strong></span> <span class='ocrx_word' id='word_1_333' title='bbox 2503 2053 2747 2109; x_wconf 76' lang='lat' dir='ltr'><strong>adorant.</strong></span> <span class='ocrx_word' id='word_1_334' title='bbox 2785 2049 2970 2118; x_wconf 81' lang='lat' dir='ltr'><strong>Itaque</strong></span> <span class='ocrx_word' id='word_1_335' title='bbox 3026 2050 3163 2104; x_wconf 86' lang='lat' dir='ltr'><strong>sicut</strong></span> <span class='ocrx_word' id='word_1_336' title='bbox 3226 2049 3420 2103; x_wconf 83' lang='lat' dir='ltr'><strong>beatus</strong></span> <span class='ocrx_word' id='word_1_337' title='bbox 3478 2049 3647 2103; x_wconf 75' lang='lat' dir='ltr'><strong>David</strong></span> 
     </span>
    </p>
   </div>
   <div class='ocr_carea' id='block_1_51' title="bbox 2070 2141 3646 2211">
    <p class='ocr_par' dir='ltr' id='par_1_51' title="bbox 2070 2141 3646 2211">
     <span class='ocr_line' id='line_1_51' title="bbox 2070 2141 3646 2211; baseline -0.002 -13"><span class='ocrx_word' id='word_1_338' title='bbox 2070 2146 2147 2198; x_wconf 87' lang='lat' dir='ltr'><strong>ait</strong></span> <span class='ocrx_word' id='word_1_339' title='bbox 2190 2160 2204 2198; x_wconf 90' lang='lat'><strong>:</strong></span> <span class='ocrx_word' id='word_1_340' title='bbox 2250 2142 2465 2197; x_wconf 88' lang='lat' dir='ltr'><strong>Similes</strong></span> <span class='ocrx_word' id='word_1_341' title='bbox 2520 2142 2623 2195; x_wconf 82' lang='lat' dir='ltr'><strong>illis</strong></span> <span class='ocrx_word' id='word_1_342' title='bbox 2649 2141 2778 2195; x_wconf 88' lang='lat' dir='ltr'><strong>ﬁant</strong></span> <span class='ocrx_word' id='word_1_343' title='bbox 2841 2142 2930 2211; x_wconf 90' lang='lat' dir='ltr'><strong>qui</strong></span> <span class='ocrx_word' id='word_1_344' title='bbox 2967 2141 3169 2195; x_wconf 79' lang='lat' dir='ltr'><strong>faciunt</strong></span> <span class='ocrx_word' id='word_1_345' title='bbox 3198 2156 3287 2205; x_wconf 80' lang='lat' dir='ltr'><strong>ea,</strong></span> <span class='ocrx_word' id='word_1_346' title='bbox 3338 2150 3393 2195; x_wconf 91' lang='lat' dir='ltr'><strong>et</strong></span> <span class='ocrx_word' id='word_1_347' title='bbox 3449 2156 3646 2195; x_wconf 84' lang='lat' dir='ltr'><strong>omnes</strong></span> 
     </span>
    </p>
   </div>
   <div class='ocr_carea' id='block_1_52' title="bbox 2069 2233 3649 2307">
    <p class='ocr_par' dir='ltr' id='par_1_52' title="bbox 2069 2233 3649 2307">
     <span class='ocr_line' id='line_1_52' title="bbox 2069 2233 3649 2307; baseline -0.002 -18"><span class='ocrx_word' id='word_1_348' title='bbox 2069 2237 2161 2307; x_wconf 89' lang='lat' dir='ltr'><strong>qui</strong></span> <span class='ocrx_word' id='word_1_349' title='bbox 2225 2235 2393 2289; x_wconf 85' lang='lat' dir='ltr'><strong>ﬁdunt</strong></span> <span class='ocrx_word' id='word_1_350' title='bbox 2444 2234 2494 2287; x_wconf 92' lang='lat' dir='ltr'><strong>iu</strong></span> <span class='ocrx_word' id='word_1_351' title='bbox 2549 2234 2736 2288; x_wconf 77' lang='lat' dir='ltr'><strong>illis”.</strong></span> <span class='ocrx_word' id='word_1_352' title='bbox 2778 2233 3065 2289; x_wconf 86' lang='lat' dir='ltr'><strong>Sciendum</strong></span> <span class='ocrx_word' id='word_1_353' title='bbox 3124 2243 3324 2298; x_wconf 89' lang='lat' dir='ltr'><strong>autem,</strong></span> <span class='ocrx_word' id='word_1_354' title='bbox 3372 2233 3649 2287; x_wconf 82' lang='lat' dir='ltr'><strong>exstitisse</strong></span> 
     </span>
    </p>
   </div>
   <div class='ocr_carea' id='block_1_53' title="bbox 2070 2326 3647 2396">
    <p class='ocr_par' dir='ltr' id='par_1_53' title="bbox 2070 2326 3647 2396">
     <span class='ocr_line' id='line_1_53' title="bbox 2070 2326 3647 2396; baseline -0.002 -14"><span class='ocrx_word' id='word_1_355' title='bbox 2070 2328 2335 2383; x_wconf 86' lang='lat' dir='ltr'><strong>Moabitas</strong></span> <span class='ocrx_word' id='word_1_356' title='bbox 2371 2326 2955 2396; x_wconf 84' lang='lat' dir='ltr'><strong>superstitiosissimos,</strong></span> <span class='ocrx_word' id='word_1_357' title='bbox 2987 2333 3040 2377; x_wconf 91' lang='lat' dir='ltr'><strong>et</strong></span> <span class='ocrx_word' id='word_1_358' title='bbox 3105 2339 3334 2392; x_wconf 83' lang='lat' dir='ltr'><strong>augures</strong></span> <span class='ocrx_word' id='word_1_359' title='bbox 3377 2335 3432 2378; x_wconf 91' lang='lat' dir='ltr'><strong>et</strong></span> <span class='ocrx_word' id='word_1_360' title='bbox 3478 2340 3647 2379; x_wconf 85' lang='lat' dir='ltr'><strong>vanos</strong></span> 
     </span>
    </p>
   </div>
   <div class='ocr_carea' id='block_1_54' title="bbox 2068 2415 3647 2493">
    <p class='ocr_par' dir='ltr' id='par_1_54' title="bbox 2068 2415 3647 2493">
     <span class='ocr_line' id='line_1_54' title="bbox 2068 2415 3647 2493; baseline -0.004 -18"><span class='ocrx_word' id='word_1_361' title='bbox 2068 2430 2242 2487; x_wconf 85' lang='lat' dir='ltr'><strong>vates,</strong></span> <span class='ocrx_word' id='word_1_362' title='bbox 2301 2429 2355 2473; x_wconf 90' lang='lat' dir='ltr'><strong>et</strong></span> <span class='ocrx_word' id='word_1_363' title='bbox 2419 2416 2819 2493; x_wconf 85' lang='lat' dir='ltr'><strong>miraculorum</strong></span> <span class='ocrx_word' id='word_1_364' title='bbox 2876 2415 3197 2484; x_wconf 78' lang='lat' dir='ltr'><strong>jactatores,</strong></span> <span class='ocrx_word' id='word_1_365' title='bbox 3256 2424 3313 2477; x_wconf 83' lang='lat' dir='ltr'><strong>et</strong></span> <span class='ocrx_word' id='word_1_366' title='bbox 3355 2415 3647 2485; x_wconf 61' lang='lat' dir='ltr'><strong>praestigiis</strong></span> 
     </span>
    </p>
   </div>
   <div class='ocr_carea' id='block_1_55' title="bbox 2069 2506 3645 2585">
    <p class='ocr_par' dir='ltr' id='par_1_55' title="bbox 2069 2506 3645 2585">
     <span class='ocr_line' id='line_1_55' title="bbox 2069 2506 3645 2585; baseline -0.004 -18"><span class='ocrx_word' id='word_1_367' title='bbox 2069 2515 2356 2585; x_wconf 87' lang='lat' dir='ltr'><strong>plurimum</strong></span> <span class='ocrx_word' id='word_1_368' title='bbox 2385 2512 2639 2565; x_wconf 86' lang='lat' dir='ltr'><strong>conlisos.</strong></span> <span class='ocrx_word' id='word_1_369' title='bbox 2677 2508 3069 2562; x_wconf 81' lang='lat' dir='ltr'><strong>Existimabam</strong></span> <span class='ocrx_word' id='word_1_370' title='bbox 3112 2507 3255 2560; x_wconf 91' lang='lat' dir='ltr'><strong>enim</strong></span> <span class='ocrx_word' id='word_1_371' title='bbox 3300 2520 3359 2560; x_wconf 90' lang='lat' dir='ltr'><strong>se</strong></span> <span class='ocrx_word' id='word_1_372' title='bbox 3411 2506 3645 2562; x_wconf 88' lang='lat' dir='ltr'><strong>hostium</strong></span> 
     </span>
    </p>
   </div>
   <div class='ocr_carea' id='block_1_56' title="bbox 2070 2597 3646 2669">
    <p class='ocr_par' dir='ltr' id='par_1_56' title="bbox 2070 2597 3646 2669">
     <span class='ocr_line' id='line_1_56' title="bbox 2070 2597 3646 2669; baseline -0.005 -9"><span class='ocrx_word' id='word_1_373' title='bbox 2070 2622 2290 2661; x_wconf 87' lang='lat' dir='ltr'><strong>manum</strong></span> <span class='ocrx_word' id='word_1_374' title='bbox 2326 2607 2652 2665; x_wconf 88' lang='lat' dir='ltr'><strong>dcvicturos,</strong></span> <span class='ocrx_word' id='word_1_375' title='bbox 2682 2618 2786 2655; x_wconf 90' lang='lat' dir='ltr'><strong>non</strong></span> <span class='ocrx_word' id='word_1_376' title='bbox 2820 2612 2952 2660; x_wconf 83' lang='lat' dir='ltr'><strong>tam.</strong></span> <span class='ocrx_word' id='word_1_377' title='bbox 2980 2608 3039 2653; x_wconf 88' lang='lat' dir='ltr'><strong>ut</strong></span> <span class='ocrx_word' id='word_1_378' title='bbox 3063 2613 3162 2669; x_wconf 79' lang='lat' dir='ltr'><strong>ego</strong></span> <span class='ocrx_word' id='word_1_379' title='bbox 3187 2597 3401 2667; x_wconf 87' lang='lat' dir='ltr'><strong>quidem</strong></span> <span class='ocrx_word' id='word_1_380' title='bbox 3430 2612 3646 2661; x_wconf 85' lang='lat' dir='ltr'><strong>censeo,</strong></span> 
     </span>
    </p>
   </div>
   <div class='ocr_carea' id='block_1_57' title="bbox 2073 2691 3645 2769">
    <p class='ocr_par' dir='ltr' id='par_1_57' title="bbox 2073 2691 3645 2769">
     <span class='ocr_line' id='line_1_57' title="bbox 2073 2691 3645 2769; baseline -0.005 -17"><span class='ocrx_word' id='word_1_381' title='bbox 2073 2716 2171 2753; x_wconf 88' lang='lat' dir='ltr'><strong>usu</strong></span> <span class='ocrx_word' id='word_1_382' title='bbox 2218 2699 2517 2769; x_wconf 88' lang='lat' dir='ltr'><strong>peritiaque</strong></span> <span class='ocrx_word' id='word_1_383' title='bbox 2570 2710 2867 2759; x_wconf 87' lang='lat' dir='ltr'><strong>armorum,</strong></span> <span class='ocrx_word' id='word_1_384' title='bbox 2913 2708 3073 2762; x_wconf 86' lang='lat' dir='ltr'><strong>quam</strong></span> <span class='ocrx_word' id='word_1_385' title='bbox 3136 2693 3374 2761; x_wconf 86' lang='lat' dir='ltr'><strong>ipsorum</strong></span> <span class='ocrx_word' id='word_1_386' title='bbox 3422 2691 3645 2744; x_wconf 79' lang='lat' dir='ltr'><strong>deerunt</strong></span> 
     </span>
    </p>
   </div>
   <div class='ocr_carea' id='block_1_58' title="bbox 2072 2782 3649 2855">
    <p class='ocr_par' dir='ltr' id='par_1_58' title="bbox 2072 2782 3649 2855">
     <span class='ocr_line' id='line_1_58' title="bbox 2072 2782 3649 2855; baseline -0.006 -9"><span class='ocrx_word' id='word_1_387' title='bbox 2072 2790 2434 2846; x_wconf 84' lang='lat' dir='ltr'><strong>adminiculis.</strong></span> <span class='ocrx_word' id='word_1_388' title='bbox 2460 2788 2655 2843; x_wconf 89' lang='lat' dir='ltr'><strong>Verum</strong></span> <span class='ocrx_word' id='word_1_389' title='bbox 2710 2802 2804 2855; x_wconf 89' lang='lat' dir='ltr'><strong>spe</strong></span> <span class='ocrx_word' id='word_1_390' title='bbox 2855 2784 3099 2839; x_wconf 81' lang='lat' dir='ltr'><strong>frustrati</strong></span> <span class='ocrx_word' id='word_1_391' title='bbox 3136 2792 3282 2848; x_wconf 85' lang='lat' dir='ltr'><strong>sunt,</strong></span> <span class='ocrx_word' id='word_1_392' title='bbox 3339 2784 3429 2852; x_wconf 92' lang='lat' dir='ltr'><strong>qui</strong></span> <span class='ocrx_word' id='word_1_393' title='bbox 3464 2782 3649 2837; x_wconf 87' lang='lat' dir='ltr'><strong>inani-</strong></span> 
     </span>
    </p>
   </div>
   <div class='ocr_carea' id='block_1_59' title="bbox 2073 2875 3648 2946">
    <p class='ocr_par' dir='ltr' id='par_1_59' title="bbox 2073 2875 3648 2946">
     <span class='ocr_line' id='line_1_59' title="bbox 2073 2875 3648 2946; baseline -0.004 -10"><span class='ocrx_word' id='word_1_394' title='bbox 2073 2898 2215 2937; x_wconf 87' lang='lat' dir='ltr'><strong>mam</strong></span> <span class='ocrx_word' id='word_1_395' title='bbox 2248 2883 2527 2936; x_wconf 88' lang='lat' dir='ltr'><strong>materiam</strong></span> <span class='ocrx_word' id='word_1_396' title='bbox 2570 2878 2856 2933; x_wconf 84' lang='lat' dir='ltr'><strong>sacriﬁciis</strong></span> <span class='ocrx_word' id='word_1_397' title='bbox 2890 2877 3246 2946; x_wconf 82' lang='lat' dir='ltr'><strong>precibusque</strong></span> <span class='ocrx_word' id='word_1_398' title='bbox 3277 2875 3330 2929; x_wconf 89' lang='lat' dir='ltr'><strong>in</strong></span> <span class='ocrx_word' id='word_1_399' title='bbox 3386 2875 3648 2930; x_wconf 83' lang='lat' dir='ltr'><strong>auxilium</strong></span> 
     </span>
    </p>
   </div>
   <div class='ocr_carea' id='block_1_60' title="bbox 2071 2982 2354 3028">
    <p class='ocr_par' dir='ltr' id='par_1_60' title="bbox 2071 2982 2354 3028">
     <span class='ocr_line' id='line_1_60' title="bbox 2071 2982 2354 3028; baseline 0 0"><span class='ocrx_word' id='word_1_400' title='bbox 2071 2988 2203 3028; x_wconf 75' lang='grc' dir='ltr'>νοοει</span> <span class='ocrx_word' id='word_1_401' title='bbox 2214 2982 2354 3028; x_wconf 87' lang='lat' dir='ltr'><strong>runt.</strong></span> 
     </span>
    </p>
   </div>
   <div class='ocr_carea' id='block_1_61' title="bbox 2147 3059 3649 3132">
    <p class='ocr_par' dir='ltr' id='par_1_61' title="bbox 2147 3059 3649 3132">
     <span class='ocr_line' id='line_1_61' title="bbox 2147 3059 3649 3132; baseline -0.003 -14"><span class='ocrx_word' id='word_1_402' title='bbox 2147 3065 2259 3121; x_wconf 87' lang='lat' dir='ltr'><strong>Hoc</strong></span> <span class='ocrx_word' id='word_1_403' title='bbox 2305 3072 2380 3117; x_wconf 82' lang='lat' dir='ltr'><strong>est</strong></span> <span class='ocrx_word' id='word_1_404' title='bbox 2415 3064 2626 3117; x_wconf 78' lang='lat' dir='ltr'><strong>verbum</strong></span> <span class='ocrx_word' id='word_1_405' title='bbox 2682 3060 2823 3132; x_wconf 81' lang='lat' dir='ltr'><strong>quod</strong></span> <span class='ocrx_word' id='word_1_406' title='bbox 2859 3059 3063 3115; x_wconf 76' lang='lat' dir='ltr'><strong>locutus</strong></span> <span class='ocrx_word' id='word_1_407' title='bbox 3105 3070 3179 3114; x_wconf 83' lang='lat' dir='ltr'><strong>est</strong></span> <span class='ocrx_word' id='word_1_408' title='bbox 3206 3059 3461 3114; x_wconf 82' lang='lat' dir='ltr'><strong>Dominus</strong></span> <span class='ocrx_word' id='word_1_409' title='bbox 3492 3073 3649 3130; x_wconf 78' lang='lat' dir='ltr'><strong>super</strong></span> 
     </span>
    </p>
   </div>
   <div class='ocr_carea' id='block_1_62' title="bbox 2081 3152 2915 3225">
    <p class='ocr_par' dir='ltr' id='par_1_62' title="bbox 2081 3152 2915 3225">
     <span class='ocr_line' id='line_1_62' title="bbox 2081 3152 2915 3225; baseline -0.004 -16"><span class='ocrx_word' id='word_1_410' title='bbox 2081 3156 2252 3219; x_wconf 73' lang='lat' dir='ltr'><strong>Moab,</strong></span> <span class='ocrx_word' id='word_1_411' title='bbox 2286 3155 2489 3225; x_wconf 85' lang='lat' dir='ltr'><strong>quando</strong></span> <span class='ocrx_word' id='word_1_412' title='bbox 2512 3162 2560 3205; x_wconf 82' lang='lat' dir='ltr'><strong>et</strong></span> <span class='ocrx_word' id='word_1_413' title='bbox 2588 3152 2791 3205; x_wconf 75' lang='lat' dir='ltr'><strong>locutus</strong></span> <span class='ocrx_word' id='word_1_414' title='bbox 2819 3161 2915 3206; x_wconf 77' lang='lat' dir='ltr'><strong>est.</strong></span> 
     </span>
    </p>
   </div>
   <div class='ocr_carea' id='block_1_63' title="bbox 463 3218 1969 3315">
    <p class='ocr_par' dir='ltr' id='par_1_63' title="bbox 463 3238 1968 3311">
     <span class='ocr_line' id='line_1_63' title="bbox 463 3238 1968 3311; baseline -0.001 -18"><span class='ocrx_word' id='word_1_415' title='bbox 463 3239 633 3310; x_wconf 76' lang='grc' dir='ltr'>Αὕτη,</span> <span class='ocrx_word' id='word_1_416' title='bbox 658 3240 846 3311; x_wconf 66' lang='grc' dir='ltr'>φησιν,</span> <span class='ocrx_word' id='word_1_417' title='bbox 876 3241 909 3310; x_wconf 88' lang='grc' dir='ltr'><strong>ή</strong></span> <span class='ocrx_word' id='word_1_418' title='bbox 939 3240 1147 3310; x_wconf 86' lang='grc' dir='ltr'>ὅρασις,</span> <span class='ocrx_word' id='word_1_419' title='bbox 1178 3240 1212 3309; x_wconf 83' lang='grc' dir='ltr'>ἡ</span> <span class='ocrx_word' id='word_1_420' title='bbox 1234 3239 1377 3292; x_wconf 86' lang='grc' dir='ltr'>κατὰ</span> <span class='ocrx_word' id='word_1_421' title='bbox 1403 3240 1502 3307; x_wconf 85' lang='grc' dir='ltr'>τῆς</span> <span class='ocrx_word' id='word_1_422' title='bbox 1544 3239 1848 3295; x_wconf 79' lang='grc' dir='ltr'>Μωαὸιτῶν</span> <span class='ocrx_word' id='word_1_423' title='bbox 1872 3238 1968 3292; x_wconf 86' lang='grc' dir='ltr'>λα-</span> 
     </span>
    </p>
   </div>
   <div class='ocr_carea' id='block_1_64' title="bbox 2071 3218 3647 3315">
    <p class='ocr_par' dir='ltr' id='par_1_64' title="bbox 2145 3218 3647 3315">
     <span class='ocr_line' id='line_1_64' title="bbox 2145 3218 3647 3315; baseline -0.007 -14"><span class='ocrx_word' id='word_1_424' title='bbox 2145 3218 2508 3315; x_wconf 46' lang='grc' dir='ltr'>Ηαιοξίηίιυίι,</span> <span class='ocrx_word' id='word_1_425' title='bbox 2550 3245 2686 3298; x_wconf 87' lang='lat' dir='ltr'><strong>visio</strong></span> <span class='ocrx_word' id='word_1_426' title='bbox 2756 3251 2840 3295; x_wconf 89' lang='lat' dir='ltr'><strong>est</strong></span> <span class='ocrx_word' id='word_1_427' title='bbox 2868 3249 3055 3295; x_wconf 88' lang='lat' dir='ltr'><strong>contra</strong></span> <span class='ocrx_word' id='word_1_428' title='bbox 3110 3240 3449 3295; x_wconf 84' lang='lat' dir='ltr'><strong>Moabiticam</strong></span> <span class='ocrx_word' id='word_1_429' title='bbox 3502 3238 3647 3293; x_wconf 86' lang='lat' dir='ltr'><strong>dicta</strong></span> 
     </span>
    </p>
   </div>
   <div class='ocr_carea' id='block_1_65' title="bbox 391 3330 1968 3402">
    <p class='ocr_par' dir='ltr' id='par_1_65' title="bbox 391 3330 1968 3402">
     <span class='ocr_line' id='line_1_65' title="bbox 391 3330 1968 3402; baseline -0.003 -17"><span class='ocrx_word' id='word_1_430' title='bbox 391 3331 617 3402; x_wconf 83' lang='grc' dir='ltr'>ληθεῑσα</span> <span class='ocrx_word' id='word_1_431' title='bbox 642 3330 795 3401; x_wconf 82' lang='grc' dir='ltr'>παρὰ</span> <span class='ocrx_word' id='word_1_432' title='bbox 827 3331 961 3385; x_wconf 75' lang='grc' dir='ltr'>Θεοῦ</span> <span class='ocrx_word' id='word_1_433' title='bbox 988 3348 1000 3359; x_wconf 91' lang='grc'><strong>·</strong></span> <span class='ocrx_word' id='word_1_434' title='bbox 1025 3331 1187 3383; x_wconf 88' lang='grc' dir='ltr'>ὁπότε</span> <span class='ocrx_word' id='word_1_435' title='bbox 1222 3332 1314 3385; x_wconf 86' lang='lat' dir='ltr'><strong>xui</strong></span> <span class='ocrx_word' id='word_1_436' title='bbox 1347 3330 1594 3400; x_wconf 87' lang='grc' dir='ltr'>ἐλάλησε,</span> <span class='ocrx_word' id='word_1_437' title='bbox 1634 3330 1778 3385; x_wconf 78' lang='grc' dir='ltr'>τοῦτ’</span> <span class='ocrx_word' id='word_1_438' title='bbox 1800 3330 1968 3393; x_wconf 82' lang='grc' dir='ltr'>ἔστιν,</span> 
     </span>
    </p>
   </div>
   <div class='ocr_carea' id='block_1_66' title="bbox 394 3423 1971 3498">
    <p class='ocr_par' dir='ltr' id='par_1_66' title="bbox 394 3423 1971 3498">
     <span class='ocr_line' id='line_1_66' title="bbox 394 3423 1971 3498; baseline -0.003 -16"><span class='ocrx_word' id='word_1_439' title='bbox 394 3430 442 3482; x_wconf 83' lang='grc' dir='ltr'>εἰ</span> <span class='ocrx_word' id='word_1_440' title='bbox 472 3428 565 3480; x_wconf 80' lang='grc' dir='ltr'>καὶ</span> <span class='ocrx_word' id='word_1_441' title='bbox 593 3428 721 3498; x_wconf 76' lang='grc' dir='ltr'>πρὶν</span> <span class='ocrx_word' id='word_1_442' title='bbox 762 3426 886 3491; x_wconf 77' lang='grc' dir='ltr'>τοὺς</span> <span class='ocrx_word' id='word_1_443' title='bbox 930 3426 997 3479; x_wconf 77' lang='grc' dir='ltr'><strong>δι’</strong></span> <span class='ocrx_word' id='word_1_444' title='bbox 1029 3424 1162 3496; x_wconf 78' lang='grc' dir='ltr'>ἐμοῦ</span> <span class='ocrx_word' id='word_1_445' title='bbox 1206 3425 1461 3495; x_wconf 84' lang='grc' dir='ltr'>γενέσθαι</span> <span class='ocrx_word' id='word_1_446' title='bbox 1493 3425 1701 3493; x_wconf 87' lang='grc' dir='ltr'>λόγους,</span> <span class='ocrx_word' id='word_1_447' title='bbox 1746 3423 1971 3477; x_wconf 84' lang='grc' dir='ltr'>πλεῖστά</span> 
     </span>
    </p>
   </div>
   <div class='ocr_carea' id='block_1_67' title="bbox 394 3515 1970 3590">
    <p class='ocr_par' dir='ltr' id='par_1_67' title="bbox 394 3515 1970 3590">
     <span class='ocr_line' id='line_1_67' title="bbox 394 3515 1970 3590; baseline -0.003 -17"><span class='ocrx_word' id='word_1_448' title='bbox 394 3538 454 3573; x_wconf 82' lang='grc' dir='ltr'><strong>τε</strong></span> <span class='ocrx_word' id='word_1_449' title='bbox 480 3522 578 3574; x_wconf 78' lang='grc' dir='ltr'>ὅσα</span> <span class='ocrx_word' id='word_1_450' title='bbox 605 3518 868 3589; x_wconf 85' lang='grc' dir='ltr'>λελάληκε</span> <span class='ocrx_word' id='word_1_451' title='bbox 910 3518 1039 3590; x_wconf 72' lang='grc' dir='ltr'>περὶ</span> <span class='ocrx_word' id='word_1_452' title='bbox 1064 3518 1256 3588; x_wconf 81' lang='grc' dir='ltr'>αὐτῆς,</span> <span class='ocrx_word' id='word_1_453' title='bbox 1300 3518 1396 3573; x_wconf 86' lang='lat' dir='ltr'><strong>xui</strong></span> <span class='ocrx_word' id='word_1_454' title='bbox 1427 3518 1518 3570; x_wconf 74' lang='grc' dir='ltr'>ἐπὶ</span> <span class='ocrx_word' id='word_1_455' title='bbox 1556 3517 1769 3588; x_wconf 86' lang='grc' dir='ltr'>μυρίοις</span> <span class='ocrx_word' id='word_1_456' title='bbox 1802 3515 1970 3586; x_wconf 83' lang='grc' dir='ltr'>αὐτὴν</span> 
     </span>
    </p>
   </div>
   <div class='ocr_carea' id='block_1_68' title="bbox 397 3608 1972 3683">
    <p class='ocr_par' dir='ltr' id='par_1_68' title="bbox 397 3608 1972 3683">
     <span class='ocr_line' id='line_1_68' title="bbox 397 3608 1972 3683; baseline -0.01 -19"><span class='ocrx_word' id='word_1_457' title='bbox 397 3612 692 3683; x_wconf 81' lang='grc' dir='ltr'>κατῃτιᾶτο</span> <span class='ocrx_word' id='word_1_458' title='bbox 734 3611 941 3673; x_wconf 83' lang='grc' dir='ltr'>κακοῖς.</span> <span class='ocrx_word' id='word_1_459' title='bbox 1006 3610 1091 3671; x_wconf 84' lang='grc' dir='ltr'>Ὠς</span> <span class='ocrx_word' id='word_1_460' title='bbox 1126 3609 1235 3680; x_wconf 77' lang='grc' dir='ltr'>γὰρ</span> <span class='ocrx_word' id='word_1_461' title='bbox 1264 3609 1399 3677; x_wconf 79' lang='grc' dir='ltr'>ἔφην</span> <span class='ocrx_word' id='word_1_462' title='bbox 1445 3609 1675 3678; x_wconf 80' lang='grc' dir='ltr'>φθάσας,</span> <span class='ocrx_word' id='word_1_463' title='bbox 1704 3609 1798 3661; x_wconf 75' lang='grc' dir='ltr'>καὶ</span> <span class='ocrx_word' id='word_1_464' title='bbox 1827 3608 1854 3659; x_wconf 78' lang='grc' dir='ltr'>ὁ</span> <span class='ocrx_word' id='word_1_465' title='bbox 1884 3608 1972 3661; x_wconf 61' lang='lat' dir='ltr'><strong>es-</strong></span> 
     </span>
    </p>
   </div>
   <div class='ocr_carea' id='block_1_69' title="bbox 398 3698 1973 3770">
    <p class='ocr_par' dir='ltr' id='par_1_69' title="bbox 398 3698 1973 3770">
     <span class='ocr_line' id='line_1_69' title="bbox 398 3698 1973 3770; baseline -0.002 -17"><span class='ocrx_word' id='word_1_466' title='bbox 398 3703 619 3764; x_wconf 82' lang='grc' dir='ltr'>σπέσιος</span> <span class='ocrx_word' id='word_1_467' title='bbox 648 3699 854 3768; x_wconf 82' lang='grc' dir='ltr'>Μωσῆς</span> <span class='ocrx_word' id='word_1_468' title='bbox 884 3701 982 3770; x_wconf 81' lang='grc' dir='ltr'>τῆς</span> <span class='ocrx_word' id='word_1_469' title='bbox 1019 3698 1112 3752; x_wconf 76' lang='grc' dir='ltr'>τοῦ</span> <span class='ocrx_word' id='word_1_470' title='bbox 1144 3700 1329 3763; x_wconf 75' lang='grc' dir='ltr'>ἔθνους</span> <span class='ocrx_word' id='word_1_471' title='bbox 1350 3699 1711 3770; x_wconf 84' lang='grc' dir='ltr'>διαμέμνηται</span> <span class='ocrx_word' id='word_1_472' title='bbox 1751 3699 1973 3770; x_wconf 76' lang='grc' dir='ltr'>δύστρο-</span> 
     </span>
    </p>
   </div>
   <div class='ocr_carea' id='block_1_70' title="bbox 396 3790 1972 3863">
    <p class='ocr_par' dir='ltr' id='par_1_70' title="bbox 396 3790 1972 3863">
     <span class='ocr_line' id='line_1_70' title="bbox 396 3790 1972 3863; baseline -0.004 -16"><span class='ocrx_word' id='word_1_473' title='bbox 396 3794 547 3857; x_wconf 87' lang='grc' dir='ltr'>πίας,</span> <span class='ocrx_word' id='word_1_474' title='bbox 578 3793 671 3845; x_wconf 85' lang='lat' dir='ltr'><strong>xui</strong></span> <span class='ocrx_word' id='word_1_475' title='bbox 697 3794 755 3846; x_wconf 88' lang='grc' dir='ltr'><strong>ἐν</strong></span> <span class='ocrx_word' id='word_1_476' title='bbox 788 3795 897 3855; x_wconf 91' lang='grc' dir='ltr'>τοῖς</span> <span class='ocrx_word' id='word_1_477' title='bbox 913 3792 993 3844; x_wconf 83' lang='grc' dir='ltr'>ὅτι</span> <span class='ocrx_word' id='word_1_478' title='bbox 1027 3791 1258 3860; x_wconf 85' lang='grc' dir='ltr'>μάλιστα</span> <span class='ocrx_word' id='word_1_479' title='bbox 1278 3790 1770 3863; x_wconf 82' lang='grc' dir='ltr'>κατεστυγημένοις</span> <span class='ocrx_word' id='word_1_480' title='bbox 1802 3792 1972 3843; x_wconf 79' lang='grc' dir='ltr'>ποιεῖ-</span> 
     </span>
    </p>
   </div>
   <div class='ocr_carea' id='block_1_71' title="bbox 400 3879 1971 3952">
    <p class='ocr_par' dir='ltr' id='par_1_71' title="bbox 400 3879 1971 3952">
     <span class='ocr_line' id='line_1_71' title="bbox 400 3879 1971 3952; baseline -0.001 -18"><span class='ocrx_word' id='word_1_481' title='bbox 400 3881 523 3935; x_wconf 87' lang='grc' dir='ltr'>σθαι</span> <span class='ocrx_word' id='word_1_482' title='bbox 551 3883 938 3952; x_wconf 81' lang='grc' dir='ltr'>προστέταχεν.</span> <span class='ocrx_word' id='word_1_483' title='bbox 968 3880 1113 3950; x_wconf 80' lang='grc' dir='ltr'><strong>Ἔφη</strong></span> <span class='ocrx_word' id='word_1_484' title='bbox 1139 3880 1269 3949; x_wconf 79' lang='grc' dir='ltr'>γοῦν</span> <span class='ocrx_word' id='word_1_485' title='bbox 1289 3898 1301 3910; x_wconf 91' lang='grc'>·</span> <span class='ocrx_word' id='word_1_486' title='bbox 1332 3882 1445 3935; x_wconf 88' lang='grc' dir='ltr'>Οὐκ</span> <span class='ocrx_word' id='word_1_487' title='bbox 1462 3879 1823 3934; x_wconf 77' lang='grc' dir='ltr'>εἰσελεύσεται</span> <span class='ocrx_word' id='word_1_488' title='bbox 1840 3880 1892 3933; x_wconf 83' lang='grc' dir='ltr'><strong>Ἀ</strong></span> <span class='ocrx_word' id='word_1_489' title='bbox 1904 3896 1971 3948; x_wconf 85' lang='grc' dir='ltr'>μ-</span> 
     </span>
    </p>
   </div>
   <div class='ocr_carea' id='block_1_72' title="bbox 402 3970 1975 4043">
    <p class='ocr_par' dir='ltr' id='par_1_72' title="bbox 402 3970 1975 4043">
     <span class='ocr_line' id='line_1_72' title="bbox 402 3970 1975 4043; baseline -0.001 -18"><span class='ocrx_word' id='word_1_490' title='bbox 402 3973 632 4043; x_wconf 88' lang='grc' dir='ltr'>μανίτης</span> <span class='ocrx_word' id='word_1_491' title='bbox 667 3973 761 4038; x_wconf 84' lang='lat' dir='ltr'><strong>xui</strong></span> <span class='ocrx_word' id='word_1_492' title='bbox 804 3970 1097 4042; x_wconf 78' lang='grc' dir='ltr'>Μωαϐίτης</span> <span class='ocrx_word' id='word_1_493' title='bbox 1149 3972 1229 4035; x_wconf 83' lang='grc' dir='ltr'>εἰς</span> <span class='ocrx_word' id='word_1_494' title='bbox 1262 3971 1555 4041; x_wconf 84' lang='grc' dir='ltr'>ἐκκλησίαν</span> <span class='ocrx_word' id='word_1_495' title='bbox 1595 3972 1837 4042; x_wconf 81' lang='grc' dir='ltr'>Κυρίου,</span> <span class='ocrx_word' id='word_1_496' title='bbox 1882 3970 1975 4023; x_wconf 87' lang='lat' dir='ltr'><strong>xui</strong></span> 
     </span>
    </p>
   </div>
   <div class='ocr_carea' id='block_1_73' title="bbox 396 4060 1972 4135">
    <p class='ocr_par' dir='ltr' id='par_1_73' title="bbox 396 4060 1972 4135">
     <span class='ocr_line' id='line_1_73' title="bbox 396 4060 1972 4135; baseline -0.001 -16"><span class='ocrx_word' id='word_1_497' title='bbox 396 4067 501 4129; x_wconf 72' lang='grc' dir='ltr'>ἕως</span> <span class='ocrx_word' id='word_1_498' title='bbox 538 4065 768 4135; x_wconf 83' lang='grc' dir='ltr'>δεκάτης</span> <span class='ocrx_word' id='word_1_499' title='bbox 815 4064 1026 4132; x_wconf 83' lang='grc' dir='ltr'>γενεᾶς.</span> <span class='ocrx_word' id='word_1_500' title='bbox 1078 4062 1407 4133; x_wconf 83' lang='grc' dir='ltr'>Ἀπεκόμισέ</span> <span class='ocrx_word' id='word_1_501' title='bbox 1444 4079 1574 4114; x_wconf 85' lang='grc' dir='ltr'>ποτε</span> <span class='ocrx_word' id='word_1_502' title='bbox 1609 4063 1703 4117; x_wconf 81' lang='lat' dir='ltr'><strong>xui</strong></span> <span class='ocrx_word' id='word_1_503' title='bbox 1742 4060 1832 4115; x_wconf 81' lang='grc' dir='ltr'>τὸν</span> <span class='ocrx_word' id='word_1_504' title='bbox 1872 4063 1972 4117; x_wconf 85' lang='grc' dir='ltr'><strong>Ἰσ-</strong></span> 
     </span>
    </p>
   </div>
   <div class='ocr_carea' id='block_1_74' title="bbox 401 4154 1976 4229">
    <p class='ocr_par' dir='ltr' id='par_1_74' title="bbox 401 4154 1976 4229">
     <span class='ocr_line' id='line_1_74' title="bbox 401 4154 1976 4229; baseline -0.001 -20"><span class='ocrx_word' id='word_1_505' title='bbox 401 4158 540 4229; x_wconf 81' lang='grc' dir='ltr'>ραὴλ</span> <span class='ocrx_word' id='word_1_506' title='bbox 570 4158 668 4228; x_wconf 80' lang='grc' dir='ltr'>τῆς</span> <span class='ocrx_word' id='word_1_507' title='bbox 696 4158 774 4220; x_wconf 85' lang='grc' dir='ltr'><strong>είς</strong></span> <span class='ocrx_word' id='word_1_508' title='bbox 800 4155 931 4210; x_wconf 79' lang='grc' dir='ltr'>Θεὸν</span> <span class='ocrx_word' id='word_1_509' title='bbox 962 4155 1203 4226; x_wconf 81' lang='grc' dir='ltr'>ἀγάπης,</span> <span class='ocrx_word' id='word_1_510' title='bbox 1236 4156 1330 4208; x_wconf 83' lang='lat' dir='ltr'><strong>xui</strong></span> <span class='ocrx_word' id='word_1_511' title='bbox 1367 4157 1693 4225; x_wconf 87' lang='grc' dir='ltr'>προσκυνεῖν</span> <span class='ocrx_word' id='word_1_512' title='bbox 1722 4154 1976 4207; x_wconf 84' lang='grc' dir='ltr'>ἀνέπεισε</span> 
     </span>
    </p>
   </div>
   <div class='ocr_carea' id='block_1_75' title="bbox 397 4247 1977 4321">
    <p class='ocr_par' dir='ltr' id='par_1_75' title="bbox 397 4247 1977 4321">
     <span class='ocr_line' id='line_1_75' title="bbox 397 4247 1977 4321; baseline -0.003 -16"><span class='ocrx_word' id='word_1_513' title='bbox 397 4251 477 4321; x_wconf 82' lang='grc' dir='ltr'>τῷ</span> <span class='ocrx_word' id='word_1_514' title='bbox 498 4249 838 4321; x_wconf 84' lang='grc' dir='ltr'>Βεελφεγὼρ,</span> <span class='ocrx_word' id='word_1_515' title='bbox 868 4248 989 4311; x_wconf 85' lang='grc' dir='ltr'>ταῖς</span> <span class='ocrx_word' id='word_1_516' title='bbox 1032 4249 1113 4311; x_wconf 86' lang='grc' dir='ltr'><strong>είς</strong></span> <span class='ocrx_word' id='word_1_517' title='bbox 1136 4248 1467 4319; x_wconf 86' lang='grc' dir='ltr'>αἰσχρότητα</span> <span class='ocrx_word' id='word_1_518' title='bbox 1492 4247 1823 4319; x_wconf 80' lang='grc' dir='ltr'>τεθηγμένον</span> <span class='ocrx_word' id='word_1_519' title='bbox 1854 4247 1977 4319; x_wconf 82' lang='grc' dir='ltr'>ἡδο-</span> 
     </span>
    </p>
   </div>
   <div class='ocr_carea' id='block_1_76' title="bbox 398 4336 1975 4410">
    <p class='ocr_par' dir='ltr' id='par_1_76' title="bbox 398 4336 1975 4410">
     <span class='ocr_line' id='line_1_76' title="bbox 398 4336 1975 4410; baseline -0.003 -14"><span class='ocrx_word' id='word_1_520' title='bbox 398 4344 538 4405; x_wconf 82' lang='grc' dir='ltr'>ναῖς,</span> <span class='ocrx_word' id='word_1_521' title='bbox 573 4340 666 4395; x_wconf 88' lang='lat' dir='ltr'><strong>xui</strong></span> <span class='ocrx_word' id='word_1_522' title='bbox 704 4340 941 4408; x_wconf 86' lang='grc' dir='ltr'>γυναίων</span> <span class='ocrx_word' id='word_1_523' title='bbox 988 4337 1157 4410; x_wconf 84' lang='grc' dir='ltr'>ὥραις</span> <span class='ocrx_word' id='word_1_524' title='bbox 1196 4338 1660 4409; x_wconf 82' lang='grc' dir='ltr'>σεσαγηνευμένον</span> <span class='ocrx_word' id='word_1_525' title='bbox 1702 4338 1782 4402; x_wconf 89' lang='grc' dir='ltr'><strong>είς</strong></span> <span class='ocrx_word' id='word_1_526' title='bbox 1820 4336 1975 4391; x_wconf 87' lang='grc' dir='ltr'><strong>ἀπώ-</strong></span> 
     </span>
    </p>
   </div>
   <div class='ocr_carea' id='block_1_77' title="bbox 399 4427 1977 4500">
    <p class='ocr_par' dir='ltr' id='par_1_77' title="bbox 399 4427 1977 4500">
     <span class='ocr_line' id='line_1_77' title="bbox 399 4427 1977 4500; baseline -0.001 -16"><span class='ocrx_word' id='word_1_527' title='bbox 399 4430 569 4484; x_wconf 81' lang='grc' dir='ltr'>λειαν.</span> <span class='ocrx_word' id='word_1_528' title='bbox 609 4429 817 4483; x_wconf 79' lang='grc' dir='ltr'>Οὐκοῦν</span> <span class='ocrx_word' id='word_1_529' title='bbox 843 4429 1109 4500; x_wconf 89' lang='grc' dir='ltr'>λελάληκε</span> <span class='ocrx_word' id='word_1_530' title='bbox 1149 4429 1247 4499; x_wconf 88' lang='grc' dir='ltr'>μὲν</span> <span class='ocrx_word' id='word_1_531' title='bbox 1289 4430 1415 4499; x_wconf 69' lang='grc' dir='ltr'>περὶ</span> <span class='ocrx_word' id='word_1_532' title='bbox 1446 4428 1618 4499; x_wconf 81' lang='grc' dir='ltr'>αὐτῆς</span> <span class='ocrx_word' id='word_1_533' title='bbox 1644 4429 1672 4481; x_wconf 79' lang='grc' dir='ltr'>ὁ</span> <span class='ocrx_word' id='word_1_534' title='bbox 1701 4427 1809 4485; x_wconf 85' lang='grc' dir='ltr'><strong>τῶν</strong></span> <span class='ocrx_word' id='word_1_535' title='bbox 1840 4430 1977 4483; x_wconf 82' lang='grc' dir='ltr'>ὅλων</span> 
     </span>
    </p>
   </div>
   <div class='ocr_carea' id='block_1_78' title="bbox 399 4519 1976 4593">
    <p class='ocr_par' dir='ltr' id='par_1_78' title="bbox 399 4519 1976 4593">
     <span class='ocr_line' id='line_1_78' title="bbox 399 4519 1976 4593; baseline 0 -17"><span class='ocrx_word' id='word_1_536' title='bbox 399 4522 554 4587; x_wconf 84' lang='grc' dir='ltr'>Θεός.</span> <span class='ocrx_word' id='word_1_537' title='bbox 601 4522 712 4576; x_wconf 77' lang='grc' dir='ltr'><strong>Καὶ</strong></span> <span class='ocrx_word' id='word_1_538' title='bbox 754 4521 849 4576; x_wconf 80' lang='grc' dir='ltr'>νῦν</span> <span class='ocrx_word' id='word_1_539' title='bbox 875 4522 930 4575; x_wconf 81' lang='grc' dir='ltr'>δὲ</span> <span class='ocrx_word' id='word_1_540' title='bbox 960 4522 1026 4575; x_wconf 80' lang='grc' dir='ltr'><strong>δι’</strong></span> <span class='ocrx_word' id='word_1_541' title='bbox 1051 4519 1184 4593; x_wconf 81' lang='grc' dir='ltr'>ἐμοῦ</span> <span class='ocrx_word' id='word_1_542' title='bbox 1231 4520 1389 4574; x_wconf 78' lang='grc' dir='ltr'>τοῦτο</span> <span class='ocrx_word' id='word_1_543' title='bbox 1428 4521 1650 4592; x_wconf 82' lang='grc' dir='ltr'>γέγονεν</span> <span class='ocrx_word' id='word_1_544' title='bbox 1692 4521 1779 4577; x_wconf 87' lang='grc' dir='ltr'><strong>ἐπ’</strong></span> <span class='ocrx_word' id='word_1_545' title='bbox 1806 4521 1976 4592; x_wconf 85' lang='grc' dir='ltr'>αὐτῆς</span> 
     </span>
    </p>
   </div>
   <div class='ocr_carea' id='block_1_79' title="bbox 400 4614 1715 4687">
    <p class='ocr_par' dir='ltr' id='par_1_79' title="bbox 400 4614 1715 4687">
     <span class='ocr_line' id='line_1_79' title="bbox 400 4614 1715 4687; baseline -0.002 -20"><span class='ocrx_word' id='word_1_546' title='bbox 400 4614 465 4667; x_wconf 81' lang='grc' dir='ltr'><strong>τδ</strong></span> <span class='ocrx_word' id='word_1_547' title='bbox 495 4615 670 4687; x_wconf 77' lang='grc' dir='ltr'>ῥῆμα,</span> <span class='ocrx_word' id='word_1_548' title='bbox 708 4614 893 4685; x_wconf 86' lang='grc' dir='ltr'>φησίν.</span> <span class='ocrx_word' id='word_1_549' title='bbox 1714 4662 1715 4665; x_wconf 45' lang='grc' dir='ltr'><strong>η</strong></span> 
     </span>
    </p>
   </div>
   <div class='ocr_carea' id='block_1_80' title="bbox 475 4701 1979 4773">
    <p class='ocr_par' dir='ltr' id='par_1_80' title="bbox 475 4701 1979 4773">
     <span class='ocr_line' id='line_1_80' title="bbox 475 4701 1979 4773; baseline -0.001 -15"><span class='ocrx_word' id='word_1_550' title='bbox 475 4705 584 4759; x_wconf 76' lang='grc' dir='ltr'><strong>Καὶ</strong></span> <span class='ocrx_word' id='word_1_551' title='bbox 625 4704 742 4758; x_wconf 78' lang='grc' dir='ltr'><strong>νῦν</strong></span> <span class='ocrx_word' id='word_1_552' title='bbox 784 4703 973 4773; x_wconf 74' lang='grc' dir='ltr'>λέγω,</span> <span class='ocrx_word' id='word_1_553' title='bbox 1004 4703 1075 4757; x_wconf 83' lang='grc' dir='ltr'>ἐν</span> <span class='ocrx_word' id='word_1_554' title='bbox 1109 4702 1309 4771; x_wconf 75' lang='grc' dir='ltr'>τρισίν</span> <span class='ocrx_word' id='word_1_555' title='bbox 1340 4701 1541 4756; x_wconf 80' lang='grc' dir='ltr'>ἐτεσιν</span> <span class='ocrx_word' id='word_1_556' title='bbox 1570 4701 1721 4755; x_wconf 76' lang='grc' dir='ltr'>ἐτῶν</span> <span class='ocrx_word' id='word_1_557' title='bbox 1752 4703 1979 4771; x_wconf 83' lang='grc' dir='ltr'>μισθω-</span> 
     </span>
    </p>
   </div>
   <div class='ocr_carea' id='block_1_81' title="bbox 2072 3330 3648 3406">
    <p class='ocr_par' dir='ltr' id='par_1_81' title="bbox 2072 3330 3648 3406">
     <span class='ocr_line' id='line_1_81' title="bbox 2072 3330 3648 3406; baseline -0.007 -13"><span class='ocrx_word' id='word_1_558' title='bbox 2072 3356 2100 3393; x_wconf 91' lang='lat' dir='ltr'><strong>a</strong></span> <span class='ocrx_word' id='word_1_559' title='bbox 2137 3339 2277 3392; x_wconf 90' lang='lat' dir='ltr'><strong>Deo:</strong></span> <span class='ocrx_word' id='word_1_560' title='bbox 2320 3340 2536 3406; x_wconf 82' lang='lat' dir='ltr'><strong>quando</strong></span> <span class='ocrx_word' id='word_1_561' title='bbox 2586 3337 2747 3389; x_wconf 88' lang='lat' dir='ltr'><strong>etiam</strong></span> <span class='ocrx_word' id='word_1_562' title='bbox 2778 3333 2987 3387; x_wconf 88' lang='lat' dir='ltr'><strong>loeutus</strong></span> <span class='ocrx_word' id='word_1_563' title='bbox 3035 3341 3138 3397; x_wconf 88' lang='lat' dir='ltr'><strong>est,</strong></span> <span class='ocrx_word' id='word_1_564' title='bbox 3173 3332 3225 3384; x_wconf 87' lang='lat' dir='ltr'><strong>id</strong></span> <span class='ocrx_word' id='word_1_565' title='bbox 3270 3341 3374 3394; x_wconf 85' lang='lat' dir='ltr'><strong>est,</strong></span> <span class='ocrx_word' id='word_1_566' title='bbox 3434 3330 3648 3384; x_wconf 85' lang='lat' dir='ltr'><strong>etiamsi</strong></span> 
     </span>
    </p>
   </div>
   <div class='ocr_carea' id='block_1_82' title="bbox 2073 3422 3650 3498">
    <p class='ocr_par' dir='ltr' id='par_1_82' title="bbox 2073 3422 3650 3498">
     <span class='ocr_line' id='line_1_82' title="bbox 2073 3422 3650 3498; baseline -0.006 -15"><span class='ocrx_word' id='word_1_567' title='bbox 2073 3440 2359 3497; x_wconf 85' lang='lat' dir='ltr'><strong>antequam</strong></span> <span class='ocrx_word' id='word_1_568' title='bbox 2399 3443 2494 3498; x_wconf 90' lang='lat' dir='ltr'><strong>per</strong></span> <span class='ocrx_word' id='word_1_569' title='bbox 2519 3440 2603 3479; x_wconf 90' lang='lat' dir='ltr'><strong>me</strong></span> <span class='ocrx_word' id='word_1_570' title='bbox 2650 3429 2814 3479; x_wconf 84' lang='lat' dir='ltr'><strong>verba</strong></span> <span class='ocrx_word' id='word_1_571' title='bbox 2850 3423 3063 3488; x_wconf 87' lang='lat' dir='ltr'><strong>ﬁerent,</strong></span> <span class='ocrx_word' id='word_1_572' title='bbox 3115 3422 3515 3492; x_wconf 86' lang='lat' dir='ltr'><strong>quamplurima</strong></span> <span class='ocrx_word' id='word_1_573' title='bbox 3583 3422 3650 3474; x_wconf 87' lang='lat' dir='ltr'><strong>de</strong></span> 
     </span>
    </p>
   </div>
   <div class='ocr_carea' id='block_1_83' title="bbox 2073 3512 3643 3578">
    <p class='ocr_par' dir='ltr' id='par_1_83' title="bbox 2073 3512 3643 3578">
     <span class='ocr_line' id='line_1_83' title="bbox 2073 3512 3643 3578; baseline -0.007 -4"><span class='ocrx_word' id='word_1_574' title='bbox 2073 3536 2137 3575; x_wconf 88' lang='lat' dir='ltr'><strong>ea</strong></span> <span class='ocrx_word' id='word_1_575' title='bbox 2166 3521 2376 3574; x_wconf 86' lang='lat' dir='ltr'><strong>locutus</strong></span> <span class='ocrx_word' id='word_1_576' title='bbox 2406 3528 2505 3578; x_wconf 86' lang='lat' dir='ltr'><strong>est,</strong></span> <span class='ocrx_word' id='word_1_577' title='bbox 2540 3525 2597 3571; x_wconf 88' lang='lat' dir='ltr'><strong>et</strong></span> <span class='ocrx_word' id='word_1_578' title='bbox 2620 3515 2689 3569; x_wconf 86' lang='lat' dir='ltr'><strong>ob</strong></span> <span class='ocrx_word' id='word_1_579' title='bbox 2713 3515 2922 3571; x_wconf 89' lang='lat' dir='ltr'><strong>inﬁnita</strong></span> <span class='ocrx_word' id='word_1_580' title='bbox 2966 3513 3103 3566; x_wconf 84' lang='lat' dir='ltr'><strong>mala</strong></span> <span class='ocrx_word' id='word_1_581' title='bbox 3143 3528 3263 3567; x_wconf 83' lang='lat' dir='ltr'><strong>eam</strong></span> <span class='ocrx_word' id='word_1_582' title='bbox 3293 3512 3643 3566; x_wconf 84' lang='lat' dir='ltr'><strong>insimulavit.</strong></span> 
     </span>
    </p>
   </div>
   <div class='ocr_carea' id='block_1_84' title="bbox 2073 3603 3652 3677">
    <p class='ocr_par' dir='ltr' id='par_1_84' title="bbox 2073 3603 3652 3677">
     <span class='ocr_line' id='line_1_84' title="bbox 2073 3603 3652 3677; baseline -0.003 -13"><span class='ocrx_word' id='word_1_583' title='bbox 2073 3610 2531 3677; x_wconf 86' lang='lat' dir='ltr'><strong>Quemadmodum</strong></span> <span class='ocrx_word' id='word_1_584' title='bbox 2570 3608 2731 3677; x_wconf 76' lang='lat' dir='ltr'><strong>enim]</strong></span> <span class='ocrx_word' id='word_1_585' title='bbox 2760 3606 3007 3677; x_wconf 85' lang='lat' dir='ltr'><strong>superius</strong></span> <span class='ocrx_word' id='word_1_586' title='bbox 3056 3606 3188 3670; x_wconf 80' lang='lat' dir='ltr'><strong>dixi,</strong></span> <span class='ocrx_word' id='word_1_587' title='bbox 3215 3605 3429 3659; x_wconf 86' lang='lat' dir='ltr'><strong>divinus</strong></span> <span class='ocrx_word' id='word_1_588' title='bbox 3475 3603 3652 3659; x_wconf 79' lang='lat' dir='ltr'><strong>Moses</strong></span> 
     </span>
    </p>
   </div>
   <div class='ocr_carea' id='block_1_85' title="bbox 2073 3698 3657 3772">
    <p class='ocr_par' dir='ltr' id='par_1_85' title="bbox 2073 3698 3657 3772">
     <span class='ocr_line' id='line_1_85' title="bbox 2073 3698 3657 3772; baseline -0.001 -17"><span class='ocrx_word' id='word_1_589' title='bbox 2073 3702 2247 3772; x_wconf 79' lang='lat' dir='ltr'><strong>gentis</strong></span> <span class='ocrx_word' id='word_1_590' title='bbox 2276 3700 2432 3768; x_wconf 83' lang='lat' dir='ltr'><strong>hujus</strong></span> <span class='ocrx_word' id='word_1_591' title='bbox 2457 3710 2844 3755; x_wconf 86' lang='lat' dir='ltr'><strong>commemorat</strong></span> <span class='ocrx_word' id='word_1_592' title='bbox 2870 3699 3303 3769; x_wconf 80' lang='lat' dir='ltr'><strong>perversitatem,</strong></span> <span class='ocrx_word' id='word_1_593' title='bbox 3326 3706 3380 3752; x_wconf 82' lang='lat' dir='ltr'><strong>et</strong></span> <span class='ocrx_word' id='word_1_594' title='bbox 3405 3698 3457 3751; x_wconf 92' lang='lat' dir='ltr'><strong>in</strong></span> <span class='ocrx_word' id='word_1_595' title='bbox 3488 3698 3657 3753; x_wconf 85' lang='lat' dir='ltr'><strong>odio-&#39;</strong></span> 
     </span>
    </p>
   </div>
   <div class='ocr_carea' id='block_1_86' title="bbox 2073 3784 3647 3869">
    <p class='ocr_par' dir='ltr' id='par_1_86' title="bbox 2073 3784 3647 3869">
     <span class='ocr_line' id='line_1_86' title="bbox 2073 3784 3647 3869; baseline -0.001 -21"><span class='ocrx_word' id='word_1_596' title='bbox 2073 3793 2301 3848; x_wconf 87' lang='lat' dir='ltr'><strong>sissimis</strong></span> <span class='ocrx_word' id='word_1_597' title='bbox 2359 3809 2422 3869; x_wconf 83' lang='lat' dir='ltr'><strong>ac</strong></span> <span class='ocrx_word' id='word_1_598' title='bbox 2447 3784 2815 3847; x_wconf 79' lang='lat' dir='ltr'><strong>infestissimis</strong></span> <span class='ocrx_word' id='word_1_599' title='bbox 2846 3791 3026 3846; x_wconf 85' lang='lat' dir='ltr'><strong>haberi</strong></span> <span class='ocrx_word' id='word_1_600' title='bbox 3046 3791 3224 3861; x_wconf 83' lang='lat' dir='ltr'><strong>jussit.</strong></span> <span class='ocrx_word' id='word_1_601' title='bbox 3274 3790 3415 3847; x_wconf 79' lang='lat' dir='ltr'><strong>Dixit</strong></span> <span class='ocrx_word' id='word_1_602' title='bbox 3448 3791 3647 3861; x_wconf 82' lang='lat' dir='ltr'><strong>itaque:</strong></span> 
     </span>
    </p>
   </div>
   <div class='ocr_carea' id='block_1_87' title="bbox 2074 3880 3649 3953">
    <p class='ocr_par' dir='ltr' id='par_1_87' title="bbox 2074 3880 3649 3953">
     <span class='ocr_line' id='line_1_87' title="bbox 2074 3880 3649 3953; baseline -0.001 -16"><span class='ocrx_word' id='word_1_603' title='bbox 2074 3884 2190 3939; x_wconf 83' lang='lat' dir='ltr'><strong>Non</strong></span> <span class='ocrx_word' id='word_1_604' title='bbox 2218 3885 2545 3953; x_wconf 78' lang='lat' dir='ltr'><strong>ingredietur</strong></span> <span class='ocrx_word' id='word_1_605' title='bbox 2566 3884 2899 3948; x_wconf 86' lang='lat' dir='ltr'><strong>Ammanita,</strong></span> <span class='ocrx_word' id='word_1_606' title='bbox 2923 3890 2979 3937; x_wconf 84' lang='lat' dir='ltr'><strong>et</strong></span> <span class='ocrx_word' id='word_1_607' title='bbox 3001 3881 3229 3936; x_wconf 76' lang='lat' dir='ltr'><strong>Moabita</strong></span> <span class='ocrx_word' id='word_1_608' title='bbox 3267 3880 3321 3934; x_wconf 92' lang='lat' dir='ltr'><strong>in</strong></span> <span class='ocrx_word' id='word_1_609' title='bbox 3364 3880 3649 3936; x_wconf 82' lang='lat' dir='ltr'><strong>ecclesiam</strong></span> 
     </span>
    </p>
   </div>
   <div class='ocr_carea' id='block_1_88' title="bbox 2074 3974 3648 4047">
    <p class='ocr_par' dir='ltr' id='par_1_88' title="bbox 2074 3974 3648 4047">
     <span class='ocr_line' id='line_1_88' title="bbox 2074 3974 3648 4047; baseline 0.001 -19"><span class='ocrx_word' id='word_1_610' title='bbox 2074 3977 2231 4047; x_wconf 71' lang='lat'><strong>231</strong></span> <span class='ocrx_word' id='word_1_611' title='bbox 2284 3975 2517 4040; x_wconf 87' lang='lat' dir='ltr'><strong>Domini,</strong></span> <span class='ocrx_word' id='word_1_612' title='bbox 2549 3975 2715 4031; x_wconf 86' lang='lat' dir='ltr'><strong>etiam</strong></span> <span class='ocrx_word' id='word_1_613' title='bbox 2767 3987 2934 4044; x_wconf 87' lang='lat' dir='ltr'><strong>usque</strong></span> <span class='ocrx_word' id='word_1_614' title='bbox 2986 3974 3051 4028; x_wconf 85' lang='lat' dir='ltr'><strong>ad</strong></span> <span class='ocrx_word' id='word_1_615' title='bbox 3093 3974 3356 4028; x_wconf 84' lang='lat' dir='ltr'><strong>decimam</strong></span> <span class='ocrx_word' id='word_1_616' title='bbox 3411 3982 3648 4029; x_wconf 60' lang='lat' dir='ltr'><strong>atatem.</strong></span> 
     </span>
    </p>
   </div>
   <div class='ocr_carea' id='block_1_89' title="bbox 2074 4063 3650 4137">
    <p class='ocr_par' dir='ltr' id='par_1_89' title="bbox 2074 4063 3650 4137">
     <span class='ocr_line' id='line_1_89' title="bbox 2074 4063 3650 4137; baseline -0.003 -14"><span class='ocrx_word' id='word_1_617' title='bbox 2074 4072 2312 4124; x_wconf 83' lang='lat' dir='ltr'><strong>Abduxit</strong></span> <span class='ocrx_word' id='word_1_618' title='bbox 2364 4071 2489 4123; x_wconf 89' lang='lat' dir='ltr'><strong>item</strong></span> <span class='ocrx_word' id='word_1_619' title='bbox 2539 4066 2827 4137; x_wconf 86' lang='lat' dir='ltr'><strong>aliquando</strong></span> <span class='ocrx_word' id='word_1_620' title='bbox 2878 4065 3130 4121; x_wconf 83' lang='lat' dir='ltr'><strong>lsraelem</strong></span> <span class='ocrx_word' id='word_1_621' title='bbox 3179 4080 3208 4119; x_wconf 90' lang='lat' dir='ltr'><strong>a</strong></span> <span class='ocrx_word' id='word_1_622' title='bbox 3273 4063 3541 4118; x_wconf 79' lang='lat' dir='ltr'><strong>cliaritate</strong></span> <span class='ocrx_word' id='word_1_623' title='bbox 3594 4064 3650 4119; x_wconf 90' lang='lat' dir='ltr'><strong>in</strong></span> 
     </span>
    </p>
   </div>
   <div class='ocr_carea' id='block_1_90' title="bbox 2077 4154 3654 4230">
    <p class='ocr_par' dir='ltr' id='par_1_90' title="bbox 2077 4154 3654 4230">
     <span class='ocr_line' id='line_1_90' title="bbox 2077 4154 3654 4230; baseline -0.003 -15"><span class='ocrx_word' id='word_1_624' title='bbox 2077 4160 2276 4225; x_wconf 88' lang='lat' dir='ltr'><strong>Deum,</strong></span> <span class='ocrx_word' id='word_1_625' title='bbox 2322 4160 2696 4230; x_wconf 79' lang='lat' dir='ltr'><strong>persuasitque</strong></span> <span class='ocrx_word' id='word_1_626' title='bbox 2720 4159 2947 4212; x_wconf 84' lang='lat' dir='ltr'><strong>adorare</strong></span> <span class='ocrx_word' id='word_1_627' title='bbox 2979 4156 3327 4226; x_wconf 78' lang='lat' dir='ltr'><strong>Beelphegor,</strong></span> <span class='ocrx_word' id='word_1_628' title='bbox 3365 4154 3654 4224; x_wconf 83' lang='lat' dir='ltr'><strong>voluptati-</strong></span> 
     </span>
    </p>
   </div>
   <div class='ocr_carea' id='block_1_91' title="bbox 2076 4248 3650 4315">
    <p class='ocr_par' dir='ltr' id='par_1_91' title="bbox 2076 4248 3650 4315">
     <span class='ocr_line' id='line_1_91' title="bbox 2076 4248 3650 4315; baseline -0.004 -6"><span class='ocrx_word' id='word_1_629' title='bbox 2076 4254 2177 4310; x_wconf 89' lang='lat' dir='ltr'><strong>bus</strong></span> <span class='ocrx_word' id='word_1_630' title='bbox 2204 4257 2270 4308; x_wconf 86' lang='lat' dir='ltr'><strong>ad</strong></span> <span class='ocrx_word' id='word_1_631' title='bbox 2303 4254 2603 4309; x_wconf 74' lang='lat' dir='ltr'><strong>fteditatem</strong></span> <span class='ocrx_word' id='word_1_632' title='bbox 2655 4250 3010 4315; x_wconf 85' lang='lat' dir='ltr'><strong>stimulatum,</strong></span> <span class='ocrx_word' id='word_1_633' title='bbox 3037 4260 3092 4305; x_wconf 90' lang='lat' dir='ltr'><strong>et</strong></span> <span class='ocrx_word' id='word_1_634' title='bbox 3119 4259 3403 4304; x_wconf 78' lang='lat' dir='ltr'><strong>venustate</strong></span> <span class='ocrx_word' id='word_1_635' title='bbox 3425 4248 3650 4303; x_wconf 78' lang='lat' dir='ltr'><strong>mulier-</strong></span> 
     </span>
    </p>
   </div>
   <div class='ocr_carea' id='block_1_92' title="bbox 2077 4339 3651 4415">
    <p class='ocr_par' dir='ltr' id='par_1_92' title="bbox 2077 4339 3651 4415">
     <span class='ocr_line' id='line_1_92' title="bbox 2077 4339 3651 4415; baseline -0.003 -15"><span class='ocrx_word' id='word_1_636' title='bbox 2077 4348 2319 4400; x_wconf 75' lang='lat' dir='ltr'><strong>culorum</strong></span> <span class='ocrx_word' id='word_1_637' title='bbox 2353 4346 2699 4415; x_wconf 87' lang='lat' dir='ltr'><strong>illaqueatum</strong></span> <span class='ocrx_word' id='word_1_638' title='bbox 2751 4343 2819 4397; x_wconf 86' lang='lat' dir='ltr'><strong>ad</strong></span> <span class='ocrx_word' id='word_1_639' title='bbox 2865 4342 3163 4397; x_wconf 77' lang='lat' dir='ltr'><strong>interitum.</strong></span> <span class='ocrx_word' id='word_1_640' title='bbox 3227 4340 3412 4410; x_wconf 81' lang='lat' dir='ltr'><strong>Itaque</strong></span> <span class='ocrx_word' id='word_1_641' title='bbox 3467 4339 3535 4394; x_wconf 89' lang='lat' dir='ltr'><strong>de</strong></span> <span class='ocrx_word' id='word_1_642' title='bbox 3587 4355 3651 4395; x_wconf 85' lang='lat' dir='ltr'><strong>ea</strong></span> 
     </span>
    </p>
   </div>
   <div class='ocr_carea' id='block_1_93' title="bbox 2076 4432 3655 4502">
    <p class='ocr_par' dir='ltr' id='par_1_93' title="bbox 2076 4432 3655 4502">
     <span class='ocr_line' id='line_1_93' title="bbox 2076 4432 3655 4502; baseline -0.003 -10"><span class='ocrx_word' id='word_1_643' title='bbox 2076 4438 2286 4492; x_wconf 82' lang='lat' dir='ltr'><strong>locutus</strong></span> <span class='ocrx_word' id='word_1_644' title='bbox 2307 4445 2389 4491; x_wconf 89' lang='lat' dir='ltr'><strong>est</strong></span> <span class='ocrx_word' id='word_1_645' title='bbox 2411 4435 2777 4490; x_wconf 84' lang='lat' dir='ltr'><strong>universitatis</strong></span> <span class='ocrx_word' id='word_1_646' title='bbox 2818 4434 2981 4493; x_wconf 86' lang='lat' dir='ltr'><strong>Deus.</strong></span> <span class='ocrx_word' id='word_1_647' title='bbox 3025 4433 3087 4487; x_wconf 86' lang='lat' dir='ltr'><strong>Et</strong></span> <span class='ocrx_word' id='word_1_648' title='bbox 3122 4447 3289 4492; x_wconf 88' lang='lat' dir='ltr'><strong>nunc.</strong></span> <span class='ocrx_word' id='word_1_649' title='bbox 3323 4432 3517 4502; x_wconf 80' lang='lat' dir='ltr'><strong>inquit,</strong></span> <span class='ocrx_word' id='word_1_650' title='bbox 3557 4446 3655 4488; x_wconf 69' lang='grc' dir='ltr'><strong>οτι</strong></span> 
     </span>
    </p>
   </div>
   <div class='ocr_carea' id='block_1_94' title="bbox 2082 4527 3059 4595">
    <p class='ocr_par' dir='ltr' id='par_1_94' title="bbox 2082 4527 3059 4595">
     <span class='ocr_line' id='line_1_94' title="bbox 2082 4527 3059 4595; baseline -0.003 -12"><span class='ocrx_word' id='word_1_651' title='bbox 2082 4543 2170 4583; x_wconf 88' lang='lat' dir='ltr'><strong>me</strong></span> <span class='ocrx_word' id='word_1_652' title='bbox 2201 4528 2404 4582; x_wconf 81' lang='lat' dir='ltr'><strong>factum</strong></span> <span class='ocrx_word' id='word_1_653' title='bbox 2432 4535 2516 4581; x_wconf 85' lang='lat' dir='ltr'><strong>est</strong></span> <span class='ocrx_word' id='word_1_654' title='bbox 2534 4527 2757 4581; x_wconf 88' lang='lat' dir='ltr'><strong>verbum</strong></span> <span class='ocrx_word' id='word_1_655' title='bbox 2779 4539 2941 4595; x_wconf 82' lang='lat' dir='ltr'><strong>super</strong></span> <span class='ocrx_word' id='word_1_656' title='bbox 2970 4539 3059 4580; x_wconf 89' lang='lat' dir='ltr'><strong>ea.</strong></span> 
     </span>
    </p>
   </div>
   <div class='ocr_carea' id='block_1_95' title="bbox 2148 4702 3651 4768">
    <p class='ocr_par' dir='ltr' id='par_1_95' title="bbox 2148 4702 3651 4768">
     <span class='ocr_line' id='line_1_95' title="bbox 2148 4702 3651 4768; baseline -0.005 -6"><span class='ocrx_word' id='word_1_657' title='bbox 2148 4707 2312 4763; x_wconf 71' lang='lat' dir='ltr'><strong>Vens.</strong></span> <span class='ocrx_word' id='word_1_658' title='bbox 2338 4704 2427 4760; x_wconf 77' lang='grc'><strong>14.</strong></span> <span class='ocrx_word' id='word_1_659' title='bbox 2468 4704 2536 4759; x_wconf 83' lang='grc' dir='ltr'>Ει</span> <span class='ocrx_word' id='word_1_660' title='bbox 2553 4720 2689 4759; x_wconf 78' lang='lat' dir='ltr'><strong>nunc</strong></span> <span class='ocrx_word' id='word_1_661' title='bbox 2710 4704 2850 4768; x_wconf 87' lang='lat' dir='ltr'><strong>dico,</strong></span> <span class='ocrx_word' id='word_1_662' title='bbox 2872 4704 2927 4757; x_wconf 84' lang='lat' dir='ltr'><strong>in</strong></span> <span class='ocrx_word' id='word_1_663' title='bbox 2977 4702 3333 4758; x_wconf 71' lang='lat' dir='ltr'><strong>tribus-anuis</strong></span> <span class='ocrx_word' id='word_1_664' title='bbox 3387 4716 3651 4756; x_wconf 83' lang='lat' dir='ltr'><strong>annorum</strong></span> 
     </span>
    </p>
   </div>
   <div class='ocr_carea' id='block_1_96' title="bbox 402 4791 1969 4867">
    <p class='ocr_par' dir='ltr' id='par_1_96' title="bbox 402 4791 1969 4863">
     <span class='ocr_line' id='line_1_96' title="bbox 402 4791 1969 4863; baseline -0.003 -14"><span class='ocrx_word' id='word_1_665' title='bbox 402 4794 511 4849; x_wconf 80' lang='grc' dir='ltr'><strong>τοῦ</strong></span> <span class='ocrx_word' id='word_1_666' title='bbox 565 4792 1035 4863; x_wconf 74' lang='grc' dir='ltr'>ἀτιμασθήσεται</span> <span class='ocrx_word' id='word_1_667' title='bbox 1074 4794 1111 4862; x_wconf 80' lang='grc' dir='ltr'><strong>ή</strong></span> <span class='ocrx_word' id='word_1_668' title='bbox 1158 4791 1309 4857; x_wconf 81' lang='grc' dir='ltr'>δόξα</span> <span class='ocrx_word' id='word_1_669' title='bbox 1364 4793 1578 4858; x_wconf 80' lang='grc' dir='ltr'>Μωὰϐ,</span> <span class='ocrx_word' id='word_1_670' title='bbox 1628 4791 1750 4846; x_wconf 83' lang='grc' dir='ltr'><strong>σὺν</strong></span> <span class='ocrx_word' id='word_1_671' title='bbox 1800 4793 1969 4848; x_wconf 71' lang='grc' dir='ltr'>παντί</span> 
     </span>
    </p>
   </div>
   <div class='ocr_carea' id='block_1_97' title="bbox 2071 4791 3656 4867">
    <p class='ocr_par' dir='ltr' id='par_1_97' title="bbox 2078 4793 3656 4867">
     <span class='ocr_line' id='line_1_97' title="bbox 2078 4793 3656 4867; baseline -0.003 -15"><span class='ocrx_word' id='word_1_672' title='bbox 2078 4799 2407 4865; x_wconf 84' lang='lat' dir='ltr'><strong>mercenarii,</strong></span> <span class='ocrx_word' id='word_1_673' title='bbox 2454 4797 2743 4867; x_wconf 83' lang='lat' dir='ltr'><strong>ignominia</strong></span> <span class='ocrx_word' id='word_1_674' title='bbox 2783 4796 3249 4867; x_wconf 73' lang='lat' dir='ltr'><strong>afﬁcietur-gloria</strong></span> <span class='ocrx_word' id='word_1_675' title='bbox 3300 4793 3459 4848; x_wconf 69' lang='lat' dir='ltr'><strong>Moab</strong></span> <span class='ocrx_word' id='word_1_676' title='bbox 3534 4810 3656 4848; x_wconf 83' lang='lat' dir='ltr'><strong>cum</strong></span> 
     </span>
    </p>
   </div>
   <div class='ocr_carea' id='block_1_98' title="bbox 402 4882 1969 4960">
    <p class='ocr_par' dir='ltr' id='par_1_98' title="bbox 402 4882 1969 4955">
     <span class='ocr_line' id='line_1_98' title="bbox 402 4882 1969 4955; baseline 0 -17"><span class='ocrx_word' id='word_1_677' title='bbox 402 4882 485 4950; x_wconf 85' lang='grc' dir='ltr'>τῷ</span> <span class='ocrx_word' id='word_1_678' title='bbox 525 4885 767 4947; x_wconf 74' lang='grc' dir='ltr'>πλούτῳ</span> <span class='ocrx_word' id='word_1_679' title='bbox 794 4883 873 4950; x_wconf 86' lang='grc' dir='ltr'>τῷ</span> <span class='ocrx_word' id='word_1_680' title='bbox 896 4884 1122 4950; x_wconf 79' lang='grc' dir='ltr'>πολλῷ,</span> <span class='ocrx_word' id='word_1_681' title='bbox 1151 4885 1252 4939; x_wconf 80' lang='grc' dir='ltr'>καὶ</span> <span class='ocrx_word' id='word_1_682' title='bbox 1292 4883 1834 4955; x_wconf 72' lang='grc' dir='ltr'>καταλειφθήσεται</span> <span class='ocrx_word' id='word_1_683' title='bbox 1860 4885 1969 4939; x_wconf 57' lang='lat' dir='ltr'><strong>dxt-</strong></span> 
     </span>
    </p>
   </div>
   <div class='ocr_carea' id='block_1_99' title="bbox 2071 4882 3658 4960">
    <p class='ocr_par' dir='ltr' id='par_1_99' title="bbox 2079 4889 3658 4960">
     <span class='ocr_line' id='line_1_99' title="bbox 2079 4889 3658 4960; baseline -0.003 -16"><span class='ocrx_word' id='word_1_684' title='bbox 2079 4891 2315 4945; x_wconf 76' lang='lat' dir='ltr'><strong>omnibus</strong></span> <span class='ocrx_word' id='word_1_685' title='bbox 2360 4890 2579 4951; x_wconf 73' lang='lat' dir='ltr'><strong>divitiis,</strong></span> <span class='ocrx_word' id='word_1_686' title='bbox 2620 4891 2790 4960; x_wconf 75' lang='lat' dir='ltr'><strong>iisque</strong></span> <span class='ocrx_word' id='word_1_687' title='bbox 2828 4889 3031 4954; x_wconf 78' lang='lat' dir='ltr'><strong>multis,</strong></span> <span class='ocrx_word' id='word_1_688' title='bbox 3056 4897 3112 4942; x_wconf 74' lang='grc' dir='ltr'>ει·</span> <span class='ocrx_word' id='word_1_689' title='bbox 3145 4889 3471 4957; x_wconf 80' lang='lat' dir='ltr'><strong>relinquetur</strong></span> <span class='ocrx_word' id='word_1_690' title='bbox 3522 4902 3658 4956; x_wconf 78' lang='lat' dir='ltr'><strong>pau-</strong></span> 
     </span>
    </p>
   </div>
   <div class='ocr_carea' id='block_1_100' title="bbox 402 4973 1969 5049">
    <p class='ocr_par' dir='ltr' id='par_1_100' title="bbox 402 4973 1201 5045">
     <span class='ocr_line' id='line_1_100' title="bbox 402 4973 1201 5045; baseline 0.003 -17"><span class='ocrx_word' id='word_1_691' title='bbox 402 4973 623 5045; x_wconf 80' lang='grc' dir='ltr'>τοστὸς</span> <span class='ocrx_word' id='word_1_692' title='bbox 666 4975 762 5029; x_wconf 79' lang='grc' dir='ltr'><strong>καί</strong></span> <span class='ocrx_word' id='word_1_693' title='bbox 799 4977 912 5029; x_wconf 79' lang='grc' dir='ltr'><strong>οὐκ</strong></span> <span class='ocrx_word' id='word_1_694' title='bbox 944 4975 1201 5045; x_wconf 73' lang='grc' dir='ltr'>ἔντιμος.</span> 
     </span>
    </p>
   </div>
   <div class='ocr_carea' id='block_1_101' title="bbox 2071 4973 2893 5049">
    <p class='ocr_par' dir='ltr' id='par_1_101' title="bbox 2081 4984 2893 5049">
     <span class='ocr_line' id='line_1_101' title="bbox 2081 4984 2893 5049; baseline -0.002 -12"><span class='ocrx_word' id='word_1_695' title='bbox 2081 4986 2345 5049; x_wconf 75' lang='lat' dir='ltr'><strong>cissimus,</strong></span> <span class='ocrx_word' id='word_1_696' title='bbox 2367 4995 2413 5037; x_wconf 81' lang='lat' dir='ltr'><strong>et</strong></span> <span class='ocrx_word' id='word_1_697' title='bbox 2441 5000 2547 5038; x_wconf 79' lang='lat' dir='ltr'><strong>non</strong></span> <span class='ocrx_word' id='word_1_698' title='bbox 2580 4984 2893 5036; x_wconf 74' lang='lat' dir='ltr'><strong>honoratus.</strong></span> 
     </span>
    </p>
   </div>
   <div class='ocr_carea' id='block_1_102' title="bbox 475 5067 1969 5140">
    <p class='ocr_par' dir='ltr' id='par_1_102' title="bbox 475 5067 1969 5140">
     <span class='ocr_line' id='line_1_102' title="bbox 475 5067 1969 5140; baseline 0.003 -20"><span class='ocrx_word' id='word_1_699' title='bbox 475 5068 570 5130; x_wconf 80' lang='grc' dir='ltr'><strong>Εἰς</strong></span> <span class='ocrx_word' id='word_1_700' title='bbox 616 5067 922 5138; x_wconf 81' lang='grc' dir='ltr'>ἀνάμνησιν</span> <span class='ocrx_word' id='word_1_701' title='bbox 968 5068 1206 5139; x_wconf 79' lang='grc' dir='ltr'>ἱστορίας</span> <span class='ocrx_word' id='word_1_702' title='bbox 1253 5070 1402 5140; x_wconf 82' lang='grc' dir='ltr'>ἡμᾶς</span> <span class='ocrx_word' id='word_1_703' title='bbox 1436 5069 1529 5123; x_wconf 89' lang='lat' dir='ltr'><strong>xui</strong></span> <span class='ocrx_word' id='word_1_704' title='bbox 1578 5067 1672 5125; x_wconf 79' lang='grc' dir='ltr'>νῦν</span> <span class='ocrx_word' id='word_1_705' title='bbox 1699 5071 1727 5123; x_wconf 87' lang='grc' dir='ltr'>ὁ</span> <span class='ocrx_word' id='word_1_706' title='bbox 1770 5086 1969 5140; x_wconf 78' lang='grc' dir='ltr'>προφη·</span> 
     </span>
    </p>
   </div>
   <div class='ocr_carea' id='block_1_103' title="bbox 2071 5067 3651 5140">
    <p class='ocr_par' dir='ltr' id='par_1_103' title="bbox 2156 5070 3651 5140">
     <span class='ocr_line' id='line_1_103' title="bbox 2156 5070 3651 5140; baseline -0.003 -10"><span class='ocrx_word' id='word_1_707' title='bbox 2156 5077 2235 5130; x_wconf 84' lang='lat' dir='ltr'><strong>Ad</strong></span> <span class='ocrx_word' id='word_1_708' title='bbox 2311 5075 2875 5132; x_wconf 83' lang='lat' dir='ltr'><strong>commemorationem</strong></span> <span class='ocrx_word' id='word_1_709' title='bbox 2953 5070 3193 5127; x_wconf 65' lang='lat' dir='ltr'><strong>historia)</strong></span> <span class='ocrx_word' id='word_1_710' title='bbox 3235 5084 3380 5124; x_wconf 91' lang='lat' dir='ltr'><strong>nunc</strong></span> <span class='ocrx_word' id='word_1_711' title='bbox 3433 5084 3651 5140; x_wconf 86' lang='lat' dir='ltr'><strong>quoque</strong></span> 
     </span>
    </p>
   </div>
   <div class='ocr_carea' id='block_1_104' title="bbox 402 5157 1969 5238">
    <p class='ocr_par' dir='ltr' id='par_1_104' title="bbox 402 5157 1969 5233">
     <span class='ocr_line' id='line_1_104' title="bbox 402 5157 1969 5233; baseline 0.003 -22"><span class='ocrx_word' id='word_1_712' title='bbox 402 5158 552 5221; x_wconf 81' lang='grc' dir='ltr'>τικὸς</span> <span class='ocrx_word' id='word_1_713' title='bbox 601 5157 924 5228; x_wconf 79' lang='grc' dir='ltr'>ἀποκομίςει</span> <span class='ocrx_word' id='word_1_714' title='bbox 978 5158 1152 5228; x_wconf 84' lang='grc' dir='ltr'>λόγος.</span> <span class='ocrx_word' id='word_1_715' title='bbox 1205 5160 1664 5232; x_wconf 75' lang='grc' dir='ltr'>Ἀποφοιτήσασαι</span> <span class='ocrx_word' id='word_1_716' title='bbox 1713 5161 1820 5233; x_wconf 86' lang='grc' dir='ltr'><strong>γὰρ</strong></span> <span class='ocrx_word' id='word_1_717' title='bbox 1869 5162 1969 5215; x_wconf 84' lang='grc' dir='ltr'><strong>τῶν</strong></span> 
     </span>
    </p>
   </div>
   <div class='ocr_carea' id='block_1_105' title="bbox 2071 5157 3653 5238">
    <p class='ocr_par' dir='ltr' id='par_1_105' title="bbox 2086 5164 3653 5238">
     <span class='ocr_line' id='line_1_105' title="bbox 2086 5164 3653 5238; baseline -0.004 -14"><span class='ocrx_word' id='word_1_718' title='bbox 2086 5179 2301 5225; x_wconf 85' lang='lat' dir='ltr'><strong>revocat</strong></span> <span class='ocrx_word' id='word_1_719' title='bbox 2324 5180 2422 5225; x_wconf 87' lang='lat' dir='ltr'><strong>nos</strong></span> <span class='ocrx_word' id='word_1_720' title='bbox 2448 5183 2627 5224; x_wconf 91' lang='lat' dir='ltr'><strong>sermo</strong></span> <span class='ocrx_word' id='word_1_721' title='bbox 2658 5166 3021 5238; x_wconf 88' lang='lat' dir='ltr'><strong>propheticus.</strong></span> <span class='ocrx_word' id='word_1_722' title='bbox 3082 5166 3433 5220; x_wconf 82' lang='lat' dir='ltr'><strong>Secesserunt</strong></span> <span class='ocrx_word' id='word_1_723' title='bbox 3500 5164 3653 5217; x_wconf 86' lang='lat' dir='ltr'><strong>vide-</strong></span> 
     </span>
    </p>
   </div>
   <div class='ocr_carea' id='block_1_106' title="bbox 415 5250 1969 5335">
    <p class='ocr_par' dir='ltr' id='par_1_106' title="bbox 415 5250 1969 5335">
     <span class='ocr_line' id='line_1_106' title="bbox 415 5250 1969 5335; baseline 0.001 -30"><span class='ocrx_word' id='word_1_724' title='bbox 415 5250 800 5322; x_wconf 84' lang='grc' dir='ltr'>Ἰεροσολύμων</span> <span class='ocrx_word' id='word_1_725' title='bbox 830 5251 960 5335; x_wconf 79' lang='grc' dir='ltr'>δέκα</span> <span class='ocrx_word' id='word_1_726' title='bbox 988 5250 1082 5305; x_wconf 79' lang='grc' dir='ltr'>τοῦ</span> <span class='ocrx_word' id='word_1_727' title='bbox 1118 5251 1331 5323; x_wconf 83' lang='grc' dir='ltr'>Ἰσραὴλ</span> <span class='ocrx_word' id='word_1_728' title='bbox 1364 5252 1546 5321; x_wconf 76' lang='grc' dir='ltr'>φυλαὶ,</span> <span class='ocrx_word' id='word_1_729' title='bbox 1588 5254 1681 5307; x_wconf 80' lang='grc' dir='ltr'>καὶ</span> <span class='ocrx_word' id='word_1_730' title='bbox 1718 5254 1777 5306; x_wconf 82' lang='grc' dir='ltr'>τὸ</span> <span class='ocrx_word' id='word_1_731' title='bbox 1806 5254 1969 5325; x_wconf 79' lang='grc' dir='ltr'>ἥμισυ</span> 
     </span>
    </p>
   </div>
   <div class='ocr_carea' id='block_1_107' title="bbox 2071 5250 3656 5335">
    <p class='ocr_par' dir='ltr' id='par_1_107' title="bbox 2084 5253 3656 5330">
     <span class='ocr_line' id='line_1_107' title="bbox 2084 5253 3656 5330; baseline -0.003 -15"><span class='ocrx_word' id='word_1_732' title='bbox 2084 5260 2213 5317; x_wconf 90' lang='lat' dir='ltr'><strong>licet</strong></span> <span class='ocrx_word' id='word_1_733' title='bbox 2234 5259 2303 5317; x_wconf 86' lang='lat' dir='ltr'><strong>ab</strong></span> <span class='ocrx_word' id='word_1_734' title='bbox 2325 5259 2708 5330; x_wconf 84' lang='lat' dir='ltr'><strong>Hierosolymis</strong></span> <span class='ocrx_word' id='word_1_735' title='bbox 2731 5262 2915 5317; x_wconf 85' lang='lat' dir='ltr'><strong>decem</strong></span> <span class='ocrx_word' id='word_1_736' title='bbox 2945 5260 3114 5315; x_wconf 89' lang='lat' dir='ltr'><strong>tribus</strong></span> <span class='ocrx_word' id='word_1_737' title='bbox 3144 5255 3329 5320; x_wconf 81' lang='lat' dir='ltr'><strong>Israel,</strong></span> <span class='ocrx_word' id='word_1_738' title='bbox 3351 5262 3405 5309; x_wconf 88' lang='lat' dir='ltr'><strong>et</strong></span> <span class='ocrx_word' id='word_1_739' title='bbox 3432 5253 3656 5311; x_wconf 80' lang='lat' dir='ltr'><strong>dimidia</strong></span> 
     </span>
    </p>
   </div>
   <div class='ocr_carea' id='block_1_108' title="bbox 406 5341 1969 5422">
    <p class='ocr_par' dir='ltr' id='par_1_108' title="bbox 406 5341 1968 5419">
     <span class='ocr_line' id='line_1_108' title="bbox 406 5341 1968 5419; baseline 0.003 -25"><span class='ocrx_word' id='word_1_740' title='bbox 406 5342 576 5413; x_wconf 84' lang='grc' dir='ltr'>φυλῆς</span> <span class='ocrx_word' id='word_1_741' title='bbox 607 5341 864 5415; x_wconf 80' lang='grc' dir='ltr'>Ἐφραῒμ,</span> <span class='ocrx_word' id='word_1_742' title='bbox 891 5343 1274 5415; x_wconf 79' lang='grc' dir='ltr'>κατῳκήκασιν</span> <span class='ocrx_word' id='word_1_743' title='bbox 1300 5344 1358 5396; x_wconf 86' lang='grc' dir='ltr'><strong>ἐν</strong></span> <span class='ocrx_word' id='word_1_744' title='bbox 1381 5346 1447 5415; x_wconf 81' lang='grc' dir='ltr'>τῇ</span> <span class='ocrx_word' id='word_1_745' title='bbox 1481 5344 1792 5417; x_wconf 74' lang='grc' dir='ltr'>Σαμαρείᾳο</span> <span class='ocrx_word' id='word_1_746' title='bbox 1825 5364 1968 5419; x_wconf 87' lang='grc' dir='ltr'>προσ</span> 
     </span>
    </p>
   </div>
   <div class='ocr_carea' id='block_1_109' title="bbox 2071 5341 3659 5422">
    <p class='ocr_par' dir='ltr' id='par_1_109' title="bbox 2084 5346 3659 5422">
     <span class='ocr_line' id='line_1_109' title="bbox 2084 5346 3659 5422; baseline -0.002 -17"><span class='ocrx_word' id='word_1_747' title='bbox 2084 5352 2255 5408; x_wconf 88' lang='lat' dir='ltr'><strong>tribus</strong></span> <span class='ocrx_word' id='word_1_748' title='bbox 2313 5350 2588 5421; x_wconf 84' lang='lat' dir='ltr'><strong>prraim,</strong></span> <span class='ocrx_word' id='word_1_749' title='bbox 2636 5352 3071 5422; x_wconf 80' lang='lat' dir='ltr'><strong>habitaruntque</strong></span> <span class='ocrx_word' id='word_1_750' title='bbox 3135 5349 3194 5404; x_wconf 82' lang='lat' dir='ltr'><strong>in</strong></span> <span class='ocrx_word' id='word_1_751' title='bbox 3252 5346 3523 5407; x_wconf 78' lang='lat' dir='ltr'><strong>Samaria,</strong></span> <span class='ocrx_word' id='word_1_752' title='bbox 3593 5363 3659 5402; x_wconf 87' lang='lat' dir='ltr'><strong>ac</strong></span> 
     </span>
    </p>
   </div>
   <div class='ocr_carea' id='block_1_110' title="bbox 406 5432 1969 5512">
    <p class='ocr_par' dir='ltr' id='par_1_110' title="bbox 406 5432 1969 5506">
     <span class='ocr_line' id='line_1_110' title="bbox 406 5432 1969 5506; baseline 0.003 -22"><span class='ocrx_word' id='word_1_753' title='bbox 406 5433 739 5503; x_wconf 75' lang='grc' dir='ltr'>κεκυνήκασι</span> <span class='ocrx_word' id='word_1_754' title='bbox 785 5432 842 5485; x_wconf 86' lang='grc' dir='ltr'><strong>δέ</strong></span> <span class='ocrx_word' id='word_1_755' title='bbox 892 5436 1013 5497; x_wconf 83' lang='grc' dir='ltr'>ταῖς</span> <span class='ocrx_word' id='word_1_756' title='bbox 1056 5436 1317 5506; x_wconf 76' lang='grc' dir='ltr'>χρυσαῖςο</span> <span class='ocrx_word' id='word_1_757' title='bbox 1373 5434 1603 5497; x_wconf 79' lang='grc' dir='ltr'>ἐνιέντος</span> <span class='ocrx_word' id='word_1_758' title='bbox 1653 5436 1852 5499; x_wconf 78' lang='grc' dir='ltr'>αὐτοὺς</span> <span class='ocrx_word' id='word_1_759' title='bbox 1906 5438 1969 5499; x_wconf 66' lang='grc' dir='ltr'><strong>εἰς</strong></span> 
     </span>
    </p>
   </div>
   <div class='ocr_carea' id='block_1_111' title="bbox 2071 5432 3660 5512">
    <p class='ocr_par' dir='ltr' id='par_1_111' title="bbox 2076 5439 3660 5512">
     <span class='ocr_line' id='line_1_111' title="bbox 2076 5439 3660 5512; baseline -0.002 -16"><span class='ocrx_word' id='word_1_760' title='bbox 2076 5443 2340 5512; x_wconf 76' lang='lat' dir='ltr'><strong>iuvencas</strong></span> <span class='ocrx_word' id='word_1_761' title='bbox 2392 5458 2587 5499; x_wconf 86' lang='lat' dir='ltr'><strong>aureas</strong></span> <span class='ocrx_word' id='word_1_762' title='bbox 2636 5445 2947 5510; x_wconf 86' lang='lat' dir='ltr'><strong>adorarunt,</strong></span> <span class='ocrx_word' id='word_1_763' title='bbox 3009 5443 3277 5499; x_wconf 81' lang='lat' dir='ltr'><strong>invitante</strong></span> <span class='ocrx_word' id='word_1_764' title='bbox 3296 5454 3389 5495; x_wconf 79' lang='lat' dir='ltr'><strong>eos</strong></span> <span class='ocrx_word' id='word_1_765' title='bbox 3438 5439 3507 5493; x_wconf 88' lang='lat' dir='ltr'><strong>ad</strong></span> <span class='ocrx_word' id='word_1_766' title='bbox 3558 5439 3660 5493; x_wconf 90' lang='lat' dir='ltr'><strong>hoc</strong></span> 
     </span>
    </p>
   </div>
   <div class='ocr_carea' id='block_1_112' title="bbox 405 5523 1969 5607">
    <p class='ocr_par' dir='ltr' id='par_1_112' title="bbox 405 5523 1969 5600">
     <span class='ocr_line' id='line_1_112' title="bbox 405 5523 1969 5600; baseline 0.005 -24"><span class='ocrx_word' id='word_1_767' title='bbox 405 5523 592 5591; x_wconf 81' lang='grc' dir='ltr'>τοῦτο,</span> <span class='ocrx_word' id='word_1_768' title='bbox 640 5525 735 5579; x_wconf 86' lang='lat' dir='ltr'><strong>xui</strong></span> <span class='ocrx_word' id='word_1_769' title='bbox 778 5526 1057 5590; x_wconf 79' lang='grc' dir='ltr'>δυσσεϐῶς</span> <span class='ocrx_word' id='word_1_770' title='bbox 1105 5527 1518 5598; x_wconf 85' lang='grc' dir='ltr'>κατωθήσαντος</span> <span class='ocrx_word' id='word_1_771' title='bbox 1562 5526 1843 5600; x_wconf 79' lang='grc' dir='ltr'>Ἰεροὸοὰμ</span> <span class='ocrx_word' id='word_1_772' title='bbox 1888 5531 1969 5584; x_wconf 76' lang='grc' dir='ltr'>τοῐ</span> 
     </span>
    </p>
   </div>
   <div class='ocr_carea' id='block_1_113' title="bbox 2071 5523 3661 5607">
    <p class='ocr_par' dir='ltr' id='par_1_113' title="bbox 2081 5530 3661 5607">
     <span class='ocr_line' id='line_1_113' title="bbox 2081 5530 3661 5607; baseline -0.005 -15"><span class='ocrx_word' id='word_1_773' title='bbox 2081 5535 2368 5592; x_wconf 83' lang='lat' dir='ltr'><strong>Jeroboam</strong></span> <span class='ocrx_word' id='word_1_774' title='bbox 2398 5537 2507 5592; x_wconf 92' lang='lat' dir='ltr'><strong>ﬁlio</strong></span> <span class='ocrx_word' id='word_1_775' title='bbox 2534 5535 2730 5602; x_wconf 78' lang='lat' dir='ltr'><strong>Nabal,</strong></span> <span class='ocrx_word' id='word_1_776' title='bbox 2760 5537 3030 5607; x_wconf 88' lang='lat' dir='ltr'><strong>impieque</strong></span> <span class='ocrx_word' id='word_1_777' title='bbox 3055 5534 3381 5603; x_wconf 86' lang='lat' dir='ltr'><strong>impellente.</strong></span> <span class='ocrx_word' id='word_1_778' title='bbox 3446 5530 3577 5586; x_wconf 90' lang='lat' dir='ltr'><strong>Dein</strong></span> <span class='ocrx_word' id='word_1_779' title='bbox 3606 5539 3661 5584; x_wconf 86' lang='lat' dir='ltr'><strong>et</strong></span> 
     </span>
    </p>
   </div>
   <div class='ocr_carea' id='block_1_114' title="bbox 408 5609 1969 5698">
    <p class='ocr_par' dir='ltr' id='par_1_114' title="bbox 408 5609 1969 5693">
     <span class='ocr_line' id='line_1_114' title="bbox 408 5609 1969 5693; baseline 0.006 -25"><span class='ocrx_word' id='word_1_780' title='bbox 408 5614 615 5673; x_wconf 76' lang='grc' dir='ltr'>Νάεατ,</span> <span class='ocrx_word' id='word_1_781' title='bbox 648 5612 783 5673; x_wconf 81' lang='grc' dir='ltr'>Εῖτα</span> <span class='ocrx_word' id='word_1_782' title='bbox 812 5619 908 5673; x_wconf 88' lang='lat' dir='ltr'><strong>xui</strong></span> <span class='ocrx_word' id='word_1_783' title='bbox 952 5619 1142 5690; x_wconf 82' lang='grc' dir='ltr'>ἐτέρας</span> <span class='ocrx_word' id='word_1_784' title='bbox 1175 5620 1473 5692; x_wconf 85' lang='grc' dir='ltr'>ἐπενόησαν</span> <span class='ocrx_word' id='word_1_785' title='bbox 1510 5620 1627 5674; x_wconf 84' lang='grc' dir='ltr'>ἐκεῖ</span> <span class='ocrx_word' id='word_1_786' title='bbox 1662 5620 1758 5686; x_wconf 82' lang='grc' dir='ltr'><strong>τὰς</strong></span> <span class='ocrx_word' id='word_1_787' title='bbox 1796 5609 1969 5693; x_wconf 69' lang='grc' dir='ltr'>ψευδο</span> 
     </span>
    </p>
   </div>
   <div class='ocr_carea' id='block_1_115' title="bbox 2071 5609 3662 5698">
    <p class='ocr_par' dir='ltr' id='par_1_115' title="bbox 2084 5623 3662 5698">
     <span class='ocr_line' id='line_1_115' title="bbox 2084 5623 3662 5698; baseline 0.001 -17"><span class='ocrx_word' id='word_1_788' title='bbox 2084 5626 2218 5684; x_wconf 88' lang='lat' dir='ltr'><strong>alios</strong></span> <span class='ocrx_word' id='word_1_789' title='bbox 2237 5628 2416 5687; x_wconf 87' lang='lat' dir='ltr'><strong>cultus</strong></span> <span class='ocrx_word' id='word_1_790' title='bbox 2441 5629 2843 5687; x_wconf 84' lang='lat' dir='ltr'><strong>commentitios</strong></span> <span class='ocrx_word' id='word_1_791' title='bbox 2875 5629 2985 5687; x_wconf 88' lang='lat' dir='ltr'><strong>illic</strong></span> <span class='ocrx_word' id='word_1_792' title='bbox 3014 5626 3407 5698; x_wconf 75' lang='lat' dir='ltr'><strong>excogitarunt,</strong></span> <span class='ocrx_word' id='word_1_793' title='bbox 3432 5623 3662 5695; x_wconf 70' lang='lat' dir='ltr'><strong>quisque</strong></span> 
     </span>
    </p>
   </div>
   <div class='ocr_carea' id='block_1_116' title="bbox 484 5769 962 5843">
    <p class='ocr_par' dir='ltr' id='par_1_116' title="bbox 484 5769 962 5843">
     <span class='ocr_line' id='line_1_116' title="bbox 484 5769 962 5843; baseline 0.021 -19"><span class='ocrx_word' id='word_1_794' title='bbox 484 5769 529 5802; x_wconf 82' lang='lat'><strong>&#39;°</strong></span> <span class='ocrx_word' id='word_1_795' title='bbox 553 5769 694 5829; x_wconf 84' lang='lat' dir='ltr'><strong>Psal.</strong></span> <span class='ocrx_word' id='word_1_796' title='bbox 720 5778 962 5843; x_wconf 55' lang='grc' dir='ltr'>σωκ-8.</span> 
     </span>
    </p>
   </div>
  </div>
