4148 6378
524 328 631 385 419

1527 314 1587 371 S.
1627 310 1904 370 CYRILLI
1943 308 2413 367 ALEXANDRINI
2457 302 2774 363 AliClllEI’.

3692 294 3800 359 4‘30

526 462 624 515 pro
648 457 745 499 suo
777 440 1040 496 arbitratu
1069 444 1451 494 consecrantes
1499 436 1657 506 quasi
1722 434 1913 491 Deum.
1969 431 2113 488 ludi-

2232 430 2472 500 tacpsia;
2526 428 2747 483 ἔκαστοι
2784 426 2842 481 τὸ
2894 424 3085 481 δοκοῦν
3136 418 3482 493 ἀνατιθέντες
3539 424 3614 489 ὡς
3646 426 3798 480 Θεόν.

526 546 721 608 gnatus
760 526 922 605 igitur
966 531 1051 587 bis
1095 527 1462 584 universitatis
1508 522 1670 594 Deus,
1711 535 1899 597 utpote
1952 523 2112 593 maje-

528 640 668 685 state
700 626 872 698 ipsius
907 623 1297 680 contumeliose
1346 612 1771 686 commaculata,
1812 618 2111 688 patriisque

528 719 683 775 scitis
724 716 1069 789 proculcatis,
1136 721 1344 768 tantum
1405 725 1509 766 non
1571 710 1899 765 conductum
1948 710 2111 777 Assy-

529 811 670 865 rium
701 809 1137 864 Salmanasarum
1162 805 1214 858 in
1248 817 1341 857 eos
1401 801 1651 867 immisit,
1716 800 1887 871 quiet
1943 807 2112 852 totam

530 895 1000 955 Samaritandrum
1034 904 1234 949 terram
1271 892 1327 947 in
1399 907 1618 946 manum
1681 898 2114 960 potestatemque

531 991 755 1059 redegit,
793 987 962 1041 tribus
1001 984 1274 1040 continuis
1309 984 1468 1037 annis
1491 983 1567 1036 illi
1600 981 1843 1036 insidens
1861 996 1925 1034 ac
1972 980 2116 1033 iucu-

530 1083 699 1137 bans:
729 1081 1025 1148 eodemque
1059 1086 1171 1131 toto
1238 1084 1479 1144 tempore
1515 1075 1568 1129 vi
1621 1083 1777 1142 capta
1837 1080 1920 1127 est
1970 1080 2113 1125 terra

533 1173 836 1229 Moabitica.
896 1170 1153 1232 Proinde.
1238 1168 1462 1237 inquit,
1524 1180 1836 1237 quanquam
1904 1163 2115 1218 locutus

531 1265 603 1321 sit
630 1265 759 1319 olim
813 1262 976 1329 Deus,
1034 1261 1127 1315 sed
1161 1266 1217 1315 et
1270 1275 1412 1314 nunc
1442 1254 1583 1323 dico,
1643 1258 1782 1328 quod
1835 1256 1889 1311 in
1944 1254 2117 1309 tribus

533 1357 690 1410 annis
717 1362 979 1407 annorum
1028 1350 1372 1414 mercenarii,
1430 1348 1482 1403 id
1513 1358 1618 1412 est,
1677 1345 1821 1415 regis
1869 1344 2117 1415 AssYrio—

534 1464 675 1513 rum,
704 1444 996 1517 ignominia
1028 1443 1294 1498 allicietur
1334 1440 1502 1511 gloria
1545 1436 1720 1494 Moab.
1774 1438 1891 1505 Quo
1929 1438 2116 1502 verbo,

533 1540 619 1596 vel
641 1539 884 1611 ipsorum
916 1538 1046 1592 dicit
1090 1550 1340 1605 regnum,
1400 1532 1484 1588 vel
1545 1532 1971 1604 magnitudinem
2022 1545 2118 1583 ur-

533 1633 707 1699 bium,
732 1631 813 1688 vel
846 1630 1259 1686 inhabitantium
1298 1626 1717 1689 multitudinem,
1749 1623 1835 1678 vel
1871 1622 2119 1678 fortassis

535 1734 747 1781 aetatem
770 1725 847 1779 rei
898 1723 1106 1779 belliczn
1155 1720 1410 1792 peritam.
1461 1717 1877 1788 Derelinquetur
1937 1724 2117 1769 autem

2225 523 2634 592 Ἀγανακτήσας
2693 519 2981 591 τοιγαροῦν
3028 519 3121 573 ἐπὶ
3178 519 3387 583 τούτοις
3435 520 3464 571 ὁ
3510 515 3619 571 τῶν
3667 515 3803 570 ὅλων

2213 615 2436 687 Κύριος,
2468 613 2563 668 ἆτε
2593 613 2658 684 δὴ
2688 614 2781 667 καὶ
2813 611 3146 683 ὑὸρισμένης
3177 609 3340 664 αὐτοῦ
3371 610 3470 681 τῆς
3497 608 3677 679 δόξης,
3711 608 3802 662 καὶ

2213 704 2622 777 πεπατημένων
2647 704 2754 758 τῶν
2784 703 3055 775 πατρῴων
3087 703 3326 774 Θεσμῶν,
3360 701 3646 773 μονονουχὶ
3680 718 3805 753 κατ·

2213 797 2556 869 εμισθὼσατο
2600 797 2689 850 τὸν
2724 796 3007 868 Ἀσσύριον
3042 795 3410 866 Σαλμανασὰρ
3449 796 3545 848 καὶ
3585 792 3807 862 ἐπαφῆ-

2214 907 2309 943 κεν
2338 878 2541 956 αύτοῖς,
2591 888 2650 951 ὃς
2683 889 2777 941 καὶ
2808 890 2987 941 πᾶσαν
3019 886 3119 959 τὴν
3153 888 3511 958 Σαμαρειτῶν
3551 902 3802 957 κατεχει-

2221 982 2377 1055 ροῦτο
2409 982 2532 1053 γῆν,
2564 982 2741 1053 τρισὶν
2772 981 2915 1044 ὅλοις
2958 979 3131 1034 ἔτεσιν
3182 980 3437 1052 ἐνιζήσας
3467 981 3633 1051 αὐτῇ⁸
3667 977 3807 1032 κατὰ

2214 1074 2306 1127 τὸν
2341 1073 2505 1128 αὐτόν
2531 1073 2743 1127 τουτονὶ
2771 1073 2960 1144 χρόνον
3001 1072 3118 1141 ἥλω
3147 1072 3288 1143 κατᾲ
3328 1074 3531 1143 κράτος
3561 1072 3594 1142 ἡ
3628 1071 3807 1125 Μωα-

2217 1167 2403 1221 ϐιτῶν.
2437 1163 2648 1220 Οὐκοῦν
2696 1166 2743 1219 εί
2797 1165 2891 1218 καὶ
2936 1164 3232 1235 λελάληκε,
3283 1163 3449 1237 φησὶ,
3499 1162 3595 1217 καὶ
3637 1162 3807 1217 πάλαι

2216 1258 2374 1322 Θεὸς,
2415 1258 2549 1313 άλλὰ
2578 1257 2674 1311 καὶ
2704 1255 2801 1312 νῦν
2840 1256 2986 1326 λέγω
3012 1297 3027 1321 ,
3056 1258 3139 1311 ὅτι
3180 1259 3237 1310 ἐν
3275 1259 3387 1317 τοῖς
3418 1256 3596 1326 τρισὶν
3629 1252 3807 1331 ἐτεσιν

2216 1352 2326 1405 τῶν
2371 1350 2510 1404 ἐτῶν
2559 1348 2653 1403 τοῦ
2690 1347 2997 1421 μισθωτοῦ,
3040 1348 3182 1401 τοῦτ’
3221 1347 3373 1413 ἐστι,
3402 1346 3497 1401 τοῦ
3544 1347 3807 1418 βασιλέως

2230 1442 2549 1513 Ἀσσυρίων,
2574 1440 3058 1512 άτιμασθήσεταιή
3087 1439 3212 1505 δόξα
3247 1439 3441 1493 Μωάὸ.
3476 1439 3586 1492 Καὶ
3626 1438 3716 1492 διά
3741 1454 3805 1507 γε

2220 1524 2446 1597 τούτων,
2472 1533 2591 1603 ἦτοι
2615 1531 2715 1603 τὴν
2738 1530 2890 1603 παρὰ
2910 1531 3093 1595 αὐτοῖς
3127 1529 3404 1601 βασιλείαν
3431 1531 3615 1600 φησὶν,
3646 1529 3679 1600 ῆ
3707 1532 3807 1583 καὶ

2220 1623 2363 1674 κατά
2396 1621 2464 1675 τὰ
2492 1621 2702 1692 μεγέθη
2731 1621 2838 1674 τῶν
2876 1620 3105 1681 πόλεων,
3138 1622 3234 1674 καὶ
3268 1621 3366 1692 τὴν
3401 1619 3508 1673 τῶν
3542 1619 3808 1674 ἐνοικούν-

2220 1731 2327 1767 των
2377 1713 2608 1785 πληθὺν,
2639 1713 2673 1785 ἢ
2706 1713 2848 1785 τάχα
2880 1731 3012 1779 που,
3056 1713 3155 1783 τὴν
3193 1712 3660 1783 ἐμπειροπόλεμον
3691 1712 3807 1783 ἡλι-

538 1817 731 1887 inqnit,
810 1814 1195 1885 paucissimns,
1244 1819 1300 1865 et
1362 1825 1467 1864 non
1514 1808 1850 1872 honoratus;
1898 1806 1949 1860 id
2014 1814 2119 1870 est,

2232 1805 2365 1858 κίαν.
2408 1803 2911 1876 Καταλειφθήσεται
2936 1802 3013 1869 δέ,
3049 1803 3233 1873 φησὶν,
3264 1802 3541 1870 ὀλιγοστὸς
3579 1804 3671 1856 καὶ
3703 1802 3805 1855 οὐκ

537 1908 679 1964 bello
705 1904 1024 1964 couticietur
1045 1900 1305 1975 quidquid
1328 1910 1412 1957 est
1433 1901 1574 1972 apud
1591 1915 1686 1956 eos
1714 1897 1905 1953 honori
1916 1896 2076 1952 ticum
2102 1910 2116 1947 :

538 2000 858 2072 superstites
888 2005 943 2053 et
967 1992 1081 2068 jam
1108 1995 1330 2051 omnino
1355 1995 1509 2064 pauci
1545 1984 2120 2061 ernnt,abjectissimi,

537 2104 591 2150 et
622 2106 812 2165 parum
847 2088 1091 2155 masculi,
1126 2085 1381 2157 nulloque
1421 2085 1591 2141 habiti
1654 2085 1706 2138 in
1754 2083 1945 2154 pretio.
1989 2078 2124 2135 Ter-

545 2187 702 2241 ribile
733 2182 897 2256 igitur
922 2181 1161 2239 incidere
1192 2180 1245 2235 in
1275 2192 1468 2233 manus
1497 2178 1589 2233 Dei
1615 2176 1847 2232 viventis
1877 2173 2035 2240 “°";
2071 2181 2125 2229 et

539 2280 963 2347 oumipotentem
1012 2271 1211 2327 audere
1264 2270 1561 2336 oﬂendere,
1623 2267 1751 2339 quid
1815 2265 1961 2321 aliud
2018 2271 2121 2325 est.

539 2386 701 2439 quam
746 2382 936 2423 omnes
1005 2364 1348 2420 calamitates
1398 2358 1779 2416 consciscere?
1831 2361 1902 2413 At
1981 2357 2126 2412 salus

539 2471 625 2516 est
648 2461 877 2515 libenter
914 2457 989 2513 illi
1017 2470 1236 2527 parere,
1262 2454 1436 2525 ipsum
1462 2454 1636 2507 solum
1675 2451 1838 2515 scire,
1864 2457 1917 2504 et
1963 2462 2122 2503 erro-

542 2554 619 2607 ris
642 2553 861 2622 laqueos
891 2551 1121 2611 evitare,
1153 2549 1311 2616 eique
1348 2561 1469 2600 cum
1501 2540 1699 2599 ali‘ectu
1736 2543 1881 2597 bono
1904 2541 2122 2595 dicere:

543 2645 789 2706 Domine,
815 2653 968 2697 extra
1017 2652 1069 2695 te
1108 2638 1274 2695 alium
1321 2654 1428 2694 non
1489 2634 1870 2709 cognovimus,
1924 2646 2125 2687 nomen

545 2746 695 2791 tuum
720 2735 1086 2790 nominamus.

617 2976 781 3049 262
822 2973 953 3030 Cm
991 2969 1159 3029 XVII.
1215 2967 1515 3096 Vsrélltjglttu
1553 2966 1844 3025 CONTRA
1894 2965 2128 3022 naua-

2225 1892 2461 1964 ἔντιμος,
2501 1892 2645 1947 τοῦτ’
2677 1892 2816 1961 ἐστι,
2846 1893 3279 1964 δαπανηθήσεται
3326 1893 3423 1964 μὲν
3470 1892 3549 1964 τῷ
3581 1892 3805 1963 πολέμῳ

2224 1988 2333 2041 πᾶν
2373 1988 2508 2058 ὅπερ
2538 1985 2655 2040 ἐστὶ
2682 1984 2861 2056 τίμιον
2902 1984 3030 2058 παρ’
3056 1985 3264 2049 αὐτοῖς’
3296 1986 3345 2039 οἱ
3372 1985 3431 2039 δέ
3456 2002 3519 2055 γε
3564 1984 3807 2057 περιλει-

2225 2073 2450 2150 φθέντες
2489 2079 2660 2148 ὀλίγοι
2684 2095 2746 2132 τε
2783 2077 2996 2133 ἔσονται
3049 2077 3349 2146 παντελῶς,
3377 2076 3710 2150 άτιμώτατοί
3745 2095 3806 2131 τε

2231 2172 2326 2225 καὶ
2360 2170 2634 2243 ἄνανδροι,
2660 2171 2756 2226 καὶ
2783 2169 2878 2224 τοῦ
2911 2170 3137 2241 μηδενὸς
3165 2170 3305 2237 ἄξιοι
3350 2171 3531 2241 λόγου.
3573 2169 3808 2243 Φοϐερὸν

2225 2258 2319 2317 οὖν
2348 2263 2477 2335 ἄρα,
2505 2263 2566 2317 τὸ
2598 2264 2857 2334 ἐμπεσεῖν
2883 2263 2963 2326 είς
3010 2264 3196 2334 χεῖρας
3246 2263 3381 2317 Θεοῦ
3424 2261 3660 2327 ζῶντοςο
3715 2263 3811 2318 καὶ

2226 2357 2288 2411 τὸ
2347 2355 2706 2429 προσκρούειν
2767 2356 3078 2429 άποτολμᾷν
3144 2355 3223 2428 τῷ
3289 2356 3466 2412 πάντα
3541 2356 3807 2427 ἰσχύοντι,

2227 2449 2347 2512 πῶς
2374 2449 2473 2519 οὐχ
2520 2448 2735 2519 ἁπάσης
2767 2448 2919 2502 ἐσται
2962 2448 3226 2519 πρόξενον
3260 2450 3581 2521 συμφορᾶς;
3626 2448 3810 2518 Σωτήρ

2228 2559 2341 2614 ριον
2371 2541 2428 2595 δὲ
2456 2542 2549 2595 καὶ
2578 2542 2639 2595 τὸ
2662 2542 2979 2596 ὑποκεῖσθαι
3020 2542 3192 2611 φιλεῖν
3221 2542 3390 2613 αὐτῷ,
3423 2543 3514 2597 καὶ
3542 2542 3703 2596 αὐτὸν
3736 2545 3812 2596 εί·-

2226 2636 2372 2689 δέναι
2397 2634 2576 2706 μόνον,
2608 2634 2704 2689 καὶ
2737 2634 2843 2688 τῶν
2874 2635 2971 2706 τῆς
3002 2635 3211 2707 πλάνης
3242 2634 3461 2707 ἀρκύων
3490 2636 3809 2706 άποφοιτᾷν,

2227 2726 2403 2796 λέγειν
2425 2744 2483 2780 τε
2505 2726 2652 2797 αὐτῷ
2676 2726 2814 2798 μετὰ
2838 2725 3131 2791 διαθέσεως
3157 2727 3367 2798 ἀγαθῆς
3387 2744 3403 2759 ο
3431 2726 3626 2797 Κύριε,
3655 2726 3812 2791 ἐκτός

2231 2837 2324 2872 σου
2367 2819 2523 2875 ἄλλον
2564 2819 2664 2872 οὐκ
2706 2818 2950 2889 οἴδαμεν,
2989 2818 3050 2871 τὸ
3103 2818 3277 2890 δνομά
3312 2834 3406 2873 σου
3451 2819 3809 2890 ὀνομάζομεν.

2361 2972 2446 3024 ΤΟ
2482 2965 2681 3025 ΡΗΜΑ
2728 2972 2812 3024 T0
2850 2972 3041 3025 ΚΑΤΑ
3086 2972 3225 3024 ΤΗΣ
3260 2971 3677 3028 ΔΑΜΛΣΚΟΥ.

619 3137 937 3193 Fortissima
966 3145 1021 3189 et
1056 3133 1363 3189 clarissima
1398 3132 1593 3187 civitas
1644 3129 2126 3191 Damascenorum,

2303 3150 2501 3233 Γέγονε
2532 3151 2630 3222 μὲν
2655 3150 3010 3223 ἀλκιμωτάτη
3038 3152 3135 3206 καὶ
3176 3153 3549 3226 ἐπισημοτάτη
3585 3154 3743 3217 πόλις
3777 3155 3814 3227 η

550 3248 616 3288 ac
642 3231 801 3300 impia
841 3240 897 3285 et
919 3228 1028 3284 Deo
1050 3226 1286 3291 rebellis,
1314 3235 1369 3280 et
1413 3224 1758 3280 sanctissimo
1806 3222 1914 3277 Deo
1950 3222 2129 3277 maxi-

554 3340 639 3379 me
664 3325 857 3388 invisa,
885 3336 948 3376 ac
976 3319 1171 3374 cultrix
1205 3318 1493 3382 idolorum,
1538 3326 1650 3371 tum
1679 3316 1951 3383 impietate
1972 3324 2134 3384 atque

551 3419 786 3472 elatione
811 3415 941 3486 ipsis
999 3412 1238 3484 Assyriis
1264 3410 1414 3466 nullo
1441 3411 1599 3465 modo
1622 3407 1866 3464 inferior.
1901 3406 2134 3463 Oll‘endit

554 3512 681 3565 item
732 3508 835 3563 alia
891 3506 1100 3562 ratione
1148 3504 1572 3575 omnipotentem
1647 3502 1833 3557 Deum.
1903 3500 2133 3557 Oriundi

552 3604 698 3658 enim
742 3602 1007 3671 sanguine
1054 3597 1295 3663 lsraelis,
1336 3596 1388 3651 id
1445 3602 1550 3660 est,
1612 3595 1797 3650 decem
1857 3592 2030 3648 tribus
2079 3600 2137 3646 et

553 3698 776 3753 dimidia
807 3697 978 3750 tribus
1007 3693 1287 3764 prraim,
1309 3704 1431 3762 qua:
1457 3692 1758 3761 migrarunt
1792 3688 1860 3743 ab
1888 3686 2137 3742 Hieroso-

554 3789 735 3861 iymis,
758 3797 811 3842 et
830 3802 951 3856 qua:
976 3786 1318 3841 incoluerunt
1343 3782 1674 3847 Samariam,
1702 3780 1887 3836 vitulis
1947 3779 2129 3834 aureis

555 3894 678 3937 sese
712 3886 1161 3950 prostraverunt,
1188 3876 1477 3931 inducente
1505 3875 1571 3930 ad
1601 3875 1703 3928 hoc
1737 3888 1803 3928 ac
1830 3871 2138 3942 impellente

558 3974 725 4043 impio
747 3972 1029 4027 Jeroboam
1056 3969 1163 4024 lilio
1188 3968 1398 4024 Nabat:
1450 3967 1774 4035 omninoque
1803 3963 2137 4036 refugerunt,

558 4064 840 4132 modisque
865 4062 1115 4116 omnibus
1137 4076 1168 4114 a
1202 4061 1474 4114 charitate
1505 4058 1556 4112 in
1584 4056 1752 4112 Deum
1809 4055 2140 4110 resiluerunt

561 4157 615 4209 in
639 4154 967 4208 oblivionem
994 4151 1128 4223 legis
1156 4151 1297 4206 data:
1332 4151 1435 4205 sibi
1476 4164 1506 4202 a
1531 4146 1930 4218 sapientissimo
1966 4144 2136 4213 Mose,

559 4247 800 4305 adducti.
834 4246 967 4301 Cum
993 4255 1171 4300 autem
1202 4242 1490 4312 aliquando
1521 4251 1731 4312 tempus
1770 4250 2012 4305 vocaret,
2082 4249 2138 4294 et

558 4335 758 4391 bellum
783 4335 1124 4397 adventaret,
1159 4347 1262 4387 non
1293 4332 1348 4385 in
1393 4331 1504 4386 Deo
1559 4331 1774 4385 vivente
1800 4346 1951 4399 spem
1994 4330 2141 4385 loca-

562 4438 707 4495 runt,
734 4429 826 4484 sed
854 4429 1163 4482 asciverunt
1189 4425 1370 4497 potius
1404 4440 1497 4481 eos
1520 4425 1612 4495 qni
1656 4423 1760 4478 illis
1806 4424 2136 4494 temporibus

560 4518 812 4573 Damasci
844 4520 1127 4588 omnisque
1158 4516 1505 4588 Assyriorum
1553 4526 1709 4570 terra:
1741 4530 1961 4585 regnum
1994 4517 2136 4569 obti-

561 4613 782 4677 ruebant,
806 4620 866 4665 ut
892 4611 1022 4680 ipsis
1041 4611 1247 4664 ferrent
1268 4608 1549 4675 auxilium,
1571 4616 1627 4664 et
1658 4623 1689 4664 e
1719 4624 1878 4664 manu
1910 4608 2139 4662 hostium

562 4706 857 4774 eriperent.
905 4701 1230 4757 Succensuit
1280 4701 1446 4772 igitur
1496 4701 1639 4755 hanc
1690 4702 1758 4754 ob
1791 4715 2032 4764 causam,
2086 4708 2143 4754 et

564 4807 752 4849 contra
782 4810 875 4848 eos
898 4793 1256 4848 exacerbatus
1282 4803 1367 4848 est
1396 4792 1767 4847 universitatis
1800 4792 1963 4847 Deus.
1988 4792 2140 4847 Obli-

569 4887 607 4940 ti
634 4889 776 4941 enim
802 4899 1023 4954 prorsus
1067 4900 1126 4940 se
1161 4900 1229 4940 ex
1274 4884 1515 4956 Egypto
1584 4884 1754 4940 luisse
1810 4888 2139 4953 redemptos,

570 4977 908 5034 intolerabile
954 4977 1141 5048 jugum
1187 4978 1464 5032 servitutis
1527 4977 1860 5041 excussisse,
1927 4985 1983 5030 et
2048 4991 2145 5047 per

571 5072 808 5126 medium
872 5084 1021 5124 mare
1084 5070 1419 5135 transivisse,
1484 5070 1610 5125 dein
1679 5084 1879 5125 manna
1936 5070 2140 5137 edisse,

570 5179 766 5232 aquam
791 5176 857 5217 ex
885 5171 1035 5232 petra
1076 5171 1309 5230 potasse,
1341 5162 1698 5231 Omnibusque
1733 5162 1967 5217 inimicis
2000 5177 2141 5231 prae-

572 5252 826 5320 valuisse,
848 5253 1089 5308 ltmredes
1111 5255 1375 5308 bonorum
1405 5255 1648 5324 patribus
1686 5254 2144 5323 repromissornm

572 5344 872 5407 exstitisse,
901 5346 968 5399 ab
992 5346 1298 5402 hominibus
1326 5362 1480 5417 opem
1523 5346 1884 5417 implorabant
1939 5347 2147 5413 miseri,

574 5436 733 5489 modo
762 5450 867 5490 non
906 5434 1076 5491 Deum
1110 5447 1230 5492 atro
1261 5448 1510 5495 notantes
1538 5440 1768 5505 calculo,
1834 5440 1992 5509 quasi
2051 5454 2147 5495 eos

576 5539 796 5580 servare
824 5540 932 5580 non
958 5528 1214 5597 potuerit.
1252 5528 1402 5584 llanc
1435 5529 1595 5599 igitur
1616 5529 1685 5586 ob
1716 5544 1936 5585 causam
1962 5530 2146 5586 traditi

576 5627 703 5673 sunt
733 5618 846 5689 regi
883 5617 1251 5690 Assyriorum,
1283 5621 1373 5691 qui
1421 5622 1673 5680 universa
1699 5631 1857 5693 capta
1901 5620 2145 5679 Samaria

657 5755 702 5786 ”
736 5753 899 5813 Hebr.
930 5771 985 5822 κ,
1015 5754 1103 5808 51.

2233 3242 2642 3315 Δαμασκηνῶν·
2686 3242 2950 3314 δυσσεϐὴς
2994 3244 3051 3297 δὲ
3084 3244 3177 3298 καὶ
3221 3245 3520 3315 θεομάχος,
3568 3247 3662 3300 καὶ
3704 3246 3815 3300 τῶν

2237 3333 2321 3387 δτι
2353 3334 2590 3404 μάλιστα
2633 3334 3131 3407 κατεστυγημένων
3179 3334 3331 3408 παρά
3367 3352 3429 3405 γε
3459 3337 3535 3409 τῷ
3563 3338 3814 3409 παναγίῳ

2234 3426 2386 3497 Θεῷ·
2419 3427 2514 3480 καὶ⁵
2540 3422 2608 3498 ἦν
2639 3426 3051 3499 εἰδωλολάτρης,
3084 3428 3178 3482 καὶ
3205 3430 3327 3493 ταῖς
3361 3429 3659 3499 Ἀσσυρίων
3698 3426 3816 3500 βδε-

2234 3516 2449 3588 λυρίαις
2474 3535 2535 3571 τε
2572 3517 2709 3589 ὁμοῦ
2756 3518 2850 3572 καὶ
2888 3519 3209 3591 ὑπεροψίαις
3251 3522 3369 3574 κατ’
3397 3520 3584 3575 οὐδένα
3630 3538 3816 3593 παρα-

2235 3608 2489 3681 χωροῦσα
2538 3611 2762 3682 τρόπον.
2810 3611 3229 3684 Προσκέκρουκε
3261 3612 3319 3665 δὲ
3358 3613 3453 3666 καὶ
3502 3613 3705 3685 ἑτέρως
3737 3615 3816 3685 τῷ

2236 3702 2415 3756 πάντα
2465 3701 2701 3772 ἰσχύοντι
2744 3702 2882 3774 Θεῷ.
2933 3705 2995 3757 Ol
3041 3704 3147 3775 γὰρ
3206 3704 3264 3771 ἐξ
3312 3704 3543 3775 αἵματος
3578 3700 3816 3778 Ἰσραὴλ.

2235 3794 2381 3849 τοῦτ’
2430 3794 2595 3861 ἐστιν,
2647 3797 2701 3848 al
2744 3795 2878 3849 δέκα
2926 3795 3118 3866 φυλαὶ,
3171 3796 3266 3850 καὶ
3308 3796 3369 3850 τὺ
3417 3797 3589 3868 ἥμισυ
3643 3799 3816 3871 φυλῆς

2249 3885 2489 3958 Ἐφραῒμ
2512 3887 2948 3959 ἀποφοιτήσασαι
2969 3888 3075 3943 τῶν
3113 3888 3517 3961 Ἰεροσολύμων,
3546 3891 3640 3945 καὶ
3663 3893 3720 3945 ἐν
3749 3895 3818 3964 τῇ

2245 3979 2530 4052 Σαμαρείᾳ
2568 3983 2994 4052 κατοικήσασαι,
3042 3984 3519 4055 προσκεκυνήκασι
3560 3986 3661 4056 μὲν
3698 3989 3819 4051 ταῖς

2243 4070 2512 4141 δαμάλεσι
2561 4073 2681 4134 ταῖς
2735 4075 2997 4143 χρυσαῖς,
3047 4073 3470 4143 κατενεγκόντος
3523 4077 3688 4141 αὑτὰς
3738 4081 3820 4142 εἰς

2239 4164 2429 4231 τοῦτο,
2484 4164 2577 4218 καὶ
2632 4164 3048 4236 κατωθησαντος
3108 4165 3338 4231 ἀνοσίως
3389 4168 3666 4241 Ἰεροσοάμ
3722 4170 3819 4222 τοῦ

2238 4255 2452 4310 Ναὸάτ·
2479 4256 2952 4327 ἀποσκιρτήσασαι
2977 4255 3034 4308 δέ
3057 4256 3308 4325 είσάπαν,
3333 4259 3427 4313 καὶ
3453 4260 3649 4331 τῆς-είς
3686 4261 3819 4315 Θεὸν

2239 4346 2462 4416 ἀγάπης
2490 4345 2801 4416 ὀλοτρόπως
2835 4346 3254 4417 άποπηδήσασαι
3273 4364 3289 4379 °
3321 4348 3481 4420 νόμοι)
3513 4351 3570 4404 δὲ
3600 4350 3694 4404 τοῦ
3736 4352 3820 4405 δο-

2241 4435 2423 4501 θέντος
2471 4438 2655 4500 αὐτοῖς
2683 4436 2772 4492 διὰ
2807 4436 2902 4490 τοῦ
2937 4432 3211 4509 πανσόφου
3259 4441 3501 4507 Μωσέως
3540 4444 3619 4515 εἰς
3652 4442 3820 4515 λήθην

2242 4528 2613 4598 ἐνηνεγμένοι.
2659 4527 2869 4599 Καιροῦ
2916 4528 3208 4595 καλοῦντος
3240 4530 3350 4585 ἐσθ’
3386 4532 3495 4597 ὅτε,
3526 4534 3620 4587 καὶ
3661 4535 3821 4588 πολέ-

2245 4636 2345 4691 μου
2379 4619 2663 4691 μέλλοντος
2691 4619 2840 4691 ἥξειν
2869 4622 2956 4673 ἐπ’
2997 4622 3211 4688 αὐτοὺς,
3240 4623 3341 4677 οὐκ
3368 4624 3462 4677 ἐπί
3503 4643 3567 4694 γε
3597 4625 3675 4697 τῷ
3717 4628 3823 4681 σώ-

2243 4709 2393 4775 ζοντι
2422 4710 2542 4782 Θεῷ
2577 4704 2774 4782 μᾶλλον
2804 4712 3084 4767 ἐποιοῦντο
3110 4714 3208 4787 τὴν
3241 4716 3450 4781 ἐλπίδα,
3477 4720 3824 4790 παρεκάλουν

2242 4804 2300 4857 δὲ
2354 4803 2553 4875 μᾶλλον
2605 4804 2732 4866 τοὺς
2783 4805 2926 4857 κατὰ
2981 4808 3171 4878 καιρὸν
3221 4807 3319 4879 τῆς
3362 4810 3677 4880 Δαμασκοῦ,
3730 4816 3825 4867 καὶ

2246 4898 2465 4966 ἁπάσης
2489 4896 2547 4949 δὲ
2577 4897 2674 4966 τῆς
2706 4893 2896 4967 Σύρων
2926 4897 3307 4967 βασιλεύοντας
3328 4901 3433 4971 γῆς
3466 4903 3741 4975 ἐπαμῦναί
3765 4924 3823 4958 τε

2246 4989 2419 5057 σφίσι,
2445 4988 2539 5041 καὶ
2563 4989 2661 5058 τῆς
2687 4989 2795 5044 τῶν
2823 4991 3097 5062 πολεμίων
3117 4992 3389 5060 ἐξελέσθαι
3413 5000 3615 5067 χειρός.
3634 4999 3824 5067 Ἠγανο

2244 5080 2399 5134 άκτει
2455 5080 2745 5152 τοιγαροῦν
2800 5083 2895 5136 καὶ
2962 5083 3163 5155 ταύτης
3210 5084 3443 5155 μάλιστα
3500 5088 3603 5157 τῆς
3651 5090 3825 5152 αἰτίας

2245 5171 2427 5237 ἕνεκα,
2460 5172 2558 5225 καὶ
2591 5174 3045 5245 κατεπικραίνετο
3079 5175 3214 5248 πρὸς
3258 5178 3455 5241 αὐτοὺς
3493 5178 3522 5229 ὁ
3551 5179 3658 5232 τῶν
3691 5180 3827 5233 ὅλων

2246 5261 2399 5326 Θεός.
2434 5261 2848 5335 Ἐπιλαθόμενοι
2891 5250 3003 5337 γάρ
3049 5266 3303 5334 είσάπαν,
3345 5269 3426 5323 ὅτι
3466 5269 3827 5341 λελύτρωνται

2251 5351 2352 5423 μὲν
2377 5352 2435 5420 ἐξ
2481 5353 2783 5423 Αἰγύπτου,
2816 5356 2910 5409 καὶ
2950 5357 3041 5409 τὸν
3078 5357 3414 5430 δυσφόρητον
3449 5361 3548 5430 τῆς
3590 5361 3826 5426 δουλείας
3861 5404 3869 5431 ,

2247 5443 2609 5516 άπεσείσαντο
2658 5442 2845 5513 ζυγὸν,
2897 5442 3319 5516 διεδιὸάσθησαν
3362 5445 3420 5499 δέ
3467 5448 3559 5499 καὶ
3595 5447 3683 5501 διὰ
3732 5446 3865 5501 θα-’

2249 5513 2454 5606 λᾴσσης
2496 5535 2689 5607 μέσης,
2740 5532 2857 5589 εἶτα
2906 5536 2971 5592 τὸ
3006 5537 3182 5609 μάννα
3203 5513 3518 5608 -φαγόντες,
3554 5542 3648 5594 καὶ
3686 5539 3827 5613 ὕδωρ

2251 5628 2353 5699 τῆς
2407 5629 2617 5700 πέτρας
2678 5631 3099 5703 πεποτισμένοι,
3147 5634 3721 5705 κατευμεγεθὴσαντές
3769 5650 3832 5690 τε
