4148 6378
419 376 516 431 421

1551 359 1618 421 ΙΝ
1659 360 1893 422 ISAIAM
1936 362 2065 420 LIB.
2109 362 2175 421 ll.
2218 355 2458 422 TOMUS
2498 356 2585 419 lll.

3580 354 3686 417 422

422 485 623 548 παντὸς
643 481 861 554 ἐχθροῦ,
914 479 1240 553 κληρονόμοι
1281 479 1537 549 γεγόνασι
1584 481 1695 535 τῶν
1742 484 1855 546 τοῖς
1901 498 2001 535 πα-

2134 496 2283 552 psam
2315 480 2516 537 delevit
2542 482 2885 546 Damascum,
2913 486 2968 535 et
3003 490 3221 536 omnem
3257 477 3517 550 Syrorum
3579 491 3688 534 ter-

420 580 614 650 τράσιν
665 574 1094 646 ἐπηγγελμένων
1140 572 1384 642 ἀγαθῶν,
1435 573 1536 637 τὰς
1593 574 1652 639 ἐξ
1700 573 2003 646 ἀνθρώπων

423 669 651 725 ἐκάλουν
683 666 1003 737 ἐπικουρίας
1028 666 1081 719 οἰ
1114 665 1364 730 τάλανες,
1403 666 1686 737 μονονουχὶ
1708 666 1769 719 τὸ
1812 666 1886 739 μὴ
1914 666 2006 719 δύ-

424 762 615 816 νασθαι
658 758 851 823 σώζειν
900 757 1096 821 αὐτοὺς
1138 750 1650 827 ’καταψηφιζόμενοι
1685 756 1780 810 τοῦ
1845 755 2003 812 Θεοῦ.

425 853 643 923 Ταύτης
688 867 772 904 τοι
805 849 968 904 ἕνεκα
994 848 1095 919 τῆς
1122 847 1301 911 αἰτίας
1350 846 1725 918 παρεδόθησαν
1773 847 1852 919 τῷ
1898 847 2007 901 τῶν

366 948 373 954 ’
439 943 741 1016 Ἀσσυρίων
782 942 1007 1013 βασιλεῖ,
1035 940 1095 1004 ὃς
1127 942 1308 994 πᾶσαν
1349 938 1486 993 ἐλὼν
1530 940 1629 1010 τὴν
1669 939 2006 1012 Σαμάρειαν,

427 1037 522 1090 καί
564 1035 731 1106 αὐτὴν
761 1033 1079 1106 πεπόρθηκε
1108 1033 1207 1104 τὴν
1234 1032 1547 1103 Δαμασκὸν,
1578 1032 1673 1086 καί
1706 1033 1922 1086 ἃπασαν
1952 1034 2010 1087 δὲ

428 1130 526 1199 τὴν
557 1127 665 1180 τῶν
699 1125 883 1199 Σύρων
914 1126 1177 1196 ἠρήμωσε
1216 1125 1339 1195 γῆν.
1370 1126 1493 1177 Ὅτι
1524 1124 1745 1195 ἀληθεῖς
1796 1126 1928 1197 ἡμῖν
1958 1127 2008 1179 οἱ

430 1219 557 1290 περὶ
587 1216 794 1270 τούτων
842 1214 1098 1284 γεγόνασι
1142 1214 1312 1283 λόγοι,
1345 1211 1677 1267 πιστώσεται
1714 1213 1887 1283 λέγων
1916 1214 2013 1267 αὐ-

429 1314 519 1375 τὸς
543 1313 571 1364 6
600 1310 886 1382 προφήτης
922 1306 1185 1369 Ἡσαΐας·
1220 1306 1330 1359 Καὶ
1368 1305 1584 1373 ἐγένετο
1625 1308 1681 1358 ὲν
1716 1308 1839 1369 ταῖς
1870 1306 2011 1376 ήμέ-

435 1421 554 1476 ραις
585 1400 764 1473 Ἀχαζ
814 1398 909 1453 τοῦ
944 1398 1184 1469 ἰωὰθαμ
1227 1396 1321 1451 τοῦ
1369 1395 1486 1450 υἱοῦ
1523 1395 1698 1459 Ὀζίου
1751 1396 2014 1467 βασιλέως

428 1496 634 1557 Ἰούδα,
680 1494 848 1563 ἀνέϐη
888 1491 1169 1545 Ῥαασσὼν
1202 1489 1453 1560 βασιλεὺς
1489 1488 1687 1560 Ἀρὰμ,
1719 1490 1813 1543 καὶ
1838 1489 2013 1543 Φακεὲ

432 1587 547 1649 υἰὸς
580 1583 858 1656 Ῥομελίου
878 1581 1127 1653 βασιλεὺς
1157 1579 1372 1652 Ἰσραὴλ
1404 1578 1497 1633 ὲπί
1530 1578 1883 1653 Ἰερουσαλὴμ
1914 1599 2017 1634 πο-

429 1679 667 1751 λεμῆσαι
721 1676 910 1749 αὐτὴν,
970 1675 1064 1727 καί
1119 1674 1220 1727 ούκ
1269 1671 1610 1745 ἠδυνήθησαν
1659 1672 2014 1745 πολιορκῆσαι

431 1772 623 1844 αύτήν.
656 1770 766 1823 Καὶ
797 1768 1076 1839 ἀνηγγέλη
1112 1766 1192 1829 εἰς
1223 1765 1314 1819 τὸν
1360 1760 1509 1819 οἷκον
1542 1764 1704 1819 Δαϐἰδ
1739 1765 2010 1835 λέγοντεςο

432 1864 821 1936 Συνεφώνησεν
863 1861 1041 1934 Ἀρὰμ
1079 1860 1216 1932 πρὸς
1248 1859 1341 1913 τὸν
1380 1858 1648 1931 Ἐφραῒμ,
1677 1858 1821 1912 τοῦτ’
1852 1860 2020 1924 ἔστιν,

2125 1858 2404 1929 Epliraim,
2445 1861 2734 1914 universus

431 1957 461 2009 6
502 1956 670 2027 Σύρος
725 1953 863 2026 πρὸς
916 1952 1041 2014 τοὺς
1094 1952 1152 2005 ὲν
1197 1952 1264 2022 τῇ
1316 1950 1626 2023 Σαμαρείᾳ.
1676 1950 1734 2003 Ὀ
1779 1950 1877 2022 μὲν
1912 1950 2020 2023 γὰρ

446 2044 626 2115 Ἀρὰμ
665 2038 1083 2113 διερμηνεύεται
1126 2038 1296 2108 Σύρος
1316 2054 1329 2067 ⁸
1356 2039 1384 2091 6
1415 2038 1473 2092 δὲ
1508 2036 1750 2110 Ἐφραῒμ
1807 2037 1884 2102 ὠς
1914 2040 2023 2093 ἀπὸ

439 2136 613 2206 φυλῆς
650 2133 910 2205 Ἐφραῒμ,
962 2132 1178 2186 ᾶπαντα
1206 2132 1296 2186 τὸν
1332 2131 1548 2203 Ἰσραὴλ
1589 2132 1683 2185 τὸν
1712 2133 1771 2186 ἐν
1812 2136 1879 2203 τῇ
1921 2133 2025 2185 Σα-

439 2228 644 2299 μαρείᾳ
693 2224 1057 2298 κατῳκηκότα
1107 2223 1277 2295 δηλοῖ.
1319 2225 1538 2295 Ἐπειδὴ
1590 2225 1699 2296 γάρ
1746 2226 1811 2279 ὲκ
1850 2225 2023 2297 φυλῆς

430 2317 690 2391 ⁴Ἐφραίμ
725 2316 946 2387 γέγονεν
983 2314 1268 2388 Ἰεροϐοὰμ
1305 2318 1333 2370 ὁ
1369 2317 1585 2388 πρῶτος
1630 2317 1811 2372 αὐτῶν
1858 2317 2022 2389 βεϐα-

440 2408 738 2474 σιλευκὼς,
781 2409 875 2463 καὶ
917 2407 1032 2478 μετ’
1062 2409 1268 2461 ἐκεῖνον
1306 2408 1355 2461 οἰ
1391 2407 1512 2462 καθ’
1540 2407 1684 2479 ἑξῆς,
1716 2409 1792 2473 ὡς
1827 2412 1890 2464 ὲκ
1921 2410 2022 2482 τῆς

441 2501 833 2573 βασιλευούσης
881 2500 1087 2571 φυλῆς,
1130 2500 1275 2571 φημὶ
1313 2500 1377 2572 δὴ
1414 2504 1514 2571 τῆς
1544 2499 1639 2554 τοῦ
1683 2501 1951 2574 Ἐφραῒμ,
1993 2506 2023 2557 6

442 2595 662 2666 σύμπας
698 2592 915 2665 Ἰσραὴλ
954 2594 982 2646 6
1021 2594 1078 2647 ὲν
1106 2596 1172 2665 τῇ
1215 2594 1497 2664 Σαμαρείᾳ
1533 2594 1874 2664 σημαίνεται.
1919 2596 2021 2649 E6-

444 2687 683 2755 ρήσομεν
727 2684 785 2738 δὲ
817 2682 913 2737 καὶ
948 2683 1007 2736 ὲν
1046 2685 1112 2754 τῇ
1146 2683 1382 2755 τετάρτῃ
1418 2682 1528 2737 τῶν
1583 2683 1888 2753 βασιλειῶν,
1938 2687 2019 2739 ὅτι

2113 587 2228 625 ram
2256 573 2506 627 vastavit.
2540 569 2679 626 Vera
2717 580 2895 626 autem
2944 584 3065 626 esse
3107 570 3175 625 de
3201 570 3307 625 illis
3328 569 3452 625 haec
3500 575 3685 635 verba,

2114 662 2457 718 conﬁrmabit
2487 662 2714 732 ipsemet
2739 666 2999 733 propheta
3046 642 3304 728 lsaias'”,
3348 678 3470 717 cum
3514 663 3684 718 dicit:

2115 754 2181 809 Et
2202 754 2401 809 iactum
2433 765 2516 811 est
2541 755 2730 811 diebus
2754 756 2934 812 Achaz
2962 753 3213 821 Joathan,
3250 756 3342 810 lilii
3369 751 3510 811 θεῖαι
3548 758 3691 825 regis

2112 844 2269 912 Juda,
2308 848 2555 903 ascendit
2586 848 2826 902 Raasson
2869 864 2962 901 rex
2997 849 3179 912 Aram,
3224 858 3277 903 et
3306 846 3520 903 Phacee
3551 848 3693 902 ﬁlius

2113 935 2371 993 Romeliaa
2405 954 2495 992 rex
2530 938 2693 993 Israel
2724 951 2914 995 contra
2941 939 3237 994 Jerusalem
3265 950 3323 994 ut
3354 948 3693 1012 oppugnaret

2115 1043 2233 1084 eam
2262 1047 2276 1084 :
2307 1041 2359 1085 et
2385 1045 2490 1085 non
2515 1041 2801 1100 potuerunt
2822 1031 3072 1087 obsidere
3097 1048 3237 1087 eam.
3278 1031 3345 1086 Et
3386 1034 3690 1086 nuntiatum

2116 1130 2201 1176 est
2233 1122 2413 1177 domui
2459 1122 2626 1178 David
2670 1139 2699 1178 a
2737 1123 3039 1179 dicentibus
3092 1124 3486 1193 :Conspiravit
3530 1126 3689 1177 Aram

2116 1226 2309 1270 contra
2341 1215 2622 1287 Ephraim,
2643 1216 2694 1271 id
2720 1224 2826 1281 est,
2858 1216 3025 1287 Syrus
3050 1226 3235 1270 contra
3262 1215 3420 1286 263
3454 1214 3694 1269 Samari-

2121 1315 2293 1361 tanos.
2327 1307 2490 1360 Aram
2525 1308 2720 1376 quippe
2745 1310 3136 1375 interpretatur
3161 1306 3331 1377 Syrus
3367 1323 3381 1361 :
3437 1306 3691 1375 Ephraim

2119 1408 2296 1451 autem
2342 1397 2485 1452 velut
2520 1413 2550 1451 a
2607 1398 2748 1452 tribu
2807 1398 3086 1467 Ephraim,
3149 1412 3366 1451 omnem
3438 1397 3693 1451 lsraelem

2119 1490 2209 1558 qui
2285 1489 2335 1543 in
2398 1488 2649 1544 Samaria
2723 1488 2985 1543 habitavit
3041 1490 3302 1558 designat.
3352 1487 3491 1554 Quia
3548 1488 3692 1542 enim

2120 1596 2183 1635 ex
2237 1582 2379 1636 tribu
2439 1582 2695 1653 Epliraim
2773 1584 3057 1636 exstiterat
3126 1580 3435 1645 Jeroboam,
3490 1580 3696 1651 primus

2119 1689 2307 1729 eorum
2341 1687 2453 1740 rex,
2480 1686 2534 1728 et
2564 1674 2863 1730 secundum
2904 1675 3055 1729 illum
3084 1675 3138 1729 lii
3165 1674 3258 1744 qui
3291 1675 3700 1743 subsequuntur

2120 1767 2330 1829 ordine.
2398 1777 2650 1837 tanquam
2714 1782 2781 1820 ex
2836 1767 2983 1836 regia
3044 1766 3209 1833 tribu,
3265 1766 3407 1820 tribu
3477 1765 3697 1836 inquam

2813 1859 2978 1915 Israel
3024 1860 3115 1929 qui
3163 1860 3216 1913 in
3278 1859 3523 1915 Samaria
3578 1859 3699 1924 fuit,

2119 1951 2476 2022 significatur.
2564 1951 2906 2007 Inveniemus
2979 1962 3157 2005 autem
3214 1951 3266 2006 in
3318 1952 3455 2005 libro
3507 1962 3703 2021 quarto

2121 2044 2447 2114 Regnorum,
2471 2042 2678 2098 Phacee
2712 2044 2762 2098 in
2798 2044 3042 2097 Samaria
3074 2054 3353 2114 regnante,
3379 2044 3700 2098 adversatos

2123 2136 2290 2191 fuisse
2328 2135 2588 2191 lsraelitis
2616 2137 2883 2207 Assyrios.
2908 2146 2962 2190 et
3001 2135 3242 2190 Raasson
3293 2136 3384 2203 qui
3449 2134 3701 2189 Damasci

2121 2243 2347 2299 regnum
2374 2229 2790 2283 administravit.
2828 2228 2956 2284 Post
2986 2229 3212 2299 pecunia
3265 2229 3553 2298 persuadet
3621 2235 3707 2298 ty-

2122 2334 2295 2375 ranno
2321 2319 2671 2390 Assyriorum
2716 2318 2924 2384 Achaz,
2986 2328 3281 2386 evocatque
3313 2329 3369 2373 ut
3433 2317 3706 2372 curriculo

2125 2414 2303 2467 veniat
2337 2412 2546 2483 ipsique
2572 2421 2881 2478 succurrat,
2916 2414 3340 2481 Damascumque
3392 2410 3704 2482 propulset:

2122 2505 2266 2573 quod
2322 2506 2486 2559 etiam
2535 2504 2651 2560 ﬁeri
2707 2504 2954 2575 contigit.
3021 2503 3304 2571 Quomodo
3360 2504 3540 2572 itaque
3593 2503 3710 2557 haec

2121 2596 2531 2652 bellicosissima
2555 2604 2609 2651 et
2630 2598 3007 2663 potentissima
3037 2605 3091 2651 et
3118 2597 3356 2652 insolens
3387 2597 3554 2650 deleta
3588 2604 3668 2649 est
3690 2634 3707 2660 ,

2122 2704 2311 2745 rursus
2337 2690 2487 2745 hisce
2520 2690 2699 2745 verbis
2724 2689 3024 2759 proclamat
3068 2689 3351 2759 prOplieta,
3383 2698 3435 2743 et
3483 2689 3657 2757 inquit
3693 2703 3710 2741 :

444 2778 820 2849 βασιλεύοντος
845 2779 903 2831 ὲν
942 2780 1010 2849 τῇ
1046 2777 1332 2850 Σαμαρείᾳ
1392 2778 1585 2843 Φακεὲ,
1635 2780 2038 2850 κατεπεφύοντο
2072 2783 2183 2837 τῶν
2221 2784 2282 2850 ἐξ
2354 2785 2571 2858 Ἰσραὴλ
2602 2786 2674 2856 ,οἰ
2708 2785 2903 2857 Σύροι,
2947 2786 3041 2839 καὶ
3086 2787 3115 2838 6
3163 2785 3264 2855 τῆς
3295 2783 3587 2855 Δαμασκοῦ
3620 2783 3713 2853 βε-

445 2872 779 2936 ϐασιλευκὼς
814 2872 1114 2928 Ῥαασσών.
1164 2870 1297 2927 Εῐτα
1329 2875 1577 2946 χρήμασι
1642 2875 1922 2931 ἀναπείθει
1969 2879 2062 2933 τὸν
2111 2882 2411 2953 Ἀσσυρίων
2471 2882 2735 2955 τύραννον
2761 2884 2789 2937 6
2814 2880 3009 2953 Ἀχαζ,
3045 2882 3343 2954 παρεκάλει
3374 2881 3431 2936 δὲ
3457 2880 3714 2955 δρομαῖον

441 2968 621 3038 ῆκειν,
653 2969 747 3021 καὶ
782 2966 1063 3039 ἐπαμῦναι
1108 2968 1208 3039 μὲν
1249 2969 1418 3040 αύτῷ,
1467 2970 1817 3042 καταδῃῶσαι
1857 2973 1913 3025 δὲ
1944 2974 2044 3046 τὴν
2077 2978 2367 3049 Δαμασκόν
2387 2996 2400 3009 ·
2430 2978 2458 3031 ὃ
2485 2979 2549 3050 δὴ
2599 2979 2693 3032 καὶ
2742 2978 2997 3047 γενέσθαι
3050 2978 3415 3050 συμϐέϐηκεν.
3442 2978 3577 3031 Τίνα
3607 2977 3717 3029 τοί-

443 3077 539 3113 νυν
584 3060 801 3114 διόλωλε
848 3060 1049 3131 τρόπον
1101 3062 1136 3131 ή
1180 3061 1541 3133 μαχιμωτάτη
1592 3063 1686 3115 καὶ
1758 3064 2061 3137 πανσθενὴς
2119 3071 2212 3123 καὶ
2253 3070 2562 3141 ύϐρίστρια,
2612 3072 2992 3142 προαναφωνεῖ
3037 3070 3203 3125 πάλιν
3236 3072 3370 3143 ἡμῖν
3407 3073 3465 3124 ὲν
3508 3070 3719 3135 τούτοις

445 3160 473 3211 6
499 3155 811 3227 προφήτης,
846 3153 941 3209 καί
965 3171 1149 3225 φησιν·

528 3250 675 3307 Ἰδοὺ
723 3252 1038 3321 Δαμασκὸς
1089 3251 1415 3319 ἀρθήσεται
1464 3252 1583 3308 ἀπὸ
1634 3255 1892 3321 πόλεων,
1931 3256 2023 3309 καί

2202 3257 2367 3312 Vens.
2396 3256 2449 3322 1,
2481 3256 2536 3309 2.
2567 3253 2703 3310 Ecce
2732 3253 3026 3309 Damascus
3061 3263 3274 3308 to..e.ur
3311 3271 3375 3309 ae
3397 3265 3715 3321 crvrtattous,

446 3344 619 3399 ἔσται
644 3345 732 3410 εἰς
760 3342 1013 3409 πτῶσιν,
1037 3344 1549 3414 καταλελειμμένῃ
1581 3348 1668 3412 εἰς
1693 3346 1802 3399 τὸν
1825 3345 2030 3412 αἰῶνα,

447 3440 536 3503 εἰς
592 3437 804 3504 κοίτην
862 3436 1155 3505 ποιμνίων
1202 3436 1303 3489 καί
1356 3435 1729 3503 ἀνάπαυσιν,
1776 3438 1876 3492 καί
1922 3442 2035 3493 οὐκ

449 3530 622 3583 ἔσται
662 3529 694 3581 ὀ
732 3524 982 3582 διώκων.

524 3620 637 3689 Ούχ
672 3617 860 3681 ἁπλῶς
890 3620 970 3682 εἰς
998 3620 1193 3690 πεῖραν
1219 3619 1494 3690 πολέμων,
1525 3619 1620 3674 καὶ
1645 3620 1753 3674 τῶν
1785 3619 2036 3677 ἐντεῦθεν

453 3710 641 3764 κακῶν
666 3709 971 3782 ἀφήξεσθαί
1013 3727 1178 3781 φησιν
1212 3711 1414 3783 αύτήνο
1450 3708 1683 3783 ἀρθῆναι
1713 3712 1771 3765 δὲ
1811 3713 2034 3784 μᾶλλον,

451 3803 599 3858 τοῦτ’
647 3804 824 3869 ἔστιν,
876 3804 1045 3875 ἄρδην
1101 3804 1434 3873 ἀπολέσθαι,
1495 3808 1590 3862 καὶ
1644 3806 2035 3861 ἀποπεσείσθαι

453 3895 731 3961 παντελῶς
784 3895 879 3949 τοῦ
922 3890 1190 3951 εἶναικαὶ
1233 3896 1408 3951 πόλιν.
1437 3899 1631 3952 Ἔσται
1674 3899 1802 3970 γὰρ,
1849 3898 2033 3967 φησὶν,

455 3989 537 4051 εἰς
565 3987 771 4040 πτῶσιν
798 3988 879 4051 εἰς
917 3987 1007 4040 τὸν
1049 3986 1222 4041 αἰῶνα
1271 3987 1739 4060 καταλελειμμένῃ
1761 4006 1774 4019 ·
1809 3987 2038 4041 καταλε-

430 4078 723 4149 λειμμένῃ
748 4078 804 4131 δὲ
838 4077 974 4148 πρὸς
1004 4076 1187 4140 τίνων,
1229 4077 1262 4147 ἢ
1310 4077 1530 4142 πάντως
1560 4094 1663 4131 που
1707 4076 1815 4130 τῶν
1854 4094 2038 4131 κατοι-

456 4170 694 4224 κούντων
743 4169 934 4241 αὐτὴν,
972 4169 1069 4238 οὐχ
1097 4168 1173 4232 ὡς
1207 4169 1300 4222 ὲπί
1337 4171 1757 4241 μετῳκηκότων,
1802 4169 1916 4223 ἀλλ’
1959 4169 2037 4233 ὡς

456 4266 570 4326 τοῖς
610 4262 716 4316 τῶν
748 4260 1019 4332 πολεμίων
1047 4260 1225 4330 ξίφεσι
1264 4261 1738 4333 δεδαπανημένων.
1775 4261 2037 4315 Ἐσεσθαι

458 4355 515 4408 δὲ
542 4353 714 4423 λέγων
756 4353 924 4424 αὐτὴν
969 4354 1049 4416 εἰς
1097 4352 1284 4424 κοίτην
1332 4353 1619 4424 ποιμνίων,
1660 4353 1758 4426 τὴν
1803 4354 2036 4425 παντελῆ

458 4444 689 4515 δέδειχεν
718 4445 982 4517 ὲρημίαψ
1020 4446 1081 4497 ού
1114 4444 1223 4515 γὰρ
1252 4444 1319 4500 ἂν
1356 4444 1730 4498 ἀνεπαύσαντο
1756 4446 2036 4517 ποιμένες,

460 4537 556 4592 καὶ
587 4539 644 4591 ὲν
682 4538 819 4609 αὐτῇ
867 4536 1164 4591 κατέδυσαν
1219 4539 1275 4590 αἰ
1316 4536 1425 4590 τῶν
1452 4537 1781 4608 θρεμμάτων
1814 4538 2036 4606 ἀγέλαι,

2133 3358 2179 3403 et
2207 3350 2302 3403 erit
2335 3352 2390 3402 in
2415 3350 2646 3414 ruinam,
2690 3348 2940 3401 derelicta
2966 3350 3019 3401 in
3055 3347 3328 3411 swculum,
3354 3352 3408 3402 in
3425 3351 3591 3405 cubile
3607 3368 3719 3421 gre-

2133 3456 2254 3511 gum
2280 3449 2329 3494 et
2369 3442 2669 3511 requietem,
2696 3448 2745 3493 et
2791 3456 2893 3493 non
2927 3441 3024 3493 erit
3045 3455 3385 3508 persequens.

2206 3618 2320 3673 Non
2351 3616 2671 3687 simpliciter
2694 3617 2746 3672 in
2766 3617 3058 3686 pericu.um
3088 3617 3349 3672 bellorum
3379 3628 3431 3673 et
3456 3635 3720 3677 maiorum

2135 3708 2262 3764 hinc
2285 3707 2621 3763 nascentium
2645 3706 2993 3763 deventuram
3020 3707 3147 3762 dicit
3172 3723 3314 3776 eam,
3350 3710 3442 3764 sed
3466 3710 3721 3767 auferen-

2137 3800 2258 3854 dam
2287 3799 2487 3869 potius,
2518 3798 2571 3853 id
2615 3808 2700 3853 est
2722 3799 2969 3867 stirpitus
3015 3799 3364 3867 perdendam,
3390 3801 3720 3872 omninoque

2137 3906 2402 3954 casuram,
2455 3900 2648 3946 utnon
2697 3891 2769 3946 sit
2815 3890 2993 3944 futura
3049 3890 3248 3946 civitas
3276 3930 3291 3945 .
3332 3890 3449 3947 Erit
3492 3894 3635 3948 enim
3666 3896 3720 3948 in

2138 3983 2373 4046 ruinam,
2426 3982 2619 4053 tnqnit,
2660 3981 2713 4035 in
2764 3982 3185 4051 perpetuitatem
3253 3983 3459 4047 relicta,
3523 3986 3722 4040 dereli-

2139 4082 2333 4143 ctaque
2363 4074 2430 4129 ab
2459 4075 2681 4145 aliquot,
2707 4074 2790 4129 vel
2828 4075 2879 4129 in
2906 4084 3076 4130 totum
3105 4076 3172 4130 ab
3204 4074 3289 4131 bis
3315 4077 3403 4146 qui
3427 4093 3544 4131 eam
3574 4080 3723 4134 inro-

2138 4168 2295 4221 lunt.
2347 4180 2455 4221 non
2487 4167 2630 4236 quod
2670 4166 2736 4221 ad
2801 4168 2965 4221 alium
3014 4183 3291 4223 recessum
3342 4181 3724 4240 receptumqne

2139 4258 2518 4330 commigrent,
2577 4260 2673 4314 sed
2725 4258 2964 4313 hostium
3012 4259 3202 4328 gladiis
3263 4260 3495 4314 confecti
3529 4266 3635 4316 sint
3668 4270 3723 4317 et

2141 4351 2429 4421 absumpti.
2490 4349 2625 4405 Cum
2682 4350 2834 4419 dicit,
2880 4351 2997 4406 fore
3029 4367 3147 4404 eam
3183 4353 3235 4406 in
3269 4352 3445 4407 cubile
3472 4346 3751 4423 gregum,

2139 4443 2505 4497 omnimodam
2549 4443 2787 4497 ostendit
2829 4442 3242 4498 desolationem.
3279 4444 3392 4497 Non
3422 4446 3725 4513 requiesce-

2140 4542 2259 4589 rent
2285 4544 2551 4603 pastores,
2582 4549 2688 4588 non
2736 4533 2789 4587 in
2823 4549 2885 4588 ea
2923 4549 3180 4604 pecorum
3236 4549 3426 4605 greges
3483 4536 3726 4589 stabula-

459 4630 619 4700 εἰπερ
646 4630 788 4692 τινὲς
816 4624 954 4699 ἦσαν
986 4629 1043 4682 ὲν
1061 4631 1173 4692 τοῖς
1202 4629 1370 4693 οἴκοις
1408 4629 1596 4698 αὐτῆς.
1622 4628 1806 4702 Ταύτῃ
1834 4646 1915 4683 τοι
1944 4629 2023 4682 κα¹

2144 4636 2283 4691 rent,
2339 4627 2382 4682 si
2414 4626 2503 4695 qui
2538 4637 2718 4682 essent
2755 4627 2808 4679 in
2855 4626 2970 4693 ejus
2999 4627 3267 4683 domibus.
3321 4627 3469 4681 lianc
3498 4630 3567 4681 ob
3611 4644 3723 4683 rem

460 4720 665 4793 σφόδρα
697 4720 922 4781 εἰκότως
954 4719 1298 4791 προσεπάγει
1350 4718 1555 4787 λέγων·
1592 4719 1703 4773 Καὶ
1739 4720 1839 4773 οὐκ
1886 4718 2040 4772 ἔσται

458 4814 487 4866 6
524 4811 756 4866 διώκων.
786 4810 972 4874 Οὐδεὶς
1000 4810 1109 4881 γὰρ
1142 4812 1256 4874 τοῖς
1283 4810 1535 4881 ποιμέσιν
1562 4812 1899 4882 ἐπιτιμήσει,
1932 4828 2039 4882 φη-

2139 4726 2191 4774 et
2217 4718 2563 4772 meritissime
2587 4717 2832 4787 protulit,
2871 4718 3094 4773 dicens:
3145 4718 3231 4794 Et_
3263 4735 3367 4772 non
3402 4721 3506 4772 erit
3541 4706 3726 4788 perse-

2135 4824 2328 4878 quens.
2350 4807 2521 4863 Nemo
2536 4809 2700 4873 enim,
2741 4807 2936 4878 inquit,
2964 4809 3264 4877 increpabit
3290 4820 3559 4879 pastores,
3584 4813 3727 4881 quod

432 4946 437 4951 .
462 4904 566 4967 c‘tv,
592 4905 674 4957 ὅτι
704 4902 990 4974 κατάλυμα
1018 4902 1339 4975 πεποίηνται
1368 4903 1469 4975 τὴν
1489 4902 1631 4970 οὕτω
1656 4903 1914 4975 λαμπρὰν
1938 4905 2023 4957 καί

2134 4904 2408 4957 civitatem
2441 4910 2549 4957 tam
2578 4901 2840 4957 illustrem
2872 4912 2928 4955 et
2951 4902 3296 4957 decantatam
3346 4902 3620 4957 stabulum
3650 4902 3729 4957 ef-

461 4996 703 5066 ἀοίδιμον
732 4996 907 5050 πόλιν.

438 5116 441 5127 ι
540 5084 649 5137 Καί
707 5085 820 5137 οὐκ
864 5083 951 5137 ἔτι
1006 5083 1178 5137 ἔσται
1243 5083 1431 5152 ὀχυρὰ
1490 5084 1595 5138 τοῦ
1663 5085 2032 5155 καταφυγεῖν

473 5175 737 5244 Ἐφραῒμ,
760 5174 857 5229 καί
886 5174 1088 5229 οὐκέτι
1110 5176 1283 5229 ἔσται
1306 5176 1595 5239 ,βασιλεία
1621 5175 1690 5229 ἐν
1708 5175 2030 5246 Δαμασκῷ,

2135 4995 2379 5051 fecerint.

2214 5085 2372 5140 Vsus.
2403 5086 2457 5142 3.
2493 5084 2561 5140 Et
2600 5103 2702 5141 non
2727 5085 2952 5154 amplius
2994 5086 3092 5140 erit
3124 5088 3347 5151 munita,
3376 5095 3430 5138 ut
3456 5085 3727 5157 confugial

2138 5167 2266 5232 illuc
2289 5177 2564 5246 Epicraim.
2616 5176 2685 5231 Et
2726 5192 2831 5230 non
2862 5176 3090 5245 amplius
3138 5176 3238 5229 erit
3286 5192 3501 5246 regnum
3528 5177 3581 5229 in
3621 5176 3728 5230 Da-

460 5265 559 5318 καί
594 5264 661 5319 τὸ
696 5268 914 5319 λοιπὸν
946 5266 1065 5322 τῶν
1106 5267 1333 5335 Σύρων.
1380 5268 1463 5319 Οὐ
1508 5264 1619 5334 γὰρ
1649 5266 1730 5320 σὺ
1770 5267 2023 5331 βελτίων

2132 5287 2330 5334 musco,
2358 5280 2405 5323 et
2439 5270 2694 5339 reliquum
2730 5267 3008 5339 Syrorum.
3034 5267 3160 5324 Non
3195 5270 3330 5323 enim
3358 5278 3414 5321 tu
3441 5268 3628 5321 melior
3665 5286 3719 5322 es

459 5353 521 5411 εἷ
542 5356 661 5411 τῶν
687 5356 834 5410 υἱῶν
869 5356 1128 5426 Ἰσραὴλ,
1162 5357 1260 5411 καί
1286 5355 1396 5426 τῆς
1424 5355 1612 5426 δόξης
1641 5358 1863 5413 αὐτῶν.

543 5448 718 5520 Ὑπὲρ
750 5449 849 5520 τῆς
871 5448 980 5503 τῶν
1021 5449 1396 5520 προκειμένων
1423 5449 1686 5521 ἀκριϐοῦς
1716 5452 2035 5523 σαφηνείας,

2132 5362 2257 5432 ﬁliis
2291 5360 2481 5429 Israel,
2514 5373 2560 5416 et
2580 5363 2751 5432 gloria
2789 5378 2988 5416 eorum.

2205 5453 2310 5509 Pro
2361 5460 2552 5508 exacta
2607 5451 2972 5507 declaratione
3024 5463 3212 5507 eorum
3268 5464 3388 5520 quae
3446 5450 3721 5520 proposita

459 5545 713 5615 οἰήσομαι
744 5544 852 5597 δεῖν
880 5544 1189 5615 ὑπομνῆσαι
1230 5543 1392 5598 πάλιν
1425 5544 1663 5614 ἱστορίας
1690 5546 1951 5618 κειμένης
1980 5547 2023 5600 ἐκ

2136 5556 2282 5613 sunt,
2332 5560 2520 5600 rursus
2549 5544 2803 5601 existimo
2841 5542 3375 5601 commemorandam
3414 5556 3535 5597 esse
3563 5540 3733 5595 histo-

464 5634 690 5706 βιϐλίοις
728 5635 1038 5692 Βασιλειῶν.
1079 5635 1461 5703 Βασιλεύοντος
1487 5638 1595 5709 γὰρ
1624 5637 1718 5693 τοῦ
1746 5638 1923 5711 ’Δχαζ
1947 5639 2023 5693 ἐπ’

2139 5640 2275 5694 riam
2329 5639 2560 5710 positam
2616 5638 2670 5694 in
2696 5637 2837 5697 libro
2885 5636 3225 5713 Regnorum.
3269 5635 3554 5708 Regnantc
3581 5626 3725 5692 enim

538 5792 581 5823 ³³
613 5792 712 5847 ιςιι.
752 5806 843 5858 vn,
876 5808 898 5845 ι
931 5809 1049 5863 sqq.

2500 5908 2527 5953 4
