  <div class='ocr_page' id='page_1' title='image "/cluster/home/n/w/nwhite01/storage/ocr_20150623/70/nnc1.0046980253/229.png"; bbox 0 0 4148 6378; ppageno 0'>
   <div class='ocr_carea' id='block_1_1' title="bbox 499 374 604 435">
    <p class='ocr_par' dir='ltr' id='par_1_1' title="bbox 499 374 604 435">
     <span class='ocr_line' id='line_1_1' title="bbox 499 374 604 435; baseline 0.019 -2"><span class='ocrx_word' id='word_1_1' title='bbox 499 374 604 435; x_wconf 70' lang='grc' dir='ltr'><strong>ίὲὅ</strong></span> 
     </span>
    </p>
   </div>
   <div class='ocr_carea' id='block_1_2' title="bbox 1484 362 2741 429">
    <p class='ocr_par' dir='ltr' id='par_1_2' title="bbox 1484 362 2741 429">
     <span class='ocr_line' id='line_1_2' title="bbox 1484 362 2741 429; baseline 0.001 -2"><span class='ocrx_word' id='word_1_2' title='bbox 1484 372 1545 427; x_wconf 85' lang='lat' dir='ltr'><strong>S.</strong></span> <span class='ocrx_word' id='word_1_3' title='bbox 1585 365 1868 427; x_wconf 72' lang='grc' dir='ltr'>εγιιιιιι</span> <span class='ocrx_word' id='word_1_4' title='bbox 1907 362 2381 426; x_wconf 79' lang='lat' dir='ltr'><strong>ALEXANDRlNl</strong></span> <span class='ocrx_word' id='word_1_5' title='bbox 2420 365 2741 429; x_wconf 77' lang='lat' dir='ltr'><strong>ARCHIEP.</strong></span> 
     </span>
    </p>
   </div>
   <div class='ocr_carea' id='block_1_3' title="bbox 3658 369 3768 435">
    <p class='ocr_par' dir='ltr' id='par_1_3' title="bbox 3658 369 3768 435">
     <span class='ocr_line' id='line_1_3' title="bbox 3658 369 3768 435; baseline 0.036 -3"><span class='ocrx_word' id='word_1_6' title='bbox 3658 369 3768 435; x_wconf 62' lang='grc'><strong>424</strong></span> 
     </span>
    </p>
   </div>
   <div class='ocr_carea' id='block_1_4' title="bbox 498 487 2091 566">
    <p class='ocr_par' dir='ltr' id='par_1_4' title="bbox 498 487 2075 561">
     <span class='ocr_line' id='line_1_4' title="bbox 498 487 2075 561; baseline -0.005 -12"><span class='ocrx_word' id='word_1_7' title='bbox 498 493 709 549; x_wconf 86' lang='lat' dir='ltr'><strong>Achaso</strong></span> <span class='ocrx_word' id='word_1_8' title='bbox 763 504 924 560; x_wconf 83' lang='lat' dir='ltr'><strong>super</strong></span> <span class='ocrx_word' id='word_1_9' title='bbox 969 487 1162 546; x_wconf 72' lang='lat' dir='ltr'><strong>ludam</strong></span> <span class='ocrx_word' id='word_1_10' title='bbox 1209 487 1625 561; x_wconf 80' lang='lat' dir='ltr'><strong>Hierosolymis,</strong></span> <span class='ocrx_word' id='word_1_11' title='bbox 1667 490 1880 546; x_wconf 86' lang='lat' dir='ltr'><strong>Phacee</strong></span> <span class='ocrx_word' id='word_1_12' title='bbox 1931 488 2075 543; x_wconf 90' lang='lat' dir='ltr'><strong>ﬁlius</strong></span> 
     </span>
    </p>
   </div>
   <div class='ocr_carea' id='block_1_5' title="bbox 2193 487 3770 566">
    <p class='ocr_par' dir='ltr' id='par_1_5' title="bbox 2193 487 3770 566">
     <span class='ocr_line' id='line_1_5' title="bbox 2193 487 3770 566; baseline 0.004 -25"><span class='ocrx_word' id='word_1_13' title='bbox 2193 487 2268 541; x_wconf 71' lang='grc' dir='ltr'><strong>τὸν</strong></span> <span class='ocrx_word' id='word_1_14' title='bbox 2310 489 2509 544; x_wconf 82' lang='grc' dir='ltr'>Ἰούδαν</span> <span class='ocrx_word' id='word_1_15' title='bbox 2540 492 2598 544; x_wconf 78' lang='grc' dir='ltr'>ἐν</span> <span class='ocrx_word' id='word_1_16' title='bbox 2629 493 2739 554; x_wconf 86' lang='grc' dir='ltr'>τοῖς</span> <span class='ocrx_word' id='word_1_17' title='bbox 2778 488 3189 561; x_wconf 85' lang='grc' dir='ltr'>Ἰεροσολύμοις,</span> <span class='ocrx_word' id='word_1_18' title='bbox 3219 488 3395 545; x_wconf 77' lang='grc' dir='ltr'>Φακεὲ</span> <span class='ocrx_word' id='word_1_19' title='bbox 3427 491 3542 556; x_wconf 83' lang='grc' dir='ltr'>υίὸς</span> <span class='ocrx_word' id='word_1_20' title='bbox 3578 490 3770 566; x_wconf 80' lang='grc' dir='ltr'>Ῥομε-</span> 
     </span>
    </p>
   </div>
   <div class='ocr_carea' id='block_1_6' title="bbox 496 581 2082 655">
    <p class='ocr_par' dir='ltr' id='par_1_6' title="bbox 496 581 2082 655">
     <span class='ocr_line' id='line_1_6' title="bbox 496 581 2082 655; baseline -0.003 -16"><span class='ocrx_word' id='word_1_21' title='bbox 496 584 755 641; x_wconf 79' lang='lat' dir='ltr'><strong>Romeliae</strong></span> <span class='ocrx_word' id='word_1_22' title='bbox 808 581 973 655; x_wconf 68' lang='grc'><strong>264</strong></span> <span class='ocrx_word' id='word_1_23' title='bbox 1029 597 1262 654; x_wconf 82' lang='lat' dir='ltr'><strong>regnans</strong></span> <span class='ocrx_word' id='word_1_24' title='bbox 1321 583 1375 636; x_wconf 90' lang='lat' dir='ltr'><strong>in</strong></span> <span class='ocrx_word' id='word_1_25' title='bbox 1415 581 1664 639; x_wconf 81' lang='lat' dir='ltr'><strong>Samaria</strong></span> <span class='ocrx_word' id='word_1_26' title='bbox 1696 598 1865 653; x_wconf 88' lang='lat' dir='ltr'><strong>super</strong></span> <span class='ocrx_word' id='word_1_27' title='bbox 1893 582 2082 637; x_wconf 84' lang='lat' dir='ltr'><strong>decem</strong></span> 
     </span>
    </p>
   </div>
   <div class='ocr_carea' id='block_1_7' title="bbox 500 672 2086 746">
    <p class='ocr_par' dir='ltr' id='par_1_7' title="bbox 500 672 2086 746">
     <span class='ocr_line' id='line_1_7' title="bbox 500 672 2086 746; baseline -0.001 -16"><span class='ocrx_word' id='word_1_28' title='bbox 500 677 693 741; x_wconf 86' lang='lat' dir='ltr'><strong>tribus,</strong></span> <span class='ocrx_word' id='word_1_29' title='bbox 718 676 1039 746; x_wconf 81' lang='lat' dir='ltr'><strong>oppugnavit</strong></span> <span class='ocrx_word' id='word_1_30' title='bbox 1064 672 1460 745; x_wconf 85' lang='lat' dir='ltr'><strong>Hierosolyma.</strong></span> <span class='ocrx_word' id='word_1_31' title='bbox 1484 673 1556 728; x_wconf 84' lang='lat' dir='ltr'><strong>At</strong></span> <span class='ocrx_word' id='word_1_32' title='bbox 1580 689 1702 730; x_wconf 94' lang='lat' dir='ltr'><strong>cum</strong></span> <span class='ocrx_word' id='word_1_33' title='bbox 1722 682 1999 730; x_wconf 77' lang='lat' dir='ltr'><strong>vereretur</strong></span> <span class='ocrx_word' id='word_1_34' title='bbox 2017 686 2086 728; x_wconf 88' lang='lat' dir='ltr'><strong>ne</strong></span> 
     </span>
    </p>
   </div>
   <div class='ocr_carea' id='block_1_8' title="bbox 498 763 2087 834">
    <p class='ocr_par' dir='ltr' id='par_1_8' title="bbox 498 763 2087 834">
     <span class='ocr_line' id='line_1_8' title="bbox 498 763 2087 834; baseline -0.001 -14"><span class='ocrx_word' id='word_1_35' title='bbox 498 781 607 820; x_wconf 90' lang='lat' dir='ltr'><strong>non</strong></span> <span class='ocrx_word' id='word_1_36' title='bbox 639 766 771 819; x_wconf 85' lang='lat' dir='ltr'><strong>satis</strong></span> <span class='ocrx_word' id='word_1_37' title='bbox 805 774 997 834; x_wconf 88' lang='lat' dir='ltr'><strong>potens</strong></span> <span class='ocrx_word' id='word_1_38' title='bbox 1025 772 1174 819; x_wconf 90' lang='lat' dir='ltr'><strong>esset</strong></span> <span class='ocrx_word' id='word_1_39' title='bbox 1212 763 1275 818; x_wconf 92' lang='lat' dir='ltr'><strong>ad</strong></span> <span class='ocrx_word' id='word_1_40' title='bbox 1310 764 1654 831; x_wconf 87' lang='lat' dir='ltr'><strong>capiendum,</strong></span> <span class='ocrx_word' id='word_1_41' title='bbox 1693 778 1965 818; x_wconf 91' lang='lat' dir='ltr'><strong>armorum</strong></span> <span class='ocrx_word' id='word_1_42' title='bbox 1999 777 2087 818; x_wconf 89' lang='lat' dir='ltr'><strong>so-</strong></span> 
     </span>
    </p>
   </div>
   <div class='ocr_carea' id='block_1_9' title="bbox 498 852 2084 926">
    <p class='ocr_par' dir='ltr' id='par_1_9' title="bbox 498 852 2084 926">
     <span class='ocr_line' id='line_1_9' title="bbox 498 852 2084 926; baseline -0.002 -15"><span class='ocrx_word' id='word_1_43' title='bbox 498 858 641 911; x_wconf 91' lang='lat' dir='ltr'><strong>cium</strong></span> <span class='ocrx_word' id='word_1_44' title='bbox 668 865 721 911; x_wconf 91' lang='lat' dir='ltr'><strong>et</strong></span> <span class='ocrx_word' id='word_1_45' title='bbox 744 854 1166 910; x_wconf 78' lang='lat' dir='ltr'><strong>commilitonem</strong></span> <span class='ocrx_word' id='word_1_46' title='bbox 1187 852 1314 909; x_wconf 81' lang='lat' dir='ltr'><strong>fecit</strong></span> <span class='ocrx_word' id='word_1_47' title='bbox 1345 852 1588 910; x_wconf 85' lang='lat' dir='ltr'><strong>Raasson</strong></span> <span class='ocrx_word' id='word_1_48' title='bbox 1608 868 1787 926; x_wconf 83' lang='lat' dir='ltr'><strong>regem</strong></span> <span class='ocrx_word' id='word_1_49' title='bbox 1822 852 2084 925; x_wconf 87' lang='lat' dir='ltr'><strong>Syrorum</strong></span> 
     </span>
    </p>
   </div>
   <div class='ocr_carea' id='block_1_10' title="bbox 499 946 2081 1016">
    <p class='ocr_par' dir='ltr' id='par_1_10' title="bbox 499 946 2081 1016">
     <span class='ocr_line' id='line_1_10' title="bbox 499 946 2081 1016; baseline 0.001 -15"><span class='ocrx_word' id='word_1_50' title='bbox 499 959 554 1002; x_wconf 91' lang='lat' dir='ltr'><strong>et</strong></span> <span class='ocrx_word' id='word_1_51' title='bbox 576 947 846 1003; x_wconf 90' lang='lat' dir='ltr'><strong>Damasci.</strong></span> <span class='ocrx_word' id='word_1_52' title='bbox 878 946 969 1001; x_wconf 87' lang='lat' dir='ltr'><strong>Sic</strong></span> <span class='ocrx_word' id='word_1_53' title='bbox 986 955 1161 1000; x_wconf 87' lang='lat' dir='ltr'><strong>autem</strong></span> <span class='ocrx_word' id='word_1_54' title='bbox 1192 946 1270 1000; x_wconf 91' lang='lat' dir='ltr'><strong>ait</strong></span> <span class='ocrx_word' id='word_1_55' title='bbox 1296 946 1484 1002; x_wconf 87' lang='lat' dir='ltr'><strong>beatus</strong></span> <span class='ocrx_word' id='word_1_56' title='bbox 1517 948 1776 1016; x_wconf 82' lang='lat' dir='ltr'><strong>propheta</strong></span> <span class='ocrx_word' id='word_1_57' title='bbox 1800 946 1966 1002; x_wconf 87' lang='lat' dir='ltr'><strong>Isaias</strong></span> <span class='ocrx_word' id='word_1_58' title='bbox 1984 946 2029 979; x_wconf 78' lang='grc'><strong>³¹⁶</strong></span> <span class='ocrx_word' id='word_1_59' title='bbox 2065 964 2081 1002; x_wconf 89' lang='lat'><strong>:</strong></span> 
     </span>
    </p>
   </div>
   <div class='ocr_carea' id='block_1_11' title="bbox 502 1037 2085 1104">
    <p class='ocr_par' dir='ltr' id='par_1_11' title="bbox 502 1037 2085 1104">
     <span class='ocr_line' id='line_1_11' title="bbox 502 1037 2085 1104; baseline -0.002 -8"><span class='ocrx_word' id='word_1_60' title='bbox 502 1041 566 1096; x_wconf 85' lang='lat' dir='ltr'><strong>Et</strong></span> <span class='ocrx_word' id='word_1_61' title='bbox 593 1040 792 1096; x_wconf 78' lang='lat' dir='ltr'><strong>factum</strong></span> <span class='ocrx_word' id='word_1_62' title='bbox 816 1048 919 1103; x_wconf 87' lang='lat' dir='ltr'><strong>est,</strong></span> <span class='ocrx_word' id='word_1_63' title='bbox 943 1038 1131 1093; x_wconf 91' lang='lat' dir='ltr'><strong>diebus</strong></span> <span class='ocrx_word' id='word_1_64' title='bbox 1162 1038 1366 1103; x_wconf 82' lang='lat' dir='ltr'><strong>Acltaz,</strong></span> <span class='ocrx_word' id='word_1_65' title='bbox 1394 1038 1487 1092; x_wconf 88' lang='lat' dir='ltr'><strong>ﬁlii</strong></span> <span class='ocrx_word' id='word_1_66' title='bbox 1512 1037 1783 1104; x_wconf 85' lang='lat' dir='ltr'><strong>Joatham,</strong></span> <span class='ocrx_word' id='word_1_67' title='bbox 1821 1039 1916 1094; x_wconf 87' lang='lat' dir='ltr'><strong>ﬁlii</strong></span> <span class='ocrx_word' id='word_1_68' title='bbox 1939 1038 2085 1095; x_wconf 59' lang='lat' dir='ltr'><strong>Ozias</strong></span> 
     </span>
    </p>
   </div>
   <div class='ocr_carea' id='block_1_12' title="bbox 502 1130 2085 1205">
    <p class='ocr_par' dir='ltr' id='par_1_12' title="bbox 502 1130 2085 1205">
     <span class='ocr_line' id='line_1_12' title="bbox 502 1130 2085 1205; baseline -0.001 -16"><span class='ocrx_word' id='word_1_69' title='bbox 502 1135 647 1205; x_wconf 90' lang='lat' dir='ltr'><strong>regis</strong></span> <span class='ocrx_word' id='word_1_70' title='bbox 676 1132 837 1197; x_wconf 85' lang='lat' dir='ltr'><strong>.luda,</strong></span> <span class='ocrx_word' id='word_1_71' title='bbox 874 1131 1119 1187; x_wconf 87' lang='lat' dir='ltr'><strong>ascendit</strong></span> <span class='ocrx_word' id='word_1_72' title='bbox 1162 1130 1410 1186; x_wconf 83' lang='lat' dir='ltr'><strong>Raasson</strong></span> <span class='ocrx_word' id='word_1_73' title='bbox 1456 1146 1548 1185; x_wconf 80' lang='lat' dir='ltr'><strong>rex</strong></span> <span class='ocrx_word' id='word_1_74' title='bbox 1580 1132 1744 1185; x_wconf 84' lang='lat' dir='ltr'><strong>Aram</strong></span> <span class='ocrx_word' id='word_1_75' title='bbox 1775 1132 2085 1202; x_wconf 78' lang='lat' dir='ltr'><strong>(exponitur</strong></span> 
     </span>
    </p>
   </div>
   <div class='ocr_carea' id='block_1_13' title="bbox 2187 580 3773 655">
    <p class='ocr_par' dir='ltr' id='par_1_13' title="bbox 2187 580 3773 655">
     <span class='ocr_line' id='line_1_13' title="bbox 2187 580 3773 655; baseline 0.002 -20"><span class='ocrx_word' id='word_1_76' title='bbox 2187 581 2300 635; x_wconf 91' lang='grc' dir='ltr'>λίου</span> <span class='ocrx_word' id='word_1_77' title='bbox 2349 580 2646 651; x_wconf 82' lang='grc' dir='ltr'><strong>βασιλεύων</strong></span> <span class='ocrx_word' id='word_1_78' title='bbox 2686 585 2746 636; x_wconf 74' lang='grc' dir='ltr'>ἐν</span> <span class='ocrx_word' id='word_1_79' title='bbox 2801 585 2866 653; x_wconf 76' lang='grc' dir='ltr'>τῇ</span> <span class='ocrx_word' id='word_1_80' title='bbox 2916 583 3198 655; x_wconf 79' lang='grc' dir='ltr'><strong>Σαμαρείᾳ</strong></span> <span class='ocrx_word' id='word_1_81' title='bbox 3236 582 3368 637; x_wconf 83' lang='grc' dir='ltr'><strong>δέκα</strong></span> <span class='ocrx_word' id='word_1_82' title='bbox 3407 584 3590 653; x_wconf 83' lang='grc' dir='ltr'>φυλῶν</span> <span class='ocrx_word' id='word_1_83' title='bbox 3642 603 3773 640; x_wconf 85' lang='grc' dir='ltr'>κατ-</span> 
     </span>
    </p>
   </div>
   <div class='ocr_carea' id='block_1_14' title="bbox 2187 673 3772 750">
    <p class='ocr_par' dir='ltr' id='par_1_14' title="bbox 2187 673 3772 750">
     <span class='ocr_line' id='line_1_14' title="bbox 2187 673 3772 750; baseline 0.003 -24"><span class='ocrx_word' id='word_1_84' title='bbox 2187 674 2546 747; x_wconf 85' lang='grc' dir='ltr'>εστρατεύετο</span> <span class='ocrx_word' id='word_1_85' title='bbox 2574 673 2681 727; x_wconf 83' lang='grc' dir='ltr'><strong>τῶν</strong></span> <span class='ocrx_word' id='word_1_86' title='bbox 2716 674 3121 746; x_wconf 83' lang='grc' dir='ltr'>Ἰεροσολύμων.</span> <span class='ocrx_word' id='word_1_87' title='bbox 3158 674 3372 747; x_wconf 79' lang='grc' dir='ltr'><strong>Ἐπειδὴ</strong></span> <span class='ocrx_word' id='word_1_88' title='bbox 3397 676 3456 729; x_wconf 88' lang='grc' dir='ltr'>δὲ</span> <span class='ocrx_word' id='word_1_89' title='bbox 3479 676 3667 731; x_wconf 76' lang='grc' dir='ltr'>ἐδεδίει</span> <span class='ocrx_word' id='word_1_90' title='bbox 3697 678 3772 750; x_wconf 80' lang='grc' dir='ltr'>μὴ</span> 
     </span>
    </p>
   </div>
   <div class='ocr_carea' id='block_1_15' title="bbox 2187 765 3772 839">
    <p class='ocr_par' dir='ltr' id='par_1_15' title="bbox 2187 765 3772 839">
     <span class='ocr_line' id='line_1_15' title="bbox 2187 765 3772 839; baseline 0.001 -17"><span class='ocrx_word' id='word_1_91' title='bbox 2187 768 2296 838; x_wconf 78' lang='grc' dir='ltr'><strong>ἄρα</strong></span> <span class='ocrx_word' id='word_1_92' title='bbox 2343 784 2461 831; x_wconf 83' lang='grc' dir='ltr'><strong>πως</strong></span> <span class='ocrx_word' id='word_1_93' title='bbox 2509 767 2745 838; x_wconf 70' lang='grc' dir='ltr'>άοτονήσῃ</span> <span class='ocrx_word' id='word_1_94' title='bbox 2799 765 2937 836; x_wconf 84' lang='grc' dir='ltr'>πρὸς</span> <span class='ocrx_word' id='word_1_95' title='bbox 2987 766 3048 819; x_wconf 77' lang='grc' dir='ltr'>τὸ</span> <span class='ocrx_word' id='word_1_96' title='bbox 3101 765 3241 820; x_wconf 74' lang='grc' dir='ltr'>ἑλεῖν</span> <span class='ocrx_word' id='word_1_97' title='bbox 3288 766 3478 839; x_wconf 77' lang='grc' dir='ltr'>αὐτὴν,</span> <span class='ocrx_word' id='word_1_98' title='bbox 3511 767 3772 823; x_wconf 80' lang='grc' dir='ltr'>σύνοπλον</span> 
     </span>
    </p>
   </div>
   <div class='ocr_carea' id='block_1_16' title="bbox 2184 857 3772 935">
    <p class='ocr_par' dir='ltr' id='par_1_16' title="bbox 2184 857 3772 935">
     <span class='ocr_line' id='line_1_16' title="bbox 2184 857 3772 935; baseline 0.002 -22"><span class='ocrx_word' id='word_1_99' title='bbox 2184 861 2421 913; x_wconf 77' lang='grc' dir='ltr'>ἐποιεῖτο</span> <span class='ocrx_word' id='word_1_100' title='bbox 2454 859 2543 913; x_wconf 83' lang='grc' dir='ltr'><strong>τὸν</strong></span> <span class='ocrx_word' id='word_1_101' title='bbox 2578 857 2862 912; x_wconf 85' lang='grc' dir='ltr'>Ῥαασσὼν</span> <span class='ocrx_word' id='word_1_102' title='bbox 2911 858 3003 913; x_wconf 83' lang='grc' dir='ltr'><strong>τὸν</strong></span> <span class='ocrx_word' id='word_1_103' title='bbox 3047 858 3270 929; x_wconf 77' lang='grc' dir='ltr'>βασιλέα</span> <span class='ocrx_word' id='word_1_104' title='bbox 3304 860 3491 933; x_wconf 87' lang='grc' dir='ltr'>Σύρων</span> <span class='ocrx_word' id='word_1_105' title='bbox 3542 862 3637 915; x_wconf 81' lang='grc' dir='ltr'><strong>καὶ</strong></span> <span class='ocrx_word' id='word_1_106' title='bbox 3671 864 3772 935; x_wconf 77' lang='grc' dir='ltr'><strong>τῆς</strong></span> 
     </span>
    </p>
   </div>
   <div class='ocr_carea' id='block_1_17' title="bbox 2186 948 3772 1026">
    <p class='ocr_par' dir='ltr' id='par_1_17' title="bbox 2186 948 3772 1026">
     <span class='ocr_line' id='line_1_17' title="bbox 2186 948 3772 1026; baseline 0.001 -21"><span class='ocrx_word' id='word_1_107' title='bbox 2186 950 2500 1021; x_wconf 81' lang='grc' dir='ltr'><strong>Δαμασκοῦ.</strong></span> <span class='ocrx_word' id='word_1_108' title='bbox 2534 952 2677 1021; x_wconf 86' lang='grc' dir='ltr'><strong>Ἔφη</strong></span> <span class='ocrx_word' id='word_1_109' title='bbox 2718 950 2776 1004; x_wconf 83' lang='grc' dir='ltr'>δὲ</span> <span class='ocrx_word' id='word_1_110' title='bbox 2817 948 2993 1014; x_wconf 75' lang='grc' dir='ltr'>οὕτως</span> <span class='ocrx_word' id='word_1_111' title='bbox 3046 952 3208 1015; x_wconf 77' lang='grc' dir='ltr'>αὐτὸς</span> <span class='ocrx_word' id='word_1_112' title='bbox 3252 953 3282 1005; x_wconf 80' lang='grc' dir='ltr'>ὁ</span> <span class='ocrx_word' id='word_1_113' title='bbox 3331 953 3600 1024; x_wconf 88' lang='grc' dir='ltr'>μακάριος</span> <span class='ocrx_word' id='word_1_114' title='bbox 3635 970 3772 1026; x_wconf 75' lang='grc' dir='ltr'><strong>προ⁵</strong></span> 
     </span>
    </p>
   </div>
   <div class='ocr_carea' id='block_1_18' title="bbox 2186 1036 3774 1117">
    <p class='ocr_par' dir='ltr' id='par_1_18' title="bbox 2186 1036 3774 1117">
     <span class='ocr_line' id='line_1_18' title="bbox 2186 1036 3774 1117; baseline 0.001 -19"><span class='ocrx_word' id='word_1_115' title='bbox 2186 1047 2361 1116; x_wconf 80' lang='grc' dir='ltr'>φήτης</span> <span class='ocrx_word' id='word_1_116' title='bbox 2395 1043 2652 1106; x_wconf 73' lang='grc' dir='ltr'>Ἡσαΐας·</span> <span class='ocrx_word' id='word_1_117' title='bbox 2695 1044 2809 1097; x_wconf 78' lang='grc' dir='ltr'><strong>Καὶ</strong></span> <span class='ocrx_word' id='word_1_118' title='bbox 2849 1045 3066 1111; x_wconf 82' lang='grc' dir='ltr'>ἐγένετο</span> <span class='ocrx_word' id='word_1_119' title='bbox 3098 1046 3156 1099; x_wconf 76' lang='grc' dir='ltr'><strong>ἐν</strong></span> <span class='ocrx_word' id='word_1_120' title='bbox 3182 1048 3301 1108; x_wconf 75' lang='grc' dir='ltr'>ταῖς</span> <span class='ocrx_word' id='word_1_121' title='bbox 3335 1045 3569 1117; x_wconf 79' lang='grc' dir='ltr'><strong>ἡμέραις</strong></span> <span class='ocrx_word' id='word_1_122' title='bbox 3596 1036 3774 1117; x_wconf 67' lang='grc' dir='ltr'>Ἄχας</span> 
     </span>
    </p>
   </div>
   <div class='ocr_carea' id='block_1_19' title="bbox 2185 1134 3771 1207">
    <p class='ocr_par' dir='ltr' id='par_1_19' title="bbox 2185 1134 3771 1207">
     <span class='ocr_line' id='line_1_19' title="bbox 2185 1134 3771 1207; baseline 0.001 -19"><span class='ocrx_word' id='word_1_123' title='bbox 2185 1135 2280 1189; x_wconf 84' lang='grc' dir='ltr'><strong>τοῦ</strong></span> <span class='ocrx_word' id='word_1_124' title='bbox 2320 1134 2558 1205; x_wconf 85' lang='grc' dir='ltr'>ἰωάθαμ</span> <span class='ocrx_word' id='word_1_125' title='bbox 2586 1134 2681 1189; x_wconf 88' lang='grc' dir='ltr'><strong>τοῦ</strong></span> <span class='ocrx_word' id='word_1_126' title='bbox 2711 1134 2828 1188; x_wconf 85' lang='grc' dir='ltr'>υίοῦ</span> <span class='ocrx_word' id='word_1_127' title='bbox 2866 1134 3041 1199; x_wconf 77' lang='grc' dir='ltr'>Ὀζίου</span> <span class='ocrx_word' id='word_1_128' title='bbox 3073 1134 3341 1204; x_wconf 80' lang='grc' dir='ltr'>βασιλέως</span> <span class='ocrx_word' id='word_1_129' title='bbox 3376 1135 3568 1199; x_wconf 82' lang='grc' dir='ltr'><strong>Ἰούδα,</strong></span> <span class='ocrx_word' id='word_1_130' title='bbox 3601 1136 3771 1207; x_wconf 75' lang='grc' dir='ltr'>ἀνέϐη</span> 
     </span>
    </p>
   </div>
   <div class='ocr_carea' id='block_1_20' title="bbox 500 1222 2085 1296">
    <p class='ocr_par' dir='ltr' id='par_1_20' title="bbox 500 1222 2085 1296">
     <span class='ocr_line' id='line_1_20' title="bbox 500 1222 2085 1296; baseline -0.001 -16"><span class='ocrx_word' id='word_1_131' title='bbox 500 1226 924 1296; x_wconf 87' lang='lat' dir='ltr'><strong>vero,Syrorum</strong></span> <span class='ocrx_word' id='word_1_132' title='bbox 953 1239 1047 1279; x_wconf 92' lang='lat' dir='ltr'><strong>seu</strong></span> <span class='ocrx_word' id='word_1_133' title='bbox 1088 1222 1258 1294; x_wconf 82' lang='lat' dir='ltr'><strong>Syriae</strong></span> <span class='ocrx_word' id='word_1_134' title='bbox 1279 1224 1401 1293; x_wconf 85' lang='lat' dir='ltr'><strong>:)et</strong></span> <span class='ocrx_word' id='word_1_135' title='bbox 1424 1223 1635 1278; x_wconf 88' lang='lat' dir='ltr'><strong>Phacee</strong></span> <span class='ocrx_word' id='word_1_136' title='bbox 1664 1225 1804 1279; x_wconf 87' lang='lat' dir='ltr'><strong>ﬁlius</strong></span> <span class='ocrx_word' id='word_1_137' title='bbox 1828 1223 2085 1279; x_wconf 81' lang='lat' dir='ltr'><strong>Romeliae</strong></span> 
     </span>
    </p>
   </div>
   <div class='ocr_carea' id='block_1_21' title="bbox 500 1312 2086 1383">
    <p class='ocr_par' dir='ltr' id='par_1_21' title="bbox 500 1312 2086 1383">
     <span class='ocr_line' id='line_1_21' title="bbox 500 1312 2086 1383; baseline -0.003 -13"><span class='ocrx_word' id='word_1_138' title='bbox 500 1333 591 1370; x_wconf 71' lang='lat' dir='ltr'><strong>rex</strong></span> <span class='ocrx_word' id='word_1_139' title='bbox 626 1316 789 1371; x_wconf 89' lang='lat' dir='ltr'><strong>Israel</strong></span> <span class='ocrx_word' id='word_1_140' title='bbox 821 1316 875 1369; x_wconf 90' lang='lat' dir='ltr'><strong>in</strong></span> <span class='ocrx_word' id='word_1_141' title='bbox 908 1312 1233 1380; x_wconf 82' lang='lat' dir='ltr'><strong>Jerusalem,</strong></span> <span class='ocrx_word' id='word_1_142' title='bbox 1264 1323 1321 1367; x_wconf 94' lang='lat' dir='ltr'><strong>ut</strong></span> <span class='ocrx_word' id='word_1_143' title='bbox 1350 1325 1805 1383; x_wconf 88' lang='lat' dir='ltr'><strong>pugnaretcontra</strong></span> <span class='ocrx_word' id='word_1_144' title='bbox 1838 1329 1985 1368; x_wconf 90' lang='lat' dir='ltr'><strong>eam.</strong></span> <span class='ocrx_word' id='word_1_145' title='bbox 2023 1313 2086 1367; x_wconf 88' lang='lat' dir='ltr'><strong>Et</strong></span> 
     </span>
    </p>
   </div>
   <div class='ocr_carea' id='block_1_22' title="bbox 2199 1225 3771 1298">
    <p class='ocr_par' dir='ltr' id='par_1_22' title="bbox 2199 1225 3771 1298">
     <span class='ocr_line' id='line_1_22' title="bbox 2199 1225 3771 1298; baseline 0 -17"><span class='ocrx_word' id='word_1_146' title='bbox 2199 1227 2479 1281; x_wconf 86' lang='grc' dir='ltr'>Ῥαασσὼν</span> <span class='ocrx_word' id='word_1_147' title='bbox 2530 1226 2780 1296; x_wconf 83' lang='grc' dir='ltr'>βασιλεὺς</span> <span class='ocrx_word' id='word_1_148' title='bbox 2819 1227 3022 1298; x_wconf 83' lang='grc' dir='ltr'>Ἀρὰμ,</span> <span class='ocrx_word' id='word_1_149' title='bbox 3088 1225 3532 1297; x_wconf 80' lang='grc' dir='ltr'>(διερμηνεύεται</span> <span class='ocrx_word' id='word_1_150' title='bbox 3564 1226 3622 1280; x_wconf 86' lang='grc' dir='ltr'>δὲ</span> <span class='ocrx_word' id='word_1_151' title='bbox 3673 1227 3771 1281; x_wconf 88' lang='grc' dir='ltr'>Σύ-</span> 
     </span>
    </p>
   </div>
   <div class='ocr_carea' id='block_1_23' title="bbox 2190 1316 3775 1390">
    <p class='ocr_par' dir='ltr' id='par_1_23' title="bbox 2190 1316 3775 1390">
     <span class='ocr_line' id='line_1_23' title="bbox 2190 1316 3775 1390; baseline 0.001 -20"><span class='ocrx_word' id='word_1_152' title='bbox 2190 1335 2318 1390; x_wconf 91' lang='grc' dir='ltr'>ρων,</span> <span class='ocrx_word' id='word_1_153' title='bbox 2361 1319 2481 1387; x_wconf 71' lang='grc' dir='ltr'>ἦτοι</span> <span class='ocrx_word' id='word_1_154' title='bbox 2514 1317 2712 1389; x_wconf 84' lang='grc' dir='ltr'>Συρίας</span> <span class='ocrx_word' id='word_1_155' title='bbox 2735 1317 2773 1388; x_wconf 87' lang='grc'><strong>’)</strong></span> <span class='ocrx_word' id='word_1_156' title='bbox 2808 1318 2904 1371; x_wconf 74' lang='grc' dir='ltr'><strong>καὶ</strong></span> <span class='ocrx_word' id='word_1_157' title='bbox 2953 1316 3126 1371; x_wconf 79' lang='grc' dir='ltr'>Φακεὲ</span> <span class='ocrx_word' id='word_1_158' title='bbox 3159 1317 3273 1380; x_wconf 82' lang='grc' dir='ltr'>υίὸς</span> <span class='ocrx_word' id='word_1_159' title='bbox 3313 1316 3594 1388; x_wconf 86' lang='grc' dir='ltr'>Ῥομελίου</span> <span class='ocrx_word' id='word_1_160' title='bbox 3618 1318 3775 1389; x_wconf 73' lang='grc' dir='ltr'>βασιει</span> 
     </span>
    </p>
   </div>
   <div class='ocr_carea' id='block_1_24' title="bbox 497 1404 2091 1481">
    <p class='ocr_par' dir='ltr' id='par_1_24' title="bbox 497 1404 2076 1464">
     <span class='ocr_line' id='line_1_24' title="bbox 497 1404 2076 1464; baseline -0.002 -1"><span class='ocrx_word' id='word_1_161' title='bbox 497 1411 801 1464; x_wconf 82' lang='lat' dir='ltr'><strong>nuntiatum</strong></span> <span class='ocrx_word' id='word_1_162' title='bbox 831 1418 915 1463; x_wconf 85' lang='lat' dir='ltr'><strong>est</strong></span> <span class='ocrx_word' id='word_1_163' title='bbox 939 1408 1121 1462; x_wconf 87' lang='lat' dir='ltr'><strong>domui</strong></span> <span class='ocrx_word' id='word_1_164' title='bbox 1150 1404 1318 1461; x_wconf 82' lang='lat' dir='ltr'><strong>David</strong></span> <span class='ocrx_word' id='word_1_165' title='bbox 1346 1422 1374 1458; x_wconf 88' lang='lat' dir='ltr'><strong>a</strong></span> <span class='ocrx_word' id='word_1_166' title='bbox 1403 1407 1710 1463; x_wconf 83' lang='lat' dir='ltr'><strong>dicentibus</strong></span> <span class='ocrx_word' id='word_1_167' title='bbox 1738 1425 1752 1461; x_wconf 89' lang='lat'><strong>:</strong></span> <span class='ocrx_word' id='word_1_168' title='bbox 1777 1407 2076 1463; x_wconf 81' lang='lat' dir='ltr'><strong>Consensit</strong></span> 
     </span>
    </p>
   </div>
   <div class='ocr_carea' id='block_1_25' title="bbox 2193 1404 3772 1481">
    <p class='ocr_par' dir='ltr' id='par_1_25' title="bbox 2193 1407 3772 1481">
     <span class='ocr_line' id='line_1_25' title="bbox 2193 1407 3772 1481; baseline -0.001 -19"><span class='ocrx_word' id='word_1_169' title='bbox 2193 1411 2313 1474; x_wconf 82' lang='grc' dir='ltr'>λεὺς</span> <span class='ocrx_word' id='word_1_170' title='bbox 2356 1408 2572 1480; x_wconf 80' lang='grc' dir='ltr'>Ἰσραὴλ</span> <span class='ocrx_word' id='word_1_171' title='bbox 2605 1411 2685 1472; x_wconf 87' lang='grc' dir='ltr'><strong>είς</strong></span> <span class='ocrx_word' id='word_1_172' title='bbox 2722 1407 3071 1480; x_wconf 76' lang='grc' dir='ltr'>Ἰερουσαλὴμ</span> <span class='ocrx_word' id='word_1_173' title='bbox 3101 1408 3404 1480; x_wconf 80' lang='grc' dir='ltr'>πολεμῆσαι</span> <span class='ocrx_word' id='word_1_174' title='bbox 3441 1409 3631 1481; x_wconf 83' lang='grc' dir='ltr'>αὑτήν.</span> <span class='ocrx_word' id='word_1_175' title='bbox 3663 1408 3772 1463; x_wconf 78' lang='grc' dir='ltr'>Καὶ</span> 
     </span>
    </p>
   </div>
   <div class='ocr_carea' id='block_1_26' title="bbox 496 1497 2091 1575">
    <p class='ocr_par' dir='ltr' id='par_1_26' title="bbox 496 1498 2081 1569">
     <span class='ocr_line' id='line_1_26' title="bbox 496 1498 2081 1569; baseline -0.003 -13"><span class='ocrx_word' id='word_1_176' title='bbox 496 1504 661 1556; x_wconf 78' lang='lat' dir='ltr'><strong>Aram</strong></span> <span class='ocrx_word' id='word_1_177' title='bbox 698 1502 960 1557; x_wconf 83' lang='lat' dir='ltr'><strong>adversus</strong></span> <span class='ocrx_word' id='word_1_178' title='bbox 1017 1499 1304 1569; x_wconf 79' lang='lat' dir='ltr'><strong>Epitraim,</strong></span> <span class='ocrx_word' id='word_1_179' title='bbox 1356 1499 1409 1553; x_wconf 88' lang='lat' dir='ltr'><strong>id</strong></span> <span class='ocrx_word' id='word_1_180' title='bbox 1461 1509 1564 1565; x_wconf 89' lang='lat' dir='ltr'><strong>est,</strong></span> <span class='ocrx_word' id='word_1_181' title='bbox 1598 1498 1767 1569; x_wconf 84' lang='lat' dir='ltr'><strong>Syrus</strong></span> <span class='ocrx_word' id='word_1_182' title='bbox 1821 1499 2081 1553; x_wconf 84' lang='lat' dir='ltr'><strong>adversus</strong></span> 
     </span>
    </p>
   </div>
   <div class='ocr_carea' id='block_1_27' title="bbox 2193 1497 3772 1575">
    <p class='ocr_par' dir='ltr' id='par_1_27' title="bbox 2193 1497 3772 1575">
     <span class='ocr_line' id='line_1_27' title="bbox 2193 1497 3772 1575; baseline 0 -18"><span class='ocrx_word' id='word_1_183' title='bbox 2193 1504 2462 1575; x_wconf 78' lang='grc' dir='ltr'>ἀνηγγέλη</span> <span class='ocrx_word' id='word_1_184' title='bbox 2485 1505 2564 1567; x_wconf 87' lang='grc' dir='ltr'><strong>είς</strong></span> <span class='ocrx_word' id='word_1_185' title='bbox 2589 1503 2679 1556; x_wconf 83' lang='grc' dir='ltr'><strong>τὸν</strong></span> <span class='ocrx_word' id='word_1_186' title='bbox 2701 1497 2847 1556; x_wconf 76' lang='grc' dir='ltr'>οἷκον</span> <span class='ocrx_word' id='word_1_187' title='bbox 2872 1502 3058 1568; x_wconf 76' lang='grc' dir='ltr'>Δαῦὶδ,</span> <span class='ocrx_word' id='word_1_188' title='bbox 3089 1502 3364 1571; x_wconf 84' lang='grc' dir='ltr'>λέγοντες·</span> <span class='ocrx_word' id='word_1_189' title='bbox 3386 1502 3772 1574; x_wconf 83' lang='grc' dir='ltr'>Συνεφὼνησεν</span> 
     </span>
    </p>
   </div>
   <div class='ocr_carea' id='block_1_28' title="bbox 495 1589 2091 1666">
    <p class='ocr_par' dir='ltr' id='par_1_28' title="bbox 495 1589 2080 1664">
     <span class='ocr_line' id='line_1_28' title="bbox 495 1589 2080 1664; baseline -0.002 -17"><span class='ocrx_word' id='word_1_190' title='bbox 495 1608 619 1647; x_wconf 85' lang='lat' dir='ltr'><strong>eum</strong></span> <span class='ocrx_word' id='word_1_191' title='bbox 659 1593 749 1662; x_wconf 87' lang='lat' dir='ltr'><strong>qui</strong></span> <span class='ocrx_word' id='word_1_192' title='bbox 777 1608 841 1647; x_wconf 81' lang='lat' dir='ltr'><strong>ex</strong></span> <span class='ocrx_word' id='word_1_193' title='bbox 873 1595 1015 1649; x_wconf 90' lang='lat' dir='ltr'><strong>tribu</strong></span> <span class='ocrx_word' id='word_1_194' title='bbox 1044 1594 1298 1664; x_wconf 89' lang='lat' dir='ltr'><strong>Ephraim</strong></span> <span class='ocrx_word' id='word_1_195' title='bbox 1332 1609 1557 1664; x_wconf 81' lang='lat' dir='ltr'><strong>regnum</strong></span> <span class='ocrx_word' id='word_1_196' title='bbox 1590 1592 1759 1646; x_wconf 90' lang='lat' dir='ltr'><strong>tenuit</strong></span> <span class='ocrx_word' id='word_1_197' title='bbox 1790 1589 2080 1645; x_wconf 65' lang='lat' dir='ltr'><strong>Samariaa.</strong></span> 
     </span>
    </p>
   </div>
   <div class='ocr_carea' id='block_1_29' title="bbox 2193 1589 3771 1666">
    <p class='ocr_par' dir='ltr' id='par_1_29' title="bbox 2202 1592 3771 1666">
     <span class='ocr_line' id='line_1_29' title="bbox 2202 1592 3771 1666; baseline -0.001 -18"><span class='ocrx_word' id='word_1_198' title='bbox 2202 1594 2381 1666; x_wconf 84' lang='grc' dir='ltr'>Ἀρὰμ</span> <span class='ocrx_word' id='word_1_199' title='bbox 2413 1594 2549 1664; x_wconf 85' lang='grc' dir='ltr'>πρὸς</span> <span class='ocrx_word' id='word_1_200' title='bbox 2575 1593 2665 1647; x_wconf 81' lang='grc' dir='ltr'><strong>τὸν</strong></span> <span class='ocrx_word' id='word_1_201' title='bbox 2696 1593 2957 1664; x_wconf 82' lang='grc' dir='ltr'>Ἐφραῒμ,</span> <span class='ocrx_word' id='word_1_202' title='bbox 2990 1592 3137 1646; x_wconf 79' lang='grc' dir='ltr'>τοῦτ’</span> <span class='ocrx_word' id='word_1_203' title='bbox 3166 1592 3335 1666; x_wconf 76' lang='grc' dir='ltr'>ἔστιν,</span> <span class='ocrx_word' id='word_1_204' title='bbox 3368 1595 3397 1646; x_wconf 86' lang='grc' dir='ltr'>ὁ</span> <span class='ocrx_word' id='word_1_205' title='bbox 3431 1592 3600 1665; x_wconf 87' lang='grc' dir='ltr'>Σύρος</span> <span class='ocrx_word' id='word_1_206' title='bbox 3634 1594 3771 1665; x_wconf 84' lang='grc' dir='ltr'>πρὸς</span> 
     </span>
    </p>
   </div>
   <div class='ocr_carea' id='block_1_30' title="bbox 499 1664 2091 1757">
    <p class='ocr_par' dir='ltr' id='par_1_30' title="bbox 499 1684 2082 1756">
     <span class='ocr_line' id='line_1_30' title="bbox 499 1684 2082 1756; baseline -0.001 -18"><span class='ocrx_word' id='word_1_207' title='bbox 499 1684 567 1738; x_wconf 79' lang='lat' dir='ltr'><strong>Et</strong></span> <span class='ocrx_word' id='word_1_208' title='bbox 622 1686 901 1755; x_wconf 87' lang='lat' dir='ltr'><strong>obstupuit</strong></span> <span class='ocrx_word' id='word_1_209' title='bbox 945 1685 1127 1741; x_wconf 86' lang='lat' dir='ltr'><strong>anima</strong></span> <span class='ocrx_word' id='word_1_210' title='bbox 1174 1687 1311 1756; x_wconf 79' lang='lat' dir='ltr'><strong>ejus,</strong></span> <span class='ocrx_word' id='word_1_211' title='bbox 1364 1696 1420 1741; x_wconf 92' lang='lat' dir='ltr'><strong>et</strong></span> <span class='ocrx_word' id='word_1_212' title='bbox 1477 1684 1655 1738; x_wconf 88' lang='lat' dir='ltr'><strong>anima</strong></span> <span class='ocrx_word' id='word_1_213' title='bbox 1712 1684 1889 1754; x_wconf 87' lang='lat' dir='ltr'><strong>populi</strong></span> <span class='ocrx_word' id='word_1_214' title='bbox 1945 1684 2082 1754; x_wconf 90' lang='lat' dir='ltr'><strong>ejus,</strong></span> 
     </span>
    </p>
   </div>
   <div class='ocr_carea' id='block_1_31' title="bbox 2193 1664 3772 1757">
    <p class='ocr_par' dir='ltr' id='par_1_31' title="bbox 2193 1664 3772 1757">
     <span class='ocr_line' id='line_1_31' title="bbox 2193 1664 3772 1757; baseline 0.001 -18"><span class='ocrx_word' id='word_1_215' title='bbox 2193 1664 2279 1739; x_wconf 81' lang='grc' dir='ltr'><strong>τὸν</strong></span> <span class='ocrx_word' id='word_1_216' title='bbox 2317 1664 2379 1739; x_wconf 68' lang='grc' dir='ltr'>ἐκ</span> <span class='ocrx_word' id='word_1_217' title='bbox 2427 1686 2599 1757; x_wconf 83' lang='grc' dir='ltr'>φυλῆς</span> <span class='ocrx_word' id='word_1_218' title='bbox 2640 1685 2881 1757; x_wconf 66' lang='grc' dir='ltr'>Ἐφραίμ</span> <span class='ocrx_word' id='word_1_219' title='bbox 2933 1664 3283 1755; x_wconf 64' lang='grc' dir='ltr'>βασιλεύοντα</span> <span class='ocrx_word' id='word_1_220' title='bbox 3334 1686 3444 1741; x_wconf 80' lang='grc' dir='ltr'><strong>τῶν</strong></span> <span class='ocrx_word' id='word_1_221' title='bbox 3491 1664 3548 1740; x_wconf 66' lang='grc' dir='ltr'><strong>εν</strong></span> <span class='ocrx_word' id='word_1_222' title='bbox 3583 1664 3772 1757; x_wconf 79' lang='grc' dir='ltr'>Σαμα·</span> 
     </span>
    </p>
   </div>
   <div class='ocr_carea' id='block_1_32' title="bbox 488 1766 2091 1851">
    <p class='ocr_par' dir='ltr' id='par_1_32' title="bbox 488 1766 2081 1847">
     <span class='ocr_line' id='line_1_32' title="bbox 488 1766 2081 1847; baseline 0 -20"><span class='ocrx_word' id='word_1_223' title='bbox 488 1766 946 1845; x_wconf 84' lang='lat' dir='ltr'><strong>quemadmodum</strong></span> <span class='ocrx_word' id='word_1_224' title='bbox 1007 1778 1063 1833; x_wconf 93' lang='lat' dir='ltr'><strong>in</strong></span> <span class='ocrx_word' id='word_1_225' title='bbox 1116 1778 1251 1833; x_wconf 82' lang='lat' dir='ltr'><strong>silva</strong></span> <span class='ocrx_word' id='word_1_226' title='bbox 1298 1779 1500 1847; x_wconf 78' lang='lat' dir='ltr'><strong>lignum</strong></span> <span class='ocrx_word' id='word_1_227' title='bbox 1543 1792 1572 1829; x_wconf 91' lang='lat' dir='ltr'><strong>a</strong></span> <span class='ocrx_word' id='word_1_228' title='bbox 1622 1784 1783 1829; x_wconf 89' lang='lat' dir='ltr'><strong>vento</strong></span> <span class='ocrx_word' id='word_1_229' title='bbox 1821 1775 2081 1844; x_wconf 86' lang='lat' dir='ltr'><strong>jactatur.</strong></span> 
     </span>
    </p>
   </div>
   <div class='ocr_carea' id='block_1_33' title="bbox 2193 1766 3767 1851">
    <p class='ocr_par' dir='ltr' id='par_1_33' title="bbox 2197 1777 3767 1851">
     <span class='ocr_line' id='line_1_33' title="bbox 2197 1777 3767 1851; baseline 0 -20"><span class='ocrx_word' id='word_1_230' title='bbox 2197 1779 2339 1851; x_wconf 82' lang='grc' dir='ltr'>ρείᾳ.</span> <span class='ocrx_word' id='word_1_231' title='bbox 2391 1779 2502 1832; x_wconf 76' lang='lat' dir='ltr'><strong>Kal.</strong></span> <span class='ocrx_word' id='word_1_232' title='bbox 2541 1777 2730 1850; x_wconf 77' lang='grc' dir='ltr'><strong>ἐξέστη</strong></span> <span class='ocrx_word' id='word_1_233' title='bbox 2762 1780 2795 1848; x_wconf 83' lang='grc' dir='ltr'><strong>ή</strong></span> <span class='ocrx_word' id='word_1_234' title='bbox 2840 1777 2987 1848; x_wconf 77' lang='grc' dir='ltr'>ψυχὴ</span> <span class='ocrx_word' id='word_1_235' title='bbox 3036 1777 3223 1842; x_wconf 80' lang='grc' dir='ltr'>αὑτοῦ,</span> <span class='ocrx_word' id='word_1_236' title='bbox 3270 1779 3364 1832; x_wconf 74' lang='grc' dir='ltr'>καὶ</span> <span class='ocrx_word' id='word_1_237' title='bbox 3398 1781 3432 1850; x_wconf 82' lang='grc' dir='ltr'>ἡ</span> <span class='ocrx_word' id='word_1_238' title='bbox 3476 1779 3623 1851; x_wconf 79' lang='grc' dir='ltr'><strong>ψυχὴ</strong></span> <span class='ocrx_word' id='word_1_239' title='bbox 3671 1777 3767 1833; x_wconf 90' lang='grc' dir='ltr'><strong>τοῦ</strong></span> 
     </span>
    </p>
   </div>
   <div class='ocr_carea' id='block_1_34' title="bbox 499 1840 2091 1943">
    <p class='ocr_par' dir='ltr' id='par_1_34' title="bbox 499 1864 2088 1937">
     <span class='ocr_line' id='line_1_34' title="bbox 499 1864 2088 1937; baseline 0 -18"><span class='ocrx_word' id='word_1_240' title='bbox 499 1867 686 1937; x_wconf 83' lang='lat' dir='ltr'><strong>Itaque</strong></span> <span class='ocrx_word' id='word_1_241' title='bbox 714 1866 986 1937; x_wconf 82' lang='lat' dir='ltr'><strong>Epitraim,</strong></span> <span class='ocrx_word' id='word_1_242' title='bbox 1025 1868 1210 1923; x_wconf 86' lang='lat' dir='ltr'><strong>relicto</strong></span> <span class='ocrx_word' id='word_1_243' title='bbox 1234 1870 1609 1922; x_wconf 89' lang='lat' dir='ltr'><strong>universorum</strong></span> <span class='ocrx_word' id='word_1_244' title='bbox 1633 1864 1927 1920; x_wconf 90' lang='lat' dir='ltr'><strong>Servatore</strong></span> <span class='ocrx_word' id='word_1_245' title='bbox 1954 1865 2088 1934; x_wconf 88' lang='lat' dir='ltr'><strong>Deo,</strong></span> 
     </span>
    </p>
   </div>
   <div class='ocr_carea' id='block_1_35' title="bbox 2193 1840 3774 1943">
    <p class='ocr_par' dir='ltr' id='par_1_35' title="bbox 2195 1840 3774 1943">
     <span class='ocr_line' id='line_1_35' title="bbox 2195 1840 3774 1943; baseline 0.001 -19"><span class='ocrx_word' id='word_1_246' title='bbox 2195 1840 2323 1925; x_wconf 79' lang='grc' dir='ltr'>λαοῦ</span> <span class='ocrx_word' id='word_1_247' title='bbox 2375 1840 2661 1936; x_wconf 30' lang='grc' dir='ltr'>αύτοῦίὸν</span> <span class='ocrx_word' id='word_1_248' title='bbox 2715 1840 3086 1941; x_wconf 47' lang='grc' dir='ltr'>τρόπονηδταν</span> <span class='ocrx_word' id='word_1_249' title='bbox 3135 1840 3217 1925; x_wconf 23' lang='grc' dir='ltr'><strong>ὲν.</strong></span> <span class='ocrx_word' id='word_1_250' title='bbox 3247 1840 3435 1943; x_wconf 72' lang='grc' dir='ltr'>δρυμῷ</span> <span class='ocrx_word' id='word_1_251' title='bbox 3484 1840 3636 1936; x_wconf 59' lang='grc' dir='ltr'>ξύλον</span> <span class='ocrx_word' id='word_1_252' title='bbox 3668 1871 3774 1926; x_wconf 80' lang='grc' dir='ltr'>ὑπὸ</span> 
     </span>
    </p>
   </div>
   <div class='ocr_carea' id='block_1_36' title="bbox 498 1958 2091 2034">
    <p class='ocr_par' dir='ltr' id='par_1_36' title="bbox 498 1958 2091 2030">
     <span class='ocr_line' id='line_1_36' title="bbox 498 1958 2091 2030; baseline 0.001 -18"><span class='ocrx_word' id='word_1_253' title='bbox 498 1958 723 2027; x_wconf 86' lang='lat' dir='ltr'><strong>ejusque</strong></span> <span class='ocrx_word' id='word_1_254' title='bbox 770 1973 928 2012; x_wconf 91' lang='lat' dir='ltr'><strong>manu</strong></span> <span class='ocrx_word' id='word_1_255' title='bbox 980 1969 1142 2028; x_wconf 90' lang='lat' dir='ltr'><strong>atque</strong></span> <span class='ocrx_word' id='word_1_256' title='bbox 1195 1961 1398 2015; x_wconf 81' lang='lat' dir='ltr'><strong>auxilio</strong></span> <span class='ocrx_word' id='word_1_257' title='bbox 1440 1960 1800 2030; x_wconf 80' lang='lat' dir='ltr'><strong>parvipenso,</strong></span> <span class='ocrx_word' id='word_1_258' title='bbox 1845 1960 2091 2014; x_wconf 84' lang='lat' dir='ltr'><strong>Damasci</strong></span> 
     </span>
    </p>
   </div>
   <div class='ocr_carea' id='block_1_37' title="bbox 2193 1958 3773 2034">
    <p class='ocr_par' dir='ltr' id='par_1_37' title="bbox 2196 1962 3773 2034">
     <span class='ocr_line' id='line_1_37' title="bbox 2196 1962 3773 2034; baseline 0.001 -18"><span class='ocrx_word' id='word_1_259' title='bbox 2196 1963 2506 2033; x_wconf 85' lang='grc' dir='ltr'>πνεύματος</span> <span class='ocrx_word' id='word_1_260' title='bbox 2538 1962 2791 2034; x_wconf 82' lang='grc' dir='ltr'>σαλευθῇ.</span> <span class='ocrx_word' id='word_1_261' title='bbox 2817 1963 3024 2017; x_wconf 81' lang='grc' dir='ltr'>Οὐκοῦν</span> <span class='ocrx_word' id='word_1_262' title='bbox 3055 1965 3084 2017; x_wconf 86' lang='grc' dir='ltr'><strong>ό</strong></span> <span class='ocrx_word' id='word_1_263' title='bbox 3118 1962 3356 2034; x_wconf 78' lang='grc' dir='ltr'>Ἐφραῗμ</span> <span class='ocrx_word' id='word_1_264' title='bbox 3386 1964 3475 2017; x_wconf 84' lang='grc' dir='ltr'><strong>τὸν</strong></span> <span class='ocrx_word' id='word_1_265' title='bbox 3504 1965 3611 2017; x_wconf 83' lang='grc' dir='ltr'><strong>τῶν</strong></span> <span class='ocrx_word' id='word_1_266' title='bbox 3634 1965 3773 2017; x_wconf 85' lang='grc' dir='ltr'>ὅλων</span> 
     </span>
    </p>
   </div>
   <div class='ocr_carea' id='block_1_38' title="bbox 501 2052 2094 2121">
    <p class='ocr_par' dir='ltr' id='par_1_38' title="bbox 501 2052 2094 2121">
     <span class='ocr_line' id='line_1_38' title="bbox 501 2052 2094 2121; baseline 0.001 -16"><span class='ocrx_word' id='word_1_267' title='bbox 501 2052 869 2119; x_wconf 82' lang='lat' dir='ltr'><strong>Syrorumque</strong></span> <span class='ocrx_word' id='word_1_268' title='bbox 897 2054 1186 2121; x_wconf 67' lang='lat' dir='ltr'><strong>praesidem</strong></span> <span class='ocrx_word' id='word_1_269' title='bbox 1230 2052 1529 2121; x_wconf 71' lang='lat' dir='ltr'><strong>adiutorem</strong></span> <span class='ocrx_word' id='word_1_270' title='bbox 1564 2053 1756 2107; x_wconf 84' lang='lat' dir='ltr'><strong>ascivit</strong></span> <span class='ocrx_word' id='word_1_271' title='bbox 1799 2071 1813 2107; x_wconf 87' lang='lat'><strong>:</strong></span> <span class='ocrx_word' id='word_1_272' title='bbox 1866 2066 2094 2121; x_wconf 87' lang='lat' dir='ltr'><strong>eamque</strong></span> 
     </span>
    </p>
   </div>
   <div class='ocr_carea' id='block_1_39' title="bbox 488 2130 2092 2208">
    <p class='ocr_par' dir='ltr' id='par_1_39' title="bbox 488 2130 2092 2208">
     <span class='ocr_line' id='line_1_39' title="bbox 488 2130 2092 2208; baseline -0.001 -11"><span class='ocrx_word' id='word_1_273' title='bbox 488 2130 569 2197; x_wconf 4' lang='lat' dir='ltr'><strong>iob</strong></span> <span class='ocrx_word' id='word_1_274' title='bbox 598 2158 840 2208; x_wconf 85' lang='lat' dir='ltr'><strong>causam,</strong></span> <span class='ocrx_word' id='word_1_275' title='bbox 893 2159 992 2198; x_wconf 90' lang='lat' dir='ltr'><strong>nec</strong></span> <span class='ocrx_word' id='word_1_276' title='bbox 1043 2144 1316 2199; x_wconf 88' lang='lat' dir='ltr'><strong>immerito</strong></span> <span class='ocrx_word' id='word_1_277' title='bbox 1370 2144 1597 2199; x_wconf 71' lang='lat' dir='ltr'><strong>offendit</strong></span> <span class='ocrx_word' id='word_1_278' title='bbox 1656 2146 1843 2200; x_wconf 91' lang='lat' dir='ltr'><strong>Deum.</strong></span> <span class='ocrx_word' id='word_1_279' title='bbox 1892 2146 2092 2200; x_wconf 80' lang='lat' dir='ltr'><strong>Dama-</strong></span> 
     </span>
    </p>
   </div>
   <div class='ocr_carea' id='block_1_40' title="bbox 503 2235 2092 2304">
    <p class='ocr_par' dir='ltr' id='par_1_40' title="bbox 503 2235 2092 2304">
     <span class='ocr_line' id='line_1_40' title="bbox 503 2235 2092 2304; baseline 0.001 -17"><span class='ocrx_word' id='word_1_280' title='bbox 503 2249 630 2289; x_wconf 87' lang='lat' dir='ltr'><strong>scus</strong></span> <span class='ocrx_word' id='word_1_281' title='bbox 698 2235 902 2304; x_wconf 87' lang='lat' dir='ltr'><strong>itaque,</strong></span> <span class='ocrx_word' id='word_1_282' title='bbox 958 2236 1155 2304; x_wconf 89' lang='lat' dir='ltr'><strong>inquit,</strong></span> <span class='ocrx_word' id='word_1_283' title='bbox 1212 2244 1447 2301; x_wconf 82' lang='lat' dir='ltr'><strong>vastata,</strong></span> <span class='ocrx_word' id='word_1_284' title='bbox 1503 2244 1558 2293; x_wconf 85' lang='lat' dir='ltr'><strong>et</strong></span> <span class='ocrx_word' id='word_1_285' title='bbox 1598 2235 1654 2290; x_wconf 89' lang='lat' dir='ltr'><strong>in</strong></span> <span class='ocrx_word' id='word_1_286' title='bbox 1702 2235 2092 2292; x_wconf 89' lang='lat' dir='ltr'><strong>desolationem</strong></span> 
     </span>
    </p>
   </div>
   <div class='ocr_carea' id='block_1_41' title="bbox 500 2325 2093 2396">
    <p class='ocr_par' dir='ltr' id='par_1_41' title="bbox 500 2325 2093 2396">
     <span class='ocr_line' id='line_1_41' title="bbox 500 2325 2093 2396; baseline -0.001 -16"><span class='ocrx_word' id='word_1_287' title='bbox 500 2325 739 2394; x_wconf 67' lang='lat' dir='ltr'><strong>feddcta,</strong></span> <span class='ocrx_word' id='word_1_288' title='bbox 768 2326 1097 2396; x_wconf 88' lang='lat' dir='ltr'><strong>bellicasque</strong></span> <span class='ocrx_word' id='word_1_289' title='bbox 1144 2326 1487 2381; x_wconf 86' lang='lat' dir='ltr'><strong>calamitates</strong></span> <span class='ocrx_word' id='word_1_290' title='bbox 1538 2326 1783 2392; x_wconf 87' lang='lat' dir='ltr'><strong>subiens,</strong></span> <span class='ocrx_word' id='word_1_291' title='bbox 1851 2342 1956 2381; x_wconf 88' lang='lat' dir='ltr'><strong>non</strong></span> <span class='ocrx_word' id='word_1_292' title='bbox 1987 2325 2093 2381; x_wconf 90' lang='lat' dir='ltr'><strong>erit</strong></span> 
     </span>
    </p>
   </div>
   <div class='ocr_carea' id='block_1_42' title="bbox 488 2402 2095 2487">
    <p class='ocr_par' dir='ltr' id='par_1_42' title="bbox 488 2402 2095 2487">
     <span class='ocr_line' id='line_1_42' title="bbox 488 2402 2095 2487; baseline 0.003 -20"><span class='ocrx_word' id='word_1_293' title='bbox 488 2402 732 2485; x_wconf 81' lang='lat' dir='ltr'><strong>amplius</strong></span> <span class='ocrx_word' id='word_1_294' title='bbox 785 2415 1012 2471; x_wconf 89' lang='lat' dir='ltr'><strong>munitio</strong></span> <span class='ocrx_word' id='word_1_295' title='bbox 1049 2416 1405 2487; x_wconf 80' lang='lat' dir='ltr'><strong>utcoufugiat</strong></span> <span class='ocrx_word' id='word_1_296' title='bbox 1442 2417 1721 2486; x_wconf 83' lang='lat' dir='ltr'><strong>Epitraim,</strong></span> <span class='ocrx_word' id='word_1_297' title='bbox 1744 2418 1837 2474; x_wconf 91' lang='lat' dir='ltr'><strong>sed</strong></span> <span class='ocrx_word' id='word_1_298' title='bbox 1870 2432 1967 2471; x_wconf 88' lang='lat' dir='ltr'><strong>nec</strong></span> <span class='ocrx_word' id='word_1_299' title='bbox 1992 2416 2095 2472; x_wconf 89' lang='lat' dir='ltr'><strong>erit</strong></span> 
     </span>
    </p>
   </div>
   <div class='ocr_carea' id='block_1_43' title="bbox 502 2505 2092 2579">
    <p class='ocr_par' dir='ltr' id='par_1_43' title="bbox 502 2505 2092 2579">
     <span class='ocr_line' id='line_1_43' title="bbox 502 2505 2092 2579; baseline 0.001 -19"><span class='ocrx_word' id='word_1_300' title='bbox 502 2505 556 2560; x_wconf 87' lang='lat' dir='ltr'><strong>in</strong></span> <span class='ocrx_word' id='word_1_301' title='bbox 582 2522 644 2561; x_wconf 90' lang='lat' dir='ltr'><strong>ea</strong></span> <span class='ocrx_word' id='word_1_302' title='bbox 692 2522 937 2577; x_wconf 82' lang='lat' dir='ltr'><strong>regnum.</strong></span> <span class='ocrx_word' id='word_1_303' title='bbox 993 2506 1313 2577; x_wconf 84' lang='lat' dir='ltr'><strong>Quanquam</strong></span> <span class='ocrx_word' id='word_1_304' title='bbox 1356 2508 1554 2563; x_wconf 85' lang='lat' dir='ltr'><strong>dixerit</strong></span> <span class='ocrx_word' id='word_1_305' title='bbox 1583 2509 1849 2579; x_wconf 87' lang='lat' dir='ltr'><strong>quispiam</strong></span> <span class='ocrx_word' id='word_1_306' title='bbox 1872 2548 1886 2572; x_wconf 95' lang='lat'><strong>,</strong></span> <span class='ocrx_word' id='word_1_307' title='bbox 1917 2507 2092 2562; x_wconf 85' lang='lat' dir='ltr'><strong>Etiam</strong></span> 
     </span>
    </p>
   </div>
   <div class='ocr_carea' id='block_1_44' title="bbox 500 2597 2090 2669">
    <p class='ocr_par' dir='ltr' id='par_1_44' title="bbox 500 2597 2090 2669">
     <span class='ocr_line' id='line_1_44' title="bbox 500 2597 2090 2669; baseline 0.001 -19"><span class='ocrx_word' id='word_1_308' title='bbox 500 2606 624 2665; x_wconf 90' lang='lat' dir='ltr'><strong>post</strong></span> <span class='ocrx_word' id='word_1_309' title='bbox 654 2598 926 2652; x_wconf 79' lang='lat' dir='ltr'><strong>excidium</strong></span> <span class='ocrx_word' id='word_1_310' title='bbox 967 2597 1170 2653; x_wconf 88' lang='lat' dir='ltr'><strong>inventi</strong></span> <span class='ocrx_word' id='word_1_311' title='bbox 1216 2607 1345 2654; x_wconf 92' lang='lat' dir='ltr'><strong>sunt</strong></span> <span class='ocrx_word' id='word_1_312' title='bbox 1368 2600 1583 2669; x_wconf 90' lang='lat' dir='ltr'><strong>quidam</strong></span> <span class='ocrx_word' id='word_1_313' title='bbox 1631 2615 1788 2668; x_wconf 77' lang='lat' dir='ltr'><strong>reges</strong></span> <span class='ocrx_word' id='word_1_314' title='bbox 1820 2598 2090 2654; x_wconf 83' lang='lat' dir='ltr'><strong>Damasc1.</strong></span> 
     </span>
    </p>
   </div>
   <div class='ocr_carea' id='block_1_45' title="bbox 501 2688 2093 2762">
    <p class='ocr_par' dir='ltr' id='par_1_45' title="bbox 501 2688 2093 2762">
     <span class='ocr_line' id='line_1_45' title="bbox 501 2688 2093 2762; baseline 0.003 -20"><span class='ocrx_word' id='word_1_315' title='bbox 501 2688 743 2744; x_wconf 72' lang='lat' dir='ltr'><strong>Meminit</strong></span> <span class='ocrx_word' id='word_1_316' title='bbox 788 2690 1012 2760; x_wconf 87' lang='lat' dir='ltr'><strong>proinde</strong></span> <span class='ocrx_word' id='word_1_317' title='bbox 1041 2699 1095 2745; x_wconf 91' lang='lat' dir='ltr'><strong>et</strong></span> <span class='ocrx_word' id='word_1_318' title='bbox 1123 2689 1325 2746; x_wconf 90' lang='lat' dir='ltr'><strong>Paulus</strong></span> <span class='ocrx_word' id='word_1_319' title='bbox 1356 2692 1639 2762; x_wconf 89' lang='lat' dir='ltr'><strong>inquiens:</strong></span> <span class='ocrx_word' id='word_1_320' title='bbox 1687 2711 1706 2745; x_wconf 78' lang='grc' dir='ltr'><strong>ι</strong></span> <span class='ocrx_word' id='word_1_321' title='bbox 1734 2692 1791 2746; x_wconf 90' lang='lat' dir='ltr'><strong>lu</strong></span> <span class='ocrx_word' id='word_1_322' title='bbox 1831 2692 2093 2747; x_wconf 88' lang='lat' dir='ltr'><strong>Damasco</strong></span> 
     </span>
    </p>
   </div>
   <div class='ocr_carea' id='block_1_46' title="bbox 505 2781 2095 2854">
    <p class='ocr_par' dir='ltr' id='par_1_46' title="bbox 505 2781 2095 2854">
     <span class='ocr_line' id='line_1_46' title="bbox 505 2781 2095 2854; baseline 0.006 -20"><span class='ocrx_word' id='word_1_323' title='bbox 505 2781 791 2850; x_wconf 81' lang='lat' dir='ltr'><strong>praefectus</strong></span> <span class='ocrx_word' id='word_1_324' title='bbox 818 2782 1017 2852; x_wconf 81' lang='lat' dir='ltr'><strong>gentis,</strong></span> <span class='ocrx_word' id='word_1_325' title='bbox 1052 2783 1220 2838; x_wconf 73' lang='lat' dir='ltr'><strong>Areta</strong></span> <span class='ocrx_word' id='word_1_326' title='bbox 1269 2798 1419 2854; x_wconf 85' lang='lat' dir='ltr'><strong>rege,</strong></span> <span class='ocrx_word' id='word_1_327' title='bbox 1456 2783 1703 2853; x_wconf 66' lang='lat' dir='ltr'><strong>quaesivit</strong></span> <span class='ocrx_word' id='word_1_328' title='bbox 1740 2793 1799 2839; x_wconf 92' lang='lat' dir='ltr'><strong>ut</strong></span> <span class='ocrx_word' id='word_1_329' title='bbox 1839 2798 1924 2838; x_wconf 87' lang='lat' dir='ltr'><strong>me</strong></span> <span class='ocrx_word' id='word_1_330' title='bbox 1945 2800 2095 2843; x_wconf 86' lang='lat' dir='ltr'><strong>com-</strong></span> 
     </span>
    </p>
   </div>
   <div class='ocr_carea' id='block_1_47' title="bbox 502 2873 2092 2945">
    <p class='ocr_par' dir='ltr' id='par_1_47' title="bbox 502 2873 2092 2945">
     <span class='ocr_line' id='line_1_47' title="bbox 502 2873 2092 2945; baseline 0.004 -23"><span class='ocrx_word' id='word_1_331' title='bbox 502 2873 863 2941; x_wconf 85' lang='lat' dir='ltr'><strong>prehenderet</strong></span> <span class='ocrx_word' id='word_1_332' title='bbox 878 2873 943 2927; x_wconf 84' lang='grc'>³⁸.</span> <span class='ocrx_word' id='word_1_333' title='bbox 962 2892 980 2925; x_wconf 69' lang='grc' dir='ltr'><strong>ι</strong></span> <span class='ocrx_word' id='word_1_334' title='bbox 1020 2873 1209 2943; x_wconf 83' lang='lat' dir='ltr'><strong>Itaque</strong></span> <span class='ocrx_word' id='word_1_335' title='bbox 1250 2888 1433 2928; x_wconf 86' lang='lat' dir='ltr'><strong>sermo</strong></span> <span class='ocrx_word' id='word_1_336' title='bbox 1461 2875 1812 2944; x_wconf 85' lang='lat' dir='ltr'><strong>propheticus</strong></span> <span class='ocrx_word' id='word_1_337' title='bbox 1842 2890 2092 2945; x_wconf 83' lang='lat' dir='ltr'><strong>magnam</strong></span> 
     </span>
    </p>
   </div>
   <div class='ocr_carea' id='block_1_48' title="bbox 503 2964 2093 3035">
    <p class='ocr_par' dir='ltr' id='par_1_48' title="bbox 503 2964 2093 3035">
     <span class='ocr_line' id='line_1_48' title="bbox 503 2964 2093 3035; baseline 0.003 -18"><span class='ocrx_word' id='word_1_338' title='bbox 503 2964 799 3030; x_wconf 85' lang='lat' dir='ltr'><strong>emphasim</strong></span> <span class='ocrx_word' id='word_1_339' title='bbox 875 2965 1057 3020; x_wconf 87' lang='lat' dir='ltr'><strong>habet.</strong></span> <span class='ocrx_word' id='word_1_340' title='bbox 1122 2965 1238 3020; x_wconf 84' lang='lat' dir='ltr'><strong>Non</strong></span> <span class='ocrx_word' id='word_1_341' title='bbox 1273 2968 1418 3021; x_wconf 92' lang='lat' dir='ltr'><strong>enim</strong></span> <span class='ocrx_word' id='word_1_342' title='bbox 1481 2967 1712 3035; x_wconf 89' lang='lat' dir='ltr'><strong>amplius</strong></span> <span class='ocrx_word' id='word_1_343' title='bbox 1752 2967 1866 3022; x_wconf 84' lang='lat' dir='ltr'><strong>fore</strong></span> <span class='ocrx_word' id='word_1_344' title='bbox 1901 2970 1978 3022; x_wconf 89' lang='lat' dir='ltr'><strong>ait</strong></span> <span class='ocrx_word' id='word_1_345' title='bbox 2006 2983 2093 3022; x_wconf 93' lang='lat' dir='ltr'><strong>re-</strong></span> 
     </span>
    </p>
   </div>
   <div class='ocr_carea' id='block_1_49' title="bbox 503 3058 2111 3129">
    <p class='ocr_par' dir='ltr' id='par_1_49' title="bbox 503 3058 2111 3129">
     <span class='ocr_line' id='line_1_49' title="bbox 503 3058 2111 3129; baseline 0.003 -19"><span class='ocrx_word' id='word_1_346' title='bbox 503 3073 671 3127; x_wconf 85' lang='lat' dir='ltr'><strong>gnum</strong></span> <span class='ocrx_word' id='word_1_347' title='bbox 703 3066 895 3126; x_wconf 89' lang='lat' dir='ltr'><strong>potens</strong></span> <span class='ocrx_word' id='word_1_348' title='bbox 927 3058 977 3112; x_wconf 89' lang='lat' dir='ltr'><strong>in</strong></span> <span class='ocrx_word' id='word_1_349' title='bbox 1037 3059 1305 3113; x_wconf 88' lang='lat' dir='ltr'><strong>Damasco</strong></span> <span class='ocrx_word' id='word_1_350' title='bbox 1358 3067 1415 3113; x_wconf 90' lang='lat' dir='ltr'><strong>et</strong></span> <span class='ocrx_word' id='word_1_351' title='bbox 1450 3059 1681 3123; x_wconf 90' lang='lat' dir='ltr'><strong>illustre,</strong></span> <span class='ocrx_word' id='word_1_352' title='bbox 1716 3060 1931 3114; x_wconf 85' lang='lat' dir='ltr'><strong>etiamsi</strong></span> <span class='ocrx_word' id='word_1_353' title='bbox 1971 3074 2111 3129; x_wconf 62' lang='grc' dir='ltr'>ρος-⁷</span> 
     </span>
    </p>
   </div>
   <div class='ocr_carea' id='block_1_50' title="bbox 2203 2054 3773 2127">
    <p class='ocr_par' dir='ltr' id='par_1_50' title="bbox 2203 2054 3773 2127">
     <span class='ocr_line' id='line_1_50' title="bbox 2203 2054 3773 2127; baseline -0.001 -20"><span class='ocrx_word' id='word_1_354' title='bbox 2203 2056 2433 2127; x_wconf 84' lang='grc' dir='ltr'>Σωτῆρα</span> <span class='ocrx_word' id='word_1_355' title='bbox 2461 2055 2591 2107; x_wconf 82' lang='grc' dir='ltr'>Θεὸν</span> <span class='ocrx_word' id='word_1_356' title='bbox 2631 2054 3057 2117; x_wconf 86' lang='grc' dir='ltr'>καταλελοιπὼς,</span> <span class='ocrx_word' id='word_1_357' title='bbox 3109 2058 3265 2125; x_wconf 80' lang='grc' dir='ltr'>χεῖρα</span> <span class='ocrx_word' id='word_1_358' title='bbox 3313 2055 3407 2107; x_wconf 75' lang='grc' dir='ltr'>καὶ</span> <span class='ocrx_word' id='word_1_359' title='bbox 3455 2055 3773 2127; x_wconf 77' lang='grc' dir='ltr'>ἐπικουρίαν</span> 
     </span>
    </p>
   </div>
   <div class='ocr_carea' id='block_1_51' title="bbox 2193 2140 3775 2214">
    <p class='ocr_par' dir='ltr' id='par_1_51' title="bbox 2193 2140 3775 2214">
     <span class='ocr_line' id='line_1_51' title="bbox 2193 2140 3775 2214; baseline -0.003 -16"><span class='ocrx_word' id='word_1_360' title='bbox 2193 2146 2374 2214; x_wconf 82' lang='grc' dir='ltr'>ὀλίγου</span> <span class='ocrx_word' id='word_1_361' title='bbox 2416 2145 2699 2208; x_wconf 84' lang='grc' dir='ltr'><strong>παντελῶς</strong></span> <span class='ocrx_word' id='word_1_362' title='bbox 2734 2143 2974 2209; x_wconf 81' lang='grc' dir='ltr'><strong>ἀξιώσας</strong></span> <span class='ocrx_word' id='word_1_363' title='bbox 3019 2144 3201 2211; x_wconf 83' lang='grc' dir='ltr'><strong>λόγου,</strong></span> <span class='ocrx_word' id='word_1_364' title='bbox 3232 2143 3323 2197; x_wconf 83' lang='grc' dir='ltr'><strong>τὸν</strong></span> <span class='ocrx_word' id='word_1_365' title='bbox 3356 2140 3648 2212; x_wconf 81' lang='grc' dir='ltr'>Δαμασκοῦ</span> <span class='ocrx_word' id='word_1_366' title='bbox 3679 2141 3775 2194; x_wconf 75' lang='grc' dir='ltr'>καὶ</span> 
     </span>
    </p>
   </div>
   <div class='ocr_carea' id='block_1_52' title="bbox 2196 2233 3772 2311">
    <p class='ocr_par' dir='ltr' id='par_1_52' title="bbox 2196 2233 3772 2311">
     <span class='ocr_line' id='line_1_52' title="bbox 2196 2233 3772 2311; baseline -0.004 -18"><span class='ocrx_word' id='word_1_367' title='bbox 2196 2239 2382 2311; x_wconf 85' lang='grc' dir='ltr'>Σύρων</span> <span class='ocrx_word' id='word_1_368' title='bbox 2423 2236 2726 2309; x_wconf 81' lang='grc' dir='ltr'>ἡγούμενον</span> <span class='ocrx_word' id='word_1_369' title='bbox 2774 2235 3125 2305; x_wconf 82' lang='grc' dir='ltr'>ὑπασπιστὴν</span> <span class='ocrx_word' id='word_1_370' title='bbox 3168 2237 3425 2289; x_wconf 75' lang='grc' dir='ltr'>ἐποιεῖτο.</span> <span class='ocrx_word' id='word_1_371' title='bbox 3456 2233 3673 2304; x_wconf 84' lang='grc' dir='ltr'>Ταύτης</span> <span class='ocrx_word' id='word_1_372' title='bbox 3710 2250 3772 2286; x_wconf 88' lang='grc' dir='ltr'><strong>τε</strong></span> 
     </span>
    </p>
   </div>
   <div class='ocr_carea' id='block_1_53' title="bbox 2194 2327 3773 2404">
    <p class='ocr_par' dir='ltr' id='par_1_53' title="bbox 2194 2327 3773 2404">
     <span class='ocr_line' id='line_1_53' title="bbox 2194 2327 3773 2404; baseline -0.005 -18"><span class='ocrx_word' id='word_1_373' title='bbox 2194 2335 2358 2399; x_wconf 74' lang='grc' dir='ltr'>ἕνεκα</span> <span class='ocrx_word' id='word_1_374' title='bbox 2385 2335 2485 2404; x_wconf 86' lang='grc' dir='ltr'><strong>τῆς</strong></span> <span class='ocrx_word' id='word_1_375' title='bbox 2540 2330 2719 2393; x_wconf 85' lang='grc' dir='ltr'>αίτίας</span> <span class='ocrx_word' id='word_1_376' title='bbox 2748 2330 2845 2384; x_wconf 72' lang='grc' dir='ltr'>καὶ</span> <span class='ocrx_word' id='word_1_377' title='bbox 2896 2329 3039 2400; x_wconf 85' lang='grc' dir='ltr'>μάλα</span> <span class='ocrx_word' id='word_1_378' title='bbox 3085 2328 3314 2390; x_wconf 84' lang='grc' dir='ltr'>είκότως</span> <span class='ocrx_word' id='word_1_379' title='bbox 3362 2327 3773 2398; x_wconf 75' lang='grc' dir='ltr'>προσκέκρουκι</span> 
     </span>
    </p>
   </div>
   <div class='ocr_carea' id='block_1_54' title="bbox 2192 2416 3777 2496">
    <p class='ocr_par' dir='ltr' id='par_1_54' title="bbox 2192 2416 3777 2496">
     <span class='ocr_line' id='line_1_54' title="bbox 2192 2416 3777 2496; baseline -0.006 -17"><span class='ocrx_word' id='word_1_380' title='bbox 2192 2425 2273 2496; x_wconf 84' lang='grc' dir='ltr'><strong>τῷ</strong></span> <span class='ocrx_word' id='word_1_381' title='bbox 2313 2425 2451 2495; x_wconf 86' lang='grc' dir='ltr'><strong>Θεῷ.</strong></span> <span class='ocrx_word' id='word_1_382' title='bbox 2489 2424 2555 2477; x_wconf 84' lang='grc' dir='ltr'><strong><em>Ἠ</em></strong></span> <span class='ocrx_word' id='word_1_383' title='bbox 2589 2422 2769 2478; x_wconf 80' lang='grc' dir='ltr'>τοίνυν</span> <span class='ocrx_word' id='word_1_384' title='bbox 2806 2419 3124 2491; x_wconf 83' lang='grc' dir='ltr'>Δαμασκὸς,</span> <span class='ocrx_word' id='word_1_385' title='bbox 3163 2420 3319 2489; x_wconf 72' lang='grc' dir='ltr'>φησι,</span> <span class='ocrx_word' id='word_1_386' title='bbox 3367 2416 3777 2490; x_wconf 78' lang='grc' dir='ltr'>καταδῃωθείσά</span> 
     </span>
    </p>
   </div>
   <div class='ocr_carea' id='block_1_55' title="bbox 2195 2513 3776 2589">
    <p class='ocr_par' dir='ltr' id='par_1_55' title="bbox 2195 2513 3776 2589">
     <span class='ocr_line' id='line_1_55' title="bbox 2195 2513 3776 2589; baseline -0.008 -15"><span class='ocrx_word' id='word_1_387' title='bbox 2195 2537 2253 2574; x_wconf 88' lang='grc' dir='ltr'><strong>τε</strong></span> <span class='ocrx_word' id='word_1_388' title='bbox 2287 2519 2382 2573; x_wconf 82' lang='grc' dir='ltr'>καὶ</span> <span class='ocrx_word' id='word_1_389' title='bbox 2415 2516 2779 2589; x_wconf 80' lang='grc' dir='ltr'>ὴρημωμὲνη,</span> <span class='ocrx_word' id='word_1_390' title='bbox 2829 2515 2924 2569; x_wconf 77' lang='grc' dir='ltr'>καὶ</span> <span class='ocrx_word' id='word_1_391' title='bbox 2968 2514 3065 2576; x_wconf 82' lang='grc' dir='ltr'>τὰς</span> <span class='ocrx_word' id='word_1_392' title='bbox 3099 2515 3165 2569; x_wconf 78' lang='grc' dir='ltr'>ἐκ</span> <span class='ocrx_word' id='word_1_393' title='bbox 3205 2513 3299 2566; x_wconf 86' lang='grc' dir='ltr'><strong>τοῦ</strong></span> <span class='ocrx_word' id='word_1_394' title='bbox 3351 2513 3592 2583; x_wconf 79' lang='grc' dir='ltr'>πολέμου</span> <span class='ocrx_word' id='word_1_395' title='bbox 3638 2529 3776 2582; x_wconf 82' lang='grc' dir='ltr'>συμ-</span> 
     </span>
    </p>
   </div>
   <div class='ocr_carea' id='block_1_56' title="bbox 2195 2605 3772 2684">
    <p class='ocr_par' dir='ltr' id='par_1_56' title="bbox 2195 2605 3772 2684">
     <span class='ocr_line' id='line_1_56' title="bbox 2195 2605 3772 2684; baseline -0.007 -17"><span class='ocrx_word' id='word_1_396' title='bbox 2195 2613 2366 2684; x_wconf 79' lang='grc' dir='ltr'>φορὰς</span> <span class='ocrx_word' id='word_1_397' title='bbox 2405 2610 2778 2679; x_wconf 84' lang='grc' dir='ltr'>ὑπομείνασα,</span> <span class='ocrx_word' id='word_1_398' title='bbox 2820 2608 3003 2662; x_wconf 83' lang='grc' dir='ltr'>οὐκέτι</span> <span class='ocrx_word' id='word_1_399' title='bbox 3039 2608 3195 2660; x_wconf 78' lang='grc' dir='ltr'>ἔσται</span> <span class='ocrx_word' id='word_1_400' title='bbox 3238 2606 3411 2677; x_wconf 75' lang='grc' dir='ltr'>ὀχυρὰ</span> <span class='ocrx_word' id='word_1_401' title='bbox 3455 2605 3551 2658; x_wconf 89' lang='grc' dir='ltr'><strong>τοῦ</strong></span> <span class='ocrx_word' id='word_1_402' title='bbox 3605 2620 3772 2659; x_wconf 74' lang='grc' dir='ltr'>κατα-</span> 
     </span>
    </p>
   </div>
   <div class='ocr_carea' id='block_1_57' title="bbox 2194 2696 3772 2775">
    <p class='ocr_par' dir='ltr' id='par_1_57' title="bbox 2194 2696 3772 2775">
     <span class='ocr_line' id='line_1_57' title="bbox 2194 2696 3772 2775; baseline -0.005 -18"><span class='ocrx_word' id='word_1_403' title='bbox 2194 2705 2387 2775; x_wconf 79' lang='grc' dir='ltr'>φυγεῖν</span> <span class='ocrx_word' id='word_1_404' title='bbox 2418 2702 2675 2773; x_wconf 75' lang='grc' dir='ltr'>Ἐφραίμ.</span> <span class='ocrx_word' id='word_1_405' title='bbox 2729 2701 2864 2754; x_wconf 83' lang='grc' dir='ltr'><strong>Ἀλλ’</strong></span> <span class='ocrx_word' id='word_1_406' title='bbox 2890 2700 3013 2755; x_wconf 77' lang='grc' dir='ltr'>οὐδὲ</span> <span class='ocrx_word' id='word_1_407' title='bbox 3043 2699 3195 2753; x_wconf 76' lang='grc' dir='ltr'>ἔσται</span> <span class='ocrx_word' id='word_1_408' title='bbox 3235 2700 3293 2751; x_wconf 84' lang='grc' dir='ltr'>ὲν</span> <span class='ocrx_word' id='word_1_409' title='bbox 3321 2699 3457 2769; x_wconf 79' lang='grc' dir='ltr'>αὐτῇ</span> <span class='ocrx_word' id='word_1_410' title='bbox 3496 2696 3772 2767; x_wconf 76' lang='grc' dir='ltr'>βασιλείαο</span> 
     </span>
    </p>
   </div>
   <div class='ocr_carea' id='block_1_58' title="bbox 2195 2786 3776 2867">
    <p class='ocr_par' dir='ltr' id='par_1_58' title="bbox 2195 2786 3776 2867">
     <span class='ocr_line' id='line_1_58' title="bbox 2195 2786 3776 2867; baseline -0.006 -17"><span class='ocrx_word' id='word_1_411' title='bbox 2195 2796 2372 2851; x_wconf 87' lang='grc' dir='ltr'>καίτοι</span> <span class='ocrx_word' id='word_1_412' title='bbox 2418 2798 2644 2867; x_wconf 83' lang='grc' dir='ltr'>φήσειεν</span> <span class='ocrx_word' id='word_1_413' title='bbox 2676 2795 2743 2850; x_wconf 83' lang='grc' dir='ltr'>ἄν</span> <span class='ocrx_word' id='word_1_414' title='bbox 2774 2811 2879 2858; x_wconf 89' lang='grc' dir='ltr'>τις,</span> <span class='ocrx_word' id='word_1_415' title='bbox 2906 2793 3017 2846; x_wconf 78' lang='grc' dir='ltr'>Καὶ</span> <span class='ocrx_word' id='word_1_416' title='bbox 3053 2791 3192 2862; x_wconf 84' lang='grc' dir='ltr'><strong>μετὰ</strong></span> <span class='ocrx_word' id='word_1_417' title='bbox 3220 2790 3320 2861; x_wconf 76' lang='grc' dir='ltr'><strong>τὴν</strong></span> <span class='ocrx_word' id='word_1_418' title='bbox 3364 2790 3632 2861; x_wconf 83' lang='grc' dir='ltr'>πόρθησιν</span> <span class='ocrx_word' id='word_1_419' title='bbox 3674 2786 3776 2859; x_wconf 81' lang='grc' dir='ltr'><strong>ηὖ-</strong></span> 
     </span>
    </p>
   </div>
   <div class='ocr_carea' id='block_1_59' title="bbox 2197 2881 3774 2960">
    <p class='ocr_par' dir='ltr' id='par_1_59' title="bbox 2197 2881 3774 2960">
     <span class='ocr_line' id='line_1_59' title="bbox 2197 2881 3774 2960; baseline -0.005 -18"><span class='ocrx_word' id='word_1_420' title='bbox 2197 2889 2391 2960; x_wconf 87' lang='grc' dir='ltr'>ρηνταί</span> <span class='ocrx_word' id='word_1_421' title='bbox 2416 2905 2559 2951; x_wconf 91' lang='grc' dir='ltr'>τινες</span> <span class='ocrx_word' id='word_1_422' title='bbox 2601 2886 2976 2958; x_wconf 82' lang='grc' dir='ltr'>βασιλεύοντες</span> <span class='ocrx_word' id='word_1_423' title='bbox 2999 2885 3098 2955; x_wconf 83' lang='grc' dir='ltr'>τῆς</span> <span class='ocrx_word' id='word_1_424' title='bbox 3126 2882 3443 2954; x_wconf 78' lang='grc' dir='ltr'>Δαμασκοῦ.</span> <span class='ocrx_word' id='word_1_425' title='bbox 3464 2881 3774 2953; x_wconf 80' lang='grc' dir='ltr'>Διαμέμνη-</span> 
     </span>
    </p>
   </div>
   <div class='ocr_carea' id='block_1_60' title="bbox 2194 2971 3773 3048">
    <p class='ocr_par' dir='ltr' id='par_1_60' title="bbox 2194 2971 3773 3048">
     <span class='ocr_line' id='line_1_60' title="bbox 2194 2971 3773 3048; baseline -0.004 -17"><span class='ocrx_word' id='word_1_426' title='bbox 2194 2996 2282 3031; x_wconf 88' lang='grc' dir='ltr'><strong>ται</strong></span> <span class='ocrx_word' id='word_1_427' title='bbox 2317 2978 2447 3048; x_wconf 87' lang='grc' dir='ltr'>γοῦν</span> <span class='ocrx_word' id='word_1_428' title='bbox 2479 2979 2572 3031; x_wconf 83' lang='grc' dir='ltr'><strong>καὶ</strong></span> <span class='ocrx_word' id='word_1_429' title='bbox 2598 2979 2625 3030; x_wconf 87' lang='grc' dir='ltr'>ὁ</span> <span class='ocrx_word' id='word_1_430' title='bbox 2657 2977 2866 3040; x_wconf 84' lang='grc' dir='ltr'>Παῦλος</span> <span class='ocrx_word' id='word_1_431' title='bbox 2899 2976 3075 3045; x_wconf 84' lang='grc' dir='ltr'>λέγων</span> <span class='ocrx_word' id='word_1_432' title='bbox 3096 3015 3111 3041; x_wconf 93' lang='grc'><strong>,</strong></span> <span class='ocrx_word' id='word_1_433' title='bbox 3141 2977 3223 3029; x_wconf 83' lang='grc' dir='ltr'><strong>ὅτι</strong></span> <span class='ocrx_word' id='word_1_434' title='bbox 3257 2993 3277 3026; x_wconf 73' lang='grc' dir='ltr'><strong>ι</strong></span> <span class='ocrx_word' id='word_1_435' title='bbox 3318 2975 3406 3028; x_wconf 88' lang='grc' dir='ltr'>Ἐν</span> <span class='ocrx_word' id='word_1_436' title='bbox 3442 2971 3718 3043; x_wconf 81' lang='grc' dir='ltr'>Δαμασκῷ</span> <span class='ocrx_word' id='word_1_437' title='bbox 3744 2974 3773 3025; x_wconf 87' lang='grc' dir='ltr'>ὁ</span> 
     </span>
    </p>
   </div>
   <div class='ocr_carea' id='block_1_61' title="bbox 2195 3063 3774 3143">
    <p class='ocr_par' dir='ltr' id='par_1_61' title="bbox 2195 3063 3774 3143">
     <span class='ocr_line' id='line_1_61' title="bbox 2195 3063 3774 3143; baseline -0.004 -20"><span class='ocrx_word' id='word_1_438' title='bbox 2195 3070 2464 3143; x_wconf 76' lang='grc' dir='ltr'>ἐθνάρχης</span> <span class='ocrx_word' id='word_1_439' title='bbox 2507 3070 2702 3141; x_wconf 85' lang='grc' dir='ltr'>Ἀρέτα</span> <span class='ocrx_word' id='word_1_440' title='bbox 2727 3067 2822 3123; x_wconf 85' lang='grc' dir='ltr'><strong>τοῦ</strong></span> <span class='ocrx_word' id='word_1_441' title='bbox 2852 3068 3116 3139; x_wconf 81' lang='grc' dir='ltr'>βασιλέως</span> <span class='ocrx_word' id='word_1_442' title='bbox 3144 3069 3407 3137; x_wconf 78' lang='grc' dir='ltr'>ἐζήτησεν</span> <span class='ocrx_word' id='word_1_443' title='bbox 3445 3064 3607 3119; x_wconf 84' lang='grc' dir='ltr'>αὑτὸν</span> <span class='ocrx_word' id='word_1_444' title='bbox 3646 3063 3774 3117; x_wconf 86' lang='grc' dir='ltr'>πιά-</span> 
     </span>
    </p>
   </div>
   <div class='ocr_carea' id='block_1_62' title="bbox 492 3147 2091 3241">
    <p class='ocr_par' dir='ltr' id='par_1_62' title="bbox 492 3147 2084 3220">
     <span class='ocr_line' id='line_1_62' title="bbox 492 3147 2084 3220; baseline 0.003 -19"><span class='ocrx_word' id='word_1_445' title='bbox 492 3159 588 3217; x_wconf 85' lang='lat' dir='ltr'><strong>tea</strong></span> <span class='ocrx_word' id='word_1_446' title='bbox 620 3149 885 3217; x_wconf 68' lang='lat' dir='ltr'><strong>toparchae</strong></span> <span class='ocrx_word' id='word_1_447' title='bbox 910 3147 1129 3213; x_wconf 78' lang='lat' dir='ltr'><strong>fuerint,</strong></span> <span class='ocrx_word' id='word_1_448' title='bbox 1196 3165 1289 3204; x_wconf 88' lang='lat' dir='ltr'><strong>seu</strong></span> <span class='ocrx_word' id='word_1_449' title='bbox 1328 3150 1507 3219; x_wconf 83' lang='lat' dir='ltr'><strong>potius</strong></span> <span class='ocrx_word' id='word_1_450' title='bbox 1541 3153 1778 3220; x_wconf 64' lang='lat' dir='ltr'><strong>praifecti</strong></span> <span class='ocrx_word' id='word_1_451' title='bbox 1821 3152 2084 3217; x_wconf 89' lang='lat' dir='ltr'><strong>tribuum,</strong></span> 
     </span>
    </p>
   </div>
   <div class='ocr_carea' id='block_1_63' title="bbox 2193 3147 3771 3241">
    <p class='ocr_par' dir='ltr' id='par_1_63' title="bbox 2199 3155 3771 3231">
     <span class='ocr_line' id='line_1_63' title="bbox 2199 3155 3771 3231; baseline -0.004 -16"><span class='ocrx_word' id='word_1_452' title='bbox 2199 3179 2307 3215; x_wconf 87' lang='grc' dir='ltr'>σαι.</span> <span class='ocrx_word' id='word_1_453' title='bbox 2340 3182 2357 3213; x_wconf 73' lang='grc' dir='ltr'><strong>ι</strong></span> <span class='ocrx_word' id='word_1_454' title='bbox 2408 3162 2616 3216; x_wconf 83' lang='grc' dir='ltr'>Οὐκοῦν</span> <span class='ocrx_word' id='word_1_455' title='bbox 2645 3164 2673 3215; x_wconf 88' lang='grc' dir='ltr'>ὁ</span> <span class='ocrx_word' id='word_1_456' title='bbox 2722 3161 2877 3230; x_wconf 86' lang='grc' dir='ltr'>λόγος</span> <span class='ocrx_word' id='word_1_457' title='bbox 2919 3162 2949 3213; x_wconf 84' lang='grc' dir='ltr'><strong>ό</strong></span> <span class='ocrx_word' id='word_1_458' title='bbox 2986 3158 3324 3231; x_wconf 83' lang='grc' dir='ltr'>προφητικδς</span> <span class='ocrx_word' id='word_1_459' title='bbox 3379 3158 3615 3228; x_wconf 78' lang='grc' dir='ltr'>ἔμφασιν</span> <span class='ocrx_word' id='word_1_460' title='bbox 3658 3155 3771 3225; x_wconf 75' lang='grc' dir='ltr'>ἔχει</span> 
     </span>
    </p>
   </div>
   <div class='ocr_carea' id='block_1_64' title="bbox 503 3235 2090 3311">
    <p class='ocr_par' dir='ltr' id='par_1_64' title="bbox 503 3235 2090 3311">
     <span class='ocr_line' id='line_1_64' title="bbox 503 3235 2090 3311; baseline 0.006 -23"><span class='ocrx_word' id='word_1_461' title='bbox 503 3235 594 3303; x_wconf 91' lang='lat' dir='ltr'><strong>qui</strong></span> <span class='ocrx_word' id='word_1_462' title='bbox 626 3245 805 3290; x_wconf 90' lang='lat' dir='ltr'><strong>tamen</strong></span> <span class='ocrx_word' id='word_1_463' title='bbox 844 3238 958 3291; x_wconf 87' lang='lat' dir='ltr'><strong>veri</strong></span> <span class='ocrx_word' id='word_1_464' title='bbox 996 3253 1141 3307; x_wconf 81' lang='lat' dir='ltr'><strong>regni</strong></span> <span class='ocrx_word' id='word_1_465' title='bbox 1177 3239 1516 3308; x_wconf 88' lang='lat' dir='ltr'><strong>splendorem</strong></span> <span class='ocrx_word' id='word_1_466' title='bbox 1565 3257 1669 3296; x_wconf 88' lang='lat' dir='ltr'><strong>non</strong></span> <span class='ocrx_word' id='word_1_467' title='bbox 1708 3250 1837 3296; x_wconf 89' lang='lat' dir='ltr'><strong>sunt</strong></span> <span class='ocrx_word' id='word_1_468' title='bbox 1890 3243 2090 3311; x_wconf 81' lang='lat' dir='ltr'><strong>adepti.</strong></span> 
     </span>
    </p>
   </div>
   <div class='ocr_carea' id='block_1_65' title="bbox 504 3326 2093 3403">
    <p class='ocr_par' dir='ltr' id='par_1_65' title="bbox 504 3326 2093 3403">
     <span class='ocr_line' id='line_1_65' title="bbox 504 3326 2093 3403; baseline 0.003 -21"><span class='ocrx_word' id='word_1_469' title='bbox 504 3326 619 3382; x_wconf 78' lang='lat' dir='ltr'><strong>Non</strong></span> <span class='ocrx_word' id='word_1_470' title='bbox 650 3329 830 3400; x_wconf 86' lang='lat' dir='ltr'><strong>itaque</strong></span> <span class='ocrx_word' id='word_1_471' title='bbox 859 3329 982 3393; x_wconf 92' lang='lat' dir='ltr'><strong>erit,</strong></span> <span class='ocrx_word' id='word_1_472' title='bbox 1027 3330 1222 3399; x_wconf 89' lang='lat' dir='ltr'><strong>inquit,</strong></span> <span class='ocrx_word' id='word_1_473' title='bbox 1260 3332 1311 3384; x_wconf 92' lang='lat' dir='ltr'><strong>in</strong></span> <span class='ocrx_word' id='word_1_474' title='bbox 1339 3331 1601 3386; x_wconf 86' lang='lat' dir='ltr'><strong>Damasco</strong></span> <span class='ocrx_word' id='word_1_475' title='bbox 1638 3348 1887 3403; x_wconf 90' lang='lat' dir='ltr'><strong>regnum,</strong></span> <span class='ocrx_word' id='word_1_476' title='bbox 1931 3338 2093 3387; x_wconf 90' lang='lat' dir='ltr'><strong>etiam</strong></span> 
     </span>
    </p>
   </div>
   <div class='ocr_carea' id='block_1_66' title="bbox 492 3406 2098 3494">
    <p class='ocr_par' dir='ltr' id='par_1_66' title="bbox 492 3406 2098 3494">
     <span class='ocr_line' id='line_1_66' title="bbox 492 3406 2098 3494; baseline 0.002 -17"><span class='ocrx_word' id='word_1_477' title='bbox 492 3406 776 3477; x_wconf 61' lang='lat' dir='ltr'><strong>residuum</strong></span> <span class='ocrx_word' id='word_1_478' title='bbox 833 3421 1092 3494; x_wconf 75' lang='lat' dir='ltr'><strong>Syrorum</strong></span> <span class='ocrx_word' id='word_1_479' title='bbox 1127 3424 1179 3477; x_wconf 90' lang='lat' dir='ltr'><strong>in</strong></span> <span class='ocrx_word' id='word_1_480' title='bbox 1213 3438 1274 3476; x_wconf 86' lang='lat' dir='ltr'><strong>ea</strong></span> <span class='ocrx_word' id='word_1_481' title='bbox 1322 3424 1715 3488; x_wconf 86' lang='lat' dir='ltr'><strong>debilitabitur,</strong></span> <span class='ocrx_word' id='word_1_482' title='bbox 1759 3425 1812 3479; x_wconf 79' lang='lat' dir='ltr'><strong>id</strong></span> <span class='ocrx_word' id='word_1_483' title='bbox 1836 3436 1940 3487; x_wconf 88' lang='lat' dir='ltr'><strong>est,</strong></span> <span class='ocrx_word' id='word_1_484' title='bbox 1979 3426 2098 3480; x_wconf 82' lang='lat' dir='ltr'><strong>urti-</strong></span> 
     </span>
    </p>
   </div>
   <div class='ocr_carea' id='block_1_67' title="bbox 502 3513 2095 3587">
    <p class='ocr_par' dir='ltr' id='par_1_67' title="bbox 502 3513 2095 3587">
     <span class='ocr_line' id='line_1_67' title="bbox 502 3513 2095 3587; baseline 0.003 -21"><span class='ocrx_word' id='word_1_485' title='bbox 502 3528 658 3569; x_wconf 87' lang='lat' dir='ltr'><strong>versa</strong></span> <span class='ocrx_word' id='word_1_486' title='bbox 698 3530 832 3585; x_wconf 73' lang='lat' dir='ltr'><strong>gens</strong></span> <span class='ocrx_word' id='word_1_487' title='bbox 869 3515 924 3569; x_wconf 93' lang='lat' dir='ltr'><strong>in</strong></span> <span class='ocrx_word' id='word_1_488' title='bbox 960 3530 1044 3571; x_wconf 92' lang='lat' dir='ltr'><strong>ea.</strong></span> <span class='ocrx_word' id='word_1_489' title='bbox 1096 3513 1408 3584; x_wconf 83' lang='lat' dir='ltr'><strong>Metropolis</strong></span> <span class='ocrx_word' id='word_1_490' title='bbox 1451 3517 1650 3572; x_wconf 91' lang='lat' dir='ltr'><strong>etenim</strong></span> <span class='ocrx_word' id='word_1_491' title='bbox 1682 3518 1853 3587; x_wconf 78' lang='lat' dir='ltr'><strong>Syriae</strong></span> <span class='ocrx_word' id='word_1_492' title='bbox 1897 3517 2095 3571; x_wconf 86' lang='lat' dir='ltr'><strong>Dama-</strong></span> 
     </span>
    </p>
   </div>
   <div class='ocr_carea' id='block_1_68' title="bbox 504 3606 2096 3664">
    <p class='ocr_par' dir='ltr' id='par_1_68' title="bbox 504 3606 2096 3664">
     <span class='ocr_line' id='line_1_68' title="bbox 504 3606 2096 3664; baseline 0.002 -3"><span class='ocrx_word' id='word_1_493' title='bbox 504 3622 649 3661; x_wconf 85' lang='lat' dir='ltr'><strong>scus.</strong></span> <span class='ocrx_word' id='word_1_494' title='bbox 696 3608 894 3662; x_wconf 90' lang='lat' dir='ltr'><strong>Deinde</strong></span> <span class='ocrx_word' id='word_1_495' title='bbox 927 3607 1059 3661; x_wconf 89' lang='lat' dir='ltr'><strong>dicit</strong></span> <span class='ocrx_word' id='word_1_496' title='bbox 1105 3608 1190 3661; x_wconf 89' lang='lat' dir='ltr'><strong>ei:</strong></span> <span class='ocrx_word' id='word_1_497' title='bbox 1229 3606 1344 3661; x_wconf 85' lang='lat' dir='ltr'><strong>Non</strong></span> <span class='ocrx_word' id='word_1_498' title='bbox 1375 3609 1517 3662; x_wconf 91' lang='lat' dir='ltr'><strong>enim</strong></span> <span class='ocrx_word' id='word_1_499' title='bbox 1574 3619 1629 3663; x_wconf 94' lang='lat' dir='ltr'><strong>tu</strong></span> <span class='ocrx_word' id='word_1_500' title='bbox 1677 3610 1944 3664; x_wconf 90' lang='lat' dir='ltr'><strong>meliores</strong></span> <span class='ocrx_word' id='word_1_501' title='bbox 1970 3611 2096 3664; x_wconf 91' lang='lat' dir='ltr'><strong>ﬁliis</strong></span> 
     </span>
    </p>
   </div>
   <div class='ocr_carea' id='block_1_69' title="bbox 474 3694 2095 3773">
    <p class='ocr_par' dir='ltr' id='par_1_69' title="bbox 474 3694 2095 3773">
     <span class='ocr_line' id='line_1_69' title="bbox 474 3694 2095 3773; baseline 0.003 -21"><span class='ocrx_word' id='word_1_502' title='bbox 474 3694 477 3695; x_wconf 50' lang='grc'><strong><em>⁷</em></strong></span> <span class='ocrx_word' id='word_1_503' title='bbox 507 3698 691 3763; x_wconf 88' lang='lat' dir='ltr'><strong>Israel,</strong></span> <span class='ocrx_word' id='word_1_504' title='bbox 716 3707 771 3752; x_wconf 93' lang='lat' dir='ltr'><strong>et</strong></span> <span class='ocrx_word' id='word_1_505' title='bbox 800 3698 970 3770; x_wconf 89' lang='lat' dir='ltr'><strong>gloria</strong></span> <span class='ocrx_word' id='word_1_506' title='bbox 997 3714 1213 3754; x_wconf 90' lang='lat' dir='ltr'><strong>eorum.</strong></span> <span class='ocrx_word' id='word_1_507' title='bbox 1249 3699 1409 3765; x_wconf 84' lang='lat' dir='ltr'><strong>Nam,</strong></span> <span class='ocrx_word' id='word_1_508' title='bbox 1450 3701 1644 3771; x_wconf 88' lang='lat' dir='ltr'><strong>inquit,</strong></span> <span class='ocrx_word' id='word_1_509' title='bbox 1677 3702 1723 3756; x_wconf 89' lang='lat' dir='ltr'><strong>si</strong></span> <span class='ocrx_word' id='word_1_510' title='bbox 1751 3718 1855 3756; x_wconf 89' lang='lat' dir='ltr'><strong>non</strong></span> <span class='ocrx_word' id='word_1_511' title='bbox 1882 3703 2095 3773; x_wconf 89' lang='lat' dir='ltr'><strong>peperci</strong></span> 
     </span>
    </p>
   </div>
   <div class='ocr_carea' id='block_1_70' title="bbox 506 3790 2101 3862">
    <p class='ocr_par' dir='ltr' id='par_1_70' title="bbox 506 3790 2101 3862">
     <span class='ocr_line' id='line_1_70' title="bbox 506 3790 2101 3862; baseline 0.004 -19"><span class='ocrx_word' id='word_1_512' title='bbox 506 3790 640 3844; x_wconf 88' lang='lat' dir='ltr'><strong>sorti</strong></span> <span class='ocrx_word' id='word_1_513' title='bbox 690 3790 1011 3858; x_wconf 60' lang='lat' dir='ltr'><strong>distributio,</strong></span> <span class='ocrx_word' id='word_1_514' title='bbox 1038 3807 1101 3847; x_wconf 92' lang='lat' dir='ltr'><strong>ac</strong></span> <span class='ocrx_word' id='word_1_515' title='bbox 1123 3794 1394 3862; x_wconf 74' lang='lat' dir='ltr'><strong>deputatae</strong></span> <span class='ocrx_word' id='word_1_516' title='bbox 1429 3795 1583 3857; x_wconf 91' lang='lat' dir='ltr'><strong>mihi,</strong></span> <span class='ocrx_word' id='word_1_517' title='bbox 1618 3795 1869 3849; x_wconf 90' lang='lat' dir='ltr'><strong>nimirum</strong></span> <span class='ocrx_word' id='word_1_518' title='bbox 1894 3794 2101 3850; x_wconf 87' lang='lat' dir='ltr'><strong>Israeli-</strong></span> 
     </span>
    </p>
   </div>
   <div class='ocr_carea' id='block_1_71' title="bbox 508 3880 2098 3953">
    <p class='ocr_par' dir='ltr' id='par_1_71' title="bbox 508 3880 2098 3953">
     <span class='ocr_line' id='line_1_71' title="bbox 508 3880 2098 3953; baseline 0.004 -20"><span class='ocrx_word' id='word_1_519' title='bbox 508 3881 580 3934; x_wconf 91' lang='lat' dir='ltr'><strong>tis</strong></span> <span class='ocrx_word' id='word_1_520' title='bbox 641 3880 693 3934; x_wconf 90' lang='lat' dir='ltr'><strong>in</strong></span> <span class='ocrx_word' id='word_1_521' title='bbox 756 3896 841 3935; x_wconf 87' lang='lat' dir='ltr'><strong>me</strong></span> <span class='ocrx_word' id='word_1_522' title='bbox 884 3881 1342 3951; x_wconf 89' lang='lat' dir='ltr'><strong>delinquentibus,</strong></span> <span class='ocrx_word' id='word_1_523' title='bbox 1383 3885 1628 3953; x_wconf 91' lang='lat' dir='ltr'><strong>quidnitu</strong></span> <span class='ocrx_word' id='word_1_524' title='bbox 1671 3887 1993 3940; x_wconf 84' lang='lat' dir='ltr'><strong>detrimenta</strong></span> <span class='ocrx_word' id='word_1_525' title='bbox 2031 3902 2098 3942; x_wconf 83' lang='lat' dir='ltr'><strong>ex</strong></span> 
     </span>
    </p>
   </div>
   <div class='ocr_carea' id='block_1_72' title="bbox 505 3972 2094 4049">
    <p class='ocr_par' dir='ltr' id='par_1_72' title="bbox 505 3972 2094 4049">
     <span class='ocr_line' id='line_1_72' title="bbox 505 3972 2094 4049; baseline 0.006 -21"><span class='ocrx_word' id='word_1_526' title='bbox 505 3972 650 4028; x_wconf 80' lang='lat' dir='ltr'><strong>bello</strong></span> <span class='ocrx_word' id='word_1_527' title='bbox 694 3975 981 4043; x_wconf 84' lang='lat' dir='ltr'><strong>importata</strong></span> <span class='ocrx_word' id='word_1_528' title='bbox 1016 3978 1265 4033; x_wconf 83' lang='lat' dir='ltr'><strong>omnibus</strong></span> <span class='ocrx_word' id='word_1_529' title='bbox 1298 3979 1470 4033; x_wconf 87' lang='lat' dir='ltr'><strong>tnodis</strong></span> <span class='ocrx_word' id='word_1_530' title='bbox 1493 3979 1817 4049; x_wconf 88' lang='lat' dir='ltr'><strong>sustineres,</strong></span> <span class='ocrx_word' id='word_1_531' title='bbox 1855 3982 1994 4038; x_wconf 72' lang='lat' dir='ltr'><strong>nulla</strong></span> <span class='ocrx_word' id='word_1_532' title='bbox 2037 3983 2094 4036; x_wconf 86' lang='lat' dir='ltr'><strong>in</strong></span> 
     </span>
    </p>
   </div>
   <div class='ocr_carea' id='block_1_73' title="bbox 508 4064 1032 4121">
    <p class='ocr_par' dir='ltr' id='par_1_73' title="bbox 508 4064 1032 4121">
     <span class='ocr_line' id='line_1_73' title="bbox 508 4064 1032 4121; baseline 0.004 -4"><span class='ocrx_word' id='word_1_533' title='bbox 508 4079 564 4121; x_wconf 82' lang='lat' dir='ltr'><strong>re</strong></span> <span class='ocrx_word' id='word_1_534' title='bbox 586 4064 778 4120; x_wconf 89' lang='lat' dir='ltr'><strong>lsraele</strong></span> <span class='ocrx_word' id='word_1_535' title='bbox 808 4067 1032 4120; x_wconf 88' lang='lat' dir='ltr'><strong>melior?</strong></span> 
     </span>
    </p>
   </div>
   <div class='ocr_carea' id='block_1_74' title="bbox 2193 3248 3772 3327">
    <p class='ocr_par' dir='ltr' id='par_1_74' title="bbox 2193 3248 3772 3327">
     <span class='ocr_line' id='line_1_74' title="bbox 2193 3248 3772 3327; baseline -0.006 -17"><span class='ocrx_word' id='word_1_536' title='bbox 2193 3256 2415 3327; x_wconf 84' lang='grc' dir='ltr'>πολλήν.</span> <span class='ocrx_word' id='word_1_537' title='bbox 2480 3255 2677 3308; x_wconf 80' lang='grc' dir='ltr'>Οὐκέτι</span> <span class='ocrx_word' id='word_1_538' title='bbox 2735 3253 2844 3324; x_wconf 84' lang='grc' dir='ltr'>γὰρ</span> <span class='ocrx_word' id='word_1_539' title='bbox 2904 3252 3123 3305; x_wconf 77' lang='grc' dir='ltr'>ἔσεσθαί</span> <span class='ocrx_word' id='word_1_540' title='bbox 3187 3268 3350 3322; x_wconf 85' lang='grc' dir='ltr'>φησιν</span> <span class='ocrx_word' id='word_1_541' title='bbox 3399 3248 3625 3319; x_wconf 82' lang='grc' dir='ltr'>εύσθενῆ</span> <span class='ocrx_word' id='word_1_542' title='bbox 3678 3252 3772 3300; x_wconf 76' lang='grc' dir='ltr'><strong>καὶ</strong></span> 
     </span>
    </p>
   </div>
   <div class='ocr_carea' id='block_1_75' title="bbox 2194 3341 3770 3421">
    <p class='ocr_par' dir='ltr' id='par_1_75' title="bbox 2194 3341 3770 3421">
     <span class='ocr_line' id='line_1_75' title="bbox 2194 3341 3770 3421; baseline -0.007 -18"><span class='ocrx_word' id='word_1_543' title='bbox 2194 3350 2464 3421; x_wconf 76' lang='grc' dir='ltr'>ἐπίσημον</span> <span class='ocrx_word' id='word_1_544' title='bbox 2489 3350 2546 3402; x_wconf 80' lang='grc' dir='ltr'>ὲν</span> <span class='ocrx_word' id='word_1_545' title='bbox 2572 3351 2638 3419; x_wconf 80' lang='grc' dir='ltr'>τῇ</span> <span class='ocrx_word' id='word_1_546' title='bbox 2664 3347 2943 3417; x_wconf 82' lang='grc' dir='ltr'>Δαμασκῷ</span> <span class='ocrx_word' id='word_1_547' title='bbox 2975 3345 3273 3416; x_wconf 86' lang='grc' dir='ltr'>βασιλείαν,</span> <span class='ocrx_word' id='word_1_548' title='bbox 3313 3345 3363 3396; x_wconf 89' lang='grc' dir='ltr'><strong>εί</strong></span> <span class='ocrx_word' id='word_1_549' title='bbox 3398 3343 3490 3396; x_wconf 77' lang='grc' dir='ltr'>καὶ</span> <span class='ocrx_word' id='word_1_550' title='bbox 3516 3341 3770 3411; x_wconf 83' lang='grc' dir='ltr'>γεγόνασι</span> 
     </span>
    </p>
   </div>
   <div class='ocr_carea' id='block_1_76' title="bbox 2195 3431 3770 3512">
    <p class='ocr_par' dir='ltr' id='par_1_76' title="bbox 2195 3431 3770 3512">
     <span class='ocr_line' id='line_1_76' title="bbox 2195 3431 3770 3512; baseline -0.007 -18"><span class='ocrx_word' id='word_1_551' title='bbox 2195 3441 2334 3512; x_wconf 80' lang='grc' dir='ltr'>μετὰ</span> <span class='ocrx_word' id='word_1_552' title='bbox 2358 3440 2517 3494; x_wconf 88' lang='grc' dir='ltr'>τοῦτο</span> <span class='ocrx_word' id='word_1_553' title='bbox 2543 3440 2816 3511; x_wconf 82' lang='grc' dir='ltr'>τοπάρχαι</span> <span class='ocrx_word' id='word_1_554' title='bbox 2841 3437 2983 3502; x_wconf 88' lang='grc' dir='ltr'>τινὲς</span> <span class='ocrx_word' id='word_1_555' title='bbox 3017 3438 3110 3491; x_wconf 74' lang='grc' dir='ltr'><strong>καὶ</strong></span> <span class='ocrx_word' id='word_1_556' title='bbox 3132 3436 3391 3506; x_wconf 85' lang='grc' dir='ltr'>φύλαρχοι</span> <span class='ocrx_word' id='word_1_557' title='bbox 3422 3432 3641 3505; x_wconf 79' lang='grc' dir='ltr'>μᾶλλον,</span> <span class='ocrx_word' id='word_1_558' title='bbox 3674 3431 3770 3486; x_wconf 78' lang='grc' dir='ltr'><strong>καὶ</strong></span> 
     </span>
    </p>
   </div>
   <div class='ocr_carea' id='block_1_77' title="bbox 2192 3525 3771 3604">
    <p class='ocr_par' dir='ltr' id='par_1_77' title="bbox 2192 3525 3771 3604">
     <span class='ocr_line' id='line_1_77' title="bbox 2192 3525 3771 3604; baseline -0.007 -17"><span class='ocrx_word' id='word_1_559' title='bbox 2192 3535 2313 3603; x_wconf 72' lang='grc' dir='ltr'>οὐχὶ</span> <span class='ocrx_word' id='word_1_560' title='bbox 2349 3533 2449 3604; x_wconf 81' lang='grc' dir='ltr'><strong>τῆς</strong></span> <span class='ocrx_word' id='word_1_561' title='bbox 2485 3532 2717 3602; x_wconf 85' lang='grc' dir='ltr'>ἀληθοῦς</span> <span class='ocrx_word' id='word_1_562' title='bbox 2767 3530 3040 3602; x_wconf 82' lang='grc' dir='ltr'>βασιλείας</span> <span class='ocrx_word' id='word_1_563' title='bbox 3086 3529 3185 3599; x_wconf 84' lang='grc' dir='ltr'><strong>τὴν</strong></span> <span class='ocrx_word' id='word_1_564' title='bbox 3227 3525 3585 3597; x_wconf 84' lang='grc' dir='ltr'>λαμπρότητα</span> <span class='ocrx_word' id='word_1_565' title='bbox 3612 3541 3771 3595; x_wconf 84' lang='grc' dir='ltr'>περι-</span> 
     </span>
    </p>
   </div>
   <div class='ocr_carea' id='block_1_78' title="bbox 2195 3617 3768 3695">
    <p class='ocr_par' dir='ltr' id='par_1_78' title="bbox 2195 3617 3768 3695">
     <span class='ocr_line' id='line_1_78' title="bbox 2195 3617 3768 3695; baseline -0.008 -16"><span class='ocrx_word' id='word_1_566' title='bbox 2195 3625 2455 3695; x_wconf 86' lang='grc' dir='ltr'>κείμενοι.</span> <span class='ocrx_word' id='word_1_567' title='bbox 2506 3624 2621 3677; x_wconf 81' lang='grc' dir='ltr'>Ούκ</span> <span class='ocrx_word' id='word_1_568' title='bbox 2659 3623 2809 3677; x_wconf 74' lang='grc' dir='ltr'>ἔσται</span> <span class='ocrx_word' id='word_1_569' title='bbox 2859 3622 3038 3675; x_wconf 87' lang='grc' dir='ltr'>τοίνυν</span> <span class='ocrx_word' id='word_1_570' title='bbox 3068 3623 3127 3675; x_wconf 83' lang='grc' dir='ltr'>ὲν</span> <span class='ocrx_word' id='word_1_571' title='bbox 3173 3617 3450 3689; x_wconf 82' lang='grc' dir='ltr'>Δαμασκῷ</span> <span class='ocrx_word' id='word_1_572' title='bbox 3484 3617 3728 3688; x_wconf 79' lang='grc' dir='ltr'>βασιλεία</span> <span class='ocrx_word' id='word_1_573' title='bbox 3751 3657 3768 3682; x_wconf 87' lang='grc'><strong>,</strong></span> 
     </span>
    </p>
   </div>
   <div class='ocr_carea' id='block_1_79' title="bbox 2196 3708 3769 3786">
    <p class='ocr_par' dir='ltr' id='par_1_79' title="bbox 2196 3708 3769 3786">
     <span class='ocr_line' id='line_1_79' title="bbox 2196 3708 3769 3786; baseline -0.004 -18"><span class='ocrx_word' id='word_1_574' title='bbox 2196 3717 2359 3786; x_wconf 87' lang='grc' dir='ltr'>φησίν</span> <span class='ocrx_word' id='word_1_575' title='bbox 2378 3732 2391 3745; x_wconf 88' lang='grc'><strong>·</strong></span> <span class='ocrx_word' id='word_1_576' title='bbox 2427 3715 2680 3785; x_wconf 85' lang='grc' dir='ltr'>ἀτονήσει</span> <span class='ocrx_word' id='word_1_577' title='bbox 2705 3715 2762 3767; x_wconf 86' lang='grc' dir='ltr'>δὲ</span> <span class='ocrx_word' id='word_1_578' title='bbox 2789 3716 2885 3767; x_wconf 83' lang='grc' dir='ltr'><strong>σὺν</strong></span> <span class='ocrx_word' id='word_1_579' title='bbox 2910 3714 3049 3785; x_wconf 79' lang='grc' dir='ltr'>αὐτῇ</span> <span class='ocrx_word' id='word_1_580' title='bbox 3085 3713 3179 3766; x_wconf 78' lang='grc' dir='ltr'><strong>καὶ</strong></span> <span class='ocrx_word' id='word_1_581' title='bbox 3205 3712 3266 3765; x_wconf 85' lang='grc' dir='ltr'>τὸ</span> <span class='ocrx_word' id='word_1_582' title='bbox 3307 3710 3494 3763; x_wconf 77' lang='grc' dir='ltr'>λοιπὸν</span> <span class='ocrx_word' id='word_1_583' title='bbox 3530 3708 3638 3763; x_wconf 81' lang='grc' dir='ltr'><strong>τῶν</strong></span> <span class='ocrx_word' id='word_1_584' title='bbox 3664 3708 3769 3761; x_wconf 81' lang='grc' dir='ltr'>Σύ-</span> 
     </span>
    </p>
   </div>
   <div class='ocr_carea' id='block_1_80' title="bbox 2197 3800 3771 3879">
    <p class='ocr_par' dir='ltr' id='par_1_80' title="bbox 2197 3800 3771 3879">
     <span class='ocr_line' id='line_1_80' title="bbox 2197 3800 3771 3879; baseline -0.006 -18"><span class='ocrx_word' id='word_1_585' title='bbox 2197 3824 2327 3879; x_wconf 85' lang='grc' dir='ltr'>ρων,</span> <span class='ocrx_word' id='word_1_586' title='bbox 2353 3806 2497 3860; x_wconf 86' lang='grc' dir='ltr'>τοῦτ’</span> <span class='ocrx_word' id='word_1_587' title='bbox 2522 3805 2691 3868; x_wconf 76' lang='grc' dir='ltr'>ἔστιν,</span> <span class='ocrx_word' id='word_1_588' title='bbox 2720 3805 2866 3859; x_wconf 79' lang='grc' dir='ltr'>ἅπαν</span> <span class='ocrx_word' id='word_1_589' title='bbox 2893 3804 2954 3857; x_wconf 87' lang='grc' dir='ltr'><strong>τὸ</strong></span> <span class='ocrx_word' id='word_1_590' title='bbox 2984 3803 3133 3866; x_wconf 72' lang='grc' dir='ltr'>ἔθνος</span> <span class='ocrx_word' id='word_1_591' title='bbox 3157 3803 3220 3856; x_wconf 71' lang='grc' dir='ltr'>τὸ</span> <span class='ocrx_word' id='word_1_592' title='bbox 3243 3801 3334 3855; x_wconf 86' lang='grc' dir='ltr'>ὑπ’</span> <span class='ocrx_word' id='word_1_593' title='bbox 3363 3801 3521 3872; x_wconf 78' lang='grc' dir='ltr'>αὐτῇ.</span> <span class='ocrx_word' id='word_1_594' title='bbox 3562 3800 3771 3872; x_wconf 82' lang='grc' dir='ltr'>Μητρό-</span> 
     </span>
    </p>
   </div>
   <div class='ocr_carea' id='block_1_81' title="bbox 2196 3891 3770 3969">
    <p class='ocr_par' dir='ltr' id='par_1_81' title="bbox 2196 3891 3770 3969">
     <span class='ocr_line' id='line_1_81' title="bbox 2196 3891 3770 3969; baseline -0.004 -17"><span class='ocrx_word' id='word_1_595' title='bbox 2196 3898 2351 3963; x_wconf 84' lang='grc' dir='ltr'>πολις</span> <span class='ocrx_word' id='word_1_596' title='bbox 2391 3899 2501 3969; x_wconf 89' lang='grc' dir='ltr'>γὰρ</span> <span class='ocrx_word' id='word_1_597' title='bbox 2556 3898 2752 3969; x_wconf 87' lang='grc' dir='ltr'>Συρίας</span> <span class='ocrx_word' id='word_1_598' title='bbox 2800 3899 2833 3968; x_wconf 87' lang='grc' dir='ltr'><strong>ή</strong></span> <span class='ocrx_word' id='word_1_599' title='bbox 2886 3895 3195 3967; x_wconf 85' lang='grc' dir='ltr'>Δαμασκός.</span> <span class='ocrx_word' id='word_1_600' title='bbox 3248 3891 3381 3948; x_wconf 78' lang='grc' dir='ltr'>Εἶτα</span> <span class='ocrx_word' id='word_1_601' title='bbox 3428 3894 3563 3965; x_wconf 84' lang='grc' dir='ltr'>πρὸς</span> <span class='ocrx_word' id='word_1_602' title='bbox 3599 3893 3770 3962; x_wconf 83' lang='grc' dir='ltr'>αὐτήν</span> 
     </span>
    </p>
   </div>
   <div class='ocr_carea' id='block_1_82' title="bbox 2197 3981 3770 4061">
    <p class='ocr_par' dir='ltr' id='par_1_82' title="bbox 2197 3981 3770 4061">
     <span class='ocr_line' id='line_1_82' title="bbox 2197 3981 3770 4061; baseline -0.007 -17"><span class='ocrx_word' id='word_1_603' title='bbox 2197 4007 2368 4061; x_wconf 87' lang='grc' dir='ltr'>φησιν</span> <span class='ocrx_word' id='word_1_604' title='bbox 2392 4007 2405 4020; x_wconf 79' lang='grc'><strong>’</strong></span> <span class='ocrx_word' id='word_1_605' title='bbox 2440 3990 2514 4043; x_wconf 83' lang='grc' dir='ltr'><strong>Οὐ</strong></span> <span class='ocrx_word' id='word_1_606' title='bbox 2549 3989 2659 4058; x_wconf 85' lang='grc' dir='ltr'><strong>γὰρ</strong></span> <span class='ocrx_word' id='word_1_607' title='bbox 2686 3989 2749 4041; x_wconf 84' lang='grc' dir='ltr'><strong>σὺ</strong></span> <span class='ocrx_word' id='word_1_608' title='bbox 2791 3987 3015 4058; x_wconf 86' lang='grc' dir='ltr'>βελτίων</span> <span class='ocrx_word' id='word_1_609' title='bbox 3042 3981 3093 4040; x_wconf 78' lang='grc' dir='ltr'>εἴ</span> <span class='ocrx_word' id='word_1_610' title='bbox 3116 3986 3222 4040; x_wconf 81' lang='grc' dir='ltr'>τῶν</span> <span class='ocrx_word' id='word_1_611' title='bbox 3248 3984 3379 4038; x_wconf 77' lang='grc' dir='ltr'>υἱῶν</span> <span class='ocrx_word' id='word_1_612' title='bbox 3412 3982 3645 4055; x_wconf 80' lang='grc' dir='ltr'>Ἰσραὴλ,</span> <span class='ocrx_word' id='word_1_613' title='bbox 3675 3981 3770 4035; x_wconf 82' lang='grc' dir='ltr'>καὶ</span> 
     </span>
    </p>
   </div>
   <div class='ocr_carea' id='block_1_83' title="bbox 2196 4073 3772 4154">
    <p class='ocr_par' dir='ltr' id='par_1_83' title="bbox 2196 4073 3772 4154">
     <span class='ocr_line' id='line_1_83' title="bbox 2196 4073 3772 4154; baseline -0.006 -18"><span class='ocrx_word' id='word_1_614' title='bbox 2196 4083 2293 4153; x_wconf 80' lang='grc' dir='ltr'><strong>τῆς</strong></span> <span class='ocrx_word' id='word_1_615' title='bbox 2321 4083 2479 4154; x_wconf 78' lang='grc' dir='ltr'>δόξης</span> <span class='ocrx_word' id='word_1_616' title='bbox 2508 4080 2710 4134; x_wconf 81' lang='grc' dir='ltr'>αὐτῶν.</span> <span class='ocrx_word' id='word_1_617' title='bbox 2738 4080 2804 4134; x_wconf 85' lang='grc' dir='ltr'>Εἰ</span> <span class='ocrx_word' id='word_1_618' title='bbox 2831 4081 2941 4151; x_wconf 82' lang='grc' dir='ltr'><strong>γὰρ</strong></span> <span class='ocrx_word' id='word_1_619' title='bbox 2976 4079 3070 4132; x_wconf 79' lang='grc' dir='ltr'><strong>καὶ</strong></span> <span class='ocrx_word' id='word_1_620' title='bbox 3108 4078 3333 4148; x_wconf 81' lang='grc' dir='ltr'>κλήρου,</span> <span class='ocrx_word' id='word_1_621' title='bbox 3366 4076 3521 4147; x_wconf 80' lang='grc' dir='ltr'>φησὶ,</span> <span class='ocrx_word' id='word_1_622' title='bbox 3553 4073 3646 4129; x_wconf 89' lang='grc' dir='ltr'><strong>τοῦ</strong></span> <span class='ocrx_word' id='word_1_623' title='bbox 3682 4076 3772 4127; x_wconf 75' lang='grc' dir='ltr'><strong>ἑκ-</strong></span> 
     </span>
    </p>
   </div>
   <div class='ocr_carea' id='block_1_84' title="bbox 504 4160 3770 4251">
    <p class='ocr_par' dir='ltr' id='par_1_84' title="bbox 504 4160 3770 4251">
     <span class='ocr_line' id='line_1_84' title="bbox 504 4160 3770 4251; baseline 0.004 -37"><span class='ocrx_word' id='word_1_624' title='bbox 504 4160 829 4229; x_wconf 84' lang='grc' dir='ltr'>νεμηθέντος</span> <span class='ocrx_word' id='word_1_625' title='bbox 860 4162 982 4232; x_wconf 65' lang='grc' dir='ltr'>ἐμοὶ</span> <span class='ocrx_word' id='word_1_626' title='bbox 1002 4201 1018 4227; x_wconf 93' lang='grc'><strong>,</strong></span> <span class='ocrx_word' id='word_1_627' title='bbox 1046 4162 1188 4216; x_wconf 81' lang='grc' dir='ltr'>τοῦτ’</span> <span class='ocrx_word' id='word_1_628' title='bbox 1210 4162 1381 4229; x_wconf 84' lang='grc' dir='ltr'>ἔστιν,</span> <span class='ocrx_word' id='word_1_629' title='bbox 1411 4164 1517 4219; x_wconf 82' lang='grc' dir='ltr'>τῶν</span> <span class='ocrx_word' id='word_1_630' title='bbox 1561 4166 1618 4233; x_wconf 80' lang='grc' dir='ltr'>ἐξ</span> <span class='ocrx_word' id='word_1_631' title='bbox 1655 4167 1869 4242; x_wconf 79' lang='grc' dir='ltr'>Ἰσραὴλ</span> <span class='ocrx_word' id='word_1_632' title='bbox 1900 4174 1980 4238; x_wconf 86' lang='grc' dir='ltr'>εἰς</span> <span class='ocrx_word' id='word_1_633' title='bbox 2004 4178 2104 4248; x_wconf 79' lang='grc' dir='ltr'>ἐμὲ</span> <span class='ocrx_word' id='word_1_634' title='bbox 2143 4178 2690 4251; x_wconf 84' lang='grc' dir='ltr'>πεπλημμεληκότων</span> <span class='ocrx_word' id='word_1_635' title='bbox 2724 4177 2825 4229; x_wconf 81' lang='grc' dir='ltr'><strong>οὐκ</strong></span> <span class='ocrx_word' id='word_1_636' title='bbox 2879 4174 3215 4245; x_wconf 75' lang='grc' dir='ltr'>ἐφεισάμην,</span> <span class='ocrx_word' id='word_1_637' title='bbox 3253 4171 3371 4237; x_wconf 83' lang='grc' dir='ltr'><strong>πῶς</strong></span> <span class='ocrx_word' id='word_1_638' title='bbox 3415 4173 3477 4249; x_wconf 65' lang='grc' dir='ltr'><strong>οὐ</strong></span> <span class='ocrx_word' id='word_1_639' title='bbox 3507 4173 3680 4242; x_wconf 85' lang='grc' dir='ltr'>πάντη</span> <span class='ocrx_word' id='word_1_640' title='bbox 3709 4187 3770 4226; x_wconf 82' lang='grc' dir='ltr'><strong>τε</strong></span> 
     </span>
    </p>
   </div>
   <div class='ocr_carea' id='block_1_85' title="bbox 506 4257 3485 4346">
    <p class='ocr_par' dir='ltr' id='par_1_85' title="bbox 506 4257 3485 4346">
     <span class='ocr_line' id='line_1_85' title="bbox 506 4257 3485 4346; baseline 0.004 -35"><span class='ocrx_word' id='word_1_641' title='bbox 506 4258 600 4311; x_wconf 73' lang='grc' dir='ltr'><strong>καὶ</strong></span> <span class='ocrx_word' id='word_1_642' title='bbox 656 4257 872 4318; x_wconf 83' lang='grc' dir='ltr'>πάντως</span> <span class='ocrx_word' id='word_1_643' title='bbox 916 4257 1205 4327; x_wconf 83' lang='grc' dir='ltr'>ὑπομενεῖς</span> <span class='ocrx_word' id='word_1_644' title='bbox 1240 4259 1333 4311; x_wconf 75' lang='grc' dir='ltr'><strong>καὶ</strong></span> <span class='ocrx_word' id='word_1_645' title='bbox 1369 4259 1507 4330; x_wconf 80' lang='grc' dir='ltr'>αὑτὴ</span> <span class='ocrx_word' id='word_1_646' title='bbox 1547 4262 1615 4316; x_wconf 71' lang='grc' dir='ltr'>τὰ</span> <span class='ocrx_word' id='word_1_647' title='bbox 1648 4264 1712 4316; x_wconf 80' lang='grc' dir='ltr'>ὲκ</span> <span class='ocrx_word' id='word_1_648' title='bbox 1744 4265 1835 4318; x_wconf 84' lang='grc' dir='ltr'><strong>τοῦ</strong></span> <span class='ocrx_word' id='word_1_649' title='bbox 1872 4269 2113 4342; x_wconf 80' lang='grc' dir='ltr'>πολέμου</span> <span class='ocrx_word' id='word_1_650' title='bbox 2143 4274 2314 4346; x_wconf 79' lang='grc' dir='ltr'>βλάϐη</span> <span class='ocrx_word' id='word_1_651' title='bbox 2344 4274 2464 4328; x_wconf 82' lang='grc' dir='ltr'>κατ’</span> <span class='ocrx_word' id='word_1_652' title='bbox 2494 4273 2647 4328; x_wconf 82' lang='grc' dir='ltr'>οὐδὲν</span> <span class='ocrx_word' id='word_1_653' title='bbox 2673 4266 2811 4325; x_wconf 83' lang='grc' dir='ltr'>οὖσα</span> <span class='ocrx_word' id='word_1_654' title='bbox 2839 4269 3062 4341; x_wconf 83' lang='grc' dir='ltr'>βελτίων</span> <span class='ocrx_word' id='word_1_655' title='bbox 3085 4268 3179 4322; x_wconf 90' lang='grc' dir='ltr'><strong>τοῦ</strong></span> <span class='ocrx_word' id='word_1_656' title='bbox 3222 4269 3438 4339; x_wconf 86' lang='grc' dir='ltr'>Ἰσραήλ</span> <span class='ocrx_word' id='word_1_657' title='bbox 3462 4284 3485 4332; x_wconf 65' lang='lat'><strong>;,</strong></span> 
     </span>
    </p>
   </div>
   <div class='ocr_carea' id='block_1_86' title="bbox 471 4417 2091 4505">
    <p class='ocr_par' dir='ltr' id='par_1_86' title="bbox 471 4417 2091 4491">
     <span class='ocr_line' id='line_1_86' title="bbox 471 4417 2091 4491; baseline 0.012 -23"><span class='ocrx_word' id='word_1_658' title='bbox 471 4452 475 4456; x_wconf 62' lang='lat'><strong>~</strong></span> <span class='ocrx_word' id='word_1_659' title='bbox 581 4418 743 4471; x_wconf 66' lang='lat' dir='ltr'><strong>Vens.</strong></span> <span class='ocrx_word' id='word_1_660' title='bbox 781 4418 833 4473; x_wconf 76' lang='grc'>4.</span> <span class='ocrx_word' id='word_1_661' title='bbox 874 4417 1001 4472; x_wconf 77' lang='lat' dir='ltr'><strong>Ilwc</strong></span> <span class='ocrx_word' id='word_1_662' title='bbox 1058 4419 1186 4472; x_wconf 78' lang='lat' dir='ltr'><strong>dicit</strong></span> <span class='ocrx_word' id='word_1_663' title='bbox 1238 4418 1492 4473; x_wconf 72' lang='lat' dir='ltr'><strong>Dominus</strong></span> <span class='ocrx_word' id='word_1_664' title='bbox 1551 4420 1807 4491; x_wconf 78' lang='lat' dir='ltr'><strong>Sabaoth,</strong></span> <span class='ocrx_word' id='word_1_665' title='bbox 1848 4426 1966 4483; x_wconf 78' lang='lat' dir='ltr'><strong>Erit</strong></span> <span class='ocrx_word' id='word_1_666' title='bbox 2006 4433 2091 4487; x_wconf 82' lang='lat' dir='ltr'><strong>die</strong></span> 
     </span>
    </p>
   </div>
   <div class='ocr_carea' id='block_1_87' title="bbox 2193 4417 3770 4505">
    <p class='ocr_par' dir='ltr' id='par_1_87' title="bbox 2272 4430 3770 4505">
     <span class='ocr_line' id='line_1_87' title="bbox 2272 4430 3770 4505; baseline -0.004 -15"><span class='ocrx_word' id='word_1_667' title='bbox 2272 4435 2418 4490; x_wconf 82' lang='grc' dir='ltr'>Τάδε</span> <span class='ocrx_word' id='word_1_668' title='bbox 2468 4434 2631 4505; x_wconf 76' lang='grc' dir='ltr'>λέγει</span> <span class='ocrx_word' id='word_1_669' title='bbox 2675 4433 2889 4501; x_wconf 80' lang='grc' dir='ltr'>Κύριος</span> <span class='ocrx_word' id='word_1_670' title='bbox 2927 4431 3195 4487; x_wconf 76' lang='grc' dir='ltr'>Σαϐαώθ⁶</span> <span class='ocrx_word' id='word_1_671' title='bbox 3230 4434 3438 4486; x_wconf 84' lang='grc' dir='ltr'>Ἔσται</span> <span class='ocrx_word' id='word_1_672' title='bbox 3481 4430 3555 4501; x_wconf 77' lang='grc' dir='ltr'>τῇ</span> <span class='ocrx_word' id='word_1_673' title='bbox 3584 4432 3770 4502; x_wconf 67' lang='grc' dir='ltr'>ἡμέρᾳ</span> 
     </span>
    </p>
   </div>
   <div class='ocr_carea' id='block_1_88' title="bbox 502 4510 2098 4591">
    <p class='ocr_par' dir='ltr' id='par_1_88' title="bbox 502 4510 2098 4591">
     <span class='ocr_line' id='line_1_88' title="bbox 502 4510 2098 4591; baseline 0.009 -27"><span class='ocrx_word' id='word_1_674' title='bbox 502 4511 621 4576; x_wconf 72' lang='grc' dir='ltr'>ξέίιι,</span> <span class='ocrx_word' id='word_1_675' title='bbox 647 4510 865 4579; x_wconf 77' lang='lat' dir='ltr'><strong>defectio</strong></span> <span class='ocrx_word' id='word_1_676' title='bbox 887 4511 1068 4579; x_wconf 75' lang='lat' dir='ltr'><strong>gloria:</strong></span> <span class='ocrx_word' id='word_1_677' title='bbox 1094 4510 1285 4577; x_wconf 82' lang='lat' dir='ltr'><strong>Jacob,</strong></span> <span class='ocrx_word' id='word_1_678' title='bbox 1314 4524 1361 4568; x_wconf 85' lang='lat' dir='ltr'><strong>et</strong></span> <span class='ocrx_word' id='word_1_679' title='bbox 1384 4515 1603 4583; x_wconf 80' lang='lat' dir='ltr'><strong>pinguia</strong></span> <span class='ocrx_word' id='word_1_680' title='bbox 1624 4518 1805 4587; x_wconf 78' lang='lat' dir='ltr'><strong>gloria:</strong></span> <span class='ocrx_word' id='word_1_681' title='bbox 1825 4521 1939 4591; x_wconf 78' lang='lat' dir='ltr'><strong>ejus</strong></span> <span class='ocrx_word' id='word_1_682' title='bbox 1972 4541 2098 4578; x_wconf 84' lang='lat' dir='ltr'><strong>con-</strong></span> 
     </span>
    </p>
   </div>
   <div class='ocr_carea' id='block_1_89' title="bbox 508 4604 922 4676">
    <p class='ocr_par' dir='ltr' id='par_1_89' title="bbox 508 4604 922 4676">
     <span class='ocr_line' id='line_1_89' title="bbox 508 4604 922 4676; baseline 0 -18"><span class='ocrx_word' id='word_1_683' title='bbox 508 4604 922 4676; x_wconf 78' lang='lat' dir='ltr'><strong>quassabuntur.</strong></span> 
     </span>
    </p>
   </div>
   <div class='ocr_carea' id='block_1_90' title="bbox 575 4714 2097 4789">
    <p class='ocr_par' dir='ltr' id='par_1_90' title="bbox 575 4714 2097 4789">
     <span class='ocr_line' id='line_1_90' title="bbox 575 4714 2097 4789; baseline 0.009 -23"><span class='ocrx_word' id='word_1_684' title='bbox 575 4717 738 4789; x_wconf 77' lang='lat'><strong>265</strong></span> <span class='ocrx_word' id='word_1_685' title='bbox 773 4714 1036 4771; x_wconf 70' lang='lat' dir='ltr'><strong>Iacobum</strong></span> <span class='ocrx_word' id='word_1_686' title='bbox 1086 4717 1238 4772; x_wconf 92' lang='lat' dir='ltr'><strong>hisce</strong></span> <span class='ocrx_word' id='word_1_687' title='bbox 1274 4718 1457 4776; x_wconf 85' lang='lat' dir='ltr'><strong>verbis</strong></span> <span class='ocrx_word' id='word_1_688' title='bbox 1500 4722 1764 4787; x_wconf 87' lang='lat' dir='ltr'><strong>nominat,</strong></span> <span class='ocrx_word' id='word_1_689' title='bbox 1796 4738 1862 4778; x_wconf 81' lang='lat' dir='ltr'><strong>ex</strong></span> <span class='ocrx_word' id='word_1_690' title='bbox 1896 4722 2097 4780; x_wconf 81' lang='lat' dir='ltr'><strong>Jacobo</strong></span> 
     </span>
    </p>
   </div>
   <div class='ocr_carea' id='block_1_91' title="bbox 506 4810 2095 4873">
    <p class='ocr_par' dir='ltr' id='par_1_91' title="bbox 506 4810 2095 4873">
     <span class='ocr_line' id='line_1_91' title="bbox 506 4810 2095 4873; baseline 0.005 -9"><span class='ocrx_word' id='word_1_691' title='bbox 506 4822 689 4872; x_wconf 85' lang='lat' dir='ltr'><strong>natos,</strong></span> <span class='ocrx_word' id='word_1_692' title='bbox 740 4810 822 4863; x_wconf 76' lang='lat' dir='ltr'><strong>vel</strong></span> <span class='ocrx_word' id='word_1_693' title='bbox 880 4811 1068 4865; x_wconf 86' lang='lat' dir='ltr'><strong>decem</strong></span> <span class='ocrx_word' id='word_1_694' title='bbox 1124 4811 1296 4865; x_wconf 89' lang='lat' dir='ltr'><strong>tribus</strong></span> <span class='ocrx_word' id='word_1_695' title='bbox 1348 4813 1399 4865; x_wconf 91' lang='lat' dir='ltr'><strong>in</strong></span> <span class='ocrx_word' id='word_1_696' title='bbox 1433 4811 1680 4869; x_wconf 88' lang='lat' dir='ltr'><strong>Samaria</strong></span> <span class='ocrx_word' id='word_1_697' title='bbox 1720 4824 1776 4869; x_wconf 92' lang='lat' dir='ltr'><strong>et</strong></span> <span class='ocrx_word' id='word_1_698' title='bbox 1815 4817 2095 4873; x_wconf 88' lang='lat' dir='ltr'><strong>dimidium</strong></span> 
     </span>
    </p>
   </div>
   <div class='ocr_carea' id='block_1_92' title="bbox 510 4900 2086 4976">
    <p class='ocr_par' dir='ltr' id='par_1_92' title="bbox 510 4900 2086 4976">
     <span class='ocr_line' id='line_1_92' title="bbox 510 4900 2086 4976; baseline 0.004 -20"><span class='ocrx_word' id='word_1_699' title='bbox 510 4901 681 4957; x_wconf 88' lang='lat' dir='ltr'><strong>tribus</strong></span> <span class='ocrx_word' id='word_1_700' title='bbox 702 4900 982 4972; x_wconf 89' lang='lat' dir='ltr'><strong>Epitraim,</strong></span> <span class='ocrx_word' id='word_1_701' title='bbox 1018 4917 1139 4972; x_wconf 67' lang='lat' dir='ltr'><strong>quae</strong></span> <span class='ocrx_word' id='word_1_702' title='bbox 1163 4912 1367 4956; x_wconf 88' lang='lat' dir='ltr'><strong>tantum</strong></span> <span class='ocrx_word' id='word_1_703' title='bbox 1403 4918 1434 4957; x_wconf 89' lang='lat' dir='ltr'><strong>a</strong></span> <span class='ocrx_word' id='word_1_704' title='bbox 1459 4905 1727 4961; x_wconf 90' lang='lat' dir='ltr'><strong>charitate</strong></span> <span class='ocrx_word' id='word_1_705' title='bbox 1759 4920 1887 4976; x_wconf 85' lang='lat' dir='ltr'><strong>erga</strong></span> <span class='ocrx_word' id='word_1_706' title='bbox 1917 4907 2086 4963; x_wconf 91' lang='lat' dir='ltr'><strong>Deum</strong></span> 
     </span>
    </p>
   </div>
   <div class='ocr_carea' id='block_1_93' title="bbox 504 4993 2091 5062">
    <p class='ocr_par' dir='ltr' id='par_1_93' title="bbox 504 4993 2091 5062">
     <span class='ocr_line' id='line_1_93' title="bbox 504 4993 2091 5062; baseline 0.003 -15"><span class='ocrx_word' id='word_1_707' title='bbox 504 4994 855 5058; x_wconf 77' lang='lat' dir='ltr'><strong>resiluerunt,</strong></span> <span class='ocrx_word' id='word_1_708' title='bbox 907 5003 962 5046; x_wconf 88' lang='lat' dir='ltr'><strong>et</strong></span> <span class='ocrx_word' id='word_1_709' title='bbox 995 5008 1026 5045; x_wconf 88' lang='lat' dir='ltr'><strong>a</strong></span> <span class='ocrx_word' id='word_1_710' title='bbox 1077 5008 1173 5061; x_wconf 89' lang='lat' dir='ltr'><strong>spe</strong></span> <span class='ocrx_word' id='word_1_711' title='bbox 1201 4993 1390 5047; x_wconf 89' lang='lat' dir='ltr'><strong>salutis</strong></span> <span class='ocrx_word' id='word_1_712' title='bbox 1444 4994 1496 5047; x_wconf 90' lang='lat' dir='ltr'><strong>in</strong></span> <span class='ocrx_word' id='word_1_713' title='bbox 1530 4996 1644 5062; x_wconf 89' lang='lat' dir='ltr'><strong>ipso</strong></span> <span class='ocrx_word' id='word_1_714' title='bbox 1673 4996 2007 5062; x_wconf 85' lang='lat' dir='ltr'><strong>collocanda,</strong></span> <span class='ocrx_word' id='word_1_715' title='bbox 2032 5006 2091 5052; x_wconf 93' lang='lat' dir='ltr'><strong>ut</strong></span> 
     </span>
    </p>
   </div>
   <div class='ocr_carea' id='block_1_94' title="bbox 506 5085 2090 5159">
    <p class='ocr_par' dir='ltr' id='par_1_94' title="bbox 506 5085 2090 5159">
     <span class='ocr_line' id='line_1_94' title="bbox 506 5085 2090 5159; baseline 0.003 -20"><span class='ocrx_word' id='word_1_716' title='bbox 506 5086 606 5139; x_wconf 88' lang='lat' dir='ltr'><strong>sibi</strong></span> <span class='ocrx_word' id='word_1_717' title='bbox 634 5086 765 5156; x_wconf 86' lang='lat' dir='ltr'><strong>ipsis</strong></span> <span class='ocrx_word' id='word_1_718' title='bbox 796 5085 1156 5149; x_wconf 82' lang='lat' dir='ltr'><strong>conﬁderent,</strong></span> <span class='ocrx_word' id='word_1_719' title='bbox 1196 5094 1251 5140; x_wconf 88' lang='lat' dir='ltr'><strong>et</strong></span> <span class='ocrx_word' id='word_1_720' title='bbox 1278 5088 1344 5140; x_wconf 88' lang='lat' dir='ltr'><strong>de</strong></span> <span class='ocrx_word' id='word_1_721' title='bbox 1374 5086 1489 5141; x_wconf 89' lang='lat' dir='ltr'><strong>sola</strong></span> <span class='ocrx_word' id='word_1_722' title='bbox 1512 5088 1853 5142; x_wconf 87' lang='lat' dir='ltr'><strong>multitudine</strong></span> <span class='ocrx_word' id='word_1_723' title='bbox 1883 5099 1938 5143; x_wconf 92' lang='lat' dir='ltr'><strong>et</strong></span> <span class='ocrx_word' id='word_1_724' title='bbox 1971 5091 2090 5159; x_wconf 91' lang='lat' dir='ltr'><strong>glo-</strong></span> 
     </span>
    </p>
   </div>
   <div class='ocr_carea' id='block_1_95' title="bbox 506 5176 2087 5247">
    <p class='ocr_par' dir='ltr' id='par_1_95' title="bbox 506 5176 2087 5247">
     <span class='ocr_line' id='line_1_95' title="bbox 506 5176 2087 5247; baseline 0.004 -18"><span class='ocrx_word' id='word_1_725' title='bbox 506 5178 585 5229; x_wconf 85' lang='lat' dir='ltr'><strong>ria</strong></span> <span class='ocrx_word' id='word_1_726' title='bbox 627 5178 793 5231; x_wconf 89' lang='lat' dir='ltr'><strong>altutn</strong></span> <span class='ocrx_word' id='word_1_727' title='bbox 849 5176 1199 5246; x_wconf 86' lang='lat' dir='ltr'><strong>supercilium</strong></span> <span class='ocrx_word' id='word_1_728' title='bbox 1242 5178 1533 5247; x_wconf 80' lang='lat' dir='ltr'><strong>erigerent.</strong></span> <span class='ocrx_word' id='word_1_729' title='bbox 1594 5178 1655 5232; x_wconf 89' lang='lat' dir='ltr'><strong>Hi</strong></span> <span class='ocrx_word' id='word_1_730' title='bbox 1684 5189 1841 5233; x_wconf 88' lang='lat' dir='ltr'><strong>erant</strong></span> <span class='ocrx_word' id='word_1_731' title='bbox 1901 5196 2087 5236; x_wconf 91' lang='lat' dir='ltr'><strong>eorum</strong></span> 
     </span>
    </p>
   </div>
   <div class='ocr_carea' id='block_1_96' title="bbox 507 5268 2090 5337">
    <p class='ocr_par' dir='ltr' id='par_1_96' title="bbox 507 5268 2090 5337">
     <span class='ocr_line' id='line_1_96' title="bbox 507 5268 2090 5337; baseline 0.004 -16"><span class='ocrx_word' id='word_1_732' title='bbox 507 5283 708 5321; x_wconf 83' lang='lat' dir='ltr'><strong>mores.</strong></span> <span class='ocrx_word' id='word_1_733' title='bbox 766 5268 940 5336; x_wconf 83' lang='lat' dir='ltr'><strong>Atque</strong></span> <span class='ocrx_word' id='word_1_734' title='bbox 972 5269 1077 5322; x_wconf 87' lang='lat' dir='ltr'><strong>hoc</strong></span> <span class='ocrx_word' id='word_1_735' title='bbox 1117 5268 1271 5322; x_wconf 90' lang='lat' dir='ltr'><strong>nobis</strong></span> <span class='ocrx_word' id='word_1_736' title='bbox 1297 5270 1561 5337; x_wconf 88' lang='lat' dir='ltr'><strong>propheta</strong></span> <span class='ocrx_word' id='word_1_737' title='bbox 1591 5269 1878 5324; x_wconf 80' lang='lat' dir='ltr'><strong>manifesto</strong></span> <span class='ocrx_word' id='word_1_738' title='bbox 1910 5272 2090 5327; x_wconf 89' lang='lat' dir='ltr'><strong>decla-</strong></span> 
     </span>
    </p>
   </div>
   <div class='ocr_carea' id='block_1_97' title="bbox 509 5357 2091 5433">
    <p class='ocr_par' dir='ltr' id='par_1_97' title="bbox 509 5357 2091 5433">
     <span class='ocr_line' id='line_1_97' title="bbox 509 5357 2091 5433; baseline 0.006 -22"><span class='ocrx_word' id='word_1_739' title='bbox 509 5369 610 5412; x_wconf 88' lang='lat' dir='ltr'><strong>rat.</strong></span> <span class='ocrx_word' id='word_1_740' title='bbox 641 5357 782 5411; x_wconf 80' lang='lat' dir='ltr'><strong>Dixit</strong></span> <span class='ocrx_word' id='word_1_741' title='bbox 814 5359 958 5413; x_wconf 91' lang='lat' dir='ltr'><strong>enim</strong></span> <span class='ocrx_word' id='word_1_742' title='bbox 982 5360 1048 5413; x_wconf 92' lang='lat' dir='ltr'><strong>de</strong></span> <span class='ocrx_word' id='word_1_743' title='bbox 1081 5358 1190 5415; x_wconf 78' lang='lat' dir='ltr'><strong>illis</strong></span> <span class='ocrx_word' id='word_1_744' title='bbox 1222 5358 1459 5414; x_wconf 70' lang='lat' dir='ltr'><strong>:Gloriae</strong></span> <span class='ocrx_word' id='word_1_745' title='bbox 1490 5375 1681 5415; x_wconf 89' lang='lat' dir='ltr'><strong>eorum</strong></span> <span class='ocrx_word' id='word_1_746' title='bbox 1707 5376 1772 5415; x_wconf 82' lang='lat' dir='ltr'><strong>ex</strong></span> <span class='ocrx_word' id='word_1_747' title='bbox 1808 5365 2091 5433; x_wconf 89' lang='lat' dir='ltr'><strong>partubus,</strong></span> 
     </span>
    </p>
   </div>
   <div class='ocr_carea' id='block_1_98' title="bbox 504 5452 2088 5523">
    <p class='ocr_par' dir='ltr' id='par_1_98' title="bbox 504 5452 2088 5523">
     <span class='ocr_line' id='line_1_98' title="bbox 504 5452 2088 5523; baseline 0.006 -20"><span class='ocrx_word' id='word_1_748' title='bbox 504 5466 569 5503; x_wconf 81' lang='lat' dir='ltr'><strong>ex</strong></span> <span class='ocrx_word' id='word_1_749' title='bbox 611 5452 933 5520; x_wconf 88' lang='lat' dir='ltr'><strong>puerperiis,</strong></span> <span class='ocrx_word' id='word_1_750' title='bbox 974 5467 1038 5506; x_wconf 82' lang='lat' dir='ltr'><strong>ex</strong></span> <span class='ocrx_word' id='word_1_751' title='bbox 1083 5453 1547 5523; x_wconf 84' lang='lat' dir='ltr'><strong>conceptionibus.</strong></span> <span class='ocrx_word' id='word_1_752' title='bbox 1601 5453 1808 5520; x_wconf 88' lang='lat' dir='ltr'><strong>Quibus</strong></span> <span class='ocrx_word' id='word_1_753' title='bbox 1868 5458 2088 5513; x_wconf 88' lang='lat' dir='ltr'><strong>subdit:</strong></span> 
     </span>
    </p>
   </div>
   <div class='ocr_carea' id='block_1_99' title="bbox 510 5542 2091 5612">
    <p class='ocr_par' dir='ltr' id='par_1_99' title="bbox 510 5542 2091 5612">
     <span class='ocr_line' id='line_1_99' title="bbox 510 5542 2091 5612; baseline 0.005 -16"><span class='ocrx_word' id='word_1_754' title='bbox 510 5544 584 5596; x_wconf 78' lang='lat' dir='ltr'><strong>[ta</strong></span> <span class='ocrx_word' id='word_1_755' title='bbox 616 5542 742 5603; x_wconf 91' lang='lat' dir='ltr'><strong>illis,</strong></span> <span class='ocrx_word' id='word_1_756' title='bbox 777 5543 1021 5597; x_wconf 90' lang='lat' dir='ltr'><strong>Domine.</strong></span> <span class='ocrx_word' id='word_1_757' title='bbox 1070 5544 1214 5612; x_wconf 84' lang='lat' dir='ltr'><strong>Quid</strong></span> <span class='ocrx_word' id='word_1_758' title='bbox 1266 5545 1420 5600; x_wconf 89' lang='lat' dir='ltr'><strong>dabis</strong></span> <span class='ocrx_word' id='word_1_759' title='bbox 1452 5545 1604 5601; x_wconf 84' lang='lat' dir='ltr'><strong>illis?</strong></span> <span class='ocrx_word' id='word_1_760' title='bbox 1652 5546 1728 5600; x_wconf 87' lang='lat' dir='ltr'><strong>Da</strong></span> <span class='ocrx_word' id='word_1_761' title='bbox 1764 5546 1868 5602; x_wconf 92' lang='lat' dir='ltr'><strong>illis</strong></span> <span class='ocrx_word' id='word_1_762' title='bbox 1898 5549 2091 5604; x_wconf 89' lang='lat' dir='ltr'><strong>matri-</strong></span> 
     </span>
    </p>
   </div>
   <div class='ocr_carea' id='block_1_100' title="bbox 500 5633 2091 5711">
    <p class='ocr_par' dir='ltr' id='par_1_100' title="bbox 500 5633 2091 5711">
     <span class='ocr_line' id='line_1_100' title="bbox 500 5633 2091 5711; baseline 0.005 -22"><span class='ocrx_word' id='word_1_763' title='bbox 500 5650 622 5689; x_wconf 83' lang='lat' dir='ltr'><strong>cem</strong></span> <span class='ocrx_word' id='word_1_764' title='bbox 650 5633 888 5701; x_wconf 76' lang='lat' dir='ltr'><strong>eﬁetam,</strong></span> <span class='ocrx_word' id='word_1_765' title='bbox 935 5645 989 5691; x_wconf 91' lang='lat' dir='ltr'><strong>et</strong></span> <span class='ocrx_word' id='word_1_766' title='bbox 1030 5652 1301 5695; x_wconf 77' lang='lat' dir='ltr'><strong>mammas</strong></span> <span class='ocrx_word' id='word_1_767' title='bbox 1330 5638 1528 5694; x_wconf 88' lang='lat' dir='ltr'><strong>aridas.</strong></span> <span class='ocrx_word' id='word_1_768' title='bbox 1565 5637 1680 5693; x_wconf 87' lang='lat' dir='ltr'><strong>Erit</strong></span> <span class='ocrx_word' id='word_1_769' title='bbox 1705 5639 1885 5711; x_wconf 88' lang='lat' dir='ltr'><strong>itaque</strong></span> <span class='ocrx_word' id='word_1_770' title='bbox 1912 5640 2012 5696; x_wconf 89' lang='lat' dir='ltr'><strong>sub</strong></span> <span class='ocrx_word' id='word_1_771' title='bbox 2040 5640 2091 5697; x_wconf 92' lang='lat' dir='ltr'><strong>id</strong></span> 
     </span>
    </p>
   </div>
   <div class='ocr_carea' id='block_1_101' title="bbox 576 5788 1707 5863">
    <p class='ocr_par' dir='ltr' id='par_1_101' title="bbox 576 5788 1707 5863">
     <span class='ocr_line' id='line_1_101' title="bbox 576 5788 1707 5863; baseline 0.004 -19"><span class='ocrx_word' id='word_1_772' title='bbox 576 5790 622 5823; x_wconf 70' lang='grc' dir='ltr'><strong><em>ὐ</em></strong></span> <span class='ocrx_word' id='word_1_773' title='bbox 656 5788 778 5847; x_wconf 85' lang='lat' dir='ltr'><strong>Luc.</strong></span> <span class='ocrx_word' id='word_1_774' title='bbox 814 5806 978 5863; x_wconf 78' lang='lat' dir='ltr'><strong>supra</strong></span> <span class='ocrx_word' id='word_1_775' title='bbox 1004 5794 1099 5852; x_wconf 91' lang='lat' dir='ltr'><strong>cit.</strong></span> <span class='ocrx_word' id='word_1_776' title='bbox 1179 5795 1229 5828; x_wconf 70' lang='grc' dir='ltr'><strong>³ι¹</strong></span> <span class='ocrx_word' id='word_1_777' title='bbox 1274 5792 1315 5849; x_wconf 84' lang='grc' dir='ltr'><strong>ιι</strong></span> <span class='ocrx_word' id='word_1_778' title='bbox 1357 5794 1478 5850; x_wconf 84' lang='lat' dir='ltr'><strong>Cur.</strong></span> <span class='ocrx_word' id='word_1_779' title='bbox 1515 5810 1588 5859; x_wconf 79' lang='lat' dir='ltr'><strong>xi,</strong></span> <span class='ocrx_word' id='word_1_780' title='bbox 1621 5794 1707 5849; x_wconf 66' lang='lat'><strong>3&#39;2.</strong></span> 
     </span>
    </p>
   </div>
   <div class='ocr_carea' id='block_1_102' title="bbox 2192 4523 3771 4594">
    <p class='ocr_par' dir='ltr' id='par_1_102' title="bbox 2192 4523 3771 4594">
     <span class='ocr_line' id='line_1_102' title="bbox 2192 4523 3771 4594; baseline 0 -16"><span class='ocrx_word' id='word_1_781' title='bbox 2192 4525 2394 4593; x_wconf 81' lang='grc' dir='ltr'>ἐκείνῃ</span> <span class='ocrx_word' id='word_1_782' title='bbox 2424 4525 2697 4594; x_wconf 50' lang='grc' dir='ltr'>ἔκλειψις</span> <span class='ocrx_word' id='word_1_783' title='bbox 2732 4523 2843 4594; x_wconf 81' lang='grc' dir='ltr'>τῆς</span> <span class='ocrx_word' id='word_1_784' title='bbox 2868 4523 3052 4592; x_wconf 79' lang='grc' dir='ltr'>δόξης</span> <span class='ocrx_word' id='word_1_785' title='bbox 3092 4524 3318 4592; x_wconf 77' lang='grc' dir='ltr'>Ἰακὼϐ,</span> <span class='ocrx_word' id='word_1_786' title='bbox 3361 4526 3459 4579; x_wconf 80' lang='grc' dir='ltr'>καὶ</span> <span class='ocrx_word' id='word_1_787' title='bbox 3490 4524 3562 4580; x_wconf 90' lang='grc' dir='ltr'>τὰ</span> <span class='ocrx_word' id='word_1_788' title='bbox 3591 4526 3771 4580; x_wconf 78' lang='grc' dir='ltr'>πίονα</span> 
     </span>
    </p>
   </div>
   <div class='ocr_carea' id='block_1_103' title="bbox 2194 4615 3184 4685">
    <p class='ocr_par' dir='ltr' id='par_1_103' title="bbox 2194 4615 3184 4685">
     <span class='ocr_line' id='line_1_103' title="bbox 2194 4615 3184 4685; baseline 0.004 -16"><span class='ocrx_word' id='word_1_789' title='bbox 2194 4615 2306 4685; x_wconf 82' lang='grc' dir='ltr'>τῆς</span> <span class='ocrx_word' id='word_1_790' title='bbox 2339 4616 2523 4684; x_wconf 78' lang='grc' dir='ltr'>δόξης</span> <span class='ocrx_word' id='word_1_791' title='bbox 2557 4615 2743 4670; x_wconf 82' lang='grc' dir='ltr'>αὑτοῦ</span> <span class='ocrx_word' id='word_1_792' title='bbox 2776 4615 3184 4685; x_wconf 78' lang='grc' dir='ltr'>σεισθήσεται.</span> 
     </span>
    </p>
   </div>
   <div class='ocr_carea' id='block_1_104' title="bbox 2280 4728 3772 4801">
    <p class='ocr_par' dir='ltr' id='par_1_104' title="bbox 2280 4728 3772 4801">
     <span class='ocr_line' id='line_1_104' title="bbox 2280 4728 3772 4801; baseline 0.002 -19"><span class='ocrx_word' id='word_1_793' title='bbox 2280 4728 2474 4782; x_wconf 81' lang='grc' dir='ltr'>Ἰακὼϐ</span> <span class='ocrx_word' id='word_1_794' title='bbox 2507 4731 2565 4782; x_wconf 81' lang='grc' dir='ltr'>ὲν</span> <span class='ocrx_word' id='word_1_795' title='bbox 2617 4728 2835 4794; x_wconf 87' lang='grc' dir='ltr'>τούτοις</span> <span class='ocrx_word' id='word_1_796' title='bbox 2878 4730 3132 4801; x_wconf 81' lang='grc' dir='ltr'>ὀνομάζει</span> <span class='ocrx_word' id='word_1_797' title='bbox 3159 4731 3285 4795; x_wconf 83' lang='grc' dir='ltr'>τοὺς</span> <span class='ocrx_word' id='word_1_798' title='bbox 3315 4731 3374 4797; x_wconf 79' lang='grc' dir='ltr'><strong>ἐξ</strong></span> <span class='ocrx_word' id='word_1_799' title='bbox 3408 4731 3600 4785; x_wconf 82' lang='grc' dir='ltr'>Ἰακὼὸ</span> <span class='ocrx_word' id='word_1_800' title='bbox 3622 4748 3772 4800; x_wconf 74' lang='grc' dir='ltr'>γεγο-</span> 
     </span>
    </p>
   </div>
   <div class='ocr_carea' id='block_1_105' title="bbox 2195 4820 3770 4897">
    <p class='ocr_par' dir='ltr' id='par_1_105' title="bbox 2195 4820 3770 4897">
     <span class='ocr_line' id='line_1_105' title="bbox 2195 4820 3770 4897; baseline 0.001 -23"><span class='ocrx_word' id='word_1_801' title='bbox 2195 4821 2374 4884; x_wconf 84' lang='grc' dir='ltr'>νότας,</span> <span class='ocrx_word' id='word_1_802' title='bbox 2412 4823 2530 4892; x_wconf 73' lang='grc' dir='ltr'>ἦτοι</span> <span class='ocrx_word' id='word_1_803' title='bbox 2557 4820 2656 4886; x_wconf 82' lang='grc' dir='ltr'>τὰς</span> <span class='ocrx_word' id='word_1_804' title='bbox 2686 4823 2746 4875; x_wconf 83' lang='grc' dir='ltr'><strong>ἐν</strong></span> <span class='ocrx_word' id='word_1_805' title='bbox 2774 4825 2841 4894; x_wconf 82' lang='grc' dir='ltr'>τῇ</span> <span class='ocrx_word' id='word_1_806' title='bbox 2875 4823 3156 4897; x_wconf 79' lang='grc' dir='ltr'>Σαμαρείᾳ</span> <span class='ocrx_word' id='word_1_807' title='bbox 3194 4824 3326 4877; x_wconf 83' lang='grc' dir='ltr'>δέκα</span> <span class='ocrx_word' id='word_1_808' title='bbox 3360 4824 3551 4893; x_wconf 79' lang='grc' dir='ltr'>φυλὰς,</span> <span class='ocrx_word' id='word_1_809' title='bbox 3587 4824 3679 4877; x_wconf 70' lang='grc' dir='ltr'>καὶ</span> <span class='ocrx_word' id='word_1_810' title='bbox 3708 4823 3770 4876; x_wconf 80' lang='grc' dir='ltr'><strong>τὸ</strong></span> 
     </span>
    </p>
   </div>
   <div class='ocr_carea' id='block_1_106' title="bbox 2194 4913 3771 4986">
    <p class='ocr_par' dir='ltr' id='par_1_106' title="bbox 2194 4913 3771 4986">
     <span class='ocr_line' id='line_1_106' title="bbox 2194 4913 3771 4986; baseline 0.001 -20"><span class='ocrx_word' id='word_1_811' title='bbox 2194 4913 2365 4984; x_wconf 81' lang='grc' dir='ltr'>ἥμισυ</span> <span class='ocrx_word' id='word_1_812' title='bbox 2402 4913 2578 4982; x_wconf 81' lang='grc' dir='ltr'>φυλῆς</span> <span class='ocrx_word' id='word_1_813' title='bbox 2610 4913 2872 4985; x_wconf 79' lang='grc' dir='ltr'>Ἐφραῖμ,</span> <span class='ocrx_word' id='word_1_814' title='bbox 2914 4915 2971 4968; x_wconf 80' lang='grc' dir='ltr'>αἳ</span> <span class='ocrx_word' id='word_1_815' title='bbox 3009 4914 3261 4969; x_wconf 83' lang='grc' dir='ltr'>τοσοῦτον</span> <span class='ocrx_word' id='word_1_816' title='bbox 3288 4914 3645 4986; x_wconf 77' lang='grc' dir='ltr'>ἀπεπήδησαν</span> <span class='ocrx_word' id='word_1_817' title='bbox 3672 4914 3771 4985; x_wconf 81' lang='grc' dir='ltr'><strong>τῆς</strong></span> 
     </span>
    </p>
   </div>
   <div class='ocr_carea' id='block_1_107' title="bbox 2198 5005 3770 5079">
    <p class='ocr_par' dir='ltr' id='par_1_107' title="bbox 2198 5005 3770 5079">
     <span class='ocr_line' id='line_1_107' title="bbox 2198 5005 3770 5079; baseline 0 -21"><span class='ocrx_word' id='word_1_818' title='bbox 2198 5008 2276 5069; x_wconf 81' lang='grc' dir='ltr'>εις</span> <span class='ocrx_word' id='word_1_819' title='bbox 2306 5006 2438 5058; x_wconf 86' lang='grc' dir='ltr'>Θεὸν</span> <span class='ocrx_word' id='word_1_820' title='bbox 2467 5006 2708 5077; x_wconf 80' lang='grc' dir='ltr'>ἀγάπης,</span> <span class='ocrx_word' id='word_1_821' title='bbox 2738 5008 2833 5060; x_wconf 78' lang='grc' dir='ltr'>καὶ</span> <span class='ocrx_word' id='word_1_822' title='bbox 2864 5007 2960 5060; x_wconf 89' lang='grc' dir='ltr'><strong>τοῦ</strong></span> <span class='ocrx_word' id='word_1_823' title='bbox 2996 5008 3093 5079; x_wconf 83' lang='grc' dir='ltr'>τὴν</span> <span class='ocrx_word' id='word_1_824' title='bbox 3138 5007 3331 5063; x_wconf 80' lang='grc' dir='ltr'>ἐλπίδα</span> <span class='ocrx_word' id='word_1_825' title='bbox 3371 5006 3467 5060; x_wconf 87' lang='grc' dir='ltr'><strong>τοῦ</strong></span> <span class='ocrx_word' id='word_1_826' title='bbox 3505 5005 3770 5070; x_wconf 80' lang='grc' dir='ltr'>σώζεσθαι</span> 
     </span>
    </p>
   </div>
   <div class='ocr_carea' id='block_1_108' title="bbox 2197 5096 3771 5167">
    <p class='ocr_par' dir='ltr' id='par_1_108' title="bbox 2197 5096 3771 5167">
     <span class='ocr_line' id='line_1_108' title="bbox 2197 5096 3771 5167; baseline -0.001 -19"><span class='ocrx_word' id='word_1_827' title='bbox 2197 5096 2468 5149; x_wconf 85' lang='grc' dir='ltr'>ποιεῖσθαι</span> <span class='ocrx_word' id='word_1_828' title='bbox 2516 5096 2717 5166; x_wconf 85' lang='grc' dir='ltr'>μᾶλλον</span> <span class='ocrx_word' id='word_1_829' title='bbox 2760 5096 2847 5149; x_wconf 75' lang='grc' dir='ltr'><strong>ἐπ’</strong></span> <span class='ocrx_word' id='word_1_830' title='bbox 2890 5097 3039 5167; x_wconf 79' lang='grc' dir='ltr'>αὐτῷ</span> <span class='ocrx_word' id='word_1_831' title='bbox 3063 5139 3080 5164; x_wconf 87' lang='grc'><strong>,</strong></span> <span class='ocrx_word' id='word_1_832' title='bbox 3111 5098 3252 5152; x_wconf 81' lang='grc' dir='ltr'>ὥστε</span> <span class='ocrx_word' id='word_1_833' title='bbox 3303 5098 3398 5152; x_wconf 69' lang='grc' dir='ltr'>καὶ</span> <span class='ocrx_word' id='word_1_834' title='bbox 3430 5099 3516 5167; x_wconf 81' lang='grc' dir='ltr'>ἐφ’</span> <span class='ocrx_word' id='word_1_835' title='bbox 3560 5099 3771 5159; x_wconf 68' lang='grc' dir='ltr'>ἑαυτοῖς</span> 
     </span>
    </p>
   </div>
   <div class='ocr_carea' id='block_1_109' title="bbox 2196 5185 3771 5261">
    <p class='ocr_par' dir='ltr' id='par_1_109' title="bbox 2196 5185 3771 5261">
     <span class='ocr_line' id='line_1_109' title="bbox 2196 5185 3771 5261; baseline 0.003 -23"><span class='ocrx_word' id='word_1_836' title='bbox 2196 5185 2533 5253; x_wconf 80' lang='grc' dir='ltr'>πεποιθέναι,</span> <span class='ocrx_word' id='word_1_837' title='bbox 2564 5187 2660 5241; x_wconf 81' lang='grc' dir='ltr'>καὶ</span> <span class='ocrx_word' id='word_1_838' title='bbox 2688 5187 2898 5261; x_wconf 81' lang='grc' dir='ltr'>ὑψηλὴν</span> <span class='ocrx_word' id='word_1_839' title='bbox 2927 5190 3228 5244; x_wconf 83' lang='grc' dir='ltr'>ἀνατείνειν</span> <span class='ocrx_word' id='word_1_840' title='bbox 3258 5191 3429 5261; x_wconf 82' lang='grc' dir='ltr'>ὀφρὺν</span> <span class='ocrx_word' id='word_1_841' title='bbox 3459 5191 3552 5243; x_wconf 76' lang='grc' dir='ltr'><strong>ἐπὶ</strong></span> <span class='ocrx_word' id='word_1_842' title='bbox 3579 5189 3771 5261; x_wconf 79' lang='grc' dir='ltr'>πλήθει</span> 
     </span>
    </p>
   </div>
   <div class='ocr_carea' id='block_1_110' title="bbox 2199 5276 3773 5353">
    <p class='ocr_par' dir='ltr' id='par_1_110' title="bbox 2199 5276 3773 5353">
     <span class='ocr_line' id='line_1_110' title="bbox 2199 5276 3773 5353; baseline 0.003 -22"><span class='ocrx_word' id='word_1_843' title='bbox 2199 5278 2346 5349; x_wconf 88' lang='grc' dir='ltr'>μόνῳ</span> <span class='ocrx_word' id='word_1_844' title='bbox 2386 5279 2482 5333; x_wconf 82' lang='grc' dir='ltr'><strong>καὶ</strong></span> <span class='ocrx_word' id='word_1_845' title='bbox 2509 5277 2657 5352; x_wconf 79' lang='grc' dir='ltr'>δόξῃ.</span> <span class='ocrx_word' id='word_1_846' title='bbox 2677 5276 2785 5336; x_wconf 86' lang='grc' dir='ltr'>Ἦν</span> <span class='ocrx_word' id='word_1_847' title='bbox 2813 5282 3013 5353; x_wconf 89' lang='grc' dir='ltr'>τρόπος</span> <span class='ocrx_word' id='word_1_848' title='bbox 3043 5277 3199 5346; x_wconf 75' lang='grc' dir='ltr'>οὗτος</span> <span class='ocrx_word' id='word_1_849' title='bbox 3239 5284 3441 5344; x_wconf 73' lang='grc' dir='ltr'>αὐτοῖς.</span> <span class='ocrx_word' id='word_1_850' title='bbox 3470 5283 3577 5336; x_wconf 73' lang='grc' dir='ltr'>Καὶ</span> <span class='ocrx_word' id='word_1_851' title='bbox 3613 5283 3773 5336; x_wconf 90' lang='grc' dir='ltr'>τοῦτο</span> 
     </span>
    </p>
   </div>
   <div class='ocr_carea' id='block_1_111' title="bbox 2191 5370 3771 5446">
    <p class='ocr_par' dir='ltr' id='par_1_111' title="bbox 2191 5370 3771 5446">
     <span class='ocr_line' id='line_1_111' title="bbox 2191 5370 3771 5446; baseline 0.001 -22"><span class='ocrx_word' id='word_1_852' title='bbox 2191 5370 2325 5439; x_wconf 81' lang='grc' dir='ltr'>ἡμῖν</span> <span class='ocrx_word' id='word_1_853' title='bbox 2358 5371 2731 5441; x_wconf 76' lang='grc' dir='ltr'>ἐναργέστατα</span> <span class='ocrx_word' id='word_1_854' title='bbox 2766 5373 2928 5428; x_wconf 87' lang='grc' dir='ltr'>πάλιν</span> <span class='ocrx_word' id='word_1_855' title='bbox 2957 5376 3242 5446; x_wconf 82' lang='grc' dir='ltr'>προφήτης</span> <span class='ocrx_word' id='word_1_856' title='bbox 3279 5376 3466 5446; x_wconf 80' lang='grc' dir='ltr'>φησίν.</span> <span class='ocrx_word' id='word_1_857' title='bbox 3487 5375 3627 5445; x_wconf 84' lang='grc' dir='ltr'><strong>Ἔφη</strong></span> <span class='ocrx_word' id='word_1_858' title='bbox 3662 5373 3771 5443; x_wconf 85' lang='grc' dir='ltr'><strong>γὰρ</strong></span> 
     </span>
    </p>
   </div>
   <div class='ocr_carea' id='block_1_112' title="bbox 2191 5460 3771 5528">
    <p class='ocr_par' dir='ltr' id='par_1_112' title="bbox 2191 5460 3771 5528">
     <span class='ocr_line' id='line_1_112' title="bbox 2191 5460 3771 5528; baseline 0.003 -18"><span class='ocrx_word' id='word_1_859' title='bbox 2191 5460 2318 5527; x_wconf 76' lang='grc' dir='ltr'>περὶ</span> <span class='ocrx_word' id='word_1_860' title='bbox 2341 5461 2541 5514; x_wconf 85' lang='grc' dir='ltr'>αὐτῶν·</span> <span class='ocrx_word' id='word_1_861' title='bbox 2566 5463 2633 5515; x_wconf 79' lang='lat' dir='ltr'><strong>Al</strong></span> <span class='ocrx_word' id='word_1_862' title='bbox 2660 5462 2810 5528; x_wconf 81' lang='grc' dir='ltr'>δόξαι</span> <span class='ocrx_word' id='word_1_863' title='bbox 2835 5463 3013 5517; x_wconf 86' lang='grc' dir='ltr'>αὐτῶν</span> <span class='ocrx_word' id='word_1_864' title='bbox 3038 5465 3102 5517; x_wconf 79' lang='grc' dir='ltr'><strong>ὲκ</strong></span> <span class='ocrx_word' id='word_1_865' title='bbox 3123 5464 3294 5518; x_wconf 86' lang='grc' dir='ltr'>τόκων</span> <span class='ocrx_word' id='word_1_866' title='bbox 3326 5465 3420 5517; x_wconf 81' lang='grc' dir='ltr'>καὶ</span> <span class='ocrx_word' id='word_1_867' title='bbox 3447 5464 3651 5517; x_wconf 55' lang='grc' dir='ltr'>(Μίνων</span> <span class='ocrx_word' id='word_1_868' title='bbox 3678 5463 3771 5515; x_wconf 81' lang='grc' dir='ltr'><strong>καὶ</strong></span> 
     </span>
    </p>
   </div>
   <div class='ocr_carea' id='block_1_113' title="bbox 2193 5549 3767 5627">
    <p class='ocr_par' dir='ltr' id='par_1_113' title="bbox 2193 5549 3767 5627">
     <span class='ocr_line' id='line_1_113' title="bbox 2193 5549 3767 5627; baseline 0.004 -25"><span class='ocrx_word' id='word_1_869' title='bbox 2193 5549 2527 5622; x_wconf 77' lang='grc' dir='ltr'>συλλήψεων.</span> <span class='ocrx_word' id='word_1_870' title='bbox 2550 5551 2687 5608; x_wconf 81' lang='grc' dir='ltr'>Εἶτα</span> <span class='ocrx_word' id='word_1_871' title='bbox 2716 5555 2928 5619; x_wconf 90' lang='grc' dir='ltr'>τούτοις</span> <span class='ocrx_word' id='word_1_872' title='bbox 2969 5555 3219 5627; x_wconf 78' lang='grc' dir='ltr'>ἐπιφέρει</span> <span class='ocrx_word' id='word_1_873' title='bbox 3238 5571 3252 5586; x_wconf 85' lang='grc'><em>’</em></span> <span class='ocrx_word' id='word_1_874' title='bbox 3285 5556 3383 5619; x_wconf 83' lang='grc' dir='ltr'><strong>Δὸς</strong></span> <span class='ocrx_word' id='word_1_875' title='bbox 3410 5557 3614 5621; x_wconf 76' lang='grc' dir='ltr'>αὐτοῖς,</span> <span class='ocrx_word' id='word_1_876' title='bbox 3650 5554 3767 5609; x_wconf 83' lang='grc' dir='ltr'><strong>Κύ-</strong></span> 
     </span>
    </p>
   </div>
   <div class='ocr_carea' id='block_1_114' title="bbox 2193 5645 3771 5720">
    <p class='ocr_par' dir='ltr' id='par_1_114' title="bbox 2193 5645 3771 5720">
     <span class='ocr_line' id='line_1_114' title="bbox 2193 5645 3771 5720; baseline 0.004 -25"><span class='ocrx_word' id='word_1_877' title='bbox 2193 5659 2297 5713; x_wconf 81' lang='grc' dir='ltr'>ριε.</span> <span class='ocrx_word' id='word_1_878' title='bbox 2344 5645 2406 5697; x_wconf 83' lang='grc' dir='ltr'><strong>ΤΞ</strong></span> <span class='ocrx_word' id='word_1_879' title='bbox 2430 5645 2625 5719; x_wconf 83' lang='grc' dir='ltr'>δώσεις</span> <span class='ocrx_word' id='word_1_880' title='bbox 2664 5647 2879 5716; x_wconf 81' lang='grc' dir='ltr'>αὑτοῖς;</span> <span class='ocrx_word' id='word_1_881' title='bbox 2915 5648 3013 5712; x_wconf 86' lang='grc' dir='ltr'><strong>Δὸς</strong></span> <span class='ocrx_word' id='word_1_882' title='bbox 3045 5649 3228 5712; x_wconf 78' lang='grc' dir='ltr'>αὐτοῖς</span> <span class='ocrx_word' id='word_1_883' title='bbox 3264 5650 3476 5720; x_wconf 81' lang='grc' dir='ltr'>μήτραν</span> <span class='ocrx_word' id='word_1_884' title='bbox 3513 5646 3771 5703; x_wconf 80' lang='grc' dir='ltr'>ἀτεκνοῦ-</span> 
     </span>
    </p>
   </div>
  </div>
