4148 6378
366 379 477 438 ιὲὄ

1493 384 1558 439 ΙΝ
1603 386 1832 443 ιεΑιΑιι
1871 388 2002 446 LIB.
2042 388 2108 445 ll.
2147 386 2391 449 TOMUS
2424 389 2514 448 Ill.

3529 401 3634 455 4‘26

370 512 494 557 σαν,
525 495 622 548 καὶ
648 496 892 563 μαστοὺς
929 493 1147 567 ξηρούς.
1183 496 1378 552 Ἔσται
1415 503 1617 567 τοίνυν,
1644 503 1800 573 φησι,
1833 503 1955 558 κατ’

2063 508 2323 578 temporis
2372 509 2775 564 decrementum
2811 508 2995 580 gloria:
3049 509 3238 576 Jacob,
3280 513 3331 569 id
3384 524 3487 583 est,
3534 521 3635 572 ho-

366 588 545 642 ἑκεῖνο
570 585 789 657 καιροῦ,
816 585 1058 656 ἔκλειψις
1082 588 1183 659 τῆς
1215 589 1374 661 δόξης
1401 592 1617 658 Ἰακὼϐ,
1645 595 1787 649 τοῦτ’
1813 594 1950 659 ἔστι,

364 678 812 749 δαπανηθήσεται
831 681 953 743 ταῖς
976 679 1084 733 τῶν
1111 680 1386 751 πολεμίων
1410 685 1761 757 μαχαίραιςή
1785 686 1953 759 πολλή

366 787 431 823 τε
459 771 554 824 καὶ¹
583 770 959 842 ἀναρίθμητος
986 770 1196 841 πληθὺς
1224 772 1332 826 τῶν
1355 774 1415 840 ἐξ
1443 773 1656 839 Ἰακὼϐ,
1685 777 1771 845 ἐφ’
1862 779 1957 831 καὶ

366 864 671 931 ἐδοξάζετο,
701 863 795 917 καὶ
830 866 1048 935 φρονεῖν
1071 865 1348 936 ἐπεχείρει
1373 867 1537 936 μέγα.
1568 868 1729 923 Ἀλλά
1766 870 1861 923 καὶ
1889 872 1958 924 τὰ

369 955 530 1008 πίονα
556 954 655 1024 τῆς
698 954 861 1024 δόξης
893 954 1061 1008 αὑτοῦ
1102 955 1478 1028 σεισθήσεταν
1516 959 1663 1013 τοῦτ’
1694 960 1832 1024 ἐστι,
1861 962 1958 1015 καὶ

367 1047 502 1119 παρ’
522 1047 706 1110 αὺτοίς
730 1046 976 1117 βασιλεία
1009 1048 1485 1120 κατενεχθήσεται.
1506 1051 1823 1122 Γέγραπται
1849 1054 1957 1125 γὰρ

369 1140 430 1192 ἐν
450 1141 517 1209 τῇ
542 1138 781 1211 τετάρτῃ
801 1139 910 1192 τῶν
938 1140 1257 1207 Βασιλειῶν,
1279 1141 1359 1194 ὅτι
1385 1141 1769 1207 Βασιλεύοντος
1800 1145 1958 1214 Ὠσηὲ

378 1230 501 1284 υίοῦ
533 1231 666 1284 Ἦλά
718 1232 778 1284 ἐν
820 1234 887 1303 τῇ
940 1232 1257 1304 Σαμαρειᾳ,
1304 1233 1477 1287 ἐλθὼν
1526 1238 1555 1289 ὁ
1595 1236 1958 1309 Σαλμανασάρ

370 1327 777 1399 πεπολιόρκηκε
811 1328 912 1398 τὴν
943 1329 1262 1400 Σαμάρειαν
1292 1332 1379 1400 ἐφ’
1414 1331 1555 1395 ὅλοις
1581 1332 1724 1387 ἔτεσι
1756 1337 1955 1406 τρισὶν,

368 1416 483 1473 είλὲ
529 1437 591 1473 τε
633 1421 808 1491 αὐτὴν
852 1421 1068 1475 καὶτὸν
1102 1422 1258 1493 Ὠσηέ
1296 1424 1617 1495 μετῴκησεν
1664 1430 1743 1490 είς
1786 1429 1959 1481 Βαϐυ-

370 1512 537 1567 λῶνα.
575 1513 742 1566 Πίονα
790 1513 972 1567 τοίνυν
1004 1517 1103 1585 τῆς
1135 1514 1295 1586 δόξης
1336 1516 1533 1571 Ἰακὼϐ
1570 1518 1811 1590 νοηθεῖεν
1839 1520 1906 1573 ἂν
1931 1522 1961 1574 ὀ

368 1605 433 1656 ἐν
464 1607 530 1674 τῇ
564 1604 847 1675 Σαμαρείᾳ
882 1605 1003 1658 κατ’
1031 1607 1210 1660 ἐκεῖνο
1239 1607 1434 1679 καιροῦ
1469 1607 1892 1678 βεϐασιλευκὼς,
1923 1611 1957 1681 ἢ

370 1699 515 1768 τάχα
558 1716 661 1753 που
693 1699 744 1750 οἱ
795 1697 942 1751 κατά
988 1699 1171 1751 πᾶσαν
1207 1698 1308 1769 τὴν
1351 1699 1535 1770 χώραν
1576 1700 1819 1772 λαμπροὶ
1865 1703 1960 1755 καὶ

372 1790 764 1861 ἐπισημότεροι
802 1789 910 1842 τῶν
937 1789 1136 1854 ἄλλων,
1169 1790 1386 1859 πλούτῳ
1432 1808 1491 1844 τε
1540 1792 1633 1845 καὶ
1673 1792 1961 1864 δυναστείᾳ

2062 601 2226 653 stium
2271 602 2589 657 absumetur
2616 602 2807 674 gladiis
2853 602 3108 673 frequens
3141 617 3196 661 et
3227 607 3637 666 innumerabilis

2059 689 2349 745 multitudo
2410 704 2663 761 nepotum
2708 692 2898 761 Jacob,
2938 696 3005 752 de
3040 713 3147 767 qua
3198 699 3553 768 gloriabatur,
3583 714 3638 758 et

2062 782 2227 835 altum
2266 784 2530 853 sapiebat.
2561 786 2667 841 Sed
2698 798 2753 842 et
2784 790 3109 860 pra-pinguia
3153 792 3339 863 gloriae
3371 797 3488 865 ejus
3509 811 3638 851 con-

2056 876 2483 944 quassabuutur,
2518 878 2569 933 id
2608 892 2714 942 est,
2747 896 2967 950 reguum
3023 897 3210 937 eorum
3240 897 3633 952 prosternetur.

2058 966 2328 1037 Scriptum
2363 982 2448 1025 est
2485 971 2629 1025 enim
2665 971 2801 1027 libro
2831 984 3026 1042 quarto
3080 974 3384 1047 Regnorum
3407 980 3483 1045 ³⁸,
3529 981 3636 1037 Re-

2057 1072 2253 1129 gnante
2302 1062 2439 1118 Osea
2492 1064 2603 1120 filio
2667 1066 2775 1120 Eia:
2832 1068 2882 1121 in
2925 1067 3194 1135 Samaria,
3252 1072 3633 1132 adventantem

2059 1154 2496 1211 Salmanasarum
2563 1159 2834 1215 civitatem
2891 1162 3170 1218 obsidione
3218 1164 3456 1223 cinxisse
3503 1183 3636 1224 con-

2061 1247 2238 1303 tinuos
2278 1257 2388 1304 tres
2421 1265 2612 1317 annos,
2661 1252 2976 1322 cepisseque
3002 1270 3144 1323 eam,
3173 1268 3225 1311 et
3248 1259 3438 1314 Oscam
3465 1260 3636 1332 Baby-

2061 1340 2237 1395 lonem
2297 1342 2654 1397 transtulisse.
2723 1344 2944 1414 Pinguia
3001 1347 3161 1416 igitur
3226 1351 3411 1420 gloriae
3470 1352 3637 1411 Jacob

2061 1431 2285 1501 intelligi
2316 1441 2563 1501 possunt,
2596 1434 2640 1488 is
2667 1436 2759 1503 qui
2810 1436 2863 1489 iu
2892 1435 3140 1493 Samaria
3174 1442 3394 1497 circiter
3419 1445 3469 1497 id
3494 1454 3634 1500 tem-

2059 1525 2210 1594 poris
2268 1527 2532 1596 regnavit,
2559 1536 2615 1580 et
2658 1526 2907 1584 fortassis
2934 1531 3178 1588 homines
3208 1550 3304 1603 per
3348 1546 3512 1592 lotam
3549 1554 3636 1593 re-

2060 1614 2272 1684 gionem
2331 1615 2619 1685 splendidi,
2684 1625 2741 1670 et
2810 1617 3035 1688 reliquis
3113 1622 3434 1693 insigniores
3497 1627 3638 1681 divi-

2061 1708 2152 1761 tiis
2216 1718 2270 1760 et
2327 1707 2588 1775 petentia,
2651 1708 2881 1764 aliorum
2942 1726 3251 1768 mensuram
3309 1718 3636 1775 excedenles

2062 1799 2288 1866 deliciis,
2356 1812 2411 1854 et
2472 1814 2586 1869 pra:
2647 1801 2859 1856 caeteris
2924 1803 3024 1857 sibi
3081 1805 3352 1874 placentes
3413 1809 3634 1865 honori-

371 1883 436 1934 τὸ
474 1881 584 1934 τῶν
611 1882 813 1953 ἐτέρων
853 1882 1304 1947 πλεονεκτοῦντες
1338 1883 1556 1956 μέτρον,
1600 1886 1694 1937 καὶ
1734 1884 1959 1955 ἀδρυνό-
1988 1873 2033 1932 Β
2063 1892 2184 1944 bus.

378 1994 527 2047 μενοι
555 1979 676 2039 ταῖς
702 1979 936 2048 τρυφαῖς
962 1977 1055 2029 καὶ
1089 1979 1209 2039 ταῖς
1236 1976 1389 2046 παρά
1414 1977 1632 2029 πάντων
1662 1980 1872 2047 τιμαῖς.

446 2070 554 2124 Kal
583 2069 752 2123 ἔσται
779 2069 852 2122 ὃν
875 2069 1101 2137 τρόπον
1133 2068 1243 2122 ἐάν
1268 2085 1358 2133 τις
1384 2068 1701 2137 συναγάγῃ
1728 2067 1960 2137 ἀμητόν

371 2160 692 2229 ἑστηκότα,
750 2160 849 2214 καὶ
902 2159 1146 2229 σπέρμα
1197 2160 1525 2228 ἀσταχύων
1574 2158 1801 2228 ἀρήσῃ·
1860 2158 1962 2212 καί

370 2254 547 2308 ἔσται
584 2252 657 2305 ὃν
682 2254 904 2320 τρόπον
947 2250 1057 2305 ἐὰν
1084 2269 1174 2319 τις
1211 2251 1526 2321 συναγάγῃ
1563 2250 1846 2321 ἄσταχυν
1890 2251 1961 2304 ὲν

374 2342 634 2413 φάραγγι
682 2342 919 2411 στερεᾷ.
968 2345 1076 2397 Kal
1118 2340 1488 2411 καταλειφθῇ
1536 2342 1606 2395 ἐν
1652 2340 1808 2410 αὐτῇ
1860 2358 1962 2395 κα-

373 2436 563 2505 λάμη,
592 2435 630 2503 ἢ
660 2435 741 2501 ὡς
764 2434 954 2504 ρῶγες
973 2435 1181 2501 ἐλαίας
1228 2433 1337 2487 δύο
1378 2434 1414 2501 ἢ
1449 2432 1626 2500 τρεῖς,
1657 2432 1750 2485 ἐπ’
1774 2434 1961 2500 ἄκρου

368 2528 692 2599 μετεώρου,
725 2526 763 2595 ἢ
808 2526 1107 2593 τέσσαρες
1140 2522 1177 2591 ἢ
1217 2524 1415 2587 πέντε,
1449 2524 1547 2575 ἐπὶ
1585 2522 1703 2578 τῶν
1724 2523 1963 2577 κλάδων

376 2619 570 2689 αὐτῆς
611 2616 1002 2686 καταλειφθῇ.

452 2712 573 2765 Ὅτι
595 2711 689 2764 καὶ
725 2708 957 2778 ἑτοίμως
992 2708 1086 2760 καὶ
1114 2706 1368 2777 ἀνιδρωτὶ
1391 2706 1735 2777 περιέσονται
1764 2704 1875 2757 τῶν
1904 2706 1963 2756 ἐν

377 2802 665 2875 Σαμαρείᾳ
721 2798 1087 2868 πολεμοῦντες
1130 2797 1425 2868 Ἀσσύριοι,
1471 2800 1562 2851 καὶ
1608 2797 1745 2869 πρὸς
1787 2796 1964 2866 τούτῳ

378 2896 564 2957 πάλιν,
581 2895 663 2948 ὅτι
687 2892 760 2964 μὴ
780 2892 918 2963 πρὸς
938 2892 1083 2945 ἅπαν
1112 2890 1205 2943 καὶ
1226 2888 1490 2952 ὀλοτελῶς
1516 2890 1798 2959 οἰχήσεται
1827 2889 1963 2957 πρὸς

377 2986 678 3049 ἀπώλειαν,
710 2984 825 3037 ἀλλ’
848 2983 1003 3036 ἔσται
1031 3000 1086 3036 τι
1118 2981 1213 3035 καὶ
1240 2979 1593 3052 κατάλειμμα
1624 2980 1820 3051 βραχὺ,
1848 2980 1964 3033 δια-

382 3079 698 3150 μεμήνυκεν
727 3076 974 3146 ἐναργῶς
1028 3077 1087 3127 ἐν
1115 3072 1326 3137 τούτοις
1374 3074 1509 3142 ἡμῖν
1552 3074 1582 3124 ὁ
1627 3070 1963 3142 προφητικὸς

377 3172 556 3239 λόγος.
588 3171 651 3223 Ol
697 3168 796 3238 μὲν
841 3168 950 3237 γὰρ
977 3166 1077 3237 τὴν
1124 3164 1219 3217 τοῦ
1282 3163 1519 3236 θερίζειν
1569 3164 1667 3226 τάς
1721 3163 1963 3234 ἀστάχυς

378 3261 673 3333 ἐμπειρίαν
700 3259 935 3329 ἔχοντες,
991 3257 1381 3327 ἀποκείροντες
1408 3255 1681 3325 εὐτέχνως
1723 3254 1820 3307 τὸν
1862 3254 1962 3326 μὲν

379 3358 527 3407 σῖτον
556 3350 925 3420 συλλέγουσιν-
967 3349 1056 3402 ἀεὶ⁹
1087 3348 1144 3401 δὲ
1171 3347 1402 3401 κατόπιν
1443 3345 1641 3407 ἐῶντες
1680 3344 1758 3409 ὼς
1785 3344 1964 3416 ἀχρη-

381 3461 505 3497 στον
535 3444 634 3514 τὴν
667 3441 919 3511 καλάμην
959 3439 1080 3493 ὅλον
1144 3438 1495 3508 ἐπιτρέχουσι
1545 3437 1657 3490 τῶν
1698 3435 1867 3507 ληῖων
1905 3436 1965 3488 τὸ

381 3535 606 3597 πλάτος.
625 3534 688 3586 Ol
712 3532 772 3585 δέ
790 3549 855 3601 γε
876 3532 1085 3602 τρυγᾷν
1101 3529 1350 3593 εἰωθότες
1369 3529 1460 3582 τὸν
1479 3528 1589 3581 τῶν
1611 3528 1807 3582 ἐλαιῶν
1828 3545 1964 3599 καρ-

385 3626 508 3689 πὸν,
543 3624 703 3677 τοῦτο
738 3625 838 3693 μὲν
889 3622 1071 3694 ῥάϐδῳ
1121 3622 1517 3677 καταπαίουσιν
1562 3620 1752 3686 αὑτάς,
1807 3619 1965 3673 τοῦτο

377 3717 437 3770 δέ
468 3718 561 3770 καὶ
591 3716 779 3787 χερσὶν
807 3714 1161 3785 ἐπαφώμενοι
1192 3715 1286 3769 καὶ
1337 3713 1446 3766 τῶν
1493 3714 1750 3783 ὀρπήκων
1781 3714 1961 3784 ἀρπά-

379 3809 564 3875 ζοντες
616 3807 1052 3879 συναγείρουσιν·
1104 3806 1219 3860 ἀλλ’
1248 3805 1396 3869 εἰκὸς
1446 3805 1741 3875 ἀπομένειν
1772 3806 1963 3869 αὑταῖς

377 3904 529 3970 τρεῖς
563 3899 595 3971 ἢ
631 3899 923 3970 τέσσαρας,
963 3899 996 3968 ἢ
1030 3898 1191 3951 πέντε
1215 3897 1377 3968 τυχὸν
1412 3898 1499 3950 ἐπ’
1524 3898 1676 3968 ἄκρῳ
1694 3897 1804 3951 τῶν
1833 3897 1964 3950 κλάο

378 3993 505 4055 δων,
537 3993 634 4045 καὶ
671 3992 798 4054 τοὺς
821 3992 932 4045 τῶν
969 3990 1297 4061 τρυγώντων
1327 3988 1603 4041 διαλαθεῖν
1627 3989 1958 4059 ὀφθαλμούς.

378 4086 636 4140 Τοιοῦτόν
681 4102 739 4139 τι
792 4084 1167 4157 συμϐήσεσθαι
1206 4101 1343 4154 φησι
1387 4087 1498 4148 τοῖς
1552 4084 1610 4137 ἐν
1657 4085 1960 4157 Σαμαρείᾳ·

380 4178 667 4232 πείσεσθαι
696 4178 805 4249 γὰρ
828 4177 1026 4240 αὐτοὺς
1054 4174 1445 4246 διισχυρίζεται
1497 4176 1637 4229 καθά
1665 4178 1757 4229 καὶ
1779 4176 1807 4228 ὁ
1829 4177 1962 4230 στά-

380 4289 498 4342 χυς,
536 4272 626 4323 ὅτε
664 4274 785 4333 ταῖς
817 4269 923 4322 τῶν
953 4268 1219 4338 ἁμώντων
1245 4266 1563 4338 περιπίπτει
1606 4268 1812 4339 χερσίνο
1864 4285 1965 4321 κα-

380 4364 842 4433 ταλειφθήσεσθαι
873 4364 928 4415 δὲ
976 4362 1163 4432 ῶσπερ
1196 4363 1254 4413 ἐν
1306 4361 1441 4431 αὐτῇ
1490 4361 1764 4431 καλάμην,
1816 4360 1962 4413 τοῦτ’

380 4455 554 4518 ἔστιν,
578 4456 793 4523 ὀλίγους
851 4455 959 4508 τῶν
1016 4454 1399 4525 ἀσημοτέρων,
1451 4453 1485 4523 ἢ
1542 4454 1634 4506 καὶ
1667 4453 1743 4515 ὼς
1779 4451 1963 4524 ῥῶγας

2136 2059 2299 2115 νιῑιιε.
2332 2062 2385 2127 5,
2411 2063 2463 2115 6.
2511 2064 2574 2116 Et
2604 2066 2699 2117 erit
2744 2068 2956 2132 perinde
3010 2087 3075 2122 ac
3117 2072 3163 2125 si
3209 2074 3325 2142 quis
3360 2088 3630 2146 congreget

2061 2167 2280 2205 messem
2310 2164 2552 2219 stantem,
2586 2166 2632 2207 et
2667 2173 2839 2211 semen
2868 2160 3131 2225 spicarum
3162 2175 3339 2216 metat.
3362 2161 3429 2216 Et
3456 2182 3635 2235 quem-

2072 2245 2353 2298 admodum
2411 2249 2455 2300 si
2512 2248 2630 2317 quis
2691 2266 2955 2321 congreget
2988 2255 3185 2321 spicam
3218 2256 3272 2309 in
3312 2258 3444 2311 valle
3470 2259 3629 2316 dura.

2062 2348 2109 2389 et
2156 2336 2338 2391 relicta
2368 2338 2523 2406 fuerit
2547 2342 2601 2392 in
2639 2357 2701 2394 ea
2729 2344 2963 2408 stipula;
2992 2345 3070 2398 vel
3101 2348 3233 2401 sicut
3280 2365 3444 2418 grana
3484 2354 3631 2408 olim

2062 2429 2168 2480 duo
2200 2439 2292 2481 aut
2329 2431 2431 2483 tria
2476 2432 2530 2485 in
2563 2434 2892 2487 extremitate
2921 2437 3157 2502 sublimi,
3195 2440 3270 2493 vel
3289 2453 3534 2512 quatuor,
3557 2445 3635 2499 vel

2061 2520 2284 2587 quinque
2316 2522 2369 2571 in
2393 2524 2549 2574 ramis
2573 2521 2684 2589 ejus
2710 2522 3089 2591 relinquantur.

2136 2700 2287 2767 Quod
2331 2712 2385 2755 et
2419 2701 2576 2756 facile
2610 2713 2665 2756 et
2708 2705 2826 2758 siue
2850 2705 3045 2761 sudore
3073 2708 3263 2764 victuri
3309 2723 3491 2767 essent
3538 2713 3637 2769 Sa-

2065 2793 2363 2847 maritanos
2394 2793 2602 2863 Assyrii
2633 2794 2911 2860 bellantes,
2952 2805 3003 2850 et
3031 2799 3097 2852 ad
3123 2799 3237 2854 haec
3268 2815 3471 2869 rursus,
3494 2804 3637 2872 quod

2064 2902 2171 2939 non
2201 2886 2255 2940 in
2282 2895 2452 2941 totum
2499 2903 2563 2941 ac
2587 2903 2807 2957 prorsus
2836 2889 2903 2941 ad
2942 2889 3219 2944 interitum
3257 2904 3493 2961 ruerent,
3538 2901 3635 2952 sed

2068 2977 2302 3032 futurum
2337 2988 2483 3033 esset
2534 2979 2803 3034 residuum
2852 2981 3124 3049 pusillum,
3159 2983 3435 3039 denotavit
3464 2990 3638 3041 mani-

2069 3069 2203 3123 feste
2249 3069 2404 3123 nobis
2454 3069 2602 3124 hisce
2646 3070 2827 3124 verbis
2859 3085 3040 3126 sermo
3088 3075 3452 3142 propheticus.
3501 3076 3635 3132 Nam

2069 3157 2159 3226 qui
2196 3158 2427 3212 metendi
2456 3158 2630 3227 spicas
2673 3161 2871 3213 habent
2915 3162 3182 3230 peritiam,
3224 3164 3512 3223 artiﬁciose
3542 3169 3639 3223 deo

2068 3264 2303 3302 mcssum
2360 3248 2685 3303 frumentum
2725 3249 3000 3319 colligunt,
3044 3267 3260 3323 semper
3300 3266 3475 3311 autem
3522 3270 3642 3328 post

2074 3354 2133 3393 se
2174 3340 2449 3407 stipulam,
2502 3340 2646 3394 velut
2704 3342 2966 3407 inutilem,
3022 3344 3408 3416 relinquentes,
3471 3359 3636 3405 totam

2065 3441 2303 3500 segetum
2337 3432 2672 3486 latitudinem
2714 3448 3052 3503 percurrunt.
3097 3438 3163 3491 Et
3189 3440 3278 3508 qui
3312 3442 3639 3498 vindemiure

2066 3521 2238 3574 solent
2286 3520 2526 3574 olearum
2578 3522 2833 3586 fructum,
2881 3528 3073 3593 partim
3114 3527 3327 3595 quidem
3355 3531 3519 3604 266
3543 3548 3638 3588 eos

2066 3612 2260 3665 baculo
2302 3613 2603 3675 decutiunt,
2647 3615 2842 3682 partim
2887 3616 3048 3669 etiam
3083 3628 3137 3671 et
3178 3622 3425 3677 manibus
3464 3626 3635 3679 attin-

2065 3712 2220 3771 gunt,
2248 3711 2303 3755 et
2336 3703 2496 3756 ramis
2524 3707 2803 3773 praereptis
2834 3720 3162 3777 congregant
3182 3728 3195 3762 :
3215 3720 3269 3765 at
3294 3722 3402 3768 tres
3426 3715 3478 3769 iu
3508 3716 3633 3783 illis,

2066 3793 2147 3847 vel
2179 3804 2429 3862 quatuor,
2484 3796 2566 3851 vel
2598 3795 2735 3850 forte
2758 3801 2992 3868 quinque
3022 3804 3071 3855 in
3100 3805 3325 3860 summis
3359 3804 3637 3867 frondibus

2065 3899 2347 3939 remauere
2387 3886 2675 3941 verisimile
2712 3900 2814 3955 est,
2883 3900 2938 3944 et
2972 3893 3413 3952 viudemiantium
3452 3902 3638 3958 oculos

2064 3976 2251 4032 latere.
2289 3976 2417 4032 Tale
2444 3978 2696 4045 quiddam
2727 3994 2781 4036 et
2814 3982 3171 4040 Samaritauis
3218 4003 3318 4043 usu
3350 4002 3636 4047 venturum

2063 4068 2169 4121 ait:
2202 4079 2519 4123 eventurum
2556 4072 2699 4124 enim
2742 4073 2845 4128 illis
2877 4073 3305 4140 aﬂlrmat,sicuti
3335 4098 3454 4138 cum
3489 4088 3636 4156 spira

2064 4158 2119 4212 in
2155 4162 2466 4214 metentium
2504 4178 2692 4217 manus
2721 4164 2909 4218 incidit
2933 4185 2961 4227 εί
2998 4170 3240 4224 relictum
3273 4183 3450 4229 autem
3480 4176 3545 4231 iri
3586 4184 3637 4231 iu

2064 4265 2127 4304 ea
2163 4250 2308 4304 velut
2344 4250 2621 4320 Stipulam,
2650 4252 2698 4307 id
2754 4267 2856 4319 est,
2895 4272 3096 4325 paucos
3147 4262 3513 4331 ignobiliores,
3557 4272 3638 4322 Vel

2059 4340 2222 4395 etiam
2271 4355 2436 4410 grana
2476 4342 2606 4396 oleae
2648 4346 2753 4397 duo
2799 4358 2890 4399 aut
2940 4348 3037 4401 tria
3089 4365 3207 4417 quia:
3248 4360 3637 4411 racentautium

2061 4433 2274 4487 oculum
2324 4435 2568 4502 fugiunt,
2606 4448 2886 4506 propterea
2931 4442 3070 4509 quod
3126 4444 3181 4496 in
3222 4448 3448 4503 summis
3476 4452 3639 4506 ramis

385 4548 573 4611 ἐλαίας
599 4547 692 4601 δύο
751 4549 785 4619 ἢ
830 4549 981 4618 τρεῖς
1032 4546 1122 4599 τὸν
1158 4545 1267 4598 τῶν
1311 4544 1638 4616 τρυγώντων
1691 4544 1960 4607 λαθούσας

2063 4525 2420 4580 occultantur.

381 4639 683 4709 ὀφθαλμὸν,
737 4639 911 4692 διάτοι
966 4638 1028 4691 τὸ
1076 4638 1134 4691 ἐν
1179 4638 1293 4699 τοῖς
1342 4636 1603 4691 ἀνωτάτω
1656 4634 1959 4704 κεκρύφθαι

382 4732 617 4795 κλάδοις.

458 4824 604 4877 Τάδε
630 4823 793 4893 λέγει
824 4824 1039 4889 Κύριος
1091 4824 1123 4875 ό
1162 4820 1307 4886 Θεὸς
1366 4818 1632 4887 Ἰσραήλο
1669 4816 1747 4886 Τῇ
1773 4817 1960 4886 ἡμέρᾳ

2126 4808 2289 4864 Vsus.
2339 4811 2393 4875 7,
2433 4811 2488 4866 8.
2517 4814 2648 4868 Haec
2679 4816 2806 4868 dicit
2837 4815 3089 4871 Dominus
3110 4816 3253 4871 Deus
3286 4819 3498 4875 Israel:
3538 4821 3638 4876 Die

378 4916 582 4982 ἐκείνῃ
635 4912 935 4978 πεποιθὼς
997 4913 1167 4967 ἔσται
1251 4914 1283 4964 o'
1351 4909 1661 4976 ἄνθρωπος
1717 4907 1814 4960 ἐπί
1879 4904 1958 4969 τῷ

2063 4902 2148 4956 illo
2171 4904 2390 4971 conﬁdet
2420 4907 2573 4959 homo
2600 4909 2647 4961 ei
2674 4911 2763 4974 qui
2785 4908 2907 4977 fecit
2944 4926 3081 4963 eum.
3121 4910 3274 4965 Oculi
3294 4914 3407 4982 ejus
3436 4914 3491 4968 in
3515 4932 3639 4968 san-

378 5008 702 5075 ποιήσαντι
726 5006 935 5068 αὑτὸν,
970 5008 1025 5059 ol
1061 5004 1130 5057 δὲ
1177 5001 1469 5072 ὀφθαλμοί
1498 4998 1684 5054 αὐτοῦ
1724 4999 1821 5052 ἐπὶ
1848 4997 1956 5051 τὸν

2063 5005 2202 5048 ctum
2234 4994 2447 5051 Israelis
2471 4999 2826 5067 intuebuntur,
2860 5012 2908 5055 et
2936 5019 3038 5055 non
3067 5005 3327 5073 conﬁdent
3357 5005 3635 5071 altaribus,

376 5100 554 5169 ἅγιον
590 5097 696 5153 τοῦ
740 5096 987 5166 Ἰσραὴλ
1044 5095 1463 5165 sumsit-array
1504 5092 1603 5145 καί
1637 5094 1707 5145 οὐ
1731 5091 1817 5159 μὴ
1855 5102 1956 5142 πε-

2065 5103 2168 5140 uou
2211 5088 2448 5157 operibus
2486 5107 2736 5145 manuum
2774 5109 3013 5159 suarum,
3044 5111 3163 5164 qua:
3205 5095 3435 5165 fecerunt
3485 5098 3638 5167 digiti

376 5191 651 5257 ποιθότες
674 5186 829 5244 ὦσιν
860 5188 961 5241 ἐπὶ
992 5188 1118 5253 τοῖς
1137 5184 1384 5255 βωμοῖς,
1416 5183 1558 5237 οὐδὲ
1581 5183 1681 5235 ἐπὶ
1710 5182 1832 5247 τοῖς
1859 5181 1955 5249 ἔρ-

2063 5195 2264 5247 eorum,
2300 5183 2390 5234 sed
2419 5181 2580 5250 ﬁdem
2629 5195 2809 5237 sancto
2867 5185 3103 5251 lsraelis,
3137 5196 3184 5240 et
3216 5204 3319 5241 non
3359 5189 3639 5259 respicient

377 5299 505 5351 γοις
526 5280 645 5335 τῶν
667 5279 882 5350 χειρῶν
912 5276 1131 5341 αὐτῶν,
1165 5276 1202 5331 ἄ
1248 5275 1545 5341 ἐποίησαν
1576 5276 1628 5327 οἱ
1669 5272 1957 5327 δάκτυλοι

2066 5274 2278 5326 arbores
2301 5291 2447 5339 suas,
2486 5292 2649 5343 neque
2672 5278 3082 5333 abominationes
3110 5295 3255 5334 suas.

376 5373 594 5439 αὐτῶν,
617 5373 752 5429 ἀλλ’
774 5373 1019 5427 ἔσονται
1039 5370 1389 5434 πεποιθότες
1412 5368 1508 5420 ἐπὶ
1532 5366 1636 5420 τὸν
1650 5367 1822 5437 ἅγιον
1842 5366 1947 5420 τοῦ
1999 5366 2265 5435 Ἰσραήλ.
2322 5369 2431 5423 Καὶ
2487 5374 2599 5426 οὐκ
2635 5371 2885 5440 ὄψονται
2907 5374 2977 5427 τὰ
3018 5373 3237 5442 δένδρα
3254 5373 3471 5439 αὐτῶν,
3496 5374 3639 5429 οὐδὲ

377 5466 449 5519 τὰ
472 5466 863 5536 ,βδελύγμιιτα
896 5465 1113 5519 αὐτῶν.

458 5561 519 5612 Ὀ
556 5560 870 5630 σοφώτατος
911 5560 1142 5622 Παῦλος,
1200 5560 1300 5612 οὐκ
1351 5557 1608 5628 ἀνόνητον
1636 5556 1812 5623 εἰδὼς,
1841 5559 1963 5614 οὐδὲ

375 5652 584 5705 εἰκαῖον
615 5654 901 5725 τὸχρῆμα,
936 5655 997 5707 τὸ
1024 5652 1374 5706 παιδεύεσθαι
1412 5650 1566 5722 παρά
1606 5654 1718 5716 τοῖς
1754 5651 1822 5705 δι’
1851 5653 1952 5705 αύ-

452 5803 499 5834 “
533 5803 597 5859 IV
626 5803 756 5873 Reg.
785 5820 915 5870 xvu,
958 5806 1008 5859 5.

703 5903 974 5963 ΡΑτιιοι.
1022 5903 1139 5963 Gn.
1190 5903 1383 5983 LXX.

2140 5565 2584 5636 Sapientissimus
2618 5567 2812 5625 Paulus
2846 5586 2968 5625 cum
3002 5572 3233 5634 videret,
3264 5585 3437 5640 neque
3477 5568 3639 5623 inuti-

2064 5652 2186 5721 lem,
2218 5672 2392 5727 neque
2436 5675 2628 5715 vanam
2664 5676 2784 5717 esse
2838 5679 2951 5718 rem
3003 5666 3429 5718 uterudireutut‘
3472 5678 3503 5716 a
3530 5663 3640 5717 Deo

3247 5908 3317 5971 l4
