4148 6378
568 384 669 440 427

1551 379 1611 434 S.
1649 377 1922 433 CYRlLLl
1962 373 2432 430 ALEXANDRINI
2469 374 2789 430 AllCHlEP.

3703 377 3809 432 49.8

569 504 620 556 ni
681 502 769 570 qui
805 499 870 552 ah
895 498 1014 567 ipso
1046 495 1110 550 ad
1155 496 1476 565 agnitionem
1520 495 1764 547 veritatis
1789 496 1961 548 vocali
1995 504 2138 553 sunt.

2244 492 2335 544 τὸν
2365 491 2722 562 κεκλημένοις
2751 492 2833 554 εἰς
2867 491 3160 560 ἐπίγνωσιν
3197 492 3475 563 ἀληθείας.
3505 491 3808 545 ἐπιστέλλει

567 591 755 644 scribit
805 590 888 643 his
940 587 1154 641 verbis:
1195 605 1211 636 ι
1240 586 1294 639 Si
1338 585 1690 639 eruditionem
1725 587 2022 649 sustinetis,
2083 593 2140 636 ut

572 683 696 735 liliis
735 680 889 734 vobis
942 693 998 732 se
1045 675 1197 730 oll'crt
1239 676 1375 729 Deus
1420 692 1433 727 :
1482 674 1601 742 quis
1656 673 1796 724 cnim
1853 683 1933 726 est
1980 673 2136 735 lilius,

567 787 723 840 quem
775 786 878 823 non
935 769 1110 822 erudit
1156 767 1410 836 pater"?
1443 786 1460 818 ›
1526 767 1757 835 Apponit
1805 775 1857 818 et
1919 765 2005 818 illa
2072 780 2137 818 ex

569 864 850 929 Seriptura
909 860 1167 914 divinitus
1199 859 1494 927 inspirata;
1545 858 1706 911 infert
1737 858 1879 910 enim
1916 856 2136 909 Statim:

573 972 592 1004 ι
628 953 747 1016 Fili,
793 968 859 1006 ne
907 962 1222 1006 contemnas
1272 950 1624 1004 eruditionem
1675 947 1917 1012 Domini;
1970 962 2141 1016 neque

565 1046 786 1101 delicias
824 1045 892 1100 ab
940 1044 1029 1098 illo
1059 1053 1358 1111 correptus.
1387 1041 1556 1108 Quem
1599 1041 1740 1095 enim
1766 1050 1913 1092 amat
1949 1040 2134 1094 Domi-

565 1153 689 1200 nus,
735 1137 1000 1206 castigat:
1033 1134 1264 1205 ﬂagellat
1312 1145 1490 1186 autem
1539 1147 1754 1186 omnem
1785 1132 1951 1184 lilium
1980 1146 2138 1200 quem

563 1228 785 1297 suscipit
805 1227 902 1280 ³⁸.»
938 1225 1069 1280 Cum
1089 1226 1228 1278 cnim
1255 1226 1422 1278 bonus
1444 1224 1513 1276 sit
1536 1223 1904 1276 universorum
1938 1222 2135 1289 opilex,

571 1341 587 1372 ι
625 1334 811 1372 οιιιιιοε
851 1316 963 1370 vult
989 1315 1167 1370 salvos
1201 1329 1340 1378 esse,
1367 1324 1419 1367 et
1454 1316 1504 1366 in
1534 1313 1860 1382 agnitionem
1892 1312 2139 1366 veritatis

568 1411 836 1466 venire”.
877 1427 894 1460 ι
942 1407 1077 1462 Hinc
1105 1407 1269 1477 igitur
1301 1406 1508 1461 monuit
1541 1419 1682 1474 saepe
1719 1419 1816 1474 per
1852 1403 2142 1474 prophetas

568 1514 809 1569 sanctos,
842 1502 1134 1564 lsraelitas,
1165 1501 1397 1554 maxime
1445 1514 1571 1554 vero
1603 1498 2138 1569 Hierosolymitanos,

565 1595 654 1664 qui
673 1593 738 1646 ad
772 1593 1070 1647 Samariam
1090 1592 1601 1662 commigraverunt.
1639 1589 1702 1642 lli
1738 1598 1917 1644 autem
1947 1588 2142 1642 intem-

566 1695 815 1754 peranter
839 1684 904 1738 ad
934 1683 986 1736 id
1010 1683 1150 1752 quod
1185 1685 1314 1752 ipsis
1349 1684 1600 1753 placitum
1635 1692 1721 1736 est
1778 1681 2136 1743 declinarunt,

565 1789 620 1831 et
647 1777 754 1831 Deo
798 1785 988 1830 natura
1029 1789 1092 1827 ac
1119 1793 1244 1832 vere
1273 1775 1547 1839 derelicto,
1585 1774 1818 1829 cultores
1846 1773 2139 1827 daemonio-

2241 583 2334 635 καί
2359 600 2546 653 φησιν’
2585 601 2602 632 ι
2633 583 2694 634 Εἰ
2725 583 2973 635 παιδείαν
3012 583 3330 653 ὑπομένετε,
3376 583 3452 645 ὼς
3499 584 3633 645 υἱοῖς
3683 583 3810 652 ὑμῖν

2241 677 2606 747 προσφέρεται
2655 678 2685 728 ό
2726 676 2877 739 Θεόςσ
2911 677 2996 738 τίς
3027 677 3135 747 γάρ
3174 679 3320 728 ἐστιν
3344 677 3456 739 υἱὸς
3486 676 3544 728 ὃν
3583 677 3644 728 οὐ
3688 695 3812 728 παι-

2239 769 2381 821 δεύει
2413 770 2632 838 πατήρ;
2666 787 2682 818 ι
2731 768 3072 838 Παρατίθησι
3121 768 3178 820 δέ
3208 768 3303 820 καὶ
3330 768 3397 820 τὰ
3443 769 3506 819 ἐκ
3558 769 3655 838 τῆς
3699 767 3812 819 θεο-

2242 859 2508 911 πνεύστου
2535 858 2776 928 Γραφῆςο
2806 858 3058 927 ’ἐπιφέρει
3080 859 3187 928 γὰρ
3209 857 3387 921 εὐθύς·
3417 857 3567 920 (Υἰέ,
3602 857 3676 927 μὴ
3706 857 3814 908 ὀλι-

2241 948 2411 1019 γώρει
2466 948 2713 1011 παιδείας
2772 949 3017 1019 Κυρίου,
3079 950 3215 1019 μηδέ
3260 948 3451 1001 ἐκλύου
3504 949 3594 1002 ὑπ’
3647 947 3810 1001 αὑτοῦ

2241 1041 2615 1110 ἐλεγχόμενος.
2645 1039 2742 1094 Ὃν
2767 1040 2875 1111 γάρ
2896 1042 3087 1112 ἀγαπᾷ
3107 1041 3309 1110 Κύριος
3336 1040 3596 1104 παιδεύει,
3625 1057 3814 1110 μαστι-

2242 1137 2328 1200 γοῖ
2371 1134 2428 1186 δὲ
2475 1134 2651 1186 πάντα
2704 1133 2817 1185 υἱὸν
2868 1132 2926 1185 ὃν
2967 1132 3382 1204 παραδέχεται.»
3443 1131 3657 1202 Ἐπειδὴ
3707 1133 3814 1202 γάρ

2243 1227 2388 1277 ἐστιν
2409 1224 2612 1292 ἀγαθὸς
2641 1226 2668 1276 ὁ
2696 1222 2807 1276 τῶν
2834 1225 2970 1276 ὅλων
3002 1224 3350 1295 δημιουργὸς,
3377 1225 3610 1287 «πάντας
3645 1223 3812 1276 ἐθέλει

2246 1318 2481 1387 σωθῆναι
2503 1318 2595 1370 καὶ
2616 1316 3000 1384 εἰςέπίγνωσιν
3021 1310 3489 1388 ἀληθείαςέλθεῖν.
3503 1336 3522 1369 ι
3549 1316 3814 1388 Ταύτῃτοι

2243 1407 2595 1476 νενουθέτηκε
2653 1407 2972 1469 πλειστάκις
3004 1406 3090 1459 διὰ
3144 1405 3453 1478 προφητῶν
3485 1407 3652 1474 ἁγίων
3689 1406 3815 1468 τοὺς

2241 1499 2302 1565 ἐξ
2332 1500 2564 1569 αἵματος
2603 1499 2840 1571 Ἰσραὴλ,
2863 1500 3096 1570 μάλιστα
3121 1498 3178 1551 δὲ
3193 1477 3318 1561 τοὺς
3337 1498 3396 1563 ἐξ
3428 1477 3814 1569 ’Ῐεροσολύμων

2245 1593 2752 1663 μεταφοιτήσαντας
2782 1595 2862 1654 εἰς
2900 1592 3235 1662 Σαμάρειαν.
3271 1592 3334 1644 Ol
3383 1591 3440 1643 δὲ
3491 1586 3630 1661 ἦσαν
3663 1590 3818 1661 ἀσχέ-

2240 1702 2348 1748 τως
2381 1684 2473 1736 ἐπὶ
2503 1684 2565 1736 τὸ
2615 1684 2798 1746 αὐτοῖς
2843 1683 3033 1736 δοκοῦν
3073 1683 3514 1749 ἀπονενευκότες,
3566 1683 3660 1736 καὶ
3687 1683 3816 1735 Θεὸν

2245 1776 2478 1844 ἀφέντες
2516 1775 2608 1830 τὸν
2646 1775 2917 1844 (piissimi.
2946 1775 3179 1846 ἀληθῶς,
3206 1774 3536 1846 θεραπευταὶ
3562 1775 3818 1842 γεγόνασι

567 1885 686 1923 rum
741 1868 1087 1930 exstiterunt,
1128 1877 1183 1923 et
1214 1867 1368 1921 idolis
1427 1866 1678 1919 inanimis
1717 1864 1916 1918 cultum
1946 1863 2140 1918 tribue-

2245 1868 2555 1936 δαιμονίων,
2583 1869 2678 1921 καὶ
2724 1866 2962 1930 εἰδώλοις
3012 1867 3239 1936 ἀψύχοις
3295 1865 3689 1937 προσεκόμιζον
3720 1867 3819 1927 τὰς

571 1971 714 2017 runt.
776 1961 908 2016 Cum
964 1976 1096 2014 vero
1119 1968 1266 2012 tanta
1328 1958 1637 2010 laborarent
1678 1955 2032 2025 ignoratione,
2089 1963 2147 2007 ut

572 2052 890 2122 resipiscere
944 2047 1238 2109 renuerint,
1293 2048 1504 2099 tandem
1544 2045 1682 2098 Deus
1730 2044 1953 2113 punivit.
2002 2041 2146 2110 Quos

567 2145 706 2198 enim
769 2160 871 2196 non
910 2141 1100 2212 juvant
1125 2140 1307 2204 verba,
1351 2146 1525 2190 mutat
1556 2134 1791 2199 alllictio,
1827 2146 2146 2189 convertens

564 2253 657 2292 eos
678 2236 820 2290 velut
843 2251 908 2289 ex
941 2233 1258 2288 necessitate
1277 2247 1342 2284 ac
1367 2230 1442 2294 vi,
1469 2228 1533 2281 ad
1559 2229 1610 2281 id
1634 2227 1774 2296 quod
1800 2226 1909 2281 Deo
1947 2227 2143 2295 placet.

567 2327 753 2381 Simile
781 2326 907 2394 quid
940 2325 1212 2379 invenitur
1241 2322 1430 2375 beatus
1462 2332 1676 2387 quoque
1710 2316 1878 2373 David
1905 2317 2138 2372 dixisse:

570 2438 588 2469 ‹
603 2419 656 2472 In
682 2420 831 2471 freno
847 2427 898 2471 et
921 2429 1074 2470 camo
1095 2411 1338 2467 maxillas
1359 2425 1545 2465 eorum
1568 2408 2004 2478 constringasqni
2023 2422 2145 2476 pro-

565 2529 629 2582 pe
655 2511 716 2564 ad
755 2521 806 2563 te
831 2524 934 2562 non
981 2505 1357 2561 acceduntwa
1395 2501 1531 2555 Nam
1557 2499 2010 2570 quemadmodum
2051 2499 2142 2568 qui

567 2604 738 2671 pullos
763 2599 922 2672 267
945 2599 1172 2652 domare
1189 2595 1385 2658 solent,
1415 2607 1708 2658 carumque
1738 2606 1915 2644 rerum
1951 2590 2141 2658 periti,

564 2708 732 2763 equos
769 2692 994 2744 feriores
1046 2687 1112 2740 ad
1161 2699 1378 2739 cursum
1421 2683 1755 2736 moderatum
1809 2680 1977 2734 frenis
2037 2681 2144 2732 cir-

565 2790 856 2853 cumagunt
901 2799 913 2833 :
959 2781 1037 2834 sic
1084 2776 1459 2832 universitatis
1510 2775 1671 2837 Deus,
1721 2775 2038 2826 necessitate
2069 2773 2145 2826 la—

566 2875 712 2927 boris
760 2887 820 2925 ac
860 2870 1095 2934 doloris,
1141 2882 1282 2937 saepe
1316 2865 1483 2936 agitat
1528 2878 1592 2918 ac
1638 2861 2040 2923 circumﬂectit,
2089 2870 2145 2915 ut

579 2965 793 3018 rebellis
842 2972 898 3016 et
953 2959 1170 3014 el'lrcnis
1224 2967 1371 3012 recte
1432 2956 1613 3009 vivere
1678 2956 1964 3010 desideret.
2015 2954 2143 3008 Tale

566 3057 693 3126 quid
725 3071 820 3109 usu
849 3052 995 3107 venit
1038 3052 1087 3105 in
1124 3049 1365 3103 Samaria
1411 3047 1793 3110 habitantibus,
1846 3047 1934 3114 qui
1993 3055 2140 3114 post-

577 3162 736 3215 quam
767 3144 889 3198 belli
915 3142 1252 3198 calamitates
1284 3139 1684 3202 sustinuissent,
1717 3138 1800 3189 vix
1831 3137 2139 3204 punientem

567 3245 901 3308 agnoverunt
921 3246 974 3289 et
995 3231 1279 3296 oﬂ'ensum,
1318 3240 1371 3284 et
1397 3227 1672 3306 prolbgato
1693 3229 1835 3281 cultu
1858 3227 2140 3290 idolorum,

567 3332 629 3383 ad
665 3337 906 3383 sanctum
961 3323 1173 3379 lsraelis
1229 3323 1444 3376 oculum
1485 3319 1681 3373 mentis
1730 3320 2141 3382 transtulerunt,

565 3422 635 3474 ab
681 3419 768 3472 illo
817 3417 1064 3470 nimirum
1122 3424 1498 3474 exspectantes
1539 3411 1654 3465 fore
1703 3411 1990 3472 auxilium,
2031 3418 2083 3462 et
2111 3424 2142 3462 a

566 3514 721 3568 malis
748 3511 848 3566 sibi
878 3510 1108 3563 invectis
1153 3506 1545 3559 liberationem.
1592 3501 1706 3557 Non
1753 3505 1917 3567 enim,
1949 3501 2140 3571 inquit,

566 3601 1156 3663 conlidentaltaribus,
1199 3613 1296 3651 uec
1345 3595 1599 3664 operibus
1626 3611 1844 3648 suarum
1887 3607 2140 3647 manuum

566 3710 684 3764 qua
715 3695 954 3747 fecerunt
979 3690 1128 3760 digiti
1158 3705 1369 3753 eorum,
1400 3698 1450 3742 et
1488 3702 1590 3741 non
1616 3688 1964 3740 intuebuntur
1991 3685 2143 3738 arbo-

568 3801 654 3841 res
691 3802 836 3848 suas,
869 3798 1040 3853 neque
1076 3783 1505 3836 abominationes
1533 3797 1679 3834 snas.
1714 3780 1968 3833 Solebant
1999 3779 2140 3832 enim

567 3879 827 3930 montium
879 3877 1110 3928 vertices
1153 3875 1545 3934 conscendere,
1591 3882 1645 3924 et
1690 3871 1790 3924 sub
1839 3886 2038 3939 quercu
2080 3884 2144 3922 ac

567 3969 796 4039 populo,
837 3967 992 4021 sicuti
1042 3965 1299 4032 scriptum
1337 3975 1450 4025 est,
1490 3964 1842 4028 procumbere
1891 3961 2143 4028 operibus

568 4075 788 4114 suarum
844 4073 1116 4112 manuum.
1171 4055 1276 4108 Sed
1310 4071 1436 4116 non,
1477 4055 1668 4120 inquit,
1720 4052 2142 4120 respicientam-

564 4153 707 4224 plius
755 4153 901 4212 hazc,
961 4163 1078 4201 cum
1134 4148 1310 4214 reipsa
1359 4154 1412 4198 et
1460 4146 1824 4213 experimento
1858 4143 2143 4196 didicerint

571 4260 682 4298 rem
713 4257 833 4296 esse
867 4241 1074 4294 irritam
1112 4253 1175 4292 ac
1206 4253 1427 4306 prorsus
1456 4235 1842 4304 inlrugileram,
1873 4236 2142 4289 omnium-

563 4351 665 4405 que
687 4335 863 4404 potius
879 4347 1092 4386 causam
1113 4330 1474 4383 miseriarum.
1497 4327 1647 4381 Hanc
1663 4327 1808 4381 enim
1831 4327 1899 4381 ob
1919 4340 2137 4380 causam

565 4434 860 4501 perierunt,
887 4438 941 4483 et
995 4428 1180 4482 traditi
1215 4437 1339 4481 sunt
1371 4424 1622 4477 inimicis.
1660 4421 2137 4476 Consultissimum

2245 1959 2517 2031 λατρείας.
2553 1959 2775 2029 Ἐπειδὴ
2809 1959 2866 2012 δὲ
2916 1958 3051 2014 πολὺ
3078 1960 3198 2012 λίαν
3243 1961 3657 2031 ἀμαθαίνοντες,
3696 1959 3817 2012 οὐδὲ

2245 2052 2325 2105 ὅτι
2369 2053 2631 2123 προσήκοι
2694 2051 3122 2121 μεταγινώσκειν
3182 2053 3382 2116 αὐτοὺς
3438 2050 3813 2113 ἐϐουλεύοντο,

2245 2142 2428 2197 λοιπὸν
2461 2143 2748 2207 ἐκολάζετο
2777 2145 2924 2207 Θεός.
2958 2143 3065 2208 Οὓς
3097 2144 3202 2215 γὰρ
3251 2145 3351 2198 οὐκ
3387 2145 3597 2214 ὀνίνησι
3626 2143 3812 2210 λόγος,

2248 2235 2538 2306 μεθίστησι
2579 2237 2760 2299 πόνος,
2787 2237 3134 2307 περιτρέπων
3155 2238 3350 2298 αὐτοὺς
3380 2237 3455 2299 ὡς
3488 2235 3546 2300 ἐξ
3571 2235 3816 2302 ἀνάγκης

2246 2325 2338 2378 καὶ
2373 2325 2494 2396 βίας
2523 2327 2617 2378 ἐπὶ
2648 2325 2708 2379 τὸ
2731 2327 2966 2398 ἀρέσκον
2996 2326 3135 2397 Θεῷ.
3176 2327 3426 2380 Τοιοῦτόν
3459 2345 3510 2380 τι
3534 2327 3626 2380 καὶ
3655 2330 3682 2380 ὁ
3714 2345 3818 2396 μα-

2246 2418 2436 2487 κάριος
2483 2417 2646 2471 Δαδίδ
2699 2419 3012 2488 εὑρίσκεται
3053 2419 3243 2487 λέγων·
3285 2437 3303 2470 ι
3360 2419 3445 2472 Ἐν
3479 2417 3681 2488 χαλινῷ
3723 2418 3816 2470 καὶ

2247 2509 2410 2580 κημῷ
2438 2510 2536 2572 τὰς
2563 2512 2820 2579 σιαγόνας
2857 2511 3036 2566 αὐτῶν
3071 2511 3283 2580 ἄγξαις,
3318 2513 3423 2565 τῶν
3457 2513 3531 2582 μὴ
3575 2512 3816 2581 ἐγγιζόν-

2243 2619 2350 2654 των
2379 2603 2514 2672 πρὸς
2545 2603 2625 2655 σέ.
2667 2621 2684 2653 ι
2718 2602 2925 2671 Ὄνπερ
2969 2603 3078 2675 γὰρ
3110 2604 3308 2675 τρόπον
3353 2604 3401 2654 οἱ
3450 2602 3816 2673 πωλοδαμνεῖν

2244 2692 2514 2757 εἰωθότες,
2555 2694 2650 2748 καὶ
2692 2693 2865 2747 ταῦτα
2921 2697 3099 2764 σοφοὶ,
3152 2696 3536 2767 περιτρέπουσι
3584 2696 3816 2765 χαλινοῖς

2243 2787 2368 2847 τοὺς
2391 2785 2496 2838 τῶν
2530 2786 2712 2839 ἵππων
2745 2789 3113 2860 ἀγριωτέρους
3139 2790 3216 2852 εἰς
3246 2791 3581 2860 ἐπιστήμονα
3595 2789 3811 2860 δρόμον⁶

2242 2875 2412 2940 οὕτως
2438 2877 2530 2929 καὶ
2556 2880 2582 2930 ό
2611 2878 2717 2930 τῶν
2747 2879 2882 2933 ὅλων
2917 2879 3071 2944 Θεὸς,
3091 2883 3210 2943 ταῖς
3233 2881 3296 2933 ἐκ
3323 2880 3499 2934 πόνων
3526 2880 3812 2948 ἀνάγκαις,

2244 2968 2556 3038 περιίστησι
2605 2969 2923 3032 πλειστάκις
2963 2971 3044 3033 εἰς
3089 2971 3151 3023 τὸ
3194 2971 3410 3024 ἐλέσθαι
3460 2970 3608 3039 βιοῦν
3645 2971 3818 3042 ὀρθῶς

2242 3060 2331 3110 τὸν
2365 3059 2564 3129 ἀπειθῆ
2598 3063 2693 3113 καὶ
2749 3061 2980 3131 ἐξήνιον.
3014 3061 3279 3115 Τοιοῦτόν·
3300 3080 3351 3115 τι
3387 3062 3736 3125 πεπονθότες,
3767 3063 3818 3115 οἰ

2245 3152 2300 3202 ἐν
2326 3153 2613 3224 Σαμαρείᾳ
2655 3154 3065 3224 κατῳκηκότες,
3122 3154 3262 3225 μετὰ
3297 3173 3359 3224 γε
3402 3155 3462 3208 τὸ
3495 3156 3683 3208 παθεῖν
3719 3154 3818 3218 τὰς

2249 3243 2314 3293 ἐκ
2341 3243 2435 3296 τοῦ
2467 3244 2704 3314 πολέμου
2723 3247 3035 3315 συμφορὰς,
3086 3246 3238 3315 μόλις
3265 3247 3579 3314 ἐπέγνωσαν
3604 3246 3693 3298 τὸν
3727 3263 3818 3298 κο-

2250 3330 2481 3395 λάζοντα
2509 3333 2607 3386 καὶ
2644 3334 3036 3405 λελυπημένον·
3065 3336 3160 3388 καὶ
3191 3336 3546 3388 ἀπεσείσαντο
3585 3337 3682 3405 μὲν
3718 3334 3816 3397 τάς

2249 3422 2356 3473 τῶν
2382 3422 2614 3476 εἰδώλων
2637 3423 2912 3496 λατρείας,
2935 3426 3229 3496 μετέϐαλον
3259 3427 3315 3478 δὲ
3339 3427 3437 3495 τῆς
3464 3426 3700 3488 διανοίας
3726 3426 3816 3478 τὸν

2248 3514 2522 3584 ὀφθαλμὸν
2554 3518 2644 3569 ἐπὶ
2688 3518 2779 3570 τὸν
2810 3517 2963 3585 ἆγιον
3002 3517 3096 3570 τοῦ
3126 3517 3360 3588 Ἰσραὴλ,
3392 3521 3519 3588 παρ’
3549 3517 3713 3570 αὑτοῦ
3759 3517 3817 3571 δὲ

2247 3606 2488 3676 δηλονότι
2511 3609 2921 3679 προσδοκῶντες
2962 3610 3177 3663 ἔσεσθαι
3213 3609 3310 3681 τὴν
3349 3610 3687 3682 ἐπικουρίαν,
3724 3611 3817 3662 καὶ

2250 3697 2359 3751 τῶν
2383 3700 2828 3770 ἐπενηνεγμένων
2853 3703 3034 3766 αὐτοῖς
3052 3702 3236 3757 κακῶν
3258 3702 3355 3773 τὴν
3377 3703 3716 3774 ἀπαλλαγήν.
3740 3703 3813 3755 Οὐ

2248 3789 2355 3859 γὰρ
2378 3791 2452 3860 μὴ
2487 3793 2802 3850 πεποιθότες
2834 3788 2956 3860 ὦσι,
2987 3796 3171 3864 φησὶν,
3201 3797 3295 3847 ἐπὶ
3318 3799 3428 3859 τοῖς
3455 3795 3674 3864 βωμοῖς,
3697 3795 3816 3848 οὐδὲ

2247 3881 2340 3932 ἐπὶ
2394 3885 2502 3942 τοῖς
2545 3882 2726 3954 ἔργοις
2772 3883 2882 3935 τῶν
2924 3886 3125 3956 χειρῶν
3153 3885 3352 3949 αὐτῶν,
3385 3884 3422 3938 ὃ.
3473 3885 3730 3956 ἐποίησαν
3769 3888 3816 3937 οἱ

2245 3973 2495 4027 δάκτυλοι
2519 3976 2718 4029 αὐτῶψ
2764 3978 2857 4030 καὶ
2892 3978 2991 4030 οὐκ
3021 3978 3239 4048 ὄψονται
3277 3978 3345 4032 τά
3379 3978 3574 4050 δένδρα
3617 3978 3814 4043 αὐτῶν,

2245 4064 2365 4117 οὲδὲ
2392 4065 2458 4118 τὰ
2490 4066 2832 4138 βδελύγματα
2859 4069 3059 4125 αὐτῶν.
3106 4070 3262 4134 "EGO;
3293 4069 3392 4140 μὲν
3411 4071 3515 4140 γὰρ
3537 4066 3604 4141 ἦν
3638 4071 3819 4132 αὐτοῖς

2244 4156 2341 4220 τὰς
2366 4158 2472 4210 τῶν
2499 4159 2640 4229 ὀρῶν
2674 4161 3110 4231 καταλαμϐάνειν
3133 4160 3396 4232 κορυφὰς,
3417 4164 3510 4214 καὶ
3563 4162 3817 4214 ὑποκάτω

2244 4246 2402 4318 δρυὸς
2440 4249 2532 4301 καὶ
2562 4248 2778 4320 λεύκης,
2823 4251 2962 4304 καθά
2991 4253 3321 4322 γέγραπται,
3365 4253 3685 4322 προσκυνεῖν
3708 4254 3816 4312 τοῖς

2245 4337 2427 4408 ἔργοις
2456 4339 2561 4392 τῶν
2594 4342 2737 4395 ἰδίων
2781 4343 2999 4413 χειρῶν.
3051 4343 3188 4396 Ἀλλ’
3228 4344 3410 4396 οὐκέτι
3457 4344 3665 4405 τούτοις
3714 4346 3814 4413 ἐμ-

2245 4428 2550 4499 ϐλέψονται,
2607 4434 2740 4501 φησί
2762 4474 2775 4496 ,
2809 4434 2973 4505 πείρᾳ
3013 4434 3272 4504 μαθόντες
3299 4434 3374 4496 ὡς
3403 4435 3605 4486 εἰκαῖον
3637 4435 3818 4493 αὐτοῖς

565 4528 743 4596 itaque
769 4534 851 4578 est
883 4536 1109 4586 cavere,
1139 4533 1191 4574 et
1226 4519 1474 4573 unmibus
1511 4516 1711 4570 viribus
1743 4516 1875 4570 iram
1905 4516 2137 4570 divinam

2244 4523 2336 4574 καὶ
2368 4523 2622 4592 ἀνόνητον
2666 4525 2938 4589 παντελῶς
2986 4527 3044 4577 τὸ
3092 4527 3280 4596 χρῆμά
3321 4528 3497 4590 ἐστιν,
3537 4524 3731 4594 μᾶλλον
3759 4525 3815 4576 δὲ

562 4619 852 4680 declinare,
889 4626 943 4668 et
992 4628 1097 4666 non
1149 4610 1478 4678 experiendo
1506 4609 1716 4662 discere
1756 4606 1911 4660 malis
1951 4621 2142 4659 occur-

566 4723 684 4762 rere
706 4747 720 4768 ,
756 4705 848 4759 sed
888 4713 1011 4757 ante
1044 4702 1224 4772 pctius
1259 4714 1451 4752 causas
1512 4705 1722 4748 mature
1751 4709 2047 4760 removere,
2074 4693 2141 4747 de

563 4801 756 4865 quibus
785 4797 926 4850 Deus
961 4794 1120 4848 irasci
1160 4801 1392 4861 poterat,
1439 4790 1656 4857 Deoque
1695 4795 1981 4850 commoto,
2016 4796 2141 4838 ante

565 4894 770 4957 plagam
800 4897 852 4940 et
875 4886 1096 4939 verbera
1121 4883 1355 4952 turpiora
1386 4879 1659 4941 evitando,
1678 4878 1876 4946 optima
1898 4877 2143 4931 excolen-

565 4985 651 5042 do,
681 4992 949 5046 omneque
975 4975 1187 5028 virtutis
1207 4987 1374 5042 genus
1395 4970 1718 5030 exercendo,
1741 4983 1861 5022 sese
1885 4985 2138 5037 purgare.

2240 4615 2334 4666 καὶ
2361 4617 2581 4685 ἁπάσης
2611 4619 2781 4671 αἴτιον
2823 4638 2884 4672 συ
2895 4624 3122 4692 μφορᾶς.
3159 4622 3372 4692 Ταύτης
3396 4622 3502 4691 γὰρ
3527 4623 3686 4674 ἕνεκα
3719 4621 3816 4688 τῆς

2239 4707 2437 4770 αἰτίας,
2499 4709 2591 4760 καὶ
2629 4709 2943 4772 διολώλασι,
2995 4715 3088 4766 καὶ
3140 4715 3374 4766 δέδονται
3422 4717 3532 4775 τοῖς
3583 4712 3812 4782 ἐχθροῖς.

2245 4795 2498 4865 Ἀριστον
2521 4795 2611 4851 οὖν
2639 4799 2746 4869 ἄρα
2777 4801 2835 4853 τὸ
2862 4802 3222 4871 φυλάττεσθαι
3241 4807 3332 4858 καὶ
3352 4806 3512 4858 παντὶ
3538 4805 3818 4876 παραιτεῖο

2242 4887 2366 4941 σθαι
2403 4889 2576 4943 σθένει
2626 4893 2721 4962 τὴν
2769 4892 2918 4948 θείαν
2950 4896 3138 4968 ὀργὴν,
3177 4899 3269 4951 καὶ
3319 4899 3391 4969 μὴ
3424 4898 3586 4969 πείρᾳ
3627 4897 3818 4967 μαθεῖν

2241 4977 2555 5048 ἐκδέχεσθαι
2585 4984 2652 5034 τὰ
2684 4985 2847 5037 κακά.
2896 4988 3371 5057 Προσαποδύεσθαι
3406 4991 3462 5042 δὲ
3499 4989 3695 5060 μᾶλλον
3724 4987 3817 5042 καὶ

567 5077 709 5144 μάλα
737 5075 950 5145 γοργῶς
979 5071 1076 5133 τὰς
1111 5069 1308 5130 αἰτίας,
1346 5069 1428 5134 ἐφ’
1472 5061 1557 5129 αἶς
1585 5066 1649 5118 ἂν
1692 5064 1962 5136 ὀργίζοιτο
1996 5066 2146 5130 Θεὸς,
2181 5073 2272 5124 καὶ
2304 5076 2409 5144 πρὸ
2468 5076 2680 5146 πληγῆς
2738 5082 2830 5133 καὶ
2879 5082 3144 5151 μάστιγος
3182 5083 3815 5153 ἀπολογεῖσθαι).ελυπηο

567 5173 710 5239 μένῳ
732 5169 818 5222 διά
851 5185 914 5236 γε
942 5166 1035 5218 τοῦ
1064 5162 1445 5234 παραιτεῖσθαι
1496 5161 1593 5232 μὲν
1629 5161 1697 5213 τὰ
1761 5161 1976 5229 αἰσχίω,
2004 5166 2170 5235 τιμᾷν
2242 5167 2296 5220 δὲ
2357 5172 2422 5223 τὰ
2479 5173 2775 5239 κάλλιστα,
2834 5177 2928 5230 καὶ
2987 5180 3163 5232 πάντα
3225 5181 3423 5250 τρόπον
3479 5179 3817 5250 ἐπιτηδεύειν

565 5262 780 5332 ἀρετῆς.

639 5376 800 5430 Vens.
831 5375 885 5440 9,
922 5375 1006 5428 10.
1052 5374 1144 5427 Die
1191 5374 1285 5426 illa
1322 5382 1470 5426 erunt
1517 5374 1778 5426 derelictae
1821 5375 1969 5428 urbes
1997 5386 2130 5438 tum,

564 5469 996 5536 quemadmodum
1050 5469 1367 5536 reliquerunt
1421 5465 1740 5525 Amorrhu'i.
1789 5479 1834 5518 et
1889 5467 2063 5531 vai,
2104 5485 2136 5520 a

565 5563 701 5629 [acie
737 5560 968 5627 ﬁliorum
1010 5559 1259 5624 Israelis,
1300 5571 1344 5612 et
1396 5567 1546 5610 erunt
1585 5558 1852 5623 desolata;
1888 5559 2134 5627 quoniam

583 5741 586 5743 Δ
637 5767 678 5797 ³⁷
713 5764 872 5820 Hebr.
908 5764 1075 5831 xtt,7.
1156 5765 1197 5795 ³⁸
1222 5764 1353 5818 ibid.
1397 5764 1450 5829 ὃ,
1484 5763 1546 5828 6;
1587 5761 1743 5816 Prov.
1776 5775 1856 5827 tu,
1895 5759 1974 5826 ll,
2004 5759 2089 5816 1‘2.

2165 5758 2207 5792 ³⁹
2245 5758 2525 5832 lTin.oth.
2561 5776 2620 5829 tt,
2650 5761 2701 5815 4.

2321 5377 2397 5443 Τῇ
2430 5379 2616 5446 ἡμέρᾳ
2677 5382 2877 5450 ἐκείνῃ
2932 5385 3174 5437 ἔσονται
3221 5388 3278 5436 al
3325 5388 3530 5448 πόλεις
3579 5403 3695 5441 σου
3724 5388 3817 5456 ἑγ-

2244 5471 2806 5539 κιιτιιλελειμμέναι,
2885 5474 2957 5526 ὃν
3023 5475 3244 5539 τρόπον
3313 5477 3706 5543 ἐγκατέλιπον
3760 5484 3816 5534 οἱ

2257 5559 2579 5627 Ἀμτγὶιῗαῖοι
2636 5562 2735 5614 καὶ
2791 5567 2844 5615 οἱ
2910 5561 3112 5617 Εὐιιῖοι
3170 5566 3287 5617 ἀπὸ
3347 5567 3664 5634 προσώπου
3701 5568 3816 5623 τῶν

2780 5763 2824 5792 ⁵ο
2848 5762 2988 5816 l‘sal.
3025 5779 3173 5829 xxxi,
3206 5765 3254 5819 9.
