4148 6378
362 410 468 466 ﬂ!)

1475 411 1543 468 ΙΝ
1587 410 1819 468 ΙΞᾺΙΑΜ
1858 411 1986 469 LIB.
2029 413 2093 468 ll.
2133 411 2375 473 TOMUS
2410 414 2496 470 Ill.

3510 421 3616 474 ιδιι

358 526 508 580 υἱῶν
535 525 791 596 Ἰαμιήὼ
823 529 919 582 καὶ
949 529 1188 582 ἔσονται
1219 507 1445 597 ἔρημοι,
1468 527 1617 582 διότι
1645 525 1936 598 ἐγκατέλι-

2047 530 2367 599 dereliquiin
2403 529 2564 583 Deum
2595 526 2914 582 Servatorem
2942 537 3108 588 tuum,
3142 540 3187 581 et
3221 528 3428 582 Domini
3457 535 3614 600 adju-

359 635 472 682 πες
506 618 611 671 τὸν
639 619 790 673 Θεὸν
809 621 917 672 τὸν
952 619 1195 688 Σωτῆρά
1235 637 1372 685 σου,
1422 621 1521 673 καὶ
1565 621 1784 688 Κυρίου
1833 620 1938 673 τοῦ

353 709 590 776 βοηθοῦ
620 723 740 763 σου
759 711 871 762 οὐκ
902 710 1227 780 ἐμνήσθης.

443 798 532 864 Ἐξ
571 799 753 852 αὐτῶν
783 801 1064 853 ἀναπείθει
1102 800 1212 853 τῶν
1278 801 1700 872 συμϐεϐηκότων
1738 803 1938 853 ἐννοεῖν

357 889 442 942 ὃτι
473 888 692 957 γέγονεν
750 889 929 952 αὐτοῖς
986 889 1045 954 ἐξ
1097 891 1454 962 ἀντιστρόφου
1499 891 1568 944 τὰ
1613 892 1934 963 πράγματα.

359 980 529 1034 Πάλιν
559 982 658 1050 μὲν
689 981 795 1052 γὰρ
815 981 1026 1035 ὲνίκουν
1060 982 1475 1054 ἐπικουροῦντος
1521 983 1689 1048 Θεοῦ,
1719 985 1812 1037 καὶ
1841 1001 1937 1053 φο-

356 1072 510 1146 ϐεροί
533 1091 676 1136 τινες
702 1070 843 1145 ἦσαν
873 1077 994 1138 ταῖς
1021 1074 1129 1128 τῶν
1172 1075 1339 1128 ἐθνῶν
1367 1076 1554 1129 πόλεσί
1601 1093 1660 1129 τε
1696 1077 1790 1130 καὶ
1833 1075 1939 1147 χώ-

361 1184 503 1236 ραις.
541 1160 699 1220 Εἷλον
739 1167 846 1238 γὰρ
893 1167 1064 1230 αὑτὰς
1120 1168 1392 1240 ἀνιδρωτὶ,
1449 1169 1938 1240 κατευμαρίζοντος

358 1262 544 1323 αὐτοῖς
562 1261 656 1314 τοῦ
691 1261 827 1315 Θεοῦ
858 1263 966 1314 πᾶν
1011 1262 1133 1315 ὅσον
1161 1258 1230 1334 ἦν
1253 1260 1476 1326 ἀναντές
1503 1280 1562 1316 τε
1594 1265 1689 1318 καὶ
1711 1264 1940 1336 δυσήνυ-

355 1369 470 1406 τον.
516 1353 735 1425 Ἐπειδὴ
778 1354 836 1408 δε
890 1355 990 1425 τῆς
1040 1355 1264 1408 ἐκείνων
1309 1356 1652 1427 ἀνοσιότητος
1682 1357 1938 1424 γεγόνασι

359 1445 613 1514 μιμηταὶ,
643 1444 805 1497 δειλοὶ
827 1444 921 1498 καὶ
945 1445 1204 1499 εὐάλωτοι
1226 1445 1343 1497 κατ’
1365 1445 1606 1508 ἐκείνους
1631 1447 1934 1515 γεγόνασιν.

371 1538 721 1610 Ἦρήμωνται
747 1538 856 1610 γὰρ
895 1541 952 1592 αἱ
996 1537 1178 1602 πόλεις
1225 1539 1423 1601 αὐτῶν,
1461 1541 1553 1593 καὶ
1585 1540 1939 1611 κατελείφθη-

357 1646 459 1684 σαν
489 1631 594 1684 ὑπὸ
618 1631 725 1684 τῶν
754 1631 1149 1686 κατοικούντων
1175 1633 1232 1686 ἐν
1261 1632 1470 1698 αὐταῖς,
1521 1634 1661 1688 κατὰ
1698 1636 1788 1688 τὸν
1827 1635 1936 1689 ἴσον

355 1723 576 1791 τρόπον,
620 1721 742 1776 καθ’
764 1721 822 1775 ὃν
854 1725 904 1775 οἱ
936 1723 1124 1776 Εὐαῖοι
1155 1723 1249 1775 καὶ
1289 1723 1604 1795 Ἀμορῤαῖοί
1649 1741 1777 1778 ποτε
1823 1728 1938 1788 τοῖς

354 1813 535 1865 αὐτῶν
582 1813 790 1882 ξίφεσιν
823 1813 1049 1867 ἔπιπτον
1071 1813 1468 1886 δαπανώμενον
1488 1818 1689 1888 ἐναργῆ
1711 1816 1769 1870 δὲ
1801 1817 1935 1870 καθ·
1968 1848 2010 1903 Β

358 1906 538 1976 ίστησι
588 1908 686 1978 τὴν
729 1909 911 1961 αἰτίαν
940 1908 1102 1972 εὐθὺς
1135 1908 1229 1962 τοῦ
1252 1910 1391 1981 πρὸς
1418 1909 1576 1963 τοῦτο
1603 1911 1936 1964 κατολισθεῖν

355 1998 642 2062 ἀσθενείας
671 2001 890 2064 αὐτοὺς,
932 2001 1027 2054 καὶ
1057 2001 1154 2072 τὴν
1186 1999 1360 2064 οὕτως
1410 2003 1589 2074 ἀπηνῆ
1626 2003 1718 2055 καὶ
1758 2002 1936 2056 δύσοι-

359 2107 483 2143 στον
507 2093 796 2162 ὑπομεῖναι
824 2095 1127 2166 συμφοράνο
1158 2093 1544 2162 Ἐγκατέλιπες
1571 2095 1680 2166 γὰρ
1700 2095 1790 2148 τὸν
1806 2095 1938 2147 Θεὸν

352 2185 446 2236 τὸν
479 2183 708 2255 Σωτῆρά
734 2201 850 2250 σου,
877 2185 1034 2255 φησὶ,
1063 2185 1159 2238 καὶ
1187 2186 1390 2256 Κυρίου
1435 2185 1528 2238 τοῦ
1551 2184 1687 2238 Θεοῦ
1713 2202 1806 2238 σου
1840 2186 1938 2238 οὐκ

350 2271 653 2344 ἐμνήσθης.
680 2273 806 2326 Δέον
829 2273 939 2344 γὰρ
959 2274 1301 2346 εὐχαριστεῖν
1320 2273 1406 2341 ἐφ’
1423 2269 1504 2338 οἷς
1525 2275 1936 2347 εὐηργέτηνται,

351 2361 513 2416 τοῦτο
538 2363 636 2432 μὲν
669 2364 907 2429 δουλείας
969 2368 1069 2434 τῆς
1119 2367 1178 2420 ἐν
1219 2364 1478 2437 Αἰγύπτῳ
1503 2366 1936 2438 λελυτρωμένοι,

350 2453 512 2507 τοῦτο
538 2455 594 2508 δὲ
623 2457 1095 2527 κατακρατοῦντες
1127 2458 1357 2528 ἐχθρῶν,
1398 2460 1494 2512 καὶ
1541 2460 1936 2531 καταδῃοῦντες

351 2545 452 2606 τὰς
493 2545 676 2608 πόλεις
695 2545 805 2598 τῶν
833 2546 1262 2617 ἀνθεστηκότων,
1298 2547 1458 2601 τοῦτο
1505 2548 1562 2600 δὲ
1605 2551 1686 2603 ὅτι
1735 2550 1828 2603 καὶ
1858 2551 1938 2613 είς

350 2637 524 2706 αὐτὴν
552 2639 1009 2708 είσεκομίσθησαν
1039 2640 1140 2710 τῆς
1187 2641 1518 2709 ἐπαγγελίας
1543 2642 1644 2712 τὴν
1683 2641 1804 2712 γῆνο
1842 2658 1938 2694 πο-

351 2731 524 2800 νηρὰς
553 2731 789 2800 ἀμοιϐὰς
816 2723 1170 2804 ἀντεκόμιζον
1191 2733 1268 2804 τῷ
1298 2735 1541 2806 Δεσπότῃ
1574 2735 1938 2807 προσκρούον-

350 2838 444 2884 τες
472 2823 662 2888 ἀδεῶς,
699 2825 794 2876 κα)⁸
819 2825 880 2878 οὐ
915 2825 1034 2878 καθ’
1072 2826 1169 2879 ἐνα
1200 2827 1494 2890 λυποῦντες
1528 2829 1747 2898 τρόπον,
1803 2829 1937 2883 ἀλλὰ

352 2913 519 2982 νόμου
549 2917 647 2984 μὲν
681 2915 774 2968 τοῦ
811 2915 1170 2988 διωρισμένου
1207 2917 1296 2980 διὰ
1348 2916 1441 2971 τοῦ
1485 2919 1760 2988 πανσόφου
1807 2920 1938 2972 Μω-

354 3005 494 3068 σέως
525 3005 696 3076 μικρὰ
727 3007 920 3078 κομιδῇ
952 3008 1356 3079 φροντίσαντες,
1397 3008 1857 3072 ἀπολακτίσαντες
1880 3009 1936 3062 δὲ

354 3095 638 3158 παντελῶς
667 3095 765 3165 τὴν
802 3097 881 3159 είς
905 3096 1036 3148 Θεὸν
1062 3097 1368 3163 εὐσέϐειαν,
1395 3099 1489 3150 καὶ
1529 3098 1758 3168 ἀψύχοις
1783 3098 1936 3162 ὕλαις

2041 625 2169 676 toris
2199 623 2276 676 lui
2307 639 2410 675 non
2447 625 2716 675 recordata
2745 638 2816 674 es.

2109 798 2187 853 Ex
2222 800 2307 854 his
2340 815 2459 866 qua:
2485 800 2792 853 acciderunt
2818 801 3080 854 certiores
3117 816 3208 854 eos
3237 801 3383 865 facit,
3411 804 3461 855 in
3488 817 3614 858 con-

2043 892 2270 943 trarium
2322 891 2428 945 illis
2479 907 2564 945 res
2608 891 2877 944 evenisse.
2931 890 3124 944 lterum
3172 892 3316 945 enim
3370 894 3589 948 vicerun

2037 980 2335 1034 auxiliante
2373 980 2511 1046 Deo,
2554 990 2609 1035 et
2652 983 2888 1050 gentium
2948 981 3170 1036 urbibus
3217 991 3272 1036 ct
3322 985 3613 1052 provinciis

2039 1072 2409 1126 formidabiles
2431 1073 2667 1127 luerunt.
2689 1073 2959 1141 Ceperunt
2975 1074 3116 1128 enim
3141 1089 3234 1128 eas
3251 1075 3367 1128 sine
3391 1077 3606 1141 sudore,

2040 1165 2150 1220 Deo
2174 1165 2276 1219 illis
2307 1166 2659 1221 distribuente
2698 1167 2956 1234 quidquid
2991 1170 3214 1220 arduum
3245 1179 3361 1222 erat
3395 1177 3448 1221 et
3475 1168 3615 1222 dilli-

2039 1255 2161 1310 cile.
2193 1255 2485 1327 Postquam
2515 1271 2694 1311 autem
2736 1259 3030 1327 impietatis
3071 1274 3259 1313 eorum
3312 1260 3614 1315 imitatores

2039 1348 2165 1402 facti
2189 1356 2342 1412 sunt,
2369 1349 2666 1404 meticulosi
2698 1362 3005 1414 evaserunt,
3030 1364 3084 1403 et
3117 1352 3272 1404 facile
3311 1354 3426 1420 capi
3465 1367 3614 1417 pine-

2040 1450 2185 1497 rant.
2255 1441 2311 1494 In
2370 1441 2712 1496 solitudinem
2773 1443 2915 1497 enim
2983 1445 3210 1497 redacta:
3268 1455 3392 1498 sunt
3452 1447 3612 1497 urbes

2037 1545 2247 1593 eorum,
2290 1540 2344 1584 et
2384 1531 2652 1586 derelicta:
2681 1541 2807 1586 sunt
2851 1534 2918 1584 ab
2954 1532 3120 1602 268
3163 1533 3610 1594 inhabitantibus,

2037 1636 2144 1691 quo
2179 1623 2338 1677 modo
2375 1623 2514 1677 Evaei
2563 1623 2714 1687 olim,
2749 1635 2802 1678 et
2833 1626 3131 1677 Amorrhaei
3155 1662 3169 1686 ,
3202 1639 3386 1676 eorum
3421 1623 3613 1693 gladiis

2038 1715 2388 1768 conciderunt
2415 1716 2753 1784 consumpti;
2796 1716 3208 1784 evidententquc
3242 1731 3462 1770 causam
3494 1717 3617 1769 red-

2039 1805 2139 1868 dit,
2175 1821 2272 1859 cur
2307 1808 2440 1860 adeo
2485 1807 2750 1862 debilitati
2783 1817 2836 1860 et
2868 1808 3136 1862 imminuti
3177 1807 3394 1875 fuerint,
3427 1817 3482 1861 et
3515 1823 3614 1860 cur

2044 1907 2151 1951 tam
2201 1899 2472 1953 crudelem
2518 1915 2582 1955 ac
2630 1899 3018 1955 intolerandam
3048 1899 3410 1954 calanntatein
3445 1901 3612 1953 susti-

2042 1991 2290 2044 nuerint:
2325 1990 2664 2061 Dereliquisli
2692 1993 2833 2046 enim
2865 1993 3029 2047 Deum
3057 1991 3402 2047 Servatorem
3439 2002 3608 2052 tuum,

2043 2081 2238 2150 inquit,
2268 2091 2322 2134 et
2358 2081 2566 2136 Domini
2603 2083 2695 2137 Dei
2725 2083 2988 2153 adjutoris
3021 2084 3092 2137 tui
3141 2098 3247 2137 non
3296 2083 3610 2137 recordatus

2037 2185 2118 2225 es.
2161 2171 2296 2226 Cum
2330 2175 2473 2227 enim
2509 2189 2602 2228 eos
2634 2176 2835 2245 gratias
2881 2191 3040 2246 agere
3086 2186 3357 2246 oporteret
3411 2179 3476 2230 de
3529 2179 3610 2231 his

2038 2265 2235 2334 quibus
2264 2263 2439 2320 allecti
2474 2278 2601 2320 sunt
2641 2269 2935 2332 beneﬁciis,
2970 2270 3164 2338 partim
3188 2270 3310 2338 quia
3342 2285 3406 2322 ex
3434 2271 3609 2323 servi-

2041 2365 2152 2410 tute
2170 2355 2489 2427 !Egyptiaca
2522 2361 2782 2428 redempti
2813 2369 2955 2425 sunt,
2985 2361 3178 2429 partim
3204 2361 3329 2429 quia
3362 2361 3610 2415 hostibus

2037 2452 2344 2518 superiores
2377 2451 2503 2505 facti
2529 2462 2675 2516 sunt,
2707 2461 2761 2506 et
2791 2454 3226 2507 adversariorum
3261 2451 3422 2508 urbes
3443 2455 3608 2522 depo-

2038 2543 2393 2609 pulabantur;
2437 2545 2825 2612 partim-etiarn
2849 2545 2973 2614 quia
3008 2545 3062 2598 in
3093 2546 3263 2616 ipsam
3296 2547 3611 2615 promissio-

2037 2635 2124 2688 nis
2155 2645 2351 2688 terram
2401 2637 2601 2690 fuerint
2635 2638 2924 2690 introducti
2955 2653 2969 2689 :
3021 2637 3096 2690 illi
3153 2638 3378 2692 Domino
3408 2638 3609 2691 malum

2038 2727 2408 2795 rependcbant
2437 2743 2626 2782 secure
2653 2727 3006 2794 olfendentes,
3044 2744 3141 2782 nec
3166 2743 3271 2782 uno
3302 2729 3459 2782 modo
3489 2745 3610 2783 cru-

2036 2821 2262 2886 ciantes,
2293 2819 2384 2873 sed
2417 2821 2586 2890 legem
2618 2822 2781 2874 etiam
2816 2836 2911 2890 per
2945 2820 3399 2888 sapientissimum
3427 2820 3609 2874 Mosen

2035 2909 2357 2977 deseriptam
2405 2924 2503 2978 pro
2561 2911 2783 2964 minimo
2827 2915 3103 2976 ducentes,
3150 2910 3346 2964 divinae
3400 2927 3612 2979 quoque

2036 3000 2279 3068 religioni
2313 3015 2536 3070 prorsus
2567 3002 2992 3066 recalcitrantes,
3035 3010 3090 3056 et
3135 3002 3389 3056 inanimis
3441 3014 3609 3058 mate-

2039 3095 2134 3148 riis
2165 3096 2564 3150 venerationem
2589 3097 2962 3160 attribuentes,
2993 3093 3172 3148 vitulis
3205 3095 3387 3148 aureis
3426 3095 3607 3147 dicen-

350 3186 645 3251 ἀναθέντες
668 3189 729 3239 τὸ
756 3187 938 3251 σέϐας,
969 3189 1250 3261 εἰρηκότες
1287 3190 1345 3242 δὲ
1374 3193 1492 3253 ταῖς
1522 3190 1786 3259 δαμάλεσι
1817 3193 1936 3252 ταῖς

2043 3199 2122 3245 les
2156 3209 2171 3245 :
2212 3208 2231 3241 ι
2269 3189 2330 3243 Hi
2355 3191 2425 3244 dii
2465 3193 2564 3255 tui,
2599 3191 2787 3248 Israel.
2815 3190 2905 3258 qui
2941 3189 3268 3242 reduxerunt
3295 3197 3347 3243 te
3375 3190 3442 3241 de
3470 3198 3608 3242 terra

353 3283 608 3350 χρυσαῖς⁶
635 3299 652 3330 ι
677 3273 837 3333 Οὗτοι
865 3285 913 3333 oi
946 3281 1055 3336 θεοί
1083 3297 1197 3347 σου,
1239 3283 1472 3356 Ἰσραὴλ,
1511 3284 1706 3346 οἵτινες
1732 3285 1935 3354 ἀνήγα-

353 3372 450 3438 γόν
485 3389 544 3424 σε
573 3376 636 3424 ἐκ
668 3374 770 3444 γῆς
799 3373 1099 3442 Αἰγύπτου.
1129 3394 1147 3424 υ
1191 3373 1322 3428 Ὀτε
1382 3377 1559 3428 τοίνυν
1590 3377 1754 3444 ἐσμὲν
1798 3375 1936 3446 μετὰ

351 3463 511 3527 Θεοῦ,
547 3466 615 3518 τὰ
648 3466 812 3519 αὑτοῦ
842 3467 1086 3536 δηλονότι
1121 3471 1338 3538 φρονεῖν
1397 3468 1805 3532 σπουδάζοντες,
1843 3471 1936 3522 καὶ

353 3555 424 3607 τὰ
445 3555 596 3627 αὐτῷ
629 3557 758 3626 φίλα
784 3559 1081 3629 κατορθοῦν
1131 3561 1413 3632 ᾑρημένου
1447 3563 1566 3613 τότε
1621 3562 1684 3631 δὴ
1719 3562 1934 3624 πάντως

355 3649 636 3721 κρείττους
672 3649 908 3720 ἐσόμεθα
942 3652 1049 3704 τῶν
1077 3653 1308 3723 ἐχθρῶν,
1339 3654 1434 3705 καὶ
1483 3655 1800 3723 πατήσομεν
1832 3655 1932 3723 ἀρ-

352 3741 477 3810 χὰς,
512 3741 606 3792 καὶ
632 3739 897 3805 ἐξουσίας,
926 3742 1165 3804 καὶτοὺς
1197 3743 1646 3814 κοσμοκράτορας
1673 3744 1767 3796 τοῦ
1810 3745 1934 3797 σκό-

353 3851 479 3897 τους
510 3834 700 3886 τούτου
730 3835 796 3887 τὰ
834 3835 1180 3906 πνευματικὰ
1232 3837 1329 3906 τῆς
1359 3835 1643 3905 πονηρίας,
1679 3836 1801 3888 τότε
1831 3853 1932 3888 πε-

355 3927 672 3996 ριεσόμεθα,
709 3928 804 3980 καὶ
845 3928 989 3997 μάλα
1025 3925 1260 3996 γοργῶς,
1309 3926 1418 3978 τῶν
1463 3928 1706 3979 ἐκτόπων
1734 3927 1934 3998 ἡδονῶν

356 4019 590 4071 καὶτῶν
647 4018 748 4088 τῆς
810 4023 1010 4090 σαρκὸς
1065 4019 1404 4088 κινημάτων·
1459 4019 1581 4070 τότε
1641 4018 1935 4090 λογισμοὺς

354 4112 647 4182 νικήσομεν
675 4115 964 4182 πονηροὺς,
999 4113 1093 4164 καὶ
1121 4113 1188 4164 τὲι
1222 4111 1508 4181 πνεύματα
1560 4111 1652 4164 τοῦ
1687 4112 1933 4176 ἐξουσιά-

355 4202 539 4267 ζοντος
557 4204 656 4274 οὐχ
676 4205 900 4275 εὑρήσει
945 4205 1110 4258 τόπον
1151 4205 1208 4258 ἐν
1259 4207 1408 4274 ἡμῖν.
1479 4205 1842 4278 Ἠμεληκότες
1877 4205 1934 4259 δὲ

353 4295 450 4348 τοῦ
479 4297 832 4368 προσκεῖσθαι
860 4296 1000 4366 Θεῷ,
1023 4298 1268 4360 ἀσθενεῖς
1292 4297 1384 4350 καὶ
1415 4296 1682 4368 ἄνανδροι,
1715 4301 1808 4352 καὶ
1831 4300 1935 4353 ὑπὸ

357 4388 524 4452 πόδας
555 4390 789 4460 ἐσόμεθα
817 4390 922 4443 τῶν
949 4389 1179 4460 ἐχθρῶν,
1231 4391 1325 4444 καὶ
1370 4389 1790 4445 πλεονεκτοῦντα
1843 4391 1935 4446 τὸν

356 4481 600 4533 Σατανᾶν
632 4482 804 4543 οὐδεὶς
832 4481 1093 4549 ἀνακύψει
1127 4481 1347 4550 τρόπος.

2037 3280 2255 3352 Egypli
2279 3282 2344 3333 “.
2383 3300 2400 3331 ι
2435 3280 2661 3346 Quando
2700 3283 2861 3349 igitur
2889 3296 3009 3334 cum
3039 3280 3147 3334 Deo
3177 3296 3386 3346 sumus,
3411 3293 3465 3336 et
3495 3299 3614 3349 quae

2037 3375 2153 3441 ejus
2201 3382 2327 3426 sunt
2379 3373 2618 3426 studiose
2666 3387 2947 3434 curamus,
2993 3383 3046 3425 et
3104 3372 3175 3424 illi
3225 3382 3374 3441 grata
3431 3374 3612 3428 facere

2037 3466 2302 3534 Cupimus,
2329 3475 2455 3517 tunc
2475 3465 2686 3531 quidem
2712 3473 2834 3515 tunc
2859 3462 3076 3514 omnino
3094 3463 3611 3528 sopcrioreserimus

2038 3557 2312 3622 hostibus,
2360 3563 2412 3607 et
2463 3557 2823 3624 principatus,
2866 3563 2918 3608 et
2959 3563 3273 3623 potestates,
3319 3566 3372 3608 et
3425 3557 3607 3610 nnunli

2037 3649 2282 3703 dominos
2335 3657 2572 3702 rectores
2627 3648 2965 3702 tenebrarum
3025 3647 3246 3710 harum,
3293 3647 3609 3718 .spiritualia

2039 3741 2292 3810 nequitiae
2321 3739 2674 3803 calcabinms,
2713 3749 2839 3793 tunc
2872 3739 3270 3808 quamprimum
3299 3745 3610 3812 subigcmns

2039 3843 2370 3888 monstrosas
2398 3833 2701 3899 voluptates
2735 3840 3019 3901 unctusque
3047 3834 3244 3899 carnis,
3281 3845 3407 3888 tunc
3444 3837 3611 3887 ratiu-

2035 3924 2178 3977 cinia
2209 3937 2461 3992 perversa
2503 3923 2913 3990 superabimus,
2947 3932 3002 3977 et
3032 3924 3256 3988 spiritus
3285 3925 3612 3978 dominantis

2039 4030 2144 4067 non
2179 4014 2417 4067 inveniet
2467 4013 2640 4066 locum
2677 4013 2728 4066 in
2769 4014 2941 4068 nobis.
2993 4014 3062 4067 At
3101 4016 3192 4069 ubi
3242 4017 3612 4072 adhmrescere

2037 4103 2148 4158 Deo
2176 4104 2516 4173 negligimus,
2551 4105 2846 4160 imbecilles
2869 4121 3079 4170 sumus,
3101 4117 3159 4161 et
3181 4122 3369 4175 parum
3402 4110 3610 4173 viriles,

2037 4207 2091 4252 et
2122 4198 2346 4266 pedibus
2388 4196 2729 4252 inimicorum
2782 4197 3170 4266 subjiciemur,
3219 4210 3272 4253 et
3313 4201 3614 4268 prmvah-n-

2039 4298 2145 4344 tem
2199 4286 2456 4342 Satanam
2519 4287 2664 4342 nulla
2719 4288 2856 4341 ratio
2911 4287 3201 4358 infringere
3261 4293 3458 4359 pulerit
3524 4303 3616 4345 aut

2038 4379 2319 4450 impedire.

428 4574 531 4626 Διά
577 4573 751 4627 τοῦτο
805 4575 1127 4642 φυτεύσεις
1185 4575 1456 4643 φύτευμα
1506 4576 1784 4640 ἄπιστον,
1830 4576 1927 4628 καὶ

2109 4555 2273 4608 VERS.
2320 4555 2403 4608 Η.
2448 4555 2734 4620 Propterea
2777 4553 3034 4620 plumabis
3074 4556 3450 4620 plantutiouem
3490 4560 3615 4624 iri/i-

353 4667 594 4735 σπέρμα
617 4665 894 4720 ἄπιστον.
934 4665 1012 4734 Τῇ
1039 4665 1107 4718 δὲ
1139 4666 1346 4735 ἡμέρᾳ,
1378 4663 1416 4738 ᾖ
1451 4668 1528 4721 ἂν
1561 4669 1926 4737 φυτεύσεις,

355 4759 743 4824 πλανηθήσῃ.
780 4758 852 4811 Τὸ
889 4757 957 4810 δὲ
1015 4758 1168 4825 πρωῒ
1197 4758 1306 4810 ἐὰν
1349 4760 1621 4827 σπείρης,
1682 4758 1932 4824 ἀνθήσει

351 4854 442 4915 εὶς
471 4849 718 4918 ἀμητόν,
739 4843 780 4920 ᾗ
812 4848 887 4902 ἂν
915 4849 1104 4918 ἡμέρᾳ
1150 4846 1456 4916 πληρώσῃ,
1501 4850 1598 4902 καὶ
1629 4851 1707 4915 ὡς
1736 4849 1931 4918 πατὴρ

351 4939 669 5006 ἀνθρώπου
689 4937 974 5006 κληρώσῃ
999 4937 1141 5003 τοὺς
1168 4939 1337 5003 υἱούς
1386 4953 1522 4990 σου.

437 5031 701 5100 Ἀσαφείᾳ
723 5030 890 5100 πολλῇ
921 5030 1415 5100 κατημφιασμένην
1442 5029 1534 5082 τοῦ
1568 5031 1928 5101 προκειμένου

354 5122 452 5192 τὴν
492 5121 700 5174 ἔννοιαν
750 5119 1074 5189 διατρανοῦν
1127 5119 1203 5180 ὡς
1246 5118 1326 5171 ἔνι
1384 5118 1734 5189 πειράσομαι.
1774 5119 1930 5173 Ἐστι

351 5214 536 5266 τοίνυν
569 5213 597 5265 ὅ
627 5227 758 5282 φησι
781 5210 1038 5263 τοιοῦτον·
1069 5209 1284 5269 Φθάσας
1315 5209 1471 5279 ἔφην,
1503 5210 1585 5261 ὅτι
1625 5209 1931 5271 πλανῶντές

351 5321 414 5356 τε
442 5305 535 5356 καὶ
563 5301 924 5372 πλανώμενοι,
957 5301 1051 5354 καὶ⁵
1081 5301 1406 5371 φρονοῦντες
1451 5299 1486 5353 ἂ
1520 5300 1592 5369 μὴ
1619 5300 1774 5370 θέμις
1795 5301 1844 5353 οἱ
1872 5301 1930 5367 ἐξ

367 5392 582 5466 Ἰσραὴλ
610 5393 797 5461 (ήῃουν
829 5393 857 5444 ὁ
893 5389 1151 5461 Ἐφραίμ,
1184 5391 1267 5441 ἵνα
1320 5387 1416 5450 τὰς
1442 5387 1574 5439 δέκα
1602 5388 1800 5457 νοήσῃς
1827 5405 1929 5455 φυο

351 5488 470 5551 λὰς,
527 5487 625 5549 τὰς
675 5489 733 5540 ἐν
784 5488 850 5556 τῇ
885 5484 1167 5554 Σαμαρείᾳ
1222 5481 1677 5553 μετῳκισμένας),
1725 5480 1932 5552 ὑψηλὴν

352 5577 499 5649 εἶχον
553 5579 652 5649 τὴν
689 5578 881 5647 ὀφρὺν,
936 5575 1104 5647 ᾤοντο
1143 5576 1200 5627 δὲ
1248 5573 1450 5644 μηδένα
1500 5572 1776 5634 παντελῶς
1823 5572 1930 5624 τῶν

352 5669 564 5738 ἐχθρῶν
610 5669 710 5738 τῆς
736 5668 915 5722 αὐτῶν
945 5667 1206 5720 δύνασθαι
1226 5664 1700 5735 κατευμεγεθῆσαι
1726 5665 1904 5735 χειρὸς
1915 5705 1927 5727 ν

352 5760 525 5814 δια-τοι
565 5761 622 5812 τὸ
654 5760 1054 5830 ἀναριθμήτους
1113 5755 1250 5813 εἶναι
1301 5759 1394 5812 καὶ
1447 5758 1650 5830 σφόδρα
1685 5757 1927 5819 πολλούς.

420 5882 468 5914 δι
500 5878 670 5932 Exod.
718 5893 882 5941 xxxv,
925 5877 974 5930 6.

2029 4647 2216 4709 delent,
2249 4655 2297 4696 et
2327 4661 2497 4697 semen
2533 4646 2740 4711 inﬁdele
2767 4661 2784 4697 :
2818 4645 2900 4698 die
2935 4662 3035 4714 qua
3065 4646 3352 4712 pluniabis,
3383 4649 3608 4700 errabis.

2032 4737 2190 4793 Mune
2232 4739 2278 4789 si
2317 4738 2558 4800 semiues,
2603 4737 2806 4804 ﬂorebit
2852 4738 2902 4787 in
2929 4752 3166 4799 messem,
3199 4752 3302 4803 quo
3333 4739 3415 4787 die.
3447 4739 3581 4789 [imre

2031 4831 2300 4894 ditaveris,
2331 4839 2380 4882 et
2423 4837 2476 4881 ut
2511 4839 2662 4896 pater
2699 4828 2922 4880 hominis
2949 4828 3075 4894 [iliis
3112 4829 3215 4880 tuis
3243 4829 3606 4882 haereditate":

2033 4923 2331 4976 diatriba-ea.

2110 5015 2455 5072 Obscuritate
2483 5013 2646 5066 multa
2669 5013 2931 5066 obtectam
2955 5011 3276 5065 sententiam
3303 5011 3461 5080 hujus
3485 5026 3610 5066 ora-

2028 5107 2158 5169 culi,
2188 5117 2443 5174 quantum
2483 5106 2630 5168 licet,
2665 5105 2903 5158 conabor
2949 5103 3244 5172 eXplicare.
3287 5102 3380 5156 Est
3428 5103 3610 5173 itaque

2029 5198 2173 5270 quod
2198 5199 2331 5252 dicit
2357 5197 2664 5266 bujusmodi
2693 5213 2708 5249 :
2743 5196 2858 5249 Dixi
2889 5193 3138 5263 superius
3166 5195 3306 5261 quod
3331 5193 3608 5261 decipien-

2031 5303 2110 5348 tes
2133 5303 2185 5346 et
2203 5292 2502 5362 decepti,|et
2525 5305 2641 5360 qua:
2667 5289 2745 5342 las
2772 5304 2875 5341 non
2903 5294 3022 5341 erat
3045 5286 3331 5338 machinati
3355 5284 3608 5340 Israelita.

2030 5389 2142 5441 sive
2166 5383 2417 5452 Ephraim
2466 5382 2545 5450 (ut
2577 5383 2761 5434 decem
2800 5379 2969 5432 tribus
3000 5375 3278 5446 intelligas
3318 5375 3369 5428 in
3412 5373 3607 5428 Sama-

2043 5481 2175 5532 riam
2211 5473 2528 5545 translatas)
2560 5473 2667 5526 alto
2699 5472 2916 5526 luerunt
2941 5470 3251 5539 supercilio,
3277 5468 3608 5534 omninoque

2041 5570 2141 5623 rati
2177 5577 2322 5631 sunt,
2363 5569 2545 5620 hostes
2590 5564 2764 5618 nullos
2803 5563 3040 5631 ipsorum
3087 5576 3300 5614 manum
3350 5573 3609 5628 superare

2041 5662 2300 5731 potuisse,
2346 5677 2410 5713 eo
2457 5658 2596 5727 quod
2645 5654 3070 5708 immmcrabilcs
3114 5663 3316 5715 essent,
3367 5661 3420 5704 et
3451 5651 3608 5703 valde

2041 5756 2303 5826 pupulosi.
2354 5754 2511 5819 Atqui
2553 5766 2645 5818 spc
2695 5747 2860 5818 269
2904 5745 3143 5801 frustrati
3197 5755 3341 5798 sum.
3390 5742 3610 5798 Cccidcv
