4148 6378
565 412 665 469 ιδι

1548 405 1607 461 S.
1649 401 1924 462 CYRILLI
1962 398 2439 458 ALEXANDBINI
2478 398 2797 457 ARCHIEP.

3722 402 3828 459 452

571 544 695 587 runt
717 531 860 587 enim
886 530 1079 601 partim
1112 526 1251 582 bello
1280 523 1537 589 conlecti,
1568 524 1765 593 partim
1790 523 1846 578 in
1878 522 2135 577 victorum

2258 518 2397 572 Ἀλλ’
2428 518 2755 588 ἐσφάλλοντο
2790 517 2891 589 τῆς
2924 517 3154 583 ἐλπίδος,
3203 518 3534 573 Πεπτώκασι
3570 520 3699 592 γὰρ,
3734 525 3829 576 καὶ

569 627 821 695 regiones
859 620 1142 692 asportati,
1177 617 1373 687 captivi
1422 624 1477 671 et
1529 615 1735 679 timidi,
1789 624 1843 669 et
1892 613 2143 668 omnibus

571 719 727 772 malis
762 716 1007 772 exerciti.
1054 714 1125 768 At
1167 712 1255 765 ubi
1287 710 1427 781 Cyro
1470 710 1770 779 imperante
1810 722 1877 761 ex
1921 706 2143 776 regione

568 811 856 865 Persarum
890 809 939 861 in
981 804 1249 860 civitatem
1294 811 1538 858 sanctam
1580 800 1783 855 reducti
1827 807 1973 861 sunt,
2023 806 2144 864 post

567 902 861 973 separatim
892 908 950 952 et
1001 894 1227 952 seorsim
1272 908 1426 963 reges
1456 893 1658 948 habere
1702 891 2140 959 supersederunt,

566 1006 860 1060 omnesque
899 987 1271 1059 Hierosolyma
1313 986 1680 1048 incoluerunt,
1728 995 1784 1038 et
1835 982 2005 1051 legem
2047 981 2141 1035 Dei

566 1087 872 1147 coluerunt,
912 1083 1073 1151 inque
1109 1081 1281 1151 pretio
1308 1094 1371 1135 ac
1413 1079 1615 1133 honore
1652 1078 1986 1140 habuerunt;
2017 1083 2145 1128 tunc

566 1182 836 1234 immunes
879 1175 1283 1244 incolumesque
1328 1172 1747 1227 luerunteorum
1788 1168 1959 1230 liberi,
1992 1175 2045 1222 et
2073 1164 2140 1220 ad

568 1273 705 1326 ﬁlios
736 1271 968 1325 tiliorum
1016 1266 1389 1323 successiones
1425 1272 1803 1319 excurrerunt.
1830 1261 1961 1315 Tale
1990 1261 2143 1329 quid-

564 1365 688 1417 dam
732 1364 887 1417 docet
927 1363 1041 1415 hac
1071 1358 1245 1415 oratio
1295 1371 1467 1421 nunc,
1500 1355 1753 1410 l'rumenti
1791 1362 1844 1410 et
1873 1352 2140 1422 spicarum

566 1457 720 1525 quasi
750 1455 976 1524 :cttigma
1002 1464 1326 1523 proponens.
1352 1448 1484 1503 Cum
1507 1450 1669 1511 enim,
1705 1447 1898 1518 inquit,
1929 1445 2141 1500 Domini

568 1549 659 1603 Dei
703 1549 778 1603 tui
824 1564 927 1603 non
976 1545 1321 1605 memineris,
1366 1556 1485 1597 eam
1533 1542 1604 1596 ob
1644 1554 1861 1594 causam
1912 1537 2142 1593 infidelis

564 1642 689 1703 erit,
724 1649 779 1695 et
818 1655 921 1693 non
962 1638 1027 1691 ad
1060 1636 1474 1707 perpetuitatem
1528 1633 1737 1689 stabilis
1763 1630 2050 1701 plantatio,
2087 1629 2140 1683 id

564 1744 668 1795 est,
692 1745 753 1785 ex
786 1742 839 1785 te
881 1745 1062 1785 semen
1094 1741 1148 1783 et
1171 1744 1358 1799 genus.
1394 1727 1621 1795 Quando
1650 1735 1829 1780 autem
1863 1724 2139 1795 plantave-

566 1825 674 1886 ris,
726 1832 780 1877 et
839 1836 1183 1876 numerosum
1239 1836 1407 1886 genus
1455 1819 1675 1881 videris,
1732 1828 1855 1871 tunc
1907 1815 2137 1870 errabis.

2248 616 2298 667 οἱ
2333 613 2435 684 μὲν
2468 613 2860 683 δεδαπάνηνται
2889 612 2967 680 τῷ
2993 611 3237 682 πολέμῳ,
3280 614 3329 666 οἱ
3378 612 3435 665 δὲ
3489 613 3571 675 είς
3596 614 3694 676 τὰς
3721 615 3829 667 τῶν

2249 704 2612 775 νενικηκότων
2664 702 3091 774 ἀποκομίξονται
3140 701 3343 774 χώρας.
3375 703 3709 775 αἰχμάλωτοι
3735 707 3828 759 καὶ

2250 798 2520 862 περιδεεῖς
2551 799 2644 851 καὶ
2678 800 2735 850 ἐν
2768 798 2926 850 παντὶ
2965 798 3250 865 γεγονότες
3300 797 3477 868 κακῷ.
3524 797 3739 870 Ἐπειδὴ
3768 799 3827 851 δέ

2252 888 2449 960 καιροῦ
2476 887 2915 953 διιππεύσαντος,
2933 887 3373 959 ἀνεκομίσθησαν
3391 888 3456 941 ἐκ
3479 888 3579 958 τῆς
3604 889 3827 959 Περσῶν

2251 980 2433 1051 χώρας
2454 983 2533 1045 είς
2564 981 2663 1053 τὴν
2694 982 2857 1050 ἁγίαν
2882 981 3059 1044 πόλιν,
3096 973 3216 1033 εἶτα
3254 980 3551 1050 κατέληξαν
3600 982 3694 1035 τοῦ
3723 982 3826 1035 ἀνὰ

2255 1072 2421 1143 μέρος
2473 1071 2618 1142 ἔχειν
2655 1073 2783 1135 τοὺς
2828 1071 3231 1142 βασιλεύοντας,
3267 1074 3617 1143 κατῳκήκασι
3668 1071 3727 1125 δὲ
3777 1074 3825 1125 οί

2252 1164 2451 1229 πάντες
2474 1165 2542 1217 τὰ
2580 1164 2945 1235 Ἱεροσόλυμα,
2966 1163 3061 1217 καὶ
3090 1162 3183 1217 τὸν
3208 1161 3301 1216 τοῦ
3334 1162 3470 1216 Θεοῦ
3505 1164 3825 1235 τετιμήκασι

2250 1258 2434 1328 νόμον·
2472 1257 2591 1310 τότε
2631 1257 2725 1309 καὶ
2754 1258 2812 1309 ἐν
2845 1256 3116 1326 ἀσφαλείᾳ
3161 1256 3450 1323 γεγόνασιν
3472 1257 3520 1307 οἱ
3554 1255 3611 1320 ἐξ
3649 1256 3826 1309 αὐτῶν

2250 1350 2460 1415 παῖδες,
2489 1348 2584 1401 καὶ
2618 1350 2697 1411 είς
2723 1347 2889 1400 τέκνα
2914 1347 3117 1401 τέκνων
3141 1346 3540 1417 δεδραμήκασιν
3567 1347 3623 1400 αἱ
3648 1347 3823 1401 διαδο-

2250 1440 2361 1513 χαί.
2393 1440 2645 1494 Τοιοῦτόν
2667 1457 2719 1492 τι
2740 1439 2979 1493 διδάσκει
3020 1438 3116 1491 καὶ
3165 1437 3261 1491 νῦν
3291 1439 3321 1490 ὁ
3375 1436 3550 1506 λόγος,
3580 1436 3657 1501 ὡς
3696 1438 3826 1509 περ)⁵

2251 1534 2400 1586 σίτου
2441 1532 2535 1584 καὶ
2586 1530 2872 1601 ἀσταχύων
2925 1532 3155 1601 αἴνιγμα
3201 1529 3395 1591 διδούς.
3436 1529 3651 1600 Ἐπειδὴ
3693 1530 3821 1600 γὰρ,

2251 1626 2404 1697 φησὶ,
2434 1624 2637 1695 Κυρίου
2665 1623 2758 1679 τοῦ
2806 1622 2941 1677 Θεοῦ
2998 1640 3090 1675 σου
3148 1622 3249 1675 ούκ
3277 1620 3572 1693 ἐμνήσθης,
3622 1622 3825 1694 ταύτης

2247 1719 2414 1773 ἕνεκα
2442 1718 2539 1788 τῆς
2568 1718 2747 1780 αίτίας
2775 1716 3003 1770 ἄπιστον
3034 1716 3211 1779 ἔσται,
3239 1715 3334 1768 καὶ
3358 1715 3458 1768 οὐκ
3481 1715 3716 1784 ἀσφαλὲς
3743 1718 3823 1780 εἰς

2246 1812 2587 1883 διατήρησιν,
2619 1812 2757 1879 ὅπερ
2787 1809 2855 1863 ἂν
2884 1807 3157 1880 φυτεύσῃς
3186 1808 3458 1877 φύτευμα,
3514 1806 3657 1859 τοῦτ’
3686 1807 3820 1874 ἐστι,

566 1909 789 1962 Pntabis
833 1909 977 1963 enim
1033 1919 1083 1962 te
1131 1908 1495 1971 multitudine,
1539 1907 1730 1976 inquit,
1773 1908 1991 1971 niti;at
2034 1921 2135 1960 non

2242 1904 2302 1957 τὸ
2332 1907 2396 1958 ἐκ
2425 1903 2592 1975 μέσου
2630 1902 2852 1972 σπέρμα
2880 1918 2939 1955 τε
2998 1901 3092 1955 καὶ
3121 1900 3297 1970 γένος.
3346 1902 3513 1954 Ὅταν
3532 1899 3589 1953 δέ
3625 1900 3824 1969 φυτεύ-

563 2012 689 2052 vere
717 1997 1008 2068 reputabis.
1044 1995 1323 2067 Spicarum
1357 1997 1498 2052 enim
1524 1996 1575 2049 in
1608 2012 1811 2051 morem
1844 1997 2057 2060 cadent,
2085 2005 2142 2049 et

564 2104 713 2159 spem
744 2090 795 2143 in
830 2090 934 2144 illis
960 2088 1180 2143 omnino
1208 2090 1445 2159 reperies
1465 2102 1587 2143 esse
1618 2089 1880 2144 inutilem.
1902 2087 1957 2141 Si
1984 2102 2142 2143 mane

563 2182 822 2245 seminas,
850 2180 903 2234 id
934 2189 1038 2247 est,
1079 2179 1123 2234 si
1156 2179 1208 2232 in
1235 2179 1353 2235 luce
1374 2180 1628 2245 versaris,
1652 2190 1707 2234 et
1734 2181 1948 2235 demum
1980 2193 2142 2250 agno-

562 2270 707 2325 veris
742 2279 934 2324 natura
962 2280 1019 2324 et
1044 2284 1171 2324 vere
1200 2270 1549 2325 exsistentem
1582 2270 1885 2334 Dominum,
1921 2284 2141 2325 servan-

562 2370 668 2417 tem
704 2360 861 2416 facile
891 2371 947 2417 et
980 2361 1047 2417 ad
1075 2362 1443 2433 opitulandum
1488 2371 1792 2433 potentem,
1842 2373 1969 2417 tunc
1998 2364 2141 2432 quod

560 2466 642 2509 est
667 2456 960 2525 plantatum
989 2456 1201 2514 ﬂorcbit
1240 2459 1292 2513 in
1334 2474 1596 2524 messem,
1631 2460 1681 2514 id
1710 2469 1813 2525 est,
1846 2457 2141 2514 fructiﬁca-

561 2545 656 2599 bit.
694 2544 902 2601 Etenim
952 2549 1291 2603 immaturam
1337 2551 1539 2619 spicam
1574 2551 1842 2615 consumi,
1890 2551 2141 2621 agricolis

560 2635 720 2690 allert
754 2648 863 2690 tum
898 2636 1161 2703 laborum,
1198 2650 1306 2692 tum
1336 2641 1450 2709 spei
1476 2640 1740 2710 jacturam
1767 2660 1779 2694 :
1812 2643 1878 2694 ad
1911 2655 2139 2696 messem

564 2740 691 2779 vero
745 2729 1060 2795 pervenire,
1114 2734 1266 2799 spem
1320 2731 1411 2784 dat
1442 2731 1703 2785 bonorum
1750 2730 2137 2800 plenissimam.

558 2814 801 2873 Florehit
841 2819 1003 2887 igitur
1029 2820 1081 2874 itt
1114 2835 1368 2888 messem,
1406 2823 1457 2875 id
1500 2832 1603 2885 est,
1647 2823 1859 2891 plenum
1907 2823 2137 2877 fructum

562 2912 698 2964 l'cret
731 2920 819 2965 tua
854 2913 1136 2982 plantatio,
1163 2916 1380 2983 quando
1404 2917 1463 2969 lit
1489 2916 1581 2969 tibi
1606 2931 1780 2982 mane,
1806 2916 1853 2969 id
1882 2926 1983 2982 est,
2017 2932 2138 2971 cum

560 3005 709 3058 velut
746 3006 795 3059 in
828 3006 948 3059 luce
972 3021 1035 3060 ac
1062 3008 1171 3072 die,
1203 3017 1258 3061 et
1294 3009 1343 3061 in
1383 3009 1660 3077 agnitione
1691 3008 1783 3063 Dei
1814 3010 2014 3063 versari
2045 3010 2141 3063 de-

559 3097 931 3165 prehenderis.
977 3096 1127 3153 Tunc
1166 3108 1221 3154 et
1247 3102 1399 3169 quasi
1450 3108 1604 3170 pater
1657 3101 1891 3157 hominis
1934 3113 2137 3157 sortem

559 3189 930 3257 snppeditabis
997 3190 1119 3245 [iliis
1188 3192 1292 3244 tuis
1361 3208 1375 3245 :
1440 3191 1771 3247 transmittes
1846 3193 1990 3247 enim
2068 3193 2135 3246 ad

559 3278 700 3333 ﬁlios
765 3280 907 3335 velut
979 3291 1178 3337 sortem
1251 3282 1540 3353 quamdam
1615 3299 1679 3339 ac
1749 3285 2131 3355 patrimonium

558 3370 721 3425 animi
755 3373 1215 3443 tranquillitatem,
1248 3386 1301 3431 et
1338 3376 1577 3447 supremi
1618 3378 1806 3432 auxilii
1832 3378 2134 3433 communi-

556 3465 847 3523 cationem.

629 3735 792 3791 Vnus.
832 3736 918 3800 12,
946 3737 1029 3791 15.
1067 3735 1153 3791 Va:
1176 3738 1504 3790 multitudini
1532 3738 1759 3807 gentium
1797 3737 2078 3791 multarum
2112 3739 2132 3791 !

2243 2012 2362 2069 σῃς,
2406 1996 2500 2051 καὶ
2529 1994 2664 2048 πολὺ
2688 1994 2913 2063 γεγονὸς
2945 1993 3081 2065 ἴδῃς,
3121 1993 3242 2045 τότε
3272 1993 3615 2064 πλανηθήσῃ.
3647 1994 3821 2064 Οίήσῃ

2244 2088 2343 2159 μὲν
2361 2089 2488 2158 γὰρ,
2512 2087 2665 2158 φησι,
2694 2086 2768 2156 τῷ
2791 2085 2983 2153 πλήθει
3006 2083 3380 2156 τεθαρσηκὼς,
3401 2084 3513 2139 ἀλλ’
3528 2085 3628 2138 ούκ
3647 2084 3820 2156 ἀληθῆ

2240 2180 2417 2251 λογιῇ.
2451 2179 2769 2249 Ἀσταχύων
2796 2177 2905 2249 γὰρ
2930 2176 3086 2246 δίκην
3111 2176 3418 2237 πεσοῦνται,
3445 2176 3538 2229 καὶ
3567 2175 3822 2244 ἀνόνητον

2239 2274 2495 2342 εὑρήσεις
2529 2270 2811 2333 παντελῶς
2834 2269 2934 2340 τὴν
2970 2268 3061 2321 ἐπί
3100 2286 3162 2337 γε
3188 2267 3395 2329 τούτοις
3415 2268 3625 2321 ἐλπίδα.
3661 2268 3733 2320 Τὸ
3764 2267 3821 2321 δὲ

2243 2364 2389 2436 πρωῒ
2416 2364 2511 2416 ἐὰν
2544 2362 2793 2433 σπείρης,
2815 2360 2959 2413 τοῦτ’
2989 2359 3157 2423 ἐστιν,
3186 2360 3246 2411 ἐν
3279 2360 3419 2429 φωτὶ
3449 2359 3707 2428 γεγονὼς,
3725 2358 3821 2412 καὶ

2239 2456 2423 2509 λοιπὸν
2443 2456 2697 2522 ἐπιγνοὺς
2724 2453 2815 2506 τὸν
2842 2451 3000 2522 φύσει
3030 2469 3089 2504 τε
3112 2452 3205 2505 καὶ
3229 2450 3441 2523 ἀληθῶς
3467 2451 3594 2504 ὄντα
3617 2450 3821 2504 Δεσπό-

2240 2567 2359 2620 την,
2410 2548 2652 2613 σώζοντά
2696 2564 2755 2599 τε
2792 2546 2988 2617 ῥαδίως
3042 2546 3137 2598 καὶ
3184 2546 3493 2615 ἐπικουρεῖν
3544 2544 3817 2614 ἰσχύονταο

2238 2641 2363 2693 τότε
2392 2641 2452 2692 τὸ
2475 2638 2900 2708 πεφυτευμένον,
2929 2637 3047 2708 ήτοι
3078 2635 3432 2707 κατασωρέν
3464 2634 3687 2705 ἀνθήσει
3734 2636 3817 2697 εἰς

2239 2732 2471 2803 ἀμητὸν,
2502 2730 2654 2784 τοῦτ’
2676 2730 2812 2792 ἐστι,
2861 2726 3409 2799 τελεσφορηθήσεται·
3435 2727 3495 2780 τὸ
3526 2726 3635 2798 γὰρ
3683 2727 3819 2799 πρόο

2240 2841 2383 2895 ωρον
2416 2821 2757 2875 δαπανᾶσθαι
2809 2819 2901 2872 τὸν
2958 2818 3221 2890 ἄσταχυν,
3270 2818 3473 2890 ζημίαν
3516 2819 3609 2872 καὶ
3643 2818 3819 2871 πόνων

2240 2916 2335 2968 καὶ
2358 2913 2570 2976 ἐλπίδος
2594 2914 2813 2983 ἐμποιεῖ
2840 2912 2949 2973 τοῖς
2969 2913 3227 2980 γηπονεῖν
3258 2911 3523 2963 εἰωθόσιν·
3546 2912 3607 2964 τό
3624 2929 3687 2979 γε
3711 2912 3818 2981 μὴν

2239 3008 2321 3070 εἰς
2347 3004 2557 3075 ἀμητδν
2595 3004 2789 3065 ἐλθεῖν,
2826 3002 3207 3072 πληρεστάτην
3237 3002 3418 3055 δίδωσι
3442 3003 3541 3072 τὴν
3570 3004 3655 3054 ἐπ’
3681 3005 3819 3070 ἀγα-

2241 3099 2351 3161 θοῖς
2376 3098 2585 3150 ἐλπίδα.
2628 3096 2877 3164 Ἀνθήσει
2909 3094 3091 3147 τοίνυν
3120 3096 3198 3157 είς
3226 3094 3455 3165 ἀμητδν,
3506 3093 3652 3147 τοῦτ’
3678 3094 3815 3157 ἔστι,

2239 3187 2767 3259 τελεσφορηθήσεται
2822 3185 2885 3239 τὸ
2935 3185 3026 3238 σὸν
3077 3184 3349 3255 φύτευμα.
3406 3186 3571 3239 ὅτ’ἂν
3595 3185 3817 3256 γένηταί

2239 3297 2323 3333 σοι
2356 3278 2519 3351 πρωῒ,
2552 3278 2696 3331 τοῦτ’
2725 3278 2891 3343 ἐστιν,
2918 3279 3045 3331 ὅταν
3069 3277 3299 3348 εὑρεθῇς
3345 3277 3421 3341 ὡς
3464 3280 3522 3330 ἐν
3545 3278 3682 3347 φωτὶ
3722 3280 3818 3332 καὶ

2238 3372 2425 3442 ἡμέρᾳ
2459 3370 2553 3423 καὶ
2586 3371 2643 3422 ἐν
2670 3368 2962 3435 ἐπιγνώσει
3001 3366 3136 3420 Θεοῦ
3169 3368 3424 3435 γεγονώς.
3456 3367 3586 3419 Τότε
3625 3367 3720 3421 καὶ
3740 3367 3816 3430 ὡς

2236 3465 2419 3535 πατὴρ
2453 3463 2740 3533 ἀνθρώπου
2773 3460 3030 3533 κληρώσῃ
3063 3463 3173 3523 τοῖς
3200 3462 3333 3522 υἱοῖς
3364 3476 3478 3513 σου.
3510 3460 3814 3532 Παραπέμ-

2233 3558 2356 3627 ψεις
2376 3558 2485 3627 γὰρ
2514 3558 2592 3618 εἰς
2619 3556 2773 3616 υἱοὺς
2822 3554 3074 3625 καθάπερ
3103 3553 3224 3606 τινὰ
3282 3552 3479 3623 κλῆρον
3528 3554 3625 3625 τὴν
3656 3553 3816 3606 εὐθυ-

2234 3651 2364 3722 μίαν
2411 3651 2505 3702 καὶ
2531 3649 2631 3717 τῆς
2659 3648 2863 3702 ἄνωθεν
2897 3647 3214 3719 ἐπικουρίας
3260 3646 3356 3717 τὴν
3390 3645 3623 3717 μέθεξιν.

2306 3742 2451 3796 Οὐαὶ
2476 3741 2707 3809 πλῆθος
2739 3741 2930 3795 ἐθνῶν
2958 3738 3204 3794 πολλῶν
3222 3739 3241 3791 .¹
3274 3739 3354 3804 ὡς
3394 3738 3677 3793 θάλασσα
3705 3757 3809 3793 κυ-

556 3828 691 3883 sicul
733 3845 877 3881 mare
909 3830 1194 3893 ﬂuctuans,
1226 3829 1301 3881 sic
1333 3830 1795 3889 conturbabimini.
1826 3841 1873 3882 et
1915 3831 2129 3882 dorsum

2240 3834 2553 3900 μαίνουσα.
2571 3833 2725 3886 οὕτω
2756 3832 3209 3901 ταραχθήσεσθε
3235 3846 3246 3858 ·
3278 3829 3375 3883 καὶ
3404 3829 3593 3894 νῶτος
3622 3830 3813 3884 ἐθνῶν

556 3920 787 3990 gentium
819 3919 1128 3983 multarum,
1162 3931 1411 3987 tauquam
1445 3937 1580 3989 aqua
1613 3922 1853 3983 sonabit;
1881 3931 2129 3990 tanquam

558 4028 697 4080 aqua
724 4012 910 4073 multa,
937 4023 1107 4079 gentes
1143 4014 1341 4073 multw,
1373 4013 1521 4080 quasi
1560 4028 1711 4082 aqua:
1746 4014 1923 4066 multae
1953 4015 1998 4066 vi
2032 4014 2131 4064 im-

554 4105 743 4173 pulsaa.
794 4102 861 4157 Et
916 4105 1279 4157 exlermiuabit
1322 4120 1460 4169 eum,
1495 4114 1541 4158 et
1601 4105 1749 4173 longe
1790 4122 1906 4157 eum
1951 4121 2128 4173 perse-

554 4206 761 4265 quetur,
796 4207 851 4248 ut
886 4195 1143 4264 pulverem
1171 4197 1336 4263 palea:
1360 4196 1723 4249 ventilanlium
1750 4212 1927 4250 coram
1956 4207 2126 4263 vento,

554 4297 604 4341 et
638 4290 790 4355 quasi
819 4288 1077 4355 pulverem
1111 4298 1238 4340 rotae
1272 4298 1545 4355 tempestas
1578 4289 1864 4358 impellens.

627 4380 742 4434 Non
800 4380 1053 4449 relinquit
1098 4379 1369 4434 lsraelitas
1419 4382 1787 4435 consolatione
1842 4385 2127 4439 destitutos

556 4473 924 4527 univcrsitatis
957 4473 1096 4527 Deus
1122 4475 1395 4528 hominum
1427 4490 1634 4539 amans,
1667 4491 1923 4545 spemque
1958 4479 2125 4531 bono-

2232 3924 2512 3989 πολλῶν,
2546 3924 2627 3989 ὠς
2656 3923 2811 3991 ὕδωρ
2856 3924 3077 3992 ἠχήσει
3111 3938 3125 3951 θ
3160 3923 3241 3988 ὡς
3284 3922 3441 3991 ὕδωρ
3470 3922 3629 3976 πολὺ
3666 3923 3809 3991 ἔθνη

2232 4017 2454 4082 πολλὰ,
2472 4016 2550 4082 ὡς
2566 4016 2781 4081 ὕδατος
2807 4016 3039 4069 πολλοῦ
3051 4016 3160 4081 ,ϐίᾳ
3180 4015 3680 4083 καταφερομένου.
3701 4016 3809 4069 Καὶ

2230 4110 2656 4178 ἀποσκορακιεῐ
2684 4107 2888 4171 αὐτὸν,
2922 4108 3019 4161 καὶ
3052 4108 3248 4176 πόρῤω
3286 4107 3473 4159 αὑτὸν
3507 4106 3808 4171 διώξεται,

2230 4204 2311 4269 ὡς
2354 4201 2545 4272 χνοῦν
2574 4202 2801 4270 ἀκύρου
2842 4199 3187 4269 λικμώντων
3219 4197 3506 4253 ἀπέναντι
3544 4198 3768 4267 ἀνέμου
3790 4238 3805 4251 .

2231 4295 2329 4349 καὶ
2357 4296 2437 4361 ὡς
2473 4294 2779 4361 κονιορτὸν
2815 4293 3029 4362 τροχοῦ
3067 4292 3333 4360 καταιγὶς
3357 4290 3644 4360 φέρουσα.

2303 4390 2418 4441 Ούκ
2452 4386 2872 4458 ἀπαρακλήτους
2906 4387 2972 4455 ἐᾷ
3010 4385 3135 4447 τοὺς
3164 4384 3222 4450 ἐξ
3264 4384 3476 4455 Ἰσραὴλ
3507 4382 3809 4453 φιλάνθρωο

2234 4498 2334 4542 πος
2383 4479 2457 4532 ὢν
2504 4480 2531 4530 ὁ
2564 4479 2671 4531 τῶν
2720 4478 2855 4531 ὅλων
2898 4478 3051 4540 Θεὸς,
3085 4475 3569 4528 συνεισῆἀλλουσαν
3619 4475 3675 4528 δὲ
3730 4476 3810 4545 τῷ

556 4583 671 4619 rum
714 4582 834 4619 eum
884 4578 1027 4618 metu
1071 4581 1436 4634 saepenumero
1460 4566 1624 4636 270
1650 4567 1778 4621 facit
1816 4568 2125 4639 conﬂigere,

2240 4573 2385 4642 φόϐῳ
2413 4571 2511 4641 τὴν
2556 4573 2640 4623 ἐπ’
2675 4571 2897 4638 ἀγαθοῖς
2945 4568 3133 4622 ἐλπίδα
3184 4570 3421 4620 ποιεῖται
3470 4566 3804 4631 πλειστάκις,

554 4660 713 4726 idque
744 4667 886 4726 apte,
912 4667 968 4710 ut
996 4658 1729 4726 utrinquejuvetaudientes.
1766 4658 1915 4724 Quod
1949 4662 2131 4730 itaque

550 4749 798 4801 civitates
839 4760 1026 4801 eorum
1069 4748 1121 4799 in
1153 4748 1541 4803 desolationem
1581 4751 1883 4820 redigenda:
1925 4760 2127 4816 essent,

551 4841 749 4892 dictum
791 4850 875 4892 est
919 4837 1203 4893 manifesto
1232 4858 1243 4893 :
1278 4850 1331 4892 et
1362 4856 1481 4909 qua:
1520 4839 1863 4896 aﬂlictionum
1894 4846 2127 4910 occasio,

550 4934 751 4997 docuit,
784 4946 904 4985 cum
933 4933 1008 4984 ait
1035 4949 1047 4985 :
1082 4931 1422 5000 Dereliquisti
1447 4933 1727 4986 Dominum
1768 4934 1931 4988 Deuut
1955 4942 2126 5001 tuum,

552 5036 605 5078 et
634 5025 843 5079 Domini
867 5023 960 5078 Dei
988 5025 1065 5077 tui
1100 5024 1361 5091 adjtttoris
1391 5042 1493 5080 non
1518 5028 1827 5080 recordatus
1846 5041 1926 5080 es.
1949 5025 2052 5079 Sed
2084 5027 2130 5081 is

551 5120 639 5187 qui
657 5118 943 5187 percussit,
961 5117 1246 5171 confestim
1260 5132 1317 5172 se
1332 5129 1641 5171 curaturum
1658 5118 1939 5187 promittit.
1956 5117 2131 5188 Expo—

554 5214 630 5263 nit
655 5220 833 5264 autem
856 5210 1110 5276 quiddam
1131 5210 1272 5279 quod
1293 5210 1511 5272 accidit,
1529 5213 1670 5279 quod
1690 5222 1906 5281 propter
1923 5212 2127 5266 utilita-

555 5311 658 5354 tem
678 5302 863 5369 paucis
892 5302 1073 5355 dicere
1103 5316 1327 5355 necesse
1356 5312 1456 5355 est.
1492 5301 1720 5356 Ezecbia
1749 5304 1854 5357 illis
1879 5304 2130 5374 tempori-

550 5395 651 5447 bus
668 5397 816 5463 regni
843 5396 1023 5448 sedem
1042 5403 1339 5464 oceupantc
1381 5393 1789 5465 Hierosolymis,
1814 5397 2127 5452 Sennaclte-

554 5486 655 5537 ritu
685 5500 777 5537 rex
804 5485 1145 5556 Assyriorum
1168 5495 1352 5539 contra
1375 5487 1535 5540 urbes
1557 5486 1751 5541 Iudam
1778 5489 2009 5541 munitas
2034 5502 2128 5541 ex-

551 5575 820 5643 peditione
838 5574 999 5639 facta,
1021 5591 1113 5629 eas
1138 5578 1297 5645 cepit.
1340 5576 1608 5645 Scriptum
1640 5587 1723 5631 est
1748 5579 1891 5631 enim
1924 5578 2122 5633 sic‘":

554 5669 686 5722 Dein
739 5668 949 5736 ablegat
1000 5667 1296 5735 liapsacem
1341 5685 1407 5723 ex
1464 5668 1669 5726 Laches
1720 5668 2017 5727 Jerusalem
2066 5684 2123 5726 ut

624 5850 691 5881 ’δι’
721 5846 785 5903 1V
820 5847 949 5920 Reg.
994 5863 1149 5913 xvm,
1182 5863 1298 5901 xix.

2234 4665 2328 4717 xui.
2375 4663 2531 4716 τοῦτο
2583 4661 2959 4731 οἰκονομικῶς,
2993 4662 3081 4714 ἵνα
3105 4660 3171 4712 δι’
3210 4660 3408 4730 ἀμφοῖν
3456 4658 3636 4729 ὡφελῇ
3682 4659 3808 4720 τοὺς

2234 4753 2639 4825 ἀκροωμένους.
2692 4754 2814 4805 Ὅτι
2860 4753 3040 4805 τοίνυν
3094 4751 3543 4822 ἐρημωθήσονται
3601 4750 3699 4820 μὲν
3751 4753 3807 4804 αἱ

2232 4848 2417 4909 πόλεις
2466 4846 2664 4909 αὐτῶν,
2699 4845 2914 4916 εἴρηται
2945 4845 3130 4913 σαφῶς
3152 4861 3164 4873 ·
3213 4844 3306 4896 καὶ
3334 4843 3459 4895 ποία
3490 4841 3679 4909 γέγονε
3712 4835 3805 4889 τοῦ

2235 4938 2424 4991 παθεῖν
2452 4939 2485 5007 ή
2516 4938 2807 5008 πρόφασις,
2839 4936 3041 5001 ἐδίδαξε
3069 4936 3271 5004 λέγων,
3298 4937 3380 4988 ὅτι
3418 4930 3805 5001 Ἐγκατέλιπες

2232 5029 2437 5101 Κύριον
2483 5028 2572 5081 τὸν
2605 5028 2734 5081 Θεόν
2769 5045 2864 5081 σου
2890 5069 2905 5091 ,
2948 5028 3042 5081 καὶ
3075 5027 3275 5098 Κυρίου
3323 5024 3414 5078 τοῦ
3465 5020 3659 5094 βοηθοῦ
3709 5036 3805 5072 σου

2232 5123 2331 5175 οὐκ
2388 5121 2681 5193 ἐμνήσθης.
2729 5121 2913 5175 Ἀλλ’ὁ
2955 5121 3167 5191 πλήξας
3211 5120 3371 5181 εὐθὺς
3416 5116 3804 5185 ἐπαγγέλλεται

2232 5212 2327 5265 καὶ⁵
2380 5212 2592 5282 μοτοῦν.
2654 5213 2959 5282 Ἐξηγεῖται
3013 5212 3071 5265 δέ
3115 5229 3170 5264 τι
3219 5209 3579 5282 συμϐεϐηκὸς,
3632 5207 3661 5260 ὃ
3709 5206 3803 5259 καὶ

2232 5304 2405 5356 εἰπεῖν
2431 5304 2723 5373 ἀναγκαῖον
2742 5305 2817 5367 ὼς
2849 5304 2927 5357 ἔνι
2956 5305 3135 5373 λόγοις
3160 5304 3249 5357 διὰ
3270 5303 3367 5373 τὴν
3401 5301 3608 5372 χρείαν.
3657 5297 3803 5361 Ἐζε-

2234 5392 2352 5463 χίου
2415 5394 2556 5447 κατὰ
2607 5395 2834 5465 καιροὺς
2881 5395 3007 5459 τοὺς
3057 5397 3157 5465 τῆς
3204 5392 3478 5464 βασιλείας
3530 5390 3801 5451 διέποντος

2233 5488 2453 5560 θρόνους
2496 5490 2554 5540 ἐν
2598 5492 2711 5551 τοῖς
2769 5486 3183 5558 Ἱεροσολύμοις,
3219 5482 3382 5553 ἀνέϐη
3436 5478 3803 5549 Σενναχηρεὶμ

2235 5580 2485 5650 βασιλεὺς
2529 5579 2828 5651 Ἀσσυρίων
2871 5580 2964 5631 ἐπὶ
3009 5579 3105 5641 τὰς
3156 5576 3337 5637 πόλεις
3387 5572 3643 5632 ἰουδαίας
3704 5569 3802 5630 τὰς

2230 5672 2453 5743 ὀχυρὰς,
2479 5674 2572 5726 καὶ
2601 5671 2792 5725 ἐλαϐεν
2817 5672 3007 5735 αὐτάς.
3036 5670 3347 5741 Γέγραπται
3376 5667 3484 5737 γὰρ
3516 5664 3611 5718 ὡδί
3630 5679 3642 5693 ·
3669 5654 3802 5716 Εῑτι
