4148 6378
506 406 614 464 455

1495 410 1550 466 S.
1593 411 1869 468 CYRILLI
1911 412 2375 504 ΑιΕΧΑΝυιιιΝι
2416 415 2733 472 ᾹΒΟΗΙΕΡ.

3655 407 3763 469 458

508 527 738 581 Judaica
778 527 1132 599 proﬂigante.
1188 529 1300 584 Hoc
1326 532 1490 584 etiam
1521 534 1712 588 beatus
1769 535 1936 588 David
1991 537 2078 590 in-

2187 555 2347 609 μενον
2390 537 2741 602 ἐξελάσαντος
2781 537 2878 608 τῆς
2924 536 3190 591 Ἰουδαίων
3219 536 3339 608 γῆς.
3389 537 3560 590 Τοῦτο
3599 536 3690 589 καὶ
3732 539 3761 591 ὁ

513 628 862 689 terpretatur,
889 622 1073 676 dicens
1101 637 1116 675 :
1147 642 1164 674 t
1200 623 1420 692 Vesperi
1451 627 1876 681 commorabitur
1898 627 2080 693 fletus,

505 721 560 766 et
599 727 756 766 mane
779 713 1073 768 exsultatio
1107 715 1172 768 “.
1213 735 1231 767 ι
1270 714 1374 770 Sed
1403 717 1537 784 haec,
1564 719 1761 787 inquit,
1791 735 1932 787 sors,
1969 721 2082 776 haec

507 816 631 868 pars
666 817 850 857 eorum
882 805 971 874 qui
1010 807 1230 875 praadati
1272 819 1399 862 sunt
1451 824 1572 873 vos,
1619 821 1672 865 et
1725 813 1873 867 velut
1921 827 2079 868 suum

511 895 896 960 patrimonium
922 898 1285 968 diripuerunt.
1339 901 1608 957 Convellit
1669 905 1756 959 hic
1801 903 2080 972 lsraelem,

503 986 647 1053 quod
697 1001 756 1040 ea
799 987 1204 1058 designaverint
1253 992 1375 1060 ipsi,
1411 997 1551 1049 unde
1599 1012 1696 1065 par
1722 1009 1839 1051 erat
1867 1011 2080 1069 gentem

509 1084 677 1128 totam
709 1077 968 1132 radicitus
1000 1080 1189 1134 deleri.
1227 1081 1654 1139 Commiseratur
1713 1103 1898 1142 rursus
1942 1090 2080 1158 ipse,

503 1176 557 1220 et
592 1179 766 1223 morte
813 1170 1035 1227 mulctat
1073 1187 1166 1228 eos
1206 1176 1296 1243 qui
1327 1177 1578 1246 populum
1612 1179 1712 1232 sibi
1751 1182 2078 1235 destinatum

505 1260 886 1329 diripuerant:
927 1285 945 1316 ι
979 1265 1172 1322 Divisit
1223 1269 1370 1323 enim
1400 1311 1415 1335 ,
1483 1272 1668 1341 inquit
1696 1315 1710 1338 ,
1770 1274 2082 1330 Altissimus

506 1361 716 1420 gentes,
762 1353 1018 1422 dispersit
1059 1356 1198 1412 ﬁlios
1226 1357 1399 1412 Adam
1429 1401 1443 1424 ,
1493 1364 1776 1416 constituit
1811 1366 2076 1419 terminos

505 1443 918 1511 gentiumjuxta
957 1463 1240 1504 numerum
1279 1452 1593 1520 angelorum
1630 1453 1743 1509 Dei.
1799 1455 1863 1510 Et
1905 1456 2080 1512 factus

505 1542 590 1586 cst
622 1536 798 1602 portio
851 1537 1062 1592 Domini
1119 1541 1346 1610 pepulus
1401 1542 1519 1611 ejus
1567 1543 1757 1610 Jacob,
1811 1547 2081 1604 funiculus

507 1625 836 1682 ltatreditatis
854 1629 968 1698 ejus
996 1629 1160 1686 Israel
1178 1633 1267 1687 δ”.
1284 1653 1301 1683 ι
1323 1634 1588 1690 Caeterum
1616 1638 1723 1692 hoc
1747 1639 1878 1692 mihi
1904 1640 2080 1694 adhuc

2187 633 2453 703 μακάριος
2505 631 2668 685 Δαϐὶό
2729 631 3004 701 ἐξηγεῖται
3059 629 3266 698 λέγων·
3327 649 3346 681 ι
3403 629 3478 682 Τὸ
3523 629 3762 700 ἑσπέρας

2185 722 2568 793 αὐλισθήσεται
2606 722 2901 792 κλαυθμὸς,
2932 722 3028 775 καὶ
3056 724 3137 785 εἰς
3161 721 3308 791 πρωῒ
3355 722 3698 791 ἀγαλλίασις.
3736 742 3754 773 ι

2199 815 2336 870 Ἀλλ’
2373 810 2546 879 οὗτος,
2591 817 2774 885 φησὶν,
2819 818 2847 868 ὁ
2874 814 3110 887 κλῆροςο
3144 813 3282 886 αὕτη
3325 814 3382 868 δὲ
3413 816 3507 869 καὶ
3538 817 3570 887 ἡ
3605 817 3762 888 μερὶς

2182 908 2292 963 τῶν
2347 910 2490 978 ὑμᾶς
2541 909 3027 979 προνομευσάντων
3081 907 3175 961 καὶ
3227 906 3636 978 διαρπαζόντων
3686 908 3763 970 ὡς

2186 1000 2315 1056 ἴδιον
2345 1000 2567 1072 κλῆρον.
2607 1000 2972 1063 Κατονειδίζει
3014 999 3104 1054 διὰ
3145 997 3352 1052 τούτων
3393 1000 3521 1062 τοὺς
3564 998 3622 1064 ἐξ
3661 1000 3762 1052 Ἰσ-

2185 1092 2341 1164 ραὴλ,
2383 1093 2465 1146 ὅτι
2510 1093 2826 1164 πεπράχασι
2869 1094 2967 1163 μὲν
3008 1092 3162 1145 αὐτοὶ
3197 1090 3266 1144 τὰ
3296 1090 3364 1144 δι’
3392 1085 3467 1145 ὧν
3515 1086 3583 1160 ἦν
3614 1090 3762 1154 εἰκὸς

2182 1183 2459 1254 ὁλόρῤιζον
2489 1182 2783 1237 ἀπολέσθαι
2810 1182 2871 1235 τὸ
2898 1182 3069 1246 ἔθνος,
3119 1181 3481 1252 κατοικτείρει
3509 1179 3565 1233 δέ
3598 1180 3762 1234 πάλιν

2183 1274 2365 1338 αὐτὸς,
2415 1275 2508 1329 καὶ
2549 1275 2765 1346 θανάτῳ
2813 1274 3031 1338 κολάζει
3065 1275 3193 1338 τοὺς
3236 1272 3635 1345 διαρπάζοντας
3667 1273 3761 1326 τὸν

2183 1367 2555 1440 ἐκνεμηθέντα
2581 1368 2706 1421 λαὸν
2733 1367 2903 1437 αὐτῷ.
2928 1368 3088 1420 «Ὅτε
3121 1367 3250 1438 γὰρ,
3284 1366 3438 1437 φησι,
3455 1362 3763 1436 διεμέριζεν

2181 1462 2210 1514 ὁ
2233 1461 2494 1530 ’Υψιστος
2520 1459 2670 1527 ἔθνη,
2696 1460 2770 1523 ὼς
2797 1460 3100 1531 διέσπειρεν
3125 1458 3275 1521 υἱοὺς
3315 1457 3504 1527 Ἀδάμ,
3537 1456 3762 1524 ἔστησεν

2182 1555 2307 1624 ὅρια
2348 1553 2516 1608 ἐθνῶν
2550 1553 2690 1607 κατὰ
2737 1553 2969 1624 ἀριθμὸν
3002 1551 3251 1620 ἀγγέλων
3283 1550 3420 1603 Θεοῦ
3443 1567 3458 1580 ο
3509 1549 3603 1604 καὶ
3641 1549 3763 1616 ἐγε-

2183 1643 2320 1713 νήθη
2359 1643 2517 1714 μερὶς
2565 1643 2802 1712 Κυρίου·
2843 1642 2970 1704 λαὸς
3013 1641 3178 1695 αὐτοῦ
3215 1640 3428 1705 Ἰακὼϐ,
3474 1640 3763 1712 σχοίνισμα

507 1720 876 1788 contemplare
920 1724 1262 1779 articulatius
1315 1736 1369 1781 et
1421 1729 1696 1793 subtilius,
1733 1742 1788 1785 et
1839 1731 2002 1786 veluti
2050 1749 2079 1786 a

2184 1737 2547 1809 κληρονομίας
2589 1737 2752 1791 αὐτοῦ
2795 1737 3026 1808 Ἰσραήλ.
3070 1755 3088 1789 ι
3131 1735 3291 1789 Ἀλλά
3331 1753 3420 1806 μοι
3457 1735 3594 1806 πρὸς
3635 1735 3761 1787 τού-

506 1809 669 1863 rehus
698 1814 863 1880 gestis
902 1814 1177 1882 historice,
1209 1819 1275 1870 ad
1313 1820 1609 1887 peuitiores
1641 1823 1910 1876 descende
1951 1837 2081 1876 seu-

2183 1845 2297 1890 τοις
2324 1828 2542 1880 κάκεῖνο
2569 1827 2725 1897 ἄθρει
2751 1827 2982 1890 λεπτῶς,
3031 1827 3124 1880 καὶ
3151 1827 3224 1890 ὡς
3254 1825 3360 1881 ἀπό
3387 1842 3449 1891 γε
3482 1825 3590 1878 τῶν
3620 1827 3762 1878 ἱστοο

508 1901 722 1954 tentias.
751 1901 884 1955 Cutn
919 1903 1095 1973 iutpite
1126 1916 1179 1960 et
1213 1907 1539 1964 adversariae
1559 1921 1879 1978 potestates,
1919 1928 2074 1983 aquae

2183 1917 2351 1990 ρικῶς
2404 1920 2703 1987 γεγονότων
2756 1922 2835 1982 είς
2867 1919 3076 1982 ἐννοίας
3123 1917 3284 1990 ἔρχου
3343 1917 3442 1996 τὰς
3481 1917 3757 1970 ἐσωτάτω.

507 1992 757 2047 violenta:
813 1994 982 2049 instar
1034 1999 1084 2050 in
1137 2009 1374 2054 nostram
1419 2002 1657 2057 animam
1711 2002 1937 2072 eﬂ'usaa,
1995 2007 2077 2060 vel

503 2087 745 2138 externis
777 2087 1096 2144 invadentes
1138 2093 1563 2160 tentationibns,
1615 2097 1698 2150 vel
1752 2098 1928 2152 insitis
1960 2113 2079 2151 mo-

507 2178 648 2232 tibus
676 2182 890 2246 carnis,
949 2192 1180 2237 mentem
1235 2187 1370 2240 bene
1431 2190 1780 2244 constitutam
1833 2191 2081 2246 obsidere

504 2273 888 2339 aggrediuntur
921 2291 932 2324 :
963 2290 1028 2329 ne
1061 2276 1112 2328 itt
1140 2292 1390 2331 enervem
1415 2280 1753 2335 timiditatem
1790 2283 2077 2348 delabere,

503 2360 666 2430 272
695 2363 936 2430 quisquis
985 2365 1214 2433 palmam
1261 2383 1324 2422 ac
1381 2371 1583 2438 primas
1622 2370 1783 2435 ferre,
1850 2373 1958 2427 Deo
1992 2375 2082 2440 ju-

502 2463 682 2514 vante,
711 2453 938 2521 cogitas;
959 2458 1053 2509 sed
1084 2456 1155 2509 illi
1183 2457 1613 2526 potiusinnixus,
1650 2476 1864 2517 omnetn
1897 2474 2074 2520 terro—

506 2558 616 2595 rem
652 2549 1024 2614 cxsupcrabis.
1057 2549 1206 2615 Quod
1234 2551 1377 2604 enim
1412 2553 1616 2609 auxilio
1639 2555 1779 2608 illius
1811 2556 2080 2625 petiturus

505 2637 593 2699 sit,
635 2638 884 2692 dubitare
925 2641 1013 2708 qui
1059 2641 1228 2695 licet?
1267 2642 1424 2696 Novit
1471 2646 1614 2697 enim
1644 2646 1900 2702 Dominus
1958 2648 2078 2717 pios

503 2731 715 2795 eripere
752 2744 817 2784 ex
874 2732 1188 2798 teutatione,
1237 2745 1290 2788 et
1350 2736 1540 2792 beatus
1590 2737 1786 2792 Paulus
1844 2740 2077 2795 scribit:

515 2839 531 2869 ιι
573 2820 774 2875 Potens
810 2832 893 2876 est
945 2822 1104 2886 Deus,
1163 2835 1219 2877 ιιι
1263 2841 1368 2881 non
1411 2829 1692 2896 permittat
1739 2846 1833 2884 vos
1883 2833 2079 2886 tentari

504 2910 644 2963 ultra
700 2912 841 2978 quod
886 2915 1112 2980 putestis
1143 2956 1156 2980 ,
1208 2917 1302 2970 sed
1354 2916 1555 2972 eli‘tciet
1609 2935 1731 2973 cum
1789 2925 2081 2982 tentatioue

504 3003 730 3067 t-ttitutn,
766 3014 822 3056 ut
855 3006 1123 3058 sustinere
1155 3022 1248 3061 vos
1292 3009 1502 3075 qncatis
1526 3010 1588 3063 ³³.
1625 3030 1641 3059 ι
1678 3011 1743 3064 Et
1780 3023 1836 3065 ιιι
1877 3014 2080 3068 Psaltes

507 3096 579 3148 ait
615 3115 627 3148 :
663 3113 680 3144 ι
721 3095 1214 3151 Castrametabitur
1247 3100 1472 3170 angelus
1508 3101 1720 3158 Domini
1766 3105 1819 3158 in
1847 3105 2077 3161 circuitu

506 3189 807 3242 timentium
841 3205 987 3256 eum,
1012 3201 1064 3244 et
1112 3192 1307 3259 eripiet
1342 3208 1437 3246 eos
1467 3193 1533 3246 “.
1573 3215 1590 3245 ι
1647 3197 1874 3260 Quando
1913 3199 2078 3253 etiam

507 3281 678 3349 ignari
715 3298 992 3337 sacrorum
1021 3284 1331 3353 dogtnatum
1357 3285 1596 3340 haeretici
1641 3303 1735 3342 sua
1770 3285 1896 3342 freti
1947 3305 2078 3344 con-
2106 3262 2148 3318 δ

507 3375 739 3427 tumacia
774 3375 1059 3446 insurgunt
1093 3387 1279 3430 contra
1317 3379 1562 3432 veritatis
1607 3380 1864 3439 cultores.
1896 3395 2078 3435 acres-

504 3481 608 3532 que
627 3476 679 3518 et
709 3467 941 3521 audaces
972 3468 1316 3535 adoriuntur,
1370 3470 1452 3522 vel
1485 3471 1620 3525 bella
1663 3473 1976 3537 excitando,
2027 3483 2083 3529 et

507 3561 928 3626 persecutiones,
981 3562 1064 3615 vel
1103 3562 1422 3619 alﬂictiones
1467 3565 1600 3633 ipsis
1658 3567 2076 3634 acetttnulando,

506 3659 560 3703 et
593 3654 780 3718 mortis
811 3664 1037 3717 metum,
1072 3656 1424 3710 nihilominus
1454 3657 1888 3712 debilitabuntur
1910 3659 2076 3714 etiam

508 3744 560 3796 hi
602 3762 613 3796 :
657 3761 815 3797 manu
845 3747 987 3798 enim
1033 3758 1240 3802 secreta
1273 3749 1469 3802 bellum
1499 3754 1637 3819 gerit
1701 3751 1956 3805 Dominus
1982 3754 2080 3805 ad-

503 3849 694 3889 versus
721 3837 960 3900 Amalec,
993 3838 1043 3890 itt
1076 3853 1263 3891 omnes
1297 3847 1501 3900 aetates,
1537 3841 1949 3910 sictttscriptunt
1974 3850 2074 3896 est.

2187 2012 2354 2064 Ὅταν
2388 2012 2537 2082 ἡμᾶς
2573 2013 2629 2065 αἱ
2669 2011 2905 2083 πονηραί
2942 2028 3003 2064 τε
3051 2010 3146 2065 καὶ
3192 2010 3564 2079 ἀντικείμεναι
3604 2009 3762 2062 δυνά-

2192 2121 2334 2174 μεις,
2367 2103 2556 2166 ὕδατος
2605 2102 2779 2173 βιαίου
2811 2102 2967 2172 δίκην
2995 2101 3394 2172 καταχεόμεναι
3429 2100 3526 2170 τῆς
3558 2099 3757 2169 ψυχῆς,

2181 2196 2215 2264 ἢ
2248 2199 2360 2258 τοῖς
2392 2195 2592 2259 ἔξωθεν
2630 2196 2958 2265 πειρασμοῖς
2999 2193 3383 2265 ἐμϐάλλουσαι,
3432 2192 3600 2261 ἤγουν
3648 2193 3760 2254 τοῖς

2182 2287 2444 2357 ἐμφύτοις
2465 2287 2728 2356 κινήμασι
2750 2285 2849 2355 τῆς
2871 2284 3090 2355 σαρκὸς,
3115 2283 3495 2355 ἐκπολιορκεῖν
3514 2283 3760 2352 ἐπείγον-

2181 2396 2272 2431 ται
2296 2378 2389 2431 τὸν
2419 2377 2751 2448 εὺσεὸηκότα
2779 2375 2904 2431 νοῦν
2927 2393 2940 2405 ⁸
2981 2376 3055 2447 μὴ
3078 2377 3155 2439 είς
3176 2376 3384 2446 ἀδρανῆ
3417 2373 3617 2427 δειλίαν
3664 2390 3760 2426 κα-

2181 2470 2496 2523 ταπιπτέτω
2525 2487 2607 2533 τις
2627 2469 2734 2522 τῶν
2755 2467 3060 2540 ἀριστεύειν
3081 2467 3296 2520 εἰδότων
3330 2466 3467 2536 μετὰ
3491 2463 3647 2527 Θεοῦ,
3667 2464 3754 2515 ἐπ’

2183 2561 2333 2631 αὐτῷ
2380 2561 2436 2614 δὲ
2495 2560 2695 2631 μᾶλλον
2753 2560 3117 2630 ποιησάμενος
3155 2559 3253 2629 τὴν
3292 2556 3502 2621 ἐλπίδα,
3558 2555 3760 2620 παντὸς

2183 2651 2321 2705 ἔστω
2349 2651 2610 2723 κρείττων
2637 2651 2908 2722 δείματος.
2943 2650 3204 2714 Τεύξεται
3232 2648 3339 2720 γὰρ
3367 2651 3448 2703 ὅτι
3492 2647 3594 2717 τῆς
3637 2648 3760 2700 ἐπι-

2183 2745 2406 2814 κουρίας
2455 2744 2606 2814 παρὰ
2656 2743 2844 2809 αὐτοῦ,
2872 2743 2987 2807 πῶς
3026 2743 3172 2794 ἔστιν
3227 2739 3586 2812 ἀμφιϐαλεῖν;
3637 2733 3759 2792 Οἵδε

2182 2839 2289 2909 γὰρ
2322 2837 2524 2907 Κύριος
2571 2837 2817 2900 εὐσεϐεῖς
2861 2838 2926 2890 ἐκ
2979 2836 3287 2906 πειρασμοῦ
3329 2832 3573 2906 ῥύεσθαι,
3609 2832 3703 2885 καὶ
3730 2833 3760 2883 ὀ

2185 2931 2455 3002 μακάριος
2486 2931 2541 2982 δὲ
2577 2929 2778 2998 γράφει
2818 2930 3056 2993 Παῦλος·
3099 2947 3118 2979 ι
3175 2926 3407 2989 Δυνατὺς
3437 2927 3466 2978 ὁ
3509 2925 3661 2988 Θεὸς,
3700 2924 3759 2987 ὃς

2181 3023 2282 3074 οὑκ
2329 3022 2479 3075 ἐάσει
2515 3023 2659 3092 ὑμᾶς
2693 3021 3020 3091 πειραθῆναι
3075 3020 3214 3090 ὑπὲρ
3260 3019 3288 3071 ὃ
3336 3016 3595 3081 δύνασθε,
3627 3015 3759 3069 ἀλλὰ

2183 3114 2398 3182 ποιήσει
2432 3113 2528 3166 σὺν
2557 3112 2635 3182 τῷ
2669 3111 2958 3183 πειρασμῷ
3008 3111 3101 3164 καὶ
3144 3111 3241 3181 τὴν
3275 3108 3498 3162 ἔκϐασιν
3542 3106 3636 3160 τοῦ
3665 3105 3757 3158 δύ-

2184 3203 2377 3257 νασθαι
2436 3206 2774 3273 ὑπενεγκεῖν.
2836 3223 2853 3253 ι
2918 3205 3028 3257 Καὶ
3081 3205 3155 3266 ὡς
3208 3205 3236 3255 ὁ
3284 3200 3508 3270 Ψάλτης
3559 3197 3758 3268 φησίν·

2187 3315 2206 3347 ι
2249 3296 2600 3368 Παρεμϐαλεῖ
2626 3295 2854 3364 ἅγγελος
2890 3296 3093 3366 Κυρίου
3129 3295 3312 3363 κύκλῳ
3338 3292 3444 3346 τῶν
3488 3289 3758 3360 φοϐουμέ-

2187 3403 2292 3438 νων
2331 3386 2514 3449 αὑτὸν,
2552 3388 2642 3438 καὶ
2677 3386 2898 3458 ῥύσεται
2943 3384 3159 3448 αὐτούς.
3208 3404 3226 3436 ι
3264 3383 3432 3435 Ὅταν
3465 3380 3520 3432 δὲ
3567 3377 3660 3430 καὶ
3707 3377 3758 3429 οἱ

2187 3477 2297 3530 τῶν
2362 3477 2520 3548 ἱερῶν
2571 3478 2856 3548 δογμάτων
2903 3476 3264 3547 ἐπιστήμονες
3308 3469 3590 3542 αἱρετικοὶ,
3639 3469 3759 3528 ταῖς

2188 3569 2394 3622 ἐαυτῶν
2447 3569 2796 3639 δυστροπίαις
2850 3567 3118 3639 χρώμενοι
3176 3563 3598 3630 κατεπαίρονται
3651 3558 3759 3611 τῶν

2185 3662 2285 3730 τῆς
2314 3661 2568 3730 ἀληθείας
2595 3660 3003 3731 προσκυνητῶν,
3038 3658 3356 3729 ἐπέρχονται
3385 3655 3441 3708 δὲ
3473 3653 3634 3705 δεινοὶ
3661 3651 3758 3703 καὶ

2187 3752 2426 3823 θρασεῖς,
2474 3754 2507 3824 ἢ
2561 3753 2830 3822 πολέμους
2878 3751 3194 3814 ἀνιστάντες
3244 3749 3338 3802 καὶ
3385 3744 3677 3815 διωγμοὺς.
3723 3742 3756 3813 ἢ

2188 3845 2392 3914 θλίψεις
2439 3848 2641 3908 αὐτοῖς,
2691 3845 2783 3899 κα)¹
2822 3844 3051 3897 θανάτου
3085 3842 3248 3912 φόὸον
3295 3836 3754 3909 ἐπισωρεύοντες’

503 3931 656 3985 οὐδὲν
687 3927 848 4003 ἦττον
895 3933 1253 4002 ἀσθενήσουσι
1311 3935 1401 3986 καὶ
1465 3931 1646 3988 οὗτοι·
1691 3937 1834 4006 χειρὶ
1862 3936 1970 4007 γὰρ
2014 3942 2255 4012 κρυφαία
2296 3941 2521 4012 πολεμεῖ
2592 3941 2792 4010 Κύριος
2838 3941 2930 3994 ἐπὶ
2985 3937 3231 4008 Ἀμαλὴκ
3292 3933 3398 3988 ἀπὸ
3435 3930 3638 4002 γενεῶν
3677 3929 3758 3990 είς

503 4026 716 4092 γενεὰς,
749 4025 891 4079 καθὰ
918 4026 1247 4097 γέγραπται.

575 4119 706 4172 (ΞΜ).
769 4133 923 4170 xvttt.
979 4116 1144 4172 Vens.
1180 4121 1233 4185 1,
1288 4121 1344 4176 ‘2.
1378 4122 1464 4175 Vw
1513 4134 1666 4176 terra:
1706 4125 1919 4178 nauium
1977 4127 2080 4179 alis

505 4215 648 4265 ultra
690 4212 911 4272 ﬂumina
967 4211 1256 4280 Ait/tiopiw
1282 4214 1302 4265 .'
1332 4214 1435 4277 Qui
1469 4216 1628 4268 mittit
1673 4216 1727 4267 in
1757 4218 1890 4270 mari
1938 4219 2080 4271 obsi-

503 4306 632 4363 des.
687 4314 732 4356 et
797 4304 1042 4370 epistolas
1096 4305 1399 4358 chartacens
1467 4323 1623 4374 super
1680 4327 1870 4377 aquas.
1921 4309 2080 4363 Ibunt

504 4395 642 4448 enim
669 4395 841 4446 nuntii
863 4397 994 4447 leves
1019 4395 1086 4447 ad
1110 4405 1311 4464 gentem
1346 4397 1637 4462 excelsam,
1667 4409 1716 4452 et
1744 4401 2077 4468 peregrinum

2253 4122 2396 4176 Οὐαὶ
2426 4120 2538 4190 γῆς
2567 4121 2791 4174 πλοίων
2832 4119 3120 4186 πτέρυγες
3167 4118 3448 4170 ἐπέκεινα
3478 4117 3760 4185 ποταμῶν

2169 4215 2474 4280 Αἰθιοπίας
2490 4215 2510 4266 .'
2538 4217 2570 4267 ό
2599 4212 2993 4267 ἀποστέλλων
3018 4211 3088 4264 ἐν
3116 4208 3399 4278 θαλάσσῃ
3428 4208 3636 4278 ὅμηρα,
3658 4210 3755 4263 καὶ

2179 4306 2506 4371 ἐπιστολὰς
2545 4306 2828 4370 βιϐλίνας
2871 4302 3073 4356 ἐπάνω
3114 4301 3220 4355 τοῦ
3262 4301 3501 4367 ὕδατος.
3539 4303 3758 4368 Πορεύ-

2179 4416 2390 4453 σονται
2421 4399 2527 4467 γὰρ
2578 4399 2819 4468 ἄγγελοι
2858 4396 3072 4464 κοῦροι
3125 4395 3277 4462 πρὸς
3318 4394 3492 4459 ἔθνος
3538 4395 3755 4463 μετέω-

503 4487 753 4554 pOpqum
776 4497 822 4539 et
851 4488 1063 4543 durum.
1093 4486 1222 4553 Quis
1243 4489 1381 4541 ultra
1407 4491 1559 4544 illum
1585 4492 1608 4544 ?
1642 4491 1781 4545 Gens
1797 4494 2079 4561 desperata

2183 4510 2307 4558 ρον,
2358 4492 2452 4544 καί
2494 4490 2673 4553 ξένον
2721 4490 2894 4553 λαὸν,
2938 4487 3035 4540 καὶ
3091 4487 3380 4556 χαλεπόν.
3429 4486 3522 4551 Τίς
3568 4486 3756 4540 αὑτοῦ

505 4592 550 4630 et
580 4579 913 4634 conculcata.

2183 4583 2492 4646 meum;
2540 4583 2756 4646 Ἔθνος
2783 4580 3156 4634 ἀνέλπιστον
3188 4578 3286 4632 καὶ
3338 4593 3755 4644 καταπεπατη-

2172 4674 2378 4743 μένον.

572 4756 754 4809 Mirari
789 4759 909 4824 quis
941 4759 1141 4823 poterit
1165 4760 1305 4827 apud
1339 4774 1417 4826 se,
1457 4770 1511 4812 et
1549 4761 1864 4815 ratiocinari
1891 4762 2075 4816 forsan

2247 4765 2587 4835 Θαυμάσειεν
2617 4762 2680 4816 ἄν
2710 4781 2813 4825 τις,
2846 4763 2940 4815 καὶ
2967 4762 3030 4831 δὴ
3079 4760 3174 4813 καὶ
3203 4759 3323 4812 καθ’
3351 4760 3541 4811 ἐαυτὸν
3579 4761 3756 4812 ἐκεῖνο

500 4858 555 4900 et
583 4850 767 4902 dicere
802 4866 814 4900 :
850 4846 1016 4916 Cujus
1049 4850 1121 4904 rei
1148 4850 1479 4917 gratia.cutn
1514 4851 1600 4903 hic
1644 4862 1833 4905 contra
1887 4851 2079 4905 Dama-

2183 4857 2316 4927 τάχα
2357 4873 2460 4908 που
2510 4855 2878 4922 διαλογιεῖται,
2927 4854 3020 4907 καὶ
3071 4855 3219 4922 ἐρεῖ·
3267 4851 3373 4904 Τοῦ
3415 4850 3478 4921 δὴ
3530 4852 3688 4922 χάριν
3727 4854 3756 4905 ὀ

501 4958 655 4996 Scttm
709 4957 892 4996 scrmo
952 4943 1300 5010 propheticus
1333 4943 1517 5006 fuerit,
1546 4947 1709 4998 etiam
1755 4956 1914 4998 teme
1963 4961 2079 5013 qua:

2183 4945 2512 5019 προφητικδς
2539 4947 2671 5014 ἡμῖν
2703 4945 2760 4996 ἐν
2793 4945 2999 5006 τούτοις
3031 4942 3206 5011 λόγος,
3251 4941 3441 5010 γέγονε
3476 4941 3576 5010 μὲν
3615 4943 3755 4994 κατά

499 5045 580 5089 est
602 5036 742 5089 ultra
765 5036 956 5089 fluvios
987 5035 1279 5104 [Ethiopim
1311 5037 1635 5091 mentionem
1673 5038 1922 5092 inducit?
1976 5038 2066 5091 Di-

2183 5039 2277 5109 τῆς
2321 5037 2633 5108 Δαμασκοῦ,
2665 5036 2966 5106 εἰσκομίζει
2996 5035 3052 5087 δὲ
3105 5037 3326 5104 μνήμην
3357 5035 3449 5086 καὶ
3481 5035 3579 5103 τῆς
3629 5033 3752 5103 γῆς,

502 5132 679 5184 cimus
702 5130 865 5199 igitur
882 5130 1156 5184 lsraelitas
1183 5129 1364 5183 ntttltis
1384 5145 1447 5184 ac
1469 5131 1695 5186 diversis
1715 5132 2071 5200 temporibus,

2183 5128 2275 5196 τῆς
2317 5127 2573 5179 ἐπέκεινα
2623 5125 2880 5195 ποταμῶν
2930 5123 3244 5187 Λίθιοπίας;
3305 5123 3502 5190 Φαμὲν¹
3532 5118 3626 5175 οὖν
3671 5123 3753 5174 ὅτι

501 5223 880 5276 universorum
917 5232 1303 5278 conservatore
1332 5230 1388 5275 et
1419 5222 1528 5276 Deo
1581 5223 1801 5277 incaute
1855 5223 2064 5285 relicto.

502 5312 555 5364 in
595 5328 834 5366 errorem
863 5312 1096 5381 plurium
1133 5313 1353 5366 deorum
1379 5312 1658 5368 devolutos
1692 5329 1833 5380 esse,
1859 5322 1912 5365 et
1943 5328 2069 5365 cura

500 5407 748 5462 Mosaicae
805 5407 1185 5476 praeceptionis
1239 5407 1290 5459 in
1342 5413 1514 5460 totum
1567 5406 1776 5476 abjecta
1814 5449 1828 5471 ,
1886 5421 1914 5459 a
1967 5405 2074 5458 Deo

499 5498 816 5566 castigatos,
844 5496 982 5550 bello
1025 5497 1296 5550 multoties
1332 5497 1383 5550 in
1414 5510 1507 5549 eos
1532 5497 1828 5559 concitato,
1863 5505 1918 5548 et
1943 5493 2071 5548 hinc

501 5585 901 5640 calamitatibus
947 5589 1100 5654 quasi
1152 5585 1560 5656 colliqttefactos
1626 5595 1681 5641 et
1720 5586 1957 5640 attritos.
2008 5582 2072 5637 Hi

499 5687 701 5739 autem,
729 5692 849 5730 cum
870 5677 1181 5732 debuissent
1203 5678 1538 5746 paenitudine
1558 5692 1754 5732 sanare
1775 5677 2063 5740 offensum,

567 5836 614 5867 “
651 5835 786 5890 Psal.
821 5851 971 5899 xstx,
1001 5834 1052 5892 6.

1133 5837 1194 5867 η’
1229 5833 1387 5890 Deut.
1426 5851 1592 5902 χχιιι,
1625 5838 1678 5898 8,
1711 5837 1763 5891 9.
1834 5837 1878 5869 “
1910 5835 1928 5888 Ι
1968 5837 2092 5894 Cor.

2179 5219 2320 5271 κατὰ
2350 5220 2573 5290 καιροὺς
2613 5219 2661 5270 οἱ
2699 5217 2757 5283 ἐξ
2816 5216 3048 5287 Ἰσραὴλ,
3093 5217 3184 5268 τὸν
3215 5214 3320 5267 τῶν
3351 5214 3487 5267 ὅλων
3530 5213 3754 5281 σωτῆρα

2175 5312 2308 5364 Θεὸν
2357 5311 2674 5363 καταλιπεῖν
2718 5309 3042 5377 ἀφυλάκτως
3086 5307 3519 5378 μεμελετηκότες
3549 5348 3562 5369 ,
3616 5321 3750 5357 κατ-

2176 5401 2377 5472 ῴχοντο
2423 5400 2521 5471 μὲν
2553 5402 2630 5462 εἰς
2669 5397 2928 5452 πολύθεον
2952 5398 3158 5467 πλάνην
3180 5414 3192 5426 ·
3230 5397 3667 5466 κατημεληκότες
3696 5396 3753 5449 δὲ

2181 5495 2260 5555 εἰς
2288 5492 2431 5545 ἅπαν
2451 5491 2552 5561 τῆς
2571 5490 2658 5544 διὰ
2684 5491 2928 5553 Μωσέως
2948 5489 3188 5559 ἐντολῆς,
3233 5488 3576 5541 ἐπαιδεύοντο
3601 5487 3753 5557 παρὰ

2180 5585 2337 5647 Θεοῦ,
2376 5585 2644 5654 πολέμους
2672 5583 2854 5646 αὐτοῖς
2880 5582 3267 5644 ἐπανιστάντος
3311 5580 3454 5634 κατὰ
3503 5578 3749 5648 καιροὺς,

2179 5677 2269 5730 καὶ
2315 5678 2434 5739 ταῖς
2477 5674 2722 5728 ἐντεῦθεν
2763 5673 3163 5744 κατατήκοντος
3204 5673 3523 5740 συμφοραῖς.
3559 5669 3623 5722 Oi
3669 5667 3748 5734 δὲ,

2132 5853 2187 5902 x,
2229 5835 2309 5893 15.
2385 5829 2428 5868 ⁵⁵
2461 5834 2604 5890 Psal.
2639 5847 2830 5899 χχχιιι,
2862 5831 2938 5901 8]
