4148 6378
402 349 506 399 457

1533 348 1596 403 IN
1638 347 1872 404 ISAIAM
1912 349 2043 406 LIB.
2087 351 2150 406 ll.
2194 350 2430 408 TOMUS
2467 352 2554 407 ιιι.

3545 357 3649 412 ιω

397 463 575 514 καίτοι
605 462 720 515 δέον
755 466 870 524 ταῖς
906 464 1276 532 μεταγνῶσεσι
1316 466 1635 534 θεραπεύειν
1665 468 1973 539 λελυπήμε-

2079 479 2134 524 et
2167 485 2195 523 a
2227 485 2320 523 sua
2352 471 2632 524 discedere
2687 472 2975 537 pravitate,
3026 479 3080 526 et
3111 472 3174 526 ad
3212 472 3262 526 id
3291 472 3432 542 quod
3481 473 3643 544 legis-

395 572 506 613 νον,
557 554 653 605 καὶ
707 555 1004 625 άποφοιτᾷν
1055 558 1150 626 μὲν
1201 557 1299 626 τῆς
1352 558 1559 610 ἑαυτῶν
1611 559 1968 629 φαυλότητος,

394 646 824 715 ἁνακομίζεσθαι
864 648 917 699 δὲ
949 650 1084 718 πρὸς
1123 651 1182 702 τὸ
1215 650 1292 720 τῷ
1326 650 1590 724 νομοθέτῃ
1625 651 1835 717 δοκοῦν,
1879 654 1974 706 καὶ

392 737 494 806 τὴν
525 738 653 809 παρ’
681 737 845 791 αὑτοῦ
887 739 1045 809 διψῇν
1100 741 1419 811 ἐπικουρίαν
1441 780 1456 804 ,
1485 741 1582 804 τὰς
1618 741 1730 795 τῶν
1757 744 1974 813 ὁμόρων

394 825 564 879 ἐθνῶν
625 828 1046 896 κστεμισθοῦντο
1117 832 1456 899 συμπνοίας’
1515 833 1609 886 καὶ
1677 834 1804 886 ποτὲ
1873 837 1970 904 μὲν

395 918 691 987 προσίεσαν
733 924 844 983 τοῖς
890 925 987 991 τῆς
1035 923 1324 991 Δαμασκοῦ
1373 924 1686 993 βασιλεῦσι,
1740 928 1869 980 ποτὲ
1916 927 1972 980 δὲ

395 1014 508 1072 τοῖς
537 1013 847 1078 Αἰγυπτίων
869 1031 880 1043 ·
919 1014 1011 1066 καὶ
1041 1015 1162 1085 οὐχὶ
1195 1015 1370 1085 μόνον,
1412 1016 1548 1070 ἀλλὰ
1593 1018 1699 1087 γὰρ
1745 1019 1838 1071 καὶ
1874 1018 1974 1082 τὰς

397 1101 506 1154 τῶν
547 1105 982 1174 ἐπικουρούντων
1020 1107 1201 1170 αὐτοῖς
1247 1107 1414 1162 ἐθνῶν
1455 1108 1708 1181 λατρείας
1764 1111 1970 1181 μανθάυ

397 1209 599 1254 νοντες.
619 1196 712 1247 καὶ
733 1194 899 1258 αὑτὰς
923 1197 1210 1264 ἠπείγοντο
1232 1197 1444 1269 ζηλοῦν.
1469 1201 1577 1253 Καὶ
1599 1201 1727 1268 γοῦν
1751 1205 1778 1255 ὁ
1800 1203 1973 1273 Ἀχαζ

395 1288 426 1337 ὁ
462 1285 552 1337 τοῦ
601 1287 834 1356 Ἰωάθαμ
871 1288 1124 1356 βασιλεὺς
1152 1289 1338 1353 Ἰούδα,
1371 1292 1657 1360 γενόμενος
1683 1296 1740 1346 ὲν
1771 1297 1836 1364 τῇ
1869 1296 1973 1348 Δα-

403 1376 616 1446 μασκῷ,
671 1373 786 1430 εἶτα
853 1378 1234 1451 θυσιαστήριον
1289 1383 1710 1454 ἀνατεθειμένον
1766 1385 1971 1456 εἰδώλῳ

398 1467 723 1538 τεθεαμένος
774 1472 949 1524 ὲκείσε
1019 1475 1402 1544 καινοπρεπῶς
1463 1479 1841 1548 εἰργασμένον,
1913 1480 1973 1533 τὸ

399 1557 638 1628 ἐμφερὲς
684 1561 1073 1626 κατεσκεύασε,
1110 1565 1201 1617 καὶ
1235 1567 1583 1622 ἀνατέθεικεν
1625 1572 1680 1622 ἐν
1727 1569 1804 1640 τῷ
1834 1571 1970 1642 οἴκῳ

397 1648 491 1699 τοῦ
523 1650 677 1704 Θεοῦ.
710 1652 1166 1723 Ούκοῦνγέγονεν
1197 1659 1228 1726 ἠ
1274 1659 1460 1728 ὅρασις
1489 1659 1627 1714 κατά
1657 1663 1967 1732 Δαμασκοῦ.

413 1740 541 1794 Ἰδοὺ
585 1742 712 1814 γὰρ,
755 1747 910 1813 φησι,
943 1749 1234 1815 Δαμασκὸς
1258 1749 1563 1820 ἀρθήσεται
1595 1754 1704 1806 ἀπὸ
1739 1754 1967 1818 πόλεων,

401 1834 494 1885 καὶ
516 1834 615 1885 ούκ
644 1833 792 1887 ἔσται
835 1836 915 1889 ἔτι
949 1838 1123 1909 ὀχυρὰ
1171 1839 1265 1891 τοῦ
1311 1847 1644 1912 καταφυγεῖν
1713 1847 1971 1917 Ἑφραῒμ.
2007 1829 2048 1883 Β

411 1924 573 1994 Ὁρᾷς
595 1925 693 1994 τὴν
725 1927 902 1980 αἰτίαν
932 1930 1371 2004 ἐπενηνεγμένην
1402 1935 1581 1998 εὐθὺς.
1629 1937 1723 1990 τοῦ
1768 1941 1831 1991 ὲκ
1881 1940 1977 1991 πό-

399 2014 534 2067 λεων
560 2015 890 2088 ἀρθήσεσθαι
935 2019 1084 2088 λέγει
1124 2022 1221 2093 τὴν
1260 2025 1580 2094 Δαμασκόν;
1631 2030 1704 2081 Οὐ
1744 2029 1852 2099 γὰρ
1897 2029 1975 2082 ἔτι

398 2107 569 2172 ἔσται,
606 2111 790 2180 φησὶν,
834 2112 1005 2176 οὕτως
1051 2116 1247 2188 ὀχυρὰ,
1294 2118 1434 2170 ὥστε
1482 2120 1574 2172 καὶ
1615 2121 1976 2190 προσφεύγειν

398 2201 533 2271 αὐτῇ
565 2202 656 2255 τὸν
692 2204 932 2275 Ἐφραῒμ
975 2208 1032 2261 ἐν
1077 2211 1145 2279 τῇ
1197 2210 1481 2281 Σαμαρείᾳ
1531 2211 1972 2281 βεϐασιλευκότα.

396 2293 637 2366 Μεθίστη
649 2312 698 2348 σι
727 2298 902 2350 τοίνυν
929 2299 1018 2352 τὸν
1036 2300 1192 2368 λόγον
1214 2303 1306 2355 ἐπὶ
1327 2303 1424 2372 τὴν
1441 2305 1772 2372 Αἰγυπτίων.
1800 2307 1976 2376 Προσ-

399 2383 548 2437 ίεσαν
585 2388 694 2460 γὰρ
731 2390 823 2442 καὶ
864 2392 1046 2456 αὐτοῖς
1076 2395 1123 2445 oi
1161 2393 1219 2458 ἐξ
1269 2396 1508 2466 Ἰσραὴλ,
1542 2397 1778 2466 μάλιστα
1820 2399 1877 2452 δὲ
1923 2400 1972 2453 οἰ

399 2479 776 2544 κατοικοῦντες
795 2484 852 2535 ὲν
887 2488 997 2548 τοῖς
1028 2486 1438 2558 Ἰεροσολύμοις,
1468 2491 1559 2542 καὶ
1592 2491 1975 2560 μετεποιοῦντο

402 2571 606 2642 σφόδρα
635 2575 731 2643 τῆς
757 2579 887 2646 παρ’
916 2578 1095 2632 αὐτῶν
1130 2582 1433 2651 συνδρομῆς
1478 2583 1573 2636 καὶ
1628 2586 1972 2657 ἐπικουρίας,

398 2665 658 2718 ἐπιόντων
688 2669 922 2734 μάλιστα
968 2672 1073 2723 τῶν
1116 2673 1491 2728 Βαϐυλωνίων.
1547 2678 1656 2730 Καὶ
1707 2679 1839 2747 γοῦν
1886 2680 1974 2734 διὰ

399 2758 581 2826 φωνῆς
610 2763 887 2831 προφήτου
921 2766 1085 2835 φησίν
1104 2783 1117 2794 ·
1162 2785 1178 2816 t
1209 2767 1344 2819 Ούαὶ
1378 2770 1425 2819 οἰ
1453 2769 1869 2836 καταϐαίνοντες
1896 2775 1976 2837 εἰς

397 2849 670 2916 Αἴγυπτον
730 2853 821 2906 ἐπὶ
872 2854 1142 2925 βοήθειαν.
1199 2859 1246 2910 οἰ
1298 2860 1382 2926 ἐφ’
1419 2860 1607 2923 ἵπποις
1645 2863 1736 2914 καὶ
1763 2863 1974 2934 ἅρμασι

399 2942 738 3007 πεποιθότεςί
782 2965 798 2994 ι
828 2947 1146 3019 Συμϐέϐηκε
1190 2949 1246 3001 δέ
1271 2968 1323 3001 τι
1368 2952 1628 3004 τοιοῦτον.
1660 2955 1974 3026 Κατεστρα-

396 3035 584 3087 τεύετο
613 3037 709 3106 μὲν
743 3039 846 3107 γὰρ
880 3040 978 3109 τῆς
1013 3041 1276 3094 Ἰουδαίων
1309 3043 1412 3111 γῆς
1451 3046 1478 3097 ὁ
1509 3045 1972 3119 Ναϐουχοδονόσορ

399 3125 537 3178 κατά
581 3129 827 3197 καιρούς.
878 3131 964 3181 Ἐν
992 3131 1047 3182 δὲ
1081 3130 1156 3199 τῷ
1197 3135 1582 3205 παρατρέχειν,
1637 3137 1870 3203 ἁπάσας,

398 3219 526 3282 ἔπος
578 3223 772 3287 εἰπεῖν,
835 3222 932 3286 τὰς
991 3225 1088 3294 τῆς
1141 3224 1282 3293 ἑῴας
1358 3225 1704 3295 κατεληῒζετο
1764 3227 1967 3290 πόλεις.

412 3309 629 3380 Ἐπειδὴ
664 3311 718 3362 δὲ
746 3311 846 3382 τὴν
869 3312 1083 3384 Τυρίων
1111 3314 1247 3366 έλείν
1288 3314 1546 3385 ἠθέλησε,
1606 3317 1766 3384 νῆσον
1806 3314 1971 3370 οὖσαν

399 3400 458 3452 τὸ
483 3402 765 3469 τηνικάδε,
795 3399 910 3455 εἶτα
939 3404 1045 3457 τῶν
1073 3405 1494 3469 διαϐιϐαζόντων
1535 3408 1733 3462 πλοίων
1757 3412 1813 3461 ὲν
1834 3411 1970 3462 ἀπο-

402 3493 492 3563 ρίᾳ
525 3493 736 3560 γέγονε,
763 3496 1014 3565 Περσικῷ
1037 3500 1344 3568 φρονήματι
1363 3501 1716 3569 κεχρημένος.
1746 3502 1972 3573 ἐπιθαρ-

403 3586 571 3652 σήσας
604 3585 660 3638 δὲ
705 3585 782 3656 τῷ
825 3586 1020 3658 πλήθει
1043 3592 1140 3659 τῆς
1170 3593 1446 3660 στρατιᾶς,
1499 3591 1666 3661 βατὴν
1719 3593 1970 3646 ἐκέλευσε

397 3676 648 3742 γενέσθαι
695 3678 794 3747 τὴν
847 3677 1139 3742 θάλασσαν,
1181 3680 1430 3752 χώματος
1466 3684 1832 3753 ἐγειρομένου,
1879 3686 1972 3737 καὶ

399 3768 672 3838 λεωφόρον
736 3771 905 3842 αὐτὴν
957 3772 1214 3826 πλατείαν
1269 3775 1657 3838 ἀποτελοῦντος
1703 3777 1810 3829 ἀπὸ
1871 3778 1970 3849 τῆς

401 3861 594 3930 χέρσου
647 3862 837 3932 μέχρις
889 3864 1058 3934 αὐτῆς
1108 3866 1206 3934 τῆς
1234 3865 1468 3936 Τυρίων.
1511 3866 1750 3930 Δεδιὸτες
1792 3869 1970 3921 τοίνυν

399 3954 554 4006 αὐτοὶ
592 3956 640 4007 οἱ
674 3955 881 4024 Τύριοι,
919 3957 990 4027 μὴ
1036 3958 1142 4026 ἄρα
1190 3974 1306 4021 πως
1357 3961 1388 4029 ή
1440 3958 1591 4021 πόλις
1641 3959 1771 4030 ἁλῷ,
1836 3963 1971 4030 πρὸς

401 4047 574 4117 πέρας
599 4048 971 4118 ἐνηνεγμένων
991 4052 1100 4112 τοῖς
1125 4049 1480 4115 Βαϐυλωνίοις
1505 4051 1612 4104 τῶν
1639 4054 1860 4124 έγχειρη
1871 4053 1972 4124 μά-

399 4155 527 4198 των,
579 4140 708 4202 ναῦς
759 4141 1094 4209 πανταχόθεν
1149 4143 1638 4213 συναγηγερκότες,
1696 4146 1971 4214 ἀπεκομί-

401 4230 553 4293 ζοντο
578 4232 675 4300 τῆς
704 4233 890 4301 νήσου,
942 4234 1154 4303 ἐρήμην
1199 4234 1429 4303 ἀφέντες
1465 4235 1612 4306 αύτῷ
1653 4236 1751 4308 τὴν
1795 4237 1967 4291 πόλιν.

414 4324 628 4396 Ἐπειδὴ
684 4324 738 4375 δὲ
794 4325 952 4378 τοῦτο
1013 4326 1328 4396 μεμάθηκεν
1384 4331 1411 4380 ὁ
1482 4327 1966 4400 Ναϐουχοδονόσορ,

405 4415 628 4484 μεθίστη
684 4417 781 4486 τὴν
829 4418 1088 4488 στρατιὰν
1142 4421 1232 4471 ἐπὶ
1280 4420 1338 4472 τὸ
1385 4421 1582 4492 χρῆναι
1633 4420 1816 4474 λαϐεῖν
1865 4421 1970 4473 τῶν

1899 3138 2043 3236 ῶςῦ

2078 559 2234 614 latori
2263 561 2438 615 vismn
2473 571 2619 616 esset
2653 562 2857 628 reduci,
2894 563 3167 632 ipsiusque
3211 564 3364 619 sitire
3419 565 3650 633 opitula-

2085 654 2308 716 tionem,
2341 653 2774 722 conspirationes
2808 654 3158 708 finitimarum
3196 656 3436 724 gentium
3469 657 3652 725 pretaio

2082 745 2464 800 tnercabantnr
2509 785 2524 810 ,
2583 761 2726 800 mmc
2772 760 2831 798 se
2880 748 3095 816 regibus
3157 749 3446 814 Damasci,
3511 763 3653 802 IIIIIC

2077 838 2452 909 Egyptiorum
2518 839 2853 906 adiungendo
2907 857 2921 890 :
2974 855 3070 894 nec
3115 840 3166 894 id
3223 840 3442 906 solum,
3512 839 3642 909 quin

2075 931 2239 984 etiam
2300 929 2538 998 gentium
2597 928 2696 981 sibi
2762 927 3047 983 ferentium
3106 929 3414 1000 praesidium
3473 929 3650 982 cultus

2077 1024 2406 1084 didicerunt,
2439 1021 2663 1090 illosque
2701 1022 2941 1076 :emulari
2975 1023 3393 1078 contenderunt.
3426 1021 3640 1076 Etenim

2074 1115 2328 1169 Achazus
2360 1114 2502 1168 ﬁlius
2557 1115 2824 1178 Joatham,
2877 1131 2966 1168 rex
3019 1113 3176 1179 Juda,
3231 1130 3354 1169 cum
3400 1122 3546 1167 esset
3592 1113 3645 1165 in

2076 1204 2340 1259 Damasco
2370 1247 2386 1272 ,
2428 1207 2589 1278 273
2627 1208 2698 1262 ibi
2758 1209 2972 1262 demum
3030 1222 3178 1260 aram
3238 1205 3380 1260 idolo
3430 1219 3644 1259 sacram

2077 1297 2471 1367 conspicatus,
2531 1315 2668 1354 nova
2724 1298 3042 1352 fabricatum
3098 1297 3414 1364 elegantia,
3473 1295 3648 1351 simile

2076 1389 2380 1456 adornavit,
2425 1401 2480 1444 et
2509 1390 2559 1444 in
2585 1392 2744 1445 domo
2777 1391 2867 1444 Dei
2902 1389 3194 1444 dedicavit.
3229 1387 3468 1443 Proinde
3500 1387 3642 1440 facta

2074 1492 2158 1537 est
2185 1485 2323 1538 visio
2356 1494 2541 1538 contra
2576 1487 2917 1540 Damascum.
2953 1484 3092 1538 Ecce
3121 1487 3265 1538 enim
3293 1525 3306 1547 ,
3349 1481 3524 1552 inquit
3552 1480 3645 1544 "‘,

2075 1574 2370 1629 Damascus
2424 1575 2745 1645 spoliabitur
2815 1575 3158 1639 civitatibus,
3222 1583 3422 1627 etnon
3487 1580 3647 1624 erunt

2075 1665 2284 1718 munita
2337 1676 2390 1718 ut
2444 1665 2720 1734 confugiat
2777 1664 3052 1734 Ephraim.
3115 1664 3346 1719 Videsne
3424 1676 3644 1716 causam

2077 1755 2220 1808 illico
2257 1756 2616 1809 introductam
2641 1796 2656 1822 ,
2688 1771 2787 1810 cur
2807 1755 2952 1808 dicat
2986 1753 3306 1808 Damascum
3335 1753 3648 1812 civitatibus

2079 1847 2527 1916 exspoliandam?
2572 1846 2688 1900 Non
2720 1848 2864 1902 enim
2925 1847 3160 1915 amplius
3207 1857 3389 1911 erunt,
3446 1845 3645 1914 inquit,

2077 1941 2156 1995 sic
2191 1940 2420 2003 munita,
2458 1950 2515 1992 ut
2547 1939 2818 2008 profugiat
2846 1955 2912 1993 eo
2961 1940 3241 2006 Ephraim,
3298 1938 3389 2008 qui
3447 1938 3498 1990 in
3543 1935 3646 1990 Sa-

2078 2031 2248 2084 maria
2275 2030 2538 2100 regnavit.
2562 2030 2817 2083 Traducit
2842 2030 3004 2099 igitur
3024 2032 3324 2083 orationem
3355 2029 3418 2080 ad
3447 2037 3645 2082 terram

2078 2121 2479 2193 Egyptiorum.
2537 2121 2884 2175 Accedebant
2929 2121 3074 2173 enim
3123 2129 3178 2171 et
3202 2119 3266 2171 ad
3305 2133 3398 2172 eos
3428 2117 3648 2170 lsraeli-

2077 2221 2164 2276 ta~,
2211 2214 2443 2264 maxime
2496 2226 2624 2264 vero
2658 2210 2710 2263 hi
2748 2210 2836 2280 qui
2871 2209 3182 2264 habitarunt
3231 2206 3644 2276 Hierosolymis,

2078 2304 2424 2373 ipsorumque
2453 2302 2788 2356 consortium
2844 2310 2900 2355 et
2952 2299 3252 2356 subsidium
3317 2312 3642 2368 magnOpere

2077 2397 2421 2462 expetebant,
2457 2395 2834 2447 invadentibus
2896 2394 3128 2446 maxime
3168 2391 3500 2464 Babyloniis.
3556 2387 3646 2442 Si-

2077 2486 2292 2554 quidem
2328 2499 2457 2539 voce
2491 2485 2766 2553 propheta:
2817 2484 2940 2537 ait:
2990 2501 3007 2533 ι
3052 2481 3141 2536 Va:
3193 2480 3648 2536 descendentibus

2080 2579 2130 2630 in
2152 2576 2442 2646 Egyptum
2471 2583 2689 2646 propter
2707 2576 2992 2640 auxilium,
3021 2577 3108 2644 qui
3135 2575 3290 2643 equis
3313 2581 3366 2626 et
3389 2569 3643 2625 curribus

2076 2670 2262 2723 conlisi
2295 2670 2510 2722 sunt“!
2545 2689 2563 2719 ι
2592 2668 2700 2722 Hoc
2725 2675 2904 2722 autem
2926 2668 2999 2720 ita
3019 2682 3078 2721 se
3104 2666 3308 2720 habuit.
3333 2664 3496 2718 Arma
3525 2661 3647 2715 tulit

2077 2774 2263 2816 eontra
2298 2772 2495 2814 terram
2531 2759 2839 2814 Juda'orum
2886 2759 3474 2824 Nabuchodonosorus,
3521 2759 3645 2814 aliis

2076 2863 2237 2922 atque
2272 2853 2394 2906 aliis
2441 2853 2797 2920 temporibus.
2835 2851 2891 2904 1n
2921 2851 3152 2903 transitu
3182 2859 3361 2902 autem
3409 2865 3596 2907 omnes
3622 2890 3638 2916 ,

2076 2954 2137 2997 ut
2164 2946 2242 2998 sic
2265 2943 2534 3009 dixerim,
2586 2941 2882 2996 orientales
2936 2942 3098 2993 urbes
3147 2941 3487 3007 depraedatus
3537 2951 3639 2995 est.

2077 3037 2324 3106 Cumque
2375 3037 2662 3107 Tyriorum
2714 3036 2900 3090 urbem
2947 3048 3143 3101 capere
3179 3033 3358 3096 vellet,
3416 3034 3645 3087 insulam

2080 3141 2217 3189 tum,
2260 3130 2479 3183 navium
2512 3141 2693 3181 autem
2731 3127 3226 3194 laboraretinopia,
3264 3141 3384 3194 qua:
3435 3126 3642 3194 trajice-

2081 3231 2203 3275 rent
2238 3261 2252 3285 ,
2290 3219 2507 3274 Persico
2555 3219 2736 3271 animo
2793 3232 2856 3270 ac
2911 3217 3196 3271 stomacho
3229 3215 3487 3285 prteditus
3519 3256 3534 3279 ,
3587 3232 3648 3268 ac

2081 3311 2425 3365 multitudine
2491 3309 2768 3376 c0piarum
2819 3305 3077 3368 conlisus,
3134 3321 3284 3359 mare
3327 3304 3491 3374 jussit
3533 3306 3646 3357 licri

2079 3403 2424 3473 permeabile,
2467 3403 2606 3456 mole
2633 3410 2875 3471 aggesta,
2903 3398 3042 3451 unde
3071 3413 3134 3450 ex
3173 3408 3314 3450 terra
3349 3398 3415 3450 ad
3452 3398 3646 3466 Tyrio-

2079 3513 2200 3552 rum
2237 3511 2409 3565 usque
2441 3497 2623 3548 urbem
2657 3494 2764 3546 lata
2795 3493 2879 3546 via
2915 3492 3015 3544 sibi
3081 3492 3433 3559 praeberetur.
3474 3491 3645 3545 Vel-ili

2080 3590 2240 3658 igitur
2282 3587 2466 3658 Tyrii,
2524 3602 2588 3640 ne
2628 3587 2767 3640 forte
2834 3593 3117 3652 caperetur
3158 3584 3384 3648 civitas,
3461 3582 3640 3651 Baby-

2079 3680 2346 3734 loniorum
2382 3678 2664 3733 conatibus
2699 3677 2765 3730 ad
2827 3680 2984 3729 linem
3032 3675 3307 3742 perductis
3335 3717 3349 3741 ,
3416 3675 3648 3730 navibus

2079 3772 2434 3838 undecunque
2485 3766 2800 3830 comectis,
2843 3765 3130 3818 discedunt
3195 3765 3260 3816 ab
3324 3763 3494 3817 insula
3531 3803 3546 3826 ,
3592 3773 3646 3817 et

2078 3880 2304 3919 vacuam
2361 3864 2409 3915 ei
2468 3861 2780 3930 relinquunt
2817 3859 3115 3912 civitatem.
3174 3856 3324 3923 Quod
3367 3857 3456 3910 ubi
3503 3856 3645 3910 didi-

2078 3961 2244 4014 cisset
2273 3956 2832 4011 Nabncbodonosorus
2857 3992 2871 4016 ,
2923 3952 3148 4005 dimisso
3185 3950 3425 4003 exercitu
3457 3949 3522 4002 ad
3557 3964 3643 4002 re-

2079 4053 2288 4120 gionem
2321 4048 2694 4120 {Egyptiorum
2726 4045 3040 4114 capiendam
3070 4082 3086 4108 ,
3122 4056 3241 4095 eam
3277 4042 3393 4096 sine
3428 4042 3648 4109 pulvere

2079 4155 2141 4194 ac
2172 4139 2354 4193 labore
2387 4140 2691 4206 occupavit,
2729 4136 2836 4189 Deo
2864 4135 3011 4188 illutn
3061 4133 3113 4185 in
3156 4131 3442 4203 [Egyptios
3491 4133 3643 4185 exci-

2078 4239 2228 4284 tante
2264 4249 2275 4281 :
2312 4231 2562 4298 quoniam
2623 4229 2708 4281 isti
2758 4241 2972 4296 quoque
3009 4239 3202 4293 magno
3244 4239 3459 4292 semper
3508 4240 3644 4275 con-

2083 4332 2256 4374 tracto
2289 4321 2598 4388 supercilio,
2655 4321 2704 4372 in
2765 4319 3036 4372 lsraelitas
3093 4333 3151 4371 se
3194 4318 3454 4386 gerebant
3496 4333 3648 4369 arro-

2081 4414 2315 4483 gantius,
2344 4413 2497 4480 quasi
2529 4412 2694 4467 Deum
2732 4413 2992 4466 haberent
3041 4411 3130 4478 qui
3188 4426 3284 4465 eos
3318 4425 3645 4464 conservare

402 4508 711 4573 Αἰγυπτίων
738 4508 836 4578 τὴν
873 4510 1073 4579 χώραν,
1106 4505 1216 4562 εἷλέ
1249 4528 1305 4562 τε
1343 4511 1510 4581 αὐτὴν
1549 4513 1792 4582 ἀκονητὶ,
1834 4511 1969 4564 Θεοῦ

2083 4506 2258 4556 minus
2283 4504 2500 4558 valeret.
2531 4504 2717 4556 Vocati
2741 4504 2886 4556 enim
2913 4504 2964 4556 in
2989 4503 3286 4556 subsidium
3313 4510 3367 4555 et
3391 4501 3456 4553 ad
3486 4516 3642 4568 Opem

403 4597 882 4662 κατεξανιστάντος
901 4604 1013 4662 τοῖς
1040 4603 1355 4668 Αἰγυπτίοις
1372 4604 1532 4656 αὐτόν
1556 4621 1569 4633 ⁸
1598 4607 1679 4657 ὅτι
1707 4605 1800 4656 καὶ
1825 4604 1978 4657 αὐτοὶ

405 4686 646 4756 μεγάλην
666 4689 1014 4750 ἀνασπῶντες
1037 4691 1124 4742 ἀεὶ
1144 4692 1239 4761 τὴν
1265 4693 1453 4760 ὀφρὺν,
1485 4691 1976 4762 κατηλαζονεύοντο

401 4776 508 4828 τῶν
538 4776 597 4840 ἐξ
645 4779 880 4849 Ἰσραὴλ,
909 4780 985 4842 ὡς
1019 4781 1118 4833 οὐκ
1147 4782 1378 4850 ἐχόντων
1411 4783 1542 4834 Θεὸν
1569 4783 1659 4834 τὸν
1691 4781 1975 4844 διασώζειν

402 4870 599 4931 αὐτοὺς
639 4870 911 4939 ἰσχύοντα.
964 4872 1302 4941 Καλούμενοι
1343 4872 1450 4942 γὰρ
1501 4875 1579 4935 εἰς
1627 4873 1970 4944 ἐπικουρίαν,

403 4961 496 5010 καὶ
523 4962 601 5021 εἰς
631 4960 693 5012 τὸ
711 4962 1014 5032 ἐπαμύνειν
1059 4963 1259 5026 αὐτοῖς,
1299 4963 1708 5034 ἀλκιμωτέρους
1734 4963 1972 5032 ἔφασκον

401 5047 541 5103 εἶναι
569 5053 694 5115 τοὺς
723 5053 874 5123 παρά
903 5054 1052 5123 σφίσι
1084 5055 1237 5116 θεοὺς
1262 5054 1356 5107 τοῦ
1394 5056 1493 5124 τῆς
1537 5055 1789 5118 Ἰουδαίας
1816 5055 1971 5108 Θεοῦ.

406 5140 530 5192 ’Ὅτι
562 5141 617 5193 δὲ
663 5141 759 5211 τὴν
789 5143 1104 5208 Αἰγυπτίων
1135 5138 1278 5196 εἷλεν
1319 5146 1346 5195 ὁ
1379 5144 1712 5207 Βαϐυλώνιος
1750 5145 1888 5214 μετά
1913 5163 1976 5212 γε

405 5231 496 5282 τὸν
527 5231 724 5301 ἱδρῶτα
753 5233 844 5284 τὸν
875 5233 966 5284 ἐπὶ
990 5234 1170 5304 Τύρῳ,
1203 5234 1371 5302 σαφὲς
1401 5233 1465 5286 ἂν
1487 5234 1692 5301 γένοιτο
1717 5233 1812 5286 τοῦ
1839 5233 1975 5286 Θεοῦ

403 5322 650 5388 λέγοντος
685 5324 820 5394 πρὸς
845 5324 935 5377 τὸν
967 5327 1250 5396 προφήτην
1303 5324 1576 5395 Ἰεζεχιήλ·
1612 5345 1629 5374 ‹
1653 5325 1746 5378 Υἱὲ
1769 5325 1976 5394 ἁνθρώ‹

404 5429 530 5473 που,
598 5414 1068 5484 Ναϐουχοδονόσορ
1105 5417 1134 5466 ὁ
1175 5414 1422 5483 βασιλεὺς
1473 5414 1787 5476 Βαϐυλῶνος
1836 5433 1969 5467 κατ-

404 5505 737 5559 εδουλώσατο
772 5508 937 5560 αὑτοῦ
963 5506 1060 5578 τὴν
1101 5507 1329 5577 δύναμιν
1363 5507 1578 5578 δουλείᾳ
1631 5507 1837 5578 μεγάλῃ
1880 5510 1972 5561 ἐπὶ

405 5596 600 5668 Τύρον.
653 5601 807 5653 Πᾶσα
845 5601 1052 5670 κεφαλὴ
1105 5601 1468 5670 φαλάκρωμα,
1529 5601 1620 5654 καὶ
1671 5603 1776 5663 πᾶς
1823 5597 1970 5671 ὦμος

485 5752 548 5783 ⁸⁵·
579 5753 680 5808 lstt.
716 5771 847 5821 xm,
892 5756 938 5820 Ι,
971 5757 1023 5809 5.
1109 5756 1148 5786 ⁸⁸
1184 5753 1286 5811 lsa.
1325 5772 1476 5821 xxx],
1514 5757 1558 5810 ι.

2076 4594 2181 4648 illis
2235 4594 2530 4655 ferendam,
2593 4609 2721 4646 suos
2779 4595 2906 4647 deos
2971 4592 3170 4646 Judwze
3218 4593 3327 4645 Deo
3363 4593 3642 4660 jactabant

2076 4686 2346 4739 fortiores.
2411 4683 2761 4753 Babylonium
2825 4696 3002 4737 autem
3058 4683 3270 4752 cepisse
3322 4683 3638 4753 IEgyptnng,

2075 4787 2195 4847 post
2231 4777 2378 4830 illum
2411 4776 2648 4829 laborem
2685 4777 2735 4828 in
2768 4774 2911 4846 Tyro
2941 4786 3238 4844 sumptum,
3271 4775 3488 4844 planum
3527 4777 3640 4830 fieri

2075 4871 2288 4940 poterit,
2317 4884 2382 4922 ex
2419 4884 2483 4922 eo
2505 4867 2646 4936 quod
2691 4867 2829 4919 Deus
2857 4867 2985 4920 dicit
3017 4867 3292 4934 propheta:
3323 4865 3596 4921 Ezechieli
3622 4888 3636 4922 :

2078 4981 2095 5012 ι
2137 4961 2234 5015 Fili
2269 4959 2522 5023 hominis,
2584 4957 3082 5011 Nabuchodonosor
3118 4973 3210 5010 rex
3241 4956 3533 5027 Babylonis
3586 4959 3637 5011 in

2075 5053 2389 5107 servitutem
2443 5051 2662 5104 tradidit
2724 5051 2906 5118 copias
2962 5065 3087 5103 suas
3133 5050 3393 5103 servitute
3452 5067 3641 5119 magna

2075 5158 2262 5197 contra
2316 5141 2481 5213 274
2536 5141 2758 5213 Tyrum.
2801 5142 2971 5196 Omne
3021 5150 3178 5208 caput
3219 5139 3535 5206 calvitium,
3590 5151 3644 5196 et

2074 5237 2251 5291 omnis
2283 5237 2542 5290 humerus
2568 5236 2782 5305 depilis,
2816 5245 2869 5290 et
2911 5249 3117 5288 merces
3172 5250 3276 5286 non
3308 5245 3423 5288 erat
3471 5237 3542 5302 ei,
3589 5245 3644 5290 et

2072 5329 2364 5396 copiissuis
2391 5335 2606 5397 propter
2633 5329 2950 5381 servitutem
2976 5326 3182 5388 duram,
3215 5341 3319 5394 qua
3346 5320 3567 5380 servivit
3587 5330 3639 5382 in

2081 5419 2545 5488 Tyro.Propterea
2561 5419 2676 5472 dedi
2703 5419 2749 5470 ei
2772 5429 2967 5471 terram
2993 5415 3208 5486 Egypti
3227 5419 3311 5469 ιε’.
3329 5435 3348 5468 ι
3371 5416 3533 5471 Infert
3553 5419 3645 5472 ita-

2079 5525 2182 5578 que
2200 5510 2455 5577 propheta
2476 5508 2597 5562 huic
2619 5507 2766 5572 illnd,
2785 5507 2891 5569 Vae,
2913 5507 3093 5559 dicens
3115 5526 3128 5560 :
3149 5505 3238 5562 Va:
3259 5518 3414 5562 terra:
3432 5510 3642 5562 navium

2080 5603 2176 5655 alis
2189 5602 2323 5654 ultra
2339 5601 2554 5655 flumina
2573 5599 2877 5668 {Ethiopian
2900 5597 3186 5668 [Ethiopige
3206 5598 3421 5652 flumina
3440 5609 3645 5671 septem

1639 5757 1702 5787 ""
1742 5755 1937 5811 Ezcclt.
1983 5772 2130 5822 χχιχ,
2174 5755 2257 5821 18,
2302 5756 2385 5810 19.
