4148 6378
455 338 564 394 439

1439 332 1496 387 S.
1542 330 1818 387 CYRILLI
1855 330 2330 388 ALEXANDBINI
2368 329 2686 388 AKCHIEP.

3599 336 3701 390 “0

456 452 593 507 nstia
630 448 780 514 dicit,
810 461 908 516 per
929 461 1047 516 quae
1071 445 1215 500 latus
1240 455 1295 499 et
1322 461 1549 516 magnus
1571 445 1791 517 λεπριί
1825 445 2021 504 ﬂuvius

2146 446 2345 501 ιαδών·
2379 447 2473 501 καὶ
2498 444 2695 517 μισθὸς
2719 446 2817 500 οὐκ
2845 444 3077 515 ἐγενήθη
3097 445 3246 517 αὐτῷ
3267 450 3363 501 καὶ
3388 451 3456 520 τῇ
3478 447 3704 519 δυνάμει

458 542 512 596 in
553 555 701 596 mare
750 539 944 593 inlluit.
1002 537 1224 592 Terram
1260 552 1387 591 vero
1419 537 1561 591 ultra
1601 536 1792 592 ﬂuvios
1841 537 2022 593 nomi—

458 641 575 697 nat,
604 646 722 686 eam
746 646 869 701 qua:
895 644 1034 684 nunc
1058 638 1144 683 est
1172 628 1521 694 Alexandria,
1551 640 1680 685 tunc
1698 628 1779 685 On
1803 639 2023 685 vocata.

462 724 588 779 Erat
621 733 800 780 autem
826 722 1258 792 populosissima,
1295 732 1350 776 et
1377 722 1582 779 incolas
1627 724 1860 781 habebat
1910 722 2025 780 for-

462 816 721 879 tissimos,
744 823 798 870 et
823 831 851 868 a
882 813 1193 869 ﬂuminibus
1222 812 1442 886 Egypti
1468 815 1701 871 distabat
1728 816 2027 885 paululum.

462 907 599 962 Nam
654 908 721 961 ab
765 906 954 961 ultimo
982 906 1144 972 ostio,
1178 906 1261 959 cui
1319 921 1513 961 nomen
1562 914 1647 963 est
1689 907 2027 975 Heracleum,

463 1000 530 1051 ad
570 997 917 1053 Occidentem
952 995 1141 1052 stadiis
1189 997 1310 1067 plus
1367 999 1543 1054 minus
1592 999 1869 1070 octoginta
1916 999 2029 1054 dis-

460 1089 804 1144 terminatur.
834 1087 1099 1154 Quoniam
1132 1103 1262 1142 vero
1285 1090 1339 1142 in
1365 1103 1515 1144 more
1541 1103 1605 1144 ac
1631 1089 2031 1145 consuetudine

460 1186 580 1231 erat
614 1177 871 1247 positum,
901 1178 1063 1243 hanc,
1089 1195 1209 1249 qua:
1233 1190 1654 1235 commemorata
1691 1191 1795 1249 est,
1840 1183 2033 1237 civitao

460 1278 570 1324 tem
609 1271 978 1326 habitantibus
1013 1272 1155 1327 ultro
1180 1274 1423 1344 citroque
1476 1271 1696 1328 ﬂuvium
1753 1276 2034 1330 transmit-

465 1373 601 1425 tere,
638 1373 828 1433 utpote
858 1379 1074 1435 semper
1120 1365 1500 1435 navigabilem,
1540 1376 1596 1422 et
1620 1377 1913 1431 exportare
1945 1382 2033 1423 res

463 1456 528 1510 ad
564 1456 719 1521 alios,
754 1466 810 1512 et
852 1458 1146 1527 importare
1171 1498 1186 1524 ,
1246 1467 1302 1514 et
1333 1474 1399 1513 ex
1453 1460 1710 1529 emporiis
1757 1476 1821 1514 ac
1875 1475 2034 1531 nego-

464 1548 776 1604 tiationibus
823 1558 1086 1619 quazstum
1113 1550 1443 1605 uberrimum
1496 1566 1816 1618 comparare
1858 1569 1871 1604 :
1916 1553 2035 1608 ideo

463 1638 731 1693 exclamat
780 1640 863 1693 his
914 1640 1094 1696 verbis
1134 1641 1186 1695 in
1236 1655 1404 1696 naves
1429 1644 1776 1710 propheticus
1812 1657 2031 1698 sermo:

467 1746 567 1785 nec
603 1740 781 1785 tamen
815 1742 1003 1787 contra
1042 1747 1206 1788 naves
1250 1733 1487 1789 inferens
1520 1732 1633 1800 Vm,
1692 1736 1787 1790 sed
1842 1745 2033 1790 contra

466 1838 561 1877 eos
595 1825 791 1892 p0tius,
827 1825 916 1893 qui
953 1840 1166 1894 semper
1186 1826 1267 1881 eis
1292 1828 1374 1881 usi
1405 1837 1554 1892 sunt,
1587 1836 1642 1883 et
1666 1828 1961 1897 gaudentes
1982 1838 2036 1882 et
2070 1790 2113 1845 Β

466 1916 905 1972 circumﬂuentes
944 1918 1038 1972 illo
1062 1929 1291 1989 quaestu,
1337 1930 1394 1975 ut
1427 1920 1565 1982 dixi,
1621 1934 1781 1989 quem
1841 1936 1908 1975 ex
1956 1921 2039 1975 his

467 2008 852 2063 conﬂaverant.
878 2009 1152 2080 OcCupata
1198 2011 1465 2080 siquidem
1494 2022 1692 2065 cuncta
1744 2011 1966 2080 regione
2007 2026 2037 2065 ιι

468 2102 1020 2167 Nabuchodonosoro,
1073 2103 1306 2159 cessavit
1361 2102 1537 2157 omnis
1590 2114 1936 2166 mercatura,
1986 2109 2043 2154 et.

468 2192 541 2244 ita
604 2190 814 2246 ﬁduciae
860 2192 1173 2260 magnitudo
1228 2192 1453 2261 praecisa
1506 2199 1631 2254 est,
1692 2190 2038 2260 pereuntibus

468 2282 629 2336 simul
666 2283 751 2337 his
786 2283 874 2351 qui
902 2296 995 2337 eas
1037 2284 1410 2353 possederunt.
1449 2281 1537 2336 Va:
1570 2282 1753 2352 igitur,
1801 2284 1899 2344 ait,
1939 2281 2041 2337 alis

470 2374 813 2442 navigiorum
870 2382 1031 2429 terra;
1088 2374 1233 2429 illius
1267 2414 1282 2440 ,
1342 2389 1462 2443 quae
1510 2383 1593 2429 est
1648 2374 1787 2427 ultra
1848 2371 2041 2427 ﬂuvios

468 2462 781 2535 Ethiopiaz.
824 2464 952 2520 Alas
1005 2476 1185 2519 autem
1230 2465 1566 2536 navigiorum
1607 2465 1854 2519 nominat
1898 2463 2038 2528 vela,

470 2556 526 2610 in
566 2571 687 2625 quae
722 2564 1007 2612 ventorum
1066 2558 1298 2627 impetus
1349 2558 1669 2618 incidentes,
1715 2571 1810 2626 per
1837 2555 2043 2611 medios

468 2647 667 2705 ﬂuctus
728 2647 875 2705 alitis
932 2649 1106 2704 instar
1149 2664 1243 2703 eas
1278 2648 1545 2703 deferunt.
1616 2646 1716 2714 Qui
1766 2646 1933 2700 mittit
1988 2646 2040 2700 in

471 2741 609 2794 ntari
645 2741 897 2808 obsides,
930 2750 986 2795 et
1032 2740 1291 2810 cpiStolas
1340 2740 1658 2795 cbartaceas
1715 2755 1809 2810 per
1852 2752 2042 2808 aquas.

469 2829 711 2886 Diﬂicilis
739 2841 822 2887 est
852 2831 1139 2886 admodum
1166 2832 1356 2886 horum
1405 2832 1671 2885 dictorum
1726 2830 2040 2885 sententia:

471 2925 714 2979 continet
762 2933 943 2979 autem
992 2923 1231 2979 historiae
1282 2923 1608 2980 Grecanicm
1655 2923 2041 2989 narrationem,

472 3030 637 3086 quam
669 3018 833 3071 etiam
864 3032 1293 3073 commemorare
1318 3028 1550 3086 oportet,
1587 3032 1689 3071 non
1716 3026 1775 3071 ut
1803 3018 1870 3070 ab
1921 3015 2043 3071 oﬂi-

2126 536 2314 602 αὐτοῦ,
2348 537 2468 591 ἀντὶ
2488 536 2585 606 τῆς
2612 535 2856 599 δουλείας
2884 536 2986 607 τῆς
3014 537 3274 608 σκληρᾶς,
3296 533 3363 609 ἧς
3390 538 3706 594 ἐδούλευσαν

2127 629 2219 682 ἐπὶ
2244 628 2426 700 Τύρῳ.
2459 629 2603 682 Ἀντὶ
2623 630 2813 681 τούτου
2842 628 3046 681 δέδωκα
3072 628 3221 700 αὐτῷ
3241 629 3343 701 γῆν
3369 630 3665 699 Αἰγύπτου.
3681 650 3699 681 ι

2140 723 2420 794 Ἐπιφέρει
2448 722 2626 775 τοίνυν
2658 723 2687 773 ὁ
2716 722 3002 793 προφήτης
3044 723 3138 776 καὶ
3159 722 3294 795 αὐτῇ
3324 722 3406 790 τὸ,
3427 723 3586 788 Οὐαὶ,
3614 723 3705 776 καί

2130 829 2320 881 φησιν·
2366 811 2502 864 Οὐαὶ
2532 814 2637 881 γῆς
2681 809 2883 864 πλοίων
2922 812 3194 880 πτέρυγες
3228 812 3483 865 ἐπέκεινα
3537 828 3706 865 ποτα-

2134 902 2248 973 μῶν
2280 901 2592 964 Αἰθιοπίαςί
2619 900 2901 964 Αἰθιοπίας
2937 902 3036 972 μὲν
3066 898 3159 956 οὖν
3178 904 3455 973 ποταμοὺς
3472 903 3539 956 τὰ
3567 902 3706 955 ἐπτά

2132 994 2377 1066 στόματά
2404 1011 2558 1066 φησι,
2584 994 2652 1047 δι’
2681 988 2755 1048 ὧν
2774 997 2803 1049 ό
2831 994 2993 1065 εὐρύς
3013 1012 3070 1047 τε
3097 996 3194 1049 καὶ
3224 996 3396 1066 μέγας
3422 996 3519 1066 τῆς
3545 994 3708 1063 Αἰγύ-

2131 1104 2267 1142 πτου
2327 1087 2574 1158 ποταμὸς
2622 1090 2689 1157 τῇ
2735 1085 2980 1159 θαλάσσῃ
3026 1088 3300 1157 μίσγεται.
3353 1086 3464 1156 Γῆν
3513 1086 3568 1139 δέ
3609 1085 3707 1156 τὴν

2132 1179 2391 1232 ἐπέκεινα
2464 1178 2726 1248 ποταμῶν
2806 1178 3102 1249 ὀνομάζει,
3190 1179 3291 1249 τὴν
3366 1177 3461 1231 νῦν
3542 1173 3711 1231 οὖσαν

2147 1270 2573 1343 Ἀλεξάνδρειαν,
2609 1271 2952 1342 καλουμένην
2983 1270 3125 1325 δὲτὸ
3165 1270 3419 1341 τηνικάδε
3452 1265 3572 1323 Ὦν.
3631 1270 3710 1323 ην

2134 1364 2191 1417 δέ
2220 1362 2286 1436 δὴ
2309 1362 2721 1434 πολυανδροῦσα
2748 1362 2892 1425 λίαν,
2926 1363 3020 1415 καὶ
3056 1362 3473 1433 ἀλκιμωτάτους
3512 1363 3711 1433 ἔχοι-σα

2136 1459 2261 1521 τοὺς
2284 1458 2594 1529 οἰκήτορας,
2632 1457 2954 1527 ἀφειστήκει
2982 1456 3038 1509 δὲ
3065 1454 3245 1527 βραχὺ
3276 1455 3385 1509 τῶν
3430 1456 3709 1525 Αἰγύπτου

2138 1548 2417 1620 ποταμῶν.
2462 1549 2596 1602 Ἀπὸ
2624 1549 2734 1620 γὰρ
2763 1548 2858 1603 τοῦ
2886 1548 3197 1602 τελευταίου
3228 1548 3494 1619 στόματος
3521 1548 3712 1619 (ὄνομα

2138 1641 2194 1693 δέ
2212 1638 2359 1710 αὐτῷ
2384 1640 2446 1693 τὸ
2472 1639 2837 1711 Ἡρακλεῖον),
2866 1639 3135 1693 διίσταται
3155 1639 3292 1711 πρὸς
3314 1639 3555 1708 ἑσπέραν
3581 1655 3711 1692 στα·

2138 1730 2271 1795 δίοις
2311 1730 2453 1802 τάχα
2478 1746 2583 1784 που
2608 1731 2701 1784 τὸν
2727 1730 2960 1802 ἀριθμὸν
3002 1731 3351 1801 ὀγδοήκοντα.
3401 1730 3617 1802 Ἐπειδὴ
3656 1729 3713 1783 δέ

2137 1819 2204 1895 ἦν
2229 1823 2350 1888 έθος
2382 1827 2497 1887 τοῖς
2539 1824 2640 1894 τὴν
2673 1823 3143 1895 μνημονευθεῖσαν
3168 1823 3376 1878 οἰκοῦσι
3408 1823 3715 1885 πόλιν,άνω

2134 1932 2193 1967 τε
2224 1916 2319 1968 καὶ
2349 1915 2497 1967 κάτω
2521 1916 2612 1967 τὸν
2633 1914 2878 1984 ποταμὸν
2897 1914 3162 1979 διαπλεῖν,
3189 1915 3278 1969 ἀεὶ
3300 1915 3401 1985 μὲν
3425 1914 3555 1967 ὄντα
3580 1932 3712 1967 ναυ-

2139 2006 2380 2075 σίπορον,
2430 2005 2583 2073 ἄγειν
2610 2005 2666 2060 δὲ
2693 2006 2787 2058 καὶ
2827 2005 3013 2075 φέρειν
3053 2004 3123 2058 τά
3151 2023 3210 2059 τε
3263 2006 3394 2077 παρ’
3423 2004 3599 2059 αὐτῶν
3634 2006 3714 2069 εἰς

2137 2099 2377 2168 ἐτέρους,
2425 2099 2575 2168 παρά
2606 2115 2665 2151 τε
2693 2097 2847 2166 σφίσι
2879 2098 2950 2151 τὰ
2975 2099 3035 2165 ἐξ
3069 2098 3297 2170 ἐτέρων,
3336 2099 3431 2153 καὶ
3461 2098 3711 2169 φιλοκερ-

2137 2190 2279 2255 δίαις
2305 2192 2580 2262 ἐντρυφᾷν
2612 2192 2733 2254 ταῖς
2770 2190 2830 2257 ἐξ
2868 2191 3179 2263 ἐμποριῶν·
3216 2191 3473 2262 ταύτῃτοι
3501 2191 3717 2245 ταλανί-

2139 2282 2220 2345 ζει
2249 2283 2348 2345 τὰς
2381 2280 2513 2344 ναῦς
2540 2282 2568 2333 ὁ
2595 2281 2931 2351 προφητικδς
2969 2282 3027 2335 ἐν
3056 2284 3294 2336 τουτοισὶ
3330 2282 3507 2350 λόγος,
3537 2282 3632 2336 καὶ
3653 2282 3715 2335 οὐ

2140 2374 2281 2427 κατά
2302 2390 2365 2442 γε
2396 2374 2503 2427 τῶν
2528 2374 2674 2445 νηῶν
2702 2376 2953 2445 ἐπιφέρει
2975 2375 3059 2441 τὸ,
3092 2375 3247 2428 Οὐαί·
3278 2378 3399 2429 κατ’
3428 2374 3718 2429 ἐκείνωνδέ

2145 2465 2367 2535 μᾶλλον,
2393 2466 2553 2535 οἵπερ
2580 2461 2722 2537 ἦσαν
2756 2467 2951 2529 αὐταῖς
2976 2467 3065 2520 ἀεὶ
3109 2467 3403 2538 χρώμενοι,
3436 2467 3717 2538 χαίροντές

2141 2574 2200 2610 τε
2224 2558 2318 2611 καὶ
2341 2558 2736 2629 ἐντρυφῶντες,
2762 2557 2837 2621 ὡς
2867 2558 3025 2629 ἔφην,
3058 2562 3175 2623 ταῖς
3212 2558 3271 2624 ἐξ
3297 2559 3477 2612 αὐτῶν
3505 2559 3720 2629 γινομέ-

2142 2666 2261 2715 ναις
2319 2650 2703 2721 φιλοκερδίαις.
2753 2651 3213 2722 Κατειλημμένης
3247 2651 3356 2723 γάρ
3387 2653 3601 2722 ἀπάσης
3622 2651 3721 2721 τῆς

2143 2741 2329 2812 χώρας
2355 2742 2459 2796 ὑπὸ
2487 2742 2581 2796 τοῦ
2605 2744 3099 2814 Ναϐουχοδονόσορ,
3125 2744 3399 2798 πέπαυται
3431 2744 3531 2814 μὲν
3551 2746 3722 2813 ἐμπο-

2147 2834 2240 2906 ρία
2270 2835 2439 2902 πᾶσα,
2472 2835 2566 2889 καὶ
2603 2835 2703 2906 τῆς
2736 2837 2817 2899 εἰς
2863 2834 3020 2888 τοῦτο
3061 2837 3371 2907 παρρησίας
3417 2837 3478 2889 τὸ
3523 2836 3723 2900 πλάτος

2145 2925 2494 2991 ἀνεκόπετο,
2550 2926 2877 2981 διολωλότων
2929 2928 3069 2998 τάχα
3101 2945 3204 2980 που
3241 2928 3473 2982 καὶτῶν
3520 2945 3721 2999 κεκτη-

2149 3015 2325 3085 μένων
2354 3016 2546 3078 αὐτάς.
2594 3017 2731 3071 Οὐαὶ
2757 3019 2951 3081 τοίνυν,
2992 3019 3175 3088 φησὶν,
3212 3021 3268 3071 αἰ
3312 3019 3578 3091 πτέρυγες
3613 3018 3724 3071 τῶν

474 3110 562 3164 cio
595 3109 897 3178 decoroque
928 3109 1225 3164 Christiani
1261 3112 1526 3164 sermonis
1566 3112 1905 3177 deerremus,
1946 3108 2043 3162 sed

2148 3105 2348 3159 πλοίων
2393 3107 2493 3177 τῆς
2530 3107 2635 3178 γῆς
2685 3109 2901 3179 ἐκείνης
2943 3109 3042 3180 τῆς
3089 3108 3256 3180 οῦσης
3310 3110 3564 3163 ἐπέκεινα
3614 3109 3722 3163 τῶν

476 3215 537 3258 ιιι
602 3201 990 3258 sententiarum
1060 3201 1474 3268 explicationem
1534 3200 1870 3255 auditoribus
1917 3213 2044 3271 per-

475 3290 716 3359 spicuam
743 3289 1024 3343 faciamus.
1056 3289 1227 3344 Habet
1249 3304 1376 3342 vero
1394 3302 1451 3342 se
1474 3290 1575 3343 hoc
1595 3290 1751 3344 modo
1777 3290 2000 3344 hiatoria
2026 3307 2040 3343 :

477 3380 813 3435 Fabulantur
838 3380 1053 3449 quidam
1088 3380 1226 3448 apud
1267 3377 1489 3434 Graecos
1534 3391 1728 3448 poetae,
1768 3379 2041 3451 Myrrham

477 3473 644 3527 fuisse
668 3473 881 3543 Cyttirze
910 3472 1187 3540 cujusdam
1226 3471 1416 3536 ﬁliam,
1474 3473 1564 3540 qui
1610 3469 1798 3525 effreni
1846 3472 2046 3541 impetu

479 3564 546 3617 ad
582 3562 908 3629 voluptatem
947 3559 1242 3625 ferebatur,
1280 3576 1343 3614 ac
1371 3576 1490 3614 cunt
1532 3560 1744 3629 propria
1778 3560 1886 3615 ﬂlia
1916 3576 2047 3615 con-

478 3669 699 3724 gressus
744 3652 1052 3716 libidinose,
1096 3668 1216 3705 eam
1254 3651 1382 3705 fecit
1419 3652 1569 3720 ptteri
1599 3662 1849 3717 matrem,
1885 3651 2047 3723 275

477 3763 636 3819 quem
667 3746 831 3801 etiam
882 3744 1177 3798 nominavit
1208 3743 1530 3797 Adonidetn.
1578 3744 1693 3809 Quo
1727 3743 1871 3799 facto
1918 3758 2047 3799 eru-

480 3844 727 3903 bescens,
763 3847 816 3893 et
850 3846 1053 3891 natura:
1080 3836 1308 3905 legibus,
1341 3836 1485 3904 impii
1526 3834 1711 3905 ﬂagitii
1742 3837 2047 3898 convictus,

480 3933 535 3987 in
567 3942 773 3995 monte,
803 3937 864 3983 ut
888 3928 1082 3995 fertur,
1116 3927 1375 3982 infantem
1400 3929 1663 3998 exposuit.
1710 3928 2048 3997 Acceperunt

478 4032 659 4076 autem
690 4036 812 4075 eunt
837 4020 1084 4088 quaedam
1112 4019 1361 4089 nympha
1390 4018 1519 4082 illic,
1545 4032 1681 4086 quas
1703 4019 1869 4072 etiam
1897 4035 2050 4075 mon-

481 4126 635 4169 tanas
670 4119 865 4167 vocant
883 4111 1177 4174 daemonas,
1212 4109 1512 4163 educarunt
1540 4118 1591 4163 et
1617 4118 2007 4165 conservarunt
2032 4129 2046 4165 :

479 4209 570 4278 qui
602 4222 724 4262 cum
766 4206 832 4259 ad
862 4206 1198 4274 pubertatem
1230 4212 1285 4256 et
1326 4204 1390 4255 ad
1420 4203 1719 4272 juventutis
1756 4204 2047 4257 maturita-

483 4314 591 4356 tem
623 4300 964 4368 profecisset.
990 4297 1369 4351 venusﬂssitna
1395 4295 1563 4349 forma
1592 4309 1715 4350 esse
1744 4295 2047 4363 videbatur,

481 4390 935 4457 venationemque
961 4387 1225 4451 exercuit,
1270 4387 1508 4439 studinttt
1544 4384 1671 4439 illud
1696 4385 1749 4438 in
1787 4386 1937 4441 silvis
1967 4385 2051 4439 di-

2154 3196 2418 3269 ποταμῶν
2461 3198 2746 3264 Αἰθιοπίας
2776 3201 2788 3254 ἰ
2817 3202 3105 3271 Πτέρυγας
3136 3201 3192 3253 δέ
3231 3202 3431 3255 πλοίων
3471 3202 3723 3273 ὀνομάζει

2152 3292 2221 3345 τὰ
2248 3290 2413 3357 ἱστία,
2438 3286 2519 3355 οἷς
2542 3293 2598 3344 αἱ
2619 3292 2728 3346 τῶν
2745 3293 3071 3364 πνευμάτων
3094 3294 3462 3365 ἐμπίπτουσαι
3492 3292 3723 3364 προσϐο-

2153 3383 2264 3449 λαὶ,
2283 3384 2488 3455 πτηνοῦ
2510 3384 2664 3455 δίκην
2690 3386 2858 3449 αὐτὰς
2880 3387 3213 3457 ἀποφέρουσι
3241 3386 3328 3440 διὰ
3356 3386 3523 3457 μέσου
3552 3385 3725 3454 κύμα-

2153 3491 2265 3539 τος.
2300 3475 2359 3527 '0
2391 3475 2734 3529 ἀποστέλλων
2753 3478 2811 3529 ἐν
2843 3475 3086 3546 θαλάσσῃ
3104 3477 3301 3546 ὅμηρα,
3324 3477 3416 3530 καὶ
3437 3475 3727 3541 ἐπιστολὰς

2156 3568 2398 3638 βιϐλίνας
2423 3569 2609 3623 ἐπάνω
2649 3567 2743 3622 τοῦ
2775 3568 2986 3632 ὕδατος.
3032 3568 3359 3637 Δυσέφικτος
3405 3566 3501 3639 μέν
3528 3568 3721 3638 κομιδῇ

2153 3660 2262 3713 τῶν
2284 3660 2588 3731 εἰρημένων
2618 3662 2647 3712 ό
2668 3659 2811 3723 νοῦς·
2841 3661 3020 3714 ὠδίνει
3049 3678 3113 3729 γε
3147 3662 3253 3732 μὴν
3275 3660 3512 3731 ἱστορίας
3538 3659 3727 3731 Ἐλλη-
3761 3692 3764 3694 ~

2155 3751 2314 3818 νικῆς
2355 3752 2654 3821 ἀφήγησιν,
2704 3753 2770 3822 ἢν
2810 3752 2905 3805 καὶ
2949 3752 3264 3821 ἀναγκαίως
3321 3751 3571 3822 ἐροῦμεν,
3625 3753 3727 3805 οὐκ

2156 3842 2260 3907 ἔξω
2317 3842 2592 3913 βαίνοντες
2641 3843 2738 3897 τοῦ
2781 3844 3013 3909 εἰκότος,
3074 3846 3242 3917 ἡγουν
3278 3845 3372 3898 τοῦ
3423 3845 3727 3916 πρέποντος

2154 3935 2337 4005 λόγοις
2374 3937 2802 4006 Χριστιανικοίς,
2830 3936 2947 3991 ἀλλ’
2977 3937 3118 4007 ὑπέρ
3155 3955 3219 4006 γε
3253 3937 3348 3991 τοῦ
3375 3938 3518 4008 σαφῆ
3566 3956 3728 3991 κατα-

2158 4027 2356 4097 στῆσαι
2382 4031 2496 4090 τοῖς
2520 4028 2894 4100 ἀκροωμένοις
2925 4028 3023 4099 τὴν
3055 4028 3166 4081 τῶν
3198 4029 3417 4083 ἐννοιῶν
3448 4029 3723 4083 ἀπόδοσιν.

2159 4119 2315 4190 Ἔχει
2352 4118 2410 4172 δὲ
2437 4118 2579 4172 οὕτω
2612 4120 2714 4186 τῆς
2765 4120 3004 4191 ἱστορίας
3047 4121 3077 4174 ό
3122 4119 3278 4188 λόγος
3306 4137 3319 4151 ο
3356 4119 3726 4188 Μυθολογοῦσί

2154 4227 2298 4273 τινες
2328 4208 2436 4263 τῶν
2476 4209 2603 4281 παρ’
2634 4210 2860 4281 Ἕλλησι
2905 4210 3144 4280 ποιητῶν
3191 4210 3420 4283 Μύρραν
3475 4210 3727 4280 γενέσθαι

2155 4298 2253 4369 τὴν
2286 4297 2379 4352 τοῦ
2407 4298 2646 4370 Κινύρου
2665 4298 2813 4362 τινὸς
2839 4297 3134 4370 θυγατέρα,
3162 4298 3222 4362 ὃς
3247 4298 3310 4369 δὴ
3335 4298 3429 4352 καὶ
3452 4298 3727 4369 ἀχαλίνοις

2156 4389 2352 4460 ὁρμαῖς
2386 4389 2505 4448 ταῖς
2536 4390 2616 4451 εἰς
2647 4388 2956 4457 φιληδονίαν
2993 4386 3324 4458 ἡττώμενος,
3369 4386 3727 4439 συνεπλέκετο

482 4483 710 4551 ligenter
743 4479 973 4536 colebat.
1024 4479 1192 4545 Quem
1226 4488 1360 4541 tum,
1413 4486 1471 4531 ut
1512 4478 1697 4540 aiunt,
1722 4476 2043 4544 ‘conspicata

2158 4482 2257 4546 μὲν
2294 4479 2538 4549 ἀσελγῶς
2588 4484 2653 4552 τῇ
2713 4481 2817 4552 ἰδίᾳ.
2873 4480 3134 4551 θυγατρὶ,
3181 4480 3392 4551 μητέρα
3444 4479 3500 4532 δὲ
3558 4477 3727 4549 αὐτὴν

487 4574 595 4630 illic
624 4573 824 4637 Venus,
878 4570 1185 4625 meretricia
1234 4568 1577 4632 muliercula,
1631 4581 1838 4635 amare,
1879 4568 2049 4633 coire,

486 4669 541 4713 et
570 4672 845 4726 nunquam
875 4670 979 4711 non
1009 4655 1280 4720 amplecti.
1312 4653 1430 4719 Quo
1457 4651 1692 4707 oﬂensus
1721 4652 1865 4707 Mars
1888 4668 2056 4707 temu-

485 4742 567 4806 iu's
593 4767 656 4806 ac
685 4749 868 4804 rivalis
897 4745 1142 4811 Veneris,
1185 4747 1296 4800 suis
1343 4746 1516 4799 forma
1542 4754 1839 4814 assumpta,
1874 4746 1927 4798 in
1965 4758 2055 4798 ve-

485 4851 701 4896 nantem
753 4838 939 4893 insilit.
970 4837 1116 4891 Perit
1164 4838 1252 4890 ille
1293 4851 1324 4889 e
1358 4838 1605 4904 Vestigio.
1631 4835 1760 4902 Qua:
1807 4850 1895 4889 res
1922 4851 2050 4889 ean-

485 4953 605 4993 sam
657 4936 833 4989 luctus
889 4932 1082 4988 Veneri
1138 4932 1396 5002 prgcbuit;
1452 4933 1632 4999 itaque
1685 4942 2052 4994 consternata,

485 5042 740 5100 metuque
768 5027 1015 5083 confecta
1046 5037 1154 5091 est,
1187 5037 1245 5078 ut
1285 5027 1351 5077 ad
1394 5022 1593 5079 Orcum
1620 5039 1790 5090 usque
1831 5023 2056 5076 descen-

484 5121 657 5187 deret,
717 5122 979 5174 amasium
1028 5118 1335 5172 reductura.
1381 5116 1513 5170 Cum
1574 5126 1756 5169 autem
1811 5111 2056 5169 Plutonis

487 5226 623 5266 uxor
678 5210 1136 5266 adolescentulum
1179 5208 1451 5275 impendio
1508 5222 1668 5275 quam
1726 5206 2054 5274 complecte-

486 5316 660 5369 retur,
690 5314 746 5357 et
784 5303 1181 5374 pulchritudine
1212 5300 1513 5354 admirabili
1565 5310 1910 5368 prtestantetn
1949 5315 2056 5352 non

488 5396 805 5458 dimitteret,
849 5403 1218 5449 convenerunt
1268 5393 1408 5445 inter
1443 5407 1520 5457 se,
1574 5402 1629 5445 ut
1662 5394 1785 5445 anni
1834 5393 2056 5461 periodo

488 5487 679 5543 divisa.
722 5497 776 5539 et
801 5486 1027 5539 alternis
1067 5483 1275 5537 vicibus
1312 5497 1433 5536 eunt
1490 5482 1773 5536 haberent.
1820 5482 2052 5535 lleversa

490 5578 672 5632 Venus
711 5594 830 5631 cum
879 5578 979 5630 huc
1033 5577 1144 5629 suis
1193 5575 1547 5628 familiaribus
1600 5588 1692 5627 seu
1732 5576 1922 5627 amicis
1958 5589 2050 5627 seu

493 5671 793 5724 cultoribus
826 5669 1179 5731 renuntiaret,
1239 5668 1289 5719 in
1322 5666 1520 5719 festum
1555 5680 1638 5717 res
1666 5665 1798 5717 exiit
1824 5680 1883 5717 ac
1910 5666 2049 5719 cele-

494 5764 763 5817 britatem.
804 5761 983 5827 Itaque
1012 5758 1183 5813 Graeci
1228 5759 1350 5811 hinc
1386 5757 1489 5811 tale
1540 5755 1734 5810 festum
1772 5756 2048 5822 excogita-

2152 4572 2323 4625 ἐποίει
2358 4571 2566 4634 παιδὸς,
2587 4572 2645 4625 ὃν
2677 4572 2741 4642 δὴ
2774 4570 2869 4625 καὶ
2894 4570 3177 4641 ὠνόμασεν
3200 4569 3450 4622 Ἄδωνιν.
3487 4569 3719 4639 Ἐπερυ-

2153 4662 2319 4732 θριῶν
2348 4662 2511 4734 δέτῷ
2537 4662 2785 4731 γεγονότι
2832 4664 2929 4716 καὶ
2972 4664 3081 4724 τοῖς
3120 4662 3219 4732 τῆς
3262 4660 3476 4731 φύσεως
3516 4661 3725 4730 νόμοις,

2153 4754 2237 4807 ὅτι
2276 4754 2554 4823 πέπραχεν
2593 4754 2825 4815 ἀνοσίως
2867 4751 3307 4822 ἐξελεγχόμενος,
3356 4749 3612 4819 ἐξέθηκεν
3653 4748 3728 4810 ῶς

2154 4863 2287 4913 φασι
2325 4846 2386 4899 τὸ
2419 4844 2627 4897 παιδίον
2687 4846 2743 4896 ἐν
2789 4844 2925 4912 ὄρει.
2983 4842 3258 4897 Λαϐοῦσαι
3304 4842 3362 4895 δέ
3409 4840 3566 4894 τοῦτο
3620 4839 3728 4893 τῶν

2155 4938 2332 4989 ἐκεῖσε
2354 4934 2581 5006 νυμφῶν
2609 4952 2773 4998 τινες.
2810 4933 2875 4998 ἃς
2906 4934 3000 4987 καὶ
3026 4934 3256 5005 όρεάδας
3285 4932 3512 4986 καλοῦσι
3540 4931 3727 5001 δαίμο·

2154 5044 2277 5093 νας,
2307 5025 2540 5099 togatam
2562 5042 2622 5077 τε
2655 5026 2749 5078 καὶ
2778 5023 3106 5078 διεσώσαντο
3130 5041 3142 5053 ·
3175 5023 3233 5086 ὃς
3264 5022 3328 5094 δὴ
3361 5021 3456 5075 καὶ
3491 5020 3725 5091 ἡϐήσας,

2154 5120 2249 5172 καὶ
2274 5120 2331 5170 ἐν
2363 5117 2602 5179 νεανίαις
2629 5118 2728 5187 ἤδη
2757 5116 2949 5181 τελῶν,
2985 5114 3432 5186 εὐπρεπεστάτην
3461 5113 3559 5183 μὲν
3590 5111 3727 5180 ἔχων

2154 5211 2251 5280 τὴν
2286 5209 2434 5280 ῶραν
2465 5209 2714 5277 ἐφαίνετο
2735 5224 2748 5237 ⁸
2772 5209 2974 5277 ἥπτετο
3006 5206 3065 5260 δὲ
3095 5203 3457 5277 κυνηγ[ε]ίας,
3492 5204 3587 5257 καὶ
3628 5201 3726 5264 τὰς

2155 5303 2247 5354 ἐπὶ
2274 5301 2447 5369 τούτῳ
2490 5300 2724 5362 σπουδὰς
2758 5299 2880 5353 καθ’
2912 5299 3042 5362 ὕλας
3068 5301 3303 5352 ἐποιεῖτο
3341 5296 3469 5367 περὶ
3508 5293 3722 5347 πολλοῦ.

2154 5390 2307 5457 Εἶτα,
2339 5394 2495 5463 φησὶ,
2523 5391 2828 5463 θεασαμένη
2861 5391 3047 5445 τοῦτον
3075 5395 3107 5462 ή
3146 5392 3274 5459 παρ’
3309 5390 3489 5451 αὐτοῖς
3535 5388 3728 5454 ’Λφροο

2152 5484 2269 5554 δίτη
2305 5484 2599 5555 (ἑταιρικὸν
2633 5483 2687 5536 δὲ
2717 5483 2873 5536 τοῦτο
2902 5482 3119 5551 γύναιον
3141 5479 3259 5553 ἦν),
3296 5479 3507 5551 ἠράσθη
3541 5495 3600 5529 τε
3635 5477 3727 5529 καὶ

2158 5573 2494 5641 συνεγένετο,
2542 5572 2637 5624 καὶ
2665 5572 3000 5643 περιέπουσα
3042 5571 3289 5624 διετέλει.
3346 5568 3458 5623 Καὶ
3504 5569 3639 5635 πρός
3663 5581 3727 5632 γε

2152 5665 2312 5717 τοῦτο
2366 5663 2734 5733 λελυπημένος
2793 5665 2821 5715 ὁ
2854 5664 3047 5733 Ἀρης,
3092 5660 3422 5732 ἀντεραστὴς
3468 5658 3727 5728 ὑπάρχων

2159 5760 2254 5828 τῆς
2299 5755 2634 5830 Ἀφροδίτης,
2671 5754 2753 5808 συῒ
2791 5756 3199 5828 παρεικάζεται,
3234 5754 3325 5808 καὶ
3360 5751 3595 5823 θηρῶντι
3625 5748 3724 5822 μὲν
