4148 6378
362 388 461 444 Ml

1479 385 1546 443 IN
1585 387 1818 444 ISAIAM
1858 387 1990 445 LIB.
2031 389 2098 446 ll.
2140 386 2379 446 TOMUS
2412 387 2502 447 Ill.

3518 393 3625 449 M2

366 511 625 584 ἐπιπηδᾷ,
664 511 901 565 διόλλυσι
926 510 983 564 δέ
1013 509 1360 581 παραχρῆμα
1386 525 1401 540 °
1452 510 1549 563 καὶ
1578 510 1781 581 θρήνου
1808 507 1943 578 πρό-

2070 517 2193 572 um,
2227 516 2287 563 ut
2320 523 2379 564 se
2425 522 2549 563 cum
2585 507 2795 564 Venere
2841 517 3061 578 propter
3095 516 3323 563 mortem
3361 507 3621 565 Adonidis

366 621 527 673 φασις
579 602 773 672 γέγονε
811 602 910 673 μέν
951 601 1013 655 τὸ
1060 600 1252 672 χρῆμα
1282 602 1350 672 τῇ
1412 600 1725 675 Ἀφροδίτῃ,
1756 599 1941 670 φησίν.

369 696 640 752 Καθίκετο
686 695 742 749 δέ
771 693 1076 765 δυσθυμίας
1121 694 1202 756 είς
1232 692 1391 746 τοῦτο
1434 692 1528 745 καὶ
1557 692 1757 763 λύπης,
1808 689 1948 743 ὥστε

366 790 462 841 καὶ
501 788 582 849 είς
628 784 796 840 αὑτὸν
843 782 1243 852 καταφοιτῆσαι
1285 781 1376 835 τὸν
1418 782 1573 853 ᾅδην,
1618 780 1949 852 ἀνακομίσαι

369 875 597 930 θέλουσα
625 874 717 927 τὸν
744 870 1041 944 ἐρώμενον.
1085 872 1303 943 Ἐπειδὴ
1340 870 1398 925 δὲ
1432 874 1465 943 ἡ
1509 872 1605 926 τοῦ
1638 871 1952 935 Πλούτωνος

368 967 505 1039 γυνὴ
536 968 877 1036 μετεποιεῖτο
910 964 1005 1019 τοῦ
1054 964 1342 1018 νεανίσκου
1390 964 1618 1036 σφόδρα,
1667 964 1761 1017 καὶ
1800 962 1949 1027 ἀξιο-

372 1060 686 1131 θαύμαστον
732 1058 925 1129 ἔχοντα
957 1057 1057 1128 τὴν
1087 1055 1238 1127 ὥραν
1294 1055 1393 1109 οὐκ
1447 1056 1619 1125 ἠφίει,
1671 1055 1954 1109 συνέθεντο

371 1153 506 1224 πρὸς
549 1151 806 1223 ἀλλήλας,
854 1149 994 1202 ὥστε
1044 1148 1373 1221 μερίσασθαι
1415 1146 1510 1201 τοῦ
1561 1147 1810 1202 ἐνιαυτοῦ
1861 1146 1954 1199 τὸν

372 1243 570 1297 κύκλον
593 1259 608 1273 ·
646 1243 740 1297 καὶ
778 1240 838 1306 ἐξ
873 1240 1134 1312 ἡμισείας
1166 1240 1313 1311 ἔχειν
1350 1240 1535 1294 αὐτόν.
1603 1238 1955 1307 Ἀνελθούσης

372 1337 427 1390 δὲ
465 1336 564 1405 τῆς
621 1334 965 1405 Ἀφροδίτης,
1019 1334 1115 1387 καὶ
1163 1331 1323 1387 τοῦτο
1386 1332 1789 1403 ἀναγγειλάσης
1842 1333 1956 1394 τοῖς

374 1429 574 1499 ἑαυτῆς
603 1426 847 1491 οἰκείοις,
877 1427 996 1498 ἦτοι
1042 1425 1238 1496 φίλοις,
1274 1425 1306 1496 ἢ
1336 1424 1682 1494 λατρευταῖς,
1702 1423 1866 1495 ἑορτὴ
1897 1423 1957 1476 τὸ

374 1522 563 1593 χρῆμα
605 1519 798 1590 γέγονε
846 1520 942 1573 καὶ⁵
994 1521 1325 1590 πανήγυρις.
1378 1515 1738 1572 Ἐπλάττοντο
1779 1514 1957 1569 τοίνυν

377 1612 636 1683 Ἕλληνες
663 1612 859 1682 ἑορτὴν
886 1612 979 1664 ἐπὶ
1006 1610 1183 1680 τούτῳ
1213 1608 1493 1681 τοιαύτην.
1527 1606 1959 1680 Προσεποιοῦντο

379 1705 478 1776 μὲν
512 1704 622 1773 γάρ
667 1703 985 1775 λυπουμένῃ
1012 1705 1080 1774 τῇ
1128 1701 1437 1774 Ἀφροδίτῃ,
1476 1702 1565 1757 διά
1606 1702 1668 1755 τὸ
1705 1700 1959 1755 τεθνάναι

376 1797 469 1851 τὸν
502 1795 749 1861 Ἀδωνιν,
778 1795 1237 1865 συνολοφύρεσθαι
1272 1796 1366 1848 καὶ
1417 1794 1658 1866 θρηνείψ
1701 1793 1957 1849 ἀνελθοῦ-

380 1906 480 1959 σης
528 1888 585 1941 δέ
628 1887 689 1952 ἐξ
736 1887 887 1959 ᾇδου,
939 1889 1036 1941 καὶ
1086 1887 1195 1958 μὴν
1237 1888 1332 1940 καὶ
1373 1888 1646 1959 ηὑρῆσθαι
1695 1887 1959 1959 λεγούσης

378 1979 469 2032 τὸν
506 1978 861 2049 ζητούμενον,
915 1978 1242 2049 συνήδεσθαι
1291 1981 1388 2033 καὶ
1437 1980 1807 2052 ἀνασκιρτᾷν·
1866 1980 1961 2034 καὶ⁵

382 2069 545 2140 μέχρι
572 2069 680 2123 τῶν
710 2071 830 2124 καθ’
883 2071 1030 2140 ἡμᾶς
1066 2069 1274 2141 καιρῶν
1321 2072 1379 2125 ἐν
1411 2073 1525 2134 τοῖς
1554 2071 1677 2125 κατ’
1718 2071 1963 2137 Ἀλεξάν-

378 2165 563 2236 δρειαν
599 2167 763 2238 ἱεροῖς
807 2166 1044 2220 ἐτελεῖτο
1074 2165 1135 2218 τὸ
1164 2165 1415 2234 παίγνιον
1464 2165 1644 2219 τοῦτο.
1698 2165 1965 2237 Μεμαθή-

380 2274 510 2310 κασι
551 2256 646 2309 καὶ
690 2258 739 2309 οἱ
774 2254 834 2321 ἐξ
863 2257 1095 2325 αἵματος
1138 2255 1375 2327 Ἰσραὴλ,
1418 2258 1515 2308 καὶ
1540 2255 1604 2324 δὴ
1638 2256 1732 2309 καὶ
1791 2255 1963 2328 ἔδρων

381 2347 533 2411 αὐτὸ,
562 2347 697 2401 Θεὸν
727 2348 824 2417 μὲν
856 2348 1089 2413 ἀφέντες
1112 2345 1202 2400 τὸν
1232 2347 1391 2417 φύσει
1424 2347 1519 2401 καὶ
1559 2347 1795 2418 ἀληθῶς,
1827 2349 1964 2402 ἀπο-

381 2438 692 2502 νενευκότες
717 2437 775 2490 δὲ
805 2436 943 2509 πρὸς
971 2435 1006 2490 ἃ
1044 2436 1116 2508 μὴ
1152 2435 1331 2507 θέμις,
1365 2436 1460 2491 καὶ
1485 2439 1606 2502 ταῖς
1636 2438 1744 2492 τῶν
1773 2438 1965 2508 δαιμο-

381 2528 509 2580 νίων
544 2527 784 2590 ἀπάταις
823 2528 905 2590 εἰς
958 2526 1182 2599 ὄλεθρον
1230 2528 1327 2582 καὶ
1371 2529 1647 2583 ἀπώλειαν
1692 2530 1967 2594 ἀσυνέτως

385 2618 853 2689 συνηρπασμένοι.
886 2618 1267 2690 Διαμέμνηται
1298 2621 1486 2674 τούτου
1511 2623 1606 2677 καὶ
1636 2624 1664 2676 ὁ
1700 2622 1967 2693 μακάριος

383 2709 675 2780 προφήτης
725 2708 1001 2781 Ἰεζεχιήλ·
1041 2710 1147 2782 ἔφη
1191 2711 1299 2782 γὰρ
1347 2711 1521 2777 οὕτως
1548 2729 1560 2741 ·
1634 2713 1785 2766 «Καὶ
1835 2712 1965 2775 ίδον,

385 2800 481 2854 καὶ
540 2800 649 2853 ἰδοῦ
690 2802 807 2855 ἐκεῖ
852 2806 1110 2871 γυναῖκες
1150 2804 1482 2874 καθήμεναι,
1544 2804 1841 2875 θρηνοῦσαι
1877 2805 1967 2859 τὸν

384 2890 724 2961 Θαμμούζ.’›
769 2893 1193 2965 Διερμηνεύεται
1220 2895 1278 2948 δὲ
1310 2896 1339 2948 ὁ
1366 2895 1632 2966 Θαμμοὺζ
1652 2899 1680 2949 ὁ
1716 2896 1965 2961 Ἄδωνις.

400 2981 739 3053 Ἐπράττετο
761 2983 818 3036 δέ
844 3001 897 3037 τι
932 2983 1171 3039 τοιοῦτον
1199 2985 1351 3056 παρὰ
1376 2985 1486 3038 τῶν
1514 2985 1683 3039 ὄντων
1717 2988 1775 3038 έν
1807 2990 1871 3057 τῇ
1897 2990 1967 3059 γῇ

384 3075 453 3142 τῇ
509 3072 767 3128 ἐπέκεινα
800 3077 1065 3146 ποταμῶν
1109 3076 1417 3142 Αἰθιοπίας,
1469 3078 1601 3148 περὶ
1641 3072 1709 3149 ἧς
1756 3080 1814 3131 ἐν
1856 3082 1968 3141 τοῖς

2051 611 2247 655 ιιιωειιι
2299 600 2588 657 condolere
2644 610 2702 656 et
2751 600 2935 671 lugere
2983 619 2996 655 :
3046 601 3292 657 redeunti
3337 611 3517 656 autem
3558 619 3625 656 ex

2049 692 2190 748 Orco
2238 703 2294 749 et
2314 695 2590 748 inventum
2633 708 2756 748 esse
2804 692 3028 758 dicenti,
3061 706 3221 761 quem
3274 692 3622 761 quasiverat,

2051 786 2331 857 gratulari,
2398 795 2454 841 et
2491 802 2594 840 una
2622 786 2895 841 exsultare
2935 786 3293 852 simularent;
3338 794 3394 840 et
3428 786 3494 840 ad
3534 802 3626 840 no-

2053 890 2225 934 stram
2256 894 2428 951 usque
2483 889 2695 934 aetatem
2732 878 2784 933 in
2827 878 3208 933 Alexandrinis
3249 877 3488 932 delubris
3527 878 3629 932 lmc

2055 972 2321 1027 ludicrum
2384 972 2764 1041 peragebatur.
2819 968 2933 1025 Hoc
2983 984 3198 1040 quoque
3246 985 3311 1025 ex
3368 971 3632 1037 sanguine

2056 1066 2356 1120 Israelitico
2378 1065 2484 1119 orti
2517 1063 2847 1130 didicerunt,
2887 1063 3045 1132 idque
3080 1062 3255 1132 ipsum
3290 1062 3628 1126 factitarunt,

2059 1158 2168 1213 Deo
2203 1157 2454 1213 videlicet
2481 1155 2713 1209 naturali
2740 1166 2793 1210 et
2819 1170 2948 1209 vero
2980 1156 3264 1222 derelicto,
3300 1156 3371 1211 ad
3405 1156 3454 1210 id
3486 1155 3630 1226 quod
3740 1182 3747 1191 ο

2058 1252 2139 1306 fas
2172 1266 2275 1305 non
2328 1260 2446 1305 erat
2495 1250 2723 1319 delapsi,
2766 1256 2821 1304 et
2863 1249 3165 1303 dtemonum
3215 1249 3528 1318 imposturis
3576 1250 3629 1301 in

2056 1343 2350 1413 perniciem
2388 1350 2444 1395 et
2496 1342 2769 1396 interitum
2828 1342 3199 1410 imprudenter
3248 1340 3477 1410 abrepti.
3516 1338 3631 1393 Me-

2060 1436 2217 1492 minit
2256 1435 2417 1505 hujus
2442 1435 2604 1488 etiam
2656 1436 2847 1488 beatus
2887 1434 3149 1503 propheta
3176 1432 3450 1488 Ezechiel.
3490 1432 3635 1487 Dixit

2059 1530 2204 1585 enim
2231 1528 2311 1585 sic
2342 1545 2354 1581 :
2395 1546 2414 1579 ι
2450 1527 2515 1581 Et
2540 1527 2670 1590 vidi,
2710 1538 2765 1581 et
2791 1541 2918 1581 ecce
2956 1526 3213 1581 mulieres
3236 1527 3503 1591 sedentes,
3550 1524 3634 1577 lu-

2059 1628 2246 1690 gentes
2287 1616 2589 1673 Tltammuz
2623 1616 2667 1650 "
2704 1636 2721 1669 ι
2763 1617 3077 1687 (exponitur
3111 1624 3291 1669 autem
3332 1613 3634 1670 Thammnz

2060 1708 2305 1778 Adonis).
2336 1707 2565 1763 Factum
2596 1717 2678 1763 est
2707 1717 2889 1761 autem
2924 1707 3031 1761 tale
3061 1705 3316 1775 quiddam
3344 1704 3413 1758 ab
3444 1703 3635 1773 bisqui

2061 1808 2221 1853 erant
2264 1799 2317 1852 itt
2368 1808 2512 1853 terra
2561 1807 2708 1851 trans
2752 1797 2944 1852 fluvios
2990 1794 3302 1866 Etltlopim,
3337 1797 3402 1849 de
3437 1809 3540 1863 qua
3584 1794 3637 1846 iu

2062 1890 2435 1960 superioribus
2463 1891 2624 1960 paulo
2664 1888 2879 1958 planius
2911 1888 3167 1943 diximus.
3194 1889 3434 1953 Accepto
3467 1884 3637 1949 ﬁctili,

2064 1984 2185 2040 dein
2216 1984 2580 2053 conscriptam
2636 1984 2688 2036 in
2726 1998 2928 2054 papyro
2965 1981 3245 2052 epistolam
3278 1980 3344 2034 ad
3389 1980 3638 2039 feminas,

2063 2075 2216 2144 quasi
2278 2076 2498 2129 invento
2558 2074 2833 2135 Adonide,
2896 2088 2958 2126 ac
3010 2071 3161 2126 fictili
3217 2069 3527 2139 impositam
3588 2075 3641 2121 et

2064 2167 2230 2236 276
2253 2166 2617 2235 obsignatam,
2660 2164 2713 2216 in
2751 2177 2902 2216 mare
2928 2161 3286 2224 demiserunt,
3316 2158 3638 2229 quibusdam

2065 2259 2354 2315 celebratis
2388 2255 2730 2312 caeremoniis
2773 2273 2786 2310 :
2828 2264 2968 2309 etut
3016 2253 3269 2307 dicebant
3325 2261 3555 2312 temere.
3587 2258 3641 2303 et

2066 2366 2195 2406 casu
2234 2352 2286 2405 in
2332 2350 2572 2409 chartas,
2619 2347 2771 2415 juxta
2814 2344 3132 2399 manifestos
3186 2343 3312 2398 anni
3348 2343 3464 2396 dies
3502 2339 3642 2395 refe-

2067 2444 2309 2498 rebatur.
2341 2441 2495 2509 Quod
2536 2440 2623 2494 ubi
2658 2439 2759 2493 illae
2800 2438 3014 2493 feminae
3050 2435 3277 2490 Veneris
3308 2435 3499 2488 amicae
3536 2447 3638 2484 una

2067 2550 2191 2590 cum
2231 2534 2460 2604 epistola
2504 2533 2879 2601 accepissent,
2920 2528 3145 2596 perinde
3180 2542 3245 2582 ac
3292 2526 3336 2581 si
3393 2534 3643 2596 repertus

2067 2621 2311 2677 fuisseta
2345 2619 2556 2675 Venere
2582 2619 2807 2683 Adonis,
2852 2619 3053 2671 luetmn
3097 2616 3388 2685 ponebant.
3429 2612 3645 2667 Deridct

2068 2726 2196 2782 ergo
2250 2725 2430 2765 sermo
2478 2708 2825 2778 pr0plteticus
2891 2705 3048 2760 nobis
3105 2704 3251 2758 velut
3320 2702 3643 2758 idololatras

2070 2802 2286 2872 impios,
2334 2801 2668 2863 seductores,
2720 2808 2775 2852 et
2825 2797 2915 2850 Dei
2959 2797 3144 2851 hostes
3180 2809 3273 2849 eos
3315 2794 3405 2863 qui
3442 2804 3641 2847 terram

2069 2909 2189 2949 eam
2226 2892 2557 2955 inhabitant,
2596 2902 2744 2944 trans
2766 2890 2959 2943 fluvios
2988 2886 3305 2956 IEtltiopize,
3336 2895 3394 2941 et
3419 2884 3593 2953 inquit
3625 2900 3640 2938 :

2071 2988 2175 3054 Qui
2211 2987 2380 3041 mittit
2407 2986 2459 3039 in
2499 2986 2631 3039 mari
2670 2985 2914 3049 obsides,
2937 2992 2993 3037 et
3030 2980 3287 3051 epistolas
3316 2992 3645 3049 papyraceas

2071 3094 2233 3148 super
2248 3092 2465 3147 aquam.
2490 3075 2597 3130 lloe
2621 3076 2782 3129 etiam
2804 3074 3027 3127 omnino
3049 3073 3293 3141 sequitur
3319 3070 3427 3133 Vm,
3457 3082 3646 3133 quem-

386 3164 645 3236 ἀνωτέρω
672 3165 840 3237 βραχὺ
862 3167 1046 3235 σαφῶς
1066 3170 1387 3239 εἰρήκαμεν.
1409 3169 1668 3240 Κέραμον
1687 3170 1964 3234 λαϐόντες,

2070 3169 2357 3223 admodum
2410 3180 2559 3221 certe
2617 3167 2718 3221 alis
2778 3166 3014 3218 navium.
3085 3164 3175 3219 Va:
3223 3163 3390 3225 enim,
3442 3160 3644 3227 inquit,

388 3254 509 3311 εἶτα
546 3260 848 3327 γράφοντες
875 3260 1163 3331 ἐπιστολὴν
1194 3262 1330 3332 πρὸς
1358 3262 1456 3325 τὰς
1488 3263 1547 3315 ἐν
1587 3262 1765 3333 Βίϐλῳ
1790 3266 1969 3332 γυναῖ-

390 3365 513 3412 κας,
546 3348 620 3411 ὼς
649 3348 960 3420 ηύρημένου
1006 3350 1099 3403 τοῦ
1133 3350 1428 3415 Ἀδώνιδος,
1479 3352 1574 3405 καὶ
1625 3352 1870 3416 ἐνθέντες
1908 3370 1969 3405 τε

390 3441 561 3512 αὐτὴν
589 3441 668 3510 τῷ
701 3443 949 3514 κεράμῳ,
989 3443 1083 3496 καὶ
1126 3445 1546 3514 σφραγίσαντες,
1601 3444 1860 3499 καθίεσαν
1890 3447 1972 3509 είς

392 3532 488 3601 τὴν
518 3533 812 3597 θάλασσαν,
846 3533 1071 3597 τελετάς
1103 3552 1252 3597 τινας
1287 3535 1374 3588 ἐπ’
1405 3535 1554 3606 αὐτῷ
1583 3537 1967 3607 ποιησάμενοι·

393 3626 489 3677 καὶ
508 3623 583 3688 ὥς
608 3641 671 3692 γε
700 3624 962 3692 ἔφασκον,
1018 3626 1339 3694 αὐτομάτως
1368 3628 1448 3690 είς
1481 3627 1671 3679 Βίϐλον
1700 3626 1971 3698 ἀπεκομί-

395 3715 518 3778 ζετο
545 3718 621 3784 (l)
646 3719 790 3769 κατὰ
816 3717 1059 3786 φανεράς
1091 3716 1186 3771 τοῦ
1213 3716 1368 3781 ἔτους
1392 3719 1628 3789 ἡμέρας.
1663 3722 1760 3772 ’ον
1787 3718 1851 3790 δὴ
1878 3720 1972 3772 καὶ

394 3807 793 3877 ἀποδεξάμεναι
822 3809 1079 3875 γυναῖκές
1115 3827 1258 3873 τινες
1286 3812 1385 3880 τῆς
1430 3811 1749 3882 Ἀφροδίτης
1796 3810 1968 3881 φίλαι,

396 3893 516 3952 εἶτα
556 3897 820 3953 λαϐοῦσαι
847 3900 945 3969 τὴν
973 3900 1263 3971 ἐπιστολὴν
1291 3900 1557 3956 ἐπαύοντο
1589 3902 1682 3955 τοῦ
1730 3903 1969 3975 θρηνεῖν,

394 3986 470 4050 ὡς
514 3989 825 4059 ηύρημένου
866 3991 1013 4060 παρά
1054 3992 1154 4061 τῆς
1195 3993 1514 4063 Ἀφροδίτης
1535 3994 1627 4046 τοῦ
1672 3994 1968 4058 Ἀδώνιδος.

395 4080 629 4151 Διαγελᾷ
653 4082 830 4135 τοίνυν
858 4084 887 4135 ὁ
916 4083 1250 4152 προφητικὸς
1279 4086 1411 4154 ἡμῖν
1448 4084 1625 4152 λόγος,
1656 4085 1731 4149 ὡς
1761 4086 1975 4139 είδωλο-

395 4170 595 4242 λάτρας
626 4173 756 4226 ποτὲ
783 4173 877 4226 καὶ
903 4174 1174 4239 ἀνοσίους,
1223 4177 1320 4229 καὶ
1349 4177 1697 4243 ἀπατεῶνας,
1733 4178 1827 4231 καὶ
1856 4177 1974 4231 θεο·

401 4270 597 4337 μισεῖς,
654 4268 782 4331 τοὺς
830 4268 1223 4332 κατοικοῦντας
1267 4269 1365 4339 τὴν
1398 4271 1501 4340 γῆν
1571 4269 1670 4341 τὴν
1718 4271 1973 4324 ἐπέκεινα

400 4359 660 4429 ποταμῶν
688 4358 991 4422 Αίθιοπίας,
1028 4359 1119 4413 καί
1160 4377 1323 4429 φησιν
1349 4377 1361 4389 ·
1417 4361 1475 4413 ’0
1524 4361 1870 4414 ἀποστέλλων
1918 4362 1977 4413 ἐν

399 4451 643 4523 θαλάσσῃ
676 4452 880 4521 ὅμηρα,
924 4453 1018 4503 καὶ
1060 4451 1352 4514 ἐπιστολάς
1388 4451 1632 4519 βιϐλίνας
1670 4452 1854 4506 ἐπάνω
1881 4451 1974 4505 τοῦ

2076 3268 2238 3315 terrm
2290 3260 2505 3313 navium
2560 3259 2679 3311 alis.
2723 3256 2902 3323 Quare
2963 3257 3018 3310 in
3065 3269 3355 3310 commune
3400 3246 3647 3305 extendit

2078 3353 2205 3407 illud
2247 3352 2337 3407 Vae
2376 3352 2441 3405 ad
2486 3368 2608 3406 eum
2638 3352 2801 3405 etiam
2862 3349 2953 3417 qui
3014 3348 3178 3403 tnittit
3232 3347 3287 3400 in
3331 3344 3465 3398 mari
3500 3340 3647 3397 obsi-

2077 3446 2194 3509 des,
2246 3445 2298 3499 id
2346 3454 2451 3508 est,
2508 3443 2811 3497 concordia:
2860 3456 2927 3496 ac
2975 3439 3348 3508 consensionis
3394 3435 3643 3506 pignora.

2077 3533 2211 3587 Nam
2247 3533 2470 3602 perinde
2503 3533 2657 3603 quasi
2716 3531 2946 3586 Veneris
2996 3539 3252 3601 mysteria
3282 3528 3646 3587 celebrarent,

2077 3642 2195 3681 eam
2238 3626 2291 3679 in
2322 3639 2523 3694 papyro
2559 3622 2860 3676 colentibus
2908 3636 2970 3676 ac
3004 3620 3120 3689 pari
3164 3617 3533 3673 laborantibus
3567 3618 3648 3669 in-

2079 3718 2253 3779 sania,
2324 3718 2587 3771 miserunt
2621 3714 2895 3782 epistolas,
2951 3728 3054 3765 non
3093 3711 3357 3781 impositis
3398 3709 3520 3763 navi
3566 3718 3648 3761 ta-

2079 3809 2337 3873 bellariis,
2374 3808 2467 3863 sed
2505 3807 2644 3860 velut
2679 3821 2843 3872 super
2877 3819 3068 3873 aquas.
3106 3817 3170 3856 eo
3194 3802 3359 3871 quod,
3389 3799 3465 3854 uti
3494 3799 3649 3852 dixe-

2079 3915 2219 3964 ram,
2256 3914 2348 3954 eas
2384 3899 2434 3951 in
2463 3897 2681 3951 urceolo
2722 3906 3037 3964 posuerunt.
3078 3892 3262 3947 Coacti
3311 3905 3519 3956 sumus,
3560 3903 3651 3941 su-

2079 3993 2187 4047 ltnn
2225 4002 2283 4045 ut
2324 3991 2605 4045 verborum
2656 3985 3067 4057 intelligentiam
3101 3984 3521 4045 declararemus,
3570 3980 3653 4032 fa-

2084 4086 2238 4139 bulas
2276 4083 2489 4154 putidas
2521 4091 2571 4136 et
2604 4082 2795 4145 aniles,
2835 4091 2889 4134 et
2912 4078 3153 4134 Graecam
3193 4075 3652 4130 abominationem
3714 4110 3723 4122 .

2080 4186 2525 4230 commemorare.
2580 4171 2735 4226 lbuut
2766 4172 2910 4225 enim
2961 4168 3129 4223 nuntii
3177 4167 3384 4222 celeres
3424 4164 3490 4218 ad
3524 4178 3656 4231 gen-

2082 4278 2184 4320 tem
2225 4265 2515 4324 excelsam,
2559 4271 2612 4316 et
2655 4261 2995 4331 peregrinum
3046 4259 3299 4327 populum
3343 4266 3397 4310 ct
3438 4257 3652 4308 durum.

2080 4362 2211 4425 Quis
2252 4358 2389 4410 ultra
2437 4356 2582 4408 illum
2614 4354 2637 4406 ζ)
2675 4353 2821 4407 Gens
2876 4352 3156 4419 desperata
3214 4360 3269 4402 et
3317 4348 3651 4417 prOCulcata.

2083 4451 2197 4503 Dixi
2234 4446 2520 4503 offendisse
2554 4462 2705 4513 reges
2758 4444 3126 4513 Assyriorum,
3174 4456 3268 4496 eos
3311 4439 3406 4508 qui
3448 4450 3648 4492 terram

400 4542 611 4606 ὓδατος.
655 4543 889 4595 Ἔπεται
950 4542 1007 4594 δέ
1050 4543 1265 4604 πάντως
1318 4543 1411 4594 καὶ
1458 4542 1636 4613 τούτῳ
1671 4543 1753 4607 τὸ,
1797 4542 1965 4595 Οὐαί·

2080 4554 2227 4593 lrans
2257 4539 2446 4592 fluvius
2481 4537 2772 4605 Aitltiupiae
2797 4537 3109 4588 habitarunt
3150 4553 3161 4588 :
3200 4533 3457 4601 quoniam
3485 4530 3652 4598 ﬂagi—

399 4632 648 4703 καθάπερ
680 4632 870 4702 ἀμέλει
899 4633 990 4684 καὶ
1022 4634 1140 4694 ταῖς
1172 4631 1397 4701 πτέρυξι
1442 4632 1549 4685 τῶν
1589 4632 1810 4685 πλοίων.
1844 4632 1979 4685 Οὐαὶ

398 4724 508 4793 γὰρ
536 4724 639 4794 γῆς
658 4725 924 4793 πτέρυγες
950 4721 1167 4787 πλοίων,
1195 4722 1359 4792 φησίν
1387 4722 1631 4775 ιΟὺκοῦν
1658 4722 1767 4774 ἀπὸ
1796 4723 1977 4776 κοινοῦ

402 4816 808 4885 προσεπάγεται
843 4814 925 4877 τὸ,
955 4815 1113 4876 Οὐαὶ,
1133 4813 1210 4884 τῷ
1244 4814 1623 4867 ἀποστέλλοντι
1656 4814 1714 4865 ἐν
1735 4814 1979 4886 θαλάσσῃ

398 4908 580 4977 ὅμηρα
600 4922 613 4935 ·
653 4905 797 4959 τοῦτ’
822 4905 989 4969 ἐστιν,
1017 4905 1249 4977 ἐνέχυρα
1275 4908 1375 4975 τῆς
1400 4905 1725 4975 ὁμοψυχίας.
1762 4907 1850 4969 Ὠς
1870 4907 1977 4977 γάρ

412 4996 729 5067 Ἀφροδίτης
750 4978 1029 5059 τελοῦντες
1056 4998 1352 5066 μυστήριον
1368 4999 1478 5058 τοῖς
1501 4996 1705 5068 ταύτην
1721 4997 1778 5048 ἐν
1802 4997 1978 5067 Βίϐλῳ

402 5089 738 5157 σεϐομένοις,
786 5090 880 5141 καὶ
924 5090 1023 5157 τὴν
1080 5089 1202 5158 ἴσην
1252 5090 1434 5150 αὐτοῖς
1481 5087 1695 5141 νοσοῦσι
1755 5089 1975 5157 μανίαν,

400 5179 709 5249 ἐξέπεμπον
735 5180 833 5242 τὰς
861 5180 1173 5244 ἐπιστολὰς,
1219 5179 1280 5231 ού
1322 5179 1525 5241 πλοίοις
1561 5179 1806 5242 ἐνθέντες
1848 5182 1976 5244 τοὺς

399 5270 774 5340 διακομιστάς,
820 5271 937 5325 ἀλλ’
986 5265 1095 5324 οἷον
1152 5271 1338 5324 ἐπάνω
1394 5271 1488 5323 τοῦ
1519 5270 1729 5335 ὓδατος,
1782 5271 1871 5325 διὰ
1916 5273 1977 5325 τὸ

400 5363 647 5433 κεράμῳ,
665 5364 913 5432 καθάπερ
936 5362 1092 5433 ἔφην.
1119 5362 1448 5415 ἐντεθεῖσθαι
1477 5365 1696 5425 ταύτας.
1715 5364 1979 5432 Ἦναγκά-

402 5454 581 5522 σμεθα
624 5455 680 5508 δὲ
717 5455 903 5525 μύθων
948 5455 1226 5508 ὀδωδότων
1278 5455 1371 5509 καὶ
1416 5456 1825 5526 γεγηρακότων,
1881 5457 1976 5511 καὶ

478 5610 523 5641 ⁸⁷
565 5612 759 5667 Ezecb.
798 5629 916 5680 rm,
939 5613 1023 5667 H.

2086 4633 2323 4687 tantibus
2353 4630 2611 4683 auxilium
2639 4627 2896 4682 lsraelitis
2928 4642 3037 4679 non
3066 4625 3237 4677 solum
3268 4623 3655 4692 promiserunt,

2085 4729 2179 4779 sed
2201 4726 2359 4778 etiam
2398 4725 2684 4783 miserunt,
2718 4720 2931 4773 etiamsi
2979 4717 3111 4771 nihil
3143 4732 3367 4787 prorsus
3414 4715 3535 4769 illos
3567 4715 3658 4784 ju-

2083 4818 2281 4871 verinl.
2316 4815 2449 4869 llinc
2491 4813 2562 4867 illi
2600 4811 2879 4876 commoti,
2924 4821 3209 4879 postquam
3236 4809 3566 4870 universam,
3601 4817 3659 4859 ut

2085 4909 2188 4962 hoc
2242 4909 2407 4961 verbo
2463 4916 2607 4967 utar,
2664 4903 2905 4957 .ludamm
2947 4900 3257 4970 depOpulati
3313 4906 3463 4963 sunt,
3518 4896 3660 4951 bello

2084 5000 2355 5071 Egyptiis
2386 4998 2555 5063 illato,
2581 5006 2746 5050 totam
2767 5004 2968 5047 terram
3000 4993 3145 5047 nullo
3178 4992 3358 5046 labore
3374 5001 3659 5059 ceperunt,

2080 5092 2191 5147 Deo
2230 5092 2334 5145 illis
2362 5093 2525 5145 dante
2555 5100 2613 5142 ut
2644 5088 3075 5140 adversariorum
3120 5100 3334 5139 manum
3379 5098 3659 5154 expugna-

2080 5192 2220 5243 rent.
2252 5198 2317 5237 eo
2345 5182 2487 5250 quod
2518 5183 2583 5243 riu
2622 5179 2903 5250 )Egyptios
2937 5178 3195 5231 concitati
3229 5175 3453 5229 fuerint.
3492 5174 3654 5228 Proin

2078 5286 2454 5344 expugnatum
2488 5274 2760 5342 regionem
2796 5284 2984 5322 eorum
3040 5265 3359 5338 Babylonio,
3402 5280 3659 5320 cursores

2083 5368 2300 5436 quidam
2336 5380 2401 5416 ex
2452 5363 2632 5417 Iudaea
2689 5363 2940 5431 profecti,
2997 5378 3101 5414 non
3150 5361 3306 5428 longe
3350 5358 3657 5413 abfuturam

2082 5457 2449 5511 iucursioaem
2500 5456 2942 5526 pronuntiarunt.
2980 5453 3055 5507 De
3101 5453 3298 5523 quibus
3338 5450 3602 5521 propheta
3640 5465 3654 5503 :

475 5767 553 5835 (ll
599 5769 753 5845 CQ".
809 5771 1138 5845 Αύτομάτως
1158 5772 1261 5845 ξείς
1314 5770 1515 5845 Βύϐλον
1575 5769 1941 5842 ἁπεκομίζετο

2070 5767 2162 5827 Sua
2218 5782 2395 5845 sponte
2444 5771 2497 5827 in
2541 5768 2766 5841 Byblum
2825 5768 3200 5841 perferebatur.
3264 5767 3467 5840 Dyblus
3514 5767 3661 5826 cnim

408 5838 616 5906 charta,
656 5842 873 5910 juncus,
912 5838 966 5897 et
1001 5843 1126 5898 urbs
1157 5840 1497 5898 Pbmnicum.
