4148 6378
433 316 539 374 4ᾰὸ

1426 329 1480 384 5.
1522 330 1795 386 CYRILLI
1841 329 2311 386 ALEXANDRINI
2354 328 2675 383 ARClllEP.

3596 329 3699 384 414

437 436 592 492 Ibunt
619 442 791 495 nuntii
827 442 997 509 leves,
1036 445 1085 499 id
1120 455 1222 511 est,
1256 447 1485 513 veloces,
1523 460 1579 504 et
1610 453 1754 505 velut
1786 452 2006 520 pennati

2137 450 2391 520 ῑδελυρίας
2430 446 2750 519 Ἑλληνικῆς
2788 445 3118 517 ποιήσασθαι
3156 448 3379 517 μνήμην
3402 486 3417 511 ,
3467 445 3606 515 ὑπέρ
3637 461 3699 513 γε

435 538 489 581 et
518 529 709 598 agiles,
745 542 799 586 et
829 536 1059 589 vicinam
1102 551 1165 591 ac
1194 536 1306 604 jam
1344 540 1397 593 in
1432 540 1642 595 foribus
1687 554 2009 611 prmsentem

437 621 562 674 belli
600 623 965 681 calamitatem
1005 629 1425 686 denuntiabunt.
1465 632 1691 687 Gentem
1717 636 2011 701 excelsam,

437 725 502 764 ac
554 715 806 781 populum
858 720 1199 787 peregrinum
1249 736 1312 774 ac
1346 723 1562 786 durum,
1601 723 1881 794 Egyp'ios
1916 740 2014 779 no-

440 804 651 859 tninat:
688 808 958 862 excelsam
1002 812 1165 882 277
1200 822 1254 867 et
1293 813 1514 880 elatam,
1559 831 1679 883 pro,
1718 819 2010 885 superbam

441 896 523 947 vel
559 895 727 951 levem
776 910 828 952 et
864 902 1078 970 agilem.
1122 913 1177 958 et
1210 906 1336 958 nulli
1369 907 1576 961 vulneri
1620 918 1711 960 aut
1757 908 1887 963 ictui
1918 923 2016 963 ex-

442 989 707 1055 positam;
769 995 1109 1061 peregrinam
1155 1007 1337 1050 autem
1386 1009 1441 1051 et
1495 999 1709 1063 duram,
1759 1009 2015 1069 tanquam

444 1096 563 1132 rara
598 1084 828 1151 quadam
874 1087 1079 1140 saevitia
1122 1103 1184 1141 ac
1210 1088 1467 1142 inusitata
1506 1090 1842 1144 immanitate
1879 1106 2016 1157 prte-

443 1172 635 1237 ditam,
668 1192 787 1246 quae
813 1179 897 1233 hic
928 1195 1032 1233 non
1080 1180 1279 1236 habeat
1311 1183 1664 1250 superiorem.
1702 1182 1835 1249 Quis
1872 1185 2015 1237 enim

445 1265 580 1318 ultra
624 1266 793 1333 illum,
825 1272 1019 1339 inquit,
1058 1287 1177 1341 pro,
1220 1273 1354 1339 Quis
1400 1274 1534 1329 adeo
1579 1274 1710 1329 levis
1746 1286 1799 1328 et
1848 1275 2016 1339 rudis,

447 1366 499 1405 et
531 1356 832 1425 imperitus,
872 1360 996 1429 quis
1038 1372 1241 1417 tantam
1276 1363 1431 1417 bonis
1460 1364 1727 1418 insuetum
1755 1368 2022 1434 perversi-

451 1454 614 1500 tatem
673 1451 948 1514 exercuit,
1020 1462 1277 1521 quantam
1342 1452 1700 1525 Egyptiacus
1754 1455 2023 1525 populus?

447 1535 664 1593 Maximi
715 1542 858 1594 enim
909 1554 1066 1599 erant
1118 1544 1355 1600 cultores
1405 1546 1693 1600 idolorum.
1758 1548 2022 1614 Quocirca

446 1630 611 1682 etiam
643 1644 857 1700 gentem
885 1638 1245 1703 desperatam,
1274 1647 1329 1691 et
1358 1638 1734 1692 conculcatum
1767 1640 2021 1709 populum

449 1736 725 1793 nuncupat
757 1744 769 1779 :
815 1728 1184 1797 desperatam,
1214 1745 1278 1783 eo
1308 1732 1449 1799 quod
1473 1745 1597 1783 eum
1636 1747 1725 1800 qut
1755 1743 1946 1784 natura
1972 1741 2021 1784 et

451 1828 577 1868 vere
609 1816 749 1871 Deus
775 1830 856 1873 est
888 1819 1233 1887 ignorarent;
1262 1821 1629 1876 conculcatam
1664 1833 1868 1885 autem,
1892 1836 2021 1888 quo-
2057 1804 2097 1857 Β

453 1904 595 1956 niam
620 1906 1005 1965 tltetnoniorum
1029 1914 1307 1968 erroribus
1332 1914 1570 1966 animum
1597 1914 1868 1967 subditum
1899 1913 2027 1967 sub-

457 2006 796 2067 stratumque
842 2002 1123 2069 habentes,
1170 2015 1374 2059 tantum
1410 2022 1515 2059 non
1555 2007 1783 2075 pedibus
1838 2021 2025 2060 eorum

449 2093 874 2149 succubuerunt.
927 2096 1066 2164 Quin
1128 2099 1286 2154 aliter
1325 2102 1466 2168 quod
1516 2101 1718 2154 dictum
1753 2109 1838 2155 est
1883 2102 2025 2154 aet-iv

451 2184 589 2250 pias.
645 2185 779 2240 Nam
816 2189 941 2243 dum
992 2190 1044 2244 in
1087 2208 1279 2246 manus
1332 2193 1679 2263 Assyriorum
1741 2194 2021 2254 caderent,

448 2276 595 2328 olttni
646 2292 742 2345 spe
783 2280 961 2349 gaudii
1008 2281 1237 2351 abjecta,
1290 2284 1372 2337 sic
1432 2284 1731 2353 proculcati
1781 2295 1929 2349 sunt,
1971 2292 2027 2337 ut

453 2368 683 2434 resdtui,
728 2370 772 2425 si
815 2373 893 2426 fas
934 2376 1004 2428 sit
1035 2375 1240 2439 dicere,
1285 2392 1557 2444 nunquam
1603 2387 1840 2446 possent,
1894 2377 2026 2446 quin

450 2461 717 2518 vit-torum
749 2467 975 2534 pedibus
1004 2470 1323 2540 subjaceant
1352 2486 1415 2524 ac
1449 2470 1882 2526 substernantur.

2114 543 2208 594 τοῦ
2246 542 2544 612 σαφηνίσαι
2616 540 2777 610 μόνον
2818 538 2926 591 τῶν
2985 538 3363 609 προκειμένων
3400 536 3493 589 τὸν
3547 535 3691 590 νοῦν.

2116 633 2477 705 Πορεύσονται
2511 633 2618 704 γὰρ
2648 632 2869 701 ἄγγελοι
2907 632 3097 701 κοῦφοι
3123 631 3261 702 πρὸς
3305 629 3458 694 ἔθνος
3497 629 3703 699 μετέω-

2121 745 2232 797 ρον,
2265 727 2358 780 καὶ
2382 726 2531 793 ξένον
2552 726 2679 780 λαὸν
2710 728 2804 779 καὶ
2824 725 3079 796 χαλεπόν.
3108 725 3203 787 Τίς
3229 723 3393 777 αὑτοῦ
3417 723 3699 789 ἐπέκεινα;

2121 822 2312 885 Ἔθνος
2360 822 2681 874 ἀνέλπιστον
2732 820 2825 873 καὶ
2875 817 3427 887 καταπεπατημένον.
3486 816 3703 877 Φθάσας

2120 914 2275 985 ἔφην,
2306 915 2387 967 ὅτι
2422 913 2895 984 προσκεκροὺκασι
2928 914 3040 975 τοῖς
3070 910 3367 980 Ἀσσυρίων
3397 907 3704 979 βασιλεῦσιν

2119 1007 2167 1058 oi
2206 1005 2584 1067 κατοικοῦντες
2618 1006 2715 1076 τὴν
2746 1007 2847 1072 γῆν
2883 1005 2982 1075 τὴν
3009 1003 3266 1055 ἐπέκεινα
3309 1000 3568 1071 ποταμῶν
3614 1001 3705 1051 Αί-

2121 1098 2373 1160 θιοπίαςο
2447 1097 2676 1167 ἐπείπερ
2757 1096 2999 1149 αἰτοῦσιν
3081 1093 3404 1163 ἐπικουρίαν
3471 1094 3581 1152 τοῖς
3647 1091 3706 1156 ἐξ

2133 1192 2368 1263 Ἰσραὴλ,
2404 1191 2464 1243 οὑ
2507 1189 3012 1259 κατεπηγγέλλοντο
3056 1187 3235 1257 μόνον,
3267 1186 3403 1239 ἀλλὰ
3445 1184 3552 1255 γὰρ
3613 1182 3709 1236 καὶ

2122 1284 2492 1353 πεπόμφασιν,
2522 1285 2569 1334 εί
2603 1283 2696 1335 καὶ
2728 1280 2945 1351 ὤνησαν
2985 1278 3181 1340 αὑτοὺς
3212 1278 3487 1339 παντελῶς
3534 1276 3706 1329 οὐδέν.

2122 1376 2184 1429 Oi
2213 1374 2267 1428 δὲ
2292 1373 2429 1442 πρὸς
2468 1372 2625 1426 τοῦτο
2667 1371 3053 1443 λελυπημένοι,
3096 1370 3235 1442 μετὰ
3278 1370 3337 1423 τὸ
3384 1371 3587 1432 πᾶσαν,
3634 1367 3710 1431 ὼς

2123 1464 2252 1529 ἔπος
2281 1467 2473 1529 εἰπεῖν,
2515 1462 2865 1536 καταδῃῶσαι
2897 1462 2995 1533 τὴν
3031 1462 3313 1527 Ἰουδαίαν,
3357 1460 3710 1531 κεχωρήκασι

2123 1557 2265 1610 κατὰ
2318 1556 2418 1625 τῆς
2468 1555 2805 1623 Αἰγυπτίων,
2867 1551 3011 1607 εἷλόν
3054 1572 3111 1608 τε
3160 1553 3377 1607 ἅπασαν
3436 1550 3708 1621 ἀμογητὶ,

2124 1648 2260 1700 Θεοῦ
2294 1648 2529 1711 διδόντος
2553 1648 2735 1710 αὑτοῖς
2765 1648 2825 1700 τὸ
2854 1646 3114 1700 δύνασθαι
3143 1643 3570 1713 κατευμεγεθεϊν
3613 1641 3712 1711 τῆς

2125 1740 2233 1793 τῶν
2262 1741 2673 1810 ἀνθεστηκότων
2696 1740 2900 1810 χειρὸς,
2935 1739 3105 1792 διάτοι
3148 1736 3208 1789 τὸ
3226 1735 3559 1804 λελυπῆσθαι
3591 1732 3711 1786 κατ’

2132 1832 2462 1901 Αἰγυπτίων.
2511 1832 2815 1895 Μέλλοντος
2859 1833 3040 1884 τοίνυν
3101 1828 3562 1900 καταστρατεύειν
3613 1826 3713 1894 τῆς

2131 1925 2313 1995 χώρας
2343 1926 2524 1977 αὑτῶν
2554 1924 3038 1992 τοῦΒαὸυλωνίου.
3067 1922 3316 1993 δρομαῖοί
3355 1938 3497 1982 τινες
3533 1916 3712 1970 ἐϐαδί-

2133 2019 2286 2082 ζοντο
2320 2020 2383 2070 ἐκ
2423 2018 2522 2086 τῆς
2580 2017 2862 2084 Ἰουδαίας,
2913 2014 3344 2083 ἀπαγγέλλοντες
3398 2013 3576 2074 αὑτοῖς
3616 2010 3714 2078 τὴν

2132 2111 2231 2163 οὑκ
2271 2114 2351 2173 εἰς
2392 2111 2607 2181 μακράν
2663 2110 2929 2180 ἐσομένην
2956 2110 3164 2180 ἔφοδον.
3212 2109 3321 2161 Καὶ
3370 2106 3499 2176 περὶ
3538 2101 3715 2156 αὑτῶν

2134 2217 2297 2269 φησιν
2337 2204 2364 2255 ό
2411 2202 2724 2273 προφήτης,
2784 2201 2865 2254 ὅτι
2924 2200 3287 2270 Πορεὺσονται
3331 2196 3548 2264 ἄγγελοι
3592 2192 3715 2245 κοῦ-

2135 2309 2244 2360 φοι,
2293 2292 2435 2345 τοῦτ’
2466 2292 2602 2354 ἔστι,
2652 2295 2860 2362 ταχεῖς,
2915 2292 3007 2345 καὶ
3040 2292 3203 2344 οἱονεὶ
3264 2287 3456 2359 πτηνοί
3506 2304 3564 2338 τε
3619 2284 3717 2337 καὶ

2134 2382 2382 2449 ἐλαφροὶ,
2418 2381 2636 2448 γείτονά
2665 2399 2724 2434 τε
2753 2381 2846 2434 καὶ
2876 2381 2967 2433 ἐπὶ
2998 2380 3187 2450 θύραις
3218 2378 3316 2449 ἤδη
3345 2374 3718 2446 γεγενημένην

2132 2474 2232 2543 τὴν
2263 2476 2326 2526 ἐκ
2347 2474 2439 2527 τοῦ
2463 2475 2700 2546 πολέμου
2731 2475 3173 2546 καταμηνύοντες
3199 2472 3504 2543 συμφοράν.
3529 2469 3719 2531 Ἕθνος

2134 2563 2189 2615 δὲ
2246 2565 2537 2633 μετέωρον,
2592 2567 2686 2618 καὶ
2740 2566 2890 2632 ξένον
2948 2566 3073 2617 λαὸν
3132 2566 3227 2618 καὶ
3282 2562 3538 2634 χαλεπὸν,
3594 2560 3719 2622 τοὺς

450 2644 782 2713 Αἰγυπτίους
807 2651 1064 2722 ὀνομάζει
1089 2672 1102 2684 υ
1147 2654 1231 2721 τὸ,
1265 2654 1560 2726 μετέωρον,
1608 2654 1733 2707 ἀντὶ
1774 2654 1889 2717 τοῦ,
1939 2654 2267 2723 ὑπέροπτον,
2302 2657 2501 2727 ἦτοιτὸ
2557 2658 2758 2727 κοῦφον
2796 2658 2889 2711 καὶ
2916 2658 3168 2730 ἐλαφρὸν,
3198 2657 3291 2711 καὶ
3350 2656 3675 2708 ἀνούστατον
3702 2671 3717 2685 ο

454 2734 604 2797 ξένον
640 2737 696 2789 δὲ
726 2741 818 2792 καὶ
847 2742 1100 2811 χαλεπὸν,
1126 2744 1200 2806 ὡς
1231 2746 1287 2795 ἐν
1322 2744 1651 2814 χαλεπότητι
1681 2742 1907 2809 ξενίζον,
1930 2744 2023 2795 καὶ
2060 2746 2160 2797 οὑκ
2183 2745 2303 2815 ἕχον
2330 2748 2449 2800 τινὰ
2504 2748 2595 2801 τὸν
2622 2750 2879 2802 ἐπέκεινα
2912 2750 3046 2820 πρὸς
3069 2749 3246 2802 τοῦτο.
3304 2749 3401 2810 Τίς
3424 2746 3531 2816 γὰρ
3552 2740 3719 2798 αὑτοῦ

439 2827 730 2895 ἐπέκεινα,
768 2832 930 2901 φησίν
954 2871 970 2897 ,
1000 2834 1119 2885 ἀντὶ
1157 2834 1277 2896 τοῦ,
1327 2835 1423 2897 Τίς
1448 2832 1592 2886 οὕτω
1616 2834 1836 2902 κοῦφος,
1870 2835 1962 2887 καὶ
2014 2835 2231 2906 ἀμαθὴς
2266 2839 2360 2890 καὶ
2407 2839 2688 2905 ἀσύνετος,
2726 2840 2821 2893 καὶ
2867 2841 3112 2912 ἀσυνήθη
3146 2843 3260 2903 τοῖς
3305 2838 3487 2901 ἀλλοις
3532 2838 3721 2904 ἐπιτη-

451 2919 622 2972 δεύων
656 2921 982 2993 φαυλότητα,
1018 2925 1093 2987 ὡς
1120 2927 1147 2977 ό
1169 2926 1225 2978 ἐν
1252 2925 1512 2996 Αἰγύπτῳ
1544 2926 1707 2989 λαός;
1741 2925 1953 2996 Σφόδρα
1988 2926 2096 2997 γὰρ
2134 2924 2271 2998 ἦσαν
2302 2930 2704 3001 εἰδωλολάτραι.
2744 2934 3033 3004 Τοιγάρτοι
3078 2933 3173 2987 καὶ
3206 2932 3357 2994 ἔθνος
3400 2929 3720 2983 ἀνέλπιστον

454 3014 547 3068 καὶ
574 3017 1101 3087 καταπεπατημένον
1131 3019 1327 3080 αὐτοὺς
1351 3018 1629 3087 ὀνόμαζει.
1684 3016 2029 3071 Ἀνέλπιστον
2100 3020 2219 3089 μὲν,
2277 3022 2448 3075 διάτοι
2483 3024 2544 3075 τὸ
2572 3025 2645 3094 μὴ
2688 3024 2891 3079 εἰδέναι
2936 3025 3025 3077 τὸν
3066 3025 3225 3092 φύσει
3277 3040 3335 3075 τε
3385 3024 3478 3075 καὶ
3510 3018 3722 3090 άληθῶς

454 3105 581 3158 ὄντα
603 3109 735 3163 Θεόν
761 3126 773 3137 ·
802 3109 1328 3178 καταπεπατημένον
1353 3109 1428 3171 δέ,
1460 3111 1542 3162 ὅτι
1593 3113 1711 3173 ταῖς
1776 3108 1885 3163 τῶν
1940 3110 2233 3180 δαιμονίων
2282 3114 2521 3175 ἀπάταις
2552 3114 2687 3167 πολὺ
2718 3116 2781 3182 δὴ
2816 3116 2935 3168 λίαν
2967 3117 3060 3168 τὸν
3089 3116 3213 3167 νοῦν
3249 3113 3722 3183 ὑποστρώσαντες,

458 3204 741 3271 μονονουχὶ
795 3206 906 3265 τοῖς
971 3204 1194 3255 ἐκείνων
1248 3203 1535 3257 ὑπέκειντο
1591 3203 1783 3256 ποσίνο
1830 3203 1861 3274 ἢ
1928 3205 2022 3256 καὶ
2064 3204 2265 3273 ἑτέρως
2310 3207 2503 3275 ἐκδέξῃ
2531 3207 2591 3259 τὸ
2639 3208 2947 3279 εἰρημένον.
3000 3207 3391 3279 Περιπεσόντες
3444 3206 3552 3275 γάρ
3604 3204 3723 3265 ταῖς

470 3298 767 3367 Ἀσσυρίων
809 3300 1017 3368 χερσὶν,
1071 3301 1253 3352 πᾶσαν
1301 3300 1745 3370 ἀποϐεϐλήκασιν
1788 3299 2053 3370 εὐθυμίας
2117 3301 2329 3363 ἐλπίδα,
2397 3304 2886 3371 καταπεπάτηνται
2920 3304 2975 3355 δὲ
3011 3302 3205 3369 οὑτως,
3256 3302 3329 3363 ὼς
3383 3300 3539 3370 μηδὲ,
3599 3298 3721 3351 ὅσον

458 3393 652 3453 εἰπεῖν,
681 3392 987 3462 άνασφῆλαι
1009 3391 1269 3445 δύνασθαί
1303 3409 1453 3455 ποτε,
1488 3393 1945 3445 ὑποπεπτωκέναι
1974 3410 2032 3444 τε
2074 3394 2167 3445 καὶ
2197 3393 2581 3465 ὑπεστρῶσθαι
2614 3396 2735 3456 ταῖς
2770 3395 2878 3447 τῶν
2905 3395 3267 3464 νενικηκότων
3301 3392 3476 3443 ποσίν.

538 3510 697 3563 Vsus.
732 3511 780 3563 3.
819 3507 972 3561 Num:
1013 3510 1157 3577 ﬂurii
1200 3520 1355 3561 terra:
1384 3525 1584 3572 omnes,
1618 3518 1671 3561 ut
1713 3510 1854 3578 regio
1885 3510 2034 3561 habi-

2209 3510 2338 3563 Νῡν
2371 3513 2424 3562 οἱ
2458 3511 2711 3580 ποταμοί
2744 3509 2853 3578 τῆς
2876 3510 2989 3579 γῆς
3013 3510 3254 3575 πάντες,
3283 3509 3359 3573 ὡς
3389 3506 3546 3575 χώρα
3572 3522 3725 3558 κατ-

461 3614 594 3664 mla,
638 3602 894 3655 inculatur
925 3602 1065 3665 reqio
1093 3618 1293 3654 eorum.

535 3718 829 3773 Commode
878 3718 1040 3770 etiam
1101 3718 1316 3769 modum
1374 3716 1709 3784 captivitatis
1777 3716 2041 3781 praedicit.

465 3808 768 3865 Credebant
801 3809 943 3862 enim
976 3805 1308 3879 [Egyptiarm
1350 3814 1508 3859 terra:
1544 3805 1731 3859 incolae
1769 3820 1828 3859 se
1878 3822 1906 3857 a
1938 3804 2042 3856 Ba-

470 3900 709 3971 byloniis
750 3915 854 3953 non
905 3913 1067 3968 posse
1116 3899 1257 3967 capi,
1311 3897 1436 3965 quia
1493 3904 1601 3950 tota
1653 3912 1840 3950 eorum
1898 3897 2045 3966 regio

465 3993 710 4063 plurimis
743 4001 798 4045 et
834 3990 1045 4060 magnis
1072 3989 1249 4043 cincta
1284 3998 1427 4042 esset
1466 3986 1801 4051 llmninibns,
1841 3996 1897 4039 et
1925 4001 2047 4055 spa-

469 4090 636 4141 tiosas
671 4101 735 4139 ac
769 4084 1016 4152 ingentes
1054 4080 1277 4152 paludes
1314 4082 1562 4135 haberet.
1610 4080 1746 4132 Sunt
1780 4080 1923 4133 enim
1962 4096 2046 4132 re-

466 4178 654 4245 giones
683 4171 990 4240 huiusmodi
1034 4172 1325 4223 inaccessae
1368 4168 1792 4239 grassatoribus,
1827 4182 1925 4222 nec
1974 4168 2045 4221 ita

467 4269 532 4322 ad
564 4268 904 4322 incursiones
955 4274 1290 4335 opportunae.
1329 4263 1399 4314 At
1439 4262 1531 4315 ubi
1578 4260 1717 4315 Deus
1751 4262 1854 4315 illis
1921 4276 2046 4315 suc-

468 4362 699 4426 censuit,
736 4368 981 4428 parattun
1016 4358 1115 4410 hoc
1165 4366 1220 4409 et
1270 4353 1426 4408 facile
1454 4353 1766 4424 Babyloniis
1793 4353 2044 4407 reddidit.

468 4456 627 4511 Omni
661 4453 803 4507 enim
840 4463 1103 4519 aquarum
1132 4447 1383 4502 conﬂuxu
1423 4446 1723 4511 exsiccato,
1772 4444 2044 4498 humidam

471 4562 669 4603 terram
695 4544 876 4599 ellecit
906 4548 1237 4611 equestrem.
1280 4537 1391 4592 Hoc
1426 4537 1685 4591 arbitror
1726 4536 2046 4605 pmphetam

471 4643 557 4695 hic
588 4642 869 4702 denotare,
911 4651 1031 4689 cum
1075 4634 1190 4686 ait:
1240 4632 1396 4685 Nunc
1440 4630 1582 4683 ﬂuvii
1623 4640 1780 4683 terra:
1824 4642 2032 4688 omnes,

470 4734 621 4803 quasi
659 4732 809 4801 regio
861 4729 1125 4788 habitata,
1183 4724 1449 4779 incoletur
1499 4724 1647 4791 regio
1690 4736 1898 4775 eorum.
1946 4719 2041 4772 Et-

469 4832 637 4895 enim,
666 4828 863 4898 inquit,
889 4827 975 4879 illa
1011 4824 1122 4878 loca
1149 4837 1267 4891 qum
1297 4820 1797 4889 eratttltavigabilia
1836 4832 2050 4885 semper
2084 4854 2125 4907 Ι)

471 4933 526 4974 ι·1
562 4922 804 4983 humida,
858 4927 1018 4970 erunt
1063 4913 1328 4980 ejusmodi
1376 4923 1618 4978 tempore
1657 4909 1805 4967 belli.
1851 4918 1910 4960 ut
1933 4907 2047 4975 jatn

476 5014 651 5067 lumra
704 5016 774 5065 sit
810 5013 957 5079 regio
1002 5010 1220 5060 nuutiuo
1270 5006 1536 5067 habitata,
1589 5012 1644 5055 ct
1691 5012 1831 5054 terra
1888 5001 2046 5067 plane

475 5108 628 5173 aquis
660 5105 953 5159 destituta.
980 5100 1117 5167 Quid
1156 5101 1299 5155 enim
1347 5108 1492 5151 recta
1521 5106 1573 5148 et
1620 5096 1961 5162 omnipotens
1996 5102 2049 5147 et

475 5212 720 5264 suprema
751 5207 937 5248 natura
980 5210 1083 5246 non
1114 5194 1311 5262 poterit
1338 5189 1436 5241 ellic
1458 5188 1581 5243 ere?

2146 3600 2487 3671 οικουμένη,
2521 3602 3021 3671 κατοικηθήσεται
3049 3603 3086 3669 ἠ
3116 3599 3274 3670 χώρα
3296 3598 3513 3653 αὐτῶν.

2217 3716 2665 3786 Προαπαγγέλλει
2720 3718 3004 3787 χρησίμως
3054 3716 3148 3768 καὶ
3195 3716 3283 3767 τὸν
3328 3716 3425 3782 τῆς
3476 3710 3729 3773 ἁλώσεως

2148 3808 2365 3877 τρόπον.
2412 3811 2599 3879 ᾭοντο
2646 3809 2743 3879 μὲν
2780 3810 2890 3879 γάρ
2921 3811 2969 3860 οἱ
3015 3808 3113 3878 τὴν
3148 3804 3459 3873 Αἰγυπτίων
3513 3804 3728 3873 ἔχοντες

2148 3901 2272 3970 γῆν,
2306 3900 2571 3955 ἀνάλωτοι
2615 3901 2945 3971 γεγενῆσθαι
2993 3902 3104 3962 τοῖς
3152 3895 3729 3959 Βαόυλωνίοις,διάτοι

2146 3991 2208 4044 τὺ
2238 3994 2418 4046 πᾶσαν
2457 3992 2636 4046 αὑτῶν
2684 3994 2783 4063 τὴν
2817 3993 3001 4062 χώραν
3048 3991 3320 4050 πλείστοις
3356 4005 3412 4040 τε
3443 3989 3589 4049 ὅσοις
3639 3986 3733 4038 καὶ

2152 4085 2334 4148 μέντοι
2384 4085 2477 4137 καὶ
2511 4084 2765 4155 μεγάλοις
2791 4083 3079 4147 διεζῶσθαι
3110 4083 3393 4151 ποταμοῖς,
3424 4080 3639 4148 εὐρείας
3672 4094 3729 4129 τε
3812 4086 3827 4102 ⁶

2149 4178 2245 4230 καὶ
2276 4177 2493 4248 μακρὰς
2533 4178 2824 4247 ἐσχηκέναι
2862 4176 2959 4238 τάς
2994 4175 3205 4245 λίμνας.
3242 4173 3580 4242 Δυσέμὸατοι
3622 4170 3733 4241 γάρ

2150 4286 2288 4333 πως,
2314 4269 2409 4323 καὶ⁸
2429 4269 2529 4321 οὑκ
2561 4269 2958 4339 εὑκατάδρομοι
2997 4266 3116 4319 λίαν
3147 4270 3258 4328 τοῖς
3283 4264 3584 4337 καταδῃοῦν
3613 4262 3727 4315 ἐθέ-

2148 4362 2353 4426 λουσιν,
2391 4363 2445 4414 αἱ
2474 4362 2673 4415 τοιαίδε
2702 4361 2809 4413 τῶν
2830 4360 3041 4430 χωρῶν.
3064 4359 3280 4425 Ἐπειδὴ
3309 4359 3364 4411 δὲ
3394 4359 3523 4420 Θεὸς
3550 4358 3732 4415 αὐτοῖς

2150 4452 2499 4522 ἐπεμήνισεν,
2529 4452 2746 4521 ἕτοιμον
2785 4452 2878 4503 καὶ
2904 4450 3060 4504 τοῦτο
3086 4453 3197 4511 τοῖς
3228 4449 3589 4509 Βαϐυλωνίοις
3626 4447 3734 4500 ἐτίο-

2150 4542 2471 4607 θειηΠᾶσαν
2499 4541 2609 4612 γὰρ
2640 4542 2846 4594 ὑδάτων
2881 4540 3229 4610 ἀποξηράνας
3260 4539 3536 4599 σύστασιν,
3567 4538 3735 4605 ἱππή-

2149 4631 2307 4685 λατον
2357 4631 2540 4694 αὑτοῖς
2586 4631 2834 4701 ἀπέφηνε
2872 4631 2969 4701 τὴν
3004 4631 3198 4701 ὑγράν.
3229 4630 3400 4681 Τοῦτο
3445 4623 3598 4695 οἶμαι
3643 4628 3736 4696 δη-

2150 4724 2274 4776 λοῦν
2304 4724 2395 4776 τὸν
2422 4726 2709 4794 προφήτην
2734 4725 2790 4777 ἐν
2816 4723 3053 4776 τουτοισὶ
3077 4722 3321 4789 λέγονταο
3353 4719 3464 4771 Νῦν
3491 4721 3538 4770 oi.
3576 4735 3736 4771 ποτα-

2157 4818 2249 4887 μοὶ
2279 4817 2377 4885 τῆς
2422 4815 2527 4883 γῆς
2566 4816 2787 4878 πάντες,
2819 4816 2895 4877 ὡς
2941 4814 3093 4883 χώρα
3137 4811 3556 4879 κατοικουμένη,
3607 4826 3736 4863 κατ-

2156 4909 2554 4978 οικηθήσεταιὴ
2576 4907 2729 4976 χώρα
2757 4906 2955 4959 αὑτῶν.
2983 4906 3063 4957 Τὰ
3086 4905 3195 4977 γάρ
3216 4921 3297 4956 τοι
3324 4903 3547 4971 πλόϊμα,
3577 4902 3732 4970 φησὶ,

2152 5004 2247 5055 καὶ
2276 5002 2361 5055 ἀεί
2395 5019 2511 5063 πως
2546 5001 2687 5071 ὑγρὰ
2725 5001 2832 5052 τῶν
2878 5000 3091 5069 χωρίων
3126 4999 3278 5050 ἔσται
3312 4995 3553 5056 τοιαῦτα,
3593 4992 3731 5045 κατὰ

2152 5090 2243 5143 τὸν
2261 5090 2350 5142 τοῦ
2374 5090 2607 5159 πολέμου
2638 5089 2847 5160 καιρὸν,
2872 5089 2947 5151 ὡς
2970 5089 3143 5142 δοκεῖν
3166 5088 3264 5158 ’ήδη
3288 5105 3404 5149 πως
3432 5086 3525 5138 καὶ
3552 5084 3731 5154 χώραν

2157 5179 2294 5235 εἷναι
2332 5185 2762 5254 κατοικουμένην
2798 5183 2885 5235 διὰ
2934 5182 3153 5245 παντὸς,
3187 5182 3279 5233 καὶ
3320 5181 3513 5251 χέρσον
3548 5179 3731 5241 ἁπλῶς

475 5290 682 5343 ὑδάτων
713 5288 935 5359 ἔρημον.
962 5288 1026 5340 Τί
1060 5286 1166 5358 γὰρ
1196 5285 1298 5337 οὑκ
1338 5284 1402 5337 ἂν
1441 5283 1658 5335 δύναιτο
1698 5276 2000 5348 κατορθοῦν
2034 5281 2067 5347 ἡ
2106 5277 2226 5331 θεία
2257 5294 2314 5330 τε
2351 5281 2442 5331 καὶ
2474 5279 2753 5349 παναλκὴς
2779 5320 2793 5340 ,
2831 5278 2924 5331 καὶ
2958 5276 3411 5345 άνωτάτωφὺσις;

552 5400 713 5464 Quasi
754 5400 807 5451 in
848 5399 1050 5468 signum
1082 5398 1144 5448 de
1179 5403 1349 5447 monte
1390 5393 1671 5455 (arabitur,
1716 5390 1867 5460 quasi
1916 5388 2054 5440 tuba:

479 5508 600 5554 vox,
636 5491 728 5544 sub
764 5490 998 5541 auditum
1026 5490 1196 5541 cadet.

555 5607 648 5659 liei
702 5604 951 5658 militaris
1012 5603 1175 5658 duces
1233 5600 1352 5656 belli
1408 5610 1675 5667 tempore,
1737 5596 1788 5648 in
1836 5594 2055 5649 ttnnnlis

482 5699 744 5767 quosdam
778 5705 1043 5761 statuunt,
1076 5707 1129 5750 et
1154 5694 1345 5762 jubcnt
1376 5692 1669 5747 identidem
1705 5689 1917 5757 signum
1952 5687 2050 5742 tol-

486 5790 597 5845 lere
633 5806 645 5843 :
678 5804 797 5859 qua:
831 5803 917 5843 res
960 5785 1303 5841 manifestum
1345 5794 1426 5840 est
1449 5794 1644 5839 cuncto
1678 5778 1939 5835 exercitui
1981 5778 2045 5836 si-

2239 5388 2398 5441 Ὧσεὶ
2437 5388 2689 5457 σημεῖον
2717 5388 2836 5442 ἀπὸ
2875 5388 3052 5456 ὅρους
3084 5387 3258 5456 ἀρθῇ,
3290 5389 3369 5452 ὡς
3401 5386 3730 5457 σάλπιγγος

2156 5480 2347 5549 φωνὴ,
2375 5482 2681 5536 ἀκουστὸν
2708 5482 2899 5534 ἔσται.

2227 5594 2289 5647 Οἱ
2319 5595 2427 5647 τῶν
2456 5594 2725 5648 τακτικῶν
2754 5595 3066 5664 ἡγούμενοι,
3103 5594 3242 5647 κατὰ
3269 5596 3358 5647 τὸν
3390 5593 3479 5647 τοῦ
3500 5592 3736 5660 πολέμου

2160 5687 2349 5758 καιρὸν
2372 5689 2427 5748 ἐν
2457 5687 2711 5758 γηλόφοις
2743 5687 2989 5749 ἱστάντες
3012 5687 3182 5750 τινὰς,
3206 5686 3456 5757 αἴρεσθαι
3486 5682 3738 5737 πλειστά-

2160 5796 2245 5841 κις
2274 5780 2485 5833 ποιοῦσι
2520 5783 2763 5852 σημεῖοψ
2802 5782 2893 5834 καὶ
2920 5779 3171 5849 σύνθημα
3208 5777 3367 5833 τοῦτο
3405 5780 3469 5849 τῇ
3514 5776 3740 5847 στρατιᾷ
