4148 6374
390 411 500 467 445

1519 411 1585 467 ΙΝ
1628 412 1862 469 ISAIAM
1904 414 2031 472 LIB.
2074 414 2135 470 ll.
2178 415 2415 471 TOMUS
2454 415 2539 469 lll.

3547 409 3652 465 “6

390 528 599 597 γίνεται
632 526 955 598 πράγματος
994 528 1277 599 ἐναργοῦς.
1323 531 1602 603 Κέχρηται
1632 533 1688 586 δὲ
1723 534 1817 586 καὶ
1848 537 1965 599 ταῖς

2078 551 2231 606 gnum
2275 546 2330 590 et
2377 535 2657 589 indicium.
2699 531 2937 587 Utuntur
2975 531 3137 584 etiam
3184 529 3333 583 sanis
3372 538 3647 591 tubarum,

388 620 477 674 διὰ
510 619 828 689 σαλπίγγων
857 625 1080 690 φωναῖς,
1124 622 1156 692 ἦ
1190 623 1556 688 διανιστάντες
1587 625 1681 679 ἐπὶ
1710 626 1770 678 τὸ
1801 627 1968 697 μάχε-

395 713 517 767 σθαι
546 713 687 766 κατά
708 730 827 766 τινα
858 714 1061 783 συνήθη
1091 714 1316 785 ῥυθμὸν,
1346 715 1378 785 ἢ
1409 717 1501 769 καὶ
1527 717 1854 786 ἀφιστάντες
1876 717 1969 771 τοῦ

395 805 632 875 πολέμου
680 805 821 858 κατά
862 823 925 873 γε
972 806 1034 858 τὸ
1075 807 1257 870 αὐτοῖς
1299 803 1357 861 εὖ
1398 808 1541 877 ἔχειν
1578 808 1788 862 δοκοῦν.
1814 810 1970 862 Ἔστι

392 896 570 949 τοίνυν
606 896 702 949 καὶ
728 897 790 949 τὸ
811 897 1096 967 αἰρόμενον
1128 898 1261 967 ὑψοῦ
1298 902 1521 968 σημεῖον
1549 900 1967 969 ἐπισημότατον.

406 986 699 1057 Ἐστήκασι
741 986 844 1058 γὰρ
882 989 961 1051 εἰς
988 986 1113 1058 ὅρος
1148 992 1196 1041 οἱ
1227 989 1385 1042 τοῦτο
1411 989 1540 1060 δρᾷν
1566 991 1835 1054 εἰωθότες,
1877 993 1972 1046 καὶ

399 1077 506 1147 μὴν
538 1078 631 1131 καὶ
662 1079 832 1131 ἅπασι
864 1081 977 1142 τοῖς
1010 1081 1149 1133 κατὰ
1182 1079 1277 1150 τὴν
1309 1079 1487 1151 μάχην
1519 1080 1841 1147 ἐξάκουστος
1876 1083 1972 1136 καὶ

398 1169 574 1240 σαφὴς
616 1172 649 1239 ἡ
691 1170 799 1223 τῶν
838 1170 1153 1239 σαλπίγγων
1192 1173 1320 1243 ἠχή.
1357 1172 1547 1225 Ἔσται
1581 1173 1778 1236 τοίνυν,
1814 1174 1967 1244 φησὶ,

393 1258 492 1329 τῆς
537 1260 851 1328 Αἰγυπτίων
902 1260 963 1314 τὸ
1004 1261 1174 1324 πάθος
1211 1262 1630 1332 γνωριμώτατον
1675 1264 1817 1317 οὕτω
1859 1268 1972 1329 τοῖς

396 1350 731 1420 ἁπανταχοῦ,
762 1351 901 1405 ὥστε
930 1352 1358 1424 παρεικάζεσθαι
1396 1355 1610 1424 σημείῳ
1637 1353 1713 1425 τῷ
1743 1356 1883 1409 κατά
1918 1373 1970 1408 τι

396 1442 502 1496 τῶν
548 1442 689 1513 ὀρῶν
726 1443 1100 1514 ἐγηγερμένῳο
1129 1442 1399 1497 ἔκπυστον
1443 1444 1497 1497 δὲ
1526 1444 1688 1509 οὕτω,
1721 1446 1972 1518 καθάπερ

396 1534 589 1603 ἀμέλει
636 1535 730 1588 καὶ
773 1537 804 1605 ὴ
850 1536 937 1587 διὰ
975 1535 1079 1587 τῶν
1109 1536 1423 1605 σαλπίγγων
1445 1537 1571 1608 ἠχή.
1611 1537 1741 1590 Ἀπὸ
1779 1538 1842 1609 δὴ
1866 1539 1972 1591 τῶν

394 1625 649 1679 τοιούτων
692 1628 867 1679 ἐκεῖνο
907 1626 1181 1697 εἰσόμεθα,
1230 1627 1323 1679 καὶ
1366 1628 1500 1699 πρὸς
1531 1627 1797 1696 ὠφελείας
1839 1631 1972 1700 ἡμῖν

395 1716 548 1769 ἔσται
572 1716 792 1787 πολλῆς,
824 1717 884 1769 τὸ
910 1719 1049 1771 κατά
1079 1717 1280 1787 μηδένα
1304 1718 1502 1788 τρόπον
1530 1718 1863 1790 καταθήγειν
1891 1721 1971 1784 είς

394 1805 563 1876 ὀργάς
604 1806 703 1878 τὴν
749 1806 1022 1877 ἀκήρατον
1057 1807 1236 1875 φύσιν·
1277 1808 1310 1878 ἢ
1341 1808 1513 1880 πάντη
1544 1826 1602 1861 τε
1633 1810 1727 1863 καὶ
1757 1811 1971 1873 πάντως

393 1897 634 1967 δρῶντας
685 1897 721 1951 ἂ
771 1897 844 1968 μὴ
896 1898 1073 1968 θέμις,
1105 1897 1199 1950 καὶ
1251 1897 1349 1969 τὴν
1395 1900 1484 1951 ὑπ’
1525 1899 1671 1970 αὐτῷ
1720 1899 1973 1970 λατρείαν
2005 1932 2044 1986 Β

394 1991 881 2061 παραιτουμένους,
937 1992 1103 2061 ἦγουν
1159 1992 1548 2063 συντρέχοντας
1615 1993 1967 2059 ἀποστάταις,

394 2084 487 2136 καί
513 2086 623 2146 τοῖς
654 2083 759 2135 ὑπὸ
791 2083 940 2136 Θείαν
972 2083 1140 2153 ὀργὴν
1188 2083 1314 2146 τοὺς
1352 2083 1558 2136 ἑαυτῶν
1592 2084 1968 2153 συμπλάττον-

394 2191 489 2238 τας
511 2176 767 2246 τρόπους,
798 2178 1070 2228 κοινωνεῖν
1101 2175 1285 2238 αὐτοῖς
1306 2175 1404 2244 τῆς
1427 2178 1729 2247 συμφορᾶς,
1758 2178 1853 2229 καὶ
1872 2177 1969 2248 τὴν

397 2265 518 2337 ἴσην
551 2265 888 2337 πράττεσθαι
928 2267 1078 2337 παρά
1122 2267 1257 2319 Θεοῦ
1286 2266 1460 2335 δίκην.
1508 2266 1677 2318 Τοῦτο
1709 2267 1969 2321 πεπονθό-

395 2376 490 2422 τας
550 2361 676 2422 τοὺς
724 2358 833 2411 τῶν
885 2359 1198 2427 Αἰγυπτίων
1254 2360 1547 2430 οἰκήτορας
1616 2359 1820 2412 κατίδοι
1884 2377 1967 2423 τις

394 2451 479 2505 ἄν.
540 2451 754 2522 Ἐπειδὴ
801 2452 910 2523 γὰρ
968 2453 1471 2524 προσκεκρούκασιν
1525 2454 1573 2504 οί
1618 2452 1676 2516 ἐξ
1733 2453 1967 2525 Ἰσραὴλ,

2071 628 2152 681 vel
2184 642 2306 682 cum
2357 627 2555 679 usitato
2600 626 2833 693 quodam
2885 631 3149 676 concentu
3195 621 3259 672 ad
3305 621 3647 688 pugnandum

2069 720 2326 781 excitant,
2358 718 2440 770 vel
2509 715 2674 785 278
2716 729 2837 768 cum
2884 712 2994 782 (ubi
3043 712 3218 765 visum
3259 710 3363 781 est)
3411 710 3647 775 receptui

2071 818 2293 863 Canum.
2327 806 2419 861 Est
2449 807 2552 859 hoc
2584 808 2745 874 igitur
2772 806 2914 872 quod
2957 804 3013 856 lit
3052 804 3101 856 iu
3135 802 3351 857 sublimi
3396 801 3539 861 luco,
3577 800 3650 851 si-

2072 913 2235 966 gnum
2268 898 2499 951 illustre.
2532 897 2690 950 Stant
2720 896 2862 948 enim
2901 897 2952 946 in
2989 903 3194 957 monte,
3240 892 3329 960 qui
3357 891 3460 944 hoc
3490 889 3649 942 facti-

2074 996 2223 1051 tant;
2258 998 2309 1043 et
2338 987 2590 1040 omnibus
2619 984 2709 1053 qui
2741 985 2793 1036 in
2826 982 3015 1051 prmlio
3041 992 3185 1047 sunt,
3221 979 3544 1035 exaudibilis
3568 987 3649 1031 est

2071 1088 2126 1132 et
2185 1078 2369 1133 clarus
2428 1078 2675 1130 tubarum
2734 1074 2976 1143 clangor.
3046 1073 3161 1126 Erit
3215 1086 3379 1139 ergo,
3436 1069 3646 1137 inquit,

2073 1169 2451 1241 [Egyptiorum
2482 1182 2643 1220 casus
2666 1166 2842 1219 ubivis
2874 1166 3113 1235 gentium
3152 1163 3287 1217 adeo
3317 1161 3645 1223 celebratus,

2074 1273 2131 1315 ut
2154 1278 2309 1333 signo
2341 1263 2392 1314 in
2422 1271 2602 1313 monte
2642 1260 2824 1327 aliquo
2866 1268 3049 1311 erecto
3077 1256 3380 1324 comparari
3426 1256 3594 1324 possit
3623 1272 3638 1318 ;

2074 1353 2210 1407 adeo
2243 1361 2420 1406 autem
2448 1350 2633 1403 clarus
2661 1359 2713 1403 et
2738 1348 3083 1410 exaudibilis,
3125 1357 3180 1400 ut
3213 1354 3295 1400 est
3328 1361 3460 1400 sane
3491 1346 3645 1397 tuba-

2072 1460 2190 1501 rum
2217 1444 2444 1499 sonitus.
2478 1442 2552 1495 Ex
2598 1442 2680 1495 bis
2712 1440 2841 1493 illud
2874 1439 3259 1508 intelligemus,
3292 1437 3455 1506 idque
3493 1435 3649 1490 nobis

2072 1550 2105 1590 e
2138 1550 2195 1589 re
2221 1534 2348 1596 erit,
2398 1542 2455 1585 ut
2480 1532 2625 1585 nullo
2666 1533 2824 1584 modo
2850 1530 2915 1583 ad
2956 1530 3090 1583 iram
3122 1527 3483 1582 immortalem
3517 1542 3647 1581 exa—

2073 1642 2295 1683 cuamus
2334 1637 2581 1679 naturam
2613 1642 2626 1678 :
2663 1638 2726 1676 ac
2770 1622 2854 1676 vel
2890 1621 3112 1675 omnino
3152 1635 3272 1689 qum
3318 1619 3402 1673 fas
3426 1634 3533 1672 non
3567 1626 3650 1672 est

2076 1720 2434 1784 admittendo,
2470 1728 2525 1772 et
2554 1717 2671 1785 ejus
2711 1716 2913 1771 cultum
2940 1714 3262 1777 aversando,
3290 1713 3375 1766 vel
3405 1726 3530 1765 cum
3559 1712 3653 1764 de—

2076 1811 2374 1866 sertoribus
2424 1818 2473 1864 et
2520 1809 2781 1878 apostatis
2822 1807 3206 1876 conspirando,
3246 1819 3423 1859 mores
3470 1801 3650 1857 homi-

2077 1920 2200 1958 num
2228 1902 2422 1955 divin.e
2444 1901 2536 1954 iraa
2560 1900 2916 1954 obnoxiorum
2942 1898 3228 1961 imitando,
3260 1898 3311 1951 in
3334 1896 3651 1951 societatem

2076 2013 2197 2051 cum
2229 1995 2361 2064 ipsis
2404 1993 2776 2048 calamitatum
2808 1990 3110 2056 veniamus,
3164 1998 3217 2043 et
3264 2003 3421 2057 pares
3462 2000 3654 2056 poenas

2076 2091 2340 2145 divinitus
2370 2088 2597 2140 Ioannis.
2634 2084 2749 2139 Hoc
2782 2098 2881 2138 usu
2918 2081 3133 2136 venisse
3185 2078 3407 2150 Egypti
3459 2077 3655 2132 incolis

2074 2186 2258 2239 videre
2312 2182 2458 2235 licet.
2494 2176 2931 2233 -0llendenlibus
2976 2175 3120 2229 enim
3173 2172 3449 2235 Israelitis,
3492 2178 3656 2237 atque

2076 2279 2210 2332 adeo
2260 2276 2381 2330 istis
2424 2270 2863 2341 promittentibus
2922 2281 3142 2322 servare
3166 2282 3281 2327 ens,
3328 2262 3491 2318 etiam
3549 2261 3658 2313 Deo

2075 2366 2312 2432 volente,
2364 2365 2632 2419 deduntur
2687 2360 2932 2414 hostibus
2986 2359 3036 2411 in
3084 2357 3307 2409 exitium
3362 2364 3417 2408 et
3457 2352 3655 2406 interi-

2078 2468 2211 2514 tum.

396 2541 512 2596 εἶτα
549 2545 740 2609 σώζειν
764 2546 959 2609 αὐτοὺς
987 2546 1400 2616 ἐπηγγέλλοντο,
1424 2545 1526 2598 κᾶν
1555 2549 1603 2599 εί
1668 2547 1742 2617 μὴ
1801 2548 2039 2618 βούλοιτο
2076 2551 2229 2618 Θεὸς,
2277 2551 2509 2604 δίδονται
2562 2550 2675 2612 τοῖς
2725 2548 2938 2618 ἐχθροῖς
2998 2546 3075 2606 εἰς
3121 2541 3340 2611 ὀλεθρον
3391 2554 3485 2591 και
3548 2537 3655 2587 ἀπ-

396 2639 611 2692 ώλειαν.

470 2737 598 2787 Ὅτι
623 2732 953 2799 οὓτωςεῖπέ
976 2753 1078 2804 μοι
1094 2736 1325 2804 Κύριος·
1367 2736 1684 2805 Ἀσφάλεια
1715 2740 1885 2792 ἔσται
1906 2739 1977 2793 ἐν

399 2824 473 2894 τῇ
497 2825 610 2894 ἐμῇ
639 2826 829 2889 πόλει,
859 2826 939 2891 ὡς
969 2824 1094 2894 φῶς
1123 2828 1423 2894 καύματος
1453 2828 1845 2895 μεσημϐρίας,
1876 2827 1975 2881 καὶ

400 2918 479 2982 ὠς
505 2918 729 2985 νεφέλη
761 2916 982 2985 δρόσου
1010 2916 1233 2986 ἡμέρας
1260 2917 1489 2986 ἀμητοῦ
1521 2918 1690 2972 ἕσται
1722 2919 1835 2986 πρὸ
1869 2918 1975 2972 τοῦ

401 3011 703 3080 θερισμοῦ.

472 3101 654 3171 Σαφὴς
695 3102 791 3170 μὲν
832 3101 928 3171 τῆς
968 3100 1205 3172 ἱστορίας
1234 3102 1262 3154 ὁ
1294 3101 1471 3169 λόγος·
1504 3100 1642 3172 πλὴν
1677 3099 1972 3171 ἐπιδρομά-

2156 2737 2319 2790 Vens.
2353 2735 2405 2799 4,
2445 2734 2497 2788 5.
2531 2732 2667 2797 Quia
2705 2732 2781 2784 sic
2815 2729 2947 2782 dixit
2992 2728 3117 2779 mihi
3168 2725 3421 2778 Dominus
3452 2738 3469 2776 :
3499 2720 3659 2777 Secu-

2083 2831 2212 2883 ritas
2239 2829 2335 2882 erit
2378 2828 2431 2880 in
2457 2843 2569 2879 mea
2601 2825 2836 2884 civitate,
2871 2821 3004 2874 velut
3032 2820 3124 2871 lux
3162 2817 3368 2869 ardoris
3415 2816 3467 2867 in
3502 2816 3660 2868 meri-

2082 2922 2185 2986 die,
2214 2930 2261 2974 et
2289 2919 2424 2973 velut
2456 2920 2616 2972 nubes
2648 2915 2787 2968 roris
2818 2914 2870 2967 in
2908 2913 2994 2965 die
3029 2910 3209 2963 messis
3243 2918 3363 2961 ante
3387 2923 3622 2960 messem.

2151 3096 2349 3164 Aperta
2382 3104 2465 3148 est
2495 3094 2607 3147 haec
2632 3091 2888 3154 historia,
2918 3099 3155 3143 attamen
3180 3086 3382 3141 cursim
3419 3100 3661 3139 comme-

402 3192 497 3261 δην
529 3158 780 3263 ἐρόῦμεν.
812 3158 1025 3245 Σέσωκε
1051 3158 1159 3263 γάρ
1184 3158 1251 3245 τὰ
1283 3158 1627 3262 Ἱεροσόλυμά
1656 3158 1973 3254 Θεὸςιπολι-

2084 3184 2436 3243 morabimus.
2502 3181 2751 3237 Servavit
2811 3194 3004 3250 nempe
3061 3176 3444 3247 Hierosolyma
3497 3174 3660 3235 Deus,

403 3284 688 3354 ορκοῦντος
729 3285 869 3337 αύτά
890 3285 1183 3353 Ῥαψάκου,
1220 3286 1311 3337 καὶ
1342 3284 1440 3354 τὴν
1474 3283 1844 3354 ἀναρίθμητον
1881 3282 1977 3353 τὴν

403 3376 512 3429 τῶν
581 3376 882 3446 Ἀσσυρίων
939 3375 1146 3446 πληθὺν
1214 3376 1673 3446 περιστήσαντος·
1738 3376 1977 3427 σέσωκεν

403 3468 584 3533 ὃπως;
621 3488 637 3519 ι
678 3468 895 3537 Ἐξῆλθε
925 3471 1033 3539 γὰρ
1059 3467 1295 3536 ἄγγελος
1317 3468 1541 3538 Κυρίου,
1584 3487 1602 3518 ο
1638 3467 1790 3536 φησι,
1827 3485 1844 3516 ι
1884 3466 1979 3518 καὶ

405 3560 611 3613 ἀνεῖλεν
652 3560 716 3611 ἐκ
765 3563 863 3630 τῆς
912 3560 1261 3630 παρεμϐολῆς
1301 3559 1408 3611 τῶν
1448 3559 1747 3629 Ἀσσυρίων
1788 3562 1844 3613 ἐν
1880 3560 1978 3629 μιᾷ

404 3652 555 3705 νυκτὶ
602 3653 794 3704 ἐκατὸν
835 3651 1161 3721 ὀγδοήκοντα
1206 3652 1366 3704 πέντε
1417 3652 1678 3721 χιλιάδας.
1730 3671 1750 3703 ›
1790 3654 1978 3704 Ἔσται

402 3741 600 3799 τοίνυν,
633 3743 815 3810 φησιν,
842 3741 1111 3810 ἀσφάλεια
1140 3743 1195 3793 ὲν
1222 3744 1287 3811 τῇ
1321 3741 1472 3793 πόλει
1492 3744 1555 3812 τῇ
1598 3743 1724 3812 ἐμῇ.
1760 3743 1868 3793 Καὶ
1898 3744 1978 3794 ὃτι

404 3835 602 3903 γέγονα
645 3833 1041 3887 κινδυνεύουσιν
1074 3834 1361 3907 ἐπίκουρος
1396 3832 1526 3902 ἐγὼ,
1557 3835 1808 3903 διαφανὲς
1839 3833 1980 3887 οὕτω

403 3930 515 3990 τοῖς
558 3927 898 3996 ἁπανταχόσε
942 3928 1259 3998 γενήσεται,
1293 3927 1367 3988 ὡς
1410 3926 1524 3979 ἔστι
1582 3926 1831 3995 λαμπρὸν
1885 3926 1980 3979 καὶ

403 4021 770 4092 ἀκμαιότατον
835 4020 896 4072 τὸ
948 4022 1004 4072 ἐν
1068 4019 1383 4091 μεσημϐρίᾳ
1436 4020 1570 4089 φῶς.
1632 4020 1813 4072 Ἡλίου
1870 4018 1978 4089 γὰρ

407 4113 889 4185 μεσημϐρίζοντος,
943 4114 1037 4166 καὶ
1083 4114 1453 4184 ἀκμαιοτάτην
1486 4112 1690 4167 ἄνωθεν
1734 4113 1847 4174 τοῖς
1888 4112 1980 4164 ἐπὶ

402 4207 501 4275 τῆς
531 4206 634 4275 γῆς
670 4204 900 4266 ἐνιέντος
932 4204 1028 4275 τὴν
1070 4206 1284 4267 ἀκτῖνα,
1315 4202 1700 4271 πλουσιωτάτῳ
1742 4203 1880 4270 φωτὶ
1911 4201 1980 4254 τά

405 4299 582 4351 πάντα
608 4296 1144 4367 καταλαμπρύνεται.
1184 4298 1374 4349 Ἔσται
1399 4295 1597 4357 τοίνυν,
1622 4296 1774 4365 φησὶ,
1803 4294 1982 4347 κινδυ-

405 4390 648 4443 νεύουσιν
676 4392 709 4461 ή
743 4389 874 4460 παρ’
900 4390 1030 4461 ἐμοῦ
1066 4389 1400 4461 δοθησομένη
1446 4390 1507 4442 τὸ
1532 4391 1783 4461 τηνικάδε
1821 4392 1980 4462 χάρις

404 4499 464 4534 τε
500 4483 590 4534 καὶ
620 4481 910 4551 ἀσφάλεια,
938 4480 1127 4552 ὥσπερ
1153 4480 1219 4533 ἂν
1248 4482 1296 4533 εἰ
1326 4482 1421 4533 καὶ
1454 4482 1651 4551 νεφέλη
1693 4482 1883 4552 δρόσου
1922 4484 1979 4534 ἐν

405 4573 641 4644 ἡμέραις
661 4572 871 4644 ἀμητοῦ
908 4574 1012 4643 πρὸ
1031 4573 1125 4625 τοῦ
1161 4571 1442 4643 θερισμοῦ.
1480 4573 1586 4625 Καὶ
1625 4572 1678 4624 τί
1704 4572 1766 4643 δὴ
1798 4572 1984 4642 βούλε-

406 4680 496 4714 ται
526 4662 736 4732 δηλοῦν,
767 4663 877 4732 ἐρῶ
907 4662 1087 4716 πάλιν·
1120 4661 1277 4725 Ἕθος
1318 4666 1429 4724 τοῖς
1455 4662 1637 4732 ἁμῶσι
1673 4661 1748 4733 μὴ
1790 4663 1986 4734 πρότεο

410 4774 501 4827 ρον
530 4759 642 4819 τοῖς
661 4757 957 4825 ἀστάχυσιν
987 4757 1272 4823 ἐπαφεῖναι
1297 4755 1387 4808 τὸν
1418 4756 1651 4825 σίδηρον,
1687 4757 1735 4806 εί
1768 4754 1841 4825 μὴ
1874 4754 1984 4823 ἄρα

407 4866 524 4911 πως
584 4847 1076 4917 προκατενεχθεῖσα
1117 4847 1324 4917 δρόσος,
1380 4846 1746 4916 εὐαφεστέραν
1802 4846 1985 4909 αὐτοῖς

405 4941 504 5011 τὴν
559 4940 811 5011 καλάμην
866 4940 1186 5011 ἐργάσηται.
1257 4937 1344 4990 Ἐν
1396 4939 1528 5009 εὐχῇ
1587 4938 1887 5009 τοιγαροῦν·
1924 4938 1986 4991 τὸ

408 5034 597 5103 χρῆμα
639 5034 840 5094 αὐτοῖς,
892 5032 954 5084 τὸ
1002 5030 1306 5084 καθιεῖσθαί
1354 5047 1493 5099 φημι
1544 5030 1691 5101 παρά
1720 5030 1853 5083 Θεοῦ
1885 5030 1985 5101 τὴν

410 5125 617 5194 δρόσον.
644 5123 981 5196 Τριπόθητος
1008 5119 1098 5176 οὖν
1138 5125 1249 5185 τοῖς
1289 5124 1344 5175 ἐν
1374 5123 1486 5183 τοῖς
1524 5120 1916 5192 Ἰεροσολύμοις
1948 5125 1980 5193 ἠ

411 5233 483 5266 πα
495 5214 563 5284 ρὰ
587 5214 722 5267 Θεοῦ
753 5216 974 5283 γέγονεν
1005 5214 1291 5281 ἀσφάλεια,
1332 5213 1581 5283 καθάπερ
1610 5211 1802 5282 ἀμέλει
1830 5214 1922 5265 καὶ
1951 5215 1985 5283 ἡ

410 5307 599 5376 δρόσος
648 5308 706 5358 ἐν
757 5306 991 5379 ἡμέραις
1036 5306 1248 5378 ἀμητοῦ
1289 5306 1559 5358 πίπτουσα
1607 5305 1714 5375 πρὸ
1762 5304 1855 5358 τοῦ
1895 5304 1983 5357 θε-

414 5416 635 5468 ρισμου.

485 5492 665 5545 Ὅταν
698 5491 1079 5561 συν-τελεσθῇ
1108 5491 1359 5560 στάχυς,
1390 5491 1486 5544 καὶ
1521 5490 1718 5559 omam?
1743 5490 1982 5559 ἀνθήσιι

414 5582 596 5649 ἄνθος
636 5583 1062 5653 ὀμφακίζουσα.
1092 5586 1199 5638 Καὶ
1246 5582 1461 5653 ἀφελεῖ
1499 5583 1567 5636 τὰ
1586 5581 1878 5650 βοτρύδια
1908 5583 1983 5637 τὰ

407 5675 593 5746 μικρὰ
613 5676 735 5743 τοῖς
758 5677 1093 5744 δρεπάνοις,
1111 5677 1206 5731 καὶ
1233 5677 1339 5744 τὰς
1359 5674 1728 5746 κληματίδας
1752 5674 1983 5744 ἀφελεῖ,

496 5832 540 5861 ³⁸⁸
577 5831 639 5885 lV
685 5833 813 5904 Reg.
860 5848 971 5899 xix,
1003 5832 1091 5888 55.

2081 3293 2310 3349 cumque
2334 3275 2608 3332 obsideret
2648 3273 2944 3343 Rapsaces,
2978 3280 3033 3326 et
3059 3266 3454 3324 innumerabili
3495 3266 3665 3335 ASsy-

2080 3374 2284 3427 riorutn
2334 3368 2681 3423 multitudine
2731 3364 3161 3426 circumsideret,
3208 3372 3388 3416 tamen
3438 3375 3664 3413 conser-

2079 3464 2246 3516 vavit.
2296 3481 2313 3513 ι
2361 3461 2626 3531 Egressus
2670 3466 2757 3513 est
2797 3457 2941 3512 enim
2979 3455 3202 3523 angelus
3251 3452 3488 3516 Domini,
3520 3471 3538 3503 ›
3579 3453 3663 3504 in-

2081 3556 2231 3624 quit,
2297 3573 2316 3604 t
2353 3564 2405 3608 et
2460 3551 2735 3607 interemit
2777 3564 2841 3605 ex
2893 3548 3089 3603 castris
3149 3544 3497 3615 Assyriorum
3554 3559 3662 3596 una

2081 3655 2236 3702 nocte
2256 3653 2471 3700 centum
2496 3643 2766 3711 octoginta
2784 3639 3022 3709 quinque
3040 3637 3206 3690 millia
3226 3636 3295 3689 “.
3322 3655 3341 3687 ι
3371 3634 3485 3687 Erit
3511 3647 3663 3700 ergo,

2084 3738 2278 3805 inquit,
2320 3735 2374 3788 in
2413 3734 2637 3788 civitate
2680 3746 2795 3786 mea
2849 3729 3133 3784 securitas.
3167 3725 3319 3793 Quod
3347 3735 3526 3778 autem
3563 3739 3665 3793 ego

2080 3828 2504 3900 periclitantibus
2556 3825 2748 3881 fuerim
2804 3820 3057 3890 adiutor,
3121 3817 3243 3871 hinc
3299 3814 3645 3887 perspicuum

2089 3923 2180 3977 ﬁet
2207 3922 2383 3977 ubivis
2411 3920 2651 3989 gentium
2679 3934 2692 3971 :
2724 3916 2846 3987 quia
2885 3915 2973 3968 lux
3003 3909 3326 3972 meridiana,
3359 3906 3661 3961 clarissima

2080 4025 2164 4068 est
2182 4024 2235 4069 et
2253 4012 2568 4067 fortissima.
2595 4009 2720 4065 Sole
2742 4008 2993 4063 nimirum
3015 4004 3113 4061 sub
3134 4001 3411 4057 meridiem
3426 3999 3660 4064 lucente,

2080 4120 2132 4163 et
2158 4113 2388 4177 desuper
2419 4106 2474 4159 in
2502 4103 2781 4160 terrestria
2814 4101 3020 4155 radium
3050 4095 3479 4153 intensissimum
3504 4092 3658 4147 emit-

2085 4210 2253 4266 tente,
2278 4198 2549 4253 ditissimo
2567 4207 2618 4250 et
2647 4194 3023 4264 copiosissimo
3042 4190 3244 4243 lumine
3273 4184 3664 4241 collustrantur

2080 4293 2280 4346 omnia.
2303 4289 2676 4359 Eritproinde,
2714 4286 2909 4356 inquit,
2931 4279 3361 4354 periclitantibus
3393 4276 3568 4347 gratia
3606 4283 3661 4329 et

2089 4385 2356 4439 securitas
2391 4396 2511 4451 quae
2544 4390 2654 4434 tum
2694 4394 2723 4430 a
2758 4393 2844 4431 me
2873 4376 3114 4437 dabitur,
3140 4371 3362 4443 perinde
3395 4379 3453 4422 ut
3492 4366 3664 4421 nubes

2015 4511 2060 4568 υ
2087 4478 2226 4530 roris
2252 4475 2322 4541 ,in
2357 4474 2548 4528 diebus
2598 4471 2797 4525 messis
2846 4479 2971 4522 ante
3007 4479 3258 4521 messem.
3306 4461 3445 4528 Quid
3482 4470 3662 4512 autem

2086 4566 2455 4621 demonstrare
2480 4563 2629 4627 velit,
2650 4563 2716 4615 de
2752 4562 2963 4628 integro
3004 4565 3264 4626 repetam.
3316 4553 3373 4606 In
3406 4566 3557 4605 more
3580 4558 3666 4601 est

2087 4659 2433 4720 metentibus,
2461 4672 2569 4708 non
2595 4664 2721 4707 ante
2752 4651 2915 4721 spicis
2946 4653 3233 4702 admovere
3260 4645 3480 4705 ferrum,
3503 4657 3665 4710 quam

2090 4767 2178 4806 ros
2221 4749 2485 4805 demissus
2525 4745 2805 4800 meliorem
2849 4741 3013 4811 279
3047 4739 3284 4793 culmum
3320 4743 3371 4789 et
3405 4742 3548 4788 tactu
3587 4730 3667 4781 ΐιιαο

2088 4844 2328 4898 ciliorem
2356 4839 2572 4893 elﬁciat.
2617 4838 2752 4891 Illud
2782 4836 2948 4905 igitur
3000 4835 3051 4884 in
3100 4830 3234 4885 votis
3274 4839 3358 4882 est
3406 4825 3665 4885 maxime,

2091 4945 2147 4987 ut
2178 4933 2385 4987 scilicet
2419 4946 2506 4985 ros
2536 4930 2794 4983 divinitus
2823 4923 3141 4982 descendat.
3167 4921 3351 4987 Itaque
3395 4914 3666 4971 securitas

2090 5026 2205 5079 huic
2234 5023 2495 5077 divinitus
2539 5019 3046 5092 Hierosolymitanis
3083 5015 3183 5069 fuit
3215 5024 3297 5065 ter
3332 5006 3666 5064 desiderabi-

2089 5118 2154 5173 lis
2182 5128 2233 5172 et
2262 5116 2534 5185 optabilis,
2569 5114 3019 5184 quenadmodum
3074 5108 3317 5180 profecto
3370 5106 3421 5158 in
3474 5102 3668 5156 diebus

2090 5210 2284 5265 messis
2313 5223 2402 5263 ros
2433 5217 2559 5261 ante
2600 5222 2851 5262 messem.

2162 5494 2326 5547 \‘Etts.
2351 5493 2404 5559 5,
2432 5493 2482 5546 6.
2529 5491 2750 5556 Quando
2794 5494 3184 5541 consummatus
3238 5482 3392 5553 fuerit
3446 5481 3565 5550 ﬂos,
3614 5488 3663 5531 et

2090 5586 2374 5639 immatura
2410 5601 2507 5638 uva
2547 5584 2853 5654 eﬁloruerit,
2900 5580 3084 5649 ﬂorem
3132 5578 3430 5648 germinans
3472 5576 3663 5625 intuta-

2092 5686 2227 5744 ture,
2272 5687 2319 5732 et
2373 5676 2576 5746 auferet
2626 5673 2913 5731 racemulos
2952 5688 3137 5743 parvos
3190 5669 3434 5741 falcibus,
3478 5675 3526 5720 et
3551 5680 3663 5717 sar-
