4148 6378
467 367 569 423 ΗἸ

1455 362 1513 417 8.
1555 360 1829 417 CYRILLI
1870 357 2344 417 ALEXANDRINI
2387 356 2701 412 ARCIIlEP.

3619 352 3721 409 448

466 499 641 541 menta
675 486 899 555 auferet,
939 494 985 539 et
1030 485 1295 539 abscindet
1323 494 1371 539 et
1416 486 1665 555 relinquet
1703 487 1859 540 simul
1891 486 2037 539 volit-

2144 483 2241 537 καὶ
2278 484 2610 549 namadd-et
2635 479 2733 533 καὶ
2759 477 3093 545 καταλήψει
3127 478 3247 546 ἅμα
3279 476 3401 543 τοῖς
3432 478 3723 544 πετεινοῖς

464 578 639 630 cribris
661 577 775 630 curti
797 586 843 630 et
879 576 1057 629 bestiis
1089 587 1262 629 terra’.
1298 574 1365 629 Et
1400 577 1853 646 congregabantur
1884 593 2041 646 super

466 668 586 721 illos
640 667 879 721 volatilia
924 667 1074 733 casli,
1121 676 1169 721 et
1219 684 1396 721 omnes
1455 667 1632 723 bestia:
1672 680 1826 724 terra:
1854 686 1915 723 eo
1959 686 2041 724 vc-

468 762 629 814 uient.

538 848 775 905 Dillicilis
791 861 874 904 est
896 851 1206 915 admodum,
1240 866 1336 906 nec
1373 866 1561 920 parum
1586 851 1814 907 obscura
1845 853 2038 908 horum

469 941 753 994 verborum
819 942 1112 1001 sententia,
1176 950 1230 993 et
1299 941 1415 1008 ipsa
1471 952 1729 1011 pncterea
1787 942 2041 998 dictionis

472 1031 830 1101 compositio;
880 1041 957 1092 at,
1005 1035 1179 1097 quoad
1232 1031 1468 1097 licuerit,
1499 1034 1735 1087 conabor
1761 1034 2035 1101 expedire.

470 1121 753 1177 Transfert
782 1137 911 1191 ergo
936 1124 1238 1178 orationem
1274 1123 1418 1178 velut
1449 1139 1478 1177 a
1515 1124 1745 1179 scientia
1772 1125 2039 1195 agricola-

472 1231 611 1267 rum.
642 1214 805 1269 Moris
845 1215 988 1267 enim
1022 1214 1129 1268 illis
1157 1224 1259 1281 est,
1277 1215 1492 1284 quando
1524 1216 1650 1270 vitis
1680 1214 1862 1269 botros
1892 1215 2044 1271 elllo-

469 1306 641 1360 rnisse
695 1306 949 1371 viderim,
1005 1316 1057 1360 et
1102 1306 1216 1374 jam
1270 1322 1499 1361 uvarum
1540 1308 1771 1375 speciem
1815 1308 2083 1370 habere,‘

475 1396 837 1451 redundantes
864 1399 1192 1467 propagines
1215 1408 1519 1467 amputare,
1547 1408 1600 1451 et
1626 1398 1860 1452 minutos
1889 1412 2043 1453 race-

468 1485 643 1539 mulos
673 1488 938 1555 superllue
964 1501 1248 1556 appensos,
1279 1498 1333 1541 et
1376 1486 1668 1553 majoribus
1700 1489 2038 1554 intersertos,

468 1576 698 1632 falcibus
731 1591 1002 1642 resecare,
1055 1587 1113 1630 ut
1147 1575 1515 1631 fecundiorem
1547 1592 1768 1631 succum
1802 1577 2041 1642 maiores

476 1666 619 1721 botri
678 1667 1041 1737 percipientcs
1098 1666 1331 1722 fructum
1368 1668 1578 1738 possint
1633 1668 1876 1723 fundere.
1908 1669 2040 1725 Tale

470 1756 724 1824 quiddam
785 1756 985 1811 fecisse
1031 1758 1162 1811 dicit
1195 1758 1561 1812 nniVersitatis
1598 1757 1786 1822 Deum,
1828 1760 1943 1813 sive
1972 1762 2039 1814 de

468 1848 733 1919 Assyriis,
757 1851 871 1904 sive
897 1851 1060 1903 etiam
1093 1852 1157 1904 de
1202 1849 1511 1920 Egyptiis:
1555 1866 1657 1905 nec
1709 1853 1855 1905 enim
1905 1853 2039 1907 satis

467 1949 653 2009 aperta
686 1950 770 1995 est
794 1936 990 2005 Oratio,
1022 1942 1219 2011 quibus
1250 1943 1482 1996 maxime
1514 1952 1802 2012 congruat.
1834 1942 1889 1997 Si
1919 1944 2040 2012 quis

465 2049 596 2102 ergo
628 2035 777 2088 malit
800 2034 1099 2103 intelligere
1122 2036 1269 2089 velut
1300 2050 1460 2088 unam
1493 2035 2038 2107 vitcm,Assyriormn

467 2127 895 2192 multitudinem,
926 2144 1045 2198 quin
1074 2138 1315 2182 sanctam
1344 2128 1529 2183 urbem
1574 2129 1851 2183 obsidione
1886 2146 2038 2199 pres-

466 2218 577 2271 sit:
613 2216 839 2272 dicimus
876 2218 1115 2271 invenire
1154 2234 1252 2273 nos
1295 2234 1451 2287 posse
1482 2236 1736 2286 magmtm
1772 2222 1822 2272 in
1851 2235 1912 2274 ca
1946 2221 2039 2276 bo-

469 2320 609 2363 trutn
643 2310 964 2379 signiﬁcari,
996 2311 1200 2366 scilicet
1220 2327 1341 2365 eum
1377 2312 1467 2380 qui
1507 2313 1655 2381 regio
1681 2313 1813 2365 solio
1855 2314 2041 2381 splen-

469 2403 701 2456 descens
729 2418 848 2456 cum
876 2402 1098 2470 reliquis
1121 2421 1224 2457 non
1258 2404 1440 2472 periit,
1473 2404 1565 2457 sed
1602 2406 1768 2458 evasit
1800 2404 1887 2458 ille
1921 2404 2041 2473 qui-

466 2495 610 2558 dem,
633 2505 826 2548 caetera
856 2505 1034 2552 autem
1069 2497 1222 2549 turba
1258 2496 1400 2550 velut
1429 2496 1673 2549 ordinem
1719 2511 1783 2550 ac
1836 2500 2034 2553 seriem

468 2584 779 2652 pusillorum
812 2600 1148 2640 racemorum
1184 2602 1475 2655 occupans,
1505 2598 1823 2655 consumpta
1848 2598 1949 2652 est,
1988 2598 2043 2643 et

467 2675 844 2743 paratissimus
899 2674 1109 2729 Domini
1143 2676 1354 2744 gladius
1403 2678 1555 2744 quasi
1614 2679 1721 2732 l'alx
1778 2681 2039 2749 quapiam

466 2782 559 2821 eos
587 2767 1180 2836 velutsupervacaneos
1214 2770 1457 2823 surculos
1506 2770 1768 2825 detondit.
1817 2770 2039 2826 Cecide-

468 2860 787 2923 runt-enim,
820 2870 875 2912 ut
901 2860 1038 2924 dixi,
1089 2862 1262 2928 angeli
1296 2878 1454 2915 manu
1490 2864 1764 2926 exstincti,
1818 2873 1874 2919 et
1924 2863 2044 2919 fue-

468 2962 595 3005 rnnt
637 2954 903 3007 cadavera
941 2968 1127 3007 eorum
1173 2953 1377 3007 deliciae
1420 2956 1790 3010 animantibus
1822 2957 1935 3026 agri
1990 2964 2045 3010 et

468 3043 781 3098 volatilibus
809 3044 954 3097 cmli.
981 3043 1075 3098 Sin
1100 3044 1166 3099 de
1195 3043 1466 3114 Egyptiis
1492 3044 1624 3098 velis
1666 3046 1778 3100 lucc
1801 3047 1928 3109 dici,
1954 3047 2041 3100 in-

2140 575 2247 630 τοῦ
2288 574 2550 643 οὐρανοῦ
2593 573 2690 627 καὶ
2731 572 2855 636 τοῖς
2880 572 3106 639 θηρίοις
3133 569 3244 639 τῆς
3271 569 3405 640 γῆς.
3436 570 3548 624 Kal
3575 585 3727 624 συν·-

2139 669 2467 737 αχθήσεται
2517 668 2609 721 ἐπ’
2641 665 2864 730 αὐτοὺς
2900 664 2985 725 τὰ,
3015 664 3255 718 πετεινὰ
3290 664 3397 717 τοῦ
3437 662 3721 731 οὐρανοῦ,

2140 759 2236 813 καὶ
2267 757 2465 812 πάντα
2494 756 2563 811 τὰ
2585 756 2759 823 θηρία
2780 752 2890 821 τῆς
2916 752 3029 823 γῆς
3052 752 3143 805 ἐπ’
3170 752 3359 805 αὐτὸν
3383 750 3537 817 ἥξει.

2211 850 2487 921 Δυσχερὴς
2531 848 2629 919 μὲν
2669 846 2788 900 λίαν
2830 845 2924 899 καί⁹
2972 844 3339 905 δυσκάτοπτος
3390 845 3452 897 ού
3489 843 3725 915 μετρίως

2139 941 2249 996 τῶν
2287 940 2666 1013 προκειμένων
2715 940 2744 991 ὁ
2788 938 2931 1002 νοῦς.
2967 939 3078 991 Καὶ
3121 937 3259 1008 αὐτὴ
3304 937 3361 990 δὲ
3396 936 3532 1007 πρὸς
3567 937 3726 991 τοῦτο

2140 1035 2240 1103 τῆς
2261 1033 2508 1103 λέξεωςή
2544 1030 2807 1102 συνθήκη.
2845 1029 2990 1100 Πλὴν
3015 1030 3090 1092 ώς
3118 1030 3196 1083 ἔνι
3219 1030 3446 1084 διειπεῖν
3466 1030 3724 1101 πειράσο-

2144 1142 2263 1195 μαι.
2309 1124 2550 1176 Ποιεῖται
2594 1120 2774 1173 τοίνυν
2812 1120 2887 1182 ώς
2914 1118 3023 1173 ἀπὸ
3046 1118 3146 1188 τῆς
3183 1118 3292 1173 τῶν
3319 1117 3581 1188 γεωργῶν
3608 1119 3727 1170 ὲπι-

2144 1218 2356 1287 στήμης
2379 1216 2471 1269 τὸν
2506 1214 2681 1282 λόγον.
2713 1211 2874 1275 Ἔθος
2898 1210 3006 1283 γάρ
3040 1210 3292 1274 ἐκείνοις,
3322 1211 3454 1265 ὅταν
3478 1209 3581 1280 τῆς
3612 1209 3725 1280 ἀμ-

2142 1308 2306 1362 πέλου
2347 1307 2533 1360 λοιπὸν
2575 1304 2975 1376 έξανθήσαντας
3008 1304 3133 1366 τοὺς
3178 1302 3373 1373 βότρυς
3402 1301 3723 1367 Θεάσωνται,

2141 1400 2235 1453 καὶ
2268 1399 2369 1471 ἥδη
2402 1415 2517 1460 πως
2546 1396 2606 1448 τὸ
2634 1396 2740 1448 τῶν
2772 1394 3035 1464 ὀμφάκων
3070 1392 3289 1463 ἔχοντας
3312 1389 3469 1455 εἶδος,
3498 1391 3724 1446 ἀποκεί-

2143 1508 2259 1562 ρειν
2286 1491 2382 1558 μὲν
2402 1490 2499 1553 τὰς
2533 1488 2792 1559 περιττὰς
2820 1485 3175 1557 κληματίδας,
3208 1485 3302 1538 καὶ
3326 1484 3393 1537 τά
3424 1482 3595 1555 μικρά
3616 1482 3726 1535 τῶν

2143 1583 2437 1655 βοτρυδίων
2466 1580 2738 1653 περιττῶς
2777 1581 2892 1640 τοῖς
2932 1577 3141 1648 μείζοσι
3172 1576 3572 1647 παρηρτημένα
3604 1578 3727 1639 ταῖς

2140 1675 2436 1746 δρεπάναις
2465 1671 2814 1741 ἀποτέμνειν,
2851 1670 2937 1721 ἶνα
2962 1669 3055 1721 καὶ
3077 1669 3497 1740 τροφιμωτάτην
3523 1668 3724 1738 ἰκμάδα

2141 1766 2419 1835 δεχόμενοι
2466 1763 2579 1816 τῶν
2634 1760 2874 1832 βοτρύων
2915 1761 2965 1813 οἰ
3018 1761 3233 1830 μείζους
3287 1759 3725 1830 τελεσφορεῶθαι

2074 1831 2112 1884 Β
2140 1856 2407 1908 δύναιντο.
2437 1853 2691 1906 Τοιοῦτον
2727 1870 2781 1905 τι
2820 1850 3160 1921 πεπραχέναι
3192 1851 3353 1921 φησὶν
3391 1853 3420 1904 ὁ
3454 1848 3562 1903 τῶν
3591 1849 3727 1902 ὅλων

2141 1948 2292 2011 Θεὸς,
2329 1947 2362 2017 ἢ
2407 1946 2497 2000 ὲπί
2542 1963 2606 2014 γε
2646 1946 2758 2008 τοῖς
2795 1943 3117 2012 Ἀσσυρίοις,
3154 1943 3317 2012 ἦγουν
3360 1942 3453 1994 καί
3497 1941 3590 1993 ἐπὶ
3615 1942 3727 2003 τοῖς

2140 2041 2480 2111 Αἰγυπτίοις*
2510 2040 2573 2092 οῦ
2600 2040 2709 2110 γάρ
2726 2056 2810 2091 τοι
2842 2037 2960 2091 λίαν
2982 2034 3215 2105 ἐναργὴς
3241 2034 3457 2102 ὁλόγος,
3489 2033 3630 2086 κατὰ
3648 2032 3728 2083 τί-

2143 2150 2247 2186 νων
2272 2131 2337 2184 ἂν
2371 2132 2440 2183 ἴοι
2463 2130 2557 2183 καὶ
2586 2130 2802 2200 φέροιτο
2835 2127 3302 2199 πρεπωδέστερον.
3328 2124 3512 2194 Φαμὲν
3531 2123 3615 2195 δὴ,
3644 2124 3726 2176 ὅτι

2143 2223 2275 2286 εἴτις
2305 2221 2478 2275 ἕλοιτο
2518 2223 2656 2274 νοεῖν
2685 2220 2760 2284 ώς
2789 2220 3034 2291 ἄμπελον
3071 2218 3201 2289 μίαν
3239 2216 3339 2287 τὴν
3380 2216 3488 2269 τῶν
3519 2216 3727 2268 Ἀσσυ-

2144 2315 2276 2386 ρίων
2323 2313 2555 2384 πληθὺν,
2589 2311 2687 2383 τὴν
2731 2312 3173 2383 πολιορκήσασαν
3218 2310 3316 2377 τὴν
3353 2309 3514 2376 ἁγίαν
3549 2307 3726 2371 πόλιν,

2144 2408 2449 2477 εὑρήσομεν
2493 2406 2573 2459 ὅτι
2609 2407 2638 2458 ὁ
2686 2404 2859 2474 μέγας
2901 2406 2959 2457 ὲν
2998 2404 3133 2474 αὐτῇ
3180 2401 3469 2472 νοούμενος
3512 2399 3725 2471 βότρυς,

2142 2499 2287 2551 τοῦτ’
2314 2498 2479 2563 ἐστιν,
2510 2498 2538 2549 ὁ
2568 2500 2679 2560 τοῖς
2701 2497 2799 2566 τῆς
2827 2495 3105 2565 βασιλείας
3136 2493 3321 2557 θάκοις
3348 2492 3728 2563 ὲκλελαμπρυ-

2146 2591 2362 2661 σμένος,
2404 2590 2462 2643 οὺ
2509 2588 2823 2641 συνδι6λωλε
2866 2590 2977 2649 τοῖς
3025 2586 3249 2657 ἑτέροις,
3288 2584 3423 2639 ἀλλά
3457 2583 3729 2637 σέσωσται

2151 2680 2248 2751 μὲν
2280 2679 2460 2743 αὐτὸς,
2492 2678 2888 2747 δεδαπάνηνται
2925 2675 3080 2737 δὲὼς
3115 2677 3171 2728 ὲν
3196 2675 3345 2739 τάξει
3380 2674 3486 2727 τῶν
3520 2672 3729 2744 μικρῶν

2148 2771 2388 2844 βοτρύων
2415 2771 2446 2841 ἠ
2476 2770 2636 2842 ὲτέρα
2660 2767 2888 2838 πληθὺς,
2918 2766 3012 2819 καὶ
3035 2760 3143 2819 οἷον
3170 2765 3279 2819 τῶν
3311 2766 3580 2837 περιττῶν
3606 2765 3727 2835 κλη-

2150 2866 2338 2936 μάτων
2374 2864 2530 2933 δίκην
2568 2861 2818 2931 καθάπερ
2848 2860 2952 2913 τινὶ
2982 2858 3223 2929 δρεπάνῃ
3260 2857 3600 2928 περιέκειρεν
3632 2857 3728 2909 αύ-

2147 2958 2272 3020 τους
2310 2958 2344 3026 ή
2384 2953 2673 3025 τομωτάτη
2714 2953 2957 3023 μάχαιρα
2996 2950 3089 3003 τοῦ
3129 2950 3356 3021 Κυρίου.
3400 2946 3728 3001 Πεπτώκασι

2147 3048 2279 3119 γὰρ,
2305 3048 2382 3110 ὡς
2404 3046 2561 3117 ἔφην,
2594 3044 2827 3112 ἀγγέλου
2856 3042 3002 3115 χειρί
3025 3041 3427 3111 δαπανώμενοι,
3454 3040 3548 3094 καὶ
3574 3038 3729 3107 γεγό-

469 3136 1121 3206 telliges-Assyrios,dum
1150 3150 1268 3191 eam
1302 3136 1536 3205 populati
1582 3148 1728 3203 sunt,
1755 3153 1859 3193 n0n
1916 3140 2040 3193 stir-

2148 3155 2299 3192 νασιν
2318 3138 2500 3190 αὐτῶν
2549 3136 2620 3189 τὰ
2668 3133 2936 3206 πτώματα
2975 3134 3155 3205 τρυφὴ
3211 3136 3324 3197 τοῖς
3374 3132 3582 3203 θηρίοις
3634 3129 3728 3183 τοῦ

464 3231 614 3297 pilus
636 3244 872 3294 onmem,
909 3246 1012 3283 non
1047 3228 1281 3283 funditus
1309 3230 1663 3284 internecioni
1688 3231 1918 3291 dedisse,
1950 3233 2040 3285 sed

2144 3230 2337 3301 ἀγροῦ,
2372 3231 2467 3283 καὶ
2506 3232 2615 3292 τοῖς
2655 3229 2920 3290 πετεινοῖς
2946 3226 3039 3281 τοῦ
3069 3224 3320 3298 οὐρανοῦ.
3353 3226 3416 3277 Εἰ
3449 3224 3507 3277 δὲ
3539 3223 3601 3293 δή
3641 3239 3726 3284 τις

469 3321 743 3377 domicilia
782 3322 1055 3375 ltincinde
1078 3322 1331 3391 sparsim,
1377 3330 1432 3375 et
1462 3324 1610 3375 vicos
1659 3323 1804 3376 velut
1852 3339 2040 3390 parvos

2149 3322 2391 3393 βούλοιτο
2419 3322 2513 3373 καί
2542 3321 2635 3373 ἐπὶ
2665 3322 2777 3381 τοῖς
2799 3317 3119 3386 Αἰγυπτίοις
3146 3315 3396 3387 εἰρῆσθαι
3422 3314 3600 3382 λέγειν
3631 3312 3726 3365 αὺ-

466 3418 771 3469 racemulos
810 3414 987 3483 gladio
1014 3414 1369 3483 percussisse,
1400 3415 1466 3466 ad
1520 3415 1609 3468 Dei
1668 3414 2042 3470 misericordis

468 3504 573 3557 iras
592 3503 758 3573 280
785 3521 843 3559 se
865 3512 1307 3571 attemperantes,
1337 3504 1427 3573 qni
1455 3506 1687 3573 castigat
1711 3507 1926 3574 quidem
1957 3506 2042 3561 ol-

468 3594 765 3659 lensantes,
796 3610 937 3664 διξερε
968 3606 1143 3650 tamen
1176 3611 1364 3663 poenas
1394 3597 1687 3665 abrumpit,
1722 3612 1819 3652 nec
1878 3613 2035 3665 pror-

465 3702 558 3742 sus
596 3688 981 3742 interircsinit
1015 3702 1108 3740 eos
1131 3689 1219 3756 qui
1249 3688 1603 3756 castigantur.

2146 3413 2236 3477 τὰ,
2275 3413 2529 3482 συνήσεις
2576 3412 2657 3464 ὅτι
2700 3409 3098 3482 καταδῃοῦντες
3144 3408 3314 3477 αὐτὴν
3342 3408 3391 3459 οἰ
3429 3405 3727 3473 Ἀσσύριοι,

2144 3507 2244 3558 οὐκ
2265 3505 2434 3573 ἄρδην
2468 3504 2707 3566 ἅπασαν,
2740 3501 2863 3555 οὔτε
2895 3502 3000 3573 μὴν
3032 3499 3331 3572 ὁλοσχερῶς
3351 3498 3580 3557 ἀνεῖλον.
3611 3496 3727 3551 ἀλλ’

2139 3597 2249 3653 οἷον
2282 3599 2495 3669 μικροῖς
2519 3596 2815 3667 βοτρυδίοις
2833 3597 2951 3657 ταῖς
2969 3592 3109 3647 κατά
3137 3592 3331 3655 τόπους
3356 3588 3727 3660 συνοικ[ε]ίαις

2147 3689 2179 3759 ἢ
2221 3688 2437 3759 κώμαις
2475 3686 2802 3757 ἐπαφιέντες
2841 3685 2938 3756 τὴν
2982 3685 3275 3757 μάχαιραν,
3319 3683 3727 3754 συνεμέτρησαν

464 3784 590 3846 τοὺς
631 3783 837 3854 θυμοὺς
878 3783 973 3836 τοῦ
1005 3783 1469 3855 φιλοικτείρμονος
1511 3784 1668 3848 θεοῦ,
1735 3784 2081 3849 παιδεύοντος
2146 3785 2242 3855 μὲν
2286 3784 2413 3847 τοὺς
2456 3780 2915 3854 προσκρούοντας,
2947 3780 3294 3842 κολοϐοῦντος
3323 3778 3381 3831 δὲ
3410 3777 3728 3838 πλειστάκις

464 3873 565 3935 τὰς
592 3873 769 3936 δίκας.
795 3874 888 3926 καὶ
917 3873 1017 3925 οὐκ
1050 3874 1130 3935 εἰς
1155 3873 1299 3926 ἆπαν
1332 3874 1529 3938 ἐῶντος
1560 3875 1895 3929 ἀπόλλυσθαι
1926 3878 2053 3938 τοὺς
2094 3875 2540 3945 παιδευομένους.

543 3966 700 4019 Vsus.
735 3965 786 4016 7.
824 3964 886 4017 ln
940 3975 1166 4034 tempore
1203 3967 1296 4018 illo
1321 3968 1647 4020 adducentur
1672 3985 1889 4023 munera
1928 3968 2033 4022 Do-

467 4061 609 4111 mino
645 4056 875 4110 Sabaoth
898 4074 928 4108 α
959 4058 1149 4124 populo
1176 4058 1361 4127 afﬂicto
1393 4070 1439 4109 et
1475 4059 1676 4124 avulso,
1710 4071 1757 4112 et
1786 4078 1815 4111 a
1850 4060 2039 4126 populo

464 4166 675 4217 magno,
701 4150 940 4216 deinceps
974 4160 1021 4201 et
1077 4151 1129 4202 in
1176 4152 1538 4204 wlernitatcm.
1573 4148 1709 4204 Gem
1746 4169 1958 4219 sperans
1989 4161 2037 4204 et

464 4237 792 4298 conculcata,
837 4253 954 4306 qme
983 4241 1137 4289 estin
1174 4248 1322 4304 parte
1363 4240 1513 4308 ﬂuvii
1536 4241 1761 4308 regionis
1812 4242 1947 4309 ejus,
1984 4242 2035 4295 in

465 4329 579 4381 loco
602 4328 687 4381 ubi
716 4345 901 4382 nomen
922 4328 1133 4384 Domini
1166 4329 1400 4385 Sabaoth
1438 4335 1730 4387 invocatum
1773 4346 1847 4388 est
1889 4351 2039 4389 mons

467 4418 622 4475 Sion.

532 4600 668 4653 Cum
698 4612 760 4654 ea
798 4614 916 4669 quae
946 4600 999 4654 in
1029 4600 1168 4655 bello
1216 4612 1477 4655 eventura
1511 4612 1669 4655 erant
1707 4602 1835 4655 olim
1869 4601 2041 4674 IEgy-

462 4694 577 4763 ptio
621 4692 817 4761 populo
879 4691 1240 4762 pulcherrime
1284 4693 1654 4757 edisseruerit,
1712 4693 2041 4746 mentionem

463 4782 593 4836 facit.
630 4783 888 4852 deinceps
910 4784 1072 4836 etiam
1107 4782 1483 4836 conversionis
1510 4783 1575 4834 ad
1608 4780 1798 4843 Deum,
1817 4790 1873 4837 et
1899 4782 2041 4851 quod

462 4875 688 4942 pristina
744 4874 944 4928 erroris
976 4873 1208 4944 caligine
1255 4876 1324 4927 ab
1348 4873 1519 4928 oculis
1564 4873 1730 4927 animi
1771 4874 2039 4943 ablegata.

460 4978 514 5020 et
536 4965 856 5020 idololatriae
891 4968 1006 5019 vale
1039 4966 1204 5029 dicto,
1250 4965 1318 5019 ad
1375 4965 1600 5019 meliora
1635 4979 1693 5018 se
1737 4964 2039 5028 conferent,

460 5068 514 5109 et
546 5067 740 5111 natura
775 5066 830 5110 et
885 5072 1013 5111 vere
1057 5056 1225 5109 Deum
1264 5067 1320 5110 et
1366 5056 1734 5111 universitatis
1791 5056 2041 5125 opilicem

464 5148 752 5202 Dominum
786 5156 1097 5217 agnoscent,
1131 5158 1184 5200 et
1207 5148 1537 5201 divertentes
1569 5149 1712 5201 velut
1751 5149 1815 5200 ad
1850 5162 2042 5201 novant

463 5240 774 5307 quampiam
808 5249 861 5293 et
883 5240 1136 5293 selectam
1169 5240 1354 5303 vitam,
1402 5238 1804 5294 l'ructilicabunt
1850 5239 1957 5295 Deo
1988 5238 2040 5291 in

464 5326 550 5382 his
600 5328 796 5396 quibus
822 5345 941 5383 esse
981 5340 1207 5398 possunt
1255 5331 1484 5397 accepti,
1509 5338 1563 5382 et
1586 5331 1836 5383 omnibus
1868 5333 2040 5384 abun-

465 5420 656 5474 dantes
690 5418 957 5485 laudibus,
988 5435 1042 5476 et
1069 5422 1223 5491 quasi
1253 5436 1471 5473 munera
1500 5422 1771 5475 adducent
1809 5423 1860 5475 in
1907 5425 2042 5477 odo-

468 5525 580 5563 rem
613 5512 898 5566 suavitatis
927 5515 1053 5579 Deo,
1081 5517 1260 5578 tidem,
1280 5529 1453 5583 spem,
1485 5515 1830 5569 cltaritatem.
1896 5513 2039 5568 Alli:-

467 5611 611 5655 ctum
631 5613 808 5658 autem
838 5608 1077 5659 nominat
1099 5622 1220 5660 eum
1246 5607 1520 5676 populum,
1539 5608 1735 5675 quippe
1760 5607 1901 5675 quod
1922 5608 2040 5676 plu-

470 5694 635 5748 rimas
672 5696 974 5750 SuStincant
1032 5698 1388 5763 calamitates,
1442 5709 1497 5751 et
1548 5700 1744 5753 divina:
1783 5700 1876 5753 ira:
1934 5701 2041 5755 vim

470 5785 720 5840 subeant.
750 5786 825 5840 Ad
855 5785 988 5852 lucc,
1013 5789 1256 5843 evulsum
1282 5789 1411 5843 dicit
1442 5803 1456 5839 :
1484 5788 1732 5845 fortassis
1756 5790 2039 5847 transitum

2230 3969 2331 4020 Ἐν
2396 3966 2478 4032 τῷ
2534 3964 2716 4032 καιρῷ
2769 3965 2976 4027 ἐκείνῳ
3043 3962 3516 4031 ἀνενεχθήσεται
3571 3959 3727 4030 δῶρα

2146 4058 2339 4125 Κυρίῳ
2408 4056 2650 4111 Saliade
2693 4058 2763 4110 ἐκ
2829 4055 2982 4110 λαοῦ
3053 4055 3397 4123 τετιλμένου
3467 4055 3565 4107 καὶ
3638 4061 3727 4108 τέ·

2146 4149 2489 4219 θλιμμένου,
2531 4150 2631 4203 καί
2672 4150 2788 4203 ἀπὸ
2840 4148 2994 4202 λαοῦ
3030 4147 3298 4218 μεγάλου
3325 4148 3443 4200 ἀπὸ
3478 4145 3582 4200 τοῦ
3615 4146 3727 4199 νῦν

2146 4240 2247 4292 καὶ
2298 4242 2386 4305 εἰς
2436 4239 2543 4293 τὸν
2582 4239 2765 4292 αἰῶνα
2808 4241 3048 4308 χρόνον.
3095 4241 3305 4304 Ἐθνος
3347 4236 3588 4297 ἐλπίζον
3631 4237 3726 4289 καί

2145 4331 2736 4399 καταπεπατημένον,
2780 4331 2812 4383 ὅ
2844 4332 3013 4385 ἐστιν
3043 4331 3113 4383 ἐν
3132 4330 3295 4398 μέρει
3323 4330 3589 4398 ποταμοῦ
3619 4328 3725 4397 τῆς

2070 4456 2118 4512 D
2149 4423 2344 4491 χώρας
2374 4423 2584 4486 αὑτοῦ,
2627 4426 2713 4490 εἰς
2744 4424 2850 4476 τὸν
2877 4425 3064 4477 τόπον
3090 4418 3163 4477 οὗ
3200 4421 3265 4475 τὸ
3293 4421 3480 4491 ὄνομα
3505 4422 3725 4489 Κυρίου

2145 4513 2387 4569 Σαϐαὼθ
2409 4514 2711 4582 ἐπεκλήθη
2740 4515 2802 4568 τὸ
2833 4515 2973 4582 ὄρος
3014 4514 3184 4568 Σιών.

2214 4605 2296 4658 Τά
2324 4608 2381 4658 ἐν
2410 4606 2486 4677 τῷ
2518 4605 2740 4676 πολέμῳ
2772 4606 3165 4675 συμὸησόμενα
3198 4603 3337 4657 κατά
3365 4604 3589 4673 καιροὺς
3615 4605 3724 4665 τοῖς

2145 4698 2457 4765 Αἰγυπτίων
2491 4699 2683 4768 δήμοις
2731 4694 2789 4750 εὖ
2833 4699 2973 4767 μάλα
3003 4696 3316 4768 διειρηκὼς,
3365 4696 3725 4766 διαμέμνηται

2142 4792 2234 4842 καὶ
2268 4790 2368 4860 τῆς
2401 4791 2537 4861 μετὰ
2567 4790 2723 4843 τοῦτο
2771 4791 2906 4862 πρὸς
2948 4790 3079 4843 Θεὸν
3120 4789 3476 4858 ἐπιστροφῆς,
3526 4789 3617 4840 καί
3647 4789 3726 4841 ὃτι

2143 4881 2243 4953 τὴν
2275 4882 2507 4951 ἀρχαίαν
2533 4882 2629 4951 τῆς
2653 4881 2868 4951 ἀπάτης
2901 4882 3086 4950 ἀχλὺν,
3108 4881 3215 4933 τῶν
3243 4880 3347 4949 τῆς
3369 4880 3604 4942 διανοίας
3630 4880 3726 4947 ὀμ-

2144 4974 2331 5043 μάτων
2387 4974 2864 5044 ἀποπεμψάμενοι,
2911 4975 3004 5027 καὶ
3052 4975 3172 5036 ταῖς
3216 4974 3324 5027 τῶν
3366 4973 3597 5026 εἰδώλων
3634 4972 3726 5023 λα-

2140 5064 2351 5135 τρείαις
2402 5065 2679 5136 ἐρρῶσθαι
2732 5067 3058 5135 φράσαντες,
3116 5065 3421 5135 βαδιοῦνται
3476 5065 3612 5134 πρὸς
3658 5062 3726 5115 τὰ

2141 5155 2348 5225 ἀμείνω
2371 5171 2386 5186 ο
2418 5158 2512 5209 καὶ
2552 5156 2641 5208 τὸν
2676 5156 2773 5226 μὲν
2812 5154 2970 5223 φύσει
3016 5157 3109 5208 καί
3153 5155 3367 5225 ἀληθῶς
3411 5154 3539 5208 ὄντα
3572 5153 3723 5217 Θεὸν,

2142 5246 2237 5300 καὶ
2275 5248 2384 5300 τῶν
2423 5249 2560 5301 ὅλων
2588 5249 2929 5319 Δημιουργδν
2960 5249 3053 5301 καί
3076 5247 3276 5318 Κύριον
3307 5247 3723 5315 ὲπιγνώσονται,

2146 5339 2710 5410 μεταστοιχειούμενοι
2760 5340 2817 5391 δὲ
2872 5340 3060 5410 ὥσπερ
3113 5339 3247 5409 πρὸς
3294 5337 3420 5392 νέαν
3468 5338 3588 5391 τινά
3632 5338 3725 5388 καὶ

2144 5430 2441 5482 ἁπόλεκτον
2478 5430 2644 5501 ζωὴν,
2682 5430 3094 5501 καρποφοροῦσι
3142 5429 3219 5500 τῷ
3265 5429 3384 5500 Θεῷ
3425 5430 3493 5483 τά
3526 5429 3609 5496 ἐφ’
3644 5424 3725 5490 οἷς

2141 5520 2207 5575 ἂν
2245 5517 2353 5575 εἶεν
2385 5522 2663 5593 εὐδόκιμοι
2711 5524 2805 5576 καὶ
2846 5524 3045 5586 παντὸς
3094 5522 3318 5575 ἐπαίνου
3376 5522 3584 5592 μεστοὶ,
3624 5521 3721 5573 καὶ

2140 5608 2251 5667 οἷον
2293 5614 2441 5686 δῶρα
2486 5615 2877 5686 προσ-κομιοῦσι
2922 5614 2989 5668 τὰ
3034 5615 3115 5678 εἰς
3156 5614 3331 5685 ὀσμὴν
3376 5612 3604 5675 εὐωδίας
3642 5611 3722 5682 τῷ

2142 5702 2282 5774 Θεῷ,
2306 5705 2405 5774 τὴν
2427 5705 2626 5770 πίστιν,
2658 5705 2756 5775 τὴν
2779 5703 2987 5769 ἐλπίδα,
3019 5705 3119 5774 τὴν
3148 5705 3387 5774 ἀγάπην.
3417 5701 3723 5771 Τεθλιμμέ-

2145 5813 2234 5851 νον
2266 5796 2321 5849 δὲ
2352 5796 2513 5849 αὐτὸν
2543 5797 2797 5867 ὀνομάζει
2826 5795 2974 5864 λαὸν,
3006 5796 3175 5851 διάτοι
3209 5796 3269 5849 τὸ
3295 5796 3555 5865 πλείστην
3588 5795 3720 5866 ὅσην
