4148 6378
393 366 497 423 439

1486 355 1554 411 ΙΝ
1591 355 1826 412 ISAIAM
1868 356 1995 413 LIB.
2033 354 2098 413 ll.
2137 354 2375 414 TOMUS
2407 357 2496 413 IV.

3559 362 3667 418 450

396 484 688 553 ὑπομεῖναι
719 478 1096 552 ταλαιπωρίαν
1139 480 1207 533 τὰ
1237 478 1302 532 ἐκ
1333 477 1431 549 τῆς
1462 477 1613 542 θείας
1644 478 1815 549 ὀργῆς
1842 478 1977 531 ὑπο-

2089 494 2270 534 eornm
2303 481 2369 534 ad
2401 481 2619 536 meliora
2646 480 2768 537 inde
2796 480 3104 552 designans.
3134 478 3320 535 Planta
3365 481 3507 535 enim
3536 483 3668 534 vivi-

397 579 678 650 μείναντα.
708 576 819 630 Καὶ
857 575 996 646 πρός
1032 590 1096 642 γε
1131 571 1306 642 τούτῳ
1346 570 1440 624 κα)⁸
1476 569 1808 641 τετιλμένονο
1839 570 1980 640 τάχα

395 688 497 723 που
529 669 628 739 τὴν
668 669 748 731 είς
772 667 840 720 τὰ
867 665 1075 737 ἀμείνω
1110 665 1441 735 μετάστασιν
1466 662 1646 715 αὐτῶν
1676 662 1764 715 διὰ
1790 661 1979 715 τούτου

393 759 590 831 δηλῶν.
636 759 712 812 Τδ
764 759 873 828 γάρ
912 774 995 810 τοι
1030 755 1196 825 φυτὸν
1233 753 1719 825 μεταμοσχεύεται,
1762 754 1856 807 καὶ
1889 753 1980 824 βό-

396 853 527 925 θρου
572 850 667 905 τοῦ
707 852 766 903 ἐν
814 848 961 919 αὐτῷ
1002 847 1447 918 ἀποτετιλμένου,
1497 848 1807 918 μεταχωρεῖ
1847 847 1982 917 πρὸς

392 947 600 1017 ἕτερον·
636 943 910 1015 γεωργίας
936 942 992 995 δὲ
1020 943 1120 1011 τῆς
1149 941 1377 1011 ἀρίστης
1406 934 1560 1004 οὗτος
1591 942 1619 993 ὁ
1645 939 1841 1011 τρόπος
1868 943 1982 1003 τοῖς

395 1037 615 1091 εἰωθόσι
652 1037 933 1105 γηπονεϊν.
973 1032 1129 1087 Οὕτω
1159 1034 1253 1085 καὶ
1283 1033 1392 1085 τῶν
1422 1033 1479 1085 ἐν
1518 1032 1746 1095 πλάναις
1775 1034 1803 1085 ό
1835 1030 1978 1096 νοῦς,

400 1127 880 1201 μεταϐοθρεύεται,
904 1125 1105 1197 τρόπον
1132 1125 1275 1185 τινὰ,
1310 1127 1408 1195 τῆς
1441 1126 1538 1194 μὲν
1568 1124 1801 1195 ἀρχαίας
1834 1123 1981 1177 ἀπά-

395 1238 497 1291 της
543 1215 653 1274 οἷον
690 1217 1089 1287 ἐκτετιλμένος,
1133 1216 1492 1287 ἐμφυτευθεὶς
1518 1216 1577 1269 δέ
1626 1215 1763 1287 πρὸς
1790 1214 1981 1286 ἐτέρας

397 1313 624 1377 ἐννοίας,
657 1311 753 1364 καὶ
791 1310 928 1381 πρός
950 1326 1014 1378 γε
1042 1308 1218 1378 τούτῳ
1249 1308 1487 1371 σπουδάς
1526 1308 1621 1362 καὶ
1656 1308 1857 1377 γνῶσιν
1882 1307 1981 1379 τὴν

397 1403 763 1476 προῦχουσαν,
798 1401 997 1472 μᾶλλον
1020 1400 1078 1453 δέ
1113 1402 1206 1454 καὶ
1237 1401 1585 1473 ἁσυγκρίτως
1620 1402 1720 1472 τῆς
1748 1401 1982 1473 ἀρχαίας

396 1498 457 1549 ἐν
478 1495 778 1565 ἀμείνοσιν.
807 1493 1263 1564 Καρποφορήσειν
1293 1492 1349 1545 δὲ
1376 1493 1572 1556 αὐτοὺς
1600 1494 1679 1556 είς
1698 1492 1791 1546 τὸν
1812 1493 1982 1545 αίῶνα

397 1586 607 1657 χρόνον,
671 1583 816 1636 τοῦτ’
864 1582 999 1645 ἐστι,
1055 1582 1338 1653 διηνεκῶς,
1394 1582 1455 1635 οὐ
1513 1581 1778 1651 διακοπῆς
1838 1599 1981 1646 τινος

403 1675 985 1750 μεταξυμόησομένης,
1036 1676 1123 1728 ἀεὶ
1166 1673 1221 1727 δέ
1261 1674 1461 1741 μᾶλλον
1497 1673 1592 1726 καὶ
1638 1674 1796 1745 μέχρι
1848 1691 1983 1728 παν-

398 1771 509 1833 τός.
541 1770 830 1840 Τοιγάρτοι
867 1767 963 1820 καὶ
1001 1767 1173 1837 μέγαν
1204 1766 1368 1819 αὑτὸν
1390 1767 1650 1837 ὀνομάζει
1684 1766 1828 1820 λαόψ
1864 1767 1894 1837 ἢ
1921 1768 1982 1819 τὸ

402 1861 670 1931 πολύχουν
703 1858 868 1913 αὑτοῦ
897 1859 985 1912 διὰ
1014 1859 1205 1911 τούτου
1244 1858 1547 1929 σημαίνων.
1584 1858 1615 1929 ἢ
1648 1859 1728 1911 ὅτι
1761 1858 1982 1927 γέγονεν

397 1948 681 2019 εὐδόκιμος
714 1946 1046 2017 κεκλημένος
1076 1947 1164 2001 διὰ
1198 1947 1436 2011 πίστεως
1473 1947 1575 2017 τῆς
1607 1950 1686 2011 είς
1724 1948 1980 2019 Χριστόν.

399 2040 464 2091 Οἱ
494 2038 601 2109 γὰρ
632 2038 755 2100 τοὺς
783 2038 975 2102 ἄλλους
1006 2038 1249 2102 ἅπαντας
1275 2038 1532 2101 νικῶντές
1568 2056 1700 2091 ποτε
1749 2039 1886 2110 πρὸς
1914 2038 1984 2092 τὰ

399 2130 499 2198 τῆς
555 2128 997 2201 εἰδωλολατρείας
1049 2129 1388 2199 ἐγκλήματα,
1451 2130 1546 2182 νῦν
1596 2133 1735 2183 εἰσιν
1774 2131 1984 2186 πολλῶν

401 2222 654 2291 ἀμείνους
685 2223 779 2275 καί¹
820 2221 1194 2293 συνετώτεροι,
1231 2223 1323 2275 καὶ
1366 2224 1740 2294 ἀκμαιοτάτην
1769 2224 1985 2295 ἔχοντες

399 2314 497 2384 τὴν
530 2317 606 2377 εἰς
634 2315 867 2383 Χριστὸν
896 2314 1137 2385 ἀγάπην,
1169 2315 1258 2368 καὶ
1292 2316 1389 2385 τὴν
1412 2318 1491 2377 είς
1527 2317 1633 2369 πᾶν
1664 2315 1842 2371 ὁτιοῦν
1876 2317 1985 2371 τῶν

400 2406 622 2475 ἀγαθῶν
670 2406 979 2477 εὐτολμίαν.
1024 2399 1101 2459 0³5
1139 2406 1247 2477 γὰρ
1283 2408 1606 2461 ἐπλεόνασεν
1648 2410 1681 2481 ἡ
1720 2410 1983 2482 ἁμαρτία,

402 2497 587 2567 φησιν,
607 2496 1219 2571 ὑπερεπερι[ἐ]σσευσεν
1253 2500 1485 2571 ἠχαρις.
1519 2500 1626 2554 Ποῦ
1644 2503 1821 2557 τοίνυν
1853 2522 1988 2575 καρ-

402 2592 839 2660 ποφορήσουσιν;
866 2589 959 2653 Είς
988 2588 1077 2643 τὸν
1096 2590 1278 2656 τόπον,
1307 2592 1492 2662 φησιν,
1520 2589 1581 2648 οὗ
1600 2594 1660 2647 τὸ
1686 2595 1854 2667 ὄνομα
1882 2598 1987 2650 Κυ-

403 2682 521 2753 ρίου
549 2681 773 2735 Σαϐαὼθ
812 2682 1091 2754 ἐπεκλήθη
1138 2683 1269 2754 ὅρος
1318 2684 1475 2749 Σιὼν,
1511 2686 1657 2739 τοῦτ’
1693 2688 1874 2751 ἐστιν,
1906 2691 1987 2753 εἰς

401 2773 463 2824 τὸ
491 2772 614 2842 ὅρος
643 2772 703 2825 τὸ
734 2772 892 2836 Σιὼν,
933 2773 1062 2827 ἔνθα
1097 2775 1163 2829 ἂν
1201 2776 1520 2847 ἐπικληθείη
1569 2778 1630 2832 τὸ
1667 2778 1839 2850 ὄνομα
1873 2782 1989 2833 Κυ-

404 2865 521 2937 ρίου
550 2864 793 2918 Σαϐαώθ.
820 2867 1079 2937 Σημαίνει
1109 2869 1165 2922 δέ
1189 2869 1277 2924 διὰ
1298 2870 1488 2924 τούτου
1509 2874 1607 2942 τὴν
1635 2873 1985 2944 Ἐκκλησίαν,

403 2955 465 3006 τὸ
500 2955 643 3026 μέγα
675 2957 769 3010 καὶ
797 2959 988 3029 νοητὸν
1012 2960 1159 3031 ὅροςο
1193 2961 1471 3033 χθαμαλὸν
1504 2964 1611 3034 γάρ
1637 2965 1790 3019 οὐδὲν
1812 2967 1869 3018 ἐν
1893 2966 1989 3020 αὐ-

402 3049 491 3117 τῇ,
524 3048 638 3100 ἀλλ’
666 3049 786 3103 οὐδέ
815 3051 924 3104 τῶν
953 3053 1355 3123 πεπατημένων
1381 3054 1689 3124 δογμάτων,
1716 3056 1830 3109 ἀλλ’
1861 3058 1913 3110 εί
1935 3076 1988 3111 τι

2082 574 2295 629 radices
2318 574 2540 639 emittit,
2571 582 2627 627 et
2681 571 3034 625 fundamento
3081 586 3180 625 suo
3216 569 3425 631 evulsa,
3473 572 3669 627 transit

2080 668 2148 721 ad
2172 666 2425 721 alterum.
2465 664 2595 721 Hme
2621 663 2966 734 agriculturae
3003 665 3220 731 eptinne
3264 662 3473 733 species
3522 677 3672 732 qua-

2080 760 2204 812 dam
2236 767 2321 811 est
2360 757 2499 826 apud
2558 756 2867 828 agricolas:
2902 754 2981 810 sie
3014 755 3179 809 etiam
3226 754 3440 807 animus
3476 767 3667 807 eorum

2082 853 2245 922 quiin
2270 852 2548 907 erroribus
2583 859 2890 916 versantur,
2936 847 3370 919 transplantatur
3396 848 3668 915 quodam-

2082 946 2261 1009 modo,
2291 962 2320 997 a
2356 944 2524 998 veteri
2571 943 2882 998 seductione
2913 951 3166 1011 tanquam
3200 938 3473 1001 revulsus,
3509 946 3566 991 et
3613 936 3665 989 in

2083 1039 2247 1092 aliam
2275 1048 2510 1092 mentem
2542 1038 2609 1091 ad
2643 1036 2745 1089 alia
2780 1036 2959 1090 studia
3006 1034 3277 1102 aliamque
3299 1029 3663 1099 cognitionem

2083 1137 2453 1202 pra-stantem,
2506 1129 2616 1184 imo
2666 1128 2889 1197 antiqua
2942 1121 3438 1193 incomparabiliter
3479 1119 3668 1176 melio-

2086 1240 2219 1285 rem,
2250 1224 2494 1277 traducta
2524 1237 2588 1276 ac
2616 1221 2797 1275 insita.
2830 1220 2904 1274 Ut
2945 1218 3270 1274 fructilicent
3310 1216 3363 1270 in
3391 1214 3666 1269 aeternita-

2085 1328 2214 1379 tem,
2249 1317 2299 1370 id
2330 1328 2415 1371 est
2446 1315 2806 1377 continenter,
2854 1312 2998 1366 nulla
3056 1310 3469 1379 interruptione,
3511 1305 3661 1362 nulla

2086 1424 2297 1464 remora
2341 1406 2753 1468 interveniente,
2786 1405 2894 1458 imo
2928 1419 3055 1457 vero
3091 1417 3305 1469 semper
3332 1410 3385 1455 et
3409 1414 3581 1469 usque
3607 1400 3660 1452 iu

2082 1516 2296 1555 omnem
2325 1498 2760 1569 perj‘ietuitatem.
2798 1497 2975 1562 Quare
3004 1506 3060 1549 et
3103 1510 3353 1563 magmun
3409 1508 3531 1547 eum
3571 1506 3666 1559 po-

2086 1590 2268 1661 pulum
2311 1589 2575 1650 nominat,
2616 1586 2695 1639 vel
2746 1584 3130 1639 fecunditatem
3175 1584 3293 1651 ejus
3336 1582 3440 1635 late
3492 1580 3666 1634 fusam

2085 1683 2209 1736 inde
2235 1683 2475 1751 signans,
2509 1680 2591 1733 vel
2636 1679 2778 1746 quod
2830 1678 3086 1747 probatus
3114 1674 3408 1737 exstiterit,
3470 1688 3567 1741 per
3604 1671 3667 1724 li.

2085 1773 2208 1828 dem
2258 1789 2378 1841 quae
2410 1772 2572 1825 estin
2611 1769 2908 1835 Christum,
2941 1778 3186 1824 vocatus.
3225 1768 3323 1835 Qui
3354 1769 3497 1823 enim
3531 1767 3670 1821 alios

2082 1880 2276 1921 omnes
2333 1864 2654 1918 idololatria:
2704 1863 2907 1918 scelere
2947 1862 3075 1915 olim
3132 1870 3486 1930 superarunt,
3526 1875 3670 1914 nunc

2082 1957 2488 2027 prtestantiores
2510 1967 2638 2011 sunt
2663 1956 2844 2010 multis
2871 1964 2923 2009 et
2954 1954 3353 2024 prudentiores.
3409 1963 3464 2006 et
3496 1953 3671 2004 inten-

2082 2051 2297 2106 sissima
2355 2050 2406 2102 iu
2456 2049 2734 2104 Christum
2797 2048 3089 2108 charitatc,
3139 2054 3195 2097 et
3226 2045 3291 2098 ad
3320 2044 3499 2097 omnia
3528 2043 3667 2097 bona

2084 2142 2397 2197 fortitudine
2433 2156 2497 2194 ac
2537 2142 2756 2194 Iidentia
2799 2138 3027 2208 praediti.
3062 2136 3159 2191 L'bi
3200 2135 3345 2189 enim
3379 2133 3672 2188 abundavit

2085 2245 2396 2307 peceatum,
2436 2233 2596 2303 281
2629 2231 3083 2301 superabundavit
3106 2228 3278 2297 gratia
3306 2225 3372 2281 "9.
3407 2225 3508 2282 Ubi
3540 2240 3671 2293 ergo

2086 2330 2319 2383 fructum
2350 2326 2557 2382 ferent?
2588 2327 2643 2379 ln
2677 2326 2816 2389 loco,
2850 2321 3046 2391 inquit,
3086 2322 3173 2373 ubi
3229 2332 3423 2373 nomen
3454 2315 3667 2372 Domini

2086 2420 2327 2475 Sabaoth
2357 2419 2662 2473 invocatum
2705 2425 2789 2471 est
2821 2429 2976 2468 mons
3000 2413 3154 2475 Sion,
3185 2411 3235 2465 id
3266 2420 3374 2474 est,
3405 2409 3456 2463 in
3490 2417 3670 2462 monte

2087 2516 2245 2578 Sion,
2275 2515 2363 2569 ubi
2414 2515 2718 2569 invocatum
2765 2522 2847 2566 est
2894 2526 3086 2564 nomen
3148 2507 3360 2561 Domini
3408 2505 3666 2559 Sabaoth.

2093 2608 2243 2664 Unde
2286 2606 2563 2674 significat
2606 2603 2924 2664 Ecclesiatu,
2975 2618 3227 2671 magnum
3269 2611 3327 2657 et
3368 2598 3666 2671 spiritalem

2093 2709 2328 2753 montem
2366 2714 2380 2750 :
2414 2695 2547 2750 nihil
2582 2694 2726 2750 enim
2760 2694 2815 2747 in
2840 2710 2900 2746 ea
2928 2693 3152 2759 humile,
3179 2707 3283 2747 non
3314 2691 3544 2761 protrita
3577 2698 3671 2744 aut

2088 2787 2325 2856 proiecta
2375 2787 2650 2853 dogmata,
2718 2785 2812 2837 sed
2856 2784 3118 2852 quidquid
3166 2791 3251 2837 est
3299 2795 3552 2851 magnum
3612 2787 3671 2833 et

2086 2879 2385 2943 excelsum,
2423 2892 2549 2931 vera
2610 2876 2818 2931 scilicet
2878 2876 2969 2930 Dei
3033 2875 3290 2944 cognitio,
3342 2882 3398 2927 et
3446 2871 3671 2925 illustris

2091 2969 2401 3025 Servatoris
2428 2968 2598 3022 nostri
2647 2967 3027 3038 mysteriorum
3057 2965 3366 3035 patefactio.
3403 2963 3533 3018 Sion
3574 2977 3672 3016 au—

2095 3074 2200 3118 tem
2246 3071 2481 3115 montem
2536 3060 2782 3114 nominat
2812 3072 3186 3128 saepenumero
3209 3055 3470 3109 divinitus
3504 3055 3672 3123 inspi-

406 3140 551 3235 μέγα
604 3142 717 3235 και
746 3141 969 3235 ὑψηλὸν,
1014 3146 1046 3213 ἡ
1099 3145 1226 3215 περὶ
1261 3145 1397 3199 Θεοῦ
1436 3146 1530 3199 τοῦ
1580 3149 1700 3200 κατ’
1729 3146 1987 3219 ἀλήθειαν

2095 3163 2210 3209 rata
2236 3152 2541 3220 Scriptura,
2597 3150 2895 3206 Ecclesiam
2941 3149 3169 3212 Christi,
3224 3148 3370 3203 velut
3417 3162 3445 3200 a
3498 3146 3670 3217 prima

405 3233 604 3300 γνῶσις
640 3234 903 3305 δηλονότι,
949 3236 982 3305 ἡ
1027 3235 1256 3306 δήλωσίς
1281 3255 1339 3290 τε
1370 3239 1464 3291 καὶ
1499 3239 1646 3310 μάλα
1680 3240 1855 3311 σαφὴς
1881 3242 1990 3295 τῶν

404 3324 501 3377 τοῦ
526 3326 773 3397 Σωτῆρος
796 3327 956 3397 ὴμῶν
983 3327 1319 3399 μυστηρίων.
1352 3328 1488 3383 Σιὼν
1510 3331 1565 3385 δέ
1587 3332 1713 3402 ὄρος
1735 3333 1992 3401 ὀνομάζει

408 3417 725 3481 πλειστάκις
773 3421 806 3490 ἡ
855 3420 1211 3486 θεόπνευστος
1264 3422 1302 3473 Γ
1307 3423 1454 3495 ραφὴ
1514 3424 1612 3496 τὴν
1664 3423 1994 3497 Ἐκκλησίαν

408 3510 666 3581 Χριστοῦ,
691 3512 766 3574 ὡς
799 3513 905 3567 ἀπό
938 3530 1001 3583 γε
1034 3514 1133 3584 τῆς
1164 3514 1389 3587 πρώτης
1416 3516 1757 3587 όνομάζουσα
1787 3519 1995 3589 νοητῶς

408 3602 511 3675 τὴν
535 3603 900 3677 ἀληθεστέραν
930 3607 1088 3670 Σιὼν,
1117 3607 1145 3661 ὃ
1169 3607 1316 3661 ἐστιν
1346 3608 1522 3679 ὑψηλὴ
1558 3610 1650 3662 καὶ
1690 3613 1996 3681 σκοπευτή-

416 3712 552 3766 ριον.
582 3697 987 3770 Προσέῤῥιπται
1022 3699 1077 3752 δέ
1113 3698 1200 3752 διὰ
1237 3699 1423 3767 μέσου·
1473 3700 1546 3753 Τὸ
1581 3700 1728 3765 ἔθνος
1776 3700 1995 3765 ἐλπίζον

411 3788 507 3841 καὶ
554 3789 1099 3859 καταπεπατημένον,
1149 3791 1176 3843 ὅ
1228 3792 1374 3843 ἐστιν
1428 3792 1486 3844 ἐν
1531 3793 1691 3863 μέρει
1746 3794 1994 3864 ποταμοῦ

412 3881 513 3951 τῆς
553 3880 735 3951 χώρας
774 3880 960 3934 αὑτοῦ.
1013 3882 1252 3951 Ἤρξατο
1298 3882 1409 3953 γὰρ
1463 3885 1495 3954 ἡ
1535 3884 1643 3937 τῶν
1680 3886 1995 3954 Αἰγυπτίων

412 3973 715 4043 ἐπιστροφὴ
767 3974 903 4043 πρὸς
963 3974 1094 4026 Θεὸν
1149 3974 1254 4028 ἀπό
1306 3993 1450 4037 τινος
1502 3978 1699 4047 μέρους
1745 3980 1844 4048 τῆς
1881 3977 1990 4048 χώ-

416 4082 517 4136 ρας
558 4066 819 4135 κειμένης
860 4065 1117 4119 ἐπέκεινα
1160 4069 1251 4119 τοῦ
1295 4068 1572 4139 ποταμοῦ·
1615 4070 1702 4122 ἵνα
1730 4073 1857 4141 νοῇς
1891 4072 1991 4142 τῆς

428 4157 940 4227 Ῥινοκορουρητῶν,
993 4160 1161 4229 ἤγουν
1202 4159 1310 4213 τῶν
1355 4161 1538 4213 αὐτόθι
1586 4162 1791 4216 πόλεων
1846 4164 1994 4234 μίαν.

413 4247 578 4316 Λέγει
600 4249 711 4320 γὰρ
753 4251 809 4300 ἐν
842 4252 951 4314 τοῖς
983 4253 1064 4320 ἐφ’
1096 4252 1243 4322 ἐξῆς,
1285 4254 1341 4304 ἐν
1374 4256 1438 4323 τῇ
1474 4254 1661 4324 ὁράσει
1694 4256 1792 4327 τῆς
1830 4258 1995 4325 Αίγύ-

416 4356 575 4391 πτου·
617 4340 693 4411 Τῇ
724 4340 905 4411 ἡμέρᾳ
928 4343 1109 4415 ἐκείνῃ
1132 4343 1284 4396 ἔσται
1313 4344 1694 4417 θυσιαστήριον
1713 4347 1789 4417 τῷ
1812 4349 1999 4419 Κυρίῳ

415 4433 474 4483 ἐν
510 4433 664 4501 χώρᾳ
707 4431 1038 4499 Αἰγυπτίων,
1080 4433 1174 4485 καὶ
1211 4434 1377 4505 στήλη
1420 4435 1557 4506 πρὸς
1596 4436 1657 4488 τὸ
1704 4439 1850 4507 ὅριον
1896 4440 1989 4491 αὖ·

2097 3248 2383 3299 nominaus
2445 3244 2804 3313 spiritualiter
2861 3243 3125 3295 veriorem
3178 3241 3346 3305 Sion,
3406 3241 3547 3309 quod
3589 3249 3671 3293 est

2094 3337 2305 3391 excelsa
2338 3347 2393 3390 et
2426 3336 2664 3406 Specula.
2712 3333 3058 3402 luterjectuiu
3084 3342 3166 3387 est
3194 3332 3385 3387 deinde
3413 3332 3464 3385 in
3497 3330 3673 3385 medio

2097 3429 2223 3482 illud
2255 3444 2267 3479 :
2314 3427 2460 3483 Gens
2488 3442 2711 3495 sperans
2740 3434 2794 3479 et
2812 3424 3148 3485 conculcata,
3183 3438 3303 3491 qua:
3330 3431 3411 3476 est
3444 3423 3496 3474 in
3524 3429 3675 3489 parte

2095 3519 2241 3573 fluvii
2293 3520 2530 3586 regionis
2553 3518 2689 3584 ejus.
2716 3517 2897 3587 C(epit
2932 3516 3078 3570 enim
3125 3512 3505 3583 Egyptiorum
3549 3529 3675 3567 con-

2095 3615 2276 3668 versio
2304 3612 2368 3666 ad
2408 3611 2576 3665 Deum
2606 3627 2634 3664 a
2662 3612 2893 3678 quadam
2942 3607 3178 3677 regionis
3204 3616 3357 3675 parte
3396 3605 3537 3659 ultra
3578 3604 3675 3657 llu-

2095 3704 2240 3757 vium
2276 3705 2400 3769 sita,
2424 3713 2479 3756 ut
2517 3704 3096 3762 liliinocoruretarum,
3135 3700 3217 3752 vel
3247 3714 3409 3752 unum
3436 3697 3674 3767 aliquam

2094 3794 2375 3848 civitatum
2404 3807 2523 3861 quae
2551 3791 2683 3845 inibi
2736 3800 2883 3855 sunt,
2928 3789 3216 3858 intelligas.
3263 3789 3403 3843 Dicit
3432 3791 3573 3842 enim
3620 3790 3675 3843 in

2096 3884 2573 3954 subsequentibus,
2610 3884 2664 3937 in
2715 3884 2924 3938 visione
2971 3880 3185 3952 Egypti
3230 3895 3245 3933 :
3285 3881 3377 3935 Die
3424 3880 3511 3932 illa
3572 3882 3677 3933 erit

2098 3977 2269 4030 altare
2292 3975 2517 4030 Demino
2550 3975 2601 4028 in
2637 3975 2853 4045 regione
2879 3972 3279 4043 Egyptiorum,
3321 3984 3376 4025 et
3427 3971 3675 4025 columna

2096 4069 2164 4123 ad
2209 4068 2499 4122 terminum
2526 4066 2641 4133 ejus
2688 4066 2933 4120 Domino.
2970 4066 3035 4119 Et
3063 4066 3169 4120 erit
3215 4065 3265 4117 iu
3303 4064 3513 4134 sigmun
3571 4063 3677 4115 Do-

2100 4163 2269 4224 mino,
2315 4172 2369 4216 et
2400 4162 2452 4215 iu
2505 4171 2765 4215 aeternum
2820 4171 3032 4230 tempus
3069 4159 3123 4213 in
3173 4159 3391 4227 regione
3436 4156 3678 4227 Egypti.

2098 4255 2430 4311 Cont-ulcata
2469 4271 2599 4310 vero
2629 4266 2732 4319 est,
2770 4255 2928 4323 quasi
2974 4254 3096 4309 belli
3151 4253 3552 4307 calamitatibus
3599 4264 3682 4304 at-

2102 4350 2225 4402 trita
2259 4358 2313 4401 et
2355 4360 2580 4401 contusa
2622 4364 2635 4399 :
2670 4362 2895 4414 sperans
2936 4358 3138 4409 autem,
3182 4346 3435 4414 quoniam
3497 4357 3683 4413 postea

2105 4443 2157 4494 iu
2182 4442 2399 4495 Christo
2432 4456 2581 4510 spem
2608 4441 2744 4502 fixit,
2777 4439 3146 4510 ejusquejugo
3178 4440 3443 4493 cervicem
3471 4438 3680 4492 subrui--

415 4523 514 4591 τῆς
545 4522 623 4605 τῷ
656 4524 861 4597 Κυρίῳ.
894 4524 1001 4576 Καὶ
1020 4524 1169 4577 ἔσται
1194 4527 1271 4589 εἰς
1300 4530 1523 4597 σημεῖον
1559 4528 1767 4599 Κυρίῳ’
1800 4531 1892 4583 καὶ
1917 4533 1987 4594 είς

2110 4534 2199 4597 sit,
2248 4535 2406 4603 eique
2433 4534 2638 4597 serviit,
2672 4544 2726 4586 et
2775 4536 2991 4601 pietatis
3046 4547 3226 4586 mores
3274 4530 3425 4601 quasi
3476 4530 3689 4584 fructus

416 4611 509 4663 τὸν
570 4614 739 4666 αἰῶνα
785 4617 843 4667 ἐν
897 4614 1050 4687 χώρα
1103 4618 1398 4687 Αἰγύπτου.
1448 4619 1558 4670 Καὶ
1613 4621 1996 4691 πεπατημένον

2106 4626 2349 4694 protulit.

422 4708 519 4776 μὲν
578 4709 653 4773 ὡς
706 4712 1161 4782 συντετριμμένον
1212 4717 1329 4776 ταῖς
1373 4717 1436 4767 ἐκ
1500 4713 1595 4767 τοῦ
1657 4714 1895 4786 πολέμου
1952 4723 2293 4791 συμφοράς’
2350 4721 2571 4787 ἐλπίζον
2624 4722 2701 4784 δέ,
2756 4723 2839 4775 ὅτι
2886 4725 2981 4776 καὶ
3040 4723 3170 4777 αὐτὸ
3221 4719 3516 4790 πεποίηται
3578 4717 3681 4787 τὴν

420 4800 611 4853 ἐλπίδα
662 4802 847 4854 λοιπὸν
903 4804 996 4855 ἐπὶ
1054 4802 1293 4873 Χριστῷν
1344 4806 1439 4857 καὶ
1489 4809 1608 4869 ταῖς
1668 4806 1759 4859 ὑπ’
1812 4806 1960 4878 αὐτῴ
2009 4809 2262 4878 ζεύγλαις
2308 4812 2585 4883 ὑπήνεγκε
2636 4812 2727 4864 τὸν
2776 4811 3006 4881 αὐχένα,
3052 4813 3146 4865 καὶ
3185 4807 3531 4864 δεδούλευκεν
3583 4805 3685 4860 αὐ-

419 4892 520 4962 τῷ,
556 4893 648 4948 καὶ
683 4894 807 4957 τοὺς
854 4894 954 4963 τῆς
1000 4894 1278 4958 εὐσεϐείας
1314 4896 1617 4966 κεκάρπικε
1655 4898 1911 4969 τρόπους.

1039 5029 1274 5083 ΤΟΜΟΣ
1319 5033 1355 5081 Δ

850 5145 1119 5196 ΟΡΑΣΙΣ
1173 5145 1304 5198 ΑΙΓ
1316 5144 1501 5198 ΥΠΤο
1513 5148 1573 5200 Υ.

512 5251 662 5306 Ἰδοὺ
693 5254 909 5319 Κύριος
935 5255 1183 5321 κάθηται
1214 5255 1310 5309 ἐπὶ
1340 5256 1601 5325 νεφέλης
1620 5258 1869 5327 κούφης,
1898 5262 1997 5314 καί

423 5344 553 5412 ἣξει
579 5348 665 5411 εἰς
698 5347 1021 5415 Αἴγυπτον,
1047 5347 1145 5401 καὶ
1168 5348 1557 5415 σεισθήσεται
1589 5351 1658 5404 τὰ
1675 5355 2009 5422 χειροποίη-

422 5455 497 5491 τα
537 5441 835 5507 Αἰγύπτου
860 5439 981 5493 ἀπὸ
1015 5442 1337 5509 προσώπου
1365 5443 1570 5509 αὐτοῦ,
1607 5446 1705 5498 καὶ
1734 5448 1771 5514 ἠ
1797 5445 2008 5515 καρδία

424 5529 623 5583 αὐτῶν
650 5532 1046 5598 ἡττηθήσεται
1076 5535 1145 5587 ἐν
1165 5535 1391 5601 αὐτοῖς.

498 5623 631 5674 Τίνα
657 5622 722 5694 δὴ
747 5625 945 5694 τρόπον
975 5627 1008 5693 ἡ
1040 5626 1144 5679 τῶν
1182 5628 1496 5697 Αἰγυπτίων
1540 5630 1806 5683 σέσωσται
1850 5629 2003 5702 χώρα

495 5780 542 5814 ⁸⁸
576 5778 597 5833 l
633 5780 868 5837 Timoth.
901 5798 937 5846 ι,
969 5782 1053 5835 Η.

2692 5035 2929 5091 TOMUS
2968 5034 3050 5089 IV.

2612 5150 2819 5205 VISIO
2872 5147 3196 5205 xEGYPTl.

2175 5265 2305 5321 CAP.
2344 5281 2455 5318 XIX.
2497 5263 2733 5319 VensJ.
2768 5264 2902 5319 Ecce
2930 5264 3183 5319 Dominus
3206 5266 3392 5318 insidet
3417 5266 3541 5319 nubi
3562 5265 3682 5334 levi,

2115 5369 2165 5413 et
2210 5358 2376 5412 veniet
2413 5359 2466 5410 in
2507 5356 2834 5427 (Egypmm,
2875 5369 2921 5411 et
2971 5359 3335 5411 concutientnr
3379 5360 3686 5427 mnuulacta

2113 5449 2341 5521 ﬁgypti
2368 5469 2399 5504 a
2442 5450 2493 5520 (α
2506 5452 2583 5503 cie
2602 5451 2737 5520 ejus,
2772 5460 2820 5503 et
2850 5466 2943 5503 cor
2963 5466 3143 5504 eorum
3176 5450 3378 5518 deﬁciet
3404 5450 3460 5504 in
3496 5450 3643 5519 ipsis.

2183 5633 2465 5700 Quomodo
2488 5630 2868 5704 Egyptiorum
2901 5632 3049 5702 regio
3073 5640 3284 5687 servata
3314 5629 3502 5697 fuerit,
3529 5640 3582 5686 et
3614 5631 3685 5687 ad
