4148 6378
500 371 594 426 l’il

1494 376 1555 432 s.
1596 359 1872 429 crntLLt
1910 367 2380 426 ALEXANFRINI
2421 367 2738 424 ARClllEP.

3660 369 3766 425 452

499 500 759 561 pietatem
787 490 944 562 quasi
976 491 1287 563 illaqueata,
1324 508 1419 562 per
1448 493 1606 548 ﬁdem
1635 493 1887 547 videlicet
1928 492 2078 544 Chri-

2191 489 2286 540 xa‘t
2336 488 2732 552 σεσαγήνευται
2779 486 2914 558 πρὸς
2954 487 3274 550 εὐσέϐειαν,
3317 487 3405 541 διά
3436 487 3671 550 πίστεως
3708 489 3765 541 δὲ

497 583 755 646 stianam,
780 587 1128 652 quantumvis
1158 586 1449 637 umltornm
1501 587 1722 639 deorum
1768 585 1986 644 cultrix,
2025 593 2078 636 et

498 674 703 727 erroris
747 678 937 729 morbo
988 677 1292 746 prodigiose
1349 676 1564 740 ali'ecta,
1622 678 1817 730 docere
1889 676 2080 727 nititur

501 766 648 818 hisce
680 768 855 821 verbis
887 771 1172 837 propheta.
1199 769 1362 822 Erant
1401 770 1600 822 etenim
1634 781 1883 836 tanquam
1913 767 2076 837 282

501 856 782 924 profundis
815 861 1053 914 tenebris
1070 863 1270 926 obruti,
1301 871 1490 914 natura
1518 863 1681 916 Deum
1711 870 1765 915 et
1800 876 1923 915 vere
1956 861 2079 913 uni-

502 950 780 1004 versitatis
833 953 1190 1007 architectum
1225 965 1278 1006 et
1329 955 1612 1007 Dominum
1662 968 1888 1021 prorsus
1929 953 2079 1021 igno-

501 1050 719 1104 rantes,
786 1053 1049 1096 creaturas
1095 1046 1498 1099 venerationem
1536 1046 1931 1104 attribuentes,
1991 1052 2076 1107 et,

501 1133 646 1198 quod
671 1133 850 1187 adlmc
879 1135 1170 1189 absurdius
1203 1146 1308 1201 est,
1343 1151 1563 1191 suorum
1597 1139 1818 1191 deorum
1843 1135 2079 1189 artilices

503 1237 626 1278 esse
660 1225 1221 1293 deprehemlehantur,
1253 1242 1304 1282 et
1331 1229 1644 1299 multiplicia
1664 1229 1926 1283 idolorum
1949 1242 2079 1280 exa-

507 1315 651 1370 mina
681 1319 733 1370 in
770 1318 1008 1372 delubris
1037 1322 1256 1387 habere,
1282 1332 1334 1374 et
1367 1323 1720 1375 animantium
1753 1321 1958 1374 ratione
1990 1335 2079 1373 ca-

502 1409 734 1460 rentimn
791 1409 989 1478 ligni-as
1010 1410 1280 1482 effingere,
1317 1422 1370 1466 et
1404 1414 1604 1468 erectis
1662 1413 1938 1475 altaribus,
1974 1413 2080 1465 illis

502 1500 1104 1572 sacriﬁcare.0portuit
1138 1521 1265 1573 ergo
1293 1506 1600 1559 abundante
1619 1506 1670 1559 in
1699 1505 1803 1559 illis
1822 1515 2073 1573 peccato,

502 1592 950 1660 snperabundare
983 1595 1232 1661 gratiam,
1268 1607 1322 1649 ct
1349 1605 1456 1649 tam
1478 1596 1686 1650 infenso
1714 1596 1900 1650 morbo
1930 1595 2077 1649 laho-

500 1683 753 1736 rautibus
804 1683 1116 1739 illncescere
1159 1687 1444 1747 medicum,
1481 1696 1534 1739 et
1570 1687 1730 1739 corde
1759 1685 2080 1741 obtenebra-

503 1773 572 1826 tis
599 1773 841 1827 divinum
875 1776 1053 1829 lumen
1099 1787 1258 1845 atque
1287 1778 1505 1832 cceleste
1544 1778 1920 1831 inclarescere.
1943 1777 2078 1830 Ecce

2185 579 2539 650 δηλονότιτῆς
2567 581 2622 630 ὲν
2651 578 2890 648 Χριστῷ,
2917 578 3090 632 καίτοι
3113 580 3371 643 πολύθεος
3399 581 3492 632 καὶ
3522 580 3765 643 ἐκτόπως

2185 673 2416 724 νοσοῦσα
2449 673 2545 742 τὴν
2578 671 2808 742 πλάνην,
2843 675 3098 742 πειρᾶται
3128 672 3398 726 διδάσκειν
3427 675 3454 725 ὁ
3480 674 3765 743 προφήτης

2185 763 2242 814 ἐν
2271 762 2499 826 τούτοις.
2546 757 2726 814 *Ησαν
2775 760 2872 831 μὲν
2913 761 3022 831 γὰρ
3065 755 3261 832 οἷάπερ
3293 763 3350 813 ὲν
3382 760 3556 830 σκότῳ
3591 759 3762 829 βαθεῖ,

2184 855 2278 908 τὸν
2321 855 2418 926 μὲν
2454 853 2612 924 φύσει
2644 853 2776 906 Θεὸν
2800 853 2894 906 καὶ
2927 853 3144 924 ἀληθῶς
3190 853 3318 906 ὄντα
3355 853 3464 907 τῶν
3492 853 3629 906 ὅλων
3666 853 3763 921 δη-

2189 948 2450 1020 μιουργὸν
2473 948 2567 1000 καί
2598 945 2801 1017 Κύριον
2825 945 3156 1016 ἠγνοηκότες
3177 945 3475 1010 παντελῶς,
3500 945 3765 998 ἀνάπτον-

2184 1057 2276 1103 τες
2310 1040 2366 1092 δὲ
2402 1043 2468 1109 τῇ
2511 1038 2688 1091 κτίσει
2718 1037 2777 1090 τὸ
2800 1036 2994 1099 σέϐας·
3036 1037 3131 1090 καὶ
3167 1037 3227 1090 τὸ
3260 1037 3340 1090 ἔτι
3367 1037 3555 1090 τούτου
3587 1054 3766 1108 παρα-

2184 1130 2520 1199 λογώτερον.
2579 1129 2894 1198 τεχνουργοὶ
2955 1127 3065 1180 τῶν
3115 1128 3260 1181 ἰδίων
3324 1128 3765 1197 ἀναδεικνύμενα

2185 1223 2344 1284 Θεῶν,
2370 1223 2461 1275 καὶ
2486 1221 2831 1292 πολύμορφον
2862 1221 3096 1276 εἰδώλων
3125 1222 3290 1290 ἐσμὸν
3315 1223 3374 1272 ὲν
3401 1225 3512 1284 τοῖς
3539 1221 3763 1291 τεμένε-

2189 1328 2273 1363 σιν
2301 1310 2533 1380 ἔχοντες,
2549 1310 2622 1372 ὡς
2641 1311 2734 1363 καὶ
2750 1308 2902 1374 ζώων
2920 1311 3129 1378 ἀλόγων
3159 1309 3518 1364 ἀναπλάττειν
3535 1311 3759 1372 τύπους,

2186 1406 2280 1456 καὶ
2308 1402 2524 1473 βωμοὺς
2562 1403 2813 1465 ἱστάντας
2856 1403 3147 1456 καταθύειν
3173 1403 3375 1466 αὐτοῖς.
3408 1401 3553 1454 Ἕδει
3579 1403 3762 1455 τοίνυν

2188 1495 2586 1565 πλεοναζούσης
2610 1496 2666 1547 ὲν
2704 1495 2885 1558 αὐτοῖς
2913 1494 3185 1566 ἁμαρτίας
3207 1536 3221 1558 ,
3261 1493 3760 1563 ύπερπερισσεῦσαι

2186 1588 2284 1658 τὴν
2306 1587 2486 1657 χάριν,
2519 1587 2614 1639 καὶ
2645 1589 2755 1650 τοῖς
2782 1586 2954 1651 οὕτως
2999 1587 3262 1657 ἐχθίστως
3293 1588 3606 1658 νενοσηκόσι
3643 1589 3764 1639 ἐπι.

2186 1678 2396 1749 λάμψαι
2426 1678 2518 1731 τὸν
2555 1679 2757 1749 ἰατρὸν,
2783 1678 2876 1730 καὶ
2912 1681 3023 1740 τοῖς
3048 1680 3146 1748 τὴν
3180 1677 3406 1748 καρδίαν
3443 1694 3762 1730 κατεσκοτι-

2189 1771 2408 1840 σμένοις
2453 1770 2513 1823 τὸ
2557 1771 2698 1824 θεῖόν
2719 1787 2777 1823 τε
2805 1769 2899 1823 καὶ
2941 1770 3190 1841 οὐράνιον
3243 1768 3576 1840 ὲναστράψαι
3623 1769 3755 1837 φῶς.

500 1863 685 1933 igitur,
715 1866 911 1936 inquit,
961 1868 1217 1922 Dominus
1241 1870 1438 1922 residet
1478 1869 1528 1921 iu
1577 1869 1716 1922 nube
1756 1868 1877 1932 levi,
1909 1877 1964 1921 et
1988 1882 2078 1921 ve-

2197 1863 2324 1916 Ἰδοὺ
2358 1863 2555 1926 τοίνυν,
2589 1864 2743 1934 φησὶ,
2767 1863 2972 1932 Κύριος
2997 1862 3231 1930 κάθηται
3261 1863 3352 1914 ἐπὶ
3382 1862 3609 1931 νεφέλης
3631 1862 3759 1914 κού-

500 1957 611 2010 niet
636 1961 686 2010 in
714 1957 1026 2029 Egyptnm.
1065 1961 1202 2026 Quid
1237 1972 1416 2014 autent
1457 1963 1557 2016 sibi
1585 1961 1696 2014 vult
1721 1962 1772 2014 in
1812 1962 1952 2013 nube
1974 1959 2078 2014 levi

501 2050 744 2118 conspici
772 2051 1056 2106 Dominum
1083 2052 1106 2104 ?
1136 2055 1246 2120 Age
1275 2053 1520 2106 dicamus
1551 2055 1724 2121 quoad
1756 2053 2073 2121 poterimus.

498 2138 728 2205 Quidam
783 2143 1104 2210 interpretes
1152 2144 1322 2197 levem
1373 2145 1626 2198 dixerunt
1680 2144 2074 2209 csse.nubem,

497 2243 742 2286 Sanctam
781 2233 990 2286 Domini
1027 2250 1269 2301 carnem,
1318 2236 1368 2288 id
1415 2246 1516 2298 est,
1549 2251 1616 2289 ex
1657 2234 1875 2304 Virgine
1931 2250 2078 2288 sum-

498 2333 646 2392 ptutu
678 2325 958 2392 templum,
983 2327 1124 2394 quod
1150 2339 1437 2395 propterea
1486 2325 1667 2381 forsan
1721 2327 1850 2381 nubi
1899 2325 2080 2380 confe-

499 2423 646 2478 runt,
676 2417 818 2482 quod
865 2429 894 2467 a
928 2416 1157 2470 terrenis
1195 2416 1527 2470 motionibus
1579 2431 1642 2470 ac
1688 2416 2078 2484 cupiditatibus

501 2506 782 2570 liberetur,
811 2517 866 2560 et
895 2523 1108 2561 sursum
1138 2506 1283 2561 velut
1325 2523 1388 2560 ac
1449 2509 1500 2562 in
1540 2508 1703 2560 altum
1755 2508 1949 2562 evolet.
1987 2508 2080 2561 Est

495 2600 641 2653 enim
664 2601 886 2654 omnino
918 2600 1268 2670 purissimum
1299 2600 1555 2669 omnique
1581 2601 1821 2654 terrestri
1852 2601 2079 2654 immun-

497 2692 629 2744 ditia
663 2690 916 2756 liberum,
941 2706 1004 2746 ac
1048 2691 1288 2746 immune
1335 2703 1582 2746 sanctum
1613 2707 1808 2761 corpus
1834 2693 2075 2745 omnium

501 2795 744 2835 uostrmu
771 2779 1078 2836 Servatoris
1107 2781 1329 2835 Christi.
1376 2781 1478 2834 Alii
1535 2795 1722 2835 rursus
1771 2780 1940 2834 levem
1978 2797 2078 2834 no-

500 2874 690 2926 tuinari
725 2876 918 2926 nubem
942 2883 1291 2926 autmuaruut
1321 2882 1563 2926 sanetam
1597 2871 1890 2940 Virginem.
1915 2871 2080 2940 Equi-

497 2965 618 3017 dem
653 2979 851 3018 eeuseo
876 2965 1099 3018 alterius
1128 2965 1406 3033 cujusdam
1437 2979 1629 3018 sensus
1666 2963 2074 3034 amplitudinem

499 3057 656 3110 nobis
700 3056 1057 3120 subindicari,
1106 3058 1230 3116 dum
1265 3072 1386 3110 eum
1421 3058 1552 3110 dicit
1614 3059 1737 3112 nubi
1785 3059 1887 3112 levi
1945 3059 2079 3113 iusi-

500 3149 650 3202 dere.
681 3146 1030 3200 Multifariam
1065 3149 1208 3201 enim
1264 3147 1405 3202 beati
1439 3150 1711 3220 prophetm
1741 3151 2074 3218 maiestatem

500 3241 709 3294 DOmini
759 3241 1051 3309 conSpicati
1097 3241 1330 3294 visiones
1373 3243 1838 3310 conscripserunt.
1912 3242 2076 3297 Isaias

496 3333 642 3386 enim
676 3332 726 3385 in
761 3331 896 3385 solio
915 3331 1059 3386 celso
1085 3343 1139 3385 et
1167 3332 1376 3386 elevato
1407 3333 1535 3386 dicit
1564 3345 1910 3400 conspectum
1956 3349 2080 3389 esse

503 3424 787 3480 Dominum
827 3423 1086 3488 Sabaoth,
1134 3425 1402 3494 supremis
1465 3426 1817 3494 potestatibus
1873 3427 2080 3481 ratione

499 3519 740 3588 prazditis
762 3517 1118 3586 undequaque
1133 3517 1634 3580 circumstantibus,
1663 3532 1726 3571 ac
1750 3518 1982 3588 hymnos
2002 3517 2078 3571 illi

497 3609 865 3673 cantantibus,
902 3610 1214 3679 coelumque
1260 3623 1323 3662 ac
1373 3618 1575 3662 terram
1640 3608 1921 3675 majestate
1964 3608 2079 3676 eius

497 3703 691 3771 repleri
735 3703 1042 3757 dicentibus
1086 3703 1153 3756 '°.
1219 3702 1663 3770 Sapientissimus
1717 3705 1844 3755 item
1893 3702 2078 3757 Daniel

496 3796 791 3865 Antiquam
829 3797 1036 3850 dierum
1070 3796 1121 3849 in
1181 3794 1317 3849 solio
1356 3795 1606 3856 collocat,
1652 3808 1716 3846 ac
1743 3793 1888 3846 mille
1916 3793 2078 3847 millia

497 3888 545 3940 ei
573 3889 883 3941 ministrare
911 3888 1208 3950 contendit,
1230 3901 1294 3941 ac
1326 3887 1469 3940 mille
1521 3886 1791 3954 myriadas
1845 3886 2080 3940 circum-

499 3989 651 4035 stare
671 3981 886 4043 asserit,
907 3988 962 4032 et
997 3981 1167 4030 visum
1185 3993 1309 4032 esse
1329 3978 1480 4047 quasi
1529 3976 1722 4030 Filium
1763 3977 1995 4031 hominis
2025 3977 2075 4029 iu

503 4069 742 4123 nubibus
791 4070 1120 4132 venientem,
1185 4070 1398 4138 aliaque
1451 4069 1628 4137 posuit
1695 4068 1946 4135 deinceps
1995 4067 2079 4121 his

498 4171 865 4218 consentanea
900 4162 968 4214 ⁵⁸.
1010 4160 1257 4215 Ezechiel
1304 4161 1554 4214 similiter
1588 4161 1984 4212 ﬁrmamentum
2017 4175 2079 4213 se

498 4256 576 4308 ait
607 4255 827 4318 vidisse,
867 4253 1149 4320 Seraphim
1175 4252 1456 4321 subjectis,
1486 4269 1548 4306 ac
1576 4253 1628 4307 in
1670 4254 1864 4305 throno
1900 4253 2077 4306 homi—
2109 4274 2118 4282 -

503 4362 625 4401 nem
655 4361 776 4401 esse
803 4347 1106 4410 visum,seu
1126 4347 1362 4415 speciem
1390 4346 1643 4408 hominis,
1665 4343 1816 4412 cujus
1845 4359 2074 4413 superna

495 4441 700 4495 electro
729 4439 858 4491 dicit
914 4452 1035 4492 esse
1067 4437 1285 4502 similia,
1314 4454 1342 4490 a
1376 4439 1555 4492 lumbo
1583 4449 1760 4490 autem
1818 4438 1884 4490 ad
1917 4437 2077 4505 pedes

2181 1973 2308 2028 φης,
2337 1957 2430 2009 καὶ
2454 1956 2572 2027 ἥξει
2601 1957 2680 2019 είς
2714 1954 3006 2022 Αἴγυπτον.
3037 1954 3198 2007 Ἀλλά
3222 1955 3273 2006 τί
3299 1955 3361 2007 ἀν
3385 1954 3624 2023 βούλοιτο
3656 1971 3758 2006 πα-

2183 2043 2445 2115 ραδηλοῦν
2473 2046 2533 2097 τὸ
2550 2044 2640 2096 ἐπὶ
2663 2044 2893 2113 νεφέλης
2917 2043 3124 2114 κούφης
3155 2044 3382 2112 ὁρᾶσθαι
3412 2045 3502 2096 τὸν
3520 2043 3719 2114 Κύριον
3741 2059 3756 2107 ;

2177 2138 2311 2208 Φέρε
2335 2138 2580 2207 λέγωμεν
2608 2136 2679 2199 ὡς
2699 2137 2796 2190 ἔνι·
2823 2137 2979 2198 Τινὲς
3003 2137 3100 2205 μὲν
3125 2137 3233 2189 τῶν
3253 2139 3528 2208 ἐξηγητῶν
3551 2138 3758 2207 κούφην

2178 2230 2388 2301 ἔφησαν
2422 2226 2559 2284 εἶναι
2594 2230 2821 2302 νεφέλην
2855 2230 2952 2300 τὴν
2981 2231 3142 2299 ἁγίαν
3189 2231 3282 2282 τοῦ
3317 2233 3520 2304 Κυρίου
3557 2233 3755 2299 σάρκα,

2179 2323 2322 2376 τουτ’
2357 2323 2492 2385 ἔστι,
2527 2323 2618 2375 τὸν
2644 2323 2706 2375 ὲκ
2727 2323 2826 2392 τῆς
2857 2322 3134 2393 Παρθένου
3166 2321 3436 2392 ληφθέντα
3464 2323 3620 2376 ναόν·
3662 2325 3757 2376 καὶ

2180 2414 2378 2485 νεφέλῃ
2412 2413 2827 2485 παρεικάζουσι,
2859 2413 3027 2467 διάτοι
3051 2415 3110 2467 τὸ
3132 2415 3473 2486 ἀπηλλάχθαι
3497 2416 3634 2487 τάχα
3655 2434 3755 2468 που

2181 2505 2496 2574 κινημάτων
2528 2507 2622 2558 καὶ
2673 2504 2973 2575 ἐπιθυμιῶν
3017 2507 3126 2560 τῶν
3151 2507 3527 2578 γεωδεστέρων
3567 2510 3677 2562 ἄνω
3696 2527 3755 2561 τε

2181 2599 2274 2648 καὶ
2309 2596 2498 2667 ὥσπερ
2526 2596 2678 2665 ὑψοῦ.
2706 2600 2982 2666 Πάναγνον
3018 2601 3126 2670 γὰρ
3161 2600 3376 2670 ἀληθῶς
3417 2604 3511 2655 καὶ
3539 2603 3758 2672 ἀπάσης

2183 2688 2416 2756 γεώδους
2469 2688 2812 2761 ἀκαθαρσίας
2853 2691 3268 2762 ἀπηλλαγμένον
3298 2693 3360 2745 τὸ
3397 2693 3551 2762 ἅγιον
3598 2695 3758 2766 σῶμα

2179 2780 2274 2831 τοῦ
2311 2783 2526 2834 πάντων
2570 2782 2726 2853 ἡμῶν
2763 2785 3014 2854 Σωτῆρος
3065 2785 3319 2854 Χριστοῦ.
3363 2786 3578 2857 Ἔτεροι
3609 2788 3664 2841 δὲ
3689 2784 3754 2842 αὖ

2181 2871 2392 2943 κούφην
2437 2873 2750 2944 ὠνομάσθαι
2797 2875 3026 2944 νεφέλην
3079 2876 3410 2946 ὑπειλήφασι
3451 2880 3548 2949 τὴν
3595 2881 3757 2947 ἁγίαν

2183 2965 2474 3036 Παρθένον.
2504 2960 2668 3034 Οἶμαι
2688 2964 2743 3017 δὲ
2777 2965 2950 3033 ἔγωγε
2975 2970 3114 3036 τάχα
3146 2984 3248 3019 που
3281 2968 3372 3019 καὶ
3399 2969 3599 3040 ἐτέρων
3627 2973 3758 3042 ἡμῖν

2181 3057 2399 3110 ἐννοιῶν
2433 3057 2780 3127 ὑποσημῆναι
2809 3057 3027 3120 πλάτος,
3072 3059 3132 3110 τὸ
3160 3060 3251 3111 ἐπὶ
3285 3061 3512 3132 νεφέλης
3554 3063 3760 3134 κούφης

2183 3149 2454 3219 καθῆσθαι
2483 3150 2663 3217 λέγειν
2697 3151 2879 3203 αὐτόν.
2923 3153 3279 3222 Πολυτρόπως
3309 3155 3406 3224 μὲν
3449 3157 3555 3226 γὰρ
3585 3157 3632 3208 οἱ
3660 3175 3759 3226 μα-

2185 3240 2366 3311 κάριοι
2399 3242 2698 3312 προφῆται,
2725 3241 2824 3312 τὴν
2853 3243 2947 3294 τοῦ
2982 3243 3116 3296 Θεοῦ
3141 3244 3298 3310 δόξαν
3330 3246 3756 3316 καταθεώμενοι,

2181 3335 2492 3404 γεγράφασι
2541 3335 2640 3398 τὰς
2675 3336 2914 3404 ὁράσεις.
2979 3337 3037 3388 Ὁ
3091 3337 3191 3407 μὲν
3241 3339 3347 3408 γὰρ
3394 3340 3618 3401 Ἡσαΐας
3666 3344 3759 3392 ἐπὶ

2182 3424 2371 3494 θρόνου
2410 3424 2612 3494 ὑψηλοῦ
2659 3427 2752 3477 καὶ
2796 3428 3104 3496 ἐπηρμένου
3149 3427 3437 3481 τεθεᾶσθαί
3488 3447 3620 3500 φησι
3666 3432 3758 3484 τὸν

2183 3518 2386 3589 Κύριον
2405 3518 2655 3581 Σαϐαὼθ,
2679 3519 3055 3587 περιεστώτων
3083 3523 3138 3572 ὲν
3162 3521 3345 3592 κύκλῳ
3371 3522 3475 3575 τῶν
3501 3525 3759 3577 ἀνωτάτω

2182 3609 2462 3678 δυνάμεων
2486 3608 2738 3676 λογικῶν,
2757 3609 2784 3660 ὑ
2793 3609 3166 3679 μνολογουσῶν
3189 3627 3247 3662 τε
3277 3612 3462 3676 αὐτὸν,
3497 3612 3678 3685 πλήρη
3699 3633 3758 3666 τε

2183 3697 2322 3753 εἷναι
2357 3700 2629 3767 λεγουσῶν
2675 3702 2767 3753 τὸν
2811 3702 3038 3771 οὐρανὸν
3080 3703 3170 3753 καὶ
3209 3702 3304 3773 τὴν
3342 3703 3444 3773 γῆν
3474 3707 3573 3775 τῆς
3602 3705 3758 3775 δόξης

2181 3793 2370 3846 αὑτοῦ.
2413 3793 2471 3844 ’0
2495 3793 2551 3844 δέ
2593 3810 2656 3859 γε
2699 3794 2973 3860 πάνσοφος
3022 3793 3220 3864 Δανιὴλ
3251 3794 3480 3846 Παλαιὸν
3534 3797 3758 3868 ἡμερῶν

2181 3885 2272 3937 ἐπὶ
2325 3884 2515 3955 θρόνου
2563 3885 2811 3947 καθίζει’
2845 3885 3018 3953 χιλίας
3046 3903 3103 3937 τε
3144 3886 3382 3954 χιλιάδας
3430 3887 3758 3961 λειτουργεῖν

2182 3976 2329 4046 αύτῴ
2362 3977 2705 4042 διατείνεται,
2731 3979 2825 4030 καὶ
2867 3977 3064 4050 μυρίας
3105 3981 3372 4048 μυριάδας
3411 3984 3757 4051 περιεστάναι

2182 4070 2344 4138 φησί’
2378 4069 2666 4122 τεθεᾶσθαι
2697 4070 2751 4122 δὲ
2776 4069 2869 4122 καὶ
2899 4069 2975 4132 ὡς
3004 4070 3127 4122 Υἱὸν
3163 4071 3450 4144 ἀνθρώπου
3480 4075 3617 4142 μετὰ
3649 4075 3757 4128 τῶν

2179 4161 2417 4228 νεφελῶν
2452 4161 2764 4231 ἐρχόμενον.
2810 4162 2901 4215 καὶ
2934 4163 2997 4214 τὶ
3020 4164 3229 4228 τῦύτοις
3265 4165 3507 4221 τέθεικεν
3537 4168 3753 4238 ἑφεξῆς,

2193 4252 2449 4322 Ἰεζεχιὴλ
2480 4253 2534 4305 δὲ
2565 4253 2767 4322 ὁμοίως
2803 4253 3106 4325 στερέωμα,
3142 4258 3328 4326 φησιν,
3375 4258 3503 4324 ἴδεν,
3535 4261 3756 4315 ὑποκει-

2183 4343 2358 4413 μένων
2397 4343 2504 4396 τῶν
2536 4344 2848 4414 Σαραφείμ·
2904 4347 2996 4398 ἐπὶ
3039 4346 3228 4416 θρόνου
3269 4349 3326 4402 δὲ
3360 4351 3642 4422 ἄνθρωπον
3672 4371 3761 4405 τε·

2181 4433 2426 4488 θεᾶσθαι.
2457 4434 2574 4502 ἦτοι
2598 4431 2734 4496 εἶδος
2759 4433 3047 4503 ἀνθρώπου
3069 4476 3082 4498 ,
3126 4431 3186 4489 οὗ
3215 4440 3283 4492 τά
3314 4441 3412 4510 μὲν
3442 4443 3552 4496 ἀνω
3591 4447 3756 4515 φησὶν

496 4547 667 4600 usque
699 4532 850 4599 quasi
881 4539 1155 4600 aspectum
1203 4531 1343 4599 ignis
1387 4530 1455 4582 ".
1516 4530 1722 4595 Quibus
1773 4528 2070 4583 visionibus

2183 4526 2428 4596 ἠλέκτρῳ
2455 4527 2853 4597 προσεοικέναι,
2886 4528 2947 4581 τό
2967 4546 3028 4597 γε
3057 4530 3162 4600 μὴν
3189 4533 3245 4599 ἐξ
3268 4534 3462 4602 ὀσφύος
3485 4538 3564 4598 είς
3591 4539 3755 4601 πόδας

498 4620 722 4690 singulis
750 4621 1111 4675 ntanil‘eStatio
1140 4619 1387 4690 (praedam
1413 4629 1467 4673 et
1504 4619 1706 4689 eﬂigies
1735 4620 1927 4674 divinae
1971 4634 2083 4672 ma-

492 4710 734 4778 jcstalis,
767 4722 821 4768 et
893 4715 1136 4785 mysterii
1195 4715 1260 4765 de
1312 4712 1552 4774 Christo,
1605 4712 1878 4780 eleganter
1931 4713 2084 4766 nobis

502 4803 902 4858 suhiudicatur.
935 4803 1080 4857 Nihil
1107 4804 1270 4872 igitur
1289 4807 1471 4857 obstat
1495 4805 1658 4856 etiam
1695 4805 1749 4856 in
1799 4805 1900 4857 hoc
1928 4805 2085 4857 Chri-

502 4906 644 4948 stum
674 4896 725 4950 in
745 4896 848 4950 levi
883 4895 1022 4950 nube
1048 4907 1393 4963 conspectum
1429 4895 1748 4963 intelligere,
1785 4894 1946 4964 283
1979 4897 2085 4948 imo

498 4989 935 5042 commodissime
971 4988 1062 5042 liet
1089 4990 1188 5042 hoc
1221 4999 1270 5042 et
1298 4988 1627 5043 necessario.
1665 4988 1871 5040 Etenim
1915 4987 2082 5042 nubes

500 5089 684 5148 typum
721 5080 912 5148 pluvias
939 5089 992 5133 et
1022 5082 1161 5133 roris
1195 5081 1510 5148 spiritualis,
1532 5081 1807 5149 ipsiusque
1832 5081 2082 5136 salutaris

506 5172 704 5224 lavacri
739 5172 892 5226 nobis
928 5173 1083 5240 plene
1136 5182 1508 5240 repra’soutat.
1556 5171 1830 5239 Siquidem
1893 5172 2081 5225 beatus

505 5260 705 5316 Paulus
728 5265 989 5333 sanguine
1014 5263 1310 5319 Israelitico
1341 5276 1492 5319 ortos
1515 5267 1565 5318 in
1595 5265 1737 5318 nube
1769 5273 1822 5318 et
1854 5263 1907 5316 in
1944 5263 2078 5318 mari

505 5353 636 5406 dicit
675 5354 841 5407 fuisse
872 5355 1198 5424 baptizatos,
1223 5365 1278 5407 et
1306 5366 1512 5408 vastam
1545 5355 1688 5407 illam
1729 5353 2074 5407 solitudinem

500 5446 927 5513 transeuntibus,
979 5448 1211 5502 interdiu
1272 5448 1444 5501 nubes
1500 5442 1862 5514 impendebat,
1915 5455 2073 5498 noctu

501 5538 752 5591 columna
807 5539 946 5606 ignis
986 5541 1317 5608 praecedebat
1352 5539 1417 5592 ³³.
1458 5541 1576 5604 Quo
1611 5549 1837 5608 utroque
1869 5539 2075 5590 descri-

498 5640 622 5702 ptus
675 5641 758 5685 est
794 5629 1059 5696 Christus,
1119 5647 1212 5685 seu
1250 5635 1314 5685 de
1351 5632 1464 5700 ipso
1503 5631 1845 5700 mysterium,
1885 5642 2077 5697 netupe

577 5788 624 5818 °°
667 5787 765 5842 lsa.
805 5802 880 5854 vt,
922 5787 1037 5843 1-5.
1115 5791 1157 5821 ⁵⁸
1200 5789 1334 5844 Dan.
1380 5803 1472 5852 vn,
1515 5789 1546 5843 9
1583 5802 1732 5858 seqq.

1809 5786 1853 5818 ⁵³
1897 5784 2093 5840 Ezech.
2136 5801 2171 5847 ι,
2222 5785 2242 5838 l
2289 5800 2438 5853 seqq.

2180 4618 2256 4680 ὡς
2282 4618 2467 4688 ὅρασις
2498 4619 2686 4690 πυρός.
2731 4619 2969 4692 Έκάστῃ
2994 4621 3050 4673 δὲ
3073 4623 3180 4674 τῶν
3209 4626 3464 4679 τοιούτων
3489 4628 3750 4696 ὀράσεων,

2181 4709 2417 4780 ἕμφασίν
2455 4728 2576 4762 τινα
2601 4710 2757 4780 δόξης
2789 4712 2888 4781 τῆς
2915 4713 3276 4785 θεοπρεποῦς,
3325 4721 3418 4770 καὶ
3453 4723 3752 4793 μυστηρίου

2182 4801 2276 4852 τοῦ
2302 4801 2441 4852 κατά
2467 4801 2721 4871 Χριστὸν,
2750 4802 2983 4866 ἀστείως
3013 4806 3143 4874 ἡμῖν
3174 4808 3564 4864 ὑπαινίττεται.
3587 4813 3750 4865 Οὐδὲν

2183 4888 2275 4944 οὖν
2307 4893 2413 4962 ἆρα
2459 4892 2520 4945 τὸ
2557 4892 2762 4946 κωλύον
2805 4897 2907 4946 κάν
2954 4897 3126 4969 τούτῳ
3176 4904 3348 4963 νοεῖν,
3386 4903 3477 4956 ἐπὶ
3529 4905 3753 4975 νεφέλης

2184 4983 2393 5052 κούφης
2418 4984 2704 5037 τεθεᾶσθαι
2731 4985 2822 5038 τὸν
2860 4987 3064 5058 Κύριον
3089 5031 3102 5054 ,
3141 4992 3537 5060 χρειωδέστατά
3572 5014 3629 5048 τε
3661 5000 3754 5050 καὶ

2181 5075 2517 5142 ἀναγκαίως.
2574 5077 2909 5149 Ἀποπληροῖ
2953 5080 3058 5152 γὰρ
3114 5084 3246 5152 ἡμῖν
3278 5086 3310 5154 ἡ
3347 5086 3543 5157 νεφέλη
3585 5089 3753 5143 τύπον

2181 5165 2336 5219 ὑετοῦ
2372 5183 2431 5218 τε
2473 5169 2563 5220 καὶ
2590 5168 2780 5239 δρόσου
2827 5175 3222 5243 πνευματικῆς,
3249 5176 3342 5227 καὶ
3379 5177 3542 5229 αὑτοῦ
3578 5179 3631 5230 δὲ
3662 5181 3753 5232 τοῦ

2181 5257 2449 5328 σωτηρίου
2471 5257 2862 5328 βαπτίσματος.
2884 5264 2994 5314 Καὶ
3019 5263 3150 5332 γοῦν
3168 5266 3196 5316 ὁ
3226 5265 3494 5335 μακάριος
3523 5269 3753 5334 Παῦλος,

2182 5349 2308 5408 τοὺς
2339 5346 2398 5411 ἐξ
2418 5349 2644 5417 αἵματος
2683 5351 2896 5420 Ἰσραὴλ
2925 5351 3281 5420 βεϐαπτίσθαι
3317 5358 3479 5426 φησὶν
3511 5359 3568 5409 ἐν
3590 5361 3654 5428 τῇ
3679 5376 3757 5411 νε·
3784 5363 3794 5372 ’

2186 5439 2321 5510 φέλῃ
2357 5442 2448 5492 καὶ
2479 5442 2536 5492 ἐν
2574 5445 2640 5511 τῇ
2674 5440 2943 5516 θαλάσσή⁹
2973 5446 3252 5517 ἐπήρτητο
3285 5449 3378 5501 κα)⁸
3405 5449 3503 5520 τὴν
3539 5449 3757 5519 βαθεῖαν

2185 5533 2399 5602 ἐκείνην
2444 5532 2948 5604 διαπεραιουμένοις
2995 5536 3219 5608 ἔρημον,
3272 5540 3330 5591 ὲν
3386 5542 3562 5614 ἡμέρᾳ
3594 5544 3690 5613 μὲν
3723 5547 3756 5614 ἡ

2183 5624 2377 5695 νεφέλη
2401 5641 2412 5653 ·
2444 5629 2734 5697 προηγεῖτο
2763 5627 2820 5679 δὲ
2843 5628 2933 5680 καί
2953 5631 3105 5683 νυκτὶ
3134 5631 3322 5696 στύλος
3346 5635 3531 5704 πυρός.
3571 5635 3757 5706 Ἐγρὰ·

3782 5221 3794 5257 ἱ

2521 5788 2562 5819 ⁵³
2604 5787 2622 5842 l
2657 5781 2777 5838 Cor.
2826 5800 2877 5848 ιι,
2915 5787 2932 5839 1
2979 5803 3127 5857 seqq.
