4148 6378
377 356 486 412 4ῗὸ

1505 357 1572 410 LV
1610 354 1840 412 lS.\|.-\.‘o|
1888 351 1974 407 LII

2076 352 2128 405 il.
2172 350 2411 407 TOMUS
2449 351 2540 405 IV.
3528 354 3636 411 454

379 489 512 540 qam
543 469 598 523 δὲ
623 469 692 522 δι’
721 470 920 540 ἀμφοῖν
955 471 982 522 ό
1017 469 1272 541 Χριστὸς,
1307 471 1424 541 ῆτοι
1459 471 1518 523 τὸ
1555 472 1641 523 ἐπ’
1683 467 1831 538 αὐτῷ
1860 486 1960 538 μυ-

2087 466 2150 517 lla
2184 467 2232 518 in
2271 467 2372 519 “die
2407 475 2461 519 et
2495 476 2846 519 sacrosancto
2875 465 3204 535 baptismate
3228 466 3550 534 jitstiﬁcatio
3584 477 3637 522 et

380 565 624 635 στήριον,
649 563 814 634 ήγουν
838 565 913 626 ὡς
943 567 1000 617 ἐν
1026 565 1204 618 πίστει
1233 581 1291 617 τε
1321 565 1415 618 καὶ
1435 565 1576 636 ἁγίῳ
1605 563 1957 634 βαπτίσματι,

377 655 663 718 δικαίωσις
698 657 791 707 καὶ
815 657 1106 726 άγιασμός.
1158 659 1303 710 Ἔδει
1353 657 1530 710 τοίνυν
1571 657 1662 710 ἐπὶ
1696 655 1961 724 καθάρσει

377 763 435 798 τε
478 747 571 797 κει.)⁸
615 745 884 816 μεταϐολῇ
931 748 1078 800 ἰόντα
1114 748 1206 800 τὸν
1238 748 1442 818 Κύριον
1473 747 1580 800 τῶν
1627 745 1960 814 Αἰγυπτίων,

381 836 697 907 θεοπρεπῶς
721 838 776 890 δὲ
799 838 1044 906 δηλονότι
1077 840 1170 892 καὶ
1198 841 1426 910 νοητῶς,
1463 839 1555 893 ἐπὶ
1585 840 1815 910 νεφέλης
1836 839 1964 909 ὁρᾶς

382 929 505 982 σθαι
539 930 768 1000 κούφης.
805 933 880 983 Οὑ
919 932 1026 1004 γὰρ
1051 928 1118 1003 ἦν
1161 933 1363 1002 ἑτέρως
1405 932 1820 1004 ἀποσμήχεσθαι
1866 932 1964 1001 τῆς

379 1021 487 1074 τῶν
523 1022 890 1092 πλανωμένων
921 1025 1101 1094 ψυχῆς
1131 1025 1228 1094 τὴν
1260 1026 1662 1096 ἐντετηγμένην
1695 1027 1832 1096 αὐτῇ
1863 1042 1965 1095 κη-

383 1114 522 1177 λῖδα,
557 1117 632 1188 μή
654 1118 774 1187 οὐχὶ
807 1117 894 1170 διὰ
917 1117 1011 1170 τοῦ
1046 1120 1202 1186 ἁγίου
1235 1119 1628 1190 βαπτίσματος.
1663 1113 1738 1173 Dii
1768 1121 1862 1174 καὶ
1885 1122 1964 1182 εἰς

382 1207 551 1260 τύπον
589 1207 686 1278 τὴν
741 1209 970 1280 νεφέλην
1012 1206 1152 1264 εἶναι
1198 1211 1568 1281 διοριζόμεθα.
1611 1211 1804 1281 Κούφη
1841 1211 1897 1264 δὲ
1929 1214 1962 1282 ή

384 1298 580 1369 νεφέλη
615 1302 708 1351 καὶ
736 1300 880 1369 μάλα
926 1302 1151 1366 εἰκότως
1197 1302 1531 1373 ὠνόμασται.
1584 1301 1966 1374 Βαπ-τιζόμεθα

384 1391 492 1461 γὰρ
527 1393 606 1455 εἰς
633 1393 892 1446 ἀπόθεσιν
923 1394 1201 1465 ἁμαρτίας
1222 1434 1237 1457 ,
1286 1396 1381 1448 καὶ
1416 1394 1578 1448 οίονεί
1607 1413 1659 1448 τι
1683 1395 1965 1449 δυσδιακό-

388 1499 579 1553 μιστον
602 1483 817 1552 ἀληθῶς
846 1484 1068 1556 φορτίον
1101 1485 1537 1556 ἀποτρεπόμενοι
1561 1485 1659 1556 τὴν
1688 1485 1964 1550 ἀσέϐειαν,

387 1573 685 1642 ὑπόπτεροι
712 1575 911 1644 τρόπον
947 1575 1069 1629 τινὰ
1089 1575 1179 1630 διὰ
1212 1575 1406 1630 τούτου
1434 1575 1697 1645 γινόμεθα
1715 1617 1729 1640 ,
1774 1578 1869 1630 καὶ
1899 1577 1968 1631 τὰ

386 1662 498 1716 ἄνω
519 1665 754 1734 φρονεῖν,
784 1664 992 1728 καὶτὰς
1018 1665 1248 1737 καρδίας
1269 1665 1415 1736 ἔχειν
1443 1664 1577 1735 ὑψοῦ
1601 1665 1963 1737 μανθάνομεν.

386 1753 461 1805 Τό
475 1770 537 1820 γε
557 1753 664 1824 μὴν
697 1754 1062 1825 ἐπικαθῆσθαι
1086 1759 1152 1826 τῇ
1182 1755 1377 1826 νεφέλῃ
1401 1756 1492 1808 τὸν
1533 1757 1758 1828 Κύριον,
1793 1760 1968 1810 ἐκεῖνο

386 1839 540 1914 οἶμαι
577 1844 791 1915 δηλοῦν’
846 1847 908 1898 ’Ιί
931 1847 1218 1918 κάθησιςῆ
1250 1849 1584 1912 ἀνάπαυσιν,
1606 1851 1792 1920 -ήγουν
1817 1850 1966 1916 ἐξου-

390 1938 510 1989 σίαν
549 1939 680 2007 ήμῖν
716 1938 1112 1994 ύπαινίττεται.
1142 1939 1352 1992 Οὐκοῦν
1384 1940 1799 1994 ἐπαναπαύεται
1832 1943 1967 2009 Χρι-

391 2027 535 2089 στὸς.
554 2028 674 2098 οὐχὶ
695 2032 762 2099 τῇ
791 2030 931 2082 κατά
960 2031 1123 2100 νόμον
1141 2029 1368 2102 λατρεία
1390 2031 1553 2084 ποθὲν
1573 2073 1587 2096 ,
1611 2034 1668 2084 ἐν
1694 2031 1966 2086 τελειώσει

388 2117 446 2171 δὲ
479 2117 676 2188 μᾶλλον
718 2124 786 2191 τῇ
831 2121 919 2174 διά
949 2120 1042 2174 τοῦ
1089 2123 1244 2190 ἁγίου
1291 2122 1683 2192 βαπτίσματος.
1737 2122 1965 2175 Βεϐασί-

391 2206 550 2261 λευκε
575 2208 629 2262 δὲ
646 2208 788 2262 οὕτω
804 2210 910 2262 τῶν
930 2211 1020 2263 ἐπὶ
1041 2211 1141 2281 τῆς
1161 2211 1286 2280 γῆς.
1324 2210 1714 2281 Σεισθήσεσθαι
1740 2211 1796 2264 δέ
1834 2229 1967 2282 φησι

388 2297 458 2350 τά
478 2301 830 2371 χειροποίητα
851 2299 1132 2368 Αἰγύπτου
1159 2301 1266 2355 ἀπὸ
1295 2302 1585 2374 προσώπου
1610 2303 1795 2356 αὐτοῦ.
1815 2304 1970 2355 Ἀνα-

389 2387 729 2459 δεδειγμένου
753 2391 859 2462 γὰρ
882 2391 981 2461 ήδη
1006 2389 1099 2443 τοῦ
1123 2391 1278 2459 ἁγίου
1303 2391 1694 2463 βαπτίσματος,
1715 2393 1809 2445 καὶ
1837 2393 1970 2464 Χρι-

393 2477 518 2531 στοῦ
559 2478 746 2531 λοιπὸν
795 2481 1234 2552 ἐπιλάμψαντος,
1271 2481 1421 2535 πᾶσά
1471 2500 1588 2546 πως
1635 2484 1871 2554 ἀνάγκη,
1902 2483 1972 2536 τά

390 2568 490 2640 τῆς
520 2570 752 2642 ἀρχαίας
790 2571 1007 2643 ἀπάτης
1042 2573 1398 2640 ἀφανίζεσθαι
1447 2573 1705 2641 παίγνια,
1749 2574 1972 2638 καὶτὰς

392 2662 486 2714 τοῦ
512 2663 762 2716 διαϐόλου
804 2665 1035 2732 παγίδας
1061 2666 1292 2736 ὁρᾶσθαι
1324 2665 1852 2738 συντεθραυσμένας.
1885 2667 1974 2720 Σεο

395 2754 700 2824 σαγήνευκε
727 2755 782 2808 δὲ
824 2757 959 2826 πρὸς
982 2757 1200 2828 ὀλεθρον
1233 2758 1323 2810 καὶ
1350 2757 1630 2811 ἀπώλειαν
1661 2758 1807 2812 ἇπαν
1853 2761 1970 2829 μὲν,

391 2846 467 2909 ὡς
498 2847 627 2911 ἔπος
657 2849 853 2911 εἰπεῖν,
890 2848 1040 2912 ἔθνος
1067 2865 1126 2900 τε
1172 2850 1262 2901 καὶ
1299 2849 1470 2916 γένος,
1505 2849 1742 2918 μάλιστα
1773 2849 1829 2902 δὲ
1867 2849 1973 2902 τῶν

394 2939 570 2993 ἄλλων
605 2942 732 3003 τοὺς
762 2941 1111 3007 Αἰγυπτίους.
1145 2941 1703 3010 Δεισιδαιμονέστατοι
1742 2939 1852 3011 γάρ
1883 2957 1974 3008 γε-

394 3031 585 3099 γόνασι
614 3031 764 3102 παρά
791 3031 915 3093 τοὺς
942 3031 1153 3094 ἄλλους,
1177 3031 1270 3084 καί¹
1300 3033 1440 3101 τάχα
1476 3049 1576 3086 που
1622 3032 1878 3094 νικῶντες
1917 3034 1973 3082 ἐν

2063 559 2448 615 sanctiﬁcatio.
2504 560 2738 614 Deecbat
2785 560 2966 629 itaque
3037 560 3341 625 Dominum,
3399 577 3519 615 cum
3569 565 3636 616 ad

2064 651 2505 706 emundationem
2536 662 2591 704 et
2619 653 2969 705 mutationem
3008 652 3383 722 Egyptiorum
3427 667 3486 705 se
3511 668 3640 708 con-

2067 738 2251 802 ferret,
2287 738 2469 791 divino
2486 739 2692 792 scilicet
2716 750 2768 792 et
2797 740 3058 807 spirituali
3097 754 3270 806 more,
3296 740 3346 792 in
3370 739 3511 792 nube
3538 739 3639 793 levi

2066 845 2346 899 apparere.
2391 829 2506 884 Non
2565 831 2707 883 enim
2741 831 2854 885 lieri
2887 832 3044 884 aliter
3084 841 3295 900 poterat
3325 841 3381 883 ut
3430 832 3640 885 macula

2066 926 2263 978 animis
2327 924 2664 994 peccantium
2743 939 2964 994 aspersa
3029 926 3474 992 ahstergeretnr,
3539 923 3642 977 nisi

2066 1026 2256 1070 sancto
2281 1014 2566 1083 baptismo,
2603 1015 2756 1082 cujus
2785 1016 3007 1085 ﬁguram
3046 1016 3238 1070 nubem
3277 1030 3398 1070 esse
3443 1015 3640 1068 statui-

2069 1124 2208 1163 mus.
2232 1108 2400 1162 Porro
2423 1106 2555 1162 levis
2580 1109 2752 1160 nubes
2781 1124 2884 1162 non
2916 1121 3044 1161 sane
3084 1107 3181 1160 abs
3211 1121 3269 1160 re
3310 1106 3639 1159 nominatur.

2067 1198 2201 1251 Nam
2229 1197 2495 1264 baptismo
2522 1200 2798 1266 tingimur,
2854 1207 2912 1251 ut
2945 1199 3286 1267 repudiemus
3325 1208 3378 1252 et
3405 1199 3640 1266 abnege-

2069 1306 2187 1344 mus
2214 1301 2515 1360 peccatum,
2567 1300 2622 1343 et
2671 1291 2950 1359 impietate
2999 1306 3096 1343 ceu
3143 1304 3268 1344 vere
3317 1288 3639 1342 intolerabili

2068 1394 2232 1435 oiiere
2266 1381 2488 1451 rejecta,
2515 1379 2640 1434 alati
2676 1381 3072 1449 quodaminodo
3097 1380 3219 1434 inde
3245 1379 3561 1446 eﬂiciamur,
3586 1388 3643 1434 et

2069 1488 2192 1542 qua:
2219 1487 2380 1540 supra
2408 1483 2531 1527 sunt
2559 1472 2821 1541 cogitare,
2856 1483 2905 1523 et
2937 1471 3100 1526 corda
3123 1472 3174 1523 in
3219 1471 3324 1524 alto
3349 1470 3449 1524 fixa
3473 1481 3526 1524 et
3560 1472 3645 1524 in-

2072 1573 2216 1618 tenta
2258 1563 2456 1617 habere
2521 1563 2813 1617 discamus.
2871 1563 2999 1616 Illud
3032 1578 3196 1625 vero,
3246 1564 3539 1617 Considere
3589 1563 3640 1615 in

2071 1657 2212 1710 nube
2231 1654 2638 1716 Christnm,hoc
2667 1663 2795 1722 puto
2823 1655 3216 1708 demonstrare.
3241 1653 3423 1709 Sessio
3451 1653 3532 1706 vel
3564 1669 3647 1708 re-

2071 1746 2250 1815 quiem
2279 1745 2434 1800 nobis
2461 1743 2634 1798 innuit
2667 1743 2746 1797 vel
2775 1753 3117 1814 potestatem.
3153 1743 3404 1797 Christus
3464 1743 3646 1811 itaque

2073 1854 2178 1892 non
2213 1837 2267 1890 in
2298 1837 2453 1907 legali
2501 1838 2648 1890 cultu
2693 1836 2996 1904 requiescet
3027 1851 3287 1902 unquam,
3333 1834 3426 1890 sed
3468 1840 3648 1906 potius

2075 1929 2127 1981 in
2166 1942 2226 1979 ea
2260 1943 2380 1996 qua:
2429 1936 2509 1982 est
2551 1943 2646 1996 per
2701 1941 2915 1981 sacrum
2974 1926 3236 1994 baptisma
3297 1925 3644 1994 perfectione.

2075 2020 2165 2074 Sic
2193 2020 2358 2074 etiam
2399 2034 2623 2089 regnum
2669 2018 2720 2072 in
2747 2032 2834 2072 res
2865 2028 3110 2073 terre-uas
3139 2019 3394 2072 obtinuit.
3430 2017 3644 2074 Concu-

2076 2113 2276 2167 tientur
2302 2113 2513 2174 deinde,
2571 2112 2764 2179 inquit,
2801 2108 3105 2162 manufacta
3151 2107 3367 2180 ngpti
3426 2126 3455 2164 a
3513 2110 3648 2165 facie

2073 2203 2210 2272 ejus.
2243 2202 2488 2256 Exhibito
2517 2202 2659 2254 enim
2680 2200 2788 2268 jam
2814 2214 2970 2252 sat-ro
3000 2199 3345 2268 baptismate,
3379 2209 3432 2252 et
3472 2201 3601 2254 Chri
3621 2228 3636 2239 -

2074 2307 2160 2352 sto
2181 2298 2432 2365 deinceps
2486 2298 2800 2362 irt'adiaule,
2856 2297 3140 2350 inveterati
3194 2299 3400 2352 erroris
3443 2298 3647 2353 indiesa

2071 2390 2348 2446 obscurari
2396 2399 2450 2443 et
2509 2405 2854 2454 evanescere,
2918 2400 2972 2443 et
3020 2389 3215 2444 diaboli
3276 2391 3494 2455 laqueos
3529 2408 3649 2460 per-

2076 2485 2256 2553 l'ringi,
2302 2485 2526 2538 omnino
2553 2497 2632 2538 est
2689 2500 2932 2539 necesse.
2965 2483 3200 2538 irretivit
3251 2495 3451 2545 autem,
3480 2494 3537 2537 ut
3571 2487 3648 2538 sic

2072 2576 2322 2636 dixerim,
2355 2591 2569 2630 omnem
2601 2585 2812 2645 gentem
2847 2589 3125 2644 genusque
3153 2591 3313 2628 omne
3361 2581 3425 2627 ad
3459 2576 3648 2629 interi-

2075 2676 2184 2719 tum
2233 2679 2288 2722 et
2313 2668 2561 2728 exitium,
2620 2669 2854 2720 maxime
2899 2682 3025 2720 vero
3067 2682 3178 2732 prae
3233 2669 3448 2721 caneris
3477 2666 3649 2739 Egy-

2071 2764 2234 2830 ptios.
2262 2762 2426 2814 Erant
2463 2761 2659 2829 quippe
2702 2769 2896 2828 preter
2944 2769 3170 2812 caeteros
3226 2760 3652 2828 superstitiosis-

2073 2849 2544 2920 siiui,etqnident
2609 2850 2800 2903 I'ersas
2859 2850 3006 2918 ipsos
3067 2849 3425 2918 Assyriosqne
3463 2865 3653 2903 errore

2077 2946 2342 3005 vicerunt,
2371 2942 2648 3010 Scriptura
2676 2941 2936 2995 videlicet
2989 2941 3247 3008 inspirata
3279 2941 3539 2995 divinitus
3585 2942 3652 2996 de

2076 3049 2138 3089 ea
2171 3034 2389 3102 regione
2419 3033 2655 3096 dicente,
2704 3047 2823 3087 eam
2877 3047 2998 3087 esse
3045 3042 3242 3086 terram
3299 3031 3651 3100 sculptilium.

395 3122 574 3195 πλάνῃ
607 3123 820 3193 Πέρσας
854 3139 910 3175 τε
953 3124 1047 3175 καὶ
1087 3122 1404 3193 Ἀσσυρίους
1429 3141 1442 3153 ·
1493 3123 1670 3176 καίτοι
1713 3125 1809 3195 τῆς
1856 3122 1974 3176 θεο-

2081 3127 2216 3181 Dicit
2255 3141 2414 3196 porro
2439 3141 2532 3180 cor
2550 3124 2922 3195 [Egyptiorum
2972 3124 3329 3190 deiecturum,
3370 3123 3650 3191 nimirum,

396 3213 660 3267 πνεύστου
685 3215 904 3286 Γραφῆς
946 3216 1073 3284 περὶ
1099 3216 1196 3285 τῆς
1229 3214 1453 3268 ἐκείνων
1475 3215 1737 3286 λεγούσης
1771 3214 1972 3286 χώρας,

395 3308 478 3360 ὅτι
512 3308 582 3376 γῆ
606 3307 860 3376 γλυπτῶν
887 3311 1058 3360 ἐστιν.
1104 3307 1532 3379 Ἠττηθήσεσθαι
1555 3309 1613 3361 δὲ
1637 3309 1733 3378 τὴν
1755 3308 1979 3380 καρδίαν

395 3397 502 3450 τῶν
531 3398 842 3465 Αἰγυπτίων
866 3398 1049 3468 φησιν,
1081 3400 1584 3470 παραχωρήσασαν,
1612 3398 1687 3460 ῶς
1718 3416 1780 3468 γε
1803 3395 1976 3470 οἶμαι,

396 3489 456 3541 τὸ
484 3489 680 3560 χρῆναι
712 3490 867 3559 νικᾷν
896 3493 1005 3554 τοῖς
1037 3490 1412 3558 εύαγγελικοίς
1445 3490 1783 3560 κηρύγμασι,
1803 3491 1978 3544 καίτοι

397 3581 564 3634 πάλαι
589 3579 858 3650 θεομάχον
888 3576 1074 3643 οὖσαν,
1103 3582 1197 3633 καὶ
1226 3584 1339 3643 τοῖς
1375 3581 1474 3650 τῆς
1509 3581 1766 3652 ἀληθείας
1795 3578 1980 3645 ἀντεξ-

397 3671 635 3738 ἀγουσαν
673 3671 872 3739 λόγοις.
924 3671 1244 3742 Εὑρήσομεν
1284 3667 1378 3724 οὖν
1404 3672 1497 3724 τὸν
1524 3671 1722 3742 Φαραὼ
1746 3670 1983 3724 τοιοῦτον

395 3766 523 3819 ὅντα
549 3765 754 3834 σαφῶς.
803 3765 862 3816 Ὀ
886 3764 984 3834 μὲν
1008 3765 1115 3836 γὰρ
1142 3763 1464 3834 ἱεροφάντης
1499 3765 1703 3833 Μωσῆς
1748 3763 1984 3830 ἔφασκεν

397 3857 672 3929 ἐναργῶς·
716 3876 733 3907 ι
775 3858 834 3910 Ὀ
864 3855 994 3918 Θεὸς
1012 3855 1120 3908 τῶν
1162 3855 1428 3927 Ἑϐραίων
1466 3855 1806 3908 ἀπέσταλκεν
1839 3854 1985 3924 ἡμᾶς

397 3947 533 4020 πρὸς
563 3948 646 4013 σὲ,
677 3947 848 4016 λέγων
869 3963 882 3978 ·
913 3945 1324 4010 Ἐξαπόστειλον
1349 3945 1439 3997 τὸν
1466 3945 1592 3999 λαόν
1618 3962 1741 4014 μου,
1775 3944 1860 3996 ἵνα
1897 3945 1986 3997 λα-

398 4039 665 4112 τρεύσωσί
715 4055 805 4109 μοι
843 4041 899 4092 ἐν
945 4040 1009 4108 τῇ
1055 4038 1266 4108 ἐρήμῳ.
1316 4057 1333 4088 ι
1382 4037 1438 4090 '0
1479 4037 1534 4089 δὲ
1578 4037 1714 4107 πρὸς
1747 4036 1976 4098 αὐτούς·

406 4150 425 4181 ι
447 4130 540 4193 Τίς
569 4133 713 4182 ἐστιν
732 4169 747 4192 ,
774 4121 835 4180 οὗ
872 4126 1255 4194 εἰσακούσομαι
1283 4125 1383 4195 τῆς
1415 4125 1596 4195 φωνῆς
1627 4125 1792 4178 αὐτοῦ
1817 4141 1830 4188 ;
1865 4127 1978 4178 Οὐκ

399 4219 514 4274 οἶδα
536 4223 624 4274 τὸν
653 4221 877 4291 Κύριον,
907 4219 1000 4272 καὶ
1033 4219 1124 4271 τὸν
1183 4219 1397 4289 Ἰσραὴλ
1449 4217 1548 4269 οὐκ
1579 4216 1912 4270 ἀποστέλλω.
1951 4236 1970 4267 ι

2083 3233 2137 3270 ιιτ.
2163 3235 2260 3290 ego
2283 3219 2496 3288 quidem
2520 3219 2793 3280 existimo,
2849 3215 3002 3270 cedet
3033 3216 3361 3285 evangelicte
3389 3217 3650 3284 praedica-

2083 3309 2242 3371 tioui,
2295 3320 2352 3362 ut
2391 3310 2597 3379 primas
2649 3309 2788 3361 ferat
2826 3317 2880 3358 et
2924 3308 3168 3372 evincat,
3206 3307 3304 3361 etsi
3360 3307 3490 3361 olim
3529 3322 3652 3362 cum

2082 3400 2193 3454 D'o
2250 3398 2550 3464 bellaverit,
2601 3407 2657 3451 et
2702 3398 2916 3451 veritati
2966 3397 3237 3450 obstiterit
3273 3412 3286 3448 :
3322 3398 3479 3452 talem
3531 3413 3653 3454 esse

2081 3492 2415 3546 Pharaonem
2448 3489 2728 3544 tttattifeste
2755 3488 2920 3559 284
2945 3489 3300 3543 inveniemus.
3319 3489 3491 3543 Moses
3508 3491 3652 3543 enim

2079 3598 2356 3637 sacrorum
2406 3581 2633 3634 antistes
2689 3592 2876 3648 aperte
2928 3581 3106 3634 dixit:
3152 3598 3170 3630 ι
3225 3581 3362 3635 Dens
3406 3578 3656 3635 liebrzeo-

2084 3689 2201 3728 rum
2258 3674 2408 3728 misit
2455 3688 2554 3726 nos
2599 3671 2664 3725 ad
2701 3681 2772 3736 te,
2829 3671 3013 3724 dicens
3066 3686 3080 3722 :
3133 3670 3351 3725 Dimitte
3401 3672 3652 3740 populum

2082 3781 2257 3819 meum
2277 3775 2336 3817 ttt
2355 3765 2591 3819 serviant
2615 3765 2742 3817 mihi
2766 3765 2817 3816 in
2841 3779 3074 3817 eremo.»
3101 3761 3307 3829 Quibus
3331 3764 3416 3818 ille
3435 3781 3448 3816 :
3469 3782 3486 3814 ι
3521 3763 3654 3829 Quis

2082 3867 2161 3910 est
2179 3857 2202 3908 ?
2222 3874 2240 3908 ι
2267 3855 2455 3925 inquit.
2487 3873 2506 3907 ι
2527 3854 2642 3908 Νοιι
2670 3855 3081 3908 audiamvoeem
3105 3855 3252 3923 ejus;
3273 3872 3374 3908 non
3402 3858 3519 3909 ινινί
3546 3855 3654 3910 Do-

2085 3951 2311 4013 minum,
2337 3948 2660 4003 etlsraelem
2689 3964 2792 4000 non
2820 3946 3086 4000 dimittam
3122 3946 3190 3999 ⁸⁸.
3225 3965 3242 3996 t
3285 3947 3509 4001 Deﬁciet
3555 3947 3656 4016 igi-

2088 4052 2173 4094 tur
2193 4056 2288 4094 cor
2319 4054 2507 4095 corum
2541 4039 2593 4093 in
2627 4038 2844 4107 ipsis,id
2876 4047 2977 4098 est,
3013 4052 3116 4090 non
3140 4037 3244 4090 erit
3279 4039 3654 4092 reiractariunt

2083 4136 2134 4178 et
2169 4128 2436 4194 pertinax,
2483 4142 2587 4180 non
2623 4127 2815 4178 durum
2863 4134 2917 4177 et
2957 4126 3346 4180 inemendabile
3393 4129 3654 4193 manebit,

2084 4216 2177 4269 sed
2217 4217 2654 4286 praedicationem
2686 4217 2866 4286 potius
2890 4215 3180 4268 salutarem
3207 4215 3474 4272 admittet.

413 4314 801 4384 ’Πττηθήσεται
831 4312 938 4380 γὰρ
973 4312 1005 4381 ή
1042 4309 1237 4378 καρδία
1274 4309 1452 4362 αὐτῶν
1482 4311 1538 4360 ἐν
1577 4310 1784 4372 αὐτοῖς,
1819 4309 1964 4361 τοῦτ’
1995 4307 2164 4373 ἔστιν,
2196 4310 2296 4362 οὐκ
2351 4308 2675 4380 ἄθραυστος,
2711 4307 2832 4361 οὐδὲ
2876 4305 3087 4376 σκληρά
3110 4347 3124 4370 ,
3168 4307 3261 4359 καὶ
3301 4308 3657 4379 ἀνουθέτητος

399 4406 670 4476 διαμενεῖ·
701 4403 1058 4472 παραδέξεται
1089 4403 1144 4454 δὲ
1181 4402 1378 4470 μᾶλλον
1412 4402 1472 4454 τὸ
1507 4402 1770 4472 σωτήριον
1795 4403 2071 4473 κήρυγμα.

475 4499 581 4551 Καὶ
654 4494 1154 4564 ἐπεγερθήσονται
1224 4494 1530 4562 Αἰγύπτιοι
1601 4494 1750 4558 πρὸς
1814 4497 1974 4561 Αἰγυ·

2158 4492 2318 4548 VERS.
2350 4493 2406 4555 2,
2455 4493 2508 4546 3.
2567 4489 2629 4542 Et
2676 4492 3076 4544 comitabuntur
3116 4491 3354 4559 {Egyptii
3407 4494 3656 4548 adversus

404 4591 634 4654 πῖίους,
659 4589 751 4642 καί
774 4585 1103 4654 πολεμήσει
1127 4583 1432 4651 ἅνθρωπος
1456 4585 1562 4637 τὸν
1587 4585 1852 4653 ἀδελφὸν
1878 4588 1982 4638 ai)-

402 4683 528 4742 τοῦ.
554 4680 650 4733 καὶ
686 4679 994 4746 ἅνθρωπος
1028 4675 1134 4728 τὸν
1160 4676 1428 4742 πλησίον
1458 4674 1667 4730 αὐτοῦ.
1710 4675 1816 4729 Καὶ
1875 4679 1979 4728 ἐπ-

402 4773 785 4842 εγερθήσεται
828 4771 1006 4832 πόλις
1044 4767 1141 4820 ἐπὶ
1169 4768 1384 4828 πόλιν,
1423 4767 1520 4821 καί
1544 4768 1727 4836 νομὸς
1762 4769 1856 4820 ἐπὶ
1884 4786 1980 4820 νο-

397 4866 514 4932 μόν
539 4863 637 4932 (ι).
671 4861 782 4916 Καὶ
813 4857 1248 4927 ταραχθήσεται
1293 4859 1359 4911 τὸ
1393 4858 1627 4926 πνεῦμα
1665 4856 1784 4910 τῶν
1804 4861 1980 4928 Αἰγυ-

401 4956 586 5007 πτίων
613 4953 682 5006 ἐν
705 4953 929 5016 αὐτοῖς,
965 4950 1062 5002 καὶ
1092 4948 1207 5017 τὴν
1238 4950 1484 5017 βουλὴν
1514 4947 1714 5002 αὐτῶν
1745 4948 1976 5004 διησκε-

400 5045 584 5098 δάσω.

470 5133 660 5197 Τοῦτο,
700 5127 872 5202 οἶμαι,
904 5132 1049 5183 ἐστὶν
1066 5129 1308 5200 ἐναργῶς
1337 5128 1520 5200 ἕτερον
1548 5129 1722 5193 οὐδὲν,
1751 5130 1782 5200 ἢ
1812 5131 1984 5182 ἐκεῖνό

403 5242 505 5276 που
546 5226 760 5287 πάντως
806 5223 941 5292 ὅπερ
976 5222 1078 5292 ἔφη
1110 5221 1342 5291 Χριστός
1366 5238 1381 5251 ·
1419 5241 1434 5270 ι
1484 5223 1573 5291 Μὴ
1617 5221 1874 5290 νομίσητε
1903 5221 1984 5274 ὅτι

400 5314 561 5387 ἦλθον
593 5317 771 5386 βαλεῖν
798 5315 1018 5385 εἰρήνην
1049 5315 1140 5366 ἐπὶ
1164 5314 1259 5385 τὴν
1289 5315 1390 5384 γῆν
1412 5327 1425 5341 ⁶
1468 5315 1567 5366 οὐκ
1600 5309 1764 5384 ἦλθον
1805 5315 1983 5384 βαλεῖν

400 5410 641 5481 εἰρήνην,
667 5409 802 5462 ἀλλά
837 5409 1127 5478 μάχαιραν.
1163 5403 1364 5458 Ἦλθον
1394 5405 1500 5476 γάρ
1534 5405 1750 5475 διχάσαι
1773 5405 1982 5477 ἀνθρω-

474 5564 519 5594 ⁵⁵
556 5565 720 5618 Exod.
760 5579 811 5628 v,
851 5563 903 5620 2.
942 5563 995 5620 '5.

476 5742 550 5810 tl)
581 5741 741 5806 LXX,
780 5741 938 5811 νόμος
973 5740 1065 5793 ἐπὶ
1093 5739 1275 5810 νόμον,
1311 5738 1392 5793 (ea;
1435 5741 1486 5792 in
1521 5736 1705 5808 legem.

2087 4583 2388 4654 ngyptios,
2433 4593 2480 4635 et
2538 4581 2847 4649 oppugnabit
2899 4580 3052 4632 homo
3113 4579 3330 4648 fratrem
3383 4597 3554 4642 suum,
3607 4592 3655 4633 ct

2086 4682 2238 4728 homo
2270 4675 2495 4728 vicinum
2525 4689 2698 4727 suum.
2741 4671 2804 4724 Et
2847 4671 3199 4724 concitubitttr
3251 4671 3428 4722 ciuitas
3476 4684 3656 4726 contra

2084 4768 2368 4829 civitatem,
2403 4777 2448 4820 et
2473 4765 2782 4834 prwfeclum
2810 4764 3270 4830 inprmfecturam.
3307 4759 3656 4814 Conturbabi-

2085 4869 2172 4912 tur
2205 4857 2425 4924 spiritus
2450 4854 2826 4925 zEgyptiorum
2853 4857 2904 4908 in
2926 4856 3071 4923 ἱμδὶδ,
3096 4863 3142 4905 rt
3178 4852 3450 4906 consilium
3477 4869 3657 4906 eorum

2081 4949 2368 5018 dissipabo.

2161 5127 2269 5180 lloc
2310 5126 2464 5194 plane
2503 5123 2646 5178 aliud
2696 5122 2828 5177 nihil
2868 5132 2973 5184 est,
3027 5121 3283 5178 arbitror.
3323 5132 3482 5186 quam
3515 5119 3656 5186 quod

2087 5222 2223 5275 dixit
2248 5219 2496 5273 Christus
2534 5235 2548 5272 :
2587 5234 2604 5267 ι
2639 5215 2814 5270 Nolite
2849 5226 3040 5282 putare
3080 5227 3164 5266 me
3198 5212 3408 5266 venisse
3437 5209 3505 5263 ad
3541 5212 3659 5264 mit-

2089 5312 2304 5365 tendum
2337 5326 2522 5376 pacem
2571 5311 2622 5363 iu
2675 5318 2898 5376 terram;
2931 5322 3034 5362 non
3071 5307 3191 5360 veni
3232 5315 3290 5359 ut
3318 5304 3528 5358 mittam
3561 5319 3659 5373 pa-

2086 5420 2223 5470 cem,
2251 5406 2342 5456 sed
2371 5403 2628 5474 gladium.
2684 5401 2815 5456 chi
2853 5400 2998 5455 enim
3045 5408 3104 5453 ut
3149 5395 3412 5454 dissidere
3462 5396 3657 5451 faciam
