4148 6378
504 355 613 411 455

1496 352 1552 408 5.
1595 350 1873 408 CYRILIJ
1914 349 2387 408 ALEXANDRINI
2419 350 2751 407 'ARCHIEP.

3663 345 3772 408 456

507 468 781 525 hominem
813 475 1001 523 contra
1057 475 1264 537 patrem
1323 481 1505 533 stium,
1570 476 1625 520 et
1681 466 1846 521 ﬁliam
1893 475 2080 522 contra

2192 484 2288 520 πον
2319 465 2461 520 κατὰ
2493 465 2588 519 τοῦ
2618 466 2823 537 πατρὸς
2850 464 3040 532 αὑτοῦ,
3066 466 3161 521 καί
3203 467 3477 539 θυγατέρα
3509 468 3649 521 κατὰ
3673 471 3770 540 τῆς

508 576 735 617 ιιιιιιιιωιι
767 578 941 625 suam,
972 571 1029 616 et
1064 575 1257 614 nurum
1301 570 1489 614 contra
1547 575 1763 615 SOCI'IIITI
1803 576 1979 626 suam,
2029 568 2088 614 et

509 655 712 707 inimici
747 668 941 708 omnes
971 654 1217 707 homines
1243 652 1333 721 qtti
1368 652 1421 704 iu
1450 654 1610 705 domo
1641 651 1759 721 ejus
1802 663 1926 707 sunt
1961 651 2031 705 ⁸⁸.
2062 669 2082 703 ι

506 744 845 801 Proclatnata
881 744 1024 799 enim
1047 744 1228 797 divina
1264 753 1313 796 et
1346 745 1656 813 evangelica
1686 746 2087 813 praedicatione,

504 836 853 890 Ollsmvultlia
902 850 1027 904 ergo
1082 845 1337 904 parentes
1384 836 1711 902 posthabita,
1767 836 1982 890 inimica
2025 852 2090 890 ac

514 926 683 979 invisa
719 926 848 994 ipsis
894 925 1198 993 cogitarunt
1255 926 1521 987 homines,
1587 934 1641 979 et
1693 926 1833 979 bello
1883 935 2088 980 tantum

506 1033 612 1070 non
661 1032 756 1085 pro
792 1018 907 1085 lege
956 1026 1267 1080 concitato,
1323 1017 1374 1067 in
1423 1015 1620 1069 fratres
1658 1017 2085 1070 insurrexerunt.

509 1108 586 1162 Illi
626 1110 771 1162 enim
808 1109 1111 1161 inveterato
1141 1107 1476 1175 indulgentes
1511 1108 1707 1172 errori,
1736 1116 1792 1162 et
1814 1108 1881 1161 ad
1923 1107 2091 1163 idolo-

509 1216 628 1255 rum
672 1200 998 1268 imposturas
1031 1198 1218 1251 eiii-eui
1254 1213 1412 1251 cursu
1451 1208 1792 1267 proruentes,
1821 1198 1942 1253 ﬁdei
1974 1216 2090 1254 sero

514 1307 728 1345 nionem
783 1304 889 1343 non
927 1288 1214 1358 recipiunt.
1255 1287 1319 1342 Ili
1356 1298 1534 1341 autem
1580 1288 1863 1344 ridiculum
1896 1299 1953 1344 et
1992 1290 2092 1344 itu—

510 1382 654 1450 pium
704 1380 923 1434 omnino
954 1384 1078 1443 rati,
1106 1379 1243 1433 velle
1276 1380 1403 1433 deos
1454 1394 1482 1432 a
1533 1393 1592 1433 se
1643 1378 1938 1435 fabricatos
1996 1381 2091 1434 ad-

509 1488 688 1536 orare,
737 1474 803 1526 ad
834 1472 1078 1525 veritatis
1106 1485 1382 1525 sermones
1434 1470 1805 1535 convolarunt,
1857 1479 1911 1524 et
1964 1486 2091 1527 cum

514 1565 644 1618 olim
674 1567 829 1635 longe
862 1564 1136 1626 abessent,
1178 1561 1304 1616 facti
1338 1571 1462 1615 sunt
1488 1563 1797 1632 propinqui,
1831 1573 1882 1617 et
1914 1564 2093 1618 decla-

522 1654 625 1707 rati
657 1669 753 1723 per
785 1652 943 1707 [idem
984 1651 1264 1706 domestici
1303 1651 1524 1715 Christi,
1562 1667 1626 1705 ac
1670 1651 1868 1715 intimi,
1903 1661 1954 1706 et
1981 1652 2091 1721 spei

511 1755 821 1801 sanctorum
860 1755 913 1797 et
940 1743 1060 1797 ﬁdei
1089 1744 1141 1797 in
1177 1741 1430 1797 saeculum
1465 1744 1737 1797 duratum
1767 1744 1952 1813 scripti
1980 1744 2093 1798 ha:-

2192 554 2397 624 μητρὸς
2424 556 2615 625 αὐτῆς,
2632 557 2727 610 καὶ
2756 556 2976 627 νύμφην
2992 556 3133 611 κατὰ
3156 558 3255 629 τῆς
3292 559 3559 629 πενθερᾶς
3578 562 3768 631 αὐτῆς.

2189 648 2285 700 καὶ
2337 647 2522 717 ἐχθροὶ
2554 647 2756 711 πάντες
2779 650 2828 701 οἰ
2856 648 3049 720 ἄνδρες
3078 650 3127 701 οἰ
3161 651 3218 702 ἐν
3244 649 3321 721 τῷ
3345 651 3478 721 οἴκῳ
3516 651 3703 707 αὑτοῦ.
3746 671 3765 704 ι

2203 738 2672 809 Ἀναφωνηθέντος
2692 739 2799 810 γὰρ
2821 740 2921 811 ήδη
2942 740 3034 792 τοῦ
3057 739 3201 794 θείου
3222 758 3282 794 τε
3302 741 3396 794 καὶ¹
3416 742 3769 811 εὐαγγελικοῦ

2189 832 2566 904 κηρύγματος,
2608 833 2703 887 καὶ
2725 833 2824 904 τῆς
2850 834 2932 896 εἰς
2952 833 3144 901 γονέας
3173 834 3351 897 αἰδοῦς
3388 835 3768 907 κατημεληκό-

2189 940 2280 987 τες
2310 922 2607 995 ἄνθρωποι,
2644 926 3050 995 πεφρονήκασιν
3088 925 3259 997 ἐχθρὰ
3288 926 3381 979 καὶ
3423 927 3772 997 μεμισημένα

2191 1014 2398 1077 αὐτοῖς,
2415 1014 2511 1067 καὶ
2536 1016 2818 1085 μονονουχὶ
2837 1015 2927 1068 τὸν
2950 1015 3189 1086 πολέμου
3212 1015 3374 1087 νόμον
3392 1016 3768 1088 ἐξηρτυμένοι,

2191 1108 2667 1178 κατεξανέστησαν
2706 1108 2971 1176 ἀδελφῶν.
3029 1110 3093 1161 Ui
3146 1108 3246 1180 μὲν
3302 1108 3411 1179 γὰρ
3455 1113 3520 1181 τῇ
3568 1110 3773 1182 ἀρχαίᾳ

2192 1198 2644 1270 συναγορεύοντες
2676 1199 2872 1271 πλάνῃ,
2908 1200 3002 1253 καὶ
3040 1203 3162 1265 ταῖς
3211 1200 3319 1254 τῶν
3363 1202 3595 1256 εἰδώλων
3625 1202 3771 1257 άπά-

2189 1309 2311 1356 ταις
2336 1291 2606 1362 ἁχαλίνως
2645 1292 3117 1361 προσνενευκότες,
3143 1293 3521 1365 ἁπαράδεκτον
3552 1295 3768 1351 ποιοῦν-

2191 1404 2281 1439 ται
2316 1386 2408 1439 τὸν
2446 1385 2546 1455 τῆς
2593 1385 2829 1449 πίστεως
2867 1386 3041 1454 λόγον.
3087 1388 3150 1439 Οἰ
3196 1386 3253 1439 δὲ
3294 1387 3692 1457 καταγέλαστόν
3721 1408 3773 1444 τι

2193 1475 2386 1547 χρῆμα
2415 1475 2510 1529 καὶ
2553 1475 2768 1529 ἀνόσιον
2813 1475 3093 1539 παντελῶς
3131 1476 3424 1547 ἡγούμενοι
3451 1478 3772 1549 προελέσθαι

2194 1568 2519 1639 προσκυνεῖν
2554 1570 2668 1631 τοῖς
2702 1569 2832 1634 παρ’
2858 1567 3038 1621 αὐτῶν
3065 1571 3578 1641 τεχνουργουμένοις
3608 1572 3770 1637 θεοῖς,

2192 1663 2305 1723 τοῖς
2338 1659 2445 1730 τῆς
2476 1658 2735 1729 ἀληθείας
2760 1660 3277 1731 προσδεδραμήκασι
3315 1662 3493 1730 λόγοις
3554 1666 3646 1717 καὶ
3671 1683 3773 1733 μα-

2193 1752 2332 1824 κρὰν
2366 1753 2518 1816 ὄντες
2547 1752 2697 1815 ποτὲ,
2727 1752 3012 1820 γεγόνασιν
3034 1753 3221 1821 ἐγγὺς,
3241 1754 3333 1806 καὶ
3349 1757 3534 1807 οἰκεῖοι
3563 1755 3650 1808 διὰ
3675 1757 3773 1824 τῆς

514 1840 691 1891 redes.
720 1835 1012 1891 Concussis
1040 1834 1223 1904 igitur,
1256 1835 1348 1899 ait,
1381 1834 1709 1889 manufactis
1755 1834 1996 1907 Egypti,
2028 1851 2090 1891 eo

2197 1845 2434 1908 πίστεως
2467 1843 2900 1914 ἀναδεδειγμένοι
2952 1845 3211 1914 Χριστοῦ,
3270 1847 3401 1900 εἵσω
3431 1864 3490 1899 τε
3518 1849 3772 1916 γεγόνασι

512 1930 654 1997 quod
678 1926 742 1980 ad
769 1942 888 1981 eam
922 1927 1101 1981 veniat
1134 1927 1389 1980 Dominus
1434 1928 1485 1979 iu
1528 1928 1669 1981 nube
1719 1928 1844 1991 levi,
1900 1943 2093 1995 magna

510 2021 614 2074 erit
650 2019 976 2073 familiarum
1024 2028 1078 2073 et
1126 2029 1477 2087 cognatorum
1522 2020 1809 2086 dissensio,
1853 2029 1907 2074 et
1936 2019 2091 2084 bella,

512 2120 621 2162 ttun
650 2108 982 2178 singulorum
1009 2147 1023 2172 ,
1065 2119 1172 2162 tum
1215 2110 1587 2163 universorum
1643 2128 1655 2163 :
1709 2111 1777 2163 ita
1820 2119 1878 2165 ut
1906 2111 2096 2165 civitas

512 2201 564 2255 in
592 2201 893 2264 civitatem,
930 2198 1251 2267 praefectura
1291 2201 1343 2254 in
1374 2201 1747 2270 praefecturam
1777 2203 2093 2272 impressio-

512 2308 635 2345 nem
671 2292 745 2346 sit
790 2290 1019 2345 iactura.
1060 2290 1263 2346 Nonnus
1304 2304 1485 2345 autent
1528 2292 1727 2346 dicitur
1772 2293 1841 2347 ab
1875 2292 1958 2346 llis
2002 2293 2092 2361 qui

516 2383 791 2450 regionem
824 2380 1204 2453 Egyptiorum
1258 2383 1421 2454 285
1462 2385 1724 2449 incolunt,
1765 2400 2095 2455 unaquaeque

510 2474 702 2526 tivitas
743 2482 798 2527 et
838 2475 1003 2528 vicini
1050 2476 1187 2544 agri,
1227 2486 1281 2529 et
1327 2478 1444 2545 pagi
1486 2492 1576 2545 qut
1612 2478 1661 2531 ei
1721 2478 1971 2541 subsunt,
2028 2492 2095 2531 ac

516 2562 641 2613 trita
682 2572 766 2615 est
805 2562 943 2631 apud
979 2579 1073 2617 eos
1106 2566 1218 2619 lucc
1256 2565 1445 2619 dictio.
1481 2566 1683 2621 Deinde
1707 2568 1782 2620 ait
1828 2584 1843 2621 :
1880 2567 2092 2622 Turba-

512 2652 658 2706 bitur
706 2653 934 2723 spiritus
978 2654 1355 2726 Egyptiorum
1410 2657 1463 2710 in
1512 2658 1663 2726 ipsis,
1714 2671 1769 2712 et
1807 2659 2091 2714 consilium

512 2762 700 2800 eorum
736 2748 1032 2816 dissipabo.
1069 2749 1310 2805 Dicimus
1350 2760 1530 2805 autem
1562 2753 1703 2821 quod
1735 2768 1859 2805 cum
1913 2753 2089 2807 diver-

513 2839 588 2893 sis
628 2840 960 2895 dissidcreut
1013 2842 1379 2910 opinionibus,
1429 2843 1736 2897 tumnltuati
1795 2854 1923 2898 sunt
1984 2858 2090 2898 non

514 2930 1035 2987 mediocriterzsed
1088 2949 1209 2987 cum
1262 2936 1467 2989 seducti
1524 2936 1709 2990 turbas
1767 2936 2088 3000 excitarent,

514 3028 569 3071 et
595 3019 731 3074 bella
761 3031 951 3075 contra
988 3024 1295 3089 credentes,
1345 3026 1711 3079 universitatis
1771 3026 1936 3080 Deum
1979 3026 2093 3082 bel-

515 3110 714 3165 lantem
754 3127 877 3167 cum
912 3114 1045 3182 ipsis
1079 3124 1134 3169 et
1166 3128 1549 3185 repugnantem
1592 3117 1887 3171 invenient.
1926 3118 2092 3173 Dissi—

2165 1928 2296 2009 ’τῆς
2324 1938 2431 1991 τῶν
2456 1938 2627 2006 ἁγίων
2650 1937 2882 1999 ἐλπίδος,
2909 1938 3004 1991 καὶ
3028 1937 3352 2009 κληρονόμοι
3380 1939 3641 1993 τέθεινται
3672 1941 3775 2009 τῆς

2195 2031 2274 2093 εἰς
2294 2030 2466 2084 αἰῶνα
2493 2028 2659 2101 ζωῆς.
2700 2030 3227 2100 Κατασεσεισμένων
3247 2030 3445 2094 τοίνυν,
3490 2032 3642 2102 φησὶ.
3666 2033 3773 2085 τῶν

2194 2122 2588 2193 χειροποιήτων
2641 2120 2945 2190 Αἰγύπτου,
2996 2120 3088 2175 διὰ
3116 2121 3176 2175 τὸ
3204 2121 3379 2177 ἐλθεῖν
3430 2122 3489 2175 ἐν
3521 2122 3655 2194 αὐτῇ
3682 2122 3773 2174 τὸν

2194 2214 2399 2283 Κύριον
2426 2213 2519 2266 ἐπὶ
2537 2211 2767 2283 νεφέλης
2785 2211 3017 2282 κούφης,
3051 2212 3417 2275 ἐπανάστασις
3436 2210 3586 2267 ἔσται
3606 2211 3773 2281 πολλή

2192 2306 2290 2358 καὶ
2320 2303 2535 2357 οἰκείων
2566 2304 2662 2357 καὶ
2692 2303 2994 2372 συγγενῶν,
3051 2302 3147 2357 καὶ
3197 2302 3322 2357 καθ’
3363 2304 3462 2358 Eva.
3507 2305 3602 2357 καὶ
3631 2303 3774 2357 κατὰ

2194 2395 2407 2466 πληθὺν
2467 2396 2515 2449 οἰ
2565 2396 2814 2466 πόλεμοι,
2861 2395 3002 2449 ὥστε
3036 2398 3129 2449 καὶ
3162 2395 3315 2449 πόλιν
3363 2397 3458 2450 καὶ
3493 2395 3655 2467 νομὸν
3681 2395 3774 2448 ἐπὶ

2193 2486 2357 2553 νομὸν
2381 2488 2648 2539 ποιεῖσθαι
2674 2486 2771 2550 τὰς
2802 2487 3040 2556 ἐφόδους.
3071 2487 3251 2558 Νομὺς
3282 2488 3338 2541 δὲ
3365 2487 3578 2557 λέγεται
3625 2486 3775 2557 παρὰ

2191 2581 2308 2642 τοῖς
2333 2579 2433 2649 τὴν
2459 2578 2775 2647 Αἰγυπτίων
2812 2578 3018 2632 οἰκοῦσι
3042 2575 3243 2650 χώραν,
3268 2578 3470 2647 ἑκάστη
3502 2576 3655 2641 πόλις
3679 2577 3776 2630 καὶ

2192 2673 2250 2727 αἱ
2278 2672 2608 2743 περιοικίδες
2629 2673 2800 2742 αὐτῆς
2843 2672 2937 2726 καὶ
2963 2674 3018 2725 αἰ
3044 2672 3135 2724 ὑπ’
3158 2672 3296 2742 αὐτῇ
3318 2670 3535 2741 κῶμαιο
3566 2670 3663 2724 καὶ
3689 2669 3776 2723 τέ-

2191 2780 2418 2833 τριπται
2444 2764 2572 2833 παρ’
2605 2764 2788 2826 αὐτοῖς
2814 2764 2847 2832 ή
2878 2762 3053 2815 τοιάδε
3081 2764 3251 2832 φωνή.
3298 2757 3433 2814 Εἶτά
3468 2778 3661 2830 φησιν,
3690 2760 3774 2814 ὅτι

2194 2855 2609 2926 Ταραχθήσεται
2656 2854 2716 2906 τὸ
2756 2852 2971 2923 πνεῦμα
3005 2852 3113 2907 τῶν
3142 2853 3451 2922 Αἰγυπτίων
3484 2854 3542 2905 ἐν
3568 2852 3769 2916 αὐτοῖς,

2194 2948 2290 3001 καὶ
2310 2947 2408 3018 τὴν
2431 2945 2625 3017 βουλὴν
2650 2945 2829 2999 αὐτῶν
2857 2946 3213 3000 διασκεδάσω.
3244 2945 3429 3015 Φαμὲν
3463 2944 3521 2997 δέ
3548 2945 3628 2998 ὅτι
3658 2944 3775 2998 διά-

2195 3055 2359 3108 φορον
2392 3037 2687 3108 ἐσχηκότες
2708 3039 2829 3090 κατ’
2864 3036 3107 3107 ἀλλήλων
3134 3035 3195 3089 τὸ
3229 3036 3506 3107 φρόνημα,
3550 3034 3774 3105 τεθορύ-

2195 3132 2390 3201 δηνται
2417 3131 2516 3201 μὲν
2545 3132 2605 3184 οὐ
2631 3130 2896 3201 μετρίως“
2940 3129 3335 3190 ἐπαναστάσεις
3364 3128 3422 3180 δὲ
3466 3129 3556 3180 καὶ
3596 3127 3774 3198 μάχας

514 3204 652 3271 paho
684 3205 850 3268 enim,
880 3207 1071 3276 inquit,
1096 3208 1333 3278 ipsorum
1367 3211 1615 3274 consilia,
1643 3212 1692 3265 id
1723 3223 1829 3275 est,
1879 3227 2090 3267 omnem

2202 3225 2535 3295 μελετῶντες
2561 3222 2705 3277 κατὰ
2728 3222 2835 3276 τῶν
2862 3220 3300 3275 πεπιστευκότων
3329 3221 3378 3272 οἰ
3414 3218 3769 3289 πλανώμενοι,

508 3312 699 3349 eorum
734 3299 1009 3352 solertiam
1045 3315 1234 3353 vanam
1268 3315 1390 3355 esse
1421 3304 1724 3370 ostendant,
1772 3312 1827 3359 et
1881 3304 2096 3361 inutiles

511 3387 733 3441 otnuino
776 3397 1001 3443 conatus
1053 3389 1261 3443 illorum
1308 3390 1400 3460 qui
1444 3393 1704 3447 adversus
1747 3407 1844 3448 eos
1891 3393 1983 3464 qui
2028 3397 2093 3449 ad

517 3494 603 3534 me
627 3478 965 3551 confugiunt,
1001 3481 1377 3539 intenduntur.

587 3762 752 3819 Vens.
786 3764 836 3817 ι.
888 3764 953 3818 Ει
996 3768 1392 3837 interrogabant
1426 3772 1550 3824 deos
1585 3787 1706 3826 suos
1735 3783 1782 3826 et
1808 3772 2091 3828 simulacra

512 3865 696 3915 sua,et
728 3869 813 3906 eos
841 3855 929 3921 qui
961 3858 1025 3909 de
1045 3864 1184 3909 terra
1219 3875 1387 3912 vocem
1425 3860 1612 3925 edunt,
1644 3870 1688 3915 et
1717 3863 2089 3934 ventriloquos,

510 3958 559 3997 et
592 3946 806 3998 ariolus.
844 3945 908 3998 Et
939 3951 1147 4001 tradam
1175 3948 1465 4019 ngyptum
1496 3954 1551 4005 in
1605 3971 1789 4010 manus
1825 3958 2090 4010 hominum

515 4040 844 4090 dominorum
880 4038 1155 4103 durarunt,
1206 4053 1254 4095 et
1306 4059 1449 4113 reges
1504 4048 1627 4099 duri
1685 4050 2093 4102 dominabuntur

516 4144 640 4194 ενδιδ

599 4302 901 4370 Quomodo,
930 4318 983 4359 et
1005 4322 1111 4376 quo
1141 4311 1301 4363 etiam
1330 4320 1595 4381 tempore,
1617 4315 1866 4373 salutaris
1900 4320 2093 4387 pnedi-

522 4397 753 4449 rationis
789 4398 1007 4452 divitias
1030 4403 1339 4470 acreperint
1368 4403 1627 4475 Aigyptii,
1652 4411 1890 4463 studiose
1928 4426 2091 4464 Cuna-

2199 3316 2541 3387 πολεμοῦντα
2589 3316 2772 3377 αὐτοῖς
2806 3313 2901 3366 καὶ
2945 3311 3314 3382 ἀνθεστηκότα
3346 3309 3436 3363 τὸν
3482 3309 3590 3362 τῶν
3635 3309 3771 3360 ὅλων

2197 3410 2487 3482 εὑρήσουσι
2511 3409 2666 3461 Θεόν.
2688 3405 3037 3460 Διασκεδάσω
3081 3403 3188 3475 γὰρ
3221 3403 3396 3456 αὐτῶν
3416 3402 3513 3463 τὰς
3555 3400 3769 3471 βουλὰς,

2197 3502 2382 3572 φησὶν,
2417 3500 2562 3553 τοῦτ’
2593 3499 2731 3563 ἐστι,
2764 3498 2946 3551 πᾶσαν
2975 3495 3154 3549 αὐτῶν
3184 3495 3373 3563 σκέψιν
3395 3492 3607 3546 εἰκαίαν
3634 3492 3771 3544 ἁπο-

2196 3590 2370 3659 φανῶ.
2429 3591 2520 3643 καὶ
2571 3589 2803 3657 ἀνόνητα
2859 3587 3157 3647 παντελῶς·
3192 3584 3261 3637 τὰ
3310 3584 3453 3637 κατὰ
3497 3582 3607 3635 τῶν
3647 3583 3773 3653 ἐμοὶ

2195 3681 2758 3753 προσδεδραμηκότων
2792 3680 3243 3757 ἐπιχειρήματα..

2266 3772 2377 3824 Καὶ
2405 3772 2852 3838 ἐπερωτήσουσι
2883 3768 3023 3834 τοὺς
3062 3766 3237 3833 θεοὺς
3286 3765 3506 3830 αὐτῶν,
3562 3766 3659 3820 καὶ
3698 3765 3771 3821 τὰ

2193 3861 2506 3933 ἀγάλματα
2535 3861 2750 3927 αὐτῶν,
2779 3861 2876 3913 καὶ
2926 3861 3067 3926 τοὺς
3100 3859 3169 3913 ἐκ
3200 3858 3310 3927 τῆς
3353 3858 3466 3928 γῆς
3502 3856 3771 3927 φωνοῦν-

2195 3974 2320 4022 τας,
2350 3956 2450 4009 καὶ
2476 3955 2618 4020 τοὺς
2639 3953 3165 4023 ἐγγαστριμύθους,
3186 3952 3284 4004 καὶ
3315 3949 3456 4015 τοὺς
3477 3950 3767 4018 γνὼστας.

2192 4050 2301 4103 Καὶ
2348 4046 2679 4117 παραδώσω
2732 4047 3035 4114 Αἴγυπτον
3076 4047 3164 4108 εὶς
3198 4042 3399 4112 χεῷας
3449 4040 3771 4110 ἀνθρώπων

2193 4139 2414 4205 κυρίων
2449 4136 2762 4205 σκληρῶν·
2815 4136 2914 4191 καὶ
2946 4136 3229 4201 ,βασιλεῖς
3252 4135 3507 4202 σκληροὶ
3537 4136 3768 4202 accpiet}-

2192 4245 2413 4284 σουσιν
2434 4231 2649 4284 αὐτῶν.

2262 4325 2396 4378 Τίνα
2430 4324 2492 4393 δὴ
2531 4325 2752 4396 τρόπον,
2783 4325 2814 4394 ἢ
2857 4322 2995 4376 κατὰ
3019 4325 3168 4375 ποῖον
3190 4323 3324 4383 ὅλως
3362 4321 3571 4392 καιρὸν,
3604 4320 3771 4386 Αίγύ-

2195 4434 2343 4470 πτιοι
2392 4417 2805 4486 πεπλουτήκασι
2836 4416 2894 4468 τὸ
2942 4417 3210 4484 σωτήριον
3248 4416 3530 4484 κήρυγμα,
3567 4413 3767 4483 σπουδὴ

522 4493 611 4538 tur
637 4488 898 4555 propheta
924 4490 1234 4557 explanare.
1273 4492 1583 4564 Sensusque
1612 4498 1849 4554 historiae
1892 4503 1974 4556 his
1997 4505 2089 4571 qui

2192 4508 2267 4578 τῷ
2300 4509 2551 4578 προφήτῃ
2582 4507 2921 4579 διατρανοῦν.
2957 4508 3070 4558 υὺκ
3100 4507 3353 4573 ἀνόνητος
3380 4505 3437 4557 δὲ
3476 4506 3575 4574 τῆς
3626 4506 3768 4556 ἱστο-

521 4591 700 4629 rerum
734 4578 993 4633 bonarum
1024 4582 1203 4636 studio
1253 4593 1523 4650 tenentur,
1571 4604 1676 4642 non
1726 4593 1829 4645 erit
1864 4593 2088 4648 inutilis.

517 4667 652 4721 Cum
692 4678 959 4725 vastasset
1011 4673 1174 4742 igitur
1231 4675 1536 4732 Judaeorum
1586 4682 1857 4751 regionem
1893 4683 2096 4754 Vespa-

518 4761 728 4825 sianus,
758 4772 814 4816 et
843 4763 1172 4820 incendisset
1210 4766 1602 4840 Hierosolyma,
1643 4776 1894 4830 omnibus
1926 4778 2096 4847 copiis

517 4868 583 4907 ac
612 4854 820 4908 viribus
843 4854 1128 4911 descendit
1161 4858 1214 4912 in
1255 4858 1569 4931 Egyptum,
1617 4879 1777 4932 quam
1822 4868 1984 4921 etiam
2039 4869 2091 4922 in

519 4958 737 4997 manum
769 4959 920 4999 suam
953 4961 1017 4999 ac
1047 4957 1368 5014 potestatem
1410 4953 1636 5021 redegit.
1680 4954 1833 5020 Quod
1870 4958 2087 5025 quidem

520 5049 583 5087 ex
616 5035 891 5090 voluntate
945 5037 1036 5091 Dei
1098 5037 1245 5104 fecit,
1301 5042 1391 5110 qui
1446 5042 1810 5099 Romanorum
1862 5050 2091 5117 sceptris

520 5124 828 5190 provincias
858 5140 1046 5181 omnes
1066 5130 1227 5181 simul
1257 5139 1311 5184 et
1340 5131 1587 5187 civitates
1614 5133 1859 5202 subjecit.
1890 5137 2091 5193 Existi-

520 5228 736 5269 marunt
788 5218 1004 5286 quidem
1048 5219 1289 5291 Egyptii
1360 5222 1519 5280 facile
1579 5229 1855 5285 servitutis
1901 5231 2088 5302 jugum

523 5306 753 5373 eli'ugere
779 5323 837 5363 se
862 5310 1125 5378 potuisse,
1157 5328 1323 5383 seque
1354 5326 1507 5370 extra
1548 5317 1719 5373 aleam
1766 5321 2092 5389 captivitatis

525 5399 749 5466 positos,
782 5405 922 5469 quod
979 5406 1133 5473 aquis
1174 5407 1421 5475 plurimis
1475 5410 1650 5465 cincta
1689 5412 1868 5467 fuerat
1920 5415 2087 5484 regio.

527 5490 627 5543 Sed
651 5507 901 5547 errarunt
940 5512 968 5548 a
1013 5513 1127 5564 spe.
1183 5499 1323 5554 Deus
1366 5501 1510 5555 enim
1558 5503 1604 5557 si
1656 5505 1783 5573 quid
1831 5508 2092 5576 perlicere

528 5583 671 5648 velit,
712 5585 892 5637 omnia
933 5590 1130 5641 cedunt
1173 5589 1329 5645 facile
1380 5611 1392 5647 :
1444 5604 1497 5648 et
1551 5609 1669 5663 qum
1715 5597 1987 5655 inaccessa
2030 5607 2085 5653 et

592 5736 637 5766 ⁵⁸
678 5735 866 5791 Matth.
906 5756 995 5803 xx,
1034 5740 1245 5797 54-56.‘

2197 4600 2313 4669 ρίας
2347 4603 2374 4652 ὁ
2395 4601 2550 4667 λόγος
2580 4602 2693 4662 τοῖς
2746 4616 2809 4667 γε
2838 4599 2985 4663 ἅπαξ
3019 4598 3419 4669 χρηστομαθεῖν
3448 4595 3765 4667 ᾑρημένοις.

2191 4690 2567 4762 Καταδῃώσας
2600 4692 2777 4744 τοίνυν
2807 4692 2903 4760 τὴν
2928 4690 3037 4742 τῶν
3090 4689 3357 4743 Ἰουδαίων
3412 4687 3596 4760 χώραν
3633 4688 3768 4742 Οὑε-

2194 4783 2513 4845 σπασιανὸς,
2546 4784 2641 4837 καὶ
2674 4783 3072 4852 κατεμπρήσας
3098 4781 3169 4834 τὰ
3210 4780 3586 4850 Ἰεροσόλυμα,
3636 4795 3771 4831 παν-

2192 4876 2424 4946 στρατιᾷ
2485 4873 2862 4944 καταὸέϐηκεν
2906 4876 2986 4936 εἰς
3034 4876 3134 4943 τὴν
3194 4871 3505 4939 Αἰγυπτίων
3560 4868 3766 4940 χώραν,

2190 4966 2591 5037 χειρωσόμενος
2621 4966 2716 5019 καὶ
2765 4965 2957 5036 αὑτήν.
3000 4964 3171 5035 Ἔδρα
3196 4963 3252 5015 δὲ
3280 4961 3436 5014 τοῦτο
3475 4960 3618 5013 κατὰ
3644 4959 3768 5029 βού-

2191 5058 2347 5127 λησιν
2375 5057 2469 5110 τοῦ
2499 5056 2657 5121 Θεοῦ,
2709 5059 2822 5120 τοῖς
2882 5056 3168 5125 Ῥωμαίων
3209 5054 3572 5121 ὑποφέροντος
3633 5051 3766 5121 σκή-

2193 5164 2387 5217 πτροις
2430 5144 2615 5217 χώρας
2651 5163 2710 5198 τε
2768 5145 2986 5207 ἁπάσας
3044 5143 3179 5214 ὁμοῦ
3223 5145 3316 5197 καὶ
3361 5142 3563 5204 πόλεις.
3630 5140 3767 5193 Ἀλλ’

2193 5236 2362 5307 ῷοντο
2392 5237 2488 5306 μὲν
2505 5236 2796 5297 Αἰγύπτιοι
2829 5236 2920 5288 καὶ
2949 5234 3231 5301 διαφυγεῖν
3263 5228 3524 5284 δύνασθαι
3571 5227 3768 5300 ῥᾳδίως

2194 5328 2285 5381 τὸν
2316 5328 2416 5396 τῆς
2453 5327 2699 5391 δουλείας
2722 5326 2905 5395 ζυγὸν,
2931 5322 3072 5379 εἷναί
3091 5342 3149 5378 τε
3174 5322 3440 5378 ἀνάλωτοι
3467 5318 3767 5382 παντελῶς,

2196 5420 2369 5474 διάτοι
2395 5420 2456 5473 τὸ
2488 5420 2762 5482 πλείστοις
2793 5419 2948 5472 ὕδασι
2963 5416 3249 5481 διεζῶσθαι
3271 5414 3369 5486 τὴν
3389 5412 3596 5484 χώραν.
3628 5410 3770 5465 Ἀλλ’

2196 5513 2549 5582 ἡμαρτήκασι
2594 5512 2693 5580 τῆς
2743 5510 2975 5574 ἐλπίδος.
3032 5507 3167 5562 Θεοῦ
3211 5510 3319 5578 γάρ
3365 5523 3418 5559 τι
3474 5501 3771 5573 κατορθοῦν

2192 5600 2485 5666 ἐθέλοντος,
2512 5600 2687 5655 πάντα
2720 5601 2934 5654 ὑπείκει
2990 5600 3207 5672 ῥᾳδίως,
3263 5599 3358 5650 καὶ
3405 5597 3474 5652 τὰ
3505 5594 3770 5665 ἀνέφικτα
