4148 6378
352 408 451 467 ιξςν

1452 398 1519 453 IN
1559 397 1786 452 lSAlMl
1830 395 1957 451 LIB.
2000 395 2063 449 ll.
2106 392 2341 451 TOMUS
2380 394 2468 451 IV.
3494 402 3595 455 833

351 503 443 556 καὶ
465 499 738 569 δυσήνυτα
792 494 1107 567 παραδόξως
1132 494 1615 564 κατευμαρίζεται.
1665 493 1778 563 Τὴν
1817 492 1925 562 γὰρ

2032 492 2252 546 immota
2296 501 2443 557 sunt,
2478 491 2754 560 inopinato
2796 492 3147 562 dissipantur.
3206 491 3418 547 Manum
3451 509 3595 550 enim

350 597 507 663 χεῖρα
532 591 630 661 τὴν
655 588 863 660 ὑψηλὴν
893 588 977 651 τίς
1005 586 1341 658 ἀποστρέψει
1373 602 1388 651 ;
1416 584 1558 638 κατὰ
1584 584 1646 637 τὸ
1674 602 1923 656 γεγραμ-

351 686 532 753 μένον.
594 680 916 751 Συμῦέϐηκε
968 679 1148 732 τοίνυν
1214 679 1392 732 πάντα
1452 678 1519 731 τὰ
1568 678 1696 749 παρ’
1740 677 1924 739 αὐτοῖς

350 773 565 835 ὓδατος,
598 771 669 824 τά
696 786 755 822 τε
784 771 841 822 ὲν
866 768 1104 838 λίμναις,
1135 768 1229 820 καὶ
1264 767 1362 836 μέν
1402 783 1481 819 τοι
1528 766 1623 818 καὶ
1661 766 1923 834 ποταμοῖς

348 864 713 933 ἀφανισθῆναι
745 861 1042 924 παντελῶς,
1082 861 1159 924 ὡς
1199 859 1528 914 διοδεύεσθαι
1558 858 1734 912 ποσίν.
1771 856 1925 911 Οὕτω

347 975 407 1010 τε
429 956 615 1009 λοιπὸν
644 955 961 1025 δυσχερείας
995 954 1215 1024 ἁπάσης
1240 951 1582 1023 ἐψιλωμένην
1617 950 1713 1021 τὴν
1756 950 1924 1017 Λίγυ-

346 1049 522 1101 πτίων
593 1044 791 1115 εὑρὼν,
858 1044 1199 1114 κεκράτηκεν
1248 1042 1420 1111 αὐτῆς
1494 1040 1919 1103 Οὐεσπασιανός.

350 1141 485 1194 Κατ’
538 1141 712 1192 ἐκεῖνο
743 1136 807 1207 δὴ
838 1132 930 1189 οὖν
966 1135 1060 1188 τοῦ
1111 1133 1326 1206 καιροῦ,
1365 1133 1711 1203 συμϐέϐηκεν
1750 1132 1926 1185 είσελ-

349 1231 462 1284 θεῖν
483 1231 564 1291 είς
593 1229 693 1299 τὴν
723 1227 1034 1295 Αἰγυπτίων
1060 1226 1187 1289 τοὺς
1211 1226 1270 1279 τὸ
1300 1225 1441 1279 θεῖόν
1468 1241 1525 1277 τε
1550 1225 1644 1277 καὶ
1662 1225 1926 1295 σωτήριον

346 1320 768 1392 ίερουργοῦντας
806 1320 1089 1390 κήρυγμα,
1132 1320 1225 1370 καὶ
1254 1316 1325 1369 τὰ
1354 1316 1480 1387 ἔθνη
1531 1314 1925 1386 σαγηνεύοντας

346 1415 437 1468 διὰ
463 1414 702 1477 πίστεως
733 1412 835 1481 τῆς
865 1415 922 1465 ὲν
950 1410 1192 1481 Χριστῷ,
1227 1411 1363 1480 πρὸς
1396 1410 1495 1481 τὴν
1532 1413 1631 1482 τῆς
1669 1410 1926 1481 ἀληθείας

345 1507 662 1572 ἐπίγνωσιν.
721 1503 1118 1574 Μεμαθηκότες
1168 1502 1347 1555 τοίνυν
1401 1501 1707 1569 Αἰγύπτιοι,
1768 1503 1923 1572 φησὶ,

347 1599 447 1666 τῆς
486 1594 773 1665 Ῥωμαίων
827 1596 1088 1665 στρατιᾶς
1130 1593 1228 1664 τὴν
1277 1594 1526 1664 παναλκῆ
1568 1595 1659 1647 καὶ
1695 1595 1927 1647 δυσκατ-

346 1683 648 1751 αγώνιστον
705 1683 914 1753 ἔφοδον,
942 1682 1370 1753 τεθορυϐημένοι
1420 1700 1478 1736 τε
1499 1684 1639 1746 λίαν,
1666 1685 1759 1736 καὶ
1802 1685 1923 1736 ὅποι

348 1774 477 1826 ποτὲ
524 1775 711 1837 αὐτοῖς
766 1774 827 1825 τὸ
881 1771 978 1826 τοῦ
1034 1773 1359 1844 πράγματος
1409 1773 1701 1844 ἐκϐήσεται
1730 1776 1921 1845 πέρας,

348 1862 647 1934 ἁναμαθεῖν
674 1862 970 1927 ἐθέλοντες,
1009 1864 1417 1933 ὲπερωτήσουσι
1470 1865 1597 1927 τοὺς
1648 1865 1802 1928 θεοὺς
1847 1865 1937 1916 αὐ.

344 1955 476 2018 τῶν,
512 1957 603 2009 καὶ
630 1955 698 2009 τὰ
728 1955 1020 2024 ἀγάλματα
1039 1955 1217 2007 αὐτῶν
1238 1994 1252 2017 ,
1290 1956 1382 2008 καὶ
1416 1956 1543 2018 τοὺς
1571 1956 1635 2007 ἐκ
1672 1958 1773 2026 τῆς
1824 1956 1928 2025 γῆς

352 2049 682 2117 φωνοῦντας,
736 2048 993 2111 καὶτοὺς
1044 2046 1543 2118 ἐγγαστριμύθους,
1594 2048 1688 2101 καὶ
1745 2048 1928 2118 μέντοι

353 2142 442 2195 καὶ
465 2141 733 2208 γνώστας.
777 2140 1035 2211 Διάφοροι
1084 2140 1192 2211 γὰρ
1241 2141 1371 2210 παρ’
1410 2141 1595 2201 αὐτοῖς
1627 2141 1930 2211 ψευδομαν-

352 2234 496 2295 τείας
534 2228 676 2302 ἦσαν
718 2232 936 2302 τρόποι,
992 2233 1083 2285 καὶ
1119 2231 1495 2302 πεπλασμένοι
1536 2234 1833 2303 προφῆται.
1866 2236 1927 2285 Οί

350 2321 449 2390 μὲν
474 2323 599 2383 τοὺς
640 2322 868 2391 νεκροὺς
914 2323 1195 2391 ἐπερωτᾷν
1245 2320 1701 2391 προσποιούμενοι
1734 2337 1749 2351 ·
1781 2322 1830 2373 οἱ
1871 2320 1928 2373 δὲ

351 2414 444 2465 καὶ
489 2412 598 2465 ἀπὸ
629 2415 729 2482 τῆς
760 2411 911 2480 σφῶν
938 2412 1118 2464 αὐτῶν
1168 2412 1395 2480 καρδίας
1439 2412 1787 2481 ἐρευγόμενοι
1843 2410 1925 2462 λό-

351 2522 499 2573 γους.
532 2505 751 2575 Ἐτεροι
797 2504 854 2557 δὲ
900 2504 996 2557 καὶ
1038 2503 1299 2571 γνῶσται,
1342 2502 1488 2555 τοῦτ’
1527 2502 1662 2567 ἔστι,
1707 2502 1833 2564 τοὺς
1865 2503 1927 2554 ὲκ

350 2594 551 2648 θυσιῶν
590 2597 853 2659 καπνοὺς,
886 2596 1129 2657 καὶτοὺς
1150 2596 1207 2647 ὲν
1236 2596 1347 2657 τοῖς
1366 2594 1540 2663 ἥπασι
1579 2593 1685 2648 τῶν
1721 2595 1924 2662 σφαζο-

350 2683 529 2753 μένων
556 2684 712 2747 ζώων
759 2683 1007 2754 παλμοὺς
1055 2676 1642 2755 πολυπραγμονοῦντες
1675 2685 1924 2748 ἀνοσίως.

362 2775 500 2828 Ἀλλ’
531 2775 787 2845 οὐδεμιᾶς
812 2776 986 2839 ἔσται,
1032 2778 1217 2845 φησὶν,
1260 2776 1326 2829 ὲκ
1366 2776 1621 2845 μαντείας
1659 2776 1840 2838 αὐτοῖς
1893 2777 1925 2845 ή

351 2870 550 2937 ἵνησις¹
607 2866 729 2919 οῦτε
764 2867 870 2938 μὴν
906 2868 1182 2937 ἐπαμῦναι
1229 2867 1559 2937 δυναμένους
1604 2868 1803 2929 αὐτοὺς
1832 2868 1926 2919 εὑ-

351 2962 599 3031 ρήσουσι,
628 2961 753 3023 τοὺς
799 2960 1154 3030 νομισθέντας
1200 2955 1339 3013 εἷναι
1388 2958 1565 3021 θεούς.
1616 2959 1929 3030 Παραδώσω

351 3052 458 3121 γὰρ
484 3052 755 3118 Αἴγυπτον
795 3051 872 3113 εἰς
922 3054 1110 3120 χεῖρας
1164 3049 1467 3121 ἀνθρώπων
1519 3050 1724 3121 κυρίων
1761 3050 1929 3122 σκλη-

351 3142 483 3212 ρῶν,
557 3143 648 3196 καὶ
711 3142 949 3211 βασιλεῖς
1008 3144 1233 3215 σκληροὶ
1288 3143 1666 3214 κυριεύσουσιν
1725 3143 1923 3197 αὐτῶν.

351 3235 627 3306 Σκληροὺς
645 3236 701 3289 δὲ
723 3237 847 3290 ὅταν
874 3235 1134 3306 ἀκούσης,
1273 3237 1680 3306 ἀπηνεστάτους
1701 3239 1920 3308 νοήσῃς,

2032 584 2301 639 excelsam
2317 584 2439 653 quis
2455 584 3141 653 avertet‘tquemadmodum
3159 586 3416 652 scriptum
3430 595 3513 641 est
3527 589 3595 641 ".

2030 675 2242 728 Accidit
2265 689 2417 743 ergo,
2443 689 2630 730 omnes
2649 688 2833 730 eorum
2869 690 3038 745 aquas
3072 675 3125 730 in
3168 676 3391 731 lacubus
3413 688 3466 733 et
3494 678 3598 733 llu-

2031 764 2270 819 minibus
2324 764 2524 821 auferri
2571 766 2804 836 penitus,
2851 776 2912 822 ut
2952 768 3178 837 pedibus
3231 769 3540 837 trajecerint
3582 787 3596 824 :

2033 857 2212 924 itaque
2241 855 2513 926 deinceps,
2549 871 2673 911 cum
2715 858 2971 912 nudatam
3002 857 3295 929 Egyptum
3332 861 3601 916 inveniret

2033 947 2415 1017 Vespasianus,
2440 963 2569 1003 eam
2615 947 2869 1005 facillime
2916 951 3129 1005 devicit.
3180 951 3360 1017 Quare
3407 952 3508 1008 sub
3544 954 3597 1008 id

2033 1040 2291 1108 temporis
2321 1040 2521 1103 evenit,
2548 1051 2608 1094 ut
2631 1041 3042 1110 ingrederentur
3072 1042 3362 1114 Egyptum
3404 1046 3597 1101 divinae

2030 1142 2096 1183 ac
2132 1128 2384 1184 salutaris
2424 1131 2819 1199 praedicationis
2854 1133 2995 1188 sacri
3031 1134 3288 1199 ministri,
3320 1144 3373 1191 et
3408 1144 3596 1206 gentes

2032 1232 2130 1288 per
2156 1218 2317 1274 ﬁdem
2346 1220 2513 1291 286
2544 1222 2594 1274 in
2622 1221 2842 1276 Christo
2875 1224 2938 1275 ad
2984 1225 3232 1277 veritatis
3267 1225 3595 1293 agnitionem

2033 1310 2399 1366 irretiverunt.
2440 1313 2623 1382 Itaque
2655 1312 2742 1367 ubi
2779 1312 3002 1367 Romani
3050 1316 3324 1370 exercitus
3364 1315 3596 1371 fortissi-

2032 1420 2174 1459 mam
2211 1418 2274 1458 ac
2301 1403 2714 1473 insuperabilem
2754 1404 3117 1459 incursionem
3155 1402 3393 1475 Egyptii
3434 1406 3596 1460 intel-

2032 1497 2311 1561 lexissent,
2373 1496 2529 1551 valde
2580 1495 2910 1560 tumultuati,
2946 1504 3001 1550 et
3048 1496 3186 1550 scire
3233 1496 3598 1552 desiderantes

2031 1604 2140 1657 quo
2166 1590 2379 1645 tandem
2409 1588 2486 1643 rei
2521 1589 2697 1644 exitus
2731 1603 2993 1643 evasurus
3025 1590 3116 1656 sit,
3147 1592 3276 1645 deos
3304 1598 3360 1645 et
3408 1590 3597 1659 imagi-

2034 1696 2127 1735 nes
2149 1696 2297 1748 suas,
2341 1692 2397 1736 et
2424 1682 2491 1734 de
2542 1690 2683 1735 terra
2722 1695 2906 1735 vocem
2941 1682 3183 1745 edentes,
3239 1693 3294 1737 et
3338 1683 3597 1737 ventrilo-

2031 1789 2186 1843 quos,
2214 1783 2269 1827 et
2298 1773 2500 1828 ariolos
2531 1774 2959 1843 interrogabunt.
3019 1773 3235 1828 Diversa
3274 1777 3419 1830 enim
3460 1776 3597 1843 apud

1970 1876 2010 1931 Β
2036 1879 2129 1919 eos
2158 1874 2311 1918 erant
2342 1865 2597 1919 falsarum
2642 1867 3081 1921 vaticinationum
3116 1882 3333 1933 genera,
3385 1876 3441 1921 et
3488 1866 3597 1921 ﬁcti

2032 1957 2325 2027 prophetae,
2376 1957 2466 2011 alii
2501 1959 2594 2027 qui
2639 1972 2697 2013 se
2752 1970 2994 2013 mortuos
3048 1958 3311 2013 sciscitari
3378 1958 3600 2012 simula-

2030 2051 2178 2111 bant.
2210 2052 2299 2104 alii
2331 2052 2422 2119 qui
2452 2067 2518 2106 ex
2547 2068 2645 2106 suo
2674 2063 2889 2123 pectore
2920 2053 3083 2109 verba
3118 2054 3460 2108 eructabant.
3494 2052 3596 2105 Alii

2030 2143 2191 2196 etiam
2223 2154 2379 2196 erant
2408 2143 2585 2207 arioli,
2615 2144 2664 2197 id
2696 2155 2800 2210 est,
2842 2144 2932 2212 qui
2980 2143 3152 2196 fumos
3184 2157 3248 2195 ex
3287 2142 3596 2203 sacriﬁciis.

2029 2244 2083 2287 et
2113 2234 2485 2303 palpitationes
2514 2236 2565 2288 in
2613 2236 2802 2305 hcpate
2852 2244 3202 2290 mactatorum
3240 2234 3595 2288 animantium

2032 2324 2287 2393 indagant
2325 2326 2539 2379 curiose
2570 2334 2624 2381 et
2657 2327 2841 2396 impie.
2872 2326 2977 2381 Sed
3028 2326 3194 2392 nulla,
3254 2325 3449 2394 inquit,
3490 2325 3598 2379 erit

2030 2415 2404 2470 vaticiniorum
2439 2416 2659 2471 utilitas.
2702 2415 2811 2472 Nec
2855 2418 3000 2471 enim
3044 2418 3135 2486 qui
3188 2417 3259 2470 dii
3317 2424 3594 2485 putantur,

2029 2520 2123 2559 cos
2157 2506 2413 2560 auxilium
2448 2507 2641 2562 aﬂ‘erre
2686 2510 2922 2579 potuisse
2960 2509 3315 2563 inveniemus.
3360 2506 3593 2561 Tradam

2030 2596 2171 2649 cnitn
2223 2594 2515 2667 Egyplum
2572 2598 2627 2653 in
2681 2615 2871 2653 manus
2929 2600 3202 2653 hominum
3254 2597 3592 2652 dominorum

2030 2690 2307 2755 durorum,
2346 2704 2401 2745 et
2440 2708 2591 2762 reges
2628 2693 2745 2747 duri
2805 2692 3221 2748 dominabuntur
3281 2691 3381 2746 eis.
3426 2690 3597 2743 Duros

2031 2790 2210 2835 autem
2243 2796 2366 2835 cum
2415 2781 2588 2843 audis,
2625 2796 2732 2835 non
2767 2781 3157 2836 immitissimos
3206 2793 3328 2833 esse
3373 2780 3596 2848 cogites,

2031 2873 2126 2926 sed
2155 2873 2386 2926 invictos
2433 2875 2614 2942 potius
2661 2883 2715 2927 ct
2757 2871 3190 2932 invulnerabiles.
3230 2885 3280 2925 et
3315 2869 3597 2924 victoriam

2031 2966 2222 3017 cedere
2252 2964 2503 3033 cuiquam
2546 2965 2776 3019 nescios.
2816 2964 3012 3031 Quales
3042 2962 3366 3017 exstiterunt
3407 2960 3600 3014 Roma-

2034 3070 2221 3108 norum
2261 3055 2600 3110 celeberrimi
2630 3055 3005 3124 imperatores,
3050 3054 3232 3109 divino
3278 3064 3333 3107 et
3389 3060 3598 3107 secreto

2031 3146 2278 3210 consilio,
2306 3146 2644 3210 utdicebam,
2669 3146 2775 3201 illis
2799 3145 3118 3215 subjiciente
3146 3145 3328 3201 omnia
3361 3160 3375 3198 :
3404 3142 3600 3213 quippe

2032 3239 2214 3292 urbem
2246 3247 2509 3292 terrarum
2544 3237 2920 3308 subjugarunt.

352 3326 691 3396 ἀθραύστους
722 3328 778 3381 δὲ
820 3327 1045 3398 μᾶλλον,
1084 3327 1177 3379 καὶ
1228 3330 1578 3396 παραχωρεῖν
1646 3328 1856 3389 εἰδότας
1888 3327 1948 3379 τὸ
1982 3329 2137 3398 νικᾷν
2198 3328 2393 3381 οὐδενί.
2446 3328 2670 3381 Τοιοῦτο
2721 3327 2828 3400 γὰρ
2877 3329 2927 3381 οἱ
2985 3325 3270 3396 Ῥωμαίων
3312 3323 3597 3392 γεγόνασιν

351 3417 728 3472 εὐκλεέστατοι
760 3418 1017 3488 βασιλεῖς,
1051 3420 1151 3488 τῆς
1180 3418 1328 3482 θείας
1366 3437 1425 3472 τε
1471 3419 1565 3472 καὶ
1602 3420 1915 3491 ἀπορρήτου
1986 3420 2182 3490 βουλῆς
2241 3421 2611 3491 ὑποτιθείσης,
2650 3422 2725 3485 ὼς
2754 3422 2911 3489 ἔφην,
2939 3420 3008 3473 τὰ
3037 3420 3217 3473 πάντα
3246 3419 3449 3480 αὐτοῖς.
3487 3415 3598 3470 Καὶ

353 3510 481 3577 γοῦν
505 3514 878 3583 κεκρατήκασι
906 3517 1004 3585 τῆς
1044 3513 1135 3567 ὑπ’
1162 3514 1412 3584 οὐρανόν.

429 3604 573 3659 Τάδε
620 3604 779 3673 λέγει
835 3606 1052 3672 Κύριος
1103 3606 1377 3660 Σαϐαὼθ·
1433 3606 1544 3661 Καὶ
1591 3607 1826 3661 πίονται
1875 3610 1928 3661 οἱ
1956 3615 2001 3676 (3

348 3698 647 3766 Αἰγύπτιοι
676 3697 741 3751 τὸ
764 3698 919 3765 ὕδωρ
955 3699 1022 3752 τὸ
1060 3699 1222 3765 παρὰ
1250 3698 1573 3753 θάλασσαν
1592 3714 1607 3729 ο
1642 3703 1676 3753 ό
1702 3699 1773 3752 δὲ
1821 3714 1930 3752 πο-

352 3791 535 3858 ταμὸς
565 3791 855 3857 ἐκλείψει,
908 3790 1007 3843 καὶ
1055 3789 1519 3858 ξηρανθήσεται.
1590 3791 1933 3859 Ἐκλείψου-

348 3897 459 3935 σιν
483 3886 539 3936 ot
562 3882 817 3951 ποταμοὶ
859 3882 961 3936 καὶ
998 3882 1283 3951 διώρυγες
1325 3883 1432 3936 τοῦ
1482 3883 1773 3953 ποταμοῦ,
1837 3884 1936 3937 καί

352 3973 794 4041 ξηρανθήσεται
816 3973 986 4029 πᾶσα
1012 3974 1336 4043 συναγωγὴ
1371 3974 1611 4039 ὕδατος,
1652 3975 1722 4029 ἐν
1757 3976 1936 4029 παντὶ

350 4064 477 4118 ἕλει
503 4064 799 4134 καλάμου,
837 4065 939 4119 καὶ
965 4066 1266 4134 παπύρου,
1318 4064 1413 4118 καὶ
1448 4066 1515 4119 τὸ
1540 4066 1642 4135 ἇχι
1680 4066 1745 4119 τὸ
1780 4069 1931 4133 χλω-

348 4156 481 4223 ρὸν,
521 4154 644 4211 πᾶν
672 4156 737 4210 τὸ
774 4158 981 4220 κύκλῳ
1008 4157 1112 4210 τοῦ
1150 4157 1441 4225 ποταμοῦ,
1490 4156 1615 4211 πᾶν
1657 4157 1723 4210 τὸ
1760 4172 1931 4211 σπει-

351 4247 607 4314 ρόμενον
635 4246 733 4301 διὰ
764 4246 870 4300 τοῦ
916 4246 1186 4315 ποταμοῦ
1245 4245 1686 4314 ξηρανθήσεται
1718 4248 1930 4315 ἀνεμο-

2106 3605 2264 3659 ὶέιις.
2318 3604 2470 3659 5-10.
2520 3603 2650 3658 Haec
2692 3604 2817 3657 dicit
2874 3602 3127 3656 Dominus
3180 3600 3412 3657 Sabaoth
3460 3618 3480 3657 :
3532 3603 3600 3658 Et

2032 3698 2199 3751 bibent
2246 3696 2490 3766 Egyptii
2536 3714 2724 3765 aquam
2765 3712 2881 3767 quae
2916 3696 3075 3763 juxta
3134 3710 3276 3747 mare
3332 3707 3352 3746 :
3409 3696 3599 3763 ﬂuvius

2030 3800 2204 3844 autem
2233 3788 2433 3855 deﬁciet
2460 3800 2505 3842 et
2528 3797 2808 3842 exarescet.
2833 3786 3077 3853 Deﬁcient
3109 3785 3255 3854 ﬂuvii
3278 3794 3324 3838 et
3370 3786 3469 3839 rivi
3491 3791 3601 3855 ﬂu-

2032 3884 2119 3935 uii.
2151 3881 2221 3934 Et
2239 3881 2581 3934 exsiccabitur
2610 3884 2775 3934 omnis
2806 3878 3134 3949 congregatio
3182 3893 3333 3948 aqua:
3363 3880 3419 3932 in
3457 3880 3600 3933 omni

2030 3975 2221 4042 palude
2243 3974 2495 4027 calamiet
2525 3975 2726 4043 papyri.
2763 3971 2830 4024 Et
2861 3972 2978 4026 aclti
3010 3972 3197 4036 viride,
3232 3987 3381 4025 omne
3402 3972 3598 4024 circum

2031 4069 2245 4136 ﬂumen,
2280 4082 2431 4120 omne
2454 4069 2590 4136 quod
2620 4066 2919 4119 seminatur
2948 4066 3108 4135 juxta
3130 4065 3348 4133 ﬂumen,
3380 4073 3597 4126 arescet,

2029 4169 2270 4226 ventoque
2290 4156 2498 4226 peribit.
2532 4156 2599 4209 Et
2627 4168 2825 4225 gement
2848 4157 3153 4222 piscatores,
3184 4165 3229 4209 et
3255 4162 3459 4223 gemant
3488 4170 3603 4207 ont-

2028 4267 2116 4303 nes
2150 4253 2408 4305 mittentes
2435 4251 2644 4302 hamum
2669 4250 2719 4301 in
2750 4248 2985 4317 ﬂuuium,
3010 4256 3058 4301 et
3081 4248 3339 4300 mittentes
3355 4262 3597 4315 sagenas,

353 4338 589 4406 φθορίᾳ.
618 4337 729 4391 Καὶ
766 4337 1175 4401 στενὰξουσιν
1210 4342 1263 4392 ot
1302 4338 1510 4405 ἁλιεῖς,
1560 4338 1927 4403 στενάξουσι

2030 4355 2075 4398 et
2094 4345 2348 4413 jacientes
2372 4343 2502 4397 retia
2527 4340 2825 4411 plorabunt.
2871 4340 2941 4393 Et
2972 4339 3210 4406 confusio
3254 4339 3600 4406 apprehende:

355 4430 577 4495 πάντες
612 4432 665 4483 οἱ
687 4429 1031 4495 βάλλοντες
1055 4430 1381 4498 ἄγκιστρον
1401 4432 1449 4483 el
1456 4451 1487 4495 ς
1506 4431 1613 4483 τὸν
1634 4430 1924 4498 ποταμὸν,

355 4521 455 4575 καὶ
495 4524 550 4576 οὶ
590 4522 937 4587 βάλλοντες
988 4521 1285 4589 carris-ac,
1346 4522 1445 4576 καὶ
1477 4526 1532 4575 οἱ
1580 4522 1927 4590 ἀμφιθαλεῖς

356 4613 752 4681 πενθήσουσι.
798 4614 906 4668 Καὶ
951 4614 990 4678 ἡ
1039 4615 1302 4681 αἰσχύνη
1348 4614 1427 4682 λή
1439 4617 1607 4683 {terat
1641 4613 1780 4679 τοὺς
1822 4615 1930 4682 ἐρ-

2030 4445 2302 4503 operantes
2364 4434 2529 4487 linunt
2590 4434 2771 4501 ﬁssile,
2829 4441 2877 4485 et
2936 4439 3208 4499 operantes
3271 4430 3500 4499 byssum,
3550 4439 3599 4481 et

2033 4528 2388 4594 operabuntur
2411 4542 2471 4578 ea
2495 4526 2548 4577 in
2579 4524 2777 4588 dolore,
2811 4533 2859 4575 et
2894 4539 3069 4575 omnes
3100 4521 3313 4591 zythum
3350 4521 3597 4589 facientes

2033 4617 2499 4678 contristabuntur,
2531 4625 2577 4668 ct
2607 4615 2796 4667 animis
2824 4614 3088 4667 dolebant.

357 4704 713 4775 ταζομένους
736 4705 803 4759 τὸ
861 4706 1037 4758 λῖνον
1094 4704 1160 4757 τὸ
1216 4708 1494 4773 σχιστὸν,
1536 4706 1633 4758 καὶ
1670 4706 1813 4771 τοὺς
1859 4705 2284 4775 ἐργαζομένους
2339 4704 2455 4773 τὴν
2489 4706 2775 4769 ,ϐύσσονυ
2832 4705 2929 4758 καὶ
2970 4705 3215 4759 ἔσονται
3266 4704 3320 4755 οἱ
3366 4698 3597 4769 ἐργαζό-

355 4814 525 4866 μενοι
570 4796 723 4850 αὐτὰ
762 4796 833 4873 ἐν
870 4796 1079 4863 ὀδύνῃ,
1133 4795 1229 4847 καὶ
1266 4795 1488 4860 πάντες
1518 4798 1571 4848 ot
1614 4794 1722 4847 τὸν
1753 4792 1928 4855 ζύθον
1995 4796 2307 4861 ποιοῦντες
2364 4796 2840 4863 λυπηθήσονται,
2890 4794 2985 4847 καὶ
3034 4794 3139 4858 τὰς
3170 4792 3373 4861 ψυχὰς
3420 4786 3596 4843 πονέ-

357 4904 600 4943 σουσιν.

430 4976 798 5047 Συναρμόσεις
824 4978 919 5030 καὶ
946 4977 1073 5030 τάδε
1111 4980 1223 5040 τοῖς
1270 4976 1472 5047 ἀρτίως
1513 4978 1644 5046 ἡμῖν
1701 4975 1928 5047 εἰρημέ-

2105 4974 2325 5044 Aptabis
2353 4983 2405 5027 et
2431 4972 2542 5025 haec
2571 4970 2675 5024 illis
2715 4983 2833 5036 qua:
2870 4977 2995 5020 sunt
3038 4982 3067 5018 a
3109 4965 3262 5019 nobis
3303 4963 3413 5034 jam
3455 4982 3603 5021 com-

359 5087 494 5132 τοις.
536 5068 921 5138 Εὺυγροτὰτην
942 5070 1048 5135 γὰρ
1074 5066 1248 5129 οὕτως
1273 5067 1371 5138 τὴν
1393 5068 1725 5134 Αἰγυπτίων,
1759 5065 1931 5138 ξηρὰν

358 5164 638 5233 ἀπέφηνεν
666 5165 695 5217 ὁ
725 5162 903 5216 πάντα
940 5164 1138 5233 ίσχῦων
1177 5160 1328 5224 Θεὸς,
1384 5160 1521 5212 ὥστε
1550 5160 1643 5213 καὶ
1677 5160 1933 5231 ἀνιδρωτὶ

363 5256 593 5323 βάσιμον
642 5251 781 5307 εἶναι
820 5256 931 5317 τοῖς
977 5252 1221 5306 ἐθέλουσι
1279 5251 1368 5304 διὰ
1415 5250 1619 5321 λιμνῶν
1665 5251 1800 5304 ἰέναι
1838 5250 1932 5303 καὶ

362 5344 648 5414 ποταμῶν.
686 5343 945 5416 Διῄρηται
966 5345 1022 5396 δέ
1052 5361 1168 5405 πως
1196 5342 1304 5395 τῶν
1332 5342 1641 5411 Αίγυπτίων
1667 5344 1700 5413 ἡ
1734 5341 1885 5413 χώρα
1913 5357 1929 5373 ο

364 5436 460 5491 καὶ
481 5437 531 5488 οἱ
552 5438 649 5507 μὲν
670 5436 851 5506 ἔχουσι
881 5437 979 5506 τὴν
1000 5434 1103 5505 γῆν
1135 5435 1233 5505 τὴν
1264 5435 1544 5505 ἁρόσιμον,
1567 5434 1662 5487 καὶ
1698 5450 1935 5503 γονιμω-

364 5528 551 5596 τάτην,
594 5529 687 5581 καί
712 5527 1026 5597 ἀμπελῶσιν
1058 5528 1139 5579 ὅτι
1186 5525 1417 5595 μάλιστα
1449 5524 1752 5595 μελεδωνοί.
1790 5525 1856 5578 Οί
1878 5524 1935 5576 δὲ

365 5619 503 5690 πρὸς
537 5620 727 5689 αὐταῖς
756 5618 963 5673 οἰκοῦσι
995 5623 1112 5684 ταῖς
1162 5619 1396 5689 λίμναις,
1418 5619 1487 5673 τὰ
1515 5618 1573 5685 ἐξ
1605 5616 1784 5672 αὐτῶν
1808 5617 1932 5687 δρε-

442 5775 489 5807 ⁸¹
525 5776 624 5831 lsa.
672 5791 782 5838 XIV,
814 5776 903 5829 9.7.

699 5870 966 5929 ΡΑτιιόι..
1008 5867 1124 5928 Gtt.
1175 5867 1368 5927 LXX.

2038 5074 2356 5119 memorata.
2396 5061 2617 5115 Terram
2669 5058 2811 5113 enim
2872 5054 3249 5126 [Egyptiorum
3299 5054 3601 5112 bumidissi-

2039 5170 2203 5220 mam,
2254 5154 2459 5208 aridam
2516 5150 2692 5206 ell‘ecit
2740 5149 3080 5219 omnipotens
3132 5146 3292 5211 Deus,
3347 5156 3407 5200 ut
3458 5147 3602 5203 enim

2039 5247 2200 5318 287
2232 5246 2351 5301 sine
2380 5245 2577 5299 sudore
2604 5242 2783 5311 pervia
2814 5241 2903 5306 sit,
2950 5248 3138 5309 stagna
3168 5249 3224 5294 et
3250 5238 3445 5294 ﬂuvios
3480 5254 3606 5310 perA

2041 5340 2274 5393 transire
2303 5336 2626 5391 volentibus.
2653 5333 2833 5388 Divisa
2867 5340 2950 5387 est
3000 5341 3176 5385 autem
3207 5329 3604 5399 quodammodo

2038 5430 2413 5500 IEgyptiorum
2449 5426 2594 5497 regio
2622 5444 2636 5478 :
2660 5435 2714 5479 et
2746 5424 2833 5477 alii
2864 5424 3059 5478 habent
3099 5431 3302 5476 terram
3344 5420 3603 5476 arabilem

2037 5532 2092 5577 et
2123 5518 2585 5584 fecundissimam,
2610 5527 2665 5572 et
2704 5516 2896 5571 vitium
2931 5526 3058 5570 sunt
3107 5514 3340 5570 cultores
3398 5514 3605 5569 studio-

2039 5610 2257 5669 sissimi.
2298 5611 2400 5667 Alii
2455 5621 2634 5667 autem
2689 5610 2837 5669 lacus
2891 5608 3161 5672 accolunt,
3219 5618 3269 5662 et
3317 5622 3435 5675 quae
3482 5608 3630 5660 iude-

3255 5855 3324 5916 ιδ
