4148 6378
486 377 597 437 ἰω

1472 368 1531 422 S.
1572 362 1843 421 CYRlLLl
1884 354 2354 417 ALEXANDRINI
2391 349 2712 410 ARCIIIEP.

3635 345 3742 401 ιω

494 494 839 567 proveniunt,
894 492 1210 562 decerpunt.
1257 487 1567 543 Piscatores
1613 485 1756 540 enim
1809 492 1955 545 sunt,
2012 490 2067 535 et

2183 478 2415 547 πιόμενοι.
2480 470 2818 543 ’ἰχθυοθῆραί
2868 485 2926 522 τε
2984 468 3093 539 γάρ
3154 466 3281 531 εἱσι,
3355 464 3448 519 καὶ
3495 464 3747 536 πάπυρον

494 601 756 659 papyrum
787 588 1066 649 desecant,
1098 598 1161 637 ac
1193 581 1393 635 charta:
1440 588 1569 633 sunt
1613 578 1872 642 artifices,
1915 585 1972 629 et
1999 573 2063 627 li-

493 691 621 731 num
652 672 819 730 fissile
876 679 1191 742 operantur.
1248 666 1523 722 Palustres
1581 674 1762 718 autem
1820 660 2065 717 homines

492 770 609 822 sive
642 763 858 822 bubulci
914 761 1352 819 denominantur.
1414 758 1554 812 Sunt
1596 755 1739 810 enim
1788 752 1927 823 apud
1972 764 2065 805 eos

495 859 776 912 innumera
800 854 963 909 boum
1006 859 1252 905 armenta
1290 847 1510 918 :panis,
1550 846 1682 911 vini,
1732 842 2066 909 aliarumque

494 962 675 1003 rerum
708 959 903 1015 magna
936 941 1182 1013 penuria.
1225 936 1608 995 Deficientibus
1662 936 1846 1003 itaque
1885 930 2062 1001 aquis,

495 1036 691 1107 inquit,
729 1034 915 1088 bibent
944 1046 1162 1101 aquam.
1199 1030 1332 1084 Nam
1364 1029 1417 1084 in
1442 1027 1717 1083 littoribus
1744 1024 2067 1094 quandoque

496 1125 781 1188 fodientes,
808 1121 1099 1193 potabilem
1127 1120 1253 1175 inde
1279 1120 1491 1174 laticem
1539 1116 1886 1171 exhauriunt.
1922 1110 2065 1167 Deli-

495 1218 642 1271 cient
668 1223 847 1269 autem
897 1221 953 1267 et
998 1220 1317 1266 exarescent
1358 1224 1548 1264 omnes
1597 1206 1746 1261 ﬂuvii
1799 1212 1855 1259 et
1906 1202 2064 1258 alvei.

496 1309 614 1362 Erit
645 1317 825 1361 autem
868 1305 922 1359 in
948 1305 1095 1359 omni
1133 1302 1324 1371 palude
1353 1301 1544 1355 calami
1574 1309 1625 1352 et
1651 1296 1836 1369 papyri
1875 1296 2069 1348 raritas

496 1414 780 1469 aquarum.
808 1396 873 1452 Et
901 1410 1061 1450 omne
1083 1394 1225 1462 quod
1259 1393 1313 1446 in
1357 1390 1513 1460 aquis
1559 1388 1820 1452 nascitur,
1872 1386 2067 1454 inquit,

496 1488 880 1554 essiccabitur,
910 1495 968 1541 ut
1002 1494 1056 1540 et
1077 1486 1291 1555 lugeant
1331 1483 1653 1552 piscatores,
1692 1488 1747 1536 et
1774 1479 1863 1547 qui
1898 1478 2067 1531 linum

496 1577 788 1634 coniiciunt
825 1576 1010 1641 ﬁssile,
1039 1585 1094 1630 et
1123 1574 1176 1628 in
1211 1572 1395 1629 dolore
1438 1587 1631 1640 magno
1672 1575 1952 1623 versentur
1976 1564 2068 1634 qui

498 1685 562 1725 ea
588 1676 883 1731 exercent;
914 1676 969 1722 et
999 1675 1257 1736 praeterea
1289 1665 1378 1733 qui
1408 1664 1548 1733 apud
1578 1676 1671 1716 eos
1704 1660 1923 1732 zythum
1967 1672 2066 1725 ap-

498 1770 709 1830 parant.
736 1759 902 1828 Aquis
927 1759 1071 1813 enim
1101 1755 1498 1819 deficientibus,
1536 1753 1713 1823 inopia
1753 1750 2070 1806 laborabunt

498 1824 742 1906 omnium
774 1824 896 1919 qua:
926 1848 1233 1903 exhilarare
1269 1846 1464 1909 solent,
1494 1854 1545 1898 et
1577 1846 1643 1899 ad
1682 1844 1845 1896 vitam
1872 1854 2070 1911 oppor-
2103 1824 2144 1879 Β

502 1954 631 1996 tuna
678 1951 732 1997 ct
787 1941 1132 1995 accommoda
1181 1939 1383 1994 aﬂ'atim
1435 1937 1796 2008 suppeditare.
1856 1936 1921 1989 Et
1974 1937 2073 1989 hoc

491 2032 715 2103 quidem
744 2041 1010 2101 quatenus
1060 2033 1125 2085 ad
1158 2031 1399 2086 historia:
1448 2029 1861 2084 declarationem
1904 2028 2072 2096 perti-

502 2134 616 2191 net,
650 2125 795 2178 clare
824 2124 1027 2178 dictum
1051 2132 1155 2177 est.
1190 2124 1283 2178 Sin
1315 2123 1441 2177 velit
1473 2124 1593 2191 quis
1634 2135 1896 2190 aquarum
1938 2120 2074 2174 rari-

503 2226 668 2271 tatem
719 2215 878 2270 aliter
927 2214 1193 2284 accipere,
1242 2223 1297 2268 et
1334 2214 1397 2267 ad
1438 2210 1733 2267 subtilioris
1776 2209 2074 2280 intelligen-

504 2309 590 2363 tia:
618 2304 1034 2378 profunditatem
1057 2306 1405 2368 descendere,
1433 2318 1539 2358 non
1584 2318 1611 2356 a
1640 2316 1804 2372 scopo
1840 2302 2073 2366 recedet,

503 2401 547 2456 si
581 2401 778 2455 anilem
800 2408 853 2455 et
879 2398 1138 2456 insulsam
1169 2397 1470 2451 orationem
1507 2394 1819 2449 Grzccorum
1861 2393 2075 2463 sapien-

506 2506 616 2546 tum
646 2492 803 2561 aquis
851 2499 1148 2558 comparet,
1198 2488 1433 2557 piscibus
1476 2496 1655 2540 autem
1688 2494 1742 2540 et
1776 2499 1980 2556 papyro
2020 2491 2075 2538 et

502 2585 732 2653 calamo,
756 2584 1005 2654 aliisque,
1026 2598 1257 2652 quorum
1290 2581 1502 2635 alumna
1526 2588 1581 2634 et
1606 2579 1783 2634 nutrix
1808 2588 1890 2655 est
1912 2593 2077 2646 aqua-

508 2694 629 2731 rum
684 2685 901 2740 natura,
943 2674 1221 2729 hominum
1280 2670 1656 2740 frequentiam.
1715 2670 2078 2726 Piscatoribus

507 2781 657 2833 vero,
697 2776 751 2820 et
805 2780 984 2819 rerum
1042 2762 1361 2833 aquatilium
1423 2761 1785 2828 curatoribus,
1842 2775 1937 2816 eos
1984 2759 2077 2830 qui

507 2860 758 2915 inescare
816 2866 1017 2912 norunt
1060 2856 1361 2927 gregariam
1418 2854 1840 2920 multitudinem,
1888 2865 1943 2909 et
1987 2853 2077 2922 qui

507 2950 728 3007 student
756 2949 1100 3003 sermonibus
1129 2948 1181 3001 in
1222 2962 1461 3002 errorem
1522 2946 1907 3001 dcduceutihus
1959 2960 2079 2999 eam

508 3042 660 3112 quasi
703 3039 829 3095 linis
870 3039 1192 3109 quibusdam
1245 3036 1543 3106 implicare.
1596 3035 1658 3089 lli
1718 3035 1974 3106 lugebunt
2028 3044 2082 3089 et

2163 567 2568 638 ἀποκείροντες,
2622 564 2821 634 χάρτου
2850 560 2911 614 τέ
2940 560 3046 613 εἰσι
3074 557 3418 629 δημιουργοὶ,
3469 556 3563 611 καὶ
3608 556 3751 610 λῖνον

2164 662 2489 733 ἐργάζονται
2516 658 2578 711 τὸ
2604 655 2841 727 σχιστόν.
2892 653 3095 707 ’Έλειοι
3122 653 3179 705 δὲ
3212 652 3402 723 ἄνδρες
3424 651 3592 721 ῆγουν
3625 649 3751 720 βου-

2165 753 2313 807 κόλοι
2371 747 2865 820 κατονομάζονται’
2922 746 3016 799 καὶ
3075 745 3179 815 γάρ
3230 745 3337 797 εἰσι
3394 743 3523 812 παρ’
3565 742 3751 805 αὑτοῖς

2166 842 2400 916 ἀριθμοῦ
2436 840 2745 913 κρείττονες
2774 840 2828 891 αἱ
2856 836 2993 907 βοῶν
3019 834 3210 905 ἀγέλαι
3229 849 3243 863 ·
3295 833 3526 902 πλείστη
3558 849 3617 885 τε
3652 831 3751 902 ἀρ-

2166 957 2260 993 του
2297 938 2390 992 καὶ
2417 936 2560 990 οἴνου
2614 934 2713 988 καὶ
2763 934 2873 986 τῶν
2933 931 3108 987 ἄλλων
3145 932 3178 1001 ἡ
3215 930 3427 992 σπάνις.
3490 929 3756 983 Ἐκλελοι-

2168 1030 2347 1083 πότων
2388 1026 2676 1098 τοιγαροῦν
2712 1024 2820 1078 τῶν
2854 1023 3084 1087 ὑδάτων,
3109 1023 3296 1092 φησὶν,
3330 1022 3545 1075 πίονται
3574 1020 3748 1091 ὕδωρ.

2180 1120 2524 1192 Ὀρύττοντες
2568 1118 2679 1190 γάρ
2733 1119 2790 1171 ἐν
2836 1118 2949 1179 τοῖς
2992 1114 3257 1183 αἰγιαλοῖς
3309 1113 3420 1166 ἐσθ’
3448 1114 3538 1166 ὅτε
3585 1112 3753 1176 τινὲς,

2169 1210 2403 1279 πότιμον
2426 1207 2688 1280 ἀρύονται
2722 1206 2890 1277 νάμα.
2952 1204 3291 1274 Ἐκλείψουσι
3331 1204 3389 1257 δὲ
3434 1206 3528 1257 καὶ
3559 1203 3758 1273 ξηρανο

2169 1300 2424 1370 θήσονται
2455 1301 2502 1351 οἱ
2548 1298 2802 1368 ποταμοὶ,
2832 1296 2924 1350 καὶ
2959 1298 3130 1349 πᾶσαι
3159 1296 3217 1348 αἱ
3252 1294 3538 1367 διώρυγες.
3565 1296 3757 1348 Ἔσται

2168 1392 2224 1444 δέ
2255 1390 2450 1454 σπάνις
2484 1389 2691 1443 ὑδάτων
2716 1389 2773 1441 ἐν
2812 1388 2977 1441 παντὶ⁷
3012 1388 3123 1439 ἐλει
3159 1385 3429 1456 καλάμου,
3458 1388 3553 1440 καὶ
3572 1384 3758 1438 παπύ-

2173 1502 2286 1556 ρου.
2323 1484 2433 1537 Καὶ
2456 1485 2563 1537 πᾶν
2589 1483 2652 1535 τὸ
2680 1485 2738 1536 ἐν
2765 1484 2878 1545 τοῖς
2908 1480 3061 1533 ὕδασι
3105 1480 3374 1551 φυόμενον
3414 1478 3760 1551 ξηρανθήσε-

2168 1594 2277 1639 ται,
2329 1575 2515 1646 φησὶν,
2586 1573 2727 1627 ὥστε
2772 1575 2869 1627 καὶ
2923 1572 3183 1639 στενάξαι
3227 1572 3335 1626 τῶν
3393 1571 3591 1642 ἰχθύων
3632 1570 3760 1633 τοὺς

2171 1668 2459 1740 θηρευτὰς,
2477 1668 2570 1721 καὶ
2590 1668 2717 1729 τοὺς
2746 1665 2809 1719 τὸ
2836 1666 2980 1718 λῖνον
3008 1662 3406 1735 ἐργαζομένους
3430 1663 3492 1715 τὸ
3520 1664 3758 1732 σχιστὸν,

2171 1763 2266 1814 καὶ
2293 1761 2351 1813 ἐν
2386 1759 2546 1830 ὀδύνῃ
2597 1757 2853 1827 γενέσθαι
2907 1756 3101 1827 πολλῇ,
3160 1755 3285 1819 τοὺς
3355 1753 3764 1826 ἐργαζομένους

2174 1854 2313 1908 αὑτά
2338 1868 2351 1882 ·
2406 1853 2501 1906 καλ⁵
2536 1852 2674 1922 πρὸς
2712 1851 2923 1913 τούτοις
2967 1849 3070 1913 ἔτι,
3121 1850 3248 1913 τοὺς
3275 1849 3366 1902 τὸν
3411 1849 3540 1919 παρ’
3579 1848 3764 1909 αὐτοῖς

2176 1944 2335 2009 ζύθον
2380 1942 2695 2015 ἀρτύοντας.
2754 1939 3181 1995 Ἐκλελοιπότων
3227 1940 3335 2012 γάρ
3383 1939 3494 1992 τῶν
3527 1937 3760 2000 ὑδάτων,

2174 2038 2232 2089 ἐν
2265 2036 2441 2108 ἐνδείᾳ
2490 2034 2689 2098 παντὸς
2718 2033 2931 2086 ἔσονται
2957 2031 3051 2085 τοῦ
3089 2030 3505 2100 κατευφραίνειν
3538 2029 3762 2094 εἰδότος,

2174 2130 2269 2183 καὶ
2314 2129 2384 2181 τὰ
2423 2127 2556 2200 πρὸς
2618 2125 2765 2196 ζωὴν
2809 2126 2996 2186 αὑτοῖς
3050 2123 3332 2193 ἐπιτήδεια
3370 2122 3764 2194 παρατιθέντος

2176 2220 2463 2283 πλουσίως.
2505 2218 2615 2271 Καὶ
2664 2217 2824 2270 ταυτὶ
2875 2215 2973 2286 μὲν
3007 2214 3067 2266 τό
3097 2231 3161 2283 γε
3200 2210 3334 2286 ἧκον
3362 2217 3445 2277 εἰς
3479 2215 3538 2267 τὸ
3569 2215 3635 2267 ἐκ
3662 2212 3765 2282 τῆς

2178 2312 2415 2384 ἱστορίας
2470 2310 2798 2381 δηλούμενον
2862 2308 3079 2380 εἴρηται
3134 2308 3339 2376 σαφῶς.
3390 2308 3453 2361 Εἰ
3503 2308 3559 2361 δὲ
3594 2308 3657 2376 δή
3680 2324 3766 2369 τις

2175 2405 2346 2459 ἕλοιτο
2373 2405 2479 2458 τῶν
2523 2403 2730 2458 ὑδάτων
2760 2400 2859 2473 τὴν
2892 2401 3089 2455 σπάνιν
3115 2402 3211 2454 καὶ
3249 2400 3451 2471 ἑτέρως
3481 2398 3759 2461 ἐκλαϐεῖν,

2177 2496 2270 2550 καὶ
2304 2495 2624 2567 ἰσχνοτέρων
2672 2493 2889 2547 ἐννοιῶν
2941 2495 3021 2556 εἰς
3069 2492 3233 2563 βάθος
3278 2490 3481 2554 ἐλθεῖν,
3516 2490 3616 2543 οὑκ
3657 2488 3767 2543 ἀπὸ

2180 2590 2383 2644 σκοποῦ
2437 2589 2717 2660 βαδιεῖται,
2768 2587 3120 2659 παρεικάζων
3180 2586 3336 2639 ὕδασι
3368 2584 3460 2637 τὸν
3494 2585 3649 2656 παρά
3703 2602 3765 2637 τε

2179 2684 2290 2745 τοῖς
2317 2681 2426 2735 τῶν
2472 2670 2741 2751 Ἑλλήνων
2772 2682 2978 2749 σοφοῖς,
3010 2678 3230 2750 γραώδη
3280 2694 3341 2731 τε
3389 2676 3482 2730 καὶ
3509 2677 3770 2730 ἀσύνετον

2180 2773 2335 2843 λόγον
2356 2790 2369 2803 ο
2400 2772 2577 2844 ἰχθύσι
2599 2789 2663 2841 γε
2696 2772 2803 2843 μὴν
2826 2771 2924 2843 τὴν
2959 2771 3067 2825 τῶν
3091 2768 3395 2841 ἀνθρώπων
3425 2768 3653 2839 πληθὺν,
3676 2767 3769 2820 καὶ

2184 2865 2293 2937 μὴν
2345 2866 2436 2919 καὶ
2478 2865 2736 2935 παπύρῳ,
2778 2864 3008 2935 καλάμῳ
3041 2881 3101 2917 τε
3134 2863 3229 2916 καὶ
3275 2863 3389 2925 τοῖς
3429 2860 3661 2925 λοιποῖς,
3694 2853 3770 2913 ὧν

2182 2958 2299 3010 ἐστι
2330 2956 2528 3028 τροφὸς
2553 2958 2586 3026 ἡ
2622 2956 2733 3009 τῶν
2786 2955 2993 3009 ὑδάτων
3044 2954 3227 3025 φύσις.
3269 2953 3509 3007 Ἀλιεῦσί
3542 2971 3607 3023 γε
3642 2954 3770 3023 μὴν,

2184 3047 2277 3101 καὶ
2304 3041 2385 3110 οἷς
2413 3046 2481 3100 ἂν
2533 3046 2692 3117 ἔργον
2725 3047 2811 3116 εἴη
2843 3046 2912 3099 τὰ
2952 3048 3010 3099 ἐν
3055 3048 3169 3108 τοῖς
3202 3044 3381 3110 ὕδασι,
3429 3046 3555 3108 τοὺς
3604 3061 3774 3116 σαγη-

510 3132 1009 3197 coutristabuntur,
1052 3139 1105 3184 et
1156 3129 1354 3183 animis
1408 3128 1682 3192 dolebunt,
1727 3142 1847 3181 cum
1893 3142 2078 3181 eorum

2185 3135 2360 3189 νεύειν
2391 3137 2600 3201 εἰδότας
2627 3138 2724 3207 τὴν
2744 3136 2853 3191 τῶν
2874 3136 3144 3206 άγελαίων
3167 3137 3399 3207 πληθὺν,
3419 3138 3511 3190 καὶ
3524 3136 3777 3208 καθάπερ

509 3226 683 3278 oratio
706 3223 872 3278 diluta
917 3225 1010 3284 sit,
1054 3232 1109 3275 et
1149 3220 1415 3284 incilicax,
1468 3237 1629 3291 quam
1684 3220 1879 3275 merito
1934 3220 2086 3289 aquis

512 3315 817 3384 comparari
859 3328 1017 3385 posse
1057 3314 1181 3367 hinc
1219 3322 1397 3383 patet,
1432 3315 1573 3382 quod
1606 3327 1668 3367 ea
1699 3327 1924 3382 prorsus
1957 3311 2088 3366 defi-

512 3411 642 3475 ciet,
672 3418 726 3463 et
758 3407 939 3463 omnia
968 3404 1090 3459 inde
1132 3405 1367 3459 enutrita
1402 3412 1741 3458 exarescant.
1771 3401 1836 3458 Hi
1880 3402 2088 3457 faciunt

514 3502 735 3570 zytltum
779 3517 793 3553 :
842 3512 945 3553 non
994 3496 1139 3553 enim
1194 3496 1375 3551 vinqu
1425 3494 1658 3550 offerunt
1683 3495 1824 3565 quod
1856 3494 2089 3551 hominis

504 3609 610 3648 ‘cor
642 3591 931 3658 exhilarat,
976 3589 1068 3645 sed
1116 3591 1354 3660 spuriam
1399 3590 1689 3659 quamdam
1741 3599 1796 3644 et
1845 3589 2088 3644 inutilem

508 3686 844 3747 doctrinam,
891 3696 1121 3753 eamque
1169 3681 1348 3736 verbis
1401 3680 1686 3735 subtilibus
1740 3692 1797 3735 et
1835 3681 2089 3746 climatis,

516 3788 573 3833 ut
603 3778 818 3848 quidem
855 3783 1062 3846 putant,
1113 3772 1365 3829 efferunt.
1417 3770 1530 3827 Hoc
1567 3772 1734 3835 enim,
1781 3782 1839 3825 ut
1879 3772 2090 3841 opinor,

518 3874 712 3941 byssus
735 3867 1023 3939 significat,
1052 3874 1111 3919 ut
1139 3866 1281 3919 dicat
1310 3864 1477 3934 288
1501 3879 1593 3919 eos
1624 3865 1849 3918 nimium
1884 3866 2095 3920 subtili-

522 3963 615 4015 tati
661 3969 716 4015 et
742 3958 969 4029 argutiis
995 3956 1231 4013 studere.
1286 3956 1351 4008 Et
1406 3956 1571 4008 tinum
1622 3955 1805 4012 fissile.
1857 3955 2095 4010 Minutie

519 4053 666 4107 enim
707 4052 849 4122 apud
880 4064 975 4103 eos
1015 4048 1286 4103 subtiliter
1340 4062 1404 4101 ac
1442 4047 1676 4101 tenuiter
1733 4048 2093 4112 disseruntur,

522 4158 708 4197 verum
746 4156 970 4222 prorsus
1016 4139 1230 4205 frivola,
1280 4146 1335 4194 et
1381 4138 1593 4209 frigidis
1640 4138 2098 4209 speculationibus

524 4235 746 4291 referta.
774 4232 1020 4303 Frigidus
1056 4232 1199 4286 enim
1230 4232 1442 4302 zythus.
1473 4230 1568 4285 Est
1606 4239 1784 4285 autem
1819 4228 2100 4300 Egyptia-

526 4342 644 4381 rum
675 4326 894 4395 quidam
936 4334 1110 4395 potus,
1156 4325 1252 4379 sed
1297 4322 1524 4395 frigidus
1574 4332 1626 4378 et
1665 4322 1925 4387 turbidus,
1979 4322 2100 4379 talis

525 4419 790 4489 siquidem
824 4429 909 4473 est
940 4433 1126 4473 eorum
1168 4417 1363 4484 oratio,
1391 4425 1444 4470 et
1478 4416 1610 4472 tales
1654 4424 1779 4470 sunt
1812 4416 2097 4480 doctrime,

2188 3228 2351 3293 λίνοις
2377 3230 2520 3283 τισὶν
2569 3230 2916 3301 ἐμπλακῆναι
2969 3231 3493 3300 παρασκευάζοντας
3548 3233 3660 3293 τοῖς
3694 3231 3776 3292 εἰς

2187 3322 2403 3393 ἀπάτην
2434 3322 2631 3386 αὑτοὺς
2655 3322 2993 3394 ἀποφέρουσι
3026 3322 3227 3391 λόγοις.
3262 3316 3420 3377 Οὗτοι
3463 3318 3774 3385 στενάξουσι

2189 3414 2284 3467 καὶ
2314 3413 2745 3484 λυπηθήσονται,
2770 3416 2865 3467 καὶ
2898 3414 2997 3477 τάς
3022 3414 3198 3485 ψυχάς
3221 3414 3557 3479 πονέσουσιν,
3592 3414 3769 3481 ἀπρα⁹

2191 3502 2443 3566 κτοῦντος
2475 3502 2575 3574 ήδη
2628 3520 2746 3567 πως
2797 3502 2889 3556 τοῦ
2922 3507 3054 3575 παρ’
3075 3504 3259 3567 αὐτοῖς
3288 3504 3441 3566 ὄντος
3488 3503 3646 3572 λόγου
3670 3520 3684 3533 ·
3717 3502 3779 3556 ὃν

2190 3593 2282 3645 καὶ
2305 3591 2459 3647 ὕδασι
2491 3594 2916 3665 παρεικάζοντες
2943 3593 3397 3664 διεύεϐαιούμεθα
3441 3592 3651 3662 σαφῶς,
3689 3591 3779 3645 διὰ

2190 3684 2251 3736 τὸ
2282 3683 2650 3738 ἐκλελοιπέναι
2690 3684 2969 3751 παντελῶς
3006 3685 3192 3749 αὑτὸν,
3244 3684 3678 3757 ξηρανθήσεσθαι
3720 3682 3779 3736 δὲ

2194 3772 2371 3826 πάντα
2428 3773 2496 3827 τὰ
2550 3773 2620 3826 δι’
2658 3773 2825 3827 αὑτοῦ
2877 3775 3207 3845 τρεφόμενα.
3249 3770 3409 3830 Οὗτοι
3442 3774 3664 3827 ποιοῦσι
3690 3773 3784 3825 τὸν

2195 3862 2389 3928 ζύθον·
2440 3865 2501 3916 οὑ
2549 3865 2657 3935 γὰρ
2696 3862 2838 3919 οἶνον
2890 3867 3225 3937 προσάγουσι
3272 3866 3365 3919 τὸν
3416 3864 3781 3935 εὐφραίνοντα

2196 3958 2425 4027 καρδίαν
2476 3957 2787 4027 ἀνθρώπου,
2848 3958 2987 4013 ἀλλὰ
3025 3960 3185 4031 νόθην
3223 3960 3345 4013 τινά
3386 3960 3480 4013 καὶ
3512 3959 3785 4028 ἄχρηστον

2195 4048 2558 4113 διδασκαλίαν,
2590 4049 2683 4103 καὶ
2711 4052 2823 4113 τοῖς
2854 4051 3054 4120 ἰσχνοῖς
3084 4050 3251 4121 αὑτὴν
3284 4050 3476 4122 ὥσπερ
3516 4048 3611 4105 οὖν
3654 4051 3787 4104 οῖον-

2198 4157 2290 4193 ται
2326 4140 2823 4210 κατασεμνύνοντες
2852 4140 3047 4210 λόγοις.
3094 4140 3499 4195 ’Υπαινίττεται
3543 4142 3673 4212 γὰρ,
3708 4136 3786 4194 οἶ-

2202 4247 2322 4302 μαι,
2355 4232 2505 4283 τουτὶ
2529 4229 2589 4282 τὸ
2617 4228 2812 4299 βύσσον
2852 4228 3031 4299 λέγειν
3070 4230 3269 4294 αὑτοὺς
3294 4230 3644 4303 ἐργάζεσθαι,
3685 4229 3786 4301 τὴν

2204 4322 2524 4392 ἰσχνοτάτην
2553 4322 2714 4391 ἄγαν.
2743 4322 2856 4375 Καὶ
2886 4321 3029 4376 λῖνον
3058 4322 3117 4377 δὲ
3142 4322 3203 4376 τὸ
3232 4323 3475 4393 σχιστόν.
3498 4322 3788 4376 Σκινδάλα-

2206 4431 2296 4484 μοι
2334 4414 2443 4485 γάρ
2469 4413 2661 4485 ῶσπερ
2701 4415 3049 4485 ἰσχνομυθίας
3108 4415 3176 4468 τὰ
3219 4417 3350 4487 παρ’
3377 4417 3598 4479 αὑτοῖς·
3646 4413 3788 4484 πλὴν

526 4524 646 4578 quae
683 4509 827 4564 sitim
887 4523 992 4563 non
1047 4508 1238 4565 sedant
1285 4508 1566 4575 imbibitae,
1618 4507 1711 4563 sed
1770 4506 2077 4562 inﬂammati

2206 4507 2438 4578 ἀνόνητα
2478 4507 2776 4572 παντελῶς,
2823 4506 2917 4560 καὶ
2948 4506 3175 4580 ψυχρῶν
3224 4506 3598 4580 θεωρημάτων
3650 4507 3785 4561 ἀνα-

526 4600 727 4673 potius,
755 4610 807 4653 et
834 4599 1087 4655 insuaves
1112 4607 1240 4654 sunt
1266 4599 1590 4663 bibentibus,
1629 4606 1683 4653 et
1715 4595 1785 4653 ob
1814 4598 2097 4654 vehemen-

533 4704 636 4749 tem
662 4691 1009 4763 frigiditatem
1046 4693 1265 4748 morbos
1300 4690 1629 4747 insanabiles
1665 4690 1901 4762 pariunt.

606 4977 768 5031 Vens.
802 4976 887 5031 ll.
920 4972 990 5028 Et
1024 4972 1172 5028 stulti
1211 4982 1362 5028 erunt
1425 4971 1682 5041 principes
1729 4969 1955 5036 Taneos,
2009 4987 2099 5025 sa-

532 5069 729 5138 pientes
752 5066 1043 5121 consiliarii
1068 5066 1224 5133 regis,
1273 5073 1323 5117 et
1347 5060 1623 5115 consilium
1644 5077 1823 5117 eorum
1868 5061 2106 5131 infatua-

483 5205 489 5213 .
537 5163 695 5215 bitur.

608 5252 930 5307 lmminente
955 5247 1205 5304 videlicet
1239 5246 1516 5316 Egyptiis
1547 5245 1841 5301 inevitabili
1882 5246 2107 5301 calami-

2208 4599 2575 4670 πλιμπλάντα.
2611 4599 2832 4670 Ψυχρδς
2861 4598 2971 4671 γὰρ
3000 4601 3028 4652 ό
3070 4598 3229 4665 ζύθος
3259 4599 3374 4670 (1).
3422 4641 3433 4654 .
3480 4641 3491 4653 .
3537 4640 3549 4652 .
3594 4639 3609 4653 .
3652 4639 3665 4653 .
3711 4640 3723 4651 .
3769 4638 3785 4653 .

2274 4973 2384 5028 Καὶ
2411 4975 2598 5042 μωροὶ
2655 4974 2897 5029 ἔσονται
2928 4979 2983 5030 οἱ
3008 4975 3296 5047 ἄρχοντες
3329 4978 3576 5045 Τάνεως,
3602 4981 3656 5033 οἰ
3684 4996 3791 5034 σο-

2205 5064 2307 5131 φοὶ
2366 5064 2702 5132 σύμϐουλοι
2754 5065 2861 5120 τοῦ
2896 5066 3224 5134 βασιλέως,
3258 5068 3297 5135 ἠ
3338 5068 3544 5138 ,βουλὴ
3592 5069 3794 5124 αὐτῶν

2202 5154 2678 5226 μωρανθήσεται.

2293 5247 2707 5321 Ἐπηρτημένης
2738 5250 2847 5324 γὰρ
2881 5252 3198 5320 Αἰγυπτίοις
3234 5252 3333 5322 τῆς
3366 5252 3611 5321 ἀφύκτου
3654 5270 3793 5323 συμ-

537 5357 670 5411 tate,
702 5355 755 5401 et
794 5344 1013 5414 regione
1041 5342 1332 5413 captivitati
1367 5339 1633 5409 proxima,
1669 5351 1862 5395 etcum
1888 5340 2082 5410 jamjau

2213 5341 2405 5408 φορᾶς,
2449 5341 2544 5392 καὶ
2574 5340 2874 5413 μελλούσης
2903 5343 3106 5397 ἁλῶναι
3142 5345 3241 5414 τῆς
3288 5343 3491 5415 χώρας,
3528 5344 3622 5397 καὶ
3669 5346 3794 5398 ὅσον

540 5439 667 5492 licet
706 5437 857 5491 inviti
913 5434 1090 5489 alieno
1142 5432 1271 5503 jugo
1318 5432 1585 5487 cervicem
1641 5432 1819 5486 daturi
1885 5440 2103 5486 essent:

541 5536 919 5605 consternatus
942 5526 1084 5581 haud
1122 5524 1491 5591 mediocriter,
1523 5532 1578 5579 et
1617 5522 1955 5579 intolerando
1996 5532 2107 5577 ter-

544 5632 665 5672 rore
723 5613 997 5686 perculsus
1024 5613 1075 5669 is
1123 5614 1214 5684 qui
1254 5614 1611 5684 principatum
1669 5614 1895 5668 sortitus
1950 5622 2106 5683 erat,

2211 5430 2422 5484 οὑδέπω
2458 5435 2571 5496 τοῖς
2606 5433 2810 5505 ἐτέρων
2870 5434 3077 5503 ζυγοῖς,
3137 5434 3240 5488 κᾶν
3295 5437 3344 5488 εί
3397 5436 3470 5506 μὴ
3522 5435 3795 5505 βούλοιντο

2212 5522 2393 5593 τυχὸν,
2458 5525 2779 5595 ὑπενεγκεῖν
2822 5527 2915 5581 τὸν
2966 5527 3187 5599 αὐχένα,
3240 5527 3677 5599 τεθορυὸημένος
3728 5530 3792 5582 ού

2218 5614 2473 5687 μετρίως,
2524 5618 2618 5670 καὶ
2669 5618 2963 5689 ἀφορήτυις
2998 5618 3214 5690 δείμασι
3275 5620 3717 5691 κατεπτοημένος
3764 5622 3796 5674 ὁ

614 5770 693 5844 (t)
722 5770 935 5827 Lacuna
961 5767 1051 5824 hic
1090 5766 1277 5824 relicta
1308 5776 1411 5835 est,
1445 5765 1568 5822 licet
1606 5767 1659 5821 in
1694 5763 1957 5821 Vaticano
1988 5776 2043 5823 et
2067 5767 2232 5839 Regio
2273 5769 2421 5826 nulla
2459 5770 2782 5841 reperiatur.
