4148 6378
380 396 482 453 it!

1492 389 1556 444 IN
1606 387 1843 443 ISAIAM
1884 385 2016 442 LIB.
2056 384 2121 441 ll.
2162 383 2401 441 TOMUS
2436 379 2530 441 IV.

3551 381 3671 440 1:62.

382 517 737 591 καθηγεῖσθαι
791 514 990 585 λαχὼν,
1051 512 1377 582 συνεκόμισε
1419 511 1518 581 μὲν
1572 511 1698 574 τοὺς
1739 508 1969 578 ἐπίκλην

2087 507 2367 579 sapientes,
2399 506 2489 576 qui
2519 514 2576 560 et
2610 503 2745 575 magi
2786 502 3063 567 dicuntur,
3088 502 3287 572 coegit,
3319 511 3374 558 et
3395 505 3461 556 ad
3493 518 3654 574 quem

383 615 603 683 σοφοὺς,
630 610 779 665 τοῦτ’
817 608 955 674 ἔστι,
992 608 1117 670 τοὺς
1153 606 1360 676 μάγους
1388 620 1401 633 ’
1431 604 1596 675 ἤρετο
1626 603 1685 656 δὲ
1725 603 1819 656 καὶ
1851 601 1971 655 λίαν

384 703 855 775 ἐσπουδασμένως,
898 702 1022 755 ὅποι
1075 699 1207 753 ποτὲ
1246 698 1356 769 ἄρα
1384 698 1445 750 τὸ
1472 697 1582 750 τῶν
1630 694 1972 767 πραγμάτων

385 801 568 861 αὐτοῖς
611 796 873 867 βαδιεῖται
921 793 1095 857 τέλος,
1147 792 1244 844 καὶ
1303 789 1426 844 τίνα
1466 788 1670 860 τρόπον
1709 784 1971 857 διακρού-

387 906 573 946 σαιντο
616 887 713 941 τοῦ
750 885 988 957 πολέμου
1017 885 1116 955 τὴν
1146 883 1351 952 ἔφοδον.
1378 882 1442 934 Οἱ
1472 881 1528 934 δὲ
1558 876 1813 932 τοσοῦτον
1870 877 1976 945 ὰφ-

391 985 678 1055 εστήκασι,
722 980 878 1051 φησὶ,
929 976 1023 1031 τοῦ
1071 974 1331 1030 δύνασθαί
1384 992 1435 1027 τι
1468 973 1579 1027 τῶν
1636 969 1972 1039 ἀναγκαίων,

388 1078 556 1148 ἧγουν
589 1071 824 1145 ἀληθῶν,
860 1072 1054 1133 εἰπεῖν,
1117 1068 1193 1131 ὡς
1240 1068 1333 1120 καὶ
1381 1066 1468 1118 ἐπ’
1512 1065 1739 1135 ἀκράτῳ
1796 1059 1975 1132 μωρίᾳ

389 1164 912 1237 καταγινώσκεσθαι.
940 1162 1073 1215 Θεοῦ
1110 1161 1217 1232 γάρ
1248 1159 1452 1214 κακοῦν
1474 1157 1771 1222 ἐθέλοντος,
1794 1157 1973 1223 ἀπραυ

390 1260 641 1329 κτήσειεν
671 1254 737 1309 ἂν
770 1256 804 1326 ἡ
830 1253 1031 1315 παντὸς
1076 1249 1362 1321 ἀνθρώπου
1399 1249 1560 1321 βουλή
1590 1266 1650 1301 τε
1684 1248 1777 1301 καὶ
1815 1246 1973 1299 δύνα»

394 1365 505 1418 μις.
543 1347 668 1400 Ἐὰν
699 1344 807 1416 γὰρ
845 1344 1037 1415 κλείσῃ
1087 1342 1208 1395 κατ’
1260 1340 1575 1413 ἀνθρώπου,
1609 1338 1693 1401 τίς
1735 1334 1971 1402 ἀνοίξεις

392 1437 535 1492 κατά
560 1437 622 1490 τὸ
652 1435 1056 1507 γεγραμμένον.
1100 1434 1305 1503 Σοφοὺς
1325 1428 1417 1486 οὖν
1449 1432 1559 1503 ἄρα
1585 1431 1807 1494 Τάνεως
1844 1429 1976 1491 τοὺς

393 1533 452 1583 ἐν
476 1531 613 1602 αὐτῇ
653 1545 788 1600 φησι
823 1528 1273 1598 ψευδοπροφήτας
1304 1542 1363 1578 τε
1396 1526 1490 1579 καὶ
1521 1523 1635 1576 τῶν
1661 1524 1718 1575 ἐν
1737 1525 1849 1585 τοῖς
1893 1538 1980 1573 τε·

2076 601 2292 655 tandem
2326 599 2484 652 linem
2520 600 2634 652 hate
2668 612 2754 651 res
2804 595 2998 659 exiret,
3054 606 3117 650 et
3160 610 3269 665 quo
3321 604 3480 665 pecto
3535 596 3657 651 belli

2074 692 2335 762 impetum
2389 689 2638 758 frangere
2682 696 2923 757 possent,
2964 686 3378 755 diligentissime
3428 687 3659 742 interro-

2078 782 2244 854 gavit.
2288 781 2520 836 Tantum
2556 780 2729 845 abest,
2761 789 2819 833 ut
2853 779 2905 833 hi
2931 778 3132 849 aliquid
3158 788 3520 849 opportunum
3565 790 3662 833 aut

2078 890 2264 928 verum
2304 874 2581 943 potuerint
2616 872 2822 936 dicere,
2862 881 2921 925 ut
2973 872 3139 925 etiam
3167 871 3395 939 insignis
3422 871 3662 926 Stultitia:

2079 969 2490 1023 damnarentur.
2527 965 2640 1019 Deo
2696 965 2841 1019 enim
2901 964 3115 1020 volente
3164 964 3363 1020 malum
3436 966 3660 1034 inferre,

2083 1071 2273 1125 parum
2305 1055 2501 1110 valebit
2522 1067 2682 1109 omne
2708 1053 2990 1108 consilium
3054 1054 3346 1108 humanum
3370 1064 3429 1110 et
3474 1064 3663 1125 poten-

2084 1150 2179 1204 tia.
2201 1149 2259 1204 Si
2287 1149 2428 1205 enim
2447 1150 2707 1205 clauseris
2736 1158 2921 1204 contra
2953 1150 3246 1212 hominem,
3274 1148 3394 1217 quis
3413 1148 3659 1218 aperiet?

2089 1244 2247 1300 sicuti
2293 1244 2554 1313 scriptum
2596 1258 2681 1298 est
2708 1244 2778 1298 ⁸⁷.
2814 1242 3023 1312 Sophus
3049 1244 3210 1311 igitur
3238 1243 3469 1306 Tancos,
3507 1258 3660 1313 pseu-

2084 1337 2448 1407 doprophetas
2480 1335 2599 1405 ejus
2649 1335 2996 1390 delubrorum
3032 1346 3308 1388 curatores
3337 1334 3505 1397 dicit;
3568 1331 3661 1401 qui

2085 1444 2206 1481 cum
2243 1436 2359 1481 ιιι-ιε
2390 1427 2594 1497 magica
2618 1441 2679 1481 se
2731 1426 3011 1489 ell'errent,
3036 1443 3102 1480 ex
3131 1427 3261 1495 ipsis
3310 1428 3472 1481 rebus
3527 1425 3660 1479 nihil

2085 1534 2206 1574 esse
2230 1534 2451 1588 prorsus
2477 1519 2864 1589 arguebantur.

397 1625 612 1697 μένεσιν
670 1622 1026 1694 ἐπιμελητάς.
1074 1620 1137 1675 Οἳ
1169 1620 1260 1674 καὶ
1305 1620 1399 1674 ἐπὶ
1469 1617 1630 1690 μάγῳ
1669 1617 1834 1689 τέχνῃ
1909 1613 2235 1686 φρονοῦντες
2295 1613 2458 1683 μέγα,
2518 1613 2585 1666 δι’
2630 1613 2810 1666 αὐτῶν
2850 1611 3137 1683 ἠλέγχοντο
3176 1612 3285 1663 τῶν
3323 1608 3664 1681 πραγμάτων

394 1718 544 1771 οὐδὲν
573 1716 725 1779 ὄντες
752 1714 1049 1778 παντελῶς.

468 1813 598 1880 Πῶς
646 1812 831 1881 ἐρεῖτε
879 1811 959 1877 τῷ
1006 1809 1289 1875 βασιλεῖ·
1330 1809 1447 1864 Υἱοὶ
1476 1807 1750 1863 συνετῶν
1785 1806 1978 1877 ἡμεῖς,

2160 1800 2325 1855 Vrsas.
2357 1799 2443 1854 12.
2489 1798 2763 1865 Quomodo
2797 1800 2982 1854 dicetis
3015 1801 3164 1869 regi:
3198 1798 3327 1854 Filii
3364 1800 3663 1873 intelligen-

394 1905 511 1959 vioi
539 1904 854 1970 ,βασιλέων
877 1902 996 1956 τῶν
1023 1902 1091 1967 ἐξ
1119 1899 1356 1970 ἀρχῆς;
1403 1899 1528 1954 Ποῦ
1582 1900 1702 1953 εἰσι
1763 1897 1883 1953 νῦν
1926 1897 1982 1949 οἱ

394 1995 577 2064 σοφοί
618 2007 760 2060 σου,
808 1991 909 2046 καί
950 1990 1486 2061 ἀναγγειλάτωσάν
1522 2005 1643 2051 σοι.
1681 1988 1782 2043 καί
1817 1988 1983 2042 εἰπά-

397 2099 598 2139 τωσαν
621 2101 635 2115 ο
673 2085 734 2137 Τί
764 2082 1165 2149 βεϐούλευται
1198 2081 1414 2149 Κύριος
1457 2079 1701 2135 Σαϐαὼθ
1736 2080 1831 2134 ἐπ’
1880 2078 1983 2133 Λῖ-

395 2192 629 2246 γυπτον
641 2189 661 2240 ;

481 2269 603 2322 Ἐπι
662 2266 864 2331 ποίοις,
934 2250 1106 2337 φησὶ,
1167 2262 1589 2336 κατορθώμασιν
1637 2261 1983 2317 ἀνασπάσετε

397 2358 497 2430 τὴν
556 2357 762 2432 όφρύνς
813 2357 878 2410 Τί
939 2357 1038 2428 τὴν
1095 2354 1408 2423 Αἰγυπτίων
1452 2354 1746 2425 ὀνήσαντες
1800 2350 1985 2421 χώραν

400 2450 853 2523 θαυμασθήσεσθε
922 2451 1051 2520 παρ’
1098 2448 1299 2513 αὐτῶν,
1357 2447 1390 2518 ἢ
1458 2447 1632 2510 ποίοις
1708 2444 1983 2518 κέχρησθε

398 2543 578 2612 λόγοις
638 2543 732 2598 τὸν
814 2541 1170 2613 βασιλεύοντα
1254 2538 1727 2610 συναρπάζοντες·
1796 2537 1981 2606 λέγον-

404 2653 518 2701 τες,
555 2638 639 2690 ὅτι
676 2636 796 2689 Υἱοὶ
826 2634 1063 2687 συνετῶν
1089 2634 1270 2704 ἡμεῖς,
1306 2630 1449 2685 τοῦτ’
1480 2631 1618 2696 ἐστι,
1654 2629 1983 2703 προφητῶν;

400 2732 581 2799 Μάγοι
631 2729 727 2783 καὶ
775 2730 841 2783 ὲκ
895 2727 1118 2798 μάγων·
1156 2724 1205 2778 οἳ
1261 2724 1485 2795 καὶτῆς
1511 2723 1697 2795 χώρας
1740 2722 1982 2793 ἁπάσης,

408 2820 694 2891 μονονουχὶ
722 2816 1160 2889 βεϐασιλεύκασι,
1207 2813 1489 2885 διαϐόητον
1537 2811 1830 2882 ἐσχηκότες
1881 2827 1985 2863 πα-

404 2911 475 2981 ρὰ
519 2912 629 2972 τοῖς
660 2908 771 2961 τῶν
816 2906 1050 2960 εἰδώλων
1109 2905 1478 2976 θεραπευταῖς
1531 2902 1630 2971 τὴν
1669 2901 1847 2966 δόξαν,
1892 2901 1986 2953 καὶ

400 3003 515 3065 τοῖς
542 2998 837 3072 κρατοῦσιν
870 2998 959 3052 ἀεὶ
1002 2997 1250 3059 συνόντες
1288 3012 1348 3048 τε
1387 2995 1482 3049 καὶ
1511 2994 1981 3061 συνδιαιτώμενον

402 3090 497 3144 ἆτε
520 3089 585 3161 δὴ
609 3091 704 3144 καὶ
744 3088 941 3157 βουλὰς
979 3088 1064 3156 ἐφ’
1100 3087 1273 3141 ἅπασι
1324 3087 1439 3147 τοῖς
1478 3082 1773 3156 πρακτέοις
1810 3083 1987 3135 εἰσκο-

2085 1893 2212 1946 tium
2239 1909 2353 1957 nos,
2405 1894 2504 1961 lilii
2537 1908 2719 1962 regum
2752 1894 2818 1946 ab
2848 1893 2996 1947 initio
3019 1894 3045 1945 Ζ)
3088 1891 3189 1947 Ubi
3237 1904 3356 1947 sunt
3396 1910 3533 1949 nunc
3566 1911 3659 1950 σα-

2083 1986 2281 2053 pientes
2325 1985 2425 2048 tm',
2455 1994 2505 2037 et
2551 1984 2863 2038 annuntient
2892 1985 3004 2049 tibi,
3041 1995 3089 2038 et
3117 1985 3293 2039 dicant
3324 2000 3344 2039 :
3377 1986 3520 2052 Quid
3539 2004 3662 2042 con-

2082 2075 2192 2129 silii
2222 2076 2351 2145 cepit
2392 2074 2649 2130 Dominus
2685 2075 2919 2131 Sabaoth
2941 2094 3097 2147 super
3128 2077 3452 2148 Egyptum?

2155 2250 2236 2307 Ob
2268 2269 2537 2324 quisnam,
2594 2256 2786 2325 inquit,
2813 2256 3066 2325 prmelara
3100 2258 3360 2324 facinora,
3396 2260 3657 2314 attolletis

2085 2346 2430 2413 supercilium
2458 2347 2482 2400 ’ἰ
2514 2345 2650 2413 Quid
2710 2348 3000 2418 adjumenti
3050 2350 3254 2419 regioni
3286 2350 3553 2420 Egyptian
3578 2362 3662 2407 at-

2089 2437 2307 2503 tulistis,
2342 2439 2481 2494 utin
2514 2440 2870 2497 admiratione
2918 2445 3059 2511 apud
3092 2458 3184 2497 eos
3210 2443 3369 2499 sitis?
3400 2442 3499 2499 Vel
3556 2461 3664 2514 qua

2085 2530 2335 2586 oratione
2360 2532 2608 2598 utemini,
2659 2549 2779 2589 cum
2816 2550 2996 2605 regem
3031 2536 3328 2604 corripitis,
3383 2537 3662 2596 dicentes:

2086 2618 2207 2676 Filii
2238 2622 2654 2692 intelligentium
2698 2640 2816 2693 nos,
2854 2628 2904 2683 id
2934 2636 3040 2693 est,
3094 2630 3520 2698 prophetarum?
3550 2631 3665 2685 Ma-

2086 2713 2136 2783 gi
2164 2725 2234 2769 ex
2260 2717 2464 2787 magis;
2518 2720 2608 2788 qui
2661 2718 2821 2773 etiam
2877 2734 2976 2790 per
3021 2720 3331 2775 universam
3390 2722 3662 2790 regionem

2090 2814 2299 2861 tantum
2331 2821 2436 2861 non
2465 2818 2780 2877 regnarunt,
2805 2808 2898 2877 qui
2928 2808 3067 2878 apud
3097 2809 3340 2865 cultores
3392 2811 3660 2868 idolorum

2087 2900 2546 2955 existimationem
2606 2908 2661 2955 et
2738 2901 2905 2972 289
2970 2901 3196 2972 gloriam
3250 2902 3665 2961 celeberrimam

2088 2992 2264 3059 adepti
2298 3001 2466 3046 sunt:
2507 2991 2597 3061 qui
2664 3008 2783 3045 cum
2848 2994 3156 3063 potentibus
3195 2994 3396 3051 versati
3451 3012 3670 3069 semper

2088 3077 2327 3147 fuerunt,
2361 3092 2415 3135 et
2444 3081 2780 3145 victitarunt,
2812 3083 3009 3153 quippe
3040 3085 3260 3139 consilia
3312 3086 3364 3139 in
3412 3088 3667 3144 omnibus

407 3154 585 3249 μίξειν
612 3154 886 3240 εἰωθότες,
924 3154 1034 3230 τῶν
1072 3174 1438 3245 ψευδωνύμων
1474 3154 1613 3225 θεῶν
1651 3170 1984 3242 ὲνηχούντων

2090 3174 2251 3227 rebus
2304 3174 2529 3243 agendis
2555 3171 2748 3229 aﬂ‘erre
2784 3175 2948 3239 soliti,
3016 3176 3157 3231 falso
3217 3179 3511 3236 nominatis
3561 3182 3665 3237 diis

404 3270 587 3332 αὐτοῖς
639 3268 737 3339 τὴν
783 3267 877 3321 τοῦ
926 3267 1301 3337 συμφέροντος
1347 3263 1539 3336 θήραν.
1594 3265 1760 3318 Ὅταν
1804 3264 1983 3317 τοίνυν

403 3361 864 3433 ψευδηγοροῦντες
890 3358 1304 3431 ὲλεγχθὴσεσθε,
1325 3358 1479 3428 φησὶ,
1504 3356 1599 3410 καὶ
1625 3356 1735 3409 τῶν
1767 3356 1984 3426 ἀληθῶν

405 3453 603 3516 εἰδότες
648 3452 820 3517 οὐδὲν,
854 3450 970 3514 πῶς
1004 3451 1178 3521 ἐρεῖτε
1214 3448 1292 3518 τῷ
1325 3447 1533 3517 βασιλεῖ
1557 3464 1570 3477 ·
1600 3448 1718 3501 Υἱοὶ
1750 3447 1986 3501 συνετῶν

406 3546 601 3615 ήμεῐς;
635 3545 741 3597 υἰοὶ
773 3542 1040 3615 βασιλέων
1070 3540 1178 3594 τῶν
1211 3538 1271 3604 ἐξ
1299 3540 1508 3611 ἀρχῆς;
1534 3539 1646 3591 Καὶ
1668 3538 1859 3607 γέγονε
1888 3538 1986 3607 μὲν

406 3636 464 3687 ὲν
490 3632 700 3697 τούτοις
722 3632 752 3685 ὁ
780 3632 1117 3705 προφητικὸς
1144 3632 1274 3702 ἡμῖν
1303 3630 1480 3698 λόγος,
1504 3628 1579 3694 ὡς
1605 3629 1743 3699 πρός
1764 3646 1827 3697 γε
1860 3630 1986 3692 τοὺς

405 3724 696 3788 δοκοῦντας
724 3719 864 3778 εἶναι
894 3722 1092 3793 σοφούς
1112 3741 1127 3754 ο
1160 3720 1281 3775 εἶτα
1308 3721 1550 3792 μέτεισιν
1592 3722 1685 3775 ἐπὶ
1718 3723 1780 3776 τὸ
1819 3722 1984 3777 αὐτοῦ

407 3817 700 3888 πρόσωπον
720 3816 816 3869 τοῦ
847 3814 1206 3884 καθηγεῖσθαι
1228 3815 1506 3885 λαχόντος,
1536 3815 1632 3867 καὶ
1653 3814 1845 3885 φησίν·
1874 3815 1985 3869 Ποῦ

406 3910 516 3961 εἰσι
542 3908 637 3961 νῦν
667 3909 717 3960 οἰ
742 3906 896 3976 σοφοί
929 3922 1023 3959 σου
1049 3922 1064 3971 ;
1106 3906 1199 3958 καὶ
1244 3904 1725 3974 ἁναγγειλάτωσὰν
1760 3922 1864 3970 σοι,
1890 3905 1986 3959 καὶ

407 4001 719 4055 εἰπάτωσαν
747 3999 801 4053 τί
832 3998 1178 4069 βεϐούλευται
1212 3996 1415 4068 Κύριος
1445 3994 1673 4050 Σαϐαὼθ
1710 3998 1799 4053 ἐπ’
1820 3997 1987 4066 Αἴγυ-

408 4107 557 4143 πτον.
595 4090 660 4142 Εἰ
693 4088 767 4159 μὴ
799 4087 909 4158 γάρ
948 4089 1055 4141 εἰσι
1088 4086 1319 4156 φένακες
1339 4127 1354 4153 ,
1381 4086 1568 4157 φησὶν,
1600 4086 1633 4156 ἦ
1673 4086 1989 4151 ἀπατεῶνες

409 4183 504 4235 καὶ
526 4181 848 4253 βωμολόχοι,
876 4181 968 4233 καί
985 4179 1341 4251 ψευδηγορεῖν
1373 4177 1646 4241 εἰωθότες,
1672 4181 1766 4233 καὶ
1794 4179 1861 4233 τὰ
1878 4179 1988 4232 ἀπὸ

408 4273 636 4347 καρδίας
669 4274 848 4328 αὐτῶν
878 4272 1163 4333 λαλοῦντες
1192 4270 1377 4342 μόνης,
1408 4269 1503 4323 καὶ
1522 4270 1623 4324 οὐκ
1652 4271 1759 4325 άπὸ
1787 4270 1987 4342 στόμα·

406 4384 501 4431 τος
522 4365 725 4438 Κυρίου
742 4382 757 4397 ο
796 4365 1035 4437 μάνθανε
1062 4364 1193 4437 παρ’
1224 4363 1404 4418 αὐτῶν
1431 4363 1500 4417 τὰ
1526 4366 1642 4427 τοῖς
1670 4364 1987 4433 Αἰγυπτίοις

410 4458 787 4529 ὲπηρτημένα,
824 4459 919 4511 καὶ
958 4456 1153 4510 αὐτίκα
1184 4456 1249 4527 δὴ
1280 4455 1425 4527 μάλα
1458 4455 1850 4528 συμϐησόμενα
1897 4457 1985 4512 διὰ
2016 4496 2063 4556 D

412 4549 607 4621 βουλῆς
632 4549 835 4623 Κυρίου
871 4548 1121 4603 Σαϐαὼθ.
1150 4546 1511 4612 Ἐπιτωθάξει
1543 4548 1599 4601 δὲ
1622 4548 1811 4619 ὥσπερ
1836 4550 1864 4602 ό
1898 4548 1985 4602 λό-

409 4660 506 4713 γος
541 4646 653 4708 τοῖς
699 4644 800 4697 οὐκ
831 4643 995 4696 εἰδόσι
1023 4641 1176 4707 Θεὸν,
1214 4641 1326 4695 ἀλλ’
1358 4636 1469 4697 οἷον
1510 4644 1569 4695 ὲν
1612 4641 1788 4713 σκότῳ
1832 4640 1989 4711 βαθεῖ

409 4737 719 4807 κειμένοις,
749 4735 839 4789 διὰ
879 4734 974 4787 τοῦ
1012 4734 1367 4804 προσκεῖσθαι
1407 4734 1584 4803 φιλεῖν
1619 4738 1738 4798 ταῖς
1775 4733 1883 4787 τῶν
1910 4736 1987 4786 εἰ-

409 4826 595 4880 δώλων
623 4825 921 4898 λατρείαις.
955 4826 1239 4879 ἰΙάνδεινον
1280 4822 1374 4880 οὖν
1405 4828 1535 4897 ἄρα,
1568 4826 1767 4894 μᾶλλον
1804 4825 1859 4879 δὲ
1890 4826 1987 4879 καὶ

409 4922 616 4975 εἰκαῖον
635 4920 935 4984 παντελῶς,
952 4918 1013 4971 τὸ
1041 4920 1163 4981 ταῖς
1187 4919 1294 4971 τῶν
1314 4918 1727 4989 ψευδομάντεων
1748 4917 1984 4980 ἀπάταις

411 5013 747 5087 ἑπιθαρσείνο
776 5014 975 5076 εἰδότες
1007 5013 1115 5085 γὰρ
1138 5013 1277 5077 ὅλως
1299 5013 1359 5065 τὸ
1390 5012 1612 5082 σύμπαν
1632 5010 1852 5081 ούδὲν,ἣ
1882 5010 1990 5064 τῶν

411 5106 707 5176 ἐσομένων,
736 5106 769 5177 ἢ
812 5104 906 5159 καί⁵
936 5098 1011 5159 ὧν
1048 5106 1113 5159 ἂν
1138 5105 1387 5177 ἐπιφέροι
1411 5103 1566 5167 Θεὸς,
1589 5102 1989 5174 ἀργυρολογίας

2085 3264 2212 3332 quid
2271 3264 2601 3319 conduceret
2670 3266 3078 3334 iuspirantibus.
3134 3266 3269 3321 Cum
3319 3269 3481 3339 igitur
3529 3270 3667 3327 falsa

2086 3353 2490 3417 roneionantes,
2545 3353 2739 3422 inquit,
2776 3364 2831 3409 et
2877 3357 2985 3408 veri
3038 3354 3172 3410 nihil
3240 3356 3473 3413 scientes
3531 3374 3665 3415 con-

2086 3445 2400 3510 vincemini,
2456 3448 2732 3514 quomodo
2762 3447 2953 3502 dicetis
2980 3448 3130 3517 regi:
3184 3448 3304 3503 Filii
3358 3450 3667 3523 intelligen-

2090 3537 2223 3591 tium
2259 3536 2398 3591 nos?
2438 3535 2558 3591 Filii
2616 3552 2797 3605 regum
2856 3538 2946 3608 qui
3000 3554 3031 3592 a
3086 3541 3277 3610 primis
3339 3544 3667 3599 exstiterunt

2088 3627 2453 3698 temporibus?
2485 3627 2542 3683 ln
2568 3628 2654 3683 bis
2680 3637 2856 3684 autem
2893 3645 3070 3686 sermo
3130 3632 3478 3701 propheticus
3542 3652 3668 3705 spe-

2086 3731 2199 3777 ctat
2226 3720 2291 3775 ad
2315 3736 2412 3776 eos
2467 3721 2559 3791 qui
2619 3735 2740 3776 esse
2784 3722 3103 3778 videbantur
3176 3726 3477 3794 sapientes;
3536 3729 3660 3783 dein

2087 3828 2216 3867 vero
2244 3811 2529 3867 transitum
2570 3810 2701 3867 facit
2731 3812 2798 3868 ad
2825 3827 3110 3884 personam
3164 3817 3281 3887 ejus
3313 3818 3405 3889 qui
3459 3820 3665 3890 princi-

2089 3916 2269 3977 patum
2296 3908 2522 3964 sortitus
2547 3917 2685 3971 erat,
2727 3918 2784 3963 et
2821 3909 2932 3961 ait:
2977 3906 3074 3963 Ubi
3104 3919 3228 3964 sunt
3266 3911 3536 3979 sapientes
3585 3916 3663 3970 tui

2088 4000 2715 4056 nunc?Etannuntient
2776 4000 2891 4065 tibi,
2919 4009 2974 4055 et
3034 4001 3216 4057 dicant
3275 4004 3402 4072 quid
3451 4007 3665 4062 consilii

2088 4093 2293 4162 ceperit
2318 4092 2579 4148 Dominus
2615 4091 2851 4148 Sabaoth
2881 4094 2945 4149 de
2985 4091 3240 4166 Egypto.
3297 4094 3534 4162 Etenim,
3578 4100 3663 4152 in-

2086 4185 2221 4254 quit,
2258 4185 2433 4241 sinon
2470 4192 2597 4240 sunt
2622 4184 2945 4255 impostores
2971 4196 3025 4240 et
3064 4188 3399 4257 deceptores,
3428 4199 3482 4244 et
3507 4204 3665 4245 scur-

2089 4291 2184 4339 rae,
2255 4275 2301 4330 si
2333 4290 2437 4330 non
2470 4275 2603 4330 falsa
2631 4276 2923 4345 praedicare
2950 4276 3145 4340 solent,
3175 4279 3276 4333 nisi
3311 4294 3377 4335 ex
3420 4294 3519 4335 suo
3571 4295 3668 4349 pe-

2087 4377 2239 4422 ctore
2294 4367 2409 4422 solo
2437 4368 2747 4436 loquantur,
2781 4382 2887 4421 non
2915 4367 2982 4421 ab
3012 4382 3107 4423 ore
3139 4368 3347 4425 Domini
3382 4387 3397 4425 :
3427 4372 3574 4426 disce
3597 4373 3669 4426 ab

2090 4458 2194 4514 illis
2214 4473 2332 4528 qua:
2356 4458 2623 4530 Egyptiis
2655 4459 2985 4528 impendent,
3018 4469 3073 4514 et
3129 4475 3250 4531 quae
3308 4475 3377 4516 ex
3440 4463 3668 4517 consilio

2092 4551 2305 4607 Domini
2342 4548 2580 4607 Sabaoth
2612 4553 2787 4622 primo
2816 4567 3030 4622 quoque
3063 4562 3301 4621 tempore
3318 4563 3447 4609 sunt
3502 4570 3666 4610 even-

2094 4652 2236 4698 tura.
2270 4642 2495 4699 lnsultat
2524 4644 2679 4714 quasi
2715 4643 2821 4698 illis
2853 4644 2943 4714 qui
2996 4643 3164 4700 Deum
3226 4660 3332 4701 non
3401 4661 3668 4713 cognove-

2094 4747 2240 4801 runt,
2275 4736 2367 4791 sed
2398 4737 2543 4791 velut
2600 4738 2653 4791 in
2722 4736 3007 4809 profundis
3071 4738 3307 4794 tenebris
3348 4738 3665 4809 jacuerunt,

2093 4843 2158 4882 eo
2187 4829 2329 4897 quod
2371 4827 2632 4883 idolorum
2664 4829 2832 4884 cultui
2862 4828 3227 4898 adigerentur.
3266 4828 3664 4886 Gravissimum

2094 4919 2277 4989 igitur,
2311 4920 2419 4975 imo
2445 4935 2573 4976 vero
2621 4936 2846 4992 prorsus
2898 4923 3283 4989 frustraneum,
3354 4924 3668 4992 imposturis

2093 5011 2353 5066 falsorum
2408 5023 2588 5066 vatum
2620 5014 2911 5070 conﬁdere.
2982 5015 3120 5069 Cum
3173 5014 3319 5069 enim
3378 5016 3557 5070 futura
3609 5026 3666 5071 et

2089 5118 2208 5173 quae
2232 5104 2370 5157 Deus
2394 5103 2577 5170 infert,
2602 5106 2822 5160 omnino
2855 5106 3127 5175 ignorent,
3178 5108 3538 5162 coacervandi
3568 5124 3662 5163 ar-

412 5195 668 5248 ὑπόθεσιν
690 5195 971 5248 ποιοῦνται
997 5195 1096 5266 τὴν
1119 5194 1533 5265 ψευδομαντίαν,
1571 5194 1663 5245 καὶ
1685 5191 1984 5246 θεοκλυτεῖν

2088 5194 2235 5265 genti
2278 5193 2557 5250 materiam
2585 5195 2791 5250 faciunt
2819 5206 2989 5251 artem
3015 5196 3533 5266 pseudomanticam,
3580 5216 3670 5255 va-

413 5286 869 5350 ὐποπλάττοντες,
885 5286 954 5340 τὰ
967 5286 1075 5339 ἀπὸ
1090 5287 1252 5357 μόνης
1275 5286 1371 5356 τῆς
1390 5285 1540 5353 σφῶν
1561 5284 1754 5355 βουλῆς
1774 5286 1992 5356 ἐρευγό-

401 5394 589 5457 μενοι,
634 5379 730 5433 καὶ
769 5378 863 5433 τὸν
908 5378 1018 5431 τῶν
1047 5376 1457 5449 προσκειμένων
1494 5376 1676 5439 αὐτοῖς
1712 5393 1986 5447 καταγοη-

412 5469 661 5534 τεύοντες
689 5471 835 5526 νοῦν.
873 5471 1108 5526 Λαλοῦσι
1141 5471 1248 5541 γὰρ
1290 5470 1327 5523 ἃ
1364 5470 1431 5524 ἂν
1462 5469 1704 5540 βούλοιτό
1740 5486 1844 5534 τις,
1892 5470 1987 5523 καὶ

416 5562 578 5631 μόνον
606 5563 784 5617 ὶκεῖνό
811 5580 999 5633 φασιν,
1027 5564 1163 5636 ὅπερ
1200 5562 1265 5617 ἂν
1296 5557 1438 5616 εἶναι
1464 5563 1833 5633 τεκμήραιντο
1874 5563 1988 5624 τοῖς

414 5651 790 5723 ἀκροωμένοις
816 5652 937 5707 καθ’
968 5652 1181 5724 ἡδονήν.
1215 5652 1354 5706 Ἀλλ’
1385 5655 1413 5706 ὅ
1447 5668 1509 5723 γε
1533 5652 1672 5716 θεῖος
1702 5655 1835 5725 ἡμῖν
1865 5653 1987 5707 im.-

486 5806 529 5838 ⁵⁷
570 5805 671 5863 Job
697 5825 793 5874 xu,
830 5810 913 5864 14.

2093 5287 2455 5351 ticinationes,
2475 5298 2530 5341 et
2559 5304 2586 5340 a
2605 5288 2712 5343 Deo
2743 5288 2930 5343 audire
2958 5304 3019 5343 se
3050 5287 3257 5360 ﬁngunt
3280 5304 3397 5359 qua:
3424 5305 3521 5344 suo
3547 5292 3664 5345 solo

2092 5381 2351 5435 arbitratu
2371 5389 2637 5446 eructant,
2657 5382 3004 5452 animumque
3023 5396 3208 5436 eorum
3229 5382 3317 5452 qui
3338 5382 3465 5451 ipsis
3482 5383 3669 5437 adha3~

2097 5482 2243 5537 rent,
2279 5482 2591 5528 excantant.
2617 5472 2934 5542 Loquuntur
2957 5474 3100 5528 enim
3135 5489 3254 5542 quae
3283 5474 3492 5543 placent
3521 5475 3665 5542 aliis,

2092 5563 2217 5618 illud
2243 5563 2430 5618 dicunt
2480 5563 2651 5619 solum
2685 5565 2825 5634 quod
2881 5565 3132 5635 voluptati
3187 5580 3306 5620 esse
3327 5567 3666 5623 audientibus

2092 5654 2405 5724 conjiciunt.
2439 5654 2703 5712 Caeterum
2736 5657 3016 5713 divinalex
3070 5659 3316 5727 praecipit
3346 5659 3415 5714 ab
3475 5658 3667 5729 hujus-
