4148 6378
445 380 552 436 463

1428 380 1486 434 S.
1527 378 1802 433 CYRILLl
1843 376 2307 433 ALEXANDRINI
2349 376 2672 435 ARCHIEP.

3592 382 3693 435 λϐῑ

446 503 590 558 modi
628 500 941 557 hominibus
992 499 1266 555 recedere.
1326 498 1500 554 liabet
1548 500 1693 554 enim
1754 500 1923 555 δῖοι(
1956 497 2012 552 Si

2131 502 2310 554 τάττει
2358 503 2518 570 νόμος
2574 501 2681 554 τῶν
2720 496 2973 553 τοιούτων
3021 496 3339 567 ἀποφοιτᾷν.
3392 496 3543 567 Ἔχει
3594 498 3701 569 γὰρ

451 597 723 663 ingressus
769 591 844 647 sis
891 592 943 644 in
1014 599 1211 644 terram
1273 605 1434 659 quam
1464 590 1557 644 dat
1612 590 1708 644 tibi
1758 589 2019 644 Dominus

449 684 588 739 Deus
616 694 757 747 tuus,
799 699 903 737 non
951 682 1126 737 disces
1151 682 1333 737 facere
1392 682 1686 736 secundum
1742 682 2020 736 abomina-

450 774 625 828 tiones
687 773 920 844 gentium
970 787 1179 825 earum.
1233 770 1349 825 Non
1399 772 1702 827 invenietur
1746 773 1798 825 in
1843 781 1894 825 te
1934 773 2021 841 qui

446 864 642 920 lustrat
679 864 845 919 lilium
875 879 1031 919 suum
1071 863 1150 916 vel
1184 863 1343 917 filiam
1379 878 1529 918 suam
1580 864 1713 934 igni,
1756 873 1849 918 aut
1885 865 2023 918 vati-

448 954 977 1020 cinansvaticinium,
997 954 1079 1008 vel
1100 955 1316 1020 ariolus,
1337 955 1416 1010 vel
1440 970 1631 1024 augur,
1650 955 1731 1009 vel
1748 955 1836 1024 qui
1862 970 2025 1009 vene-

450 1047 587 1101 ficiis
632 1048 891 1111 incantat,
906 1056 994 1101 attt
1017 1045 1405 1114 ventriloquus.
1423 1045 1502 1099 vel
1522 1046 1612 1115 qui
1629 1057 1835 1100 ostenta
1892 1061 2026 1101 cou-

448 1137 671 1201 siderat,
713 1146 804 1190 aut
830 1138 919 1205 qui
965 1137 1264 1206 interrogat
1316 1148 1576 1191 mortuos.
1629 1137 1839 1191 Etenim
1897 1137 2027 1191 abo-

451 1230 673 1284 minatio
706 1227 929 1281 Domino
966 1228 1071 1283 Deo
1111 1240 1202 1283 tuo
1237 1229 1543 1298 quicunque
1584 1230 1710 1284 talia
1745 1228 1873 1284 facit
1896 1229 1962 1282 ⁵⁸.
2000 1248 2021 1280 ι

454 1329 709 1398 Adiungit
737 1344 900 1398 porro
934 1329 1040 1391 his,
1068 1338 1121 1381 et
1162 1329 1235 1381 ait
1264 1345 1277 1382 :
1332 1347 1350 1378 s
1388 1327 1677 1383 Perfectus
1702 1329 1807 1383 eris
1846 1343 2025 1383 coram

451 1419 678 1474 Domino
716 1420 827 1474 Deo
876 1429 969 1474 tuo
1016 1419 1083 1470 ".
1128 1436 1146 1469 ι
1197 1416 1331 1471 Nam
1390 1430 1574 1487 gentes
1638 1418 1739 1472 illa:
1786 1434 1918 1489 quas
1972 1429 2025 1471 tu

451 1510 767 1567 haereditate
810 1508 1077 1579 possides,
1121 1509 1470 1564 ariolationes
1523 1519 1578 1563 et
1614 1509 2027 1563 vaticinationes

453 1604 689 1657 audiunt.
722 1600 839 1655 Tibi
894 1616 1024 1656 vero
1062 1616 1167 1655 non
1229 1601 1309 1655 sic
1363 1601 1507 1655 dedit
1580 1600 1839 1655 Dominus
1885 1601 2025 1654 Dens

456 1705 583 1747 tuus
616 1711 630 1747 ε
669 1711 688 1744 ι
729 1691 1052 1761 Prophetam
1082 1692 1145 1743 de
1176 1689 1437 1745 fratribus
1472 1692 1576 1744 tuis
1626 1690 1881 1743 excitabit
1930 1688 2026 1743 tibi

457 1784 712 1838 Dominus
761 1784 900 1837 Deus
963 1791 1106 1848 tuus,
1164 1784 1336 1851 ipsum
1392 1782 1623 1836 audietis
1658 1796 1754 1851 per
1822 1780 2024 1841 omnia,

2126 593 2296 655 οὕτως
2315 610 2327 622 ·
2358 610 2375 642 ι
2407 593 2530 645 Ἐάν
2558 590 2803 662 εἰσέλθῃς
2828 590 2907 653 είς
2935 588 3032 660 τὴν
3060 588 3162 658 γῆν
3185 589 3250 656 ῆν
3280 586 3482 657 Κύριος
3517 588 3546 640 6
3568 588 3699 651 Θεός

2127 700 2220 736 σου
2250 682 2430 736 δίδωσί
2457 696 2569 747 σοι,
2602 683 2663 736 ού
2710 682 2928 753 μαθήσῃ
2953 682 3127 732 ποιεῖν
3174 679 3317 732 κατὰ
3358 678 3702 751 βδελύγματα

2126 775 2232 829 τῶν
2265 774 2434 828 ἐθνῶν
2501 776 2745 830 ἐκείνων.
2802 776 2913 847 Ούχ
2952 774 3311 847 εὑρεθήσεται
3339 774 3395 824 ὲν
3435 773 3518 825 σοὶ
3548 788 3702 842 περι-

2127 865 2405 936 καθαίρων
2441 866 2531 919 τὸν
2574 866 2685 919 υίὸν
2720 865 2884 921 αὐτοῦ
2917 866 2948 936 ἢ
3000 865 3098 937 τὴν
3131 864 3403 933 θυγατέρα
3436 862 3600 916 αὑτοῦ
3641 864 3702 915 ὲν

2128 957 2280 1027 πυρὶ,
2329 957 2727 1027 μαντευόμενος
2775 956 3053 1028 μαντείαν,
3098 954 3577 1025 κληδωνιζόμενος,
3606 954 3696 1006 καὶ

2126 1048 2539 1118 οἰωνιζόμενος,
2576 1047 2896 1119 φαρμακός,
2942 1046 3194 1117 ἐπᾴδων,
3229 1043 3698 1114 ἔγγαστρίμυθος,

2127 1135 2224 1189 καὶ
2250 1136 2673 1207 τερατοσκόπος,
2698 1137 2794 1189 καὶ
2825 1135 3117 1206 ἐπερωτῶν
3135 1134 3260 1197 τοὺς
3275 1130 3524 1202 νεκρούς.
3544 1132 3695 1184 Ἔστι

2128 1230 2236 1300 γὰρ
2263 1230 2537 1300 βδέλυγμα
2555 1230 2741 1300 Κυρίῳ
2758 1229 2836 1301 τῷ
2864 1228 2985 1299 Θεῷ
3014 1245 3107 1281 σου
3134 1229 3244 1291 πᾶς
3274 1225 3442 1279 ποιῶν
3470 1225 3659 1278 ταῦτα.
3676 1243 3696 1275 ι

2128 1323 2471 1393 Προσεπάγει
2495 1322 2552 1376 δὲ
2586 1322 2793 1386 τούτοις
2820 1321 2915 1375 καὶ
2943 1320 3105 1391 φησί·
3134 1337 3152 1370 ι
3177 1317 3390 1381 Τέλειος
3421 1316 3519 1386 ἔσῃ
3546 1318 3698 1369 έναν-

2126 1413 2239 1466 τίον
2270 1414 2474 1483 Κυρίου
2502 1412 2596 1466 τοῦ
2624 1412 2761 1465 Θεοῦ
2789 1429 2903 1465 σου.
2932 1431 2952 1465 ι
2980 1412 3022 1463 Τ
3025 1411 3060 1464 ὰ
3094 1410 3203 1481 γὰρ
3222 1409 3349 1479 ἔθνη
3387 1406 3579 1472 ταῦτα,
3605 1404 3698 1466 οὓς

2129 1506 2194 1557 σὺ
2226 1506 2725 1575 κατακληρονομεῖς
2752 1504 2969 1567 αὐτοὺς,
3010 1495 3157 1555 οὗτοι
3186 1497 3572 1570 κληδωνισμῶν
3606 1496 3699 1549 καλ⁸

2132 1595 2397 1666 μαντειῶν
2430 1595 2776 1649 ἀκούσονται.
2812 1594 2902 1646 Σοὶ
2940 1592 2996 1645 δὲ
3033 1593 3131 1662 οὐχ
3167 1591 3309 1644 οὓτω
3334 1589 3563 1643 δέδωκεν
3588 1585 3700 1640 Κύ-

2132 1704 2245 1758 ριος
2282 1689 2310 1740 6
2337 1687 2467 1749 Θεός
2508 1702 2628 1739 σου’
2684 1703 2702 1736 t
2740 1686 3028 1755 Προφήτην
3061 1685 3123 1735 ἐκ
3161 1683 3270 1735 τῶν
3314 1678 3556 1749 ἀδελφῶν
3605 1695 3700 1731 σου

2128 1777 2423 1846 ἀναστήσει
2457 1792 2537 1829 σοι
2579 1774 2786 1846 Κύριος
2827 1778 2855 1827 6
2882 1774 3013 1838 Θεός
3042 1790 3133 1827 σου
3154 1813 3168 1834 ,
3199 1771 3361 1826 αὑτοῦ
3401 1768 3698 1824 ἀκούσεσθε

454 1874 619 1946 290
678 1886 1013 1941 quaecunque
1081 1872 1331 1940 loquetur
1395 1871 1547 1925 vobis
1577 1871 1642 1923 ⁸⁸.
1724 1889 1744 1924 ι
1800 1870 2027 1925 Omnino

2131 1868 2271 1921 κατὰ
2300 1870 2475 1923 πάντα
2516 1868 2615 1922 ὅσα
2643 1867 2709 1921 ἂν
2733 1867 2943 1939 λαλήσῃ
2982 1866 3117 1936 πρὸς
3148 1864 3312 1934 ὑμᾶς.
3340 1883 3357 1915 ι
3392 1860 3701 1929 ’Δφιλόθεος

455 1968 597 2018 enim
637 1965 726 2018 Dei
758 1979 941 2018 altiore
972 1978 1170 2017 vacuus
1193 1964 1321 2025 erit,
1348 1972 1403 2017 et
1439 1963 1654 2032 pietatis
1689 1964 2023 2018 ornamentis

458 2057 763 2120 nudabitnr,
797 2056 888 2124 qui
931 2054 1225 2114 vaticiniis.
1296 2054 1724 2121 ariolationibus,
1783 2054 2026 2125 auguriis

455 2156 510 2202 et
550 2148 949 2201 incautatorum
981 2146 1118 2202 fucis
1176 2146 1413 2200 animum
1473 2146 1800 2201 adhibuerit.
1851 2146 1918 2199 At
1981 2146 2025 2200 is

455 2237 567 2306 spei
596 2236 746 2289 bona:
774 2251 898 2290 vere
925 2237 1112 2306 plenus
1142 2236 1268 2303 erit,
1300 2236 1391 2305 qui
1419 2237 1744 2307 evangelicis
1790 2238 2025 2293 oraculis

455 2330 692 2382 animum
731 2328 1042 2392 intenderit,
1102 2338 1154 2381 et
1176 2327 1260 2382 his
1296 2343 1413 2396 qua:
1433 2327 1861 2394 Chrisiesdicit,
1885 2330 2027 2385 veri-

459 2419 586 2472 tatis
614 2417 875 2473 calculum
908 2419 1171 2473 attulerit.
1205 2418 1481 2488 Siquidem
1521 2418 1623 2472 ille.
1654 2429 1738 2474 est
1790 2421 2027 2490 prophe-

459 2518 632 2561 tarum
706 2508 981 2569 Dmuinus,
1053 2515 1108 2561 et
1162 2507 1337 2561 omnis
1389 2508 1712 2577 cognitionis
1780 2512 2024 2579 largitor,

456 2598 667 2654 etiamsi
695 2613 793 2669 pro
833 2613 1084 2653 mensura
1122 2597 1478 2654 humanitatis
1537 2600 1798 2671 prOpheta
1848 2601 2025 2654 nomi-

458 2701 637 2745 nctur.

532 2777 691 2832 Vens.
745 2776 932 2832 15-15.
1005 2775 1318 2845 Defeceramt
1383 2777 1640 2848 principes
1698 2775 1922 2840 Taneos,
1978 2789 2027 2831 et

456 2872 617 2924 evecti
650 2870 1061 2939 suntprincipes
1103 2869 1417 2938 Mempheos,
1443 2877 1492 2922 et
1543 2870 1797 2939 decipient
1856 2868 2029 2939 [Ερυ-

457 2971 603 3030 ῃιιιηι
628 2960 909 3014 secundum
938 2961 1125 3013 tribus.
1154 2960 1406 3013 Dominus
1439 2961 1577 3014 enim
1636 2960 1872 3029 confudit
1934 2977 2021 3015 eos

457 3053 643 3119 spiritu
672 3052 885 3112 erroris,
912 3062 957 3103 et
992 3051 1301 3117 acceperunt
1345 3048 1634 3119 [Egyptum
1700 3050 1755 3103 in
1788 3049 2027 3102 omnibus

458 3143 694 3208 operibus
720 3142 853 3209 ejus,
879 3140 1008 3193 sicut
1048 3149 1187 3193 errat
1240 3140 1412 3192 ebrius
1477 3149 1523 3192 et
1580 3155 1787 3193 vomens
1830 3140 2026 3203 simul;

2125 1961 2234 2031 γὰρ
2268 1960 2582 2024 παντελῶς,
2627 1960 2721 2013 καὶ
2762 1958 2867 2011 τῶν
2917 1960 2995 2021 εἰς
3040 1957 3319 2010 εὐσέϐειαν
3365 1954 3703 2025 αὐχημάτων

2126 2050 2277 2102 ἔσται
2306 2050 2510 2119 γυμνὸς
2562 2050 2591 2101 6
2646 2048 2925 2117 μαντείαις
2967 2046 3251 2117 προσέχων
3301 2044 3395 2097 καὶ
3440 2041 3699 2113 κληδωνι-

2128 2143 2304 2211 σμοῖς,
2339 2139 2753 2202 οίωνοσκοπίαις
2779 2155 2837 2192 τε
2872 2138 2967 2191 καὶ
3012 2139 3121 2199 τοῖς
3148 2137 3256 2188 τῶν
3291 2133 3504 2204 γοητῶν
3535 2150 3699 2203 φενα-

2127 2236 2364 2302 κισμοῖς.
2397 2230 2639 2294 Ἐλπίδος
2667 2247 2727 2298 γε
2757 2231 2863 2301 μὴν
2893 2227 3102 2299 ἀγαθῆς
3134 2226 3427 2296 ὲπίμεστος
3461 2223 3699 2296 ἀληθῶς,

2126 2326 2155 2377 6
2180 2327 2291 2389 τοῖς
2330 2322 2701 2392 εύαγγελικοίς
2741 2320 3074 2391 θεσπίσμασι
3106 2318 3385 2390 προσέχων
3429 2315 3518 2368 τὸν
3553 2314 3699 2379 νοῦν,

2129 2417 2221 2471 καὶ
2262 2411 2343 2477 οἷς
2390 2415 2457 2469 ἂν
2487 2414 2635 2482 λέγοι
2664 2412 2917 2485 Χριστὸς,
2948 2411 3045 2482 τὴν
3083 2410 3181 2481 τῆς
3220 2408 3477 2477 ἀληθείας
3522 2407 3704 2479 ψῆφον

2128 2507 2411 2570 ἐπιτιθείς.
2456 2508 2565 2559 Καὶ
2620 2508 2727 2578 γάρ
2756 2509 2872 2558 ἐστι
2915 2502 3208 2575 προφητῶν
3260 2501 3568 2572 Δεσπότης,
3608 2499 3704 2553 καὶ

2129 2600 2346 2670 ἀπάσης
2371 2598 2625 2667 γνώσεως
2662 2596 2931 2668 χωρηγδς,
2964 2598 3012 2649 εί
3041 2596 3133 2649 καὶ
3166 2594 3453 2665 προφήτης
3490 2591 3705 2662 ὠνόμα-

2131 2709 2279 2755 σται,
2306 2692 2477 2744 διάτοι
2506 2691 2567 2743 τὸ
2604 2691 2702 2761 τῆς
2732 2689 3151 2762 ἀνθρωπότητος
3179 2686 3393 2757 μέτρον.

2211 2784 2526 2847 Ἐξέλιπον
2557 2785 2608 2836 oi
2646 2782 2933 2852 ἄρχοντες
2969 2779 3212 2845 Τὰνεως,
3242 2778 3338 2833 καὶ
3372 2776 3707 2845 ὑψώθησαν

2130 2876 2182 2927 οι
2202 2874 2490 2942 ἄρχοντες
2515 2871 2817 2941 Μέμφεως,
2844 2871 2941 2924 καὶ
2961 2866 3390 2934 πλανήσουσιν
3405 2865 3709 2935 Αιγυπτον

2129 2964 2277 3017 κατὰ
2306 2962 2528 3033 φυλάς.
2558 2963 2773 3031 Κύριος
2795 2960 2907 3029 γὰρ
2934 2959 3223 3028 ἐκέρασεν
3252 2956 3452 3023 αὐτοῖς
3473 2953 3707 3023 πνεῦμα

2130 3056 2521 3124 πλην-ήσεως,
2558 3055 2657 3107 καὶ
2705 3052 3065 3120 ὲπλάνησαν
3107 3052 3414 3121 Αἴγυπτον
3438 3050 3508 3103 ἐν
3557 3046 3706 3101 πᾶσι

2130 3146 2254 3211 τοῖς
2272 3148 2467 3215 ἔργοις
2493 3144 2713 3208 αὐτῶν,
2740 3144 2818 3210 ὡς
2861 3141 3163 3197 πλανᾶται
3195 3145 3226 3196 ό
3254 3142 3509 3211 μεθύων,
3549 3137 3646 3193 καὶ
3674 3140 3707 3190 ὀ

459 3204 550 3285 nec
606 3204 769 3283 ullum
810 3245 934 3297 apus
955 3229 1138 3281 habent
1176 3228 1415 3297 dfgyptii
1460 3230 1597 3298 quod
1650 3229 1813 3297 faciat
1872 3240 2026 3301 caput

2131 3204 2460 3306 ἐμῶν’ἇλλα..
2484 3236 2593 3290 Kal
2630 3204 2737 3290 οὐκ
2769 3204 2939 3289 ἔσται
2976 3233 3101 3297 τοῖς
3142 3204 3705 3302 Αἰγυπτίοις-ἔργον,

456 3334 505 3376 et
531 3326 774 3385 caudam,
812 3320 1122 3389 principium
1158 3331 1203 3373 et
1232 3320 1410 3388 ﬁnem.

533 3414 752 3470 Deridet
772 3414 925 3467 nobis
954 3412 1351 3481 quodammodo
1379 3412 1638 3466 falsorum
1668 3422 1847 3467 vatum
1862 3428 2030 3483 nugas

458 3517 515 3561 et
546 3511 808 3560 vanitates
872 3504 922 3557 iu
981 3505 1129 3558 hisce
1175 3503 1355 3558 verbis
1421 3518 1600 3558 sermo
1663 3505 2027 3574 propheticus.

462 3598 837 3670 Egyptiorum
865 3597 1009 3651 ειιίιη
1042 3595 1349 3665 prmfectus,
1382 3596 1474 3665 qui
1496 3610 1617 3650 cum
1645 3596 1763 3665 ipso
1820 3610 2031 3666 semper

461 3701 614 3744 crant
689 3688 1107 3758 praestigiatores
1157 3696 1212 3741 et
1274 3701 1442 3741 vanos
1496 3696 1677 3750 vates,
1723 3686 1814 3757 qui
1867 3690 2029 3741 etiam

464 3782 876 3836 nominabantur
935 3780 1109 3848 sophi,
1151 3778 1502 3848 interrogavit
1527 3779 1578 3832 in
1614 3792 1773 3848 quem
1818 3779 2028 3834 tandem

464 3875 623 3927 finem
657 3880 965 3941 exspectata
988 3871 1321 3925 devenireut.
1352 3869 1641 3939 Postquam
1675 3880 1852 3925 autem
1906 3886 2034 3927 con-

463 3963 583 4019 silio
613 3963 852 4017 frustrati
884 3973 1033 4026 sunt,
1058 3971 1110 4015 et
1137 3964 1400 4019 mendacii
1442 3964 1700 4029 convicti,
1750 3964 2031 4034 nullusque

461 4064 605 4109 esset
629 4057 715 4123 qui
754 4055 963 4108 consilii
998 4054 1142 4108 utilis
1170 4056 1309 4108 viam
1371 4055 1654 4120 indicaret,
1710 4055 1858 4109 nihili
1906 4055 2031 4109 facti

465 4158 612 4209 sunt,
643 4162 705 4200 ac
737 4147 826 4198 alii
879 4146 1135 4213 deinceps
1174 4146 1443 4215 sapientes
1507 4148 1920 4217 qumrebantur:
1978 4155 2032 4200 et

464 4237 680 4307 quidam
733 4236 1066 4291 mirabantur
1120 4237 1388 4307 principes
1447 4235 1779 4308 Mempheos,
1840 4238 1893 4292 id
1927 4248 2031 4303 est,

467 4330 777 4383 sacerdotes
803 4338 857 4381 et
884 4342 1092 4397 magos,
1124 4329 1238 4396 qui,
1271 4329 1510 4396 inquam,
1537 4328 1805 4399 Memphin
1832 4329 2031 4385 incole-

466 4422 613 4474 bunt.
645 4420 841 4473 Eximii
880 4420 1023 4474 enim
1066 4421 1216 4489 quasi
1250 4420 1571 4475 videbantur
1598 4421 1650 4475 hi
1708 4432 1820 4476 tum
1892 4432 2028 4478 tem-

2131 3329 2162 3383 ὃ
2196 3330 2435 3398 ποιήσει
2468 3328 2744 3398 κεφαλὴν
2773 3328 2871 3383 καὶ
2902 3327 3107 3394 οὐρὰν,
3161 3325 3357 3396 ἀρχὴν
3384 3323 3480 3377 καὶ
3510 3322 3709 3388 τέλος.

2214 3422 2517 3493 Ἐπιμειδιᾷ
2543 3422 2744 3493 τρόπον
2764 3420 2886 3475 τινὰ
2908 3424 3019 3484 τοῖς
3048 3420 3153 3472 τῶν
3174 3417 3507 3488 ψευδολόγων
3537 3414 3705 3487 ἀθύρο

2135 3534 2288 3587 μασι,
2314 3519 2408 3570 καὶ
2442 3515 2796 3585 κενοφωνίαις
2831 3517 2859 3568 6
2886 3512 3220 3585 προφητικὸς
3250 3514 3379 3582 ἡμῖν
3413 3512 3470 3563 ὲν
3500 3509 3708 3571 τούτοις

2131 3607 2306 3674 λόγος.
2334 3607 2535 3677 Ἦρετο
2577 3606 2674 3675 μὲν
2699 3608 2726 3659 ὁ
2756 3605 2864 3657 τῶν
2906 3603 3216 3672 Αἰγυπτίων
3255 3600 3551 3671 ἡγούμενος
3580 3600 3708 3661 τοὺς

2132 3698 2216 3751 ἀεὶ
2247 3698 2503 3760 συνόντας
2535 3697 2714 3769 αύτῷ,
2750 3696 2953 3766 γόητάς
2985 3712 3045 3748 τε
3083 3695 3178 3749 καὶ
3207 3691 3616 3763 ψευδομάντεις,
3656 3690 3707 3743 οἳ

2133 3790 2227 3842 καὶ
2264 3788 2607 3860 ὠνομάζοντο
2642 3788 2814 3857 σοφοί.
2848 3788 2991 3859 Πρὸς
3026 3789 3176 3840 ποῖον
3203 3784 3349 3855 αὐτῷ
3378 3783 3707 3852 καταντήσει

2132 3878 2284 3941 τέλος
2309 3879 2377 3932 τὰ
2402 3878 2847 3950 προσδοκώμενα.
2879 3877 3094 3947 Ἐπειδὴ
3130 3876 3187 3929 δὲ
3230 3874 3423 3945 βουλῆς
3455 3872 3707 3944 ἡμάρτα-

2132 3987 2242 4034 νον,
2268 3972 2359 4023 xui.
2388 3969 2812 4039 ψευδοεποῦντες
2842 3969 3154 4039 ἠλέγχοντο,
3189 3968 3284 4020 καὶ
3321 3965 3494 4029 οὐδεὶς
3519 3961 3587 4035 ἦν
3614 3965 3711 4017 αὐ-

2132 4060 2242 4121 τοῖς
2270 4061 2298 4110 ὁ
2329 4058 2522 4129 βουλῆς
2555 4059 2879 4130 όνησιφόρου
2914 4059 3009 4110 καὶ
3046 4056 3379 4127 σκεμμάτων
3414 4054 3709 4123 ὲπωφελῶν

2134 4148 2462 4219 εἰσκομίζων
2488 4150 2626 4203 όδόν.
2655 4148 3134 4219 Κατελογίσθησαν
3164 4148 3261 4218 μὲν
3295 4148 3375 4210 είς
3400 4146 3574 4213 οὐδὲν,
3600 4146 3711 4198 ἔτεα

2138 4256 2219 4310 ροι
2246 4240 2302 4293 δὲ
2329 4240 2512 4293 λοιπὸν
2549 4240 2839 4311 έζητοῦντο
2874 4240 3025 4309 σοφοί
3046 4256 3060 4272 ο
3095 4239 3188 4293 καὶ
3214 4238 3280 4307 δὴ
3308 4238 3403 4292 καὶ
3436 4236 3709 4308 τεθαυμά-

2134 4331 2261 4384 κασί
2286 4348 2427 4394 τινες
2465 4332 2589 4394 τοὺς
2620 4331 2885 4401 ἄρχοντας
2915 4329 3209 4400 Μέμφεως,
3244 4328 3388 4382 τοῦτ’
3418 4328 3556 4395 ἔστι,
3587 4329 3712 4391 τοὺς

2138 4424 2298 4496 ἱερεῖς
2323 4440 2382 4474 τε
2410 4423 2504 4475 καὶ
2531 4423 2761 4492 μάγους,
2779 4424 2903 4485 τοὺς
2932 4421 3075 4474 κατά
3095 4420 3157 4487 γέ
3183 4438 3327 4490 φημι
3346 4419 3442 4491 τὴν
3467 4420 3708 4489 Μέμφιν.

467 4512 633 4580 poris,
661 4519 715 4565 et
741 4525 861 4565 cum
889 4511 953 4564 ad
982 4512 1201 4577 magica:
1250 4512 1455 4579 peritize
1524 4527 1790 4566 summum
1839 4528 2027 4582 perve-

2147 4511 2458 4564 Ἀπόλεκτοι
2480 4512 2587 4582 γάρ
2616 4511 2763 4564 ὥσπε
2772 4531 2803 4582 ρ
2828 4511 3046 4565 ἐδόκουν
3072 4506 3213 4563 εἶναι
3236 4510 3298 4563 τὸ
3319 4510 3591 4581 τηνικάδε,
3615 4511 3710 4563 καὶ

468 4604 672 4655 uisseut
712 4601 1004 4669 fastigium,
1030 4605 1172 4654 onmi
1214 4602 1563 4658 veneratione
1613 4603 1757 4673 digni
1807 4603 2033 4658 idolola-

468 4676 567 4748 tris
598 4693 947 4748 habebantur.
996 4694 1314 4748 Defeceruttl
1344 4683 1529 4765 igitur,
1560 4696 2036 4765 inquit,principes

468 4786 697 4853 Taueos,
731 4786 780 4839 id
820 4794 926 4851 est,
957 4802 1052 4856 pro
1078 4788 1245 4840 nihilo
1270 4786 1434 4841 habiti
1467 4796 1611 4853 sunt,
1645 4796 1699 4841 ct
1729 4788 1923 4842 summi
1971 4803 2035 4842 ac

468 4874 810 4929 admirabiles
834 4876 944 4943 regi
975 4890 1037 4928 ac
1066 4876 1317 4930 omnibus
1342 4876 1432 4945 qui
1461 4876 1666 4930 circum
1698 4877 1849 4930 illum
1879 4885 2033 4932 erant

469 4980 587 5020 esse
620 4967 722 5018 visi
757 4964 885 5019 sunt
937 4965 1353 5037 Mcmpliitarum
1383 4968 1637 5037 praesides
1666 4977 1719 5021 et
1744 4970 2029 5024 antistites.

474 5055 669 5109 Verum
736 5057 1065 5110 seduxerunt
1123 5067 1179 5111 et
1246 5057 1319 5111 illi
1375 5055 1669 5128 Aﬂgyptum
1737 5060 2030 5114 secundum

466 5149 663 5211 tribus,
698 5149 872 5213 idest,
904 5149 1197 5217 oppidatim
1253 5158 1309 5204 et
1377 5150 1616 5216 vicatim,
1662 5164 1770 5203 non
1828 5150 2031 5203 viritim

469 5237 662 5301 solum,
691 5241 780 5291 sed
803 5241 964 5294 etiam
1022 5241 1354 5294 catervatim.
1408 5240 1688 5295 Habebam
1738 5243 1883 5296 enim
1928 5243 2033 5297 illis

470 5329 658 5403 fidem,
680 5332 891 5386 etiamsi
919 5334 1059 5400 quod
1086 5349 1116 5387 e
1169 5348 1224 5387 re
1253 5341 1396 5389 esset
1426 5333 1555 5388 nihil
1589 5335 1833 5389 dicerent
1858 5353 1870 5388 ;
1908 5350 2030 5389 nam

468 5412 738 5490 quemodo
761 5422 945 5477 confisi
985 5434 1109 5478 sunt
1133 5424 1157 5478 'l
1182 5422 1439 5480 Dominus
1471 5426 1636 5490 enim,
1673 5426 1872 5499 inquit,
1898 5440 2029 5480 con-

472 5511 607 5565 fudit
647 5526 739 5565 cos
762 5512 955 5581 spiritu
987 5515 1209 5580 erroris,
1257 5516 1309 5569 id
1350 5525 1453 5580 est,
1517 5531 1730 5587 omnem
1790 5517 2033 5572 veritatis

470 5615 771 5657 sermonem
812 5602 879 5654 ab
916 5617 1101 5658 eorum
1129 5604 1305 5674 lingua
1367 5606 1625 5670 excussit,
1665 5615 1722 5660 ut
1752 5606 1885 5660 nihil
1912 5605 2029 5661 veri

541 5770 594 5810 ⁸⁸
616 5777 768 5834 Deut.
797 5794 947 5847 xvm,
980 5780 1165 5835 4042.
1242 5783 1287 5813 "
1318 5783 1443 5837 ibid.
1480 5783 1560 5836 13.
1640 5783 1684 5812 °°
1716 5780 1849 5837 ibid.
1888 5780 1969 5834 l5.

2142 4603 2383 4673 μαγικῆς
2412 4603 2702 4674 ἐμπειρίας
2729 4604 2807 4667 είς
2837 4604 3005 4674 ἄκρον
3035 4602 3358 4674 ἐληλακότες
3386 4602 3480 4655 τοῦ
3510 4603 3710 4666 παντὸς

2138 4695 2277 4761 ἄξιοι
2307 4693 2464 4762 λόγου
2502 4698 2615 4757 τοῖς
2644 4694 3057 4767 εἰδωλολάτραις
3086 4696 3389 4764 ἐφαίνοντο.
3433 4694 3708 4759 Ἐξέλιπον

2137 4782 2350 4847 τοίνυν,
2400 4782 2592 4851 φησὶν,
2630 4784 2683 4835 οἱ
2735 4784 2991 4854 ἄρχοντες
3036 4785 3346 4855 Μέμφεως,
3375 4784 3515 4838 τοῦτ’
3570 4786 3709 4851 ἐστι,

2140 4872 2597 4944 κατελογίσθησαν
2631 4876 2709 4937 είς
2736 4875 2906 4937 οὐδὲν,
2940 4876 3132 4945 ὑψηλοί
3148 4894 3205 4929 τε
3232 4873 3371 4930 εἶναι
3394 4877 3486 4930 καὶ
3512 4876 3710 4931 τεθαυ-

2144 4963 2410 5033 μασμένοι
2462 4964 2614 5035 παρά
2640 4982 2697 5018 τε
2731 4964 2809 5035 τῷ
2845 4964 3055 5036 βασιλεῖ
3105 4968 3197 5021 καὶ
3230 4968 3400 5021 ἆπασι
3426 4971 3537 5032 τοῖς
3572 4970 3707 5039 ἀμφ’

2139 5053 2301 5108 αὑτὸν
2352 5055 2538 5121 ἔδοξαν
2571 5052 2709 5109 εἶναι
2748 5058 2847 5128 τῆς
2886 5060 3159 5129 Μέμφεως
3200 5062 3250 5112 oi.
3289 5061 3705 5132 προεστηκότες.

2138 5147 2283 5218 Πλὴν
2335 5148 2716 5218 πεπλανήκασι
2756 5150 2850 5203 καὶ
2905 5151 3059 5203 αὐτοὶ
3116 5151 3211 5222 τὴν
3257 5152 3530 5220 Αἴγυπτον
3569 5154 3710 5207 κατὰ

2133 5240 2325 5308 φυλὰς,
2364 5240 2507 5292 τοῦτ’
2542 5240 2678 5307 ἔστι,
2733 5242 2872 5296 κατὰ
2904 5242 3085 5307 πόλεις
3125 5243 3219 5295 καὶ
3257 5243 3482 5314 κώμας·
3520 5245 3615 5298 καὶ
3645 5246 3706 5297 ού

2133 5332 2253 5385 καθ’
2276 5332 2370 5385 ἕνα
2402 5333 2581 5401 μόνον,
2621 5332 2757 5387 ἀλλά
2795 5334 2903 5404 γάρ
2942 5336 3033 5388 καὶ
3071 5337 3211 5388 κατά
3244 5336 3471 5406 πληθύν.
3500 5336 3708 5405 Τεταρ-

2134 5428 2334 5497 σήκασι
2385 5425 2493 5498 γὰρ
2542 5427 2758 5490 αὐτοῖς,
2805 5426 2982 5480 καίτοι
3039 5426 3147 5480 τῶν
3196 5428 3507 5496 ἀναγκαίων
3555 5429 3707 5482 οὐδὲν

2132 5516 2341 5587 ἔχουσιν
2372 5518 2573 5569 εἰπεῖν·
2624 5516 2996 5587 τεθαρσήκασι
3025 5516 3133 5588 γὰρ
3162 5518 3284 5571 τίνα
3322 5519 3554 5589 τρόπον;
3592 5516 3712 5572 Κύ-

2136 5625 2246 5680 ριος
2268 5608 2396 5679 γὰρ,
2422 5608 2607 5679 φησὶν,
2627 5609 2887 5679 ἐκέρασεν
2916 5609 3099 5674 αὐτοῖς
3121 5608 3336 5680 πνεῦμα
3366 5609 3709 5677 πλανήσεως,
