4148 6378
393 389 502 439 ωδ

1515 393 1581 449 IN
1616 394 1845 450 ISAIAM
1883 392 2009 448 LIB.
2050 391 2113 447 ll.
2154 389 2392 447 TOllUS
2423 389 2510 446 IV.

3528 391 3631 447 ιοο

395 501 540 554 τοῦτ’
587 501 737 566 ἔστι,
792 504 968 559 πάντα
1027 508 1182 577 λόγον
1224 511 1481 581 ἀληθείας
1531 512 1821 577 ἀπετίναξε
1873 513 1969 582 τῆς

2091 511 2357 574 intuerint,
2426 512 2505 564 vel
2539 512 2796 581 cogitare,
2828 509 2908 564 vel
2970 510 3168 565 dicere.
3226 510 3433 566 Etenim
3474 510 3633 581 291

397 591 645 664 γλώττης
674 596 875 662 αὐτῶν,
908 600 982 661 ὼς
1012 602 1134 670 μηδ’
1166 602 1342 655 ὁτιοῦν
1382 605 1596 674 ἰσχῦσαι
1623 605 1729 659 τῶν
1756 592 1969 674 ἀληθῶν

398 684 432 753 ἢ
460 686 600 737 νοεῖν
637 685 669 755 ἢ
716 686 912 756 λέγειν.
961 692 1034 744 Οὐ
1076 691 1185 763 γάρ
1221 693 1328 747 ἔδει
1381 698 1499 758 ταῖς
1540 696 1648 749 τῶν
1697 696 1972 749 εἰδωλολα-

398 773 668 843 τρούντων
705 775 977 844 γλώσσαις
1012 781 1261 852 ὲνιζῆσαι
1305 784 1403 855 τὴν
1445 785 1720 855 ἀλήθειαν.
1760 787 1973 839 Πεπλα-

399 866 597 934 νήκασι
623 866 801 921 τοίνυν
828 872 927 940 τὴν
968 873 1261 941 Αἴγυπτον,
1302 876 1374 939 ὡς
1409 877 1672 930 πλανᾶται
1702 880 1730 930 ό
1762 878 1973 948 μεθύων

402 956 497 1008 καὶ
523 958 552 1009 ὁ
596 956 745 1031 ἐμων
805 960 943 1031 ἅμα.
969 962 1132 1028 Ἐθος
1163 966 1272 1035 γὰρ
1302 970 1414 1029 τοῖς
1464 968 1738 1037 μεθύουσι,
1766 968 1824 1021 τὸ
1855 970 1973 1031 ταῖς

404 1046 462 1111 ἐξ
484 1046 695 1116 ἐμέτων
715 1051 1060 1120 περιπίπτειν
1083 1055 1465 1127 ἀκαθαρσίαις.
1484 1056 1771 1129 Ταύτῃτοι,
1790 1055 1971 1126 φησιν’

403 1138 517 1191 οὐκ
541 1136 692 1193 ἔσται
722 1144 834 1205 τοῖς
863 1143 1180 1211 Αἰγυπτίοις
1215 1146 1394 1217 ἔργον,
1434 1148 1462 1200 ὃ
1493 1150 1703 1220 ποιήσει
1737 1148 1976 1219 κεφαλὴν

405 1228 503 1280 καὶ
522 1229 708 1299 οὐράν,
747 1232 920 1304 ἀρχὴν
944 1236 1037 1288 καὶ
1057 1237 1226 1301 τέλος.
1256 1238 1390 1291 Οὐδὲ
1419 1239 1527 1309 γάρ
1564 1240 1976 1311 ἐγχειρημάτων

408 1320 635 1390 ἅψονται
662 1326 945 1380 νεανικῶν.
971 1326 1141 1380 Τοῦτο
1165 1328 1272 1401 γὰρ
1303 1330 1446 1401 ἀρχὴ
1470 1331 1561 1383 καὶ
1587 1332 1817 1400 κεφαλή.
1841 1330 1975 1385 οὔτε

412 1410 518 1479 μὴν
576 1413 656 1475 είς
699 1413 1080 1471 εὐκταιότατον
1107 1418 1289 1482 αὐτοῖς
1332 1423 1659 1491 καταντησει
1711 1421 1860 1485 τέλος
1909 1421 1977 1475 τά

408 1499 663 1571 δρώμενα
684 1520 698 1536 ·
726 1505 885 1559 τοῦτο
913 1506 1022 1576 γάρ
1050 1510 1082 1579 ή
1116 1510 1253 1579 οὐρὰ
1278 1512 1371 1564 καὶ
1394 1512 1457 1564 τὸ
1480 1512 1631 1576 τέλος
1651 1529 1666 1544 ο
1699 1515 1847 1567 πᾶσα
1871 1513 1980 1583 γάρ

412 1589 601 1659 σκέψις
646 1592 947 1663 ἀνθρώπων
996 1596 1290 1668 ἀνόνητος,
1348 1600 1442 1654 καὶ
1487 1602 1595 1654 πᾶν
1633 1601 1981 1674 ἐπικούρημα

412 1680 640 1751 σαθρὸν,
674 1686 769 1738 καὶ
804 1687 925 1740 κατ’
951 1687 1140 1741 οὐδένα
1172 1689 1374 1763 τρόπον
1419 1692 1609 1762 ὀνῆσαι
1646 1693 1942 1764 δυνάμενον
1961 1705 1978 1722 ⁶

411 1769 544 1824 Θεοῦ
579 1773 685 1845 γὰρ
724 1776 1037 1843 κακοῦντος,
1079 1780 1155 1845 ὡς
1193 1780 1350 1852 ἔφην,
1384 1784 1477 1837 καὶ
1506 1788 1665 1856 χεῖρα
1711 1788 1811 1859 τὴν
1845 1804 1983 1841 παν-

412 1864 552 1933 αλκῆ
581 1868 692 1929 τοῖς
755 1868 1159 1938 ἀποσκιρτῶσιν
1185 1849 1622 1941 ἐπάγοντοςξκαλ,
1646 1878 1724 1941 είς
1745 1849 1808 1930 τὺ
1834 1878 1981 1949 αὐτῷ
2016 1849 2056 1904 Β

410 1953 599 2007 δοκοῦν
638 1958 1067 2029 μετατρέποντος
1095 1961 1203 2016 τῶν
1232 1964 1573 2034 πραγμάτων
1605 1966 1703 2030 τὰς
1735 1968 1944 2037 φύσεις.

486 2048 562 2116 Τῇ
588 2049 657 2103 δὲ
684 2051 873 2119 ἡμέρᾳ
904 2054 1104 2123 ἐκείνῃ
1135 2055 1379 2109 ἔσονται
1406 2060 1460 2110 οὶ
1487 2058 1794 2126 Αίγύπτιοι
1822 2059 1901 2123 ὡς
1926 2062 1985 2112 αι

413 2138 692 2207 γυναῖκες
716 2141 789 2194 ἐν
825 2144 986 2211 φόϐῳ
1024 2146 1120 2197 καὶ
1154 2147 1223 2198 ἐν
1250 2146 1472 2215 τρόμῳ,
1506 2147 1623 2200 ἀπὸ
1663 2147 1986 2216 προσώπου

414 2228 523 2295 τῆς
549 2232 744 2300 χειρὸς
790 2234 1010 2302 Κυρίου
1055 2235 1333 2303 Σαϐαὼθ,
1378 2236 1459 2303 ῆν
1502 2237 1683 2303 αὐτὸς
1725 2238 1988 2293 ἑπιϐωῑεῖ

415 2320 506 2371 ἐπ’
538 2322 777 2389 αὐτούς.
801 2324 911 2377 Καὶ
936 2324 1108 2379 ἔσται
1138 2327 1176 2395 ἠ
1204 2326 1365 2396 χώρα
1386 2327 1503 2382 τῶν
1532 2326 1836 2382 Ἰουδαίων
1863 2328 1987 2396 τοῖς

415 2414 757 2480 Αἰγυπτίοις
793 2418 881 2481 είς
919 2417 1237 2485 φόϐητρον.
1303 2418 1429 2485 Πᾶς
1469 2418 1537 2485 ὃς
1587 2417 1663 2473 ἂν
1715 2419 1985 2489 ὀνομάσῃ

416 2503 609 2571 αὐτὴν
631 2506 836 2573 αὐτοῖς
860 2508 1325 2577 φοϐηθήσονται,
1371 2509 1470 2564 διὰ
1499 2508 1612 2578 τὴν
1650 2510 1885 2579 βουλὴν
1910 2511 1991 2579 ἢν

413 2595 807 2659 βεϐούλευται
839 2601 1053 2668 Κύριος
1084 2601 1174 2653 ἐπ’
1197 2601 1406 2668 αὐτήν.

489 2689 554 2741 Ol
584 2688 693 2760 γάρ
724 2690 891 2744 πάλαι
920 2689 1141 2761 θρασεῖς
1169 2692 1262 2744 καὶ
1297 2694 1582 2764 ἀνήμεροι,
1622 2695 1717 2747 καὶ
1744 2694 1989 2747 κινδύνου

423 2782 622 2843 παντὸς
651 2783 1076 2853 καταφρονηταὶ,
1118 2784 1386 2854 περιδεεῖς
1422 2785 1667 2850 ἔσονται,
1705 2789 1867 2858 φησὶ,
1898 2788 1992 2839 καὶ

423 2871 801 2943 τεθρυμμένην
830 2875 1151 2945 εὑρήσουσιν
1181 2877 1238 2928 ὲν
1270 2876 1480 2940 ἑαυτοῖς
1516 2878 1616 2948 τὴν
1648 2878 1894 2949 καρδίαν,
1917 2878 1992 2941 ώς

423 2964 700 3031 γυναικῶν
746 2965 854 3019 τῶν
928 2966 1334 3021 ἀσθενεστάτων
1385 2968 1599 3021 ἀποδεῖν
1648 2969 1827 3031 οὐδὲν,
1876 2968 1991 3022 ἀλλ’

421 3056 705 3118 οἱονείπως
764 3059 845 3120 εἰς
905 3057 1252 3129 θηλυπρεπὲς
1308 3060 1595 3130 ἀνανδρίας
1638 3058 1989 3113 κατολισθεῖν.

2074 604 2123 658 in
2159 603 2357 674 linguis
2396 603 2796 659 idololatrarum
2849 603 3051 657 veritas
3082 603 3320 658 residere
3349 601 3497 659 nullo
3522 618 3639 657 mo-

2072 698 2140 750 do
2167 697 2359 765 potuit.
2408 694 2942 763 Deceperuntitaque
2957 694 3269 767 Egyptum,
3306 694 3463 749 sicuti
3493 704 3640 751 errat

2073 783 2257 837 ebrius
2282 792 2337 837 et
2368 797 2588 836 vomens
2619 781 2805 836 simul.
2837 782 3023 836 Solent
3052 782 3195 836 enim
3253 781 3388 837 ebrii
3440 782 3491 837 in
3544 796 3639 836 vo-

2074 874 2354 929 mitionum
2384 875 2619 929 incidere
2686 873 3175 944 intemperantiam.
3230 873 3416 944 Itaque
3459 873 3637 929 dicit:

2073 963 2189 1020 Non
2213 966 2413 1021 habent
2444 964 2678 1037 Egyptii
2714 966 2880 1021 ullum
2916 982 3051 1036 opus
3081 967 3223 1035 quod
3274 965 3440 1021 faciat
3479 976 3643 1035 caput

2074 1062 2129 1108 et
2160 1054 2406 1120 caudam,
2473 1055 2791 1124 principium
2847 1056 3099 1110 etﬁnem.
3133 1054 3242 1111 Nec
3294 1055 3437 1110 enim
3482 1069 3640 1125 egre-

2076 1145 2158 1215 gia
2189 1154 2362 1215 coepta
2399 1144 2704 1213 juveniliter
2751 1148 3150 1217 aggrediemur,
3216 1148 3319 1203 hoc
3354 1146 3499 1201 enim
3557 1153 3642 1201 est

2078 1236 2395 1306 principium
2425 1245 2480 1291 et
2508 1242 2859 1306 caput;'nec
2931 1238 2984 1292 in
3036 1239 3428 1307 optatissimum
3484 1237 3643 1291 finem

2078 1334 2361 1381 occurrent
2404 1341 2523 1395 quae
2575 1320 2879 1395 gerunturi
2908 1328 3009 1382 hoc
3042 1329 3186 1383 enim
3221 1338 3301 1383 est
3356 1327 3527 1382 cauda
3591 1335 3647 1380 et

2082 1415 2203 1469 linis
2231 1431 2244 1468 :
2280 1416 2454 1468 omnis
2476 1416 2619 1470 enim
2646 1416 2878 1469 humana
2930 1416 3253 1472 consultatio
3311 1417 3643 1471 infructuosa

2079 1515 2134 1559 et
2161 1520 2320 1560 Omtte
2347 1506 2653 1575 praesidium
2710 1506 3058 1571 imbecillum,
3103 1522 3201 1562 nec
3237 1507 3342 1561 ulla
3379 1521 3445 1561 ex
3490 1514 3643 1577 parte

2075 1598 2265 1667 juvare
2295 1607 2489 1666 potest,
2521 1598 2565 1653 si
2615 1600 2775 1664 Deus,
2837 1607 2895 1652 ut
2941 1597 3073 1665 dixi,
3131 1599 3325 1654 multat
3366 1613 3429 1653 ac
3491 1612 3647 1666 pmna

2080 1685 2259 1752 allicit,
2289 1704 2611 1758 manumque
2630 1690 3047 1756 omnipotentem
3067 1689 3434 1745 resilientibus
3465 1685 3646 1749 παθη,

2082 1784 2135 1829 et
2164 1778 2229 1831 ad
2258 1792 2407 1833 suam
2457 1779 2784 1833 voluntatem
2843 1793 3023 1834 rerum
3084 1788 3311 1835 naturas
3357 1779 3644 1833 convertit.

2157 2063 2319 2117 Vens.
2356 2061 2443 2127 l6,
2489 2062 2574 2115 l7.
2630 2062 2722 2115 Die
2757 2078 2877 2115 vero
2919 2061 3013 2115 illa
3051 2071 3203 2115 erunt
3237 2060 3477 2133 .Egyptii
3518 2062 3653 2117 velut

2085 2155 2327 2209 mulieres
2353 2156 2406 2208 in
2440 2155 2625 2207 timore
2645 2163 2690 2207 et
2710 2154 2762 2206 in
2796 2164 3016 2206 tremore
3033 2170 3065 2205 ιι
3082 2152 3216 2221 [acie
3239 2168 3425 2206 manus
3443 2151 3651 2206 Domini

2088 2246 2340 2309 Sabaoth,
2378 2262 2534 2316 quam
2557 2244 2645 2298 ille
2677 2244 2877 2312 injiciet
2909 2244 3006 2297 eis.
3036 2244 3103 2298 Et
3132 2244 3230 2297 erit
3262 2245 3400 2312 regio
3435 2242 3652 2299 Judae-

2087 2353 2201 2389 rum
2228 2334 2493 2406 Egyptiis
2522 2334 2731 2388 terrori.
2767 2331 2827 2388 Si
2856 2334 2972 2401 quis
2997 2333 3337 2386 nominaverit
3360 2347 3474 2385 eam
3502 2332 3647 2401 ipsis,

2087 2434 2421 2494 expavescent
2451 2425 2512 2478 ob
2538 2423 2809 2477 consilium
2834 2422 2972 2492 quod
3000 2421 3220 2476 decrevit
3260 2426 3313 2475 in
3361 2422 3509 2475 illum
3550 2420 3651 2475 Do-

2090 2531 2284 2567 manus.

2161 2696 2259 2763 Qui
2295 2696 2435 2751 enim
2474 2695 2603 2749 olim
2634 2697 2865 2750 audaces
2895 2705 2952 2750 et
2993 2694 3227 2751 immites
3283 2701 3338 2749 et
3413 2694 3652 2748 omnium

2091 2786 2448 2855 periculorum
2486 2794 2886 2857 contemptores
2949 2786 3188 2850 fuerunt,
3219 2784 3417 2855 pavidi,
3453 2785 3652 2854 inquit.

2093 2889 2145 2933 et
2171 2878 2343 2932 fracto
2368 2878 2536 2933 corde
2563 2889 2742 2944 erunt,
2772 2887 2830 2932 ut
2868 2893 2897 2931 a
2922 2877 3237 2933 mulieribus
3270 2876 3657 2932 inﬁrmissimis

2094 2970 2228 3023 nihil
2258 2968 2531 3034 dill‘erant,
2561 2971 2654 3025 sed
2686 2980 2939 3040 tanquam
2970 2969 3303 3025 muliebriter
3347 2966 3659 3023 eﬂ'eminen-

2097 3070 2200 3113 tur.
2240 3059 2415 3116 Causa
2466 3076 2594 3116 vero
2646 3070 2817 3116 metus
2861 3070 2916 3116 et
2967 3063 3189 3115 terroris
3251 3058 3433 3128 hujus,
3464 3074 3659 3113 manus

427 3147 704 3217 Πρόφασις
726 3148 783 3201 δὲ
817 3150 999 3213 αὐτοῖς
1026 3150 1119 3202 τοῦ
1144 3149 1416 3218 δείματος,
1452 3152 1547 3202 καὶ
1576 3150 1673 3219 τῆς
1703 3151 1796 3202 ἐπὶ
1822 3150 1991 3218 τούτῳ

2096 3152 2429 3213 eritDomini
2460 3152 2720 3219 Sabaoth,
2753 3167 2913 3221 quam
2951 3153 3065 3221 ipse
3101 3151 3308 3221 injiciet
3336 3152 3434 3206 eis.
3472 3149 3661 3204 Manus

427 3237 635 3302 πτοίας,
672 3239 705 3308 ἡ
734 3239 855 3308 χεὶρ
882 3238 1035 3291 ἐσται
1061 3238 1269 3308 Κυρίου
1305 3237 1553 3301 Σαϐαὼθ,
1581 3237 1646 3309 ἣν
1681 3238 1840 3301 αὐτὸς
1870 3239 1992 3289 ὲπι-

425 3328 581 3382 ϐαλεῖ
611 3330 698 3382 ἐπ’
726 3330 941 3393 αὐτούς,
982 3330 1153 3399 Χεῖρα
1182 3329 1239 3382 δὲ
1272 3330 1475 3401 Κυρίου
1514 3328 1741 3382 Σαϐαὼθ
1784 3330 1842 3382 ὲν
1873 3328 1995 3381 τού-

425 3437 537 3484 τοις
588 3420 650 3475 τὸ
699 3422 970 3485 παναλκὲς
1026 3422 1238 3494 θέλημα
1285 3422 1378 3474 τοῦ
1411 3421 1545 3475 Θεοῦ
1591 3421 1880 3490 διορίζεται
1926 3423 1992 3491 τῇ

438 3513 722 3583 Ῥωμαίων
766 3513 1012 3584 βασιλείᾳ
1040 3514 1101 3565 τὸ
1145 3513 1253 3566 τῶν
1297 3511 1606 3580 Αἰγυπτίων
1641 3510 1996 3581 ὑποφέροντος

428 3602 598 3666 ἔθνος.
619 3603 866 3677 Ἀμαχος
889 3603 945 3656 δὲ
986 3602 1261 3664 παντελῶς
1290 3604 1344 3672 ἠ.
1363 3601 1485 3655 θεία
1518 3601 1682 3671 βουλὴ
1704 3640 1718 3664 ,
1761 3602 1855 3653 καὶ
1883 3605 1997 3667 τοῖς

427 3695 525 3763 τῆς
553 3694 812 3748 ἀνωτάτω
839 3693 1051 3763 φύσεως
1094 3695 1373 3764 σκέμμασι
1398 3694 1459 3745 τὸ
1487 3692 1675 3747 δοκοῦν
1706 3694 1855 3747 πᾶσά
1882 3710 1999 3756 πως

429 3785 641 3855 ἀνάγκη
696 3784 1153 3855 διαπεραίνεσθαι.
1191 3785 1384 3838 Ἔσται
1430 3783 1488 3836 δὲ
1534 3783 1668 3853 πρὸς
1718 3781 1927 3846 τούτοις
1962 3784 1997 3854 ή

430 3876 579 3948 χώρα
606 3875 715 3929 τῶν
754 3875 1022 3930 Ἰουδαίων
1062 3879 1175 3939 τοῖς
1206 3875 1520 3944 Αἰγυπτίοις
1572 3876 1651 3936 εἰς
1690 3874 1956 3946 φόϐητρον
1980 3892 1995 3905 ·

432 3969 525 4022 καὶ
561 3968 611 4020 τί
643 3968 710 4039 δὴ
738 3968 847 4037 ἄρα
878 3968 1040 4037 φησὶν
1078 3968 1136 4020 ὲν
1183 3966 1408 4029 τούτοις,
1445 3965 1675 4036 εἴδωμεν
1716 3966 1956 4037 ἀκριϐῶς
1979 3979 1994 3994 ’

433 4056 637 4124 ἀσαφὲς
669 4056 776 4126 γὰρ
801 4055 920 4109 λίαν
944 4056 1003 4109 τὸ
1024 4055 1369 4127 δηλούμενον.
1400 4055 1607 4109 Οὐκοῦν
1642 4054 1873 4119 ἐσώζετο
1901 4056 2000 4126 μὲν

434 4148 600 4201 πάλαι
618 4147 725 4201 τῶν
741 4148 1008 4202 Ἰουδαίων
1038 4151 1071 4219 ἡ
1099 4148 1248 4219 χώρα
1276 4147 1704 4218 προασπίζοντος
1728 4147 1884 4211 Θεοῦ,
1904 4148 1999 4200 καὶ

430 4239 929 4307 δυσκαταγώνιστον
967 4238 1136 4309 αὐτὴν
1183 4239 1573 4308 ἀποφαίνοντος
1624 4237 1885 4301 ἀπάσαις,
1924 4237 2000 4292 ώς

433 4334 563 4395 ἔπος
611 4334 783 4384 εἰπεῖν
806 4372 821 4397 ,
856 4333 975 4393 ταῖς
1004 4332 1061 4383 ἐν
1114 4330 1296 4401 κύκλῳ
1328 4329 1621 4398 βασιλείαις
1658 4328 1768 4381 τῶν
1809 4327 1996 4381 ἐθνῶν.

447 4423 606 4477 ’Λλλά
637 4423 810 4477 καίτοι
836 4420 1085 4474 τοσοῦτον
1107 4420 1304 4492 ἔχουσα
1330 4420 1420 4473 τὸν
1448 4419 1757 4489 ἐπίκουρον,
1773 4417 1888 4487 ἥλω
1910 4416 2001 4468 καὶ

2097 3244 2305 3297 Domini
2331 3242 2565 3299 Sabaoth
2598 3245 2686 3298 hic
2714 3242 2971 3299 delinitur
3012 3258 3132 3299 esse
3175 3243 3517 3311 omnipotens
3564 3259 3661 3298 vo-

2097 3333 2275 3389 luntas
2304 3334 2419 3399 Dei,
2446 3334 2820 3405 Egyptiaeam
2850 3343 3062 3403 gentem
3098 3334 3465 3388 Romanorum
3496 3348 3661 3402 regno

2095 3425 2403 3494 subjiciens.
2439 3426 2699 3480 Invictum
2731 3434 2815 3480 est
2847 3425 3085 3481 divinum
3111 3424 3484 3501 consilium,et
3516 3423 3660 3490 quod

2096 3532 2360 3587 supremae
2387 3528 2592 3572 natura
2619 3516 2904 3587 placuerit,
2945 3531 3167 3586 prorsus
3196 3514 3388 3569 conllci
3436 3526 3660 3568 necesse

2095 3617 2198 3663 est.
2216 3605 2333 3662 Erit
2365 3618 2621 3676 praeterea
2643 3608 2789 3676 regio
2803 3605 3109 3662 Iudaeorum
3141 3606 3333 3661 terrori
3365 3602 3657 3673 Egyptiis.

2096 3698 2234 3764 Quid
2294 3708 2471 3753 autem
2525 3698 2611 3753 hic
2664 3698 2829 3765 dicat,
2885 3697 3288 3753 consideremus
3342 3696 3659 3763 diligenter;

2097 3789 2254 3845 valde
2282 3788 2423 3841 enim
2463 3788 2752 3843 obscurum
2773 3798 2856 3843 est
2879 3790 3020 3856 quod
3060 3787 3277 3843 dicitur.
3311 3783 3496 3854 Itaque
3524 3798 3657 3837 con-

2098 3885 2310 3932 servata
2365 3877 2581 3946 quidem
2615 3878 2741 3931 olim
2773 3886 2859 3931 est
2907 3874 3215 3929 Iudaeorum
3259 3873 3426 3942 regio,
3461 3887 3657 3942 propu-

2098 3978 2295 4038 gnante
2321 3970 2537 4032 Deo,ita
2570 3978 2625 4022 ut
2651 3968 2888 4034 nulla,ut
2910 3967 2982 4021 ita
3006 3967 3203 4028 dicam,
3229 3978 3389 4032 regna
3417 3964 3658 4032 gentium

2099 4074 2217 4128 qua:
2251 4058 2601 4113 circumcirca
2638 4064 2782 4122 sunt,
2828 4067 3134 4124 expugnare
3164 4051 3447 4121 potuerint.
3487 4048 3660 4104 Crete-

2100 4160 2218 4199 rum
2248 4145 2375 4200 licet
2410 4154 2615 4198 tantum
2652 4143 2875 4198 haberet
2907 4142 3313 4210 epitulatorem,
3359 4148 3513 4208 capta
3557 4147 3660 4199 est,

2097 4247 2153 4289 et
2179 4234 2435 4288 Romanis
2464 4234 2731 4301 subjecta,
2770 4241 2825 4286 et
2871 4246 3060 4286 omnes
3112 4233 3271 4285 urbes
3326 4231 3580 4293 incensio,
3609 4238 3665 4281 et

2101 4328 2291 4381 domus
2325 4327 2478 4395 juxta
2534 4340 2597 4379 ac
2626 4325 2732 4379 vici
2787 4324 2919 4379 viris
2967 4323 3121 4377 vacui
3173 4329 3567 4376 remanserunt.
3601 4319 3665 4372 Et

2101 4433 2220 4486 qua:
2274 4418 2487 4471 tendent
2549 4430 2709 4470 causa
2758 4413 2947 4468 fuitut
2989 4413 3339 4481 caperentur?
3365 4411 3662 4466 Consilium

433 4518 650 4585 γέγονεν
695 4516 799 4568 ὑπὸ
828 4512 1137 4583 Ῥωμαίοις,
1170 4513 1263 4565 καὶ
1305 4512 1684 4581 ἐμπεπρησται
1726 4509 1824 4577 μὲν
1854 4510 1991 4560 πᾶσα

2103 4507 2357 4560 nimirum
2397 4507 2539 4573 quod
2564 4516 2751 4559 contra
2778 4504 2922 4557 illam
2951 4502 3117 4572 292
3136 4501 3370 4555 decrevit
3388 4501 3657 4553 Dominus.

432 4610 605 4673 πόλις,
631 4605 909 4677 κένανδροι
934 4605 991 4658 δὲ
1024 4605 1395 4676 μεμενήκασιν
1418 4598 1555 4655 οἶκοί
1583 4618 1640 4653 τε
1670 4601 1761 4653 καὶ
1792 4599 1995 4670 κῶμαι.

434 4703 541 4754 Καὶ
572 4700 700 4753 ποία
727 4700 948 4767 γέγονεν
978 4698 1160 4761 αὐτοῖς
1180 4698 1214 4767 ἡ
1246 4694 1339 4749 τοῦ
1363 4694 1562 4748 ἁλῶναι
1601 4694 1905 4760 πρόφασις;
1934 4690 1999 4743 Ἦ

436 4793 596 4862 βουλὴ
624 4791 866 4861 δηλονότι
888 4789 1117 4858 Κυρίου,
1134 4788 1200 4859 ἢν
1227 4788 1320 4840 καὶ
1345 4787 1431 4839 ἐπ’
1461 4786 1596 4855 αὐτῇ
1632 4783 1996 4853 βεϐούλευται.

436 4882 802 4953 ΙΙαραδέδοται
849 4880 959 4950 γὰρ
1013 4879 1108 4933 καὶ
1154 4878 1291 4950 αὑτὴ
1340 4881 1459 4939 ταῖς
1508 4877 1693 4940 ἄλλαις
1742 4875 1875 4945 ὁμοῦ
1930 4878 1996 4945 τῇ

446 4975 730 5046 Ῥωμαίων
791 4972 1224 5041 πανσθενεστάτῃ
1281 4969 1441 5039 χειρί.
1480 4969 1673 5021 Ἔσται
1731 4967 1907 5019 τοίνυν
1966 4967 1999 5034 ἡ

434 5068 586 5138 χώρα
613 5067 722 5120 τῶν
749 5065 1017 5119 Ἰουδαίων
1038 5066 1150 5126 τοῖς
1182 5061 1496 5130 Αἰγυπτίοις
1526 5062 1604 5124 εἰς
1629 5059 1916 5129 φόϐητρον.
1938 5059 2001 5111 Ui

438 5159 534 5227 μὲν
584 5158 692 5227 γὰρ
744 5155 852 5208 τῶν
895 5153 1307 5223 ψευδομάντεων
1353 5151 1507 5219 λόγος
1564 5150 2001 5221 παραθαρσύνειν

436 5245 646 5315 ἤθελον,
675 5245 758 5297 ὅτι
794 5242 888 5296 καὶ
930 5242 1182 5312 ἀμείνους
1227 5239 1435 5292 ἔσονται
1464 5239 1562 5309 τῆς
1593 5238 1701 5291 τῶν
1742 5231 2001 5292 ἐπιόντων

437 5340 648 5409 χειρὸς,
706 5337 802 5390 καὶ
852 5337 1216 5408 κρατήσουσιν
1267 5333 1673 5402 ἀντεξάγοντες.
1713 5334 1788 5386 Τὸ
1834 5333 1890 5386 δὲ
1937 5333 2000 5403 δὴ

439 5427 830 5499 παραδεδόσθαι
859 5429 952 5480 καὶ
996 5427 1163 5498 αὐτὴν
1204 5426 1386 5489 αὐτοῖς
1444 5427 1541 5496 τὴν
1589 5424 1697 5479 τῶν
1739 5426 2002 5479 Ἰουδαίων

439 5520 641 5592 χώραν,
672 5521 849 5574 καίτοι
876 5520 1007 5573 Θεὸν
1036 5520 1262 5590 ἔχουσαν
1288 5519 1378 5571 τὸν
1417 5516 1824 5587 ὑπεραθλοῦντά
1848 5533 1999 5576 ποτε,

446 5613 715 5667 πάνδεινον
736 5615 916 5675 αὐτοῖς
936 5612 1159 5665 ἐνετίθει
1187 5612 1246 5664 τὸ
1261 5612 1439 5681 δεῖμα.
1465 5608 1873 5681 Προσεδόκησαν
1897 5607 2003 5675 γάρ

442 5702 706 5763 εντεῦθεν,
720 5703 891 5771 πάντη
904 5719 959 5755 τε
977 5703 1068 5756 καὶ
1079 5702 1291 5765 πάντως
1302 5704 1410 5764 τοῖς
1426 5698 1723 5769 καταδῃοῦν
1736 5697 2004 5751 ἐθέλουσιν

442 5794 783 5861 ὑποκεῖσθαι,
826 5793 1102 5865 παθούσης
1137 5793 1294 5849 τοῦτο
1325 5795 1417 5849 καὶ
1455 5793 1551 5862 τῆς
1586 5789 1849 5846 Ἰουδαίων
1878 5787 2002 5858 γῆς,

2101 4597 2318 4651 Tradita
2358 4596 2501 4651 enim
2539 4606 2623 4649 est
2651 4605 2706 4648 et
2737 4609 2799 4647 ea
2835 4608 2937 4646 una
2970 4608 3090 4647 cum
3125 4591 3242 4645 aliis
3299 4593 3658 4644 Romanorum

2101 4688 2279 4742 manui
2332 4687 2734 4758 potentissimae.
2802 4683 2914 4738 Erit
2974 4697 3101 4752 ergo
3149 4682 3293 4751 regio
3346 4679 3657 4735 Iudaeorum

2102 4778 2371 4850 [Egyptiis
2406 4776 2621 4832 terrori.
2642 4774 2784 4831 Falsi
2808 4774 2950 4829 enim
2977 4784 3149 4840 vates,
3184 4771 3296 4827 suis
3330 4772 3508 4826 verbis
3539 4772 3661 4824 ani-

2102 4885 2245 4924 mum
2277 4868 2473 4923 addere
2498 4867 2600 4921 illis
2632 4865 3094 4935 voluerunt,qnod
3122 4876 3176 4918 et
3208 4878 3369 4917 manu
3405 4862 3661 4918 invaden-

2102 4966 2234 5021 tium
2264 4965 2589 5019 robustiores
2613 4972 2814 5025 essent,
2841 4967 2915 5025 et,
2947 4962 2988 5013 si
3019 4965 3350 5028 opponerent
3388 4970 3469 5019 se,
3503 4971 3660 5023 supe-

2103 5065 2305 5111 rarent.
2334 5053 2534 5107 Verum
2575 5067 2694 5107 cum
2749 5051 2863 5119 ipsa
2892 5049 3111 5104 Iudaica
3170 5047 3316 5115 regio
3348 5048 3508 5100 etiam
3537 5060 3659 5112 quas

2104 5148 2267 5202 Deum
2294 5144 2552 5199 victorem
2603 5143 2730 5196 olim
2782 5141 3033 5204 habebat,
3068 5139 3170 5194 illis
3201 5138 3394 5193 tradita
3432 5138 3523 5200 sit.
3557 5140 3657 5192 hoc

2101 5234 2479 5305 gravissimum
2523 5235 2769 5287 timorem
2820 5232 2952 5300 ipsis
3004 5228 3209 5298 injecit.
3271 5229 3663 5299 Exspectarunt

2100 5329 2243 5382 enim
2279 5327 2405 5381 inde
2434 5340 2667 5395 semper,
2700 5334 2757 5377 ut
2790 5323 3118 5393 quibuslibet
3164 5323 3496 5392 populaturis
3518 5323 3661 5377 .sub—

2097 5422 2416 5492 jicerentur,
2443 5434 2588 5482 cum,
2609 5417 2815 5481 utdixi,
2840 5415 3076 5472 Judaicae
3107 5427 3266 5472 terrae
3296 5416 3397 5471 hoc
3428 5415 3660 5469 accidis-

2104 5522 2186 5566 set
2221 5529 2234 5565 :
2265 5526 2367 5564 non
2397 5509 2535 5578 quod
2565 5509 2609 5562 is
2637 5508 2950 5576 rlniservat,
2974 5506 3201 5561 debilior
3224 5515 3385 5570 esset,
3405 5502 3499 5560 sed
3518 5504 3660 5572 quod

2105 5618 2204 5659 suo
2253 5616 2372 5656 eam
2411 5601 2699 5667 subiiceret
2730 5599 2908 5664 nntui,
2943 5608 2998 5651 et
3020 5596 3383 5651 Romanorum
3434 5597 3662 5664 sceptris

2106 5696 2467 5750 submitteret.
2498 5693 2629 5747 Aliis
2659 5691 2834 5762 placet
2869 5692 3032 5747 etiam
3064 5692 3218 5745 aliter
3239 5691 3338 5744 hoc
3363 5687 3504 5757 quod
3530 5701 3660 5755 pro-

2104 5788 2321 5858 ponitur
2345 5785 2665 5855 intelligere.
2693 5784 2982 5855 Postquam
3011 5787 3155 5839 enim
3197 5780 3435 5837 visitavit
3457 5778 3510 5834 in
3541 5778 3656 5832 uni.
