4148 6378
504 425 606 481 467

1484 414 1541 472 S.
1580 414 1853 474 CYRILU
1893 407 2363 469 ALEXANDRINI
2395 404 2723 463 AliCHIEP.

3641 390 3744 448 ιω

504 552 720 595 versum
755 534 1057 608 Egyptios,
1082 542 1135 591 et
1161 549 1189 587 a
1216 532 1450 588 tenebris
1485 532 1543 586 in
1580 531 1755 586 lucem
1791 528 2062 585 transtulit

2166 524 2241 589 ώς
2261 523 2416 593 ἔφην,
2436 523 2534 574 οὑκ
2555 516 2914 589 ἠσθενηκότας
2942 512 3036 567 τοῦ
3064 509 3439 574 διασώζοντος,
3458 504 3572 561 ἀλλ’
3598 504 3747 569 ἰδίοις

503 628 873 684 universitatis
921 628 1083 691 Deus,
1114 635 1170 680 et
1198 642 1226 679 a
1257 625 1362 678 ritu
1420 621 1761 677 idololatrico
1808 620 2067 683 traduxit,

503 719 757 788 deditque
790 729 847 774 ut
888 718 953 773 de
1005 727 1199 772 caetero
1229 704 1764 786 cognoscerentquis
1801 720 1949 766 esset
1977 726 2072 763 na-

504 822 620 866 tura
651 828 714 867 ac
742 826 869 867 vere
889 811 1052 877 Deus,
1076 825 1140 864 ac
1183 807 1555 864 universitatis
1595 804 1893 860 fabricator
1926 804 2069 874 (cre-

2172 618 2266 670 καὶ
2301 614 2471 684 αὑτὴν
2503 610 2843 670 ὑποτιθέντος
2872 604 3154 676 νεύμασιν,
3196 601 3291 655 καὶ
3325 601 3435 662 τοῖς
3461 596 3748 667 Ῥωμαίων

2173 709 2472 780 σκήπτροις
2498 703 2819 772 ὑπάγοντος.
2847 700 3003 751 Δοκεῖ
3031 696 3086 749 δέ
3109 711 3219 749 τισι
3260 692 3352 745 καὶ
3382 690 3580 761 ἑτέρως
3606 688 3747 740 νοεῖν

2168 803 2229 856 τὸ
2256 798 2632 872 προκείμενον.
2664 792 2883 863 Ἐπειδὴ
2915 790 3023 861 γάρ
3055 789 3191 850 ὅλως
3236 782 3576 852 ἐπεσκέψατο
3619 780 3745 872 τοὺς

501 903 753 958 diderunt
798 903 946 958 enim
978 870 1354 965 in'Christnm,
1383 907 1438 954 et.
1472 914 1567 968 per
1595 897 1744 953 illum
1772 905 1827 953 et
1877 870 1943 949 in‘
1979 894 2062 948 illo

2170 870 2521 962 Αἰγυπτίους,
2557 889 2653 945 καὶ
2694 884 3051 957 μετεκόμισεν
3082 882 3147 933 ἐκ
3198 877 3420 939 σκότους
3459 875 3537 936 εἰς
3574 872 3688 941 φῶς
3716 870 3748 923 ὁ

503 1003 768 1048 noverunt
797 1008 1014 1062 quoque
1033 990 1414 1061 Patrem).hinc
1450 991 1549 1054 ait,
1583 998 1801 1059 propter
1819 1001 2067 1057 magnam

500 1086 740 1153 ipsorum
783 1086 1105 1155 probitatem
1142 1094 1195 1138 et
1223 1084 1560 1153 religionem,
1600 1081 1728 1151 ipsis
1750 1080 1866 1135 fore
1897 1080 2070 1148 regio-

503 1191 626 1230 nem
692 1176 997 1233 Judaiornm
1036 1178 1251 1232 terrori.
1285 1175 1501 1229 Terrori
1536 1184 1713 1228 autem
1750 1186 1876 1225 cum
1917 1170 2066 1234 dicit,

500 1275 704 1321 metum
738 1282 807 1321 ex
835 1266 1036 1338 pietate
1066 1267 1332 1335 intelliges
1368 1265 1691 1335 profectum.
1716 1260 2066 1316 Coluntenim

497 1370 687 1414 omnes
716 1359 1104 1431 Hierosolyma,
1137 1374 1209 1415 en
1234 1360 1376 1428 quod
1403 1358 1475 1413 ibi
1511 1365 1666 1411 natus
1711 1353 1871 1408 fuerit
1911 1353 2066 1405 (ηπί-

498 1458 640 1515 stus,
669 1459 725 1503 et
753 1465 966 1504 crucem
1014 1466 1111 1521 pro
1164 1451 1347 1505 mundi
1376 1449 1547 1505 salute
1577 1443 1877 1517 pertulerit,
1903 1453 1958 1497 et
2015 1443 2065 1495 in

498 1552 846 1598 monumento
877 1545 1101 1613 positus,
1130 1545 1305 1599 denuo
1332 1541 1611 1600 revixerit,
1649 1540 1823 1607 adque
1852 1535 2066 1590 Patrem

497 1632 797 1701 emigrarit.
829 1635 971 1691 Olim
1011 1636 1207 1705 quippe
1232 1633 1609 1705 Egyptiorum
1651 1632 1775 1685 odio
1824 1628 2069 1699 ﬂagravit

495 1722 802 1780 Judaeorum
862 1728 1031 1797 regio,
1053 1737 1170 1781 erat
1196 1727 1341 1781 enim
1376 1738 1621 1796 pugnans
1646 1732 1701 1778 et
1746 1721 2067 1789 discrepans

2169 987 2277 1041 τῶν
2313 985 2448 1039 ὅλων
2478 982 2631 1045 Θεὸς,
2674 980 2767 1033 καὶ
2803 976 3079 1045 ἀπέστησε
3124 972 3221 1042 μὲν
3246 969 3346 1040 τῆς
3375 966 3482 1019 τῶν
3529 963 3742 1017 εἰδωλο-

2170 1077 2427 1147 λατρείας
2461 1073 2620 1136 ἐθῶν,
2655 1070 2955 1139 δεδώρηται
2992 1066 3050 1119 δὲ
3085 1063 3147 1116 τὸ
3182 1061 3382 1115 εἰδέναι
3424 1057 3629 1120 λοιπὸν,
3654 1055 3745 1147 τίς

2168 1173 2197 1224 ὁ
2229 1146 2388 1238 φύσει
2433 1166 2526 1221 καὶ
2570 1162 2787 1234 άληθῶς
2826 1163 2941 1214 ἐστι
2969 1159 3122 1221 Θεὸς,
3168 1155 3263 1208 καὶ
3309 1151 3416 1205 τῶν
3466 1149 3603 1203 ὅλων
3646 1146 3741 1216 δη-

2172 1261 2448 1333 μιουργός.
2482 1256 2883 1311 Πεπιστεύκασι
2927 1253 3039 1323 γὰρ
3066 1252 3146 1315 εἰς
3179 1246 3442 1321 Χριστόν·
3471 1242 3746 1333 ἐγνώκασι

2166 1331 2223 1406 δὲ
2254 1331 2319 1405 διδ
2353 1348 2520 1403 αὑτοῦ
2558 1364 2617 1400 τε
2650 1345 2741 1399 καὶ
2765 1348 2822 1397 ἐν
2855 1341 3003 1413 αὑτῷ
3029 1341 3123 1394 τὸν
3159 1337 3397 1409 Πατέρα.
3420 1331 3606 1401 Ταύτῃ
3636 1344 3739 1387 τοι.

2168 1444 2352 1513 φησὶν,
2389 1442 2454 1495 ἐκ
2484 1437 2686 1507 πολλῆς
2732 1436 2872 1503 ἄγαν
2892 1430 3190 1493 ἐπιεικείας
3224 1444 3284 1481 τε
3310 1425 3406 1480 καὶ
3437 1417 3741 1513 εὑλαὸείιξ,

2168 1508 2320 1587 ἐσται
2353 1531 2534 1594 αὑτοῖς
2564 1531 2598 1599 ἡ
2621 1527 2773 1599 χώρα
2801 1527 2909 1579 τῶν
2937 1522 3205 1578 Ἰουδαίων
3230 1522 3309 1583 εἰς
3343 1515 3633 1587 φόϐητρον.
3668 1508 3745 1559 Τὸ

2166 1627 2223 1681 δὲ
2252 1628 2332 1689 εἰς
2372 1625 2643 1696 φόδητρον
2666 1623 2793 1676 ὃταν
2820 1620 2976 1690 λέγῃ,
3006 1616 3221 1687 νοήσεις
3249 1612 3339 1665 τὸν
3368 1612 3432 1663 ἐκ
3455 1606 3556 1675 τῆς
3574 1602 3743 1696 εὑλα-

2168 1717 2319 1780 δείας
2350 1695 2533 1785 φόϐον.
2574 1712 2788 1785 Τιμῶσι
2840 1709 2950 1781 γὰρ
2990 1708 3226 1769 ἅπαντες
3270 1702 3337 1756 τὰ
3373 1695 3740 1770 Ἰεροσόλυμα,

495 1829 683 1871 eorum
710 1817 918 1887 religio.
952 1818 1037 1874 llli
1064 1819 1207 1873 enim
1238 1826 1547 1873 creaturam
1569 1823 1623 1869 et
1651 1827 1814 1884 opera
1847 1826 2062 1866 suarum

2166 1808 2257 1862 διά
2280 1824 2363 1861 τοι
2388 1806 2450 1860 τὸ
2483 1806 2662 1860 ἐκεῖσε
2687 1801 2940 1873 γενέσθαι
2970 1798 3222 1869 Χριστὸν,
3255 1794 3351 1849 καὶ
3374 1792 3465 1845 τὸν
3488 1787 3628 1887 ὑπὲρ
3640 1785 3743 1887 τῆς

495 1923 754 1963 manuum
782 1912 1139 1966 adoraverunt
1165 1928 1180 1977 ;
1206 1910 1260 1964 hi
1279 1923 1408 1964 vero
1440 1905 1787 1963 sanctissimo
1817 1904 1925 1958 Deo
1948 1917 2062 1957 ser-

2165 1900 2257 1954 τοῦ
2290 1900 2494 1970 κόσμου
2533 1897 2802 1967 σωτηρίας
2824 1892 3119 1977 ἀνατλῆναι
3152 1884 3407 1956 σταυρὸν,
3423 1874 3653 1977 τεθῆναί
3680 1888 3741 1977 τε

494 1998 728 2066 vierunt,
759 2011 815 2056 et
861 2000 1069 2070 legibus
1101 2001 1217 2070 ejus
1246 2000 1551 2070 gubernati,
1582 1997 1813 2053 sincerae
1839 2009 2063 2051 convero

506 2091 736 2147 sationis
765 2091 1066 2151 imitatores
1084 2094 1432 2153 exstiterunt.
1451 2090 1574 2145 llam
1602 2090 1764 2161 igitur
1788 2086 2059 2159 quondam

493 2182 667 2238 Invisa
697 2186 869 2254 regio,
892 2194 1069 2241 terror
1095 2184 1258 2240 veluti
1294 2184 1534 2254 quidam,
1562 2192 1618 2238 et
1652 2180 1931 2250 religionis
1958 2179 2063 2233 erit

491 2290 653 2331 causa
687 2284 744 2332 et
771 2277 1018 2343 materia,
1044 2288 1326 2348 propterea
1351 2278 1495 2346 quod
1527 2276 1580 2330 in
1607 2290 1671 2330 ea
1688 2273 1939 2330 Christus
1962 2287 2059 2324 ua-

491 2377 579 2422 tus
610 2366 794 2437 fuerit,
824 2378 883 2425 ut
904 2370 1037 2435 dixi,
1064 2371 1158 2440 qui
1186 2386 1251 2425 ex
1277 2370 1514 2426 tenebris
1544 2382 1639 2424 eos
1662 2366 1728 2422 ad
1756 2363 2060 2421 mirabilem

490 2458 662 2529 ipsius
687 2460 859 2518 lucem
896 2464 1128 2519 vocavit.

2167 1994 2260 2047 ἐπὶ
2296 1964 2596 2063 μνῆ-ματος,
2635 1964 2931 2042 ἀναϐιῶναί
2956 2001 3014 2038 τε
3056 1975 3144 2047 αὖ,
3178 1978 3271 2032 καὶ
3306 1972 3570 2063 ἀναϐῆναι
3604 1964 3742 2063 πρξς

2163 2084 2255 2137 τὸν
2300 2061 2543 2153 Πατέρα.
2592 2079 2769 2134 Πάλαι
2827 2078 2923 2148 μὲν
2974 2072 3068 2130 οὑν
3108 2071 3375 2147 μεμίσητο
3422 2062 3572 2153 παρὰ
3627 2061 3741 2153 τοῖς

2164 2149 2483 2242 Αἰγυπτίοις
2500 2169 2608 2223 τῶν
2636 2168 2903 2225 Ἰουδαίων
2932 2164 3143 2238 ήχώρα
3163 2181 3177 2195 ·
3207 2162 3301 2215 καὶ
3334 2156 3441 2228 γὰρ
3462 2150 3530 2226 ἦν
3566 2149 3739 2222 μαχό-

2169 2282 2331 2336 μενος
2363 2264 2546 2326 αὐτοῖς
2597 2262 2696 2332 τῆς
2724 2259 3019 2331 Θρησκείας
3059 2259 3089 2311 ό
3136 2254 3359 2327 τρόπος.
3388 2250 3451 2302 01.
3506 2242 3743 2336 μὲνγὰρ

2168 2334 2536 2429 προσεκύνουν
2568 2357 2635 2426 τῇ
2675 2354 2871 2417 κτίσει,
2909 2351 3005 2408 καὶ
3047 2352 3159 2414 τοῖς
3209 2347 3389 2418 ἔργοις
3432 2339 3565 2429 τῶν
3594 2334 3742 2429 ἰδίων

2168 2423 2399 2521 χειρῶν·
2431 2450 2480 2501 οἱ
2524 2447 2581 2499 δὲ
2609 2423 3009 2515 -λελατρεύκασι
3051 2441 3128 2512 τῷ
3166 2434 3417 2504 παναγίῳ
3460 2428 3599 2498 Θεῷ,
3645 2423 3741 2477 καὶ

486 2524 600 2619 τοῖς
654 2557 783 2628 παρ’
827 2556 991 2610 αὑτοῦ
1037 2556 1396 2626 διοικούμενοι
1439 2554 1645 2625 νόμοις,
1717 2551 1818 2622 τῆς
1864 2544 2096 2616 εὑαγοῦς
2157 2541 2430 2603 πολιτείας
2468 2539 2753 2607 γεγόνασιν
2796 2530 3145 2605 ἐπιμεληταί.
3195 2529 3260 2581 ’11
3290 2524 3466 2628 τοίνυν
3506 2532 3743 2628 petiitq-

491 2611 625 2722 μέλίη
658 2611 811 2724 χώρα
853 2654 1002 2718 ποτὲ,
1038 2611 1307 2725 φόϐητρδν
1338 2611 1526 2722 ὥσπερ
1557 2611 1735 2703 τιηκαί
1775 2611 2064 2705 εὐλαϐείας
2130 2638 2316 2700 αὑτοῖς
2356 2634 2615 2696 ὑπόθεσις
2660 2631 2835 2697 ἔσται,
2899 2628 3069 2681 διάτοι
3112 2626 3174 2678 τὸ
3218 2625 3275 2676 ἐν
3307 2620 3443 2690 αὑτῇ
3488 2611 3743 2684 γενέσθαι

485 2747 743 2819 Χριστὸν,
769 2747 846 2809 ώς
876 2747 1034 2817 ἔφην,
1057 2748 1150 2801 τὸν
1174 2748 1237 2799 ἐκ
1275 2748 1499 2810 σκότους
1521 2744 1719 2807 αὑτοὺς
1746 2742 2051 2796 καλέσαντα
2092 2733 2229 2805 πρὸς
2252 2732 2312 2786 τὸ
2341 2729 2654 2801 θαυμαστὸν
2683 2727 2849 2783 αὑτοῦ
2886 2729 3020 2797 φῶς.

563 2837 724 2893 νειιε.
759 2838 846 2893 18.
882 2838 979 2894 Die
994 2838 1090 2892 illa
1126 2840 1350 2908 quinque
1379 2839 1612 2892 civitates
1650 2839 1705 2890 in
1734 2832 2061 2905 Egyptolo-

485 2939 712 2997 queritur
729 2930 909 2997 lingua
927 2929 1251 2995 Chananaaa,
1270 2940 1315 2981 et
1325 2927 1583 2999 jurabunt
1601 2928 1805 2982 nomine
1825 2924 2054 2978 Domini.

487 3020 681 3076 Civitas
714 3022 907 3077 Asedec
932 3021 1200 3077 vocabitur
1225 3038 1331 3075 una
1358 3022 1563 3075 civitas.

2242 2823 2322 2893 Τῇ
2352 2823 2541 2894 ἡμέρᾳ
2572 2823 2772 2891 ἐκείνῃ
2810 2822 3052 2877 ἔσονται
3082 2816 3262 2870 πέντε
3307 2810 3515 2874 πόλεις
3541 2805 3610 2858 ἐν
3638 2805 3739 2894 Aie

2163 2890 2699 2987 γὺπτῳήξῑαλοῦσαι
2744 2890 2819 2980 τῇ
2845 2910 3094 2981 γλώσσῃ
3136 2905 3210 2974 τῇ
3239 2896 3599 2960 Χανανίτιδι,
3640 2890 3741 2987 καί

2165 2982 2499 3079 δμνύουσαι
2541 3005 2623 3072 τῷ
2677 3006 2922 3074 ὀνόματι
2970 3000 3210 3070 Κυρίου.
3266 2995 3450 3058 Πόλις
3503 2982 3740 3045 Ἀσεδὲκ

2164 3096 2534 3165 κληθήσεται
2563 3097 2601 3164 ἡ
2626 3097 2735 3165 μία
2768 3095 2964 3160 πόλις.

557 3197 746 3253 Mirari
776 3199 900 3267 quis
932 3200 1129 3268 poterit
1178 3201 1232 3253 in
1276 3198 1383 3263 his,
1417 3207 1473 3254 et
1507 3196 1661 3252 valde
1686 3196 1905 3265 quidem
1954 3207 2057 3249 me-

2227 3155 2721 3257 K‘a'r‘aeaupaas'isv
2768 3183 2833 3237 ἄν
2871 3155 2957 3247 τίς
2994 3183 3088 3237 καί¹
3132 3180 3336 3251 σφόδρα
3379 3173 3604 3268 εἰκότως
3643 3168 3743 3237 τῆς

486 3291 617 3356 tito,
643 3300 887 3361 argutam
918 3299 971 3343 et
1008 3289 1334 3360 exquisitam
1355 3289 1497 3345 beati
1549 3289 1828 3359 propheta:
1859 3295 2059 3341 tracta-

489 3389 713 3448 tionem,
745 3383 837 3451 qui
887 3381 1047 3452 293
1078 3395 1265 3437 eorum
1316 3394 1540 3451 prorsus
1584 3379 1716 3434 nihil
1770 3377 2055 3448 ignoravit,

488 3491 609 3545 quas
657 3475 862 3546 regioni
892 3474 1264 3544 Egyptiorum
1308 3473 1574 3527 adventus
1607 3478 1851 3540 tempore
1876 3480 2060 3525 essent

489 3567 672 3621 futura
705 3565 835 3636 :qui
869 3574 923 3620 et
976 3565 1247 3634 sigillatim
1296 3563 1540 3633 praedicit
1572 3560 1944 3631 particularia,
2002 3568 2057 3614 et

489 3657 762 3726 quomodo
816 3655 1127 3725 evangelica
1180 3653 1494 3723 pricdicatio
1557 3659 1808 3721 suscepta
1870 3648 2058 3715 fuerit,

489 3750 637 3804 clare
673 3747 910 3803 disserit.
951 3746 1281 3816 Loquentur,
1320 3745 1518 3815 inquit,
1539 3744 1779 3814 quinque
1810 3742 2059 3797 civitates

490 3843 545 3897 in
578 3840 812 3912 Egypto
859 3839 1036 3908 lingua
1082 3837 1406 3901 Chananaia,
1452 3836 1504 3890 id
1540 3843 1639 3901 est,
1679 3835 1940 3906 Syrorum
1977 3831 2060 3888 vel

489 3931 918 3986 l’almstinorum.
944 3928 1058 3984 Una
1081 3929 1224 3983 enim
1249 3927 1426 3997 lingua
1458 3926 1752 3992 loquuntur
1772 3923 2061 3979 Phoenices

489 4034 545 4077 et
572 4022 860 4077 Palaestini.
898 4021 1038 4074 Sunt
1088 4031 1264 4073 autem
1304 4018 1624 4074 contermini
1659 4016 1870 4086 sibique
1930 4016 2060 4085 ipsis

492 4114 728 4184 contigui
764 4112 1034 4167 Palaestini
1087 4121 1144 4167 et
1196 4111 1458 4181 Egyptii,
1493 4124 1591 4163 nec
1634 4108 1927 4179 quidquam
1979 4117 2063 4162 est

491 4207 893 4272 intermedium,
917 4203 1009 4259 sed
1044 4204 1226 4258 statim
1251 4206 1303 4257 in
1331 4202 1588 4257 extremis
1615 4200 1812 4255 ﬁnibus
1841 4198 2059 4271 IEgypti

490 4313 616 4366 quas
637 4300 703 4351 ad
730 4295 994 4351 orientem
1028 4304 1085 4349 et
1116 4295 1181 4349 ad
1224 4307 1372 4347 mare
1420 4301 1649 4362 spectat,
1682 4292 1927 4361 inquam,
1957 4288 2061 4345 Pa-

490 4389 712 4444 laestinae
753 4399 908 4443 terra:
942 4386 1099 4457 primi
1119 4386 1371 4441 introitus
1409 4394 1463 4438 et
1487 4386 1639 4453 quasi
1669 4382 1854 4438 fauces
1891 4399 2058 4453 appa-

493 4489 630 4534 rent.
683 4478 925 4534 Conlinis
981 4479 1144 4549 igitur
1202 4476 1455 4533 Chanaan
1488 4474 2051 4547 Egyptnsﬁideoqne

2159 3277 2217 3330 ἕν
2255 3294 2320 3346 γε
2361 3276 2572 3339 τούτοις
2615 3272 2964 3345 ίσχνομυθίας
3002 3271 3094 3324 τὸν
3132 3269 3399 3341 μακάρων
3432 3260 3740 3333 προφήτην.

2160 3369 2256 3423 καὶ
2283 3369 2589 3439 ὴγνοηκότα
2638 3366 2740 3437 μὲν
2780 3364 3058 3427 παντελῶς
3103 3362 3253 3416 οὑδέν
3291 3358 3400 3413 τῶν
3441 3352 3737 3423 ἐσομένων,

2160 3460 2302 3514 κατὰ
2346 3460 2475 3522 τοὺς
2519 3459 2618 3528 τῆς
2678 3458 2969 3528 ἐπιδημίας
3018 3455 3241 3526 καιροὺς
3288 3454 3353 3521 τῇ
3411 3448 3517 3501 τῶν
3569 3446 3735 3510 Αἰγυ-

2160 3552 2331 3604 πτίων
2358 3550 2531 3621 χώρα.
2582 3548 3080 3619 Προαναφωνοῦντα
3121 3546 3180 3599 δὲ
3210 3544 3280 3597 τά
3324 3541 3445 3595 καθ’
3483 3540 3738 3597 ἕκαστον,

2158 3644 2282 3697 τίνα
2339 3643 2539 3714 τρόπον
2584 3642 2647 3694 τὸ
2687 3641 3038 3711 εὑαγγελικδν
3099 3634 3421 3709 παρεδείχθη
3480 3632 3742 3702 κήρυγμα

2159 3736 2545 3807 διαγορεύοντα
2587 3734 2793 3804 σαφῶς.
2844 3735 3097 3788 Ἔσονται
3127 3730 3327 3791 τοίνυν,
3377 3723 3529 3795 φησὶ,
3579 3720 3741 3774 πέντε

2162 3836 2346 3900 πόλεις
2379 3838 2436 3889 ἐν
2479 3831 2741 3902 Αἰγύπτῳ
2784 3827 3041 3883 λαλοῦσαι
3088 3826 3153 3894 τῇ
3194 3818 3414 3891 γλώσσῃ
3456 3819 3528 3887 τῇ
3562 3815 3743 3866 Χανα-

2160 3929 2338 3994 νίτιδι,
2370 3927 2513 3980 τοῦτ’
2541 3926 2655 3978 ἔστι
2698 3927 2765 3995 τῇ
2793 3921 3003 3992 Σύρων,
3046 3918 3165 3988 ἢτοι
3211 3916 3278 3984 τῇ
3313 3910 3455 3965 κατὰ
3494 3907 3592 3979 τὴν
3625 3906 3740 3958 Πα-

2162 4020 2463 4090 λαιστίνην.
2514 4018 2632 4088 Μιᾷ
2675 4016 2785 4087 γὰρ
2824 4011 3042 4067 λαλοῦσι
3090 4006 3307 4077 γλώσσῃ
3359 4002 3600 4062 Φοίνικες
3649 3996 3743 4090 καί

2163 4088 2529 4165 Παλαιστινοί.
2568 4107 2986 4178 Ἀγχιτέρμονες
3029 4102 3085 4154 δὲ
3129 4100 3289 4154 πάλιν
3334 4094 3590 4164 ἀλλήλοις
3634 4088 3743 4143 εἰσὶ

2164 4202 2517 4256 Παλαιστινοί
2548 4217 2608 4253 τε
2652 4200 2747 4251 καὶ
2787 4195 3075 4265 Αἰγύπτιοι
3101 4236 3115 4257 ,
3168 4190 3261 4244 καὶ
3294 4188 3354 4242 τὸ
3409 4180 3742 4257 μεσολαϐοὖν

2163 4294 2335 4356 οὐδὲν,
2363 4293 2479 4346 ἀλλ’
2513 4293 2571 4343 ἐν
2600 4292 2711 4351 τοῖς
2737 4289 2835 4358 τῆς
2886 4285 3160 4353 Αἰγύπτου
3206 4279 3428 4349 πέρασι,
3461 4276 3575 4336 τοῖς
3604 4270 3742 4341 πρός

2164 4385 2228 4453 γέ
2270 4400 2412 4453 φημι
2449 4380 2546 4453 τὴν
2602 4381 2711 4444 ἕω,
2754 4378 2848 4431 καὶ
2886 4376 3165 4430 θάλασσαν
3213 4370 3312 4439 τῆς
3364 4360 3745 4420 Παλαιστινῶν

2164 4480 2287 4547 γῆς,
2318 4479 2373 4531 αἱ
2404 4474 2616 4547 πρῶται
2644 4472 2827 4526 λοιπὸν
2857 4469 3168 4539 ἀνίσχουσιν
3212 4458 3468 4515 είσϐολαί.
3500 4458 3741 4547 Ὄμορος

489 4572 737 4629 civitates
763 4571 868 4625 illa:
895 4570 949 4624 in
981 4545 1221 4625 confinio
1248 4565 1487 4637 Αῑεγμιί,
1507 4545 1738 4635 primum
1775 4565 2050 4636 Evangelii

2165 4545 2335 4623 τοίνυν
2358 4569 2425 4637 τῇ
2452 4545 2775 4619 *Χαναναίων
2804 4565 2837 4633 ὴ
2872 4557 3205 4629 Αἰγυπτίων.
3241 4552 3427 4623 Ταύτῃ
3450 4565 3528 4602 τοι
3559 4547 3655 4601 καὶ
3682 4545 3739 4598 αἰ

488 4671 814 4733 receperunt
883 4660 1320 4731 praedicationem
1376 4676 1389 4711 :
1453 4656 1669 4711 luerunt
1725 4664 1906 4709 autem
1978 4654 2060 4709 ha:

489 4757 756 4824 quinque,
781 4766 1010 4823 quarum
1036 4752 1266 4820 primam
1300 4763 1420 4803 eam
1456 4761 1576 4816 quae
1610 4760 1752 4800 nunc
1786 4742 2062 4799 Rhinoco-

491 4856 670 4901 rureta
680 4860 799 4899 rum
820 4849 923 4908 est,
939 4841 1185 4895 dicimus.
1208 4836 1524 4906 Loquuntnr
1538 4834 1681 4890 enim
1702 4834 1865 4889 etiam
1883 4833 2063 4903 lingua

492 4939 814 4993 Cliananzca.
846 4933 958 4991 Illis
1001 4935 1145 4989 enim
1185 4929 1408 4984 urbibus
1438 4928 1615 4983 studio
1668 4937 1771 4992 est,
1802 4940 1909 4981 non
1951 4934 2061 4979 tan-

496 5042 608 5084 tum
636 5042 814 5098 operm
841 5038 1091 5092 curaeque
1119 5023 1171 5076 in
1189 5019 1565 5091 Egyptiorum
1598 5031 1869 5081 sermone,
1892 5029 2064 5085 quan-

496 5125 607 5169 tum
641 5116 692 5167 iu
738 5113 959 5184 Syriaca
994 5112 1173 5180 lingua
1218 5123 1442 5177 ponere.
1477 5106 1706 5172 Quidam
1739 5106 1903 5159 etiam
1938 5118 2064 5158 nar-

498 5209 622 5252 rant
654 5200 707 5253 in
742 5200 855 5254 suis
893 5198 1110 5266 scriptis
1152 5194 1447 5265 Josephum
1502 5193 1705 5249 diserte
1731 5207 2061 5248 commemo-

498 5305 620 5344 rare
645 5291 932 5357 quemdam
972 5288 1191 5343 nomine
1222 5285 1430 5341 Joniain
1484 5286 1785 5340 ministerio
1819 5284 2059 5338 functum

496 5380 642 5437 inter
669 5396 764 5435 eos
793 5381 883 5449 qui
907 5380 1169 5451 sanguine
1202 5376 1445 5433 Levitico
1477 5376 1691 5432 oriundi
1721 5384 1866 5441 sunt,
1894 5384 1949 5430 et
1977 5390 2061 5429 sa-

497 5473 741 5547 cerdotio
769 5486 834 5527 ex
864 5472 980 5542 lege
1004 5482 1256 5528 ornatum
1286 5472 1466 5538 simul,
1501 5473 1594 5541 qui
1622 5484 1678 5526 ut
1701 5488 1765 5527 ex
1803 5482 1946 5526 terra
1979 5469 2066 5525 Ju-

499 5565 656 5621 daica
684 5564 1060 5634 demigrasset,
1089 5566 1233 5634 quod
1292 5565 1622 5621 simultatem
1655 5581 1777 5619 cum
1835 5563 2064 5632 quodam

499 5667 731 5729 cognato
770 5670 869 5711 suo
913 5657 1265 5723 exercuisset,
1302 5656 1385 5710 vel
1440 5654 1583 5710 forte
1634 5655 2063 5725 persecutionem

502 5762 790 5821 perpessus
828 5747 1040 5813 luisset,
1102 5748 1167 5801 ad
1212 5748 1450 5817 quinque
1480 5746 1576 5801 lias
1621 5748 1783 5802 urbes
1810 5746 2068 5801 ﬁnitimas

508 5840 757 5902 Chanaan
797 5840 1100 5914 pertigisse.
1143 5838 1263 5905 llic,
1290 5839 1484 5912 inquit,
1522 5838 1730 5896 inﬁnita
1753 5848 1937 5896 coacta
1977 5837 2064 5894 lu-

2163 4662 2302 4733 πρδς
2325 4663 2438 4723 τοῖς
2463 4659 2661 4730 πέρασι
2690 4657 2787 4725 τῆς
2830 4653 3105 4721 Αἰγύπτου
3142 4647 3344 4708 πόλεις,
3386 4642 3606 4733 πρῶτον
3636 4655 3747 4690 παπ

2167 4725 2477 4825 ραδέχονται
2516 4725 2579 4803 τὸ
2624 4749 2886 4826 σωτήριον
2930 4746 3219 4815 κήρυγμα·
3251 4738 3412 4791 πέντε
3454 4725 3739 4796 δὲαῦται,

2162 4840 2238 4898 ὧν
2275 4843 2340 4913 δὴ
2383 4841 2480 4894 καὶ
2529 4825 2752 4910 πρώτην
2803 4832 2943 4890 εἷναί
2980 4849 3157 4904 φαμεν
3199 4830 3297 4899 τὴν
3344 4827 3460 4880 νυνὶ
3502 4825 3741 4913 Ῥινοκο-

2165 4912 2462 5004 ρουρητῶν.
2494 4928 2728 4983 Λαλοῦσι
2770 4927 2868 4997 μὲν
2903 4925 2997 4979 καὶ
3040 4925 3106 4994 τῇ
3150 4919 3368 4989 γλώσσῃ
3405 4912 3738 5004 Χανανίτιδι.

2176 5022 2569 5076 Ἐσπούδασται
2598 5019 2707 5089 γὰρ
2740 5020 2851 5080 τοῖς
2879 5018 2935 5069 ἐν
2964 5013 3188 5074 ταύταις
3209 5014 3328 5072 ταῖς
3353 5007 3591 5068 πόλεσιν,
3620 5003 3740 5072 οὑχί¹

2163 5116 2260 5185 τῆς
2283 5112 2597 5180 Αἰγυπτίων
2641 5109 2823 5179 φωνῆς
2864 5101 3272 5176 μεταποιεῖσθαι
3309 5097 3580 5161 τοσοῦτον,
3616 5095 3747 5146 ὅσον.

2164 5184 2261 5277 τῆς
2291 5206 2497 5276 Σύρων.
2529 5201 2666 5254 Φασὶ
2700 5200 2759 5252 δέ
2783 5214 2929 5258 τινες
2969 5198 3026 5248 ἐν
3070 5194 3226 5256 ἰδίαις
3251 5189 3591 5259 συγγραφαῖς
3623 5184 3741 5236 δια-ε

2168 5276 2538 5369 μνημονεῦσαι
2570 5290 2756 5361 σαφῶς
2792 5290 2881 5342 τὸν
2914 5286 3195 5355 Ἰώσηπον,
3233 5285 3314 5337 ὅτι
3341 5281 3442 5351 τῆς
3469 5276 3741 5332 Ἰουδαίων

2164 5389 2538 5459 ἀποφοιτήσας
2567 5385 2692 5453 γῆς,
2724 5380 2928 5441 Ἰωνίας
2955 5394 3037 5439 τις
3063 5375 3287 5445 ὀνόματι
3329 5370 3498 5425 τελῶν
3530 5370 3588 5421 ἐν
3625 5369 3740 5429 τοῖς

2166 5480 2421 5551 ὲξαίμασι
2460 5477 2557 5531 τοῦ
2590 5473 2719 5529 Aeni
2763 5472 2857 5524 καὶ
2890 5471 2955 5539 τῇ
2990 5467 3128 5521 κατὰ
3165 5466 3327 5536 νόμον
3359 5460 3623 5533 ἱερωσύνῃ
3652 5475 3741 5509 τε-

2165 5570 2465 5642 τιμημένος
2491 5609 2507 5635 ,
2544 5566 2619 5629 ώς
2662 5563 2893 5634 ὁμόρους
2928 5559 3036 5611 τῶν
3080 5555 3399 5610 Χαναναίων
3440 5551 3538 5614 τὰς
3574 5552 3739 5602 ’πέντε

2166 5661 2395 5716 ’ταυτασί¹
2414 5656 2741 5713 κατελάϐετο
2776 5651 2983 5712 πόλεις,
3021 5648 3398 5718 φιλονεικήσας
3424 5643 3559 5715 πρός
3586 5658 3742 5705 τινας

2167 5753 2274 5807 τῶν
2314 5749 2607 5823 ὁμογενῶν,
2644 5746 2676 5815 ἢ
2718 5744 2860 5814 τάχα
2905 5757 3009 5793 που
3059 5740 3153 5793 καὶ
3195 5736 3374 5801 δίωξιν
3417 5734 3733 5805 ὑπομείνας.

2170 5843 2357 5912 υῦτες,
2378 5845 2562 5915 ρησὶν,
2579 5840 2679 5895 οὑκ
2707 5837 3067 5909 εὐαρίθμητον
3093 5831 3359 5888 Ἰουδαίων
3381 5826 3590 5903 πληθὺν
3614 5842 3736 5879 aim-
