4148 6378
394 411 493 468 ιῦθ

1515 418 1583 472 lN
1624 419 1853 474 ISAIAM
1894 419 2023 479 LIB.
2068 423 2130 477 ιι.
2174 387 2407 484 renus
2445 428 2531 486 tv.

3534 435 3660 494 I700

392 532 739 604 αγηγερκὼς,
792 534 1116 607 κατῴκηκεν
1146 539 1204 591 ἐν
1257 541 1357 611 μιᾷ
1397 540 1506 594 τῶν
1541 542 1701 596 πέντε
1744 543 1970 597 τουτωνὶ

2076 547 2312 603 deorum
2344 551 2702 621 multitudine,
2735 554 2802 610 ad
2836 568 2995 610 unam
3024 555 3214 611 harum
3248 555 3486 627 quinque
3504 560 3641 613 civi-

391 623 618 688 πόλεων,
647 626 682 697 ἢ
715 628 809 680 καὶ
842 627 1157 699 ὠνόμασται
1192 631 1348 694 πόλις
1382 632 1598 686 Ἀσεδὲκ
1618 672 1633 697 ,
1671 632 1816 686 τοῦτ’
1853 633 1968 687 ἔστι

386 713 749 788 δικαιοσύνης.
800 720 1080 775 Ἐντεῦθέν
1125 742 1256 793 φασι
1303 725 1429 788 τοὺς
1470 726 1608 796 πρὸς
1643 728 1754 789 τοῖς
1802 727 1969 794 Αἰγυ-

387 808 557 861 πτίων
587 810 821 881 τέρμασι
867 814 1193 886 κατηθίσθαι
1221 834 1281 870 τε
1327 818 1418 871 καὶ
1476 820 1695 889 ἀγαπᾷν
1740 822 1806 890 τῇ
1863 819 1970 873 τῶν

388 898 710 955 Χαναναίων
739 903 962 978 γλώσσῃ
990 907 1192 962 λαλεῖν.
1237 911 1584 979 Μαθὴσονται
1614 911 1670 964 δέ
1709 930 1841 982 φησι
1874 913 1970 966 καὶ

387 990 609 1058 ὀμνύειν
633 994 711 1065 τῷ
735 996 961 1069 ὀνόματι
989 1000 1216 1071 Κυρίου.
1243 1002 1550 1074 Παράδοξον
1580 1003 1638 1057 δὲ
1670 1004 1763 1057 καὶ
1790 1004 1965 1061 τοῦτο.

392 1081 551 1146 Ἐθος
593 1085 692 1155 μὲν
732 1088 842 1158 γὰρ
874 1092 990 1154 τοῖς
1038 1092 1283 1161 ματαίων
1332 1097 1737 1165 προσκυνηταῖς
1786 1097 1970 1166 ὅρκιον

389 1176 658 1232 ποιεῖσθαι
704 1178 765 1231 τὸ
801 1180 1016 1253 ἑκάστῳ
1046 1182 1234 1237 δοκοῦν
1273 1184 1381 1237 τῶν
1428 1185 1522 1242 τοῦ
1570 1185 1776 1256 κόσμου
1821 1203 1966 1241 στοι-

388 1265 571 1334 κείων.
605 1268 668 1321 Οἱ
702 1270 799 1341 μὲν
843 1273 953 1344 γὰρ
984 1274 1074 1328 τὸν
1111 1276 1341 1347 οὐρανὸν
1393 1275 1770 1346 ὀνομάζουσιν,
1818 1278 1870 1330 οἱ
1912 1277 1971 1331 δὲ

387 1358 479 1411 τὸν
511 1359 683 1429 ἥλιον,
728 1362 905 1431 ἕτεροι
944 1364 1001 1417 δὲ
1052 1366 1145 1419 καὶ
1173 1368 1243 1421 τὰ
1278 1368 1336 1423 ὲν
1361 1372 1553 1439 σηκοῖς
1579 1370 1931 1441 χειρότευκτα
1952 1388 1964 1399 ·

389 1448 783 1520 διαμέμνηνται
826 1453 883 1507 δὲ
927 1454 1046 1510 κατ’
1070 1455 1260 1510 οὐδένα
1287 1457 1491 1528 τρόπον
1531 1456 1624 1511 τοῦ
1671 1459 1791 1510 κατ’
1836 1456 1969 1527 ἀλή-

389 1539 539 1595 θειαν
579 1542 714 1597 Θεοῦ
738 1562 751 1575 ·
783 1545 845 1599 ού
886 1546 994 1619 γὰρ
1048 1547 1351 1618 ἐγνώκασιν
1384 1549 1566 1605 αὐτόν.
1614 1549 1736 1602 Τῶν
1765 1565 1828 1617 γε
1862 1547 1969 1619 μὴν

390 1633 778 1701 ἔπεγνωκότων
833 1637 935 1710 ἢδη
968 1640 1061 1692 καὶ
1102 1640 1566 1707 πεπιστευκότων,
1602 1640 1720 1694 ἐστὶ
1766 1640 1829 1694 τὸ
1874 1639 1970 1692 καὶ

388 1723 610 1795 ὀμνύειν
648 1728 726 1798 τῷ
779 1729 1002 1801 ὀνόματι
1050 1732 1235 1787 αὐτοῦ.
1270 1732 1426 1787 Οῦτω
1470 1733 1566 1787 καὶ
1616 1734 1644 1787 ό
1693 1732 1968 1801 πάνσοφος

389 1817 593 1888 Μωσῆς
646 1820 747 1892 τῆς
802 1823 863 1875 ὲν
915 1824 1175 1895 Αἰγύπτῳ
1226 1825 1482 1896 λατρείας
1532 1824 1968 1895 ὲκπεφοιτηκότα

387 1904 479 1957 τὸν
506 1908 720 1981 Ἰσραὴλ
766 1912 904 1983 πρὸς
940 1913 1237 1983 ἐπίγνωσιν
1267 1913 1360 1968 τοῦ
1393 1916 1513 1969 κατ’
1542 1914 1800 1986 ἀλήθειαν
1829 1911 1966 1967 Θεοῦ

387 1999 748 2070 προσεκόμιςε
777 2002 970 2072 λέγων·
997 2024 1015 2056 t
1048 2004 1249 2076 Κύριον
1268 2006 1358 2059 τὸν
1386 2006 1518 2059 Θεόν
1546 2023 1638 2060 σου
1662 2006 1969 2077 προσκυνητ-

388 2103 520 2153 σεις,
551 2092 645 2144 καὶ
673 2092 820 2163 αὑτῷ
850 2094 995 2166 μόνῳ
1015 2094 1353 2167 λατρεύσεις.
1378 2115 1396 2149 ι
1418 2094 1732 2166 Προσετίθει
1762 2094 1819 2147 δὲ.
1843 2094 1967 2148 τού-

385 2193 517 2243 τοις,
555 2181 635 2234 ὅτι
665 2184 776 2237 Kat't
801 2184 879 2255 τῷ
900 2186 1123 2258 ὀνόματι
1160 2187 1322 2241 αὑτοῦ
1355 2189 1484 2261 ὀμῇ.
1523 2188 1821 2255 Ἀπόδειξις
1852 2189 1965 2243 τοί-

387 2286 481 2323 νυν
508 2273 740 2346 ὲναργὴς
764 2276 858 2330 τοῦ
888 2279 1291 2351 παραδέξασθαι
1314 2279 1412 2352 τὴν
1440 2281 1623 2335 πίστιν
1672 2282 1773 2346 τὰς
1801 2282 1966 2336 πέντε

2070 647 2240 693 latum
2290 644 2687 713 commigravit,
2712 660 2833 715 qua:
2870 647 3033 701 etiam
3081 646 3276 703 civitas
3326 647 3554 713 Asedec,
3585 649 3639 703 id

2068 739 2171 794 est,
2204 730 2447 801 justitize,
2469 733 2612 790 dicta
2645 746 2749 793 est.
2796 736 2932 792 Hinc
2964 737 3115 793 aiunt
3139 753 3236 795 eos
3268 739 3318 793 in
3347 754 3441 793 ora
3468 738 3642 809 Egy-

2070 822 2300 890 ptiorum
2334 825 2521 881 solitos
2553 827 2789 898 linguam
2833 844 3029 886 sonare
3069 829 3514 885 Chananzeorum.
3554 831 3642 885 Di-

2070 921 2227 968 scent
2281 914 2466 981 etiam,
2527 916 2724 987 inquit,
2763 918 2947 988 iurare
3002 920 3221 976 nomine
3266 919 3495 975 Domini.
3530 919 3643 976 Hoc

2069 1003 2232 1058 etiam
2262 1004 2417 1074 plane
2445 1017 2527 1062 est
2555 1008 2891 1065 incredibile.
2918 1009 3016 1067 Est
3051 1010 3197 1066 enim
3224 1010 3463 1066 solemne
3494 1012 3644 1065 vani-

2073 1101 2247 1149 tatum
2303 1096 2624 1166 cultoribus,
2655 1098 3027 1170 juramentum
3076 1117 3173 1170 pro
3228 1117 3329 1158 suo
3380 1102 3645 1173 cujusque

2069 1184 2355 1254 arbitratu,
2405 1189 2588 1245 mundi
2636 1191 2920 1247 elementis
2955 1207 3285 1263 nuncupare.
3343 1193 3447 1248 Alii
3498 1194 3643 1247 enim

2069 1274 2315 1330 caelestia
2345 1277 2646 1343 nominant,
2674 1279 2765 1334 alii
2798 1280 2989 1348 solem,
3021 1281 3114 1335 alii
3145 1283 3313 1337 etiam
3371 1282 3438 1337 in.
3470 1281 3646 1352 adytis

2070 1365 2399 1432 manulacta,
2430 1369 2523 1423 sed
2559 1369 2705 1423 nullo
2738 1370 2898 1426 modo
2933 1372 3047 1426 veri
3077 1371 3169 1427 Dei
3210 1370 3536 1427 mentionem
3574 1372 3647 1424 l'e-

2070 1466 2281 1525 cerunt,
2305 1474 2468 1529 quem
2498 1475 2567 1515 ne
2616 1472 2887 1517 noverunt
2946 1464 3189 1533 quidem.
3222 1462 3645 1533 Agnoscentium

2069 1557 2247 1604 autem
2277 1558 2333 1604 et
2358 1550 2690 1608 credentium
2718 1567 2912 1607 munus
2940 1563 2995 1609 et
3014 1551 3246 1607 ollieiutn
3274 1560 3377 1617 est,
3396 1550 3644 1607 etiamin

2068 1640 2287 1696 nomine
2309 1640 2478 1711 ipsius
2500 1642 2707 1713 jurare.
2728 1643 2998 1700 Sicetiam
3028 1643 3204 1700 Moses
3215 1642 3648 1714 sapientissimus

2069 1730 2317 1787 lsraelem
2332 1733 2399 1786 ab
2410 1732 2730 1805 Egyptian
2754 1735 2903 1790 cultu
2934 1736 3321 1807 demigrantem
3339 1734 3405 1789 ad
3427 1732 3649 1803 agnitio-

2067 1837 2189 1877 nem
2201 1823 2316 1878 veri
2346 1824 2439 1880 Dei
2457 1826 2940 1891 traduxit,dieens:
2969 1848 2989 1880 ι
3012 1826 3296 1883 Dominum
3313 1826 3479 1881 Deum
3496 1835 3644 1878 tuum

2069 1914 2338 1984 adorabis,
2370 1916 2512 1974 etilli
2540 1917 2705 1992 295.
2731 1920 2830 1974 soli
2855 1920 3061 1976 servies
3086 1920 3151 1972 “.
3183 1918 3496 1989 r-Apposuit
3515 1915 3645 1970 illud

2073 2007 2553 2079 quoque,Nomine
2575 2011 2692 2081 ejus
2716 2011 2948 2081 jurabis.
2965 2012 3355 2081 Argumentum
3374 2018 3460 2066 est
3480 2008 3643 2077 igitur

2071 2113 2125 2157 et
2170 2103 2558 2158 demonstratio
2577 2103 2824 2166 evidens.
2854 2102 2974 2158 illas
3007 2103 3246 2173 quinque
3274 2102 3435 2157 urbes
3472 2100 3633 2155 ﬁdem

2070 2195 2375 2259 admisisse,
2398 2195 2540 2263 quod
2559 2198 2610 2250 in
2630 2195 2779 2250 nullo
2797 2209 2937 2250 vano
2955 2194 3096 2249 idolo
3116 2193 3440 2262 juraverint,
3467 2190 3562 2246 sed
3579 2189 3645 2243 ad

2065 2283 2418 2353 iurisiurandi
2443 2300 2597 2339 usum
2629 2299 2837 2341 nomen.
2860 2283 3072 2339 Domini
3103 2282 3449 2352 sumpserint.

386 2365 588 2431 ταύτας
638 2370 840 2436 πόλεις,
868 2374 928 2427 τὸ
958 2373 1186 2445 ὀμνύναι
1221 2376 1321 2447 μὲν
1365 2376 1454 2430 ἐπ’
1496 2377 1673 2433 οὐδενὶ
1711 2378 1819 2431 τῶν
1861 2377 2129 2449 ματαίων,
2191 2379 2445 2450 δέχεσθαι
2478 2381 2537 2435 δὲ
2567 2380 2768 2453 μᾶλλον
2811 2382 2891 2445 εἰς
2954 2382 3118 2452 ὅρκου
3173 2379 3361 2452 χρείαν
3386 2377 3446 2431 τὸ
3475 2376 3645 2446 ὄνομα

386 2463 616 2534 Κυρίου.

462 2555 540 2624 Τῇ
570 2558 757 2629 ἡμέρᾳ
782 2562 983 2633 ἐκείνῃ
1009 2564 1181 2621 ἔσται
1211 2567 1643 2637 θυσιαστήριον
1668 2565 1749 2633 τῷ
1776 2569 1972 2636 Κυρίῳ

384 2645 454 2699 ἐν·
493 2649 653 2718 χώρᾳ
686 2654 990 2723 Αἰγύπτου
1015 2700 1029 2723 ,
1082 2657 1183 2711 καί
1240 2658 1441 2729 στήλη
1490 2658 1641 2729 πρὸς
1684 2659 1750 2713 τὸ
1806 2658 1972 2728 optor-

384 2737 575 2808 αὐτῆς
615 2741 693 2806 τῷ
725 2744 948 2814 Κυρίᾳν
993 2749 1094 2802 καὶ
1129 2748 1302 2803 ἔσται
1330 2752 1418 2816 είς
1460 2749 1713 2819 σημεῖον
1744 2750 1831 2814 εἰς
1863 2748 1973 2804 τὸν

390 2825 580 2882 αἰῶνα
611 2830 689 2897 τῷ
717 2836 913 2902 Κυρίῳ
938 2837 1009 2891 ἐν
1042 2838 1202 2907 χώρᾳ
1224 2840 1548 2908 Αἰγύπτου.

470 2918 533 2972 Ἦ
574 2921 672 2991 μὲν
702 2922 812 2995 γὰρ
845 2925 1153 2993 Αἰγυπτίων
1188 2927 1452 2998 σύμπασα
1507 2930 1577 2998 γῆ
1611 2928 1863 2999 τεμένεσι
1906 2944 1968 2980 τε

388 3009 654 3081 πεπλήθει
701 3015 796 3067 καὶ
834 3017 1155 3087 μεμέστωτο
1189 3018 1387 3091 βωμῶν
1408 3036 1422 3049 ·
1467 3019 1689 3072 σπονδαὶ
1724 3019 1781 3072 δὲ
1826 3014 1969 3090 ἦσαν

388 3104 483 3156 καὶ
504 3103 683 3158 θυσίαι
712 3111 980 3181 πανταχῆ,
1011 3110 1170 3166 τοῦτο
1200 3114 1300 3183 μὲν
1324 3116 1437 3176 τοῖς
1464 3111 1559 3166 τοῦ
1596 3112 1800 3183 κόσμου
1829 3130 1971 3165 στοι-

386 3195 555 3263 χείοις
608 3200 1112 3271 προσκομιζόμεναι
1148 3203 1279 3273 παρ’
1331 3201 1546 3257 αύτῶνο
1591 3201 1751 3256 τοῦτο
1788 3203 1863 3268 δὲ,
1894 3202 1969 3267 ὡς

386 3283 544 3356 ἔφην,
578 3290 670 3340 καὶ
701 3267 899 3354 τοίς-ὲν
928 3267 1114 3363 σηκοῖς
1139 3267 1445 3364 ἱδρυμένοις
1479 3294 1757 3366 ἀγάλμασι
1786 3294 1971 3365 δηλον-
1996 3267 2037 3323 C

384 3376 467 3427 ότι
497 3377 589 3429 καὶ
624 3377 913 3449 δαιμονίων
941 3381 1185 3450 στήλαις.
1230 3382 1341 3434 Καὶ
1378 3382 1433 3434 τί
1480 3380 1638 3434 τοῦτο
1663 3381 1806 3450 λέγω
1828 3422 1844 3448 ,
1880 3381 1970 3433 ὅτε

388 3468 482 3520 καὶ
513 3468 722 3536 ἀλόγων
765 3470 918 3535 ζώων
961 3471 1253 3535 ἀναθέντες
1287 3472 1521 3543 μορφὰς,
1552 3472 1651 3543 τὴν
1681 3471 1800 3542 Θεῷ
1835 3471 1969 3541 πρέ-

390 3574 597 3612 πουσαν
646 3557 804 3624 δόξαν
856 3561 1039 3625 αὐτοῖς
1093 3561 1449 3632 ὲχαρίζοντο;
1500 3561 1641 3632 Ὅρα
1690 3562 1868 3615 τοίνυν
1912 3559 1971 3627 ἐξ

388 3651 513 3704 οἴων
553 3652 632 3714 εἰς
656 3646 745 3705 οἷα
776 3654 1177 3722 μεταπέπτωκε
1206 3655 1274 3710 τὰ
1295 3655 1611 3724 Αἰγυπτίων
1645 3656 1968 3727 πράγματα.

390 3744 451 3799 Οἱ
474 3742 580 3817 γὰρ
606 3744 775 3799 πάλαι
794 3745 902 3799 τῶν
923 3746 1098 3801 ἄλλων
1122 3749 1379 3801 ἁπάντων
1403 3747 1969 3819 δεισιδαιμονέστεροι,

390 3837 485 3888 καὶ
512 3837 780 3907 ἁχαλίνως
827 3839 1139 3903 νενευκότες
1184 3840 1265 3902 είς
1309 3839 1369 3891 τὺ
1418 3839 1647 3911 ὲξήνιον,
1682 3842 1749 3909 τῇ
1788 3839 1974 3910 ἡμέρᾳ.

390 3929 597 4001 ἐκείνῃ,
648 3931 803 4000 φησὶ,
834 3930 977 3985 τοῦτ’
1010 3931 1148 3996 ἐστι,
1182 3933 1304 3985 κατ’
1334 3932 1512 3986 ἐκεῖνο
1539 3930 1751 3999 καιροῦ,
1788 3930 1908 3984 καθ’
1945 3930 1973 3983 ὃ

390 4020 456 4074 ἂν
515 4023 800 4096 ἐπιλάμψῃ
851 4024 983 4096 παρ’
1034 4025 1221 4088 αὐτοῖς
1263 4025 1326 4078 τὸ
1369 4025 1636 4096 σωτήριον
1686 4024 1972 4095 κήρυγμα,

391 4114 783 4183 παραδέξονται
843 4116 942 4187 τὴν
1005 4116 1374 4187 προσκύνησιν
1423 4116 1517 4169 τοῦ
1564 4115 1723 4185 φύσει
1768 4132 1829 4169 τε
1884 4116 1975 4169 καὶ

389 4206 602 4278 ἀληθῶς
633 4208 783 4271 ὄντος
805 4208 959 4262 Θεοῦ.
987 4209 1177 4262 Ἔσται
1202 4208 1313 4281 γὰρ
1341 4208 1733 4280 θυσιαστήριον
1756 4206 1833 4278 τῷ
1864 4209 1977 4261 Κυ-

390 4299 493 4369 ρίῳ
527 4300 583 4353 έν
620 4299 775 4371 χώρᾳ
807 4300 915 4353 τῶν
947 4301 1278 4368 Αἰγυπτίων.
1313 4301 1592 4371 Ἐμφασιν
1630 4300 1741 4371 ἔχει
1772 4298 1975 4369 πολλὴν

387 4392 416 4444 ὁ
459 4392 635 4461 λόγος.
665 4394 894 4465 Εἴρηται
924 4394 1031 4464 γὰρ
1074 4393 1212 4464 μετὰ
1261 4393 1558 4464 θαύματος.
1604 4394 1730 4457 Πῶς
1758 4394 1866 4466 γὰρ
1912 4395 1972 4447 ού

391 4483 696 4549 παράδοξον
725 4484 786 4537 τὸ
821 4484 917 4537 καὶ
946 4486 1002 4537 ὲν
1034 4484 1169 4555 αὐτῇ
1209 4487 1272 4554 τῇ
1316 4485 1632 4552 Αἰγυπτίων
1673 4483 1848 4557 χώρᾳ,
1880 4485 1975 4538 θυ-

391 4577 702 4648 σιαστήριον
725 4574 953 4646 ὁρᾶσθαι
984 4574 1188 4646 Κυρίου
1213 4591 1227 4638 ;
1258 4574 1368 4628 Καὶ
1394 4575 1531 4644 πρός
1563 4592 1628 4642 γε
1652 4575 1849 4646 τούτῳ,
1879 4578 1974 4631 καὶ

391 4668 593 4738 στήλην
630 4667 767 4738 πρὸς
817 4668 876 4719 τὸ
914 4667 1059 4739 ὃριον
1096 4668 1266 4737 αὐτῆς
1302 4665 1380 4737 τῷ
1410 4666 1623 4738 Κυρίῳ.
1655 4666 1862 4738 Στήλην
1888 4668 1966 4731 δὲ,

390 4760 572 4831 φησὶν,
627 4761 685 4810 ἐν
723 4757 953 4822 τούτοις,
989 4758 1064 4821 ῶς
1111 4760 1162 4826 γ’
1203 4757 1327 4827 ἐμοὶ
1371 4757 1598 4827 δοκεῖ,ἢ
1655 4757 1777 4811 ναὸν
1816 4757 1969 4827 ἅγιον

386 4850 553 4912 θεοῦ,
590 4848 734 4901 τοῦτ’
779 4847 893 4901 ἔστι
939 4849 1039 4918 τὴν
1077 4846 1437 4921 Ἐκκλησίαν,
1473 4847 1507 4916 ἢ
1541 4846 1681 4916 τάχα
1724 4863 1825 4899 που
1874 4847 1968 4899 καὶ

390 4942 579 5015 πρώτη
605 4941 715 4994 τῶν
750 4940 924 4995 ἄλλων
959 4942 1256 5012 ἐγήγερται
1295 4939 1433 5010 πρὸς
1469 4938 1531 4991 τὸ
1580 4939 1727 5009 ὅριον
1774 4939 1964 5008 αὐτῆς,

387 5035 551 5104 ἤγουν
573 5033 635 5085 τὺ
673 5030 768 5084 τοῦ
797 5031 952 5099 ἁγίου
978 5029 1210 5100 σταυροῦ
1253 5030 1497 5099 σημεῖον,
1522 5021 1566 5095 ᾧ
1600 5029 1964 5099 περιφράττε-

389 5124 511 5178 σθαι
548 5124 674 5187 τοὺς
709 5122 1067 5185 πιστεύοντας
1097 5120 1237 5183 ἔθος.
1273 5118 1607 5189 Κεχρήμεθα
1633 5118 1742 5189 γὰρ
1774 5119 1862 5172 ἀεὶ
1891 5117 1969 5189 τῷ

387 5216 693 5287 πράγματι,
718 5216 897 5268 πᾶσαν
926 5211 1238 5282 διαϐολικὴν
1267 5212 1531 5281 ἐπήρειαν
1550 5209 1966 5281 ἀνατρέποντες,

389 5308 483 5362 καὶ
502 5308 601 5371 τὰς
630 5307 736 5360 τῶν
764 5306 1053 5377 δαιμονίων
1082 5305 1303 5375 ἐφόδους
1324 5304 1752 5375 διακρουόμενοι.
1780 5304 1969 5372 Τεῖχος

387 5403 495 5471 γὰρ
524 5403 660 5471 ἡμῖν
688 5400 964 5471 ἄρρηκτον
990 5400 1019 5451 ό
1052 5399 1305 5470 σταυρὸς,
1335 5398 1427 5451 καὶ
1465 5396 1527 5449 τὸ
1562 5398 1648 5448 ἐπ’
1669 5395 1819 5466 αύτῷ
1845 5395 1971 5450 καύ-

389 5511 542 5563 χημα
586 5494 850 5561 σωτήριον
880 5490 1124 5560 ἀληθῶςο
1155 5511 1171 5541 t
1208 5489 1360 5561 Ἐμοὶ
1396 5488 1453 5542 δὲ
1491 5487 1565 5560 μὴ
1599 5488 1806 5557 γένοιτο
1831 5505 1967 5542 καυ-

389 5581 608 5652 χᾶσθαι,
640 5583 688 5633 εἰ
738 5580 810 5649 μὴ
844 5581 899 5631 ἐν
938 5578 1017 5649 τῷ
1050 5578 1271 5649 σταυρῴ
1307 5578 1401 5632 τοῦ
1446 5576 1703 5649 Χριστοῦ.
1732 5598 1749 5629 ι
1777 5579 1967 5649 Παρά-

387 5674 517 5738 δοξα
552 5673 749 5737 τοίνυν,
794 5671 862 5725 τὰ
897 5674 961 5726 ἐκ
987 5673 1084 5743 τῆς
1130 5671 1465 5745 προφητείας
1514 5671 1970 5744 προηγορευμένα

459 5829 500 5861 ⁸³
540 5828 695 5885 Dcut.
728 5844 801 5896 τι,
835 5831 919 5887 15.
999 5832 1041 5861 ⁶²
1081 5828 1254 5884 Galat.
1291 5844 1363 5895 τι,
1402 5828 1481 5882 Ιιί.

2139 2560 2301 2614 Vens.
2332 2558 2419 2615 19.
2446 2557 2543 2611 Die
2573 2557 2665 2612 illa
2712 2558 2813 2611 erit
2861 2556 3032 2611 altare
3064 2556 3292 2612 Domino
3335 2559 3390 2613 in
3436 2561 3647 2631 regione

2066 2651 2460 2722 Egyptiorum,
2493 2660 2540 2703 et
2578 2650 2825 2703 columna
2853 2705 2863 2717 κ
2888 2649 2956 2702 ad
2984 2650 3218 2718 conﬁnia
3247 2650 3362 2720 ejus
3394 2650 3645 2720 Domino,

2065 2758 2109 2798 et
2134 2745 2230 2798 erit
2256 2744 2313 2796 in
2336 2743 2562 2812 signum,
2585 2753 2633 2796 et
2682 2742 3037 2797 testimonium
3065 2743 3122 2797 in
3154 2745 3499 2799 (etet-nitatem
3541 2744 3645 2800 Do-

2065 2835 2207 2888 mino
2233 2834 2288 2888 in
2319 2834 2527 2903 regione
2541 2830 2785 2903 Egypti.

2137 2925 2305 2981 Terra
2338 2926 2481 2981 enim
2515 2925 2692 2980 omnis
2715 2923 3091 2995 [Egyptiorum
3139 2923 3639 2990 fanisabuudabat,

2065 3018 2247 3074 etaris
2262 3017 2417 3085 plena
2443 3025 2600 3072 erat:
2629 3016 2832 3085 passim
2858 3017 2962 3071 liba
2988 3026 3166 3079 erant,
3196 3025 3249 3072 et
3272 3018 3634 3073 sacriﬁcatio-

2069 3124 2183 3173 nes,
2214 3120 2324 3164 tum
2349 3108 2534 3163 mundi
2575 3108 2895 3172 elementis,
2918 3119 3028 3161 tum
3057 3108 3242 3173 etiam,
3268 3117 3325 3162 ut
3344 3108 3476 3172 dixi,
3512 3111 3648 3163 ima-

2069 3202 2283 3272 ginibus
2319 3215 2439 3270 quae
2470 3200 2524 3254 in
2569 3199 2711 3255 fanis
2745 3200 3174 3267 collocabantur,
3203 3199 3421 3265 oblatae,
3455 3209 3510 3256 et
3539 3200 3620 3256 dte

2072 3293 2375 3347 moniorum
2407 3301 2565 3346 erant
2609 3292 2890 3347 columnae.
2921 3291 2989 3345 At
3019 3290 3148 3360 quid
3202 3291 3308 3346 hoc
3350 3292 3490 3358 dico,
3525 3308 3648 3347 cum

2071 3385 2235 3439 etiam
2264 3384 2617 3439 animantium
2644 3383 2851 3436 ratione
2882 3383 3179 3436 carentium
3205 3383 3399 3437 erectis
3436 3382 3649 3447 formis,

2074 3477 2300 3546 gloriam
2338 3491 2459 3546 qua:
2498 3474 2606 3530 Deo
2638 3475 2905 3542 congruit,
2952 3475 3035 3529 his
3076 3474 3461 3530 attribuerim?
3514 3474 3645 3530 Vide

2074 3572 2254 3641 itaque
2280 3584 2345 3625 ex
2363 3570 2557 3638 quibus
2571 3568 2904 3640 .Egyptiaca:
2922 3583 3007 3622 res
3026 3584 3300 3625 conversa:
3323 3580 3378 3624 et
3403 3569 3653 3640 collapsa:

2076 3671 2222 3718 sunt.
2258 3661 2359 3728 Qui
2393 3661 2537 3715 enim
2574 3660 2843 3731 quondam
2873 3659 2995 3714 aliis
3030 3660 3280 3714 omnibus
3309 3660 3652 3728 superstitio-

2075 3755 2246 3810 siores
2289 3754 2522 3816 fuerunt,
2564 3760 2619 3807 et
2649 3750 2910 3807 ell‘renate
2937 3751 3074 3807 laxis
3125 3752 3348 3807 habenis
3400 3767 3629 3820 prorue-

2075 3853 2196 3899 runt
2236 3862 2249 3898 :
2287 3843 2397 3910 illa,
2429 3844 2636 3913 inquit,
2674 3842 2796 3908 die,
2830 3844 2882 3897 id
2914 3852 3032 3907 est,
3065 3858 3130 3897 ex
3178 3858 3243 3898 eo
3275 3850 3520 3912 tempore
3547 3860 3654 3915 quo

2074 3934 2329 3991 salutaris
2352 3934 2671 4005 praedicatio
2711 3935 2797 3990 bis
2826 3934 3129 3998 illucescet,
3161 3936 3362 3990 cultum
3393 3937 3652 3992 naturalis

2074 4038 2128 4083 et
2149 4028 2258 4083 veri
2292 4027 2382 4082 Dei
2417 4027 2830 4097 amplectentur.
2867 4027 2986 4083 Erit
3018 4028 3163 4083 enim
3207 4028 3380 4084 altare
3425 4029 3654 4085 Domino

2076 4122 2131 4175 in
2157 4121 2373 4192 regione
2402 4120 2798 4191 Egyptiorum.
2839 4120 3150 4187 Emphasim
3184 4134 3431 4190 magnam
3459 4132 3514 4176 et
3543 4122 3653 4176 vim

2077 4206 2238 4262 habet
2274 4207 2387 4262 haec
2412 4207 2609 4272 oratio,
2655 4208 2851 4278 quippe
2897 4224 3000 4263 non
3028 4208 3147 4264 sine
3175 4208 3536 4265 admiratione
3569 4212 3655 4265 dio

2075 4304 2239 4349 ctum.
2274 4297 2464 4350 Annon
2486 4296 2627 4351 enim
2650 4306 2733 4351 est
2753 4297 2821 4351 ab
2842 4298 3094 4367 opinione
3124 4314 3188 4354 ac
3217 4299 3321 4354 llde
3345 4300 3580 4355 alienum
3601 4312 3654 4357 et

2074 4389 2232 4455 plane
2278 4388 2605 4456 paradoxum
2640 4388 2800 4442 etiam
2838 4389 2890 4443 in
2947 4390 3062 4459 ipsa
3104 4392 3324 4461 regione
3368 4392 3652 4463 Egyptia—

2076 4496 2216 4545 rum,
2250 4480 2419 4534 altare
2444 4480 2654 4535 Domini
2691 4482 2881 4545 videri,
2905 4491 2959 4537 et
2983 4484 3047 4535 ad
3081 4483 3195 4538 haec
3239 4486 3401 4539 etiam
3448 4485 3651 4542 colum-

2079 4586 2202 4624 nam
2238 4573 2304 4625 ad
2331 4572 2563 4626 conlinia
2594 4572 2712 4640 ejus
2744 4573 3005 4627 Domino?
3035 4572 3357 4629 Columnam
3404 4592 3533 4632 vero
3562 4579 3649 4632 bic

2077 4660 2227 4725 dicit,
2264 4670 2323 4715 ut
2368 4661 2496 4715 tnihi
2559 4661 2794 4725 videtur,
2821 4662 2903 4716 vel
2934 4663 3192 4734 templum
3243 4679 3511 4734 sanetum,
3548 4670 3650 4723 hoc

2075 4762 2159 4807 est
2198 4753 2493 4807 Ecclesiam
2516 4793 2531 4819 ,
2556 4768 2676 4822 quae
2708 4752 2846 4808 forte
2877 4754 3048 4823 prima
3070 4756 3297 4812 aliarum
3324 4760 3389 4812 ad
3417 4758 3649 4815 conﬁnia

2074 4844 2190 4913 ejus
2229 4845 2460 4898 excitata
2491 4854 2575 4899 est
2609 4864 2622 4900 :
2660 4846 2739 4898 vel
2791 4855 2989 4899 sancta:
3035 4848 3213 4903 crucis
3262 4849 3497 4920 signum,
3541 4867 3649 4921 quo

2074 4935 2308 5004 obsepiri
2359 4936 2646 4990 credentes
2677 4935 2855 4990 solent
2892 4944 2947 4989 et
2975 4939 3317 4992 communiri.
3373 4939 3464 4997 Usi
3501 4943 3647 5005 enim

2075 5040 2288 5096 semper
2321 5042 2509 5082 sumus
2536 5026 2637 5081 bac
2671 5041 2751 5089 re,
2781 5042 2900 5079 cum
2920 5040 3133 5081 omnem
3162 5027 3356 5084 diaboli
3389 5032 3644 5089 insultum

2071 5118 2458 5182 evertimus,et
2489 5121 2788 5173 daemonum
2819 5118 3050 5186 impetus
3081 5119 3647 5190 inlrirnginttts.Murus

2071 5211 2213 5263 enim
2249 5209 2511 5265 infractus
2537 5222 2619 5265 est
2655 5210 2809 5264 nobis
2838 5225 2992 5274 crux,
3023 5219 3076 5265 et
3110 5211 3161 5265 in
3186 5225 3247 5266 ea
3276 5223 3359 5269 est
3374 5215 3643 5283 gloriatio,

2070 5315 2196 5356 vero
2219 5302 2447 5356 salutem
2488 5300 2742 5356 aﬂ‘crens.
2770 5302 2981 5356 Idcirco
3014 5301 3213 5358 Paulus
3246 5307 3460 5373 sapiens
3503 5309 3644 5364 scri-

2073 5394 2150 5449 bit
2219 5412 2233 5448 :
2274 5412 2292 5445 (
2323 5395 2477 5449 Absit
2527 5409 2653 5449 vero
2690 5405 2748 5448 ut
2800 5410 2899 5464 ego
2948 5394 3164 5463 glorier,
3199 5397 3300 5451 nisi
3358 5398 3409 5453 in
3479 5416 3641 5458 cruce

2070 5486 2269 5541 Christi
2288 5489 2351 5542 δ’.
2376 5508 2394 5540 ι
2419 5486 2682 5544 Mirabilia
2698 5499 2852 5539 erant
2873 5486 3036 5553 igitur
3068 5500 3123 5539 et
3143 5500 3306 5556 supra
3333 5491 3642 5558 opinionem

2072 5577 2367 5647 vulgarem,
2402 5593 2521 5647 quae
2548 5588 2675 5631 tunc
2699 5578 3014 5649 prophetice
3040 5577 3293 5646 praedicta
3322 5580 3559 5648 luerunt,
3584 5592 3639 5639 et

2072 5687 2211 5729 nunc
2234 5673 2406 5729 etiam.
2433 5675 2500 5731 ad
2530 5676 2689 5732 linem
2723 5683 2848 5732 sunt
2886 5671 3160 5743 perducta.
3194 5681 3316 5734 Arte
3352 5682 3496 5739 enim
3544 5697 3636 5740 ex-
