4148 6378
517 345 615 397 ΠΙ

1502 353 1560 409 S.
1599 353 1877 411 CYBILLI
1912 359 2377 420 ALEXANDRINI
2418 367 2733 425 ARCHIEP.

3640 385 3744 442 479

505 457 776 517 'stiterunt
844 461 1066 521 Domino
1107 469 1414 539 complures
1456 482 1510 528 et
1537 474 1956 534 innumerabiles
1999 496 2073 550 pe

2199 485 2260 538 τὸ
2280 457 2564 558 τηνικάδε,
2612 493 2728 544 νυνι
2751 491 2806 544 δι
2845 490 2908 572 δὴ
2939 491 3032 547 καὶ
3063 495 3143 557 είς
3183 495 3357 568 πέρας
3391 497 3744 570 ἐκϐεϐηκότα.

520 553 809 624 Egyptum
859 573 873 610 :
928 567 983 612 et
1031 560 1206 616 crucis
1257 563 1463 632 signum
1525 567 1714 624 incolis
1761 576 2083 630 venerabile.

519 642 732 699 Etenim
759 646 810 699 in
842 647 1119 703 Dominum
1150 651 1312 722 295
1338 665 1581 709 nostrum
1609 655 1786 713 Jesum
1815 661 2084 718 Christum

517 738 881 796 crediderunt.
922 739 1196 798 Nonnullis
1247 753 1424 800 autem
1459 751 1821 818 expositorum
1862 755 2084 823 placuit,

521 843 619 898 pro
667 830 914 883 columna
968 831 1180 886 titulum
1226 835 1424 900 dicere,
1452 853 1684 910 eumque
1729 842 1907 899 ferunt
1962 862 2085 903 esse

519 918 664 976 hunc
717 937 1119 984 sacrosanctum
1192 930 1557 1003 Evangelium.
1631 936 1844 995 Judicet
1905 954 2082 998 autem

517 1024 706 1066 rursus
728 1016 989 1082 prudens,
1011 1021 1147 1090 quid
1163 1023 1450 1093 optimum,
1487 1037 1541 1082 et
1573 1030 1700 1098 quid
1720 1033 2079 1089 rectissimum

517 1114 637 1155 esse
666 1105 932 1161 videatur.

590 1283 752 1340 Vens.
787 1288 878 1355 20,
897 1290 988 1349 21.
1015 1291 1156 1358 Quia
1173 1295 1468 1352 clamabunt
1487 1302 1556 1352 ad
1577 1301 1854 1357 Dominum
1871 1317 2085 1376 propter

516 1379 818 1448 aﬂlictantes
835 1397 908 1448 se,
931 1393 978 1437 et
998 1388 1160 1438 millet
1179 1387 1285 1440 iliis
1307 1389 1562 1444 Dominus
1583 1382 1839 1449 hominem
1857 1400 1949 1467 qui
1968 1415 2082 1452 ser-

514 1471 654 1522 vabit
689 1487 798 1538 eos,
838 1482 886 1526 et
907 1486 1056 1528 notus
1078 1478 1174 1530 erit
1199 1477 1454 1534 Dominus
1477 1480 1769 1552 .Egyptiis,
1810 1499 1857 1540 et
1886 1505 2082 1558 cogno-

515 1570 656 1613 scent
682 1559 959 1617 Dominum
985 1564 1226 1638 zEgyptii
1258 1570 1308 1623 in
1335 1571 1420 1626 die
1452 1571 1566 1639 illa,
1588 1585 1635 1626 et
1654 1574 1849 1643 facient
1875 1581 2080 1650 sacriﬁ-

515 1653 617 1716 cia,
649 1663 695 1706 et
722 1655 975 1710 vovebant
1001 1673 1117 1712 vota
1151 1660 1398 1729 Domino,
1425 1678 1471 1718 et
1513 1669 1748 1722 reddent.

589 1917 967 1989 Contemplare
1006 1923 1134 1977 mihi
1200 1926 1392 1981 iterum
1453 1932 1743 2000 prophetia:
1809 1939 2077 2008 egregiam

513 2017 567 2063 et
599 2008 940 2065 artiﬁciosam
980 2012 1341 2084 vigilantiam.
1373 2017 1504 2072 Nam
1559 2023 1777 2088 perinde
1806 2030 1958 2097 quasi
1995 2031 2079 2086 in-

515 2109 752 2170 terroget
816 2104 1108 2176 quispiam,
1162 2123 1226 2164 ac
1275 2110 1467 2167 dicat:
1506 2113 1642 2180 Quid
1700 2117 1800 2173 hoc
1839 2122 1912 2175 rei
1961 2124 2082 2178 est?

511 2192 638 2259 quid
687 2206 881 2259 causae,
932 2206 988 2249 ut
1051 2197 1307 2255 Dominus
1357 2204 1564 2260 veniret
1597 2206 1666 2261 lin
1701 2208 1988 2280 Egyptum
2025 2215 2077 2269 in

513 2279 655 2334 nube
711 2283 832 2346 levi,
886 2295 1048 2355 atque
1106 2289 1208 2346 hoc
1262 2299 1323 2346 et
1364 2293 1492 2350 illud
1546 2300 1713 2365 gratis
1771 2279 2083 2361 conferret?

513 2385 896 2441 praeoccupans
975 2379 1232 2448 propheta
1304 2389 1591 2454 respondet
1646 2400 1700 2444 et
1767 2394 1842 2447 ait
1889 2414 1902 2450 :
1945 2395 2079 2463 Quia

511 2461 820 2521 clamabunt
859 2471 925 2524 ad
979 2473 1258 2530 Dominum
1315 2491 1534 2550 propter
1578 2482 1872 2555 alnigentes
1899 2461 1992 2556 se,
2025 2499 2080 2546 et

511 2557 689 2612 mittet
718 2560 858 2629 ipsis
903 2562 1158 2619 Dominus
1207 2569 1476 2625 hominem
1521 2575 1612 2642 qui
1673 2580 1913 2634 servabit
1961 2597 2074 2637 eos.

509 2647 786 2705 insultavit
838 2657 1036 2709 etenim
1099 2663 1309 2728 peccati
1352 2673 1523 2731 pater,
1580 2667 1631 2720 id
1690 2679 1774 2723 est
1827 2669 2077 2740 Satanas,

511 2741 778 2799 universae.
833 2755 992 2802 terra
1025 2750 1235 2814 incolis,
1261 2763 1315 2807 et
1361 2757 1611 2824 nequitize
1635 2773 1744 2813 suae
1767 2760 2078 2833 jugoimpo-

511 2835 616 2889 sito
662 2836 933 2902 omnibus,
985 2841 1128 2895 velut
1155 2860 1184 2895 θ
1214 2845 1381 2913 septis
1437 2846 1630 2902 divinae
1657 2851 1941 2908 charitatis
1977 2858 2074 2907 ah-

509 2926 684 2991 du-xit,
719 2940 774 2983 et
807 2938 1010 2984 tantum
1036 2949 1142 2987 non
1172 2934 1360 3004 ligatos
1407 2938 1614 2994 habens
1645 2943 1786 3017 apud
1809 2959 1868 2999 se
1904 2946 2073 3014 rigide

510 3029 565 3072 et
591 3018 750 3088 impie
793 3022 837 3076 vi
886 3027 1140 3080 coercuit.
1179 3027 1444 3084 Caeterum
1501 3034 1576 3087 rei
1615 3015 1808 3112 natura
1856 3015 2092 3107 gravem.

511 3116 566 3162 et
616 3125 724 3165 non
778 3112 1052 3168 ferendam
1095 3117 1147 3171 in
1189 3134 1248 3172 se
1290 3121 1493 3176 habens
1519 3124 1854 3194 violentiam,
1887 3141 2073 3184 contra

517 3204 858 3272 tyrannidem
922 3207 1038 3275 ejus
1097 3213 1388 3268 vociferata
1467 3225 1570 3271 est.
1659 3217 1750 3272 Sic
1813 3221 2074 3291 intelliges

513 3294 776 3350 clamasse
803 3296 1104 3371 Egyptios.
1158 3306 1227 3358 At
1257 3307 1345 3375 qui
1394 3323 1579 3362 verum
1619 3325 1722 3364 non
1755 3311 1823 3366 sit
1873 3313 2072 3380 dicere,

511 3398 604 3437 eos
635 3389 724 3453 qui
770 3401 960 3443 natura
1022 3394 1386 3452 universitatis
1421 3398 1704 3454 Dominum
1757 3415 2072 3472 cognorant,

512 3478 730 3531 omnino
762 3480 828 3533 ad
871 3481 1040 3550 ipsum
1075 3501 1176 3539 non
1227 3487 1527 3544 clamasse?
1550 3491 1618 3544 At
1646 3493 1788 3546 enim
1819 3498 2077 3563 quemad-

511 3570 723 3638 modum
759 3576 977 3644 sanguis
1028 3577 1210 3642 Abelis
1269 3580 1532 3636 clamasse
1559 3583 1736 3639 dictur
1785 3588 1852 3639 ad
1886 3586 2074 3652 Deum,

511 3663 717 3720 etiamsi
757 3666 868 3734 ipse
915 3671 1186 3737 propriam
1223 3687 1407 3728 vocem
1457 3691 1678 3744 prorsus
1707 3693 1811 3732 non
1858 3680 2073 3744 habeat,

509 3756 602 3808 sed
625 3756 766 3822 quod
800 3757 972 3825 ipsam
1004 3762 1154 3828 quasi
1190 3763 1265 3816 rei
1299 3764 1668 3834 indignitatem
1716 3767 1859 3823 Deus
1891 3785 2077 3840 prose-

507 3853 708 3912 quatur
745 3864 758 3900 :
791 3848 856 3900 ad
887 3850 1131 3904 eumdem
1162 3863 1291 3923 puto
1343 3858 1558 3912 modum
1594 3859 1894 3932 intelligere
1953 3864 2075 3933 quis

507 3937 734 4004 poterit,
767 3938 830 3994 de
865 3939 948 3994 his
985 3941 1167 4001 etiam:
1193 3945 1285 4012 qui
1314 3949 1547 4002 adorare
1578 3941 1821 4006 solebant
1851 3952 2076 4008 immun-

508 4031 606 4084 dos
627 4031 868 4098 spiritus.
903 4032 1014 4086 Etsi
1051 4036 1194 4088 enim
1232 4038 1602 4094 universitatis
1631 4043 1798 4097 Deum
1833 4060 1935 4098 non
1974 4045 2073 4098 ha~

505 4123 700 4177 hebant
722 4126 1015 4193 cognitum,
1051 4137 1225 4182 tamen
1276 4132 1402 4200 quia
1443 4133 1548 4186 vim
1579 4137 1722 4200 passi
1753 4147 1879 4191 sunt
1911 4154 1938 4190 a
1974 4137 2076 4191 Sa-

508 4225 655 4282 tana,
715 4217 828 4286 ipsa
881 4221 1278 4288 quodammodo
1313 4239 1369 4278 re
1399 4226 1806 4294 exclamarunt,
1853 4232 2073 4287 omnino

506 4309 607 4364 sibi
648 4311 905 4365 auxilium
969 4313 1341 4389 implorantes.
1412 4319 1504 4374 Sic
1541 4321 1804 4379 clamasse
1844 4325 2073 4381 dicimus

505 4413 561 4458 et
602 4402 888 4473 Egyptios
922 4405 988 4461 ad
1021 4405 1190 4462 Deum
1245 4419 1463 4479 pr0pter
1490 4410 1812 4470 al'llictantes
1849 4431 1961 4484 eos,
2018 4418 2069 4472 id

2187 583 2579 654 Θυσιαστήριον
2614 583 2722 653 γὰρ
2751 582 2827 654 τῷ
2861 583 3078 655 Κυρίῳ·
3123 585 3349 640 πλεῖστά
3385 606 3441 641 τε
3489 590 3624 655 ὅσα,
3655 592 3746 644 καὶ

2186 672 2417 742 ἀριθμοῦ
2438 671 2739 743 κρείττονα,
2775 674 2913 727 κατὰ
2939 674 3038 742 τὴν
3065 676 3404 744 Αἰγυπτίων·
3443 679 3533 732 καὶ
3565 679 3627 732 τὸ
3651 680 3746 733 τοῦ

2188 763 2418 834 σταυροῦ
2461 767 2680 835 σημεῖον
2712 769 2823 828 τοῖς
2861 765 3126 820 ἐνοικοῦσι
3157 770 3544 840 προσκυνητόν.
3580 772 3745 829 [Ism-

2187 856 2442 910 στεύκασι
2466 857 2573 928 γὰρ
2603 858 2682 919 εἰς
2716 857 2805 911 τὸν
2838 857 3041 928 Κύριον
3070 859 3227 930 ἡμῶν
3267 859 3469 930 Ἰησοῦν
3500 861 3587 914 τὸν
3612 863 3746 933 Χρι-

2185 946 2333 999 στόν.
2352 945 2534 1008 Ἔδοξε
2571 945 2627 998 δέ
2647 963 2756 998 τισι
2783 946 2890 998 τῶν
2925 946 3221 1018 ἐξηγητῶν,
3256 950 3375 1001 ἀντὶ
3400 950 3500 1020 τῆς
3546 950 3745 1020 στήλης

2183 1035 2358 1089 τίτλον
2377 1035 2660 1106 ὀνομάσαι,
2701 1036 2794 1088 καί
2824 1053 2986 1104 φασιν
3010 1032 3146 1090 εἶναι
3183 1037 3338 1091 τοῦτο
3366 1038 3426 1091 τὸ
3456 1039 3608 1107 ἆγιον
3639 1040 3750 1093 Εὐ-

2183 1123 2449 1193 αγγέλιον.
2474 1124 2750 1190 Δοξαζὲτω
2781 1125 2836 1189 δὲ
2857 1126 3014 1179 πάλιν
3043 1129 3070 1179 ὁ
3094 1129 3348 1199 νουνεχὴς
3373 1129 3432 1184 τὸ
3455 1129 3530 1193 ὡς
3551 1130 3754 1201 ἄριστά

2179 1232 2240 1268 τε
2265 1217 2357 1268 καὶ
2382 1210 2440 1268 εὖ
2474 1215 2617 1285 ἔχειν
2643 1216 2850 1270 δοκοῦν.

2252 1304 2380 1356 Ὅτι
2427 1303 2812 1372 κεκράξονται
2858 1306 3008 1373 πρὸς
3050 1307 3268 1376 Κύριον
3311 1307 3410 1363 διὰ
3452 1311 3593 1378 τσὺς
3621 1311 3748 1368 θλί-

2182 1399 2394 1462 ϐογτας
2418 1397 2657 1463 αὐτοὺς,
2687 1397 2794 1451 καί
2821 1398 3147 1452 ἀποστελεῖ
3174 1400 3378 1467 αὐτοῖς
3397 1403 3608 1470 Κύριος
3645 1403 3756 1457 ἄν-

2181 1491 2414 1557 θρωπον
2458 1487 2527 1554 ὃς
2579 1488 2764 1544 σώσει
2810 1492 3050 1557 αὐτούς.
3109 1492 3219 1544 Καὶ
3255 1495 3522 1562 γνωστὸς
3577 1494 3748 1549 ἔσται

2181 1582 2394 1649 Κύριος
2439 1579 2564 1647 τοῖς
2622 1581 2982 1650 Αἰγυπτίοις.
3042 1584 3152 1638 Καὶ
3197 1583 3527 1654 γνώσονται
3560 1589 3612 1639 οὶ
3658 1589 3748 1640 Ai-

2179 1674 2412 1741 γύπτιοι
2454 1673 2561 1727 τὸν
2607 1674 2823 1741 Κύριον
2867 1674 2937 1728 ἐν
2983 1675 3058 1744 τῇ
3121 1676 3312 1746 ἡμέρᾳ
3370 1677 3590 1746 ἐκείνῃ.
3639 1679 3749 1733 Καὶ

2186 1764 2508 1833 ποιήσουσι
2535 1766 2771 1833 θυσίας,
2830 1767 2927 1820 καὶ
2962 1768 3239 1834 εὔξονται
3285 1770 3469 1840 εὐχὰς
3505 1769 3584 1836 τῷ
3630 1774 3747 1825 Κυ-

2177 1857 2310 1924 ρίῳ,
2333 1858 2430 1910 καὶ
2467 1856 2873 1912 ἀποδώσουσι.

2256 1947 2445 2016 Ἀθρει
2477 1949 2540 2018 δή
2585 1967 2676 2018 μοι
2732 1949 2892 2004 πάλιν
2937 1953 3035 2021 τῆς
3094 1953 3439 2024 προρητικῆς
3471 1953 3749 2024 εὐτεχνίας

2181 2038 2281 2108 τὴν
2311 2038 2490 2108 νῆψιν.
2529 2041 2740 2110 Ὠσπερ
2763 2041 2870 2113 γὰρ
2909 2042 3429 2115 ἁναπυνθανομένου
3453 2044 3597 2108 τινὸς
3655 2045 3750 2098 καὶ

2180 2131 2449 2199 λέγοντος·
2482 2131 2545 2184 Τί
2567 2132 2626 2186 τὸ
2652 2132 2870 2203 χρῆμα;
2903 2136 3038 2188 Ποία
3067 2135 3121 2188 δὲ
3142 2135 3328 2204 γέγονε
3361 2137 3626 2207 πρόφασις
3653 2136 3748 2190 τοῦ

2179 2223 2271 2278 τὸν
2292 2225 2492 2295 Κύριον
2520 2224 2692 2278 ἐλθεῖν
2719 2228 2799 2296 είς
2825 2226 3096 2294 Αἴγυπτον
3125 2229 3216 2280 ἐπὶ
3256 2227 3484 2299 νεφέλης
3519 2226 3748 2297 κούφης.

2181 2317 2508 2389 χαρίσασθαί
2535 2335 2597 2370 τε
2623 2319 2802 2382 αὐτοῖς
2833 2318 2991 2373 τοῦτό
3037 2337 3096 2372 τε
3132 2320 3387 2385 κάκεῖνο;
3417 2318 3685 2374 διαλαϐὼν
3722 2322 3751 2373 ὁ

2180 2409 2464 2480 προφήτης
2490 2410 2841 2481 ἀποκρίνεται
2875 2411 2969 2464 καὶ
3000 2411 3183 2483 φησίν·
3227 2412 3349 2465 Ὅτι
3396 2410 3751 2482 κεκράξονται

2181 2502 2318 2572 πρὸς
2361 2501 2566 2572 Κύριον
2613 2500 2702 2554 διὰ
2729 2501 2854 2566 τοὺς
2913 2501 3191 2564 θλίϐοντας
3233 2503 3454 2567 αὐτοὺς,
3488 2503 3582 2556 καὶ
3610 2503 3750 2556 ἀπο-

2185 2593 2361 2644 στελεῖ
2417 2592 2599 2654 αὐτοῖς
2634 2591 2839 2663 Κύριος
2891 2591 3174 2661 ἄνθρωπον
3225 2592 3283 2654 ὃς
3337 2591 3498 2644 σώσει
3531 2591 3748 2655 αὐτούς.

2193 2683 2534 2754 Ἐπεπήδησε
2562 2683 2658 2754 μὲν
2683 2685 2792 2754 γὰρ
2825 2686 2852 2736 ό
2891 2684 2989 2752 τῆς
3043 2684 3310 2754 ἁμαρτίας
3341 2682 3554 2755 πατὴρ,
3608 2683 3752 2736 τοῦτ’

2181 2775 2326 2829 ἐστιν
2357 2777 2384 2828 ὁ
2414 2776 2676 2839 Σατανᾶς,
2730 2777 2840 2838 τοῖς
2871 2774 2973 2828 ἀνὰ
3009 2776 3189 2828 πᾶσαν
3227 2774 3326 2845 τὴν
3355 2775 3482 2844 γῆν,
3525 2773 3619 2826 καὶ
3649 2773 3749 2842 τῆς

2181 2867 2374 2919 ἑαυτοῦ
2401 2867 2727 2936 δυστροπίας
2753 2866 2964 2929 ἐπιθεὶς
2985 2865 3156 2920 ἅπασι
3184 2867 3272 2919 τὸν
3306 2866 3486 2935 ζυγὸν,
3515 2865 3751 2919 ἀπεϐου-

2181 2958 2378 3030 κόλησε
2405 2959 2504 3030 μὲν
2535 2958 2636 3029 τῆς
2660 2960 2739 3022 είς
2767 2958 2898 3011 Θεὸν
2933 2960 3172 3030 ἀγάπης.
3209 2959 3383 3013 Μόνον
3413 2959 3469 3012 δὲ
3507 2959 3628 3028 οὐχὶ
3669 2957 3753 3009 δε-

2178 3049 2433 3119 δεμένους
2453 3050 2591 3120 ἔχων
2634 3052 2723 3118 ὑφ’
2755 3049 2954 3120 ἑαυτῷ,
3002 3050 3215 3122 πικρῶς
3262 3068 3320 3104 τε
3374 3050 3466 3103 καὶ
3514 3049 3753 3110 ἀνοσίως

2103 3181 2148 3242 C
2181 3141 2530 3205 κατεϐιὰζετο
2547 3159 2559 3172 '
2597 3141 2710 3193 ἀλλ’
2735 3142 2767 3211 ἡ
2791 3141 2885 3194 τοῦ
2909 3142 3230 3212 πράγματος
3252 3141 3431 3210 φύσις,
3455 3141 3631 3212 δεινὴν
3658 3142 3753 3193 καὶ

2181 3231 2454 3300 ἀφόρητον
2485 3232 2680 3301 ἔχουσα
2699 3232 2799 3302 τὴν
2825 3230 3156 3296 πλεονεξίαν,
3203 3232 3304 3301 τῆς
3353 3230 3558 3283 ἐκείνου
3615 3245 3752 3282 κατ·

2179 3324 2374 3393 εϐόησε
2425 3324 2757 3395 τυραννίδος.
2815 3323 2972 3376 Οὕτω
3014 3325 3225 3392 νοήσεις
3247 3321 3612 3392 κεκράξοντας
3653 3321 3751 3374 Δί-

2177 3416 2457 3484 γυπτίους.
2506 3416 2698 3470 Καίτοι
2743 3415 2860 3479 πῶς
2914 3416 3012 3468 οὐκ
3045 3414 3241 3486 ἀληθὲς
3295 3416 3491 3479 εἰπεῖν,
3523 3413 3602 3466 ὅτι
3656 3413 3749 3464 τὸν

2178 3507 2336 3576 φύσει
2386 3508 2494 3561 τῶν
2537 3508 2672 3560 ὅλων
2719 3508 2994 3578 Δεσπότην
3032 3507 3131 3559 οὐκ
3182 3505 3503 3574 ἐγνωκότες,
3550 3504 3654 3558 οὐδ’
3683 3503 3750 3557 ἂν

2177 3601 2310 3661 ὅλως
2346 3599 2575 3670 ἐϐόησαν
2601 3597 2733 3669 πρὸς
2764 3597 2923 3650 αὐτόν
2951 3616 2964 3664 ;
3000 3597 3138 3648 Ἀλλ’
3165 3595 3351 3665 ὥσπερ
3390 3593 3452 3647 τὸ
3489 3589 3626 3664 αἷμα
3652 3593 3748 3647 τοῦ

2180 3691 2345 3744 Ἀὀελ
2369 3690 2559 3760 βοῆσαι
2580 3688 2793 3757 λέγεται
2817 3688 2950 3758 πρὸς
2969 3688 3059 3740 τὸν
3071 3686 3225 3748 Θεὸν,
3249 3687 3341 3740 καὶ
3364 3687 3464 3739 οὐκ
3489 3685 3621 3738 αὑτό
3642 3702 3742 3738 που

2178 3781 2415 3845 πάντως,
2447 3782 2581 3834 ίδίαν
2610 3780 2732 3850 ἕχον
2763 3781 2968 3850 φωνήν’
2996 3779 3109 3833 ἀλλ’
3149 3780 3310 3832 οἱονεὶ
3337 3778 3434 3848 τὴν
3460 3778 3626 3848 αὐτὴν
3655 3776 3748 3831 τοῦ

2177 3873 2500 3943 πράγματος
2515 3870 2744 3925 ἀτοπίαν
2771 3868 3238 3938 κατεστυ-γηκότος
3264 3867 3421 3920 Θεοῦ’
3448 3867 3538 3920 τὸν
3567 3867 3747 3935 αὑτὸν,

2176 3959 2352 4033 οἶμαι,
2381 3961 2581 4032 τρόπον
2604 3960 2792 4028 νοήσαι
2823 3975 2908 4020 τις
2941 3958 3005 4012 ἂν
3055 3957 3147 4010 καὶ
3195 3957 3286 4010 ἐπὶ
3336 3956 3445 4010 τῶν
3485 3956 3749 4033 εἰωθότων

2178 4055 2498 4124 προσκυνεῖν
2525 4053 2634 4113 τοῖς
2665 4049 2995 4120 ἀκαθάρτοις
3013 4049 3280 4115 δαίμοσιν.
3311 4049 3374 4102 Ei
3395 4048 3504 4120 γὰρ
3528 4049 3620 4103 καὶ
3651 4050 3750 4103 οὐκ

2177 4149 2322 4199 ἴσασι
2341 4144 2444 4214 ,τὸν
2471 4143 2579 4196 τῶν
2607 4142 2744 4195 ὅλων
2774 4141 2927 4204 Θεὸν,
2957 4141 3071 4194 ἀλλ’
3105 4137 3197 4194 οὗν
3226 4142 3305 4194 ὅτι
3323 4141 3748 4212 πεπλεονέκτην-

2175 4255 2261 4290 ται
2293 4236 2445 4306 παρὰ
2495 4235 2590 4288 τοῦ
2643 4234 2877 4296 Σατανᾶ,
2932 4233 2999 4285 δι’
3043 4233 3206 4286 αὐτοῦ
3255 4234 3455 4304 τρόπον
3503 4233 3622 4286 τινὰ
3652 4231 3755 4286 τοῦ-

2175 4330 2495 4399 πράγματος
2516 4327 2921 4398 ἁνακεκρὰγασι
2944 4325 3042 4397 τὴν
3071 4328 3152 4392 ἐφ’
3173 4327 3380 4389 ἑαυτοῖς
3408 4342 3510 4377 που
3535 4326 3748 4388 πάντως

2173 4419 2448 4482 αἰτοῦντες
2486 4418 2820 4489 ἐπικουρίαν.
2865 4415 3023 4469 Οὕτω
3076 4415 3265 4486 βοῆσαί
3308 4433 3488 4486 φαμεν
3518 4416 3609 4469 καὶ
3649 4417 3746 4479 Ai-

503 4505 608 4559 est,
642 4495 743 4550 sub
772 4512 986 4552 manum
1035 4513 1219 4554 eorum
1270 4517 1333 4556 ac
1379 4513 1698 4573 potestatem
1741 4507 2067 4578 redigentus,

2175 4513 2430 4583 γυπτίους
2465 4513 2603 4601 πρὸς
2624 4512 2776 4577 Θεὸν,
2797 4510 2883 4564 διὰ
2904 4511 3028 4574 τοὺς
3053 4509 3329 4575 θλίϐοντας
3365 4511 3580 4574 αὐτοὺς,
3602 4507 3744 4564 τοῦτ’

500 4598 553 4642 et
588 4589 733 4644 velut
765 4592 1111 4647 acerbissima
1143 4597 1371 4664 quadam
1396 4599 1656 4654 servitute
1679 4601 2064 4670 opprimentes,

499 4681 750 4736 videlicet
786 4681 1026 4752 impuros
1071 4687 1362 4742 daemonas.
1414 4689 1682 4744 Caeterum
1747 4692 1920 4747 mittet
1966 4692 2070 4747 illis

501 4772 760 4827 Dominus
808 4776 1078 4830 hominem
1101 4778 1190 4846 qui
1218 4791 1636 4836 conservaturus
1684 4792 1767 4836 est
1789 4799 1899 4838 eos.
1937 4784 2070 4850 Quis

501 4862 716 4917 tandem
745 4865 948 4921 homo?
980 4882 1158 4922 annon
1189 4868 1442 4926 Christus
1469 4871 1698 4936 scilicet,
1750 4871 1803 4926 iu
1832 4873 2066 4927 humana

499 4957 664 5036 296
709 4956 882 5014 forma
937 4970 1118 5023 natus,
1155 4962 1491 5032 unigenitum
1541 4961 1632 5016 Dei
1670 4961 1926 5028 Verbum,
1981 4965 2068 5020 hic

499 5053 776 5119 servavit,
829 5067 938 5107 non
984 5051 1266 5122 Egyptios
1321 5053 1502 5117 modo,
1546 5055 1638 5108 sed
1695 5071 1860 5124 porro
1905 5055 2066 5110 etiam

499 5153 698 5198 terram
733 5145 1084 5200 universam?
1111 5145 1468 5214 Servavitque
1507 5146 1779 5214 judicans.
1827 5147 1896 5202 Et
1935 5148 2065 5217 quid

497 5246 580 5289 est
605 5237 765 5301 illud,
789 5235 1327 5305 judicans?sciiicet,.
1353 5235 1560 5303 justum
1598 5237 1649 5291 in
1678 5253 1772 5294 eos
1801 5236 2064 5307 judicium

498 5329 870 5395 pronuntians.
929 5329 1186 5383 Satanam
1247 5330 1391 5384 enim
1445 5331 1533 5397 qui
1603 5331 1707 5384 vim
1757 5332 1960 5398 intulit,
2011 5342 2066 5386 et

496 5431 618 5470 cum
653 5431 719 5470 eo
773 5419 915 5484 ipsos
967 5418 1206 5484 impuros
1263 5421 1539 5473 daemonas
1597 5420 1808 5475 calculo
1876 5433 2065 5477 sancto

495 5506 748 5575 subjecit,
779 5509 980 5565 catenis
1015 5511 1356 5566 tenebrarum
1397 5512 1449 5566 in
1481 5511 1715 5568 Tartaro
1749 5517 2059 5581 custodivit,

497 5600 821 5669 natlitlitque
866 5609 924 5654 ut
988 5603 1041 5655 in
1090 5602 1355 5672 judicium
1416 5605 1595 5674 magni
1647 5605 1750 5659 diei
1808 5608 2058 5675 puniendi

497 5703 798 5751 sem-mur.
832 5693 930 5757 Qui
975 5708 1134 5760 porro
1170 5697 1508 5764 tyrannidem
1540 5698 1933 5762 sustinuerunt,
1969 5715 2060 5756 eos

497 5783 834 5840 conservavit
869 5792 922 5839 et
954 5784 1169 5854 eripuit,
1193 5795 1246 5840 et
1272 5801 1398 5844 suos
1429 5786 1604 5844 eﬂ‘ecit
1648 5789 1878 5846 cultores
1912 5808 1927 5845 :
1967 5807 2056 5846 vc-

2170 4607 2304 4668 ἔστι,
2339 4607 2463 4668 τοὺς
2503 4603 2608 4656 ὑπὸ
2637 4605 2794 4674 χεῖρα
2816 4603 2913 4672 τὴν
2944 4601 3148 4654 ἑαυτῶν
3184 4601 3614 4672 πεποιημένους,
3652 4601 3746 4664 καὶ

2168 4698 2355 4770 ὥσπερ
2383 4699 2488 4751 τινὶ⁵
2517 4698 2815 4768 πικροτάτῃ
2843 4697 3059 4766 δουλείᾳ
3100 4695 3553 4758 καταπιέσαντας,
3589 4695 3754 4766 δῆλονσ

2167 4789 2226 4844 δὲ
2257 4791 2337 4844 ὅτι
2368 4792 2491 4853 τοὺς
2517 4790 2857 4860 ἀκαθάρτους
2887 4789 3166 4859 δαίμονας.
3211 4786 3369 4840 Ἀλλὰ
3409 4788 3611 4858 πέμψει
3646 4789 3744 4840 αὺ-

2167 4883 2276 4944 τοῖς
2304 4881 2505 4951 Κύριος
2552 4879 2835 4949 ἄνθρωπον
2887 4879 2945 4942 ὃς
2980 4877 3140 4931 σώσει
3195 4879 3408 4942 αὐτούς.
3451 4880 3559 4932 Καὶ
3596 4879 3682 4944 τίς
3722 4882 3749 4932 ὁ

2168 4972 2452 5044 ἄνθρωπος
2475 5013 2488 5037 ,
2516 4970 2547 5041 ἧ
2584 4970 2823 5040 δηλονότι
2849 4972 2877 5023 ὁ
2901 4970 3167 5040 Χριστός;
3202 4970 3346 5023 τοῦτ’
3371 4972 3537 5034 ἔστιν,
3567 4972 3625 5024 ὲν
3656 4973 3750 5025 άν-

2168 5061 2414 5134 θ-ρωπείᾳ
2444 5067 2625 5133 μορφῇ
2656 5063 2911 5134 πεφηνὼς
2946 5065 2972 5115 ὁ
3018 5062 3312 5134 μονογενὴς
3341 5063 3435 5116 τοῦ
3456 5063 3606 5116 ’Θεοῦ
3641 5064 3748 5117 Λό-

2166 5171 2279 5222 γος·
2316 5147 2470 5216 οὗτος
2496 5153 2735 5207 σέσωκεν
2772 5155 2875 5207 οὐκ
2900 5155 3226 5222 Αἰγυπτίους
3251 5155 3430 5224 μόνον,
3457 5153 3594 5208 ἀλλὰ
3637 5154 3746 5225 γὰρ

2166 5245 2260 5297 καὶ
2279 5237 2378 5315 τὴν
2403 5244 2690 5315 σύμπασαν
2719 5245 2841 5315 γῆν.
2865 5244 3076 5298 Σέσωκε
3101 5245 3158 5298 δὲ
3190 5246 3410 5314 κρίνων’
3447 5246 3537 5298 καὶ
3572 5245 3627 5298 τί
3660 5245 3743 5309 τὸ,

2165 5335 2387 5407 κρίνων,
2408 5337 2587 5404 ὲστίν;
2626 5337 2769 5390 Ἀντὶ
2794 5336 2908 5401 τοῦ,
2935 5337 3145 5390 δικαίαν
3175 5338 3263 5388 ἐπ’
3295 5339 3475 5402 αὐτοῖς
3497 5338 3595 5407 τὴν
3624 5337 3744 5406 κρί-

2168 5443 2251 5479 σιν
2288 5427 2554 5498 ἐκφέρων.
2587 5427 2689 5480 Τὸν
2713 5427 2812 5497 μὲν
2849 5427 2957 5498 γὰρ
2983 5427 3450 5496 πλεονεκτήσαντα
3471 5428 3738 5493 Σατανᾶν,

2164 5520 2257 5573 καὶ
2314 5521 2408 5572 σὺν
2477 5519 2623 5590 αὐτῷ
2674 5521 2799 5581 τοὺς
2829 5520 3169 5592 ἀκαθάρτους
3221 5520 3478 5590 δαίμονας
3535 5520 3740 5590 ψήφοις

2161 5611 2338 5674 ὁσίαις
2368 5611 2658 5674 ὑποτιθεὶς,
2692 5613 2899 5681 σειραῖς
2956 5611 3118 5680 ζόφου
3182 5611 3539 5684 ταρταρώσας
3597 5629 3732 5682 παρ-

2162 5703 2365 5755 έδωκεν
2397 5706 2474 5767 είς
2499 5705 2675 5774 κρίσιν
2717 5705 2956 5775 μεγάλης
2980 5706 3190 5776 ἡμέρας
3233 5704 3732 5774 κολασθησομένους

2164 5796 2370 5864 τηρεῖν.
2405 5795 2540 5858 Τοὺς
2569 5794 2623 5848 δέ
2653 5813 2714 5864 γε
2747 5796 2845 5866 τὴν
2884 5794 3056 5862 οὓτως
3084 5796 3355 5867 ἀφόρητον
3393 5795 3730 5859 ἀνατλάντας
