4148 6378
432 372 540 427 ωδ

1556 371 1621 428 ΙΝ
1663 373 1886 428 lSAlAM
1928 373 2056 430 ΜΒ.
2098 375 2161 430 ll.
2203 373 2444 431 TOMUS
2484 373 2572 429 IV.

3590 371 3688 427 1⁸71

436 487 765 552 πλεονεξίαν,
797 487 1004 542 σέσωκὲ
1030 507 1086 542 τε
1115 491 1208 544 καὶ
1247 489 1502 556 ἐξείλετο,
1559 493 1652 545 καὶ
1700 491 1860 553 ἰδίους
1892 494 1999 545 ἁπ-

2117 492 2277 544 -itatis
2305 491 2423 545 lucc
2461 505 2554 545 eos
2584 488 2924 555 collustrans,
2955 499 3010 544 et
3049 489 3319 546 libertatis
3361 497 3684 546 ornamento

435 585 602 652 έφηνε
639 581 1038 653 προσκυνητάς.
1064 583 1124 634 τὸ
1153 583 1253 652 τῆς
1274 581 1529 652 ἀληθείας
1547 583 1728 646 αὐτοῖς
1753 583 2010 653 ὲναστρά·

431 677 538 746 ψας
568 677 702 747 φῶςο
736 676 960 738 καὶτοῖς
985 676 1084 745 τῆς
1115 674 1426 745 ἐλευθερίας
1469 678 1746 748 αὐχήμασι
1781 677 2008 748 περιϐα-

433 768 561 822 λών.
616 767 770 820 οὕτω
808 768 903 820 καὶ
956 767 1116 830 αὑτός
1178 785 1282 821 που
1319 770 1481 839 φησὶν
1522 771 1550 822 ό
1599 770 1810 839 Σωτήρ’
1840 788 1858 820 ι
1894 768 2009 820 Νῦν

433 857 614 929 κρίσις
648 858 765 911 ἐστὶ
819 856 910 909 τοῦ
949 857 1150 927 κόσμου
1195 858 1402 912 τούτου.
1469 859 1582 912 Νῦν
1631 861 1658 912 ὁ
1691 861 1871 930 ἄρχων
1913 859 2007 911 τοῦ

435 951 638 1021 κόσμου
676 951 864 1004 τούτου
905 952 1294 1023 ἐκϐληθήσεται
1321 952 1444 1018 ἔξω.
1465 951 1634 1020 Κάγὼ
1665 952 1758 1004 ἐάν
1788 951 2004 1020 ὑῴωθῶ,

434 1043 644 1105 πάντας
673 1042 883 1095 ἑλκύσω
914 1044 1048 1114 πρὸς
1103 1044 1354 1112 ἐμαυτόν.
1389 1063 1406 1094 ι
1446 1044 1608 1114 Ὁρᾷς
1640 1044 1721 1096 ὅτι
1762 1044 2007 1097 δεδίκακε

433 1132 512 1202 τῷ
547 1132 758 1203 κόσμῳ,
783 1133 877 1186 καὶ
908 1133 999 1185 τὸν
1034 1131 1198 1186 πάλαι
1241 1133 1652 1203 τυραννήσαντα
1699 1139 1816 1185 κατ’
1843 1132 2005 1185 αὑτοῦ

434 1224 680 1276 Σατανᾶν
727 1222 1057 1293 ἐκϐέϐληκεν
1080 1265 1093 1283 ,
1128 1223 1344 1275 εἵλκυσέ
1370 1238 1429 1273 τε
1480 1221 1687 1284 πάντας
1717 1222 1853 1292 πρὸς
1879 1222 2001 1274 ἐαυ-

433 1315 546 1370 τόν.
577 1312 874 1384 Ἐγνὼκασι
896 1315 1005 1383 γάρ
1033 1315 1192 1367 αὑτὸν
1223 1315 1317 1368 καὶ
1348 1313 1653 1382 Αἰγύπτιοι.
1685 1315 1794 1367 Καὶ
1815 1313 1878 1384 δὴ
1915 1314 2006 1366 καὶ

434 1404 807 1474 ἐπεγνωκότες
835 1403 1048 1457 ποιοῦσι
1083 1403 1293 1468 θυσίας,
1327 1402 1574 1473 εὔχονται
1610 1403 1666 1456 δὲ
1696 1405 1788 1456 καὶ
1817 1403 2004 1474 εὐχὰς,

435 1496 529 1548 καὶ
567 1497 645 1558 εἰς
671 1495 845 1565 πέρας
870 1493 1061 1562 ἄγουσι
1112 1494 1183 1547 τά
1236 1493 1636 1565 ἐπηγγελμένα.
1680 1493 1848 1546 Τοῦτο
1899 1494 2004 1566 γάρ

436 1585 552 1636 ἔστι
578 1585 640 1637 1:0
666 1584 754 1638 διὰ
796 1585 978 1654 φωνῆς
1013 1583 1107 1636 τοῦ
1133 1582 1295 1636 Δαὸὶδ
1328 1582 1750 1653 μελῳδούμενον·
1786 1602 1803 1633 ι
1830 1582 2003 1650 Εῦξα-

436 1676 527 1729 σθε
557 1677 649 1730 καὶ
669 1676 912 1730 ἀποδῶτε
941 1676 1018 1746 τῷ
1045 1675 1234 1746 Κυρίῳ
1253 1674 1370 1746 Θεῷ
1393 1675 1571 1745 ἡμῶν.
1600 1694 1617 1724 ι
1655 1675 1797 1746 Ὅρα
1826 1675 2004 1728 τοίνυν

435 1768 728 1836 καινότητα
756 1768 1114 1839 πραγμάτων.
1150 1767 1214 1821 Οἱ
1246 1766 1354 1838 γὰρ
1387 1766 1552 1820 πάλαι
1572 1769 1683 1830 τοῖς
1709 1766 2003 1836 δαιμονίοις

435 1855 727 1909 καταθύειν
760 1855 1030 1922 εἰωθότες,
1063 1858 1111 1909 οί
1163 1856 1238 1926 τῷ
1284 1857 1493 1926 Σατανᾷ
1544 1857 2003 1927 προσκομίζοντες
2039 1834 2078 1888 Β

433 1947 529 2010 τὰς
557 1947 810 2017 λατρείας
840 1949 934 2001 καὶ
973 1947 1316 2010 ἀνατιθέντες
1367 1949 1719 2018 χαριστήρια,
1769 1950 1861 2001 καὶ
1896 1949 2003 2020 μὴν

434 2039 527 2093 καὶ
554 2039 739 2110 εὐχὰς,
762 2041 927 2110 ήγουν
950 2041 1273 2111 ὑποσχέσεις
1321 2039 1764 2112 ἀποπληροῦντες
1808 2043 2004 2094 ἐσπου-

431 2135 731 2204 δασμένως·
767 2135 1172 2204 πεφωτισμένοι
1213 2134 1304 2188 τὸν
1327 2133 1450 2188 νοῦν
1496 2134 1582 2188 διὰ
1626 2135 1881 2206 Χριστοῦ,
1910 2137 2003 2188 καὶ

432 2228 541 2287 τοῖς
568 2224 666 2294 τῆς
692 2224 950 2295 ἀληθείας
994 2226 1258 2296 δόγμασιν
1305 2224 1867 2296 ἐκλελαμπρυσμένοι,
1910 2226 2009 2294 τῆς

435 2316 535 2386 μὲν
560 2317 791 2388 ἀρχαίας
821 2317 1256 2389 ἀποδραμοῦνται
1300 2319 1528 2390 πλάνης,
1561 2319 1928 2386 ἐπεγνωκότες
1951 2319 2007 2371 δὲ

433 2409 578 2475 ἅπαξ
603 2410 691 2462 τὸν
738 2410 847 2463 τῶν
890 2411 1026 2465 ὅλων
1052 2412 1430 2484 γενεσιουργὺν
1489 2413 1583 2466 καὶ
1610 2413 1832 2484 Κύριον,
1861 2411 2009 2484 αὐτῷ

431 2497 530 2570 τὴν
551 2502 609 2552 ἐν
635 2501 903 2570 πνεύματι
930 2501 1356 2572 προσκομίζουσι
1377 2502 1652 2574 λατρείαν,
1698 2503 2008 2572 πανάγνους

2113 587 2393 644 amiciens.
2437 584 2509 638 Ita
2567 585 2731 639 etiam
2770 585 2883 654 ipse
2932 584 3062 637 dicit
3121 581 3320 638 alicubi
3379 580 3680 636 Servatur:

2117 696 2136 729 ι
2176 677 2329 732 Nunc
2355 676 2620 748 judicium
2659 686 2743 731 est
2785 675 2943 744 hujns
2978 675 3162 730 mundi
3207 693 3220 730 :
3260 689 3402 727 nunc
3435 672 3685 741 princeps

2112 770 2295 823 mundi
2362 768 2519 837 huius
2574 768 2818 838 ejicietur
2863 767 3031 823 foras.
3081 764 3149 821 Et
3197 779 3298 836 ego
3338 763 3381 818 si
3413 760 3691 817 exaltatus

2113 859 2265 913 fuero
2301 861 2367 914 de
2398 870 2561 924 terra,
2617 875 2806 914 omnes
2856 860 3066 912 traham
3128 858 3195 910 ad
3250 856 3513 924 meipsnin
3553 851 3613 906 “.
3657 870 3682 904 ι

2111 950 2300 1005 Vitlcn’
2334 951 2506 1014 illiilli,
2543 952 2799 1005 mundum
2831 948 3146 1019 iudicasse?
3178 957 3232 1002 et
3266 946 3522 1001 Satanam
3553 943 3680 997 olitn

2109 1051 2293 1096 contra
2335 1042 2507 1113 ipsum
2559 1042 2895 1114 tyrannidem
2940 1050 3280 1096 exercentem
3314 1034 3578 1108 eiecisse?
3616 1035 3682 1089 ad

2111 1146 2171 1186 se
2203 1147 2392 1186 omnes
2422 1133 2697 1188 traxisse?
2732 1131 3005 1186 Noverunt
3047 1131 3244 1186 etenim
3278 1130 3450 1198 ipsum
3511 1124 3682 1197 Egy-

2110 1221 2227 1289 ptii.
2282 1222 2344 1276 Et
2382 1222 2467 1276 ubi
2492 1233 2847 1291 agnoverunt,
2881 1223 3084 1277 faciunt
3113 1222 3377 1278 sacriﬁcia
3402 1260 3418 1286 ,
3448 1229 3681 1274 vovent-

2107 1325 2210 1379 que
2234 1320 2376 1375 vota,
2429 1321 2482 1364 ct
2513 1327 2632 1380 qua:
2661 1321 2785 1365 sunt
2815 1312 3076 1381 promissa
3110 1323 3498 1380 exsequuntur.
3537 1307 3684 1363 Istud

2108 1401 2251 1455 enim
2305 1411 2386 1456 est
2426 1417 2558 1456 voce
2611 1403 2831 1457 Davidis
2887 1404 3230 1457 decantatum
3264 1419 3278 1455 :
3318 1419 3336 1452 ι
3375 1398 3573 1455 Vovete
3629 1405 3686 1451 et

2110 1493 2314 1546 reddite
2348 1493 2573 1548 Domino
2611 1494 2718 1550 Deo
2751 1505 2937 1548 nostro
2961 1494 3024 1550 “.
3058 1514 3076 1546 ι
3108 1493 3322 1548 Intuere
3371 1492 3552 1558 itaque
3585 1502 3682 1541 uo-

2108 1583 2325 1639 vitatem
2367 1599 2566 1640 rerum.
2604 1585 2703 1652 Qui
2740 1590 2940 1642 etenim
2973 1587 3243 1656 quondam
3289 1581 3566 1638 daemoniis
3597 1594 3658 1634 sa

2107 1676 2354 1732 criticare
2407 1689 2828 1743 consueverunt,
2875 1679 2964 1749 qni
3001 1678 3260 1732 Satanam
3302 1675 3448 1730 cultu
3499 1687 3687 1742 prose-

2107 1767 2213 1820 cuti
2239 1779 2383 1834 sunt,
2406 1779 2557 1839 grata
2581 1781 2964 1826 consecrarunt
3007 1770 3270 1834 carmina,
3303 1777 3359 1822 et
3389 1777 3512 1820 vota
3549 1778 3688 1833 quo—

2108 1874 2212 1927 que
2249 1861 2680 1931 adimpleverunt
2729 1861 2972 1916 studiose
3000 1879 3014 1914 :
3046 1858 3326 1914 illuminati
3384 1863 3562 1910 mente
3593 1867 3690 1922 per

2109 1951 2406 2018 Christum,
2446 1963 2498 2007 et
2524 1953 2769 2008 veritatis
2807 1951 3149 2020 dogmatibus
3188 1947 3460 2008 illustrati,
3494 1945 3560 2000 ab
3585 1960 3687 1997 an-

2112 2045 2258 2112 tiquo
2282 2059 2469 2100 errore
2506 2045 2838 2115 refugerunt,
2883 2053 2935 2098 et
2972 2049 3329 2114 agnoscentes
3371 2035 3542 2092 semel
3568 2034 3688 2088 titti-

2111 2138 2384 2192 versitatis
2407 2149 2807 2206 procreatorcm
2855 2147 2909 2191 et
2953 2136 3263 2198 Domimnn,
3305 2131 3405 2201 ipsi
3467 2129 3520 2182 in
3574 2126 3688 2196 spi-

2115 2207 2226 2282 rit'u
2276 2230 2478 2283 cultum
2536 2228 2790 2292 offerunt,
2818 2228 3102 2295 purissima
3133 2235 3257 2278 vota
3312 2219 3602 2290 implendo,
3633 2225 3689 2272 et

2113 2321 2376 2376 sacrificia
2411 2321 2708 2386 offerendo,
2735 2336 2841 2375 non
2882 2319 2992 2389 jam
3043 2334 3140 2386 per
3185 2328 3434 2370 cruorem
3471 2321 3526 2365 et
3556 2312 3683 2362 bru-

2115 2421 2289 2466 torum
2355 2412 2579 2476 cardem,
2628 2411 2744 2476 sed,
2817 2411 2890 2464 uti
2946 2410 3213 2471 dicebam,
3264 2400 3585 2473 spiritualia,
3633 2407 3689 2453 et

2105 2517 2327 2574 prepter
2349 2504 2749 2559 imtnaculatam
2767 2504 3051 2571 puritatem
3081 2506 3323 2566 accepta.

432 2595 762 2666 πληρουνεεε
791 2598 976 2668 εὐχὰς,
1011 2601 1104 2653 καὶ
1164 2599 1350 2663 θυσίας
1389 2601 1770 2670 ἀναφέροντες,
1813 2599 1874 2652 ού
1938 2601 2036 2663 τὰς
2074 2600 2140 2654 δι’
2169 2603 2417 2672 αἱμάτων
2460 2601 2539 2654 ἔτι
2577 2601 2670 2654 καὶ
2737 2599 2838 2670 τῆς
2865 2597 2974 2650 τῶν
3017 2594 3224 2662 ἀλόγων
3261 2589 3494 2659 σφαγῆς
3525 2602 3688 2639 πνευ-

435 2688 668 2758 ματικὰς
686 2689 742 2740 δὲ
778 2690 996 2759 μᾶλλον,
1025 2689 1101 2754 ὼς
1123 2689 1278 2761 ἔφην,
1315 2691 1407 2744 καὶ
1438 2690 1864 2762 εὐπροσδέκτους
1907 2690 1994 2743 διὰ
2024 2691 2085 2743 τὸ
2106 2691 2334 2763 ἄμωμον
2357 2726 2378 2740 .

501 2783 611 2836 Καὶ
664 2782 911 2847 πατάξει
955 2785 1168 2851 Κύριος
1213 2784 1356 2850 τσὺς
1409 2786 1772 2854 Αἰγυπτίους
1808 2783 2013 2852 πληγῇ

427 2871 684 2942 μεγάλῃ.
711 2873 805 2926 καί
829 2873 1057 2927 ἰάσεται
1080 2873 1300 2940 αὐτοὺς
1329 2875 1500 2927 ίιίσει·
1525 2874 1626 2928 καί
1658 2875 2018 2944 ἐπιστραρή-

433 2969 645 3020 variat
674 2965 824 3035 πρὸς
851 2968 1089 3034 Κύριον,
1107 2966 1204 3021 καί
1230 2968 1651 3022 εἰσακούσεται
1679 2967 1894 3030 αὐτῶν,
1919 2969 2014 3022 καὶ

436 3057 666 3111 ίάσετιιι
699 3059 942 3122 αὐτούς.

2185 2786 2346 2840 Vens.
2396 2785 2488 2839 22.
2539 2781 2606 2836 Et
2644 2783 2900 2853 percutiet
2944 2779 3200 2834 Dominus
3223 2773 3502 2845 [Egyptios
3535 2769 3692 2841 plaga

2113 2892 2324 2945 magna,
2370 2887 2418 2930 et
2459 2875 2663 2930 sanabit
2707 2891 2792 2927 eos
2843 2871 3138 2927 sanatione.
3200 2866 3274 2920 Et
3325 2875 3694 2920 convertentur

2115 2969 2182 3020 ad
2208 2967 2512 3032 Dominum,
2546 2977 2592 3021 et
2624 2966 2865 3020 exaudiet
2890 2980 2998 3029 eos,
3028 2974 3074 3015 et
3107 2959 3336 3014 sanabit.

507 3150 675 3202 Ὅταν
726 3151 1129 3219 ὲπισκέπτηται
1178 3148 1329 3214 Θεὸς,
1374 3149 1600 3221 πλήττει
1657 3149 1756 3220 μὲν
1786 3148 1896 3201 ἔσθ’
1925 3151 2014 3203 ὅτε

2188 3155 2412 3222 Quando
2444 3150 2625 3204 visitat
2678 3148 2840 3212 Deus,
2891 3143 3124 3214 percutit
3167 3140 3382 3210 quidem
3409 3136 3696 3207 designan-

434 3241 560 3302 τοὺς
590 3241 821 3303 ἀνοσίως
852 3243 1218 3312 πεπραχότας,
1253 3243 1349 3294 καὶ
1382 3241 1479 3304 τάς
1518 3241 1658 3312 ὑπὲρ
1692 3235 1766 3294 ὧν
1799 3243 1878 3303 είς
1920 3243 2017 3294 αὐ-

432 3331 523 3384 τὸν
569 3332 1004 3403 πεπαρῳνήκασι
1074 3331 1375 3402 πράττεται
1469 3333 1645 3394 δίκας,
1702 3332 1908 3400 ὀνίνησι
1960 3331 2016 3384 δὲ

436 3424 640 3496 σφόδρα
674 3424 817 3478 κατὰ
857 3424 1046 3477 τοῦτον
1092 3424 1183 3476 τὸν
1212 3424 1435 3495 τρόπον.
1471 3424 1544 3478 Οὐ
1575 3423 1683 3493 γὰρ
1709 3421 2019 3494 ἡττώμενος

434 3519 686 3588 ἐπιφέρει
719 3517 816 3589 τὴν
871 3517 1129 3588 μάστιγα,
1163 3517 1468 3586 μετατιθεὶς
1511 3517 1566 3570 δὲ
1607 3516 1808 3587 μᾶλλον
1844 3517 1934 3568 ἐπὶ
1959 3516 2018 3568 τὸ

435 3611 678 3681 ἄμεινον.
700 3612 771 3664 Ἢ
799 3611 907 3682 γὰρ
933 3613 998 3664 ἐκ
1025 3611 1230 3680 πλάνης
1274 3609 1592 3680 μεθίστησιν
1623 3611 1701 3672 εἰς
1735 3609 2015 3679 ἀλήθειαν,

434 3701 468 3771 ἤ
507 3703 600 3756 καλ¹
634 3702 951 3766 ἀκαθέκτως
976 3701 1366 3764 ἀποκλίνοντας
1390 3703 1468 3763 είς
1495 3701 1552 3752 τὸ
1576 3700 1918 3770 πλημμελεῖν
1951 3699 2019 3752 τὰ

435 3793 627 3862 αἰσχίω
696 3792 936 3846 διδάσκει
1008 3791 1479 3862 μεταμανθάνειν,
1535 3791 1630 3843 καὶ
1688 3791 2018 3861 μεταφοιτᾷν

435 3885 748 3954 ἐπείγεσθαι
799 3884 934 3954 πρὸς
978 3883 1036 3936 τὸ
1094 3883 1329 3953 ἀρεσκον
1385 3880 1552 3949 αὐτῷ.
1586 3881 1874 3952 Τοιγάρτοι
1925 3881 2020 3934 καὶ

435 3978 756 4049 ὀνησιφόρον
785 3977 984 4038 εἰδότες
1009 3973 1069 4027 τὸ
1098 3973 1287 4046 χρῆμα
1312 4014 1326 4036 ,
1359 3973 1420 4026 1:0
1464 3971 1811 4026 παιδεύεσθαι
1852 3972 2016 4042 φημὶ,

436 4071 742 4141 κεκράγασι
775 4068 908 4140 πρὸς
937 4067 1097 4121 αὑτὸν
1129 4067 1176 4118 οἱ
1205 4065 1462 4136 μακάριοι
1509 4063 1805 4134 προφῆται·
1845 4083 1861 4113 ι
1887 4063 2020 4115 Παί-

434 4163 808 4232 δευσονήμᾶς,
829 4160 1022 4231 Κύριε,
1042 4158 1177 4230 πλὴν
1201 4161 1258 4212 ἐν
1287 4157 1484 4229 κρίσει,
1501 4157 1594 4209 καὶ
1622 4155 1697 4226 μὴ
1722 4156 1779 4206 ἐν
1804 4153 2011 4225 θυμῷ.»

441 4257 548 4310 Καὶ
599 4255 797 4310 πάλιν·
843 4274 861 4306 ι
899 4253 1092 4324 Κύριε,
1137 4255 1194 4306 ὲν
1225 4251 1402 4321 θλίψει
1439 4248 1789 4321 ὲμνήσθημέν
1821 4265 1938 4309 σου,
1962 4249 2018 4301 ὲν

438 4349 613 4418 θλίψει
641 4349 814 4419 μικρᾷ
841 4349 875 4418 ή
898 4346 1116 4400 παιδεία
1151 4362 1243 4398 σου
1279 4347 1430 4416 ήμῖν.
1454 4363 1470 4394 ι
1514 4343 1658 4411 Ἔφη
1690 4341 1746 4394 δέ
1771 4359 1873 4395 που
1927 4341 2021 4394 κού¹

2120 3257 2199 3300 tes
2234 3242 2418 3313 impia,
2451 3249 2506 3295 et
2537 3239 2679 3308 quod
2730 3237 2782 3289 in
2823 3250 2944 3289 eum
2972 3231 3289 3287 dehacchaii
3319 3236 3464 3294 sunt,
3506 3241 3694 3296 pinnas

2118 3338 2307 3407 exigit,
2353 3335 2450 3388 sed
2499 3332 2598 3386 hac
2651 3328 2841 3382 eadem
2882 3325 3092 3379 ratione
3141 3324 3316 3392 juvat.
3371 3320 3484 3374 Non
3541 3319 3686 3372 enim

2120 3430 2197 3483 ira
2261 3428 2434 3479 victus
2505 3420 2668 3474 infert
2749 3415 3040 3486 ﬂagellum,
3100 3414 3193 3469 sed
3251 3413 3304 3466 in
3363 3411 3553 3466 melius
3605 3425 3698 3479 po-

2119 3523 2223 3575 tius
2277 3515 2564 3573 convertit.
2633 3511 2729 3567 Vel
2789 3509 2932 3564 enim
2990 3508 3058 3562 ab
3111 3520 3298 3561 errore
3354 3502 3589 3558 traducit
3627 3501 3694 3554 ad

2121 3610 2433 3669 veritatem,
2483 3602 2648 3673 297
2700 3599 2783 3652 vel
2834 3599 3020 3652 etiam-
3058 3596 3454 3651 incontinenter
3523 3591 3691 3646 decli-

2121 3708 2308 3754 nantes
2336 3697 2401 3750 ad
2425 3694 2653 3762 turpiter
2689 3687 3132 3759 delinquendum,
3165 3687 3322 3740 docet
3351 3683 3697 3753 resipiscere,

2119 3803 2174 3846 et
2196 3790 2443 3846 celeriter
2464 3788 2530 3840 ad
2557 3787 2606 3839 id
2637 3784 2778 3854 quod
2827 3782 2929 3848 ipsi
2966 3781 3137 3834 visum
3171 3789 3254 3834 est
3281 3793 3400 3834 sese
3429 3776 3694 3846 recipere.

2119 3881 2286 3952 Igitur
2307 3897 2426 3935 cum
2458 3876 2661 3932 scirent
2698 3873 2840 3927 beati
2885 3869 3158 3941 propheta
3185 3883 3293 3922 rem
3325 3866 3510 3920 utilem
3551 3880 3698 3928 esse,

2121 3970 2397 4040 castigari,
2431 3969 2670 4035 inquam,
2705 3963 3009 4018 clamarqu
3037 3959 3103 4014 ad
3158 3959 3331 4027 ipsum
3362 3974 3376 4010 :
3411 3974 3430 4007 ι
3475 3953 3696 4024 Castiga

2122 4080 2240 4129 nos,
2275 4061 2521 4124 Domine,
2544 4071 2726 4112 verum
2765 4056 2816 4108 in
2847 4052 3066 4121 judicio,
3112 4067 3216 4104 non
3270 4050 3324 4103 in
3373 4047 3554 4102 l'urore
3573 4046 3638 4096 “.
3673 4065 3692 4094 ι

2120 4158 2187 4212 Ει
2207 4173 2266 4210 ru
2277 4170 2418 4210 rsum
2441 4169 2454 4207 :
2481 4171 2499 4204 ι
2526 4151 2766 4214 Domine,
2785 4148 2836 4201 in
2850 4144 3136 4201 aﬂlictione
3153 4141 3503 4197 meminimus
3524 4139 3623 4204 ttti,
3641 4139 3699 4194 in

2122 4248 2413 4304 aiﬂictioue
2457 4245 2650 4313 exigua
2682 4240 2961 4309 castigatio
2993 4247 3079 4292 tua
3108 4236 3282 4290 nobis.
3313 4254 3332 4286 ι
3361 4233 3507 4287 Dixit
3532 4233 3695 4287 etiam

2124 4343 2419 4415 Synagogze
2446 4336 2754 4392 Judieorum
2781 4351 2794 4387 :
2823 4330 2880 4385 In
2914 4329 3100 4385 dolore
3119 4337 3178 4411 et
3212 4327 3435 4381 verbere
3466 4325 3700 4394 castiga-

440 4439 575 4510 πρὸς
604 4439 700 4509 τὴν
741 4437 850 4490 τῶν
889 4435 1157 4490 Ἰουδαίων
1203 4437 1553 4506 συναγωγήν·
1586 4433 1741 4503 Πόνῳ
1770 4433 1866 4486 καὶ
1917 4432 2014 4504 μά-

2125 4405 2626 4494 beris:.|erusaletti.
2641 4424 2880 4491 Castigat
2897 4423 3077 4489 itaque
3100 4405 3234 4486 quos
3246 4417 3395 4485 eligit
3412 4415 3704 4492 etamat”.

2129 4525 2169 4530 --
2315 4523 2326 4530 -
2447 4519 2459 4530 -
2568 4519 2597 4530 ..
2802 4510 3047 4530 ωαψς.-
3075 4523 3282 4530 ,,,,,,,,
3307 4507 3375 4530 Α,
3404 4507 3660 4530 __-_._,.,
3683 4522 3698 4530 _

442 4545 584 4592 στιγι
618 4527 979 4597 παιδευθήσῃ,
1016 4524 1391 4596 Ἰερουσαλήμ.
1420 4521 1672 4575 Παιδεύει
1719 4522 1898 4576 τοίνυν
1929 4520 2022 4586 οὒς

441 4623 506 4674 ἂν
530 4620 702 4674 ἕλοιτο
737 4620 830 4673 καὶ
867 4619 1074 4689 ἀγαπᾷ.
1112 4618 1282 4670 Τοῦτο
1316 4615 1624 4686 χαριεῖσθαι
1658 4615 1752 4667 καὶ
1788 4617 1901 4677 τοῖς
1929 4615 2023 4667 Ai-

440 4711 688 4781 γυπτίοις
726 4712 754 4764 ό
809 4711 1093 4781 προφήτης
1136 4709 1290 4778 φησί’
1334 4705 1570 4772 Πατάξει
1602 4706 1712 4776 γὰρ
1767 4707 1960 4768 αὐτοὺς
1993 4703 2022 4756 ὁ

441 4803 645 4874 Κύριος
675 4801 856 4874 πληγῇ
892 4801 1126 4872 μεγάλη,
1157 4799 1249 4852 καὶ
1283 4799 1494 4853 ἰάσεται
1531 4798 1729 4861 αὐτοὺς
1752 4799 1913 4850 ἰάσει.
1958 4798 2021 4850 Ei

441 4895 548 4965 γὰρ
573 4895 665 4948 καὶ
692 4893 927 4946 δέδονται
973 4892 1135 4963 τυχὸν
1164 4893 1276 4954 τοῖς
1315 4889 1602 4960 Ῥωμαίων
1653 4891 1978 4960 στρατηγοῖς
2003 4929 2018 4953 ,

441 4988 533 5040 καὶ
577 4986 666 5038 τὸν
701 4985 939 5055 πολέμου
989 4985 1156 5055 νόμον
1216 4982 1610 5052 ἐξωπλισμένοι
1644 4983 2021 5053 κεκρατήκασι

440 5079 538 5150 τῆς
564 5078 688 5149 γῆς
713 5081 760 5132 οί
788 5079 878 5131 ὑπ’
902 5079 1098 5141 αὐτοὺς
1112 5073 1554 5148 δορυφόροι,ἀλλ’
1571 5070 1662 5128 οὗν
1674 5074 1839 5128 τόπον
1863 5075 2023 5145 ἐσχη-

441 5170 598 5232 κότες
630 5170 756 5235 παρ’
787 5169 966 5230 αὐτοῖς
1004 5167 1096 5220 τοῦ
1126 5166 1269 5220 θείου
1297 5164 1673 5236 κηρύγματος,
1703 5166 1799 5236 τὴν
1826 5165 1924 5236 μὲν
1959 5165 2023 5216 ἐκ

439 5262 534 5316 τοῦ
558 5260 934 5330 πεπλανῆσθαι
976 5258 1181 5330 ζημίαν
1223 5257 1681 5329 ἀπεφορτίσαερτσ,
1710 5273 2023 5327 μετακεγω-

446 5357 642 5428 ρήκασι
665 5353 723 5405 δὲ
747 5353 884 5423 πρὸς
907 5351 966 5404 τὸ
991 5349 1132 5404 θεῖόν
1155 5367 1213 5404 τε
1250 5351 1340 5403 καὶ
1373 5349 1622 5420 οὐράνιον
1649 5349 1784 5417 φῶς,
1809 5350 1902 5402 καὶ
1922 5365 2018 5418 την

443 5445 674 5517 ἀρχαίαν
699 5445 913 5514 ἐκείνην
934 5443 1402 5514 ἀποκρουσάμενοι
1432 5443 1588 5509 δόξαν
1607 5484 1621 5507 ,
1660 5441 1788 5510 ὑγιᾶ
1833 5441 2020 5494 λοιπὸν

444 5539 711 5609 ἐσχήκασι
743 5539 842 5610 τὴν
872 5536 1121 5608 καρδίαν.
1165 5537 1694 5608 Ἑπιστραφήσονται
1729 5534 1837 5605 γὰρ
1885 5533 2019 5604 πρὸς

444 5634 669 5702 Κύριον,
706 5633 800 5686 καὶ
827 5631 1201 5686 είσακούσεται
1231 5628 1432 5692 αὐτῶν,
1469 5627 1612 5682 τοῦτ’
1638 5627 1804 5692 ἔστιν,
1837 5626 1884 5678 οί
1913 5625 2019 5678 πά-

520 5812 564 5841 “
591 5808 748 5864 Joan.
783 5827 879 5874 xu,
913 5809 1001 5872 3|,
1034 5809 1120 5864 52.
1200 5808 1241 5839 “
1274 5807 1413 5862 Psal.
1454 5821 1597 5871 XLIV,
1631 5805 1714 5859 ll.

1792 5805 1836 5834 “
1869 5802 2042 5858 Jerem
2102 5816 2151 5865 ιι,
2189 5798 2278 5854 25.

2127 4525 2237 4578 Hoc
2257 4523 2421 4577 etiam
2447 4519 2764 4588 largiturum
2781 4510 3050 4582 Egyptiis
3070 4523 3284 4578 quoque
3305 4507 3380 4560 ait
3404 4507 3698 4576 propheta:

2125 4635 2143 4668 ι
2177 4613 2449 4669 Percutiet
2468 4610 2612 4664 enim
2634 4621 2728 4660 eos
2753 4603 3010 4657 Dominus
3037 4601 3188 4670 plaga
3218 4614 3433 4668 magna,
3461 4607 3514 4649 et
3538 4611 3699 4651 sana-

2118 4707 2196 4762 hit
2219 4719 2313 4760 eos
2342 4701 2643 4757 sanatione.
2671 4716 2689 4746 ι
2717 4693 2826 4750 Etsi
2852 4692 2995 4747 enim
3034 4690 3216 4744 traditi
3247 4697 3395 4751 sunt,
3423 4695 3548 4757 puta
3588 4685 3697 4737 llo-

2120 4798 2293 4854 tnanis
2330 4793 2576 4854 ducibus,
2605 4787 2799 4856 etjure
2831 4784 2951 4840 belli
2981 4782 3172 4836 armati
3204 4795 3393 4835 eorum
3437 4777 3706 4832 satellites

2122 4903 2319 4947 terram
2345 4887 2674 4957 subegerunt
2703 4899 2714 4934 :
2742 4890 2980 4933 attamen
3001 4877 3179 4930 divina
3206 4873 3594 4941 praedicatione
3621 4869 3702 4923 Io—

2119 4999 2241 5041 cum
2272 4980 2410 5051 apud
2436 4993 2528 5033 eos
2551 4976 2802 5034 habente,
2832 4971 2933 5024 hoc
2953 4967 3158 5022 erroris
3185 4966 3264 5020 sui
3300 4966 3497 5018 damno
3532 4962 3693 5017 levati

2120 5085 2280 5141 sunt,
2342 5081 2396 5126 ct
2459 5070 2524 5123 ad
2572 5067 2809 5121 divinam
2862 5077 2924 5116 ac
2965 5059 3238 5116 caelestem
3287 5057 3458 5110 lucem
3520 5063 3701 5108 trans-

2125 5171 2329 5228 ierunt,
2391 5171 2447 5218 et
2506 5162 2800 5214 inveterata
2855 5156 2944 5210 illa
2987 5155 3239 5224 Opinione
3283 5147 3524 5220 depulsa,
3568 5161 3707 5202 sano

2123 5263 2376 5328 deinceps
2440 5256 2604 5310 corde
2659 5249 2898 5304 fuerunt.
2956 5247 3356 5301 Convertentur
3436 5239 3581 5294 enim
3632 5241 3700 5293 ad

2124 5352 2432 5411 Dominum,
2481 5356 2535 5399 et
2559 5342 2810 5399 exaudiet
2834 5354 2951 5403 eos,
2978 5338 3029 5391 ld
3058 5347 3161 5398 est,
3196 5336 3285 5405 qui
3322 5333 3450 5388 olim
3480 5339 3704 5401 propter

2129 5441 2351 5495 multam
2383 5437 2715 5505 impietatem
2760 5446 2789 5484 a
2842 5428 2952 5482 Deo
2974 5427 3258 5496 proscripti
3285 5433 3465 5487 erant,
3497 5422 3564 5474 de
3592 5436 3698 5476 cte-

2130 5544 2246 5587 tcro
2292 5532 2500 5584 discent
2555 5541 2658 5579 non
2719 5523 2832 5590 jam
2879 5520 3037 5575 idolis
3072 5516 3449 5573 abominandis
3481 5529 3578 5582 pro
3608 5513 3694 5567 his

2130 5639 2248 5692 qua:
2287 5621 2398 5675 licri
2461 5617 2679 5678 vellent,
2729 5614 3149 5685 supplicationes
3200 5611 3428 5673 olTerre,
3467 5609 3562 5664 sed
3622 5605 3702 5664 ω

2358 5796 2401 5827 ⁸⁸
2434 5796 2590 5850 Prov.
2630 5806 2706 5855 iit,
2742 5788 2824 5843 l2.
