4148 6378
464 395 571 451 475
1449 409 1508 466 8.
1548 410 1820 467 ογιιιιω
1861 411 2335 469 ALEXANDRINI
2374 411 2700 469 ARCHIEP.
3624 419 3729 475 £76

466 517 640 585 ipsum
684 516 1017 587 clamabunt,
1081 523 1169 590 qui
1216 538 1310 578 cor
1362 537 1516 582 sanat
1549 529 1865 584 contritum.
1924 530 2033 584 Erit

2146 532 2233 584 λαι
2265 532 2351 586 διὰ
2382 532 2582 602 πολλῆν
2627 530 2884 585 ἀσέϐειαν
2924 532 2981 583 ἐν
3012 531 3327 604 ἀποστροφῇ
3357 534 3637 603 γεγονότες
3664 540 3728 607 τῇ

466 619 641 664 autent
675 627 779 664 non
819 613 1003 668 tardus
1040 613 1199 680 Deus,
1234 618 1329 671 sed
1381 621 1557 685 potius
1584 623 1649 673 ad
1682 626 2033 678 annuendum

2147 626 2298 695 παρὰ
2326 624 2464 695 Θεῷ,
2495 625 2828 695 μαθήσονται
2853 623 3037 677 λοιπὸν
3061 624 3243 677 ούκέτι
3262 628 3370 689 τοῖς
3402 627 3732 700 βδελύγμασι

464 702 570 755 illis
609 713 852 770 paratus,
904 706 1170 773 propitius
1221 717 1276 761 et
1322 709 1621 778 placabilis.
1651 714 1826 768 Causa
1878 717 2033 787 igitur

2148 717 2445 786 προσάγειν
2473 717 2571 781 τὰς
2608 717 2835 780 ἱκεσίας,
2862 718 2959 780 τὰς
2990 717 3129 786 ὑπὲρ
3151 711 3225 772 ὧν
3245 718 3308 772 ἂν
3326 719 3530 775 ἕλοιντο
3561 724 3730 776 ποιεῖ-

462 792 701 847 ciiiciens
727 805 782 848 et
819 796 1120 853 concilians
1145 801 1326 854 omnia
1366 801 1505 856 bona
1524 805 1670 858 omni
1701 806 1900 861 homini
1935 818 2033 874 est,

2149 808 2273 861 σθαι
2322 810 2504 880 τυχὸν,
2567 810 2705 881 πρὸς
2743 808 2904 863 αὑτὸν
2930 809 2986 862 δέ
3010 809 3209 880 μᾶλλον
3258 811 3612 883 κεκράξονται
3639 814 3730 867 τὸν

466 894 660 937 natura
698 899 763 939 ac
815 900 942 941 vere
1001 887 1163 943 Deum
1214 890 1581 947 universitatis
1640 894 1952 953 Creatorem
1985 910 2033 954 el

2152 901 2377 972 ἰώμενον
2405 903 2532 966 τοὺς
2573 900 3067 973 συντετριμμένους
3116 903 3215 975 τὴν
3258 904 3503 976 καρδίαν.
3538 907 3728 960 Ἔσται

467 973 749 1029 Dominum
781 993 1093 1047 agnoscere.

2147 992 2205 1045 δὲ
2234 994 2420 1057 αὐτοῖς
2468 992 2529 1045 οὐ
2578 992 2796 1064 βραδὺς,
2857 994 3072 1064 ἕτοιμος
3116 973 3406 1066 δὲμᾶλλον
3430 998 3510 1060 εἰς
3536 997 3595 1050 τὸ
3629 1015 3728 1051 κα-

462 1069 719 1126 τανεῦσαι
747 1072 897 1141 Θεὸς,
927 1075 1086 1142 ἵλεώς
1123 1096 1183 1133 τε
1214 1082 1307 1134 καὶ
1341 1084 1597 1157 εὐμενής.
1630 1087 1895 1158 Πρόξενον
1937 1082 2030 1141 οὗν
2070 1089 2180 1159 ἄρα
2241 1089 2443 1154 παντὸς
2486 1089 2708 1159 ,ἀγαθοῦ
2779 1088 2977 1158 γένοιτ’
3006 1090 3073 1143 ἂν
3126 1088 3397 1163 ἀνθρώπῳ
3455 1093 3636 1149 παντὶ.
3668 1091 3729 1145 τὸ

461 1167 659 1221 εἰδέναι
682 1168 774 1223 τὸν
809 1170 967 1240 φύσει
997 1190 1058 1227 τε
1118 1177 1211 1228 καὶ
1239 1178 1457 1250 ἀληθῶς
1480 1181 1611 1235 ὄντα
1646 1182 1799 1244 Θεὸν,
1844 1184 1935 1237 καὶ
1962 1183 2051 1237 τὸν
2084 1183 2191 1237 τῶν
2216 1184 2354 1238 ὅλων
2388 1185 2775 1256 Γενεσιουργδν
2806 1186 2899 1239 καὶ
2937 1185 3161 1255 Κύριον.

534 1261 696 1320 Vens.
747 1266 837 1321 25.
872 1268 966 1322 Die
996 1271 1088 1323 illa
1106 1274 1204 1325 erit
1238 1275 1319 1327 via
1357 1274 1627 1346 /Egyptiis
1672 1280 1739 1332 ad
1772 1280 2041 1349 Assyrios,

463 1363 510 1405 et
532 1355 800 1411 intrabunt
826 1360 1027 1430 Assyrii
1078 1366 1129 1415 in
1155 1362 1465 1434 .Egyplum,
1508 1379 1554 1423 et
1590 1369 1831 1440 ngyptii
1856 1374 2040 1426 varient

463 1446 533 1499 ad
565 1449 829 1519 Assyrios,
860 1463 908 1506 et
928 1456 1150 1508 servient
1179 1456 1419 1528 .Egypiii
1448 1463 1702 1531 Assyriis.

545 1707 741 1765 Beatus
806 1710 1005 1769 Paulus
1053 1715 1122 1770 de
1178 1719 1419 1773 omnium
1466 1733 1707 1776 nostrum
1756 1724 2048 1782 Servatore

2228 1279 2308 1349 Τῇ
2339 1280 2531 1349 ἡμέρᾳ
2568 1280 2769 1349 ἐκείνῃ
2811 1282 2983 1335 ἔσται
3030 1279 3171 1345 ὁδὸς
3208 1280 3552 1348 Αἰγυπτίοις
3581 1293 3731 1349 προς

2162 1369 2543 1439 Ἀσσυρίους.
2597 1371 2707 1425 Καὶ
2772 1372 3227 1426 εἵσελεύσονται
3296 1373 3588 1441 Ἀσσύριοι
3642 1375 3730 1441 είς

2144 1463 2470 1532 Αἴγυπτον,
2503 1464 2601 1517 καὶ
2634 1464 2941 1533 Αἰγύπτιοι
2989 1464 3386 1531 πορεύσονται
3418 1463 3571 1533 πρὸς
3605 1463 3730 1518 Ἀσο

2142 1554 2424 1621 συρίους,
2472 1552 2573 1606 καὶ
2624 1552 3075 1608 δουλεύσουσιν
3125 1556 3179 1607 οἱ
3250 1553 3557 1624 Αἰγύπτιοι
3605 1552 3730 1619 τοῖς

2155 1643 2511 1711 Ἀσσυρίοις.

2226 1734 2283 1787 'tt
2342 1736 2608 1807 μακάριος
2651 1735 2853 1806 γράφει
2911 1733 3122 1797 Παῦλος
3177 1732 3305 1800 περὶ
3354 1732 3448 1787 τοῦ
3509 1733 3731 1787 πάντων

460 1795 681 1854 Christo
711 1802 901 1856 scribit
926 1808 1069 1873 quod
1097 1806 1208 1874 ipse
1230 1808 1298 1861 sit
1331 1824 1432 1877 pax
1462 1821 1642 1866 nostra
1663 1814 1730 1866 ⁸⁷.
1762 1814 1882 1868 Non
1901 1817 2033 1871 enim

2147 1826 2304 1895 ἡμῶν
2326 1795 2602 1898 έωτῆρος
2627 1795 2887 1898 Ξέριστοῦ,
2936 1826 3019 1879 ὃτι
3065 1795 3227 1888 αύτός
3254 1795 3425 1877 ’ἐστιν
3457 1826 3490 1895 ἡ
3533 1824 3727 1896 εἰρήνη

463 1890 622 1945 modo
652 1894 1024 1960 superioribus
1054 1898 1406 1967 administris,
1433 1911 1487 1955 et
1515 1906 1719 1959 sanctis
1763 1908 2033 1975 spiritibus

2149 1890 2325 1988 ημῶν.
2362 1917 2437 1970 Ού
2470 1890 2595 1990 ’γὰρ
2624 1890 2784 1987 μάνον
2812 1919 2925 1980 τοῖς
2958 1917 3070 1970 ἄνω
3119 1916 3391 1988 πνεύμασι
3426 1890 3728 1988 λεἰτουργιί

462 1992 622 2037 terra:
653 1984 859 2041 incolas
885 1988 1189 2056 conjunxit,
1248 1994 1342 2046 sed
1403 2005 1590 2063 gentes
1620 2012 1742 2052 cum
1794 2000 2044 2070 gentibus

460 2076 713 2143 congredi
748 2093 812 2131 ac
860 2080 1142 2137 celebrare
1192 2093 1366 2140 ccetus
1400 2088 1542 2141 inter
1580 2104 1640 2143 se
1663 2090 1918 2148 instituit.
1943 2094 2045 2147 An-

461 2174 675 2233 tequam
699 2170 842 2224 enim
867 2172 966 2227 hoc
990 2176 1371 2232 commercium
1399 2178 1627 2234 aliorum
1655 2196 1776 2237 cum
1803 2185 1924 2239 aliis
1946 2201 2043 2240 ve-

461 2254 620 2317 niret,
668 2270 930 2326 separatae
990 2272 1147 2316 erant
1184 2265 1477 2334 provincia:
1514 2278 1570 2322 et
1620 2272 1802 2337 urbes,
1833 2275 2040 2329 crebrae

456 2345 750 2403 seditiones
775 2366 838 2405 ac
875 2352 1229 2419 turbationes,
1266 2356 1531 2411 bellorum
1567 2362 1769 2428 passim
1804 2364 2036 2433 impres-

455 2438 658 2505 siones,
716 2452 772 2497 et
829 2444 1161 2502 vincentium
1222 2459 1409 2505 contra
1499 2452 1669 2508 victos
1730 2455 1921 2522 palmae
1975 2473 2038 2513 ac

455 2532 696 2599 prsentia,
748 2546 801 2589 et
846 2535 1104 2593 elfrenata
1140 2541 1221 2595 vis
1251 2541 1697 2610 dominabantur,
1726 2555 1780 2602 et
1816 2549 2036 2618 quosvis

453 2622 867 2697 quibuscunque
954 2630 1122 2702 298
1183 2636 1355 2692 modis
1436 2640 1767 2709 opprimere,
1853 2640 2035 2694 nobile

453 2715 709 2781 quiddam
747 2728 800 2772 et
825 2734 957 2773 sane
1010 2737 1171 2791 quam
1202 2726 1523 2785 admirabile
1568 2730 1888 2785 ducebatur.
1926 2732 2037 2787 Cae-

456 2816 628 2861 terum
676 2810 838 2864 etiam
894 2812 981 2867 hic
1025 2813 1183 2869 nobis
1226 2833 1326 2888 pax
1394 2819 1641 2877 Christus
1707 2822 1882 2877 factus
1927 2833 2030 2879 est.

454 2896 746 2968 Postquam
771 2902 914 2955 enim
943 2906 1271 2974 evangelicis
1302 2911 1575 2967 vaticiniis
1612 2914 1800 2967 orbem
1858 2925 2031 2968 terra-

455 3004 573 3043 rum
624 2992 975 3059 collustrans,
1024 3013 1215 3053 omnes
1261 3002 1405 3056 viam
1458 3004 1674 3071 pietatis
1734 3004 2028 3073 docuisset,

449 3092 504 3134 et
562 3093 619 3136 ut
676 3086 998 3141 charitatem
1045 3104 1174 3160 erga
1219 3093 1385 3148 Deum
1464 3106 1520 3150 et
1558 3112 1687 3166 erga
1739 3113 1798 3152 se
1845 3109 2031 3153 mutuo

450 3176 903 3244 amplecterentur
930 3220 945 3245 ,
981 3181 1068 3235 illa
1125 3185 1349 3254 antiqua
1387 3188 1788 3253 obsoleverunt,
1845 3201 2027 3245 vetera
2056 3182 2098 3239 C

453 3279 817 3335 recesserunt,
865 3282 920 3324 et
973 3288 1109 3328 nova
1156 3275 1296 3330 facta
1351 3290 1494 3341 sunt,
1552 3280 1708 3334 sicuti
1767 3282 2026 3351 scriptum

448 3365 571 3424 est;
620 3360 853 3417 obtinuit
904 3364 1049 3419 enim
1111 3382 1215 3435 pax
1304 3370 1504 3440 ubique
1568 3373 1834 3442 gentium.
1915 3372 2029 3430 Hoc

448 3450 612 3505 etiam
644 3463 746 3519 est,
768 3454 979 3519 opinor,
1008 3460 1148 3526 quod
1180 3469 1235 3514 et
1269 3461 1393 3515 alibi
1416 3462 1548 3515 dicit
1576 3464 1835 3531 propheta
1862 3464 2029 3521 Isaias

451 3539 518 3593 de
540 3543 788 3599 omnibus
803 3546 1053 3614 gentibus
1081 3572 1092 3603 :
1124 3566 1143 3600 ι
1176 3550 1241 3604 Ει
1270 3552 1556 3607 concident
1580 3554 1786 3624 gladios
1811 3571 1940 3612 suos
1974 3557 2026 3612 in

451 3644 670 3699 aratra,
723 3647 777 3689 et
835 3636 1054 3694 lanceas
1104 3656 1230 3697 suas
1294 3642 1346 3696 in
1400 3643 1584 3708 falces,
1616 3654 1817 3701 etnon
1882 3647 2030 3702 tollet

450 3737 582 3791 gens
627 3726 679 3779 in
736 3739 946 3797 gentem
980 3732 1235 3803 gladium,
1288 3740 1343 3788 et
1395 3749 1499 3788 non
1553 3736 1764 3793 discent
1801 3740 2029 3807 amplius

448 3813 651 3870 bellare
684 3816 751 3872 ⁸⁸.
780 3820 966 3886 rNam
1006 3837 1130 3876 cum
1162 3823 1251 3876 uni
1305 3822 1434 3894 jugo
1509 3837 1766 3896 parerent
1813 3846 2026 3891 omnes.

449 3907 801 3975 spiritualiter
849 3915 1063 3982 quidem
1137 3916 1250 3980 Dei,
1296 3920 1652 3987 corporaliter
1682 3933 1861 3977 autem
1922 3924 2030 3978 lto-

452 4016 734 4058 manorum
767 4025 779 4059 :
812 4009 1053 4062 sedatam
1094 4018 1150 4063 et
1174 4010 1499 4066 inturbidam
1521 4021 1575 4066 et
1600 4014 1722 4068 belli
1748 4028 2026 4083 expertem

450 4095 612 4147 vitam
662 4098 868 4163 vivunt,
920 4111 998 4163 nt,
1032 4103 1176 4155 omni
1225 4102 1434 4158 liberati
1493 4114 1660 4169 metu,
1708 4107 1869 4161 etiam
1899 4109 2027 4164 olim

449 4183 828 4253 inimicissimi,
856 4190 944 4243 alii
975 4208 1096 4245 cum
1139 4193 1262 4248 aliis
1310 4196 1615 4251 animorum
1653 4199 2029 4269 conjunctione

446 4277 808 4334 consentiant.
866 4278 1134 4350 Egyptiis
1193 4285 1360 4347 enim,
1403 4286 1598 4355 inquit,
1666 4288 1752 4342 via
1809 4292 1909 4346 erit
1960 4295 2029 4347 ad

445 4368 719 4437 Assyrios,
751 4381 805 4425 et
830 4373 1069 4443 Assyriis
1118 4376 1183 4429 ad
1233 4376 1540 4449 Egyptios,
1577 4391 1633 4436 et
1682 4382 1838 4437 ibunt
1862 4382 2031 4456 Egy-

447 4458 545 4526 ptii
590 4458 656 4513 ad
686 4460 956 4532 Assyrios,
988 4476 1040 4518 et
1077 4469 1315 4523 servient
1359 4469 1597 4542 Egyptii
1624 4474 1884 4546 Assyriis,
1921 4492 2025 4531 non

2147 2014 2263 2075 κοῖς
2296 2013 2389 2065 καὶ
2416 2011 2589 2080 ἁγίοις
2617 2012 2820 2083 συνῆψε
2850 2014 2977 2075 τοὺς
3026 2013 3117 2065 ἐπὶ
3144 2013 3242 2083 τῆς
3287 2011 3411 2083 γῆς,
3452 2011 3586 2065 ἀλλά
3617 2012 3727 2082 γάρ

2146 2102 2357 2156 ἔθνεσιν
2383 2102 2510 2174 ἔθνη
2567 2105 2842 2174 συμϐῆναι
2896 2104 3329 2175 παρεσκεύασεν.
3359 2103 3471 2175 Πρὸ
3494 2103 3595 2175 μὲν
3618 2104 3726 2175 γὰρ

2142 2198 2241 2267 τῆς
2260 2197 2573 2268 ἐπιδημίας,
2590 2198 2688 2267 τῆς
2705 2199 2781 2260 είς
2802 2195 3005 2266 ἄλληλα
3020 2194 3318 2263 ἐπιμιξίας,
3336 2193 3727 2264 ἀπενοσφίζετο

2142 2288 2294 2359 χώρα
2325 2307 2384 2342 τε
2424 2289 2518 2342 καὶ
2559 2289 2734 2352 πόλις,
2787 2286 2975 2357 συχναί
3031 2303 3087 2339 τε
3134 2282 3275 2357 ἦσαν
3335 2287 3724 2353 ἐξαναστάσεις

2142 2380 2235 2433 καὶ
2264 2380 2518 2451 πολέμων
2578 2379 2756 2449 ἔφοδοι
2809 2377 3086 2448 πανταχοῦ
3129 2379 3224 2432 καὶ
3273 2378 3380 2432 τῶν
3433 2380 3727 2448 ἰσχυόντων

2141 2466 2279 2525 ἆθλα
2302 2472 2368 2525 τά
2390 2472 2496 2523 τῶν
2513 2470 2863 2541 ἡττωμένων,
2884 2470 2975 2522 καὶ
2991 2469 3340 2540 ἀνουθέτητο;
3361 2472 3392 2541 ἡ
3418 2470 3725 2537 πλεονεξία,

2140 2564 2313 2616 καὶτὸ
2334 2563 2540 2617 ἀδικεῖν
2566 2562 2658 2628 οὓς
2690 2563 2754 2617 ἂν
2787 2562 2999 2615 δύναιτὸ
3048 2579 3151 2626 τις,
3190 2562 3441 2625 εὐκλείας
3464 2558 3608 2616 εἷναί
3637 2581 3684 2614 τι
3709 2603 3725 2627 ,

2140 2655 2234 2708 καὶ¹
2275 2655 2385 2709 τῶν
2426 2656 2505 2709 ὅτι
2555 2654 2791 2725 μάλιστα
2845 2652 3176 2724 θαυμαστῶν
3216 2651 3515 2723 ἐνομίζετο.
3560 2653 3721 2707 Ἀλλὰ

2137 2744 2361 2812 γέγονεν
2409 2745 2542 2814 ἡμῖν
2605 2744 2833 2814 εἰρήνη,
2901 2742 2996 2795 καὶ
3048 2741 3192 2794 κατά
3242 2740 3399 2794 τοῦτο
3462 2742 3723 2811 Χριστός.

2149 2834 2369 2904 Ἐπειδὴ
2406 2834 2511 2904 γὰρ
2550 2837 2665 2897 τοῖς
2730 2832 3104 2901 εὐαγγελικοῖς
3162 2830 3528 2904 θεσπίσμασιν
3568 2853 3723 2906 περι-

2135 2927 2464 2996 αστράπτων
2480 2927 2546 2995 τῇ
2578 2925 2668 2977 ὑπ’
2689 2922 2937 2995 οὐρανὸν,
2972 2921 3208 2986 ἐδίδαξεν
3243 2923 3488 2986 ἅπαντας
3516 2926 3613 2995 τῆς
3636 2927 3723 2978 εύ-

2136 3017 2349 3080 σεόείας
2396 3016 2494 3088 τὴν
2544 3016 2682 3080 ὁδὸν,
2720 3016 2816 3069 καὶ
2871 3015 2972 3085 τῆς
3022 3017 3103 3079 είς
3136 3015 3267 3068 Θεὸν
3324 3017 3418 3069 καὶ
3462 3016 3723 3088 ἀλλήλους

2136 3108 2358 3177 ἀγάπης
2407 3106 2753 3177 ἀντέχεσθαι,
2822 3107 3103 3160 πέπαυται
3167 3108 3265 3177 μὲν
3305 3108 3486 3161 ἐκεῖνα
3535 3111 3723 3175 πάλαι,

2138 3198 2435 3270 παρῴχηκε
2463 3198 2519 3251 δὲ
2555 3198 2623 3251 τὰ
2644 3199 2865 3268 ἀρχαῖα,
2899 3198 2993 3250 καὶ
3035 3198 3228 3266 γέγονε
3256 3198 3441 3263 καινὰ,
3468 3201 3609 3253 καθά
3639 3203 3723 3269 γέ-

2137 3308 2401 3361 γραπται.
2429 3290 2757 3362 Κεκράτηκε
2802 3289 2913 3360 γὰρ
2947 3291 2980 3360 ἡ
3032 3291 3221 3361 εἰρήνη
3280 3292 3577 3363 πανταχοῦ,
3613 3295 3719 3347 Καὶ

2136 3381 2313 3444 τοῦτο,
2341 3376 2515 3451 οἶμαι,
2540 3381 2706 3445 ἐστὶν,
2731 3381 2870 3435 δκαὶ
2898 3380 3128 3451 ἑτέρωθί
3146 3383 3247 3435 πού
3275 3401 3435 3454 φησιν
3455 3386 3482 3438 ὁ
3512 3388 3719 3456 προφήσ

2135 3492 2236 3545 της
2274 3474 2499 3538 Ἡσαΐας
2541 3473 2665 3544 περὶ
2695 3473 2911 3527 πάντων
2943 3469 3050 3527 τῶν
3074 3474 3261 3527 ἐθνῶνο
3311 3495 3330 3527 ι
3368 3477 3482 3529 Καὶ
3529 3477 3718 3546 συγκό·

2135 3567 2296 3636 ψουσι
2320 3566 2419 3628 τὰς
2454 3566 2726 3637 μαχαίρας
2756 3565 2935 3619 αὐτῶν
2967 3566 3046 3628 είς
3093 3566 3317 3637 ἄροτρα,
3362 3568 3457 3621 καὶ
3496 3568 3594 3632 τὰς
3622 3567 3717 3640 ζη-

2138 3658 2305 3723 6ύνας
2330 3658 2511 3712 αὐτῶν
2543 3658 2623 3721 είς
2655 3657 2919 3728 δρέπανα,
2955 3657 3047 3710 καὶ
3081 3658 3142 3710 ού
3181 3658 3255 3727 μὴ
3293 3656 3399 3729 ἄρῃ
3447 3657 3597 3733 ἔθνος
3628 3660 3717 3712 ἐπὶ

2142 3752 2292 3816 ἔθνος
2335 3752 2635 3822 μάχαιραν,
2664 3749 2758 3803 καὶ
2784 3750 2846 3803 ού
2892 3750 2966 3819 μὴ
3004 3748 3248 3818 μάθωσιν
3276 3749 3355 3803 ἔτι
3390 3751 3663 3822 πολεμεῖν.
3699 3772 3716 3803 s

2137 3843 2423 3912 Γεγονότες
2452 3844 2562 3913 γὰρ
2591 3842 2831 3905 ἅπαντες
2863 3840 2969 3893 ὑπὸ
3003 3839 3169 3908 ζυγὸν
3198 3841 3314 3904 ἕνα,
3340 3843 3723 3913 πνευματικῶς

2141 3937 2239 4008 μὲν
2265 3937 2355 3990 τὸν
2386 3935 2490 3989 ὑπὸ
2508 3933 2647 4004 Θεῷ,
2687 3931 3014 4004 σωματικῶς
3039 3931 3094 3984 δὲ
3123 3930 3214 3984 τὸν
3249 3932 3354 3986 ὑπὸ
3394 3935 3685 4004 Ῥωμαίοις
3706 3976 3721 4000 ,

2136 4028 2227 4081 τὸν
2259 4029 2527 4099 ἠρεμαῖον
2556 4026 2651 4079 καὶ
2680 4024 3006 4094 ἀσύγχυτον,
3034 4024 3130 4076 καὶ
3161 4024 3397 4094 πολέμου
3449 4026 3573 4095 δίχα
3610 4027 3723 4079 δια-

2138 4118 2274 4184 ζῶσι
2307 4120 2440 4190 βίον,
2470 4118 2611 4171 ὥστε
2660 4117 2861 4181 παντὸς
2913 4114 3255 4189 ἐξῃρημένου
3298 4118 3572 4189 δείματος,
3631 4122 3723 4174 καὶ

2136 4213 2261 4276 τοὺς
2310 4211 2477 4265 πάλαι
2527 4209 2971 4281 πολεμιωτάτους
3031 4209 3283 4279 ἀλλήλοις
3349 4212 3722 4281 συμφέρεσθαι

2137 4304 2272 4375 πρὸς
2298 4303 2622 4373 ὀμοψυχίαν.
2662 4300 2949 4370 Αἰγύπτιοι
2981 4300 3111 4372 γὰρ,
3148 4303 3334 4371 φησὶν,
3379 4303 3497 4357 ὁδὸν
3538 4303 3719 4369 ἕξουσι

2136 4394 2273 4466 πρὸς
2335 4394 2675 4465 Ἀσσυρίους,
2726 4392 2819 4446 καὶ
2861 4393 3134 4463 Ἀσσύριοι
3180 4394 3317 4464 πρὸς
3368 4396 3716 4463 Αἰγυπτίους.

2145 4487 2255 4539 Καὶ
2317 4485 2668 4557 πορεύσονται
2719 4484 3005 4555 Αἰγύπτιοι
3062 4486 3196 4556 πρὸς
3249 4486 3584 4558 Ἀσσυρίους,
3625 4488 3719 4541 καί⁵

448 4559 506 4603 ut
542 4549 645 4605 illis
673 4549 860 4619 iugum
920 4560 1197 4614 servitutis
1255 4560 1532 4628 injiciant,
1588 4566 1684 4619 sed
1730 4543 1789 4620 ut
1826 4568 2032 4623 amoris

2139 4543 2507 4630 δουλεύσουσιν
2539 4578 2588 4629 oi
2609 4576 2896 4645 Αἰγύπτιοι
2932 4578 3043 4640 τοῖς
3102 4576 3427 4648 Ἀσσυρίοις,
3462 4578 3523 4631 ού
3556 4578 3716 4647 ζυγὸν

446 4639 662 4694 vinculo
717 4651 905 4713 captos
946 4658 1002 4699 et
1035 4651 1459 4717 comprehensos
1514 4664 1752 4719 teneant,
1801 4668 1857 4712 et
1901 4674 2031 4715 sna-

444 4730 697 4787 vissimas
726 4734 1015 4790 societates
1046 4748 1253 4793 coeant.
1288 4741 1541 4812 Assyrios
1575 4748 1819 4802 nominat
1847 4751 2029 4806 orien-

445 4821 606 4877 talem
645 4825 918 4893 regionem
948 4827 1267 4883 incolentes.

515 5001 681 5056 Vens.
713 5002 803 5067 2’s,
855 5005 945 5059 Ξΐ.
984 5004 1077 5061 Die
1126 5009 1222 5063 illa
1265 5013 1363 5064 erit
1423 5013 1595 5068 Israel
1636 5020 1822 5074 tertius
1894 5024 2021 5077 inter

444 5091 689 5159 Assyrios
722 5104 770 5147 et
802 5092 1086 5164 .Egyptios
1118 5101 1417 5156 benedictus
1452 5105 1507 5157 in
1537 5118 1675 5161 terra
1734 5114 1817 5163 cui
1868 5114 2023 5169 bene-

2132 4667 2376 4729 δουλείας
2426 4666 2895 4738 ἐπιρῥιπτούντων
2955 4668 3202 4730 ἐκείνοιν,
3261 4667 3398 4721 ἀλλά
3446 4670 3573 4732 τοὺς
3614 4674 3712 4740 τῆς

2131 4760 2353 4830 ἀγάπης
2372 4759 2606 4829 δεσμοὺς
2634 4758 3062 4829 ἐνειλημμένους
3081 4759 3325 4829 ἔχοντας,
3350 4762 3443 4813 καὶ
3463 4762 3712 4829 ἡδείστας

2129 4851 2487 4922 ποιουμένους
2510 4849 2611 4914 τὰς
2625 4850 2957 4920 ἐπιμιξείας.
2974 4849 3294 4919 Ἀσσυρίους
3313 4867 3376 4919 γε
3397 4852 3500 4922 μὴν
3520 4852 3709 4921 ὀνομά-

2129 4941 2211 5005 ζει
2237 4943 2361 5005 τοὺς
2381 4942 2479 5010 τὴν
2508 4943 2582 4995 ἐω
2613 4942 2897 5005 οἰκοῦντας
2922 4942 3131 5014 χώραν.

2200 5030 2279 5097 Τῇ
2316 5029 2505 5098 ἡμέρᾳ
2524 5030 2725 5097 ἐκείνῃ
2754 5030 2927 5084 ἔσται
2988 5032 3237 5101 Ἰσραὴλ
3263 5035 3458 5100 τρίτος
3491 5035 3561 5087 ἐν
3589 5035 3712 5102 τοῖς

2136 5122 2471 5189 Ἀσσυρίοις
2506 5120 2604 5175 καὶ
2648 5123 2717 5175 ἐν
2746 5121 2872 5188 τοῖς
2915 5124 3267 5191 Αἰγυπτίοις
3302 5126 3712 5194 εὐλογημένος

444 5183 579 5235 dixit
622 5183 878 5238 Dominus
924 5186 1183 5255 Sabaoth,
1209 5193 1386 5247 dicem
1412 5211 1429 5248 :
1454 5195 1769 5256 Benedictus
1797 5207 2023 5274 populus

2139 5216 2190 5269 ἓν
2228 5214 2300 5283 τῇ
2315 5183 2421 5284 γῇ,
2519 5183 2862 5283 εὐλόγησεν
2903 5217 2936 5269 ό
2964 5183 3179 5283 Ιίύριος
3211 5183 3670 5287 έαϐιιὼθβέγων
3692 5232 3705 5246 ’

443 5290 586 5326 mens
608 5277 696 5342 qui
726 5277 780 5328 in
806 5275 1063 5349 ﬁgypto,
1110 5291 1157 5335 et
1183 5286 1271 5352 qui
1308 5285 1362 5338 in
1385 5288 1637 5358 Assyriis,
1666 5305 1714 5347 et
1741 5294 2020 5354 hwredilas

2139 5275 2541 5376 ι’ὺλῶἦῂἐρος
2565 5309 2598 5359 ὁ
2630 5275 2780 5372 λαύς
2804 5326 2923 5375 μου
2961 5310 2993 5361 d
3016 5275 3087 5361 ἐν
3119 5275 3412 5376 Αἰγύπτῳ,
3442 5311 3539 5362 καὶ
3558 5275 3709 5363 ’Ἄσ-

445 5383 559 5418 mea
588 5364 781 5421 Israel.

517 5457 719 5511 Dicitur
741 5458 905 5516 Israel
945 5465 1332 5537 primogenitus
1369 5472 1509 5528 inter
1558 5476 1714 5533 lilios.
1754 5480 1887 5535 Cum
1919 5498 2019 5535 an-

443 5559 549 5603 tem
596 5550 647 5603 in
683 5550 957 5609 Christum
992 5559 1481 5632 debaccharentnr,
1512 5574 1765 5640 gentibus
1813 5577 2019 5632 subditi

440 5648 590 5708 sunt,
627 5652 681 5697 et
711 5648 1002 5702 secundam
1034 5651 1181 5706 velut
1236 5653 1469 5713 classem
1507 5664 1683 5720 sortiti
1728 5676 1872 5723 sunt.
1923 5668 2020 5725 lla-

516 5820 560 5855 ⁸⁷
600 5826 795 5897 Ephcs.
825 5856 884 5906 it,
936 5841 1013 5895 ll.
1094 5846 1136 5876 ⁸⁸
1168 5844 1266 5903 lsa.
1309 5858 1365 5908 II.
1395 5836 1448 5891 ‘-

2126 5398 2382 5464 συρίοις,
2422 5396 2521 5449 καὶ
2553 5397 2589 5464 ἡ
2622 5396 2989 5464 κληρονομία
3005 5414 3124 5465 μου
3157 5396 3423 5463 Ἰσραήλ.

2209 5489 2532 5559 Ὠνόμασται
2569 5490 2665 5560 μὲν
2698 5492 2726 5542 ὁ
2759 5489 2973 5560 Ἰσραὴλ
3007 5491 3348 5559 πρωτότοκος
3385 5492 3441 5543 ἐν
3477 5491 3705 5555 τέκνοις.

2142 5579 2357 5653 Ἐπειδὴ
2379 5581 2435 5632 δὲ
2455 5579 2858 5651 πεπαρῴνηκεν
2894 5580 2973 5644 εἰς
2990 5580 3246 5650 Χριστὸν,
3279 5580 3507 5634 κατόπιν
3534 5582 3707 5634 τέθει-

2129 5689 2217 5726 ται
2250 5672 2357 5726 τῶν
2379 5672 2568 5738 ἐθνῶν,
2603 5671 2697 5726 καὶ
2727 5670 2987 5743 δευτέραν
3030 5672 3223 5747 ὥσπερ
3255 5672 3707 5749 μετεκληρὼσατο
