4148 6378
416 391 519 448 477

1513 398 1579 455 IN
1621 400 1850 455 ISAIAM
1878 399 2018 457 UB.
2061 399 2123 453 ΙΙ.
2156 396 2395 457 TOMUS
2431 399 2519 456 iV.

3581 403 3688 459 A78

413 512 584 578 τάξιν.
628 512 936 584 Τετήρηται
969 512 1078 585 γὰρ
1114 514 1207 569 καὶ
1269 516 1417 587 αὐτῷ
1457 518 1556 588 τῆς
1597 521 1933 591 ἐπιστροφῆς
1967 523 1983 574 c‘

2099 522 2224 576 bent
2250 521 2394 577 enim
2427 530 2481 575 et
2533 517 2606 573 illi
2650 518 2980 573 destinatum
3029 518 3130 573 sibi
3180 529 3388 590 tempus
3412 534 3521 574 sua:
3555 538 3685 576 con-

417 602 624 673 καιρός.
652 602 968 673 Γέγραπται
1001 603 1155 673 γοῦν,
1184 606 1267 660 ὅτι
1294 627 1312 658 ι
1348 610 1517 662 Ὅταν
1550 611 1606 663 δὲ
1634 612 1694 664 τὸ
1720 612 1997 682 πλήρωμα

412 695 522 748 τῶν
551 694 719 749 ἐθνῶν
749 695 988 767 εἰσέλθῃ,
1013 697 1135 750 τότε
1192 700 1300 763 πᾶς
1339 701 1556 773 Ἰσραὴλ
1611 702 1936 773 σωθήσεται.
1974 722 1991 753 ι

419 787 610 858 Ἀθρει
639 787 702 858 δὴ
728 783 841 853 οὖν,
873 788 1028 860 ἄθρει
1048 790 1231 862 τρίτον
1266 794 1323 844 ἐν
1343 793 1554 857 τούτοις
1583 795 1996 866 ὠνομασμένον,

415 881 472 932 ὲν
521 884 635 945 τοῖς
674 881 980 952 Ἀσσυρίοις
1022 884 1117 937 καὶ
1164 885 1503 954 Αἰγυπτίοις.
1564 888 1881 959 Ἀσσυρίους
1938 888 1996 941 δέ

416 987 580 1040 φησιν
600 973 657 1024 ὲν
684 971 914 1040 τούτοις,
943 973 1018 1037 ὡς
1066 974 1223 1045 ἔφην,
1283 978 1411 1039 τοὺς
1465 977 1607 1031 κατά
1631 994 1693 1045 γε
1724 979 1824 1047 τὴν
1850 977 1996 1047 ἑῴαν

415 1062 631 1117 ἃπασαν
655 1065 779 1135 γῆν,
819 1066 1053 1135 μάλιστα
1081 1067 1136 1119 δὲ
1159 1068 1257 1137 τὴν
1293 1068 1467 1139 μέσην
1491 1070 1598 1122 τῶν
1626 1069 1907 1140 ποταμῶν,
1939 1072 1996 1123 ὲν

414 1149 448 1227 ᾖ
473 1157 567 1209 καί
588 1152 727 1211 εἶναί
762 1174 894 1226 φασι
919 1160 1178 1230 γνησίους
1205 1162 1607 1232 προσκυνητὰς,
1639 1163 1731 1216 καὶ
1760 1162 1995 1231 ἀδελφὴν

413 1250 507 1301 καὶ
538 1250 750 1316 γείτονα
780 1251 880 1321 τῆς
909 1254 1221 1321 Αἰγυπτίων
1277 1254 1695 1323 ἐπιτηδεύοντας
1735 1255 1990 1326 ἄσκησιν,

412 1337 487 1402 ὡς
527 1340 803 1410 ἰσάμιλλον
835 1343 981 1413 ἔχειν
1016 1344 1118 1414 τήν
1150 1362 1210 1399 τε
1256 1346 1336 1409 εἰς
1359 1347 1469 1399 πᾶν
1498 1345 1674 1399 ὁτιοῦν
1698 1346 1805 1399 τῶν
1854 1348 1994 1416 ἁγα-

413 1429 521 1484 θῶν
546 1431 732 1500 ἔφεσιν
766 1451 826 1487 τε
857 1435 951 1487 καὶ
986 1418 1317 1506 προθυμίαν,
1365 1437 1460 1491 καὶ
1502 1438 1602 1508 μέν
1634 1456 1716 1493 τοι
1744 1439 1839 1493 καὶ
1865 1441 1994 1510 ἀρε-

409 1522 528 1590 τήν.
560 1522 849 1595 Τοιγάρτοι
870 1527 1034 1596 φησὶν
1054 1528 1083 1578 ὁ
1116 1527 1224 1581 τῶν
1259 1529 1396 1582 ὅλων
1427 1529 1580 1593 Θεὸς·
1614 1528 1994 1601 Εὐλογημένος

408 1613 438 1665 ὁ
469 1611 594 1677 λαός
642 1631 765 1683 μου,
800 1617 828 1668 6
854 1618 912 1668 ὲν
937 1617 1199 1689 Αἰγύπτῳ
1247 1621 1340 1673 καὶ
1386 1623 1443 1674 ὲν
1504 1621 1809 1693 Ἀσσυρίοις
1838 1638 1850 1650 ’
1896 1624 1993 1675 ὲπ-

408 1705 723 1777 αριθμεῖται
746 1708 803 1760 δὲ
825 1709 1009 1781 τρίτος
1041 1713 1071 1765 ὁ
1109 1713 1344 1785 Ἰσραήλ.
1381 1714 1730 1785 Προσεπάγει
1757 1713 1865 1786 γὰρ
1898 1717 1981 1769 ὅτι

2103 613 2388 668 versionis.
2431 611 2566 666 Nam
2598 612 2857 679 scriptum
2890 622 2972 666 est
3000 632 3011 666 :
3049 630 3067 659 ι
3097 612 3323 679 Quando
3350 628 3478 667 vero
3512 613 3683 683 pleni-

2103 706 2228 759 tudo
2257 707 2497 773 gentium
2553 704 2857 767 intraverit,
2911 712 3022 757 tum
3086 704 3264 757 omnis
3313 703 3475 759 Israel
3502 704 3683 758 salvus

2099 794 2287 847 erit”.
2320 813 2339 845 ι
2376 792 2754 863 Contemplare
2812 795 3007 865 igitur,
3062 795 3435 865 contemplare
3487 796 3541 850 in
3593 797 3681 851 bis

2102 886 2319 941 tertium
2346 886 2753 940 denominatum
2807 887 2945 941 inter
3002 887 3256 958 Assyrios
3291 896 3343 941 et
3368 886 3676 958 Egyptios.

2098 980 2349 1050 Assyrios
2405 979 2492 1033 hic
2532 979 2682 1043 dicit,
2740 989 2798 1031 ut
2861 980 3092 1042 aiebam,
3152 979 3243 1048 qui
3303 987 3470 1033 totam
3533 978 3680 1032 velut

2096 1074 2415 1129 orientalem
2481 1083 2679 1128 terram
2730 1083 3043 1141 occupant,
3091 1072 3326 1127 maxime
3379 1088 3503 1127 eam
3557 1088 3680 1142 qua:

2100 1164 2240 1217 inter
2297 1161 2489 1219 ﬂuvios
2542 1164 2642 1218 sita
2705 1174 2807 1226 est,
2845 1164 2896 1216 in
2946 1177 3051 1232 qua
3084 1162 3247 1217 etiam
3293 1178 3584 1233 germanos
3612 1172 3678 1217 et

2098 1255 2360 1325 ingenuos
2398 1256 2711 1309 adoratores
2735 1268 2860 1309 esse
2884 1253 3081 1318 ferunt,
3106 1254 3196 1321 qui
3227 1264 3283 1307 et
3305 1261 3592 1322 cognatam
3620 1261 3678 1307 et

2095 1347 2329 1401 vicinam
2351 1345 2727 1417 Egyptiorum
2755 1343 3011 1398 excolunt
3039 1343 3399 1412 disciplinam.
3424 1345 3494 1398 ita
3529 1351 3589 1397 ut
3620 1343 3673 1396 in

2096 1439 2359 1493 bonarum
2390 1452 2571 1492 rerum
2603 1438 2803 1500 studio,
2838 1435 3121 1491 alacritate
3181 1446 3237 1491 et
3280 1437 3481 1492 virtute
3509 1435 3680 1507 299

2094 1545 2248 1599 aequo
2295 1544 2515 1599 prorsus
2549 1537 2721 1582 marte
2779 1528 3059 1583 decertare
3110 1528 3414 1582 videantur.
3446 1527 3679 1582 Proinde

2095 1617 2225 1673 dicit
2268 1618 2639 1673 universitatis
2664 1615 2807 1673 Deus
2839 1632 2852 1669 :
2893 1617 3218 1673 Benedictus
3239 1618 3467 1687 populus
3523 1631 3677 1672 meus

2093 1712 2183 1780 qui
2217 1722 2299 1767 est
2334 1710 2389 1766 in
2420 1710 2677 1783 IEgypto,
2714 1721 2769 1766 et
2805 1712 2895 1781 qui
2931 1713 2982 1765 in
3015 1711 3290 1783 Assyriis,
3327 1720 3679 1766 numeratur-
3756 1770 3761 1773 _

409 1797 522 1850 Καὶ
562 1799 893 1870 κληρονομία
933 1820 1036 1872 μου
1083 1804 1318 1875 Ἰσραήλ.
1374 1805 1484 1857 Καὶ
1541 1803 1735 1857 τούτου
1784 1805 1841 1858 δὲ
1892 1805 1983 1877 τὴν

2093 1817 2199 1871 que
2248 1804 2442 1858 tertius
2505 1802 2697 1857 Israel.
2755 1801 2948 1857 Subdit
2990 1805 3178 1858 enim:
3224 1801 3525 1857 Hereditas
3555 1816 3678 1857 mea

408 1867 683 1960 πρόφασιν
711 1867 1098 1964 προαπεδειξεν
1118 1867 1264 1968 ἡμῖν·
1282 1896 1311 1948 6
1338 1896 1514 1965 λόγος’
1534 1867 1983 1971 κεκυριοκτόνηκε

2094 1867 2278 1951 Israel.
2306 1896 2533 1951 Causam
2564 1906 2741 1949 autem
2787 1897 3237 1966 prmsignilicavit
3265 1894 3423 1949 nobis
3453 1896 3630 1949 oratio
3660 1911 3676 1959 ;

407 1981 513 2053 γὰρ
544 1983 635 2035 καὶ
659 1982 897 2037 τέθειται
927 1987 1007 2047 είς
1034 1985 1222 2049 νῶτον,
1259 1985 1403 2040 καθά
1425 1989 1636 2056 φησινὸ
1666 1987 1849 2042 Δαϐίδ.
1881 1989 1983 2041 Καὶ

2092 1985 2379 2040 Dominum
2439 1987 2585 2041 enim
2621 1988 2844 2050 occidit,
2912 1997 2970 2040 et
2997 1988 3205 2056 positus
3233 1997 3314 2041 est
3346 1986 3399 2040 in
3442 1996 3676 2057 tergum,

406 2075 465 2128 ὲν
493 2078 603 2138 τοῖς
626 2077 965 2149 περιλοίποις
990 2078 1215 2147 γέγονεν
1250 2081 1279 2132 6
1307 2081 1669 2152 πρωτότοκος.

478 2253 590 2308 Τοῦ
634 2252 810 2321 ἔτους
853 2252 924 2313 οὗ
968 2256 1254 2325 εἰσῆλθεν
1298 2258 1564 2313 Ταναθὰν
1607 2261 1694 2325 εις
1721 2256 1984 2321 Ἄζωτον,

402 2344 585 2412 ἡνίκα
616 2346 929 2417 ἀπεστάλη
956 2350 1073 2404 ὐπὸ
1110 2350 1287 2419 Ἀρνὰ
1306 2351 1613 2418 ,ϐασιλέως
1637 2352 1982 2419 Ἀσσυρίων,

401 2436 504 2491 καί
532 2438 874 2510 ἐπολέμησε
902 2442 1018 2510 τὴν
1042 2442 1306 2509 Ἄζωτον,
1347 2444 1446 2498 καί
1491 2444 1851 2498 κατελάϐετο
1881 2445 1986 2498 αὺ-

402 2529 534 2595 τὴν,
563 2533 697 2585 τότε
741 2532 1014 2601 ἐλάλησε
1039 2536 1253 2604 Κύριος
1282 2535 1432 2605 πρὸς
1471 2537 1717 2591 Ἡσαΐαν
1756 2536 1981 2607 λέγων·

399 2624 665 2690 Πορεύου
694 2624 793 2677 καὶ
817 2624 1006 2693 ἄφελε
1028 2626 1137 2680 τὸν
1158 2626 1393 2681 σάκκον
1434 2629 1555 2682 ἀπὸ
1605 2626 1713 2697 τῆς
1755 2629 1985 2696 ὀσφύος

398 2727 536 2777 σου,
578 2713 678 2767 καὶ
718 2714 790 2768 τὰ
837 2715 1139 2769 σανδάλιά
1181 2733 1298 2771 σου
1343 2718 1650 2772 ὑπόλυσαι
1697 2717 1818 2773 ἀπὸ
1866 2717 1986 2771 τῶν

401 2806 602 2861 ποδῶν
640 2821 759 2861 σου
783 2824 795 2838 ο
839 2808 937 2862 καὶ
988 2809 1280 2877 ἐποίησεν
1330 2810 1538 2876 οὕτως,
1580 2812 1983 2880 πορευόμενος

398 2899 625 2967 γυμνὸς
674 2900 775 2955 καὶ
823 2902 1214 2967 ἀνυπόδετος.
1268 2902 1383 2957 Καὶ
1421 2899 1552 2956 εἷπε
1590 2904 1832 2971 Κύριος-⁸
1876 2904 1985 2956 Ὃν

399 2991 622 3059 τρόπον
668 2995 1028 3061 πεπόρευται
1060 2994 1301 3060 Ἡσαΐας
1349 2997 1382 3048 ό
1421 2993 1562 3060 παῖς
1591 3011 1712 3062 μου
1758 2995 1985 3063 γυμνὸς

398 3082 497 3137 καί
522 3083 915 3152 ἁνυπόδετος,
949 3086 1081 3153 τρία
1112 3084 1215 3153 ἐτη
1243 3084 1415 3138 ἔσται
1438 3083 1658 3154 σημεῖα
1686 3083 1784 3137 καὶ
1818 3084 1985 3152 τέρα-

397 3194 471 3231 τα
491 3177 615 3243 τοῖς
639 3180 986 3247 Αἰγυπτίοις
1024 3178 1121 3231 καὶ
1150 3179 1427 3246 Αίθίοψιν
1448 3193 1461 3207 ·
1499 3176 1587 3229 ὅτι
1630 3176 1815 3241 οὕτως
1853 3174 1983 3239 ἄξει

2089 2077 2544 2146 quemadmodum
2576 2078 2653 2131 ait
2705 2077 2872 2132 David
2902 2079 2973 2144 ⁷⁸,
3022 2089 3079 2133 et
3128 2079 3179 2133 in
3217 2078 3458 2148 reliquiis
3482 2092 3675 2133 cense-

2090 2181 2178 2225 tur
2205 2172 2617 2241 primogenitus.

2158 2262 2287 2316 CAP.
2342 2260 2458 2317 XX.
2516 2260 2673 2316 Vsus.
2724 2261 2845 2315 1-4.
2908 2262 3059 2315 Anno
3121 2278 3224 2331 quo
3276 2262 3541 2331 ingressus
3598 2268 3672 2312 est

2091 2354 2372 2409 Tanai/tan
2423 2356 2479 2407 in
2534 2355 2780 2416 Azotum,
2825 2354 3033 2424 quando
3066 2353 3259 2407 missus
3287 2353 3352 2405 ab
3380 2351 3525 2406 Arna
3553 2366 3674 2421 rege

2087 2447 2445 2516 Assyriorum,
2483 2456 2528 2499 et
2557 2446 2782 2498 Azotum
2815 2460 3106 2513 aggressus
3146 2452 3222 2497 est
3261 2454 3308 2497 et
3336 2444 3511 2511 cepit,
3544 2453 3669 2495 tunc

2086 2537 2292 2592 locutus
2318 2548 2395 2593 est
2432 2538 2689 2593 Dominus
2748 2536 2931 2603 Isaias,
2972 2537 3151 2591 dicens
3177 2551 3197 2589 :
3260 2534 3423 2602 Vade,
3454 2546 3503 2589 et
3540 2549 3690 2597 exue.

2087 2642 2121 2678 a
2158 2624 2333 2680 lumbo
2380 2635 2470 2679 tuo
2514 2642 2747 2688 saccum,
2782 2636 2830 2680 et
2862 2626 3064 2681 calceos
3094 2638 3211 2680 tuos
3238 2627 3451 2679 detrahe
3484 2626 3549 2679 de
3582 2641 3672 2693 pe-

2086 2716 2239 2770 dibus
2271 2718 2396 2771 tuis.
2426 2717 2494 2770 Et
2516 2718 2639 2785 fecit
2668 2719 2765 2779 sic,
2799 2717 3043 2771 incedens
3083 2719 3257 2771 nudus
3293 2728 3342 2770 et
3384 2716 3674 2771 discalcea-

2086 2817 2191 2860 tus.
2242 2806 2308 2859 Et
2352 2808 2487 2860 dixit
2550 2806 2807 2861 Dominus
2844 2822 2863 2860 :
2929 2808 3384 2872 Quemadmodum
3434 2806 3673 2861 ambulat

2088 2896 2263 2952 Isaias
2306 2915 2485 2952 servus
2534 2915 2677 2953 meus
2713 2902 2885 2953 nudus
2915 2910 2965 2954 et
2995 2900 3368 2963 discalcealus,
3397 2901 3475 2954 sic
3503 2901 3673 2953 tribus

2087 2992 2242 3045 armis
2276 3001 2433 3045 erunt
2473 2992 2626 3062 signa
2665 3002 2713 3045 et
2761 2995 3005 3063 prodigia
3032 2993 3300 3063 .Egyptiis
3323 3004 3371 3047 et
3398 2991 3673 3062 .Ethiopi-

2088 3085 2225 3149 bus,
2277 3086 2404 3154 quia
2458 3085 2533 3138 sic
2582 3086 2736 3140 ducet
2786 3102 2881 3139 rex
2926 3090 3263 3157 Assyriorum
3314 3086 3673 3151 captivitatem

2087 3174 2313 3245 rEgypti
2354 3188 2401 3230 et
2456 3175 2767 3243 zEllu'opum
2809 3194 3029 3247 Juvenes
3095 3194 3345 3248 senesque
3404 3179 3575 3232 nudos
3623 3187 3673 3229 et

393 3271 692 3339 βασιλεὺς
728 3271 1057 3340 Ἀσσυρίων
1086 3270 1201 3339 τὴν
1239 3271 1660 3339 αἰχμαλωσίαν
1680 3269 1983 3338 Αἰγύπτου

2090 3267 2458 3334 discalceatos,
2501 3278 2709 3336 opertos
2747 3271 3000 3324 dedecore
3038 3269 3281 3340 Egypti.

395 3365 496 3418 καὶ
557 3365 873 3420 Αἰθιόπων.
960 3364 1335 3428 Νεανίσκους
1384 3360 1483 3415 καί
1530 3358 2011 3430 πρεσϐυτέρους,

394 3462 511 3530 τὴν
541 3462 847 3530 αίσχύνην
873 3462 1199 3530 Αἰγύπτου.

470 3558 816 3628 Διαπεράνας
839 3554 897 3611 εὖ
924 3557 1069 3627 μάλα
1094 3556 1182 3611 τὸν
1210 3557 1303 3610 ἐπὶ
1332 3559 1443 3619 τοῖς
1466 3554 1779 3624 Αἰγυπτίοις
1800 3554 1978 3623 λόγον,

394 3647 489 3700 καὶ
521 3648 642 3700 τίνα
669 3647 869 3718 τρόπον
897 3646 1252 3717 κεκλήσονται
1284 3645 1372 3698 διὰ
1398 3645 1631 3708 πίστεως
1666 3646 1745 3707 εἰς
1768 3643 1863 3715 τὴν
1885 3644 1983 3713 τῆς

392 3739 647 3812 ἀληθείας
686 3739 981 3807 ἐπίγνωσιν
1017 3736 1464 3810 προηγορευκὼς,
1496 3739 1770 3807 οἰκονομεῖ
1793 3754 1846 3788 τι
1877 3736 1979 3789 πά-

392 3829 477 3883 λιν
511 3828 618 3883 τῶν
647 3830 855 3900 ὅσαπερ
887 3824 956 3900 ἦν
983 3827 1229 3899 χρήσιμά
1277 3844 1337 3879 τε
1383 3826 1478 3881 καὶ
1525 3826 1799 3893 ἀναγκαῖα
1844 3824 1982 3895 πρὸς

392 3924 578 3994 ὄνησιν
612 3924 723 3986 τοῖς
754 3920 816 3987 ἐξ
855 3920 1094 3993 Ἰσραήλο
1127 3920 1221 3974 καὶ
1255 3920 1380 3972 ποῖα
1407 3918 1472 3989 δὴ
1497 3916 1672 3971 ταῦτά
1702 3919 1869 3980 ἐστιν,
1905 3917 1981 3980 ὡς

395 4016 451 4068 ὲν
481 4013 738 4085 βραχέσιν
761 4014 888 4089 ὲρῶ.
908 4010 1452 4102 Ἀφειδήσαντεςογὰρ
1476 4010 1570 4063 καὶ
1590 4010 1758 4080 αὐτῆς
1780 4008 1879 4079 τῆς
1901 4010 1980 4071 εἰς

395 4106 483 4159 τὸν
511 4105 598 4160 διὰ
628 4106 907 4171 Μωῦσὲως
937 4105 1100 4177 νόμον
1127 4099 1343 4167 αἰδοῦς,
1363 4102 1456 4155 καὶ
1489 4101 1593 4173 μὴν
1641 4104 1738 4154 καὶ
1765 4099 1867 4170 τῆς
1899 4100 1981 4161 εἰς

394 4200 526 4254 Θεὸν
571 4199 793 4269 ἀγάπης
837 4197 1291 4268 ὀλιγωρήσαντες,
1323 4192 1705 4248 ἁσυνετώτατα
1742 4190 1978 4261 κατεφέ-

394 4307 547 4362 ροντο
585 4290 721 4360 πρός
753 4305 816 4358 γε
849 4288 910 4342 τὸ
944 4289 1053 4341 δεῖν
1085 4288 1164 4350 εἰς
1196 4285 1456 4340 πολύὸεον
1486 4283 1812 4337 καθικέσθαι
1841 4282 1977 4335 πλά-

396 4399 567 4453 νησιν,
603 4382 698 4437 καὶ
740 4384 850 4444 τοῖς
894 4380 1076 4451 ἔργοις
1105 4378 1213 4432 τῶν
1247 4378 1391 4431 ἰδίων
1420 4377 1618 4448 χειρῶν
1660 4374 1971 4445 λατρεῦσαι.

394 4475 515 4536 Τοῖς
547 4474 602 4528 δὲ
634 4472 781 4538 ἅπαξ
813 4473 893 4536 εἰς
922 4470 1077 4524 τοῦτο
1119 4468 1343 4540 γνώμης
1397 4467 1757 4539 ὠλισθηκόσιν
1789 4467 1976 4520 ἀνεπι-

2096 3359 2355 3429 ιουμνοὺς
2406 3359 2507 3414 καί
2561 3361 2971 3429 ἁνυποόέτους
2997 3403 3012 3427 ,
3063 3363 3674 3434 ἀνακεκαλυμμένους

2163 3550 2295 3603 Cum
2345 3549 2582 3605 sermoni
2645 3549 2712 3603 de
2765 3547 3037 3620 Egyptiis
3081 3550 3239 3604 linem
3272 3550 3477 3618 optime
3503 3550 3673 3621 impo-

2032 3659 2043 3669 ν
2090 3644 2263 3697 suerit
2285 3682 2299 3707 ,
2356 3652 2408 3695 et
2436 3642 2890 3712 quemadmodum
2921 3644 3147 3696 vocandi
3176 3654 3363 3698 essent
3391 3658 3486 3713 per
3510 3642 3671 3699 Iidem

2089 3732 2156 3787 ad
2203 3733 2461 3787 veritatis
2502 3731 2835 3803 agnitionem
2894 3732 3223 3802 praedixerit,
3278 3748 3465 3787 rursus
3526 3734 3669 3803 quod

2091 3823 2353 3881 Israelitis
2377 3824 2609 3896 perutile
2630 3832 2687 3880 et
2708 3825 3172 3895 pernecessarium
3197 3834 3439 3896 est,apte
3457 3827 3667 3881 intexit.

2086 3916 2162 3970 Ea
2216 3933 2335 3987 qtae
2377 3918 2486 3973 sint
2533 3916 2724 3987 paucis
2750 3917 2949 3972 dicam.
2984 3916 3303 3986 Contempla
3332 3917 3477 3971 enim
3501 3916 3670 3987 ipsius

2082 4008 2221 4081 legis
2276 4010 2530 4065 Mosaica:
2582 4009 2888 4080 religione,
2948 4018 3003 4064 et
3064 4008 3332 4063 charitate
3384 4008 3436 4063 in
3497 4010 3665 4063 Deum

2081 4112 2289 4173 spreta,
2312 4117 2377 4157 eo
2401 4101 2638 4156 devoluti
2667 4111 2794 4155 sunt
2825 4101 3347 4169 imprudentissime,
3382 4110 3441 4155 nt
3473 4116 3665 4156 errore

2083 4197 2373 4249 multorum
2426 4194 2649 4248 deorum
2704 4194 3145 4257 involverentur,
3195 4202 3250 4247 ct
3292 4208 3512 4247 suarum
3554 4210 3669 4248 ma-

2075 4302 2241 4341 nuum
2303 4287 2560 4355 operibus
2618 4286 2913 4341 servirent.
2974 4286 3092 4352 Quo
3125 4287 3295 4341 semel
3326 4288 3378 4339 in
3416 4286 3655 4341 animum

2078 4380 2339 4444 demisso,
2395 4378 2527 4433 nihil
2580 4380 2849 4433 malorum
2885 4394 2992 4432 non
3041 4378 3515 4449 aggrediebantur.
3548 4378 3664 4446 Qua

2079 4474 2145 4529 de
2183 4488 2345 4528 causa
2388 4486 2761 4541 saepenumero
2812 4470 3178 4525 universitatis
3226 4470 3366 4526 Deus
3415 4471 3569 4526 bellis
3611 4479 3666 4525 et

394 4566 646 4637 τήδευτον
689 4561 757 4641 ἦν
805 4565 916 4618 τῶν
970 4563 1189 4634 φαύλων
1233 4563 1403 4616 οὐδέν.
1431 4562 1646 4632 Ταύτης
1680 4562 1844 4615 ἕνεκα
1872 4560 1972 4630 τῆς

2086 4565 2279 4633 proeliis
2301 4579 2393 4618 eos
2413 4564 2644 4627 vexavit,
2665 4579 2785 4618 cum
2806 4578 2900 4631 per
2923 4562 3180 4616 ﬁnitimas
3201 4572 3407 4630 gentes,
3428 4575 3541 4616 tum
3569 4578 3665 4632 per

394 4660 571 4723 αἰτίας
614 4658 834 4729 ὲπηφίει
877 4658 1191 4721 πλειστάκις
1234 4656 1417 4719 αὐτοῖς
1456 4657 1484 4709 6
1513 4655 1622 4708 τῶν
1655 4654 1793 4709 ὅλων
1842 4655 1973 4719 Θεὸς

394 4753 660 4824 πολέμους
684 4753 774 4807 καὶ
804 4752 1001 4823 μάχας,
1030 4751 1187 4807 τοῦτο
1216 4751 1316 4823 μὲν
1341 4751 1467 4814 τοὺς
1496 4750 1603 4803 ἀπό
1628 4766 1692 4819 γε
1711 4749 1818 4803 τῶν
1840 4751 1972 4820 ὁμό-

396 4862 503 4917 ρων
527 4844 718 4907 ἐθνῶν,
749 4844 905 4899 τοῦτο
932 4845 988 4898 δὲ
1010 4845 1136 4907 τοὺς
1174 4842 1325 4912 παρὰ
1357 4842 1580 4914 Περσῶν
1616 4859 1678 4896 τε
1720 4841 1814 4895 καὶ
1852 4842 1971 4911 Μή-

394 4935 536 4988 δων·
588 4939 637 4990 οἰ
686 4936 741 4989 δέ
788 4953 850 5004 γε
901 4937 998 5005 τῆς
1030 4934 1293 4997 Ἰουδαίας
1336 4932 1868 5005 κατεξανιστάμενοι,
1905 4933 1973 4985 τὰ

394 5030 558 5100 ἕτερα
601 5028 708 5082 τῶν
746 5027 916 5081 ἐθνῶν
958 5024 1461 5098 προκαταδῃοῦντες
1498 5024 1609 5078 ἔσθ’
1635 5026 1745 5088 ὅτε,
1785 5025 1975 5090 δεινοῖς

395 5124 488 5176 καὶ
521 5122 813 5191 ἀφορήτοις
852 5118 1101 5191 δείμασιν
1148 5118 1355 5188 ὁμιλεῖν
1402 5116 1815 5188 παρεσκεύαζον
1849 5118 1976 5181 τοὺς

394 5214 455 5283 ea
498 5212 731 5284 Ἰσραήλ.
760 5213 825 5265 Οἰ
851 5212 908 5265 δὲ
932 5212 1106 5265 καίτοι
1136 5210 1253 5263 δέον
1281 5208 1371 5262 τὸν
1402 5208 1511 5261 τῶν
1542 5209 1676 5263 ὅλων
1702 5209 1976 5280 ἐκμειλίσο

396 5304 585 5358 σεσθαι
616 5303 767 5369 Θεὸν,
798 5304 890 5356 καὶ
923 5302 1149 5356 ἀνοσίων
1183 5301 1281 5371 μὲν
1302 5302 1603 5371 ἀποφοιτᾷν
1626 5302 1977 5372 σπουδασμά-

402 5412 521 5460 εων,
561 5394 947 5464 μεταχωρῆσαι
996 5394 1052 5446 δὲ
1105 5392 1303 5463 μᾶλλον
1328 5393 1423 5446 ἐπὶ
1453 5392 1514 5445 τὸ
1554 5393 1703 5462 αὐτῷ
1743 5394 1933 5447 δοκοῦν
1957 5436 1972 5461 ,

394 5485 491 5538 καὶ
533 5484 915 5553 ἀπολογεῖσθαι
964 5484 1339 5556 λελυπημένῳ,
1373 5486 1461 5539 διά
1505 5503 1566 5553 γε
1611 5486 1712 5557 τῆς
1756 5488 1821 5540 ἐκ
1865 5489 1975 5542 τῶν

2081 4656 2277 4711 Persas
2307 4665 2360 4712 et
2385 4656 2568 4711 Medos
2600 4674 2613 4709 :
2648 4657 2739 4725 qui
2774 4657 2827 4709 in
2851 4653 3088 4710 Judaaam
3121 4655 3482 4723 impressione
3517 4654 3659 4706 facta

2081 4750 2204 4804 aliis
2256 4749 2508 4818 gentibus
2560 4748 2709 4819 prius
2768 4747 3035 4809 vastatis,
3098 4745 3373 4799 lsraelitas
3409 4745 3558 4811 gravi
3610 4755 3661 4797 et

2080 4841 2420 4897 intolerando
2458 4852 2601 4896 metu
2655 4858 2761 4893 non
2797 4856 2919 4894 raro
2956 4840 3357 4893 exanimarunt.
3413 4835 3479 4890 Hi
3534 4852 3665 4890 vero

2079 4949 2203 4988 cum
2235 4933 2608 4987 universitatis
2660 4933 2825 4986 Deum
2859 4931 3108 4986 emollire
3143 4939 3198 4984 et
3233 4928 3472 4998 placare,
3504 4938 3559 4983 et
3594 4932 3662 4984 ab

2079 5026 2260 5096 impiis
2310 5024 2507 5079 studiis
2538 5023 2727 5092 pedem
2764 5022 2990 5087 referre,
3024 5030 3080 5075 et
3110 5021 3289 5090 potius
3317 5020 3381 5073 ad
3414 5019 3507 5075 Dei
3544 5021 3662 5089 pla-

2078 5120 2245 5173 citum
2295 5132 2354 5173 se
2404 5117 2673 5178 conferre,
2710 5127 2763 5170 et
2794 5129 2854 5169 se
2883 5115 2930 5168 ei
2965 5113 3179 5169 oﬂ'enso
3213 5125 3466 5181 purgare,
3499 5120 3663 5179 atque

2077 5226 2107 5264 a
2163 5209 2492 5278 turpioribus
2544 5207 2610 5261 ad
2668 5206 2889 5259 meliora
2935 5203 3252 5273 confugere,
3292 5213 3346 5256 et
3390 5203 3463 5256 ita
3503 5203 3569 5256 ab
3594 5217 3659 5256 eo

2078 5304 2330 5367 salutem,
2377 5310 2431 5354 et
2456 5300 2674 5370 quidem
2709 5297 2875 5367 300
2901 5295 3072 5351 solam
3108 5310 3374 5365 quaerere,
3408 5310 3659 5348 manum-

2075 5411 2180 5467 que
2208 5410 2429 5465 semper
2462 5403 2878 5449 conservantem
2935 5397 2989 5443 et
3011 5389 3375 5443 vindicantem
3406 5399 3659 5459 expetere

2074 5490 2371 5543 deberent:
2423 5488 2475 5542 id
2516 5502 2646 5542 sane
2679 5485 2874 5541 miselli
2908 5497 3013 5537 non
3046 5483 3310 5547 fecerunt,
3344 5484 3436 5537 sed
3467 5496 3654 5537 σοι-τοο

392 5577 680 5647 αἰσχιόνων
711 5578 790 5638 εἰς
826 5576 888 5628 τὸ
924 5575 1144 5646 ἄμεινον
1190 5575 1554 5647 μεταδρομῆς,
1586 5576 1728 5631 οὕτω
1770 5595 1828 5631 τε
1876 5578 1973 5651 τὴν

2086 5582 2211 5651 gatis
2243 5591 2296 5637 et
2319 5581 2669 5637 emendicalis
2694 5580 2761 5635 ab
2784 5581 3094 5636 hominibus
3118 5575 3359 5642 auxiliis,
3385 5576 3654 5630 interdum

393 5669 525 5739 παρ’
563 5666 727 5721 αὐτοῦ
775 5666 868 5721 καὶ
920 5668 1081 5738 μόνου
1117 5668 1385 5739 σωτηρίαν
1416 5669 1714 5739 ἐπιζητεῖν,
1748 5672 1843 5726 καὶ
1874 5670 1971 5743 τὴν

2086 5673 2329 5729 initimos
2379 5673 2645 5745 quosdam
2708 5675 2775 5729 ad
2831 5672 2932 5728 hoc
2977 5679 3294 5737 evocarunt,
3338 5668 3553 5724 interim
3604 5675 3657 5723 et

466 5852 510 5883 "
552 5850 710 5904 llotn.
752 5866 825 5917 xu.
860 5849 949 5904 25.
1026 5850 1069 5881 ⁷ο
1100 5848 1240 5905 Psal.
1264 5865 1353 5917 xx,
1388 5850 1473 5907 l5.
