  <div class='ocr_page' id='page_1' title='image "/cluster/home/n/w/nwhite01/storage/ocr_20150623/70/nnc1.0046980253/257.png"; bbox 0 0 4148 6378; ppageno 0'>
   <div class='ocr_carea' id='block_1_1' title="bbox 500 385 608 442">
    <p class='ocr_par' dir='ltr' id='par_1_1' title="bbox 500 385 608 442">
     <span class='ocr_line' id='line_1_1' title="bbox 500 385 608 442; baseline 0.028 -3"><span class='ocrx_word' id='word_1_1' title='bbox 500 385 608 442; x_wconf 67' lang='grc' dir='ltr'><strong>Γθ</strong></span> 
     </span>
    </p>
   </div>
   <div class='ocr_carea' id='block_1_2' title="bbox 1493 383 2733 443">
    <p class='ocr_par' dir='ltr' id='par_1_2' title="bbox 1493 383 2733 443">
     <span class='ocr_line' id='line_1_2' title="bbox 1493 383 2733 443; baseline 0.002 -4"><span class='ocrx_word' id='word_1_2' title='bbox 1493 388 1550 440; x_wconf 87' lang='lat' dir='ltr'><strong>S.</strong></span> <span class='ocrx_word' id='word_1_3' title='bbox 1591 384 1865 441; x_wconf 72' lang='lat' dir='ltr'><strong>CYlllLLl</strong></span> <span class='ocrx_word' id='word_1_4' title='bbox 1911 383 2376 442; x_wconf 74' lang='lat' dir='ltr'><strong>ALEXANDRINI</strong></span> <span class='ocrx_word' id='word_1_5' title='bbox 2415 386 2733 443; x_wconf 73' lang='lat' dir='ltr'><strong>ARCHIEP.</strong></span> 
     </span>
    </p>
   </div>
   <div class='ocr_carea' id='block_1_3' title="bbox 3640 388 3738 444">
    <p class='ocr_par' dir='ltr' id='par_1_3' title="bbox 3640 388 3738 444">
     <span class='ocr_line' id='line_1_3' title="bbox 3640 388 3738 444; baseline 0.02 -2"><span class='ocrx_word' id='word_1_6' title='bbox 3640 388 3738 444; x_wconf 67' lang='grc' dir='ltr'><strong>μιν</strong></span> 
     </span>
    </p>
   </div>
   <div class='ocr_carea' id='block_1_4' title="bbox 500 499 2049 579">
    <p class='ocr_par' dir='ltr' id='par_1_4' title="bbox 500 499 2049 578">
     <span class='ocr_line' id='line_1_4' title="bbox 500 499 2049 578; baseline 0.007 -28"><span class='ocrx_word' id='word_1_7' title='bbox 500 502 707 554; x_wconf 80' lang='lat' dir='ltr'><strong>vicinos</strong></span> <span class='ocrx_word' id='word_1_8' title='bbox 744 499 1052 572; x_wconf 65' lang='lat' dir='ltr'><strong>Egyptios.</strong></span> <span class='ocrx_word' id='word_1_9' title='bbox 1101 505 1358 560; x_wconf 79' lang='lat' dir='ltr'><strong>addentes</strong></span> <span class='ocrx_word' id='word_1_10' title='bbox 1410 507 1745 576; x_wconf 74' lang='lat' dir='ltr'><strong>iniquitatem</strong></span> <span class='ocrx_word' id='word_1_11' title='bbox 1790 508 2049 578; x_wconf 75' lang='lat' dir='ltr'><strong>iniqtntat‘</strong></span> 
     </span>
    </p>
   </div>
   <div class='ocr_carea' id='block_1_5' title="bbox 2152 499 3737 579">
    <p class='ocr_par' dir='ltr' id='par_1_5' title="bbox 2165 505 3737 579">
     <span class='ocr_line' id='line_1_5' title="bbox 2165 505 3737 579; baseline 0 -18"><span class='ocrx_word' id='word_1_12' title='bbox 2165 508 2250 561; x_wconf 67' lang='grc' dir='ltr'><strong>ἀεὶ</strong></span> <span class='ocrx_word' id='word_1_13' title='bbox 2282 508 2557 574; x_wconf 71' lang='grc' dir='ltr'>σώζουσάν</span> <span class='ocrx_word' id='word_1_14' title='bbox 2589 527 2647 563; x_wconf 85' lang='grc' dir='ltr'>τε</span> <span class='ocrx_word' id='word_1_15' title='bbox 2681 510 2773 562; x_wconf 79' lang='grc' dir='ltr'><strong>καὶ</strong></span> <span class='ocrx_word' id='word_1_16' title='bbox 2803 507 3187 577; x_wconf 82' lang='grc' dir='ltr'>ὲπαμύνουσαν</span> <span class='ocrx_word' id='word_1_17' title='bbox 3229 510 3403 579; x_wconf 77' lang='grc' dir='ltr'>χεῖρα·</span> <span class='ocrx_word' id='word_1_18' title='bbox 3443 505 3603 561; x_wconf 78' lang='grc' dir='ltr'>τοῦτο</span> <span class='ocrx_word' id='word_1_19' title='bbox 3642 509 3737 579; x_wconf 63' lang='grc' dir='ltr'>μὲν</span> 
     </span>
    </p>
   </div>
   <div class='ocr_carea' id='block_1_6' title="bbox 496 593 2063 668">
    <p class='ocr_par' dir='ltr' id='par_1_6' title="bbox 496 593 2063 668">
     <span class='ocr_line' id='line_1_6' title="bbox 496 593 2063 668; baseline 0.005 -25"><span class='ocrx_word' id='word_1_20' title='bbox 496 607 628 657; x_wconf 70' lang='lat' dir='ltr'><strong>sum,</strong></span> <span class='ocrx_word' id='word_1_21' title='bbox 671 593 744 646; x_wconf 88' lang='lat' dir='ltr'><strong>ttti</strong></span> <span class='ocrx_word' id='word_1_22' title='bbox 795 595 1053 662; x_wconf 88' lang='lat' dir='ltr'><strong>scriptum</strong></span> <span class='ocrx_word' id='word_1_23' title='bbox 1105 606 1189 649; x_wconf 86' lang='lat' dir='ltr'><strong>est</strong></span> <span class='ocrx_word' id='word_1_24' title='bbox 1223 597 1266 627; x_wconf 79' lang='lat'>”</span> <span class='ocrx_word' id='word_1_25' title='bbox 1296 616 1309 651; x_wconf 91' lang='lat'><strong>:</strong></span> <span class='ocrx_word' id='word_1_26' title='bbox 1347 607 1397 651; x_wconf 90' lang='lat' dir='ltr'><strong>et</strong></span> <span class='ocrx_word' id='word_1_27' title='bbox 1429 599 1526 651; x_wconf 88' lang='lat' dir='ltr'><strong>hoc</strong></span> <span class='ocrx_word' id='word_1_28' title='bbox 1552 600 1668 668; x_wconf 84' lang='lat' dir='ltr'><strong>ipso</strong></span> <span class='ocrx_word' id='word_1_29' title='bbox 1701 597 1865 653; x_wconf 87' lang='lat' dir='ltr'><strong>Deum</strong></span> <span class='ocrx_word' id='word_1_30' title='bbox 1887 600 2063 651; x_wconf 88' lang='lat' dir='ltr'><strong>omni-</strong></span> 
     </span>
    </p>
   </div>
   <div class='ocr_carea' id='block_1_7' title="bbox 501 686 2061 758">
    <p class='ocr_par' dir='ltr' id='par_1_7' title="bbox 501 686 2061 758">
     <span class='ocr_line' id='line_1_7' title="bbox 501 686 2061 758; baseline 0.006 -24"><span class='ocrx_word' id='word_1_31' title='bbox 501 691 772 749; x_wconf 73' lang='lat' dir='ltr'><strong>potentem</strong></span> <span class='ocrx_word' id='word_1_32' title='bbox 826 686 892 737; x_wconf 87' lang='lat' dir='ltr'><strong>ad</strong></span> <span class='ocrx_word' id='word_1_33' title='bbox 942 686 1075 739; x_wconf 87' lang='lat' dir='ltr'><strong>iram</strong></span> <span class='ocrx_word' id='word_1_34' title='bbox 1134 689 1568 742; x_wconf 88' lang='lat' dir='ltr'><strong>exstimularunt.</strong></span> <span class='ocrx_word' id='word_1_35' title='bbox 1623 690 1761 743; x_wconf 89' lang='lat' dir='ltr'><strong>Dixit</strong></span> <span class='ocrx_word' id='word_1_36' title='bbox 1795 691 2061 758; x_wconf 76' lang='lat' dir='ltr'><strong>siquidem</strong></span> 
     </span>
    </p>
   </div>
   <div class='ocr_carea' id='block_1_8' title="bbox 496 778 2059 851">
    <p class='ocr_par' dir='ltr' id='par_1_8' title="bbox 496 778 2059 851">
     <span class='ocr_line' id='line_1_8' title="bbox 496 778 2059 851; baseline 0.008 -28"><span class='ocrx_word' id='word_1_37' title='bbox 496 788 595 841; x_wconf 75' lang='lat' dir='ltr'><strong>per</strong></span> <span class='ocrx_word' id='word_1_38' title='bbox 636 790 797 827; x_wconf 92' lang='lat' dir='ltr'><strong>unum</strong></span> <span class='ocrx_word' id='word_1_39' title='bbox 849 790 880 829; x_wconf 88' lang='lat' dir='ltr'><strong>e</strong></span> <span class='ocrx_word' id='word_1_40' title='bbox 932 778 1131 831; x_wconf 89' lang='lat' dir='ltr'><strong>sanctis</strong></span> <span class='ocrx_word' id='word_1_41' title='bbox 1159 780 1437 848; x_wconf 87' lang='lat' dir='ltr'><strong>prophetis</strong></span> <span class='ocrx_word' id='word_1_42' title='bbox 1471 800 1485 836; x_wconf 89' lang='lat'><strong>:</strong></span> <span class='ocrx_word' id='word_1_43' title='bbox 1520 800 1538 832; x_wconf 78' lang='grc' dir='ltr'><strong>ι</strong></span> <span class='ocrx_word' id='word_1_44' title='bbox 1568 781 1632 834; x_wconf 87' lang='lat' dir='ltr'><strong>Et</strong></span> <span class='ocrx_word' id='word_1_45' title='bbox 1654 793 1771 835; x_wconf 89' lang='lat' dir='ltr'><strong>erat</strong></span> <span class='ocrx_word' id='word_1_46' title='bbox 1803 780 2059 851; x_wconf 81' lang='lat' dir='ltr'><strong>Epltraim</strong></span> 
     </span>
    </p>
   </div>
   <div class='ocr_carea' id='block_1_9' title="bbox 494 864 2063 947">
    <p class='ocr_par' dir='ltr' id='par_1_9' title="bbox 494 864 2063 947">
     <span class='ocr_line' id='line_1_9' title="bbox 494 864 2063 947; baseline 0.011 -34"><span class='ocrx_word' id='word_1_47' title='bbox 494 864 739 917; x_wconf 78' lang='lat' dir='ltr'><strong>columba</strong></span> <span class='ocrx_word' id='word_1_48' title='bbox 788 880 994 930; x_wconf 87' lang='lat' dir='ltr'><strong>amens,</strong></span> <span class='ocrx_word' id='word_1_49' title='bbox 1046 884 1141 923; x_wconf 91' lang='lat' dir='ltr'><strong>cor</strong></span> <span class='ocrx_word' id='word_1_50' title='bbox 1184 886 1288 924; x_wconf 92' lang='lat' dir='ltr'><strong>non</strong></span> <span class='ocrx_word' id='word_1_51' title='bbox 1324 871 1566 937; x_wconf 81' lang='lat' dir='ltr'><strong>habens;</strong></span> <span class='ocrx_word' id='word_1_52' title='bbox 1604 876 1872 929; x_wconf 75' lang='lat' dir='ltr'><strong>invocavit</strong></span> <span class='ocrx_word' id='word_1_53' title='bbox 1898 874 2063 947; x_wconf 60' lang='lat' dir='ltr'><strong>Egy-</strong></span> 
     </span>
    </p>
   </div>
   <div class='ocr_carea' id='block_1_10' title="bbox 493 958 2061 1036">
    <p class='ocr_par' dir='ltr' id='par_1_10' title="bbox 493 958 2061 1036">
     <span class='ocr_line' id='line_1_10' title="bbox 493 958 2061 1036; baseline 0.01 -31"><span class='ocrx_word' id='word_1_54' title='bbox 493 964 661 1020; x_wconf 86' lang='lat' dir='ltr'><strong>ptum,</strong></span> <span class='ocrx_word' id='word_1_55' title='bbox 694 966 747 1009; x_wconf 94' lang='lat' dir='ltr'><strong>et</strong></span> <span class='ocrx_word' id='word_1_56' title='bbox 774 958 840 1009; x_wconf 89' lang='lat' dir='ltr'><strong>ad</strong></span> <span class='ocrx_word' id='word_1_57' title='bbox 876 960 1122 1029; x_wconf 80' lang='lat' dir='ltr'><strong>Assyrios</strong></span> <span class='ocrx_word' id='word_1_58' title='bbox 1147 962 1372 1030; x_wconf 78' lang='lat' dir='ltr'><strong>profecti</strong></span> <span class='ocrx_word' id='word_1_59' title='bbox 1403 974 1530 1018; x_wconf 84' lang='lat' dir='ltr'><strong>sunt</strong></span> <span class='ocrx_word' id='word_1_60' title='bbox 1563 966 1627 1019; x_wconf 83' lang='lat'><strong>&quot;.</strong></span> <span class='ocrx_word' id='word_1_61' title='bbox 1667 984 1685 1015; x_wconf 73' lang='grc' dir='ltr'>ι</span> <span class='ocrx_word' id='word_1_62' title='bbox 1723 966 1859 1032; x_wconf 86' lang='lat' dir='ltr'><strong>Quin</strong></span> <span class='ocrx_word' id='word_1_63' title='bbox 1886 978 1938 1019; x_wconf 90' lang='lat' dir='ltr'><strong>et</strong></span> <span class='ocrx_word' id='word_1_64' title='bbox 1968 983 2061 1036; x_wconf 88' lang='lat' dir='ltr'><strong>per</strong></span> 
     </span>
    </p>
   </div>
   <div class='ocr_carea' id='block_1_11' title="bbox 492 1048 2055 1118">
    <p class='ocr_par' dir='ltr' id='par_1_11' title="bbox 492 1048 2055 1118">
     <span class='ocr_line' id='line_1_11' title="bbox 492 1048 2055 1118; baseline 0.012 -22"><span class='ocrx_word' id='word_1_65' title='bbox 492 1048 667 1110; x_wconf 85' lang='lat' dir='ltr'><strong>ipsum</strong></span> <span class='ocrx_word' id='word_1_66' title='bbox 718 1050 1032 1118; x_wconf 72' lang='lat' dir='ltr'><strong>prophetam</strong></span> <span class='ocrx_word' id='word_1_67' title='bbox 1083 1051 1275 1107; x_wconf 78' lang='lat' dir='ltr'><strong>Isaiam</strong></span> <span class='ocrx_word' id='word_1_68' title='bbox 1306 1072 1319 1109; x_wconf 91' lang='lat'><strong>:</strong></span> <span class='ocrx_word' id='word_1_69' title='bbox 1359 1074 1378 1106; x_wconf 74' lang='grc' dir='ltr'>ι</span> <span class='ocrx_word' id='word_1_70' title='bbox 1409 1054 1501 1109; x_wconf 78' lang='lat' dir='ltr'><strong>Va:</strong></span> <span class='ocrx_word' id='word_1_71' title='bbox 1530 1058 1975 1113; x_wconf 83' lang='lat' dir='ltr'><strong>descendentibus</strong></span> <span class='ocrx_word' id='word_1_72' title='bbox 2004 1060 2055 1114; x_wconf 92' lang='lat' dir='ltr'><strong>in</strong></span> 
     </span>
    </p>
   </div>
   <div class='ocr_carea' id='block_1_12' title="bbox 487 1135 2059 1217">
    <p class='ocr_par' dir='ltr' id='par_1_12' title="bbox 487 1135 2059 1217">
     <span class='ocr_line' id='line_1_12' title="bbox 487 1135 2059 1217; baseline 0.011 -29"><span class='ocrx_word' id='word_1_73' title='bbox 487 1135 778 1207; x_wconf 68' lang='lat' dir='ltr'><strong>Aigyptum</strong></span> <span class='ocrx_word' id='word_1_74' title='bbox 831 1154 927 1209; x_wconf 91' lang='lat' dir='ltr'><strong>pro</strong></span> <span class='ocrx_word' id='word_1_75' title='bbox 979 1143 1239 1209; x_wconf 92' lang='lat' dir='ltr'><strong>subsidio,</strong></span> <span class='ocrx_word' id='word_1_76' title='bbox 1286 1147 1375 1214; x_wconf 86' lang='lat' dir='ltr'><strong>qui</strong></span> <span class='ocrx_word' id='word_1_77' title='bbox 1422 1148 1473 1201; x_wconf 93' lang='lat' dir='ltr'><strong>iu</strong></span> <span class='ocrx_word' id='word_1_78' title='bbox 1517 1148 1672 1217; x_wconf 89' lang='lat' dir='ltr'><strong>equis</strong></span> <span class='ocrx_word' id='word_1_79' title='bbox 1716 1150 1901 1204; x_wconf 93' lang='lat' dir='ltr'><strong>couﬁsi</strong></span> <span class='ocrx_word' id='word_1_80' title='bbox 1935 1160 2059 1205; x_wconf 87' lang='lat' dir='ltr'><strong>sunt</strong></span> 
     </span>
    </p>
   </div>
   <div class='ocr_carea' id='block_1_13' title="bbox 488 1232 2058 1311">
    <p class='ocr_par' dir='ltr' id='par_1_13' title="bbox 488 1232 2058 1311">
     <span class='ocr_line' id='line_1_13' title="bbox 488 1232 2058 1311; baseline 0.011 -32"><span class='ocrx_word' id='word_1_81' title='bbox 488 1240 544 1281; x_wconf 77' lang='lat' dir='ltr'><strong>et</strong></span> <span class='ocrx_word' id='word_1_82' title='bbox 590 1232 860 1287; x_wconf 88' lang='lat' dir='ltr'><strong>curribus.</strong></span> <span class='ocrx_word' id='word_1_83' title='bbox 916 1234 1055 1289; x_wconf 90' lang='lat' dir='ltr'><strong>Sunt</strong></span> <span class='ocrx_word' id='word_1_84' title='bbox 1083 1238 1230 1291; x_wconf 85' lang='lat' dir='ltr'><strong>enim</strong></span> <span class='ocrx_word' id='word_1_85' title='bbox 1263 1238 1438 1301; x_wconf 92' lang='lat' dir='ltr'><strong>multi,</strong></span> <span class='ocrx_word' id='word_1_86' title='bbox 1474 1249 1531 1293; x_wconf 78' lang='lat' dir='ltr'><strong>et</strong></span> <span class='ocrx_word' id='word_1_87' title='bbox 1559 1255 1744 1293; x_wconf 91' lang='lat' dir='ltr'><strong>eorum</strong></span> <span class='ocrx_word' id='word_1_88' title='bbox 1778 1243 1868 1309; x_wconf 88' lang='lat' dir='ltr'><strong>qui</strong></span> <span class='ocrx_word' id='word_1_89' title='bbox 1905 1243 2058 1311; x_wconf 84' lang='lat' dir='ltr'><strong>equis</strong></span> 
     </span>
    </p>
   </div>
   <div class='ocr_carea' id='block_1_14' title="bbox 491 1320 2057 1396">
    <p class='ocr_par' dir='ltr' id='par_1_14' title="bbox 491 1320 2057 1396">
     <span class='ocr_line' id='line_1_14' title="bbox 491 1320 2057 1396; baseline 0.01 -26"><span class='ocrx_word' id='word_1_90' title='bbox 491 1320 726 1374; x_wconf 82' lang='lat' dir='ltr'><strong>insident</strong></span> <span class='ocrx_word' id='word_1_91' title='bbox 778 1324 1064 1379; x_wconf 87' lang='lat' dir='ltr'><strong>multitudo</strong></span> <span class='ocrx_word' id='word_1_92' title='bbox 1141 1341 1355 1396; x_wconf 79' lang='lat' dir='ltr'><strong>magna.</strong></span> <span class='ocrx_word' id='word_1_93' title='bbox 1410 1328 1475 1382; x_wconf 86' lang='lat' dir='ltr'><strong>Et</strong></span> <span class='ocrx_word' id='word_1_94' title='bbox 1523 1345 1627 1383; x_wconf 91' lang='lat' dir='ltr'><strong>non</strong></span> <span class='ocrx_word' id='word_1_95' title='bbox 1681 1329 1871 1385; x_wconf 87' lang='lat' dir='ltr'><strong>conﬁsi</strong></span> <span class='ocrx_word' id='word_1_96' title='bbox 1931 1340 2057 1385; x_wconf 84' lang='lat' dir='ltr'><strong>sunt</strong></span> 
     </span>
    </p>
   </div>
   <div class='ocr_carea' id='block_1_15' title="bbox 487 1412 2056 1489">
    <p class='ocr_par' dir='ltr' id='par_1_15' title="bbox 487 1412 2056 1489">
     <span class='ocr_line' id='line_1_15' title="bbox 487 1412 2056 1489; baseline 0.008 -28"><span class='ocrx_word' id='word_1_97' title='bbox 487 1412 687 1465; x_wconf 76' lang='lat' dir='ltr'><strong>Sancto</strong></span> <span class='ocrx_word' id='word_1_98' title='bbox 738 1414 976 1478; x_wconf 87' lang='lat' dir='ltr'><strong>Israelis,</strong></span> <span class='ocrx_word' id='word_1_99' title='bbox 1016 1429 1071 1469; x_wconf 92' lang='lat' dir='ltr'><strong>et</strong></span> <span class='ocrx_word' id='word_1_100' title='bbox 1121 1417 1284 1471; x_wconf 88' lang='lat' dir='ltr'><strong>Deum</strong></span> <span class='ocrx_word' id='word_1_101' title='bbox 1340 1434 1445 1472; x_wconf 91' lang='lat' dir='ltr'><strong>nou</strong></span> <span class='ocrx_word' id='word_1_102' title='bbox 1500 1421 1947 1489; x_wconf 89' lang='lat' dir='ltr'><strong>exquisiverunt;</strong></span> <span class='ocrx_word' id='word_1_103' title='bbox 2001 1433 2056 1477; x_wconf 90' lang='lat' dir='ltr'><strong>et</strong></span> 
     </span>
    </p>
   </div>
   <div class='ocr_carea' id='block_1_16' title="bbox 485 1502 2054 1583">
    <p class='ocr_par' dir='ltr' id='par_1_16' title="bbox 485 1502 2054 1583">
     <span class='ocr_line' id='line_1_16' title="bbox 485 1502 2054 1583; baseline 0.013 -33"><span class='ocrx_word' id='word_1_104' title='bbox 485 1502 759 1568; x_wconf 68' lang='lat' dir='ltr'><strong>sapienter</strong></span> <span class='ocrx_word' id='word_1_105' title='bbox 813 1506 926 1573; x_wconf 91' lang='lat' dir='ltr'><strong>ipse</strong></span> <span class='ocrx_word' id='word_1_106' title='bbox 976 1506 1172 1562; x_wconf 87' lang='lat' dir='ltr'><strong>inﬁixit</strong></span> <span class='ocrx_word' id='word_1_107' title='bbox 1232 1509 1337 1563; x_wconf 89' lang='lat' dir='ltr'><strong>illis</strong></span> <span class='ocrx_word' id='word_1_108' title='bbox 1387 1511 1545 1577; x_wconf 81' lang='lat' dir='ltr'><strong>mala,</strong></span> <span class='ocrx_word' id='word_1_109' title='bbox 1584 1522 1637 1566; x_wconf 91' lang='lat' dir='ltr'><strong>et</strong></span> <span class='ocrx_word' id='word_1_110' title='bbox 1684 1515 1904 1567; x_wconf 83' lang='lat' dir='ltr'><strong>verbum</strong></span> <span class='ocrx_word' id='word_1_111' title='bbox 1940 1516 2054 1583; x_wconf 84' lang='lat' dir='ltr'><strong>ejus</strong></span> 
     </span>
    </p>
   </div>
   <div class='ocr_carea' id='block_1_17' title="bbox 486 1591 2054 1677">
    <p class='ocr_par' dir='ltr' id='par_1_17' title="bbox 486 1591 2054 1677">
     <span class='ocr_line' id='line_1_17' title="bbox 486 1591 2054 1677; baseline 0.013 -36"><span class='ocrx_word' id='word_1_112' title='bbox 486 1604 591 1641; x_wconf 82' lang='lat' dir='ltr'><strong>non</strong></span> <span class='ocrx_word' id='word_1_113' title='bbox 640 1591 986 1649; x_wconf 69' lang='lat' dir='ltr'><strong>l‘rustrabitttr</strong></span> <span class='ocrx_word' id='word_1_114' title='bbox 1027 1598 1093 1651; x_wconf 81' lang='grc'><strong>⁷³.</strong></span> <span class='ocrx_word' id='word_1_115' title='bbox 1138 1618 1156 1652; x_wconf 74' lang='grc' dir='ltr'>ι</span> <span class='ocrx_word' id='word_1_116' title='bbox 1213 1599 1345 1655; x_wconf 90' lang='lat' dir='ltr'><strong>Cum</strong></span> <span class='ocrx_word' id='word_1_117' title='bbox 1413 1602 1579 1671; x_wconf 86' lang='lat' dir='ltr'><strong>igitur</strong></span> <span class='ocrx_word' id='word_1_118' title='bbox 1609 1603 1850 1659; x_wconf 86' lang='lat' dir='ltr'><strong>Tanatha</strong></span> <span class='ocrx_word' id='word_1_119' title='bbox 1914 1608 2054 1677; x_wconf 80' lang='lat' dir='ltr'><strong>regis</strong></span> 
     </span>
    </p>
   </div>
   <div class='ocr_carea' id='block_1_18' title="bbox 486 1683 2053 1767">
    <p class='ocr_par' dir='ltr' id='par_1_18' title="bbox 486 1683 2053 1767">
     <span class='ocr_line' id='line_1_18' title="bbox 486 1683 2053 1767; baseline 0.012 -34"><span class='ocrx_word' id='word_1_120' title='bbox 486 1683 831 1752; x_wconf 78' lang='lat' dir='ltr'><strong>Assyriorum</strong></span> <span class='ocrx_word' id='word_1_121' title='bbox 889 1688 995 1743; x_wconf 78' lang='lat' dir='ltr'><strong>dux</strong></span> <span class='ocrx_word' id='word_1_122' title='bbox 1042 1703 1405 1767; x_wconf 74' lang='lat' dir='ltr'><strong>oppugnasset</strong></span> <span class='ocrx_word' id='word_1_123' title='bbox 1457 1694 1708 1759; x_wconf 81' lang='lat' dir='ltr'><strong>Azotnut,</strong></span> <span class='ocrx_word' id='word_1_124' title='bbox 1750 1699 1909 1767; x_wconf 82' lang='lat' dir='ltr'><strong>vique</strong></span> <span class='ocrx_word' id='word_1_125' title='bbox 1964 1713 2053 1753; x_wconf 80' lang='lat' dir='ltr'><strong>ce-</strong></span> 
     </span>
    </p>
   </div>
   <div class='ocr_carea' id='block_1_19' title="bbox 485 1774 2051 1861">
    <p class='ocr_par' dir='ltr' id='par_1_19' title="bbox 485 1774 2051 1861">
     <span class='ocr_line' id='line_1_19' title="bbox 485 1774 2051 1861; baseline 0.013 -37"><span class='ocrx_word' id='word_1_126' title='bbox 485 1774 650 1841; x_wconf 84' lang='lat' dir='ltr'><strong>pisset</strong></span> <span class='ocrx_word' id='word_1_127' title='bbox 686 1776 823 1847; x_wconf 85' lang='lat' dir='ltr'><strong>(erat</strong></span> <span class='ocrx_word' id='word_1_128' title='bbox 860 1791 1036 1835; x_wconf 89' lang='lat' dir='ltr'><strong>autem</strong></span> <span class='ocrx_word' id='word_1_129' title='bbox 1085 1784 1197 1837; x_wconf 69' lang='lat' dir='ltr'><strong>haec</strong></span> <span class='ocrx_word' id='word_1_130' title='bbox 1250 1786 1451 1854; x_wconf 77' lang='lat' dir='ltr'><strong>regioni</strong></span> <span class='ocrx_word' id='word_1_131' title='bbox 1494 1785 1799 1842; x_wconf 66' lang='lat' dir='ltr'><strong>Judtrorutn</strong></span> <span class='ocrx_word' id='word_1_132' title='bbox 1828 1790 2051 1861; x_wconf 86' lang='lat' dir='ltr'><strong>vicina),</strong></span> 
     </span>
    </p>
   </div>
   <div class='ocr_carea' id='block_1_20' title="bbox 483 1870 2053 1944">
    <p class='ocr_par' dir='ltr' id='par_1_20' title="bbox 483 1870 2053 1944">
     <span class='ocr_line' id='line_1_20' title="bbox 483 1870 2053 1944; baseline 0.012 -27"><span class='ocrx_word' id='word_1_133' title='bbox 483 1877 869 1934; x_wconf 83' lang='lat' dir='ltr'><strong>exspectaruut</strong></span> <span class='ocrx_word' id='word_1_134' title='bbox 923 1870 1179 1930; x_wconf 66' lang='lat' dir='ltr'><strong>Israelita:</strong></span> <span class='ocrx_word' id='word_1_135' title='bbox 1232 1891 1291 1930; x_wconf 90' lang='lat' dir='ltr'><strong>se</strong></span> <span class='ocrx_word' id='word_1_136' title='bbox 1335 1877 1554 1944; x_wconf 85' lang='lat' dir='ltr'><strong>iatnjam</strong></span> <span class='ocrx_word' id='word_1_137' title='bbox 1614 1881 1775 1935; x_wconf 89' lang='lat' dir='ltr'><strong>etiam</strong></span> <span class='ocrx_word' id='word_1_138' title='bbox 1815 1882 1950 1937; x_wconf 82' lang='lat' dir='ltr'><strong>citra</strong></span> <span class='ocrx_word' id='word_1_139' title='bbox 1978 1883 2053 1936; x_wconf 91' lang='lat' dir='ltr'><strong>la-</strong></span> 
     </span>
    </p>
   </div>
   <div class='ocr_carea' id='block_1_21' title="bbox 484 1958 2054 2036">
    <p class='ocr_par' dir='ltr' id='par_1_21' title="bbox 484 1958 2054 2036">
     <span class='ocr_line' id='line_1_21' title="bbox 484 1958 2054 2036; baseline 0.011 -25"><span class='ocrx_word' id='word_1_140' title='bbox 484 1958 670 2011; x_wconf 72' lang='lat' dir='ltr'><strong>liorem</strong></span> <span class='ocrx_word' id='word_1_141' title='bbox 718 1962 914 2017; x_wconf 83' lang='lat' dir='ltr'><strong>similia</strong></span> <span class='ocrx_word' id='word_1_142' title='bbox 959 1979 1082 2019; x_wconf 89' lang='lat' dir='ltr'><strong>esse</strong></span> <span class='ocrx_word' id='word_1_143' title='bbox 1127 1982 1503 2036; x_wconf 88' lang='lat' dir='ltr'><strong>perpessuros.</strong></span> <span class='ocrx_word' id='word_1_144' title='bbox 1553 1968 1703 2025; x_wconf 84' lang='lat' dir='ltr'><strong>llauc</strong></span> <span class='ocrx_word' id='word_1_145' title='bbox 1738 1975 1807 2025; x_wconf 91' lang='lat' dir='ltr'><strong>ob</strong></span> <span class='ocrx_word' id='word_1_146' title='bbox 1835 1988 2054 2029; x_wconf 80' lang='lat' dir='ltr'><strong>causam</strong></span> 
     </span>
    </p>
   </div>
   <div class='ocr_carea' id='block_1_22' title="bbox 482 2049 2054 2135">
    <p class='ocr_par' dir='ltr' id='par_1_22' title="bbox 482 2049 2054 2135">
     <span class='ocr_line' id='line_1_22' title="bbox 482 2049 2054 2135; baseline 0.011 -31"><span class='ocrx_word' id='word_1_147' title='bbox 482 2049 856 2122; x_wconf 65' lang='lat' dir='ltr'><strong>Egyptiorum</strong></span> <span class='ocrx_word' id='word_1_148' title='bbox 915 2073 1075 2111; x_wconf 90' lang='lat' dir='ltr'><strong>manu</strong></span> <span class='ocrx_word' id='word_1_149' title='bbox 1122 2063 1411 2125; x_wconf 86' lang='lat' dir='ltr'><strong>conducta,</strong></span> <span class='ocrx_word' id='word_1_150' title='bbox 1464 2063 1530 2115; x_wconf 90' lang='lat' dir='ltr'><strong>ad</strong></span> <span class='ocrx_word' id='word_1_151' title='bbox 1583 2062 1862 2119; x_wconf 80' lang='lat' dir='ltr'><strong>ferendum</strong></span> <span class='ocrx_word' id='word_1_152' title='bbox 1924 2066 2054 2135; x_wconf 81' lang='lat' dir='ltr'><strong>ipsis</strong></span> 
     </span>
    </p>
   </div>
   <div class='ocr_carea' id='block_1_23' title="bbox 481 2142 2055 2222">
    <p class='ocr_par' dir='ltr' id='par_1_23' title="bbox 481 2142 2055 2222">
     <span class='ocr_line' id='line_1_23' title="bbox 481 2142 2055 2222; baseline 0.011 -27"><span class='ocrx_word' id='word_1_153' title='bbox 481 2142 805 2211; x_wconf 82' lang='lat' dir='ltr'><strong>subsidium,</strong></span> <span class='ocrx_word' id='word_1_154' title='bbox 864 2147 1211 2219; x_wconf 82' lang='lat' dir='ltr'><strong>Assyriorum</strong></span> <span class='ocrx_word' id='word_1_155' title='bbox 1262 2152 1616 2222; x_wconf 79' lang='lat' dir='ltr'><strong>phalaugibus</strong></span> <span class='ocrx_word' id='word_1_156' title='bbox 1667 2170 1726 2209; x_wconf 87' lang='lat' dir='ltr'><strong>se</strong></span> <span class='ocrx_word' id='word_1_157' title='bbox 1770 2157 2055 2211; x_wconf 83' lang='lat' dir='ltr'><strong>voluerunt</strong></span> 
     </span>
    </p>
   </div>
   <div class='ocr_carea' id='block_1_24' title="bbox 478 2237 2054 2311">
    <p class='ocr_par' dir='ltr' id='par_1_24' title="bbox 478 2237 2054 2311">
     <span class='ocr_line' id='line_1_24' title="bbox 478 2237 2054 2311; baseline 0.01 -25"><span class='ocrx_word' id='word_1_158' title='bbox 478 2248 773 2302; x_wconf 85' lang='lat' dir='ltr'><strong>opponere.</strong></span> <span class='ocrx_word' id='word_1_159' title='bbox 827 2237 1030 2292; x_wconf 81' lang='lat' dir='ltr'><strong>Vanam</strong></span> <span class='ocrx_word' id='word_1_160' title='bbox 1082 2255 1209 2311; x_wconf 78' lang='lat' dir='ltr'><strong>ergo</strong></span> <span class='ocrx_word' id='word_1_161' title='bbox 1252 2257 1371 2297; x_wconf 87' lang='lat' dir='ltr'><strong>esse</strong></span> <span class='ocrx_word' id='word_1_162' title='bbox 1404 2258 1589 2298; x_wconf 85' lang='lat' dir='ltr'><strong>eorum</strong></span> <span class='ocrx_word' id='word_1_163' title='bbox 1630 2258 1778 2311; x_wconf 92' lang='lat' dir='ltr'><strong>spem</strong></span> <span class='ocrx_word' id='word_1_164' title='bbox 1816 2246 2054 2302; x_wconf 86' lang='lat' dir='ltr'><strong>declarat</strong></span> 
     </span>
    </p>
   </div>
   <div class='ocr_carea' id='block_1_25' title="bbox 482 2329 2054 2410">
    <p class='ocr_par' dir='ltr' id='par_1_25' title="bbox 482 2329 2054 2410">
     <span class='ocr_line' id='line_1_25' title="bbox 482 2329 2054 2410; baseline 0.008 -29"><span class='ocrx_word' id='word_1_165' title='bbox 482 2329 647 2392; x_wconf 85' lang='lat' dir='ltr'><strong>Deus,</strong></span> <span class='ocrx_word' id='word_1_166' title='bbox 679 2338 734 2383; x_wconf 87' lang='lat' dir='ltr'><strong>et</strong></span> <span class='ocrx_word' id='word_1_167' title='bbox 762 2329 905 2384; x_wconf 86' lang='lat' dir='ltr'><strong>clare</strong></span> <span class='ocrx_word' id='word_1_168' title='bbox 944 2333 1187 2401; x_wconf 65' lang='lat' dir='ltr'><strong>praedicit</strong></span> <span class='ocrx_word' id='word_1_169' title='bbox 1216 2333 1329 2389; x_wconf 80' lang='lat' dir='ltr'><strong>fore</strong></span> <span class='ocrx_word' id='word_1_170' title='bbox 1365 2336 1509 2403; x_wconf 91' lang='lat' dir='ltr'><strong>ipsos</strong></span> <span class='ocrx_word' id='word_1_171' title='bbox 1540 2336 1773 2405; x_wconf 60' lang='lat' dir='ltr'><strong>predum</strong></span> <span class='ocrx_word' id='word_1_172' title='bbox 1804 2340 2054 2410; x_wconf 80' lang='lat' dir='ltr'><strong>Assyrio-</strong></span> 
     </span>
    </p>
   </div>
   <div class='ocr_carea' id='block_1_26' title="bbox 478 2420 2061 2498">
    <p class='ocr_par' dir='ltr' id='par_1_26' title="bbox 478 2420 2061 2498">
     <span class='ocr_line' id='line_1_26' title="bbox 478 2420 2061 2498; baseline 0.012 -30"><span class='ocrx_word' id='word_1_173' title='bbox 478 2432 600 2471; x_wconf 87' lang='lat' dir='ltr'><strong>rqu</strong></span> <span class='ocrx_word' id='word_1_174' title='bbox 660 2420 938 2488; x_wconf 65' lang='lat' dir='ltr'><strong>potentiae,</strong></span> <span class='ocrx_word' id='word_1_175' title='bbox 968 2431 1021 2476; x_wconf 93' lang='lat' dir='ltr'><strong>et</strong></span> <span class='ocrx_word' id='word_1_176' title='bbox 1050 2438 1302 2478; x_wconf 81' lang='lat' dir='ltr'><strong>successu</strong></span> <span class='ocrx_word' id='word_1_177' title='bbox 1331 2432 1629 2494; x_wconf 87' lang='lat' dir='ltr'><strong>temporum</strong></span> <span class='ocrx_word' id='word_1_178' title='bbox 1665 2430 1972 2498; x_wconf 87' lang='lat' dir='ltr'><strong>capiendos,</strong></span> <span class='ocrx_word' id='word_1_179' title='bbox 1999 2441 2061 2486; x_wconf 56' lang='lat' dir='ltr'><strong>et»</strong></span> 
     </span>
    </p>
   </div>
   <div class='ocr_carea' id='block_1_27' title="bbox 477 2511 2050 2578">
    <p class='ocr_par' dir='ltr' id='par_1_27' title="bbox 477 2511 2050 2578">
     <span class='ocr_line' id='line_1_27' title="bbox 477 2511 2050 2578; baseline 0.011 -17"><span class='ocrx_word' id='word_1_180' title='bbox 477 2511 815 2576; x_wconf 81' lang='lat' dir='ltr'><strong>captivorqu</strong></span> <span class='ocrx_word' id='word_1_181' title='bbox 844 2512 894 2565; x_wconf 90' lang='lat' dir='ltr'><strong>in</strong></span> <span class='ocrx_word' id='word_1_182' title='bbox 926 2529 1155 2569; x_wconf 89' lang='lat' dir='ltr'><strong>numero</strong></span> <span class='ocrx_word' id='word_1_183' title='bbox 1180 2532 1243 2571; x_wconf 92' lang='lat' dir='ltr'><strong>ac</strong></span> <span class='ocrx_word' id='word_1_184' title='bbox 1271 2518 1393 2571; x_wconf 92' lang='lat' dir='ltr'><strong>loco</strong></span> <span class='ocrx_word' id='word_1_185' title='bbox 1418 2516 1651 2574; x_wconf 81' lang='lat' dir='ltr'><strong>futuros.</strong></span> <span class='ocrx_word' id='word_1_186' title='bbox 1678 2519 1880 2575; x_wconf 82' lang='lat' dir='ltr'><strong>Ferunt</strong></span> <span class='ocrx_word' id='word_1_187' title='bbox 1905 2524 2050 2578; x_wconf 87' lang='lat' dir='ltr'><strong>enim</strong></span> 
     </span>
    </p>
   </div>
   <div class='ocr_carea' id='block_1_28' title="bbox 475 2599 2051 2681">
    <p class='ocr_par' dir='ltr' id='par_1_28' title="bbox 475 2599 2051 2681">
     <span class='ocr_line' id='line_1_28' title="bbox 475 2599 2051 2681; baseline 0.01 -27"><span class='ocrx_word' id='word_1_188' title='bbox 475 2599 771 2671; x_wconf 61' lang='lat' dir='ltr'><strong>ngyptum</strong></span> <span class='ocrx_word' id='word_1_189' title='bbox 834 2605 1001 2660; x_wconf 81' lang='lat' dir='ltr'><strong>fuisse</strong></span> <span class='ocrx_word' id='word_1_190' title='bbox 1062 2607 1162 2659; x_wconf 87' lang='lat' dir='ltr'><strong>sub</strong></span> <span class='ocrx_word' id='word_1_191' title='bbox 1216 2623 1379 2661; x_wconf 89' lang='lat' dir='ltr'><strong>manu</strong></span> <span class='ocrx_word' id='word_1_192' title='bbox 1436 2611 1782 2681; x_wconf 81' lang='lat' dir='ltr'><strong>Assyriorum</strong></span> <span class='ocrx_word' id='word_1_193' title='bbox 1821 2614 2051 2670; x_wconf 87' lang='lat' dir='ltr'><strong>diversis</strong></span> 
     </span>
    </p>
   </div>
   <div class='ocr_carea' id='block_1_29' title="bbox 479 2697 2049 2763">
    <p class='ocr_par' dir='ltr' id='par_1_29' title="bbox 479 2697 2049 2763">
     <span class='ocr_line' id='line_1_29' title="bbox 479 2697 2049 2763; baseline 0.01 -17"><span class='ocrx_word' id='word_1_194' title='bbox 479 2697 829 2763; x_wconf 84' lang='lat' dir='ltr'><strong>temporibus,</strong></span> <span class='ocrx_word' id='word_1_195' title='bbox 854 2707 907 2751; x_wconf 90' lang='lat' dir='ltr'><strong>et</strong></span> <span class='ocrx_word' id='word_1_196' title='bbox 935 2700 1207 2753; x_wconf 81' lang='lat' dir='ltr'><strong>continuis</strong></span> <span class='ocrx_word' id='word_1_197' title='bbox 1235 2701 1407 2755; x_wconf 89' lang='lat' dir='ltr'><strong>tribus</strong></span> <span class='ocrx_word' id='word_1_198' title='bbox 1432 2704 1587 2757; x_wconf 88' lang='lat' dir='ltr'><strong>anuis</strong></span> <span class='ocrx_word' id='word_1_199' title='bbox 1607 2706 1898 2760; x_wconf 81' lang='lat' dir='ltr'><strong>commisso</strong></span> <span class='ocrx_word' id='word_1_200' title='bbox 1924 2723 2049 2762; x_wconf 93' lang='lat' dir='ltr'><strong>cum</strong></span> 
     </span>
    </p>
   </div>
   <div class='ocr_carea' id='block_1_30' title="bbox 474 2786 2052 2866">
    <p class='ocr_par' dir='ltr' id='par_1_30' title="bbox 474 2786 2052 2866">
     <span class='ocr_line' id='line_1_30' title="bbox 474 2786 2052 2866; baseline 0.009 -29"><span class='ocrx_word' id='word_1_201' title='bbox 474 2800 536 2838; x_wconf 91' lang='lat' dir='ltr'><strong>ea</strong></span> <span class='ocrx_word' id='word_1_202' title='bbox 555 2786 759 2853; x_wconf 68' lang='lat' dir='ltr'><strong>pradio,</strong></span> <span class='ocrx_word' id='word_1_203' title='bbox 788 2788 837 2841; x_wconf 83' lang='lat' dir='ltr'><strong>vi</strong></span> <span class='ocrx_word' id='word_1_204' title='bbox 871 2798 1036 2843; x_wconf 89' lang='lat' dir='ltr'><strong>totam</strong></span> <span class='ocrx_word' id='word_1_205' title='bbox 1068 2791 1297 2860; x_wconf 80' lang='lat' dir='ltr'><strong>cepisse,</strong></span> <span class='ocrx_word' id='word_1_206' title='bbox 1317 2807 1381 2847; x_wconf 90' lang='lat' dir='ltr'><strong>ac</strong></span> <span class='ocrx_word' id='word_1_207' title='bbox 1413 2808 1603 2861; x_wconf 84' lang='lat' dir='ltr'><strong>magna</strong></span> <span class='ocrx_word' id='word_1_208' title='bbox 1627 2797 1779 2850; x_wconf 89' lang='lat' dir='ltr'><strong>turba</strong></span> <span class='ocrx_word' id='word_1_209' title='bbox 1812 2800 2052 2866; x_wconf 89' lang='lat' dir='ltr'><strong>captivo-</strong></span> 
     </span>
    </p>
   </div>
   <div class='ocr_carea' id='block_1_31' title="bbox 476 2880 2051 2961">
    <p class='ocr_par' dir='ltr' id='par_1_31' title="bbox 476 2880 2051 2961">
     <span class='ocr_line' id='line_1_31' title="bbox 476 2880 2051 2961; baseline 0.01 -31"><span class='ocrx_word' id='word_1_210' title='bbox 476 2893 595 2930; x_wconf 87' lang='lat' dir='ltr'><strong>rum</strong></span> <span class='ocrx_word' id='word_1_211' title='bbox 628 2880 927 2935; x_wconf 80' lang='lat' dir='ltr'><strong>comitante</strong></span> <span class='ocrx_word' id='word_1_212' title='bbox 960 2897 1109 2936; x_wconf 87' lang='lat' dir='ltr'><strong>suam</strong></span> <span class='ocrx_word' id='word_1_213' title='bbox 1145 2883 1198 2937; x_wconf 93' lang='lat' dir='ltr'><strong>in</strong></span> <span class='ocrx_word' id='word_1_214' title='bbox 1230 2885 1460 2951; x_wconf 88' lang='lat' dir='ltr'><strong>patriam</strong></span> <span class='ocrx_word' id='word_1_215' title='bbox 1499 2887 1745 2942; x_wconf 86' lang='lat' dir='ltr'><strong>rediisse.</strong></span> <span class='ocrx_word' id='word_1_216' title='bbox 1799 2888 2051 2961; x_wconf 68' lang='lat' dir='ltr'><strong>Prmeipit</strong></span> 
     </span>
    </p>
   </div>
   <div class='ocr_carea' id='block_1_32' title="bbox 470 2969 2049 3046">
    <p class='ocr_par' dir='ltr' id='par_1_32' title="bbox 470 2969 2049 3046">
     <span class='ocr_line' id='line_1_32' title="bbox 470 2969 2049 3046; baseline 0.007 -24"><span class='ocrx_word' id='word_1_217' title='bbox 470 2982 604 3037; x_wconf 78' lang='lat' dir='ltr'><strong>ergo</strong></span> <span class='ocrx_word' id='word_1_218' title='bbox 664 2969 804 3026; x_wconf 88' lang='lat' dir='ltr'><strong>Deus</strong></span> <span class='ocrx_word' id='word_1_219' title='bbox 859 2972 1133 3041; x_wconf 64' lang='lat' dir='ltr'><strong>prophetae</strong></span> <span class='ocrx_word' id='word_1_220' title='bbox 1192 2984 1250 3027; x_wconf 91' lang='lat' dir='ltr'><strong>ut</strong></span> <span class='ocrx_word' id='word_1_221' title='bbox 1290 2974 1535 3029; x_wconf 88' lang='lat' dir='ltr'><strong>habitum</strong></span> <span class='ocrx_word' id='word_1_222' title='bbox 1575 2979 1805 3046; x_wconf 84' lang='lat' dir='ltr'><strong>captivis</strong></span> <span class='ocrx_word' id='word_1_223' title='bbox 1853 2996 2049 3034; x_wconf 85' lang='lat' dir='ltr'><strong>conve-</strong></span> 
     </span>
    </p>
   </div>
   <div class='ocr_carea' id='block_1_33' title="bbox 474 3061 2049 3133">
    <p class='ocr_par' dir='ltr' id='par_1_33' title="bbox 474 3061 2049 3133">
     <span class='ocr_line' id='line_1_33' title="bbox 474 3061 2049 3133; baseline 0.009 -21"><span class='ocrx_word' id='word_1_224' title='bbox 474 3061 711 3112; x_wconf 79' lang='lat' dir='ltr'><strong>nientem</strong></span> <span class='ocrx_word' id='word_1_225' title='bbox 749 3069 804 3114; x_wconf 83' lang='lat' dir='ltr'><strong>et</strong></span> <span class='ocrx_word' id='word_1_226' title='bbox 849 3073 1161 3117; x_wconf 88' lang='lat' dir='ltr'><strong>consuetum</strong></span> <span class='ocrx_word' id='word_1_227' title='bbox 1208 3076 1406 3129; x_wconf 86' lang='lat' dir='ltr'><strong>sumat,</strong></span> <span class='ocrx_word' id='word_1_228' title='bbox 1446 3066 1499 3120; x_wconf 88' lang='lat' dir='ltr'><strong>id</strong></span> <span class='ocrx_word' id='word_1_229' title='bbox 1531 3075 1633 3133; x_wconf 90' lang='lat' dir='ltr'><strong>est,</strong></span> <span class='ocrx_word' id='word_1_230' title='bbox 1663 3068 1960 3123; x_wconf 87' lang='lat' dir='ltr'><strong>nuditatem</strong></span> <span class='ocrx_word' id='word_1_231' title='bbox 1993 3081 2049 3126; x_wconf 90' lang='lat' dir='ltr'><strong>et</strong></span> 
     </span>
    </p>
   </div>
   <div class='ocr_carea' id='block_1_34' title="bbox 2166 600 3725 673">
    <p class='ocr_par' dir='ltr' id='par_1_34' title="bbox 2166 600 3725 673">
     <span class='ocr_line' id='line_1_34' title="bbox 2166 600 3725 673; baseline -0.003 -17"><span class='ocrx_word' id='word_1_232' title='bbox 2166 603 2264 656; x_wconf 84' lang='grc' dir='ltr'><strong>οὐκ</strong></span> <span class='ocrx_word' id='word_1_233' title='bbox 2298 602 2463 673; x_wconf 78' lang='grc' dir='ltr'>ἔδρων</span> <span class='ocrx_word' id='word_1_234' title='bbox 2498 605 2545 655; x_wconf 91' lang='grc' dir='ltr'>οἱ</span> <span class='ocrx_word' id='word_1_235' title='bbox 2574 602 2816 663; x_wconf 79' lang='grc' dir='ltr'><strong>δείλαιοι,</strong></span> <span class='ocrx_word' id='word_1_236' title='bbox 2844 601 3213 670; x_wconf 72' lang='grc' dir='ltr'>ἑρανιζόμενοι</span> <span class='ocrx_word' id='word_1_237' title='bbox 3240 600 3295 653; x_wconf 84' lang='grc' dir='ltr'>δὲ</span> <span class='ocrx_word' id='word_1_238' title='bbox 3322 600 3419 663; x_wconf 76' lang='grc' dir='ltr'><strong>τὰς</strong></span> <span class='ocrx_word' id='word_1_239' title='bbox 3450 600 3509 665; x_wconf 74' lang='grc' dir='ltr'>ἐξ</span> <span class='ocrx_word' id='word_1_240' title='bbox 3533 600 3725 671; x_wconf 69' lang='grc' dir='ltr'>ἀνθρώο</span> 
     </span>
    </p>
   </div>
   <div class='ocr_carea' id='block_1_35' title="bbox 2166 692 3738 764">
    <p class='ocr_par' dir='ltr' id='par_1_35' title="bbox 2166 692 3738 764">
     <span class='ocr_line' id='line_1_35' title="bbox 2166 692 3738 764; baseline -0.001 -17"><span class='ocrx_word' id='word_1_241' title='bbox 2166 712 2281 747; x_wconf 87' lang='grc' dir='ltr'><strong>πων</strong></span> <span class='ocrx_word' id='word_1_242' title='bbox 2310 694 2649 764; x_wconf 77' lang='grc' dir='ltr'>ἐπικουρίας,</span> <span class='ocrx_word' id='word_1_243' title='bbox 2682 694 2809 746; x_wconf 86' lang='grc' dir='ltr'>ποτὲ</span> <span class='ocrx_word' id='word_1_244' title='bbox 2840 694 2936 763; x_wconf 82' lang='grc' dir='ltr'>μὲν</span> <span class='ocrx_word' id='word_1_245' title='bbox 2960 692 3069 745; x_wconf 86' lang='grc' dir='ltr'><strong>τῶν</strong></span> <span class='ocrx_word' id='word_1_246' title='bbox 3097 692 3309 762; x_wconf 80' lang='grc' dir='ltr'><strong>ὁμόρων</strong></span> <span class='ocrx_word' id='word_1_247' title='bbox 3341 692 3491 754; x_wconf 85' lang='grc' dir='ltr'>τινὰς</span> <span class='ocrx_word' id='word_1_248' title='bbox 3516 692 3738 745; x_wconf 77' lang='grc' dir='ltr'><strong>ἐκάλουν</strong></span> 
     </span>
    </p>
   </div>
   <div class='ocr_carea' id='block_1_36' title="bbox 2162 782 3725 853">
    <p class='ocr_par' dir='ltr' id='par_1_36' title="bbox 2162 782 3725 853">
     <span class='ocr_line' id='line_1_36' title="bbox 2162 782 3725 853; baseline 0 -17"><span class='ocrx_word' id='word_1_249' title='bbox 2162 786 2242 847; x_wconf 88' lang='grc' dir='ltr'>εἰς</span> <span class='ocrx_word' id='word_1_250' title='bbox 2268 785 2423 838; x_wconf 79' lang='grc' dir='ltr'>τοῦτο</span> <span class='ocrx_word' id='word_1_251' title='bbox 2441 828 2455 851; x_wconf 89' lang='grc'><strong>,</strong></span> <span class='ocrx_word' id='word_1_252' title='bbox 2492 785 2623 838; x_wconf 84' lang='grc' dir='ltr'>ποτὲ</span> <span class='ocrx_word' id='word_1_253' title='bbox 2650 785 2706 837; x_wconf 79' lang='grc' dir='ltr'>δὲ</span> <span class='ocrx_word' id='word_1_254' title='bbox 2733 786 2857 846; x_wconf 82' lang='grc' dir='ltr'>τοὺς</span> <span class='ocrx_word' id='word_1_255' title='bbox 2882 784 3124 851; x_wconf 80' lang='grc' dir='ltr'><strong>γείτονας</strong></span> <span class='ocrx_word' id='word_1_256' title='bbox 3145 782 3493 851; x_wconf 79' lang='grc' dir='ltr'>Αἰγυπτίους,</span> <span class='ocrx_word' id='word_1_257' title='bbox 3520 800 3725 853; x_wconf 83' lang='grc' dir='ltr'>προστι-</span> 
     </span>
    </p>
   </div>
   <div class='ocr_carea' id='block_1_37' title="bbox 2111 871 3736 945">
    <p class='ocr_par' dir='ltr' id='par_1_37' title="bbox 2111 871 3736 945">
     <span class='ocr_line' id='line_1_37' title="bbox 2111 871 3736 945; baseline -0.001 -18"><span class='ocrx_word' id='word_1_258' title='bbox 2111 871 2117 876; x_wconf 77' lang='grc'><em>’</em></span> <span class='ocrx_word' id='word_1_259' title='bbox 2165 875 2345 938; x_wconf 83' lang='grc' dir='ltr'><strong>θέντες</strong></span> <span class='ocrx_word' id='word_1_260' title='bbox 2375 876 2605 945; x_wconf 79' lang='grc' dir='ltr'><strong>ἀνομίαν</strong></span> <span class='ocrx_word' id='word_1_261' title='bbox 2636 875 2727 927; x_wconf 71' lang='grc' dir='ltr'><strong>ἐπὶ</strong></span> <span class='ocrx_word' id='word_1_262' title='bbox 2750 874 2849 945; x_wconf 79' lang='grc' dir='ltr'>τὴν</span> <span class='ocrx_word' id='word_1_263' title='bbox 2878 873 3106 942; x_wconf 79' lang='grc' dir='ltr'>ἀνομίαν</span> <span class='ocrx_word' id='word_1_264' title='bbox 3141 873 3339 936; x_wconf 82' lang='grc' dir='ltr'>αὐτῶν,</span> <span class='ocrx_word' id='word_1_265' title='bbox 3374 872 3516 926; x_wconf 83' lang='grc' dir='ltr'>καθὰ</span> <span class='ocrx_word' id='word_1_266' title='bbox 3542 872 3736 942; x_wconf 67' lang='grc' dir='ltr'>γέγραι</span> 
     </span>
    </p>
   </div>
   <div class='ocr_carea' id='block_1_38' title="bbox 2162 963 3737 1037">
    <p class='ocr_par' dir='ltr' id='par_1_38' title="bbox 2162 963 3737 1037">
     <span class='ocr_line' id='line_1_38' title="bbox 2162 963 3737 1037; baseline -0.002 -20"><span class='ocrx_word' id='word_1_267' title='bbox 2162 982 2312 1024; x_wconf 87' lang='grc' dir='ltr'>πται,</span> <span class='ocrx_word' id='word_1_268' title='bbox 2341 966 2433 1019; x_wconf 82' lang='grc' dir='ltr'>καὶ</span> <span class='ocrx_word' id='word_1_269' title='bbox 2471 965 2871 1037; x_wconf 84' lang='grc' dir='ltr'>καταθήγοντες</span> <span class='ocrx_word' id='word_1_270' title='bbox 2898 964 2972 1025; x_wconf 83' lang='grc' dir='ltr'><strong>ῶς</strong></span> <span class='ocrx_word' id='word_1_271' title='bbox 3002 966 3081 1027; x_wconf 88' lang='grc' dir='ltr'><strong>εἰς</strong></span> <span class='ocrx_word' id='word_1_272' title='bbox 3108 965 3275 1034; x_wconf 82' lang='grc' dir='ltr'>όργάς</span> <span class='ocrx_word' id='word_1_273' title='bbox 3321 964 3415 1017; x_wconf 81' lang='grc' dir='ltr'>καὶ</span> <span class='ocrx_word' id='word_1_274' title='bbox 3464 964 3551 1015; x_wconf 72' lang='grc' dir='ltr'><strong>ἐπ’</strong></span> <span class='ocrx_word' id='word_1_275' title='bbox 3593 963 3737 1034; x_wconf 81' lang='grc' dir='ltr'>αὐτῷ</span> 
     </span>
    </p>
   </div>
   <div class='ocr_carea' id='block_1_39' title="bbox 2157 1054 3736 1128">
    <p class='ocr_par' dir='ltr' id='par_1_39' title="bbox 2157 1054 3736 1128">
     <span class='ocr_line' id='line_1_39' title="bbox 2157 1054 3736 1128; baseline -0.002 -19"><span class='ocrx_word' id='word_1_276' title='bbox 2157 1057 2222 1127; x_wconf 82' lang='grc' dir='ltr'>δὴ</span> <span class='ocrx_word' id='word_1_277' title='bbox 2262 1056 2435 1128; x_wconf 85' lang='grc' dir='ltr'>τούτῳ</span> <span class='ocrx_word' id='word_1_278' title='bbox 2488 1058 2577 1110; x_wconf 82' lang='grc' dir='ltr'>τὸν</span> <span class='ocrx_word' id='word_1_279' title='bbox 2621 1058 2797 1111; x_wconf 86' lang='grc' dir='ltr'>πάντα</span> <span class='ocrx_word' id='word_1_280' title='bbox 2845 1055 3095 1127; x_wconf 74' lang='grc' dir='ltr'><strong>ἰσχύοντα</strong></span> <span class='ocrx_word' id='word_1_281' title='bbox 3124 1056 3277 1109; x_wconf 85' lang='grc' dir='ltr'>Θεόν.</span> <span class='ocrx_word' id='word_1_282' title='bbox 3331 1055 3441 1107; x_wconf 80' lang='grc' dir='ltr'><strong>Καὶ</strong></span> <span class='ocrx_word' id='word_1_283' title='bbox 3477 1054 3609 1120; x_wconf 79' lang='grc' dir='ltr'>γοῦν</span> <span class='ocrx_word' id='word_1_284' title='bbox 3635 1054 3736 1124; x_wconf 77' lang='grc' dir='ltr'>ἔφη</span> 
     </span>
    </p>
   </div>
   <div class='ocr_carea' id='block_1_40' title="bbox 2157 1140 3737 1217">
    <p class='ocr_par' dir='ltr' id='par_1_40' title="bbox 2157 1140 3737 1217">
     <span class='ocr_line' id='line_1_40' title="bbox 2157 1140 3737 1217; baseline -0.003 -18"><span class='ocrx_word' id='word_1_285' title='bbox 2157 1146 2223 1199; x_wconf 84' lang='grc' dir='ltr'>δι’</span> <span class='ocrx_word' id='word_1_286' title='bbox 2251 1146 2369 1209; x_wconf 70' lang='grc' dir='ltr'>ἐνὸς</span> <span class='ocrx_word' id='word_1_287' title='bbox 2426 1147 2532 1200; x_wconf 90' lang='grc' dir='ltr'><strong>τῶν</strong></span> <span class='ocrx_word' id='word_1_288' title='bbox 2586 1147 2755 1215; x_wconf 86' lang='grc' dir='ltr'>ἁγίων</span> <span class='ocrx_word' id='word_1_289' title='bbox 2808 1146 3132 1217; x_wconf 76' lang='grc' dir='ltr'>προφητῶνο</span> <span class='ocrx_word' id='word_1_290' title='bbox 3182 1164 3200 1196; x_wconf 83' lang='lat' dir='ltr'><strong>t</strong></span> <span class='ocrx_word' id='word_1_291' title='bbox 3231 1144 3341 1197; x_wconf 80' lang='grc' dir='ltr'><strong>Καὶ</strong></span> <span class='ocrx_word' id='word_1_292' title='bbox 3387 1140 3456 1214; x_wconf 75' lang='grc' dir='ltr'>ἦν</span> <span class='ocrx_word' id='word_1_293' title='bbox 3500 1143 3737 1214; x_wconf 77' lang='grc' dir='ltr'>Ἐφραῒμ</span> 
     </span>
    </p>
   </div>
   <div class='ocr_carea' id='block_1_41' title="bbox 2157 1235 3737 1310">
    <p class='ocr_par' dir='ltr' id='par_1_41' title="bbox 2157 1235 3737 1310">
     <span class='ocr_line' id='line_1_41' title="bbox 2157 1235 3737 1310; baseline -0.004 -19"><span class='ocrx_word' id='word_1_294' title='bbox 2157 1239 2455 1310; x_wconf 80' lang='grc' dir='ltr'>περιστερὰ</span> <span class='ocrx_word' id='word_1_295' title='bbox 2480 1238 2659 1302; x_wconf 80' lang='grc' dir='ltr'>ἄνους,</span> <span class='ocrx_word' id='word_1_296' title='bbox 2692 1240 2785 1291; x_wconf 73' lang='grc' dir='ltr'>καὶ</span> <span class='ocrx_word' id='word_1_297' title='bbox 2812 1238 2911 1291; x_wconf 84' lang='grc' dir='ltr'><strong>οὐκ</strong></span> <span class='ocrx_word' id='word_1_298' title='bbox 2942 1237 3139 1307; x_wconf 77' lang='grc' dir='ltr'>ἔχουσα</span> <span class='ocrx_word' id='word_1_299' title='bbox 3180 1235 3404 1306; x_wconf 80' lang='grc' dir='ltr'>καρδίαν</span> <span class='ocrx_word' id='word_1_300' title='bbox 3423 1252 3436 1266; x_wconf 89' lang='grc'>·</span> <span class='ocrx_word' id='word_1_301' title='bbox 3464 1235 3737 1303; x_wconf 74' lang='grc' dir='ltr'>Αἴγυπτον</span> 
     </span>
    </p>
   </div>
   <div class='ocr_carea' id='block_1_42' title="bbox 2157 1326 3737 1399">
    <p class='ocr_par' dir='ltr' id='par_1_42' title="bbox 2157 1326 3737 1399">
     <span class='ocr_line' id='line_1_42' title="bbox 2157 1326 3737 1399; baseline -0.001 -18"><span class='ocrx_word' id='word_1_302' title='bbox 2157 1330 2492 1392; x_wconf 81' lang='grc' dir='ltr'>ἐπεκαλεῖτο,</span> <span class='ocrx_word' id='word_1_303' title='bbox 2528 1330 2621 1384; x_wconf 74' lang='grc' dir='ltr'>καὶ</span> <span class='ocrx_word' id='word_1_304' title='bbox 2650 1332 2729 1392; x_wconf 85' lang='grc' dir='ltr'><strong>εἰς</strong></span> <span class='ocrx_word' id='word_1_305' title='bbox 2771 1329 3082 1399; x_wconf 80' lang='grc' dir='ltr'>Ἀσσυρίους</span> <span class='ocrx_word' id='word_1_306' title='bbox 3128 1326 3518 1397; x_wconf 79' lang='grc' dir='ltr'>ἐπορεύθησαν.</span> <span class='ocrx_word' id='word_1_307' title='bbox 3553 1345 3571 1376; x_wconf 72' lang='grc' dir='ltr'><strong>ι</strong></span> <span class='ocrx_word' id='word_1_308' title='bbox 3628 1327 3737 1379; x_wconf 72' lang='grc' dir='ltr'><strong>Καὶ</strong></span> 
     </span>
    </p>
   </div>
   <div class='ocr_carea' id='block_1_43' title="bbox 2158 1411 3733 1491">
    <p class='ocr_par' dir='ltr' id='par_1_43' title="bbox 2158 1411 3733 1491">
     <span class='ocr_line' id='line_1_43' title="bbox 2158 1411 3733 1491; baseline -0.001 -18"><span class='ocrx_word' id='word_1_309' title='bbox 2158 1422 2264 1490; x_wconf 76' lang='grc' dir='ltr'>μὴν</span> <span class='ocrx_word' id='word_1_310' title='bbox 2303 1420 2396 1475; x_wconf 73' lang='grc' dir='ltr'>καὶ</span> <span class='ocrx_word' id='word_1_311' title='bbox 2432 1421 2496 1474; x_wconf 87' lang='grc' dir='ltr'><strong>δι’</strong></span> <span class='ocrx_word' id='word_1_312' title='bbox 2527 1420 2689 1474; x_wconf 81' lang='grc' dir='ltr'>αὐτοῦ</span> <span class='ocrx_word' id='word_1_313' title='bbox 2718 1420 2811 1474; x_wconf 81' lang='grc' dir='ltr'><strong>τοῦ</strong></span> <span class='ocrx_word' id='word_1_314' title='bbox 2839 1420 3118 1491; x_wconf 75' lang='grc' dir='ltr'>προφήτου</span> <span class='ocrx_word' id='word_1_315' title='bbox 3158 1419 3379 1471; x_wconf 78' lang='grc' dir='ltr'>Ἡσαΐου</span> <span class='ocrx_word' id='word_1_316' title='bbox 3399 1435 3413 1449; x_wconf 77' lang='grc' dir='ltr'><strong>ο</strong></span> <span class='ocrx_word' id='word_1_317' title='bbox 3447 1436 3467 1469; x_wconf 75' lang='grc' dir='ltr'>ι</span> <span class='ocrx_word' id='word_1_318' title='bbox 3496 1417 3651 1482; x_wconf 72' lang='grc' dir='ltr'>Οὐαὶ,</span> <span class='ocrx_word' id='word_1_319' title='bbox 3683 1411 3733 1471; x_wconf 76' lang='grc' dir='ltr'>οε</span> 
     </span>
    </p>
   </div>
   <div class='ocr_carea' id='block_1_44' title="bbox 2154 1508 3734 1581">
    <p class='ocr_par' dir='ltr' id='par_1_44' title="bbox 2154 1508 3734 1581">
     <span class='ocr_line' id='line_1_44' title="bbox 2154 1508 3734 1581; baseline -0.004 -14"><span class='ocrx_word' id='word_1_320' title='bbox 2154 1514 2571 1577; x_wconf 85' lang='grc' dir='ltr'>καταδαίνοντες</span> <span class='ocrx_word' id='word_1_321' title='bbox 2622 1516 2702 1576; x_wconf 89' lang='grc' dir='ltr'>εἰς</span> <span class='ocrx_word' id='word_1_322' title='bbox 2747 1512 3021 1580; x_wconf 78' lang='grc' dir='ltr'>Αἴγυπτον</span> <span class='ocrx_word' id='word_1_323' title='bbox 3074 1512 3166 1564; x_wconf 82' lang='grc' dir='ltr'>ὲπί</span> <span class='ocrx_word' id='word_1_324' title='bbox 3218 1510 3491 1581; x_wconf 82' lang='grc' dir='ltr'>βοήθειαν,</span> <span class='ocrx_word' id='word_1_325' title='bbox 3543 1510 3590 1561; x_wconf 93' lang='grc' dir='ltr'><strong>οί</strong></span> <span class='ocrx_word' id='word_1_326' title='bbox 3644 1508 3734 1576; x_wconf 74' lang='grc' dir='ltr'><strong>ἐφ’</strong></span> 
     </span>
    </p>
   </div>
   <div class='ocr_carea' id='block_1_45' title="bbox 2155 1598 3736 1673">
    <p class='ocr_par' dir='ltr' id='par_1_45' title="bbox 2155 1598 3736 1673">
     <span class='ocr_line' id='line_1_45' title="bbox 2155 1598 3736 1673; baseline -0.005 -13"><span class='ocrx_word' id='word_1_327' title='bbox 2155 1607 2343 1669; x_wconf 81' lang='grc' dir='ltr'>ἵπποις</span> <span class='ocrx_word' id='word_1_328' title='bbox 2373 1605 2691 1669; x_wconf 82' lang='grc' dir='ltr'><strong>πεποιθότες</strong></span> <span class='ocrx_word' id='word_1_329' title='bbox 2730 1604 2822 1658; x_wconf 71' lang='grc' dir='ltr'><strong>καὶ</strong></span> <span class='ocrx_word' id='word_1_330' title='bbox 2862 1604 2947 1673; x_wconf 76' lang='grc' dir='ltr'><strong>ἐφ’</strong></span> <span class='ocrx_word' id='word_1_331' title='bbox 2978 1603 3404 1673; x_wconf 79' lang='grc' dir='ltr'>ἂρμασιν.Ἔστι</span> <span class='ocrx_word' id='word_1_332' title='bbox 3430 1602 3536 1671; x_wconf 86' lang='grc' dir='ltr'><strong>γὰρ</strong></span> <span class='ocrx_word' id='word_1_333' title='bbox 3569 1598 3736 1652; x_wconf 75' lang='grc' dir='ltr'>πολλὰ</span> 
     </span>
    </p>
   </div>
   <div class='ocr_carea' id='block_1_46' title="bbox 2154 1689 3736 1766">
    <p class='ocr_par' dir='ltr' id='par_1_46' title="bbox 2154 1689 3736 1766">
     <span class='ocr_line' id='line_1_46' title="bbox 2154 1689 3736 1766; baseline -0.004 -16"><span class='ocrx_word' id='word_1_334' title='bbox 2154 1699 2249 1750; x_wconf 76' lang='grc' dir='ltr'>καὶ</span> <span class='ocrx_word' id='word_1_335' title='bbox 2278 1697 2359 1766; x_wconf 79' lang='grc' dir='ltr'><strong>ἐφ’</strong></span> <span class='ocrx_word' id='word_1_336' title='bbox 2398 1698 2583 1759; x_wconf 81' lang='grc' dir='ltr'><strong>ἵπποις</strong></span> <span class='ocrx_word' id='word_1_337' title='bbox 2614 1695 2817 1765; x_wconf 78' lang='grc' dir='ltr'>πλῆθος</span> <span class='ocrx_word' id='word_1_338' title='bbox 2843 1695 3047 1765; x_wconf 85' lang='grc' dir='ltr'>σφόδρα</span> <span class='ocrx_word' id='word_1_339' title='bbox 3067 1710 3079 1725; x_wconf 75' lang='grc' dir='ltr'><strong>ο</strong></span> <span class='ocrx_word' id='word_1_340' title='bbox 3107 1695 3202 1747; x_wconf 80' lang='grc' dir='ltr'>καὶ</span> <span class='ocrx_word' id='word_1_341' title='bbox 3233 1693 3332 1746; x_wconf 84' lang='grc' dir='ltr'><strong>οὐκ</strong></span> <span class='ocrx_word' id='word_1_342' title='bbox 3361 1689 3501 1762; x_wconf 84' lang='grc' dir='ltr'>ἦσαν</span> <span class='ocrx_word' id='word_1_343' title='bbox 3539 1707 3736 1744; x_wconf 88' lang='grc' dir='ltr'>πεποι-</span> 
     </span>
    </p>
   </div>
   <div class='ocr_carea' id='block_1_47' title="bbox 2156 1782 3736 1855">
    <p class='ocr_par' dir='ltr' id='par_1_47' title="bbox 2156 1782 3736 1855">
     <span class='ocr_line' id='line_1_47' title="bbox 2156 1782 3736 1855; baseline -0.003 -16"><span class='ocrx_word' id='word_1_344' title='bbox 2156 1787 2306 1850; x_wconf 84' lang='grc' dir='ltr'>θότες</span> <span class='ocrx_word' id='word_1_345' title='bbox 2357 1787 2450 1838; x_wconf 78' lang='grc' dir='ltr'><strong>ἐπὶ</strong></span> <span class='ocrx_word' id='word_1_346' title='bbox 2488 1786 2577 1839; x_wconf 82' lang='grc' dir='ltr'>τὸν</span> <span class='ocrx_word' id='word_1_347' title='bbox 2607 1787 2795 1853; x_wconf 81' lang='grc' dir='ltr'>’Ἀγιον</span> <span class='ocrx_word' id='word_1_348' title='bbox 2837 1786 2929 1838; x_wconf 78' lang='grc' dir='ltr'>τοῦ</span> <span class='ocrx_word' id='word_1_349' title='bbox 2966 1784 3202 1855; x_wconf 82' lang='grc' dir='ltr'>Ἰσραὴλ,</span> <span class='ocrx_word' id='word_1_350' title='bbox 3234 1785 3326 1837; x_wconf 78' lang='grc' dir='ltr'><strong>καὶ</strong></span> <span class='ocrx_word' id='word_1_351' title='bbox 3360 1782 3449 1835; x_wconf 83' lang='grc' dir='ltr'>τὸν</span> <span class='ocrx_word' id='word_1_352' title='bbox 3477 1782 3607 1835; x_wconf 76' lang='grc' dir='ltr'>Θεὸν</span> <span class='ocrx_word' id='word_1_353' title='bbox 3636 1782 3736 1835; x_wconf 80' lang='grc' dir='ltr'><strong>οὐκ</strong></span> 
     </span>
    </p>
   </div>
   <div class='ocr_carea' id='block_1_48' title="bbox 2157 1872 3732 1951">
    <p class='ocr_par' dir='ltr' id='par_1_48' title="bbox 2157 1872 3732 1951">
     <span class='ocr_line' id='line_1_48' title="bbox 2157 1872 3732 1951; baseline -0.007 -17"><span class='ocrx_word' id='word_1_354' title='bbox 2157 1880 2488 1951; x_wconf 74' lang='grc' dir='ltr'><strong>ἐξεζήτησαν</strong></span> <span class='ocrx_word' id='word_1_355' title='bbox 2509 1897 2522 1909; x_wconf 91' lang='grc'><strong>·</strong></span> <span class='ocrx_word' id='word_1_356' title='bbox 2557 1881 2648 1933; x_wconf 68' lang='grc' dir='ltr'><strong>καί⁵</strong></span> <span class='ocrx_word' id='word_1_357' title='bbox 2680 1878 2841 1941; x_wconf 85' lang='grc' dir='ltr'>αὐτὸς</span> <span class='ocrx_word' id='word_1_358' title='bbox 2870 1877 3031 1946; x_wconf 81' lang='grc' dir='ltr'>σοφὸς</span> <span class='ocrx_word' id='word_1_359' title='bbox 3058 1873 3194 1948; x_wconf 80' lang='grc' dir='ltr'>ἦγεν</span> <span class='ocrx_word' id='word_1_360' title='bbox 3225 1875 3309 1928; x_wconf 75' lang='grc' dir='ltr'><strong>ἐπ’</strong></span> <span class='ocrx_word' id='word_1_361' title='bbox 3340 1875 3533 1936; x_wconf 75' lang='grc' dir='ltr'>αὐτοὺς</span> <span class='ocrx_word' id='word_1_362' title='bbox 3564 1872 3732 1933; x_wconf 78' lang='grc' dir='ltr'>κακὰ,</span> 
     </span>
    </p>
   </div>
   <div class='ocr_carea' id='block_1_49' title="bbox 2156 1967 3733 2041">
    <p class='ocr_par' dir='ltr' id='par_1_49' title="bbox 2156 1967 3733 2041">
     <span class='ocr_line' id='line_1_49' title="bbox 2156 1967 3733 2041; baseline -0.005 -14"><span class='ocrx_word' id='word_1_363' title='bbox 2156 1975 2249 2027; x_wconf 69' lang='grc' dir='ltr'><strong>καὶ</strong></span> <span class='ocrx_word' id='word_1_364' title='bbox 2268 1976 2295 2027; x_wconf 98' lang='lat'><strong>6</strong></span> <span class='ocrx_word' id='word_1_365' title='bbox 2318 1974 2472 2041; x_wconf 88' lang='grc' dir='ltr'>λόγος</span> <span class='ocrx_word' id='word_1_366' title='bbox 2494 1972 2657 2025; x_wconf 75' lang='grc' dir='ltr'>αὐτοῦ</span> <span class='ocrx_word' id='word_1_367' title='bbox 2688 1972 2747 2023; x_wconf 87' lang='grc' dir='ltr'><strong>οὐ</strong></span> <span class='ocrx_word' id='word_1_368' title='bbox 2780 1972 2852 2041; x_wconf 85' lang='grc' dir='ltr'>μὴ</span> <span class='ocrx_word' id='word_1_369' title='bbox 2883 1969 3141 2039; x_wconf 76' lang='grc' dir='ltr'>άΟετηθῇ.</span> <span class='ocrx_word' id='word_1_370' title='bbox 3178 1988 3196 2020; x_wconf 73' lang='grc' dir='ltr'><strong>ι</strong></span> <span class='ocrx_word' id='word_1_371' title='bbox 3228 1968 3334 2020; x_wconf 82' lang='grc' dir='ltr'><strong>Τοῦ</strong></span> <span class='ocrx_word' id='word_1_372' title='bbox 3362 1967 3538 2019; x_wconf 83' lang='grc' dir='ltr'>τοίνυν</span> <span class='ocrx_word' id='word_1_373' title='bbox 3564 1967 3733 2019; x_wconf 86' lang='grc' dir='ltr'>Τανα-</span> 
     </span>
    </p>
   </div>
   <div class='ocr_carea' id='block_1_50' title="bbox 2156 2054 3733 2133">
    <p class='ocr_par' dir='ltr' id='par_1_50' title="bbox 2156 2054 3733 2133">
     <span class='ocr_line' id='line_1_50' title="bbox 2156 2054 3733 2133; baseline -0.006 -17"><span class='ocrx_word' id='word_1_374' title='bbox 2156 2064 2276 2125; x_wconf 86' lang='grc' dir='ltr'><strong>θάν,</strong></span> <span class='ocrx_word' id='word_1_375' title='bbox 2308 2063 2609 2133; x_wconf 75' lang='grc' dir='ltr'>στρατηγὸς</span> <span class='ocrx_word' id='word_1_376' title='bbox 2650 2061 2704 2114; x_wconf 76' lang='grc' dir='ltr'>δὲ</span> <span class='ocrx_word' id='word_1_377' title='bbox 2732 2056 2883 2123; x_wconf 69' lang='grc' dir='ltr'>οὗτος</span> <span class='ocrx_word' id='word_1_378' title='bbox 2920 2058 3181 2126; x_wconf 82' lang='grc' dir='ltr'>βασιλέως</span> <span class='ocrx_word' id='word_1_379' title='bbox 3222 2057 3537 2127; x_wconf 84' lang='grc' dir='ltr'><strong>Ἀσσυρίων,</strong></span> <span class='ocrx_word' id='word_1_380' title='bbox 3577 2054 3733 2107; x_wconf 82' lang='grc' dir='ltr'>πολε-</span> 
     </span>
    </p>
   </div>
   <div class='ocr_carea' id='block_1_51' title="bbox 2158 2145 3729 2223">
    <p class='ocr_par' dir='ltr' id='par_1_51' title="bbox 2158 2145 3729 2223">
     <span class='ocr_line' id='line_1_51' title="bbox 2158 2145 3729 2223; baseline -0.006 -17"><span class='ocrx_word' id='word_1_381' title='bbox 2158 2154 2425 2223; x_wconf 83' lang='grc' dir='ltr'>μήσαντος</span> <span class='ocrx_word' id='word_1_382' title='bbox 2452 2151 2546 2222; x_wconf 75' lang='grc' dir='ltr'>τὴν</span> <span class='ocrx_word' id='word_1_383' title='bbox 2577 2151 2835 2216; x_wconf 72' lang='grc' dir='ltr'>Ἄζωτον,</span> <span class='ocrx_word' id='word_1_384' title='bbox 2871 2150 3004 2202; x_wconf 76' lang='grc' dir='ltr'>ἑλών</span> <span class='ocrx_word' id='word_1_385' title='bbox 3034 2166 3094 2202; x_wconf 90' lang='grc' dir='ltr'><strong>τε</strong></span> <span class='ocrx_word' id='word_1_386' title='bbox 3134 2146 3275 2201; x_wconf 88' lang='grc' dir='ltr'><strong>κατά</strong></span> <span class='ocrx_word' id='word_1_387' title='bbox 3312 2146 3509 2219; x_wconf 87' lang='grc' dir='ltr'>κράτος</span> <span class='ocrx_word' id='word_1_388' title='bbox 3538 2145 3729 2213; x_wconf 71' lang='grc' dir='ltr'>αὐτήψ</span> 
     </span>
    </p>
   </div>
   <div class='ocr_carea' id='block_1_52' title="bbox 2153 2237 3733 2313">
    <p class='ocr_par' dir='ltr' id='par_1_52' title="bbox 2153 2237 3733 2313">
     <span class='ocr_line' id='line_1_52' title="bbox 2153 2237 3733 2313; baseline -0.005 -16"><span class='ocrx_word' id='word_1_389' title='bbox 2153 2245 2349 2313; x_wconf 81' lang='grc' dir='ltr'>γείτων</span> <span class='ocrx_word' id='word_1_390' title='bbox 2372 2244 2428 2298; x_wconf 84' lang='grc' dir='ltr'>δὲ</span> <span class='ocrx_word' id='word_1_391' title='bbox 2456 2242 2589 2313; x_wconf 79' lang='grc' dir='ltr'>αὐτη</span> <span class='ocrx_word' id='word_1_392' title='bbox 2622 2245 2687 2313; x_wconf 81' lang='grc' dir='ltr'>τῇ</span> <span class='ocrx_word' id='word_1_393' title='bbox 2717 2243 2825 2294; x_wconf 89' lang='grc' dir='ltr'><strong>τῶν</strong></span> <span class='ocrx_word' id='word_1_394' title='bbox 2858 2240 3123 2294; x_wconf 84' lang='grc' dir='ltr'>Ἰουδαίων</span> <span class='ocrx_word' id='word_1_395' title='bbox 3153 2237 3305 2309; x_wconf 69' lang='grc' dir='ltr'>χώρα</span> <span class='ocrx_word' id='word_1_396' title='bbox 3324 2253 3338 2270; x_wconf 78' lang='grc'><strong>⁸</strong></span> <span class='ocrx_word' id='word_1_397' title='bbox 3372 2237 3733 2309; x_wconf 82' lang='grc' dir='ltr'>προσεδόκουν</span> 
     </span>
    </p>
   </div>
   <div class='ocr_carea' id='block_1_53' title="bbox 2153 2329 3733 2406">
    <p class='ocr_par' dir='ltr' id='par_1_53' title="bbox 2153 2329 3733 2406">
     <span class='ocr_line' id='line_1_53' title="bbox 2153 2329 3733 2406; baseline -0.005 -17"><span class='ocrx_word' id='word_1_398' title='bbox 2153 2339 2202 2389; x_wconf 92' lang='grc' dir='ltr'><strong>οί</strong></span> <span class='ocrx_word' id='word_1_399' title='bbox 2254 2335 2311 2402; x_wconf 79' lang='grc' dir='ltr'><strong>ἐξ</strong></span> <span class='ocrx_word' id='word_1_400' title='bbox 2349 2334 2583 2406; x_wconf 79' lang='grc' dir='ltr'>Ἰσραὴλ,</span> <span class='ocrx_word' id='word_1_401' title='bbox 2619 2334 2816 2387; x_wconf 88' lang='grc' dir='ltr'>αὐτίκα</span> <span class='ocrx_word' id='word_1_402' title='bbox 2852 2334 2915 2402; x_wconf 80' lang='grc' dir='ltr'>δὴ</span> <span class='ocrx_word' id='word_1_403' title='bbox 2970 2333 3113 2403; x_wconf 89' lang='grc' dir='ltr'>μάλα</span> <span class='ocrx_word' id='word_1_404' title='bbox 3161 2332 3255 2384; x_wconf 75' lang='grc' dir='ltr'>καὶ</span> <span class='ocrx_word' id='word_1_405' title='bbox 3296 2332 3448 2384; x_wconf 76' lang='grc' dir='ltr'>αὐτοὶ</span> <span class='ocrx_word' id='word_1_406' title='bbox 3482 2331 3575 2383; x_wconf 75' lang='grc' dir='ltr'><strong>καὶ</strong></span> <span class='ocrx_word' id='word_1_407' title='bbox 3613 2329 3733 2382; x_wconf 81' lang='grc' dir='ltr'>λίαν</span> 
     </span>
    </p>
   </div>
   <div class='ocr_carea' id='block_1_54' title="bbox 2152 2419 3733 2498">
    <p class='ocr_par' dir='ltr' id='par_1_54' title="bbox 2152 2419 3733 2498">
     <span class='ocr_line' id='line_1_54' title="bbox 2152 2419 3733 2498; baseline -0.003 -18"><span class='ocrx_word' id='word_1_408' title='bbox 2152 2428 2390 2498; x_wconf 79' lang='grc' dir='ltr'>ἀμογητὶ</span> <span class='ocrx_word' id='word_1_409' title='bbox 2434 2426 2502 2480; x_wconf 75' lang='grc' dir='ltr'><strong>τὰ</strong></span> <span class='ocrx_word' id='word_1_410' title='bbox 2536 2426 2625 2478; x_wconf 86' lang='grc' dir='ltr'><strong>ῖσα</strong></span> <span class='ocrx_word' id='word_1_411' title='bbox 2654 2426 2866 2479; x_wconf 85' lang='grc' dir='ltr'>παθεῖν.</span> <span class='ocrx_word' id='word_1_412' title='bbox 2902 2424 3118 2493; x_wconf 80' lang='grc' dir='ltr'><strong>Ταύτης</strong></span> <span class='ocrx_word' id='word_1_413' title='bbox 3148 2441 3205 2477; x_wconf 90' lang='grc' dir='ltr'><strong>τε</strong></span> <span class='ocrx_word' id='word_1_414' title='bbox 3239 2424 3398 2477; x_wconf 76' lang='grc' dir='ltr'>ἕνεκα</span> <span class='ocrx_word' id='word_1_415' title='bbox 3427 2425 3525 2494; x_wconf 86' lang='grc' dir='ltr'>τῆς</span> <span class='ocrx_word' id='word_1_416' title='bbox 3553 2419 3733 2486; x_wconf 55' lang='lat' dir='ltr'><strong>alsia;</strong></span> 
     </span>
    </p>
   </div>
   <div class='ocr_carea' id='block_1_55' title="bbox 2151 2514 3730 2590">
    <p class='ocr_par' dir='ltr' id='par_1_55' title="bbox 2151 2514 3730 2590">
     <span class='ocr_line' id='line_1_55' title="bbox 2151 2514 3730 2590; baseline -0.003 -19"><span class='ocrx_word' id='word_1_417' title='bbox 2151 2519 2251 2590; x_wconf 82' lang='grc' dir='ltr'><strong>τὴν</strong></span> <span class='ocrx_word' id='word_1_418' title='bbox 2284 2518 2592 2586; x_wconf 73' lang='grc' dir='ltr'>Αἰγυπτίων</span> <span class='ocrx_word' id='word_1_419' title='bbox 2636 2520 2793 2587; x_wconf 86' lang='grc' dir='ltr'>χεῖρα</span> <span class='ocrx_word' id='word_1_420' title='bbox 2829 2514 3321 2585; x_wconf 84' lang='grc' dir='ltr'>καταμισθούμενοι</span> <span class='ocrx_word' id='word_1_421' title='bbox 3369 2516 3506 2587; x_wconf 79' lang='grc' dir='ltr'>πρὸς</span> <span class='ocrx_word' id='word_1_422' title='bbox 3538 2515 3599 2567; x_wconf 80' lang='grc' dir='ltr'>τὸ</span> <span class='ocrx_word' id='word_1_423' title='bbox 3631 2518 3730 2568; x_wconf 76' lang='grc' dir='ltr'><strong>ἐπ-</strong></span> 
     </span>
    </p>
   </div>
   <div class='ocr_carea' id='block_1_56' title="bbox 2152 2607 3730 2682">
    <p class='ocr_par' dir='ltr' id='par_1_56' title="bbox 2152 2607 3730 2682">
     <span class='ocr_line' id='line_1_56' title="bbox 2152 2607 3730 2682; baseline -0.003 -17"><span class='ocrx_word' id='word_1_424' title='bbox 2152 2611 2378 2682; x_wconf 88' lang='grc' dir='ltr'>αμύνειν</span> <span class='ocrx_word' id='word_1_425' title='bbox 2406 2611 2592 2673; x_wconf 83' lang='grc' dir='ltr'>αὐτοῖς</span> <span class='ocrx_word' id='word_1_426' title='bbox 2628 2612 2748 2673; x_wconf 88' lang='grc' dir='ltr'>ταῖς</span> <span class='ocrx_word' id='word_1_427' title='bbox 2792 2609 3091 2680; x_wconf 84' lang='grc' dir='ltr'>Ἀσσυρίων</span> <span class='ocrx_word' id='word_1_428' title='bbox 3121 2607 3386 2679; x_wconf 80' lang='grc' dir='ltr'><strong>φάλαγξιν</strong></span> <span class='ocrx_word' id='word_1_429' title='bbox 3416 2608 3730 2677; x_wconf 81' lang='grc' dir='ltr'>ἀντεξάγειν</span> 
     </span>
    </p>
   </div>
   <div class='ocr_carea' id='block_1_57' title="bbox 2152 2698 3731 2775">
    <p class='ocr_par' dir='ltr' id='par_1_57' title="bbox 2152 2698 3731 2775">
     <span class='ocr_line' id='line_1_57' title="bbox 2152 2698 3731 2775; baseline -0.003 -19"><span class='ocrx_word' id='word_1_430' title='bbox 2152 2702 2365 2775; x_wconf 78' lang='grc' dir='ltr'>ήθελον.</span> <span class='ocrx_word' id='word_1_431' title='bbox 2392 2700 2639 2756; x_wconf 89' lang='grc' dir='ltr'>Ματαίαν</span> <span class='ocrx_word' id='word_1_432' title='bbox 2673 2701 2851 2753; x_wconf 88' lang='grc' dir='ltr'>τοίνυν</span> <span class='ocrx_word' id='word_1_433' title='bbox 2879 2699 3055 2753; x_wconf 87' lang='grc' dir='ltr'>αὐτῶν</span> <span class='ocrx_word' id='word_1_434' title='bbox 3083 2698 3373 2768; x_wconf 78' lang='grc' dir='ltr'>ἀποφαίνει</span> <span class='ocrx_word' id='word_1_435' title='bbox 3404 2700 3503 2768; x_wconf 79' lang='grc' dir='ltr'>τὴν</span> <span class='ocrx_word' id='word_1_436' title='bbox 3542 2699 3731 2752; x_wconf 72' lang='grc' dir='ltr'>ἐλπίδα</span> 
     </span>
    </p>
   </div>
   <div class='ocr_carea' id='block_1_58' title="bbox 2150 2787 3728 2864">
    <p class='ocr_par' dir='ltr' id='par_1_58' title="bbox 2150 2787 3728 2864">
     <span class='ocr_line' id='line_1_58' title="bbox 2150 2787 3728 2864; baseline -0.003 -17"><span class='ocrx_word' id='word_1_437' title='bbox 2150 2795 2304 2857; x_wconf 77' lang='grc' dir='ltr'>Θεόςο</span> <span class='ocrx_word' id='word_1_438' title='bbox 2330 2790 2688 2864; x_wconf 84' lang='grc' dir='ltr'>προαγορεύει</span> <span class='ocrx_word' id='word_1_439' title='bbox 2709 2791 2765 2843; x_wconf 80' lang='grc' dir='ltr'>δὲ</span> <span class='ocrx_word' id='word_1_440' title='bbox 2789 2790 2996 2859; x_wconf 82' lang='grc' dir='ltr'>σαφῶς,</span> <span class='ocrx_word' id='word_1_441' title='bbox 3022 2792 3104 2844; x_wconf 84' lang='grc' dir='ltr'>ὅτι</span> <span class='ocrx_word' id='word_1_442' title='bbox 3127 2790 3224 2859; x_wconf 84' lang='grc' dir='ltr'>τῆς</span> <span class='ocrx_word' id='word_1_443' title='bbox 3253 2787 3549 2859; x_wconf 87' lang='grc' dir='ltr'>Ἀσσυρίων</span> <span class='ocrx_word' id='word_1_444' title='bbox 3567 2789 3728 2842; x_wconf 81' lang='grc' dir='ltr'>δυνάο</span> 
     </span>
    </p>
   </div>
   <div class='ocr_carea' id='block_1_59' title="bbox 2153 2881 3731 2958">
    <p class='ocr_par' dir='ltr' id='par_1_59' title="bbox 2153 2881 3731 2958">
     <span class='ocr_line' id='line_1_59' title="bbox 2153 2881 3731 2958; baseline -0.004 -18"><span class='ocrx_word' id='word_1_445' title='bbox 2153 2904 2294 2958; x_wconf 84' lang='grc' dir='ltr'>μεως</span> <span class='ocrx_word' id='word_1_446' title='bbox 2315 2883 2883 2957; x_wconf 80' lang='grc' dir='ltr'>ἔργον[ἄγρα]ἕσονται</span> <span class='ocrx_word' id='word_1_447' title='bbox 2902 2884 2993 2936; x_wconf 77' lang='grc' dir='ltr'>καὶ</span> <span class='ocrx_word' id='word_1_448' title='bbox 3009 2884 3183 2946; x_wconf 70' lang='grc' dir='ltr'>αὐτοὶ,</span> <span class='ocrx_word' id='word_1_449' title='bbox 3199 2882 3494 2935; x_wconf 83' lang='grc' dir='ltr'>ἁλώσονταί</span> <span class='ocrx_word' id='word_1_450' title='bbox 3512 2898 3570 2933; x_wconf 90' lang='grc' dir='ltr'>τε</span> <span class='ocrx_word' id='word_1_451' title='bbox 3592 2881 3731 2935; x_wconf 85' lang='grc' dir='ltr'><strong>κατά</strong></span> 
     </span>
    </p>
   </div>
   <div class='ocr_carea' id='block_1_60' title="bbox 2150 2972 3730 3050">
    <p class='ocr_par' dir='ltr' id='par_1_60' title="bbox 2150 2972 3730 3050">
     <span class='ocr_line' id='line_1_60' title="bbox 2150 2972 3730 3050; baseline -0.005 -18"><span class='ocrx_word' id='word_1_452' title='bbox 2150 2980 2398 3050; x_wconf 72' lang='grc' dir='ltr'>καιροὺς,</span> <span class='ocrx_word' id='word_1_453' title='bbox 2437 2978 2530 3031; x_wconf 75' lang='grc' dir='ltr'>καὶ</span> <span class='ocrx_word' id='word_1_454' title='bbox 2565 2978 2622 3028; x_wconf 84' lang='grc' dir='ltr'>ὲν</span> <span class='ocrx_word' id='word_1_455' title='bbox 2652 2976 2995 3045; x_wconf 86' lang='grc' dir='ltr'>δορυκτήτων</span> <span class='ocrx_word' id='word_1_456' title='bbox 3026 2975 3236 3029; x_wconf 77' lang='grc' dir='ltr'>ἔσονται</span> <span class='ocrx_word' id='word_1_457' title='bbox 3266 2973 3434 3039; x_wconf 82' lang='grc' dir='ltr'>τάξει.</span> <span class='ocrx_word' id='word_1_458' title='bbox 3466 2974 3599 3026; x_wconf 71' lang='grc' dir='ltr'>Φασὶ</span> <span class='ocrx_word' id='word_1_459' title='bbox 3622 2972 3730 3043; x_wconf 77' lang='grc' dir='ltr'><strong>γὰρ</strong></span> 
     </span>
    </p>
   </div>
   <div class='ocr_carea' id='block_1_61' title="bbox 2148 3065 3729 3139">
    <p class='ocr_par' dir='ltr' id='par_1_61' title="bbox 2148 3065 3729 3139">
     <span class='ocr_line' id='line_1_61' title="bbox 2148 3065 3729 3139; baseline -0.006 -13"><span class='ocrx_word' id='word_1_460' title='bbox 2148 3075 2229 3126; x_wconf 80' lang='grc' dir='ltr'><strong>ὅτι</strong></span> <span class='ocrx_word' id='word_1_461' title='bbox 2260 3072 2479 3139; x_wconf 79' lang='grc' dir='ltr'>γέγονεν</span> <span class='ocrx_word' id='word_1_462' title='bbox 2512 3069 2618 3122; x_wconf 81' lang='grc' dir='ltr'><strong>ὑπὸ</strong></span> <span class='ocrx_word' id='word_1_463' title='bbox 2649 3071 2805 3137; x_wconf 84' lang='grc' dir='ltr'>χεῖρα</span> <span class='ocrx_word' id='word_1_464' title='bbox 2837 3067 3098 3137; x_wconf 86' lang='grc' dir='ltr'>βασιλέως</span> <span class='ocrx_word' id='word_1_465' title='bbox 3133 3067 3430 3138; x_wconf 88' lang='grc' dir='ltr'>Ἀσσυρίων</span> <span class='ocrx_word' id='word_1_466' title='bbox 3460 3065 3597 3118; x_wconf 86' lang='grc' dir='ltr'><strong>κατά</strong></span> <span class='ocrx_word' id='word_1_467' title='bbox 3618 3082 3729 3117; x_wconf 84' lang='grc' dir='ltr'>και-</span> 
     </span>
    </p>
   </div>
   <div class='ocr_carea' id='block_1_62' title="bbox 473 3148 2049 3237">
    <p class='ocr_par' dir='ltr' id='par_1_62' title="bbox 473 3148 2041 3225">
     <span class='ocr_line' id='line_1_62' title="bbox 473 3148 2041 3225; baseline 0.006 -23"><span class='ocrx_word' id='word_1_468' title='bbox 473 3148 971 3205; x_wconf 68' lang='grc' dir='ltr'>ιίίεοιιίςθιιιίοιιθιιι.</span> <span class='ocrx_word' id='word_1_469' title='bbox 1036 3151 1175 3206; x_wconf 84' lang='lat' dir='ltr'><strong>Nam</strong></span> <span class='ocrx_word' id='word_1_470' title='bbox 1250 3154 1485 3209; x_wconf 87' lang='lat' dir='ltr'><strong>victores</strong></span> <span class='ocrx_word' id='word_1_471' title='bbox 1536 3156 1872 3225; x_wconf 84' lang='lat' dir='ltr'><strong>captivorum</strong></span> <span class='ocrx_word' id='word_1_472' title='bbox 1937 3176 2041 3212; x_wconf 90' lang='lat' dir='ltr'><strong>non</strong></span> 
     </span>
    </p>
   </div>
   <div class='ocr_carea' id='block_1_63' title="bbox 2152 3148 3729 3237">
    <p class='ocr_par' dir='ltr' id='par_1_63' title="bbox 2152 3157 3729 3237">
     <span class='ocr_line' id='line_1_63' title="bbox 2152 3157 3729 3237; baseline -0.006 -19"><span class='ocrx_word' id='word_1_473' title='bbox 2152 3167 2274 3237; x_wconf 75' lang='grc' dir='ltr'>ρους</span> <span class='ocrx_word' id='word_1_474' title='bbox 2304 3166 2336 3234; x_wconf 87' lang='grc' dir='ltr'><strong>ή</strong></span> <span class='ocrx_word' id='word_1_475' title='bbox 2367 3160 2694 3230; x_wconf 74' lang='grc' dir='ltr'>Αἰγυπτίων·</span> <span class='ocrx_word' id='word_1_476' title='bbox 2726 3160 2818 3213; x_wconf 71' lang='grc' dir='ltr'>καὶ</span> <span class='ocrx_word' id='word_1_477' title='bbox 2842 3160 2900 3212; x_wconf 85' lang='grc' dir='ltr'>ὲν</span> <span class='ocrx_word' id='word_1_478' title='bbox 2926 3159 3127 3226; x_wconf 84' lang='grc' dir='ltr'>ὀλίγοις</span> <span class='ocrx_word' id='word_1_479' title='bbox 3154 3159 3299 3211; x_wconf 80' lang='grc' dir='ltr'>ἔτεσι</span> <span class='ocrx_word' id='word_1_480' title='bbox 3326 3158 3502 3227; x_wconf 71' lang='grc' dir='ltr'>τρισὶν</span> <span class='ocrx_word' id='word_1_481' title='bbox 3533 3157 3729 3225; x_wconf 85' lang='grc' dir='ltr'>ἐγκαθ-</span> 
     </span>
    </p>
   </div>
   <div class='ocr_carea' id='block_1_64' title="bbox 474 3242 2045 3316">
    <p class='ocr_par' dir='ltr' id='par_1_64' title="bbox 474 3242 2045 3316">
     <span class='ocr_line' id='line_1_64' title="bbox 474 3242 2045 3316; baseline 0.007 -23"><span class='ocrx_word' id='word_1_482' title='bbox 474 3256 722 3307; x_wconf 73' lang='lat' dir='ltr'><strong>magnam</strong></span> <span class='ocrx_word' id='word_1_483' title='bbox 759 3242 917 3311; x_wconf 83' lang='lat' dir='ltr'><strong>plane</strong></span> <span class='ocrx_word' id='word_1_484' title='bbox 944 3244 1207 3297; x_wconf 89' lang='lat' dir='ltr'><strong>rationem</strong></span> <span class='ocrx_word' id='word_1_485' title='bbox 1241 3245 1479 3300; x_wconf 85' lang='lat' dir='ltr'><strong>habent:</strong></span> <span class='ocrx_word' id='word_1_486' title='bbox 1518 3246 1679 3316; x_wconf 89' lang='lat' dir='ltr'><strong>hique</strong></span> <span class='ocrx_word' id='word_1_487' title='bbox 1717 3263 1781 3303; x_wconf 91' lang='lat' dir='ltr'><strong>eo</strong></span> <span class='ocrx_word' id='word_1_488' title='bbox 1808 3249 2045 3305; x_wconf 76' lang='lat' dir='ltr'><strong>miseria:</strong></span> 
     </span>
    </p>
   </div>
   <div class='ocr_carea' id='block_1_65' title="bbox 472 3331 2041 3404">
    <p class='ocr_par' dir='ltr' id='par_1_65' title="bbox 472 3331 2041 3404">
     <span class='ocr_line' id='line_1_65' title="bbox 472 3331 2041 3404; baseline 0.007 -22"><span class='ocrx_word' id='word_1_489' title='bbox 472 3331 730 3400; x_wconf 80' lang='lat' dir='ltr'><strong>prolapsi,</strong></span> <span class='ocrx_word' id='word_1_490' title='bbox 780 3333 883 3387; x_wconf 88' lang='lat' dir='ltr'><strong>etsi</strong></span> <span class='ocrx_word' id='word_1_491' title='bbox 926 3345 1106 3388; x_wconf 89' lang='lat' dir='ltr'><strong>essent</strong></span> <span class='ocrx_word' id='word_1_492' title='bbox 1141 3335 1293 3401; x_wconf 80' lang='lat' dir='ltr'><strong>juxta</strong></span> <span class='ocrx_word' id='word_1_493' title='bbox 1326 3352 1541 3391; x_wconf 88' lang='lat' dir='ltr'><strong>carnem</strong></span> <span class='ocrx_word' id='word_1_494' title='bbox 1572 3338 1800 3404; x_wconf 88' lang='lat' dir='ltr'><strong>nobiles,</strong></span> <span class='ocrx_word' id='word_1_495' title='bbox 1840 3342 1940 3394; x_wconf 90' lang='lat' dir='ltr'><strong>etsi</strong></span> <span class='ocrx_word' id='word_1_496' title='bbox 1976 3357 2041 3395; x_wconf 89' lang='lat' dir='ltr'><strong>ex</strong></span> 
     </span>
    </p>
   </div>
   <div class='ocr_carea' id='block_1_66' title="bbox 474 3423 2042 3495">
    <p class='ocr_par' dir='ltr' id='par_1_66' title="bbox 474 3423 2042 3495">
     <span class='ocr_line' id='line_1_66' title="bbox 474 3423 2042 3495; baseline 0.006 -20"><span class='ocrx_word' id='word_1_497' title='bbox 474 3423 657 3475; x_wconf 87' lang='lat' dir='ltr'><strong>inﬁma</strong></span> <span class='ocrx_word' id='word_1_498' title='bbox 683 3424 858 3492; x_wconf 91' lang='lat' dir='ltr'><strong>plebe,</strong></span> <span class='ocrx_word' id='word_1_499' title='bbox 892 3440 997 3478; x_wconf 94' lang='lat' dir='ltr'><strong>uno</strong></span> <span class='ocrx_word' id='word_1_500' title='bbox 1029 3426 1358 3481; x_wconf 84' lang='lat' dir='ltr'><strong>calamitatis</strong></span> <span class='ocrx_word' id='word_1_501' title='bbox 1392 3428 1500 3482; x_wconf 92' lang='lat' dir='ltr'><strong>lino</strong></span> <span class='ocrx_word' id='word_1_502' title='bbox 1533 3429 1902 3495; x_wconf 78' lang='lat' dir='ltr'><strong>involvuntur,</strong></span> <span class='ocrx_word' id='word_1_503' title='bbox 1937 3448 2042 3486; x_wconf 91' lang='lat' dir='ltr'><strong>non</strong></span> 
     </span>
    </p>
   </div>
   <div class='ocr_carea' id='block_1_67' title="bbox 471 3516 2042 3589">
    <p class='ocr_par' dir='ltr' id='par_1_67' title="bbox 471 3516 2042 3589">
     <span class='ocr_line' id='line_1_67' title="bbox 471 3516 2042 3589; baseline 0.006 -25"><span class='ocrx_word' id='word_1_504' title='bbox 471 3524 677 3567; x_wconf 82' lang='lat' dir='ltr'><strong>vestem</strong></span> <span class='ocrx_word' id='word_1_505' title='bbox 734 3516 1017 3579; x_wconf 88' lang='lat' dir='ltr'><strong>habentes,</strong></span> <span class='ocrx_word' id='word_1_506' title='bbox 1054 3533 1155 3572; x_wconf 90' lang='lat' dir='ltr'><strong>uec</strong></span> <span class='ocrx_word' id='word_1_507' title='bbox 1202 3518 1346 3572; x_wconf 91' lang='lat' dir='ltr'><strong>aliud</strong></span> <span class='ocrx_word' id='word_1_508' title='bbox 1381 3520 1509 3587; x_wconf 88' lang='lat' dir='ltr'><strong>quid</strong></span> <span class='ocrx_word' id='word_1_509' title='bbox 1548 3520 1629 3574; x_wconf 83' lang='lat' dir='ltr'><strong>vel</strong></span> <span class='ocrx_word' id='word_1_510' title='bbox 1660 3522 1728 3575; x_wconf 91' lang='lat' dir='ltr'><strong>ad</strong></span> <span class='ocrx_word' id='word_1_511' title='bbox 1769 3532 2042 3589; x_wconf 87' lang='lat' dir='ltr'><strong>ornatum,</strong></span> 
     </span>
    </p>
   </div>
   <div class='ocr_carea' id='block_1_68' title="bbox 474 3608 2043 3683">
    <p class='ocr_par' dir='ltr' id='par_1_68' title="bbox 474 3608 2043 3683">
     <span class='ocr_line' id='line_1_68' title="bbox 474 3608 2043 3683; baseline 0.006 -24"><span class='ocrx_word' id='word_1_512' title='bbox 474 3608 555 3661; x_wconf 89' lang='lat' dir='ltr'><strong>vel</strong></span> <span class='ocrx_word' id='word_1_513' title='bbox 613 3610 678 3661; x_wconf 87' lang='lat' dir='ltr'><strong>ad</strong></span> <span class='ocrx_word' id='word_1_514' title='bbox 724 3610 1170 3665; x_wconf 84' lang='lat' dir='ltr'><strong>relocillationetn</strong></span> <span class='ocrx_word' id='word_1_515' title='bbox 1222 3614 1462 3679; x_wconf 83' lang='lat' dir='ltr'><strong>ipsorum</strong></span> <span class='ocrx_word' id='word_1_516' title='bbox 1502 3613 1799 3683; x_wconf 90' lang='lat' dir='ltr'><strong>pertinens,</strong></span> <span class='ocrx_word' id='word_1_517' title='bbox 1848 3615 1941 3671; x_wconf 85' lang='lat' dir='ltr'><strong>sed</strong></span> <span class='ocrx_word' id='word_1_518' title='bbox 1978 3616 2043 3669; x_wconf 88' lang='lat' dir='ltr'><strong>ad</strong></span> 
     </span>
    </p>
   </div>
   <div class='ocr_carea' id='block_1_69' title="bbox 468 3701 2044 3774">
    <p class='ocr_par' dir='ltr' id='par_1_69' title="bbox 468 3701 2044 3774">
     <span class='ocr_line' id='line_1_69' title="bbox 468 3701 2044 3774; baseline 0.004 -20"><span class='ocrx_word' id='word_1_519' title='bbox 468 3701 617 3755; x_wconf 78' lang='lat' dir='ltr'><strong>hunc</strong></span> <span class='ocrx_word' id='word_1_520' title='bbox 649 3711 1013 3771; x_wconf 89' lang='lat' dir='ltr'><strong>contemptum</strong></span> <span class='ocrx_word' id='word_1_521' title='bbox 1060 3717 1127 3755; x_wconf 84' lang='lat' dir='ltr'><strong>ex</strong></span> <span class='ocrx_word' id='word_1_522' title='bbox 1164 3703 1385 3757; x_wconf 89' lang='lat' dir='ltr'><strong>libidine</strong></span> <span class='ocrx_word' id='word_1_523' title='bbox 1421 3705 1746 3774; x_wconf 85' lang='lat' dir='ltr'><strong>capientium</strong></span> <span class='ocrx_word' id='word_1_524' title='bbox 1778 3716 2044 3773; x_wconf 84' lang='lat' dir='ltr'><strong>coguntur</strong></span> 
     </span>
    </p>
   </div>
   <div class='ocr_carea' id='block_1_70' title="bbox 470 3790 2042 3865">
    <p class='ocr_par' dir='ltr' id='par_1_70' title="bbox 470 3790 2042 3865">
     <span class='ocr_line' id='line_1_70' title="bbox 470 3790 2042 3865; baseline 0.004 -23"><span class='ocrx_word' id='word_1_525' title='bbox 470 3791 749 3846; x_wconf 86' lang='lat' dir='ltr'><strong>accedere.</strong></span> <span class='ocrx_word' id='word_1_526' title='bbox 801 3790 1031 3845; x_wconf 81' lang='lat' dir='ltr'><strong>.lubetur</strong></span> <span class='ocrx_word' id='word_1_527' title='bbox 1062 3792 1263 3861; x_wconf 89' lang='lat' dir='ltr'><strong>itaque,</strong></span> <span class='ocrx_word' id='word_1_528' title='bbox 1293 3804 1350 3846; x_wconf 91' lang='lat' dir='ltr'><strong>ut</strong></span> <span class='ocrx_word' id='word_1_529' title='bbox 1387 3796 1521 3860; x_wconf 83' lang='lat' dir='ltr'><strong>dixi,</strong></span> <span class='ocrx_word' id='word_1_530' title='bbox 1546 3796 1760 3849; x_wconf 90' lang='lat' dir='ltr'><strong>divinus</strong></span> <span class='ocrx_word' id='word_1_531' title='bbox 1785 3798 2042 3865; x_wconf 88' lang='lat' dir='ltr'><strong>pr0pheta</strong></span> 
     </span>
    </p>
   </div>
   <div class='ocr_carea' id='block_1_71' title="bbox 474 3880 2045 3954">
    <p class='ocr_par' dir='ltr' id='par_1_71' title="bbox 474 3880 2045 3954">
     <span class='ocr_line' id='line_1_71' title="bbox 474 3880 2045 3954; baseline 0.006 -21"><span class='ocrx_word' id='word_1_532' title='bbox 474 3893 693 3933; x_wconf 82' lang='lat' dir='ltr'><strong>saccum</strong></span> <span class='ocrx_word' id='word_1_533' title='bbox 717 3880 1000 3935; x_wconf 88' lang='lat' dir='ltr'><strong>detrahere</strong></span> <span class='ocrx_word' id='word_1_534' title='bbox 1020 3882 1199 3936; x_wconf 84' lang='lat' dir='ltr'><strong>lumbo</strong></span> <span class='ocrx_word' id='word_1_535' title='bbox 1228 3900 1345 3945; x_wconf 91' lang='lat' dir='ltr'><strong>suo,</strong></span> <span class='ocrx_word' id='word_1_536' title='bbox 1369 3892 1423 3939; x_wconf 86' lang='lat' dir='ltr'><strong>et</strong></span> <span class='ocrx_word' id='word_1_537' title='bbox 1457 3885 1695 3939; x_wconf 80' lang='lat' dir='ltr'><strong>sandalio</strong></span> <span class='ocrx_word' id='word_1_538' title='bbox 1732 3888 1966 3954; x_wconf 80' lang='lat' dir='ltr'><strong>solvere,</strong></span> <span class='ocrx_word' id='word_1_539' title='bbox 1990 3899 2045 3942; x_wconf 90' lang='lat' dir='ltr'><strong>et</strong></span> 
     </span>
    </p>
   </div>
   <div class='ocr_carea' id='block_1_72' title="bbox 475 3969 2040 4032">
    <p class='ocr_par' dir='ltr' id='par_1_72' title="bbox 475 3969 2040 4032">
     <span class='ocr_line' id='line_1_72' title="bbox 475 3969 2040 4032; baseline 0.008 -12"><span class='ocrx_word' id='word_1_540' title='bbox 475 3970 706 4022; x_wconf 90' lang='lat' dir='ltr'><strong>mediam</strong></span> <span class='ocrx_word' id='word_1_541' title='bbox 745 3969 1046 4025; x_wconf 80' lang='lat' dir='ltr'><strong>Jerusalem</strong></span> <span class='ocrx_word' id='word_1_542' title='bbox 1100 3974 1327 4027; x_wconf 88' lang='lat' dir='ltr'><strong>transire</strong></span> <span class='ocrx_word' id='word_1_543' title='bbox 1360 3974 1559 4026; x_wconf 89' lang='lat' dir='ltr'><strong>undutu</strong></span> <span class='ocrx_word' id='word_1_544' title='bbox 1593 3986 1647 4029; x_wconf 92' lang='lat' dir='ltr'><strong>et</strong></span> <span class='ocrx_word' id='word_1_545' title='bbox 1679 3976 1796 4029; x_wconf 85' lang='lat' dir='ltr'><strong>siue</strong></span> <span class='ocrx_word' id='word_1_546' title='bbox 1824 3977 2040 4032; x_wconf 89' lang='lat' dir='ltr'><strong>calceis.</strong></span> 
     </span>
    </p>
   </div>
   <div class='ocr_carea' id='block_1_73' title="bbox 469 4059 2046 4137">
    <p class='ocr_par' dir='ltr' id='par_1_73' title="bbox 469 4059 2046 4137">
     <span class='ocr_line' id='line_1_73' title="bbox 469 4059 2046 4137; baseline 0.008 -27"><span class='ocrx_word' id='word_1_547' title='bbox 469 4059 822 4129; x_wconf 77' lang='lat' dir='ltr'><strong>301ldque</strong></span> <span class='ocrx_word' id='word_1_548' title='bbox 856 4062 980 4115; x_wconf 78' lang='lat' dir='ltr'><strong>fecit</strong></span> <span class='ocrx_word' id='word_1_549' title='bbox 1020 4080 1123 4116; x_wconf 92' lang='lat' dir='ltr'><strong>non</strong></span> <span class='ocrx_word' id='word_1_550' title='bbox 1162 4066 1450 4117; x_wconf 87' lang='lat' dir='ltr'><strong>admodum</strong></span> <span class='ocrx_word' id='word_1_551' title='bbox 1496 4066 1756 4121; x_wconf 86' lang='lat' dir='ltr'><strong>sollicitus</strong></span> <span class='ocrx_word' id='word_1_552' title='bbox 1777 4072 2046 4137; x_wconf 88' lang='lat' dir='ltr'><strong>quomodo</strong></span> 
     </span>
    </p>
   </div>
   <div class='ocr_carea' id='block_1_74' title="bbox 470 4153 2045 4226">
    <p class='ocr_par' dir='ltr' id='par_1_74' title="bbox 470 4153 2045 4226">
     <span class='ocr_line' id='line_1_74' title="bbox 470 4153 2045 4226; baseline 0.008 -23"><span class='ocrx_word' id='word_1_553' title='bbox 470 4153 690 4221; x_wconf 77' lang='lat' dir='ltr'><strong>elegans</strong></span> <span class='ocrx_word' id='word_1_554' title='bbox 712 4164 1073 4208; x_wconf 84' lang='lat' dir='ltr'><strong>autveuustus</strong></span> <span class='ocrx_word' id='word_1_555' title='bbox 1096 4168 1353 4225; x_wconf 88' lang='lat' dir='ltr'><strong>appareat</strong></span> <span class='ocrx_word' id='word_1_556' title='bbox 1379 4174 1392 4210; x_wconf 91' lang='lat'><strong>:</strong></span> <span class='ocrx_word' id='word_1_557' title='bbox 1423 4156 1621 4226; x_wconf 88' lang='lat' dir='ltr'><strong>Deique</strong></span> <span class='ocrx_word' id='word_1_558' title='bbox 1665 4160 1880 4214; x_wconf 88' lang='lat' dir='ltr'><strong>decreto</strong></span> <span class='ocrx_word' id='word_1_559' title='bbox 1914 4163 2045 4216; x_wconf 88' lang='lat' dir='ltr'><strong>nihil</strong></span> 
     </span>
    </p>
   </div>
   <div class='ocr_carea' id='block_1_75' title="bbox 473 4244 2043 4321">
    <p class='ocr_par' dir='ltr' id='par_1_75' title="bbox 473 4244 2043 4321">
     <span class='ocr_line' id='line_1_75' title="bbox 473 4244 2043 4321; baseline 0.008 -26"><span class='ocrx_word' id='word_1_560' title='bbox 473 4244 694 4310; x_wconf 87' lang='lat' dir='ltr'><strong>adjecit,</strong></span> <span class='ocrx_word' id='word_1_561' title='bbox 740 4244 865 4298; x_wconf 90' lang='lat' dir='ltr'><strong>licet</strong></span> <span class='ocrx_word' id='word_1_562' title='bbox 915 4247 966 4300; x_wconf 92' lang='lat' dir='ltr'><strong>id</strong></span> <span class='ocrx_word' id='word_1_563' title='bbox 1013 4264 1178 4317; x_wconf 80' lang='lat' dir='ltr'><strong>grave</strong></span> <span class='ocrx_word' id='word_1_564' title='bbox 1216 4258 1268 4302; x_wconf 91' lang='lat' dir='ltr'><strong>et</strong></span> <span class='ocrx_word' id='word_1_565' title='bbox 1300 4251 1704 4316; x_wconf 86' lang='lat' dir='ltr'><strong>reprehensioni</strong></span> <span class='ocrx_word' id='word_1_566' title='bbox 1734 4255 2043 4321; x_wconf 88' lang='lat' dir='ltr'><strong>expositqu</strong></span> 
     </span>
    </p>
   </div>
   <div class='ocr_carea' id='block_1_76' title="bbox 473 4335 2043 4409">
    <p class='ocr_par' dir='ltr' id='par_1_76' title="bbox 473 4335 2043 4409">
     <span class='ocr_line' id='line_1_76' title="bbox 473 4335 2043 4409; baseline 0.01 -24"><span class='ocrx_word' id='word_1_567' title='bbox 473 4335 768 4390; x_wconf 80' lang='lat' dir='ltr'><strong>videretur.</strong></span> <span class='ocrx_word' id='word_1_568' title='bbox 817 4336 925 4392; x_wconf 90' lang='lat' dir='ltr'><strong>Sed</strong></span> <span class='ocrx_word' id='word_1_569' title='bbox 983 4338 1120 4392; x_wconf 79' lang='lat' dir='ltr'><strong>forte</strong></span> <span class='ocrx_word' id='word_1_570' title='bbox 1174 4338 1374 4393; x_wconf 78' lang='lat' dir='ltr'><strong>dixerit</strong></span> <span class='ocrx_word' id='word_1_571' title='bbox 1423 4342 1739 4409; x_wconf 88' lang='lat' dir='ltr'><strong>quispiam:</strong></span> <span class='ocrx_word' id='word_1_572' title='bbox 1790 4344 1899 4400; x_wconf 85' lang='lat' dir='ltr'><strong>Cur</strong></span> <span class='ocrx_word' id='word_1_573' title='bbox 1940 4364 2043 4402; x_wconf 91' lang='lat' dir='ltr'><strong>non</strong></span> 
     </span>
    </p>
   </div>
   <div class='ocr_carea' id='block_1_77' title="bbox 476 4429 2044 4504">
    <p class='ocr_par' dir='ltr' id='par_1_77' title="bbox 476 4429 2044 4504">
     <span class='ocr_line' id='line_1_77' title="bbox 476 4429 2044 4504; baseline 0.014 -32"><span class='ocrx_word' id='word_1_574' title='bbox 476 4430 909 4489; x_wconf 65' lang='lat' dir='ltr'><strong>praemonstravit</strong></span> <span class='ocrx_word' id='word_1_575' title='bbox 963 4430 1139 4498; x_wconf 86' lang='lat' dir='ltr'><strong>potius</strong></span> <span class='ocrx_word' id='word_1_576' title='bbox 1187 4429 1448 4484; x_wconf 81' lang='lat' dir='ltr'><strong>lsraelitis</strong></span> <span class='ocrx_word' id='word_1_577' title='bbox 1499 4448 1563 4485; x_wconf 89' lang='lat' dir='ltr'><strong>ea</strong></span> <span class='ocrx_word' id='word_1_578' title='bbox 1616 4448 1735 4503; x_wconf 65' lang='lat' dir='ltr'><strong>qua:</strong></span> <span class='ocrx_word' id='word_1_579' title='bbox 1786 4450 2044 4504; x_wconf 86' lang='lat' dir='ltr'><strong>processu</strong></span> 
     </span>
    </p>
   </div>
   <div class='ocr_carea' id='block_1_78' title="bbox 2152 3245 3729 3321">
    <p class='ocr_par' dir='ltr' id='par_1_78' title="bbox 2152 3245 3729 3321">
     <span class='ocr_line' id='line_1_78' title="bbox 2152 3245 3729 3321; baseline -0.006 -13"><span class='ocrx_word' id='word_1_580' title='bbox 2152 3254 2331 3317; x_wconf 80' lang='grc' dir='ltr'>εσΘεὶς</span> <span class='ocrx_word' id='word_1_581' title='bbox 2368 3253 2526 3321; x_wconf 84' lang='grc' dir='ltr'>αὐτῇ,</span> <span class='ocrx_word' id='word_1_582' title='bbox 2565 3250 2742 3303; x_wconf 83' lang='grc' dir='ltr'>πᾶσάν</span> <span class='ocrx_word' id='word_1_583' title='bbox 2786 3266 2847 3302; x_wconf 85' lang='grc' dir='ltr'>τε</span> <span class='ocrx_word' id='word_1_584' title='bbox 2898 3248 3032 3302; x_wconf 74' lang='grc' dir='ltr'>ἐλὼν</span> <span class='ocrx_word' id='word_1_585' title='bbox 3060 3253 3202 3301; x_wconf 84' lang='grc' dir='ltr'><strong>κατά</strong></span> <span class='ocrx_word' id='word_1_586' title='bbox 3229 3249 3444 3319; x_wconf 87' lang='grc' dir='ltr'>κράτος,</span> <span class='ocrx_word' id='word_1_587' title='bbox 3472 3245 3729 3313; x_wconf 75' lang='grc' dir='ltr'>πλείστην</span> 
     </span>
    </p>
   </div>
   <div class='ocr_carea' id='block_1_79' title="bbox 2152 3336 3728 3423">
    <p class='ocr_par' dir='ltr' id='par_1_79' title="bbox 2152 3336 3728 3423">
     <span class='ocr_line' id='line_1_79' title="bbox 2152 3336 3728 3423; baseline -0.008 -23"><span class='ocrx_word' id='word_1_588' title='bbox 2152 3349 2282 3416; x_wconf 80' lang='grc' dir='ltr'>ὅσην</span> <span class='ocrx_word' id='word_1_589' title='bbox 2313 3345 2450 3415; x_wconf 83' lang='grc' dir='ltr'>ἔχων</span> <span class='ocrx_word' id='word_1_590' title='bbox 2484 3341 2879 3412; x_wconf 89' lang='grc' dir='ltr'>αἰχμαλωσίαν,</span> <span class='ocrx_word' id='word_1_591' title='bbox 2910 3340 3273 3409; x_wconf 84' lang='grc' dir='ltr'>ὑπενόστησεν</span> <span class='ocrx_word' id='word_1_592' title='bbox 3297 3342 3375 3402; x_wconf 85' lang='grc' dir='ltr'><strong>εἰς</strong></span> <span class='ocrx_word' id='word_1_593' title='bbox 3394 3338 3489 3409; x_wconf 84' lang='grc' dir='ltr'>τὴν</span> <span class='ocrx_word' id='word_1_594' title='bbox 3512 3336 3728 3423; x_wconf 65' lang='grc' dir='ltr'><strong>ἑαυτοῦἶ</strong></span> 
     </span>
    </p>
   </div>
   <div class='ocr_carea' id='block_1_80' title="bbox 2164 3431 3727 3505">
    <p class='ocr_par' dir='ltr' id='par_1_80' title="bbox 2164 3431 3727 3505">
     <span class='ocr_line' id='line_1_80' title="bbox 2164 3431 3727 3505; baseline -0.006 -15"><span class='ocrx_word' id='word_1_595' title='bbox 2164 3438 2468 3490; x_wconf 83' lang='grc' dir='ltr'>Ἐπιτάττει</span> <span class='ocrx_word' id='word_1_596' title='bbox 2500 3435 2677 3488; x_wconf 86' lang='grc' dir='ltr'>τοίνυν</span> <span class='ocrx_word' id='word_1_597' title='bbox 2702 3433 2780 3503; x_wconf 81' lang='grc' dir='ltr'><strong>τῷ</strong></span> <span class='ocrx_word' id='word_1_598' title='bbox 2812 3435 3061 3505; x_wconf 78' lang='grc' dir='ltr'>προφήτῃ</span> <span class='ocrx_word' id='word_1_599' title='bbox 3091 3432 3222 3495; x_wconf 77' lang='grc' dir='ltr'>Θεὸς</span> <span class='ocrx_word' id='word_1_600' title='bbox 3244 3474 3256 3491; x_wconf 92' lang='grc'><strong>,</strong></span> <span class='ocrx_word' id='word_1_601' title='bbox 3285 3432 3345 3483; x_wconf 81' lang='grc' dir='ltr'>τὸ</span> <span class='ocrx_word' id='word_1_602' title='bbox 3387 3434 3499 3493; x_wconf 88' lang='grc' dir='ltr'>τοῖς</span> <span class='ocrx_word' id='word_1_603' title='bbox 3526 3431 3727 3499; x_wconf 84' lang='grc' dir='ltr'>αἰχμα-</span> 
     </span>
    </p>
   </div>
   <div class='ocr_carea' id='block_1_81' title="bbox 2152 3520 3727 3598">
    <p class='ocr_par' dir='ltr' id='par_1_81' title="bbox 2152 3520 3727 3598">
     <span class='ocr_line' id='line_1_81' title="bbox 2152 3520 3727 3598; baseline -0.005 -17"><span class='ocrx_word' id='word_1_604' title='bbox 2152 3528 2338 3591; x_wconf 85' lang='grc' dir='ltr'>λώτοις</span> <span class='ocrx_word' id='word_1_605' title='bbox 2382 3528 2589 3598; x_wconf 85' lang='grc' dir='ltr'>πρέπον</span> <span class='ocrx_word' id='word_1_606' title='bbox 2627 3542 2685 3577; x_wconf 86' lang='grc' dir='ltr'><strong>τε</strong></span> <span class='ocrx_word' id='word_1_607' title='bbox 2735 3525 2829 3577; x_wconf 74' lang='grc' dir='ltr'>καὶ</span> <span class='ocrx_word' id='word_1_608' title='bbox 2870 3523 3095 3592; x_wconf 83' lang='grc' dir='ltr'>σύνηθες</span> <span class='ocrx_word' id='word_1_609' title='bbox 3127 3525 3306 3593; x_wconf 81' lang='grc' dir='ltr'>σχῆμα</span> <span class='ocrx_word' id='word_1_610' title='bbox 3335 3522 3553 3575; x_wconf 78' lang='grc' dir='ltr'>λαϐεῖν·</span> <span class='ocrx_word' id='word_1_611' title='bbox 3584 3520 3727 3573; x_wconf 76' lang='grc' dir='ltr'>τοῦτ’</span> 
     </span>
    </p>
   </div>
   <div class='ocr_carea' id='block_1_82' title="bbox 2153 3614 3727 3688">
    <p class='ocr_par' dir='ltr' id='par_1_82' title="bbox 2153 3614 3727 3688">
     <span class='ocr_line' id='line_1_82' title="bbox 2153 3614 3727 3688; baseline -0.004 -16"><span class='ocrx_word' id='word_1_612' title='bbox 2153 3620 2289 3681; x_wconf 78' lang='grc' dir='ltr'>ἐστι,</span> <span class='ocrx_word' id='word_1_613' title='bbox 2322 3617 2635 3688; x_wconf 88' lang='grc' dir='ltr'>γυμνότητὰ</span> <span class='ocrx_word' id='word_1_614' title='bbox 2673 3633 2731 3669; x_wconf 90' lang='grc' dir='ltr'>τε</span> <span class='ocrx_word' id='word_1_615' title='bbox 2773 3616 2865 3669; x_wconf 77' lang='grc' dir='ltr'>καὶ</span> <span class='ocrx_word' id='word_1_616' title='bbox 2894 3615 3271 3669; x_wconf 80' lang='grc' dir='ltr'>ἀνυποδεσίαν.</span> <span class='ocrx_word' id='word_1_617' title='bbox 3301 3616 3425 3678; x_wconf 86' lang='grc' dir='ltr'>Τοῖς</span> <span class='ocrx_word' id='word_1_618' title='bbox 3452 3614 3559 3686; x_wconf 79' lang='grc' dir='ltr'>γὰρ</span> <span class='ocrx_word' id='word_1_619' title='bbox 3590 3614 3727 3677; x_wconf 79' lang='grc' dir='ltr'>ὅλως</span> 
     </span>
    </p>
   </div>
   <div class='ocr_carea' id='block_1_83' title="bbox 2152 3705 3726 3782">
    <p class='ocr_par' dir='ltr' id='par_1_83' title="bbox 2152 3705 3726 3782">
     <span class='ocr_line' id='line_1_83' title="bbox 2152 3705 3726 3782; baseline -0.006 -17"><span class='ocrx_word' id='word_1_620' title='bbox 2152 3708 2491 3779; x_wconf 76' lang='grc' dir='ltr'>νενικηκόσιν</span> <span class='ocrx_word' id='word_1_621' title='bbox 2525 3710 2584 3761; x_wconf 85' lang='grc' dir='ltr'><strong>οὐ</strong></span> <span class='ocrx_word' id='word_1_622' title='bbox 2644 3706 2806 3771; x_wconf 78' lang='grc' dir='ltr'>πολὺς</span> <span class='ocrx_word' id='word_1_623' title='bbox 2838 3706 2946 3759; x_wconf 87' lang='grc' dir='ltr'><strong>τῶν</strong></span> <span class='ocrx_word' id='word_1_624' title='bbox 2982 3708 3297 3782; x_wconf 75' lang='grc' dir='ltr'>ἑαλωκότων</span> <span class='ocrx_word' id='word_1_625' title='bbox 3325 3710 3353 3760; x_wconf 93' lang='lat'><strong>6</strong></span> <span class='ocrx_word' id='word_1_626' title='bbox 3374 3705 3560 3774; x_wconf 82' lang='grc' dir='ltr'>λόγος·</span> <span class='ocrx_word' id='word_1_627' title='bbox 3591 3706 3644 3757; x_wconf 94' lang='grc' dir='ltr'><strong>οἰ</strong></span> <span class='ocrx_word' id='word_1_628' title='bbox 3673 3705 3726 3756; x_wconf 75' lang='grc' dir='ltr'>δὲ</span> 
     </span>
    </p>
   </div>
   <div class='ocr_carea' id='block_1_84' title="bbox 2152 3793 3727 3868">
    <p class='ocr_par' dir='ltr' id='par_1_84' title="bbox 2152 3793 3727 3868">
     <span class='ocr_line' id='line_1_84' title="bbox 2152 3793 3727 3868; baseline -0.003 -15"><span class='ocrx_word' id='word_1_629' title='bbox 2152 3803 2230 3865; x_wconf 81' lang='grc' dir='ltr'><strong>εἰς</strong></span> <span class='ocrx_word' id='word_1_630' title='bbox 2259 3800 2417 3854; x_wconf 76' lang='grc' dir='ltr'>τοῦτο</span> <span class='ocrx_word' id='word_1_631' title='bbox 2446 3799 2700 3861; x_wconf 87' lang='grc' dir='ltr'>πεσόντες</span> <span class='ocrx_word' id='word_1_632' title='bbox 2734 3797 3123 3868; x_wconf 87' lang='grc' dir='ltr'>ταλαιπωρίας,</span> <span class='ocrx_word' id='word_1_633' title='bbox 3162 3798 3263 3851; x_wconf 79' lang='grc' dir='ltr'><strong>κᾶν</strong></span> <span class='ocrx_word' id='word_1_634' title='bbox 3294 3798 3402 3850; x_wconf 82' lang='grc' dir='ltr'>εἴτε</span> <span class='ocrx_word' id='word_1_635' title='bbox 3436 3798 3577 3861; x_wconf 84' lang='grc' dir='ltr'>τινὲς</span> <span class='ocrx_word' id='word_1_636' title='bbox 3621 3793 3727 3849; x_wconf 79' lang='grc' dir='ltr'>ετεν</span> 
     </span>
    </p>
   </div>
   <div class='ocr_carea' id='block_1_85' title="bbox 2149 3888 3724 3960">
    <p class='ocr_par' dir='ltr' id='par_1_85' title="bbox 2149 3888 3724 3960">
     <span class='ocr_line' id='line_1_85' title="bbox 2149 3888 3724 3960; baseline -0.004 -16"><span class='ocrx_word' id='word_1_637' title='bbox 2149 3893 2259 3945; x_wconf 88' lang='grc' dir='ltr'><strong>τῶν</strong></span> <span class='ocrx_word' id='word_1_638' title='bbox 2284 3891 2517 3959; x_wconf 77' lang='grc' dir='ltr'>εὐγενῶν</span> <span class='ocrx_word' id='word_1_639' title='bbox 2546 3888 2688 3943; x_wconf 85' lang='grc' dir='ltr'><strong>κατά</strong></span> <span class='ocrx_word' id='word_1_640' title='bbox 2718 3888 2914 3960; x_wconf 83' lang='grc' dir='ltr'>σάρκα,</span> <span class='ocrx_word' id='word_1_641' title='bbox 2937 3888 3037 3941; x_wconf 81' lang='grc' dir='ltr'>κᾶν</span> <span class='ocrx_word' id='word_1_642' title='bbox 3059 3890 3167 3941; x_wconf 84' lang='grc' dir='ltr'>εἴτε</span> <span class='ocrx_word' id='word_1_643' title='bbox 3196 3889 3295 3957; x_wconf 83' lang='grc' dir='ltr'>τῆς</span> <span class='ocrx_word' id='word_1_644' title='bbox 3320 3888 3570 3957; x_wconf 78' lang='grc' dir='ltr'>ἀγελαίου</span> <span class='ocrx_word' id='word_1_645' title='bbox 3595 3888 3724 3958; x_wconf 86' lang='grc' dir='ltr'>πλη-</span> 
     </span>
    </p>
   </div>
   <div class='ocr_carea' id='block_1_86' title="bbox 2154 3976 3726 4049">
    <p class='ocr_par' dir='ltr' id='par_1_86' title="bbox 2154 3976 3726 4049">
     <span class='ocr_line' id='line_1_86' title="bbox 2154 3976 3726 4049; baseline -0.002 -16"><span class='ocrx_word' id='word_1_646' title='bbox 2154 3983 2300 4045; x_wconf 85' lang='grc' dir='ltr'>Ούος,</span> <span class='ocrx_word' id='word_1_647' title='bbox 2341 3982 2421 4034; x_wconf 78' lang='grc' dir='ltr'><strong>ὲνὶ</strong></span> <span class='ocrx_word' id='word_1_648' title='bbox 2466 3980 2543 4049; x_wconf 83' lang='grc' dir='ltr'>τῷ</span> <span class='ocrx_word' id='word_1_649' title='bbox 2588 3978 2688 4047; x_wconf 81' lang='grc' dir='ltr'>τῆς</span> <span class='ocrx_word' id='word_1_650' title='bbox 2740 3976 3055 4048; x_wconf 82' lang='grc' dir='ltr'>ἀθλιότητος</span> <span class='ocrx_word' id='word_1_651' title='bbox 3103 3978 3410 4047; x_wconf 83' lang='grc' dir='ltr'>συνέχονται</span> <span class='ocrx_word' id='word_1_652' title='bbox 3450 3977 3596 4044; x_wconf 66' lang='grc' dir='ltr'>λίνε),</span> <span class='ocrx_word' id='word_1_653' title='bbox 3630 3978 3726 4029; x_wconf 78' lang='grc' dir='ltr'><strong>οὐκ</strong></span> 
     </span>
    </p>
   </div>
   <div class='ocr_carea' id='block_1_87' title="bbox 2153 4069 3725 4144">
    <p class='ocr_par' dir='ltr' id='par_1_87' title="bbox 2153 4069 3725 4144">
     <span class='ocr_line' id='line_1_87' title="bbox 2153 4069 3725 4144; baseline -0.005 -16"><span class='ocrx_word' id='word_1_654' title='bbox 2153 4076 2353 4144; x_wconf 80' lang='grc' dir='ltr'>ἄμφιον</span> <span class='ocrx_word' id='word_1_655' title='bbox 2388 4072 2621 4142; x_wconf 82' lang='grc' dir='ltr'>ἔχοντες,</span> <span class='ocrx_word' id='word_1_656' title='bbox 2656 4072 2821 4140; x_wconf 79' lang='grc' dir='ltr'>ήγουν</span> <span class='ocrx_word' id='word_1_657' title='bbox 2846 4071 3031 4141; x_wconf 76' lang='grc' dir='ltr'>ἕτερόν</span> <span class='ocrx_word' id='word_1_658' title='bbox 3071 4088 3123 4122; x_wconf 86' lang='grc' dir='ltr'><strong>τι</strong></span> <span class='ocrx_word' id='word_1_659' title='bbox 3169 4070 3276 4122; x_wconf 89' lang='grc' dir='ltr'><strong>τῶν</strong></span> <span class='ocrx_word' id='word_1_660' title='bbox 3322 4069 3615 4122; x_wconf 81' lang='grc' dir='ltr'>τελούντων</span> <span class='ocrx_word' id='word_1_661' title='bbox 3650 4072 3725 4131; x_wconf 81' lang='grc' dir='ltr'><strong>είς</strong></span> 
     </span>
    </p>
   </div>
   <div class='ocr_carea' id='block_1_88' title="bbox 2153 4160 3726 4235">
    <p class='ocr_par' dir='ltr' id='par_1_88' title="bbox 2153 4160 3726 4235">
     <span class='ocr_line' id='line_1_88' title="bbox 2153 4160 3726 4235; baseline -0.005 -17"><span class='ocrx_word' id='word_1_662' title='bbox 2153 4166 2356 4235; x_wconf 78' lang='grc' dir='ltr'>κόσμον</span> <span class='ocrx_word' id='word_1_663' title='bbox 2382 4164 2611 4231; x_wconf 84' lang='grc' dir='ltr'>αὐτοῖςῆ</span> <span class='ocrx_word' id='word_1_664' title='bbox 2641 4162 2965 4227; x_wconf 82' lang='grc' dir='ltr'>ἀνάπαυσιν,</span> <span class='ocrx_word' id='word_1_665' title='bbox 3011 4161 3295 4231; x_wconf 82' lang='grc' dir='ltr'>ἀτημελῶς</span> <span class='ocrx_word' id='word_1_666' title='bbox 3322 4162 3376 4213; x_wconf 78' lang='grc' dir='ltr'>δὲ</span> <span class='ocrx_word' id='word_1_667' title='bbox 3406 4160 3573 4224; x_wconf 73' lang='grc' dir='ltr'>οὕτως</span> <span class='ocrx_word' id='word_1_668' title='bbox 3594 4161 3726 4231; x_wconf 71' lang='grc' dir='ltr'>πρὸς</span> 
     </span>
    </p>
   </div>
   <div class='ocr_carea' id='block_1_89' title="bbox 2154 4252 3726 4321">
    <p class='ocr_par' dir='ltr' id='par_1_89' title="bbox 2154 4252 3726 4321">
     <span class='ocr_line' id='line_1_89' title="bbox 2154 4252 3726 4321; baseline -0.003 -13"><span class='ocrx_word' id='word_1_669' title='bbox 2154 4258 2261 4310; x_wconf 78' lang='grc' dir='ltr'><strong>πᾶν</strong></span> <span class='ocrx_word' id='word_1_670' title='bbox 2301 4256 2477 4309; x_wconf 82' lang='grc' dir='ltr'>ὁτιοῦν</span> <span class='ocrx_word' id='word_1_671' title='bbox 2518 4257 2628 4317; x_wconf 89' lang='grc' dir='ltr'>τοῖς</span> <span class='ocrx_word' id='word_1_672' title='bbox 2660 4252 2841 4306; x_wconf 77' lang='grc' dir='ltr'>ἑλοῦσι</span> <span class='ocrx_word' id='word_1_673' title='bbox 2872 4252 3244 4321; x_wconf 81' lang='grc' dir='ltr'>καταϐυμίων,</span> <span class='ocrx_word' id='word_1_674' title='bbox 3285 4252 3361 4314; x_wconf 84' lang='grc' dir='ltr'>ὠς</span> <span class='ocrx_word' id='word_1_675' title='bbox 3398 4252 3457 4316; x_wconf 69' lang='grc' dir='ltr'>ἐξ</span> <span class='ocrx_word' id='word_1_676' title='bbox 3484 4253 3726 4321; x_wconf 79' lang='grc' dir='ltr'>ἀνάγκης</span> 
     </span>
    </p>
   </div>
   <div class='ocr_carea' id='block_1_90' title="bbox 2154 4344 3726 4418">
    <p class='ocr_par' dir='ltr' id='par_1_90' title="bbox 2154 4344 3726 4418">
     <span class='ocr_line' id='line_1_90' title="bbox 2154 4344 3726 4418; baseline -0.004 -17"><span class='ocrx_word' id='word_1_677' title='bbox 2154 4347 2455 4418; x_wconf 78' lang='grc' dir='ltr'>ἐρχόμενοι.</span> <span class='ocrx_word' id='word_1_678' title='bbox 2487 4345 2886 4417; x_wconf 61' lang='grc' dir='ltr'>Πῳστάττεται</span> <span class='ocrx_word' id='word_1_679' title='bbox 2936 4345 3135 4405; x_wconf 84' lang='grc' dir='ltr'>τοίνυν,</span> <span class='ocrx_word' id='word_1_680' title='bbox 3166 4344 3241 4407; x_wconf 87' lang='grc' dir='ltr'>ὡς</span> <span class='ocrx_word' id='word_1_681' title='bbox 3286 4345 3443 4414; x_wconf 81' lang='grc' dir='ltr'>ἔφην,</span> <span class='ocrx_word' id='word_1_682' title='bbox 3480 4347 3508 4396; x_wconf 88' lang='lat'><strong>6</strong></span> <span class='ocrx_word' id='word_1_683' title='bbox 3537 4345 3726 4397; x_wconf 71' lang='grc' dir='ltr'>θεσπέ-</span> 
     </span>
    </p>
   </div>
   <div class='ocr_carea' id='block_1_91' title="bbox 2155 4437 3725 4510">
    <p class='ocr_par' dir='ltr' id='par_1_91' title="bbox 2155 4437 3725 4510">
     <span class='ocr_line' id='line_1_91' title="bbox 2155 4437 3725 4510; baseline -0.003 -17"><span class='ocrx_word' id='word_1_684' title='bbox 2155 4457 2267 4502; x_wconf 88' lang='grc' dir='ltr'>σιος</span> <span class='ocrx_word' id='word_1_685' title='bbox 2311 4440 2614 4510; x_wconf 80' lang='grc' dir='ltr'>προφήτης,</span> <span class='ocrx_word' id='word_1_686' title='bbox 2649 4438 2866 4507; x_wconf 75' lang='grc' dir='ltr'>ἀφελεῖν</span> <span class='ocrx_word' id='word_1_687' title='bbox 2893 4438 2983 4490; x_wconf 76' lang='grc' dir='ltr'><strong>τὸν</strong></span> <span class='ocrx_word' id='word_1_688' title='bbox 3024 4439 3224 4490; x_wconf 84' lang='grc' dir='ltr'>σάκκον</span> <span class='ocrx_word' id='word_1_689' title='bbox 3258 4438 3364 4489; x_wconf 75' lang='grc' dir='ltr'><strong>ἀπὸ</strong></span> <span class='ocrx_word' id='word_1_690' title='bbox 3398 4438 3495 4506; x_wconf 84' lang='grc' dir='ltr'>τῆς</span> <span class='ocrx_word' id='word_1_691' title='bbox 3531 4437 3725 4501; x_wconf 77' lang='grc' dir='ltr'>ὀσφύος</span> 
     </span>
    </p>
   </div>
   <div class='ocr_carea' id='block_1_92' title="bbox 473 4520 2049 4594">
    <p class='ocr_par' dir='ltr' id='par_1_92' title="bbox 473 4520 2045 4592">
     <span class='ocr_line' id='line_1_92' title="bbox 473 4520 2045 4592; baseline 0.01 -23"><span class='ocrx_word' id='word_1_692' title='bbox 473 4525 775 4585; x_wconf 83' lang='lat' dir='ltr'><strong>temporqu</strong></span> <span class='ocrx_word' id='word_1_693' title='bbox 825 4521 1201 4589; x_wconf 78' lang='lat' dir='ltr'><strong>contingerent</strong></span> <span class='ocrx_word' id='word_1_694' title='bbox 1239 4520 1550 4592; x_wconf 63' lang='lat' dir='ltr'><strong>Egyptiis?</strong></span> <span class='ocrx_word' id='word_1_695' title='bbox 1581 4540 1677 4578; x_wconf 92' lang='lat' dir='ltr'><strong>cur</strong></span> <span class='ocrx_word' id='word_1_696' title='bbox 1702 4526 1839 4581; x_wconf 89' lang='lat' dir='ltr'><strong>adeo</strong></span> <span class='ocrx_word' id='word_1_697' title='bbox 1871 4530 2045 4585; x_wconf 89' lang='lat' dir='ltr'><strong>nudus</strong></span> 
     </span>
    </p>
   </div>
   <div class='ocr_carea' id='block_1_93' title="bbox 2152 4520 3724 4594">
    <p class='ocr_par' dir='ltr' id='par_1_93' title="bbox 2152 4527 3724 4594">
     <span class='ocr_line' id='line_1_93' title="bbox 2152 4527 3724 4594; baseline -0.005 -11"><span class='ocrx_word' id='word_1_698' title='bbox 2152 4528 2333 4593; x_wconf 80' lang='grc' dir='ltr'>αὐτοῦ,</span> <span class='ocrx_word' id='word_1_699' title='bbox 2382 4528 2753 4581; x_wconf 81' lang='grc' dir='ltr'>ὑπολύσασθαί</span> <span class='ocrx_word' id='word_1_700' title='bbox 2793 4545 2851 4579; x_wconf 86' lang='grc' dir='ltr'><strong>τε</strong></span> <span class='ocrx_word' id='word_1_701' title='bbox 2892 4529 2960 4580; x_wconf 74' lang='grc' dir='ltr'>τὰ</span> <span class='ocrx_word' id='word_1_702' title='bbox 2999 4527 3274 4589; x_wconf 86' lang='grc' dir='ltr'>σανδάλια,</span> <span class='ocrx_word' id='word_1_703' title='bbox 3309 4528 3400 4579; x_wconf 69' lang='grc' dir='ltr'>καὶ</span> <span class='ocrx_word' id='word_1_704' title='bbox 3434 4527 3520 4579; x_wconf 62' lang='grc' dir='ltr'>διὰ</span> <span class='ocrx_word' id='word_1_705' title='bbox 3555 4527 3724 4594; x_wconf 81' lang='grc' dir='ltr'>μέσης</span> 
     </span>
    </p>
   </div>
   <div class='ocr_carea' id='block_1_94' title="bbox 474 4608 2041 4684">
    <p class='ocr_par' dir='ltr' id='par_1_94' title="bbox 474 4608 2041 4684">
     <span class='ocr_line' id='line_1_94' title="bbox 474 4608 2041 4684; baseline 0.01 -26"><span class='ocrx_word' id='word_1_706' title='bbox 474 4621 537 4660; x_wconf 87' lang='lat' dir='ltr'><strong>ac</strong></span> <span class='ocrx_word' id='word_1_707' title='bbox 591 4608 947 4665; x_wconf 86' lang='lat' dir='ltr'><strong>discalceatus</strong></span> <span class='ocrx_word' id='word_1_708' title='bbox 1006 4622 1113 4663; x_wconf 87' lang='lat' dir='ltr'><strong>tam</strong></span> <span class='ocrx_word' id='word_1_709' title='bbox 1154 4613 1383 4666; x_wconf 87' lang='lat' dir='ltr'><strong>celebris</strong></span> <span class='ocrx_word' id='word_1_710' title='bbox 1413 4615 1671 4683; x_wconf 87' lang='lat' dir='ltr'><strong>propheta</strong></span> <span class='ocrx_word' id='word_1_711' title='bbox 1723 4619 2041 4684; x_wconf 87' lang='lat' dir='ltr'><strong>ambulavit,</strong></span> 
     </span>
    </p>
   </div>
   <div class='ocr_carea' id='block_1_95' title="bbox 471 4698 2045 4775">
    <p class='ocr_par' dir='ltr' id='par_1_95' title="bbox 471 4698 2045 4775">
     <span class='ocr_line' id='line_1_95' title="bbox 471 4698 2045 4775; baseline 0.011 -24"><span class='ocrx_word' id='word_1_712' title='bbox 471 4698 622 4753; x_wconf 86' lang='lat' dir='ltr'><strong>omni</strong></span> <span class='ocrx_word' id='word_1_713' title='bbox 655 4703 1011 4757; x_wconf 87' lang='lat' dir='ltr'><strong>conveniente</strong></span> <span class='ocrx_word' id='word_1_714' title='bbox 1039 4704 1183 4757; x_wconf 91' lang='lat' dir='ltr'><strong>cultu</strong></span> <span class='ocrx_word' id='word_1_715' title='bbox 1214 4706 1463 4775; x_wconf 71' lang='lat' dir='ltr'><strong>neglecto</strong></span> <span class='ocrx_word' id='word_1_716' title='bbox 1491 4706 1513 4759; x_wconf 72' lang='grc' dir='ltr'><strong>ί</strong></span> <span class='ocrx_word' id='word_1_717' title='bbox 1538 4706 1620 4761; x_wconf 82' lang='lat' dir='ltr'><strong>Ad</strong></span> <span class='ocrx_word' id='word_1_718' title='bbox 1663 4711 1764 4763; x_wconf 92' lang='lat' dir='ltr'><strong>hoc</strong></span> <span class='ocrx_word' id='word_1_719' title='bbox 1814 4710 2045 4768; x_wconf 85' lang='lat' dir='ltr'><strong>dicimus</strong></span> 
     </span>
    </p>
   </div>
   <div class='ocr_carea' id='block_1_96' title="bbox 475 4794 2042 4869">
    <p class='ocr_par' dir='ltr' id='par_1_96' title="bbox 475 4794 2042 4869">
     <span class='ocr_line' id='line_1_96' title="bbox 475 4794 2042 4869; baseline 0.01 -26"><span class='ocrx_word' id='word_1_720' title='bbox 475 4803 567 4844; x_wconf 62' lang='lat' dir='ltr'><strong>eos</strong></span> <span class='ocrx_word' id='word_1_721' title='bbox 619 4794 1002 4860; x_wconf 82' lang='lat' dir='ltr'><strong>prophetarum</strong></span> <span class='ocrx_word' id='word_1_722' title='bbox 1059 4798 1399 4851; x_wconf 87' lang='lat' dir='ltr'><strong>sermonibus</strong></span> <span class='ocrx_word' id='word_1_723' title='bbox 1460 4814 1562 4852; x_wconf 91' lang='lat' dir='ltr'><strong>non</strong></span> <span class='ocrx_word' id='word_1_724' title='bbox 1620 4799 2042 4869; x_wconf 89' lang='lat' dir='ltr'><strong>obtemperasse,</strong></span> 
     </span>
    </p>
   </div>
   <div class='ocr_carea' id='block_1_97' title="bbox 474 4881 2039 4958">
    <p class='ocr_par' dir='ltr' id='par_1_97' title="bbox 474 4881 2039 4958">
     <span class='ocr_line' id='line_1_97' title="bbox 474 4881 2039 4958; baseline 0.007 -24"><span class='ocrx_word' id='word_1_725' title='bbox 474 4881 585 4934; x_wconf 87' lang='lat' dir='ltr'><strong>ituo</strong></span> <span class='ocrx_word' id='word_1_726' title='bbox 636 4899 756 4937; x_wconf 90' lang='lat' dir='ltr'><strong>cum</strong></span> <span class='ocrx_word' id='word_1_727' title='bbox 807 4886 1160 4953; x_wconf 68' lang='lat' dir='ltr'><strong>praedicerent</strong></span> <span class='ocrx_word' id='word_1_728' title='bbox 1217 4887 1419 4951; x_wconf 80' lang='lat' dir='ltr'><strong>futura,</strong></span> <span class='ocrx_word' id='word_1_729' title='bbox 1447 4890 1755 4958; x_wconf 82' lang='lat' dir='ltr'><strong>increpasse</strong></span> <span class='ocrx_word' id='word_1_730' title='bbox 1786 4909 1799 4943; x_wconf 89' lang='lat'>:</span> <span class='ocrx_word' id='word_1_731' title='bbox 1835 4909 1855 4942; x_wconf 79' lang='grc' dir='ltr'>ι</span> <span class='ocrx_word' id='word_1_732' title='bbox 1893 4893 2039 4957; x_wconf 83' lang='lat' dir='ltr'><strong>Alia,</strong></span> 
     </span>
    </p>
   </div>
   <div class='ocr_carea' id='block_1_98' title="bbox 475 4975 2037 5045">
    <p class='ocr_par' dir='ltr' id='par_1_98' title="bbox 475 4975 2037 5045">
     <span class='ocr_line' id='line_1_98' title="bbox 475 4975 2037 5045; baseline 0.005 -16"><span class='ocrx_word' id='word_1_733' title='bbox 475 4975 746 5043; x_wconf 81' lang='lat' dir='ltr'><strong>inquiunt,</strong></span> <span class='ocrx_word' id='word_1_734' title='bbox 780 4979 935 5031; x_wconf 89' lang='lat' dir='ltr'><strong>nobis</strong></span> <span class='ocrx_word' id='word_1_735' title='bbox 964 4978 1264 5045; x_wconf 86' lang='lat' dir='ltr'><strong>loquimini,</strong></span> <span class='ocrx_word' id='word_1_736' title='bbox 1289 4988 1343 5031; x_wconf 90' lang='lat' dir='ltr'><strong>et</strong></span> <span class='ocrx_word' id='word_1_737' title='bbox 1363 4980 1679 5032; x_wconf 88' lang='lat' dir='ltr'><strong>annuntiate</strong></span> <span class='ocrx_word' id='word_1_738' title='bbox 1700 4981 1852 5034; x_wconf 86' lang='lat' dir='ltr'><strong>nobis</strong></span> <span class='ocrx_word' id='word_1_739' title='bbox 1873 4982 2037 5037; x_wconf 87' lang='lat' dir='ltr'><strong>alium</strong></span> 
     </span>
    </p>
   </div>
   <div class='ocr_carea' id='block_1_99' title="bbox 473 5068 2047 5140">
    <p class='ocr_par' dir='ltr' id='par_1_99' title="bbox 473 5068 2047 5140">
     <span class='ocr_line' id='line_1_99' title="bbox 473 5068 2047 5140; baseline 0.007 -20"><span class='ocrx_word' id='word_1_740' title='bbox 473 5082 717 5121; x_wconf 89' lang='lat' dir='ltr'><strong>errorem</strong></span> <span class='ocrx_word' id='word_1_741' title='bbox 751 5068 819 5121; x_wconf 63' lang='grc' dir='ltr'><strong>τι.</strong></span> <span class='ocrx_word' id='word_1_742' title='bbox 875 5087 894 5120; x_wconf 72' lang='grc' dir='ltr'>ι</span> <span class='ocrx_word' id='word_1_743' title='bbox 937 5068 1071 5122; x_wconf 90' lang='lat' dir='ltr'><strong>lliuc</strong></span> <span class='ocrx_word' id='word_1_744' title='bbox 1124 5072 1360 5138; x_wconf 86' lang='lat' dir='ltr'><strong>prudens</strong></span> <span class='ocrx_word' id='word_1_745' title='bbox 1409 5071 1496 5125; x_wconf 88' lang='lat' dir='ltr'><strong>hic</strong></span> <span class='ocrx_word' id='word_1_746' title='bbox 1532 5072 1634 5134; x_wconf 91' lang='lat' dir='ltr'><strong>vir,</strong></span> <span class='ocrx_word' id='word_1_747' title='bbox 1668 5074 1965 5140; x_wconf 89' lang='lat' dir='ltr'><strong>modestus,</strong></span> <span class='ocrx_word' id='word_1_748' title='bbox 1995 5087 2047 5131; x_wconf 90' lang='lat' dir='ltr'><strong>et</strong></span> 
     </span>
    </p>
   </div>
   <div class='ocr_carea' id='block_1_100' title="bbox 473 5159 2047 5235">
    <p class='ocr_par' dir='ltr' id='par_1_100' title="bbox 473 5159 2047 5235">
     <span class='ocr_line' id='line_1_100' title="bbox 473 5159 2047 5235; baseline 0.006 -23"><span class='ocrx_word' id='word_1_749' title='bbox 473 5159 619 5212; x_wconf 91' lang='lat' dir='ltr'><strong>omni</strong></span> <span class='ocrx_word' id='word_1_750' title='bbox 671 5161 872 5213; x_wconf 80' lang='lat' dir='ltr'><strong>virtute</strong></span> <span class='ocrx_word' id='word_1_751' title='bbox 904 5162 1226 5227; x_wconf 89' lang='lat' dir='ltr'><strong>cumulatus,</strong></span> <span class='ocrx_word' id='word_1_752' title='bbox 1283 5177 1346 5215; x_wconf 89' lang='lat' dir='ltr'><strong>ac</strong></span> <span class='ocrx_word' id='word_1_753' title='bbox 1391 5163 1687 5230; x_wconf 63' lang='lat' dir='ltr'><strong>prophetiae</strong></span> <span class='ocrx_word' id='word_1_754' title='bbox 1717 5164 1859 5219; x_wconf 88' lang='lat' dir='ltr'><strong>dono</strong></span> <span class='ocrx_word' id='word_1_755' title='bbox 1893 5169 2047 5235; x_wconf 86' lang='lat' dir='ltr'><strong>quasi</strong></span> 
     </span>
    </p>
   </div>
   <div class='ocr_carea' id='block_1_101' title="bbox 476 5253 2050 5326">
    <p class='ocr_par' dir='ltr' id='par_1_101' title="bbox 476 5253 2050 5326">
     <span class='ocr_line' id='line_1_101' title="bbox 476 5253 2050 5326; baseline 0.006 -21"><span class='ocrx_word' id='word_1_756' title='bbox 476 5262 789 5314; x_wconf 87' lang='lat' dir='ltr'><strong>coronatus,</strong></span> <span class='ocrx_word' id='word_1_757' title='bbox 836 5261 891 5304; x_wconf 90' lang='lat' dir='ltr'><strong>et</strong></span> <span class='ocrx_word' id='word_1_758' title='bbox 948 5253 999 5305; x_wconf 93' lang='lat' dir='ltr'><strong>in</strong></span> <span class='ocrx_word' id='word_1_759' title='bbox 1048 5253 1395 5307; x_wconf 86' lang='lat' dir='ltr'><strong>meditatione</strong></span> <span class='ocrx_word' id='word_1_760' title='bbox 1426 5253 1674 5318; x_wconf 87' lang='lat' dir='ltr'><strong>illustris,</strong></span> <span class='ocrx_word' id='word_1_761' title='bbox 1715 5257 1886 5326; x_wconf 91' lang='lat' dir='ltr'><strong>ipsum</strong></span> <span class='ocrx_word' id='word_1_762' title='bbox 1915 5260 2050 5315; x_wconf 87' lang='lat' dir='ltr'><strong>adeo</strong></span> 
     </span>
    </p>
   </div>
   <div class='ocr_carea' id='block_1_102' title="bbox 475 5345 2045 5417">
    <p class='ocr_par' dir='ltr' id='par_1_102' title="bbox 475 5345 2045 5417">
     <span class='ocr_line' id='line_1_102' title="bbox 475 5345 2045 5417; baseline 0.004 -21"><span class='ocrx_word' id='word_1_763' title='bbox 475 5358 691 5396; x_wconf 80' lang='lat' dir='ltr'><strong>saccum</strong></span> <span class='ocrx_word' id='word_1_764' title='bbox 752 5345 936 5409; x_wconf 85' lang='lat' dir='ltr'><strong>exuit,</strong></span> <span class='ocrx_word' id='word_1_765' title='bbox 1001 5361 1104 5397; x_wconf 89' lang='lat' dir='ltr'><strong>uou</strong></span> <span class='ocrx_word' id='word_1_766' title='bbox 1153 5345 1365 5399; x_wconf 91' lang='lat' dir='ltr'><strong>mollem</strong></span> <span class='ocrx_word' id='word_1_767' title='bbox 1406 5362 1536 5402; x_wconf 88' lang='lat' dir='ltr'><strong>sane</strong></span> <span class='ocrx_word' id='word_1_768' title='bbox 1569 5358 1662 5403; x_wconf 88' lang='lat' dir='ltr'><strong>aut</strong></span> <span class='ocrx_word' id='word_1_769' title='bbox 1713 5350 2045 5417; x_wconf 78' lang='lat' dir='ltr'><strong>Splendidam</strong></span> 
     </span>
    </p>
   </div>
   <div class='ocr_carea' id='block_1_103' title="bbox 481 5436 2041 5508">
    <p class='ocr_par' dir='ltr' id='par_1_103' title="bbox 481 5436 2041 5508">
     <span class='ocr_line' id='line_1_103' title="bbox 481 5436 2041 5508; baseline 0.004 -19"><span class='ocrx_word' id='word_1_770' title='bbox 481 5444 707 5495; x_wconf 70' lang='lat' dir='ltr'><strong>vestem,</strong></span> <span class='ocrx_word' id='word_1_771' title='bbox 748 5436 840 5488; x_wconf 88' lang='lat' dir='ltr'><strong>sed</strong></span> <span class='ocrx_word' id='word_1_772' title='bbox 870 5450 1113 5489; x_wconf 74' lang='lat' dir='ltr'><strong>crassam</strong></span> <span class='ocrx_word' id='word_1_773' title='bbox 1172 5438 1349 5505; x_wconf 90' lang='lat' dir='ltr'><strong>potius</strong></span> <span class='ocrx_word' id='word_1_774' title='bbox 1397 5448 1448 5492; x_wconf 89' lang='lat' dir='ltr'><strong>et</strong></span> <span class='ocrx_word' id='word_1_775' title='bbox 1490 5439 1693 5505; x_wconf 85' lang='lat' dir='ltr'><strong>vilem;</strong></span> <span class='ocrx_word' id='word_1_776' title='bbox 1735 5440 1848 5508; x_wconf 90' lang='lat' dir='ltr'><strong>ipsa</strong></span> <span class='ocrx_word' id='word_1_777' title='bbox 1880 5441 2041 5495; x_wconf 79' lang='lat' dir='ltr'><strong>etiam</strong></span> 
     </span>
    </p>
   </div>
   <div class='ocr_carea' id='block_1_104' title="bbox 480 5523 2041 5599">
    <p class='ocr_par' dir='ltr' id='par_1_104' title="bbox 480 5523 2041 5599">
     <span class='ocr_line' id='line_1_104' title="bbox 480 5523 2041 5599; baseline 0.004 -23"><span class='ocrx_word' id='word_1_778' title='bbox 480 5523 640 5576; x_wconf 77' lang='lat' dir='ltr'><strong>solvit</strong></span> <span class='ocrx_word' id='word_1_779' title='bbox 677 5526 866 5593; x_wconf 89' lang='lat' dir='ltr'><strong>pedum</strong></span> <span class='ocrx_word' id='word_1_780' title='bbox 916 5526 1303 5593; x_wconf 83' lang='lat' dir='ltr'><strong>calceautenta,</strong></span> <span class='ocrx_word' id='word_1_781' title='bbox 1362 5529 1452 5581; x_wconf 91' lang='lat' dir='ltr'><strong>tali</strong></span> <span class='ocrx_word' id='word_1_782' title='bbox 1494 5530 1677 5583; x_wconf 88' lang='lat' dir='ltr'><strong>habitu</strong></span> <span class='ocrx_word' id='word_1_783' title='bbox 1714 5529 2041 5599; x_wconf 77' lang='lat' dir='ltr'><strong>ingrediens,</strong></span> 
     </span>
    </p>
   </div>
   <div class='ocr_carea' id='block_1_105' title="bbox 480 5615 2043 5691">
    <p class='ocr_par' dir='ltr' id='par_1_105' title="bbox 480 5615 2043 5691">
     <span class='ocr_line' id='line_1_105' title="bbox 480 5615 2043 5691; baseline 0.004 -23"><span class='ocrx_word' id='word_1_784' title='bbox 480 5624 539 5668; x_wconf 87' lang='lat' dir='ltr'><strong>ut</strong></span> <span class='ocrx_word' id='word_1_785' title='bbox 569 5615 656 5683; x_wconf 90' lang='lat' dir='ltr'><strong>qui</strong></span> <span class='ocrx_word' id='word_1_786' title='bbox 691 5615 865 5683; x_wconf 85' lang='lat' dir='ltr'><strong>ipsum</strong></span> <span class='ocrx_word' id='word_1_787' title='bbox 900 5617 1136 5683; x_wconf 86' lang='lat' dir='ltr'><strong>videant,</strong></span> <span class='ocrx_word' id='word_1_788' title='bbox 1171 5618 1271 5674; x_wconf 85' lang='lat' dir='ltr'><strong>hoc</strong></span> <span class='ocrx_word' id='word_1_789' title='bbox 1298 5619 1581 5683; x_wconf 89' lang='lat' dir='ltr'><strong>mirentur,</strong></span> <span class='ocrx_word' id='word_1_790' title='bbox 1610 5636 1909 5691; x_wconf 88' lang='lat' dir='ltr'><strong>causasque</strong></span> <span class='ocrx_word' id='word_1_791' title='bbox 1934 5622 2043 5677; x_wconf 86' lang='lat' dir='ltr'><strong>sci-</strong></span> 
     </span>
    </p>
   </div>
   <div class='ocr_carea' id='block_1_106' title="bbox 552 5793 1663 5863">
    <p class='ocr_par' dir='ltr' id='par_1_106' title="bbox 552 5793 1663 5863">
     <span class='ocr_line' id='line_1_106' title="bbox 552 5793 1663 5863; baseline 0.001 -17"><span class='ocrx_word' id='word_1_792' title='bbox 552 5794 594 5823; x_wconf 80' lang='lat'>&quot;</span> <span class='ocrx_word' id='word_1_793' title='bbox 626 5793 725 5848; x_wconf 83' lang='lat' dir='ltr'><strong>lsa.</strong></span> <span class='ocrx_word' id='word_1_794' title='bbox 766 5794 935 5859; x_wconf 73' lang='lat' dir='ltr'><strong>xxx,l</strong></span> <span class='ocrx_word' id='word_1_795' title='bbox 980 5807 1127 5863; x_wconf 82' lang='lat' dir='ltr'><strong>seqq.</strong></span> <span class='ocrx_word' id='word_1_796' title='bbox 1205 5795 1248 5824; x_wconf 82' lang='grc'>⁷⁸</span> <span class='ocrx_word' id='word_1_797' title='bbox 1274 5793 1408 5848; x_wconf 74' lang='lat' dir='ltr'><strong>Osee</strong></span> <span class='ocrx_word' id='word_1_798' title='bbox 1444 5808 1537 5856; x_wconf 83' lang='lat' dir='ltr'><strong>vn,</strong></span> <span class='ocrx_word' id='word_1_799' title='bbox 1581 5793 1663 5847; x_wconf 91' lang='lat' dir='ltr'><strong>ll.</strong></span> 
     </span>
    </p>
   </div>
   <div class='ocr_carea' id='block_1_107' title="bbox 1740 5793 2140 5861">
    <p class='ocr_par' dir='ltr' id='par_1_107' title="bbox 1740 5793 2140 5861">
     <span class='ocr_line' id='line_1_107' title="bbox 1740 5793 2140 5861; baseline 0.003 -13"><span class='ocrx_word' id='word_1_800' title='bbox 1740 5793 1784 5825; x_wconf 83' lang='grc'><strong>⁷³</strong></span> <span class='ocrx_word' id='word_1_801' title='bbox 1806 5793 1906 5848; x_wconf 88' lang='lat' dir='ltr'><strong>lsa.</strong></span> <span class='ocrx_word' id='word_1_802' title='bbox 1948 5796 2140 5861; x_wconf 78' lang='lat' dir='ltr'><strong>xxxt,l</strong></span> 
     </span>
    </p>
   </div>
   <div class='ocr_carea' id='block_1_108' title="bbox 2149 4616 3723 4690">
    <p class='ocr_par' dir='ltr' id='par_1_108' title="bbox 2149 4616 3723 4690">
     <span class='ocr_line' id='line_1_108' title="bbox 2149 4616 3723 4690; baseline -0.005 -17"><span class='ocrx_word' id='word_1_803' title='bbox 2149 4622 2287 4675; x_wconf 76' lang='grc' dir='ltr'>ἱέναι</span> <span class='ocrx_word' id='word_1_804' title='bbox 2311 4622 2409 4690; x_wconf 80' lang='grc' dir='ltr'>τῆς</span> <span class='ocrx_word' id='word_1_805' title='bbox 2442 4618 2793 4689; x_wconf 82' lang='grc' dir='ltr'>Ἰερουσαλὴμ</span> <span class='ocrx_word' id='word_1_806' title='bbox 2821 4619 3024 4688; x_wconf 77' lang='grc' dir='ltr'>γυμνὸς</span> <span class='ocrx_word' id='word_1_807' title='bbox 3054 4620 3143 4671; x_wconf 75' lang='grc' dir='ltr'>καὶ</span> <span class='ocrx_word' id='word_1_808' title='bbox 3175 4617 3520 4678; x_wconf 82' lang='grc' dir='ltr'>άνυπόδετος.</span> <span class='ocrx_word' id='word_1_809' title='bbox 3556 4616 3723 4684; x_wconf 83' lang='grc' dir='ltr'>Ἕδρα</span> 
     </span>
    </p>
   </div>
   <div class='ocr_carea' id='block_1_109' title="bbox 2143 4704 3724 4780">
    <p class='ocr_par' dir='ltr' id='par_1_109' title="bbox 2143 4704 3724 4780">
     <span class='ocr_line' id='line_1_109' title="bbox 2143 4704 3724 4780; baseline -0.005 -15"><span class='ocrx_word' id='word_1_810' title='bbox 2143 4714 2201 4766; x_wconf 80' lang='grc' dir='ltr'>δὲ</span> <span class='ocrx_word' id='word_1_811' title='bbox 2245 4711 2403 4764; x_wconf 81' lang='grc' dir='ltr'>τοῦτο</span> <span class='ocrx_word' id='word_1_812' title='bbox 2435 4710 2528 4763; x_wconf 80' lang='grc' dir='ltr'>τοῦ</span> <span class='ocrx_word' id='word_1_813' title='bbox 2574 4710 2747 4763; x_wconf 86' lang='grc' dir='ltr'>δοκεῖν</span> <span class='ocrx_word' id='word_1_814' title='bbox 2791 4710 3081 4780; x_wconf 78' lang='grc' dir='ltr'>εὐσχήμων</span> <span class='ocrx_word' id='word_1_815' title='bbox 3130 4704 3268 4761; x_wconf 81' lang='grc' dir='ltr'>εἶναί</span> <span class='ocrx_word' id='word_1_816' title='bbox 3298 4724 3400 4772; x_wconf 88' lang='grc' dir='ltr'>τις,</span> <span class='ocrx_word' id='word_1_817' title='bbox 3432 4710 3491 4760; x_wconf 92' lang='grc' dir='ltr'><strong>οὐ</strong></span> <span class='ocrx_word' id='word_1_818' title='bbox 3525 4707 3724 4774; x_wconf 75' lang='grc' dir='ltr'>σφόδρα</span> 
     </span>
    </p>
   </div>
   <div class='ocr_carea' id='block_1_110' title="bbox 2149 4798 3724 4874">
    <p class='ocr_par' dir='ltr' id='par_1_110' title="bbox 2149 4798 3724 4874">
     <span class='ocr_line' id='line_1_110' title="bbox 2149 4798 3724 4874; baseline -0.005 -16"><span class='ocrx_word' id='word_1_819' title='bbox 2149 4802 2541 4874; x_wconf 77' lang='grc' dir='ltr'>πεφροντικὼς,</span> <span class='ocrx_word' id='word_1_820' title='bbox 2580 4802 2673 4855; x_wconf 70' lang='grc' dir='ltr'>καὶ</span> <span class='ocrx_word' id='word_1_821' title='bbox 2720 4800 2827 4853; x_wconf 91' lang='grc' dir='ltr'><strong>τῶν</strong></span> <span class='ocrx_word' id='word_1_822' title='bbox 2859 4801 3203 4872; x_wconf 84' lang='grc' dir='ltr'>ἀρεσκόντων</span> <span class='ocrx_word' id='word_1_823' title='bbox 3250 4800 3368 4869; x_wconf 80' lang='grc' dir='ltr'>Θεῷ</span> <span class='ocrx_word' id='word_1_824' title='bbox 3416 4798 3724 4870; x_wconf 79' lang='grc' dir='ltr'>προστιθεὶς</span> 
     </span>
    </p>
   </div>
   <div class='ocr_carea' id='block_1_111' title="bbox 2144 4892 3722 4961">
    <p class='ocr_par' dir='ltr' id='par_1_111' title="bbox 2144 4892 3722 4961">
     <span class='ocr_line' id='line_1_111' title="bbox 2144 4892 3722 4961; baseline -0.001 -14"><span class='ocrx_word' id='word_1_825' title='bbox 2144 4895 2316 4955; x_wconf 81' lang='grc' dir='ltr'>οὐδὲν,</span> <span class='ocrx_word' id='word_1_826' title='bbox 2345 4892 2448 4946; x_wconf 76' lang='grc' dir='ltr'>κᾶν</span> <span class='ocrx_word' id='word_1_827' title='bbox 2498 4895 2547 4946; x_wconf 89' lang='grc' dir='ltr'><strong>εί</strong></span> <span class='ocrx_word' id='word_1_828' title='bbox 2591 4893 2833 4961; x_wconf 84' lang='grc' dir='ltr'>φαίνοιτό</span> <span class='ocrx_word' id='word_1_829' title='bbox 2869 4910 2921 4943; x_wconf 84' lang='grc' dir='ltr'><strong>τι</strong></span> <span class='ocrx_word' id='word_1_830' title='bbox 2953 4892 3090 4961; x_wconf 84' lang='grc' dir='ltr'><strong>βαρύ</strong></span> <span class='ocrx_word' id='word_1_831' title='bbox 3134 4892 3227 4944; x_wconf 70' lang='grc' dir='ltr'>καὶ</span> <span class='ocrx_word' id='word_1_832' title='bbox 3278 4892 3468 4960; x_wconf 80' lang='grc' dir='ltr'>μώμου</span> <span class='ocrx_word' id='word_1_833' title='bbox 3505 4892 3722 4961; x_wconf 81' lang='grc' dir='ltr'>μεστόν.</span> 
     </span>
    </p>
   </div>
   <div class='ocr_carea' id='block_1_112' title="bbox 2159 4979 3721 5052">
    <p class='ocr_par' dir='ltr' id='par_1_112' title="bbox 2159 4979 3721 5052">
     <span class='ocr_line' id='line_1_112' title="bbox 2159 4979 3721 5052; baseline -0.004 -17"><span class='ocrx_word' id='word_1_834' title='bbox 2159 4982 2298 5035; x_wconf 85' lang='grc' dir='ltr'>Ἀλλ’</span> <span class='ocrx_word' id='word_1_835' title='bbox 2328 4982 2455 5046; x_wconf 82' lang='grc' dir='ltr'>ἴσως</span> <span class='ocrx_word' id='word_1_836' title='bbox 2488 4982 2624 5052; x_wconf 84' lang='grc' dir='ltr'>πρὸς</span> <span class='ocrx_word' id='word_1_837' title='bbox 2648 4981 2804 5033; x_wconf 79' lang='grc' dir='ltr'>τοῦτο</span> <span class='ocrx_word' id='word_1_838' title='bbox 2834 4982 2946 5051; x_wconf 80' lang='grc' dir='ltr'>ἐρεῖ</span> <span class='ocrx_word' id='word_1_839' title='bbox 2978 4995 3086 5040; x_wconf 83' lang='grc' dir='ltr'>τις’</span> <span class='ocrx_word' id='word_1_840' title='bbox 3126 4981 3225 5032; x_wconf 69' lang='grc' dir='ltr'><strong>Διὰ</strong></span> <span class='ocrx_word' id='word_1_841' title='bbox 3252 4980 3304 5031; x_wconf 82' lang='grc' dir='ltr'><strong>τί</strong></span> <span class='ocrx_word' id='word_1_842' title='bbox 3330 4980 3436 5049; x_wconf 79' lang='grc' dir='ltr'><strong>γὰρ</strong></span> <span class='ocrx_word' id='word_1_843' title='bbox 3469 4979 3541 5047; x_wconf 82' lang='grc' dir='ltr'>μὴ</span> <span class='ocrx_word' id='word_1_844' title='bbox 3591 4980 3721 5046; x_wconf 74' lang='grc' dir='ltr'>μᾶ).-</span> 
     </span>
    </p>
   </div>
   <div class='ocr_carea' id='block_1_113' title="bbox 2148 5068 3720 5145">
    <p class='ocr_par' dir='ltr' id='par_1_113' title="bbox 2148 5068 3720 5145">
     <span class='ocr_line' id='line_1_113' title="bbox 2148 5068 3720 5145; baseline -0.003 -20"><span class='ocrx_word' id='word_1_845' title='bbox 2148 5074 2237 5127; x_wconf 91' lang='grc' dir='ltr'><strong>λον</strong></span> <span class='ocrx_word' id='word_1_846' title='bbox 2266 5074 2637 5145; x_wconf 88' lang='grc' dir='ltr'>προηγόρευσε</span> <span class='ocrx_word' id='word_1_847' title='bbox 2670 5072 2828 5141; x_wconf 87' lang='grc' dir='ltr'>μόνον</span> <span class='ocrx_word' id='word_1_848' title='bbox 2852 5074 2964 5134; x_wconf 79' lang='grc' dir='ltr'>τοῖς</span> <span class='ocrx_word' id='word_1_849' title='bbox 2994 5068 3053 5134; x_wconf 75' lang='grc' dir='ltr'>ἐξ</span> <span class='ocrx_word' id='word_1_850' title='bbox 3100 5070 3314 5141; x_wconf 84' lang='grc' dir='ltr'>Ἰσραὴλ</span> <span class='ocrx_word' id='word_1_851' title='bbox 3348 5072 3413 5121; x_wconf 87' lang='grc' dir='ltr'><strong>τά</strong></span> <span class='ocrx_word' id='word_1_852' title='bbox 3450 5069 3720 5138; x_wconf 76' lang='grc' dir='ltr'>συμόησό-</span> 
     </span>
    </p>
   </div>
   <div class='ocr_carea' id='block_1_114' title="bbox 2151 5160 3719 5237">
    <p class='ocr_par' dir='ltr' id='par_1_114' title="bbox 2151 5160 3719 5237">
     <span class='ocr_line' id='line_1_114' title="bbox 2151 5160 3719 5237; baseline -0.005 -18"><span class='ocrx_word' id='word_1_853' title='bbox 2151 5184 2286 5237; x_wconf 87' lang='grc' dir='ltr'>μενα</span> <span class='ocrx_word' id='word_1_854' title='bbox 2332 5168 2445 5229; x_wconf 86' lang='grc' dir='ltr'>τοῖς</span> <span class='ocrx_word' id='word_1_855' title='bbox 2478 5164 2793 5233; x_wconf 75' lang='grc' dir='ltr'>Αἰγυπτίοις</span> <span class='ocrx_word' id='word_1_856' title='bbox 2838 5164 2977 5216; x_wconf 77' lang='grc' dir='ltr'>κατὰ</span> <span class='ocrx_word' id='word_1_857' title='bbox 3004 5162 3261 5232; x_wconf 88' lang='grc' dir='ltr'>καιρούς;</span> <span class='ocrx_word' id='word_1_858' title='bbox 3298 5161 3633 5231; x_wconf 83' lang='grc' dir='ltr'>Πεπόρευται</span> <span class='ocrx_word' id='word_1_859' title='bbox 3667 5160 3719 5211; x_wconf 80' lang='grc' dir='ltr'>δὲ</span> 
     </span>
    </p>
   </div>
   <div class='ocr_carea' id='block_1_115' title="bbox 2146 5252 3718 5326">
    <p class='ocr_par' dir='ltr' id='par_1_115' title="bbox 2146 5252 3718 5326">
     <span class='ocr_line' id='line_1_115' title="bbox 2146 5252 3718 5326; baseline -0.005 -16"><span class='ocrx_word' id='word_1_860' title='bbox 2146 5258 2318 5320; x_wconf 73' lang='grc' dir='ltr'>οὕτως</span> <span class='ocrx_word' id='word_1_861' title='bbox 2346 5257 2548 5326; x_wconf 88' lang='grc' dir='ltr'>γυμνός</span> <span class='ocrx_word' id='word_1_862' title='bbox 2575 5273 2632 5309; x_wconf 85' lang='grc' dir='ltr'><strong>τε</strong></span> <span class='ocrx_word' id='word_1_863' title='bbox 2665 5256 2757 5308; x_wconf 79' lang='grc' dir='ltr'><strong>καὶ</strong></span> <span class='ocrx_word' id='word_1_864' title='bbox 2794 5255 3117 5315; x_wconf 86' lang='grc' dir='ltr'>ἀνυπόδετος</span> <span class='ocrx_word' id='word_1_865' title='bbox 3148 5256 3175 5307; x_wconf 90' lang='lat'><strong>6</strong></span> <span class='ocrx_word' id='word_1_866' title='bbox 3201 5252 3481 5322; x_wconf 79' lang='grc' dir='ltr'>διαϐόητος</span> <span class='ocrx_word' id='word_1_867' title='bbox 3510 5253 3566 5302; x_wconf 82' lang='grc' dir='ltr'>ἐν</span> <span class='ocrx_word' id='word_1_868' title='bbox 3594 5268 3718 5320; x_wconf 80' lang='grc' dir='ltr'>προ·</span> 
     </span>
    </p>
   </div>
   <div class='ocr_carea' id='block_1_116' title="bbox 2147 5343 3717 5419">
    <p class='ocr_par' dir='ltr' id='par_1_116' title="bbox 2147 5343 3717 5419">
     <span class='ocr_line' id='line_1_116' title="bbox 2147 5343 3717 5419; baseline -0.003 -18"><span class='ocrx_word' id='word_1_869' title='bbox 2147 5352 2362 5419; x_wconf 71' lang='grc' dir='ltr'>φήταις,</span> <span class='ocrx_word' id='word_1_870' title='bbox 2393 5349 2490 5418; x_wconf 86' lang='grc' dir='ltr'>τῆς</span> <span class='ocrx_word' id='word_1_871' title='bbox 2524 5347 2672 5416; x_wconf 84' lang='grc' dir='ltr'>αὐτῷ</span> <span class='ocrx_word' id='word_1_872' title='bbox 2703 5346 3016 5417; x_wconf 80' lang='grc' dir='ltr'>πρεπούσης</span> <span class='ocrx_word' id='word_1_873' title='bbox 3052 5346 3346 5414; x_wconf 74' lang='grc' dir='ltr'>εὐκοσμίας</span> <span class='ocrx_word' id='word_1_874' title='bbox 3390 5343 3717 5413; x_wconf 71' lang='grc' dir='ltr'>ἠφειδηκώς.</span> 
     </span>
    </p>
   </div>
   <div class='ocr_carea' id='block_1_117' title="bbox 2152 5433 3716 5511">
    <p class='ocr_par' dir='ltr' id='par_1_117' title="bbox 2152 5433 3716 5511">
     <span class='ocr_line' id='line_1_117' title="bbox 2152 5433 3716 5511; baseline -0.004 -20"><span class='ocrx_word' id='word_1_875' title='bbox 2152 5440 2293 5510; x_wconf 84' lang='grc' dir='ltr'>Πρὸς</span> <span class='ocrx_word' id='word_1_876' title='bbox 2341 5440 2405 5511; x_wconf 83' lang='grc' dir='ltr'>δὴ</span> <span class='ocrx_word' id='word_1_877' title='bbox 2442 5438 2598 5491; x_wconf 82' lang='grc' dir='ltr'>τοῦτό</span> <span class='ocrx_word' id='word_1_878' title='bbox 2633 5455 2812 5507; x_wconf 86' lang='grc' dir='ltr'>φαμεν</span> <span class='ocrx_word' id='word_1_879' title='bbox 2862 5439 2942 5490; x_wconf 78' lang='grc' dir='ltr'><strong>ὃτι</strong></span> <span class='ocrx_word' id='word_1_880' title='bbox 2993 5440 3103 5499; x_wconf 83' lang='grc' dir='ltr'>τοῖς</span> <span class='ocrx_word' id='word_1_881' title='bbox 3146 5436 3253 5487; x_wconf 87' lang='grc' dir='ltr'><strong>τῶν</strong></span> <span class='ocrx_word' id='word_1_882' title='bbox 3305 5433 3597 5504; x_wconf 82' lang='grc' dir='ltr'>προφητῶν</span> <span class='ocrx_word' id='word_1_883' title='bbox 3625 5436 3716 5486; x_wconf 70' lang='grc' dir='ltr'>οὐ)</span> 
     </span>
    </p>
   </div>
   <div class='ocr_carea' id='block_1_118' title="bbox 2150 5522 3713 5597">
    <p class='ocr_par' dir='ltr' id='par_1_118' title="bbox 2150 5522 3713 5597">
     <span class='ocr_line' id='line_1_118' title="bbox 2150 5522 3713 5597; baseline -0.003 -18"><span class='ocrx_word' id='word_1_884' title='bbox 2150 5528 2428 5582; x_wconf 82' lang='grc' dir='ltr'>ἐπείθοντο</span> <span class='ocrx_word' id='word_1_885' title='bbox 2460 5528 2657 5595; x_wconf 88' lang='grc' dir='ltr'>λόγοις,</span> <span class='ocrx_word' id='word_1_886' title='bbox 2696 5527 2893 5597; x_wconf 79' lang='grc' dir='ltr'>μᾶλλον</span> <span class='ocrx_word' id='word_1_887' title='bbox 2922 5526 2977 5577; x_wconf 81' lang='grc' dir='ltr'>δὲ</span> <span class='ocrx_word' id='word_1_888' title='bbox 3011 5524 3106 5577; x_wconf 73' lang='grc' dir='ltr'>καὶ</span> <span class='ocrx_word' id='word_1_889' title='bbox 3137 5522 3412 5593; x_wconf 76' lang='grc' dir='ltr'>ἐπετίμων</span> <span class='ocrx_word' id='word_1_890' title='bbox 3455 5526 3566 5576; x_wconf 75' lang='grc' dir='ltr'>τοῖς</span> <span class='ocrx_word' id='word_1_891' title='bbox 3594 5540 3713 5592; x_wconf 82' lang='grc' dir='ltr'>προ-</span> 
     </span>
    </p>
   </div>
   <div class='ocr_carea' id='block_1_119' title="bbox 2150 5616 3714 5689">
    <p class='ocr_par' dir='ltr' id='par_1_119' title="bbox 2150 5616 3714 5689">
     <span class='ocr_line' id='line_1_119' title="bbox 2150 5616 3714 5689; baseline -0.002 -17"><span class='ocrx_word' id='word_1_892' title='bbox 2150 5620 2433 5689; x_wconf 83' lang='grc' dir='ltr'>αγορεύειν</span> <span class='ocrx_word' id='word_1_893' title='bbox 2483 5619 2723 5672; x_wconf 75' lang='grc' dir='ltr'>ἐθέλουσι</span> <span class='ocrx_word' id='word_1_894' title='bbox 2764 5618 2833 5671; x_wconf 78' lang='grc' dir='ltr'>τὰ</span> <span class='ocrx_word' id='word_1_895' title='bbox 2874 5618 3126 5687; x_wconf 78' lang='grc' dir='ltr'>ἐσόμενα,</span> <span class='ocrx_word' id='word_1_896' title='bbox 3171 5616 3416 5685; x_wconf 77' lang='grc' dir='ltr'>λέγοντες</span> <span class='ocrx_word' id='word_1_897' title='bbox 3441 5634 3455 5648; x_wconf 75' lang='grc' dir='ltr'><strong><em>ο</em></strong></span> <span class='ocrx_word' id='word_1_898' title='bbox 3508 5636 3526 5666; x_wconf 76' lang='grc' dir='ltr'><strong>ι</strong></span> <span class='ocrx_word' id='word_1_899' title='bbox 3556 5616 3714 5669; x_wconf 81' lang='grc' dir='ltr'>’Δλλο</span> 
     </span>
    </p>
   </div>
   <div class='ocr_carea' id='block_1_120' title="bbox 2156 5781 2812 5860">
    <p class='ocr_par' dir='ltr' id='par_1_120' title="bbox 2156 5781 2812 5860">
     <span class='ocr_line' id='line_1_120' title="bbox 2156 5781 2812 5860; baseline 0 -13"><span class='ocrx_word' id='word_1_900' title='bbox 2156 5796 2249 5860; x_wconf 71' lang='lat'><strong>,2.</strong></span> <span class='ocrx_word' id='word_1_901' title='bbox 2328 5794 2491 5849; x_wconf 70' lang='lat' dir='ltr'><strong>&quot;lsa.</strong></span> <span class='ocrx_word' id='word_1_902' title='bbox 2549 5781 2674 5857; x_wconf 72' lang='lat' dir='ltr'><strong>xxx,</strong></span> <span class='ocrx_word' id='word_1_903' title='bbox 2733 5794 2812 5849; x_wconf 90' lang='lat' dir='ltr'><strong>l0.</strong></span> 
     </span>
    </p>
   </div>
  </div>
