4148 6378
416 370 513 429 631

1514 374 1576 429 IN
1621 372 1852 427 ISAIAM
1895 373 2021 428 LIB.
2061 373 2129 428 Il.
2172 372 2408 430 TOMUS
2447 371 2540 428 IV.

3569 371 3671 425 ιδξ

414 494 546 563 ἡμῖν
559 490 789 556 λαλεῖτε,
809 493 902 546 καὶ
925 492 1283 561 ὰναγγέλλετε
1306 496 1435 565 ἡμῖν
1458 494 1651 565 ἑτέραν
1671 494 1955 566 πλάνησιν.

2100 492 2399 561 scitentur,
2456 502 2511 548 et
2545 492 2689 547 scire
2732 489 3014 560 cupientes
3070 500 3168 541 cur
3195 485 3298 541 boc
3332 484 3543 548 fecerit,
3574 501 3669 538 va-

412 584 595 654 Ταύτῃ
618 600 702 636 τοι
732 582 826 637 καὶ
847 583 992 654 μάλα
1023 586 1208 653 σαφῶς
1236 587 1264 639 6
1291 585 1543 657 σώφρων,
1576 588 1604 639 6
1634 586 1877 657 κόσμιος,
1901 587 1994 639 καὶ

409 676 610 746 ἀρετῆς
635 675 853 746 ἀπάσης
868 674 1141 747 ἔμπλεως,
1168 680 1196 730 ό
1224 682 1536 751 προφητικῇ
1556 678 1994 750 κατεστεμμένος

408 768 612 838 χάριτι,
638 767 732 821 καὶ
762 768 821 820 ἐν
853 770 1086 839 ἀσκήσει
1133 772 1460 842 περιφανὴς,
1513 771 1610 825 καὶ
1656 771 1817 824 αὑτὸν
1859 771 1994 824 ἀπο-

406 861 589 913 δύεται
630 860 722 913 τὸν
769 861 992 923 σάκκον,
1046 861 1106 914 οὐ
1149 861 1419 934 τρυφερὸν
1471 863 1703 931 ἱμάτιον,
1748 863 1893 932 παχὺ
1934 861 1992 913 δὲ

409 951 610 1021 μᾶλλον
657 952 750 1006 καὶ
801 951 1015 1015 εὐτελές
1037 969 1050 983 ο
1097 953 1323 1007 ἀπολύει
1354 952 1411 1006 δὲ
1443 955 1534 1006 καὶ
1579 952 1687 1007 τῶν
1722 952 1895 1006 ποδῶν
1923 953 1992 1006 τὰ

409 1045 685 1108 σανδάλια,
720 1045 815 1099 καὶ
845 1044 995 1114 ἐντῷ
1014 1045 1200 1116 τοιῷδε
1224 1044 1431 1115 βαδίξει
1462 1047 1734 1116 σχήματι·
1769 1046 1835 1098 ἵν’
1860 1045 1991 1098 αὐτὸ

405 1134 469 1203 δὴ
514 1132 671 1186 τοῦτο
705 1132 1075 1203 θαυμάζοντες
1106 1135 1153 1187 οἱ
1190 1134 1424 1204 ὁρῶντες
1469 1135 1650 1197 αὐτὸν,
1683 1134 1992 1188 ἀναπυνθά-

405 1241 603 1277 νωνται
650 1224 748 1287 τὰς
793 1225 993 1289 αἰτίας,
1034 1227 1130 1279 καὶ
1162 1227 1246 1295 ἐφ’
1279 1227 1387 1297 ὅτῳ
1416 1226 1573 1278 τοῦτο
1607 1226 1889 1299 πέπραχεν
1914 1227 1990 1279 εἰ-

403 1314 551 1368 δέναι
600 1315 1014 1381 σπουδάζοντες,
1072 1316 1569 1387 πληροφορηθεῖεν·
1618 1318 1701 1371 ὅτι
1754 1318 1988 1389 ματαίαν

403 1407 585 1476 ἔχουσι
633 1407 731 1478 τὴν
764 1410 852 1460 ἐπ’
880 1408 1186 1479 ἀνθρώποις
1224 1409 1412 1463 ἐλπίδα
1434 1427 1448 1442 ·
1484 1411 1579 1463 καὶ
1605 1411 1743 1481 χρῆν
1784 1410 1846 1481 δή
1883 1428 1984 1463 που

406 1497 603 1566 μᾶλλον
625 1497 820 1561 αὐτοὺς
860 1498 1145 1568 γλίχεσθαι
1170 1499 1269 1567 μὲν
1290 1498 1390 1569 τῆς
1410 1498 1618 1553 ἄνωθεν
1662 1498 1982 1569 εὐημερίας,

402 1586 693 1657 ἐπίκουρον
718 1586 775 1638 δέ
800 1586 1069 1640 ποιεῖσθαι
1100 1585 1273 1656 φιλεῖν
1294 1586 1383 1639 τὸν
1410 1587 1496 1639 ἀεὶ
1527 1586 1805 1639 σεσωκότα
1825 1585 1980 1638 Θεόν.

401 1674 618 1745 Γυμνοῦ
662 1676 842 1728 τοίνυν
895 1677 989 1729 καὶ
1038 1675 1365 1729 ἀνυποδέτου
1400 1675 1845 1747 περινοστοῦντος
1884 1676 1984 1747 τὴν

414 1766 669 1819 Ἰουδαίαν
695 1766 790 1822 τοῦ
836 1767 1106 1838 μακαρίου
1141 1769 1443 1838 προφήτου,
1484 1769 1576 1821 καὶ
1608 1766 1799 1830 πτοίας
1829 1768 1982 1835 ἐγγι-

2098 600 2221 639 nam
2280 601 2340 639 se
2394 599 2544 653 spem
2601 582 2855 639 habuisse
2893 582 2945 636 in
2976 578 3303 644 hominibus,
3331 578 3668 649 exploratum

2095 675 2373 731 habeant:
2424 692 2548 729 cum
2607 676 2934 744 oportuisset
2987 673 3184 742 potius,
3235 687 3267 727 e
3312 672 3561 740 supernis
3590 671 3671 725 fa-

2094 782 2277 822 vorem
2341 767 2572 831 ambire,
2616 772 2894 835 Deumque
2920 765 3020 819 sibi
3049 764 3338 819 conciliare
3364 763 3668 817 adminicuo

2096 857 2353 920 latorem,
2380 856 2472 925 qui
2512 872 2727 925 semper
2757 856 3010 911 servavit.
3042 854 3273 910 Proinde
3298 855 3439 910 nudo
3465 864 3520 910 et
3549 854 3670 909 sine

2095 947 2296 1001 calceis
2324 949 2735 1018 perambulante
2767 947 3005 1003 Judzeam
3039 950 3197 1003 beato
3225 948 3509 1017 propheta.
3544 964 3665 1002 cum

2093 1038 2493 1105 spectatoribus
2531 1053 2632 1091 non
2668 1038 2895 1106 exiguus
2933 1039 3092 1093 timor
3126 1038 3481 1102 incuteretur,
3513 1037 3667 1093 Dixit

2092 1127 2374 1191 Dominus,
2423 1130 2637 1198 inquit:
2693 1130 3155 1197 Quemadmodum
3212 1130 3451 1185 ambulat
3500 1130 3665 1185 Isaias

2090 1234 2222 1290 puer
2251 1235 2404 1273 meus
2450 1221 2622 1274 nudus
2690 1232 2744 1276 et
2777 1221 3152 1286 discalceatus,
3193 1223 3272 1277 sic
3304 1222 3475 1277 tribus
3506 1225 3664 1276 annis

2089 1321 2251 1364 erunt
2300 1311 2449 1379 signa
2490 1319 2543 1364 et
2581 1312 2820 1380 prodigia
2851 1311 2903 1364 in
2958 1310 3242 1382 Egyptios
3279 1322 3332 1367 et
3359 1313 3662 1382 Ethiopes.

2088 1397 2241 1463 Nam,
2277 1408 2333 1451 ut
2388 1399 2637 1468 superius
2684 1399 2816 1459 disi.
2867 1414 2989 1453 cum
3046 1403 3279 1471 Assyria:
3311 1418 3403 1456 rex
3432 1404 3665 1459 triennio

2090 1496 2201 1544 toto
2252 1488 2583 1561 Egyptnm,
2644 1488 3037 1560 IEthiopesque
3072 1493 3301 1558 vicinos,
3359 1504 3414 1548 et
3452 1493 3665 1551 Theba-

2089 1596 2281 1634 norum
2337 1589 2543 1636 terram
2599 1581 2908 1636 accolentes
2957 1584 3333 1652 depopulatus,
3360 1586 3665 1655 complures

2086 1676 2330 1745 captivos
2373 1677 2620 1741 haberet,
2653 1674 3029 1747 Egyptiorum
3054 1677 3456 1734 calamitatibus
3480 1680 3664 1733 exsul-

2088 1778 2207 1821 tuus
2252 1776 2307 1822 et
2358 1768 2695 1823 insolescens
2728 1785 2742 1823 :
2778 1778 2924 1834 tunc,
2983 1780 3110 1823 tunc
3172 1771 3396 1826 illustris
3448 1773 3663 1825 domum

400 1855 631 1925 νομένης
667 1859 779 1919 τοῖς
822 1856 1019 1926 ὁρῶσιν
1068 1858 1229 1913 αὐτὸν
1255 1860 1317 1911 οὐ
1350 1861 1573 1930 μικρᾶς,
1610 1856 1797 1924 Εἶπεν,
1825 1860 1970 1928 φησί1

2088 1861 2280 1912 itermn
2320 1860 2620 1915 reducitur.

401 1945 601 2016 Κύριος
625 1962 637 1975 ·
677 1947 774 1999 Ὃν
792 1948 990 2018 τρόπον
1015 1949 1345 2018 πεπόρευται
1383 1950 1612 2012 Ἡσαΐας
1638 1952 1667 2003 6
1691 1952 1819 2013 παῖς
1879 1967 2003 2020 μου,
2044 1949 2249 2020 γυμνὸς
2316 1950 2409 2003 καὶ
2451 1950 2794 2018 ἁνυπόδετος,
2821 1952 2947 2022 τρία
2996 1952 3090 2023 ἔτη
3138 1952 3291 2007 ἔσται
3336 1956 3536 2024 σημεῖα
3570 1953 3665 2006 καὶ

397 2038 602 2109 τέρατα
645 2043 757 2103 τοῖς
802 2043 1120 2111 Αἰγυπτίοις
1168 2044 1261 2098 καὶ
1302 2042 1670 2113 Αίθίοψιν.Ὦς
1698 2045 1806 2117 γὰρ
1842 2045 1979 2117 ἔφην
2053 2045 2285 2115 φθάσας,
2340 2048 2397 2098 ἐν
2428 2045 2627 2115 ὀλίγοις
2658 2046 2802 2100 ἔτεσι
2846 2048 2991 2119 τρισὶ
3034 2049 3393 2122 καταδῃώσας
3430 2050 3530 2121 τὴν
3564 2051 3662 2101 Αί-

397 2132 641 2198 γυπτίων
663 2136 692 2187 6
718 2134 825 2187 τῶν
856 2135 1152 2209 Ἀσσυρίων
1182 2136 1456 2207 βασιλεὺς,
1489 2138 1583 2191 καὶ
1615 2136 1721 2210 μὴν
1743 2139 1982 2201 καὶτοὺς
2019 2136 2447 2209 προσοικοῦντας
2509 2138 2771 2202 Αἰθίοπας
2815 2140 2974 2210 αὐτῇ,
3027 2141 3121 2193 καὶ
3163 2143 3228 2211 τῇ
3261 2140 3511 2211 Θηϐαίων
3544 2141 3659 2209 γεί-

396 2240 574 2288 τονας,
624 2225 884 2297 πλείστην
933 2228 1076 2299 ἔχων
1126 2229 1528 2299 αἰχμαλωσίαν,
1597 2232 1691 2285 καὶ
1737 2233 1859 2295 ταῖς
1899 2230 2209 2300 Αἰγυπτίων
2252 2229 2666 2301 ἐνσπαταλήσας
2727 2234 3063 2302 συμφοραίς’
3099 2232 3220 2285 τότε
3269 2232 3334 2304 δὴ
3360 2233 3481 2285 τότε
3522 2231 3663 2304 λαμ-

398 2315 533 2385 πρὸς
562 2318 701 2373 οἶκοι
740 2319 901 2374 πάλιν
933 2320 1306 2392 ἀνεκομίζετο.

465 2415 578 2469 Kai
624 2415 1066 2483 ἡττηθήσονται
1110 2415 1543 2485 αἰσχυνθέντες
1586 2421 1639 2473 οι
1666 2418 1973 2489 Αἰγύπτιοι

394 2505 493 2558 ἐπὶ
535 2503 661 2571 τοῖς
708 2504 1002 2573 Αἰθίοψιν,
1048 2504 1139 2575 ἐφ’
1186 2508 1275 2572 οἷς
1320 2503 1486 2577 ἦσαν
1523 2508 1873 2573 πεποιθὸτες
1919 2511 1972 2562 οἱ

394 2597 699 2666 Αἰγύπτιοι
718 2614 733 2628 ο
762 2592 927 2667 ἦσαν
948 2597 1057 2667 γὰρ
1079 2598 1283 2665 αὐτοῖς
1304 2598 1470 2663 δόξα.
1502 2599 1611 2654 Καὶ
1639 2599 1886 2667 ἐροῦσιν
1918 2603 1971 2654 ot

395 2688 812 2754 κατοικοῦντες
863 2690 933 2743 ἐν
973 2688 1045 2757 τῇ
1094 2693 1264 2757 νήσῳ
1303 2694 1491 2760 ταύτῃ
1514 2710 1528 2723 ·
1598 2691 1752 2747 Ἰδοὺ
1798 2692 1972 2762 ἡμεῖς

393 2775 546 2849 ἦμεν
570 2779 936 2845 πεποιῆίττες,
976 2778 1081 2833 τοῦ
1118 2781 1332 2849 φυγεῖν
1351 2785 1438 2848 εις
1463 2782 1684 2847 αὐτοὺς
1721 2785 1805 2849 εἰς
1819 2782 1971 2850 ,βοή-

395 2873 577 2933 θειαν,
617 2869 717 2923 καὶ
753 2872 866 2925 οὐκ
892 2869 1193 2938 ἠδύναντο
1232 2872 1500 2941 σωθῆναι
1529 2875 1645 2928 ἀπὸ
1663 2875 1971 2942 ,ϐασιλέως

407 2962 752 3029 Ἀσσυρίων,
781 2961 879 3017 καί
916 2960 1039 3028 πῶς
1065 2963 1233 3032 ἡμεῖς
1261 2965 1693 3033 σωθησόμεθα;

464 3052 544 3104 Τὰ
565 3050 827 3122 πρόσοικα
855 3055 921 3124 τῇ
952 3053 1200 3123 Θηϐαίων
1225 3054 1352 3125 ἔθνη
1383 3054 1655 3126 βάρϐαρα,
1686 3056 1969 3128 Βλέμμυες

2140 2412 2306 2469 Vsus.
2339 2415 2393 2481 5,
2426 2414 2479 2469 6.
2510 2412 2574 2466 Et
2606 2415 2901 2469 erubescant
2937 2416 3058 2469 victi
3090 2430 3249 2482 super
3278 2414 3655 2483 jEthiapibus,

2066 2508 2252 2577 quibus
2294 2509 2478 2576 conﬁsi
2515 2519 2635 2561 sunt
2676 2506 2951 2577 zEgyptii;
2978 2518 3125 2561 erant
3167 2507 3305 2561 enim
3343 2509 3416 2562 eis
3459 2508 3653 2577 gloria.

2073 2599 2139 2653 Et
2172 2601 2343 2653 dicent
2375 2600 2689 2654 habitatores
2719 2602 2905 2654 insula:
2938 2602 3088 2653 istius
3126 2615 3144 2652 :
3177 2601 3312 2655 Ecce
3344 2619 3436 2656 nos
3470 2601 3659 2671 conﬁsi

2068 2708 2272 2755 sumus,
2301 2702 2355 2745 ut
2389 2691 2780 2761 confugeremus
2813 2693 2883 2745 ad
2915 2708 2999 2746 eos
3035 2694 3089 2745 in
3110 2692 3391 2758 auxilium,
3430 2695 3518 2764 qui
3553 2710 3659 2748 non

2087 2764 2369 2850 potuerunt
2402 2782 2613 2851 defendi
2649 2792 2830 2835 contra
2868 2798 3035 2852 regem
3068 2784 3424 2852 Assyriorum.
3454 2784 3523 2840 Et
3557 2802 3659 2855 quo

2079 2887 2228 2946 pacto
2253 2876 2580 2931 servabimur
2606 2876 2740 2929 nos?

2144 3052 2356 3107 Accola:
2385 3051 2764 3108 Thebanorum
2803 3063 2927 3109 sunt
2959 3064 3146 3125 gentes
3184 3056 3448 3121 barbarae,
3477 3056 3660 3111 Blem-

391 3142 445 3196 δὲ
468 3136 634 3207 οὗτοι,
663 3144 713 3197 οῖ
740 3144 834 3197 xui
864 3146 998 3198 εἰσὶν
1030 3144 1304 3209 Αἰθίοπες,
1338 3148 1731 3217 εὑτεχνέστατα
1758 3150 1856 3220 μὲν
1873 3149 1970 3213 τὰς

2075 3160 2244 3216 myes,
2268 3147 2358 3215 qui
2391 3145 2529 3200 idem
2564 3156 2689 3201 sunt
2715 3143 3018 3217 Ethiopes,
3042 3147 3203 3219 302
3239 3149 3483 3205 homines
3518 3151 3659 3219 peri-

394 3234 562 3304 βελῶν
591 3236 907 3307 ἀφαιρέσεις
940 3238 1209 3292 ποιεῖσθαι
1240 3239 1665 3311 μεμελετήκασι.
1689 3241 1970 3313 Φαρμάκῳ

390 3325 446 3379 δέ
492 3326 692 3391 ταύτας
736 3329 1089 3399 ἀποχρίοντες
1133 3328 1505 3401 ὀλεθριωτάτῳ
1543 3333 1807 3400 ἐπαφίασι
1858 3336 1972 3396 τοῖς

394 3420 723 3490 μαχομένοις
741 3437 757 3452 ο
804 3420 905 3475 κᾶν
930 3423 977 3473 εἰ
1005 3422 1433 3492 προσψαύσειαν,
1462 3422 1782 3495 τεθνήξεται
1828 3425 1968 3478 πάν-

389 3524 497 3571 τως
527 3511 555 3560 6
587 3510 837 3580 πληγεὶς,
870 3512 964 3564 καὶ
1004 3510 1194 3583 ὥσπερ
1236 3531 1322 3577 τις
1366 3513 1685 3586 όφιόδηκτος
1731 3516 1970 3585 γεγονὼς

393 3603 728 3673 παραχρῆμα
773 3600 1150 3657 πεσεῖταιΪΗν
1192 3599 1289 3658 οὖν
1322 3606 1380 3658 ἐν
1410 3604 1520 3657 ἔθει
1560 3607 1652 3659 καὶ
1679 3607 1839 3679 τριϐῇ
1873 3610 1970 3661 Αἰ-

391 3695 656 3761 γυπτίοις,
692 3694 929 3764 πολέμου
962 3698 1056 3750 καὶ
1088 3697 1266 3767 μάχης
1294 3698 1709 3770 ἐπηρτημένων,
1736 3699 1833 3763 τὰς
1859 3700 1969 3754 τῶν

390 3786 659 3839 Αἰθιόπων
680 3787 1046 3856 καταμισθοῦν
1062 3805 1121 3841 τε
1144 3788 1447 3859 φάλαγγας,
1473 3794 1566 3843 καὶ
1590 3791 1730 3861 μέγα
1751 3796 1967 3863 φρονεῖν

389 3879 477 3930 ἐπ’
513 3879 695 3942 αὐτοῖς
722 3893 735 3906 ⁸
763 3878 875 3931 ἀλλ’
905 3879 1122 3950 ἣλωσαν
1154 3881 1251 3935 σὺν
1282 3882 1465 3945 αὐτοῖς
1494 3883 1593 3954 τῆς
1629 3884 1737 3937 τῶν
1776 3885 1962 3938 Ἀσσυ-

393 3971 520 4041 ρίων
552 3972 802 4043 ἀνδρείας
845 3972 1164 4044 ἡττώμενοι.
1204 3975 1660 4047 Αἰσχυνθήσονται
1698 3977 1877 4031 τοίνυν
1914 3980 1963 4032 οἰ

387 4061 694 4129 Αἰγύπτιοι,
739 4064 923 4133 φησὶν,
971 4066 1064 4117 ἐπὶ
1113 4067 1226 4129 τοῖς
1273 4066 1541 4137 Αἰθίοψιν,
1584 4070 1670 4139 ἐφ’
1698 4064 1779 4134 οἷς
1824 4065 1964 4142 ἦσαν

388 4152 726 4218 πεποιθότες.
756 4155 1220 4228 Κατειλημμένων
1248 4157 1357 4230 γὰρ
1387 4159 1480 4212 καὶ
1506 4160 1684 4213 αὐτῶν
1711 4161 1803 4214 καὶ
1833 4179 1963 4216 νενι-

386 4260 455 4312 κη
464 4244 660 4315 μένων,
694 4246 909 4317 ἐροῦσιν
929 4250 979 4300 οἰ
1005 4249 1061 4302 ἐν
1091 4250 1158 4319 τῇ
1194 4251 1339 4319 νήσῳ
1357 4249 1528 4321 ταύτῃ
1548 4252 1923 4317 κατοικοῦντες
1944 4270 1958 4285 °

399 4336 527 4389 Ἰδοὺ
559 4340 718 4407 ἡμεῖς
754 4333 895 4408 ἦμεν
928 4339 1241 4403 πεποιθότες
1265 4341 1395 4395 ποτέ
1424 4342 1516 4395 τοῦ
1550 4346 1739 4412 φυγεῖν
1759 4345 1838 4408 εἰς
1860 4338 1959 4398 ab;

383 4430 508 4490 τοὺς
536 4431 615 4494 είς
650 4429 922 4501 βοήθειαν,
958 4433 1007 4485 οἶ
1042 4434 1142 4485 οὐκ
1170 4433 1429 4503 ἠδύναντο
1462 4436 1698 4506 σωθῆναι
1731 4438 1838 4492 άπὸ
1872 4438 1961 4509 βα-

2080 3234 2294 3299 tissimi,
2327 3233 2445 3288 telis
2478 3236 2751 3290 mittendis
2805 3247 2969 3306 atque
3006 3239 3321 3307 torquendis
3351 3240 3657 3305 exercitati,

2077 3341 2195 3395 quae
2226 3340 2436 3381 Veneno
2466 3326 2925 3398 perniciosissimo
2954 3328 3201 3395 inuncta,
3231 3330 3282 3383 iu
3314 3346 3407 3387 eos
3435 3334 3659 3403 quibus~

2076 3433 2197 3471 cum
2226 3418 2647 3486 congrediuntur
2671 3418 3077 3488 ejaculabautur
3102 3438 3117 3475 :
3145 3421 3187 3475 si
3217 3423 3509 3493 tetigerint,
3535 3440 3657 3495 per-

2076 3524 2263 3562 cussus
2294 3509 2514 3563 omnino
2541 3510 2788 3573 moritur,
2814 3520 2868 3564 et
2893 3511 3116 3579 perinde
3146 3522 3309 3582 atque
3340 3529 3369 3567 a
3402 3530 3655 3585 serpente

2076 3614 2310 3662 morsus.
2348 3599 2635 3655 confestim
2671 3601 2927 3658 concidit.
2959 3601 3087 3656 Erat
3122 3603 3284 3671 igitur
3318 3605 3370 3659 in
3411 3621 3562 3662 more
3599 3620 3654 3663 et

2075 3692 2467 3746 consuetudine
2510 3690 2802 3761 Egyptiis,
2839 3692 2976 3747 bello
3024 3704 3077 3748 et
3122 3709 3296 3765 pugna
3349 3697 3649 3768 ingruente,

2072 3780 2409 3851 Ethiopicas
2439 3784 2733 3854 phalanges
2766 3786 3127 3841 conductitias
3159 3803 3467 3859 corrogare,
3498 3799 3553 3846 et
3585 3794 3651 3845 de

2074 3874 2176 3928 illis
2204 3874 2490 3944 plurimum
2519 3877 2832 3945 superbire;
2858 3893 3043 3931 verum
3072 3894 3192 3932 cum
3224 3880 3328 3935 illis
3350 3884 3490 3951 capti
3523 3897 3650 3939 sunt

2073 3964 2386 4020 fortitudine
2430 3969 2772 4037 Assyriorum
2818 3969 3039 4023 devicti.
3078 3970 3413 4027 Erubescent
3458 3974 3644 4043 igitur,

2072 4056 2276 4127 inquit,
2325 4057 2560 4131 Egyptii
2625 4060 2677 4113 in
2732 4060 3075 4131 Ethiopibus
3131 4063 3326 4133 quibus
3384 4064 3643 4122 fidebant.

2069 4150 2250 4220 Captis
2295 4154 2438 4207 enim
2489 4152 2590 4207 illis
2639 4164 2692 4207 et
2738 4156 3039 4224 superatis,
3070 4157 3248 4211 dicent
3294 4157 3409 4227 ejus
3456 4158 3644 4214 insula:

2068 4242 2399 4300 habitatores
2427 4261 2440 4298 :
2473 4245 2610 4301 Ecce
2644 4261 2740 4301 nos
2766 4248 2955 4302 confisi
2988 4264 3205 4303 eramus
3234 4259 3293 4304 ut
3322 4250 3644 4322 confugere-

2070 4348 2190 4389 mus
2222 4334 2287 4387 ad
2320 4349 2415 4389 eos
2443 4337 2626 4390 auxilii
2655 4337 2848 4406 gratia,
2875 4337 2964 4407 qui
3000 4354 3102 4391 non
3135 4349 3421 4408 potuerunt
3452 4349 3639 4397 contra

2069 4440 2246 4494 regem
2280 4427 2624 4485 tisi-vriorum
2660 4427 2908 4495 defendi;
2937 4446 3169 4499 quonam
3209 4441 3366 4500 pacto
3400 4434 3640 4489 servabi-

385 4518 577 4581 σιλέως
607 4499 936 4588 Ἀσσυρίων·
969 4521 1064 4573 καὶ
1089 4499 1204 4584 πῶς
1229 4523 1393 4593 ἡμεῖς
1428 4499 1785 4594 σωθησόμεθα
1810 4540 1824 4590 ;
1850 4499 1960 4596 Νῆ-

2075 4531 2187 4568 mur
2234 4519 2362 4570 nosi
2409 4519 2643 4571 msulam
2700 4518 2865 4589 igitur
2910 4519 3197 4588 JEgyptum
3252 4521 3525 4588 nominat,
3573 4538 3639 4578 eo

384 4621 477 4658 σον
505 4606 605 4675 μὲν
641 4603 734 4660 οὖν
772 4608 874 4678 τὴν
900 4608 1177 4677 Αἴγυπτον
1201 4609 1475 4681 ὀνομάζει,
1502 4612 1591 4665 διά
1618 4630 1699 4666 τοι
1735 4613 1796 4666 τὸ
1822 4610 1959 4667 εἶναι

382 4696 713 4768 περίρρυτον
746 4703 1033 4771 ποταμοῖς,
1066 4702 1158 4754 καὶ
1186 4701 1403 4773 λίμναις
1439 4703 1644 4758 ὑδάτων
1672 4703 1959 4768 διεξῶσθαι

383 4788 682 4859 πανταχοῦ
706 4791 1007 4861 εἰσκομίζει
1033 4810 1097 4862 γε
1124 4793 1229 4864 μὴν
1253 4794 1377 4857 τοὺς
1407 4794 1744 4860 ἐνοικοῦντας
1770 4796 1958 4867 αὐτὴν,

379 4877 479 4946 τῆς
527 4878 619 4930 ἐπὶ
664 4880 775 4942 τοῖς
815 4878 1059 4949 Αἰθίοψιν
1090 4880 1305 4943 ἐλπίδος
1336 4882 1864 4950 κατα-γινώσκοντας.
1895 4885 1959 4937 Εἰ

380 4968 488 5038 γὰρ
529 4968 749 5039 ἣλωσαν
796 4971 972 5037 αὐτοὶ,
1009 4972 1193 5042 φησιν,
1231 4971 1347 5035 πῶς
1380 4971 1446 5027 ἂν
1476 4974 1775 5027 ἐκσώσειαν
1831 4975 1957 5038 τοὺς

380 5059 466 5114 ἐπ’
490 5060 671 5124 αὐτοῖς
697 5061 1055 5129 πεποιθότας;
1091 5062 1316 5130 Ἀγαθὸν
1348 5059 1440 5116 οὖν
1468 5063 1577 5134 ἄρα
1620 5064 1682 5117 τὸ
1715 5064 1954 5129 ἐλπίζειν

380 5151 716 5222 ἐπὶζΚύριον,
737 5152 771 5223 ἢ
792 5153 1108 5207 πεποιθέναι
1129 5155 1215 5207 ἐπ’
1237 5154 1519 5226 ἄνθρωπον
1540 5172 1553 5187 ⁸
1580 5158 1674 5210 καὶ
1695 5156 1768 5219 ὥς
1791 5174 1954 5228 φησιν

380 5241 407 5292 ὃ
451 5243 734 5313 προφήτης
774 5242 1069 5315 Ἱερεμίας
1116 5263 1134 5295 ι
1159 5245 1585 5316 Ἐπικατάρατος
1618 5248 1715 5317 μὲν
1747 5247 1955 5318 ἄνθρω-

380 5347 478 5396 πος
526 5332 584 5396 ὃς
625 5334 725 5405 τὴν
761 5335 949 5391 ἐλπίδα
976 5336 1089 5407 ἔχει
1114 5338 1199 5389 ἐπ’
1226 5336 1543 5408 ἄνθρωπον,
1576 5337 1670 5391 καὶ
1710 5339 1954 5410 στηρίξει

379 5422 557 5492 σάρκα
600 5423 881 5495 βραχίονος
905 5427 1068 5480 αὐτοῦ
1088 5445 1102 5458 ο
1135 5428 1493 5499 εὐλογημένος
1522 5446 1585 5497 γε
1611 5428 1736 5501 μὴν,
1771 5429 1830 5491 ὂς
1854 5431 1951 5482 πέ-

379 5513 563 5568 ⁴ιιυοιθεν
590 5517 685 5569 ἐπὶ
707 5515 784 5586 τῷ
810 5517 1001 5589 Κυρίῳ
1021 5521 1112 5572 καὶ
1139 5519 1291 5573 ἔσται
1322 5520 1523 5590 Κῦριος
1546 5519 1701 5583 ἐλπὶς
1728 5518 1944 5574 αὑτοῦ.»

390 5605 503 5660 Ἀεὶ
528 5606 583 5660 δέ
612 5625 730 5673 πως
756 5610 902 5679 ἡμᾶς
933 5610 962 5661 6
987 5610 1322 5681 προφητικὸς
1365 5610 1569 5681 ὀνίνησι
1616 5610 1771 5680 λόγος
1791 5627 1807 5643 ο
1849 5612 1952 5666 κᾶν

454 5781 524 5817 ’δ’
553 5781 752 5841 ὅπου».
790 5798 922 5850 xm,
956 5784 1009 5847 5,
1033 5786 1083 5839 7.

2057 4609 2199 4676 quod
2226 4606 2536 4663 ﬂuminibus
2567 4610 2906 4665 circumﬂuat
2932 4621 2987 4666 et
3013 4613 3219 4680 stagnis
3246 4629 3505 4684 aquarum
3537 4630 3638 4669 un-

2058 4699 2220 4767 dique
2254 4700 2520 4769 cingatur.
2588 4701 2883 4756 lntroducit
2916 4701 3031 4769 eius
3068 4703 3395 4759 habitatores
3430 4703 3639 4775 seipsos

2059 4791 2172 4859 spei
2204 4790 2255 4844 in
2288 4787 2634 4861 [Ethiopibus
2665 4791 2937 4847 collocatae
2966 4794 3303 4850 damnautes.
3329 4795 3385 4850 Si
3414 4797 3633 4865 etenim,

2060 4882 2263 4949 inquit,
2313 4883 2456 4951 capti
2508 4892 2634 4938 sunt
2676 4883 2812 4953 ipsi,
2863 4884 3099 4940 conﬁsos
3146 4886 3248 4943 sibi
3278 4888 3367 4957 qui
3418 4903 3639 4944 servare

2060 4973 2344 5042 poterunt?
2376 4973 2562 5028 Melius
2592 4984 2674 5029 est
2699 4990 2829 5045 ergo
2860 4991 3081 5045 sperare
3115 4976 3168 5032 in
3195 4976 3443 5043 Domino,
3473 4995 3633 5050 quam

2055 5062 2325 5117 confidere
2355 5065 2407 5117 in
2439 5064 2679 5131 homine,
2704 5077 2780 5133 et,
2810 5067 3017 5123 utdicit
3041 5067 3305 5125 Jeremias
3336 5073 3593 5141 propheta
3619 5093 3633 5128 :

2064 5173 2082 5205 ι
2124 5153 2436 5209 Maledictus
2482 5157 2644 5210 homo
2685 5158 2778 5228 qui
2826 5173 2975 5227 spem
3016 5158 3177 5215 habet
3218 5160 3270 5213 in
3314 5162 3547 5225 homine,
3581 5174 3638 5219 et

2057 5247 2303 5301 innititur
2353 5249 2502 5303 carni
2566 5250 2774 5305 brachii
2824 5250 2905 5305 sui
2958 5269 2972 5304 :
3021 5251 3335 5307 benedictus
3380 5252 3471 5322 qui
3521 5253 3640 5308 ﬁdit

2059 5337 2310 5406 Domino,
2332 5350 2384 5394 et
2406 5342 2511 5394 erit
2536 5341 2792 5396 Dominus
2816 5356 2939 5409 spes
2960 5342 3079 5411 ejus
3101 5340 3218 5396 ⁷⁸⁸.»
3248 5340 3432 5397 Oratio
3454 5352 3639 5398 autem

2055 5429 2366 5499 prophetica
2414 5429 2569 5483 nobis
2616 5443 2829 5498 semper
2870 5429 3017 5483 utilis
3060 5439 3173 5494 εει,
3224 5438 3281 5483 et
3322 5443 3639 5500 quanquam

2060 5520 2199 5574 forte
2249 5520 2584 5586 spiritualem
2642 5522 3044 5574 enarrationem
3105 5534 3212 5573 non
3272 5518 3469 5574 habeat
3518 5518 3639 5574 haec

2060 5613 2315 5677 historia;
2332 5620 2512 5668 tamen
2544 5610 2689 5669 haud
2717 5613 2942 5683 exiguus
2972 5613 3179 5668 fructus
3210 5610 3332 5667 inde
3364 5610 3633 5681 pervenit.
