4148 6374
479 362 586 420 483

1480 369 1536 425 S.
1578 368 1848 425 CYBIILI
1891 369 2357 426 ALEXANDRINI
2400 370 2714 426 ABCIIIEP.

3626 369 3737 428 434

480 479 679 537 Paulus
724 482 869 537 enim
918 482 1048 539 dicit
1095 484 1208 539 haec
1260 485 1485 549 ﬁgurate
1540 490 1828 558 contigisse
1879 489 2049 556 majo-

2172 490 2199 541 ;ἰ
2249 489 2322 559 μὴ
2352 488 2465 559 ἔχοι
2498 489 2657 559 τυχὸν
2692 485 3067 556 πνευματικῆς
3115 483 3442 553 ἀφηγήσεως
3475 481 3674 553 τρόπον
3700 486 3735 553 ἡ

481 575 653 637 ribus,
688 576 753 628 ad
788 585 1026 631 nostram
1059 592 1278 646 quoque
1311 579 1731 635 admonitionem
1772 597 1891 636 esse
1924 597 2050 634 con-

478 663 679 733 scripta
703 665 774 718 ".

983 882 1181 938 VISIO
1221 884 1555 941 DESERTI.

551 1018 862 1073 Terminato
890 1019 1247 1084 pulcherrime
1277 1037 1549 1089 sermone,
1574 1026 1665 1095 qui
1698 1026 1764 1081 de
1790 1026 2057 1097 Egyptiis

483 1111 699 1180 inquam
744 1110 959 1165 habitus
1006 1120 1123 1176 est,
1162 1128 1284 1167 cum
1336 1129 1364 1167 a
1408 1116 1701 1184 propheta,
1739 1118 1953 1186 quando
2005 1126 2061 1171 et

484 1203 754 1269 quomodo
796 1218 893 1271 per
940 1203 1096 1257 [idem
1143 1205 1211 1258 ad
1255 1204 1583 1273 agnitionem
1618 1207 1728 1260 veri
1771 1208 1859 1260 Dei
1896 1223 2056 1260 vora-

484 1303 671 1348 rentur
697 1294 999 1361 expositum
1030 1293 1096 1347 sit
1130 1311 1145 1347 :
1178 1293 1242 1346 ad
1268 1294 1428 1346 aliam
1455 1295 1710 1349 visionem
1740 1311 1798 1350 se
1828 1298 2057 1362 confert,

485 1384 552 1438 de
584 1397 766 1439 eremo
810 1401 825 1437 :
874 1399 974 1438 nec
1018 1383 1336 1452 simpliciter
1397 1383 1485 1437 hic
1531 1394 1686 1437 terra;
1742 1389 1969 1439 deserta:
2006 1397 2061 1439 ct

485 1474 738 1530 desolata:
764 1473 895 1528 facit
921 1476 1268 1538 mentionem,
1301 1474 1393 1529 sed
1427 1489 1669 1530 eremum
1700 1484 1860 1530 vocat
1886 1476 2062 1547 Baby-

488 1565 708 1633 loniam,
760 1581 881 1635 qua:
906 1582 1029 1621 cum
1054 1567 1181 1621 olim
1215 1566 1637 1623 innumerabiles
1662 1567 1886 1623 haberet
1912 1569 2060 1623 inco-

489 1659 568 1713 Ias
598 1658 763 1714 fortes
788 1668 842 1712 et
870 1660 1321 1727 pugnacissimos,
1354 1662 1431 1714 ira
1465 1675 1496 1714 e
1528 1662 1776 1730 supernis
1806 1661 1951 1715 illata
1984 1662 2062 1717 sic

487 1750 766 1804 devastata
794 1760 897 1816 est,
922 1760 981 1804 ut
1006 1751 1228 1805 omnino
1259 1752 1395 1805 viris
1419 1766 1584 1805 vacua
1617 1762 1914 1817 remaneat,
1939 1769 2060 1807 cum

487 1839 660 1910 Cyrus
712 1840 997 1910 Cambysis
1052 1840 1192 1895 [ilius
1251 1849 1585 1911 oppugnaret
1638 1841 1987 1912 Babyloniam
2045 1827 2137 1897 :B

487 1931 647 2001 303
692 1930 844 1998 cujus
887 1940 942 1985 ct
983 1931 1110 1984 alibi
1152 1932 1396 1985 meminit
1441 1933 1722 2000 propheta,
1759 1933 2006 2002 inquiens
2045 1951 2059 1987 :

495 2039 513 2073 ι
559 2020 649 2075 Sic
683 2020 814 2075 dicit
852 2021 1111 2075 Dominus
1145 2030 1307 2075 uncto
1342 2037 1461 2076 meo
1493 2021 1663 2093 Cyro,
1692 2024 1842 2093 cujus
1874 2039 2063 2094 appre-

489 2113 649 2169 hendi
690 2114 1003 2177 dexteram,
1053 2123 1112 2167 ut
1153 2114 1376 2168 audiant
1415 2128 1595 2168 coram
1642 2130 1708 2169 eo
1752 2124 1981 2185 gentes:
2012 2125 2066 2171 et

488 2205 736 2260 civitates
761 2221 866 2259 non
901 2205 1383 2260 concluilentur".
1420 2224 1438 2257 ι
1479 2205 1575 2259 llic
1603 2206 1745 2259 illam
1780 2208 2063 2278 superbam

487 2298 781 2367 quondam,
809 2306 863 2353 et
897 2307 1087 2352 contra
1120 2313 1335 2352 onmem
1369 2307 1582 2367 gentem
1616 2298 1899 2363 elevatam,
1927 2310 1979 2355 et
2009 2300 2062 2354 in

489 2391 682 2461 pugnis
712 2390 1133 2459 formidabilem,
1162 2390 1505 2462 Babylonem,
1548 2392 1791 2463 inquam,
1816 2394 1865 2448 vi
1898 2410 2064 2450 occu-

491 2481 635 2548 pavit
671 2498 684 2534 :
724 2479 855 2535 facit
889 2491 1069 2535 autem
1106 2491 1159 2535 et
1193 2496 1336 2535 nunc
1370 2483 1627 2550 propheta
1672 2482 1789 2548 ejus
1834 2485 2064 2537 mentio-

490 2585 610 2625 nem
636 2580 689 2627 et
718 2573 987 2626 desertum
1020 2572 1281 2626 nominat.
1307 2570 1589 2638 Quomodo
1623 2586 1801 2627 autem
1835 2588 1900 2629 eo
1926 2574 2069 2628 cala-

495 2660 699 2715 mitatis
730 2661 946 2730 delapsa
977 2661 1073 2723 sit,
1098 2661 1308 2716 duabus
1334 2663 1399 2715 ile
1428 2662 1608 2715 causis
1636 2662 1915 2717 manifeste
1943 2676 2069 2715 nar-

493 2762 597 2817 rat,
628 2762 686 2804 ut
728 2752 943 2819 quidem
988 2766 1089 2822 ego
1128 2766 1325 2807 censeo
1368 2769 1383 2806 :
1429 2752 1513 2807 vel
1555 2763 1612 2805 ut
1646 2751 1859 2807 Judazos
1903 2768 1935 2808 a
1975 2768 2070 2823 spe

492 2842 546 2896 in
591 2842 695 2893 illis
736 2841 995 2895 collocata
1040 2840 1269 2895 abducat
1313 2859 1328 2896 :
1382 2860 1401 2893 ι
1453 2840 1583 2895 Erat
1626 2843 1767 2896 enim
1814 2842 2066 2912 Ephraim

490 2932 736 2986 columba
779 2946 989 2994 amens,
1029 2949 1049 2983 ι
1096 2931 1548 3000 quemadmodum
1589 2934 1667 2988 ait
1704 2933 1839 2987 alius
1877 2949 1908 2989 e
1946 2950 2070 3004 pro-

494 3024 789 3093 phetis":
848 3041 867 3073 ι
904 3022 1194 3095 Ᾱέπριιιηι
1252 3023 1549 3090 invocavit,
1595 3034 1649 3080 et
1702 3026 1768 3079 ad
1821 3026 2072 3097 Assyrios

494 3112 719 3181 profecti
746 3124 870 3167 sunt
904 3131 916 3165 :
955 3130 973 3162 ι
1007 3112 1088 3165 vel
1120 3122 1176 3166 ut
1204 3116 1555 3168 contristatos
1586 3115 1913 3177 consoletur,
1945 3116 2068 3184 quia

495 3212 702 3256 vastata
737 3219 921 3257 eorum
962 3204 1210 3272 regione,
1246 3215 1299 3257 et
1332 3213 1523 3263 exusto
1560 3206 1797 3273 ipsorum
1833 3211 2065 3277 templo,

496 3294 819 3365 Babylonem
864 3296 1063 3363 captivi
1110 3296 1323 3350 abducti
1377 3306 1503 3350 sunt
1544 3312 1666 3352 cum
1715 3299 1971 3353 uxoribus
2018 3311 2073 3356 et

497 3384 700 3441 liberis.
736 3385 853 3450 Quo
884 3385 1098 3454 quidem
1132 3390 1413 3455 perspicue
1443 3388 1620 3452 docet,
1647 3388 1692 3442 si
1726 3404 1790 3443 ex
1821 3392 2072 3458 praescri-

496 3489 589 3547 pto
617 3478 749 3548 legis
781 3478 963 3532 vivere
994 3476 1297 3543 instituant,
1330 3489 1384 3533 et
1416 3478 1721 3534 divinarum
1758 3482 2075 3551 praeceptio-

499 3586 625 3623 num
662 3571 904 3639 germani
935 3578 988 3623 et
1015 3569 1227 3639 ingenui
1259 3571 1511 3625 custodes
1538 3586 1662 3627 esse
1690 3573 1875 3637 velint,
1911 3575 2073 3629 Deum

498 3670 798 3717 vastatores
853 3660 972 3715 illos
1024 3676 1426 3732 aggressurum.
1476 3661 1857 3719 Narratiouem
1912 3666 2076 3736 igitur

498 3751 730 3807 instituit
762 3752 1044 3822 prapheta,
1070 3752 1336 3819 habetque
1361 3753 1587 3809 visionis
1612 3765 1899 3811 contextus
1925 3756 2078 3811 eual-

501 3845 676 3913 Iagen,
706 3856 762 3899 et
790 3844 1121 3898 imitationes
1170 3859 1547 3914 personarum.
1580 3844 1731 3900 Nunc
1760 3847 1903 3900 enim
1935 3846 2078 3901 velut

502 3935 806 3989 futurorum
854 3934 1100 3989 oculatus
1147 3936 1319 4001 testis,
1352 3946 1406 3990 et
1439 3944 1711 4004 spectator
1750 3955 1777 3991 a
1826 3937 1933 3993 Deo
1974 3940 2075 3993 sibi

499 4036 717 4079 ostensa
745 4036 967 4080 enarrat
994 4043 1007 4079 :
1040 4042 1180 4079 nunc
1204 4036 1260 4081 et
1282 4027 1407 4096 quid
1439 4038 1739 4097 temporum
1767 4029 1996 4084 decursu
2025 4039 2081 4084 et

500 4117 718 4187 delapsn
751 4118 1108 4187 contingeret,
1137 4119 1333 4187 spiritu
1371 4120 1693 4187 prophetico
1723 4131 1846 4175 ante
1875 4121 2080 4175 denun-

504 4210 602 4261 tiat
632 4223 647 4261 :
683 4223 823 4261 nunc
859 4207 1155 4263 introducit
1188 4209 1406 4278 insuper
1438 4226 1724 4279 personam
1758 4210 2081 4280 Babylonio-

509 4315 648 4362 rum,
678 4313 797 4353 sese
829 4298 898 4353 ob
931 4309 1036 4353 tam
1066 4300 1294 4355 acerbas
1323 4309 1378 4355 et
1411 4301 1719 4369 inopinatas
1748 4302 2080 4358 calamitates

500 4391 919 4461 deplorantium.
955 4390 1190 4447 Proinde
1236 4395 1391 4463 quasi
1444 4396 1837 4463 contemplatus
1885 4395 2078 4451 Persa-

2160 577 2387 647 ἱστορία,
2414 577 2527 630 ἀλλ’
2558 572 2649 629 οὖν
2680 577 2740 629 τὸ
2782 576 2839 641 ἐξ
2882 576 3051 645 αὐτῆς
3076 573 3266 642 ὄφελος
3291 572 3352 625 οὐ
3382 571 3575 643 βραχύ.
3600 573 3739 643 Φησὶ

2156 667 2265 735 γὰρ
2290 670 2317 721 6
2340 668 2569 731 Παῦλος,
2597 668 2840 731 τυπικῶς
2864 666 3181 736 συμϐαίνειν
3204 667 3317 728 τοῖς
3341 664 3735 736 ἀρχαιοτέροις,

2158 758 2469 828 γεγράφθαι
2499 775 2560 826 γε
2601 759 2705 828 μὴν
2733 758 2869 828 πρὸς
2902 756 3181 809 νουθεσίαν
3212 755 3389 826 ήμῶν.

2483 893 2568 943 T0
2608 892 2852 942 ΟΡΑΠΑ
2902 891 3036 942 ΤΗΣ
3073 888 3401 942 ΕΡΗΜΟΥ.

2235 1018 2577 1089 Διαπεράνας
2624 1014 2683 1072 εὖ
2737 1019 2881 1086 μάλα
2911 1018 3000 1073 τὸν
3030 1019 3123 1072 ἐπί
3167 1018 3230 1087 γέ
3260 1037 3400 1090 φημι
3429 1023 3541 1084 τοῖς
3574 1022 3741 1088 Αἰγυ-

2172 1111 2350 1174 πτίοις
2374 1111 2552 1178 λόγον,
2584 1110 2790 1179 πηνίκα
2834 1127 2894 1163 τε
2941 1110 3036 1164 καὶ
3084 1112 3230 1175 ὅπως
3279 1112 3629 1181 κεκλήσονται
3656 1115 3742 1166 διά

2161 1202 2399 1265 πίστεως
2422 1202 2557 1271 πρὸς
2586 1202 2883 1271 ἐπίγνωσιν
2908 1201 3001 1255 τοῦ
3026 1202 3147 1255 κατ’
3162 1202 3416 1273 ἀλήθειαν
3435 1204 3586 1267 ὄντος
3605 1204 3740 1256 Θεοῦ

2160 1293 2385 1347 διειπὼν
2420 1294 2448 1345 ὁ
2495 1294 2800 1365 προφήτης,
2835 1295 3133 1364 μεταφοιτᾷ
3166 1294 3300 1365 πρὸς
3333 1295 3529 1365 ἑτέραν
3552 1296 3741 1364 ὅρασιν

2160 1384 2258 1453 τὴν
2308 1385 2436 1454 περὶ
2482 1384 2583 1453 τῆς
2628 1385 2871 1454 ἐρήμων
2914 1384 3009 1436 καὶ
3050 1384 3147 1453 οὐχ
3170 1383 3355 1446 ἀπλῶς
3392 1384 3496 1453 γῆς
3520 1387 3651 1456 ἡμῖν
3684 1387 3749 1436 ἐν

2161 1475 2369 1539 τούτοις
2396 1476 2650 1545 ἀοικήτου
2676 1475 2769 1527 καὶ
2799 1476 3011 1546 ἐρήμης
3053 1477 3283 1527 ποιεῖται
3316 1477 3533 1546 μνήμην
3555 1490 3568 1504 ·
3606 1474 3742 1528 ἀλλά

2162 1568 2271 1636 γὰρ
2302 1566 2506 1637 ἔρημον
2542 1566 2799 1636 ὀνομάζει
2849 1567 2947 1638 τὴν
2997 1566 3369 1632 Βαϐυλωνίων,
3402 1567 3437 1635 ή
3467 1582 3594 1618 ποτε
3642 1567 3742 1636 μὲν

2163 1659 2395 1731 ἀριθμοῦ
2447 1659 2760 1730 κρείττονας
2793 1654 2907 1730 εἶχε
2941 1660 3065 1722 τοὺς
3092 1661 3397 1729 οἰκήτορας,
3428 1658 3632 1717 δεινούς
3680 1675 3740 1711 τε

2164 1752 2257 1803 καὶ
2301 1750 2748 1820 μαχιμωτάτους
2782 1750 3051 1821 ἠρημώθη
3092 1750 3147 1803 δὲ
3184 1750 3373 1813 οὕτως,
3405 1749 3575 1821 όργῆς
3602 1749 3736 1821 αὐτῇ

2168 1843 2265 1912 τῆς
2296 1842 2499 1896 ἄνωθεν
2533 1843 2990 1914 ἐπενηνεγμένης,
3030 1843 3106 1905 ὡς
3132 1842 3415 1911 κένανδρον
3448 1844 3739 1911 ἀπομεῖναι

2170 1934 2444 1997 παντελῶς
2466 1934 3034 2004 καταστρατεύσαντος
3061 1933 3155 2004 τῆς
3186 1932 3536 1985 Βαϐυλωνίων
3558 1931 3739 2001 Κύρου

2168 2027 2262 2081 τοῦ
2294 2026 2613 2097 Καμϐύσου.
2649 2019 2724 2080 Οὗ
2746 2027 2838 2079 καὶ
2861 2024 3089 2097 ἐτέρωθι
3120 2024 3539 2096 διαμνημονεύει
3568 2024 3740 2092 λέγων

2168 2120 2197 2171 ὁ
2230 2119 2544 2190 προφήτης·
2582 2137 2600 2169 ι
2631 2116 2818 2180 Οὕτως
2856 2115 3004 2183 λέγει
3048 2116 3252 2185 Κύριος
3301 2114 3379 2184 τῷ
3406 2113 3610 2184 χριστῷ
3639 2130 3740 2182 μου

2169 2204 2433 2281 Κύρῳ,οὖ
2461 2208 2737 2279 ἐκράτησα
2758 2208 2856 2279 τῆς
2878 2208 3076 2272 δεξιᾶς,
3106 2206 3406 2260 ἐπακοῦσαι
3436 2203 3741 2275 ἔμπροσθεν

2170 2302 2330 2356 αὐτοῦ
2368 2300 2517 2371 ἔθνη.
2550 2301 2737 2363 Πόλεις
2769 2301 2830 2355 οὐ
2866 2299 3345 2371 συγκληθήσονται.
3380 2318 3398 2349 ι
3436 2292 3603 2360 Οὗτος
3632 2290 3739 2348 εἷλε

2171 2392 2313 2446 κατά
2356 2393 2556 2463 κράτος
2597 2392 2695 2463 τὴν
2756 2391 2989 2456 ἀλαζόνα
3037 2391 3165 2445 ποτὲ
3214 2392 3306 2444 καὶ
3352 2390 3492 2444 κατά
3544 2388 3742 2449 παντὸς

2171 2484 2356 2547 ἔθνους
2386 2484 2773 2553 ἐπαιρομένην,
2815 2484 2908 2535 καὶ
2949 2482 3274 2552 δυσάντητον
3305 2482 3362 2533 ἐν
3396 2480 3613 2550 μάχαις,
3646 2478 3742 2549 τὴν

2174 2575 2464 2629 Βαϐυλῶνά
2486 2592 2559 2646 φη
2569 2592 2651 2644 μι.
2684 2575 2836 2627 Ποιεῖ
2855 2573 2909 2626 δὲ
2936 2575 3154 2644 μνήμην
3174 2573 3265 2625 καὶ
3293 2572 3386 2625 νῦν
3408 2574 3435 2625 6
3464 2572 3744 2642 προφήτης

2173 2668 2361 2738 αὐτῆς,
2398 2668 2492 2721 καὶ
2539 2667 2745 2738 ἔρημον
2798 2666 2895 2736 μὲν
2952 2666 3225 2737 ὀνομάζει.
3260 2664 3393 2717 Τίνα
3438 2663 3492 2716 δὲ
3546 2662 3743 2732 τρόπον

2172 2760 2486 2833 ἀθλιότητος
2534 2763 2613 2825 εἰς
2666 2759 2822 2814 τοῦτο
2864 2759 3213 2822 κατώλισθεν,
3241 2760 3529 2829 ἀφηγεῖται
3560 2755 3745 2824 σαφῶς

2172 2854 2266 2907 δύο
2292 2854 2496 2907 τούτων
2534 2855 2697 2908 ἕνεκα
2739 2852 2989 2923 καθάπερ
3021 2852 3329 2922 ἐγῷμαι.Ἦ
3361 2851 3469 2922 γάρ
3495 2850 3583 2903 ἵνα
3620 2849 3745 2910 τοὺς

2186 2945 2469 3008 Ἰουδαίους
2487 2945 2773 3017 ἀποστήσῃ
2801 2944 2898 3013 τῆς
2927 2942 3138 3007 ἐλπίδος
3157 2958 3172 2973 ο
3212 2939 3348 2996 «Ἦν
3375 2942 3482 3013 γάρ
3515 2938 3746 3012 Ἐφραῖμ

2175 3038 2473 3111 περιστερά
2512 3039 2693 3103 ἄνους,
2731 3057 2749 3089 ι
2782 3038 2925 3092 καθά
2972 3055 3135 3107 φησιν
3176 3030 3256 3099 εἷς
3282 3036 3390 3088 τῶν
3420 3033 3588 3103 ἁγίων
3614 3050 3745 3104 προ-

2178 3128 2359 3200 φητῶν
2384 3145 2397 3158 θ
2445 3146 2464 3180 ι
2494 3129 2767 3196 Αἴγυπτον
2810 3129 3153 3192 ἐπεκαλεῖτο,
3189 3127 3283 3181 καὶ
3309 3128 3388 3190 εἰς
3434 3124 3745 3192 Ἀσσυρίους

2170 3220 2493 3293 ἐπορεύετο’
2527 3238 2548 3272 s
2581 3221 2615 3290 ἢ
2668 3221 2755 3275 ἵνα
2798 3220 3155 3292 παρακαλέσῃ
3195 3219 3619 3288 λελυπημένους,
3665 3219 3745 3270 ὃτι

2170 3313 2512 3384 πεπόρθηται
2546 3313 2643 3384 μὲν
2675 3313 2852 3367 αὐτῶν
2882 3314 2914 3383 ή
2947 3311 3119 3383 χώρα,
3155 3313 3541 3382 ἐμπεπρησται
3571 3311 3625 3363 δὲ
3653 3310 3747 3363 καὶ

2173 3404 2336 3467 αὐτὸς
2386 3406 2414 3457 6
2457 3403 2613 3467 νεὼς,
2644 3403 2968 3473 δορύληπτοι
3000 3403 3056 3455 δὲ
3090 3402 3335 3471 γυναιξὶν
3366 3400 3499 3469 ὁμοῦ
3534 3401 3625 3453 καὶ
3652 3401 3741 3452 τέ-

2174 3512 2320 3558 κνοις
2346 3494 2794 3565 ἀπεκομίσθησαν
2826 3496 2903 3556 είς
2931 3494 3030 3564 τὴν
3058 3492 3371 3546 Βαϐυλῶνα.
3405 3491 3573 3544 Τοῦτο
3599 3491 3656 3542 δέ
3678 3486 3745 3560 ἦν

2172 3586 2513 3648 διδάσκοντος
2553 3584 2819 3655 ἐναργῶς,
2841 3585 2923 3637 ὅτι
2956 3585 3050 3638 καὶ¹
3076 3584 3183 3637 τῶν
3204 3583 3623 3652 πεπορθηκότων
3648 3582 3745 3635 αὐ-

2172 3680 2297 3743 τοὺς
2342 3677 2872 3748 κατεξαναστήσεται
2913 3676 3062 3740 Θεδς,
3109 3678 3157 3730 εί
3212 3676 3309 3747 ζῇν
3355 3675 3559 3729 ἕλοιντο
3603 3675 3745 3729 κατὰ

2175 3767 2357 3838 νόμον,
2391 3767 2485 3821 καὶ
2513 3765 2621 3819 τῶν
2653 3766 2810 3819 θείων
2836 3765 3180 3837 ἐνταλμάτων
3212 3766 3376 3819 αὐτοῦ
3412 3767 3622 3837 γνήσιοι
3650 3782 3745 3833 γε-

2174 3859 2363 3914 νέσθαι
2392 3859 2646 3928 φύλακες.
2676 3858 2885 3913 Οὐκοῦν
2913 3860 3204 3929 ἀφηγεῖται
3235 3860 3333 3930 μὲν
3372 3861 3401 3913 6
3440 3861 3743 3931 προφήτης.

2180 3956 2334 4023 Ἔχει
2353 3970 2416 4021 γε
2436 3953 2541 4025 μὴν
2568 3953 2629 4007 τὸ
2656 3955 2753 4025 τῆς
2775 3954 3012 4024 ὁράσεως
3044 3952 3175 4022 ὕψος
3197 3952 3500 4023 προσώπων
3529 3952 3748 4007 ἐναλλαο

2178 4044 2300 4111 γάς.
2336 4044 2475 4095 Ποτέ
2509 4042 2608 4112 μὲν
2636 4044 2746 4113 γὰρ
2777 4043 2853 4105 ὡς
2881 4043 3155 4113 αὐτόπτης
3195 4044 3302 4097 τῶν
3331 4044 3622 4114 ἐσομένων,
3656 4046 3750 4098 καὶ

2180 4133 2382 4205 θεωρὸς
2398 4134 2496 4204 ήδη
2518 4132 2776 4202 γεγονὼς,
2792 4134 3061 4204 ἐξηγεῖται
3080 4135 3146 4188 τὰ
3162 4135 3583 4207 παραδειχθέντα
3603 4136 3753 4207 αὺτῷ

2181 4224 2333 4292 παρά
2355 4222 2489 4275 Θεοῦ
2511 4239 2525 4252 ·
2556 4222 2687 4275 ποτὲ
2721 4222 2779 4275 δέ
2807 4223 2900 4276 καὶ
2919 4223 2972 4275 τί
2997 4223 3331 4293 συμϐήσεται
3358 4222 3500 4277 κατά
3527 4224 3749 4295 καιροὺς

2182 4314 2507 4385 προφητικῷ
2564 4313 2835 4384 πνεύματι
2887 4316 3297 4385 προαναφωνεῖο
3344 4317 3645 4385 εἰσκομίζει
3694 4316 3751 4369 δὲ

2182 4407 2277 4457 καλι
2326 4406 2386 4458 τὸ
2428 4404 2785 4458 Βαϐυλωνίων
2823 4404 2932 4457 ἐσθ’
2960 4406 3049 4458 ὅτε
3079 4406 3365 4477 πρόσωπον
3393 4407 3750 4478 κατοιμωξόν-

504 4496 642 4543 rmn,
663 4493 717 4534 et
744 4480 1040 4547 Medorum,
1063 4492 1117 4536 et
1143 4482 1518 4548 Elamitarum,
1544 4497 1729 4539 contra
1751 4486 2070 4557 Babylonem

2180 4511 2289 4547 των
2329 4495 2553 4557 ἑαυτοὺς
2606 4494 2700 4547 ἐπὶ
2743 4496 2863 4558 ταῖς
2913 4494 3056 4549 οὕτω
3086 4495 3286 4561 δειναῖς
3325 4499 3420 4551 καὶ
3469 4498 3749 4569 ἀδοκήτοις

500 4572 919 4641 expeditionem,
946 4574 1018 4627 ita
1047 4574 1125 4629 ait
1156 4592 1170 4629 :
1202 4573 1606 4642 Obequitabuut
1630 4587 1686 4632 et
1711 4579 2077 4648 peragrahunt

501 4678 764 4719 CI'CIIIIJIII.

583 4922 698 4985 CAP.
737 4926 878 4983 XXI.
902 4926 1066 4984 Vens.
1097 4929 1145 4983 l.
1175 4928 1321 4984 Sicut
1352 4931 1488 4984 venti
1516 4940 1785 5000 (enipeum
1817 4932 2076 4987 desertum

503 5030 804 5089 pertransit.

578 5108 853 5165 l‘nlverem
872 5110 1136 5176 excitans,
1154 5121 1207 5165 et
1222 5112 1399 5164 omnia
1417 5128 1613 5181 susque
1634 5112 1802 5183 deque
1822 5116 2074 5170 miscens.

506 5200 664 5252 Addit
693 5216 707 5253 :

586 5290 746 5344 Vl-ZRS.
776 5291 831 5344 2.
868 5290 1149 5346 llorribilis
1194 5293 1352 5359 visio,
1385 5304 1430 5347 et
1468 5295 1602 5347 dura
1650 5297 1963 5349 annuntiata
2005 5305 2081 5349 est

508 5385 655 5437 milii.

582 5476 785 5531 Sullicit
816 5478 959 5531 enim
1002 5478 1201 5533 nudum
1238 5487 1295 5531 et
1325 5477 1496 5531 solum
1533 5477 1764 5533 hostium
1800 5487 2083 5547 spectacu-

510 5570 642 5635 lum,
694 5579 750 5626 et
774 5571 1008 5625 virorum
1049 5570 1422 5627 bellicosorum
1464 5570 1745 5625 multitudo
1792 5570 2085 5625 fortissima

578 5745 624 5779 "
655 5743 671 5799 Ι
703 5746 831 5803 Cor.
885 5764 936 5815 ι,
974 5749 1062 5803 ll.

2180 4586 2509 4655 συμφοραῖς.
2526 4586 2614 4649 Ὡς
2638 4584 2963 4656 τεθεαμένος
2989 4588 3165 4641 τοίνυν
3197 4588 3293 4659 τήν
3326 4589 3549 4661 Περσῶν
3574 4607 3635 4643 τε
3657 4592 3751 4644 καὶ

2176 4674 2398 4743 Μήδων,
2429 4674 2524 4727 καὶ
2559 4674 2665 4745 μὴν
2693 4680 2787 4731 καὶ¹
2818 4675 3116 4746 Ἐλαμιτῶν
3144 4676 3286 4731 κατά
3312 4676 3414 4747 τῆς
3436 4676 3749 4742 Βαϐυλῶνος

2173 4766 2537 4834 ἐκπρατιάν,
2572 4764 2712 4818 οὕτω
2764 4766 2930 4837 φησί·
2964 4767 3411 4821 Καθιππεύσουσί
3453 4784 3511 4821 τε
3550 4769 3643 4822 καὶ
3679 4768 3761 4821 διι

2174 4856 2482 4911 ελεύσονται
2509 4857 2605 4928 τὴν
2641 4856 2871 4927 ἔρημον.

2256 4950 2488 5005 Ὠσανεὶ
2507 4950 2606 5004 καὶ
2624 4948 2860 5020 ἀνέμων
2893 4950 3158 5021 καταιγίς
3178 4950 3251 5004 δι’
3266 4950 3487 5021 ἐρήμου
3508 4948 3750 5009 διέλθοι.

2186 5166 2189 5171 -
2255 5129 2365 5199 Τὴν
2388 5127 2535 5181 κόνιν
2556 5122 2694 5181 εἶναι
2714 5128 3013 5194 ἀναστᾶσα,
3030 5128 3121 5182 καὶ
3144 5130 3427 5201 μονονουχὶ
3450 5132 3752 5201 συγχέουσα

2176 5221 2239 5274 τὸ
2274 5221 2381 5273 πᾶν
2407 5261 2419 5274 .
2461 5219 2805 5290 Προσεπάγει
2837 5219 2927 5273 δέ·

2181 5311 2301 5364 Ὅτι
2322 5309 2577 5378 φοϐερὸν
2596 5308 2661 5362 τὸ
2685 5309 2875 5379 ὅραμα
2894 5309 2992 5363 καί
3014 5310 3288 5378 σκληρὸν
3308 5312 3609 5382 ἀνηγγέλη
3626 5330 3747 5381 μοι,

2260 5484 2441 5557 Ὶκανή
2466 5486 2573 5559 γάρ
2604 5487 2740 5553 λίαν,
2773 5489 2866 5542 καὶ
2891 5489 3019 5561 ψιλὴ
3050 5490 3144 5545 καὶ
3174 5489 3308 5562 μόνη
3343 5490 3451 5544 τῶν
3478 5490 3748 5560 πολεμίων

2179 5576 2215 5646 ή
2246 5574 2371 5642 θέα,
2400 5575 2494 5630 καὶ
2523 5576 2630 5633 τῶν
2658 5578 2908 5649 μαχίμων
2942 5582 2976 5652 ή
3006 5580 3357 5652 ἀλκιμωτάτη
3383 5579 3590 5648 πληθὺς
3620 5598 3752 5634 κατ-

1160 5750 1205 5781 ⁷⁶
1260 5748 1361 5803 lsa.
1408 5762 1530 5813 xcv,
1592 5748 1643 5801 l.
1719 5748 1763 5781 ⁷⁷
1801 5748 1958 5817 Osee,
2001 5750 2055 5818 7,
2094 5750 2178 5805 ll.
