4148 6378
430 375 538 431 485

1520 369 1587 425 ΙΝ
1628 368 1862 426 ISAIAM
1900 367 2029 425 LIB.
2074 368 2139 424 ll.
2179 367 2418 435 TOMUS
2454 369 2545 426 ιγ.

3590 374 3699 433 486Δ

417 490 791 561 ισκευασμένη
818 489 955 561 πρὸς
985 488 1241 559 πόλεμον,
1270 488 1505 560 σκληρὸν
1529 490 1829 561 ἐμποιῆσαι
1853 489 2013 559 δεῖμα

2118 490 2184 544 ad
2230 488 2427 544 bellum
2479 490 2777 556 instructa,
2809 491 3057 544 timorem
3103 491 3475 546 vehementem
3527 493 3698 564 injicit

416 585 528 647 τοῖς
555 582 871 653 θεωμένοις.
889 580 1030 633 Ἀλλ’
1061 582 1122 633 ού
1166 580 1455 634 τεθεᾶσθαι
1486 599 1618 652 φησι
1654 582 1836 651 μόνον,
1872 580 2009 634 ἀλλὰ

417 673 526 743 γάρ
554 671 649 725 καὶ
689 670 991 741 Ἀνηγγέλη
1028 688 1140 741 μοι,
1175 670 1365 741 φησιν·
1388 670 1525 741 ὁμοῦ
1549 671 1736 743 γὰρτῇ
1770 670 1887 742 θέᾳ,
1916 670 2009 724 καὶ

416 764 525 819 τῶν
555 764 900 835 πραγμάτων
927 762 1025 834 τὴν
1054 763 1282 817 ἔκϐασιν
1313 762 1642 829 ὲδιδάσκετο,
1667 763 1823 834 δῆλον
1846 764 1904 817 δὲ
1927 764 2008 817 ὅτι

417 853 569 927 παρὰ
592 853 749 907 Θεοῦ.

566 946 623 997 '0
656 943 882 998 ἀθετῶν
910 944 1125 1008 ἀθετεῖ,
1161 944 1260 997 καὶ
1288 947 1319 998 ό
1348 943 1593 1013 ἀνομῶν
1619 945 1847 1015 ἁνομεῖ.

502 1035 957 1106 Ἀνεπίπληκτον,
988 1036 1142 1106 φησὶ,
1171 1036 1282 1089 τῶν
1306 1036 1570 1089 ἐπιόντων
1600 1036 1660 1089 τὸ
1693 1036 1912 1108 θράσος.
1933 1038 2008 1090 Ού

417 1128 528 1200 γάρ
560 1129 842 1199 λογισμοῖς
866 1127 1232 1200 ἀνθρωπίνοις
1264 1128 1598 1183 ἀνάπτονται
1632 1129 1769 1202 πρὸς
1794 1131 1855 1183 τὸ
1879 1131 2012 1202 ἦμε-

420 1238 544 1296 ρονο
575 1220 690 1275 ἀλλ’
717 1220 839 1273 οὐδέ
876 1237 961 1284 τις
987 1221 1096 1274 τῶν
1129 1222 1189 1274 ὲν
1216 1223 1400 1285 αὐτοῖς
1427 1221 1790 1293 διενθυμεῖταί
1821 1241 1873 1275 τι
1901 1222 2010 1277 τῶν

420 1314 664 1385 ἡκόντων
687 1331 701 1344 ·
731 1315 926 1384 ἀνομεῖ
953 1312 1009 1365 δὲ
1043 1313 1386 1380 άκαθὲκτως,
1425 1315 1520 1368 καὶ
1562 1313 1746 1368 ἀθετεῖ
1779 1314 1921 1368 κατά
1949 1316 2011 1368 τὸ

422 1405 573 1476 αὐτῷ
606 1404 816 1468 δοκοῦν,
841 1404 901 1455 οὐ
933 1403 1151 1472 φειδοῦς
1181 1404 1408 1474 ἐνούσης
1438 1404 1615 1468 τινός·
1657 1406 1731 1458 Οὐ
1773 1405 1883 1477 γὰρ
1930 1408 2011 1471 είς

422 1496 572 1550 ἔλεον
600 1494 909 1566 βλέπουσιν.
940 1495 1055 1548 ἀλλ’
1090 1495 1249 1566 ἔργον
1276 1497 1457 1560 αὐτοῖς
1489 1497 1551 1549 τὸ
1575 1497 2010 1568 ἐσπουδασμένον

420 1588 594 1653 ἐσται,
612 1587 799 1657 φησὶν,
823 1588 885 1639 τὸ
905 1588 1128 1658 ἁνομεῖν
1148 1606 1207 1641 τε
1225 1590 1317 1642 καὶ
1340 1589 1726 1661 άθετεῖν.¹Ἐφη
1752 1607 1806 1643 τι
1832 1588 2009 1643 τοιοῦ-

419 1697 512 1735 τον
540 1680 634 1735 καὶ
660 1680 749 1735 διά
789 1681 972 1753 φωνῆς
1004 1680 1100 1734 τοῦ
1134 1680 1324 1747 αὐτοῦ,
1357 1683 1494 1753 πρὸς
1522 1683 1650 1746 τοὺς
1693 1682 1793 1753 τῆς
1826 1682 2012 1735 Ἀσσυ-

424 1772 556 1846 ρίων
581 1775 901 1845 οἰκήτορας·
938 1773 1069 1827 Ἰδοὺ
1098 1773 1210 1843 ἐγὼ
1243 1776 1435 1843 ἐπάγω
1465 1775 1593 1846 ὑμῖν
1622 1774 1750 1839 τοὺς
1770 1774 2007 1846 Μήδους,

2116 582 2537 649 spectatoribus.
2575 581 2684 637 Sed
2726 596 2831 636 non
2867 582 3100 651 spectari
3134 592 3341 637 tantum
3385 583 3545 647 dicit,
3573 590 3690 650 sed,

2117 672 2510 725 Annuutiatum
2539 679 2624 726 est
2651 671 2806 734 mihi,
2834 670 3042 740 inquit;
3071 670 3227 725 simul
3253 673 3395 726 enim
3419 687 3541 726 cum
3572 687 3699 742 spe-

2116 762 2329 817 ctaculo
2359 777 2541 818 rerum
2572 772 2827 817 eventum
2856 764 3059 827 docuit,
3092 778 3121 816 a
3160 762 3267 817 Deo
3296 762 3524 818 scilicet.

2187 933 2556 991 Prwraricaus
2590 935 2989 1007 prwvaricatur,
3021 938 3229 1007 iniquus
3263 938 3434 1008 inique
3463 942 3593 1008 agit.

2188 1026 2354 1099 306.
2389 1028 2815 1098 llr-perterritam
2846 1045 2965 1084 esse
2994 1032 3090 1096 ait,
3119 1042 3170 1085 et
3202 1041 3514 1099 proruptam
3547 1046 3700 1102 gras-

2117 1130 2359 1174 satorum
2392 1119 2695 1183 audaciam,
2724 1121 2813 1187 qui
2851 1134 2956 1173 non
2996 1119 3296 1174 ratiociniis
3328 1119 3584 1175 humanis
3611 1136 3699 1174 τος

2119 1219 2380 1266 vocantur
2410 1211 2478 1264 ad
2512 1211 2951 1281 placabilitatem,
2986 1213 3081 1266 sed
3118 1228 3277 1267 nemo
3314 1228 3504 1267 eorum
3538 1214 3697 1283 quid-

2117 1318 2281 1373 quam
2316 1317 2439 1356 cum
2476 1301 2651 1357 oﬂicio
2688 1312 2740 1356 et
2771 1304 2969 1357 decoro
3006 1301 3355 1370 conjunctqu
3388 1304 3610 1374 cogitat,
3645 1313 3703 1359 at

2117 1394 2526 1463 prmvaricatur,
2559 1407 2659 1447 nec
2692 1395 2911 1462 reprimi
2951 1404 3144 1464 potest,
3178 1396 3429 1465 nulloque
3462 1395 3699 1453 suﬂusus

2118 1491 2322 1558 pudore
2357 1505 2452 1558 pro
2486 1504 2583 1543 sua
2620 1489 2844 1543 libidine
2877 1490 3135 1559 opprimit
3167 1508 3180 1544 :
3215 1490 3329 1545 Non
3356 1492 3498 1547 enim
3530 1492 3695 1547 mise-

2118 1580 2405 1635 ricordiatn
2436 1589 2703 1649 spectant,
2733 1581 2827 1634 sed
2863 1596 3019 1649 Opus,
3053 1581 3245 1650 inquit,
3277 1581 3470 1637 horum
3504 1592 3559 1637 et
3588 1584 3692 1637 hoc

2117 1673 2352 1726 studium
2381 1682 2484 1736 est,
2521 1671 2708 1738 iniqua
2746 1686 2931 1740 agere,
2975 1682 3029 1726 et
3062 1673 3388 1742 opprimere.
3421 1672 3555 1728 Huic
3590 1688 3698 1728 non

2118 1762 2376 1817 dissimile
2414 1762 2550 1818 dixit
2576 1778 2709 1817 voce
2737 1763 2975 1831 ejusdem
3008 1765 3074 1818 ad
3105 1765 3445 1834 Assyriorum
3477 1765 3697 1819 habita~

421 1866 472 1919 οἳ
520 1866 583 1920 οὐ
635 1865 941 1933 λογίζονται
996 1867 1278 1939 ἀργύριον,
1338 1867 1460 1920 οὐδέ
1516 1867 1742 1938 χρυσίου
1824 1867 2013 1938 χρείαν

2119 1865 2263 1910 tores
2292 1872 2305 1909 :
2340 1855 2480 1910 Ecce
2508 1856 2703 1911 induco
2728 1870 2827 1924 ego
2856 1855 3010 1910 vobis
3050 1856 3255 1921 Medos,
3285 1856 3376 1926 qui
3412 1867 3695 1925 argentum

422 1957 624 2027 ἔχουσι.
657 1956 977 2028 Τοξεύματα
1008 1957 1309 2011 νεανίσκων
1335 1956 1710 2027 συντρίψουσι.
1734 1955 1871 2010 Θεοῦ
1900 1957 2013 2028 γάρ

420 2047 590 2120 ὀργὴν
628 2050 743 2111 τοῖς
778 2048 1196 2119 πλημμελοῦσιν
1232 2047 1554 2117 ἐπάγοντος,
1587 2047 1742 2101 οὐδὲν
1769 2048 1923 2102 ἔσται
1951 2048 2013 2101 τὸ

421 2141 737 2211 ἐπικουρεῖν
766 2138 1085 2210 δυνάμενον.
1118 2138 1511 2210 Θηριοπρεπὴς
1561 2139 1617 2192 δὲ
1671 2138 1871 2210 μᾶλλον
1896 2142 2011 2203 τοῖς

419 2230 664 2284 ἐθέλουσι
694 2229 1001 2302 καταδῃοῦν
1039 2231 1164 2294 τοὺς
1194 2231 1282 2300 ἐφ’
1312 2224 1394 2293 οἷς
1420 2229 1489 2284 ἂν
1517 2230 1781 2302 τρέχοιεν,
1810 2231 2011 2285 ἐνοικί-

420 2319 575 2384 ζεται
605 2319 751 2383 νοῦς.

502 2410 629 2464 Ἐπ’
661 2409 791 2479 ἐμοὶ
832 2412 886 2464 οἱ
934 2409 1238 2480 Ἐλαμῖται
1258 2452 1274 2478 ,
1328 2409 1429 2464 καὶ
1471 2413 1525 2465 oi
1567 2410 1849 2480 πρέσϐεις
1894 2410 2014 2467 τῶν

420 2500 669 2567 Περσῶν
696 2500 788 2553 ἐπ’
815 2498 921 2568 ἐμὲ
959 2500 1257 2570 ἔρχονται.
1290 2499 1420 2555 Νῦν
1448 2501 1740 2567 στενάξω,
1775 2504 1872 2557 καὶ
1897 2518 2012 2556 πα-

415 2589 735 2660 ρακαλέσω
792 2591 1072 2659 ἐμαυτόν.
1139 2590 1243 2645 Διά
1311 2590 1488 2645 τοῦτο
1548 2593 1901 2663 ἐνεπλήσθη
1971 2596 2011 2664 ή

422 2683 619 2751 ὀσφύς
649 2700 770 2751 μου
803 2682 1132 2748 ἐκλύσεως,
1173 2681 1273 2735 καὶ
1309 2682 1517 2749 ὠδῖνες
1543 2683 1769 2739 ἔλαϐόν
1804 2704 1901 2756 με,
1930 2688 2013 2754 ὡς

418 2774 537 2841 τὴν
559 2775 891 2827 τίκτουσαν
909 2788 922 2801 ·
949 2773 1216 2842 ἠδίκησα
1243 2774 1350 2829 τοῦ
1373 2774 1460 2844 μὴ
1484 2776 1767 2840 ἀκοῦσαι,
1788 2778 2012 2832 ἐσπού-

422 2869 583 2923 δασα
623 2868 732 2924 τοῦ
786 2868 872 2938 μὴ
916 2868 1198 2934 βλέπειν.
1216 2868 1285 2923 Ἦ
1310 2868 1523 2938 καρδία
1542 2886 1663 2938 μου
1691 2870 2011 2937 πλανᾶται,

423 2962 526 3016 καὶ
548 2964 587 3030 ἠ
614 2962 834 3031 ἀνομία
848 2978 927 3031 με
943 2959 1243 3026 βαπτίζει,
1272 2960 1311 3028 ἠ
1340 2960 1512 3029 ψυχή
1533 2978 1655 3030 μου
1674 2961 2013 3031 ἐφέστηκεν

420 3055 508 3118 εἰς
532 3053 741 3121 φόϐον.

492 3142 943 3214 Προσωποποιῒας
968 3143 1082 3213 ἔχει
1108 3142 1338 3213 δύναμιν
1361 3144 1389 3196 6
1411 3142 1469 3195 ἐν
1492 3159 1556 3211 γε
1575 3145 1812 3197 τουτοισὶ
1832 3145 2009 3213 λόγος.

423 3233 811 3305 Είσκομίζεται
855 3233 964 3302 γὰρ
997 3234 1025 3285 ὁ
1058 3231 1367 3302 Ἀσσύριος,
1408 3232 1503 3284 καὶ
1546 3232 1734 3296 δεδιὼς
1780 3233 1879 3304 τὴν
1923 3233 2010 3303 ἑφ-

422 3326 558 3391 οδον,
591 3326 685 3380 καὶ
713 3325 821 3379 τῶν
845 3324 1121 3395 πολεμίων
1143 3323 1245 3387 τὰς
1272 3323 1560 3393 φάλαγγας
1583 3324 1684 3378 οὐκ
1703 3323 2011 3395 ἠγνοηκὼς,

423 3418 520 3473 καὶ
552 3419 644 3471 ἐπὶ
685 3417 837 3481 τίνας
870 3417 1060 3479 αὐταῖς
1092 3417 1120 3469 6
1144 3414 1237 3468 τοῦ
1274 3415 1519 3485 πολέμου
1550 3417 1774 3477 σκοπός.
1806 3418 1880 3470 Οὐ
1906 3417 2014 3490 γὰρ

424 3512 510 3577 ἐφ’
542 3509 765 3581 ἐτέρους
801 3511 976 3571 τινάς,
994 3506 1109 3562 ἀλλ’
1135 3506 1279 3577 ἐμοὶ,
1303 3508 1487 3578 φησὶν,
1506 3508 1555 3560 οί
1596 3507 1898 3578 Ἐλαμῖται,
1920 3511 2015 3563 καὶ

422 3604 472 3655 οἱ
517 3602 843 3673 πανάριστοι
888 3600 997 3653 τῶν
1032 3600 1259 3671 Περσῶν
1303 3600 1620 3672 ὼρμήκασι.
1652 3600 1904 3668 Στενάξω
1951 3601 2015 3673 δὴ

422 3687 516 3745 οῦν
555 3691 651 3744 καὶ
692 3689 1062 3761 παρακαλέσει)
1091 3688 1348 3759 ἐμαυτόν.
1378 3689 1505 3752 Τοῖς
1549 3688 1659 3760 γάρ
1704 3690 1763 3742 ἐν
1810 3689 2013 3761 ἐσχάτῃ

425 3783 681 3855 συμφορᾷ
710 3782 961 3851 γεγονόσι
992 3780 1153 3835 δοκεῖ
1203 3782 1490 3852 προσεῖναί
1533 3799 1619 3844 τις
1662 3781 2014 3854 παραμυθίας

421 3875 646 3948 τρόπος,
676 3875 739 3927 τὸ
779 3874 998 3946 θρηνεῖν
1026 3891 1083 3927 τε
1125 3874 1221 3927 καὶ
1270 3873 2014 3947 όλοφύρεσθαι.Ἑκθλί6εται

421 3966 532 4036 γὰρ
558 3966 617 4033 ἐξ
648 3966 839 4035 ὀδύνης
870 3966 932 4018 τὸ
960 3965 1215 4037 δάκρυον.
1264 3966 1507 4036 Πρᾶγμα
1537 3966 1590 4019 δὲ
1623 3962 1774 4030 ξένον
1805 3967 1854 4018 εί
1890 3965 2015 4038 θρη-

427 4058 612 4111 νοῦσιν
655 4057 956 4129 Ἀσσύριοι,
984 4057 1212 4128 σκληροὶ
1258 4056 1355 4110 καὶ
1403 4056 1675 4128 ἀγέρωχοι
1729 4057 2013 4126 γεγονότες

425 4153 534 4219 ἀεὶ,
563 4149 965 4223 ὲξοφρυωμένοι
992 4166 1052 4204 τε
1087 4152 1226 4218 άγαν
1258 4149 1401 4203 κατὰ
1432 4150 1651 4203 πάντων
1677 4148 1788 4202 τῶν
1818 4148 2011 4212 ἐθνῶν,

426 4245 520 4299 καὶ
537 4244 639 4297 οὐκ
655 4242 950 4313 εύάντητον
977 4240 1120 4312 ἔχειν
1142 4240 1379 4313 οἰόμενοι
1400 4240 1500 4311 τὴν
1522 4240 1856 4294 ἀντίστασιν.
1875 4240 2013 4294 Ἀλλ’

422 4337 473 4389 οἱ
502 4336 724 4405 θρασεῖς
757 4332 901 4387 οὕτω
935 4332 1030 4386 καὶ
1057 4333 1376 4405 φρονήμασι
1402 4334 1518 4395 τοῖς
1553 4332 1695 4403 ὑπὲρ
1728 4331 2014 4403 ἄνθρωπον

425 4428 650 4498 ἐξογκού
659 4426 832 4498 μενοι,
869 4423 1308 4495 γυναικοπρεπὲς
1328 4423 1658 4494 εἰσδέχονται
1681 4424 1740 4477 τὸ
1758 4423 2011 4495 δάκρυον,

2115 1960 2222 2015 non
2255 1955 2471 2008 curant,
2502 1959 2601 1999 nec
2635 1960 2769 1999 auro
2802 1960 2938 2012 opus
2975 1944 3196 1999 habent.
3227 1946 3406 2002 Arcus
3435 1944 3697 2012 iuvenum

2114 2044 2416 2092 conterent.
2448 2036 2556 2091 Deo
2586 2037 2729 2090 enim
2764 2036 2899 2090 iram
2930 2035 3365 2105 delinquentibus
3400 2035 3695 2107 inlligente,

2114 2128 2247 2183 nihil
2278 2142 2434 2197 opem
2463 2126 2661 2183 aﬂ‘erre
2691 2130 2887 2199 poterit
2918 2146 2935 2184 :
2978 2130 3086 2183 imo
3122 2140 3177 2184 et
3212 2130 3265 2183 in
3301 2129 3408 2183 illis
3438 2131 3529 2197 qui
3561 2145 3701 2199 quos

2116 2219 2421 2284 incursant,
2454 2218 2681 2288 perdere
2715 2218 3123 2289 aggrediuntur,
3152 2219 3387 2274 belluina
3425 2235 3578 2275 tuens
3616 2223 3700 2274 in-

2113 2310 2273 2366 sidet.

2185 2401 2352 2457 Vnus.
2380 2401 2436 2468 5,
2463 2404 2519 2458 ἆ.
2546 2401 2613 2456 In
2643 2418 2722 2457 me
2754 2401 3023 2466 Elamitte,
3054 2414 3101 2457 et
3140 2401 3423 2457 Persarum
3455 2403 3608 2473 legati
3641 2405 3697 2457 in

2112 2510 2193 2547 me
2213 2493 2432 2547 venient.
2457 2493 2511 2547 Ν
2517 2511 2614 2548 unc
2642 2495 2975 2563 ingemiscant
2996 2505 3042 2549 et
3067 2494 3376 2549 consolabor
3423 2497 3675 2565 meipsum

2117 2585 2406 2655 Propterea
2460 2587 2662 2655 impleti
2711 2597 2830 2640 sunt
2881 2587 3044 2641 lumbi
3085 2590 3185 2642 mei
3233 2590 3601 2655 dissolutione,
3645 2605 3697 2643 ε.

2117 2677 2325 2732 dolores
2360 2689 2603 2746 ceperunt
2633 2694 2713 2732 me
2746 2680 2882 2733 sicut
2917 2682 3204 2749 parientem
3237 2698 3258 2736 :
3292 2683 3486 2750 injuste
3518 2685 3597 2753 egi
3633 2700 3698 2737 ne

2114 2768 2377 2833 audirem,
2400 2785 2611 2837 operam
2635 2772 2757 2824 dedi
2788 2788 2851 2825 ae
2875 2774 3121 2827 viderent.
3147 2771 3252 2826 Cor
3272 2790 3442 2827 meum
3465 2776 3695 2842 aberrat,

2114 2868 2160 2910 et
2189 2857 2439 2926 iniquitas
2472 2875 2553 2912 me
2585 2860 2869 2930 demergit,
2900 2863 3081 2915 anima
3114 2877 3227 2915 mea
3263 2863 3499 2933 conjecta
3532 2874 3608 2917 est
3643 2868 3698 2919 iu

2113 2960 2371 3003 umorem.

2186 3132 2585 3203 Prosopopaaiaa
2640 3134 2748 3188 vim
2804 3134 2968 3189 habet
3021 3133 3137 3189 haec
3180 3135 3374 3190 oratio.
3425 3134 3699 3190 lnducitur

2115 3228 2257 3281 etaim
2290 3227 2578 3298 Assyrius,
2614 3227 2873 3296 impetum
2919 3228 3339 3296 pertimescens,
3373 3238 3427 3283 et
3462 3230 3694 3282 hostium

2116 3317 2408 3388 phalanges
2442 3332 2547 3373 non
2579 3320 2828 3372 nesciens
2853 3358 2867 3381 ,
2897 3328 2951 3372 et
2974 3327 3161 3372 contra
3191 3334 3350 3389 quem
3387 3320 3542 3390 hujus
3572 3320 3697 3376 belli

2114 3424 2311 3478 scopus
2368 3411 2570 3464 tendat.
2616 3410 2730 3464 Non
2782 3411 2965 3475 enim,
3016 3412 3222 3481 inquit,
3278 3420 3465 3466 contra
3520 3414 3689 3469 alium

2113 3516 2401 3570 quemque,
2426 3504 2519 3555 sed
2550 3510 2739 3556 contra
2772 3517 2859 3557 me
2886 3501 3129 3555 Elamitae
3184 3511 3239 3556 et
3267 3504 3697 3571 praestantissimi

2115 3594 2354 3648 omnium
2418 3591 2712 3647 Persarum
2774 3593 3021 3648 fecerunt
3073 3596 3355 3661 impetum.
3404 3593 3698 3664 lngemisco

2118 3685 2279 3756 igitur
2307 3694 2362 3739 et
2394 3684 2713 3739 consolabor
2742 3687 3025 3753 meipsum.
3084 3684 3185 3750 Qui
3222 3699 3451 3753 namque
3484 3686 3537 3739 in
3573 3686 3699 3741 ulti-

2116 3778 2219 3831 mis
2242 3776 2499 3832 aerumnis
2528 3785 2672 3841 sunt,
2699 3776 2783 3830 his
2814 3776 3202 3831 consolationis
3233 3791 3401 3845 genus
3429 3778 3697 3846 quoddam

2115 3883 2234 3925 esse
2278 3868 2509 3935 videtur,
2540 3868 2668 3923 [iere
2704 3877 2759 3922 et
2804 3868 3039 3939 plorare.
3072 3867 3399 3922 Extunditur
3441 3870 3585 3923 enim
3630 3884 3699 3925 ex

2119 3962 2304 4017 dolore
2335 3961 2594 4033 lacryma.
2637 3960 2843 4017 Novum
2879 3976 3010 4017 vero
3037 3971 3091 4016 et
3124 3962 3492 4032 peregrinum,
3528 3964 3699 4034 Assy-

2115 4053 2257 4119 rios,
2292 4056 2456 4109 duros
2496 4064 2553 4108 et
2593 4053 2864 4107 fastuosos
2908 4066 3143 4123 semper,
3180 4062 3234 4107 et
3279 4062 3464 4108 contra
3508 4069 3701 4110 omnes

2113 4156 2301 4215 gentes
2333 4145 2893 4215 supereiliosissitnos,
2921 4160 3151 4215 quorum
3188 4159 3450 4201 occursus
3484 4148 3696 4202 omino-

2113 4252 2241 4300 sus,
2294 4248 2349 4291 et
2405 4235 2767 4291 formidabilis
2820 4250 2946 4291 esse
3000 4237 3330 4305 putabatur,
3382 4237 3690 4310 lacrymari.

2113 4327 2381 4382 Caeterum
2415 4327 2468 4381 bi
2509 4337 2616 4382 tam
2653 4327 2888 4382 audaces
2920 4337 2975 4380 et
3007 4327 3200 4382 animis
3238 4342 3397 4396 supra
3454 4328 3700 4385 homines

2118 4420 2361 4485 tumidis,
2403 4419 2744 4475 muliebriter
2777 4419 3004 4473 fundunt
3035 4419 3321 4491 lacrymas,
3339 4429 3393 4474 et
3414 4429 3539 4475 ante
3573 4422 3697 4476 belli

423 4520 520 4574 καὶ
548 4519 744 4591 θρῆνον
766 4518 853 4589 ἐφ’
880 4519 1096 4581 ἑαυτοῖς
1136 4516 1419 4587 άρτύουσι,
1448 4517 1554 4588 πρὸ
1586 4516 1685 4588 τῆς
1726 4515 1823 4570 τοῦ
1855 4517 2013 4570 πολέ-

2118 4510 2413 4580 periculum
2456 4510 2734 4565 debilitate
2779 4509 2935 4564 fracti
2977 4520 3031 4565 et
3075 4511 3328 4577 contusi,
3364 4510 3545 4565 ﬂetum
3594 4513 3695 4568 sibi

425 4628 528 4684 μου
569 4611 768 4681 πείρας
813 4607 1231 4679 κατακλώμενοι
1258 4608 1396 4679 πρὸς
1433 4607 1740 4662 ἀσθένειαν.
1758 4607 2017 4678 Ἐνεπλή-

423 4700 527 4772 σθη
574 4700 681 4772 γὰρ
734 4702 768 4771 ὴ
815 4700 985 4769 ὀσφύς
1024 4716 1127 4770 μου
1161 4698 1454 4764 ἐκλύσεως,
1484 4699 1580 4752 καὶ
1599 4697 1787 4761 ὠδῖνες
1825 4697 2017 4752 ἔλαϐόν

426 4809 495 4863 με
528 4791 607 4854 ὡς
632 4791 732 4862 τὴν
757 4791 1071 4845 τίκτουσαν.
1092 4789 1234 4843 ’Δλλ’
1262 4790 1386 4843 ὅτου
1414 4789 1666 4861 δηχάριν
1697 4788 1767 4842 τὰ
1793 4787 2017 4842 τοιαῦτά

425 4902 507 4938 σοι
539 4883 903 4955 συμϐήσεται,
943 4882 1131 4954 φησιν,
1166 4876 1212 4935 ὦ
1252 4880 1538 4953 Ἀσσύριε;
1578 4880 1822 4954 Φράσαις
1847 4880 1915 4934 ἂν
1939 4879 2017 4951 τῷ

423 4976 673 5046 ἐρομένῳ
695 4993 710 5007 ·
742 4974 872 5041 Ναὶ,
911 4974 1109 5045 φησίν*
1130 4968 1248 5027 οἶδα
1295 4972 1401 5047 γὰρ
1441 4971 1903 5044 προσκεκρουκὼς
1930 4970 2017 5025 διὰ

424 5068 626 5141 πολλὴν
644 5067 920 5139 ἁμαρτίαν
937 5067 1014 5139 τῷ
1038 5067 1255 5120 πάντων
1278 5064 1573 5136 κρατοῦντι
1594 5062 1734 5134 Θεῷ.
1754 5063 2017 5133 Ἥδίκησα

422 5159 487 5212 τὸ
513 5159 588 5231 μὴ
615 5159 869 5221 ἀκοῦσαι,
889 5157 1197 5212 ἐσπούδασα
1216 5156 1277 5210 τὸ
1300 5156 1375 5228 μὴ
1399 5154 1642 5226 βλέπειν.
1660 5153 1817 5207 Κατὰ
1835 5152 2013 5216 τοῦτο,

427 5252 614 5323 φησὶν,
658 5250 897 5322 ἐμαυτὸν
941 5250 1197 5319 ἠδίκησα,
1237 5249 1322 5302 ὅτι
1370 5246 1719 5320 μεμελέτηκα
1768 5245 1904 5299 πολὺ
1954 5245 2017 5299 τὸ

425 5343 709 5414 δυσήκοον,
739 5342 835 5396 καὶ
878 5341 1113 5412 σπουδῆς
1150 5340 1311 5412 ἔργον
1342 5339 1546 5411 ἐθέμην
1568 5338 1630 5392 τὸ
1670 5337 1746 5409 μὴ
1777 5336 2013 5407 βλέπειν,

425 5434 571 5489 τοῦτ’
595 5434 734 5499 ἐστι,
763 5434 849 5497 τίς
875 5435 903 5486 6
923 5433 1083 5503 φύσει
1111 5433 1207 5487 καὶ
1233 5431 1450 5503 άληθῶς
1480 5434 1598 5485 ἐστι
1618 5430 2016 5492 Θεός.Ἥκουον

431 5525 530 5595 μὲν
555 5525 664 5599 γὰρ
689 5526 791 5598 τὴν
830 5524 1104 5580 Ἰουδαίων
1146 5525 1425 5597 λατρείαν,
1459 5517 1603 5576 εἷλον
1637 5519 1778 5576 κατὰ
1815 5519 2018 5592 κράτος

427 5618 526 5690 τὴν
553 5620 713 5688 ἁγίαν
736 5617 909 5684 πόλιν,
931 5616 1256 5687 πεπόρθηκα
1271 5616 1364 5670 τὸν
1393 5615 1759 5683 νεών.Ἔσχον
1785 5614 1849 5666 ἐκ
1880 5628 2018 5683 παρ-

428 5710 790 5780 ακουσμάτων
844 5710 944 5779 τὴν
990 5708 1217 5780 μετρίαν
1248 5707 1453 5779 εἴδησιν
1472 5705 1580 5758 τῶν
1609 5702 2015 5774 ἐντεταλμένων

427 5803 543 5865 τοῖς
567 5800 626 5867 ἐξ
657 5800 894 5871 Ἰσραήλ.
925 5800 1143 5855 Μᾶλλον
1192 5798 1248 5855 δὲ
1288 5801 1382 5854 καὶ
1431 5800 1461 5853 ὁ
1506 5796 1794 5869 προφήτης
1830 5794 2014 5858 Ἰωνᾶς

2118 4601 2252 4668 ipsis
2299 4600 2642 4655 consciscunt
2688 4608 2743 4654 et
2790 4600 3033 4655 eliciunt.
3073 4600 3285 4670 Repleti
3339 4611 3469 4657 sunt
3513 4604 3695 4670 enim,

2120 4693 2325 4761 inquit,
2355 4691 2519 4746 lumbi
2556 4691 2661 4745 mei
2695 4691 3077 4760 dissolutione,
3106 4702 3160 4748 et
3192 4693 3406 4750 dolores
3438 4706 3699 4764 ceperunt

2119 4799 2206 4839 me
2233 4783 2371 4837 sicut
2397 4783 2811 4852 parturientem.
2836 4783 2943 4838 Sed
2974 4785 3325 4854 quamobrem
3357 4785 3449 4839 tibi
3483 4789 3698 4841 contin-

2116 4888 2244 4947 gent
2285 4876 2430 4941 bzec,
2470 4875 2673 4945 inquit.
2711 4890 2745 4929 ο
2794 4875 3058 4946 Assyrie?
3105 4874 3201 4932 Dic
3248 4877 3454 4947 roganti
3507 4897 3519 4931 :
3572 4878 3694 4943 Nm,

2117 4967 2310 5037 inquit,
2333 4966 2585 5022 conscius
2614 4966 2745 5020 mibi
2777 4980 2895 5021 sum
2926 4963 3218 5021 oli‘endisse
3248 4965 3434 5020 multis
3460 4970 3697 5033 peccatis

2114 5059 2535 5130 omnipotentem
2576 5057 2764 5112 Deum.
2793 5055 2991 5124 lnjuste
3025 5058 3107 5127 egi
3143 5073 3209 5113 ne
3245 5058 3508 5123 audirem,
3535 5058 3696 5128 305

2115 5168 2336 5224 operam
2386 5150 2510 5206 dedi
2556 5164 2624 5203 ne
2670 5146 2932 5203 viderem.
2981 5148 3036 5202 ln
3088 5148 3217 5213 hoc,
3272 5148 3378 5211 ait,
3433 5149 3694 5219 meipsum

2117 5248 2335 5310 damno,
2363 5252 2418 5299 et
2447 5243 2629 5312 inique
2662 5240 2786 5305 l'eci,
2820 5241 2963 5311 quod
2994 5241 3187 5311 insigni
3214 5240 3610 5309 pervicacia.et
3642 5242 3695 5295 in

2116 5337 2384 5394 audiendo
2429 5335 2725 5405 pertinacia
2780 5349 2910 5389 usus
2940 5335 3063 5401 sim,
3108 5343 3163 5387 et
3202 5348 3420 5403 operam
3467 5333 3585 5387 dedi
3630 5349 3697 5389 ne

2117 5431 2355 5484 viderem
2377 5466 2394 5494 ,
2431 5427 2483 5482 id
2521 5439 2635 5490 est,
2671 5429 2795 5496 quis
2829 5428 2898 5481 sit
2930 5426 3022 5481 ille
3056 5436 3247 5480 natura
3285 5437 3338 5480 et
3370 5440 3497 5481 vere
3533 5424 3693 5481 Deus.

2118 5521 2410 5576 Audieram
2444 5519 2588 5575 enim
2621 5518 2926 5573 Judaeorum
2965 5517 3187 5585 cultum,
3220 5528 3462 5573 sanctam
3503 5518 3692 5574 urbem

2114 5616 2166 5669 vi
2203 5613 2349 5682 cepi,
2384 5611 2640 5680 templum
2687 5610 2888 5677 everti,
2923 5625 2990 5665 ex
3025 5610 3308 5679 disciplina
3345 5609 3530 5664 auditu
3573 5626 3695 5679 per-

2115 5714 2288 5774 cepta,
2325 5705 2647 5757 mediocrem
2695 5702 3051 5774 cognitionem
3092 5716 3279 5756 eorum
3322 5715 3442 5772 quae
3484 5700 3694 5756 Israeli-

2117 5795 2223 5851 tico
2263 5793 2458 5863 popqu
2499 5801 2764 5864 praecepta
2802 5802 2963 5849 erant
2998 5801 3319 5851 consecutus
3357 5804 3479 5847 sum
3523 5810 3539 5847 :
3584 5790 3694 5847 imo
