4148 6374
417 368 521 428 ειη

1405 357 1462 414 S.
1502 351 1781 410 CYR‘XLLI
1825 340 2305 403 ALEXANDRINI
2347 334 2670 393 ARCIIIEP.

3582 330 3689 389 εδδ

419 484 679 558 propheta
720 477 887 534 Jonas
930 492 959 531 ιι
1010 477 1121 531 Deo
1164 474 1362 529 missus
1401 481 1507 537 est,
1542 480 1605 525 ut
1649 468 1923 540 praedicet,
1955 473 2011 518 et

2135 459 2389 529 ιπεστάλη
2440 454 2594 528 παρὰ
2642 452 2776 506 Θεοῦ
2826 448 3117 521 κηρῦσσων
3155 449 3247 501 καὶ
3290 449 3500 518 λέγων·
3538 451 3693 503 «Ἔτι

417 557 567 631 dicat
600 591 615 627 :
650 590 668 623 ι
704 569 893 625 Adhuc
924 578 1035 622 tres
1067 566 1181 621 dies
1208 576 1264 619 et
1290 564 1636 619 subvertetur
1665 557 1944 619 Ninive";
1979 574 1997 606 ι

419 683 541 722 illo:
573 662 824 736 pertimui
857 661 1051 721 minas,
1076 668 1130 713 et
1153 659 1238 726 egi
1264 654 1661 727 pcenitentiam,
1685 651 1781 705 sed
1810 648 2006 716 injuste

420 760 614 814 iterum
649 756 778 815 feci,
802 768 869 808 ne
901 754 1171 813 audirem,
1199 758 1255 803 et
1289 748 1471 802 studio
1504 745 1736 799 annixus
1768 756 1909 803 sum,
1940 752 2007 791 ne

422 853 660 906 viderem
719 861 838 916 qua:
872 845 1071 899 vidisse
1103 841 1360 912 oportuit.
1422 836 1708 893 Aberravit
1738 834 1879 888 enim
1915 847 2008 884 cor

424 958 632 1004 meum,
686 948 742 993 et
799 937 1056 992 demersit
1115 950 1201 989 me
1265 933 1557 1000 iniquitas,
1612 924 2009 995 quodammodo

425 1030 678 1081 obruens.
706 1024 841 1078 Hinc
862 1032 915 1077 et
941 1023 1119 1077 anima
1146 1037 1261 1075 mea
1288 1020 1529 1089 conjecta
1556 1025 1639 1071 est
1662 1018 1712 1068 in
1741 1014 2007 1074 timorem,

427 1115 500 1168 ini
543 1115 685 1169 enim
736 1114 788 1166 in
839 1121 980 1166 metu
1033 1121 1296 1163 extremo.
1335 1107 1424 1159 lla:
1474 1106 1639 1175 igitur
1683 1116 1840 1156 voces
1890 1112 2011 1153 esse

429 1214 653 1276 possunt
690 1203 1058 1273 Assyriorum.
1097 1200 1384 1253 Familiare
1425 1199 1567 1252 enim
1609 1208 1693 1249 est
1736 1192 2011 1262 prophetis

433 1307 589 1347 voces
623 1298 678 1345 et
712 1286 972 1357 personas
1020 1288 1277 1358 aliingere
1319 1298 1541 1358 propter
1586 1283 1870 1337 utilitatem
1916 1296 2012 1334 au-

428 1382 708 1438 dientium.

502 1561 668 1617 Vens.
711 1562 765 1616 5.
798 1560 994 1614 Parate
1047 1574 1304 1623 mensam,
1354 1557 1531 1620 bibite,
1561 1557 1730 1610 'edite.
1780 1554 2013 1623 Surgite,

432 1655 711 1721 principes,
741 1654 958 1721 arripile
992 1651 1219 1721 dypeos.
1770 1660 1777 1665 '

508 1742 759 1797 Dixeram
821 1742 1123 1795 orationem
1193 1738 1562 1807 propin-ticam
1619 1736 1799 1790 multis
1852 1737 2015 1789 inter-

2111 555 2258 624 τρεῖς
2287 552 2512 622 ἡμέραι,
2545 548 2638 601 καὶ
2664 543 2867 612 Νινευὴ
2906 542 3441 613 καταστραφήσεται·
3472 560 3491 592 ι
3526 558 3696 595 κατα-

2111 644 2292 705 δείσας
2339 643 2395 695 es
2444 637 2782 711 παραχρῆμα
2813 634 2912 705 τὴν
2942 632 3193 702 ἀπειλὴν,
3228 632 3527 702 μετενόησα
3576 631 3697 701 μὲν,

2114 735 2229 789 ἀλλ’
2263 734 2494 804 ἠδίκησα
2522 731 2683 785 πάλιν
2735 730 2809 800 μὴ
2840 726 3101 788 ἀκούσας,
3148 725 3241 777 καὶ
3269 724 3327 776 ὲν
3362 723 3563 793 σπουδῇ
3606 724 3697 776 τέ-

2115 824 2291 878 θειταί
2319 840 2407 893 μοι
2434 822 2494 874 τὸ
2529 820 2604 891 μὴ
2630 820 2760 890 όρᾷν
2816 818 2958 887 ἅπερ
2990 812 3057 886 ἦν
3086 816 3217 885 όρᾷν
3243 814 3555 881 ἀναγκαῖον.
3594 815 3701 866 Ile-

2117 918 2384 986 πλάνηται
2410 914 2519 984 γὰρ
2546 914 2579 984 ἡ
2610 911 2805 981 καρδία
2843 927 2965 980 μου.
3004 909 3116 962 Καὶ
3141 906 3469 977 ὑποϐρύχιόν
3503 924 3571 977 με
3599 925 3698 958 πε-

2116 1010 2342 1080 ποίηκεν
2374 1009 2407 1077 η
2442 1005 2702 1076 ἁμαρτία,
2742 1001 3131 1072 καταχωννῦσα
3157 1002 3357 1071 τρόπον
3380 1000 3524 1052 τινά.
3552 999 3698 1053 Ταύ-

2117 1115 2184 1169 τῃ
2216 1117 2297 1152 τοι
2336 1099 2428 1151 καὶ
2461 1100 2495 1169 ἡ
2522 1097 2664 1166 ψυχή
2698 1113 2796 1166 μου
2826 1094 3130 1165 ἐφέστηκεν
3163 1096 3242 1157 είς
3276 1093 3437 1161 φόϐον
3458 1108 3471 1122 °
3501 1092 3700 1160 γέγονα

2118 1192 2226 1262 γὰρ
2256 1194 2314 1245 έν
2337 1191 2557 1261 δείμασι
2582 1192 2693 1252 τοῖς
2714 1188 2822 1240 τῶν
2851 1187 3115 1257 ἐσχάτων.
3146 1180 3312 1239 Αὗται
3331 1185 3506 1239 τοίνυν
3527 1185 3701 1249 φωναὶ

2117 1284 2226 1336 τῶν
2271 1282 2568 1353 Ἀσσυρίων
2602 1276 2711 1333 εἷεν
2744 1280 3000 1341 ἀν.Ἒθος
3028 1278 3136 1348 γὰρ
3173 1280 3285 1340 τοῖς
3336 1278 3513 1345 ἁγίοις
3563 1292 3697 1346 προ-

2120 1377 2315 1446 φήταις
2355 1374 2788 1445 προσωποποιεῖν
2816 1372 2916 1433 τὰς
2939 1370 3142 1440 φωνὰς,
3158 1371 3246 1424 διὰ
3272 1369 3332 1423 τὸ
3357 1372 3468 1433 τοῖς
3489 1371 3699 1440 ἀκροω-

2124 1468 2307 1537 μένοις
2335 1468 2626 1537 χρήσιμον.

2207 1557 2584 1626 Ἑτοιμάσατε
2622 1552 2933 1625 τράπεζαν,
2985 1554 3149 1607 arista
3174 1595 3188 1619 ,
3237 1551 3473 1622 φάγετε.
3529 1551 3699 1606 Ἀνα-

2122 1647 2381 1713 στάντες
2412 1651 2467 1702 ol
2494 1646 2803 1717 ἄρχοντες,
2834 1644 3185 1714 ἑτοιμάσατε
3226 1644 3493 1712 θυρεούς.

2198 1743 2374 1813 ’Ἑφην
2399 1742 2481 1794 ὅτι
2512 1743 2612 1811 τῆς
2640 1738 2979 1811 προφητείας
3006 1739 3033 1790 ό
3055 1737 3211 1805 λόγος
3260 1739 3339 1798 είς
3367 1736 3568 1799 πολλὰς
3590 1734 3703 1789 ἔσθ’

436 1833 562 1887 dum
638 1847 988 1902 personarum
1047 1831 1398 1885 varietatibus
1455 1828 1711 1898 distingui
1758 1828 2006 1896 pulcher-

2135 1837 2200 1887 ἑτε
2235 1832 2543 1905 προσώπων
2572 1832 2837 1902 διαφορὰς
2878 1824 2936 1883 εὖ
2972 1831 3115 1901 μάλα
3136 1829 3594 1883 διαποικίλλεται·
3625 1829 3705 1882 δεῖ

437 1926 611 1981 rlme:
645 1924 864 1981 omnino
899 1924 1063 1991 igitur
1087 1924 1177 1992 qui
1206 1922 1346 1977 scire
1384 1921 1505 1975 haec
1542 1928 1596 1973 et
1624 1920 1827 1973 referre
1856 1920 2022 1987 probe

438 2018 648 2081 volunt,
681 2015 809 2070 talia
857 2014 1054 2069 debent
1118 2012 1431 2066 observare.
1484 2009 1779 2076 Perspicua
1860 2008 2022 2078 igitur

437 2109 545 2163 erit
614 2118 670 2162 et
741 2106 875 2161 nihil
937 2102 1327 2173 abrupti,nihil
1399 2100 1731 2155 diﬂicultatis
1806 2100 2025 2154 habebit

439 2199 633 2254 horum
695 2197 961 2251 dictorum
1042 2193 1417 2263 intelligentia.
1456 2193 1669 2247 lnduxit
1723 2206 1853 2260 ergo
1903 2204 2025 2259 per-

444 2305 635 2346 sonam
682 2288 1031 2360 Assyriorum
1103 2288 1243 2355 apud
1300 2301 1418 2341 sese
1476 2284 1741 2348 ﬂentium,
1768 2292 1822 2337 et
1881 2283 2026 2336 timi-

451 2383 622 2436 ditate
675 2380 1105 2445 confractorum,
1136 2388 1193 2431 et
1249 2378 1318 2431 de
1379 2376 1537 2430 malis
1582 2374 1777 2428 futuris
1832 2373 2027 2427 intole-

442 2472 597 2526 rabili
627 2472 821 2526 timore
858 2470 1173 2525 dolentium.
1209 2467 1341 2522 Dein
1386 2474 1597 2536 tempus
1638 2472 2028 2518 commemorat

442 2580 550 2633 quo
597 2579 692 2619 eos
738 2564 855 2633 capi
907 2573 964 2618 et
1014 2562 1438 2617 immedicabiles
1477 2561 1545 2614 in.
1599 2573 1868 2613 aerumnas
1946 2558 2027 2611 in—

441 2658 623 2712 cidere
657 2657 949 2725 continget,
990 2664 1045 2710 et
1072 2669 1292 2710 causam
1322 2656 1416 2707 ira:
1439 2660 1629 2707 contra
1676 2650 1795 2704 illos
1849 2648 2029 2703 decla-

446 2756 550 2799 rat.
578 2744 809 2813 Scripsnt
844 2744 987 2797 enim
1028 2744 1221 2797 beatus
1250 2741 1468 2796 Daniel:
1512 2758 1530 2791 ι
1560 2739 1809 2795 Baltasar
1844 2754 2025 2807 regem

453 2850 746 2905 apparasse
802 2849 1015 2889 ctenam
1070 2834 1415 2902 magnatibus
1457 2832 1602 2897 suis,
1656 2830 1891 2885 millibus
1936 2845 2027 2884 co-

451 2942 563 2980 ram
611 2926 848 2980 millibus
898 2927 1081 2979 vinum
1110 2926 1179 2977 τ’.
1215 2943 1233 2977 ι
1288 2925 1421 2980 Dein
1464 2926 1559 2991 ait,
1602 2933 1657 2978 et
1704 2938 1859 2979 sacra
1898 2938 2025 2977 vasa

452 3034 518 3072 ex
564 3016 951 3088 Hierosolymis
1003 3027 1212 3085 smnpta
1251 3017 1377 3071 olim
1414 3018 1677 3071 obtulisse
1736 3016 1919 3083 impie,
1977 3023 2033 3069 et

2121 1925 2179 1978 δὲ
2208 1924 2272 1995 δὴ
2296 1923 2513 1986 πάντως
2540 1923 2688 1987 τοὺς,
2728 1921 2885 1991 οἵπερ
2919 1920 2985 1975 ἂν
3015 1921 3219 1974 ἕλοιντο
3252 1919 3492 1973 συνιέναι
3520 1935 3580 1971 τε
3610 1919 3705 1972 καὶ⁸

2124 2014 2489 2084 ἀπαγγέλλειν
2531 2012 2726 2083 ὀρθῶς,
2774 2015 3054 2084 ἐπιτηρεῖν
3100 2011 3344 2084 ἀκριὸὦς
3384 2010 3452 2064 τὰ
3505 2010 3701 2064 τοιάδε.

2125 2104 2308 2174 Σαφὴς
2360 2102 2470 2174 γὰρ
2503 2102 2571 2156 ἂν
2620 2102 2761 2156 οῦτω
2794 2103 3023 2171 γένοιτο,
3074 2101 3168 2154 καὶ
3210 2100 3362 2153 οὐδὲν
3416 2100 3613 2170 ἔχουσα
3644 2098 3707 2152 τὸ

2125 2196 2349 2258 ἄναντες
2403 2198 2483 2257 είς
2532 2194 2849 2265 δυσχερείαν
2892 2194 3001 2245 τῶν
3049 2193 3357 2262 λεγομένων
3398 2193 3428 2261 ἡ
3482 2191 3703 2259 γνῶσις.

2126 2287 2488 2357 Είσκεκόμικε
2544 2288 2722 2339 τοίνυν
2766 2286 2827 2338 τὸ
2879 2286 2989 2338 τῶν
3061 2285 3361 2355 Ἀσσυρίων
3416 2284 3708 2355 πρόσωπον

2126 2380 2420 2433 κλαιόντων
2444 2380 2527 2448 ἐφ’
2554 2381 2789 2441 ἑαυτοῖς,
2826 2379 2920 2431 καὶ
2951 2377 3471 2447 συντεθραυσμένων
3501 2375 3600 2446 μὲν
3629 2378 3709 2438 είς

2127 2471 2348 2534 δειλίας,
2390 2471 2661 2541 ἀφόρητον
2690 2470 2744 2522 δὲ
2778 2469 2869 2521 τὸν
2903 2469 2993 2520 ἐπί
3025 2486 3089 2537 γε
3120 2472 3233 2531 τοῖς
3278 2468 3559 2537 μέλλουσιν
3592 2466 3710 2518 ἐσε-

2130 2564 2252 2616 σθαι
2288 2564 2477 2625 κακοῖς
2502 2562 2798 2614 ὡδινόντων
2830 2560 2890 2612 τὸ
2914 2562 3094 2630 δεῖμα.
3132 2557 3264 2613 Εἶτα
3312 2560 3584 2630 μέμνηται
3612 2558 3707 2610 τοῦ

2128 2652 2342 2724 χρόνου,
2389 2651 2510 2705 καθ’
2545 2651 2603 2703 ὃν
2636 2650 2833 2712 αὐτοὺς
2877 2649 3080 2702 ἁλῶναί
3110 2666 3168 2701 τε
3223 2653 3318 2702 καὶ
3350 2650 3469 2711 ταῖς
3506 2648 3707 2719 ἀνηκέ-

2133 2761 2278 2807 στοις
2321 2745 2626 2813 συμφοραῖς
2676 2744 2994 2812 περιπεσεῖν
3042 2741 3416 2811 συμϐήσεται·
3458 2741 3552 2792 καὶ
3601 2740 3710 2810 μὴν

2131 2834 2224 2886 καὶ
2257 2832 2426 2902 αὐτὴν
2443 2830 2764 2900 καθίστησιν
2794 2830 3000 2900 ἐναργῆ
3030 2830 3128 2900 τῆς
3159 2830 3243 2882 ἐπ’
3268 2830 3451 2892 αὐτοῖς
3480 2845 3708 2900 γεγενη-

2138 2926 2307 2994 μένης
2338 2923 2553 2995 ιόργῆς]
2586 2924 2684 2993 τὴν
2728 2923 2929 2977 αἰτίαν.
2960 2922 3209 2995 Γέγραφε
3250 2924 3359 2993 γὰρ
3381 2922 3410 2973 ὁ
3443 2924 3711 2993 μακάριος

2132 3016 2353 3085 Δανιὴλ,
2389 3016 2471 3067 ὅτι
2512 3035 2529 3065 ι
2566 3014 2850 3084 Βαλτάσαρ
2890 3016 2917 3067 ό
2966 3013 3216 3083 βασιλεὺς
3254 3015 3477 3084 ἐποίησε
3500 3014 3712 3068 δεῖπνον

454 3111 660 3165 bibisse
719 3124 783 3163 ex
846 3109 950 3162 illis
997 3124 1117 3163 cum
1160 3109 1356 3179 ipsum,
1414 3118 1524 3161 tum
1565 3109 1782 3178 pellices
1818 3106 1936 3174 ejus
1977 3115 2031 3159 et

2135 3109 2247 3168 τοῖς
2273 3107 2596 3175 μεγιστᾶσιν
2623 3104 2808 3157 αὑτοῦ·
2849 3105 3039 3175 χιλίοις
3070 3105 3357 3159 κατέναντι
3384 3107 3492 3159 τῶν
3526 3106 3713 3177 χιλίων

452 3201 807 3256 (ξοηεώὶιιιιδ.
844 3198 959 3255 Hoc
994 3211 1171 3254 autem
1212 3199 1356 3253 aliud
1392 3199 1525 3253 nihil
1561 3210 1678 3252 erat
1706 3214 1868 3267 quam
1896 3213 2029 3250 cott-

2135 3199 2161 3249 ό
2188 3170 2366 3259 οἶνος.-
2392 3216 2408 3247 ι
2445 3192 2580 3251 Εἶτά
2617 3214 2803 3267 φησιν,
2837 3170 2918 3249 ότι
2948 3198 3042 3249 καὶ
3071 3196 3139 3249 τὰ
3166 3199 3230 3250 ὲκ
3269 3198 3377 3251 τῶν
3419 3170 3716 3268 Ἰεροσολύ-

453 3302 536 3346 tra
603 3291 841 3345 divinam
908 3288 1251 3358 maiestatem
1307 3304 1501 3359 magno
1541 3288 1791 3356 elatoque
1852 3288 2032 3340 animo

461 3395 523 3435 se
574 3378 787 3442 efferre,
821 3388 875 3433 et
906 3380 1163 3432 adversus
1205 3376 1567 3431 lsraelitarum
1597 3378 1784 3430 ducem
1822 3384 1874 3429 et
1898 3390 2033 3444 pra:-

457 3470 628 3526 sidem
686 3470 865 3539 erigi:
920 3468 1075 3536 quasi
1136 3482 1291 3522 suum
1357 3465 1611 3535 populum
1663 3466 1809 3519 nullo
1878 3467 2035 3519 modo

451 3561 643 3628 juvare
703 3568 905 3628 posset.
950 3558 1178 3614 Bibente
1216 3558 1379 3629 igitur
1420 3557 1724 3621 Baltasaro,
1781 3565 1836 3611 et
1883 3570 2035 3609 sacra

460 3661 585 3699 vasa
616 3644 783 3715 306
810 3653 988 3699 tamen
1037 3660 1142 3697 non
1191 3644 1452 3697 irridente
1488 3642 1813 3712 :Apparuit,
1865 3641 2039 3710 inquit

460 3738 726 3791 articulus
749 3752 940 3790 manus
966 3746 1022 3790 et
1051 3737 1266 3805 scripsit
1292 3736 1345 3789 in
1369 3734 1596 3805 pariete,
1621 3732 1800 3799 Mane,
1831 3730 2035 3797 Tltecel,

463 3829 664 3882 Phares
683 3828 755 3893 °°,
785 3842 947 3896 quam
1000 3828 1326 3895 scripturam
1384 3827 1597 3882 divinus
1639 3826 1822 3880 Daniel
1880 3826 2043 3879 inter-

464 3928 710 3991 pretatus
768 3928 871 3985 est,
920 3918 1206 3989 Assyrium
1256 3918 1570 3986 alloquens:
1609 3917 1848 3984 Disrupit
1898 3914 2042 3970 Deus

468 4026 691 4081 regnum
720 4018 894 4073 tuum,
921 4020 976 4064 et
1004 4010 1192 4063 divisit
1222 4008 1374 4075 illud,
1408 4024 1473 4062 ac
1515 4008 1702 4063 datum
1735 4016 1821 4063 est
1874 4005 2044 4062 Medis

466 4112 523 4156 et
569 4102 766 4155 Persis.
806 4099 976 4168 Hujus
1031 4100 1292 4165 historiae,
1332 4111 1390 4153 ut
1422 4115 1522 4171 ego
1553 4102 1768 4168 quidem
1824 4112 2043 4162 censeo,

470 4194 721 4247 meminit
780 4195 1043 4262 propheta
1095 4192 1288 4248 affatus
1341 4195 1504 4248 veluti
1560 4194 1704 4263 ipsos
1754 4194 2043 4264 principes,

468 4300 563 4340 seu
604 4295 882 4354 niagnates
924 4295 977 4340 et
1005 4284 1247 4339 Baltasar
1279 4303 1293 4339 :
1329 4284 1522 4341 Parate
1568 4300 1835 4350 mensam,
1859 4285 2044 4351 bibite,

469 4374 633 4432 edite.
654 4375 892 4445 Surgite,
916 4376 1207 4447 principes,
1251 4377 1473 4446 arripite
1513 4376 1751 4448 clypeos,
1774 4377 1901 4431 luxu
1944 4375 2049 4431 dif-

2138 3305 2253 3357 μων
2290 3286 2563 3357 ληφθέντα
2598 3287 2738 3339 κατὰ
2766 3287 2990 3358 καιροὺς
3034 3287 3165 3355 ἆγια
3201 3288 3368 3359 σκεύη
3411 3288 3714 3358 προσκεκό-

2139 3394 2297 3447 μικεν
2344 3377 2595 3442 ἀνοσίως,
2636 3378 2731 3430 καὶ
2776 3377 2959 3430 ἔπινον
3002 3379 3059 3430 ἐν
3101 3379 3284 3440 αὐτοῖς
3320 3378 3481 3441 αὐτὸς
3523 3380 3617 3431 καὶ
3659 3380 3713 3431 αί

2138 3467 2411 3520 παλλακαὶ
2439 3467 2628 3531 αὐτοῦ,
2672 3469 2767 3521 καὶ
2797 3469 2853 3520 αἱ
2889 3470 3223 3538 παράκοιται
3248 3469 3436 3523 αὑτοῦ.
3461 3469 3632 3522 Τοῦτο
3661 3469 3717 3521 δὲ

2136 3555 2204 3631 ἧν
2241 3557 2427 3629 ἓτερον
2455 3559 2628 3623 οὐδὲν,
2657 3557 2798 3628 πλὴν
2829 3560 2910 3611 ὅτι
2942 3558 3305 3629 μεγαλαυχεῖν
3334 3558 3476 3613 κατὰ
3503 3560 3603 3629 τῆς
3623 3558 3717 3610 τοῦ

2138 3646 2272 3701 Θεοῦ
2299 3648 2457 3719 δόξης
2480 3665 2494 3679 ·
2529 3649 2958 3719 κατεπαίρεσθαί
2984 3667 3044 3703 τε
3065 3650 3159 3703 τοῦ
3191 3651 3589 3721 προεστηκότος
3612 3650 3720 3703 τῶν

2140 3740 2200 3805 ἐξ
2245 3739 2482 3812 Ἰσραὴλ,
2522 3740 2597 3803 ὡς
2628 3740 2767 3792 κατὰ
2809 3740 3012 3811 μηδένα
3040 3741 3239 3813 τρόπον
3281 3742 3469 3812 ὀνῆσαι
3500 3742 3719 3809 δεδυνηο

2145 3831 2309 3900 μένου
2341 3832 2435 3883 τὸν
2466 3831 2593 3884 ίδιον
2632 3831 2777 3885 λαόν.
2805 3833 3055 3894 Πίνοντος
3082 3833 3261 3886 τοίνυν
3288 3832 3382 3885 τοῦ
3414 3833 3721 3904 Βαλτάσαρ,

2141 3922 2236 3975 καὶ
2273 3923 2552 3993 μονονουχὶ
2578 3923 2842 3991 γελῶντος
2872 3923 2940 3976 τὰ
2982 3923 3150 3993 σκεύη
3189 3923 3260 3976 τὰ
3307 3924 3475 3993 ἆγιαο
3522 3924 3720 3995 Ὠφθη,

2144 4016 2333 4085 φησὶν,
2359 4014 2701 4084 ἀστράγαλος
2729 4015 2929 4085 χειρὸς,
2963 4016 3057 4069 καὶ
3088 4015 3323 4085 ἔγραφεν
3349 4018 3407 4069 ὲν
3433 4014 3511 4086 τῷ
3534 4016 3721 4086 τοίχῳ,

2142 4106 2319 4175 Μανῆ
2366 4108 2553 4161 Θεκὲλ
2598 4108 2821 4176 Φαρές·
2870 4108 3241 4179 διερμηνεύων
3279 4107 3377 4180 τὴν
3426 4108 3644 4179 γραφὴν
3692 4108 3723 4159 ό

2148 4201 2434 4263 θεσπέσιος
2459 4202 2677 4272 Δανιὴλ,
2709 4201 2813 4270 ἔφη
2852 4200 2987 4272 πρὸς
3024 4200 3114 4253 τὸν
3154 4200 3434 4270 Ἀσσύριον
3458 4215 3471 4228 °
3505 4200 3727 4271 Διέῤῥη-

2146 4293 2236 4358 ξεν
2264 4292 2293 4343 ό
2325 4289 2456 4352 Θεὸς
2502 4292 2600 4363 τὴν
2632 4290 2909 4359 βασιλείαν
2956 4307 3070 4355 σου,
3102 4291 3196 4343 καὶ
3228 4290 3482 4362 ἐμέρισεν
3531 4291 3723 4361 αὐτὴν,

2148 4384 2245 4437 κα)⁸
2279 4380 2436 4452 ἐδόθη
2469 4382 2676 4454 Μήδοις
2724 4382 2818 4435 καὶ
2864 4382 3121 4455 Πέρσαις.
3160 4384 3401 4453 Ταυτησὶ
3440 4386 3540 4455 τῆς
3587 4386 3728 4435 ίστο-

473 4466 644 4532 ﬂuite,
674 4468 870 4537 inquit,
904 4469 956 4521 in
992 4470 1195 4522 mensis
1216 4469 1701 4537 intemperantibus
1735 4469 1840 4538 (est
1864 4478 2031 4522 auten

2154 4474 2295 4543 ρίας,
2324 4470 2399 4534 ὦς
2447 4488 2511 4539 γε
2547 4467 2723 4542 οἶμαι,
2754 4471 3122 4543 διαμέμνηται
3173 4474 3311 4537 νυνὶ,
3352 4473 3446 4527 καί
3490 4489 3655 4543 φησιν
3695 4471 3725 4524 ό

473 4566 588 4614 haec
652 4560 827 4613 oratio
878 4559 1119 4629 usitata)
1152 4560 1537 4613 cxsaturamini
1593 4560 1838 4615 bibentes
1894 4560 2044 4614 ines-

474 4650 757 4719 plebiliter.
792 4648 927 4715 Quid
960 4649 1354 4705 deindeiBella
1384 4650 1653 4719 excipient
1677 4650 2046 4705 celebritatem

475 4751 529 4794 et
579 4757 681 4796 non
743 4741 901 4812 longe
959 4742 1134 4796 aberit
1185 4750 1246 4795 ut
1306 4742 1608 4812 patiamini,
1648 4742 1741 4796 sed
1798 4742 1866 4796 ab
1935 4743 2049 4811 ipsa

475 4832 877 4901 compotatione
905 4834 972 4886 ad
1014 4847 1166 4886 arma
1192 4834 1425 4889 curretis
1453 4843 1508 4887 ct
1535 4836 1785 4903 quaeretis
1810 4834 2045 4903 clypeos.

478 4921 574 4975 Est
622 4922 767 4976 enim
825 4937 951 4977 vere
999 4922 1377 4993 gravissimum
1427 4935 1613 4979 contra
1666 4926 1833 4979 Deum
1866 4923 2046 4979 eﬂ‘erri

477 5023 533 5067 et
575 5024 759 5068 contra
785 5015 1144 5084 maiestatem,
1171 5030 1274 5083 qua
1316 5016 1446 5070 nihil
1476 5026 1558 5072 est
1608 5016 1909 5082 sublimius,
1938 5018 2047 5071 ani-

482 5117 598 5157 mos
642 5114 697 5158 et
730 5105 951 5171 spiritus
986 5105 1192 5163 tollere.
1234 5107 1484 5161 Traditus
1511 5115 1596 5162 est
1639 5108 1782 5162 enim
1808 5108 2047 5177 Assyriis

482 5191 684 5249 Israel:
719 5194 825 5249 Deo
874 5208 1094 5267 propter
1135 5213 1399 5252 summam
1452 5198 1787 5268 iniquitatem
1821 5200 2049 5266 captivi-

485 5286 610 5339 tatis
645 5301 856 5355 paenam
905 5287 1200 5359 irrogante.
1228 5287 1341 5343 Non
1397 5290 1540 5343 enim
1594 5305 1691 5360 par
1728 5290 1831 5344 fuit
1859 5306 1953 5346 eos
1985 5291 2050 5343 ad

484 5377 626 5431 hanc
687 5378 1057 5446 stupiditatem
1116 5379 1247 5434 etin
1293 5380 1392 5435 bas
1446 5381 1637 5435 stultas
1700 5383 2054 5454 cogitationes

482 5467 731 5521 consulto
810 5469 1084 5535 devenire,
1116 5479 1177 5525 ut
1242 5472 1545 5541 cogitarent
1600 5484 1657 5529 et
1700 5475 1753 5529 in
1808 5476 2047 5528 animum

484 5556 805 5615 inducerent
857 5574 916 5615 se
979 5575 1196 5618 manum
1253 5578 1509 5634 superare
1562 5581 1719 5636 posse
1783 5566 1899 5636 ejus
1956 5568 2047 5635 qui

550 5724 597 5767 "
630 5731 751 5790 Jon.
797 5750 874 5799 ιιι,
912 5734 965 5791 ι.
1044 5738 1088 5769 ⁷⁹
1130 5738 1263 5793 Dan.
1315 5755 1365 5805 ν,
1411 5741 1616 5810 lscqq.
1694 5741 1738 5771 ⁸⁰
1776 5741 1901 5797 ibid.
1944 5742 2033 5796 ~25.

2151 4565 2437 4635 προφήτης
2472 4564 2547 4627 ὡς
2592 4564 2729 4633 πρός
2762 4580 2823 4631 γε
2870 4564 3065 4627 αὐτοὺς
3103 4566 3230 4628 τοὺς
3267 4566 3551 4635 ἄρχοντας,
3606 4565 3725 4635 ἦτοι

2151 4654 2504 4725 μεγιστᾶνας,
2539 4654 2633 4707 καὶ
2664 4655 2764 4725 μέν
2803 4672 2887 4707 τοι
2911 4655 3003 4708 τὸν
3032 4655 3337 4726 Βαλτάσαρο
3372 4656 3725 4726 Ἑτοιμάσατε

2148 4745 2449 4819 τράπεζαν,
2490 4745 2663 4809 πίετσ,
2700 4746 2901 4815 φάγετε
2935 4763 2949 4776 ·
2975 4747 3304 4811 ἀναστάντες
3350 4747 3400 4800 οὶ
3445 4747 3724 4816 ἄρχοντες,

2150 4838 2475 4908 ἑτοιμάσατε
2505 4837 2729 4909 θυρεούς
2753 4853 2766 4865 ·
2801 4838 3206 4909 σπαταλήσατε,
3251 4839 3436 4909 φησὶν,
3479 4840 3572 4891 ἐπὶ
3596 4856 3729 4909 τρα-

2150 4930 2342 4993 πέζαις
2377 4930 2607 4992 ἀσώτοις
2631 4947 2645 4960 ’
2681 4932 2739 4983 έν
2771 4931 2883 4986 ἔθει
2923 4931 2979 4984 δέ
3012 4931 3127 4995 πῶς
3160 4934 3306 4985 ἐστιν
3330 4934 3358 4985 ὁ
3397 4930 3582 5000 λόγος⁹
3623 4948 3726 4984 κα-

2150 5022 2520 5094 τακορέσθητε
2543 5024 2791 5088 πίνοντες
2812 5025 3121 5097 ἀπλήστως.
3154 5027 3262 5079 Καὶ
3286 5025 3337 5078 τί
3372 5023 3509 5095 μετὰ
3536 5023 3723 5089 τοῦτο;

2148 5114 2383 5183 Πόλεμοι
2405 5114 2738 5181 διαδέξονται
2769 5117 2870 5187 τὴν
2896 5120 3225 5189 πανήγυριν,
3262 5118 3356 5170 καὶ
3379 5118 3479 5171 οὐκ
3511 5119 3589 5182 είς
3626 5133 3729 5188 μα·

2150 5205 2287 5276 κρὰν
2324 5205 2384 5258 τὸ
2414 5206 2607 5260 παθεῖν
2630 5223 2642 5237 ⁸
2674 5208 2788 5261 ἀλλ’
2823 5207 2883 5272 ἐξ
2917 5207 3080 5261 αὐτοῦ
3111 5207 3207 5261 τοῦ
3239 5209 3401 5263 πότου
3430 5208 3728 5279 δραμεῖσθε

2151 5296 2287 5366 πρὸς
2322 5295 2479 5357 ὅπλα,
2514 5298 2609 5350 καὶ
2648 5298 2912 5370 ζητήσετε
2951 5298 3197 5370 θυρεούς.
3234 5299 3591 5369 Παγχάλεπον
3619 5302 3729 5369 γὰρ

2153 5386 2367 5457 ἀληθῶς
2414 5389 2476 5441 τὸ
2513 5390 2940 5462 κατεπαίρεσθαι
2973 5391 3131 5455 Θεοῦ,
3182 5394 3280 5445 καὶ
3312 5390 3722 5463 καταθρασύνε-

2158 5476 2281 5531 σθαι
2323 5476 2500 5547 δόξης,
2531 5475 2600 5550 ἦς
2645 5481 2903 5536 ἐπέκεινα
2945 5482 3053 5536 τῶν
3090 5482 3257 5536 ὄντων
3298 5482 3470 5537 οὐδέν.
3508 5482 3728 5534 Δέδοται

2159 5567 2259 5638 μὲν
2288 5568 2397 5639 γὰρ
2437 5573 2547 5634 τοῖς
2588 5572 2935 5644 Ἀσσυρίοιςό
2979 5573 3195 5645 Ἰσραήλ
3218 5591 3231 5605 ·
3267 5572 3401 5627 Θεοῦ
3431 5573 3490 5627 τὸ
3530 5571 3728 5644 χρῆναι
