4148 6374
408 408 514 470 189

1497 399 1563 461 IN
1603 398 1843 462 t’SAIAM
1877 398 2008 460 [ιο.
2047 399 2112 460 ιι.
2155 402 2388 462 1onth
2427 403 2514 458 ιι.

3531 423 3634 469 490

408 527 597 580 παθεῖν
626 523 821 586 αὐτοὺς
846 514 942 593 τὴν
967 515 1338 593 αἰχμαλωσίαν
1368 522 1453 576 διὰ
1480 523 1678 594 πολλὴν
1701 523 1974 594 ἁμαρτίαν

2082 537 2295 579 servare
2381 522 2499 578 illos
2556 520 2786 588 volebat,
2843 523 2928 577 et'
2962 522 3280 581 ineffabilem
3349 525 3440 582 Dei
3515 543 3637 600 quae.

409 616 808 689 ἐπενηνοχότος.
845 615 918 668 Οὐ
958 614 1064 686 μὴν
1111 614 1215 667 ἔδει
1261 611 1535 686 ᾑρηκότας
1577 617 1656 678 είς
1683 615 1840 668 τοῦτο
1873 633 1971 668 πε-

409 714 522 764 σεῖν
551 708 789 779 ἀμαθίας
823 707 916 761 καὶ
960 706 1234 760 ἀσυνέτων
1271 706 1508 769 ἐννοιῶν,
1533 709 1608 770 ὡς
1639 707 1846 761 οἴεσθαι
1879 707 1972 760 καὶ

2077 630 2237 683 super
2297 615 2476 669 omnia
2531 626 2707 672 exstat
2763 627 2819 672 et
2869 619 3093 684 eminet,
3125 619 3420 688 potentiam
3447 620 3635 676 debel-

2079 707 2124 759 la
2133 722 2208 760 re.

409 809 622 878 φρονεῖν
645 806 741 878 τὴν
765 803 858 858 τοῦ
888 802 1078 867 σώζειν
1101 801 1296 866 αὐτοὺς
1320 803 1592 864 ἐθέλοντος
1612 803 1997 872 πλεονεκτῆσαι
2044 804 2224 875 χεῖρα,
2251 801 2346 855 καὶ
2371 801 2623 872 ἀμείνους
2655 802 2904 870 γενέσθαι
2924 804 3022 875 τῆς
3050 805 3329 876 ἀφράστοιι
3359 804 3640 877 δυνάμεως

408 899 501 951 τοῦ
543 897 720 951 πάντα
749 894 1144 965 ὑπερκειμένου
1181 895 1274 947 καὶ
1308 894 1666 964 ἀνεστηκότος
1704 894 1803 965 τὴν
1833 894 2008 947 κτίσιν
2035 894 2111 958 ὡς
2148 895 2306 949 Θεοῦ.

484 991 611 1042 Ὀτι
639 988 828 1052 οὕτως
863 983 993 1040 εἶπε
1023 987 1234 1054 Κύριος
1269 987 1416 1053 πρός
1442 1003 1519 1055 με
1540 1003 1555 1018 ⁶
1589 986 1854 1050 Βαδίσας
1891 1001 1984 1040 σε·

409 1078 567 1143 αυτῷ
599 1073 836 1146 στῆσον
865 1076 1101 1129 σκοπόν
1123 1089 1136 1104 ·
1179 1075 1276 1127 καί
1313 1073 1343 1126 ὃ
1384 1073 1491 1126 ἐὰν
1520 1071 1674 1141 ἴδῃς,
1713 1072 1982 1142 ἀνήγγει-

410 1173 544 1223 lor.
581 1167 686 1220 Kal
723 1161 885 1217 εἶδον
909 1162 1208 1228 ἀναϐάτας
1241 1161 1438 1226 ἱππεῖς
1471 1159 1579 1215 δύο
1603 1177 1615 1189 ⁶
1680 1160 1983 1227 ἀναϐάτην

411 1260 576 1319 ὄνου,
610 1258 706 1310 καί
737 1255 1046 1324 ἀναϐάτην
1077 1253 1374 1323 καμήλου.

487 1351 648 1413 Ἕθος
676 1351 789 1412 τοῖς
827 1348 1002 1415 ἁγίοις
1042 1348 1348 1417 προφήταις
1385 1347 1443 1398 ἐν
1484 1344 1562 1415 τῷ
1593 1345 1689 1416 τῆς
1729 1343 1982 1408 θεοπτίας

411 1446 530 1515 ἦτοι
552 1443 659 1495 τῷν
687 1442 933 1511 ὁράσεων
965 1437 1162 1510 καιρῷ,
1187 1437 1460 1506 συλλέγειν
1481 1438 1668 1506 ὥσπερ
1693 1437 1751 1489 ἐν
1773 1433 1983 1500 ἑαυτοῖς

413 1535 505 1587 τὸν
531 1532 674 1600 νοῦν,
704 1531 798 1584 καὶ
839 1529 1236 1601 ἀπερισπάστῳ
1263 1527 1470 1598 διανοίᾳ
1509 1525 1982 1580 κατασκέπτεσθαι

412 1627 482 1679 τὰ
521 1623 847 1694 δεικνύμενα
895 1621 1048 1692 παρά
1095 1620 1252 1674 Θεοῦ.
1303 1619 1415 1673 Καὶ
1459 1614 1570 1672 οἷον
1604 1617 1740 1689 ὑψοῦ
1793 1618 1886 1671 καὶ
1924 1618 1982 1669 ἐν

413 1718 711 1789 ἀπορρήτῳ
748 1715 854 1767 τινὶ
892 1720 1143 1784 περιωπῇ
1177 1712 1464 1780 γεγονότας
1517 1710 1624 1764 τῶν
1675 1710 1833 1763 θείων
1879 1710 1982 1761 ἐπ-

426 1808 733 1880 ακροᾶσθαι
761 1808 955 1873 λόγων.
988 1803 1092 1858 Καὶ
1129 1802 1259 1872 γοῦν
1289 1802 1391 1871 ἔφη
1417 1819 1500 1865 τις
1526 1802 1632 1855 τῶν
1663 1801 1833 1869 ἁγίων
1859 1815 1989 1870 προκ

415 1900 598 1969 φητῶν
621 1914 634 1927 ο
676 1917 694 1948 ι
741 1898 864 1950 Ἐπὶ
891 1899 988 1966 τῆς
1019 1895 1263 1964 φυλακῆς
1296 1911 1396 1964 μου
1431 1894 1717 1963 στήσομαι,
1751 1891 1844 1944 καὶ
1870 1892 1981 1943 ὲπι-

414 1991 650 2060 ϐήσομαι
681 1989 771 2040 ἐπὶ
817 1988 1043 2058 πέτραν,
1084 1987 1177 2039 καὶ
1213 1984 1628 2049 ἀποσκοπεύσω,
1658 1984 1751 2036 τοῦ
1781 1984 1906 2036 ἰδεῖν
1927 1982 1980 2034 τί

414 2082 722 2151 λαλήσειέν
756 2079 899 2148 ἐμοὶ,
931 2079 1023 2131 καὶ
1061 2077 1112 2130 τί
1153 2075 1434 2146 ἀποκριθῷ
1481 2074 1572 2128 ἐπὶ
1611 2073 1703 2127 τὸν
1761 2071 1981 2142 ἕλεγχόν

399 2187 538 2242 μου.
572 2192 591 2225 ι
636 2167 888 2224 Τοιοῦτόν
916 2188 965 2222 τι
990 2167 1086 2222 νῦν
1109 2170 1134 2222 ὁ
1165 2169 1444 2239 προφήτης
1463 2167 1722 2229 διδάσκει,
1761 2165 1852 2218 καί
1881 2182 1982 2234 φη-

418 2281 499 2315 σιν
530 2262 760 2315 ἀκοῦσαι
791 2259 940 2332 παρά
965 2258 1119 2312 Θεοῦ·
1146 2259 1374 2320 Βαδίσας
1398 2256 1606 2326 σεαυτῷ
1631 2256 1826 2325 στῆσον
1858 2273 1980 2314 exo-

416 2355 538 2418 πον,
563 2354 658 2407 καὶ
691 2354 718 2405 ὃ
748 2353 840 2406 ἐὰν
869 2352 982 2422 ἴδῃς
1013 2350 1332 2418 ἀνάγγειλον
1357 2365 1368 2376 ·
1407 2349 1501 2402 καὶ
1532 2348 1628 2418 οὐχ
1657 2347 1838 2417 ἕτερόν
1861 2365 1979 2400 τινα

419 2445 618 2498 σκοπὸν
651 2446 803 2516 ίστᾷν
834 2445 1130 2508 ἐκελεύετο,
1165 2442 1278 2496 ἀλλ’
1314 2442 1502 2495 ἑαυτόν
1529 2458 1630 2493 που
1652 2441 1868 2502 πάντως
1895 2440 1982 2490 εύ-

414 2533 670 2602 τρεπίσαι
710 2532 846 2603 πρὸς
876 2530 1150 2596 θεοπτίαν,
1181 2531 1272 2583 καὶ
1312 2524 1422 2583 οἷόν
1454 2547 1574 2583 τινα
1616 2529 1816 2582 σκοπὸν
1847 2529 1980 2598 ὑψοῦ

416 2624 676 2692 γεγονότα
698 2623 776 2694 τῷ
804 2623 878 2692 νῷ
895 2663 911 2689 ,
932 2622 1222 2694 καταθρεῖν
1243 2622 1311 2674 τά
1334 2622 1566 2691 ἐσόμενα
1582 2661 1599 2686 ,
1629 2622 1722 2673 καὶ
1755 2620 1875 2689 ὄψει
1893 2621 1980 2672 δέ·

417 2717 606 2787 χεσθαι
637 2717 744 2769 τῶν
786 2715 1123 2786 πραγμάτων
1147 2715 1246 2783 τὴν
1280 2714 1425 2767 θέαν.
1467 2710 1618 2767 Εἶδον
1656 2709 1767 2777 οῦν,
1797 2712 1978 2782 φησιν,

418 2809 686 2873 ἀναϐάτας
723 2810 904 2871 ἱππεῖς
933 2807 1055 2860 δύο·
1087 2807 1362 2878 ἀναϐάτην
1392 2807 1535 2872 ὄνου,
1572 2807 1667 2859 καὶ
1707 2806 1981 2875 ἀναὸάτην

419 2901 686 2970 καμήλου.
728 2901 838 2952 Καὶ
885 2900 936 2952 τί
968 2899 1031 2969 δὴ
1079 2898 1238 2951 τοῦτό
1291 2901 1457 2965 ἐστιν,
1481 2900 1510 2951 ὁ
1544 2898 1649 2949 τῶν
1686 2896 1982 2967 Ἀσσυρίων

421 2991 616 3063 θρῆνος
675 2991 872 3055 διδάξει
919 2991 1122 3058 σαφῶς.
1179 2987 1423 3058 Ἔφασκε
1479 2989 1622 3059 γάρο
1690 2991 1804 3042 Ἐπ’
1861 2991 1984 3058 ἐμοὶ

432 3084 732 3154 Ἐλαμίται,
766 3085 861 3136 καὶ
899 3085 946 3135 οἱ
987 3081 1243 3153 πρέσϐεις
1291 3081 1400 3134 τῶν
1442 3081 1664 3152 Περσῶν
1713 3081 1849 3150 πρὸς
1883 3081 1981 3150 ἐμὲ

2149 985 2316 1042 Vens.
2345 987 2401 1052 6,
2426 987 2481 1044 7.
2511 987 2648 1052 Quia
2687 988 2764 1041 sic
2792 989 2927 1042 dixit
2969 988 3221 1042 Dominus
3255 989 3384 1042 milii
3409 1005 3427 1042 :
3466 988 3518 1055 1,
3545 989 3642 1043 tibi

2078 1080 2335 1133 constitue
2377 1080 2770 1146 speculatorem,
2818 1090 2866 1134 et
2915 1081 3052 1148 quod
3103 1081 3314 1144 videris,
3367 1082 3631 1135 renuntiat.

2079 1166 2147 1220 Et
2187 1169 2293 1221 vidi
2326 1185 2548 1223 sessores
2597 1170 2791 1239 equites
2858 1170 2990 1223 duos
3025 1182 3044 1221 :
3075 1185 3328 1224 sessorem
3376 1171 3559 1238 asina,
3591 1182 3640 1226 et

2079 1274 2328 1313 sessorem
2381 1261 2588 1313 cameli.

2151 1350 2209 1403 lu
2259 1365 2406 1405 more
2456 1361 2541 1405 est
2589 1352 2794 1406 sanctis
2847 1353 3364 1422 prophetis,divine
3409 1356 3645 1412 contem;

2079 1441 2330 1510 plationis
2379 1457 2470 1496 seu
2507 1442 2768 1496 visionum
2826 1455 3086 1513 tempore,
3114 1445 3258 1500 velut
3307 1447 3360 1501 in
3391 1461 3452 1502 se
3508 1447 3644 1518 ipsis

2080 1534 2317 1588 animum
2377 1548 2570 1604 cogere
2611 1543 2665 1588 et
2715 1535 2986 1604 colligere,
3018 1543 3080 1590 et
3132 1538 3399 1592 acerrima
3472 1547 3645 1594 atten-

2081 1625 2392 1694 tissimaque
2435 1611 2763 1695 cogitatione
2815 1641 2844 1681 a
2874 1627 2983 1682 Deo
3033 1643 3121 1682 res
3160 1638 3405 1685 ostensas
3463 1631 3646 1700 perlu-

2077 1727 2273 1784 strare,
2305 1729 2360 1773 et
2382 1719 2523 1773 velut
2553 1721 2605 1773 in
2629 1720 2843 1795 sublimi
2882 1736 2944 1776 ac
2967 1731 3174 1776 secreta
3206 1723 3420 1791 specula
3448 1723 3646 1778 divinis

2025 1791 2066 1845 Β
2091 1809 2266 1864 verbis
2309 1824 2491 1864 aurem
2523 1813 2780 1880 praebere.
2810 1791 3015 1882 Quippe
3049 1828 3113 1866 ex
3145 1814 3350 1868 sanctis
3370 1815 3647 1882 prophetis

2086 1897 2302 1966 quidam
2331 1897 2468 1952 ditit
2494 1917 2509 1954 :
2546 1919 2564 1952 ‹
2586 1899 2640 1953 1η
2674 1900 2914 1954 custodia
2947 1915 3062 1954 mea
3094 1902 3275 1966 stabo,
3307 1911 3358 1955 et
3387 1915 3647 1957 conscen-

2089 1990 2210 2042 dam
2257 1998 2485 2056 petram,
2517 1997 2570 2043 et
2603 1990 2941 2059 Speculabor,
2975 2001 3034 2043 ut
3059 1991 3269 2045 videam
3303 1991 3430 2060 quid
3459 1991 3648 2060 loque-

2089 2087 2176 2133 tur
2228 2081 2279 2133 in
2327 2095 2430 2144 me,
2469 2090 2524 2136 et
2571 2082 2697 2151 quid
2743 2082 3090 2150 respondeam
3134 2083 3200 2136 ad
3236 2082 3645 2153 castigationem

2089 2168 2346 2220 meum“.
2377 2188 2396 2219 ›
2439 2168 2551 2224 Hoc
2597 2170 2775 2238 itaque
2835 2171 3091 2238 propheta
3159 2169 3316 2225 docet
3361 2184 3422 2225 se
3465 2185 3494 2225 a
3538 2171 3648 2226 Deo

2085 2259 2301 2314 audire:
2355 2257 2396 2326 l,
2431 2269 2484 2314 et
2528 2262 2794 2315 constitue
2841 2262 3248 2330 speculatorem,
3281 2272 3336 2316 et
3389 2263 3531 2332 quod
3563 2264 3646 2318 vi-

2088 2349 2232 2404 deris
2290 2353 2554 2407 renuntia.
2587 2351 2699 2406 Non
2743 2351 2960 2421 iubetur
3029 2354 3188 2407 alium
3258 2353 3646 2423 speculatorem

2086 2448 2342 2506 statuere,
2369 2450 2425 2494 at
2449 2441 2682 2510 seipsum
2737 2441 2955 2496 omnino
3004 2441 3070 2494 ad
3119 2442 3353 2496 divinam
3399 2449 3647 2496 contem-

2087 2531 2373 2599 plationem
2437 2546 2770 2602 comparare,
2812 2541 2867 2586 et
2921 2530 3068 2587 velut
3136 2532 3531 2603 Speculatorem
3593 2532 3646 2586 in

2087 2623 2233 2679 edito
2255 2623 2395 2690 loco,
2423 2625 2604 2681 animo
2635 2639 2700 2678 ac
2732 2633 2937 2691 mente,
2975 2624 3197 2690 factum,
3231 2624 3649 2695 circumspicere

2089 2714 2288 2782 futura,
2334 2723 2387 2770 et
2444 2730 2624 2770 rerum
2686 2716 3070 2785 inspectionem
3147 2716 3262 2771 visu
3321 2725 3650 2786 aspectuque

2088 2805 2364 2874 consequi.
2414 2805 2532 2859 Vidi
2607 2806 2790 2875 igitur,
2824 2806 2922 2871 ait,
2962 2821 3204 2862 sessores
3229 2808 3436 2876 equites
3492 2807 3650 2874 duos,

2089 2895 2248 2965 307
2273 2910 2534 2950 sessorem
2577 2899 2760 2962 asinze,
2797 2906 2854 2950 et
2879 2911 3146 2952 sessorem
3183 2897 3397 2952 cameli.
3428 2897 3495 2951 Et
3521 2896 3650 2966 quid

2092 2986 2192 3040 hoc
2259 2995 2364 3050 est,
2402 2985 2710 3040 lamentatio
2787 2987 3130 3056 Assyriorum
3191 2988 3347 3056 plane
3415 2986 3650 3042 docebit.

2093 3076 2232 3130 Dixit
2290 3078 2463 3131 enim:
2499 3079 2552 3131 In
2607 3093 2692 3132 me
2722 3077 2982 3146 Elamitte,
3023 3085 3078 3132 et
3143 3078 3302 3149 legati
3362 3077 3650 3134 Persarum

419 3148 706 3243 ἔρχονταιο
741 3172 836 3224 καὶ
876 3148 1158 3241 Ἐλαμῖται
1209 3172 1307 3241 μὲν
1356 3148 1633 3241 βάρϐαρον
1676 3148 1848 3233 ἔθνος,
1881 3148 1982 3224 κα-

2088 3165 2152 3216 ad
2182 3180 2266 3218 me
2312 3166 2554 3219 veniunt.
2615 3166 2853 3220 Elamita:
2925 3182 3057 3236 gens
3116 3148 3346 3222 barbara
3404 3175 3548 3234 sunt,
3598 3175 3650 3221 el

423 3265 612 3336 μήλοις
667 3263 974 3334 ἐποχεῖσθαι
1007 3261 1395 3334 μεμελετηκὸς.
1444 3262 1499 3315 Ὀ
1529 3262 1586 3314 δέ
1610 3279 1673 3330 γε
1713 3262 1986 3330 ἀναϐάτης

419 3360 518 3428 τῆς
547 3355 668 3409 ὄνου
722 3355 806 3419 τίς
839 3355 904 3408 ἂν
933 3355 1117 3424 ’έτερος
1165 3355 1247 3423 εἴη
1284 3353 1435 3423 παρά
1478 3370 1542 3421 γε
1593 3353 1717 3416 τοὺς
1763 3354 1986 3423 Περσῶν

421 3445 847 3516 ἐξειλεγμένους;
873 3443 965 3508 οὓς
989 3445 1052 3516 δὴ
1074 3446 1163 3498 καί
1189 3461 1350 3512 φασιν
1373 3445 1615 3514 ἡμιόνοις
1639 3461 1698 3496 τε
1719 3445 1813 3498 καὶ
1834 3461 1987 3496 σκια-

419 3537 549 3600 δίοις
579 3538 654 3605 (1)
685 3536 1059 3607 ἐμϐεϐηκότας
1105 3536 1240 3588 ἰέναι
1288 3534 1422 3606 πρὸς
1465 3535 1664 3605 μάχην,
1689 3534 1765 3599 ὡς
1809 3534 1876 3588 ἂν
1907 3536 1984 3605 μή

421 3646 502 3692 τις
531 3629 726 3692 αὐτοὺς
764 3627 1122 3701 ἀπονευρώσῃ
1160 3628 1339 3688 πόνος.
1389 3627 1638 3680 Ἐπειδὰν
1671 3627 1728 3679 δὲ
1773 3627 1863 3679 τὸν
1887 3627 1986 3697 τῆς

425 3719 602 3789 μάχης
637 3720 786 3773 ἴδωσι
827 3718 1022 3790 χῶρον,
1072 3719 1132 3770 τὸ
1159 3717 1410 3788 τηνικάδε
1447 3717 1554 3769 τῶν
1602 3717 1854 3771 σκιαδίων
1883 3733 1984 3768 και

420 3811 860 3882 ταπήδήσαντες,
936 3811 1123 3872 ἵπποις
1199 3810 1497 3879 κέχρηνται
1567 3807 1980 3878 ἐξειλεγμένοις.

426 3902 585 3953 Ὄνου
618 3900 795 3954 τοίνυν
832 3900 1108 3970 ἀναϐάτην
1142 3899 1232 3951 τὸν
1266 3900 1384 3960 ταῖς
1417 3897 1660 3967 ἡμιόνοις
1697 3896 1986 3966 ἐποχούμεδ

420 3993 509 4045 νόν
544 4010 727 4063 φησιν.
761 3993 825 4046 Εἰ
852 3992 944 4045 καὶ
971 3991 1092 4044 καθ’
1124 3991 1309 4060 ἕτερον
1335 3989 1532 4056 τρόπον
1563 3987 1858 4042 θεάσασθαι
1889 3987 1985 4058 μὲν

419 4083 566 4148 εἰκὸς
602 4083 692 4136 τὸν
719 4086 1024 4153 προφήτην,
1065 4083 1247 4144 ἵπποις
1289 4079 1651 4150 ἐποχούμενον
1676 4078 1782 4132 τῷν
1829 4077 1987 4131 πολε-

423 4175 560 4245 μίων
605 4174 664 4228 τὸ
698 4178 918 4242 στῖφος,
952 4173 1225 4244 ἑπομένην
1269 4172 1326 4224 δὲ
1356 4171 1564 4242 πληθὺν
1595 4169 1857 4240 καμήλων
1893 4171 1986 4222 καὶ

420 4267 681 4337 ἡμιόνων,
735 4265 1180 4336 ηὐτρεπισμένων
1225 4263 1365 4334 τάχα
1406 4279 1508 4315 που
1555 4261 1692 4332 πρὸς
1743 4259 1840 4330 τὴν
1877 4259 1986 4312 τῶν

420 4357 672 4430 λαφύρων
714 4357 1096 4428 μετακομιδὴν.
1128 4355 1298 4409 Τοῦτο
1327 4354 1434 4426 γάρ
1483 4351 1708 4424 ἑτέρωθί
1751 4351 1852 4404 πού
1884 4369 1986 4421 φη-

420 4465 540 4504 σιν·
583 4467 602 4499 t
653 4448 738 4500 Ἐν
767 4449 833 4518 τῇ
864 4447 1038 4516 θλίψει
1089 4449 1180 4500 καὶ
1211 4449 1276 4516 τῇ
1325 4445 1674 4516 στενοχωρίᾳ,
1708 4444 1844 4499 λέων
1892 4446 1986 4498 καὶ

421 4540 661 4610 σκύμνος
717 4539 960 4601 λέοντοςο
1009 4539 1217 4591 ἐκεῖθεν
1247 4539 1340 4591 καὶ
1379 4538 1602 4600 ἀσπίδες
1647 4539 1741 4590 καὶ
1786 4538 1982 4605 ἔγγονα

420 4632 660 4686 ἀσπίδων
689 4631 1017 4701 πετομένων,
1045 4630 1093 4683 οἶ
1121 4630 1311 4700 ἔφερον
1337 4630 1421 4681 ἐπ’
1445 4628 1581 4682 ὄνων
1608 4628 1702 4682 καὶ
1727 4629 1988 4700 καμήλων

417 4722 512 4774 τὸν
543 4721 769 4774 πλοῦτον
791 4721 987 4772 αὐτῶν.
1022 4739 1040 4771 ι
1071 4721 1273 4772 Λέοντα
1301 4719 1408 4790 γὰρ
1431 4721 1525 4772 καὶ⁹
1560 4718 1796 4790 σκύμνον
1838 4721 1986 4773 λέον-

419 4830 508 4876 τος
534 4812 624 4865 τὸν
652 4812 829 4883 Κύρον
862 4811 1077 4864 ἐκάλει·
1111 4810 1350 4873 καὶτοὺς
1373 4809 1464 4862 ὑπ’
1493 4809 1644 4880 αὐτῷ
1673 4810 1888 4881 Πέρσας
1925 4829 1985 4863 τε

420 4906 514 4959 καὶ
542 4905 778 4976 Μήδους.
819 4904 1075 4967 Ἀσπίδας
1105 4903 1160 4956 δὲ
1195 4904 1288 4958 καὶ
1315 4902 1554 4957 ἀσπίδων
1584 4903 1783 4972 ἔγγονα
1822 4919 1983 4955 πετο-

423 4997 597 5066 μένων
621 5013 632 5024 ·
687 4997 843 5050 τοῦτο
872 4997 1038 5059 ἐστιν,
1067 4995 1231 5060 ὀξέως
1265 4995 1499 5049 διάττειν
1542 4994 1637 5047 καὶ
1677 4995 1902 5065 πτηνοῖς
1924 4994 1981 5048 ἐν

2087 3257 2306 3311 camelis
2361 3258 2476 3311 vehi
2507 3257 2681 3312 solita.
2709 3256 2900 3314 Sessor
2924 3268 3100 3313 autem
3138 3258 3305 3313 asina:
3349 3259 3472 3329 quis
3517 3259 3650 3316 alius

2087 3350 2157 3402 sit
2185 3358 2381 3418 praeter
2413 3350 2612 3405 electos
2637 3359 2691 3405 et
2717 3350 2944 3405 eximios
2985 3351 3267 3406 Persarum
3318 3351 3489 3407 viros?
3511 3365 3650 3421 quos

2088 3440 2236 3492 aiunt
2256 3440 2412 3494 mulis
2429 3451 2480 3494 et
2510 3441 2728 3496 sciadiis
2759 3442 3165 3506 couscensis,ad
3190 3457 3420 3511 pugnam
3455 3442 3649 3507 fuisse,

2088 3545 2156 3584 ne
2188 3530 2308 3599 quis
2335 3545 2427 3584 eos
2459 3531 2610 3585 labor
2634 3539 2853 3587 enervet
2881 3549 2897 3586 :
2923 3532 3010 3586 ubi
3041 3541 3219 3587 autem
3248 3548 3436 3603 pugnae
3473 3532 3650 3588 locum

2087 3623 2291 3688 vident,
2325 3633 2435 3677 tum
2486 3638 2517 3678 e
2559 3625 2778 3680 sciadiis
2847 3625 3200 3690 desultantes,
3241 3627 3395 3696 equis
3420 3635 3650 3680 utuntur

2088 3715 2410 3771 lectissimis.
2447 3717 2626 3772 Asinae
2663 3733 2792 3788 ergo
2839 3718 3164 3774 insessorem
3205 3717 3360 3784 dicit,
3391 3733 3514 3773 eum
3549 3717 3645 3789 qui

2086 3807 2330 3862 mulabus
2381 3818 2567 3864 vectus
2606 3821 2704 3865 est.
2743 3808 2834 3867 Vel
2883 3811 3045 3865 etiam
3092 3811 3197 3866 alio
3226 3811 3424 3866 modo:
3464 3809 3650 3866 verisi-

2087 3901 2212 3954 mile
2252 3910 2336 3954 est
2391 3901 2588 3955 vidisse
2615 3902 2952 3972 prophetam,
2980 3901 3216 3956 hostium
3248 3917 3476 3957 cuneum
3497 3901 3651 3971 equis

2086 4001 2318 4056 vectum,
2347 4000 2404 4045 et
2460 3993 2784 4047 camelorum
2832 4001 2887 4048 et
2936 3993 3200 4047 mulorum
3259 3993 3648 4048 instructorum

2086 4084 2480 4139 multitudinem
2519 4094 2855 4153 sequentem,
2898 4083 3151 4139 fortassis
3196 4087 3262 4138 ad
3308 4085 3475 4153 spolia
3523 4099 3651 4140 ave-

2088 4175 2280 4230 bcnda.
2322 4175 2434 4231 Hoc
2471 4176 2730 4245 siquidem
2773 4175 2903 4230 dicit
2949 4175 3103 4229 alibi:
3141 4194 3161 4227 ς
3198 4177 3259 4229 1η
3285 4175 3570 4231 aﬂlictione
3596 4184 3651 4231 et

2087 4267 2332 4336 angustia
2356 4267 2438 4322 leo
2462 4277 2517 4321 et
2570 4266 2846 4322 leunculus
2880 4285 2893 4319 :
2931 4267 3024 4330 ibi,
3051 4275 3108 4322 et
3152 4268 3366 4336 aspides
3414 4275 3470 4321 et
3527 4281 3653 4336 pro-

2087 4357 2270 4427 genies
2304 4357 2547 4426 aspidum
2589 4356 2903 4419 volantium,
2928 4357 3016 4424 qui
3083 4356 3369 4425 portabant
3406 4355 3574 4410 asinis
3599 4365 3652 4410 et

2018 4454 2309 4544 Dcamelis
2367 4455 2584 4510 divitias
2645 4470 2772 4512 suas
2807 4456 2937 4511 ".r
2993 4453 3224 4510 Leonem
3281 4455 3544 4522 siquidem
3599 4465 3653 4509 et

2089 4545 2321 4600 catulum
2382 4546 2556 4600 leonis
2615 4545 2812 4618 Cyrum
2867 4546 3098 4610 vocavit,
3121 4553 3176 4599 et
3211 4545 3407 4600 Persas
3443 4544 3544 4599 sub
3586 4559 3653 4600 eo

2099 4636 2433 4707 Medosque:
2469 4638 2684 4706 aspidas
2732 4647 2789 4692 et
2819 4637 3064 4707 aspidum
3117 4635 3410 4689 volantium
3470 4648 3654 4704 proge-

2088 4725 2254 4788 niem,
2293 4727 2584 4802 id_est,qui
2627 4740 2856 4794 propere
2912 4737 3265 4794 praecurrere,
3287 4733 3342 4776 et
3380 4722 3560 4775 avium
3596 4723 3651 4776 in

2085 4830 2291 4870 morem
2350 4814 2478 4870 ferri
2531 4817 2729 4881 solent,
2759 4830 2853 4870 eos
2900 4814 3031 4868 dicit
3088 4814 3179 4882 qui
3219 4827 3286 4867 ex
3339 4811 3460 4866 aliis
3495 4818 3652 4864 erant

2084 4907 2358 4976 gentibus,
2389 4922 2528 4976 quos
2566 4907 2726 4960 etiam
2749 4905 2969 4960 camelis
2987 4903 3110 4958 vehi
3146 4904 3198 4958 in
3236 4915 3386 4958 more
3418 4901 3651 4971 positum

2081 5006 2197 5050 erat
2252 5005 2307 5050 et
2335 4995 2747 5050 consuetudine.

422 5093 519 5162 ἴσῳ
551 5092 811 5164 φέρεσθαι
860 5091 1320 5162 μεμελετηκότας,
1356 5090 1481 5151 τοὺς
1520 5089 1585 5140 ἐκ
1632 5089 1740 5141 τῶν
1779 5089 1981 5160 ἐτέρων
2019 5090 2206 5156 ἐθνῶν,
2254 5088 2336 5153 οἷς
2389 5092 2482 5144 καὶ
2565 5088 2872 5158 ἐποχεῖσθαι
2929 5086 3195 5158 καμήλοις
3247 5087 3305 5138 ἐν
3352 5083 3464 5136 ἔθει
3555 5082 3648 5136 καὶ

418 5184 601 5254 τριὸᾔ.

500 5278 804 5346 Ἀκρόασαι
831 5276 1122 5343 ἀκρόασιν
1156 5271 1416 5338 πολλὴν,
1447 5269 1544 5323 καὶ
1576 5268 1839 5324 κάλεσον
1865 5272 1977 5324 Οὑ-

413 5367 552 5434 ρίαν
577 5370 663 5433 εἰς
695 5367 807 5436 τὴν
843 5365 1102 5421 σκοπιὰν
1131 5364 1377 5430 Κυρίου.

489 5458 900 5530 Διωμολόγήκεν
951 5460 980 5510 ὁ
1029 5457 1349 5527 προφήτης,
1399 5453 1475 5516 ὡς
1529 5451 1779 5506 θεάσαιτό
1825 5469 1978 5514 τινας

489 5631 776 5699 InHahae.
831 5649 888 5696 ιι,
943 5633 995 5688 Ι.
1071 5633 1114 5664 ⁸²
1179 5633 1283 5687 lsa.
1342 5646 1468 5696 xxx,
1503 5631 1557 5683 6.

2151 5269 2311 5323 Vens.
2337 5270 2388 5323 8.
2416 5271 2555 5322 Audi
2595 5269 2916 5324 auditionem
2950 5269 3189 5334 multam,
3227 5281 3276 5321 et
3307 5285 3432 5322 voca
3463 5266 3647 5322 Uriam

2079 5378 2132 5413 ιιι
2185 5360 2448 5426 speculam
2485 5358 2716 5414 Domini.

2150 5453 2443 5509 Confessus
2517 5463 2603 5509 est
2673 5454 2930 5524 propheta
3008 5451 3210 5507 vidisse
3267 5464 3326 5508 se
3387 5449 3647 5522 quosdam

494 5814 820 5885 (1)Σκιάδια
859 5814 1110 5866 videnlur
1156 5811 1323 5868 fuisse
1373 5827 1567 5867 currus
1599 5809 1816 5881 quidam
1865 5822 1960 5864 ceu
2004 5807 2312 5865 umbraculo
2344 5807 2576 5877 quodam
2605 5808 2797 5878 Operti.

739 5911 1015 5972 PATROL.
1057 5911 1170 5971 GR.
1206 5910 1369 5969 LXX

3303 5901 3373 5965 16
