4148 6374
480 363 549 417 49
560 365 579 418 l

1504 348 1875 424 S._CYRILL|
1916 345 2384 404 ALEXANDRINI
2420 343 2736 401 ARClIlEP.

3625 337 3725 393 ιοτ

482 499 816 549 ascensores,
879 483 1087 555 equites
1153 483 1310 544 duos,
1341 479 1530 534 cameli
1584 487 1638 532 et
1687 477 1891 531 asinae:
1950 476 2040 544 qui

2170 472 2418 535 ιλαϐάτας
2448 473 2632 533 ἱππεῖς
2657 470 2766 532 δύο,
2790 469 3033 538 καμήλου
3061 482 3118 518 τε
3151 467 3245 518 καὶ
3280 465 3401 516 ὄνου
3421 480 3432 492 ·
3461 461 3554 516 καὶ
3581 462 3726 522 τίνες

481 589 658 634 autem
738 577 958 640 fuerint,
1008 576 1256 646 superius
1331 573 1583 626 diximus.
1633 569 1808 624 Semel
1876 578 2052 622 autem

482 669 810 738 speculatus,
841 667 1025 736 jussus
1062 675 1144 720 est
1196 665 1450 733 deinceps
1486 678 1607 732 qua:
1650 677 1713 714 ex
1749 675 1811 713 ea
1876 658 2054 712 incur-

482 764 634 818 sione
665 760 839 815 l'utura
891 769 1037 823 sunt,
1069 759 1282 823 docere,
1327 766 1380 811 et
1409 755 1732 810 calamitatis
1777 753 2053 807 Chaldaeo-

485 869 601 908 rum
650 852 1010 906 narrationem
1068 848 1358 903 terribilem
1391 848 1663 901 inducere.
1705 843 1867 898 Multa
1913 843 2052 896 enim

483 944 686 998 auditio
735 941 994 1013 ejusmodi
1045 950 1128 996 est
1171 954 1376 996 revera.
1419 937 1552 992 Nam
1609 953 1729 1008 qua:
1772 935 2054 1005 ,Babyloni

487 1027 853 1096 entitigerunt,
898 1026 1166 1080 horrenda
1237 1034 1415 1089 erant,
1465 1039 1564 1078 nec
1640 1022 1743 1076 ulla
1811 1019 2056 1076 oratione

483 1119 710 1188 exprimi
731 1127 1000 1188 poterant,
1027 1117 1152 1170 etin
1187 1131 1455 1171 summum
1478 1122 1739 1168 venerunt
1767 1111 2050 1166 malorum.

485 1211 659 1284 Cyrus
699 1211 899 1265 etenim
930 1211 1009 1262 sic
1053 1223 1170 1262 eam
1215 1207 1378 1276 cepit,
1412 1216 1469 1259 ut
1509 1220 1728 1275 prorsus
1787 1207 2052 1258 desertam

484 1302 799 1365 reddiderit,
832 1310 886 1355 et
920 1301 1012 1369 qui
1059 1300 1109 1352 in
1167 1314 1228 1354 ea
1281 1309 1439 1352 erant
1480 1295 1835 1359 interemerit,
1862 1305 1916 1349 et
1959 1309 2054 1348 eos

485 1397 698 1450 demum
759 1393 846 1462 qui
889 1393 939 1446 in
988 1393 1257 1462 speluncis
1311 1392 1721 1456 insidiabantur,
1751 1399 1804 1444 et
1840 1389 2056 1443 omnino

485 1498 545 1538 se
593 1496 753 1551 posse
810 1482 978 1536 latere
1035 1483 1341 1550 sperabant.
1383 1481 1589 1533 Etenim
1653 1480 1787 1532 dixit
1839 1478 1886 1531 ei
1933 1478 2054 1530 uni-

487 1575 908 1631 versitatisDeus
931 1592 945 1628 :
970 1592 988 1624 ι
1015 1574 1267 1628 DabOtibi
1295 1576 1574 1627 thesauros
1601 1573 1938 1632 tenebrosos,
1965 1584 2055 1621 oc-

485 1664 680 1728 cnltos,
713 1679 743 1717 a
807 1674 1098 1732 conspectu
1175 1675 1410 1716 remotos
1477 1660 1715 1730 aperiam
1781 1660 1873 1713 tibi
1902 1659 1947 1688 ⁸³
1981 1699 1993 1711 .
2028 1675 2046 1708 ι

486 1754 763 1809 lnducitur
815 1754 978 1808 etiam
1013 1767 1238 1823 persona
1291 1743 1588 1806 Jerusalem
1650 1749 1793 1802 velut
1871 1746 2046 1817 Baby-

2159 565 2224 618 ἂν
2259 559 2368 616 εἶεν
2408 557 2573 627 οὗτοι,
2624 560 2922 629 φθάσαντες
2971 559 3071 628 ήδη
3108 556 3470 627 προείπαμεν.
3507 551 3726 622 Ἐπειδὴ

2155 654 2211 707 δὲ
2253 651 2397 715 ἅπαξ
2435 650 2719 712 τεθέαται,
2762 647 3149 719 προστάττεται
3191 644 3374 697 λοιπὸν
3419 643 3488 694 τά
3529 644 3593 694 ἐκ
3629 643 3727 710 τῆς

2156 745 2346 815 ἐφόδου
2379 741 2668 814 μανθάνειν
2693 739 3023 807 ἐπείγεσθαι,
3057 738 3150 790 καὶ
3175 737 3271 805 τῆς
3306 734 3416 786 τῶν
3443 732 3726 786 Χαλδαίων

2157 837 2442 906 συμφορᾶς
2463 834 2529 886 τὰ
2553 833 2751 902 φρικτὰ
2776 831 3111 901 διηγήματα.
3133 827 3306 898 Πολλὴ
3333 827 3444 895 γὰρ
3465 826 3726 894 ἀκρόασις

2156 929 2188 997 ἡ
2231 928 2411 980 τοιάδε
2449 925 2586 978 κατὰ
2637 923 2698 976 τὸ
2740 923 2957 992 ἀληθές.
3003 922 3289 990 Τοιγάρτοι
3333 921 3399 989 τῇ
3450 916 3726 970 Βαϐυλῶνι
3765 899 3768 903 ’

2158 1017 2540 1087 συμϐεϐηκότα
2583 1014 2803 1086 φρικτὰ,
2843 1015 2936 1067 καὶ
2979 1013 3135 1080 λόγου
3189 1011 3330 1082 πέρα
3364 1009 3584 1073 παντὸς,
3634 1007 3727 1060 καὶ⁸

2156 1111 2235 1172 είς
2269 1109 2435 1177 ἄκρον
2466 1109 2666 1177 ἥκοντα
2705 1105 2910 1160 κακῶν.
2964 1099 3092 1156 Είλε
3135 1103 3242 1172 γὰρ
3287 1101 3457 1164 οὓτως
3485 1101 3513 1151 6
3552 1098 3728 1169 Κύρος

2157 1201 2347 1270 αὐτὴν,
2404 1198 2543 1251 ὥστε
2608 1198 2942 1266 καταστῆσαι
3000 1195 3098 1265 μὲν
3149 1196 3360 1264 ἐρήμην
3419 1191 3586 1261 αὐτὴν
3651 1193 3729 1252 εἰς

2156 1295 2301 1349 ἆπαν
2324 1333 2338 1356 ,
2371 1292 2578 1344 ἀνελεῖν
2611 1290 2667 1342 δὲ
2696 1291 2820 1352 τοὺς
2854 1292 2908 1342 ὲν
2937 1290 3094 1358 αὐτῇ,
3128 1288 3222 1338 καὶ
3249 1286 3306 1350 ἐξ
3329 1283 3506 1338 αὐτῶν
3537 1299 3592 1334 τε
3621 1280 3728 1333 τῶν

2157 1385 2433 1455 σπηλαίων
2477 1381 2842 1451 σαγηνεύοντα
2913 1381 3037 1442 τοὺς
3073 1378 3208 1441 ὅλως
3249 1375 3507 1430 δύνασθαι
3550 1369 3729 1426 λαθεῖν

2155 1475 2654 1548 προσδοκήσαντας.
2705 1474 2813 1524 Καὶ
2843 1470 2973 1540 γοῦν
3008 1471 3114 1540 ἔφη
3167 1469 3300 1540 πρὸς
3344 1466 3505 1519 αὐτὸν
3548 1465 3579 1519 6
3622 1463 3731 1515 τῶν

2153 1569 2290 1621 ὅλων
2351 1567 2482 1629 Θεὸς
2510 1607 2523 1631 ,
2583 1566 2663 1618 ὅτι
2702 1564 2878 1616 Δῶσω
2929 1580 3011 1615 σοι
3048 1561 3355 1632 θησαυροὺς
3402 1557 3727 1617 σκοτεινοὺς,

2154 1660 2503 1731 ἀποκρύφους
2528 1701 2544 1726 ,
2578 1657 2841 1728 ἀοράτους
2877 1652 3068 1718 άνοίξω
3105 1671 3206 1705 σοι.
3246 1671 3264 1702 ι
3310 1651 3634 1722 Είσφέρεται
3671 1648 3729 1701 δέ

2157 1769 2260 1804 που
2311 1751 2402 1804 καὶ¹
2445 1751 2545 1819 τῆς
2602 1747 2954 1818 Ἰερουσαλὴμ
3013 1746 3074 1798 τὸ
3113 1745 3410 1816 πρόσωπον
3463 1741 3538 1805 ὼς
3596 1742 3731 1812 πρός

487 1843 663 1899 lonem
718 1844 1067 1912 alloquentis:
1111 1841 1187 1896 Ne
1231 1843 1475 1911 gaudeto,
1501 1855 1534 1894 o
1572 1838 1787 1892 inimica
1824 1851 1962 1898 mea,
1986 1836 2051 1888 de

2170 1861 2226 1914 γε
2253 1845 2348 1915 τὴν
2378 1841 2669 1896 Βαϐυλῶνα
2699 1840 2854 1907 λέγον
2876 1855 2888 1866 ·
2937 1835 3027 1907 Μὴ
3062 1834 3310 1904 ὲπίχαιρέ
3344 1850 3455 1902 μοι,
3497 1834 3529 1902 ή
3561 1829 3732 1900 ἐχθρά

489 1951 615 2002 me;
645 1935 810 2006 308
840 1936 884 1990 si
929 1935 1236 2000 ceciderim,
1266 1947 1541 2001 resurgam
1573 1948 1586 1985 :
1621 1931 1663 1984 si
1722 1929 1774 1983 in
1825 1927 2059 1982 tenebris

489 2027 699 2091 sedero,
732 2027 988 2081 Dominus
1023 2024 1151 2079 mihi
1180 2023 1267 2080 lux
1303 2024 1432 2077 erit.
1471 2022 1604 2075 Iram
1630 2021 1837 2075 Domini
1865 2018 2051 2082 feram,

489 2118 617 2187 quia
675 2116 893 2188 peccavi
945 2115 1026 2180 ei,
1069 2117 1241 2170 donec
1301 2115 1418 2184 ipse
1472 2112 1729 2180 justiticet
1794 2110 2056 2178 justitiam

489 2225 690 2275 meam,
742 2218 796 2264 et
842 2208 1007 2262 faciat
1063 2207 1325 2274 judicium
1379 2221 1581 2270 meum,
1609 2214 1663 2258 et
1709 2203 1904 2256 educat
1973 2216 2056 2254 me

489 2302 546 2356 in
608 2300 802 2365 lucem,
840 2301 1156 2368 videamque
1191 2297 1450 2365 justitiam
1501 2295 1634 2362 ejus.
1672 2293 1886 2348 Videbit
1951 2292 2054 2345 ini-

489 2391 631 2446 mica
683 2406 803 2444 mea
850 2397 902 2442 et
960 2386 1420 2442 circumfundetur
1469 2385 1690 2454 pudore,
1741 2398 1860 2453 qua:
1929 2382 2060 2436 dicit

490 2483 658 2538 mihi:
691 2481 792 2537 Ubi
839 2480 1098 2535 Dominus
1152 2477 1291 2532 Deus
1348 2475 1689 2533 tuus?oculi
1742 2476 1846 2531 mei
1908 2474 2059 2528 vide—

489 2575 625 2629 bunt
662 2588 802 2628 eam.
846 2570 1072 2640 Jamjam
1129 2569 1489 2624 conculcanda
1549 2577 1650 2633 est,
1696 2567 1851 2637 quasi
1887 2566 2055 2619 lutum

491 2664 548 2718 in
601 2664 723 2718 viis.
759 2663 879 2717 Dies
934 2662 1107 2716 liturae
1157 2661 1360 2722 lateris,
1390 2659 1584 2714 deletio
1623 2669 1710 2712 tua
1751 2659 1866 2712 dies
1931 2656 2055 2710 illa:

493 2769 596 2824 qua
636 2754 881 2808 videlicet
905 2769 933 2806 a
961 2752 1141 2807 Persis
1198 2762 1252 2806 et
1288 2750 1456 2806 Medis
1485 2758 1538 2804 et
1573 2749 1818 2804 Elamitis
1857 2757 2060 2802 vastata

492 2855 549 2900 et
593 2844 762 2898 deleta
817 2852 914 2906 est,
982 2851 1039 2894 ut
1089 2841 1218 2894 dixi.
1250 2839 1387 2894 Audi
1429 2840 1613 2908 igitur,
1664 2837 1856 2906 inquit,
1911 2835 2061 2890 audi-

497 2934 697 2989 tionem
756 2931 1000 2992 multam,
1039 2931 1090 2984 id
1149 2939 1251 2994 est,
1283 2929 1350 2982 de
1388 2928 1698 2997 captivitate
1754 2928 1960 2994 longam
2007 2935 2061 2978 et

499 3024 811 3079 horribilem
882 3022 1269 3075 narrationem.
1305 3020 1369 3072 Et
1431 3034 1560 3071 voca
1601 3018 1781 3072 Utinm
1831 3021 1880 3070 in
1939 3032 2062 3085 spe-

497 3112 671 3169 culam
715 3112 944 3167 Domini.
976 3111 1156 3167 Uriam
1202 3111 1385 3165 dicunt
1413 3109 1578 3162 fuisse
1622 3105 1905 3176 quemdam
1932 3106 2062 3175 legis

2171 1952 2308 2006 μου,
2368 1934 2451 1986 ὅτι
2491 1933 2774 1986 ’πέπτωκα
2825 1930 2918 1983 καὶ
2978 1929 3349 1998 ἀναστήσομαι
3380 1942 3395 1958 ο
3453 1925 3585 1978 διότι
3637 1923 3732 1976 ἐὰν

2165 2027 2374 2081 καθίσω
2418 2027 2475 2079 ὲν
2516 2025 2594 2096 τῷ
2628 2025 2838 2087 σκότει,
2873 2025 2900 2076 6
2941 2022 3143 2093 Κύριος
3177 2022 3365 2089 φωτιεῖ
3398 2035 3484 2088 με.
3531 2016 3731 2086 Ὀργὴν

2165 2117 2369 2188 Κυρίου
2404 2117 2630 2181 ὑποίσω,
2662 2117 2743 2169 ὅτι
2774 2116 3018 2184 ἥμαρτον
3039 2110 3206 2181 αὐτῷ,
3234 2110 3336 2173 ἕως
3357 2105 3416 2162 οῦ
3445 2106 3733 2162 δικαιῶσαι

2165 2210 2324 2263 αὐτὸν
2343 2209 2442 2278 τὴν
2463 2206 2807 2277 δικαιοσύνην
2830 2222 2954 2276 μου,
2985 2206 3078 2258 καὶ
3103 2205 3303 2275 ποιήσῃ
3327 2201 3386 2254 τὸ
3409 2201 3582 2271 κρίμα
3609 2215 3732 2268 μου,

2167 2304 2259 2355 καὶ
2293 2301 2470 2366 ἐξάξει
2506 2319 2571 2370 με
2608 2303 2686 2363 εἰς
2719 2300 2778 2352 τὸ
2814 2297 2960 2366 φῶς·
3010 2297 3104 2350 καὶ
3151 2295 3352 2364 ὂψομαι
3398 2293 3498 2362 τὴν
3532 2293 3734 2345 δικαιο-

2168 2395 2330 2468 σύνην
2376 2392 2562 2446 αὑτοῦ.
2618 2391 2726 2444 Καὶ
2773 2388 3024 2458 ὅψεταιή
3064 2386 3233 2457 ἐχθρά
3267 2402 3388 2456 μου,
3442 2382 3536 2436 καὶ
3576 2398 3736 2451 περι-

2167 2486 2407 2538 ϐαλεῖται
2435 2482 2695 2553 αἰσχύνην
2715 2525 2729 2547 ,
2761 2484 2794 2552 ἡ
2829 2481 3060 2548 λέγουσα
3093 2477 3228 2548 πρός
3266 2492 3352 2546 με,
3392 2474 3504 2528 Ποῦ
3535 2473 3737 2544 Κύριος

2165 2579 2192 2629 6
2217 2577 2348 2639 Θεός
2381 2574 2512 2640 σοῦ;
2545 2575 2591 2626 οἱ
2635 2573 2900 2642 ὀφθαλμοί
2935 2589 3036 2641 μου
3070 2568 3358 2637 ὲπόψονται
3391 2567 3582 2636 αὐτήν.
3623 2565 3738 2618 Νῦν

2167 2666 2318 2719 ἔσται
2364 2667 2445 2729 είς
2489 2663 2860 2733 καταπάτημα
2907 2662 2983 2725 ὠς
3033 2659 3201 2729 πηλὸς
3245 2660 3302 2712 ὲν
3351 2660 3467 2721 ταῖς
3517 2656 3733 2721 ἐξόδοις.

2177 2757 2410 2828 Ἡμέραι
2445 2755 2672 2825 άλοιφῆς
2719 2752 2975 2816 πλίνθου,
3028 2750 3297 2819 ὲξάλειψίς
3337 2765 3430 2800 σου
3473 2749 3507 2818 ή
3556 2747 3739 2818 ἡμέρα

2168 2848 2369 2917 ἐκείνη⁸
2407 2847 2526 2901 καθ’
2545 2847 2609 2916 ἢν
2629 2845 2868 2916 δηλονότι
2900 2844 3238 2915 πεπόρθηται
3272 2841 3371 2912 μὲν
3395 2840 3497 2892 ὑπὸ
3515 2838 3739 2910 Περσῶν

2167 2958 2225 2994 τε
2278 2941 2370 2991 καὶ
2422 2938 2618 3009 Μήδων
2667 2936 2760 2990 καὶ
2807 2934 3144 3005 Ἐλαμιτῶν,
3189 2935 3478 3003 ἠρήμωται
3535 2929 3611 2991 δὲ,
3665 2929 3740 2991 ὡς

2169 3027 2322 3098 ἔφην.
2367 3027 2662 3095 Ἀκρόασαι
2714 3025 2914 3088 τοίνυν,
2970 3021 3154 3096 φήσὶν,
3212 3023 3476 3097 ἀκρόασιν
3515 3019 3738 3090 πολλὴν,

2168 3116 2309 3170 τοῦτ’
2341 3116 2477 3179 ἔστι,
2503 3116 2570 3169 τά
2603 3117 2694 3168 ἐπὶ
2720 3119 2785 3186 τῇ
2819 3117 3016 3169 ἁλώσει
3058 3116 3244 3184 μακρὰ
3274 3117 3365 3168 καὶ
3397 3116 3600 3186 φρικτὰ
3663 3113 3742 3165 δι-

498 3209 800 3264 ministerio
841 3206 1075 3260 maxime
1119 3204 1492 3272 conspicuum.
1551 3199 1716 3263 Voca,
1754 3199 1945 3267 inquit,
1982 3208 2060 3251 te-

2170 3211 2272 3281 ηγή
2283 3225 2442 3279 ματα·
2465 3210 2558 3261 καὶ
2585 3209 2810 3262 κάλεσον
2829 3207 3028 3278 Οὐρίαν
3057 3209 3136 3270 εις
3147 3206 3244 3278 τὴν
3267 3207 3494 3260 σκοπιὰν
3511 3209 3764 3280 Κυρίου.ι

497 3309 634 3355 stem
699 3297 853 3353 faclze
914 3295 1010 3351 tibi
1075 3293 1476 3365 speculationis,
1534 3290 1781 3344 videlicet
1821 3289 2060 3352 visionis,

501 3390 708 3455 Uriam,
743 3398 797 3444 et
842 3387 1098 3443 doceatur
1131 3385 1227 3441 abs
1276 3394 1326 3440 te
1380 3384 1579 3437 futura.
1605 3382 1893 3449 Postquam
1923 3380 2065 3432 enim

499 3481 882 3550 prophetarum
911 3476 1346 3532 enarrationibus
1377 3475 1556 3528 minus
1596 3471 1896 3535 credentes,
1917 3471 2067 3523 dixe-

501 3582 666 3628 runt:
699 3591 721 3623 ί
763 3571 881 3626 Alia
909 3569 1062 3624 nobis
1122 3566 1434 3638 loquamini,
1469 3573 1523 3619 et
1551 3562 1866 3617 annnnliate
1910 3560 2064 3614 nobis

501 3663 728 3718 alterum
779 3676 1016 3717 errorem
1057 3660 1104 3692 ⁸³
1136 3678 1150 3727 ;
1187 3679 1205 3711 ι
1235 3660 1361 3714 hinc
1405 3666 1460 3711 et
1503 3655 1901 3726 appositissime
1943 3650 2067 3704 uni-

502 3769 782 3810 versorum
815 3749 1303 3815 Deus,Jud:eorum
1333 3746 1794 3802 bonoratissimos
1829 3743 2073 3798 adhibuit

504 3855 669 3903 testes
707 3860 894 3899 eorum
925 3858 1046 3912 qua:
1103 3853 1316 3896 ostensa
1363 3849 1489 3894 sunt
1529 3837 1757 3893 diversis
1824 3835 2076 3903 tempori-

503 3943 627 4004 bus,
663 3949 719 3994 ut
753 3939 842 4008 qui
883 3937 1029 3992 velut
1074 3936 1126 3990 in
1164 3935 1370 3989 visione
1422 3931 1734 4002 prophetica
1784 3928 2075 3998 prophetiae

505 4031 755 4101 spiritum
805 4028 1085 4092 haberent,
1123 4034 1180 4080 ut
1224 4026 1327 4078 nisi
1366 4024 1575 4078 illorum
1626 4021 1807 4077 verbis
1873 4034 2074 4074 morem

505 4137 694 4192 gerere
769 4121 1083 4182 voluissent,
1149 4117 1337 4171 saltem
1430 4115 1732 4169 animarent
1812 4111 1928 4165 illos
1997 4111 2074 4175 hi,

505 4215 596 4284 qui
657 4214 797 4283 apud
853 4228 946 4268 eos
1006 4209 1181 4265 ornati
1225 4215 1278 4262 et
1324 4207 1570 4261 honorati
1619 4213 1743 4260 sunt
1802 4202 1955 4273 legali
1990 4218 2076 4257 sa-

507 4306 770 4361 cerdotio.

2174 3300 2375 3371 Οὐρίαν
2411 3301 2540 3370 φασί
2579 3317 2700 3353 τινα
2726 3299 2977 3368 γενέσθαι
3023 3300 3130 3352 τῶν
3161 3300 3243 3353 ὅτι
3289 3300 3518 3370 μάλιστα
3558 3298 3740 3366 διαφα-

2171 3393 2442 3446 νεστάτων
2473 3393 2530 3445 ὲν
2564 3393 2866 3463 ίερουργοίς
2898 3395 3010 3454 τοῖς
3037 3393 3178 3446 κατὰ
3206 3393 3296 3445 τὸν
3325 3393 3507 3462 νόμον.
3543 3391 3743 3453 Παρὰ--

2172 3482 2301 3536 λαδε
2337 3482 2534 3549 τοίνυν,
2579 3484 2735 3553 φησὶ,
2799 3483 3050 3554 μάρτυρα
3103 3487 3200 3554 τῆς
3250 3483 3600 3554 δεικνυμένης
3661 3499 3744 3534 σοι

2174 3575 2548 3644 κατασκοπῆς,
2583 3576 2749 3645 ἤγουν
2797 3575 3066 3646 ὁράσεως,
3098 3575 3189 3627 τὸν
3225 3574 3446 3646 Οὐρίαν,
3473 3575 3564 3627 καὶ
3596 3573 3742 3627 διδα-

2179 3666 2390 3720 σκέσθω
2417 3666 2568 3735 παρὰ
2601 3665 2695 3718 σοῦ
2724 3665 2792 3719 τά
2831 3665 3082 3735 ἐσόμενα.
3129 3663 3345 3735 Ἐπειδὴ
3370 3667 3478 3734 γάρ
3499 3667 3608 3727 τοῖς
3639 3663 3746 3716 τῶν

2184 3755 2477 3826 προφητῶν
2502 3757 2832 3826 διηγήμασιν
2861 3754 3212 3819 ἀπειθοῦντες
3248 3755 3511 3824 ἔφασκονο
3545 3754 3746 3807 «Ἀλλα

2181 3847 2311 3915 ἡμῖν
2346 3844 2573 3908 λαλεῖτε,
2615 3847 2706 3898 καὶ
2730 3845 3086 3913 ἁναγγέλλετε
3125 3845 3255 3914 ἡμῖν
3303 3845 3496 3915 ἑτέραν
3545 3845 3748 3914 πλάνηο

2185 3953 2295 4000 σιν,
2334 3955 2352 3987 ι
2395 3935 2650 4006 ταύτῃτοι
2702 3936 2794 3989 καὶ
2835 3936 2956 3988 λίαν
3003 3935 3358 4006 οἰκονομικῶς
3394 3938 3422 3989 6
3453 3935 3559 3989 τῶν
3612 3936 3748 3990 ὅλων

2182 4025 2313 4088 Θεὸς
2341 4027 2464 4090 τοὺς
2497 4028 2646 4096 παρὰ
2673 4029 2784 4089 τοῖς
2811 4026 3080 4091 Ἰουδαίοις
3104 4026 3484 4096 ἐντιμοτάτους
3513 4028 3750 4080 ἐποιεῖτο

2188 4116 2468 4187 μάρτυρας
2517 4117 2625 4171 τῶν
2685 4118 3048 4188 δεικνυμένων
3093 4117 3236 4170 κατὰ
3292 4119 3535 4189 καιροὺς,
3580 4117 3654 4182 ὡς
3691 4122 3749 4172 ὲν

2181 4208 2368 4277 ὁράσει
2401 4211 2741 4280 προφητικῇ,
2792 4211 2903 4271 τοῖς
2955 4209 3015 4260 τὸ
3056 4209 3153 4277 τῆς
3201 4210 3537 4279 προφητείας
3569 4209 3750 4279 ἔχουσι

2185 4298 2421 4367 πνεῦμα,
2455 4299 2520 4350 ἵν’
2553 4300 2600 4351 εἰ
2633 4299 2706 4369 μὴ
2757 4297 3028 4368 βούλοιντο
3058 4299 3168 4360 τοῖς
3209 4299 3340 4368 παρ’
3384 4299 3562 4352 αὐτῶν
3592 4316 3779 4361 κατα-,

507 4402 789 4457 πείθεσθαι
817 4401 1016 4469 λόγοις,
1047 4396 1147 4450 κᾶν
1167 4391 1258 4450 οὗν
1292 4396 1517 4458 ἐκείνοις
1550 4395 1904 4464 θαρσήσειαν,
1940 4393 1988 4446 οἳ
2013 4397 2074 4463 τῇ
2105 4393 2244 4445 κατὰ
2273 4394 2435 4464 νόμον
2470 4393 2732 4465 ἱερωσύνη
2771 4395 3090 4466 τετίμηνται
3125 4396 3257 4466 παρ’
3287 4394 3488 4456 αὐτοῖς.

583 4496 648 4550 Et
703 4493 811 4547 dixi
851 4510 869 4547 :
897 4492 1028 4548 Steti
1083 4507 1279 4558 semper
1332 4494 1499 4552 die,et
1547 4490 1598 4541 in
1631 4490 1815 4542 castris
1850 4488 1967 4541 steti
1997 4504 2057 4556 pc

2260 4489 2366 4540 Καὶ
2391 4484 2576 4541 εἶπεν
2609 4489 2836 4556 Ἔστην
2853 4489 2951 4543 διὰ
2969 4488 3193 4554 παντὸς
3214 4488 3455 4556 ἡμέρας,
3469 4487 3566 4541 καὶ
3586 4485 3750 4556 ἐνζτῇ

509 4598 672 4643 lotam
731 4595 948 4646 noctem,
1002 4594 1046 4635 et
1117 4597 1229 4635 ecce
1277 4580 1364 4633 ille
1441 4579 1576 4632 venit
1643 4595 1884 4633 ascensor
1934 4579 2082 4648 bigaz.

583 4768 775 4823 Jnssns
821 4767 1081 4836 propheta
1141 4761 1243 4818 sibi
1299 4761 1627 4816 constituere
1667 4759 2081 4829 speculatorem,

513 4867 568 4913 et
617 4867 739 4926 apte
788 4855 1105 4909 denuntiare
1149 4850 1408 4920 quidquid
1463 4851 1508 4904 ei
1561 4865 1590 4904 a
1645 4850 1758 4903 Deo
1805 4860 2084 4904 ostensum

514 4943 1211 5012 esset:Steti,inquit,per
1263 4951 1425 4996 totam
1477 4939 1620 4993 diem
1663 4947 1718 4993 et
1770 4953 1864 5007 per
1917 4947 2081 4991 totam

517 5047 753 5093 noctem.
794 5037 854 5088 Et
895 5051 1020 5090 ecce
1056 5034 1144 5088 ille
1189 5033 1335 5088 venit
1391 5046 1642 5086 ascensor
1693 5029 1849 5100 bigae.
1921 5029 2082 5095 Quis-

519 5146 643 5184 nam
676 5130 800 5184 ille?
824 5129 986 5184 Persa
1004 5137 1058 5183 et
1091 5127 1337 5189 Elamita,
1374 5125 1455 5179 vel
1484 5123 1752 5179 exercitus
1781 5119 2083 5191 praefectus,

521 5221 574 5275 id
613 5229 715 5285 est,
759 5219 950 5289 Cyrus.

598 5309 760 5363 Vnus.
790 5311 841 5363 9.
875 5307 939 5360 Et
973 5306 1282 5374 respondens
1318 5305 1423 5358 ait:
1488 5302 1684 5359 Cecidit
1736 5300 1993 5370 Babylon,
2039 5311 2087 5353 et

525 5415 699 5456 omnes
757 5399 1008 5468 imagines
1068 5400 1199 5466 ejus,
1261 5404 1310 5448 et
1359 5394 1662 5462 manufacta
1702 5392 1814 5460 ejus
1863 5390 2087 5443 contrita

525 5499 647 5546 sunt
698 5491 749 5544 in
788 5501 996 5543 terram.

596 5582 731 5637 Cum
770 5581 992 5636 dixisset
1045 5580 1335 5649 propheta:
1369 5578 1505 5630 Ecce
1557 5577 1640 5629 ille
1674 5576 1814 5631 venit
1844 5589 2096 5630 ascensor

601 5757 773 5814 “lsa.
833 5773 956 5818 nv,
1005 5758 1058 5811 5.
1134 5758 1177 5787 ⁸³
1216 5756 1311 5812 lsa.
1352 5771 1476 5810 nx.
1541 5755 1620 5807 l0.

2185 4576 2527 4647 παρεμϐολῇ
2568 4579 2758 4647 ἔστην
2805 4581 2958 4648 ὅλην·
3005 4580 3119 4649 τὴν
3158 4581 3380 4635 νύκτα·
3430 4579 3527 4634 καί
3569 4577 3752 4644 αὐτὸς

2184 4669 2418 4738 ἔρχεται
2447 4671 2749 4739 ἀναϐάτης
2776 4672 3122 4741 ξυνωρίδος.

2255 4761 2695 4832 Κεκελευσμένος
2725 4765 2752 4816 6
2786 4765 3072 4834 προφήτης
3102 4762 3280 4833 ἐαυτῷ
3315 4761 3506 4829 στῆσαι
3532 4762 3750 4828 σκοπδν,

2183 4853 2514 4921 ἀπαγγεῖλαί
2538 4871 2596 4906 τε
2618 4855 2822 4922 σαφῶς,
2841 4858 2979 4927 ὅπερ
2998 4855 3145 4925 αὑτῴ
3159 4853 3395 4924 δειχθείη
3425 4853 3575 4923 παρὰ
3596 4853 3751 4906 Θεοῦ·

2192 4945 2414 5014 Ἔστην,
2449 4947 2601 5015 φησὶ,
2632 4945 2719 4998 διὰ
2752 4948 2948 5010 παντὸς
2975 4947 3206 5017 ἡμέρας,
3237 4945 3327 4997 καὶ
3377 4943 3444 4997 δι’
3485 4945 3614 5014 ὅλης
3659 4962 3752 4997 νυο

2190 5034 2345 5098 κτός·
2382 5035 2476 5089 καὶ
2517 5036 2623 5089 ἰδοὺ
2660 5038 2818 5100 αὐτὸς
2868 5037 3087 5108 ἔρχεται
3128 5035 3402 5103 ἀναϐάτης
3445 5034 3750 5106 ξυνωρίδος.

2193 5127 2359 5188 Αὐτὸς
2389 5127 2495 5198 ἄρα
2525 5129 2642 5194 τίς;
2671 5130 2698 5180 6
2728 5129 2939 5200 Πέρσης
2960 5147 3017 5182 τε
3045 5130 3136 5183 καὶ
3184 5127 3499 5198 Ἐλαμίτης,
3531 5128 3698 5197 ἤγουν
3729 5130 3758 5179 ὁ

2193 5218 2289 5286 τῆς
2317 5221 2570 5288 στρατιᾶς
2597 5220 2920 5290 ἡγούμενος,
2951 5221 3093 5275 τοῦτ’
3123 5222 3289 5285 ἔστιν,
3324 5220 3352 5272 6
3384 5219 3584 5289 Κύρος.

2258 5309 2366 5361 Καὶ
2409 5311 2750 5378 ἀποκριθεὶς
2790 5308 2958 5366 εἶπεν
2978 5327 2994 5344 ο
3020 5314 3298 5366 Πέπτωκε
3319 5309 3630 5372 Βαϐυλὼν,
3662 5309 3758 5362 καὶ

2191 5399 2384 5453 πάντα
2429 5402 2498 5455 τὰ
2525 5404 2840 5473 ἀγάλματα
2869 5404 3059 5471 αὐτῆς
3079 5446 3094 5472 ,
3138 5404 3236 5458 καὶ
3274 5403 3348 5458 τὰ
3379 5403 3762 5472 χειροποίητα

2192 5489 2381 5555 αὐτῆς
2407 5495 2850 5561 συνετρίϐησαν
2879 5497 2965 5560 εἷς
2987 5494 3100 5563 τὴν
3129 5494 3264 5563 γῆν.

2267 5583 2371 5634 Τοῦ
2437 5589 2712 5656 προφήτου
2763 5586 3043 5656 λέγοντος·
3122 5586 3252 5641 Ἰδοὺ
3324 5585 3486 5649 αὐτὸς
3545 5584 3766 5654 ἔρχεταῆ
