4148 6378
365 463 466 518 ιθε

1469 457 1534 512 IN
1573 457 1804 514 ISAIAM
1845 456 1972 511 LlB.
2011 454 2074 510 Ii.
2117 455 2348 513 TOMUS
2383 455 2472 510 IV.

3511 455 3613 512 ιιθῶ

365 577 640 646 ἁναὸόιτης
703 575 1006 645 ξυνωρίδος,
1055 574 1174 626 τίνα
1224 575 1416 646 τρόπον
1467 577 1535 628 τὰ
1585 575 1684 644 τῆς
1740 574 1967 644 ἐφόδου⁴

2067 573 2191 644 ιῖεαι,
2217 581 2266 628 et
2297 572 2563 643 quomodo
2599 571 2712 626 hare
2767 571 3003 627 incursio
3054 571 3224 638 ﬂeret,
3252 581 3308 627 et
3345 573 3485 643 quod
3509 590 3611 630 non

367 667 758 740 πραχθήσεται,
814 667 906 718 καὶ
938 666 1037 717 οὐκ
1070 668 1150 727 είς
1191 664 1408 734 μακρὰν
1458 661 1518 717 εὖ
1559 665 1701 735 μάλα
1746 665 1938 717 τεθεα-

367 759 550 828 μένου,
569 757 752 810 λοιπὸν
782 757 1134 827 ἀποκρίνεται
1164 755 1296 820 Θεὸς
1325 757 1418 810 καί
1443 775 1604 826 φησιν
1630 775 1646 788 ·
1677 759 1942 810 Πέπτωκε

369 848 649 910 Βαϐυλὼν,
699 847 842 900 τοῦτ’
890 847 1056 912 ἐστιν,
1095 849 1130 918 ἡ
1181 845 1414 911 ἀλαζὼν,
1464 850 1496 917 ἡ
1546 847 1854 918 ὑϐρίστρια,
1905 849 1938 917 ἠ

369 941 550 1012 σφύρα
601 941 779 1010 πάσης
823 941 920 1010 τῆς
974 939 1110 1007 γῆς,
1169 939 1314 992 καθά
1359 957 1523 1010 φησιν
1567 940 1867 1010 Ἱερεμίας·
1909 940 1942 1008 ἡ

369 1034 502 1084 πᾶσι
559 1034 668 1094 τοῖς
728 1029 907 1082 ἔθνεσι
962 1030 1349 1101 θηριοπρεπῶς
1419 1030 1846 1100 ἐπεμϐαίνουσα,
1906 1032 1940 1097 ή

369 1121 570 1190 γαυρὸν
604 1121 834 1190 αἴρουσα
886 1119 978 1171 τὸν
1013 1119 1244 1188 αὐχένα,
1279 1117 1464 1188 χώρας
1513 1136 1570 1170 τε
1615 1120 1708 1172 καὶ⁸
1763 1118 1945 1180 πόλεις

369 1210 840 1264 καταλειαίνουσα.
900 1207 1186 1272 Πέπτωκε,
1243 1209 1396 1278 φησὶ,
1443 1207 1586 1260 τοῦτ’
1636 1208 1804 1264 ἔστιν.
1839 1209 1946 1259 ἁπ-

367 1301 530 1355 όλωλε
553 1300 852 1365 παντελῶς·
869 1299 1040 1370 ᾤχετο
1055 1301 1150 1354 καὶ
1173 1301 1499 1370 πεπάτηται,
1533 1299 1626 1352 καὶ
1649 1301 1947 1370 κατερριμ-

369 1396 504 1465 μένη
540 1393 840 1458 παντελῶς,
873 1393 966 1445 καὶ
998 1393 1100 1446 ὑπὸ
1123 1393 1287 1456 πόδας
1317 1393 1423 1444 τῶν
1447 1393 1730 1463 ᾑρηκότων
1751 1395 1944 1462 ὁρᾶται

367 1487 595 1557 κειμένη
631 1486 836 1539 λοιπόν.
876 1485 1171 1556 Συνετρίϐη
1211 1485 1266 1537 δὲ
1301 1485 1394 1538 καὶ
1443 1485 1621 1538 πάντα
1669 1485 1838 1553 αὐτῆς
1879 1486 1947 1537 τὰ

371 1577 662 1646 ἀγάλματα
693 1575 788 1626 καὶ
817 1574 885 1626 τὰ
917 1575 1286 1644 χειροποίητα.
1323 1573 1400 1644 Γῆ
1439 1574 1544 1642 γὰρ
1565 1573 1671 1626 τῶν
1695 1573 1948 1641 γλυπτῶν

371 1670 508 1730 ἐστι,
571 1667 714 1720 καθά
775 1683 941 1735 φησιν
995 1665 1181 1736 ἕτερος
1232 1665 1340 1720 τῶν
1395 1667 1565 1734 ἁγίων
1621 1665 1943 1736 προφητῶν·

372 1757 654 1811 ἐπεποίθει
687 1758 744 1810 δὲ
782 1758 900 1810 λίαν
949 1758 1041 1809 ἐπὶ
1073 1762 1184 1819 τοῖς
1216 1757 1590 1826 ψευδωνύμως
1635 1758 1810 1819 Θεοῖς*
1853 1759 1948 1810 καὶ

371 1850 490 1910 ταῖς
530 1848 658 1916 παρ’
708 1847 886 1900 αὐτῶν
927 1847 1272 1912 ἐπικουρίαις
1325 1845 1592 1911 σώζεσθαι
1645 1847 1948 1917 προσδοκή-

373 1955 512 1990 σασα
556 1976 570 2000 ,
602 1937 916 2008 πεπάτηται
962 1937 1058 1989 σὺν
1098 1937 1298 2001 αὐτοῖς,
1346 1937 1440 1988 καὶ
1481 1937 1615 2007 ὁμοῦ
1655 1939 1766 1998 τοῖς
1803 1937 1950 2000 ἰδίοις
1986 1935 2024 1988 Β

373 2028 656 2100 συνετρίϐη
690 2029 1046 2098 σεϐάσμασιν.

452 2123 795 2186 Ἀκούσατε,
843 2125 898 2174 οι
943 2123 1492 2190 καταλελειμμένοι,
1525 2121 1626 2174 καὶ
1658 2120 1952 2189 ὀδυνώμε-

376 2231 485 2279 νοι,
515 2215 816 2268 ἀκούσατε
840 2215 877 2268 ἂ
909 2213 1150 2282 ἤκουσα
1175 2215 1334 2281 παρὰ
1363 2213 1586 2280 Κυρίου
1617 2213 1881 2278 Σαϐαὼθ,
1920 2216 1953 2266 ό

376 2307 520 2372 Θεὸς
553 2305 662 2358 τοῦ
705 2305 942 2373 Ἰσραὴλ
975 2305 1335 2376 ἀνήγγειλεν
1363 2304 1525 2374 ἡμῖν.

459 2397 830 2466 ’Λπεκομίσθη
891 2399 988 2468 μὲν
1045 2397 1392 2468 αἰχμάλωτος
1445 2400 1472 2450 ό
1548 2397 1792 2467 Ἰσραὴλ,
1860 2399 1954 2450 καὶ

378 2489 688 2542 δεδοῦλευκε
755 2491 867 2551 τοῖς
929 2488 1320 2551 Βαϐυλωνίοις,
1367 2487 1610 2556 ἐφιέντος
1671 2487 1808 2540 Θεοῦ
1867 2487 1956 2540 διὰ

379 2579 576 2650 πολλὴν
631 2581 907 2651 ἁμαρτίαν
963 2580 1058 2634 καὶ
1135 2582 1256 2642 ταῖς
1312 2579 1455 2632 οὕτω
1503 2581 1740 2649 μακραῖς
1795 2579 1956 2630 αὑτὸν

378 2673 641 2727 ἐναλῶναι
673 2675 998 2742 συμφοραῖς.
1037 2671 1516 2742 Ἀπομεμενήκασί
1555 2689 1619 2739 γε
1669 2671 1774 2741 μὴν
1807 2671 1864 2723 ἕν
1899 2687 1957 2723 τε

391 2765 805 2836 Ἱεροσολύμοις,
873 2767 966 2818 καὶ
1019 2767 1076 2816 ἐν
1125 2767 1192 2836 τῇ
1252 2765 1478 2836 Ἰουδαίᾳ
1534 2763 1719 2818 πολλοί
1747 2781 1758 2792 ·
1815 2764 1956 2832 πλὴν

381 2857 649 2912 διετέλουν
671 2858 944 2922 στένοντές
971 2875 1031 2912 τε
1054 2859 1146 2912 καὶ
1167 2857 1510 2927 ὀδυνώμενοι,
1543 2857 1958 2928 πεπορθημένης

385 2951 565 3016 αὐτοῖς
593 2953 692 3021 τῆς
744 2951 954 3022 χώρας·
1013 2953 1529 3023 κατεμπρησθέντος
1569 2953 1626 3006 δὲ
1658 2953 1752 3004 καὶ
1795 2951 1959 3004 αὑτοῦ

385 3043 479 3098 τοῦ
509 3045 659 3108 ναοῦ,
697 3047 1070 3116 ἠρημωμένης
1113 3047 1169 3098 δὲ
1211 3045 1352 3098 κατὰ
1383 3045 1584 3109 κράτος
1635 3045 1732 3114 τῆς
1773 3046 1964 3115 Ἰερου-

392 3140 594 3209 σαλήμ.
665 3140 960 3210 Φάρμακον
1028 3139 1205 3192 τοίνυν
1265 3137 1585 3208 ἐπικουρίας
1639 3138 1820 3200 αὐτοῖς
1885 3138 1964 3199 είς

391 3231 735 3302 παράκλησιν
779 3231 1052 3299 ἐξυφαίνει
1101 3229 1386 3300 χρησίμοις
1443 3231 1470 3280 ό
1519 3229 1806 3298 προφήτης
1867 3225 1963 3296 τὴν

392 3326 602 3395 ὅρασιν,
623 3323 716 3376 καί
751 3338 882 3391 φησι
921 3319 1054 3390 πρὸς
1089 3319 1314 3381 αὐτούς·
1353 3317 1666 3382 Ἀκούσατε,
1703 3319 1750 3368 οἱ
1793 3333 1962 3368 κατα-

394 3417 737 3486 λελειμμένοι
806 3415 900 3466 καὶ
947 3411 1294 3480 ὀδυνώμενοι,
1355 3409 1624 3461 ἀκούσατε
1675 3409 1710 3460 δι
1762 3409 1968 3477 ἥκουσα

395 3509 544 3579 παρὰ
575 3505 780 3577 Κυρίου
811 3501 1058 3556 Σαϐαὼθ.
1089 3504 1145 3554 ’0
1174 3501 1305 3563 Θεὸς
1329 3499 1426 3552 τοῦ
1465 3499 1681 3569 Ἰσραὴλ
1707 3501 1968 3568 ἀνήγγει-

396 3601 484 3653 λεν
516 3603 666 3670 ἡμῖν.
689 3599 842 3669 ᾜδει
871 3597 1001 3666 γὰρ,
1030 3596 1148 3666 ᾔδει
1176 3594 1274 3666 τὴν
1303 3593 1663 3648 Βαϐυλωνίων
1687 3591 1971 3662 συμφορὰν

400 3691 693 3762 θυμηδείας
739 3691 924 3750 αὐτοῖς
971 3687 1236 3757 ἐσομένην
1279 3685 1556 3756 πρόξενον,
1595 3685 1688 3738 καὶ
1730 3684 1800 3737 τὰ
1831 3683 1974 3736 κατὰ

397 3785 507 3838 τῶν
549 3781 932 3852 λελυπηκότων
977 3781 1290 3850 διηγήματα
1331 3777 1730 3849 παρακλήσεως
1754 3775 1971 3829 ἔσεσθαι

399 3873 598 3942 τρόπον
631 3875 742 3933 τοῖς
775 3869 916 3923 οὕτω
950 3868 1404 3939 πεπορθημένοις.

679 4003 762 4053 T0
805 4002 1050 4054 ΟΡΛΜΛ
1100 4003 1237 4054 ΤΗΣ
1277 4001 1688 4055 ΙΔΟΥΜΛΙΔΣ.

475 4132 583 4184 Καὶ
645 4131 746 4200 τῆς
807 4131 1174 4201 προκειμένης
1228 4130 1468 4201 ὁράσεως
1528 4127 1682 4200 οἶμαι
1740 4131 1804 4199 δὴ
1865 4133 1975 4184 δεῖν

404 4223 900 4294 προαφηγήσασθαι
949 4221 1046 4292 τὴν
1093 4223 1368 4274 ὑπόθεσιν.
1405 4223 1621 4274 Συνείεν
1648 4223 1755 4290 γὰρ
1793 4215 1894 4274 ὧδέ
1916 4241 1974 4274 τε

406 4319 496 4370 καὶ
521 4317 618 4386 οὐχ
651 4317 850 4388 ἑτέρως
889 4317 937 4368 οἱ
965 4313 1358 4382 ἐντευξόμενοι.
1387 4312 1492 4364 Δύο
1515 4314 1692 4365 τοίνυν
1713 4312 1978 4383 γενέσθην

407 4411 514 4462 υἱοὶ
555 4409 632 4478 τῷ
673 4408 880 4472 Ἰσαὰκ,
925 4407 1094 4460 Ἡσαῦ
1152 4423 1210 4458 τε
1257 4407 1350 4460 καὶ
1388 4406 1614 4458 Ἰακώϐ·
1665 4406 1756 4458 καί⁹
1797 4409 1824 4458 ὁ
1880 4407 1978 4475 μὲν

419 4499 588 4553 Ἦσαῦ
631 4499 808 4570 Ἐδὼμ
843 4500 1138 4570 ἐπεκλήθη.
1169 4499 1312 4551 τοῦτ’
1337 4498 1472 4563 ἔστι,
1496 4499 1680 4568 γήϊνος
1701 4516 1712 4528 ·
1745 4497 1981 4559 τοιοῦτος

409 4594 514 4664 γὰρ
552 4587 619 4663 ἦν
653 4594 681 4645 ὁ
717 4592 828 4662 βίος
859 4591 1026 4661 αὐτῷ,
1067 4591 1160 4644 καὶ
1201 4589 1454 4660 βρώσεως
1491 4591 1620 4660 μιᾶς
1652 4588 1878 4642 ἀπέδοτο
1913 4589 1982 4640 τὰ

412 4681 750 4752 πρωτοτόκια
791 4681 984 4742 αὐτοῦ,
1035 4680 1176 4733 καθὰ
1221 4679 1549 4750 γέγραπται.
1601 4679 1792 4732 Ἰακὼϐ
1825 4681 1881 4732 δὲ
1913 4675 1980 4748 ἦν
2015 4651 2056 4706 D

413 4775 552 4846 ἀνὴρ
584 4775 876 4838 ἄπλαστος,
919 4775 1084 4827 οἰκῶν
1132 4774 1343 4826 οἰκίαν·
1373 4774 1476 4845 ἔφη
1519 4774 1626 4845 γὰρ
1667 4773 1812 4827 οὕτω
1857 4775 1986 4844 περὶ

413 4867 576 4920 αὐτοῦ
639 4868 700 4920 τὸ
747 4867 986 4938 Γρὰμμα
1035 4867 1096 4920 τὸ
1139 4867 1280 4937 ἱερόν
1310 4883 1324 4896 ·
1353 4868 1462 4918 Καὶ
1501 4867 1752 4934 γεγόνασι
1797 4867 1896 4937 μὲν
1930 4867 1986 4932 ἐξ

427 4957 646 5022 Ἰακὼϐ,
697 4959 755 5022 ὃς
797 4958 1216 5028 μετωνόμασται
1271 4958 1364 5010 καὶ
1423 4958 1660 5028 Ἰσραὴλ,
1708 4957 1985 5010 Ἰουδαῖοι-

417 5051 523 5104 ἀπδ
545 5051 600 5103 δέ
626 5069 688 5119 γε
714 5051 1016 5116 τοῦἩσαῦ,
1037 5053 1205 5122 ἤγουν
1239 5051 1332 5102 τοῦ
1369 5049 1566 5119 Ἐδὼμ,
1597 5051 1645 5102 οἱ
1675 5049 1986 5120 Ἰδουμαῖοι,

419 5145 584 5212 ἤγουν
616 5144 666 5194 οἱ
703 5143 1031 5212 Ἀγαρηνοὶ,
1067 5142 1173 5194 εἰσὶ
1207 5141 1262 5192 δὲ
1312 5137 1456 5194 οὗτοι
1489 5141 1811 5210 Σαρακηνοί.
1847 5141 1987 5193 Οὐκ-

421 5233 514 5285 οῦν
545 5233 764 5300 ἀδελφοὶ
795 5233 890 5286 καὶ
919 5231 1241 5302 ἀγχίσποροι
1275 5233 1388 5294 τοῖς
1411 5232 1474 5282 ἐκ
1520 5231 1738 5299 Ἰσραὴλ
1762 5231 1992 5297 γεγόνα-

424 5341 506 5376 σιν
546 5325 596 5376 οἱ
636 5323 958 5393 Ἰδουμαῖοι·
1006 5320 1146 5393 ἦσαν
1185 5324 1242 5375 δὲ
1287 5323 1380 5374 καὶ
1419 5321 1664 5391 ἀλλήλοις
1701 5322 1892 5392 ὄμοροί
1929 5341 1990 5376 τε

424 5415 516 5467 καὶ
541 5415 971 5485 ἀγχιτέρμονες,
1111 5431 1168 5466 τε
1215 5413 1322 5466 τῶν
1365 5411 1630 5465 Ἰουδαίων
1677 5413 1828 5482 καίή
1882 5413 1990 5466 τῶν

437 5507 750 5576 Ἰδουμαίων
779 5505 951 5578 χώρα.
983 5507 1122 5559 Ἀλλ’
1157 5505 1278 5559 οὗτε
1307 5505 1366 5558 τὸ
1401 5505 1682 5572 συγγενὲς,
1723 5506 1848 5558 οὒτε
1887 5507 1992 5576 μὴν

425 5597 486 5650 τὸ
533 5603 769 5670 γειτνιᾷν
822 5599 1098 5670 ἀλλήλοις,
1167 5598 1431 5670 ἐϐράϐευε
1485 5599 1595 5659 τοῖς
1659 5599 1840 5665 γένεσι
1895 5599 1993 5668 τὴν

427 5693 745 5764 ὀμοψυχίαν.
778 5697 1098 5766 Διεφέροντο
1131 5695 1236 5765 γὰρ
1267 5695 1360 5747 καὶ
1396 5695 1508 5754 τοῖς
1541 5689 1803 5762 Ἑλλήνιον
1842 5692 1988 5746 ἔθεσί

498 5869 546 5904 ⁸⁸
583 5871 718 5926 Gen.
768 5887 891 5923 xxv.
927 5871 984 5925 5i
1031 5886 1180 5940 SN”.

1991 3296 2032 3349 C
2068 3307 2252 3359 haotli.

2043 665 2200 736 longe
2247 665 2474 728 abesset,
2512 665 2713 732 optime
2784 664 3282 733 contemplaretur:
3327 667 3617 735 respondet

2045 757 2208 820 Deus,
2237 764 2291 810 et
2325 757 2531 824 inquit:
2573 754 2781 810 Cecidit
2815 755 3075 826 Babylon,
3103 755 3155 809 id
3203 765 3305 822 est,
3351 757 3618 827 superbus

2041 849 2207 920 309
2235 859 2290 904 et
2326 849 2562 904 insolens
2591 849 2855 904 universae
2881 859 3037 904 terrae
3074 850 3322 916 malleus,
3346 860 3404 906 ut
3443 852 3619 920 inquit

2044 942 2326 1006 Jeremias,
2351 952 2406 995 et
2439 956 2558 1010 qua:
2596 956 2787 996 omnes
2825 951 3010 1012 gentes
3049 942 3281 997 belluino
3335 959 3488 999 more
3531 945 3617 998 in-

2045 1035 2212 1100 vadit,
2244 1049 2366 1104 quae
2389 1035 2584 1089 elatam
2631 1034 2895 1088 cervicem
2941 1034 3099 1099 tollit,
3131 1051 3251 1104 quae
3289 1036 3616 1104 provincias,

2045 1143 2166 1198 qum
2229 1133 2392 1182 urbes
2454 1129 2568 1182 solo
2626 1135 2820 1196 mquat.
2872 1127 3136 1193 Concidit,
3167 1129 3364 1198 inquit,
3399 1129 3451 1184 id
3513 1139 3616 1192 est,

2049 1220 2287 1274 funditus
2337 1219 2520 1287 periit,
2573 1219 2778 1272 interiit
2820 1231 2876 1272 et
2929 1219 3238 1273 conculcata
3284 1229 3462 1276 est.et
3493 1237 3612 1291 pro-

2045 1307 2188 1378 jecta
2234 1307 2504 1374 deinceps,
2529 1317 2584 1359 et
2625 1306 2848 1375 pedibus
2893 1307 3157 1360 victorum
3215 1311 3452 1380 subjecta
3487 1326 3618 1365 con-

2048 1403 2290 1470 spicitur.
2329 1400 2588 1455 Coatritae
2625 1410 2748 1454 sunt
2779 1403 2940 1454 etiam
2985 1417 3172 1457 omnes
3211 1405 3326 1472 ejus
3359 1405 3621 1475 imagines

2049 1503 2102 1548 et
2165 1493 2497 1547 mannl'acta.
2531 1493 2698 1546 Terra
2725 1494 2870 1548 enim
2941 1504 3025 1548 est
3069 1497 3423 1564 sculptilium,
3460 1501 3620 1554 sicuti

2049 1583 2179 1636 dicit
2227 1584 2417 1638 aliuse
2448 1585 2652 1638 sanctis
2711 1585 3005 1653 prophetis,
3035 1593 3090 1639 et
3145 1587 3282 1642 falso
3329 1591 3622 1646 nominatis

2051 1673 2154 1727 diis
2205 1689 2528 1743 magnopere
2581 1675 2782 1728 confisa
2831 1685 2931 1738 est,
2973 1677 3292 1746 illorumqne
3347 1695 3449 1747 ope
3497 1697 3620 1735 ser-

2051 1766 2162 1818 vari
2213 1781 2435 1834 sperans
2489 1781 2608 1820 cum
2659 1767 2762 1820 illis
2814 1767 3016 1822 calcata
3071 1777 3174 1834 est,
3199 1779 3252 1825 et
3287 1771 3446 1826 simul
3492 1787 3616 1828 cum

2053 1856 2362 1910 numinibus
2401 1858 2656 1914 contrita.

2125 2115 2288 2170 Vens.
2315 2118 2398 2170 l0.
2449 2119 2660 2182 Audite,
2685 2120 2982 2174 derelictiel
3020 2123 3273 2190 dolentes,
3305 2131 3482 2184 audite
3507 2148 3626 2200 qua!

2053 2211 2230 2261 audiri
2269 2227 2298 2262 a
2337 2210 2557 2264 Domino
2587 2211 2847 2280 Sabaoth,
2893 2213 3030 2268 Deus
3087 2215 3256 2272 Israel
3297 2222 3626 2277 annuntiat-it

2055 2301 2220 2354 nobis.

2134 2393 2414 2448 Abductus
2448 2406 2533 2450 est
2575 2397 2826 2466 captivus
2867 2399 3034 2451 Israel
3059 2440 3074 2463 ,
3107 2406 3160 2452 et
3187 2399 3375 2452 serviit
3411 2397 3642 2470 Babylo.

2059 2485 2205 2550 niis,
2257 2484 2366 2538 Deo
2408 2495 2629 2556 propter
2679 2491 2849 2543 multa
2900 2491 3102 2560 ﬂagitia
3161 2490 3524 2554 immittente,
3583 2501 3638 2546 et

2057 2575 2406 2642 permittente
2445 2577 2723 2634 diuturnis
2769 2595 2894 2632 eum
2945 2580 3150 2633 involvi
3202 2581 3635 2637 calamitatibus.

2057 2665 2462 2722 Remanserunt
2517 2670 2736 2737 quidem
2793 2672 3188 2742 Hierosolymis
3229 2681 3283 2727 et
3327 2673 3381 2726 in
3443 2671 3630 2728 Judzea

2055 2757 2245 2820 multi,
2281 2766 2334 2810 at
2369 2760 2713 2828 suspirantes
2745 2762 2948 2832 jugiter
2987 2773 3040 2816 et
3071 2763 3261 2818 dolore
3292 2763 3514 2830 affecti,
3550 2780 3636 2818 re-

2053 2849 2214 2917 gione
2253 2849 2496 2919 ipsorum
2525 2861 2760 2916 vastata,
2793 2854 3105 2922 temploque
3135 2853 3256 2922 ipso
3289 2854 3548 2918 incenso,
3583 2865 3638 2910 et

2065 2941 2114 2991 vi
2149 2940 2339 2992 deletis
2393 2939 2799 3008 Hierosolymis.
2857 2938 3214 2994 Pbarmacum
3271 2941 3434 3009 igitur
3479 2943 3634 2997 auxi-

2061 3030 2194 3084 liare
2219 3033 2345 3100 ipsis
2391 3033 2455 3084 ad
2485 3031 2906 3085 consolationem
2947 3032 3228 3084 commode
3255 3033 3630 3102 subtexitpro—

2063 3127 2222 3192 pheta
2261 3123 2399 3175 hanc
2425 3122 2708 3186 visionem,
2748 3123 2986 3190 dicitque
3013 3121 3156 3176 illis:
3227 3123 3446 3188 Audite,
3486 3125 3639 3178 dere-

2065 3214 2176 3269 licti
2217 3225 2270 3268 ct
2299 3215 2580 3269 dolentes:
2615 3216 2794 3268 audite
2847 3231 2966 3284 qua:
3008 3215 3188 3268 audivi
3223 3229 3250 3266 a
3279 3215 3506 3269 Domino
3536 3215 3640 3270 Sa-

2307 3305 2450 3359 Dens
2513 3306 2726 3360 lsraelis
2779 3307 3117 3359 aniiuntiavit
3171 3307 3346 3362 nobis.
3409 3307 3643 3364 Noverat

2069 3401 2234 3464 enim,
2269 3410 2491 3453 noverat
2517 3399 2928 3468 Babyloniorum
2972 3399 3334 3454 calamitatem
3370 3399 3474 3456 illis
3510 3415 3643 3456 con-

2071 3491 2372 3544 ciliaturam
2409 3490 2670 3554 laetitiam,
2716 3500 2769 3544 et
2797 3491 2902 3545 illis
2937 3493 3014 3545 sic
3049 3493 3254 3545 excisis
3301 3493 3642 3561 eversisque.

2066 3583 2332 3653 jncmulas
2377 3582 2492 3636 fore
2529 3583 2870 3637 narrationes
2913 3592 3098 3637 contra
3133 3597 3228 3638 eos
3258 3597 3393 3640 auos
3446 3582 3644 3640 aliaee-

2075 3685 2200 3729 runt
2225 3673 2490 3731 molestia.

2567 4003 2768 4060 VISIO
2801 4003 3174 4060 [DUM/EE.

2151 4141 2214 4195 Et
2253 4142 2410 4208 hujus
2465 4141 2628 4197 etiam
2698 4141 2927 4196 visionis
2983 4153 3358 4212 argumcntum
3415 4143 3648 4212 primum

2077 4239 2450 4302 exponendum
2474 4237 2748 4291 arbitror:
2780 4236 2882 4288 hac
2936 4236 3080 4289 enim
3138 4235 3249 4290 sola
3307 4237 3514 4291 ratione
3560 4239 3653 4306 qui

2079 4329 2198 4381 hare
2241 4327 2442 4393 legerit,
2485 4329 2803 4397 intelligent.
2845 4329 3011 4383 Erant
3049 4329 3272 4399 proinde
3325 4329 3506 4383 lsaaco
3591 4329 3655 4384 ii-

2077 4420 2136 4472 lii
2161 4421 2285 4478 duo.
2327 4421 2466 4473 Esau
2504 4431 2558 4474 et
2585 4419 2775 4484 Jacob,
2815 4433 2864 4476 et
2889 4423 2976 4475 hic
3015 4423 3231 4490 quidem
3265 4421 3431 4485 Esau,
3473 4421 3647 4478 Edom

2080 4511 2489 4581 cognominatus
2518 4521 2620 4576 est,
2683 4511 2734 4564 id
2773 4509 3196 4577 cst,Terrenns:
3233 4513 3352 4568 talis
3406 4515 3548 4568 enim
3603 4515 3654 4568 ei

2085 4601 2186 4655 fuit
2225 4601 2400 4654 victus
2429 4601 2655 4668 vitmque
2690 4601 2846 4666 ratio,
2874 4611 2926 4656 et
2953 4603 3133 4656 edulio
3168 4601 3280 4657 solo
3308 4605 3546 4660 vendidit
3566 4604 3658 4672 jus

2087 4691 2526 4758 primogenitum
2546 4707 2677 4754 suae,
2692 4693 3436 4768 quemadmodumIscriptnm
3479 4707 3562 4750 est
3583 4697 3650 4749 ⁸⁸.

2083 4780 2251 4835 Jacob
2269 4793 2444 4836 autem
2465 4783 2570 4836 doli
2591 4781 3034 4852 l‘uciquc‘nescius
3051 4793 3190 4850 erat,
3207 4785 3346 4838 domi
3370 4787 3654 4842 habitans:

2086 4873 2152 4928 de
2183 4889 2246 4926 eo
2285 4874 2535 4926 enimsic
2576 4873 2710 4926 dixit
2749 4889 2904 4928 sacra
2953 4873 3227 4945 Scriptura
3263 4895 3275 4930 :
3315 4876 3388 4930 Ex
3436 4877 3657 4940 Jacobo,

2088 4960 2178 5028 qui
2216 4977 2411 5014 nomen
2451 4977 2666 5031 quoque
2702 4961 2914 5016 lsraelis
2949 4965 3174 5032 adeptus
3202 4976 3319 5028 est,
3346 4963 3514 5019 Judzei
3548 4969 3659 5020 nati

2091 5059 2250 5116 sunt;
2281 5051 2350 5106 ab
2383 5053 2523 5106 Esau
2563 5067 2690 5106 vero
2722 5053 2833 5107 sive
2867 5055 3055 5118 Edoni,
3110 5056 3322 5111 ldumasi
3355 5057 3520 5128 310
3545 5059 3660 5112 sive

2087 5143 2342 5210 Agarcni,
2379 5145 2432 5197 hi
2459 5153 2586 5198 sunt
2613 5156 2791 5198 autem
2819 5145 3098 5202 Saraceni.
3149 5147 3334 5218 Itaque
3368 5149 3582 5211 fratres,
3611 5159 3666 5202 et

2087 5236 2292 5290 semine
2309 5237 2675 5306 sanguineque
2695 5239 2976 5308 propinqui
3009 5239 3261 5294 lsraelitis
3295 5239 3514 5294 fuerunt
3541 5242 3663 5294 ldu-

2089 5329 2230 5394 maei,
2263 5329 2572 5386 etconiinis
2599 5331 2698 5384 fuit
2719 5329 3023 5386 Judmorum
3059 5341 3114 5386 et
3139 5333 3490 5387 ldnmazorum
3519 5333 3667 5404 regio

2093 5433 2156 5472 ac
2221 5421 2579 5475 contermina.
2640 5421 2745 5476 Sed
2817 5438 2991 5494 neque
3049 5424 3262 5496 generis
3317 5425 3666 5494 conjunctio,

2103 5529 2275 5582 neque
2307 5515 2556 5571 vicinitas
2581 5531 2763 5571 eorum
2806 5518 2948 5574 inter
2997 5535 3054 5574 se
3092 5519 3379 5575 conciliare
3411 5520 3590 5590 potuit
3613 5531 3669 5576 et

2101 5604 2244 5659 alere
2286 5606 2427 5662 inter
2473 5609 2570 5663 hos
2604 5617 2860 5678 cognatos
2915 5611 3356 5666 benevolentiam.
3400 5609 3530 5665 Nam
3563 5610 3670 5665 (lis-

2101 5710 2404 5766 senserunt,
2444 5710 2496 5755 et
2517 5701 2728 5757 Idumaei
2763 5701 3068 5758 Grmcorum
3109 5705 3256 5774 juxta
3286 5719 3462 5760 mores
3497 5702 3671 5772 legeso
