4148 6378
525 437 626 492 495
1547 434 1604 489 S.
1646 432 1920 489 CYRILLI
1958 434 2423 490 ALEXANDRINI
2466 434 2785 492 ARCHIEP.
3672 440 3769 496 196

526 567 626 624 que
673 554 936 617 viventes,
995 553 1300 610 Judtcorum
1339 552 1668 621 provinciam
1699 566 1840 622 sche
1883 553 2098 622 praedati

2207 569 2265 606 τε
2319 553 2412 606 καὶ
2463 554 2648 624 νόμοις
2693 552 2983 616 διαζῶντες
3044 553 3340 624 Ἰδουμαῖοι,
3395 552 3772 624 κατεληίζοντο

525 654 664 709 sunt,
695 656 746 699 et
771 645 1151 716 perpetrarein
1179 659 1272 699 eos
1293 645 1408 698 ausi
1424 655 1548 696 sunt
1588 645 1825 697 omnium
1853 644 2098 714 turpissi-

525 753 630 791 ma.
657 737 862 806 Quippe
897 735 1230 807 Egyptiacae
1251 736 1470 790 szcvitize
1496 734 1622 805 iugo
1649 735 1936 805 aliquando
1967 749 2099 788 exo-

525 842 775 886 nerantes
802 845 859 882 se
885 829 1162 891 Israelitae,
1199 830 1248 881 in
1288 837 1428 882 terra
1449 843 1499 880 m
1519 828 1762 896 patribus
1779 828 2099 896 promissam

523 922 840 991 migraruut.
880 941 897 971 ι
932 921 1091 982 Misit,
1122 921 1322 988 inquit,
1361 920 1564 987 legatos
1594 918 1769 974 Moses
1805 935 1870 972 ex
1929 919 2101 974 Cades

524 1011 590 1063 ad
635 1024 810 1077 regem
850 1008 1037 1072 Edum,
1104 1009 1330 1062 dicens:
1395 1008 1516 1063 ἰξαξο
1584 1009 1714 1062 dicit
1750 1007 1913 1063 frater
1940 1018 2096 1072 tuus,

526 1101 686 1155 lsrael
725 1099 836 1152 :Tu
859 1116 902 1153 ε(
922 1099 965 1153 is
993 1116 1209 1154 onmem
1241 1100 1479 1155 laborem
1512 1101 1600 1168 qui
1641 1099 1844 1154 invenit
1873 1115 2002 1154 nos:
2046 1109 2100 1153 et

523 1194 912 1246 descenderunt
946 1204 1138 1260 patres
1170 1193 1338 1246 nostri
1369 1192 1420 1245 in
1465 1189 1782 1262 Egyptum,
1830 1191 2088 1244 habitavi-

524 1299 747 1352 musque
780 1285 830 1337 in
876 1283 1112 1353 Egypto
1157 1284 1657 1352 dics‘complures,
1717 1293 1772 1336 ct
1831 1290 2097 1336 vexarunt

525 1392 621 1430 nos
657 1374 894 1445 {Egyptii
929 1389 992 1427 ac
1024 1383 1205 1444 patres
1232 1383 1477 1428 nostros.
1501 1373 1862 1428 Clamavimus
1921 1383 2099 1427 autem

519 1468 584 1521 ad
615 1468 921 1528 Dominum,
948 1475 1002 1519 et
1043 1465 1314 1518 exaudivit
1342 1464 1598 1519 Dominus
1620 1479 1805 1518 vocem
1841 1473 2098 1528 nostram,

521 1565 574 1610 et
604 1558 770 1610 misso
809 1556 1018 1623 angelo,
1061 1555 1248 1607 eduxit
1289 1569 1387 1608 nos
1417 1567 1483 1606 ex
1537 1552 1791 1625 .Egypto,
1853 1565 1905 1608 et
1959 1569 2102 1608 nunc

521 1663 706 1702 sumus
738 1649 788 1700 in
819 1646 989 1702 Cades
1014 1647 1232 1700 civitate
1262 1661 1327 1700 ex
1373 1655 1528 1716 parte
1576 1647 1769 1699 finium
1823 1657 2033 1700 tuorum
2085 1663 2098 1699 :

525 1739 869 1793 transibimus
891 1755 986 1807 per
1027 1749 1220 1792 terram
1239 1748 1380 1792 tuam
1410 1756 1424 1792 ε
1448 1753 1550 1792 non
1578 1739 1984 1808 proficiscemur
2010 1754 2103 1805 per

522 1846 701 1900 agros.
727 1846 823 1884 nec
848 1845 940 1899 per
975 1829 1197 1884 vineas:
1247 1844 1349 1881 non
1389 1831 1634 1882 bibemus
1667 1843 1859 1896 aquam
1891 1844 1953 1883 ex
1985 1829 2100 1882 lacu

2201 644 2406 713 συχνῶς
2461 645 2560 715 τὴν
2621 644 2730 698 τῶν
2792 643 3058 697 Ἰουδαίων
3145 643 3360 716 χώραν,
3417 644 3508 698 καὶ
3557 644 3771 698 πάντων

2201 738 2450 808 αἴσχιστα
2479 737 2613 809 δρᾷν
2649 737 2728 802 είς
2762 736 2958 799 αὐτοὺς
3001 737 3337 806 ἀπετόλμων.
3382 737 3490 790 Καὶ
3519 737 3647 806 γοῦν
3683 738 3770 790 ὅτε

2199 827 2297 898 τῆς
2360 827 2672 894 Αἰγυπτίων
2742 827 3053 892 πλεονεξίας
3123 829 3617 900 ἀποφορτισὰμενοι
3679 829 3772 882 τὸν

2200 916 2359 986 ζυγὸν
2390 919 2439 970 οἱ
2468 919 2525 985 ἐξ
2563 919 2798 990 Ἰσραὴλ,
2829 920 3123 988 ἀνεφοίτων
3149 922 3227 982 εἰς
3270 919 3369 990 τὴν
3395 923 3497 991 γῆν
3531 921 3628 992 τὴν
3661 922 3772 984 τοῖς

2201 1009 2468 1080 πατράσιν
2499 1009 2934 1080 ἐπηγγελμένην.
2972 1031 2988 1060 ς
3013 1010 3343 1072 Ἀπέστειλε,
3365 1011 3554 1079 φησιν,
3585 1012 3613 1063 ὁ
3640 1011 3768 1063 Μω-

2204 1100 2303 1163 σῆς
2333 1100 2601 1169 ἀγγέλους
2639 1103 2702 1154 ἐκ
2734 1101 2917 1173 Κάδης
2952 1101 3086 1172 πρὸς
3118 1100 3341 1170 βασιλέα
3365 1100 3766 1172 Ἐδὼμ,λέγων·

2201 1187 2335 1239 Τάδε
2365 1185 2510 1255 λέγει
2536 1191 2564 1242 ὁ
2591 1189 2813 1258 ἀδελφός
2845 1207 2936 1241 σου
2993 1191 3209 1261 Ἰσραήλ
3233 1209 3247 1223 ο
3275 1192 3346 1244 Σὺ
3374 1191 3567 1261 ἐπίστῃ
3597 1191 3768 1244 πάντα

2202 1274 2289 1327 τὸν
2340 1276 2538 1346 μόχθον
2588 1279 2679 1331 τὸν
2727 1281 2955 1351 εὑρόντα
2991 1281 3167 1352 ἡμᾶς·
3228 1282 3322 1335 καὶ
3360 1281 3666 1351 κατέϐησαν
3722 1283 3770 1334 οἱ

2203 1366 2437 1435 πατέρες
2482 1367 2640 1438 ἡμῶν
2683 1371 2762 1431 εἰς
2802 1369 3096 1438 Αἴγυπτον,
3144 1371 3237 1423 καὶ
3267 1372 3676 1442 παρῳκήσαμεν
3714 1372 3770 1423 ἐν

2202 1456 2461 1526 Αίγύπτῳ
2510 1458 2721 1530 ἡμέρας
2768 1460 3008 1524 πλείους·
3059 1462 3152 1514 καὶ
3195 1463 3478 1514 ἐκάκωσαν
3521 1463 3667 1532 ἡμᾶς
3721 1463 3772 1514 οἰ

2203 1549 2489 1616 Αἰγύπτιοι
2515 1551 2609 1603 καὶ
2634 1553 2760 1615 τοὺς
2789 1553 3030 1623 πατέρας
3055 1553 3211 1624 ἡμῶν
3229 1569 3242 1582 ·
3275 1554 3368 1608 καὶ
3392 1553 3769 1624 ἁνεδοήσαμεν

2203 1639 2337 1709 πρὸς
2399 1639 2623 1710 Κύριον,
2686 1642 2778 1694 καὶ
2831 1642 3116 1712 εἰσήκουσε
3177 1641 3378 1711 Κύριος
3433 1641 3535 1712 τῆς
3587 1643 3770 1711 φωνῆς

2201 1733 2379 1802 ἡμῶν,
2434 1735 2528 1785 καὶ
2563 1734 2888 1797 ἀποστείλας
2937 1734 3164 1802 ἄγγελον
3199 1736 3465 1805 ἐξήγαγεν
3511 1736 3659 1804 ἡμᾶς
3710 1737 3768 1800 ἐξ

2203 1825 2514 1894 Αίγύπτουί·
2548 1826 2640 1878 καὶ
2668 1824 2759 1878 νῦν
2794 1825 2958 1896 ἐσμὲν
2987 1827 3043 1878 ὲν
3073 1826 3255 1897 Κάδης
3286 1827 3435 1878 πόλει
3466 1829 3527 1879 ἐκ
3570 1827 3769 1896 μέρους

523 1931 614 1976 tuo
641 1939 654 1975 :
680 1921 762 1974 via
798 1921 939 1990 regia
970 1921 1164 1974 ibimus
1201 1938 1213 1972 :
1252 1936 1355 1973 nou
1390 1919 1777 1973 declinabimus
1839 1921 1903 1973 ad
1965 1922 2095 1974 dex-

2201 1916 2310 1968 τῶν
2349 1915 2510 1986 ὁρίων
2550 1933 2672 1969 σου·
2706 1917 3146 1987 -παρελευσόμεθα
3179 1917 3263 1969 διὰ
3290 1918 3384 1985 τῆς
3414 1917 3514 1988 γῆς
3551 1931 3673 1969 σου·
3708 1918 3768 1968 οὐ

524 2024 691 2076 tram,
732 2027 829 2065 nec
861 2013 926 2063 ad
963 2011 1262 2076 sinistram,
1296 2012 1466 2065 donec
1497 2010 1918 2079 prazterierimus
1952 2013 2087 2066 lines

526 2116 665 2158 tuos.
701 2103 842 2157 Dixit
875 2113 1052 2156 autem
1087 2103 1133 2156 ei
1162 2101 1363 2156 Edom:
1423 2101 1536 2156 Non
1572 2101 1828 2155 transibis
1856 2117 1951 2170 per
1991 2117 2094 2166 me,

523 2196 728 2264 alioqui
771 2195 823 2248 in
849 2194 1046 2248 bellum
1076 2193 1325 2263 egrediar
1352 2202 1540 2246 contra
1609 2202 1660 2245 te
1693 2191 1760 2242 ⁸³³.
1792 2210 1810 2243 ο
1870 2191 2099 2244 Videsne

521 2302 680 2355 quam
723 2285 920 2339 fuerint
979 2283 1120 2347 duri,
1177 2298 1334 2351 quam
1405 2285 1474 2336 ab
1518 2283 1663 2336 omri
1728 2282 2097 2336 misericordia

520 2379 683 2432 alieni
723 2377 961 2442 ldummi,
1011 2376 1170 2444 idque
1212 2378 1376 2428 etiam
1415 2389 1540 2444 erga
1580 2373 1814 2427 fratres?
1855 2371 2098 2444 SedInou

525 2475 628 2524 huc
678 2478 885 2522 tantum
911 2483 1097 2522 eorum
1129 2476 1490 2535 proruperunt
1512 2465 1739 2530 scelera,
1773 2463 1864 2517 sed
1890 2463 2099 2517 ctaliud

521 2561 775 2630 quiddam
801 2567 853 2613 et
876 2560 1096 2626 impium
1139 2565 1194 2610 et
1255 2559 1460 2611 immite
1503 2557 1860 2610 admiserunt.
1915 2557 2088 2624 Capta

521 2651 664 2703 enim
710 2649 1016 2703 Judmorum
1065 2649 1286 2718 regione
1316 2663 1345 2700 a
1398 2647 1712 2718 Babylonio,
1777 2649 2102 2715 incensaque

524 2741 742 2810 templo,
782 2739 1005 2793 vastatis
1049 2739 1452 2808 Hierosolymis,
1493 2755 1555 2793 ea
1590 2740 1640 2792 in
1677 2740 1821 2793 cives
1854 2751 2103 2807 patravc-

523 2843 650 2886 runt
683 2847 800 2901 qua:
830 2832 970 2884 nulla
1005 2833 1304 2884 consectari
1332 2839 1507 2899 potest
1531 2833 1724 2885 oratio.
1753 2831 1952 2884 Deinde
1977 2846 2100 2884 cum

522 2940 705 2979 eorum
734 2924 1065 2992 aliquot,qui
1099 2935 1128 2975 a
1159 2921 1331 2989 gladio
1361 2920 1874 2975 Persico'immuncs
1892 2929 1944 2974 et
1967 2921 2098 2973 salvi

522 3027 825 3076 evaserant,
871 3013 936 3066 ad
997 3014 1268 3082 regionem
1322 3013 1650 3078 Judteorum,
1700 3022 1759 3065 ut
1817 3013 2099 3066 finitimam

521 3118 576 3160 et
606 3117 663 3159 ut
691 3109 754 3159 ad
786 3105 984 3159 fratres
1044 3113 1098 3157 et
1154 3104 1584 3170 consanguineos
1643 3101 1949 3168 fugissent:
2008 3103 2097 3157 isti

520 3213 825 3268 quanquam
848 3211 1172 3250 succurrere
1203 3205 1261 3248 ut
1287 3194 1820 3256 fratribus,misereri
1861 3203 1918 3248 ut
1945 3195 2100 3248 mise-
2125 3233 2168 3290 ο

524 3306 727 3354 rerum,
751 3287 1052 3343 refoeillare
1067 3301 1128 3341 ac
1151 3286 1433 3340 restituere
1459 3293 1516 3338 ut
1543 3285 1744 3339 amicos
1769 3285 2094 3349 debuissent,

522 3381 753 3437 belluine
783 3383 1118 3443 invaserunt,
1153 3388 1208 3432 et
1233 3378 1609 3431 crudelitatem
1647 3392 1798 3430 suam
1831 3377 1885 3430 in
1917 3377 2097 3446 profu-

521 3488 617 3540 gos
641 3478 1022 3525 exercuerunt.
1057 3468 1139 3522 Oh
1170 3469 1269 3522 hoc
1299 3469 1470 3536 ipsum
1490 3468 1729 3535 graviter
1751 3468 2090 3522 insimulavit

520 3578 615 3617 eos
643 3562 1010 3636 universitatis
1063 3561 1246 3626 Deus,
1318 3574 1452 3613 voce
1521 3560 1707 3614 Abdita
1799 3562 2094 3630 propheta.

521 3651 900 3722 Scriptumest
930 3652 1075 3706 enim
1136 3651 1251 3706 sic:
1317 3669 1336 3704 ι
1387 3650 1478 3704 Illo
1536 3651 1646 3713 die,
1676 3651 1754 3705 ait
1814 3652 2096 3716 Dominus,

520 3746 738 3814 perdam
778 3743 1048 3812 sapientes
1081 3757 1147 3796 ex
1180 3741 1431 3806 ldumaea,
1461 3741 1619 3813 311
1657 3752 1711 3797 et
1778 3743 2086 3812 intelligen-

522 3840 648 3891 tiam
683 3837 749 3891 de
785 3844 966 3889 monte
1003 3835 1163 3900 Esau,
1209 3845 1265 3888 et
1306 3837 1795 3889 consternabuntur
1819 3836 2099 3890 bellatores

524 3930 599 3982 tui
625 3931 713 3997 qui
746 3943 812 3982 ex
837 3927 1110 3994 'l‘heman,
1163 3935 1221 3981 ut
1271 3926 1553 3980 auferatur
1608 3929 1770 3982 homo
1801 3930 1864 3981 de
1914 3939 2096 3982 monte

526 4019 690 4084 Esau,
721 4029 938 4088 propter
959 4024 1160 4073 caedem
1180 4029 1234 4074 et
1256 4021 1585 4088 impietatem
1621 4023 1670 4074 iu
1703 4023 1921 4076 fratrem
1949 4033 2096 4077 tuum

519 4113 705 4167 Jacob.
739 4110 958 4181 Operiet
987 4123 1039 4165 te
1070 4113 1385 4180 ignominia,
1437 4121 1493 4166 et
1552 4115 2001 4170 exterminaberis
2044 4117 2094 4170 in

519 4213 824 4257 aeternum:
870 4219 900 4257 a
942 4218 1047 4270 quo
1087 4203 1174 4257 die
1228 4202 1473 4257 restitisti
1518 4217 1586 4257 ex
1646 4204 1874 4259 adversa
1921 4216 2094 4275 parte,

522 4299 575 4351 iu
615 4297 698 4349 die
729 4295 1151 4366 alienigenarum
1189 4296 1459 4364 captivum
1534 4297 1841 4351 ducentium
1889 4301 2098 4353 exerci-

521 4396 629 4438 tum
661 4387 799 4452 ejus:
839 4385 1214 4455 etpalienigeni
1253 4386 1479 4456 ingressi
1511 4396 1638 4441 sunt
1667 4389 1715 4439 iu
1750 4401 1932 4457 portas
1959 4391 2094 4456 eius:

517 4489 573 4530 et
603 4478 668 4530 de
704 4476 1003 4530 Jerusalem
1038 4477 1290 4544 jecerunt
1343 4489 1517 4531 sortes
1547 4497 1560 4532 :
1596 4487 1650 4531 et
1679 4487 1732 4532 ιιι
1763 4496 1887 4535 eras
1944 4484 2094 4551 quasi

2198 2003 2584 2073 διελευσόμεθα
2628 2005 2694 2057 δι’
2725 2005 2934 2077 ἀγρῶν,
2987 2005 3106 2058 οὐδὲ
3140 2004 3204 2057 δι’
3238 2005 3574 2074 ἀμπελώνων
3597 2022 3609 2035 ·
3649 2005 3770 2058 οὐδὲ

2201 2097 2437 2168 πιόμεθα
2471 2097 2613 2167 ὕδωρ
2640 2099 2702 2150 ἐκ
2741 2096 2946 2150 λάκκου
2978 2114 3070 2150 σου
3095 2114 3107 2126 ·
3143 2098 3249 2166 ὁδῷ
3285 2097 3537 2169 βασιλικῇ
3573 2114 3772 2167 πορευ-

2201 2190 2401 2261 σόμεθα
2420 2208 2433 2220 ο
2463 2190 2564 2243 οὐκ
2591 2189 2947 2260 ἐκκλινούμεν
2977 2189 3142 2253 δεξιὰ,
3181 2189 3304 2242 οὗτε
3351 2188 3630 2260 εὐώνυμα,
3665 2188 3771 2248 ἓως

2198 2278 2264 2331 ἂν
2298 2279 2659 2350 παρέλθωμεν
2693 2279 2761 2332 τὰ
2801 2279 2926 2350 δριά
2961 2297 3072 2332 σου.
3110 2280 3218 2333 Καὶ
3260 2275 3412 2334 εἶπεν
3437 2280 3571 2351 πρὸς
3611 2280 3771 2333 αὑτὸν

2214 2370 2408 2441 Ἐδὼμ·
2446 2373 2519 2424 Οὐ
2549 2370 2790 2442 διοδεύσῃ
2825 2371 2892 2424 δι’
2925 2372 3090 2441 ἐμοῦ·
3131 2373 3181 2425 εἰ
3213 2370 3268 2425 δὲ
3311 2371 3406 2443 μὴ,
3453 2373 3510 2424 ἐν
3553 2370 3772 2441 πολέμῳ

2201 2461 2549 2532 ἐξελεύσομαι
2628 2463 2708 2525 εἰς
2777 2462 3100 2532 συνάντησίν
3163 2480 3278 2516 σου.
3319 2481 3337 2513 ι
3406 2464 3567 2533 Ὁρᾷς
3626 2463 3770 2525 ὅπως

2203 2554 2425 2625 σκληροί
2457 2555 2549 2607 καὶ
2590 2553 3090 2626 άφιλοικτείρμονες
3121 2556 3410 2624 γεγόνασιν
3461 2557 3767 2626 Ἰδουμαῖοι,

2201 2647 2296 2698 καὶ
2342 2647 2498 2699 τοῦτο
2542 2647 2677 2716 πρὸς
2723 2647 3015 2717 ἀδελφούς;
3075 2648 3214 2700 Ἀλλ’
3253 2648 3313 2700 ού
3369 2648 3532 2719 μέχρι
3570 2649 3770 2701 τούτων

2201 2739 2380 2802 αὐτοῖς
2412 2739 2479 2792 τά
2510 2739 2832 2809 ἐγκλήματα
2855 2756 2868 2768 °
2917 2739 3053 2793 ἀλλὰ
3080 2738 3188 2811 γὰρ
3219 2739 3314 2792 καί⁵
3357 2740 3543 2811 ἕτερόν
3582 2757 3634 2794 τι
3675 2758 3771 2793 πε-

2203 2832 2476 2901 πράκασιν
2505 2831 2720 2884 ἀνόσιόν
2749 2849 2808 2884 τε
2836 2833 2929 2884 καί
2960 2831 3182 2899 ἀπήνές.
3224 2826 3351 2883 Εἷλε
3393 2832 3490 2902 μὲν
3529 2833 3637 2904 γὰρ
3673 2834 3770 2902 τὴν

2202 2922 2306 2974 τῶν
2332 2925 2601 2977 Ἰουδαίων
2628 2924 2812 2995 χώραν
2841 2926 2867 2976 ὁ
2897 2924 3259 2988 Βαϐυλώνιος,
3287 2928 3681 2999 κατεμπρήσας
3713 2928 3769 2980 δὲ

2200 3016 2290 3067 τὸν
2325 3016 2450 3069 ναὸν
2493 3019 2587 3070 καὶ
2624 3017 2981 3088 καταδῃώσας
3010 3018 3100 3072 τὸν
3141 3019 3376 3090 Ἰσραὴλ,
3407 3019 3476 3073 τὰ
3507 3021 3646 3092 πέρα
3679 3021 3767 3073 λό-

2201 3122 2298 3173 γου
2331 3107 2529 3170 παντὸς
2562 3109 2702 3161 κατὰ
2741 3109 2848 3162 τῶν
2889 3109 3240 3164 ἐνοικούντων
3289 3111 3590 3183 εἰργάζετο.
3641 3110 3770 3167 Εἶτά

2201 3213 2342 3259 τινες
2365 3196 2474 3248 τῶν
2507 3197 2955 3267 διασεσωσμένων
2981 3200 3044 3251 ἐκ
3077 3200 3349 3271 μαχαίρας
3379 3200 3670 3269 Περσικῆς,
3695 3200 3770 3263 ὡς

2200 3288 2279 3350 εἰς
2304 3288 2500 3357 ὅμορον
2535 3287 2718 3358 χώραν
2749 3288 2857 3340 τῶν
2898 3289 3187 3356 Ἰουδαίων,
3219 3292 3311 3344 καὶ
3347 3292 3421 3354 ὡς
3451 3292 3585 3363 πρὸς
3616 3293 3767 3345 ἀδελ-

2201 3380 2334 3448 φοὺς
2374 3380 2468 3432 καὶ
2506 3381 2810 3450 ὁμαίμονας
2842 3383 3206 3450 καταφεύγειν
3235 3382 3591 3447 ἐσπούδαζον·
3629 3385 3676 3437 οἱ
3713 3385 3769 3438 δὲ

2200 3471 2523 3523 καίτοιδὲον
2567 3471 2848 3541 ἐπαμῦναι
2893 3471 2968 3536 ὡς
3011 3472 3278 3542 ἀδελφοῖς,
3327 3474 3418 3526 καὶ
3447 3473 3643 3537 ἀθλίως
3675 3491 3769 3526 πε-

2201 3561 2475 3631 πραχότας
2507 3561 2869 3633 ἐποικτείρειν
2898 3563 3117 3628 αὐτοὺς,
3155 3565 3248 3617 καὶ
3284 3564 3389 3635 μὴν
3413 3565 3509 3616 καὶ
3533 3565 3770 3618 ἀνακτᾶ-

2202 3652 2323 3705 σθαι
2361 3653 2718 3722 φιλοφρόνως,
2756 3653 3144 3725 θηριοπρεπῶς
3171 3656 3454 3725 ἐπεπήδων
3474 3672 3487 3684 ·
3525 3656 3684 3727 ἔργον
3712 3657 3769 3710 δὲ

2199 3743 2305 3812 τῆς
2365 3744 2574 3796 ἑαυτῶν
2612 3743 2894 3814 ὠμότητος
2950 3746 3228 3799 ἐποιοῦντο
3277 3747 3402 3810 τοὺς
3447 3746 3767 3816 φεύγοντας.

2199 3835 2310 3888 Καὶ
2345 3836 2428 3888 ἐπ’
2460 3835 2606 3905 αύτῷ
2656 3836 2719 3905 δὴ
2767 3837 2963 3906 τούτῳ,
3013 3839 3307 3909 κατῃτιᾶτο
3353 3837 3474 3891 λίαν
3509 3839 3703 3902 αὐτοὺς
3741 3839 3769 3891 ὀ

2198 3927 2305 3981 τῶν
2359 3928 2496 3980 ὅλων
2545 3929 2674 3990 Θεὸς
2707 3928 2794 3981 διά
2846 3930 3032 4000 φωνῆς
3075 3931 3280 3983 Ἀϐδίου
3326 3930 3419 3983 τοῦ
3470 3935 3765 4001 προφήτου⁶

2199 4020 2510 4091 γέγραπται
2561 4020 2668 4092 γάρ
2699 4020 2820 4072 ὡδί·
2870 4040 2888 4071 ‹
2935 4022 3022 4074 Ἐν
3041 4023 3224 4093 ἐκείνῃ
3268 4024 3334 4093 τῇ
3370 4023 3574 4094 ἡμέρα,
3621 4022 3770 4090 λέγει

2200 4111 2423 4183 Κύριος,
2457 4112 2642 4165 ἀπολῶ
2678 4115 2871 4181 σοφοὺς
2919 4115 2983 4166 ἐκ
3026 4114 3124 4183 τῆς
3165 4115 3484 4184 Ἰδουμαίας,
3519 4115 3608 4166 καὶ
3645 4115 3768 4167 σύν-

2199 4220 2313 4256 εσιν
2357 4203 2417 4268 ἐξ
2469 4204 2630 4272 ὅρους
2670 4203 2839 4257 Ἣσαῦ
2861 4220 2874 4234 ·
2907 4206 2999 4257 καὶ
3031 4206 3425 4276 πτοηθήσονται
3453 4208 3502 4258 οἱ
3534 4209 3768 4276 μαχηταί

2201 4309 2292 4345 σου
2315 4295 2364 4345 οἱ
2395 4295 2458 4346 ὲκ
2486 4294 2692 4362 Θεμὰν,
2725 4295 2871 4358 ὃπως
2920 4293 3118 4364 ἐξαρθῇ
3172 4294 3454 4364 ἄνθρωπος
3505 4296 3564 4359 ἐξ
3610 4295 3766 4364 ὄρους

2208 4384 2402 4446 Ἡσαῦ,
2427 4384 2517 4437 διὰ
2549 4385 2648 4453 τὴν
2685 4386 2898 4456 σφαγὴν
2930 4388 3024 4439 καὶ
3053 4386 3149 4456 τὴν
3177 4386 3430 4440 ἀσέϐειαν
3456 4386 3551 4454 τὴν
3580 4387 3658 4449 εἰς
3679 4386 3766 4438 τὸν

2199 4475 2426 4543 ἀδελφόν
2466 4492 2558 4526 σου
2597 4474 2825 4527 Ἰακῶϐο
2863 4477 2960 4529 καὶ
3009 4476 3238 4546 καλύψει
3285 4494 3342 4531 σε
3377 4477 3633 4546 αἰσχύνη,
3675 4476 3768 4528 καὶ

519 4584 664 4623 unus
708 4584 773 4622 ex
817 4568 921 4622 illis
951 4567 1017 4619 ".
1062 4587 1080 4620 ι
1134 4568 1292 4632 Ecce,
1349 4578 1407 4621 ut
1463 4568 1696 4624 Persicas
1768 4572 2098 4626 crudelitatis

2203 4566 2476 4638 ἐξαρθήσῃ
2497 4569 2575 4630 είς
2606 4566 2692 4619 τὸν
2727 4567 2915 4629 αἰῶνα,
2945 4567 3036 4636 ἀφ’
3069 4563 3136 4639 ἦς
3170 4568 3383 4639 ἡμέρας
3414 4568 3674 4638 ἀντέστης
3711 4567 3767 4631 ἐξ

521 4660 820 4712 imitatores
851 4657 1193 4721 exstiterunt,
1227 4667 1283 4712 et
1307 4659 1397 4727 qui
1435 4658 1657 4712 salutem
1681 4665 2092 4728 exspectabant,

519 4759 573 4805 et
603 4758 885 4818 propterea
911 4759 1165 4815 tauquam
1185 4749 1251 4801 ad
1292 4748 1491 4802 fratres
1541 4758 1596 4802 et
1661 4750 1869 4803 vicinos
1924 4750 2091 4817 ibant,

519 4855 614 4896 eos
645 4840 986 4893 trucidarunt
1033 4841 1363 4892 immaniter.
1399 4840 1576 4906 Quare
1623 4839 1901 4912 Babylonii
1965 4857 2089 4896 cum

517 4931 822 4986 Judaaorum
864 4929 1137 4998 regionem
1185 4930 1478 4998 cepissent,
1525 4930 1728 4984 reducti
1762 4931 2014 4998 deinceps
2043 4931 2095 4984 iu

520 5037 673 5074 suam
733 5021 987 5090 patriam,
1023 5020 1199 5072 obiter
1263 5021 1566 5088 depOpulati
1616 5032 1740 5074 sunt
1791 5020 2096 5075 Idmnaaam.

519 5112 789 5180 Ceperunt
818 5110 962 5164 enim
993 5125 1183 5163 omnes
1217 5109 1376 5163 facile
1415 5125 1569 5173 sane,
1611 5122 1668 5165 et
1725 5113 1928 5180 absque
1976 5113 2096 5178 pul-

521 5215 672 5264 vere,
710 5200 801 5254 Dei
831 5201 908 5253 ira
941 5200 1047 5253 illis
1085 5203 1418 5255 imminente.
1461 5203 1526 5255 Et
1561 5218 1746 5258 rursus
1799 5205 1934 5258 dixit
1970 5219 2099 5257 voce

520 5291 742 5345 Abdiae:
793 5309 812 5342 ι
843 5290 1130 5360 Propterea
1176 5308 1341 5360 pr0pe
1386 5303 1468 5352 est
1524 5295 1636 5347 dies
1681 5296 1889 5348 Domini
1941 5310 2099 5364 super

521 5396 708 5434 clunes
735 5391 956 5449 gentes:
985 5384 1436 5451 quemadmodum
1473 5384 1667 5450 fecisti,
1707 5388 1777 5438 ita
1808 5387 1914 5439 erit
1947 5387 2042 5440 tibi
2073 5404 2090 5440 :

525 5473 806 5526 retributio
835 5481 921 5527 tua
978 5474 1306 5528 retribuetur
1339 5474 1392 5528 in
1418 5485 1581 5544 caput
1647 5486 1795 5530 tuum
1819 5475 1886 5530 ⁸⁸.
1926 5493 1946 5526 ι
1980 5475 2090 5529 Hoc

524 5563 690 5632 igitur
731 5572 816 5618 est
871 5566 1025 5634 quasi
1063 5565 1214 5621 brevi
1265 5567 1603 5635 compendio,
1662 5567 1776 5633 ejus
1817 5581 1936 5634 qua:
1981 5582 2091 5636 prae

525 5654 774 5709 manibus
808 5665 892 5710 est
922 5657 1145 5711 visionis
1173 5668 1572 5728 argumentum.
1616 5656 2087 5729 Progrediendum

591 5835 639 5869 ³⁸
667 5834 824 5891 Num.
862 5851 952 5904 xx,
987 5835 1174 5891 14-18.
1251 5839 1295 5869 ⁸⁷
1325 5837 1507 5892 Abdia:
1546 5852 1584 5901 ι,
1613 5836 1762 5891 8-11.
1838 5836 1883 5916 _“
1910 5836 2040 5892 ibid.
2074 5836 2158 5892 15.

2196 4659 2444 4722 ἐναντίας
2475 4699 2488 4723 ,
2549 4660 2607 4710 ἐν
2661 4658 2842 4729 ἡμέρᾳ
2895 4659 3408 4728 αἱχμαλωτευόντων
3468 4656 3767 4725 ἀλλογενῶν

2195 4750 2424 4820 δύναμιν
2481 4750 2674 4803 αὐτοῦ·
2720 4751 2812 4803 καὶ
2856 4751 3123 4821 ἀλλότριοι
3176 4751 3421 4820 εἰσῆλθον
3464 4752 3544 4810 είς
3593 4748 3767 4812 πύλας

2197 4843 2360 4894 αὐτοῦ
2380 4859 2392 4870 ⁸
2423 4843 2514 4895 καὶ
2543 4843 2635 4895 ἐπὶ
2668 4842 3021 4912 Ἰερουσαλὴμ
3057 4842 3247 4896 ἔϐαλον
3286 4843 3542 4913 κλήρουςο
3578 4843 3670 4896 καὶ
3701 4843 3766 4896 σὺ

2197 4927 2266 5002 ἦς
2313 4933 2390 4995 ὼς
2435 4928 2516 4995 εἷς
2563 4932 2622 4998 ἐξ
2670 4932 2872 4986 αὐτῶν.
2916 4952 2933 4984 ι
2989 4933 3175 5004 Ἀθρει
3220 4933 3283 5001 δὴ
3338 4931 3431 4986 οὖν
3471 4935 3619 4998 ὅπως
3669 4934 3766 5004 τῆς

2201 5024 2475 5095 Περσικῆς
2534 5023 2841 5094 ὠμότητος“’ξ
2870 5026 3123 5094 γεγόνασι
3173 5025 3429 5095 μιμηταὶ,
3493 5025 3590 5077 καὶ
3641 5016 3792 5088 τοὺς

2196 5113 2566 5177 ἀνα-σώζεσθαι
2599 5115 3098 5186 προσδοκήσαντας,
3139 5116 3342 5186 ταύτης
3372 5133 3430 5168 τε
3471 5116 3632 5169 ἕνεκα
3667 5117 3766 5186 τῆς

2197 5205 2374 5269 αἰτίας
2416 5207 2492 5270 ὡς
2521 5207 2657 5278 προς
2707 5208 2969 5276 ἀδελφοὺς
3017 5209 3190 5270 ἰόντας
3225 5209 3320 5261 καὶ
3369 5207 3614 5274 γείτονας
3657 5209 3764 5261 ἁπ-

2195 5297 2477 5350 εκτόνασιν
2531 5297 2793 5366 ἀνηλεῶς.
2840 5298 3082 5360 Ἐλόντες
3127 5300 3303 5352 τοίνυν
3351 5299 3447 5369 τὴν
3491 5299 3597 5353 τῶν
3637 5299 3765 5351 Ἰου-

2196 5387 2362 5440 δαίων
2390 5387 2575 5459 χὼραν
2607 5392 2654 5442 οἱ
2685 5389 3038 5452 Βαϐυλώνιοι,
3077 5389 3535 5461 ἀνακομιζόμενοί
3565 5407 3624 5443 τε
3656 5389 3764 5442 λοι-

2198 5479 2298 5530 πὸν
2341 5481 2421 5542 εἰς
2463 5479 2561 5550 τὴν
2602 5478 2829 5544 ἑαυτῶν,
2863 5480 2982 5534 ὁδοῦ
3031 5483 3306 5553 πάρεργον
3358 5480 3635 5536 ἐποιοῦντο
3670 5480 3764 5552 τῆς

2209 5569 2508 5640 Ἰδουμαίας
2543 5571 2641 5641 τὴν
2667 5572 2886 5642 δῄωσιν.
2919 5567 3078 5626 Εἷλον
3103 5575 3211 5644 γάρ
3239 5576 3483 5638 ἅπαντας
3515 5574 3608 5628 καὶ
3645 5571 3764 5625 λίαν

2198 5661 2424 5727 ἀκονιτὶ,
2479 5663 2613 5715 Θεοῦ
2666 5664 2762 5719 τὴν
2817 5664 2989 5732 ὀργὴν
3043 5666 3365 5734 ἐπαφιέντος
3417 5666 3618 5728 αὐτοῖς.
3659 5662 3765 5718 Καὶ
