  <div class='ocr_page' id='page_1' title='image "/cluster/home/n/w/nwhite01/storage/ocr_20150623/70/nnc1.0046980253/266.png"; bbox 0 0 4148 6374; ppageno 0'>
   <div class='ocr_carea' id='block_1_1' title="bbox 419 385 518 440">
    <p class='ocr_par' dir='ltr' id='par_1_1' title="bbox 419 385 518 440">
     <span class='ocr_line' id='line_1_1' title="bbox 419 385 518 440; baseline -0.02 0"><span class='ocrx_word' id='word_1_1' title='bbox 419 385 518 440; x_wconf 64' lang='lat'><strong>597</strong></span> 
     </span>
    </p>
   </div>
   <div class='ocr_carea' id='block_1_2' title="bbox 1518 399 2530 464">
    <p class='ocr_par' dir='ltr' id='par_1_2' title="bbox 1518 399 2530 464">
     <span class='ocr_line' id='line_1_2' title="bbox 1518 399 2530 464; baseline 0.007 -10"><span class='ocrx_word' id='word_1_2' title='bbox 1518 399 1585 454; x_wconf 83' lang='lat' dir='ltr'><strong>IN</strong></span> <span class='ocrx_word' id='word_1_3' title='bbox 1625 400 1858 457; x_wconf 70' lang='lat' dir='ltr'><strong>ISAIAM</strong></span> <span class='ocrx_word' id='word_1_4' title='bbox 1896 404 2023 459; x_wconf 86' lang='lat' dir='ltr'><strong>LIB.</strong></span> <span class='ocrx_word' id='word_1_5' title='bbox 2064 403 2127 459; x_wconf 88' lang='lat' dir='ltr'><strong>ll.</strong></span> <span class='ocrx_word' id='word_1_6' title='bbox 2171 405 2405 464; x_wconf 75' lang='lat' dir='ltr'><strong>TOMUS</strong></span> <span class='ocrx_word' id='word_1_7' title='bbox 2440 407 2530 462; x_wconf 81' lang='lat' dir='ltr'><strong>IV.</strong></span> 
     </span>
    </p>
   </div>
   <div class='ocr_carea' id='block_1_3' title="bbox 3559 415 3667 471">
    <p class='ocr_par' dir='ltr' id='par_1_3' title="bbox 3559 415 3667 471">
     <span class='ocr_line' id='line_1_3' title="bbox 3559 415 3667 471; baseline -0.009 0"><span class='ocrx_word' id='word_1_8' title='bbox 3559 415 3667 471; x_wconf 73' lang='grc'><strong>498</strong></span> 
     </span>
    </p>
   </div>
   <div class='ocr_carea' id='block_1_4' title="bbox 423 506 2002 608">
    <p class='ocr_par' dir='ltr' id='par_1_4' title="bbox 423 506 1989 608">
     <span class='ocr_line' id='line_1_4' title="bbox 423 506 1989 608; baseline 0.014 -51"><span class='ocrx_word' id='word_1_9' title='bbox 423 506 544 608; x_wconf 69' lang='grc' dir='ltr'>γοῦν</span> <span class='ocrx_word' id='word_1_10' title='bbox 574 507 683 579; x_wconf 73' lang='grc' dir='ltr'>ἔφη</span> <span class='ocrx_word' id='word_1_11' title='bbox 709 511 869 565; x_wconf 80' lang='grc' dir='ltr'>πάλιν</span> <span class='ocrx_word' id='word_1_12' title='bbox 892 513 979 567; x_wconf 77' lang='grc' dir='ltr'>διὰ</span> <span class='ocrx_word' id='word_1_13' title='bbox 1018 518 1201 587; x_wconf 79' lang='grc' dir='ltr'>φωνῆς</span> <span class='ocrx_word' id='word_1_14' title='bbox 1236 520 1443 573; x_wconf 80' lang='grc' dir='ltr'>Ἀὅδίου</span> <span class='ocrx_word' id='word_1_15' title='bbox 1465 539 1478 551; x_wconf 90' lang='grc'><strong>·</strong></span> <span class='ocrx_word' id='word_1_16' title='bbox 1517 542 1536 573; x_wconf 77' lang='grc' dir='ltr'><strong>ι</strong></span> <span class='ocrx_word' id='word_1_17' title='bbox 1575 524 1722 576; x_wconf 85' lang='grc' dir='ltr'>Διότι</span> <span class='ocrx_word' id='word_1_18' title='bbox 1754 526 1921 592; x_wconf 79' lang='grc' dir='ltr'>ἐγγὺς</span> <span class='ocrx_word' id='word_1_19' title='bbox 1956 528 1989 596; x_wconf 83' lang='grc' dir='ltr'>ἡ</span> 
     </span>
    </p>
   </div>
   <div class='ocr_carea' id='block_1_5' title="bbox 2102 506 3712 608">
    <p class='ocr_par' dir='ltr' id='par_1_5' title="bbox 2102 531 3712 608">
     <span class='ocr_line' id='line_1_5' title="bbox 2102 531 3712 608; baseline 0.007 -28"><span class='ocrx_word' id='word_1_20' title='bbox 2102 538 2179 581; x_wconf 80' lang='grc' dir='ltr'><strong>εει</strong></span> <span class='ocrx_word' id='word_1_21' title='bbox 2208 538 2387 582; x_wconf 89' lang='lat' dir='ltr'><strong>autem</strong></span> <span class='ocrx_word' id='word_1_22' title='bbox 2432 532 2498 585; x_wconf 86' lang='lat' dir='ltr'><strong>ad</strong></span> <span class='ocrx_word' id='word_1_23' title='bbox 2526 531 2731 601; x_wconf 83' lang='lat' dir='ltr'><strong>singula</strong></span> <span class='ocrx_word' id='word_1_24' title='bbox 2762 537 3062 602; x_wconf 87' lang='lat' dir='ltr'><strong>tractanda,</strong></span> <span class='ocrx_word' id='word_1_25' title='bbox 3120 550 3273 608; x_wconf 90' lang='lat' dir='ltr'><strong>prout</strong></span> <span class='ocrx_word' id='word_1_26' title='bbox 3333 554 3518 594; x_wconf 87' lang='lat' dir='ltr'><strong>eorum</strong></span> <span class='ocrx_word' id='word_1_27' title='bbox 3547 553 3667 608; x_wconf 65' lang='lat' dir='ltr'><strong>quae</strong></span> <span class='ocrx_word' id='word_1_28' title='bbox 3708 586 3712 590; x_wconf 87' lang='lat'><strong>.</strong></span> 
     </span>
    </p>
   </div>
   <div class='ocr_carea' id='block_1_6' title="bbox 418 600 1984 688">
    <p class='ocr_par' dir='ltr' id='par_1_6' title="bbox 418 600 1984 688">
     <span class='ocr_line' id='line_1_6' title="bbox 418 600 1984 688; baseline 0.011 -37"><span class='ocrx_word' id='word_1_29' title='bbox 418 600 596 670; x_wconf 64' lang='grc' dir='ltr'>ἡμέρα</span> <span class='ocrx_word' id='word_1_30' title='bbox 629 603 833 673; x_wconf 80' lang='grc' dir='ltr'><strong>Κυρίου</strong></span> <span class='ocrx_word' id='word_1_31' title='bbox 861 606 951 659; x_wconf 77' lang='grc' dir='ltr'><strong>ἐπὶ</strong></span> <span class='ocrx_word' id='word_1_32' title='bbox 980 608 1158 663; x_wconf 83' lang='grc' dir='ltr'>πάντα</span> <span class='ocrx_word' id='word_1_33' title='bbox 1185 611 1253 665; x_wconf 74' lang='grc' dir='ltr'>τὰ</span> <span class='ocrx_word' id='word_1_34' title='bbox 1282 612 1407 685; x_wconf 76' lang='grc' dir='ltr'>ἔθνη</span> <span class='ocrx_word' id='word_1_35' title='bbox 1430 630 1442 643; x_wconf 89' lang='grc'><strong>·</strong></span> <span class='ocrx_word' id='word_1_36' title='bbox 1472 614 1529 667; x_wconf 79' lang='grc' dir='ltr'>ὃν</span> <span class='ocrx_word' id='word_1_37' title='bbox 1569 618 1766 686; x_wconf 79' lang='grc' dir='ltr'>τρόπον</span> <span class='ocrx_word' id='word_1_38' title='bbox 1797 619 1984 688; x_wconf 78' lang='grc' dir='ltr'>ἐποίη-</span> 
     </span>
    </p>
   </div>
   <div class='ocr_carea' id='block_1_7' title="bbox 2096 624 2954 694">
    <p class='ocr_par' dir='ltr' id='par_1_7' title="bbox 2096 624 2954 694">
     <span class='ocr_line' id='line_1_7' title="bbox 2096 624 2954 694; baseline 0.012 -22"><span class='ocrx_word' id='word_1_39' title='bbox 2096 624 2294 689; x_wconf 82' lang='lat' dir='ltr'><strong>seripta</strong></span> <span class='ocrx_word' id='word_1_40' title='bbox 2357 631 2481 676; x_wconf 92' lang='lat' dir='ltr'><strong>sunt</strong></span> <span class='ocrx_word' id='word_1_41' title='bbox 2514 625 2646 679; x_wconf 84' lang='lat' dir='ltr'><strong>ordo</strong></span> <span class='ocrx_word' id='word_1_42' title='bbox 2699 628 2954 694; x_wconf 74' lang='lat' dir='ltr'><strong>postulat.</strong></span> 
     </span>
    </p>
   </div>
   <div class='ocr_carea' id='block_1_8' title="bbox 417 692 3667 796">
    <p class='ocr_par' dir='ltr' id='par_1_8' title="bbox 417 692 3667 796">
     <span class='ocr_line' id='line_1_8' title="bbox 417 692 3667 796; baseline 0.012 -54"><span class='ocrx_word' id='word_1_43' title='bbox 417 708 532 757; x_wconf 83' lang='grc' dir='ltr'>σας,</span> <span class='ocrx_word' id='word_1_44' title='bbox 564 692 737 758; x_wconf 78' lang='grc' dir='ltr'>οὕτως</span> <span class='ocrx_word' id='word_1_45' title='bbox 763 696 915 751; x_wconf 75' lang='grc' dir='ltr'>ἔσται</span> <span class='ocrx_word' id='word_1_46' title='bbox 948 715 1065 752; x_wconf 77' lang='grc' dir='ltr'>σοι’</span> <span class='ocrx_word' id='word_1_47' title='bbox 1096 703 1159 754; x_wconf 86' lang='grc' dir='ltr'><strong>τὸ</strong></span> <span class='ocrx_word' id='word_1_48' title='bbox 1197 704 1546 782; x_wconf 73' lang='grc' dir='ltr'>ἀνταπόδομά</span> <span class='ocrx_word' id='word_1_49' title='bbox 1594 727 1687 761; x_wconf 91' lang='grc' dir='ltr'><strong>σου</strong></span> <span class='ocrx_word' id='word_1_50' title='bbox 1746 712 2244 782; x_wconf 77' lang='grc' dir='ltr'><strong>ἀνταποδοθήσεται</strong></span> <span class='ocrx_word' id='word_1_51' title='bbox 2289 717 2369 779; x_wconf 74' lang='grc' dir='ltr'>εἰς</span> <span class='ocrx_word' id='word_1_52' title='bbox 2442 718 2685 790; x_wconf 76' lang='grc' dir='ltr'>κεφαλήν</span> <span class='ocrx_word' id='word_1_53' title='bbox 2717 738 2831 774; x_wconf 89' lang='grc' dir='ltr'>σου.</span> <span class='ocrx_word' id='word_1_54' title='bbox 2872 742 2889 773; x_wconf 72' lang='grc' dir='ltr'><strong>ι</strong></span> <span class='ocrx_word' id='word_1_55' title='bbox 2925 723 3072 793; x_wconf 71' lang='grc' dir='ltr'>Αὕτη</span> <span class='ocrx_word' id='word_1_56' title='bbox 3140 725 3318 779; x_wconf 83' lang='grc' dir='ltr'>τοίνυν</span> <span class='ocrx_word' id='word_1_57' title='bbox 3353 728 3411 779; x_wconf 81' lang='grc' dir='ltr'>ἐν</span> <span class='ocrx_word' id='word_1_58' title='bbox 3445 724 3667 796; x_wconf 83' lang='grc' dir='ltr'>βραχέσι</span> 
     </span>
    </p>
   </div>
   <div class='ocr_carea' id='block_1_9' title="bbox 416 789 3670 894">
    <p class='ocr_par' dir='ltr' id='par_1_9' title="bbox 416 789 3670 894">
     <span class='ocr_line' id='line_1_9' title="bbox 416 789 3670 894; baseline 0.011 -56"><span class='ocrx_word' id='word_1_59' title='bbox 416 789 509 891; x_wconf 61' lang='grc' dir='ltr'><strong>της</strong></span> <span class='ocrx_word' id='word_1_60' title='bbox 537 789 597 894; x_wconf 61' lang='grc' dir='ltr'><strong>έν</strong></span> <span class='ocrx_word' id='word_1_61' title='bbox 624 791 810 894; x_wconf 72' lang='grc' dir='ltr'>χερσὶν</span> <span class='ocrx_word' id='word_1_62' title='bbox 835 794 993 862; x_wconf 88' lang='grc' dir='ltr'>ήμῶν</span> <span class='ocrx_word' id='word_1_63' title='bbox 1023 797 1321 894; x_wconf 78' lang='grc' dir='ltr'>ὁράσεωςὴ</span> <span class='ocrx_word' id='word_1_64' title='bbox 1354 802 1626 868; x_wconf 83' lang='grc' dir='ltr'>ὑπόθεσις.</span> <span class='ocrx_word' id='word_1_65' title='bbox 1659 807 1769 859; x_wconf 76' lang='grc' dir='ltr'>Καὶ</span> <span class='ocrx_word' id='word_1_66' title='bbox 1825 806 1887 877; x_wconf 83' lang='grc' dir='ltr'>δὴ</span> <span class='ocrx_word' id='word_1_67' title='bbox 1923 809 2017 861; x_wconf 63' lang='grc' dir='ltr'><strong>κοιλ¹</strong></span> <span class='ocrx_word' id='word_1_68' title='bbox 2094 809 2233 863; x_wconf 80' lang='grc' dir='ltr'>ἰτέον</span> <span class='ocrx_word' id='word_1_69' title='bbox 2289 812 2429 881; x_wconf 90' lang='grc' dir='ltr'>πρόσ</span> <span class='ocrx_word' id='word_1_70' title='bbox 2463 831 2527 882; x_wconf 90' lang='grc' dir='ltr'><strong>γε</strong></span> <span class='ocrx_word' id='word_1_71' title='bbox 2554 789 2647 868; x_wconf 14' lang='grc' dir='ltr'><strong>τὰν</strong></span> <span class='ocrx_word' id='word_1_72' title='bbox 2680 816 2909 885; x_wconf 76' lang='grc' dir='ltr'>ἕκαστα,</span> <span class='ocrx_word' id='word_1_73' title='bbox 2967 789 3109 875; x_wconf 78' lang='grc' dir='ltr'>κατά</span> <span class='ocrx_word' id='word_1_74' title='bbox 3163 841 3226 892; x_wconf 90' lang='grc' dir='ltr'><strong>γε</strong></span> <span class='ocrx_word' id='word_1_75' title='bbox 3282 825 3344 877; x_wconf 79' lang='grc' dir='ltr'>τὸ</span> <span class='ocrx_word' id='word_1_76' title='bbox 3391 789 3670 894; x_wconf 70' lang='grc' dir='ltr'>ἐγχωροῦν</span> 
     </span>
    </p>
   </div>
   <div class='ocr_carea' id='block_1_10' title="bbox 416 880 1174 957">
    <p class='ocr_par' dir='ltr' id='par_1_10' title="bbox 416 880 1174 957">
     <span class='ocr_line' id='line_1_10' title="bbox 416 880 1174 957; baseline 0.017 -28"><span class='ocrx_word' id='word_1_77' title='bbox 416 881 588 932; x_wconf 77' lang='grc' dir='ltr'>εἰπεῖν</span> <span class='ocrx_word' id='word_1_78' title='bbox 620 880 690 933; x_wconf 75' lang='grc' dir='ltr'>τὰ</span> <span class='ocrx_word' id='word_1_79' title='bbox 723 884 1174 957; x_wconf 79' lang='grc' dir='ltr'><strong>ἐγγεγραμμένα.</strong></span> 
     </span>
    </p>
   </div>
   <div class='ocr_carea' id='block_1_11' title="bbox 484 972 1526 1051">
    <p class='ocr_par' dir='ltr' id='par_1_11' title="bbox 484 972 1526 1051">
     <span class='ocr_line' id='line_1_11' title="bbox 484 972 1526 1051; baseline 0.012 -28"><span class='ocrx_word' id='word_1_80' title='bbox 484 972 637 1038; x_wconf 81' lang='grc' dir='ltr'>Πρὸς</span> <span class='ocrx_word' id='word_1_81' title='bbox 674 974 777 1042; x_wconf 73' lang='grc' dir='ltr'><strong>ἐμὲ</strong></span> <span class='ocrx_word' id='word_1_82' title='bbox 806 975 975 1030; x_wconf 69' lang='grc' dir='ltr'>κάλει</span> <span class='ocrx_word' id='word_1_83' title='bbox 1013 978 1172 1047; x_wconf 82' lang='grc' dir='ltr'>παρὰ</span> <span class='ocrx_word' id='word_1_84' title='bbox 1197 981 1303 1034; x_wconf 82' lang='grc' dir='ltr'>τοῦ</span> <span class='ocrx_word' id='word_1_85' title='bbox 1333 983 1526 1051; x_wconf 83' lang='grc' dir='ltr'>Σηεῖρ.</span> 
     </span>
    </p>
   </div>
   <div class='ocr_carea' id='block_1_12' title="bbox 482 1056 1989 1149">
    <p class='ocr_par' dir='ltr' id='par_1_12' title="bbox 482 1064 1989 1149">
     <span class='ocr_line' id='line_1_12' title="bbox 482 1064 1989 1149; baseline 0.011 -33"><span class='ocrx_word' id='word_1_86' title='bbox 482 1064 631 1135; x_wconf 78' lang='grc' dir='ltr'>Αὕτη</span> <span class='ocrx_word' id='word_1_87' title='bbox 652 1069 684 1137; x_wconf 83' lang='grc' dir='ltr'>ἡ</span> <span class='ocrx_word' id='word_1_88' title='bbox 712 1068 862 1139; x_wconf 83' lang='grc' dir='ltr'>φωνὴ</span> <span class='ocrx_word' id='word_1_89' title='bbox 888 1070 980 1135; x_wconf 75' lang='grc' dir='ltr'>τοῦ</span> <span class='ocrx_word' id='word_1_90' title='bbox 1006 1073 1220 1125; x_wconf 88' lang='grc' dir='ltr'>πάντων</span> <span class='ocrx_word' id='word_1_91' title='bbox 1248 1077 1572 1145; x_wconf 75' lang='grc' dir='ltr'>κρατοῦντος</span> <span class='ocrx_word' id='word_1_92' title='bbox 1599 1078 1732 1131; x_wconf 77' lang='grc' dir='ltr'>Θεοῦ</span> <span class='ocrx_word' id='word_1_93' title='bbox 1751 1078 1829 1149; x_wconf 81' lang='grc' dir='ltr'><strong>τῷ</strong></span> <span class='ocrx_word' id='word_1_94' title='bbox 1853 1097 1989 1149; x_wconf 83' lang='grc' dir='ltr'>προ-</span> 
     </span>
    </p>
   </div>
   <div class='ocr_carea' id='block_1_13' title="bbox 416 1156 1993 1240">
    <p class='ocr_par' dir='ltr' id='par_1_13' title="bbox 416 1156 1993 1240">
     <span class='ocr_line' id='line_1_13' title="bbox 416 1156 1993 1240; baseline 0.011 -35"><span class='ocrx_word' id='word_1_95' title='bbox 416 1156 558 1229; x_wconf 60' lang='grc' dir='ltr'><strong>φήτῃ</strong></span> <span class='ocrx_word' id='word_1_96' title='bbox 595 1156 862 1225; x_wconf 88' lang='grc' dir='ltr'>λεγόντος,</span> <span class='ocrx_word' id='word_1_97' title='bbox 893 1161 967 1224; x_wconf 81' lang='grc' dir='ltr'>ὡς</span> <span class='ocrx_word' id='word_1_98' title='bbox 998 1164 1195 1216; x_wconf 76' lang='grc' dir='ltr'>αὐτίκα</span> <span class='ocrx_word' id='word_1_99' title='bbox 1217 1164 1280 1235; x_wconf 84' lang='grc' dir='ltr'>δὴ</span> <span class='ocrx_word' id='word_1_100' title='bbox 1315 1167 1458 1235; x_wconf 88' lang='grc' dir='ltr'>μάλα</span> <span class='ocrx_word' id='word_1_101' title='bbox 1489 1169 1723 1238; x_wconf 84' lang='grc' dir='ltr'>πολέμου</span> <span class='ocrx_word' id='word_1_102' title='bbox 1753 1171 1851 1240; x_wconf 82' lang='grc' dir='ltr'>τῆς</span> <span class='ocrx_word' id='word_1_103' title='bbox 1882 1170 1993 1223; x_wconf 92' lang='grc' dir='ltr'><strong>τῶν</strong></span> 
     </span>
    </p>
   </div>
   <div class='ocr_carea' id='block_1_14' title="bbox 426 1248 1991 1334">
    <p class='ocr_par' dir='ltr' id='par_1_14' title="bbox 426 1248 1991 1334">
     <span class='ocr_line' id='line_1_14' title="bbox 426 1248 1991 1334; baseline 0.011 -35"><span class='ocrx_word' id='word_1_104' title='bbox 426 1248 737 1319; x_wconf 78' lang='grc' dir='ltr'>Ἰδουμαίων</span> <span class='ocrx_word' id='word_1_105' title='bbox 786 1253 1238 1324; x_wconf 71' lang='grc' dir='ltr'>κατασκήψαντος</span> <span class='ocrx_word' id='word_1_106' title='bbox 1274 1261 1398 1329; x_wconf 85' lang='grc' dir='ltr'>γῆς,</span> <span class='ocrx_word' id='word_1_107' title='bbox 1438 1262 1807 1331; x_wconf 79' lang='grc' dir='ltr'>τραπήσονται</span> <span class='ocrx_word' id='word_1_108' title='bbox 1854 1262 1991 1334; x_wconf 85' lang='grc' dir='ltr'>πρὸς</span> 
     </span>
    </p>
   </div>
   <div class='ocr_carea' id='block_1_15' title="bbox 415 1340 1992 1425">
    <p class='ocr_par' dir='ltr' id='par_1_15' title="bbox 415 1340 1992 1425">
     <span class='ocr_line' id='line_1_15' title="bbox 415 1340 1992 1425; baseline 0.011 -34"><span class='ocrx_word' id='word_1_109' title='bbox 415 1341 587 1410; x_wconf 48' lang='lat' dir='ltr'><strong>auri-pi</strong></span> <span class='ocrx_word' id='word_1_110' title='bbox 616 1340 851 1407; x_wconf 76' lang='grc' dir='ltr'>ἅπαντες</span> <span class='ocrx_word' id='word_1_111' title='bbox 887 1346 936 1396; x_wconf 87' lang='grc' dir='ltr'>οἱ</span> <span class='ocrx_word' id='word_1_112' title='bbox 978 1347 1357 1413; x_wconf 68' lang='grc' dir='ltr'>κατοικοῦντες</span> <span class='ocrx_word' id='word_1_113' title='bbox 1389 1352 1578 1422; x_wconf 80' lang='grc' dir='ltr'>αὑτήν.</span> <span class='ocrx_word' id='word_1_114' title='bbox 1612 1355 1776 1425; x_wconf 90' lang='grc' dir='ltr'>Σηεῖρ</span> <span class='ocrx_word' id='word_1_115' title='bbox 1806 1354 1863 1408; x_wconf 80' lang='grc' dir='ltr'>δὲ</span> <span class='ocrx_word' id='word_1_116' title='bbox 1891 1356 1992 1424; x_wconf 84' lang='grc' dir='ltr'><strong>τῆς</strong></span> 
     </span>
    </p>
   </div>
   <div class='ocr_carea' id='block_1_16' title="bbox 422 1431 1998 1517">
    <p class='ocr_par' dir='ltr' id='par_1_16' title="bbox 422 1431 1998 1517">
     <span class='ocr_line' id='line_1_16' title="bbox 422 1431 1998 1517; baseline 0.011 -34"><span class='ocrx_word' id='word_1_117' title='bbox 422 1431 723 1501; x_wconf 85' lang='grc' dir='ltr'>Ἰδουμαίας</span> <span class='ocrx_word' id='word_1_118' title='bbox 750 1435 873 1506; x_wconf 79' lang='grc' dir='ltr'>ὅρος</span> <span class='ocrx_word' id='word_1_119' title='bbox 895 1438 1013 1491; x_wconf 79' lang='grc' dir='ltr'>ἐστὶ</span> <span class='ocrx_word' id='word_1_120' title='bbox 1046 1442 1419 1511; x_wconf 80' lang='grc' dir='ltr'>παμμέγεθες,</span> <span class='ocrx_word' id='word_1_121' title='bbox 1446 1445 1534 1514; x_wconf 68' lang='grc' dir='ltr'><strong>ὑφ’</strong></span> <span class='ocrx_word' id='word_1_122' title='bbox 1558 1440 1602 1513; x_wconf 80' lang='grc' dir='ltr'>ᾧ</span> <span class='ocrx_word' id='word_1_123' title='bbox 1625 1446 1842 1514; x_wconf 87' lang='grc' dir='ltr'>λέγεται</span> <span class='ocrx_word' id='word_1_124' title='bbox 1867 1448 1998 1517; x_wconf 70' lang='grc' dir='ltr'>λαμι</span> 
     </span>
    </p>
   </div>
   <div class='ocr_carea' id='block_1_17' title="bbox 416 1524 1995 1606">
    <p class='ocr_par' dir='ltr' id='par_1_17' title="bbox 416 1524 1995 1606">
     <span class='ocr_line' id='line_1_17' title="bbox 416 1524 1995 1606; baseline 0.011 -31"><span class='ocrx_word' id='word_1_125' title='bbox 416 1524 526 1593; x_wconf 68' lang='grc' dir='ltr'><strong>πρά</strong></span> <span class='ocrx_word' id='word_1_126' title='bbox 564 1526 692 1595; x_wconf 86' lang='grc' dir='ltr'>παρ’</span> <span class='ocrx_word' id='word_1_127' title='bbox 726 1527 906 1592; x_wconf 80' lang='grc' dir='ltr'>αὐτοῖς</span> <span class='ocrx_word' id='word_1_128' title='bbox 938 1524 1075 1583; x_wconf 81' lang='grc' dir='ltr'>εἶναι</span> <span class='ocrx_word' id='word_1_129' title='bbox 1108 1533 1280 1597; x_wconf 86' lang='grc' dir='ltr'>πόλις.</span> <span class='ocrx_word' id='word_1_130' title='bbox 1324 1535 1409 1599; x_wconf 84' lang='grc' dir='ltr'>Ὠς</span> <span class='ocrx_word' id='word_1_131' title='bbox 1450 1532 1543 1589; x_wconf 75' lang='grc' dir='ltr'><strong>οὖν</strong></span> <span class='ocrx_word' id='word_1_132' title='bbox 1588 1537 1886 1606; x_wconf 84' lang='grc' dir='ltr'>μελλόντων</span> <span class='ocrx_word' id='word_1_133' title='bbox 1919 1539 1995 1603; x_wconf 85' lang='grc' dir='ltr'>ὡς</span> 
     </span>
    </p>
   </div>
   <div class='ocr_carea' id='block_1_18' title="bbox 416 1618 1991 1702">
    <p class='ocr_par' dir='ltr' id='par_1_18' title="bbox 416 1618 1991 1702">
     <span class='ocr_line' id='line_1_18' title="bbox 416 1618 1991 1702; baseline 0.011 -34"><span class='ocrx_word' id='word_1_134' title='bbox 416 1618 620 1671; x_wconf 79' lang='grc' dir='ltr'>οὐδέπω</span> <span class='ocrx_word' id='word_1_135' title='bbox 664 1622 966 1689; x_wconf 73' lang='grc' dir='ltr'>τραπέσθαι</span> <span class='ocrx_word' id='word_1_136' title='bbox 1005 1626 1143 1695; x_wconf 77' lang='grc' dir='ltr'>πρὸς</span> <span class='ocrx_word' id='word_1_137' title='bbox 1185 1629 1363 1698; x_wconf 72' lang='grc' dir='ltr'>φυγὴν</span> <span class='ocrx_word' id='word_1_138' title='bbox 1405 1629 1512 1682; x_wconf 90' lang='grc' dir='ltr'><strong>τῶν</strong></span> <span class='ocrx_word' id='word_1_139' title='bbox 1541 1630 1598 1695; x_wconf 76' lang='grc' dir='ltr'>ἐξ</span> <span class='ocrx_word' id='word_1_140' title='bbox 1625 1631 1783 1701; x_wconf 75' lang='grc' dir='ltr'>ὅρους</span> <span class='ocrx_word' id='word_1_141' title='bbox 1808 1633 1991 1702; x_wconf 85' lang='grc' dir='ltr'>Σηεῖρ,</span> 
     </span>
    </p>
   </div>
   <div class='ocr_carea' id='block_1_19' title="bbox 417 1707 1990 1789">
    <p class='ocr_par' dir='ltr' id='par_1_19' title="bbox 417 1707 1990 1789">
     <span class='ocr_line' id='line_1_19' title="bbox 417 1707 1990 1789; baseline 0.009 -31"><span class='ocrx_word' id='word_1_142' title='bbox 417 1707 531 1775; x_wconf 80' lang='grc' dir='ltr'>ἦτοι</span> <span class='ocrx_word' id='word_1_143' title='bbox 572 1707 680 1761; x_wconf 91' lang='grc' dir='ltr'><strong>τῶν</strong></span> <span class='ocrx_word' id='word_1_144' title='bbox 720 1709 1047 1780; x_wconf 84' lang='grc' dir='ltr'>Ἰδουμαίων,</span> <span class='ocrx_word' id='word_1_145' title='bbox 1093 1715 1236 1782; x_wconf 77' lang='grc' dir='ltr'>Πρὸς</span> <span class='ocrx_word' id='word_1_146' title='bbox 1277 1718 1397 1786; x_wconf 79' lang='grc' dir='ltr'>ἐμὲ,</span> <span class='ocrx_word' id='word_1_147' title='bbox 1426 1719 1591 1789; x_wconf 71' lang='grc' dir='ltr'>φησι,</span> <span class='ocrx_word' id='word_1_148' title='bbox 1632 1719 1809 1785; x_wconf 85' lang='grc' dir='ltr'>κάλει,</span> <span class='ocrx_word' id='word_1_149' title='bbox 1844 1720 1990 1773; x_wconf 81' lang='grc' dir='ltr'>τοῦτ’</span> 
     </span>
    </p>
   </div>
   <div class='ocr_carea' id='block_1_20' title="bbox 2165 988 3174 1047">
    <p class='ocr_par' dir='ltr' id='par_1_20' title="bbox 2165 988 3174 1047">
     <span class='ocr_line' id='line_1_20' title="bbox 2165 988 3174 1047; baseline 0.004 -6"><span class='ocrx_word' id='word_1_150' title='bbox 2165 988 2331 1042; x_wconf 76' lang='lat' dir='ltr'><strong>Vens.</strong></span> <span class='ocrx_word' id='word_1_151' title='bbox 2386 989 2473 1042; x_wconf 82' lang='lat' dir='ltr'><strong>ll.</strong></span> <span class='ocrx_word' id='word_1_152' title='bbox 2508 989 2590 1043; x_wconf 82' lang='lat' dir='ltr'><strong>Ad</strong></span> <span class='ocrx_word' id='word_1_153' title='bbox 2626 1006 2705 1042; x_wconf 87' lang='lat' dir='ltr'><strong>me</strong></span> <span class='ocrx_word' id='word_1_154' title='bbox 2736 994 2905 1045; x_wconf 81' lang='lat' dir='ltr'><strong>clama</strong></span> <span class='ocrx_word' id='word_1_155' title='bbox 2938 994 3000 1045; x_wconf 81' lang='lat' dir='ltr'><strong>de</strong></span> <span class='ocrx_word' id='word_1_156' title='bbox 3037 991 3174 1047; x_wconf 88' lang='lat' dir='ltr'><strong>Seir.</strong></span> 
     </span>
    </p>
   </div>
   <div class='ocr_carea' id='block_1_21' title="bbox 2096 1079 3671 1160">
    <p class='ocr_par' dir='ltr' id='par_1_21' title="bbox 2096 1079 3671 1160">
     <span class='ocr_line' id='line_1_21' title="bbox 2096 1079 3671 1160; baseline 0.01 -28"><span class='ocrx_word' id='word_1_157' title='bbox 2096 1090 2108 1111; x_wconf 72' lang='lat'>‘</span> <span class='ocrx_word' id='word_1_158' title='bbox 2166 1079 2292 1135; x_wconf 77' lang='lat' dir='ltr'><strong>&quot;ch</strong></span> <span class='ocrx_word' id='word_1_159' title='bbox 2322 1096 2425 1134; x_wconf 81' lang='lat' dir='ltr'><strong>vox</strong></span> <span class='ocrx_word' id='word_1_160' title='bbox 2454 1093 2536 1136; x_wconf 86' lang='grc' dir='ltr'><strong>εει</strong></span> <span class='ocrx_word' id='word_1_161' title='bbox 2561 1083 2947 1152; x_wconf 89' lang='lat' dir='ltr'><strong>omnipotentis</strong></span> <span class='ocrx_word' id='word_1_162' title='bbox 2992 1084 3085 1138; x_wconf 87' lang='lat' dir='ltr'><strong>Dei</strong></span> <span class='ocrx_word' id='word_1_163' title='bbox 3152 1085 3472 1155; x_wconf 85' lang='lat' dir='ltr'><strong>alloquentis</strong></span> <span class='ocrx_word' id='word_1_164' title='bbox 3540 1103 3671 1160; x_wconf 91' lang='lat' dir='ltr'><strong>pro-</strong></span> 
     </span>
    </p>
   </div>
   <div class='ocr_carea' id='block_1_22' title="bbox 2088 1173 3671 1243">
    <p class='ocr_par' dir='ltr' id='par_1_22' title="bbox 2088 1173 3671 1243">
     <span class='ocr_line' id='line_1_22' title="bbox 2088 1173 3671 1243; baseline 0.009 -19"><span class='ocrx_word' id='word_1_165' title='bbox 2088 1174 2325 1243; x_wconf 82' lang='lat' dir='ltr'><strong>phetam.</strong></span> <span class='ocrx_word' id='word_1_166' title='bbox 2365 1173 2592 1227; x_wconf 83' lang='lat' dir='ltr'><strong>Perinde</strong></span> <span class='ocrx_word' id='word_1_167' title='bbox 2620 1176 2774 1243; x_wconf 88' lang='lat' dir='ltr'><strong>quasi</strong></span> <span class='ocrx_word' id='word_1_168' title='bbox 2835 1174 3034 1229; x_wconf 89' lang='lat' dir='ltr'><strong>bellum</strong></span> <span class='ocrx_word' id='word_1_169' title='bbox 3103 1187 3262 1232; x_wconf 64' lang='lat' dir='ltr'><strong>terrm</strong></span> <span class='ocrx_word' id='word_1_170' title='bbox 3311 1177 3671 1238; x_wconf 71' lang='lat' dir='ltr'><strong>ldumteorum</strong></span> 
     </span>
    </p>
   </div>
   <div class='ocr_carea' id='block_1_23' title="bbox 2090 1266 3664 1336">
    <p class='ocr_par' dir='ltr' id='par_1_23' title="bbox 2090 1266 3664 1336">
     <span class='ocr_line' id='line_1_23' title="bbox 2090 1266 3664 1336; baseline 0.006 -17"><span class='ocrx_word' id='word_1_171' title='bbox 2090 1266 2263 1333; x_wconf 89' lang='lat' dir='ltr'><strong>primo</strong></span> <span class='ocrx_word' id='word_1_172' title='bbox 2294 1281 2508 1335; x_wconf 86' lang='lat' dir='ltr'><strong>quoque</strong></span> <span class='ocrx_word' id='word_1_173' title='bbox 2539 1274 2780 1334; x_wconf 90' lang='lat' dir='ltr'><strong>tempore</strong></span> <span class='ocrx_word' id='word_1_174' title='bbox 2819 1267 3114 1336; x_wconf 89' lang='lat' dir='ltr'><strong>ingrueret,</strong></span> <span class='ocrx_word' id='word_1_175' title='bbox 3153 1279 3432 1326; x_wconf 85' lang='lat' dir='ltr'><strong>vertentur</strong></span> <span class='ocrx_word' id='word_1_176' title='bbox 3458 1273 3512 1327; x_wconf 90' lang='lat' dir='ltr'><strong>in</strong></span> <span class='ocrx_word' id='word_1_177' title='bbox 3574 1274 3664 1329; x_wconf 88' lang='lat' dir='ltr'><strong>fu-</strong></span> 
     </span>
    </p>
   </div>
   <div class='ocr_carea' id='block_1_24' title="bbox 2098 1356 3671 1426">
    <p class='ocr_par' dir='ltr' id='par_1_24' title="bbox 2098 1356 3671 1426">
     <span class='ocr_line' id='line_1_24' title="bbox 2098 1356 3671 1426; baseline 0.008 -18"><span class='ocrx_word' id='word_1_178' title='bbox 2098 1371 2219 1426; x_wconf 84' lang='lat' dir='ltr'><strong>gam</strong></span> <span class='ocrx_word' id='word_1_179' title='bbox 2261 1371 2449 1410; x_wconf 87' lang='lat' dir='ltr'><strong>omnes</strong></span> <span class='ocrx_word' id='word_1_180' title='bbox 2480 1357 2571 1424; x_wconf 86' lang='lat' dir='ltr'><strong>qui</strong></span> <span class='ocrx_word' id='word_1_181' title='bbox 2600 1370 2718 1410; x_wconf 88' lang='lat' dir='ltr'><strong>eam</strong></span> <span class='ocrx_word' id='word_1_182' title='bbox 2750 1356 3092 1412; x_wconf 78' lang='lat' dir='ltr'><strong>&#39;inbabitant.</strong></span> <span class='ocrx_word' id='word_1_183' title='bbox 3144 1360 3265 1415; x_wconf 91' lang='lat' dir='ltr'><strong>Seir</strong></span> <span class='ocrx_word' id='word_1_184' title='bbox 3323 1377 3455 1417; x_wconf 85' lang='lat' dir='ltr'><strong>vero</strong></span> <span class='ocrx_word' id='word_1_185' title='bbox 3514 1379 3671 1421; x_wconf 89' lang='lat' dir='ltr'><strong>mons</strong></span> 
     </span>
    </p>
   </div>
   <div class='ocr_carea' id='block_1_25' title="bbox 2095 1449 3670 1523">
    <p class='ocr_par' dir='ltr' id='par_1_25' title="bbox 2095 1449 3670 1523">
     <span class='ocr_line' id='line_1_25' title="bbox 2095 1449 3670 1523; baseline 0.006 -20"><span class='ocrx_word' id='word_1_186' title='bbox 2095 1450 2284 1517; x_wconf 83' lang='lat' dir='ltr'><strong>ingens</strong></span> <span class='ocrx_word' id='word_1_187' title='bbox 2316 1457 2399 1503; x_wconf 91' lang='lat' dir='ltr'><strong>est</strong></span> <span class='ocrx_word' id='word_1_188' title='bbox 2438 1449 2701 1513; x_wconf 67' lang='lat' dir='ltr'><strong>ldumaaae,</strong></span> <span class='ocrx_word' id='word_1_189' title='bbox 2738 1450 2790 1503; x_wconf 92' lang='lat' dir='ltr'><strong>in</strong></span> <span class='ocrx_word' id='word_1_190' title='bbox 2839 1465 2948 1519; x_wconf 87' lang='lat' dir='ltr'><strong>quo</strong></span> <span class='ocrx_word' id='word_1_191' title='bbox 2971 1450 3197 1506; x_wconf 80' lang='lat' dir='ltr'><strong>illustris</strong></span> <span class='ocrx_word' id='word_1_192' title='bbox 3225 1454 3351 1508; x_wconf 88' lang='lat' dir='ltr'><strong>urbs</strong></span> <span class='ocrx_word' id='word_1_193' title='bbox 3383 1457 3522 1523; x_wconf 89' lang='lat' dir='ltr'><strong>apud</strong></span> <span class='ocrx_word' id='word_1_194' title='bbox 3575 1470 3670 1512; x_wconf 86' lang='lat' dir='ltr'><strong>eos</strong></span> 
     </span>
    </p>
   </div>
   <div class='ocr_carea' id='block_1_26' title="bbox 2094 1538 3668 1609">
    <p class='ocr_par' dir='ltr' id='par_1_26' title="bbox 2094 1538 3668 1609">
     <span class='ocr_line' id='line_1_26' title="bbox 2094 1538 3668 1609; baseline 0.005 -17"><span class='ocrx_word' id='word_1_195' title='bbox 2094 1554 2216 1594; x_wconf 87' lang='lat' dir='ltr'><strong>esse</strong></span> <span class='ocrx_word' id='word_1_196' title='bbox 2244 1539 2459 1595; x_wconf 90' lang='lat' dir='ltr'><strong>dicitur.</strong></span> <span class='ocrx_word' id='word_1_197' title='bbox 2495 1538 2658 1605; x_wconf 85' lang='lat' dir='ltr'><strong>Quasi</strong></span> <span class='ocrx_word' id='word_1_198' title='bbox 2693 1538 2857 1609; x_wconf 86' lang='lat' dir='ltr'><strong>igitur</strong></span> <span class='ocrx_word' id='word_1_199' title='bbox 2880 1540 3119 1593; x_wconf 88' lang='lat' dir='ltr'><strong>montani</strong></span> <span class='ocrx_word' id='word_1_200' title='bbox 3166 1540 3308 1605; x_wconf 87' lang='lat' dir='ltr'><strong>Seir,</strong></span> <span class='ocrx_word' id='word_1_201' title='bbox 3346 1542 3398 1597; x_wconf 90' lang='lat' dir='ltr'><strong>id</strong></span> <span class='ocrx_word' id='word_1_202' title='bbox 3430 1553 3515 1598; x_wconf 89' lang='lat' dir='ltr'><strong>est</strong></span> <span class='ocrx_word' id='word_1_203' title='bbox 3540 1545 3668 1600; x_wconf 87' lang='lat' dir='ltr'><strong>Idu-</strong></span> 
     </span>
    </p>
   </div>
   <div class='ocr_carea' id='block_1_27' title="bbox 2098 1629 3666 1703">
    <p class='ocr_par' dir='ltr' id='par_1_27' title="bbox 2098 1629 3666 1703">
     <span class='ocr_line' id='line_1_27' title="bbox 2098 1629 3666 1703; baseline 0.004 -19"><span class='ocrx_word' id='word_1_204' title='bbox 2098 1631 2237 1697; x_wconf 67' lang='lat' dir='ltr'><strong>maei,</strong></span> <span class='ocrx_word' id='word_1_205' title='bbox 2261 1630 2483 1700; x_wconf 78' lang='lat' dir='ltr'><strong>jamjam</strong></span> <span class='ocrx_word' id='word_1_206' title='bbox 2513 1629 2692 1699; x_wconf 83' lang='lat' dir='ltr'><strong>fugam</strong></span> <span class='ocrx_word' id='word_1_207' title='bbox 2720 1631 3002 1701; x_wconf 64' lang='lat' dir='ltr'><strong>pararent}:</strong></span> <span class='ocrx_word' id='word_1_208' title='bbox 3022 1632 3102 1685; x_wconf 80' lang='lat' dir='ltr'><strong>Ad</strong></span> <span class='ocrx_word' id='word_1_209' title='bbox 3117 1648 3225 1696; x_wconf 87' lang='lat' dir='ltr'><strong>me,</strong></span> <span class='ocrx_word' id='word_1_210' title='bbox 3253 1634 3447 1703; x_wconf 90' lang='lat' dir='ltr'><strong>inquit,</strong></span> <span class='ocrx_word' id='word_1_211' title='bbox 3469 1635 3666 1703; x_wconf 85' lang='lat' dir='ltr'><strong>clama,</strong></span> 
     </span>
    </p>
   </div>
   <div class='ocr_carea' id='block_1_28' title="bbox 2094 1721 3670 1792">
    <p class='ocr_par' dir='ltr' id='par_1_28' title="bbox 2094 1721 3670 1792">
     <span class='ocr_line' id='line_1_28' title="bbox 2094 1721 3670 1792; baseline 0.004 -18"><span class='ocrx_word' id='word_1_212' title='bbox 2094 1722 2146 1775; x_wconf 89' lang='lat' dir='ltr'><strong>id</strong></span> <span class='ocrx_word' id='word_1_213' title='bbox 2174 1733 2277 1784; x_wconf 90' lang='lat' dir='ltr'><strong>est,</strong></span> <span class='ocrx_word' id='word_1_214' title='bbox 2333 1722 2549 1775; x_wconf 78' lang='lat' dir='ltr'><strong>veniam</strong></span> <span class='ocrx_word' id='word_1_215' title='bbox 2571 1721 2808 1791; x_wconf 87' lang='lat' dir='ltr'><strong>quibine</strong></span> <span class='ocrx_word' id='word_1_216' title='bbox 2839 1721 3067 1792; x_wconf 85' lang='lat' dir='ltr'><strong>fugiunt,</strong></span> <span class='ocrx_word' id='word_1_217' title='bbox 3111 1723 3163 1777; x_wconf 91' lang='lat' dir='ltr'><strong>in</strong></span> <span class='ocrx_word' id='word_1_218' title='bbox 3197 1723 3502 1781; x_wconf 73' lang='lat' dir='ltr'><strong>ldumzeam.</strong></span> <span class='ocrx_word' id='word_1_219' title='bbox 3532 1725 3670 1782; x_wconf 86' lang='lat' dir='ltr'><strong>Nam</strong></span> 
     </span>
    </p>
   </div>
   <div class='ocr_carea' id='block_1_29' title="bbox 418 1794 2002 1883">
    <p class='ocr_par' dir='ltr' id='par_1_29' title="bbox 418 1794 1991 1879">
     <span class='ocr_line' id='line_1_29' title="bbox 418 1794 1991 1879; baseline 0.009 -32"><span class='ocrx_word' id='word_1_220' title='bbox 418 1794 581 1863; x_wconf 74' lang='grc' dir='ltr'>ἐστιν,</span> <span class='ocrx_word' id='word_1_221' title='bbox 626 1798 910 1867; x_wconf 78' lang='grc' dir='ltr'>ἡκέτωσαν</span> <span class='ocrx_word' id='word_1_222' title='bbox 954 1803 1002 1852; x_wconf 89' lang='grc' dir='ltr'>οἱ</span> <span class='ocrx_word' id='word_1_223' title='bbox 1053 1802 1260 1856; x_wconf 79' lang='grc' dir='ltr'>ἐκεῖθεν</span> <span class='ocrx_word' id='word_1_224' title='bbox 1301 1805 1591 1875; x_wconf 84' lang='grc' dir='ltr'>φεύγοντες</span> <span class='ocrx_word' id='word_1_225' title='bbox 1629 1809 1706 1870; x_wconf 82' lang='grc' dir='ltr'>εἰς</span> <span class='ocrx_word' id='word_1_226' title='bbox 1738 1809 1835 1879; x_wconf 81' lang='grc' dir='ltr'>τὴν</span> <span class='ocrx_word' id='word_1_227' title='bbox 1869 1809 1991 1860; x_wconf 87' lang='grc' dir='ltr'>Ίου-</span> 
     </span>
    </p>
   </div>
   <div class='ocr_carea' id='block_1_30' title="bbox 2102 1794 3673 1883">
    <p class='ocr_par' dir='ltr' id='par_1_30' title="bbox 2102 1810 3673 1883">
     <span class='ocr_line' id='line_1_30' title="bbox 2102 1810 3673 1883; baseline 0.005 -18"><span class='ocrx_word' id='word_1_228' title='bbox 2102 1821 2151 1865; x_wconf 89' lang='lat' dir='ltr'><strong>ut</strong></span> <span class='ocrx_word' id='word_1_229' title='bbox 2179 1810 2445 1866; x_wconf 88' lang='lat' dir='ltr'><strong>lsraelitas</strong></span> <span class='ocrx_word' id='word_1_230' title='bbox 2499 1814 2636 1881; x_wconf 88' lang='lat' dir='ltr'><strong>apud</strong></span> <span class='ocrx_word' id='word_1_231' title='bbox 2665 1829 2758 1867; x_wconf 91' lang='lat' dir='ltr'><strong>eos</strong></span> <span class='ocrx_word' id='word_1_232' title='bbox 2782 1813 3036 1883; x_wconf 79' lang='lat' dir='ltr'><strong>profugos</strong></span> <span class='ocrx_word' id='word_1_233' title='bbox 3065 1817 3252 1871; x_wconf 90' lang='lat' dir='ltr'><strong>sannis</strong></span> <span class='ocrx_word' id='word_1_234' title='bbox 3285 1829 3338 1870; x_wconf 89' lang='lat' dir='ltr'><strong>et</strong></span> <span class='ocrx_word' id='word_1_235' title='bbox 3404 1833 3673 1873; x_wconf 87' lang='lat' dir='ltr'><strong>scomma-</strong></span> 
     </span>
    </p>
   </div>
   <div class='ocr_carea' id='block_1_31' title="bbox 420 1884 1993 1970">
    <p class='ocr_par' dir='ltr' id='par_1_31' title="bbox 420 1884 1993 1970">
     <span class='ocr_line' id='line_1_31' title="bbox 420 1884 1993 1970; baseline 0.008 -29"><span class='ocrx_word' id='word_1_236' title='bbox 420 1888 584 1944; x_wconf 76' lang='grc' dir='ltr'>Ξαίαν.</span> <span class='ocrx_word' id='word_1_237' title='bbox 620 1892 830 1963; x_wconf 85' lang='grc' dir='ltr'>Ὥσπερ</span> <span class='ocrx_word' id='word_1_238' title='bbox 869 1893 977 1964; x_wconf 85' lang='grc' dir='ltr'>γὰρ</span> <span class='ocrx_word' id='word_1_239' title='bbox 1010 1884 1355 1962; x_wconf 76' lang='grc' dir='ltr'>ἐπετώθαζον</span> <span class='ocrx_word' id='word_1_240' title='bbox 1400 1903 1513 1962; x_wconf 88' lang='grc' dir='ltr'>τοῖς</span> <span class='ocrx_word' id='word_1_241' title='bbox 1553 1900 1612 1964; x_wconf 79' lang='grc' dir='ltr'><strong>ἐξ</strong></span> <span class='ocrx_word' id='word_1_242' title='bbox 1649 1900 1863 1970; x_wconf 80' lang='grc' dir='ltr'>Ἰσραὴλ</span> <span class='ocrx_word' id='word_1_243' title='bbox 1895 1918 1993 1954; x_wconf 84' lang='grc' dir='ltr'>κα-</span> 
     </span>
    </p>
   </div>
   <div class='ocr_carea' id='block_1_32' title="bbox 423 1983 1989 2063">
    <p class='ocr_par' dir='ltr' id='par_1_32' title="bbox 423 1983 1989 2063">
     <span class='ocr_line' id='line_1_32' title="bbox 423 1983 1989 2063; baseline 0.006 -26"><span class='ocrx_word' id='word_1_244' title='bbox 423 1983 743 2052; x_wconf 79' lang='grc' dir='ltr'>ταφεύγουσι</span> <span class='ocrx_word' id='word_1_245' title='bbox 774 1988 904 2055; x_wconf 85' lang='grc' dir='ltr'>παρ’</span> <span class='ocrx_word' id='word_1_246' title='bbox 931 1987 1137 2050; x_wconf 81' lang='grc' dir='ltr'>αὐτοῖς,</span> <span class='ocrx_word' id='word_1_247' title='bbox 1167 1989 1309 2043; x_wconf 78' lang='grc' dir='ltr'>οὕτω</span> <span class='ocrx_word' id='word_1_248' title='bbox 1352 1991 1801 2061; x_wconf 82' lang='grc' dir='ltr'>γελασθήσονται,</span> <span class='ocrx_word' id='word_1_249' title='bbox 1835 1995 1989 2063; x_wconf 77' lang='grc' dir='ltr'>φησὶ,</span> 
     </span>
    </p>
   </div>
   <div class='ocr_carea' id='block_1_33' title="bbox 424 2075 1993 2156">
    <p class='ocr_par' dir='ltr' id='par_1_33' title="bbox 424 2075 1993 2156">
     <span class='ocr_line' id='line_1_33' title="bbox 424 2075 1993 2156; baseline 0.006 -28"><span class='ocrx_word' id='word_1_250' title='bbox 424 2075 480 2128; x_wconf 73' lang='grc' dir='ltr'>τὰ</span> <span class='ocrx_word' id='word_1_251' title='bbox 509 2075 601 2130; x_wconf 83' lang='grc' dir='ltr'><strong>ίσα</strong></span> <span class='ocrx_word' id='word_1_252' title='bbox 631 2076 862 2146; x_wconf 84' lang='grc' dir='ltr'>δρῶντες</span> <span class='ocrx_word' id='word_1_253' title='bbox 896 2078 1100 2145; x_wconf 75' lang='grc' dir='ltr'>αὐτοῖς,</span> <span class='ocrx_word' id='word_1_254' title='bbox 1149 2082 1243 2135; x_wconf 69' lang='grc' dir='ltr'><strong>καὶ</strong></span> <span class='ocrx_word' id='word_1_255' title='bbox 1277 2086 1376 2153; x_wconf 85' lang='grc' dir='ltr'><strong>τῆς</strong></span> <span class='ocrx_word' id='word_1_256' title='bbox 1422 2082 1779 2137; x_wconf 80' lang='grc' dir='ltr'>Βαϐυλωνίων</span> <span class='ocrx_word' id='word_1_257' title='bbox 1810 2086 1993 2156; x_wconf 84' lang='grc' dir='ltr'>χειρὸς</span> 
     </span>
    </p>
   </div>
   <div class='ocr_carea' id='block_1_34' title="bbox 420 2166 735 2238">
    <p class='ocr_par' dir='ltr' id='par_1_34' title="bbox 420 2166 735 2238">
     <span class='ocr_line' id='line_1_34' title="bbox 420 2166 735 2238; baseline 0.013 -20"><span class='ocrx_word' id='word_1_258' title='bbox 420 2166 735 2238; x_wconf 70' lang='grc' dir='ltr'>ἡττώμενοι.</span> 
     </span>
    </p>
   </div>
   <div class='ocr_carea' id='block_1_35' title="bbox 485 2262 1997 2333">
    <p class='ocr_par' dir='ltr' id='par_1_35' title="bbox 485 2262 1997 2333">
     <span class='ocr_line' id='line_1_35' title="bbox 485 2262 1997 2333; baseline 0.001 -19"><span class='ocrx_word' id='word_1_259' title='bbox 485 2262 795 2327; x_wconf 72' lang='grc' dir='ltr'>Φυλάξατε</span> <span class='ocrx_word' id='word_1_260' title='bbox 837 2264 1141 2331; x_wconf 74' lang='grc' dir='ltr'><strong>ἐπάλξεις,</strong></span> <span class='ocrx_word' id='word_1_261' title='bbox 1180 2262 1432 2333; x_wconf 75' lang='grc' dir='ltr'>φυλάξω</span> <span class='ocrx_word' id='word_1_262' title='bbox 1459 2264 1523 2317; x_wconf 82' lang='grc' dir='ltr'>τὸ</span> <span class='ocrx_word' id='word_1_263' title='bbox 1562 2266 1713 2333; x_wconf 84' lang='grc' dir='ltr'>,πρωῒ</span> <span class='ocrx_word' id='word_1_264' title='bbox 1741 2265 1837 2318; x_wconf 77' lang='grc' dir='ltr'>καὶ</span> <span class='ocrx_word' id='word_1_265' title='bbox 1882 2264 1997 2331; x_wconf 81' lang='grc' dir='ltr'><strong>τὴν</strong></span> 
     </span>
    </p>
   </div>
   <div class='ocr_carea' id='block_1_36' title="bbox 422 2352 628 2405">
    <p class='ocr_par' dir='ltr' id='par_1_36' title="bbox 422 2352 628 2405">
     <span class='ocr_line' id='line_1_36' title="bbox 422 2352 628 2405; baseline 0.005 -1"><span class='ocrx_word' id='word_1_266' title='bbox 422 2352 628 2405; x_wconf 75' lang='grc' dir='ltr'>νύκτα.</span> 
     </span>
    </p>
   </div>
   <div class='ocr_carea' id='block_1_37' title="bbox 490 2446 1998 2519">
    <p class='ocr_par' dir='ltr' id='par_1_37' title="bbox 490 2446 1998 2519">
     <span class='ocr_line' id='line_1_37' title="bbox 490 2446 1998 2519; baseline 0.003 -22"><span class='ocrx_word' id='word_1_267' title='bbox 490 2446 643 2498; x_wconf 83' lang='grc' dir='ltr'>Ἐστι</span> <span class='ocrx_word' id='word_1_268' title='bbox 678 2446 774 2514; x_wconf 87' lang='grc' dir='ltr'>μὲν</span> <span class='ocrx_word' id='word_1_269' title='bbox 803 2448 830 2499; x_wconf 99' lang='lat'><strong>6</strong></span> <span class='ocrx_word' id='word_1_270' title='bbox 859 2446 1016 2515; x_wconf 77' lang='grc' dir='ltr'>λόγος</span> <span class='ocrx_word' id='word_1_271' title='bbox 1042 2446 1117 2509; x_wconf 85' lang='grc' dir='ltr'><strong>ὡς</strong></span> <span class='ocrx_word' id='word_1_272' title='bbox 1148 2447 1285 2517; x_wconf 78' lang='grc' dir='ltr'>πρὸς</span> <span class='ocrx_word' id='word_1_273' title='bbox 1328 2448 1677 2518; x_wconf 84' lang='grc' dir='ltr'>Ἰδουμαίους,</span> <span class='ocrx_word' id='word_1_274' title='bbox 1717 2450 1998 2519; x_wconf 74' lang='grc' dir='ltr'>μονονουχὶ</span> 
     </span>
    </p>
   </div>
   <div class='ocr_carea' id='block_1_38' title="bbox 422 2538 1998 2603">
    <p class='ocr_par' dir='ltr' id='par_1_38' title="bbox 422 2538 1998 2603">
     <span class='ocr_line' id='line_1_38' title="bbox 422 2538 1998 2603; baseline 0.004 -15"><span class='ocrx_word' id='word_1_275' title='bbox 422 2538 868 2601; x_wconf 71' lang='grc' dir='ltr'>ιατονειδίζοντος</span> <span class='ocrx_word' id='word_1_276' title='bbox 917 2539 1098 2601; x_wconf 75' lang='grc' dir='ltr'>αὐτοῖς</span> <span class='ocrx_word' id='word_1_277' title='bbox 1132 2538 1225 2591; x_wconf 79' lang='grc' dir='ltr'>τοῦ</span> <span class='ocrx_word' id='word_1_278' title='bbox 1256 2539 1389 2591; x_wconf 86' lang='grc' dir='ltr'><strong>Θεοῦ</strong></span> <span class='ocrx_word' id='word_1_279' title='bbox 1431 2541 1492 2592; x_wconf 83' lang='grc' dir='ltr'><strong>τὸ</strong></span> <span class='ocrx_word' id='word_1_280' title='bbox 1530 2541 1735 2593; x_wconf 90' lang='grc' dir='ltr'>εἰκαῖον</span> <span class='ocrx_word' id='word_1_281' title='bbox 1784 2543 1863 2603; x_wconf 77' lang='grc' dir='ltr'><strong>εἰς</strong></span> <span class='ocrx_word' id='word_1_282' title='bbox 1902 2543 1998 2595; x_wconf 61' lang='grc' dir='ltr'>πός</span> 
     </span>
    </p>
   </div>
   <div class='ocr_carea' id='block_1_39' title="bbox 424 2629 1996 2703">
    <p class='ocr_par' dir='ltr' id='par_1_39' title="bbox 424 2629 1996 2703">
     <span class='ocr_line' id='line_1_39' title="bbox 424 2629 1996 2703; baseline 0.003 -24"><span class='ocrx_word' id='word_1_283' title='bbox 424 2645 562 2690; x_wconf 69' lang='grc' dir='ltr'>δους,</span> <span class='ocrx_word' id='word_1_284' title='bbox 606 2629 733 2692; x_wconf 81' lang='grc' dir='ltr'>τοὺς</span> <span class='ocrx_word' id='word_1_285' title='bbox 771 2629 862 2681; x_wconf 85' lang='grc' dir='ltr'>ὲπί</span> <span class='ocrx_word' id='word_1_286' title='bbox 898 2647 961 2697; x_wconf 85' lang='grc' dir='ltr'><strong>γε</strong></span> <span class='ocrx_word' id='word_1_287' title='bbox 1002 2631 1065 2681; x_wconf 87' lang='grc' dir='ltr'><strong>τὸ</strong></span> <span class='ocrx_word' id='word_1_288' title='bbox 1091 2631 1201 2683; x_wconf 87' lang='grc' dir='ltr'>δεῖν</span> <span class='ocrx_word' id='word_1_289' title='bbox 1250 2630 1551 2701; x_wconf 78' lang='grc' dir='ltr'>ἀμύνεσθαι</span> <span class='ocrx_word' id='word_1_290' title='bbox 1592 2634 1718 2695; x_wconf 81' lang='grc' dir='ltr'>τοὺς</span> <span class='ocrx_word' id='word_1_291' title='bbox 1751 2633 1996 2703; x_wconf 76' lang='grc' dir='ltr'>ἐχθροὺς,</span> 
     </span>
    </p>
   </div>
   <div class='ocr_carea' id='block_1_40' title="bbox 428 2720 2001 2794">
    <p class='ocr_par' dir='ltr' id='par_1_40' title="bbox 428 2720 2001 2794">
     <span class='ocr_line' id='line_1_40' title="bbox 428 2720 2001 2794; baseline 0.004 -23"><span class='ocrx_word' id='word_1_292' title='bbox 428 2720 697 2790; x_wconf 74' lang='grc' dir='ltr'>γλίχεσθαι</span> <span class='ocrx_word' id='word_1_293' title='bbox 730 2720 788 2773; x_wconf 85' lang='grc' dir='ltr'>δὲ</span> <span class='ocrx_word' id='word_1_294' title='bbox 820 2722 940 2774; x_wconf 84' lang='grc' dir='ltr'>κατ’</span> <span class='ocrx_word' id='word_1_295' title='bbox 971 2721 1159 2774; x_wconf 80' lang='grc' dir='ltr'>οὐδένα</span> <span class='ocrx_word' id='word_1_296' title='bbox 1190 2723 1389 2791; x_wconf 81' lang='grc' dir='ltr'>τρόπον</span> <span class='ocrx_word' id='word_1_297' title='bbox 1424 2724 1521 2793; x_wconf 86' lang='grc' dir='ltr'>τῆς</span> <span class='ocrx_word' id='word_1_298' title='bbox 1554 2725 1682 2794; x_wconf 84' lang='grc' dir='ltr'>παρ’</span> <span class='ocrx_word' id='word_1_299' title='bbox 1708 2725 1872 2778; x_wconf 80' lang='grc' dir='ltr'>αὑτοῦ</span> <span class='ocrx_word' id='word_1_300' title='bbox 1903 2741 2001 2777; x_wconf 90' lang='grc' dir='ltr'>σω-</span> 
     </span>
    </p>
   </div>
   <div class='ocr_carea' id='block_1_41' title="bbox 426 2813 1999 2887">
    <p class='ocr_par' dir='ltr' id='par_1_41' title="bbox 426 2813 1999 2887">
     <span class='ocr_line' id='line_1_41' title="bbox 426 2813 1999 2887; baseline 0.004 -24"><span class='ocrx_word' id='word_1_301' title='bbox 426 2813 611 2882; x_wconf 81' lang='grc' dir='ltr'>τηρίας</span> <span class='ocrx_word' id='word_1_302' title='bbox 634 2814 727 2866; x_wconf 76' lang='grc' dir='ltr'>καὶ</span> <span class='ocrx_word' id='word_1_303' title='bbox 753 2813 991 2884; x_wconf 78' lang='grc' dir='ltr'>ἀρωγῆς.</span> <span class='ocrx_word' id='word_1_304' title='bbox 1022 2814 1336 2886; x_wconf 82' lang='grc' dir='ltr'>Μελλούσης</span> <span class='ocrx_word' id='word_1_305' title='bbox 1375 2816 1483 2887; x_wconf 82' lang='grc' dir='ltr'>γὰρ</span> <span class='ocrx_word' id='word_1_306' title='bbox 1508 2816 1726 2870; x_wconf 77' lang='grc' dir='ltr'>ἔσεσθαι</span> <span class='ocrx_word' id='word_1_307' title='bbox 1765 2817 1864 2887; x_wconf 80' lang='grc' dir='ltr'>τῆς</span> <span class='ocrx_word' id='word_1_308' title='bbox 1893 2816 1999 2870; x_wconf 91' lang='grc' dir='ltr'><strong>τῶν</strong></span> 
     </span>
    </p>
   </div>
   <div class='ocr_carea' id='block_1_42' title="bbox 431 2904 2000 2978">
    <p class='ocr_par' dir='ltr' id='par_1_42' title="bbox 431 2904 2000 2978">
     <span class='ocr_line' id='line_1_42' title="bbox 431 2904 2000 2978; baseline 0.003 -23"><span class='ocrx_word' id='word_1_309' title='bbox 431 2905 729 2975; x_wconf 83' lang='grc' dir='ltr'>’Δσσυρίων</span> <span class='ocrx_word' id='word_1_310' title='bbox 764 2905 976 2974; x_wconf 74' lang='grc' dir='ltr'>ἐφόδου,</span> <span class='ocrx_word' id='word_1_311' title='bbox 1009 2906 1102 2970; x_wconf 74' lang='grc' dir='ltr'><strong>καὶ</strong></span> <span class='ocrx_word' id='word_1_312' title='bbox 1146 2904 1254 2959; x_wconf 91' lang='grc' dir='ltr'><strong>τῶν</strong></span> <span class='ocrx_word' id='word_1_313' title='bbox 1309 2908 1514 2960; x_wconf 87' lang='grc' dir='ltr'>πόλεων</span> <span class='ocrx_word' id='word_1_314' title='bbox 1562 2908 2000 2978; x_wconf 82' lang='grc' dir='ltr'>ἁποφράττοντες</span> 
     </span>
    </p>
   </div>
   <div class='ocr_carea' id='block_1_43' title="bbox 422 2992 2001 3066">
    <p class='ocr_par' dir='ltr' id='par_1_43' title="bbox 422 2992 2001 3066">
     <span class='ocr_line' id='line_1_43' title="bbox 422 2992 2001 3066; baseline 0.004 -23"><span class='ocrx_word' id='word_1_315' title='bbox 422 2992 689 3056; x_wconf 79' lang='grc' dir='ltr'>εῖσὸολὰς,</span> <span class='ocrx_word' id='word_1_316' title='bbox 716 2994 814 3056; x_wconf 80' lang='grc' dir='ltr'>τὰς</span> <span class='ocrx_word' id='word_1_317' title='bbox 836 2994 1089 3060; x_wconf 72' lang='grc' dir='ltr'>ἐπάλξεις</span> <span class='ocrx_word' id='word_1_318' title='bbox 1117 2996 1365 3066; x_wconf 75' lang='grc' dir='ltr'>ἐτήρουν.</span> <span class='ocrx_word' id='word_1_319' title='bbox 1396 2995 1536 3049; x_wconf 73' lang='grc' dir='ltr'>Ἀλλ’</span> <span class='ocrx_word' id='word_1_320' title='bbox 1556 2992 1623 3066; x_wconf 79' lang='grc' dir='ltr'>ἦν</span> <span class='ocrx_word' id='word_1_321' title='bbox 1652 2997 1908 3066; x_wconf 85' lang='grc' dir='ltr'>ἀνόνητον</span> <span class='ocrx_word' id='word_1_322' title='bbox 1939 2998 2001 3050; x_wconf 87' lang='grc' dir='ltr'>τὸ</span> 
     </span>
    </p>
   </div>
   <div class='ocr_carea' id='block_1_44' title="bbox 424 3085 1997 3160">
    <p class='ocr_par' dir='ltr' id='par_1_44' title="bbox 424 3085 1997 3160">
     <span class='ocr_line' id='line_1_44' title="bbox 424 3085 1997 3160; baseline 0 -20"><span class='ocrx_word' id='word_1_323' title='bbox 424 3085 611 3155; x_wconf 80' lang='grc' dir='ltr'>χρῆμα</span> <span class='ocrx_word' id='word_1_324' title='bbox 663 3087 865 3150; x_wconf 81' lang='grc' dir='ltr'>αὐτοῖς.</span> <span class='ocrx_word' id='word_1_325' title='bbox 895 3086 1152 3141; x_wconf 83' lang='grc' dir='ltr'>’Ἢλωσαν</span> <span class='ocrx_word' id='word_1_326' title='bbox 1197 3087 1306 3159; x_wconf 86' lang='grc' dir='ltr'><strong>γὰρ</strong></span> <span class='ocrx_word' id='word_1_327' title='bbox 1336 3089 1390 3141; x_wconf 86' lang='grc' dir='ltr'><strong>αί</strong></span> <span class='ocrx_word' id='word_1_328' title='bbox 1429 3090 1557 3160; x_wconf 87' lang='grc' dir='ltr'>παρ’</span> <span class='ocrx_word' id='word_1_329' title='bbox 1583 3088 1766 3152; x_wconf 78' lang='grc' dir='ltr'>αὐτοῖς</span> <span class='ocrx_word' id='word_1_330' title='bbox 1799 3089 1997 3151; x_wconf 88' lang='grc' dir='ltr'>πόλεις,</span> 
     </span>
    </p>
   </div>
   <div class='ocr_carea' id='block_1_45' title="bbox 424 3155 2069 3252">
    <p class='ocr_par' dir='ltr' id='par_1_45' title="bbox 424 3155 2069 3252">
     <span class='ocr_line' id='line_1_45' title="bbox 424 3155 2069 3252; baseline 0.001 -22"><span class='ocrx_word' id='word_1_331' title='bbox 424 3178 520 3230; x_wconf 75' lang='grc' dir='ltr'><strong>καὶ</strong></span> <span class='ocrx_word' id='word_1_332' title='bbox 545 3178 717 3242; x_wconf 68' lang='grc' dir='ltr'>οὐδεὶς</span> <span class='ocrx_word' id='word_1_333' title='bbox 740 3174 808 3250; x_wconf 77' lang='grc' dir='ltr'>ἦν</span> <span class='ocrx_word' id='word_1_334' title='bbox 841 3178 1121 3242; x_wconf 81' lang='grc' dir='ltr'>παντελῶς</span> <span class='ocrx_word' id='word_1_335' title='bbox 1146 3181 1175 3232; x_wconf 82' lang='lat'><strong>6</strong></span> <span class='ocrx_word' id='word_1_336' title='bbox 1204 3155 1528 3251; x_wconf 46' lang='grc' dir='ltr'>σῶζόμενοςξ</span> <span class='ocrx_word' id='word_1_337' title='bbox 1561 3182 1646 3234; x_wconf 91' lang='grc' dir='ltr'>Ἐν</span> <span class='ocrx_word' id='word_1_338' title='bbox 1676 3181 1796 3252; x_wconf 70' lang='grc' dir='ltr'>ἤθει</span> <span class='ocrx_word' id='word_1_339' title='bbox 1822 3181 2000 3233; x_wconf 84' lang='grc' dir='ltr'>τοίνυν</span> <span class='ocrx_word' id='word_1_340' title='bbox 2027 3155 2069 3212; x_wconf 72' lang='lat' dir='ltr'><strong><em>C</em></strong></span> 
     </span>
    </p>
   </div>
   <div class='ocr_carea' id='block_1_46' title="bbox 424 3270 1999 3341">
    <p class='ocr_par' dir='ltr' id='par_1_46' title="bbox 424 3270 1999 3341">
     <span class='ocr_line' id='line_1_46' title="bbox 424 3270 1999 3341; baseline 0.001 -18"><span class='ocrx_word' id='word_1_341' title='bbox 424 3273 452 3323; x_wconf 91' lang='lat'><strong>6</strong></span> <span class='ocrx_word' id='word_1_342' title='bbox 477 3270 627 3341; x_wconf 83' lang='grc' dir='ltr'>παρὰ</span> <span class='ocrx_word' id='word_1_343' title='bbox 650 3271 784 3324; x_wconf 84' lang='grc' dir='ltr'>Θεοῦ</span> <span class='ocrx_word' id='word_1_344' title='bbox 811 3272 948 3341; x_wconf 87' lang='grc' dir='ltr'>πρὸς</span> <span class='ocrx_word' id='word_1_345' title='bbox 973 3272 1168 3335; x_wconf 81' lang='grc' dir='ltr'>αὐτοὺς</span> <span class='ocrx_word' id='word_1_346' title='bbox 1193 3272 1386 3341; x_wconf 85' lang='grc' dir='ltr'>γέγονε</span> <span class='ocrx_word' id='word_1_347' title='bbox 1429 3273 1614 3338; x_wconf 76' lang='grc' dir='ltr'><strong>λόγος⁸</strong></span> <span class='ocrx_word' id='word_1_348' title='bbox 1654 3273 1783 3335; x_wconf 76' lang='grc' dir='ltr'>Ναὶ,</span> <span class='ocrx_word' id='word_1_349' title='bbox 1813 3273 1999 3340; x_wconf 70' lang='grc' dir='ltr'>φησιν,</span> 
     </span>
    </p>
   </div>
   <div class='ocr_carea' id='block_1_47' title="bbox 420 3361 2001 3434">
    <p class='ocr_par' dir='ltr' id='par_1_47' title="bbox 420 3361 2001 3434">
     <span class='ocr_line' id='line_1_47' title="bbox 420 3361 2001 3434; baseline 0.003 -21"><span class='ocrx_word' id='word_1_350' title='bbox 420 3361 561 3429; x_wconf 75' lang='grc' dir='ltr'>ὀρθὰ</span> <span class='ocrx_word' id='word_1_351' title='bbox 586 3362 681 3416; x_wconf 73' lang='grc' dir='ltr'>καὶ</span> <span class='ocrx_word' id='word_1_352' title='bbox 697 3364 883 3418; x_wconf 70' lang='grc' dir='ltr'>εἰκότα</span> <span class='ocrx_word' id='word_1_353' title='bbox 913 3363 1253 3434; x_wconf 77' lang='grc' dir='ltr'>βουλεύεσθε,</span> <span class='ocrx_word' id='word_1_354' title='bbox 1278 3364 1580 3431; x_wconf 80' lang='grc' dir='ltr'>φυλάσσετε</span> <span class='ocrx_word' id='word_1_355' title='bbox 1603 3363 1703 3426; x_wconf 81' lang='grc' dir='ltr'><strong>τὰς</strong></span> <span class='ocrx_word' id='word_1_356' title='bbox 1728 3362 2001 3427; x_wconf 76' lang='grc' dir='ltr'>ἐπάλξεις.</span> 
     </span>
    </p>
   </div>
   <div class='ocr_carea' id='block_1_48' title="bbox 427 3448 2004 3525">
    <p class='ocr_par' dir='ltr' id='par_1_48' title="bbox 427 3448 2004 3525">
     <span class='ocr_line' id='line_1_48' title="bbox 427 3448 2004 3525; baseline 0.002 -20"><span class='ocrx_word' id='word_1_357' title='bbox 427 3448 560 3506; x_wconf 84' lang='grc' dir='ltr'>Εἶτα</span> <span class='ocrx_word' id='word_1_358' title='bbox 591 3453 666 3518; x_wconf 85' lang='grc' dir='ltr'><strong>ῶς</strong></span> <span class='ocrx_word' id='word_1_359' title='bbox 698 3457 829 3525; x_wconf 81' lang='grc' dir='ltr'>παρ’</span> <span class='ocrx_word' id='word_1_360' title='bbox 868 3456 1067 3518; x_wconf 78' lang='grc' dir='ltr'>αὐτῶν,</span> <span class='ocrx_word' id='word_1_361' title='bbox 1117 3455 1378 3508; x_wconf 82' lang='grc' dir='ltr'>Φυλάσσω</span> <span class='ocrx_word' id='word_1_362' title='bbox 1427 3456 1489 3507; x_wconf 83' lang='grc' dir='ltr'><strong>τὸ</strong></span> <span class='ocrx_word' id='word_1_363' title='bbox 1538 3453 1712 3525; x_wconf 84' lang='grc' dir='ltr'>πρωῒ,</span> <span class='ocrx_word' id='word_1_364' title='bbox 1762 3457 1857 3508; x_wconf 75' lang='grc' dir='ltr'>καὶ</span> <span class='ocrx_word' id='word_1_365' title='bbox 1903 3455 2004 3525; x_wconf 86' lang='grc' dir='ltr'>τὴν</span> 
     </span>
    </p>
   </div>
   <div class='ocr_carea' id='block_1_49' title="bbox 426 3546 2005 3618">
    <p class='ocr_par' dir='ltr' id='par_1_49' title="bbox 426 3546 2005 3618">
     <span class='ocr_line' id='line_1_49' title="bbox 426 3546 2005 3618; baseline -0.001 -20"><span class='ocrx_word' id='word_1_366' title='bbox 426 3547 613 3599; x_wconf 76' lang='grc' dir='ltr'>νύκτα.</span> <span class='ocrx_word' id='word_1_367' title='bbox 647 3565 668 3598; x_wconf 71' lang='grc' dir='ltr'><strong>ι</strong></span> <span class='ocrx_word' id='word_1_368' title='bbox 704 3547 843 3600; x_wconf 81' lang='grc' dir='ltr'>Ἀλλ’</span> <span class='ocrx_word' id='word_1_369' title='bbox 883 3549 980 3602; x_wconf 78' lang='grc' dir='ltr'>ἐὰν</span> <span class='ocrx_word' id='word_1_370' title='bbox 1016 3548 1091 3618; x_wconf 85' lang='grc' dir='ltr'>μὴ</span> <span class='ocrx_word' id='word_1_371' title='bbox 1132 3547 1161 3598; x_wconf 87' lang='grc' dir='ltr'><strong>ό</strong></span> <span class='ocrx_word' id='word_1_372' title='bbox 1198 3546 1402 3617; x_wconf 82' lang='grc' dir='ltr'>Κύριος</span> <span class='ocrx_word' id='word_1_373' title='bbox 1436 3546 1689 3615; x_wconf 83' lang='grc' dir='ltr'>φυλάξειε</span> <span class='ocrx_word' id='word_1_374' title='bbox 1717 3547 1891 3609; x_wconf 81' lang='grc' dir='ltr'>πόλιν,</span> <span class='ocrx_word' id='word_1_375' title='bbox 1924 3546 2005 3609; x_wconf 77' lang='grc' dir='ltr'><strong>εἰς</strong></span> 
     </span>
    </p>
   </div>
   <div class='ocr_carea' id='block_1_50' title="bbox 432 3634 2004 3709">
    <p class='ocr_par' dir='ltr' id='par_1_50' title="bbox 432 3634 2004 3709">
     <span class='ocr_line' id='line_1_50' title="bbox 432 3634 2004 3709; baseline -0.002 -18"><span class='ocrx_word' id='word_1_376' title='bbox 432 3641 609 3709; x_wconf 79' lang='grc' dir='ltr'>μάτην</span> <span class='ocrx_word' id='word_1_377' title='bbox 641 3637 990 3709; x_wconf 76' lang='grc' dir='ltr'>ἡγρύπνησεν</span> <span class='ocrx_word' id='word_1_378' title='bbox 1019 3639 1047 3691; x_wconf 88' lang='grc' dir='ltr'>ὁ</span> <span class='ocrx_word' id='word_1_379' title='bbox 1090 3636 1398 3705; x_wconf 68' lang='grc' dir='ltr'>φυλάσσων.</span> <span class='ocrx_word' id='word_1_380' title='bbox 1424 3654 1442 3686; x_wconf 70' lang='grc' dir='ltr'><strong>ι</strong></span> <span class='ocrx_word' id='word_1_381' title='bbox 1480 3635 1625 3688; x_wconf 80' lang='grc' dir='ltr'>Ἔδει</span> <span class='ocrx_word' id='word_1_382' title='bbox 1658 3635 1766 3704; x_wconf 71' lang='grc' dir='ltr'>γὰρ</span> <span class='ocrx_word' id='word_1_383' title='bbox 1805 3634 2004 3705; x_wconf 77' lang='grc' dir='ltr'>μᾶλλον</span> 
     </span>
    </p>
   </div>
   <div class='ocr_carea' id='block_1_51' title="bbox 428 3726 2007 3800">
    <p class='ocr_par' dir='ltr' id='par_1_51' title="bbox 428 3726 2007 3800">
     <span class='ocr_line' id='line_1_51' title="bbox 428 3726 2007 3800; baseline -0.001 -20"><span class='ocrx_word' id='word_1_384' title='bbox 428 3729 745 3800; x_wconf 70' lang='grc' dir='ltr'>ἐπικουρίαν</span> <span class='ocrx_word' id='word_1_385' title='bbox 779 3728 960 3799; x_wconf 80' lang='grc' dir='ltr'>ζητεῖν</span> <span class='ocrx_word' id='word_1_386' title='bbox 999 3729 1098 3799; x_wconf 81' lang='grc' dir='ltr'><strong>τὴν</strong></span> <span class='ocrx_word' id='word_1_387' title='bbox 1143 3727 1348 3781; x_wconf 86' lang='grc' dir='ltr'>ἄνωθεν</span> <span class='ocrx_word' id='word_1_388' title='bbox 1383 3728 1476 3780; x_wconf 72' lang='grc' dir='ltr'><strong>καὶ</strong></span> <span class='ocrx_word' id='word_1_389' title='bbox 1511 3726 1661 3796; x_wconf 80' lang='grc' dir='ltr'>παρὰ</span> <span class='ocrx_word' id='word_1_390' title='bbox 1708 3726 1864 3789; x_wconf 78' lang='grc' dir='ltr'>Θεοῦ,</span> <span class='ocrx_word' id='word_1_391' title='bbox 1913 3727 2007 3781; x_wconf 78' lang='grc' dir='ltr'><strong>καὶ</strong></span> 
     </span>
    </p>
   </div>
   <div class='ocr_carea' id='block_1_52' title="bbox 427 3818 2005 3891">
    <p class='ocr_par' dir='ltr' id='par_1_52' title="bbox 427 3818 2005 3891">
     <span class='ocr_line' id='line_1_52' title="bbox 427 3818 2005 3891; baseline -0.001 -19"><span class='ocrx_word' id='word_1_392' title='bbox 427 3821 550 3890; x_wconf 76' lang='grc' dir='ltr'>οὐχὶ</span> <span class='ocrx_word' id='word_1_393' title='bbox 594 3821 659 3890; x_wconf 84' lang='grc' dir='ltr'>δὴ</span> <span class='ocrx_word' id='word_1_394' title='bbox 699 3822 897 3891; x_wconf 79' lang='grc' dir='ltr'>μᾶλλον</span> <span class='ocrx_word' id='word_1_395' title='bbox 944 3820 1308 3891; x_wconf 81' lang='grc' dir='ltr'>ὲπιθαρσῆσαι</span> <span class='ocrx_word' id='word_1_396' title='bbox 1348 3819 1533 3882; x_wconf 88' lang='grc' dir='ltr'>λίθοις.</span> <span class='ocrx_word' id='word_1_397' title='bbox 1572 3818 2005 3872; x_wconf 83' lang='grc' dir='ltr'>Κατασεσεῖσθαι</span> 
     </span>
    </p>
   </div>
   <div class='ocr_carea' id='block_1_53' title="bbox 428 3908 2007 3982">
    <p class='ocr_par' dir='ltr' id='par_1_53' title="bbox 428 3908 2007 3982">
     <span class='ocr_line' id='line_1_53' title="bbox 428 3908 2007 3982; baseline 0 -19"><span class='ocrx_word' id='word_1_398' title='bbox 428 3912 537 3982; x_wconf 84' lang='grc' dir='ltr'>γὰρ</span> <span class='ocrx_word' id='word_1_399' title='bbox 570 3911 711 3964; x_wconf 81' lang='grc' dir='ltr'>οὓτω</span> <span class='ocrx_word' id='word_1_400' title='bbox 745 3912 908 3980; x_wconf 71' lang='grc' dir='ltr'>φασιν</span> <span class='ocrx_word' id='word_1_401' title='bbox 935 3911 1044 3965; x_wconf 91' lang='grc' dir='ltr'><strong>τῶν</strong></span> <span class='ocrx_word' id='word_1_402' title='bbox 1081 3912 1211 3981; x_wconf 86' lang='grc' dir='ltr'>παρ’</span> <span class='ocrx_word' id='word_1_403' title='bbox 1238 3911 1423 3974; x_wconf 76' lang='grc' dir='ltr'>αὐτοῖς</span> <span class='ocrx_word' id='word_1_404' title='bbox 1471 3909 1676 3963; x_wconf 89' lang='grc' dir='ltr'>πόλεων</span> <span class='ocrx_word' id='word_1_405' title='bbox 1719 3908 1896 3980; x_wconf 87' lang='grc' dir='ltr'>τείχη,</span> <span class='ocrx_word' id='word_1_406' title='bbox 1931 3908 2007 3972; x_wconf 83' lang='grc' dir='ltr'>ὡς</span> 
     </span>
    </p>
   </div>
   <div class='ocr_carea' id='block_1_54' title="bbox 428 4002 1545 4076">
    <p class='ocr_par' dir='ltr' id='par_1_54' title="bbox 428 4002 1545 4076">
     <span class='ocr_line' id='line_1_54' title="bbox 428 4002 1545 4076; baseline -0.001 -21"><span class='ocrx_word' id='word_1_407' title='bbox 428 4003 574 4057; x_wconf 84' lang='grc' dir='ltr'>λίθον</span> <span class='ocrx_word' id='word_1_408' title='bbox 601 4005 693 4057; x_wconf 72' lang='grc' dir='ltr'>ἐπὶ</span> <span class='ocrx_word' id='word_1_409' title='bbox 719 4004 865 4057; x_wconf 85' lang='grc' dir='ltr'>λίθον</span> <span class='ocrx_word' id='word_1_410' title='bbox 890 4005 988 4073; x_wconf 84' lang='grc' dir='ltr'><strong>οὐχ</strong></span> <span class='ocrx_word' id='word_1_411' title='bbox 1014 4003 1241 4076; x_wconf 80' lang='grc' dir='ltr'>ὁρᾶσθαι</span> <span class='ocrx_word' id='word_1_412' title='bbox 1273 4002 1545 4072; x_wconf 85' lang='grc' dir='ltr'>κείμενον.</span> 
     </span>
    </p>
   </div>
   <div class='ocr_carea' id='block_1_55' title="bbox 513 4090 2007 4165">
    <p class='ocr_par' dir='ltr' id='par_1_55' title="bbox 513 4090 2007 4165">
     <span class='ocr_line' id='line_1_55' title="bbox 513 4090 2007 4165; baseline -0.002 -17"><span class='ocrx_word' id='word_1_413' title='bbox 513 4097 648 4149; x_wconf 78' lang='grc' dir='ltr'><strong>Ἐὰν</strong></span> <span class='ocrx_word' id='word_1_414' title='bbox 692 4094 866 4163; x_wconf 71' lang='grc' dir='ltr'>ζητῇς</span> <span class='ocrx_word' id='word_1_415' title='bbox 899 4095 1087 4165; x_wconf 79' lang='grc' dir='ltr'>ζήτει,</span> <span class='ocrx_word' id='word_1_416' title='bbox 1120 4096 1219 4150; x_wconf 80' lang='grc' dir='ltr'>καὶ</span> <span class='ocrx_word' id='word_1_417' title='bbox 1260 4096 1396 4163; x_wconf 81' lang='grc' dir='ltr'>παρ’</span> <span class='ocrx_word' id='word_1_418' title='bbox 1439 4094 1569 4164; x_wconf 82' lang='grc' dir='ltr'>ἐμοὶ</span> <span class='ocrx_word' id='word_1_419' title='bbox 1605 4094 1787 4160; x_wconf 82' lang='grc' dir='ltr'>οἴκει,</span> <span class='ocrx_word' id='word_1_420' title='bbox 1821 4093 1890 4146; x_wconf 82' lang='grc' dir='ltr'><strong>ἐν</strong></span> <span class='ocrx_word' id='word_1_421' title='bbox 1928 4090 2007 4157; x_wconf 82' lang='grc' dir='ltr'>τῷ</span> 
     </span>
    </p>
   </div>
   <div class='ocr_carea' id='block_1_56' title="bbox 429 4184 1313 4256">
    <p class='ocr_par' dir='ltr' id='par_1_56' title="bbox 429 4184 1313 4256">
     <span class='ocr_line' id='line_1_56' title="bbox 429 4184 1313 4256; baseline -0.002 -17"><span class='ocrx_word' id='word_1_422' title='bbox 429 4184 630 4256; x_wconf 81' lang='grc' dir='ltr'>δρυμῷ</span> <span class='ocrx_word' id='word_1_423' title='bbox 654 4187 917 4255; x_wconf 83' lang='grc' dir='ltr'>ἑσπέρας</span> <span class='ocrx_word' id='word_1_424' title='bbox 951 4186 1313 4255; x_wconf 72' lang='grc' dir='ltr'>κοιμηθήσῃ.</span> 
     </span>
    </p>
   </div>
   <div class='ocr_carea' id='block_1_57' title="bbox 510 4276 2001 4349">
    <p class='ocr_par' dir='ltr' id='par_1_57' title="bbox 510 4276 2001 4349">
     <span class='ocr_line' id='line_1_57' title="bbox 510 4276 2001 4349; baseline -0.002 -18"><span class='ocrx_word' id='word_1_425' title='bbox 510 4280 572 4331; x_wconf 81' lang='lat' dir='ltr'><strong>Ei</strong></span> <span class='ocrx_word' id='word_1_426' title='bbox 620 4277 730 4348; x_wconf 80' lang='grc' dir='ltr'>γὰρ</span> <span class='ocrx_word' id='word_1_427' title='bbox 779 4278 843 4348; x_wconf 85' lang='grc' dir='ltr'>δὴ</span> <span class='ocrx_word' id='word_1_428' title='bbox 884 4278 1125 4348; x_wconf 77' lang='grc' dir='ltr'>βούλοιο,</span> <span class='ocrx_word' id='word_1_429' title='bbox 1183 4278 1369 4348; x_wconf 74' lang='grc' dir='ltr'>φησιν,</span> <span class='ocrx_word' id='word_1_430' title='bbox 1423 4277 1741 4349; x_wconf 77' lang='grc' dir='ltr'>ἐπικουρίαν</span> <span class='ocrx_word' id='word_1_431' title='bbox 1797 4276 2001 4348; x_wconf 79' lang='grc' dir='ltr'>ζητεῖν,</span> 
     </span>
    </p>
   </div>
   <div class='ocr_carea' id='block_1_58' title="bbox 431 4364 2005 4439">
    <p class='ocr_par' dir='ltr' id='par_1_58' title="bbox 431 4364 2005 4439">
     <span class='ocr_line' id='line_1_58' title="bbox 431 4364 2005 4439; baseline -0.001 -20"><span class='ocrx_word' id='word_1_432' title='bbox 431 4368 583 4439; x_wconf 78' lang='grc' dir='ltr'>ζήτει</span> <span class='ocrx_word' id='word_1_433' title='bbox 619 4367 825 4438; x_wconf 83' lang='grc' dir='ltr'>ταύτην</span> <span class='ocrx_word' id='word_1_434' title='bbox 867 4369 995 4438; x_wconf 83' lang='grc' dir='ltr'>παρ’</span> <span class='ocrx_word' id='word_1_435' title='bbox 1040 4367 1174 4437; x_wconf 74' lang='grc' dir='ltr'>ἐμοῦ</span> <span class='ocrx_word' id='word_1_436' title='bbox 1216 4366 1312 4420; x_wconf 81' lang='grc' dir='ltr'>τοῦ</span> <span class='ocrx_word' id='word_1_437' title='bbox 1354 4364 1640 4429; x_wconf 78' lang='grc' dir='ltr'>διασώζειν</span> <span class='ocrx_word' id='word_1_438' title='bbox 1694 4364 2005 4435; x_wconf 76' lang='grc' dir='ltr'>ἰσχύοντος,</span> 
     </span>
    </p>
   </div>
   <div class='ocr_carea' id='block_1_59' title="bbox 433 4456 2010 4529">
    <p class='ocr_par' dir='ltr' id='par_1_59' title="bbox 433 4456 2010 4529">
     <span class='ocr_line' id='line_1_59' title="bbox 433 4456 2010 4529; baseline -0.002 -17"><span class='ocrx_word' id='word_1_439' title='bbox 433 4461 526 4512; x_wconf 74' lang='grc' dir='ltr'>καὶ</span> <span class='ocrx_word' id='word_1_440' title='bbox 543 4460 681 4512; x_wconf 80' lang='grc' dir='ltr'>οἴκει</span> <span class='ocrx_word' id='word_1_441' title='bbox 698 4459 823 4529; x_wconf 76' lang='grc' dir='ltr'>παρ’</span> <span class='ocrx_word' id='word_1_442' title='bbox 847 4460 987 4529; x_wconf 75' lang='grc' dir='ltr'>ἐμοὶ,</span> <span class='ocrx_word' id='word_1_443' title='bbox 1004 4458 1148 4512; x_wconf 78' lang='grc' dir='ltr'>τοῦτ’</span> <span class='ocrx_word' id='word_1_444' title='bbox 1177 4458 1343 4523; x_wconf 77' lang='grc' dir='ltr'>ἔστιν,</span> <span class='ocrx_word' id='word_1_445' title='bbox 1369 4458 1498 4528; x_wconf 74' lang='grc' dir='ltr'>ὲμὸς</span> <span class='ocrx_word' id='word_1_446' title='bbox 1514 4457 1604 4510; x_wconf 73' lang='grc' dir='ltr'>ἔσο</span> <span class='ocrx_word' id='word_1_447' title='bbox 1620 4458 1714 4511; x_wconf 75' lang='grc' dir='ltr'>καὶ</span> <span class='ocrx_word' id='word_1_448' title='bbox 1731 4456 1917 4528; x_wconf 83' lang='grc' dir='ltr'>φρόνει</span> <span class='ocrx_word' id='word_1_449' title='bbox 1941 4456 2010 4509; x_wconf 78' lang='grc' dir='ltr'>τὰ</span> 
     </span>
    </p>
   </div>
   <div class='ocr_carea' id='block_1_60' title="bbox 433 4548 2008 4621">
    <p class='ocr_par' dir='ltr' id='par_1_60' title="bbox 433 4548 2008 4621">
     <span class='ocr_line' id='line_1_60' title="bbox 433 4548 2008 4621; baseline -0.001 -17"><span class='ocrx_word' id='word_1_450' title='bbox 433 4550 583 4621; x_wconf 55' lang='lat' dir='ltr'><strong>ipsa,</strong></span> <span class='ocrx_word' id='word_1_451' title='bbox 632 4552 731 4621; x_wconf 85' lang='grc' dir='ltr'>τῆς</span> <span class='ocrx_word' id='word_1_452' title='bbox 766 4550 874 4604; x_wconf 90' lang='grc' dir='ltr'><strong>τῶν</strong></span> <span class='ocrx_word' id='word_1_453' title='bbox 921 4550 1284 4620; x_wconf 68' lang='grc' dir='ltr'>ψευδωνύμων</span> <span class='ocrx_word' id='word_1_454' title='bbox 1334 4550 1471 4603; x_wconf 86' lang='grc' dir='ltr'>θεῶν</span> <span class='ocrx_word' id='word_1_455' title='bbox 1520 4549 1775 4620; x_wconf 85' lang='grc' dir='ltr'>λατρείας</span> <span class='ocrx_word' id='word_1_456' title='bbox 1816 4548 2008 4603; x_wconf 82' lang='grc' dir='ltr'>σαυτὸν</span> 
     </span>
    </p>
   </div>
   <div class='ocr_carea' id='block_1_61' title="bbox 432 4640 2016 4712">
    <p class='ocr_par' dir='ltr' id='par_1_61' title="bbox 432 4640 2016 4712">
     <span class='ocr_line' id='line_1_61' title="bbox 432 4640 2016 4712; baseline -0.003 -17"><span class='ocrx_word' id='word_1_457' title='bbox 432 4642 684 4710; x_wconf 66' lang='grc' dir='ltr'>ἀᾳιστάς.</span> <span class='ocrx_word' id='word_1_458' title='bbox 710 4642 958 4697; x_wconf 80' lang='grc' dir='ltr'>Τοιοῦτόν</span> <span class='ocrx_word' id='word_1_459' title='bbox 989 4643 1043 4695; x_wconf 90' lang='grc' dir='ltr'><strong>τί</strong></span> <span class='ocrx_word' id='word_1_460' title='bbox 1096 4659 1260 4712; x_wconf 87' lang='grc' dir='ltr'>φησιν</span> <span class='ocrx_word' id='word_1_461' title='bbox 1286 4643 1314 4693; x_wconf 84' lang='grc' dir='ltr'><strong>ό</strong></span> <span class='ocrx_word' id='word_1_462' title='bbox 1341 4642 1530 4711; x_wconf 84' lang='grc' dir='ltr'>Σωτήρ</span> <span class='ocrx_word' id='word_1_463' title='bbox 1551 4658 1563 4671; x_wconf 90' lang='grc'><strong>·</strong></span> <span class='ocrx_word' id='word_1_464' title='bbox 1595 4661 1613 4692; x_wconf 79' lang='grc' dir='ltr'><strong>ι</strong></span> <span class='ocrx_word' id='word_1_465' title='bbox 1650 4641 1709 4693; x_wconf 78' lang='grc' dir='ltr'>Ὀ</span> <span class='ocrx_word' id='word_1_466' title='bbox 1739 4641 1839 4710; x_wconf 80' lang='grc' dir='ltr'>ἐμὲ</span> <span class='ocrx_word' id='word_1_467' title='bbox 1886 4640 2016 4706; x_wconf 83' lang='grc' dir='ltr'>ἁγα-</span> 
     </span>
    </p>
   </div>
   <div class='ocr_carea' id='block_1_62' title="bbox 433 4732 2011 4805">
    <p class='ocr_par' dir='ltr' id='par_1_62' title="bbox 433 4732 2011 4805">
     <span class='ocr_line' id='line_1_62' title="bbox 433 4732 2011 4805; baseline -0.001 -19"><span class='ocrx_word' id='word_1_468' title='bbox 433 4735 572 4796; x_wconf 86' lang='grc' dir='ltr'>πῶν,</span> <span class='ocrx_word' id='word_1_469' title='bbox 597 4735 720 4805; x_wconf 75' lang='grc' dir='ltr'>ἐμοὶ</span> <span class='ocrx_word' id='word_1_470' title='bbox 746 4734 1125 4795; x_wconf 85' lang='grc' dir='ltr'>ἀκολουθείτω,</span> <span class='ocrx_word' id='word_1_471' title='bbox 1150 4735 1243 4787; x_wconf 75' lang='grc' dir='ltr'>καὶ</span> <span class='ocrx_word' id='word_1_472' title='bbox 1267 4735 1400 4786; x_wconf 82' lang='grc' dir='ltr'>ὅπου</span> <span class='ocrx_word' id='word_1_473' title='bbox 1454 4734 1569 4802; x_wconf 79' lang='grc' dir='ltr'>εἰμὶ</span> <span class='ocrx_word' id='word_1_474' title='bbox 1602 4733 1731 4800; x_wconf 81' lang='grc' dir='ltr'>ἐγὼ,</span> <span class='ocrx_word' id='word_1_475' title='bbox 1767 4734 1883 4785; x_wconf 75' lang='grc' dir='ltr'>ἐκεῖ</span> <span class='ocrx_word' id='word_1_476' title='bbox 1914 4732 2011 4784; x_wconf 78' lang='grc' dir='ltr'>καὶ</span> 
     </span>
    </p>
   </div>
   <div class='ocr_carea' id='block_1_63' title="bbox 433 4822 2009 4895">
    <p class='ocr_par' dir='ltr' id='par_1_63' title="bbox 433 4822 2009 4895">
     <span class='ocr_line' id='line_1_63' title="bbox 433 4822 2009 4895; baseline -0.002 -19"><span class='ocrx_word' id='word_1_477' title='bbox 433 4825 462 4876; x_wconf 87' lang='lat'><strong>6</strong></span> <span class='ocrx_word' id='word_1_478' title='bbox 499 4824 742 4888; x_wconf 86' lang='grc' dir='ltr'>διάκονος</span> <span class='ocrx_word' id='word_1_479' title='bbox 777 4827 805 4878; x_wconf 89' lang='grc' dir='ltr'>ὁ</span> <span class='ocrx_word' id='word_1_480' title='bbox 852 4825 982 4895; x_wconf 77' lang='grc' dir='ltr'>ἐμὸς</span> <span class='ocrx_word' id='word_1_481' title='bbox 1035 4824 1195 4876; x_wconf 79' lang='grc' dir='ltr'>ἔστω.</span> <span class='ocrx_word' id='word_1_482' title='bbox 1226 4842 1244 4875; x_wconf 68' lang='grc' dir='ltr'><strong>ι</strong></span> <span class='ocrx_word' id='word_1_483' title='bbox 1302 4823 1761 4894; x_wconf 75' lang='grc' dir='ltr'>Κατατρεχούσης</span> <span class='ocrx_word' id='word_1_484' title='bbox 1807 4822 2009 4884; x_wconf 86' lang='grc' dir='ltr'>τοίνυν,</span> 
     </span>
    </p>
   </div>
   <div class='ocr_carea' id='block_1_64' title="bbox 434 4912 2015 4986">
    <p class='ocr_par' dir='ltr' id='par_1_64' title="bbox 434 4912 2015 4986">
     <span class='ocr_line' id='line_1_64' title="bbox 434 4912 2015 4986; baseline -0.003 -17"><span class='ocrx_word' id='word_1_485' title='bbox 434 4917 592 4985; x_wconf 70' lang='grc' dir='ltr'>φησι,</span> <span class='ocrx_word' id='word_1_486' title='bbox 631 4918 731 4986; x_wconf 88' lang='grc' dir='ltr'>τῆς</span> <span class='ocrx_word' id='word_1_487' title='bbox 777 4917 885 4969; x_wconf 89' lang='grc' dir='ltr'><strong>τῶν</strong></span> <span class='ocrx_word' id='word_1_488' title='bbox 944 4916 1218 4985; x_wconf 82' lang='grc' dir='ltr'>πολεμίων</span> <span class='ocrx_word' id='word_1_489' title='bbox 1267 4915 1547 4983; x_wconf 85' lang='grc' dir='ltr'>φάλαγγος</span> <span class='ocrx_word' id='word_1_490' title='bbox 1595 4914 1694 4984; x_wconf 83' lang='grc' dir='ltr'>τὴν</span> <span class='ocrx_word' id='word_1_491' title='bbox 1737 4912 1846 4968; x_wconf 89' lang='grc' dir='ltr'><strong>τῶν</strong></span> <span class='ocrx_word' id='word_1_492' title='bbox 1888 4914 2015 4966; x_wconf 83' lang='grc' dir='ltr'>Ἰου-</span> 
     </span>
    </p>
   </div>
   <div class='ocr_carea' id='block_1_65' title="bbox 433 5004 2004 5079">
    <p class='ocr_par' dir='ltr' id='par_1_65' title="bbox 433 5004 2004 5079">
     <span class='ocr_line' id='line_1_65' title="bbox 433 5004 2004 5079; baseline -0.003 -18"><span class='ocrx_word' id='word_1_493' title='bbox 433 5009 598 5062; x_wconf 86' lang='grc' dir='ltr'>δαίων</span> <span class='ocrx_word' id='word_1_494' title='bbox 631 5009 849 5063; x_wconf 77' lang='grc' dir='ltr'>ἃπασαν</span> <span class='ocrx_word' id='word_1_495' title='bbox 884 5010 1009 5079; x_wconf 82' lang='grc' dir='ltr'>γῆν,</span> <span class='ocrx_word' id='word_1_496' title='bbox 1034 5010 1137 5076; x_wconf 74' lang='grc' dir='ltr'>ἔξω</span> <span class='ocrx_word' id='word_1_497' title='bbox 1160 5011 1254 5062; x_wconf 80' lang='grc' dir='ltr'>καὶ</span> <span class='ocrx_word' id='word_1_498' title='bbox 1279 5010 1443 5062; x_wconf 78' lang='grc' dir='ltr'>οἴκων</span> <span class='ocrx_word' id='word_1_499' title='bbox 1466 5008 1500 5079; x_wconf 83' lang='grc' dir='ltr'>ἣ</span> <span class='ocrx_word' id='word_1_500' title='bbox 1527 5007 1623 5061; x_wconf 76' lang='grc' dir='ltr'><strong>καὶ</strong></span> <span class='ocrx_word' id='word_1_501' title='bbox 1651 5006 1879 5071; x_wconf 87' lang='grc' dir='ltr'>πόλεων,</span> <span class='ocrx_word' id='word_1_502' title='bbox 1910 5004 2004 5059; x_wconf 63' lang='grc' dir='ltr'><strong>καὶ⁸</strong></span> 
     </span>
    </p>
   </div>
   <div class='ocr_carea' id='block_1_66' title="bbox 437 5096 2005 5173">
    <p class='ocr_par' dir='ltr' id='par_1_66' title="bbox 437 5096 2005 5173">
     <span class='ocr_line' id='line_1_66' title="bbox 437 5096 2005 5173; baseline -0.004 -19"><span class='ocrx_word' id='word_1_503' title='bbox 437 5104 495 5154; x_wconf 82' lang='grc' dir='ltr'>ὲν</span> <span class='ocrx_word' id='word_1_504' title='bbox 522 5101 601 5173; x_wconf 79' lang='grc' dir='ltr'><strong>τῷ</strong></span> <span class='ocrx_word' id='word_1_505' title='bbox 630 5102 820 5173; x_wconf 86' lang='grc' dir='ltr'>δρυμῷ</span> <span class='ocrx_word' id='word_1_506' title='bbox 849 5102 1085 5172; x_wconf 79' lang='grc' dir='ltr'>ἑσπέρας</span> <span class='ocrx_word' id='word_1_507' title='bbox 1114 5101 1441 5172; x_wconf 83' lang='grc' dir='ltr'>κοιμηθήσῃ,</span> <span class='ocrx_word' id='word_1_508' title='bbox 1488 5098 1633 5152; x_wconf 76' lang='grc' dir='ltr'>τοῦτ’</span> <span class='ocrx_word' id='word_1_509' title='bbox 1666 5098 1834 5161; x_wconf 77' lang='grc' dir='ltr'>ἔστιν,</span> <span class='ocrx_word' id='word_1_510' title='bbox 1870 5096 2005 5166; x_wconf 73' lang='grc' dir='ltr'>ὁμοῦ</span> 
     </span>
    </p>
   </div>
   <div class='ocr_carea' id='block_1_67' title="bbox 437 5188 2006 5264">
    <p class='ocr_par' dir='ltr' id='par_1_67' title="bbox 437 5188 2006 5264">
     <span class='ocr_line' id='line_1_67' title="bbox 437 5188 2006 5264; baseline -0.003 -19"><span class='ocrx_word' id='word_1_511' title='bbox 437 5196 550 5254; x_wconf 86' lang='grc' dir='ltr'>τοῖς</span> <span class='ocrx_word' id='word_1_512' title='bbox 589 5194 802 5264; x_wconf 85' lang='grc' dir='ltr'>ἀγρίοις</span> <span class='ocrx_word' id='word_1_513' title='bbox 854 5193 1146 5246; x_wconf 81' lang='grc' dir='ltr'>καταλύσει</span> <span class='ocrx_word' id='word_1_514' title='bbox 1202 5191 1441 5262; x_wconf 74' lang='grc' dir='ltr'>θηρίοιςο</span> <span class='ocrx_word' id='word_1_515' title='bbox 1494 5189 1905 5260; x_wconf 77' lang='grc' dir='ltr'>καταυλισθήσῃ</span> <span class='ocrx_word' id='word_1_516' title='bbox 1952 5188 2006 5241; x_wconf 79' lang='grc' dir='ltr'>δὲ</span> 
     </span>
    </p>
   </div>
   <div class='ocr_carea' id='block_1_68' title="bbox 440 5280 2008 5352">
    <p class='ocr_par' dir='ltr' id='par_1_68' title="bbox 440 5280 2008 5352">
     <span class='ocr_line' id='line_1_68' title="bbox 440 5280 2008 5352; baseline -0.001 -16"><span class='ocrx_word' id='word_1_517' title='bbox 440 5285 533 5337; x_wconf 76' lang='grc' dir='ltr'><strong>καὶ</strong></span> <span class='ocrx_word' id='word_1_518' title='bbox 560 5286 616 5337; x_wconf 77' lang='grc' dir='ltr'>ἐν</span> <span class='ocrx_word' id='word_1_519' title='bbox 650 5286 760 5349; x_wconf 87' lang='grc' dir='ltr'>τοῖς</span> <span class='ocrx_word' id='word_1_520' title='bbox 791 5283 989 5347; x_wconf 71' lang='grc' dir='ltr'>ἕλεσιν,</span> <span class='ocrx_word' id='word_1_521' title='bbox 1022 5282 1165 5336; x_wconf 71' lang='grc' dir='ltr'>οὕτω</span> <span class='ocrx_word' id='word_1_522' title='bbox 1198 5300 1255 5336; x_wconf 87' lang='grc' dir='ltr'><strong>τε</strong></span> <span class='ocrx_word' id='word_1_523' title='bbox 1289 5282 1471 5335; x_wconf 82' lang='grc' dir='ltr'>λοιπὸν</span> <span class='ocrx_word' id='word_1_524' title='bbox 1494 5282 1593 5352; x_wconf 81' lang='grc' dir='ltr'>τῆς</span> <span class='ocrx_word' id='word_1_525' title='bbox 1623 5282 1703 5344; x_wconf 83' lang='grc' dir='ltr'><strong>είς</strong></span> <span class='ocrx_word' id='word_1_526' title='bbox 1746 5280 2008 5349; x_wconf 73' lang='grc' dir='ltr'>ἀδελφοὺς</span> 
     </span>
    </p>
   </div>
   <div class='ocr_carea' id='block_1_69' title="bbox 437 5374 1373 5447">
    <p class='ocr_par' dir='ltr' id='par_1_69' title="bbox 437 5374 1373 5447">
     <span class='ocr_line' id='line_1_69' title="bbox 437 5374 1373 5447; baseline 0 -19"><span class='ocrx_word' id='word_1_527' title='bbox 437 5376 717 5446; x_wconf 82' lang='grc' dir='ltr'>ὠμότητος</span> <span class='ocrx_word' id='word_1_528' title='bbox 755 5375 1046 5447; x_wconf 78' lang='grc' dir='ltr'>πραχθήσῃ</span> <span class='ocrx_word' id='word_1_529' title='bbox 1074 5375 1173 5438; x_wconf 73' lang='grc' dir='ltr'>τὰς</span> <span class='ocrx_word' id='word_1_530' title='bbox 1200 5374 1373 5438; x_wconf 86' lang='grc' dir='ltr'>δίκας.</span> 
     </span>
    </p>
   </div>
   <div class='ocr_carea' id='block_1_70' title="bbox 522 5462 2011 5535">
    <p class='ocr_par' dir='ltr' id='par_1_70' title="bbox 522 5462 2011 5535">
     <span class='ocr_line' id='line_1_70' title="bbox 522 5462 2011 5535; baseline -0.003 -15"><span class='ocrx_word' id='word_1_531' title='bbox 522 5468 617 5519; x_wconf 75' lang='grc' dir='ltr'><em>Ἐν</em></span> <span class='ocrx_word' id='word_1_532' title='bbox 652 5466 727 5535; x_wconf 81' lang='grc' dir='ltr'>τῇ</span> <span class='ocrx_word' id='word_1_533' title='bbox 780 5466 896 5532; x_wconf 81' lang='grc' dir='ltr'><strong>ὀδῷ</strong></span> <span class='ocrx_word' id='word_1_534' title='bbox 944 5466 1181 5531; x_wconf 76' lang='grc' dir='ltr'>Δαιδὰν,</span> <span class='ocrx_word' id='word_1_535' title='bbox 1222 5468 1309 5532; x_wconf 84' lang='grc' dir='ltr'>εὶς</span> <span class='ocrx_word' id='word_1_536' title='bbox 1352 5465 1733 5532; x_wconf 75' lang='grc' dir='ltr'>συνάντησιν</span> <span class='ocrx_word' id='word_1_537' title='bbox 1763 5462 2011 5531; x_wconf 71' lang='grc' dir='ltr'>διψῶντι</span> 
     </span>
    </p>
   </div>
   <div class='ocr_carea' id='block_1_71' title="bbox 440 5552 2008 5628">
    <p class='ocr_par' dir='ltr' id='par_1_71' title="bbox 440 5552 2008 5628">
     <span class='ocr_line' id='line_1_71' title="bbox 440 5552 2008 5628; baseline 0.004 -16"><span class='ocrx_word' id='word_1_538' title='bbox 440 5558 599 5627; x_wconf 82' lang='grc' dir='ltr'>ὕδωρ</span> <span class='ocrx_word' id='word_1_539' title='bbox 658 5558 895 5628; x_wconf 69' lang='grc' dir='ltr'>φέρετε,</span> <span class='ocrx_word' id='word_1_540' title='bbox 940 5562 991 5613; x_wconf 88' lang='grc' dir='ltr'>οἱ</span> <span class='ocrx_word' id='word_1_541' title='bbox 1025 5558 1401 5625; x_wconf 75' lang='grc' dir='ltr'>ἐνοικοῦντες</span> <span class='ocrx_word' id='word_1_542' title='bbox 1453 5558 1523 5610; x_wconf 77' lang='grc' dir='ltr'><em>ἐν</em></span> <span class='ocrx_word' id='word_1_543' title='bbox 1582 5556 1743 5625; x_wconf 77' lang='grc' dir='ltr'>χώρᾳ</span> <span class='ocrx_word' id='word_1_544' title='bbox 1794 5552 2008 5625; x_wconf 73' lang='grc' dir='ltr'><strong>Θεμᾶνν</strong></span> 
     </span>
    </p>
   </div>
   <div class='ocr_carea' id='block_1_72' title="bbox 440 5646 2011 5721">
    <p class='ocr_par' dir='ltr' id='par_1_72' title="bbox 440 5646 2011 5721">
     <span class='ocr_line' id='line_1_72' title="bbox 440 5646 2011 5721; baseline -0.001 -18"><span class='ocrx_word' id='word_1_545' title='bbox 440 5652 638 5721; x_wconf 75' lang='grc' dir='ltr'>ἄρτοις</span> <span class='ocrx_word' id='word_1_546' title='bbox 657 5650 992 5707; x_wconf 80' lang='grc' dir='ltr'>συναντᾶτε</span> <span class='ocrx_word' id='word_1_547' title='bbox 1010 5650 1133 5716; x_wconf 83' lang='grc' dir='ltr'>τοῖς</span> <span class='ocrx_word' id='word_1_548' title='bbox 1150 5652 1441 5721; x_wconf 67' lang='grc' dir='ltr'>φεύγουσι</span> <span class='ocrx_word' id='word_1_549' title='bbox 1456 5650 1552 5704; x_wconf 82' lang='grc' dir='ltr'>διὰ</span> <span class='ocrx_word' id='word_1_550' title='bbox 1564 5649 1626 5703; x_wconf 89' lang='grc' dir='ltr'>τὸ</span> <span class='ocrx_word' id='word_1_551' title='bbox 1649 5648 1883 5717; x_wconf 73' lang='grc' dir='ltr'>πλῆθος</span> <span class='ocrx_word' id='word_1_552' title='bbox 1896 5646 2011 5702; x_wconf 87' lang='grc' dir='ltr'>τῶν</span> 
     </span>
    </p>
   </div>
   <div class='ocr_carea' id='block_1_73' title="bbox 516 5830 1672 5899">
    <p class='ocr_par' dir='ltr' id='par_1_73' title="bbox 516 5830 1672 5899">
     <span class='ocr_line' id='line_1_73' title="bbox 516 5830 1672 5899; baseline -0.001 -12"><span class='ocrx_word' id='word_1_553' title='bbox 516 5830 562 5865; x_wconf 82' lang='grc'><strong>⁸⁹</strong></span> <span class='ocrx_word' id='word_1_554' title='bbox 613 5831 753 5888; x_wconf 77' lang='lat' dir='ltr'><strong>l’sal.</strong></span> <span class='ocrx_word' id='word_1_555' title='bbox 806 5848 986 5899; x_wconf 73' lang='lat' dir='ltr'><strong>cxxvr,</strong></span> <span class='ocrx_word' id='word_1_556' title='bbox 1028 5833 1071 5887; x_wconf 93' lang='lat' dir='ltr'><strong>l.</strong></span> <span class='ocrx_word' id='word_1_557' title='bbox 1149 5834 1191 5864; x_wconf 75' lang='lat'><strong>‘°</strong></span> <span class='ocrx_word' id='word_1_558' title='bbox 1225 5831 1380 5888; x_wconf 78' lang='lat' dir='ltr'><strong>Joan.</strong></span> <span class='ocrx_word' id='word_1_559' title='bbox 1440 5848 1535 5899; x_wconf 72' lang='grc' dir='ltr'>ιιι,</span> <span class='ocrx_word' id='word_1_560' title='bbox 1585 5833 1672 5886; x_wconf 73' lang='grc'><strong>26.</strong></span> 
     </span>
    </p>
   </div>
   <div class='ocr_carea' id='block_1_74' title="bbox 2097 1904 3673 1979">
    <p class='ocr_par' dir='ltr' id='par_1_74' title="bbox 2097 1904 3673 1979">
     <span class='ocr_line' id='line_1_74' title="bbox 2097 1904 3673 1979; baseline 0.006 -23"><span class='ocrx_word' id='word_1_561' title='bbox 2097 1904 2166 1958; x_wconf 89' lang='lat' dir='ltr'><strong>tis</strong></span> <span class='ocrx_word' id='word_1_562' title='bbox 2211 1916 2563 1974; x_wconf 80' lang='lat' dir='ltr'><strong>exceperunt,</strong></span> <span class='ocrx_word' id='word_1_563' title='bbox 2601 1907 2677 1960; x_wconf 86' lang='lat' dir='ltr'><strong>sic</strong></span> <span class='ocrx_word' id='word_1_564' title='bbox 2712 1906 3098 1971; x_wconf 86' lang='lat' dir='ltr'><strong>irridebuntur,</strong></span> <span class='ocrx_word' id='word_1_565' title='bbox 3130 1908 3326 1977; x_wconf 89' lang='lat' dir='ltr'><strong>inquit,</strong></span> <span class='ocrx_word' id='word_1_566' title='bbox 3354 1918 3409 1964; x_wconf 91' lang='lat' dir='ltr'><strong>et</strong></span> <span class='ocrx_word' id='word_1_567' title='bbox 3433 1925 3532 1979; x_wconf 84' lang='lat' dir='ltr'><strong>par</strong></span> <span class='ocrx_word' id='word_1_568' title='bbox 3553 1913 3673 1978; x_wconf 88' lang='lat' dir='ltr'><strong>pari</strong></span> 
     </span>
    </p>
   </div>
   <div class='ocr_carea' id='block_1_75' title="bbox 2094 1994 3649 2066">
    <p class='ocr_par' dir='ltr' id='par_1_75' title="bbox 2094 1994 3649 2066">
     <span class='ocr_line' id='line_1_75' title="bbox 2094 1994 3649 2066; baseline 0.007 -20"><span class='ocrx_word' id='word_1_569' title='bbox 2094 1994 2330 2049; x_wconf 89' lang='lat' dir='ltr'><strong>referent</strong></span> <span class='ocrx_word' id='word_1_570' title='bbox 2351 1995 2477 2061; x_wconf 77' lang='lat' dir='ltr'><strong>illis,</strong></span> <span class='ocrx_word' id='word_1_571' title='bbox 2511 2011 2633 2049; x_wconf 87' lang='lat' dir='ltr'><strong>cum</strong></span> <span class='ocrx_word' id='word_1_572' title='bbox 2680 1995 3097 2066; x_wconf 62' lang='lat' dir='ltr'><strong>Babyloniorum</strong></span> <span class='ocrx_word' id='word_1_573' title='bbox 3151 2013 3312 2052; x_wconf 85' lang='lat' dir='ltr'><strong>manu</strong></span> <span class='ocrx_word' id='word_1_574' title='bbox 3348 1999 3477 2054; x_wconf 90' lang='lat' dir='ltr'><strong>victi</strong></span> <span class='ocrx_word' id='word_1_575' title='bbox 3527 1998 3649 2057; x_wconf 81' lang='lat' dir='ltr'><strong>fue-</strong></span> 
     </span>
    </p>
   </div>
   <div class='ocr_carea' id='block_1_76' title="bbox 2094 2085 2225 2140">
    <p class='ocr_par' dir='ltr' id='par_1_76' title="bbox 2094 2085 2225 2140">
     <span class='ocr_line' id='line_1_76' title="bbox 2094 2085 2225 2140; baseline 0.008 -1"><span class='ocrx_word' id='word_1_576' title='bbox 2094 2085 2225 2140; x_wconf 89' lang='lat' dir='ltr'><strong>rint.</strong></span> 
     </span>
    </p>
   </div>
   <div class='ocr_carea' id='block_1_77' title="bbox 2167 2262 3672 2334">
    <p class='ocr_par' dir='ltr' id='par_1_77' title="bbox 2167 2262 3672 2334">
     <span class='ocr_line' id='line_1_77' title="bbox 2167 2262 3672 2334; baseline 0.003 -17"><span class='ocrx_word' id='word_1_577' title='bbox 2167 2264 2326 2317; x_wconf 75' lang='lat' dir='ltr'><strong>V&#39;ens.</strong></span> <span class='ocrx_word' id='word_1_578' title='bbox 2356 2264 2440 2318; x_wconf 72' lang='lat'><strong>12.</strong></span> <span class='ocrx_word' id='word_1_579' title='bbox 2464 2262 2732 2318; x_wconf 82' lang='lat' dir='ltr'><strong>Custodite</strong></span> <span class='ocrx_word' id='word_1_580' title='bbox 2755 2266 3168 2334; x_wconf 78' lang='lat' dir='ltr'><strong>propugnacula,</strong></span> <span class='ocrx_word' id='word_1_581' title='bbox 3201 2266 3493 2320; x_wconf 69' lang='lat' dir='ltr'><strong>custodiam</strong></span> <span class='ocrx_word' id='word_1_582' title='bbox 3520 2282 3672 2321; x_wconf 72' lang='lat' dir='ltr'><strong>mane</strong></span> 
     </span>
    </p>
   </div>
   <div class='ocr_carea' id='block_1_78' title="bbox 2095 2366 2350 2409">
    <p class='ocr_par' dir='ltr' id='par_1_78' title="bbox 2095 2366 2350 2409">
     <span class='ocr_line' id='line_1_78' title="bbox 2095 2366 2350 2409; baseline 0 0"><span class='ocrx_word' id='word_1_583' title='bbox 2095 2367 2144 2409; x_wconf 81' lang='lat' dir='ltr'><strong>et</strong></span> <span class='ocrx_word' id='word_1_584' title='bbox 2176 2366 2350 2409; x_wconf 84' lang='lat' dir='ltr'><strong>noctu.</strong></span> 
     </span>
    </p>
   </div>
   <div class='ocr_carea' id='block_1_79' title="bbox 2171 2447 3658 2516">
    <p class='ocr_par' dir='ltr' id='par_1_79' title="bbox 2171 2447 3658 2516">
     <span class='ocr_line' id='line_1_79' title="bbox 2171 2447 3658 2516; baseline 0.002 -16"><span class='ocrx_word' id='word_1_585' title='bbox 2171 2447 2365 2501; x_wconf 89' lang='lat' dir='ltr'><strong>Sermo</strong></span> <span class='ocrx_word' id='word_1_586' title='bbox 2397 2457 2481 2502; x_wconf 90' lang='lat' dir='ltr'><strong>est</strong></span> <span class='ocrx_word' id='word_1_587' title='bbox 2534 2447 2624 2502; x_wconf 89' lang='lat' dir='ltr'><strong>Dei</strong></span> <span class='ocrx_word' id='word_1_588' title='bbox 2655 2447 2803 2501; x_wconf 90' lang='lat' dir='ltr'><strong>velut</strong></span> <span class='ocrx_word' id='word_1_589' title='bbox 2828 2448 2893 2502; x_wconf 88' lang='lat' dir='ltr'><strong>ad</strong></span> <span class='ocrx_word' id='word_1_590' title='bbox 2918 2448 3202 2511; x_wconf 73' lang='lat' dir='ltr'><strong>Idumam,</strong></span> <span class='ocrx_word' id='word_1_591' title='bbox 3260 2448 3457 2516; x_wconf 80' lang='lat' dir='ltr'><strong>quibus</strong></span> <span class='ocrx_word' id='word_1_592' title='bbox 3486 2461 3658 2503; x_wconf 89' lang='lat' dir='ltr'><strong>vanos</strong></span> 
     </span>
    </p>
   </div>
   <div class='ocr_carea' id='block_1_80' title="bbox 2101 2540 3675 2610">
    <p class='ocr_par' dir='ltr' id='par_1_80' title="bbox 2101 2540 3675 2610">
     <span class='ocr_line' id='line_1_80' title="bbox 2101 2540 3675 2610; baseline 0.002 -21"><span class='ocrx_word' id='word_1_593' title='bbox 2101 2540 2363 2594; x_wconf 79' lang='lat' dir='ltr'><strong>etirritos</strong></span> <span class='ocrx_word' id='word_1_594' title='bbox 2418 2540 2635 2594; x_wconf 85' lang='lat' dir='ltr'><strong>labores</strong></span> <span class='ocrx_word' id='word_1_595' title='bbox 2700 2554 2839 2608; x_wconf 90' lang='lat' dir='ltr'><strong>quos</strong></span> <span class='ocrx_word' id='word_1_596' title='bbox 2888 2540 2942 2593; x_wconf 93' lang='lat' dir='ltr'><strong>in</strong></span> <span class='ocrx_word' id='word_1_597' title='bbox 2994 2540 3375 2610; x_wconf 80' lang='lat' dir='ltr'><strong>prapulsandis</strong></span> <span class='ocrx_word' id='word_1_598' title='bbox 3424 2540 3675 2596; x_wconf 80' lang='lat' dir='ltr'><strong>hostibus</strong></span> 
     </span>
    </p>
   </div>
   <div class='ocr_carea' id='block_1_81' title="bbox 2098 2630 3659 2702">
    <p class='ocr_par' dir='ltr' id='par_1_81' title="bbox 2098 2630 3659 2702">
     <span class='ocr_line' id='line_1_81' title="bbox 2098 2630 3659 2702; baseline 0.001 -17"><span class='ocrx_word' id='word_1_599' title='bbox 2098 2632 2519 2695; x_wconf 76' lang='lat' dir='ltr'><strong>collocaverunt,</strong></span> <span class='ocrx_word' id='word_1_600' title='bbox 2560 2633 2626 2687; x_wconf 90' lang='lat' dir='ltr'><strong>ab</strong></span> <span class='ocrx_word' id='word_1_601' title='bbox 2661 2633 2776 2701; x_wconf 85' lang='lat' dir='ltr'><strong>ipso</strong></span> <span class='ocrx_word' id='word_1_602' title='bbox 2814 2632 3041 2687; x_wconf 86' lang='lat' dir='ltr'><strong>salutem</strong></span> <span class='ocrx_word' id='word_1_603' title='bbox 3093 2632 3461 2702; x_wconf 83' lang='lat' dir='ltr'><strong>auxiliumque</strong></span> <span class='ocrx_word' id='word_1_604' title='bbox 3512 2630 3659 2686; x_wconf 86' lang='lat' dir='ltr'><strong>nulla</strong></span> 
     </span>
    </p>
   </div>
   <div class='ocr_carea' id='block_1_82' title="bbox 2100 2721 3677 2793">
    <p class='ocr_par' dir='ltr' id='par_1_82' title="bbox 2100 2721 3677 2793">
     <span class='ocr_line' id='line_1_82' title="bbox 2100 2721 3677 2793; baseline -0.001 -17"><span class='ocrx_word' id='word_1_605' title='bbox 2100 2725 2308 2777; x_wconf 74' lang='lat' dir='ltr'><strong>ratione</strong></span> <span class='ocrx_word' id='word_1_606' title='bbox 2350 2732 2660 2791; x_wconf 84' lang='lat' dir='ltr'><strong>expetentes</strong></span> <span class='ocrx_word' id='word_1_607' title='bbox 2682 2722 2883 2789; x_wconf 88' lang='lat' dir='ltr'><strong>objicit.</strong></span> <span class='ocrx_word' id='word_1_608' title='bbox 2911 2721 3228 2777; x_wconf 89' lang='lat' dir='ltr'><strong>lmminente</strong></span> <span class='ocrx_word' id='word_1_609' title='bbox 3256 2722 3398 2777; x_wconf 90' lang='lat' dir='ltr'><strong>enim</strong></span> <span class='ocrx_word' id='word_1_610' title='bbox 3427 2722 3677 2793; x_wconf 81' lang='lat' dir='ltr'><strong>Assyrio-</strong></span> 
     </span>
    </p>
   </div>
   <div class='ocr_carea' id='block_1_83' title="bbox 2100 2811 3662 2878">
    <p class='ocr_par' dir='ltr' id='par_1_83' title="bbox 2100 2811 3662 2878">
     <span class='ocr_line' id='line_1_83' title="bbox 2100 2811 3662 2878; baseline -0.003 -11"><span class='ocrx_word' id='word_1_611' title='bbox 2100 2829 2218 2867; x_wconf 91' lang='lat' dir='ltr'><strong>rum</strong></span> <span class='ocrx_word' id='word_1_612' title='bbox 2285 2814 2610 2875; x_wconf 88' lang='lat' dir='ltr'><strong>incnrsione,</strong></span> <span class='ocrx_word' id='word_1_613' title='bbox 2686 2812 2894 2866; x_wconf 90' lang='lat' dir='ltr'><strong>urbium</strong></span> <span class='ocrx_word' id='word_1_614' title='bbox 2938 2818 3213 2865; x_wconf 86' lang='lat' dir='ltr'><strong>obstructo</strong></span> <span class='ocrx_word' id='word_1_615' title='bbox 3270 2820 3321 2865; x_wconf 92' lang='lat' dir='ltr'><strong>et</strong></span> <span class='ocrx_word' id='word_1_616' title='bbox 3395 2811 3662 2878; x_wconf 76' lang='lat' dir='ltr'><strong>przecluso</strong></span> 
     </span>
    </p>
   </div>
   <div class='ocr_carea' id='block_1_84' title="bbox 2099 2901 3678 2975">
    <p class='ocr_par' dir='ltr' id='par_1_84' title="bbox 2099 2901 3678 2975">
     <span class='ocr_line' id='line_1_84' title="bbox 2099 2901 3678 2975; baseline -0.004 -14"><span class='ocrx_word' id='word_1_617' title='bbox 2099 2906 2260 2975; x_wconf 75' lang='lat'><strong>312</strong></span> <span class='ocrx_word' id='word_1_618' title='bbox 2310 2905 2454 2960; x_wconf 89' lang='lat' dir='ltr'><strong>aditu</strong></span> <span class='ocrx_word' id='word_1_619' title='bbox 2497 2902 2897 2974; x_wconf 86' lang='lat' dir='ltr'><strong>propugnacula</strong></span> <span class='ocrx_word' id='word_1_620' title='bbox 2954 2903 3328 2957; x_wconf 84' lang='lat' dir='ltr'><strong>custodiebant</strong></span> <span class='ocrx_word' id='word_1_621' title='bbox 3376 2917 3441 2957; x_wconf 85' lang='lat' dir='ltr'><strong>ac</strong></span> <span class='ocrx_word' id='word_1_622' title='bbox 3494 2901 3678 2958; x_wconf 60' lang='lat' dir='ltr'><strong>defer</strong></span> 
     </span>
    </p>
   </div>
   <div class='ocr_carea' id='block_1_85' title="bbox 2102 2999 3675 3070">
    <p class='ocr_par' dir='ltr' id='par_1_85' title="bbox 2102 2999 3675 3070">
     <span class='ocr_line' id='line_1_85' title="bbox 2102 2999 3675 3070; baseline -0.003 -14"><span class='ocrx_word' id='word_1_623' title='bbox 2102 3001 2323 3065; x_wconf 88' lang='lat' dir='ltr'><strong>debant,</strong></span> <span class='ocrx_word' id='word_1_624' title='bbox 2355 3002 2447 3055; x_wconf 90' lang='lat' dir='ltr'><strong>sed</strong></span> <span class='ocrx_word' id='word_1_625' title='bbox 2479 3015 2566 3055; x_wconf 87' lang='lat' dir='ltr'><strong>res</strong></span> <span class='ocrx_word' id='word_1_626' title='bbox 2595 3008 2714 3054; x_wconf 86' lang='lat' dir='ltr'><strong>erat</strong></span> <span class='ocrx_word' id='word_1_627' title='bbox 2744 3000 2873 3069; x_wconf 91' lang='lat' dir='ltr'><strong>ipsis</strong></span> <span class='ocrx_word' id='word_1_628' title='bbox 2912 3001 3133 3054; x_wconf 87' lang='lat' dir='ltr'><strong>inutilis.</strong></span> <span class='ocrx_word' id='word_1_629' title='bbox 3188 2999 3483 3070; x_wconf 90' lang='lat' dir='ltr'><strong>Occupatis</strong></span> <span class='ocrx_word' id='word_1_630' title='bbox 3530 3002 3675 3056; x_wconf 84' lang='lat' dir='ltr'><strong>enim</strong></span> 
     </span>
    </p>
   </div>
   <div class='ocr_carea' id='block_1_86' title="bbox 2101 3092 3679 3161">
    <p class='ocr_par' dir='ltr' id='par_1_86' title="bbox 2101 3092 3679 3161">
     <span class='ocr_line' id='line_1_86' title="bbox 2101 3092 3679 3161; baseline -0.001 -15"><span class='ocrx_word' id='word_1_631' title='bbox 2101 3107 2291 3146; x_wconf 90' lang='lat' dir='ltr'><strong>eorum</strong></span> <span class='ocrx_word' id='word_1_632' title='bbox 2343 3092 2589 3157; x_wconf 89' lang='lat' dir='ltr'><strong>urbibus,</strong></span> <span class='ocrx_word' id='word_1_633' title='bbox 2651 3104 2809 3145; x_wconf 89' lang='lat' dir='ltr'><strong>nemo</strong></span> <span class='ocrx_word' id='word_1_634' title='bbox 2837 3107 3060 3161; x_wconf 87' lang='lat' dir='ltr'><strong>prorsus</strong></span> <span class='ocrx_word' id='word_1_635' title='bbox 3085 3092 3276 3147; x_wconf 85' lang='lat' dir='ltr'><strong>evasit.</strong></span> <span class='ocrx_word' id='word_1_636' title='bbox 3339 3094 3526 3159; x_wconf 83' lang='lat' dir='ltr'><strong>Itaque</strong></span> <span class='ocrx_word' id='word_1_637' title='bbox 3579 3092 3679 3145; x_wconf 78' lang='lat' dir='ltr'><strong>Ita-</strong></span> 
     </span>
    </p>
   </div>
   <div class='ocr_carea' id='block_1_87' title="bbox 2102 3183 3675 3239">
    <p class='ocr_par' dir='ltr' id='par_1_87' title="bbox 2102 3183 3675 3239">
     <span class='ocr_line' id='line_1_87' title="bbox 2102 3183 3675 3239; baseline -0.001 -1"><span class='ocrx_word' id='word_1_638' title='bbox 2102 3186 2259 3239; x_wconf 90' lang='lat' dir='ltr'><strong>betur</strong></span> <span class='ocrx_word' id='word_1_639' title='bbox 2302 3184 2369 3238; x_wconf 88' lang='lat' dir='ltr'><strong>ad</strong></span> <span class='ocrx_word' id='word_1_640' title='bbox 2405 3198 2498 3238; x_wconf 89' lang='lat' dir='ltr'><strong>eos</strong></span> <span class='ocrx_word' id='word_1_641' title='bbox 2535 3199 2565 3237; x_wconf 87' lang='lat' dir='ltr'><strong>a</strong></span> <span class='ocrx_word' id='word_1_642' title='bbox 2606 3184 2714 3238; x_wconf 91' lang='lat' dir='ltr'><strong>Deo</strong></span> <span class='ocrx_word' id='word_1_643' title='bbox 2746 3183 2921 3239; x_wconf 83' lang='lat' dir='ltr'><strong>oratio</strong></span> <span class='ocrx_word' id='word_1_644' title='bbox 2958 3184 3199 3239; x_wconf 90' lang='lat' dir='ltr'><strong>moribus</strong></span> <span class='ocrx_word' id='word_1_645' title='bbox 3221 3186 3630 3239; x_wconf 88' lang='lat' dir='ltr'><strong>accommodata</strong></span> <span class='ocrx_word' id='word_1_646' title='bbox 3660 3200 3675 3236; x_wconf 91' lang='lat'><strong>:</strong></span> 
     </span>
    </p>
   </div>
   <div class='ocr_carea' id='block_1_88' title="bbox 2103 3276 3682 3341">
    <p class='ocr_par' dir='ltr' id='par_1_88' title="bbox 2103 3276 3682 3341">
     <span class='ocr_line' id='line_1_88' title="bbox 2103 3276 3682 3341; baseline -0.001 -10"><span class='ocrx_word' id='word_1_647' title='bbox 2103 3278 2262 3331; x_wconf 89' lang='lat' dir='ltr'><strong>Certe</strong></span> <span class='ocrx_word' id='word_1_648' title='bbox 2287 3276 2452 3341; x_wconf 90' lang='lat' dir='ltr'><strong>enim,</strong></span> <span class='ocrx_word' id='word_1_649' title='bbox 2482 3276 2578 3338; x_wconf 88' lang='lat' dir='ltr'><strong>ait,</strong></span> <span class='ocrx_word' id='word_1_650' title='bbox 2607 3287 2750 3331; x_wconf 87' lang='lat' dir='ltr'><strong>recta</strong></span> <span class='ocrx_word' id='word_1_651' title='bbox 2776 3288 2833 3331; x_wconf 89' lang='lat' dir='ltr'><strong>et</strong></span> <span class='ocrx_word' id='word_1_652' title='bbox 2871 3285 3232 3331; x_wconf 87' lang='lat' dir='ltr'><strong>consentanea</strong></span> <span class='ocrx_word' id='word_1_653' title='bbox 3264 3277 3558 3339; x_wconf 88' lang='lat' dir='ltr'><strong>decernite,</strong></span> <span class='ocrx_word' id='word_1_654' title='bbox 3587 3290 3682 3330; x_wconf 79' lang='lat' dir='ltr'><strong>cu-</strong></span> 
     </span>
    </p>
   </div>
   <div class='ocr_carea' id='block_1_89' title="bbox 2103 3364 3679 3435">
    <p class='ocr_par' dir='ltr' id='par_1_89' title="bbox 2103 3364 3679 3435">
     <span class='ocr_line' id='line_1_89' title="bbox 2103 3364 3679 3435; baseline -0.002 -14"><span class='ocrx_word' id='word_1_655' title='bbox 2103 3366 2303 3421; x_wconf 89' lang='lat' dir='ltr'><strong>stodite</strong></span> <span class='ocrx_word' id='word_1_656' title='bbox 2359 3366 2780 3435; x_wconf 83' lang='lat' dir='ltr'><strong>propugnacula.</strong></span> <span class='ocrx_word' id='word_1_657' title='bbox 2851 3364 3051 3419; x_wconf 87' lang='lat' dir='ltr'><strong>Deinde</strong></span> <span class='ocrx_word' id='word_1_658' title='bbox 3104 3365 3461 3435; x_wconf 88' lang='lat' dir='ltr'><strong>respondetur</strong></span> <span class='ocrx_word' id='word_1_659' title='bbox 3524 3364 3679 3434; x_wconf 89' lang='lat' dir='ltr'><strong>quasi</strong></span> 
     </span>
    </p>
   </div>
   <div class='ocr_carea' id='block_1_90' title="bbox 2104 3455 3681 3512">
    <p class='ocr_par' dir='ltr' id='par_1_90' title="bbox 2104 3455 3681 3512">
     <span class='ocr_line' id='line_1_90' title="bbox 2104 3455 3681 3512; baseline -0.001 -2"><span class='ocrx_word' id='word_1_660' title='bbox 2104 3456 2175 3511; x_wconf 88' lang='lat' dir='ltr'><strong>ab</strong></span> <span class='ocrx_word' id='word_1_661' title='bbox 2198 3456 2335 3511; x_wconf 88' lang='lat' dir='ltr'><strong>illis:</strong></span> <span class='ocrx_word' id='word_1_662' title='bbox 2368 3456 2684 3511; x_wconf 80' lang='lat' dir='ltr'><strong>Custodiam</strong></span> <span class='ocrx_word' id='word_1_663' title='bbox 2718 3472 2877 3512; x_wconf 91' lang='lat' dir='ltr'><strong>mane</strong></span> <span class='ocrx_word' id='word_1_664' title='bbox 2904 3466 2954 3511; x_wconf 91' lang='lat' dir='ltr'><strong>et</strong></span> <span class='ocrx_word' id='word_1_665' title='bbox 2988 3467 3161 3510; x_wconf 91' lang='lat' dir='ltr'><strong>nocte.</strong></span> <span class='ocrx_word' id='word_1_666' title='bbox 3221 3476 3238 3506; x_wconf 74' lang='grc' dir='ltr'><strong>ι</strong></span> <span class='ocrx_word' id='word_1_667' title='bbox 3275 3455 3381 3510; x_wconf 91' lang='lat' dir='ltr'><strong>Sed</strong></span> <span class='ocrx_word' id='word_1_668' title='bbox 3413 3456 3516 3510; x_wconf 90' lang='lat' dir='ltr'><strong>nisi</strong></span> <span class='ocrx_word' id='word_1_669' title='bbox 3583 3457 3681 3510; x_wconf 88' lang='lat' dir='ltr'><strong>Do-</strong></span> 
     </span>
    </p>
   </div>
   <div class='ocr_carea' id='block_1_91' title="bbox 2103 3547 3677 3617">
    <p class='ocr_par' dir='ltr' id='par_1_91' title="bbox 2103 3547 3677 3617">
     <span class='ocr_line' id='line_1_91' title="bbox 2103 3547 3677 3617; baseline -0.001 -15"><span class='ocrx_word' id='word_1_670' title='bbox 2103 3549 2282 3602; x_wconf 88' lang='lat' dir='ltr'><strong>minus</strong></span> <span class='ocrx_word' id='word_1_671' title='bbox 2334 3547 2654 3601; x_wconf 88' lang='lat' dir='ltr'><strong>custodierit</strong></span> <span class='ocrx_word' id='word_1_672' title='bbox 2711 3548 3007 3613; x_wconf 88' lang='lat' dir='ltr'><strong>civitatem,</strong></span> <span class='ocrx_word' id='word_1_673' title='bbox 3077 3547 3279 3600; x_wconf 81' lang='lat' dir='ltr'><strong>frustra</strong></span> <span class='ocrx_word' id='word_1_674' title='bbox 3328 3547 3515 3617; x_wconf 80' lang='lat' dir='ltr'><strong>vigilat</strong></span> <span class='ocrx_word' id='word_1_675' title='bbox 3587 3548 3677 3617; x_wconf 89' lang='lat' dir='ltr'><strong>qui</strong></span> 
     </span>
    </p>
   </div>
   <div class='ocr_carea' id='block_1_92' title="bbox 2074 3637 3678 3709">
    <p class='ocr_par' dir='ltr' id='par_1_92' title="bbox 2074 3637 3678 3709">
     <span class='ocr_line' id='line_1_92' title="bbox 2074 3637 3678 3709; baseline -0.004 -12"><span class='ocrx_word' id='word_1_676' title='bbox 2074 3639 2337 3697; x_wconf 79' lang='lat' dir='ltr'><strong>custodit</strong></span> <span class='ocrx_word' id='word_1_677' title='bbox 2390 3638 2506 3691; x_wconf 76' lang='grc'>⁸⁸.»</span> <span class='ocrx_word' id='word_1_678' title='bbox 2575 3638 2869 3709; x_wconf 86' lang='lat' dir='ltr'><strong>Oportebat</strong></span> <span class='ocrx_word' id='word_1_679' title='bbox 2921 3639 3068 3694; x_wconf 88' lang='lat' dir='ltr'><strong>enim</strong></span> <span class='ocrx_word' id='word_1_680' title='bbox 3141 3637 3319 3706; x_wconf 88' lang='lat' dir='ltr'><strong>potius</strong></span> <span class='ocrx_word' id='word_1_681' title='bbox 3391 3651 3678 3706; x_wconf 86' lang='lat' dir='ltr'><strong>supernum</strong></span> 
     </span>
    </p>
   </div>
   <div class='ocr_carea' id='block_1_93' title="bbox 2105 3730 3680 3800">
    <p class='ocr_par' dir='ltr' id='par_1_93' title="bbox 2105 3730 3680 3800">
     <span class='ocr_line' id='line_1_93' title="bbox 2105 3730 3680 3800; baseline -0.001 -15"><span class='ocrx_word' id='word_1_682' title='bbox 2105 3731 2363 3786; x_wconf 79' lang='lat' dir='ltr'><strong>auxilium</strong></span> <span class='ocrx_word' id='word_1_683' title='bbox 2391 3745 2421 3785; x_wconf 89' lang='lat' dir='ltr'><strong>a</strong></span> <span class='ocrx_word' id='word_1_684' title='bbox 2458 3731 2565 3785; x_wconf 90' lang='lat' dir='ltr'><strong>Deo</strong></span> <span class='ocrx_word' id='word_1_685' title='bbox 2609 3746 2875 3799; x_wconf 61' lang='lat' dir='ltr'><strong>quterere,</strong></span> <span class='ocrx_word' id='word_1_686' title='bbox 2905 3740 2960 3785; x_wconf 91' lang='lat' dir='ltr'><strong>et</strong></span> <span class='ocrx_word' id='word_1_687' title='bbox 3011 3745 3115 3783; x_wconf 91' lang='lat' dir='ltr'><strong>non</strong></span> <span class='ocrx_word' id='word_1_688' title='bbox 3174 3730 3439 3800; x_wconf 88' lang='lat' dir='ltr'><strong>lapidibus</strong></span> <span class='ocrx_word' id='word_1_689' title='bbox 3509 3731 3680 3785; x_wconf 82' lang='lat' dir='ltr'><strong>conﬂ-</strong></span> 
     </span>
    </p>
   </div>
   <div class='ocr_carea' id='block_1_94' title="bbox 2106 3822 3678 3878">
    <p class='ocr_par' dir='ltr' id='par_1_94' title="bbox 2106 3822 3678 3878">
     <span class='ocr_line' id='line_1_94' title="bbox 2106 3822 3678 3878; baseline 0.001 -2"><span class='ocrx_word' id='word_1_690' title='bbox 2106 3823 2257 3877; x_wconf 89' lang='lat' dir='ltr'><strong>dere.</strong></span> <span class='ocrx_word' id='word_1_691' title='bbox 2287 3822 2377 3878; x_wconf 92' lang='lat' dir='ltr'><strong>Sic</strong></span> <span class='ocrx_word' id='word_1_692' title='bbox 2405 3823 2546 3876; x_wconf 89' lang='lat' dir='ltr'><strong>enim</strong></span> <span class='ocrx_word' id='word_1_693' title='bbox 2582 3832 2803 3875; x_wconf 88' lang='lat' dir='ltr'><strong>narrant</strong></span> <span class='ocrx_word' id='word_1_694' title='bbox 2870 3823 3083 3876; x_wconf 88' lang='lat' dir='ltr'><strong>urbium</strong></span> <span class='ocrx_word' id='word_1_695' title='bbox 3147 3822 3349 3877; x_wconf 74' lang='lat' dir='ltr'><strong>nitenia</strong></span> <span class='ocrx_word' id='word_1_696' title='bbox 3416 3836 3678 3878; x_wconf 88' lang='lat' dir='ltr'><strong>concussa</strong></span> 
     </span>
    </p>
   </div>
   <div class='ocr_carea' id='block_1_95' title="bbox 2108 3911 3567 3983">
    <p class='ocr_par' dir='ltr' id='par_1_95' title="bbox 2108 3911 3567 3983">
     <span class='ocr_line' id='line_1_95' title="bbox 2108 3911 3567 3983; baseline 0.001 -18"><span class='ocrx_word' id='word_1_697' title='bbox 2108 3911 2294 3977; x_wconf 90' lang='lat' dir='ltr'><strong>fuisse,</strong></span> <span class='ocrx_word' id='word_1_698' title='bbox 2340 3924 2400 3968; x_wconf 92' lang='lat' dir='ltr'><strong>ut</strong></span> <span class='ocrx_word' id='word_1_699' title='bbox 2445 3914 2579 3981; x_wconf 86' lang='lat' dir='ltr'><strong>lapis</strong></span> <span class='ocrx_word' id='word_1_700' title='bbox 2602 3912 2763 3983; x_wconf 88' lang='lat' dir='ltr'><strong>lapidi</strong></span> <span class='ocrx_word' id='word_1_701' title='bbox 2813 3913 3121 3983; x_wconf 91' lang='lat' dir='ltr'><strong>suppositus</strong></span> <span class='ocrx_word' id='word_1_702' title='bbox 3154 3928 3258 3968; x_wconf 88' lang='lat' dir='ltr'><strong>non</strong></span> <span class='ocrx_word' id='word_1_703' title='bbox 3300 3912 3567 3968; x_wconf 82' lang='lat' dir='ltr'><strong>videatur.</strong></span> 
     </span>
    </p>
   </div>
   <div class='ocr_carea' id='block_1_96' title="bbox 2176 4088 3670 4161">
    <p class='ocr_par' dir='ltr' id='par_1_96' title="bbox 2176 4088 3670 4161">
     <span class='ocr_line' id='line_1_96' title="bbox 2176 4088 3670 4161; baseline -0.003 -14"><span class='ocrx_word' id='word_1_704' title='bbox 2176 4092 2340 4147; x_wconf 75' lang='lat' dir='ltr'><strong>Vens.</strong></span> <span class='ocrx_word' id='word_1_705' title='bbox 2365 4092 2449 4147; x_wconf 78' lang='lat' dir='ltr'><strong>l3.</strong></span> <span class='ocrx_word' id='word_1_706' title='bbox 2481 4092 2541 4147; x_wconf 92' lang='lat' dir='ltr'><strong>Si</strong></span> <span class='ocrx_word' id='word_1_707' title='bbox 2563 4093 2852 4161; x_wconf 76' lang='lat' dir='ltr'><strong>qumsieris,</strong></span> <span class='ocrx_word' id='word_1_708' title='bbox 2889 4108 3085 4161; x_wconf 67' lang='lat' dir='ltr'><strong>quaere,</strong></span> <span class='ocrx_word' id='word_1_709' title='bbox 3113 4101 3159 4145; x_wconf 83' lang='lat' dir='ltr'><strong>et</strong></span> <span class='ocrx_word' id='word_1_710' title='bbox 3181 4092 3321 4161; x_wconf 82' lang='lat' dir='ltr'><strong>apud</strong></span> <span class='ocrx_word' id='word_1_711' title='bbox 3356 4106 3435 4144; x_wconf 85' lang='lat' dir='ltr'><strong>me</strong></span> <span class='ocrx_word' id='word_1_712' title='bbox 3467 4088 3670 4155; x_wconf 78' lang='lat' dir='ltr'><strong>habita,</strong></span> 
     </span>
    </p>
   </div>
   <div class='ocr_carea' id='block_1_97' title="bbox 2109 4182 2834 4250">
    <p class='ocr_par' dir='ltr' id='par_1_97' title="bbox 2109 4182 2834 4250">
     <span class='ocr_line' id='line_1_97' title="bbox 2109 4182 2834 4250; baseline -0.001 -14"><span class='ocrx_word' id='word_1_713' title='bbox 2109 4183 2164 4236; x_wconf 86' lang='lat' dir='ltr'><strong>in</strong></span> <span class='ocrx_word' id='word_1_714' title='bbox 2193 4184 2333 4237; x_wconf 82' lang='lat' dir='ltr'><strong>saltu</strong></span> <span class='ocrx_word' id='word_1_715' title='bbox 2362 4184 2553 4250; x_wconf 81' lang='lat' dir='ltr'><strong>vesperi</strong></span> <span class='ocrx_word' id='word_1_716' title='bbox 2585 4182 2834 4235; x_wconf 75' lang='lat' dir='ltr'><strong>dormies.</strong></span> 
     </span>
    </p>
   </div>
   <div class='ocr_carea' id='block_1_98' title="bbox 2182 4273 3679 4343">
    <p class='ocr_par' dir='ltr' id='par_1_98' title="bbox 2182 4273 3679 4343">
     <span class='ocr_line' id='line_1_98' title="bbox 2182 4273 3679 4343; baseline -0.002 -15"><span class='ocrx_word' id='word_1_717' title='bbox 2182 4274 2238 4329; x_wconf 89' lang='lat' dir='ltr'><strong>Si</strong></span> <span class='ocrx_word' id='word_1_718' title='bbox 2276 4274 2420 4328; x_wconf 88' lang='lat' dir='ltr'><strong>enim</strong></span> <span class='ocrx_word' id='word_1_719' title='bbox 2475 4273 2734 4340; x_wconf 86' lang='lat' dir='ltr'><strong>volueris,</strong></span> <span class='ocrx_word' id='word_1_720' title='bbox 2810 4273 3009 4343; x_wconf 85' lang='lat' dir='ltr'><strong>inquit,</strong></span> <span class='ocrx_word' id='word_1_721' title='bbox 3053 4274 3362 4342; x_wconf 75' lang='lat' dir='ltr'><strong>prtesidium</strong></span> <span class='ocrx_word' id='word_1_722' title='bbox 3415 4284 3679 4342; x_wconf 65' lang='lat' dir='ltr'><strong>quaerere,</strong></span> 
     </span>
    </p>
   </div>
   <div class='ocr_carea' id='block_1_99' title="bbox 2110 4362 3679 4433">
    <p class='ocr_par' dir='ltr' id='par_1_99' title="bbox 2110 4362 3679 4433">
     <span class='ocr_line' id='line_1_99' title="bbox 2110 4362 3679 4433; baseline -0.003 -15"><span class='ocrx_word' id='word_1_723' title='bbox 2110 4366 2211 4419; x_wconf 88' lang='lat' dir='ltr'><strong>boe</strong></span> <span class='ocrx_word' id='word_1_724' title='bbox 2237 4380 2267 4418; x_wconf 89' lang='lat' dir='ltr'><strong>a</strong></span> <span class='ocrx_word' id='word_1_725' title='bbox 2292 4379 2378 4419; x_wconf 90' lang='lat' dir='ltr'><strong>me</strong></span> <span class='ocrx_word' id='word_1_726' title='bbox 2421 4364 2511 4433; x_wconf 89' lang='lat' dir='ltr'><strong>qui</strong></span> <span class='ocrx_word' id='word_1_727' title='bbox 2538 4378 2758 4419; x_wconf 86' lang='lat' dir='ltr'><strong>servare</strong></span> <span class='ocrx_word' id='word_1_728' title='bbox 2793 4365 2947 4418; x_wconf 84' lang='lat' dir='ltr'><strong>valeo</strong></span> <span class='ocrx_word' id='word_1_729' title='bbox 2971 4378 3172 4433; x_wconf 68' lang='lat' dir='ltr'><strong>quwre,</strong></span> <span class='ocrx_word' id='word_1_730' title='bbox 3205 4375 3262 4418; x_wconf 91' lang='lat' dir='ltr'><strong>et</strong></span> <span class='ocrx_word' id='word_1_731' title='bbox 3289 4364 3431 4432; x_wconf 90' lang='lat' dir='ltr'><strong>apud</strong></span> <span class='ocrx_word' id='word_1_732' title='bbox 3469 4376 3554 4417; x_wconf 90' lang='lat' dir='ltr'><strong>me</strong></span> <span class='ocrx_word' id='word_1_733' title='bbox 3579 4362 3679 4415; x_wconf 85' lang='lat' dir='ltr'><strong>ha-</strong></span> 
     </span>
    </p>
   </div>
   <div class='ocr_carea' id='block_1_100' title="bbox 2114 4450 3679 4521">
    <p class='ocr_par' dir='ltr' id='par_1_100' title="bbox 2114 4450 3679 4521">
     <span class='ocr_line' id='line_1_100' title="bbox 2114 4450 3679 4521; baseline -0.002 -14"><span class='ocrx_word' id='word_1_734' title='bbox 2114 4455 2243 4520; x_wconf 90' lang='lat' dir='ltr'><strong>bita,</strong></span> <span class='ocrx_word' id='word_1_735' title='bbox 2285 4453 2337 4506; x_wconf 93' lang='lat' dir='ltr'><strong>id</strong></span> <span class='ocrx_word' id='word_1_736' title='bbox 2374 4463 2474 4516; x_wconf 91' lang='lat' dir='ltr'><strong>est,</strong></span> <span class='ocrx_word' id='word_1_737' title='bbox 2524 4468 2734 4508; x_wconf 88' lang='lat' dir='ltr'><strong>mecum</strong></span> <span class='ocrx_word' id='word_1_738' title='bbox 2777 4462 2893 4507; x_wconf 91' lang='lat' dir='ltr'><strong>esto</strong></span> <span class='ocrx_word' id='word_1_739' title='bbox 2914 4463 2969 4507; x_wconf 87' lang='lat' dir='ltr'><strong>et</strong></span> <span class='ocrx_word' id='word_1_740' title='bbox 3034 4467 3151 4507; x_wconf 88' lang='lat' dir='ltr'><strong>mea</strong></span> <span class='ocrx_word' id='word_1_741' title='bbox 3218 4453 3412 4521; x_wconf 89' lang='lat' dir='ltr'><strong>sapito,</strong></span> <span class='ocrx_word' id='word_1_742' title='bbox 3446 4467 3476 4505; x_wconf 89' lang='lat' dir='ltr'><strong>a</strong></span> <span class='ocrx_word' id='word_1_743' title='bbox 3544 4450 3679 4504; x_wconf 82' lang='lat' dir='ltr'><strong>falso</strong></span> 
     </span>
    </p>
   </div>
   <div class='ocr_carea' id='block_1_101' title="bbox 2115 4544 3678 4612">
    <p class='ocr_par' dir='ltr' id='par_1_101' title="bbox 2115 4544 3678 4612">
     <span class='ocr_line' id='line_1_101' title="bbox 2115 4544 3678 4612; baseline -0.003 -14"><span class='ocrx_word' id='word_1_744' title='bbox 2115 4546 2513 4600; x_wconf 85' lang='lat' dir='ltr'><strong>nominatornm</strong></span> <span class='ocrx_word' id='word_1_745' title='bbox 2559 4547 2780 4600; x_wconf 88' lang='lat' dir='ltr'><strong>deorum</strong></span> <span class='ocrx_word' id='word_1_746' title='bbox 2842 4544 2986 4599; x_wconf 89' lang='lat' dir='ltr'><strong>cultu</strong></span> <span class='ocrx_word' id='word_1_747' title='bbox 3052 4546 3281 4612; x_wconf 89' lang='lat' dir='ltr'><strong>teipsum</strong></span> <span class='ocrx_word' id='word_1_748' title='bbox 3337 4550 3678 4597; x_wconf 91' lang='lat' dir='ltr'><strong>conservato.</strong></span> 
     </span>
    </p>
   </div>
   <div class='ocr_carea' id='block_1_102' title="bbox 2112 4626 3759 4707">
    <p class='ocr_par' dir='ltr' id='par_1_102' title="bbox 2112 4626 3759 4707">
     <span class='ocr_line' id='line_1_102' title="bbox 2112 4626 3759 4707; baseline -0.004 -14"><span class='ocrx_word' id='word_1_749' title='bbox 2112 4638 2242 4693; x_wconf 89' lang='lat' dir='ltr'><strong>Tale</strong></span> <span class='ocrx_word' id='word_1_750' title='bbox 2269 4639 2396 4707; x_wconf 92' lang='lat' dir='ltr'><strong>quid</strong></span> <span class='ocrx_word' id='word_1_751' title='bbox 2428 4638 2681 4692; x_wconf 86' lang='lat' dir='ltr'><strong>Servator</strong></span> <span class='ocrx_word' id='word_1_752' title='bbox 2734 4638 2841 4691; x_wconf 85' lang='lat' dir='ltr'><strong>ait:</strong></span> <span class='ocrx_word' id='word_1_753' title='bbox 2888 4655 2907 4688; x_wconf 78' lang='grc' dir='ltr'><strong>ι</strong></span> <span class='ocrx_word' id='word_1_754' title='bbox 2940 4636 3155 4702; x_wconf 83' lang='lat' dir='ltr'><strong>Quinte</strong></span> <span class='ocrx_word' id='word_1_755' title='bbox 3212 4644 3377 4699; x_wconf 87' lang='lat' dir='ltr'><strong>amat,</strong></span> <span class='ocrx_word' id='word_1_756' title='bbox 3424 4645 3677 4704; x_wconf 82' lang='lat' dir='ltr'><strong>sequatur</strong></span> <span class='ocrx_word' id='word_1_757' title='bbox 3758 4626 3759 4629; x_wconf 43' lang='grc'><em>“</em></span> 
     </span>
    </p>
   </div>
   <div class='ocr_carea' id='block_1_103' title="bbox 2113 4724 3677 4796">
    <p class='ocr_par' dir='ltr' id='par_1_103' title="bbox 2113 4724 3677 4796">
     <span class='ocr_line' id='line_1_103' title="bbox 2113 4724 3677 4796; baseline -0.004 -12"><span class='ocrx_word' id='word_1_758' title='bbox 2113 4746 2226 4784; x_wconf 84' lang='lat' dir='ltr'><strong>me:</strong></span> <span class='ocrx_word' id='word_1_759' title='bbox 2266 4738 2320 4783; x_wconf 92' lang='lat' dir='ltr'><strong>et</strong></span> <span class='ocrx_word' id='word_1_760' title='bbox 2356 4729 2443 4782; x_wconf 93' lang='lat' dir='ltr'><strong>ubi</strong></span> <span class='ocrx_word' id='word_1_761' title='bbox 2476 4744 2574 4796; x_wconf 88' lang='lat' dir='ltr'><strong>ego</strong></span> <span class='ocrx_word' id='word_1_762' title='bbox 2612 4743 2752 4791; x_wconf 90' lang='lat' dir='ltr'><strong>sum,</strong></span> <span class='ocrx_word' id='word_1_763' title='bbox 2783 4728 2853 4781; x_wconf 91' lang='lat' dir='ltr'><strong>ibi</strong></span> <span class='ocrx_word' id='word_1_764' title='bbox 2881 4737 2937 4781; x_wconf 91' lang='lat' dir='ltr'><strong>et</strong></span> <span class='ocrx_word' id='word_1_765' title='bbox 2975 4727 3222 4781; x_wconf 87' lang='lat' dir='ltr'><strong>minister</strong></span> <span class='ocrx_word' id='word_1_766' title='bbox 3261 4741 3411 4781; x_wconf 89' lang='lat' dir='ltr'><strong>meus</strong></span> <span class='ocrx_word' id='word_1_767' title='bbox 3451 4726 3523 4780; x_wconf 86' lang='lat' dir='ltr'><strong>sit</strong></span> <span class='ocrx_word' id='word_1_768' title='bbox 3548 4724 3621 4779; x_wconf 78' lang='lat'><strong>’°.</strong></span> <span class='ocrx_word' id='word_1_769' title='bbox 3653 4742 3677 4777; x_wconf 71' lang='grc' dir='ltr'><strong>ι</strong></span> 
     </span>
    </p>
   </div>
   <div class='ocr_carea' id='block_1_104' title="bbox 2112 4819 3674 4892">
    <p class='ocr_par' dir='ltr' id='par_1_104' title="bbox 2112 4819 3674 4892">
     <span class='ocr_line' id='line_1_104' title="bbox 2112 4819 3674 4892; baseline -0.004 -17"><span class='ocrx_word' id='word_1_770' title='bbox 2112 4821 2377 4892; x_wconf 80' lang='lat' dir='ltr'><strong>Pltalange</strong></span> <span class='ocrx_word' id='word_1_771' title='bbox 2402 4836 2550 4889; x_wconf 86' lang='lat' dir='ltr'><strong>ergo,</strong></span> <span class='ocrx_word' id='word_1_772' title='bbox 2594 4820 2788 4889; x_wconf 91' lang='lat' dir='ltr'><strong>inquit,</strong></span> <span class='ocrx_word' id='word_1_773' title='bbox 2830 4820 3065 4874; x_wconf 89' lang='lat' dir='ltr'><strong>hostium</strong></span> <span class='ocrx_word' id='word_1_774' title='bbox 3107 4819 3416 4873; x_wconf 89' lang='lat' dir='ltr'><strong>universam</strong></span> <span class='ocrx_word' id='word_1_775' title='bbox 3471 4827 3674 4872; x_wconf 80' lang='lat' dir='ltr'><strong>terrain</strong></span> 
     </span>
    </p>
   </div>
   <div class='ocr_carea' id='block_1_105' title="bbox 2111 4909 3676 4975">
    <p class='ocr_par' dir='ltr' id='par_1_105' title="bbox 2111 4909 3676 4975">
     <span class='ocr_line' id='line_1_105' title="bbox 2111 4909 3676 4975; baseline -0.002 -9"><span class='ocrx_word' id='word_1_776' title='bbox 2111 4913 2463 4967; x_wconf 75' lang='lat' dir='ltr'><strong>ldumzeorutn</strong></span> <span class='ocrx_word' id='word_1_777' title='bbox 2505 4913 2837 4975; x_wconf 89' lang='lat' dir='ltr'><strong>incursante,</strong></span> <span class='ocrx_word' id='word_1_778' title='bbox 2875 4926 2939 4967; x_wconf 80' lang='lat' dir='ltr'><strong>ex</strong></span> <span class='ocrx_word' id='word_1_779' title='bbox 2978 4909 3181 4964; x_wconf 65' lang='lat' dir='ltr'><strong>aedibus</strong></span> <span class='ocrx_word' id='word_1_780' title='bbox 3215 4909 3590 4964; x_wconf 89' lang='lat' dir='ltr'><strong>deturbaberis</strong></span> <span class='ocrx_word' id='word_1_781' title='bbox 3619 4917 3676 4963; x_wconf 87' lang='lat' dir='ltr'><strong>et</strong></span> 
     </span>
    </p>
   </div>
   <div class='ocr_carea' id='block_1_106' title="bbox 2114 5002 3678 5072">
    <p class='ocr_par' dir='ltr' id='par_1_106' title="bbox 2114 5002 3678 5072">
     <span class='ocr_line' id='line_1_106' title="bbox 2114 5002 3678 5072; baseline -0.004 -13"><span class='ocrx_word' id='word_1_782' title='bbox 2114 5020 2177 5059; x_wconf 82' lang='lat' dir='ltr'><strong>ex</strong></span> <span class='ocrx_word' id='word_1_783' title='bbox 2209 5004 2451 5068; x_wconf 90' lang='lat' dir='ltr'><strong>urbibus,</strong></span> <span class='ocrx_word' id='word_1_784' title='bbox 2496 5014 2549 5058; x_wconf 89' lang='lat' dir='ltr'><strong>et</strong></span> <span class='ocrx_word' id='word_1_785' title='bbox 2616 5005 2668 5058; x_wconf 92' lang='lat' dir='ltr'><strong>in</strong></span> <span class='ocrx_word' id='word_1_786' title='bbox 2732 5003 2862 5058; x_wconf 88' lang='lat' dir='ltr'><strong>silva</strong></span> <span class='ocrx_word' id='word_1_787' title='bbox 2914 5002 3122 5072; x_wconf 87' lang='lat' dir='ltr'><strong>vesperi</strong></span> <span class='ocrx_word' id='word_1_788' title='bbox 3176 5002 3452 5057; x_wconf 89' lang='lat' dir='ltr'><strong>dormies:</strong></span> <span class='ocrx_word' id='word_1_789' title='bbox 3485 5002 3539 5055; x_wconf 92' lang='lat' dir='ltr'><strong>id</strong></span> <span class='ocrx_word' id='word_1_790' title='bbox 3574 5011 3678 5064; x_wconf 87' lang='lat' dir='ltr'><strong>est,</strong></span> 
     </span>
    </p>
   </div>
   <div class='ocr_carea' id='block_1_107' title="bbox 2115 5094 3678 5161">
    <p class='ocr_par' dir='ltr' id='par_1_107' title="bbox 2115 5094 3678 5161">
     <span class='ocr_line' id='line_1_107' title="bbox 2115 5094 3678 5161; baseline -0.003 -14"><span class='ocrx_word' id='word_1_791' title='bbox 2115 5113 2219 5151; x_wconf 87' lang='lat' dir='ltr'><strong>una</strong></span> <span class='ocrx_word' id='word_1_792' title='bbox 2247 5113 2367 5152; x_wconf 87' lang='lat' dir='ltr'><strong>cum</strong></span> <span class='ocrx_word' id='word_1_793' title='bbox 2411 5098 2746 5153; x_wconf 89' lang='lat' dir='ltr'><strong>silvestribus</strong></span> <span class='ocrx_word' id='word_1_794' title='bbox 2796 5098 2926 5152; x_wconf 87' lang='lat' dir='ltr'><strong>feris</strong></span> <span class='ocrx_word' id='word_1_795' title='bbox 2960 5094 3345 5157; x_wconf 80' lang='lat' dir='ltr'><strong>diversaberis,</strong></span> <span class='ocrx_word' id='word_1_796' title='bbox 3384 5102 3437 5148; x_wconf 91' lang='lat' dir='ltr'><strong>et</strong></span> <span class='ocrx_word' id='word_1_797' title='bbox 3490 5094 3544 5147; x_wconf 89' lang='lat' dir='ltr'><strong>in</strong></span> <span class='ocrx_word' id='word_1_798' title='bbox 3583 5107 3678 5161; x_wconf 84' lang='lat' dir='ltr'><strong>pa-</strong></span> 
     </span>
    </p>
   </div>
   <div class='ocr_carea' id='block_1_108' title="bbox 2113 5187 3677 5263">
    <p class='ocr_par' dir='ltr' id='par_1_108' title="bbox 2113 5187 3677 5263">
     <span class='ocr_line' id='line_1_108' title="bbox 2113 5187 3677 5263; baseline -0.006 -18"><span class='ocrx_word' id='word_1_799' title='bbox 2113 5193 2325 5247; x_wconf 82' lang='lat' dir='ltr'><strong>ludibus</strong></span> <span class='ocrx_word' id='word_1_800' title='bbox 2364 5192 2808 5257; x_wconf 88' lang='lat' dir='ltr'><strong>commoraberis,</strong></span> <span class='ocrx_word' id='word_1_801' title='bbox 2838 5200 3001 5263; x_wconf 90' lang='lat' dir='ltr'><strong>atque</strong></span> <span class='ocrx_word' id='word_1_802' title='bbox 3033 5191 3105 5244; x_wconf 93' lang='lat' dir='ltr'><strong>ita</strong></span> <span class='ocrx_word' id='word_1_803' title='bbox 3162 5187 3495 5243; x_wconf 83' lang='lat' dir='ltr'><strong>crudelitatis</strong></span> <span class='ocrx_word' id='word_1_804' title='bbox 3553 5200 3677 5254; x_wconf 78' lang='lat' dir='ltr'><strong>erga</strong></span> 
     </span>
    </p>
   </div>
   <div class='ocr_carea' id='block_1_109' title="bbox 2116 5282 3289 5355">
    <p class='ocr_par' dir='ltr' id='par_1_109' title="bbox 2116 5282 3289 5355">
     <span class='ocr_line' id='line_1_109' title="bbox 2116 5282 3289 5355; baseline -0.004 -16"><span class='ocrx_word' id='word_1_805' title='bbox 2116 5285 2315 5339; x_wconf 85' lang='lat' dir='ltr'><strong>fratres</strong></span> <span class='ocrx_word' id='word_1_806' title='bbox 2351 5285 2405 5339; x_wconf 91' lang='lat' dir='ltr'><strong>in</strong></span> <span class='ocrx_word' id='word_1_807' title='bbox 2449 5296 2728 5354; x_wconf 87' lang='lat' dir='ltr'><strong>posterum</strong></span> <span class='ocrx_word' id='word_1_808' title='bbox 2760 5301 2947 5353; x_wconf 57' lang='lat' dir='ltr'><strong>plenas</strong></span> <span class='ocrx_word' id='word_1_809' title='bbox 2994 5282 3289 5355; x_wconf 86' lang='lat' dir='ltr'><strong>persolves.</strong></span> 
     </span>
    </p>
   </div>
   <div class='ocr_carea' id='block_1_110' title="bbox 2188 5458 3671 5530">
    <p class='ocr_par' dir='ltr' id='par_1_110' title="bbox 2188 5458 3671 5530">
     <span class='ocr_line' id='line_1_110' title="bbox 2188 5458 3671 5530; baseline -0.008 -9"><span class='ocrx_word' id='word_1_810' title='bbox 2188 5465 2351 5521; x_wconf 71' lang='lat' dir='ltr'><strong>Vens.</strong></span> <span class='ocrx_word' id='word_1_811' title='bbox 2389 5465 2476 5528; x_wconf 74' lang='lat' dir='ltr'><strong>N,</strong></span> <span class='ocrx_word' id='word_1_812' title='bbox 2509 5464 2594 5519; x_wconf 77' lang='grc'><strong>15.</strong></span> <span class='ocrx_word' id='word_1_813' title='bbox 2626 5464 2694 5519; x_wconf 85' lang='lat' dir='ltr'><strong>In</strong></span> <span class='ocrx_word' id='word_1_814' title='bbox 2716 5466 2796 5519; x_wconf 87' lang='lat' dir='ltr'><strong>via</strong></span> <span class='ocrx_word' id='word_1_815' title='bbox 2824 5463 3043 5530; x_wconf 70' lang='lat' dir='ltr'><strong>Dardan,</strong></span> <span class='ocrx_word' id='word_1_816' title='bbox 3082 5463 3138 5516; x_wconf 85' lang='lat' dir='ltr'><strong>in</strong></span> <span class='ocrx_word' id='word_1_817' title='bbox 3165 5476 3439 5515; x_wconf 82' lang='lat' dir='ltr'><strong>occursum</strong></span> <span class='ocrx_word' id='word_1_818' title='bbox 3500 5458 3671 5511; x_wconf 76' lang='lat' dir='ltr'><strong>sitien-</strong></span> 
     </span>
    </p>
   </div>
   <div class='ocr_carea' id='block_1_111' title="bbox 2120 5548 3676 5626">
    <p class='ocr_par' dir='ltr' id='par_1_111' title="bbox 2120 5548 3676 5626">
     <span class='ocr_line' id='line_1_111' title="bbox 2120 5548 3676 5626; baseline -0.005 -19"><span class='ocrx_word' id='word_1_819' title='bbox 2120 5556 2159 5609; x_wconf 90' lang='lat' dir='ltr'><strong>ti</strong></span> <span class='ocrx_word' id='word_1_820' title='bbox 2182 5571 2372 5626; x_wconf 86' lang='lat' dir='ltr'><strong>aquam</strong></span> <span class='ocrx_word' id='word_1_821' title='bbox 2407 5555 2657 5625; x_wconf 81' lang='lat' dir='ltr'><strong>ferte,qui</strong></span> <span class='ocrx_word' id='word_1_822' title='bbox 2689 5553 2994 5608; x_wconf 71' lang='lat' dir='ltr'><strong>inliabitatis</strong></span> <span class='ocrx_word' id='word_1_823' title='bbox 3020 5553 3275 5619; x_wconf 80' lang='lat' dir='ltr'><strong>regionem</strong></span> <span class='ocrx_word' id='word_1_824' title='bbox 3301 5548 3676 5617; x_wconf 80' lang='lat' dir='ltr'><strong>Tltemani,pa-</strong></span> 
     </span>
    </p>
   </div>
   <div class='ocr_carea' id='block_1_112' title="bbox 2117 5638 3670 5717">
    <p class='ocr_par' dir='ltr' id='par_1_112' title="bbox 2117 5638 3670 5717">
     <span class='ocr_line' id='line_1_112' title="bbox 2117 5638 3670 5717; baseline -0.008 -15"><span class='ocrx_word' id='word_1_825' title='bbox 2117 5648 2266 5704; x_wconf 77' lang='lat' dir='ltr'><strong>nibus</strong></span> <span class='ocrx_word' id='word_1_826' title='bbox 2284 5649 2533 5703; x_wconf 83' lang='lat' dir='ltr'><strong>occurrite</strong></span> <span class='ocrx_word' id='word_1_827' title='bbox 2547 5647 3073 5717; x_wconf 75' lang='lat' dir='ltr'><strong>{ugientibuspropter</strong></span> <span class='ocrx_word' id='word_1_828' title='bbox 3089 5643 3465 5700; x_wconf 80' lang='lat' dir='ltr'><strong>multitudinem</strong></span> <span class='ocrx_word' id='word_1_829' title='bbox 3480 5638 3670 5709; x_wconf 79' lang='lat' dir='ltr'><strong>fugien-</strong></span> 
     </span>
    </p>
   </div>
  </div>
