4148 6374
459 407 565 468 499

1484 401 1541 455 S.
1583 400 1858 456 οῒιιιιιιι
1898 396 2365 453 ΑιΕΧΑΝυῐιιΝι
2404 395 2725 453 ARCHIEP.

3602 396 3706 451 500

463 531 592 583 tium
610 534 659 581 et
672 536 884 595 propter
899 522 1278 577 multitudinem
1297 522 1607 584 errantium,
1620 530 1665 574 et
1683 527 1890 588 propter
1904 517 2031 595 mulf

2139 519 2502 587 φευγόντων,
2537 515 2633 568 καὶ
2658 513 2756 567 διὰ
2784 513 2848 565 τὸ
2871 511 3103 581 πλῆθος
3134 507 3250 563 τῶν
3281 508 3703 578 πλανωμένων,

462 620 739 675 titudinem
762 616 1077 686 gladiorum,
1099 623 1144 667 et
1166 621 1374 683 prapter
1390 610 1776 665 multitudinem
1808 624 2025 662 arcuum

460 720 814 774 extentorum,
835 717 883 761 et
919 715 1131 776 propter
1180 703 1570 759 multitudinem
1619 702 1918 755 cadentium
1973 701 2027 753 in

460 802 615 858 bello.

530 891 793 945 Idumaeos
839 888 927 959 qui
954 888 1118 958 impie
1156 892 1701 956 patrarantaccusat.
1760 882 2022 953 quemad-

458 982 675 1035 modum
704 980 815 1047 jam
879 980 1018 1043 dixi,
1075 978 1233 1047 idque
1282 977 1467 1031 Abdia:
1537 976 1809 1046 propheta:
1872 989 2023 1028 voce.

456 1072 590 1127 Cum
621 1071 764 1125 enim
794 1070 1048 1124 lsraelitis
1079 1069 1131 1122 in
1163 1068 1412 1121 miserias
1435 1065 1758 1120 insanabiles
1785 1066 2025 1120 inciden-

459 1163 602 1216 tibus
622 1175 941 1214 succurrere
971 1171 1026 1214 et
1065 1157 1349 1212 condolere
1392 1157 1721 1216 debuissent,
1774 1157 1876 1209 hoc
1928 1158 2027 1208 mi-

458 1252 604 1306 nime
648 1251 915 1313 fecerunt,
975 1250 1069 1304 sed
1107 1251 1172 1302 ab
1211 1248 1359 1301 oumi
1393 1247 1610 1314 pietatis
1655 1245 1845 1300 allecto
1866 1244 2022 1298 alieni

457 1352 512 1397 et
542 1340 833 1410 prmiracti,
869 1351 924 1393 et
950 1339 1294 1409 Assyriorum
1328 1337 1643 1391 crudelitate
1676 1335 2026 1389 immaniores

455 1447 578 1488 esse
602 1433 949 1496 videbantur,
976 1438 1030 1484 et
1057 1444 1179 1483 cum
1207 1428 1425 1482 omnino
1457 1443 1616 1480 manu
1662 1441 1849 1481 eorum
1886 1424 2022 1479 εσυ-

454 1535 580 1590 gere
609 1536 715 1576 non
762 1519 1023 1584 valerent,
1063 1517 1363 1573 crudeliter
1392 1516 1791 1572 interimebant.
1823 1514 1880 1569 ln
1919 1530 2027 1585 quo

455 1610 620 1680 igitur
647 1609 786 1665 bene
823 1608 1009 1663 audire
1054 1622 1148 1662 eos
1207 1605 1559 1676 oportuisset,
1629 1604 1677 1659 si
1742 1603 2023 1669 fecissent,

453 1702 560 1756 hoc
585 1716 705 1755 cum
731 1716 835 1755 non
858 1700 1108 1764 fecerint,
1133 1707 1350 1753 accusat
1371 1698 1590 1752 dicens:
1614 1696 1670 1751 ln
1695 1696 1781 1750 via
1806 1695 2027 1761 Dmdan,

452 1796 508 1848 in
536 1808 820 1850 occursum
845 1790 1232 1862 sitienti.313
1266 1804 1460 1859 aquam
1489 1789 1753 1859 ferte,!qui
1773 1788 2026 1843 habitatis

2129 610 2223 664 καὶ
2262 608 2358 660 διὰ
2392 606 2459 659 τὸ
2505 603 2739 672 πλῆθος
2798 602 2909 671 τῆς
2962 603 3292 670 μαχαίρας,
3342 600 3440 654 καὶ
3492 599 3590 653 διὰ
3636 601 3704 653 τὸ

2127 700 2360 768 πλῆθος
2402 696 2519 750 τῶν
2549 695 2930 768 τοξευμᾴτων
2962 692 3081 746 τῶν
3112 690 3563 760 διατεταμένων,
3608 692 3705 744 καὶ

2126 793 2223 846 διὰ
2241 764 2323 844 ’τὸ
2353 788 2586 859 πλῆθος
2622 764 2741 841 τῶκ
2767 764 3162 840 πεπτωκότων
3189 785 3258 838 ἐν
3286 782 3367 848 τῷ
3388 782 3643 850 πολέμῳ.

2210 884 2424 937 ’Λνόσια
2451 882 2800 954 πεπραχότας
2830 880 3168 934 καταιτιᾶται
3195 877 3322 939 τοὺς
3354 875 3705 945 Ἰδουμαίους,

2132 973 2382 1043 καθάπερ
2421 974 2520 1044 ἤδη
2559 975 2839 1044 προεῖπον,
2889 973 2981 1024 καὶ
3030 970 3118 1023 διὰ
3158 968 3340 1037 φωνῆς
3371 967 3578 1020 Ἀνϐδίου
3608 965 3702 1019 τοῦ

2129 1067 2432 1137 προφήτου.
2473 1065 2663 1118 Καίτοι
2701 1063 2808 1134 γὰρ
2834 1062 2951 1116 δέον
2982 1061 3302 1133 ἀνηκέστοις
3346 1057 3704 1129 περιπεσοῦσι

2130 1160 2434 1226 συμφοραῖς·
2468 1159 2580 1219 τοῖς
2612 1154 2672 1221 ἐξ
2704 1154 2923 1227 Ἰσραὴλ
2955 1152 3230 1223 ἐπαμῦναι
3263 1150 3706 1220 συνηλγηκὸτας,

2127 1247 2282 1301 τοῦτο
2316 1249 2415 1319 μὲν
2451 1250 2552 1301 οὐκ
2587 1248 2785 1318 ἔδρων·
2820 1245 3195 1316 ἀφιλόστοργοι
3215 1244 3272 1296 δὲ
3306 1243 3399 1296 καὶ
3436 1242 3705 1314 ἀτεράμο-

2130 1355 2238 1401 νες,
2295 1339 2389 1390 καὶ
2425 1338 2523 1408 τῆς
2577 1337 2686 1390 τῶν
2722 1336 3022 1408 Ἀσσυρίων
3063 1335 3343 1406 ὠμότητος
3378 1334 3709 1405 ἀγριώτεροι

2128 1428 2537 1496 κατεφαίνοντο,
2588 1428 2712 1489 τοὺς
2752 1426 2846 1479 καὶ
2882 1425 3020 1488 ὅλως
3059 1425 3339 1493 διαφυγεῖν
3381 1423 3705 1493 ἰσχύσαντας

2126 1520 2225 1584 τὰς
2262 1514 2484 1573 ἐκείνων
2515 1521 2723 1589 χεῖρας,
2745 1517 2912 1588 ὠμῶς
2934 1515 3394 1585 ἀποσφάττοντες.
3417 1516 3593 1587 ’Ὅπερ
3614 1510 3707 1568 οὖν

2128 1613 2233 1665 ἔδει
2287 1609 2572 1672 ποιοῦντας
2612 1609 2932 1679 εὐδοκιμεῖν,
2987 1606 3145 1660 τοῦτο
3200 1606 3274 1679 μὴ
3335 1606 3705 1676 πεποιηκότας

2126 1723 2185 1757 τε
2209 1744 2223 1758 .
2250 1743 2269 1757 .
2292 1745 2304 1757 .
2332 1741 2347 1756 .
2373 1743 2387 1758 .
2415 1703 2613 1769 λέγων’
2653 1701 2741 1753 Ἐν
2774 1704 2843 1772 τῇ
2891 1700 2995 1770 ὁδῷ
3032 1699 3229 1752 Δαιδάν
3269 1699 3349 1762 είς
3383 1698 3708 1770 συνάντησιν

2129 1796 2352 1866 διψῶντι
2390 1794 2535 1865 ὓδωρ
2574 1794 2787 1864 φέρετε,
2831 1793 2882 1845 οἱ
2930 1791 3262 1855 ἐνοικοῦντες
3302 1793 3360 1844 ἐν
3404 1791 3559 1862 χώρᾳ
3608 1791 3708 1845 Θε-

455 1886 512 1941 in
563 1886 784 1955 regione
830 1883 1094 1949 Theman,
1135 1898 1258 1938 cum
1281 1882 1510 1953 panibus
1530 1881 1806 1936 occurrite
1827 1880 2031 1946 fugien-

2138 1890 2264 1959 μὰν,
2308 1887 2492 1958 ἄρτοις
2542 1885 2836 1938 συναντᾶτε
2886 1885 2998 1946 τοῖς
3025 1883 3334 1953 φεύγουσιν.
3374 1884 3520 1935 Ἔδει
3569 1881 3706 1952 γὰρ,

453 1976 617 2032 tibus.
649 1976 898 2045 Oportuit
914 1974 1079 2039 enim,
1096 1974 1352 2043 oportuit,
1379 1972 1568 2041 inquit,
1583 1986 1678 2026 vos
1705 1970 1795 2041 qui
1814 1980 2032 2027 austra-

454 2063 562 2119 lem
611 2062 830 2119 habetis
862 2062 1159 2133 regionem,
1196 2062 1439 2117 Tbeman
1464 2061 1608 2115 enim
1647 2061 2031 2130 interpretatur

459 2158 673 2220 Auster,
699 2154 753 2209 in
776 2154 860 2209 via
883 2153 1103 2219 Dardan,
1128 2152 1456 2224 fugientibus
1471 2161 1526 2206 et
1547 2154 1849 2207 errantibus
1870 2167 2033 2222 panes

454 2257 510 2303 et
533 2262 727 2317 aquam
749 2246 1039 2311 adducere,
1062 2255 1116 2300 et
1150 2244 1431 2299 charitatis
1464 2242 1632 2299 officia
1658 2258 1783 2314 erga
1814 2243 2030 2311 fratres,

456 2351 513 2396 ut
542 2341 757 2411 Equum
781 2348 885 2406 est,
928 2341 1173 2396 studiose
1195 2349 1249 2395 et
1279 2341 1653 2394 incunctanter
1676 2337 1921 2405 exsequi,
1979 2347 2033 2393 et

460 2447 569 2488 non
594 2432 830 2488 belluino
883 2446 1035 2486 more
1065 2431 1339 2497 resistere,
1369 2438 1423 2485 et
1454 2428 1851 2500 quodammodo
1894 2427 2031 2483 aﬂli-

459 2526 566 2582 etis
598 2523 708 2593 jam
745 2523 1026 2587 insultare,
1063 2534 1117 2578 et
1156 2523 1346 2594 iugum
1386 2523 1521 2579 adeo
1549 2522 1757 2577 acerbis
1791 2522 2029 2590 asperis-

458 2632 565 2687 que
598 2616 998 2671 calamitatibus
1029 2629 1339 2685 pressorqu
1403 2630 1718 2685 aggravare.
1789 2612 2028 2682 Aﬂquum

458 2723 592 2778 ergo
624 2708 806 2762 fuerat
826 2716 1079 2762 amanter
1107 2720 1395 2781 occurrere
1451 2704 1799 2774 fugientibus.
1874 2704 2028 2761 Versi

457 2811 586 2855 sunt
613 2799 756 2854 enim
781 2800 834 2854 in
858 2799 1038 2869 fugam
1063 2799 1220 2854 domo
1237 2809 1293 2853 et
1324 2798 1549 2854 urbibus
1579 2799 1794 2868 spretis,
1817 2807 2032 2868 propter

460 2891 761 2962 gladiorum
816 2900 871 2945 et
935 2890 1429 2945 crudelissimorum
1459 2905 1682 2945 arcuum
1731 2890 2030 2945 multitudi-

457 2997 606 3047 nem,
639 2991 696 3037 et
747 2982 873 3051 quia
928 2983 1233 3051 complures
1275 2982 1603 3046 ceciderunt,
1670 2982 2031 3037 innumerabi-

458 3078 647 3149 lesque
681 3078 820 3149 apud
860 3091 957 3134 eos
979 3076 1176 3132 mortui
1204 3075 1443 3131 fuerunt.

531 3255 695 3311 Vsus.
724 3252 811 3323 l6,
850 3253 938 3309 ιτ.
976 3254 1115 3321 Quia
1146 3255 1222 3309 sic
1246 3254 1381 3308 dixit
1411 3254 1541 3308 mihi
1589 3253 1840 3310 Dominus
1871 3267 1891 3307 .'
1923 3255 2034 3309 Ad—

461 3346 563 3401 huc
596 3363 789 3413 annus,
829 3347 982 3418 quasi
1014 3363 1182 3400 annus
1232 3346 1560 3412 mercenarii,
1618 3347 1825 3415 deﬁciet
1864 3350 2034 3417 gloria

461 3437 650 3505 Cedar,
692 3449 741 3492 et
790 3438 1062 3494 residuum
1096 3454 1314 3492 arcuum
1363 3438 1580 3508 fortium
1635 3439 1905 3507 ﬁliorum;
1940 3438 2037 3493 Ce-

459 3533 562 3585 dar
596 3532 694 3599 erit
725 3530 997 3602 exiguum,
1069 3540 1343 3600 propterea
1399 3530 1601 3585 locutus
1647 3540 1721 3586 est
1782 3530 2034 3586 Dominus

459 3625 601 3680 Deus
618 3623 810 3678 Israel.

531 3714 681 3782 Quod
712 3728 876 3785 prope
903 3714 976 3770 sit
1004 3721 1061 3769 et
1086 3714 1240 3784 quasi
1270 3714 1323 3770 in
1356 3714 1561 3772 foribus
1586 3716 1830 3773 Idumaeas
1867 3718 2033 3775 inter-

460 3807 593 3871 itus,
619 3813 677 3860 et
704 3807 845 3875 quod
872 3820 1096 3875 prorsus
1136 3807 1458 3877 penitusque
1487 3808 1555 3863 ad
1609 3808 2034 3865 internecionem

462 3898 683 3962 abituri,
710 3896 1123 3954 incendeutibus
1146 3900 1386 3969 ipsorum
1422 3900 1585 3957 urbes
1619 3900 1951 3974 Babyloniis,
1982 3912 2037 3955 et

461 3998 711 4044 cunctam
738 3989 1006 4059 regionem
1031 3990 1455 4057 devastantibus,
1482 3993 1764 4061 perspicue
1783 4008 2036 4062 praenun-

460 4082 563 4138 tiat
594 4099 608 4136 :
640 4081 793 4138 Unus
820 4082 988 4149 enim,
1016 4082 1212 4154 inquit,
1243 4085 1347 4138 erit
1373 4099 1547 4139 annus
1575 4068 1949 4153 intermedius,
1979 4095 2034 4141 et

459 4176 724 4244 sagittarii
759 4174 955 4239 Cedar,
979 4176 1068 4242 qui
1097 4177 1289 4231 mirum
1317 4177 1369 4230 in
1402 4177 1617 4230 modum
1641 4176 1742 4231 hac
1763 4177 1829 4231 de
1849 4192 1906 4231 re
1934 4177 2033 4231 sibi

459 4268 765 4339 placebant,
800 4268 1053 4324 deﬁcient
1082 4279 1136 4323 et
1162 4268 1518 4337 disperibunt.
1558 4269 1752 4323 Verum
1784 4269 1890 4323 erit
1936 4269 2036 4325 hoc

459 4361 800 4416 vaticinium.
814 4360 1070 4416 Dominus
1084 4361 1229 4415 enim
1255 4362 1466 4416 locutus
1485 4369 1590 4427 est,
1611 4361 1864 4415 Dominus
1892 4360 2036 4416 Deus

458 4451 649 4508 Israel.
675 4451 888 4507 Veritas
944 4463 1122 4506 autem
1180 4451 1403 4506 minime
1452 4450 1761 4506 mentietur.
1819 4452 2033 4507 Annum

2134 1980 2263 2044 ἔδει,
2288 1978 2472 2049 φησὶν,
2497 1977 2672 2046 ὑμᾶς,
2711 1976 2839 2039 τοὺς
2878 1976 2977 2045 τὴν
3014 1975 3194 2028 νοτίαν
3244 1973 3462 2044 ἔχοντας
3497 1971 3705 2044 χώραν,

2133 2071 2315 2142 Θεμάν
2338 2070 2445 2142 γὰρ
2475 2066 2834 2139 ἑρμηνεύεται
2858 2069 3181 2135 Νότος,τοῖς
3206 2067 3262 2120 ἐν
3291 2069 3356 2137 τῇ
3386 2065 3488 2137 ὁδῷ
3511 2065 3706 2119 Δαιδάν

2134 2161 2398 2232 φεύγουσί
2446 2177 2506 2212 τε
2539 2160 2635 2212 καὶ
2679 2157 3052 2228 πλανωμένοις
3098 2157 3293 2225 ἄρτους
3330 2173 3389 2208 τε
3438 2155 3530 2209 καὶ
3563 2154 3707 2225 ὕδωρ

2134 2254 2451 2326 προσάγειν,
2494 2249 2698 2322 καὶ,τά
2742 2249 2801 2315 ἐξ
2847 2248 3065 2318 ἀγάπης
3116 2251 3229 2313 τοῖς
3279 2248 3526 2317 ἀδελφοῖς
3576 2264 3708 2316 πρε-

2133 2347 2342 2416 πούσης
2372 2343 2648 2416 περαίνειν
2686 2341 3002 2410 ἐπείγεσθαι
3048 2341 3268 2412 μᾶλλον,
3305 2341 3411 2393 καὶ
3455 2340 3557 2393 ούκ
3615 2342 3708 2393 ἀν-

2131 2434 2444 2507 τιφέρεσθαι
2490 2431 2876 2504 θηριοπρεπῶς
2909 2434 3019 2494 τοῖς
3040 2432 3142 2502 ἤδη
3188 2431 3477 2496 παθοῦσιν,
3527 2430 3709 2484 ἐναλο-

2137 2530 2329 2600 μένους
2353 2527 2552 2600 τρόπον
2588 2526 2729 2593 τινὰ,
2760 2524 2854 2579 καὶ
2884 2522 3382 2594 καταφορτίζοντας
3426 2522 3517 2575 τὸν
3543 2519 3707 2590 ζυγὸν

2132 2620 2240 2673 τῶν
2277 2620 2379 2690 ἤδη
2418 2616 2797 2689 πεπιεσμένων
2844 2617 2964 2678 ταῖς
2994 2613 3140 2667 οὓτω
3182 2616 3408 2685 πικραῖς
3441 2613 3535 2667 καὶ
3585 2614 3706 2667 ἀτι-

2134 2712 2355 2775 θάσσοις
2419 2713 2747 2782 συμφοραῖς.
2796 2707 2943 2761 Ἔδει
3006 2706 3186 2760 τοίνυν
3247 2710 3363 2769 τοῖς
3418 2705 3708 2775 φεύγουσιν

2134 2805 2376 2874 ύπαντᾷν
2433 2802 2790 2873 φιλοφρόνως.
2828 2800 3148 2871 Ἐτρέποντο
3206 2802 3314 2868 γὰρ
3370 2801 3450 2861 εἰς
3505 2796 3704 2868 φυγὴν,

2131 2897 2295 2948 οἴκων
2338 2910 2398 2946 τε
2450 2890 2545 2946 καὶ
2596 2890 2804 2944 πόλεων
2837 2889 3233 2960 ἀλογήσαντες,
3284 2886 3370 2939 διὰ
3406 2885 3466 2938 τὸ
3504 2882 3707 2953 πλῆθος

2130 2986 2229 3056 τῆς
2265 2982 2538 3055 μαχαίρας
2590 2981 2686 3036 καὶ
2714 2978 2820 3034 τῶν
2848 2979 3033 3033 δεινῶν
3070 2977 3449 3048 τοξευμάτων·
3488 2975 3584 3028 καὶ¹
3625 2975 3711 3027 ὅτι.

2132 3076 2347 3139 πολλοῖς
2378 3073 2716 3137 πεπτώκασι,
2744 3072 2838 3126 καὶ
2859 3070 3091 3143 ἀριθμοῦ
3118 3071 3423 3143 κρείττονες
3450 3066 3708 3137 γεγόνασι

2057 3201 2101 3260 C
2134 3170 2262 3241 παρ’
2291 3168 2472 3230 αὐτοῖς
2499 3169 2548 3220 οἱ
2577 3165 2779 3237 νεκροί.

2209 3262 2328 3315 ’Ότι
2380 3260 2568 3329 οὕτως
2600 3259 2730 3313 εἷπέ
2761 3276 2865 3329 μοι
2894 3259 3136 3326 Κύριος’
3169 3259 3292 3311 Ἔτι
3323 3255 3597 3322 ἐνιαυτὸς
3627 3255 3709 3321 ὡς

2134 3351 2406 3417 ἐνιαυτὸς
2433 3349 2755 3420 μισθωτοῦ,
2782 3349 3052 3417 ἐκλείψει
3083 3350 3121 3417 ή
3155 3346 3305 3411 δόξα
3358 3345 3575 3416 Κηδὰρ,
3608 3344 3709 3400 καὶ

2134 3445 2200 3498 τὸ
2245 3442 2608 3497 κατάλοιπον
2657 3441 2776 3495 τῶν
2824 3440 3201 3510 τοξευμάτων
3256 3441 3374 3495 τῶν
3443 3438 3712 3509 ἰσχυρῶν

2133 3533 2296 3589 υἱῶν·
2321 3533 2517 3602 Κηδὰρ
2541 3533 2710 3586 ἔσται
2741 3533 2966 3602 ὀλίγον,
2991 3532 3139 3586 διότι
3166 3532 3379 3600 Κύριος
3402 3531 3710 3599 ἐλάλησεν

2136 3629 2169 3680 ὀ
2210 3625 2355 3691 Θεὸς
2387 3623 2647 3692 Ἰσραήλ.

2206 3715 2333 3768 Ὅτι
2370 3715 2594 3783 γέγονεν
2626 3715 2814 3784 ἐγγὺς,
2847 3714 2940 3768 καὶ
2968 3709 3079 3767 οἷον
3113 3713 3242 3767 εἴσω
3286 3712 3485 3784 βέϐηκε
3530 3710 3708 3781 θυρῶν

2135 3809 2164 3860 ὁ
2190 3808 2286 3878 τῆς
2320 3806 2621 3876 Ἰδουμαίας
2648 3805 2891 3876 ὄλεθρος,
2921 3807 3014 3858 καὶ
3043 3805 3124 3859 ὅτι
3158 3806 3334 3876 πάντη
3371 3821 3431 3857 τε
3458 3804 3552 3857 καὶ
3579 3803 3709 3856 πάν-

2137 3918 2243 3966 τως
2301 3901 2610 3971 οἰκήσονται
2664 3898 2799 3971 πρὸς
2857 3898 3161 3964 ἀπώλειαν,
3213 3897 3708 3968 κατεμπιπράντων

2137 3994 2319 4057 αὐτοῖς
2350 3992 2448 4055 τὰς
2482 3991 2662 4054 πόλεις
2695 3990 2804 4043 τῶν
2841 3990 3225 4053 Βαϐυλωνίων,
3250 3992 3343 4042 καὶ
3392 3988 3610 4043 ἃπασαν
3652 3989 3709 4042 δὲ

2134 4083 2545 4156 καταδῃούντων
2573 4083 2670 4152 τὴν
2693 4082 2897 4154 χώραν,
2916 4079 3354 4153 προαπαγγέλλει
3370 4079 3556 4149 σαφῶς
3572 4096 3586 4110 ·
3612 4074 3706 4138 Εἷς

2136 4175 2246 4247 γὰρ
2282 4175 2455 4239 ἔσται,
2475 4175 2663 4245 φησὶν,
2694 4173 2938 4237 ἐνιαυτὸς
2963 4176 2992 4226 ὁ
3021 4172 3246 4244 μεταξὺ,
3278 4172 3370 4225 καὶ
3400 4172 3563 4242 οίτῆς
3582 4172 3699 4240 Κη-

2135 4268 2236 4337 δάρ
2270 4267 2546 4332 τοξευταὶ,
2588 4267 2680 4320 καί
2723 4284 2827 4330 τοι,
2862 4266 3053 4337 φησὶν,
3092 4265 3193 4319 οὐκ
3238 4264 3586 4335 ἀθαύμαστον
3620 4264 3705 4316 ἐπ’

2135 4358 2283 4429 αύτῷ
2299 4359 2361 4429 δὴ
2384 4358 2558 4429 τούτῳ
2578 4358 2674 4428 τὴν
2701 4358 2965 4428 ὑπόληψιν
2984 4357 3296 4428 ἐσχηκότες,
3316 4354 3622 4425 ἐκλείψουσί
3646 4371 3706 4410 τε

2136 4454 2228 4508 καὶ
2255 4451 2602 4505 ἀπολοῦνταιο
2628 4452 2723 4505 καλ⁵
2755 4450 2961 4522 ἀληθὴς
2990 4455 3023 4522 ἡ
3070 4450 3481 4522 προαγόρευσις.
3506 4448 3708 4519 Κύριος

462 4544 793 4601 mercenarii
830 4544 980 4609 dicit,
1009 4553 1197 4600 exacte
1228 4552 1284 4599 et
1320 4544 1543 4612 prtecise
1569 4544 1637 4598 ad
1669 4543 1907 4599 calculos
1937 4558 2027 4598 re-

2132 4545 2240 4615 γάρ
2271 4543 2529 4614 ἐλάλησεν
2555 4545 2584 4596 ὁ
2625 4542 2756 4607 Θεὸς
2797 4543 3034 4614 Ἰσραήλ·
3067 4543 3326 4613 ψεύσεται
3368 4542 3425 4596 δὲ
3462 4541 3707 4611 οὐδαμῶς

459 4644 733 4692 vocatum.
767 4634 867 4702 Qui
892 4637 1035 4691 enim
1068 4637 1120 4689 in
1166 4634 1426 4690 servitute
1457 4636 1707 4690 sudorem
1733 4634 1948 4697 tolerat,
1982 4645 2035 4689 et

461 4741 522 4782 se
544 4728 791 4783 mercede
812 4728 1017 4783 addixit
1054 4728 1233 4794 alteri,
1256 4726 1528 4783 subtiliter
1583 4735 1638 4781 et
1664 4736 1916 4782 accurate
1950 4743 2036 4780 ra-

465 4821 665 4875 tionem
704 4820 806 4874 init
829 4834 1043 4889 semper
1068 4819 1325 4889 temporis
1348 4835 1459 4875 suae
1484 4822 1880 4876 ceuductionis.
1911 4820 2036 4877 Haec

462 4911 681 4981 quidem
711 4911 853 4989 quod
877 4911 943 4964 ad
975 4910 1209 4964 litteram
1231 4911 1442 4964 attinet.
1473 4911 1552 4965 Ac
1585 4912 1649 4966 de
1678 4911 1899 4967 historia
1924 4912 2035 4980 jam

461 5003 661 5057 dictum
687 5002 777 5057 sit.
801 4998 970 5071 Hujus
989 5011 1165 5055 autem
1183 5001 1449 5056 sermonis
1462 5002 1566 5055 vim
1589 5002 1654 5056 ad
1675 5014 1915 5058 sanctam
1933 5002 2036 5057 Ec-

458 5093 678 5148 clesiam
695 5095 916 5164 ejusque
945 5092 1215 5157 alumnos,
1249 5103 1304 5148 et.
1338 5093 1404 5148 ad
1440 5093 1887 5151 beterodoxorum
1914 5110 2038 5165 gre-

461 5200 557 5255 ges
578 5184 889 5240 referentes'
911 5184 1043 5239 illud
1069 5185 1318 5251 dicimus,
1347 5182 1656 5239 Graecorum
1691 5186 1906 5256 agmina
1929 5201 2035 5241 non

461 5292 587 5331 raro
614 5277 893 5332 adversari
913 5279 999 5332 bis
1018 5277 1106 5346 qui
1125 5287 1273 5333 recte
1293 5278 1533 5331 sentiunt
1557 5286 1611 5333 et
1641 5277 1734 5348 qui
1765 5287 1955 5333 natura
1980 5288 2037 5334 et

459 5381 591 5420 vere
610 5368 976 5424 universitatis
1015 5369 1262 5439 opificem
1280 5384 1346 5424 ac
1373 5369 1654 5425 Dominum
1688 5369 1916 5426 adorare
1943 5385 2039 5427 vo-

462 5458 606 5522 lunt,
619 5474 714 5514 eos
739 5461 953 5516 acer-bis
975 5463 1226 5531 prosequi
1246 5461 1684 5517 insectationibus
1697 5477 1761 5517 ac
1782 5477 2037 5531 persecu-

467 5550 730 5615 tiouibus,
778 5552 1231 5621 intolerandisque
1261 5552 1529 5607 interdum
1563 5553 1835 5610 laboribus
1863 5555 2038 5609 invol-

463 5653 614 5695 vere.
648 5639 914 5698 Similiter
950 5643 1114 5698 etiam
1147 5641 1240 5705 qui
1264 5641 1544 5710 impiarum
1583 5644 1857 5699 haareseon
1887 5645 2036 5700 virus

468 5733 647 5788 animo
668 5741 722 5789 et
763 5742 983 5803 pectore
1036 5734 1257 5800 habent,
1285 5735 1386 5790 etsi
1413 5734 1575 5807 314
1601 5734 2033 5791 Christianorum

466 5838 665 5882 nomen
685 5823 844 5882 furati
877 5834 1019 5882 sunt.
1044 5836 1098 5882 et
1122 5826 1518 5885 fraternitatem
1556 5828 1834 5887 uobiscum
1862 5829 2022 5887 simu~

2135 4640 2169 4709 ἡ
2191 4636 2438 4708 ἀλήθεια.
2458 4637 2732 4690 Ἐνιαυτοῦ
2757 4654 2818 4707 γε
2850 4637 2954 4708 μὴν
2985 4636 3253 4707 μισθωτοῦ
3284 4653 3415 4706 φησι
3439 4636 3529 4690 τὸν
3553 4638 3711 4707 ἀκρι-

2135 4728 2244 4792 ϐῶς
2265 4727 2720 4799 ἐκμετρούμενον.
2740 4729 2797 4781 '0
2824 4730 2932 4799 γάρ
2958 4747 3043 4782 τοι
3068 4730 3190 4791 τοὺς
3213 4730 3303 4781 ἐπὶ
3323 4730 3442 4792 ταῖς
3469 4728 3707 4798 θητείαις

2139 4822 2365 4892 ἱδρῶτας
2404 4821 2679 4887 εἰσελθὼν,
2721 4823 2817 4876 καὶ
2863 4820 3251 4894 ἀπομισθώσας
3291 4821 3481 4875 ἐαυτὸν
3515 4822 3705 4892 ἑτέρῳ,

2134 4913 2347 4977 λεπτῶς
2381 4931 2442 4966 τε
2477 4915 2569 4967 καὶ
2593 4914 2836 4985 ἀκριϐῶς
2866 4914 2952 4968 ἀεί
2991 4929 3108 4976 πως
3134 4909 3557 4982 περιεργάζεται
3611 4910 3706 4963 τοῦ

2135 5006 2233 5076 τῆς
2284 5005 2599 5075 μισθώσεως
2638 5006 2827 5077 χρόνου
2880 5005 2941 5059 τὸ
2985 5004 3202 5076 μέτρον.
3255 5004 3363 5055 Καὶ
3403 5002 3561 5056 ταυτὶ
3611 5002 3708 5072 μὲν

2134 5098 2197 5150 τό
2231 5115 2293 5166 γε
2308 5092 2441 5170 ἧκον
2475 5097 2556 5160 είς
2592 5114 2657 5167 γε
2684 5098 2747 5151 τὸ
2778 5097 3033 5168 γραμμαὶ
3059 5095 3154 5148 καὶ
3188 5094 3285 5165 μέν
3317 5111 3401 5147 τοι
3438 5092 3535 5164 τὴν
3571 5093 3710 5144 ἱστο⁹

2138 5189 2258 5259 ρίαν
2295 5189 2536 5260 εἰρήσθω
2576 5190 2711 5243 νυνί.
2744 5187 3193 5259 Περιενεγκόντες
3220 5185 3277 5237 δὲ
3302 5184 3396 5237 τοῦ
3422 5183 3578 5251 λόγου
3611 5182 3709 5253 τὴν

2134 5279 2360 5350 δύναμιν
2418 5283 2497 5342 εἰς
2523 5280 2584 5332 τὸ
2611 5279 2710 5350 τὴν
2750 5279 2909 5348 ἁγίαν
2944 5275 3269 5347 Ἐκκλησίαν
3307 5275 3402 5329 καὶ
3427 5276 3552 5337 τοὺς
3582 5274 3710 5327 ταύ-

2133 5387 2234 5441 της
2270 5370 2594 5440 τρόφίμους,
2626 5371 2719 5423 καὶ.
2756 5369 2862 5441 μὴν
2892 5370 2987 5423 καὶ
3016 5370 3096 5431 εἰς
3125 5367 3222 5430 τὰς
3254 5365 3362 5420 τῶν
3390 5364 3709 5436 ἑτεροδόξων

2135 5463 2358 5532 ἀγέλας,
2399 5465 2573 5518 ἐκεῖνό
2625 5480 2824 5535 φαμεν·
2886 5464 2969 5518 ὅτι
2995 5459 3421 5530 κατεπιφύονται
3458 5457 3707 5511 πλειστάν

2135 5572 2221 5618 κις
2259 5556 2325 5609 τά
2363 5555 2628 5625 Ἑλλήνων
2669 5555 2829 5623 στίφη
2867 5555 2973 5607 τῶν
3008 5552 3144 5625 ὀρθὰ
3172 5555 3386 5624 φρονεῖν
3416 5549 3706 5612 εἰωθότων,

2135 5647 2346 5700 καὶτὸν
2385 5647 2452 5717 φί
2464 5664 2543 5700 σει
2572 5664 2631 5700 τε
2666 5647 2759 5699 καὶ
2787 5645 3001 5715 ἀληθῶς
3045 5646 3151 5698 τῶν
3191 5645 3328 5698 ὅλων
3375 5641 3705 5714 δημιουργὸν

2135 5742 2230 5794 καὶ
2282 5738 2487 5810 Κύριον
2565 5741 2886 5810 προσκυνεῖν
2934 5738 3221 5808 ἑλομένων.
3268 5731 3402 5790 Εἶτα
3455 5733 3710 5803 διωγμοῖς

2134 5832 2421 5897 ὑποθέντες
2452 5834 2696 5904 πικροῖς,
2738 5832 3026 5902 ἀφορήτοις
3067 5828 3175 5885 ἔσθ’
3204 5831 3291 5884 ὅτε
3326 5825 3718 5898 περιϐάλλουσι.
