4148 6378
424 443 524 502 501
1550 445 1614 497 ΙΝ

1677 445 1908 500 lSAlAM
1959 445 2088 500 LIB.
2131 444 2194 500 ll.
2238 447 2471 502 TOMUS
2504 447 2568 503 ν.

3557 451 3662 506 502

420 560 618 622 πόνοις.
658 559 886 630 Ὁμοίως
912 561 968 614 δὲ
998 560 1090 614 καὶ
1123 563 1170 614 οἱ
1200 561 1308 614 τῶν
1349 561 1578 615 ἀνοσίων
1607 564 1870 633 αἱρέσεων
1907 562 1981 614 te».

2101 563 2234 630 lant,
2275 565 2666 620 immanitatem
2705 567 2866 621 etiam
2923 565 3171 622 hostilem
3201 567 3467 621 interdum
3500 581 3660 634 supe-

422 654 498 704 l‘ov
528 654 608 716 είς
635 651 760 706 νοῦν
786 652 1000 722 ἔχοντες
1025 653 1118 706 καὶ
1147 653 1393 724 καρδίαν,
1428 655 1521 707 καί
1549 672 1632 707 τοι
1657 655 1717 706 τὸ
1743 656 1994 724 Χριστια-

417 743 520 796 νῶν
552 744 724 814 ὄνομα
756 745 1100 810 κλέπτοντες,
1144 746 1618 816 ὑποπλαττόμενοί
1647 763 1704 798 τε
1730 747 1829 813 τὴν
1860 746 1995 817 πρὸς

412 834 562 902 ἡμᾶς
604 834 976 904 ἀδελφότητα,
1017 835 1116 898 τὰς
1146 835 1256 888 τῶν
1297 835 1508 906 ἐχθρῶν
1543 837 1869 908 ἀγριότητας
1915 856 1995 891 νι-

413 923 580 976 κῶσιν
606 923 718 976 ἔσθ’
746 926 856 990 ὅτε,
889 926 1268 997 ἁφιλοστοργοί
1298 945 1355 980 τε
1396 927 1488 980 καὶ
1517 927 1764 995 ἀπηνεῖς.
1803 926 1911 979 Καὶ
1942 925 1994 978 τί

412 1013 521 1084 γὰρ
548 1015 666 1086 οὐχὶ
692 1015 801 1069 τῶν
829 1017 1086 1070 τοιούτων
1111 1019 1444 1088 ὑπάρχοντες
1464 1019 1531 1071 δι’
1552 1018 1728 1070 αὐτῶν
1750 1018 1995 1088 ἐλέγχον-

412 1122 498 1158 ται
534 1106 643 1160 τῶν
687 1109 1059 1178 πραγματῶν;
1093 1110 1205 1164 ἀλλ’
1236 1111 1335 1164 οὑκ
1373 1113 1452 1174 είς
1485 1109 1628 1164 ἆπαν
1669 1111 1850 1172 αὐτοῖς
1882 1110 1996 1163 δια-

2099 663 2240 719 rant,
2271 670 2300 708 a
2334 656 2598 710 charitate
2629 666 2680 710 et
2728 656 2927 725 pietate
2967 657 3126 712 alieni
3169 665 3223 710 et
3247 655 3498 709 immites.
3528 654 3663 707 Nam

2105 747 2233 816 quid
2268 748 2458 802 horum
2492 747 2762 817 est,cujus
2790 749 2974 803 amnes
2993 763 3114 804 esse
3134 751 3306 817 reipsa
3343 746 3662 816 non-depre-

2100 839 2447 892 henduntur?
2479 840 2548 894 At
2577 841 2795 896 omnino
2816 855 2908 896 eos
2935 857 3045 896 non
3092 840 3227 896 feret
3254 841 3417 903 Deus,
3445 852 3543 892 nec
3570 851 3663 892 eos

2099 931 2188 999 qui
2223 931 2301 986 sic
2329 932 2394 985 ad
2423 946 2634 991 omnem
2661 933 3010 988 humanitatis
3043 941 3098 988 et
3148 932 3360 1002 pietatis
3413 930 3662 986 atl‘ecmm

2099 1021 2470 1075 obduruerunt
2502 1022 2804 1089 sustinebit,
2841 1035 2896 1078 at
2917 1026 3020 1082 illis
3046 1027 3280 1095 quaaira,
3314 1040 3432 1096 (ιυαι
3454 1024 3661 1094 justitia

2102 1111 2327 1182 ﬂagitat,
2358 1113 2636 1184 irrogabit.

413 1196 738 1265 καρτερήσει
785 1197 946 1262 Θεὸς,
1003 1199 1248 1265 ἀνέξεται
1285 1200 1340 1254 δὲ
1387 1201 1634 1270 οὐδαμῶς
1681 1201 2212 1272 ἁφιλοστοριόύντων
2251 1204 2408 1271 ἄγαν,
2453 1205 2662 1258 ἐποίσει
2705 1206 3007 1276 δὲμᾶλλον
3058 1210 3238 1272 αὐτοῖς
3273 1214 3338 1262 τὰ
3383 1208 3442 1273 ἐξ
3491 1204 3663 1277 ὀργῆς

414 1291 506 1342 καὶ
539 1291 713 1362 δίκης.

1034 1411 1266 1465 ΤΟΜΟΣ
1302 1411 1378 1468 Ε’.

581 1520 668 1571 T0
712 1522 958 1575 OPAMA
1011 1525 1148 1578 ΤΗΣ
1192 1527 1381 1579 ΦΑΡΑ
1393 1528 1588 1579 ΓΓοΣ
1638 1528 1832 1580 ΣΙΩΝ.
1897 1511 1904 1523 ’

484 1650 593 1722 Τὴν
623 1652 732 1706 τῶν
764 1657 1098 1726 Αίγυπτίων,
1140 1658 1438 1730 Ἀσσυρίων
1467 1677 1522 1712 τε
1562 1661 1651 1712 καὶ
1689 1660 1996 1729 Ἰδουμαίων

410 1739 608 1794 ἅλωσιν
633 1745 1058 1815 προηγορευκὼς
1087 1748 1114 1800 ὁ
1138 1752 1446 1820 προφήτης,
1469 1751 1557 1802 ἐπ’
1582 1750 1749 1820 αὐτὴν
1771 1749 1990 1820 ἔρχεται

408 1832 506 1901 τὴν
537 1834 698 1900 ἁγίαν
742 1836 916 1903 πόλιν,
972 1837 1116 1890 τοῦτ’
1161 1837 1277 1892 ἐστι
1322 1840 1419 1910 τὴν
1471 1841 1854 1912 Ἰερουσαλήμο
1890 1842 1982 1894 καὶ

407 1923 475 1975 τά
516 1925 909 1996 συμϐησόμενα
936 1929 1071 2000 αὐτῇ
1107 1930 1248 1983 κατά
1284 1932 1507 2002 καιροὺς
1534 1933 1595 1984 ἐκ
1627 1931 1774 1996 Θείας
1814 1934 1984 2002 ὀργῆς

409 2021 808 2088 προαφηγεῖται
844 2023 1130 2092 χρησίμως
1149 2040 1160 2051 ·
1196 2023 1262 2076 ἵν’
1289 2025 1500 2087 εἰδεῖεν,
1531 2025 1610 2077 ὅτι
1638 2025 1984 2095 δικαιοσύνης

408 2106 668 2178 ὑπάρχων
707 2109 968 2181 πρύτανις
999 2115 1026 2165 ὁ
1062 2112 1172 2164 τῶν
1195 2113 1328 2167 ὅλων
1360 2114 1512 2178 Θεὸς,
1541 2115 1738 2183 μᾶλλον
1763 2116 1820 2169 δὲ
1852 2116 1984 2168 αὐτὸ

408 2198 596 2268 χρῆμα
639 2200 983 2274 δικαιοσύνη⁸
1013 2204 1074 2256 οὑ
1111 2204 1202 2258 τὸν
1240 2207 1439 2259 οἰκεῖον
1472 2207 1658 2270 ἁπλῶς
1695 2209 1980 2276 γεγονότα,

407 2289 494 2344 διά
535 2309 597 2359 γε
619 2293 712 2346 τοῦ
752 2296 1289 2367 πεπαιδαγωγείσθαι
1315 2300 1484 2371 νόμῳ,
1518 2301 1653 2370 τιμᾷ
1696 2302 1789 2352 καὶ
1815 2317 1984 2371 προσ-

411 2383 568 2448 ίεται,
601 2385 694 2437 καὶ
737 2387 1014 2456 φροντίδος
1063 2390 1223 2454 ἀξιοῖο
1272 2389 1561 2460 δοκιμάζει
1593 2391 1648 2443 δέ
1685 2390 1884 2460 μᾶλλον
1916 2389 1984 2442 τὰ

406 2474 621 2549 ἑκάστῳ
655 2476 988 2547 βεϐιωμένα,
1033 2481 1128 2534 καὶ
1180 2484 1292 2544 τοῖς
1341 2483 1439 2552 μὲν
1489 2481 1712 2550 ἀγαθοῖς
1745 2482 1843 2552 τὴν
1872 2481 1984 2548 ’ἐξιν

405 2567 644 2640 διανέμει
677 2569 747 2622 τὰ
777 2570 957 2640 ἀγαθά
975 2587 989 2600 ·
1024 2573 1237 2642 ἡγεῖται
1264 2572 1319 2626 δέ
1352 2572 1500 2636 ξένον
1526 2573 1620 2626 καὶ
1647 2574 1766 2626 κατ’
1793 2573 1982 2626 οὐδένα

404 2660 604 2730 τρόπον
644 2661 791 2734 αὐτῷ
841 2666 1357 2736 προσοικειούμενον
1393 2666 1480 2718 τὸν
1522 2667 1618 2736 τῆς
1652 2666 1984 2736 φαυλότητος

406 2753 664 2825 ἐραστὴν,
704 2755 806 2809 κᾶν
852 2756 1015 2820 εἴτις
1055 2759 1140 2828 εἴη
1190 2757 1352 2827 τυχὸν
1400 2757 1682 2826 ἀγαπητὸς
1717 2757 1806 2810 διὰ
1855 2759 1983 2820 τοὺς

406 2839 670 2911 πατέρας.
715 2843 905 2914 ᾭοντο
954 2845 1132 2899 τοίνυν
1193 2847 1257 2898 ἐκ
1315 2845 1514 2915 πολλῆς
1560 2846 1699 2915 ἄγαν
1742 2846 1982 2916 ἀμαθίας

403 2931 512 2985 τῶν
549 2935 821 2989 Ἰουδαίων
873 2937 922 2989 οἱ
972 2937 1170 3008 δῆμοι,
1227 2939 1322 2992 καὶ
1384 2938 1644 2991 ἀνάλωτοι
1705 2936 1982 3001 παντελῶς

404 3023 622 3078 ἔσεσθαι
662 3031 776 3091 τοῖς
834 3028 1070 3100 ἐχθροῖς,
1108 3029 1202 3082 καὶ
1236 3029 1446 3092 οὐδενὸς
1474 3030 1535 3082 τὸ
1586 3029 1807 3098 σύμπαν
1861 3030 1978 3083 ἐπι-

2694 1413 2878 1468 TOMU
2893 1413 2929 1467 S
2969 1414 3026 1468 V.

2519 1526 2727 1582 VISIO
2774 1527 3032 1583 VALLIS
3068 1527 3270 1584 SION.

2165 1665 2568 1736 Egyptiorum,
2588 1664 2929 1735 Assyriorum
2971 1673 3026 1719 et
3059 1663 3409 1719 ldumaeorum
3438 1669 3662 1736 captivi-

2097 1766 2257 1813 tatem
2295 1772 2415 1812 cum
2472 1755 2730 1826 prepheta
2750 1755 3075 1824 praedixerit,
3118 1755 3186 1810 ad
3220 1756 3387 1823 ipsam
3419 1768 3659 1812 sanctam

2092 1853 2384 1916 civitatem,
2428 1849 2480 1906 id
2533 1858 2617 1904 est
2672 1848 2995 1910 Jerusalem,
3044 1849 3270 1912 accedit,
3313 1865 3540 1919 quaeque
3584 1850 3658 1904 illi

2091 1942 2307 1998 deﬂuxu
2341 1951 2638 2009 temporum
2674 1954 2735 1993 ex
2763 1939 2941 1992 divina
2974 1938 3051 1991 ira
3091 1939 3423 2007 contingent,
3458 1955 3655 2010 oppor-

2092 2048 2218 2091 tune
2240 2034 2522 2090 denuntiat
2557 2052 2569 2086 :
2603 2041 2659 2086 ut
2693 2032 3056 2086 universitatis
3083 2031 3270 2093 Deum,
3303 2032 3525 2098 iustitia:
3565 2034 3661 2087 ad-

2095 2127 2544 2190 ministratorem,
2575 2125 2682 2178 imo
2724 2137 2851 2177 vere
2901 2121 3067 2189 ipsam
3095 2121 3362 2191 justitiam
3413 2122 3657 2187 videant,

2091 2234 2196 2274 non
2227 2218 2546 2288 simpliciter
2569 2215 2709 2285 quod
2759 2229 2853 2283 per
2887 2213 3018 2282 legis
3063 2213 3426 2284 paedagogiam
3480 2214 3658 2268 intimi

2087 2315 2143 2363 et
2197 2305 2616 2374 conjunctissimi
2663 2311 2862 2369 essent,
2929 2311 3208 2370 propterea
3285 2316 3377 2355 eos
3446 2302 3643 2365 colere.

2088 2398 2330 2467 recipere
2359 2405 2413 2450 et
2433 2409 2560 2448 cura
2591 2393 2796 2461 dignari
2833 2406 2846 2443 :
2883 2392 2975 2445 sed
3004 2390 3179 2458 potius
3204 2391 3330 2457 quid
3378 2392 3428 2444 in
3475 2393 3584 2445 vita
3625 2408 3655 2446 a

2088 2488 2494 2560 quoqttantl’lit,
2541 2486 2843 2556 explorare,
2894 2492 2948 2538 et
2994 2483 3147 2538 bonis
3199 2485 3413 2553 quidem
3443 2486 3658 2541 virtutis

2089 2581 2273 2636 habitu
2295 2577 2626 2635 conﬁrmatis
2641 2578 2780 2631 bona
2797 2565 3137 2640 distribuere,
3154 2575 3463 2630 vitiositatis
3478 2586 3656 2630 autem

2088 2679 2377 2737 amantem,
2406 2669 2558 2740 quasi
2589 2667 2730 2722 nulla
2761 2681 2941 2722 secum
2970 2667 3365 2722 necessitudine
3388 2666 3657 2736 junctum,

2086 2763 2428 2833 peregrinum
2511 2761 2704 2813 ducere
2755 2776 2770 2813 :
2828 2756 3170 2825 quantumvis
3234 2755 3372 2809 forte
3441 2764 3659 2825 propter

2085 2865 2266 2924 patres
2325 2854 2525 2906 charns
2563 2859 2723 2918 atque
2775 2848 3006 2902 dilectus
3060 2846 3243 2901 fuerit.
3317 2845 3660 2900 Existimavit

2085 2948 2248 3017 igitur
2269 2959 2375 3013 pne
2399 2944 2593 3010 insigni
2627 2940 2854 3008 quadam
2887 2940 3199 3010 stupiditate
3229 2937 3454 3007 populus
3477 2935 3660 2991 Judai-

2085 3051 2204 3099 cus,
2234 3035 2301 3089 ab
2337 3035 2582 3088 hostibus
2607 3031 2750 3086 nullo
2781 3031 2940 3085 modo
2975 3039 3188 3098 captum
3239 3030 3330 3095 iri,
3361 3043 3462 3083 nec
3495 3027 3654 3082 ullam

411 3117 683 3186 πηδῶντος
725 3120 936 3187 αὐτοῖς,
983 3121 1074 3174 τὸν
1103 3122 1370 3192 ἠρεμαῖόν
1421 3139 1481 3174 τε
1527 3123 1621 3174 καὶ
1655 3123 1710 3174 ἐν
1759 3122 1981 3185 πολλαῖς

2084 3142 2304 3197 prorsus
2336 3125 2739 3193 impressionem
2760 3121 3018 3185 facturos,
3047 3129 3102 3174 at
3128 3119 3366 3175 sedatam
3409 3128 3464 3173 et
3501 3118 3656 3173 altis-

412 3208 540 3276 Ξγαν
580 3211 900 3282 εὐημερίαις
943 3211 1224 3266 διαϐιῶναι
1265 3212 1400 3282 βίον,
1442 3212 1617 3265 καίτοι
1648 3211 1764 3280 Θεῷ
1813 3227 1977 3280 προσ-

411 3299 710 3370 κρούοντες,
740 3302 834 3355 καὶ
878 3306 958 3366 είς
987 3303 1189 3374 πολλὴν
1232 3304 1370 3371 ἄγαν
1401 3303 1652 3355 ἀσέϐειαν
1687 3304 1974 3354 ἀπονενευ-

411 3392 574 3456 κότες.
621 3395 1108 3466 Προσκεκυνήκασι
1151 3396 1258 3466 γὰρ
1290 3393 1545 3456 εἰδώλοις,
1588 3395 1680 3446 καὶ
1725 3394 1980 3446 ὑποκάτω

409 3484 560 3553 δρυὸς
591 3486 684 3537 καὶ
739 3486 939 3557 λεύκης
987 3485 1274 3545 ἀναθέντες
1321 3485 1412 3556 ἓδη
1467 3485 1562 3536 καὶ
1604 3484 1818 3554 βωμοὺς
1868 3488 1979 3548 τοῖς

411 3573 656 3642 ματαίοις
703 3576 890 3639 θυσίας
937 3576 1209 3646 προσῆγον
1254 3574 1349 3627 xal
1392 3575 1624 3637 σπονδὰς
1670 3574 1975 3638 ἐπετέλουν,

416 3666 502 3733 τῆς
548 3665 903 3735 ὀφειλομένης
950 3665 1026 3735 τῷ
1059 3667 1304 3736 παναγίῳ
1353 3665 1470 3735 Θεῷ
1502 3666 1660 3735 δόξης
1699 3669 1778 3729 εἰς
1831 3667 1972 3720 ἆπαν

409 3757 776 3827 ὴφειδηκότες.
823 3759 933 3811 Καὶ
985 3757 1113 3826 γοῦν
1156 3758 1244 3811 διὰ
1293 3759 1476 3828 φωνῆς
1531 3758 1793 3828 Ἰερεμίου
1847 3759 1979 3828 φησι

409 3850 540 3920 πρὸς
570 3851 765 3914 αὐτοὺς
798 3851 923 3920 περὶ
952 3853 1051 3921 τῆς
1086 3851 1439 3920 Ἰερουσαλήμ
1459 3865 1473 3879 °
1505 3868 1524 3899 ι
1553 3851 1660 3902 Καὶ
1691 3850 1764 3919 μὴ
1795 3849 1977 3917 λέγετε

409 3946 506 4008 ὅτι,
535 3943 678 4007 Ναύς
705 3945 909 4014 Κυρίου
931 3945 1098 4008 ἐστὶν,
1132 3945 1212 3997 ὅτι
1248 3944 1342 3996 ἐὰν
1373 3945 1448 4014 μὴ
1477 3942 1812 4013 διορθοῦντες
1839 3943 1979 4013 διορ-

407 4034 612 4105 ίάὑσητε
637 4036 735 4098 τὰς
758 4036 909 4098 ὁδοὺς
939 4035 1112 4105 ὑμῶν,
1145 4036 1236 4088 καὶ
1265 4037 1332 4089 τὰ
1363 4035 1767 4104 ἐπιτηδεύματα
1800 4034 1973 4104 ὑμῶν,

411 4125 498 4178 (αἱ
548 4123 703 4178 δώσω
739 4125 830 4178 τὸν
879 4121 1025 4178 οἷκον
1064 4126 1250 4178 τοῦτον
1284 4125 1471 4196 ὥσπερ
1516 4125 1732 4195 Σηλώμ.
1764 4147 1780 4178 ι
1834 4128 1978 4180 Κατο

411 4219 592 4288 ητιᾶτο
618 4217 673 4269 δέ
715 4217 876 4270 πάλιν
905 4218 1100 4281 αὐτοὺς
1144 4217 1234 4270 διὰ
1277 4217 1512 4287 Μιχαίου
1546 4217 1643 4270 τοῦ
1698 4219 1977 4289 προφήτου

407 4311 608 4378 λέγω-δ’
645 4329 662 4361 ι
697 4310 761 4363 Οἱ
791 4309 1080 4380 ἡγούμενοι
1124 4309 1293 4379 αὐτῆς
1335 4308 1473 4379 μετά
1511 4307 1698 4378 δώρων
1745 4308 1978 4379 ἔκρινον,

407 4405 498 4456 καὶ
522 4403 570 4455 οἱ
601 4403 767 4474 ἱερεῖς
797 4403 965 4473 αὐτῆς
995 4402 1129 4472 μετὰ
1160 4401 1352 4472 μισθοῦ
1395 4402 1775 4472 ἀπεκρίνοντο,
1804 4401 1900 4454 καὶ
1929 4403 1978 4455 οί

2081 3221 2217 3274 sima
2242 3215 2625 3285 tranquillitate
2648 3214 3110 3268 circumﬂuentem
3150 3211 3315 3266 vitam
3361 3210 3653 3274 victurum,

2080 3310 2291 3364 etiamsi
2323 3305 2487 3361 Deum
2527 3305 2830 3369 oﬂ‘enderit,
2867 3312 2921 3358 et
2950 3303 3004 3356 in
3031 3317 3294 3356 summam
3328 3301 3654 3369 impietatetn

2081 3397 2393 3468 pervoluLus
2417 3395 2599 3450 fuerit.
2631 3395 2791 3449 ldolis
2818 3395 2961 3448 enim
3008 3393 3426 3462 procubuerunt,
3458 3399 3514 3445 et
3552 3390 3653 3444 sub

2080 3502 2278 3556 quercu
2311 3500 2373 3539 ac
2403 3484 2599 3554 populo
2631 3483 2867 3537 delubris
2922 3492 2976 3535 et
3003 3481 3113 3536 aris
3139 3479 3354 3545 erectis,
3376 3478 3528 3532 vanis
3550 3477 3654 3534 diis

2080 3578 2340 3633 sacrificia
2373 3577 2632 3640 fecerunt,
2668 3574 2895 3644 illisque,
2939 3573 3107 3642 gloria
3160 3569 3505 3625 sanctissimo
3543 3568 3653 3624 Deo

2082 3671 2256 3724 debita
2296 3665 2520 3738 prorsus’
2553 3675 2882 3736 contempta,
2915 3663 3019 3718 liba
3059 3663 3390 3718 obtulerunt.
3437 3662 3651 3716 Etenim

2080 3776 2211 3816 voce
2254 3759 2499 3816 Jeremiae
2572 3757 2768 3812 all‘atur
2829 3755 3343 3825 Hierosolymitanos
3375 3771 3390 3808 :
3423 3772 3443 3806 ‹
3479 3752 3654 3809 Nolite

2081 3855 2258 3909 dicere
2293 3870 2306 3906 :
2343 3851 2620 3918 Templum
2652 3849 2862 3904 Domini
2898 3856 3000 3912 est,
3033 3847 3157 3917 quia
3189 3847 3234 3901 si
3260 3860 3384 3901 vere
3419 3855 3474 3900 et
3507 3847 3652 3900 serio

2083 3959 2188 3998 non
2219 3941 2569 3997 correxeritis
2600 3939 2714 3994 vias
2741 3947 2947 3993 vestras
2973 3947 3028 3990 et
3050 3936 3228 3990 studia
3259 3944 3458 4000 vestra,
3488 3935 3650 3990 etiam

2081 4036 2294 4090 domum
2336 4035 2477 4087 hanc
2524 4032 2717 4086 faciam
2758 4030 2910 4100 quasi
2977 4027 3159 4084 Selom
3190 4028 3258 4079 ⁹¹.
3302 4045 3320 4077 ι
3372 4026 3652 4097 Sugillavit

2082 4128 2208 4180 item
2235 4126 2352 4180 illos
2373 4141 2468 4193 per
2485 4125 2756 4179 Michaeam
2782 4123 3097 4192 prophetam
3122 4119 3336 4174 dicens:
3363 4138 3380 4170 ι
3404 4117 3648 4174 Praefecti

2080 4214 2242 4285 315
2276 4215 2392 4285 ejus
2421 4223 2640 4284 propter
2663 4228 2887 4268 munera
2912 4211 3316 4281 judicabant,et
3339 4211 3649 4265 sacerdotes

2080 4308 2195 4377 ejus
2227 4318 2443 4378 propter
2483 4308 2786 4362 mercedem
2821 4304 3239 4374 respondebant,
3269 4311 3324 4358 et
3372 4302 3650 4372 prophetae

2081 4398 2195 4467 ejus
2224 4409 2440 4468 propter
2473 4406 2754 4466 argentum
2779 4393 3236 4455 vaticinabantur,
3262 4401 3316 4446 et
3346 4391 3398 4444 in
3422 4390 3640 4447 Dominc

407 4495 677 4565 προφῆται
702 4495 872 4565 αὐτῆς
902 4494 1038 4564 μετά
1065 4494 1325 4565 ἀργυρίου
1357 4493 1734 4563 ἐμαντεύοντο,
1763 4494 1855 4546 καὶ
1886 4495 1978 4547 ἐπὶ

2084 4487 2514 4557 acquiescebant,
2549 4485 2791 4540 dicentes
2821 4501 2835 4538 :
2864 4482 3052 4538 Nonne
3089 4482 3345 4536 Dominus
3379 4481 3432 4534 in
3493 4480 3647 4536 nobis

404 4586 492 4638 τὸν
523 4585 725 4655 Κύριον
757 4586 1161 4639 ἐπανεπαύοντο
1188 4585 1434 4653 λέγοντες
1455 4601 1468 4614 ⁸
1499 4585 1634 4655 Οὑχὶ
1673 4585 1878 4656 Κύριος
1917 4587 1976 4637 ἐν

406 4677 535 4744 ἡμῖν
569 4677 746 4739 ἐστιν;
783 4677 856 4728 Οὑ
892 4676 964 4746 μὴ
988 4676 1188 4748 ἐπέλοῃ
1221 4676 1301 4744 ἐφ’
1329 4677 1475 4745 ἡμᾶς
1507 4677 1670 4730 κακά.
1699 4676 1794 4730 Διά
1823 4677 1978 4730 τοῦτο

404 4768 472 4819 δι’
501 4767 644 4835 ὑμᾶς
672 4766 810 4820 Σιὼν
848 4768 922 4831 ὡς
951 4766 1118 4838 ἀγρὸς
1152 4766 1626 4838 ἀροτριαθήσεται,
1658 4768 1751 4820 καὶ
1785 4768 1979 4839 Ἰερου-

409 4858 590 4926 σαλὴμ
617 4857 692 4920 ὡς
723 4857 1167 4928 ὀπωροφυλάκιον
1206 4856 1380 4921 ἔσται,
1429 4859 1521 4910 καὶ
1549 4857 1674 4928 ὅρος
1697 4854 1792 4909 τοῦ
1829 4859 1977 4910 οῐκου

404 4951 479 5012 ὡς
516 4949 674 5013 ἄλσος
704 4950 926 5022 δρυμοῦ.
949 4970 969 5004 ι
1021 4951 1142 5017 ’0ξὺ
1173 4950 1229 5003 δὲ
1272 4951 1352 5004 ὅτι
1390 4949 1450 5003 τὸ
1482 4949 1576 5003 τοῦ
1617 4949 1752 5003 Θεοῦ
1809 4949 1980 5020 κρίμα

409 5043 547 5096 κατά
591 5043 787 5106 παντὸς
815 5042 1034 5115 ἔρχεται
1079 5042 1170 5096 τοῦ
1201 5042 1541 5113 πλημμελεῖν
1585 5042 1836 5104 εἰωθότος
1878 5057 1983 5110 φα-

409 5134 562 5204 νερὸν
590 5134 776 5197 αὐτοῖς
802 5136 973 5188 ἐποίει
993 5135 1165 5202 λέγων
1191 5138 1286 5189 καὶ
1314 5138 1342 5188 ὁ
1375 5135 1656 5196 θεσπέσιος
1697 5135 1945 5204 Ἰωάννης
1965 5147 1977 5162 ·

414 5245 432 5277 ι
461 5227 756 5298 Γεννήματ’
785 5227 1026 5297 ἐχιδνῶν,
1052 5227 1134 5289 τίς
1171 5226 1446 5290 ὑπέδειξεν
1474 5227 1601 5294 ὑμῖν
1653 5228 1845 5293 φυγεῖν
1873 5226 1979 5278 ἀπὸ

408 5318 506 5387 τῆς
540 5317 836 5389 μελλούσης
861 5319 1062 5388 ὀργῆς;
1097 5319 1365 5388 Ποιήσατε
1395 5311 1486 5369 οὖν
1518 5314 1764 5386 καρποὺς
1795 5313 1979 5378 ἀξίους

408 5408 507 5475 τῆς
536 5407 842 5476 μετανοίας,
882 5407 975 5459 καὶ
1011 5406 1083 5476 μὴ
1115 5406 1300 5476 δόξητε
1327 5405 1503 5474 λέγειν
1531 5406 1588 5456 ἐν
1621 5405 1855 5469 ἑαυτοῖς,
1893 5404 1971 5456 ὅτι

409 5498 625 5571 Πατέρα
656 5497 850 5570 ἔχομεν
874 5498 966 5551 τὸν
999 5497 1278 5568 Ἀϐραάμ·
1303 5498 1448 5564 λέγω
1475 5496 1584 5566 γὰρ
1613 5497 1742 5566 ὑμῖν
1775 5496 1856 5549 ὅτι
1885 5495 1975 5548 δύ-

409 5605 561 5640 ναται
585 5589 614 5640 ὁ
644 5587 773 5651 Θεὸς
805 5590 866 5641 ἐκ
896 5588 1004 5641 τῶν
1038 5587 1198 5640 λίθων
1237 5587 1438 5641 τούτων
1466 5589 1674 5656 ἐγεῖραι
1708 5586 1870 5640 τέκνα
1898 5587 1976 5657 τῷ

424 5679 689 5753 Ἁϐραάμ.
725 5682 862 5754 Ἤδη
895 5682 950 5736 δέ
978 5685 1011 5753 ή
1046 5681 1199 5752 ἀξίνη
1244 5681 1379 5753 πρὸς
1405 5680 1500 5752 τὴν
1541 5679 1694 5752 ῥίζαν
1722 5680 1828 5734 τῶν
1863 5679 1975 5734 δέν-

479 5861 520 5893 vt
581 5858 776 5917 Jcrem.
811 5833 919 5915 vu-
977 5862 1004 5915 τι
1083 5860 1162 5914 tt.
1239 5862 1282 5892 ει
1326 5858 1591 5922 Μίςιιηιι,
1637 5857 1716 5924 tl,
1762 5857 1845 5913 ιε.

2074 4579 2194 4634 est?
2215 4578 2328 4633 Non
2353 4577 2570 4632 venient
2599 4577 2652 4631 in
2684 4591 2781 4631 nos
2803 4573 2964 4628 mala.
2991 4573 3110 4628 Ideo
3153 4582 3368 4642 propter
3394 4586 3488 4627 vos
3514 4571 3644 4626 Sion

2074 4680 2134 4728 ut
2155 4686 2280 4742 ager
2297 4671 2560 4736 arabitur,
2599 4677 2653 4724 et
2679 4667 2974 4724 Jerusalem
3002 4676 3060 4721 ut
3093 4680 3368 4735 pomorum
3398 4665 3646 4719 custodia

2075 4765 2200 4830 erit,
2222 4772 2275 4818 et
2299 4777 2452 4819 mons
2473 4763 2662 4818 domus
2694 4760 2928 4824 Domini,
2961 4761 3115 4828 quasi
3147 4761 3314 4814 saltus
3340 4757 3488 4811 silva:
3515 4756 3586 4809 ".
3619 4772 3638 4806 ι

2075 4855 2227 4922 Quod
2246 4862 2421 4908 autem
2435 4853 2700 4924 judicium
2739 4852 2829 4907 Dei
2855 4865 2978 4905 acre
3001 4861 3188 4906 contra
3227 4862 3438 4904 omnem
3474 4845 3644 4903 delin-

2077 4957 2330 5017 quentem
2359 4947 2555 5009 veniat,
2588 4944 2926 5014 perspicuum
2965 4942 3092 4997 fecit
3141 4941 3245 4996 illis
3287 4939 3450 4994 etiam
3505 4939 3645 4994 divi-

2079 5055 2178 5092 nus
2207 5037 2446 5107 Baptista
2494 5036 2753 5101 Joannes,
2785 5035 3031 5104 inquiens
3060 5052 3074 5088 :
3116 5050 3134 5084 ι
3164 5031 3456 5102 Progenies
3489 5030 3642 5098 vipe-

2078 5145 2291 5192 rarum,
2349 5130 2470 5196 qnis
2500 5128 2921 5183 submonstravit
2941 5126 3090 5180 vobis
3121 5135 3178 5179 ut
3221 5123 3478 5194 fugeretis
3501 5139 3530 5175 a
3563 5123 3645 5176 fu-

2080 5228 2195 5274 tura
2223 5220 2340 5275 ira?
2371 5219 2554 5274 Facite
2584 5221 2748 5287 igitur
2776 5216 2980 5272 fructus
3020 5215 3208 5285 dignos
3254 5213 3640 5282 resipiscentia,

2076 5323 2132 5367 et
2183 5328 2249 5368 ne
2283 5322 2469 5381 putate
2505 5311 2791 5366 dicendum
2836 5312 2975 5379 apud
3040 5324 3134 5365 vos
3204 5308 3366 5376 ipsos,
3426 5305 3643 5362 Patrem

2076 5405 2333 5460 habemus
2359 5404 2629 5459 Abraham
2671 5420 2686 5459 :
2729 5404 2846 5458 dico
2879 5403 3024 5456 enim
3077 5399 3250 5464 vobis,
3274 5412 3432 5469 posse
3474 5398 3640 5452 Deum

2077 5510 2143 5550 ex
2171 5495 2438 5565 lapidibus
2460 5494 2576 5549 istis
2597 5493 2838 5548 excitare
2868 5490 3008 5547 ﬁlios
3050 5490 3343 5546 Abraham.
3373 5487 3488 5543 Jam
3513 5503 3642 5544 vero

2079 5586 2284 5641 securis
2315 5587 2378 5641 ad
2403 5586 2634 5641 radicem
2686 5586 2938 5642 arborum
2968 5583 3141 5655 posita
3175 5592 3258 5639 est
3284 5602 3297 5637 :
3325 5581 3501 5638 omnis
3541 5580 3640 5650 igi-

2083 5689 2168 5735 tur
2189 5680 2349 5735 arbor
2381 5695 2502 5751 qua:
2528 5694 2630 5736 non
2670 5679 2774 5736 fert
2799 5679 3028 5736 fructum
3057 5678 3279 5747 bonum,
3310 5673 3642 5734 exscinditur
