4148 6378
498 426 610 483 5θὸ

1515 414 1570 468 S.
1611 412 1891 468 CYRILLI
1927 408 2401 466 ALEXANDRINI
2438 407 2757 464 ARCHIEP.

3637 402 3738 458 504

495 557 551 602 et
580 547 634 600 in
675 544 850 612 ignem
881 539 1113 595 mittitur
1138 538 1205 592 ”.
1231 557 1249 588 ι
1280 535 1511 592 Proinde
1539 551 1660 590 cum
1688 533 1850 590 Israel
1910 530 2067 586 etfre-

2187 531 2308 599 ῑρων
2358 530 2570 581 κεῖταιο
2614 528 2721 579 πᾶν
2772 541 2864 579 ουν
2908 523 3124 594 δένδρον
3163 521 3238 592 μὴ
3290 518 3476 572 ποιοῦν
3533 519 3739 589 καρπὸν

499 650 624 694 ata
664 634 888 690 libidine
915 634 982 686 ad
1025 631 1356 700 peccandum
1382 628 1930 698 propenderet,et,ut
1953 623 2064 690 jam

497 726 634 789 dixi,
676 721 1060 780 commentitiis
1097 718 1360 775 idolorum
1389 716 1622 772 cultibus
1653 716 2064 777 adhazresceret,

499 818 733 873 futuram
761 812 1252 883 Hierosolymorum
1300 824 1460 864 cursu
1497 817 1798 876 temporum
1843 803 2066 875 captivi—

500 920 662 964 tatem
716 904 1097 977 praesignificat
1165 905 1305 959 Deus
1352 916 1450 971 per
1491 902 1827 971 praphetam,
1869 909 1924 952 et
1993 897 2068 951 in-

497 1000 615 1070 quit
654 1019 666 1054 :

569 1181 700 1236 CAP.
739 1178 901 1233 XXII.
932 1177 1090 1232 Vens.
1121 1176 1173 1240 1,
1200 1175 1254 1229 2.
1285 1173 1425 1241 Quid
1454 1173 1650 1243 factum
1678 1179 1754 1226 est
1787 1171 1903 1233 tibi,
1930 1169 2071 1239 quod-

500 1290 636 1326 mmc
656 1272 961 1325 ascendistis
992 1284 1165 1322 omnes
1203 1277 1335 1321 tecta
1367 1282 1500 1320 vana
1527 1266 1553 1319 1
1579 1263 1744 1317 Plena
1772 1275 1846 1316 est
1885 1264 2069 1316 civitas

500 1363 847 1417 clamantibus
873 1377 891 1414 :
915 1361 1170 1414 vulnerati
1195 1359 1294 1423 tui,
1321 1373 1423 1411 non
1448 1356 1704 1411 vulnerati
1751 1355 1947 1425 gladio,
1977 1369 2068 1406 nec

500 1454 692 1507 mortui
733 1455 830 1516 tui,
862 1451 1056 1506 mortui
1081 1449 1233 1504 bello.

572 1546 795 1601 Videtur
827 1546 914 1600 hic
953 1544 1378 1598 devastationem
1424 1541 1753 1608 temporibus
1800 1538 2070 1595 Jechoniae

501 1637 878 1692 demonstrare
929 1655 946 1692 ι
1001 1635 1346 1706 graviterque
1407 1632 1680 1688 lsraelitas
1734 1629 2068 1701 perstringit,

502 1739 686 1796 utpote
717 1727 807 1797 qui
840 1728 894 1782 in
947 1727 1082 1796 ipsis
1104 1727 1214 1796 jam
1247 1725 1424 1789 malis,
1458 1733 1513 1778 et
1567 1725 1620 1776 in
1679 1719 2070 1792 nrgentissimis

502 1821 944 1890 gravissimisque
973 1820 1388 1883 calamitatibus,
1419 1817 1558 1887 quod
1583 1833 1647 1871 ex
1699 1832 1757 1871 re
1776 1825 1880 1880 est,
1903 1815 2069 1884 quod-

2169 619 2330 675 καλὸν
2372 619 2694 672 ἐκκόπτεται
2723 618 2818 671 καὶ
2842 618 2920 679 είς
2954 613 3063 686 πῦρ
3099 613 3372 683 βάλλεται.
3403 631 3421 661 ι
3463 611 3736 679 Ἀχάλινον

2165 710 2346 763 τοίνυν
2389 707 2603 778 ἔχοντος
2642 705 2856 778 Ἰσραὴλ
2899 705 2992 756 ἐπὶ
3040 702 3102 756 τὸ
3152 704 3350 772 χρῆναι
3401 697 3739 768 πλημμελεῖν

2167 801 2264 872 τὴν
2293 800 2552 862 ἐπίδοσιν,
2580 796 2977 870 προσκειμένου
3001 812 3060 848 τε
3087 793 3337 863 καθάπερ
3363 790 3496 860 ἔφην
3516 790 3736 860 ἀρτίως,

2165 897 2285 956 ταῖς
2309 893 2419 946 τῶν
2459 891 2692 946 εἰδώλων
2715 887 3180 960 ψευδολατρείαις,
3209 885 3305 955 τὴν
3334 884 3597 954 ἐσομένην
3631 881 3738 934 τῶν

2177 982 2564 1055 Ἱεροσολύμων
2613 981 2751 1034 κατὰ
2811 981 3034 1050 καιροὺς
3099 978 3297 1031 ἅλωσιν
3349 973 3738 1047 προαναφαίνει

2168 1075 2299 1136 Θεὸς
2322 1073 2408 1126 διὰ
2429 1071 2520 1125 τοῦ
2557 1073 2857 1142 προφήτου,
2885 1069 2977 1124 καί
3007 1086 3173 1139 φησιν
3199 1084 3212 1098 ο

2247 1167 2306 1219 Τί
2336 1164 2572 1234 ἐγένετό
2599 1180 2696 1216 σοι
2725 1163 2862 1226 νῦν,
2900 1160 2988 1213 ὅτι
3007 1159 3254 1225 ἀνέϐητε
3275 1155 3494 1221 πάντες
3523 1156 3609 1220 είς
3633 1152 3740 1206 δώ-

2164 1274 2323 1326 ματα
2353 1254 2606 1324 μάταια;
2644 1251 3014 1318 Ἐνεπλήσθη
3054 1251 3092 1316 ή
3133 1253 3307 1315 πόλις
3335 1247 3645 1312 βοώντων·
3687 1247 3742 1298 oi

2169 1347 2518 1417 τραυματίαι
2540 1362 2678 1410 σου,
2707 1347 2778 1399 οὺ
2811 1342 3159 1412 τραυματίαι
3181 1341 3497 1411 μαχαίρας,
3523 1337 3663 1392 οὐδὲ
3687 1338 3739 1390 οί

2169 1440 2369 1509 νεκροί
2391 1455 2529 1505 σου,
2557 1437 2755 1505 νεκροί
2779 1435 3066 1504 πολέμου.

2242 1533 2428 1585 Ἔοικε
2460 1532 2558 1602 μὲν
2585 1525 2680 1585 οῦν
2697 1529 2796 1600 τὴν
2835 1529 2893 1581 ἐν
2928 1527 3138 1597 καιροῖς
3167 1523 3409 1593 Ἰεχονίου
3433 1521 3628 1593 δῄωσιν
3659 1521 3744 1591 ἐντ

2171 1625 2296 1679 θάδε
2336 1621 2529 1694 δηλοῦν
2553 1639 2568 1652 ·
2609 1621 2847 1675 αίτιᾶσαι
2898 1619 2955 1672 δὲ
2993 1618 3112 1670 λίαν
3151 1616 3276 1679 τοῦς
3317 1613 3376 1680 ἐξ
3413 1611 3644 1684 Ἰσραὴλ,
3669 1613 3743 1673 ὡς

2173 1718 2307 1790 μηδὲ⁹
2336 1719 2394 1770 ἐν
2417 1716 2601 1778 αὐτοῖς
2637 1715 2750 1776 τοῖς
2774 1713 2985 1774 κακοῖς,
3007 1711 3102 1764 καὶ
3131 1708 3302 1770 οὕτως
3345 1707 3482 1774 άγαν
3513 1706 3742 1774 ἀκμαιο-

2171 1812 2360 1872 τάταις
2405 1808 2712 1876 συμφοραῖς
2747 1801 3047 1874 κατορθοῦν
3095 1801 3303 1862 εἰδότας
3343 1796 3404 1850 τὸ
3433 1794 3619 1849 τελοῦν
3666 1797 3746 1857 είς

504 1927 607 1981 que
635 1911 1066 1967 benevolentiam
1111 1926 1142 1966 e
1188 1900 1449 1978 supernis
1503 1909 1840 1972 conciliaret,
1893 1907 2072 1961 facere

2187 1902 2381 1971 Sv-go'w,
2411 1872 2504 1953 καλ
2531 1872 2666 1967 δπερ
2698 1872 2921 1964 ἔμελλεν
2943 1895 3124 1956 αὐτοῖς
3167 1891 3451 1962 εὐμενείας
3477 1890 3574 1959 τῆς
3601 1886 3744 1941 ἄνωη

505 2013 843 2060 rccusarunt.
864 2002 998 2058 Nam
1027 2002 1157 2057 ﬂere
1182 2011 1236 2058 et
1259 2002 1467 2070 plorare
1489 2001 1744 2071 oportuit,
1775 2009 1828 2054 et
1881 2001 1933 2054 in
1985 2000 2076 2054 do-

505 2111 650 2150 mum
671 2095 762 2152 Dei
787 2095 1100 2158 ascendere,
1125 2108 1180 2150 et
1201 2095 1572 2164 paenitentiam
1610 2094 1908 2156 edicere,et
1935 2091 2074 2146 obli-

506 2186 715 2243 vionem
742 2201 928 2242 eorum
955 2201 1072 2254 quae
1102 2184 1415 2240 debacchati
1447 2193 1573 2239 sunt
1597 2197 1838 2252 poscere,
1869 2198 1932 2237 ac
1959 2198 2075 2236 ma-

507 2291 634 2332 num
691 2276 1070 2332 subsidiariam
1118 2275 1186 2329 ab
1238 2290 1303 2330 eo
1369 2274 1484 2330 solo
1545 2284 1747 2344 petere.
1805 2272 1916 2327 Hoc
1959 2271 2076 2327 illos

507 2364 736 2420 docebat
758 2365 957 2436 .dicens
984 2365 1123 2435 apud
1157 2365 1472 2434 prophetam
1513 2364 1798 2434 quemdam
1831 2371 2076 2416 sanctum

507 2456 767 2525 scriptum
815 2470 976 2512 esse:
1031 2475 1049 2509 ι
1084 2456 1467 2510 Circumcincti
1494 2464 1668 2511 estote
1717 2464 1773 2508 et
1817 2453 2075 2524 plangite,

507 2545 848 2613 sacerdotes;
870 2543 1016 2614 ﬂete,
1037 2561 1134 2602 vos
1164 2545 1255 2616 qui
1280 2546 1601 2601 ministratis
1630 2545 1816 2610 altari;
1845 2544 2079 2616 ingredi-

508 2639 665 2704 mini,
717 2639 950 2695 dormite
985 2639 1037 2693 in
1073 2640 1270 2706 saccis,
1302 2639 1396 2709 qui
1445 2639 1765 2693 ministratis
1796 2638 1924 2704 Deo,
1953 2637 2078 2707 quia

511 2727 706 2783 defecit
749 2742 814 2782 ex
843 2729 1003 2783 domo
1028 2728 1122 2782 Dei
1173 2728 1340 2783 vestri
1371 2729 1700 2786 sacriﬁcium
1750 2734 1804 2781 et
1856 2726 2077 2792 libatio;

2175 1994 2264 2048 θεν
2295 1991 2511 2045 έσεσθαι
2531 1988 2811 2060 πρόξενον.
2838 1987 2985 2040 Ἔδει
3002 1984 3111 2055 γὰρ
3139 1983 3417 2045 κλαίοντάς
3431 1997 3490 2034 τε
3519 1980 3613 2034 καὶ
3631 1978 3746 2031 610,-

2175 2084 2513 2154 φυρομένους
2545 2079 2857 2136 ἀναϐαίνειν
2897 2078 2994 2149 μὲν
3036 2078 3115 2140 είς
3153 2077 3243 2128 τὸν
3286 2071 3431 2128 οἷκον
3460 2071 3553 2125 τοῦ
3587 2069 3744 2136 Θεοῦ,

2175 2170 2605 2242 ἐπαγγέλλεσθαι
2647 2170 2703 2223 δὲ
2753 2169 2851 2240 τὴν
2887 2166 3249 2238 μετάγνωσιν,
3301 2163 3392 2217 καὶ
3415 2163 3513 2233 τῆς
3555 2160 3636 2229 ἐφ’
3666 2154 3748 2222 οἷς

2175 2264 2640 2335 πεπαρῳνήκασιν
2689 2257 3092 2330 ἁναμνηστείαν
3132 2257 3325 2319 αίτεῖν,
3371 2255 3462 2307 καὶ
3484 2251 3579 2322 τὴν
3617 2251 3747 2322 παρ’

2175 2356 2339 2411 αὐτοῦ
2377 2355 2471 2410 καὶ
2502 2354 2664 2426 μόνου
2707 2350 2890 2422 ζητεῖν
2923 2350 3214 2419 ἐπίκουρον
3238 2350 3416 2418 χεῖρα.
3460 2345 3569 2398 Καὶ
3593 2342 3751 2396 τοῦτο

2177 2449 2336 2512 αὐτὸς
2371 2444 2576 2510 ἐδίδαξε
2615 2443 2788 2511 λέγων
2821 2441 2886 2494 δι’
2926 2441 3045 2504 ἐνὸς
3077 2439 3188 2492 τῶν
3215 2436 3385 2505 ἁγίων
3422 2431 3710 2506 προφητῶν
3731 2448 3751 2464 '-

2184 2562 2202 2594 ι
2227 2537 2614 2613 Περιζώσασθε
2649 2536 2743 2589 καὶ
2767 2531 3056 2597 κόπτεσθε,
3083 2532 3132 2584 οί
3172 2531 3356 2601 ίερείς,
3391 2528 3658 2597 θρηνεῖτε,
3689 2525 3740 2576 οἱ

2177 2631 2613 2704 λειτουργοῦντες
2643 2625 3033 2696 θυσιαστηρίῳ,
3055 2623 3348 2684 είσέλθετε,
3379 2616 3661 2672 ύπνώσατε
3694 2617 3759 2669 ἐν.

2182 2727 2426 2791 σάκκοις,
2450 2723 2499 2776 οἱ
2523 2717 2959 2790 λειτουργοῦντες
2988 2715 3126 2786 Θεῷ,
3153 2715 3231 2768 ὅτι
3256 2713 3490 2783 ἀπέσχεν
3516 2707 3576 2774 ἐξ
3604 2709 3756 2762 οἴκου

511 2818 842 2874 sanctiﬁcate
867 2817 1153 2890 jejunium,
1185 2819 1471 2887 praedicate
1518 2818 1740 2883 cultum,
1791 2827 2082 2874 convocate

2187 2819 2334 2891 ὑμῶν
2372 2817 2532 2872 θυσία
2570 2815 2664 2867 καὶ
2695 2811 2892 2881 σπονδή
2917 2826 2932 2842 ο
2969 2811 3234 2879 ἁγιάσατε
3273 2805 3548 2877 νηστείαν,
3582 2802 3754 2873 κηρύ-

511 2911 958 2966 senioresomnes
984 2910 1349 2964 inhabitantes
1376 2921 1574 2964 terram
1624 2909 1677 2964 in
1727 2911 1941 2964 domum
1989 2909 2079 2964 Dei

2187 2914 2308 2979 ξατε
2347 2909 2674 2983 θεραπείαν,
2717 2905 3051 2972 συναγάγετε
3102 2897 3503 2972 πρεσϐυτέρους
3548 2895 3756 2955 πάντας

512 3001 700 3063 vestri,
726 3000 954 3056 clamate
979 3001 1046 3055 ad
1074 3001 1356 3055 Dominum
1380 3000 1581 3071 jugiter
1613 3017 1630 3055 :
1661 2999 1799 3064 lien,
1833 3001 1960 3064 heu,
1987 3015 2084 3070 per

2187 3002 2566 3064 κατοικοῦντας
2598 3000 2700 3067 γῆς
2742 2999 2822 3059 είς
2858 2993 3006 3048 οἷκον
3041 2992 3175 3045 Θεοῦ
3211 2989 3386 3062 ὑμῶν,
3423 2989 3518 3042 καὶ
3551 2985 3755 3054 κεκρά-

515 3091 657 3147 diem
687 3091 754 3146 ".
787 3111 808 3145 ι
836 3091 1001 3164 316
1028 3090 1153 3146 Haec
1174 3093 1337 3162 igitur
1385 3093 1576 3148 fecisse
1600 3094 1856 3162 oportuit,
1874 3102 1928 3148 et
1957 3109 2080 3148 con-

2187 3095 2307 3160 ξατε
2327 3094 2461 3165 πρὸς
2479 3091 2680 3162 Κύριον
2705 3087 2959 3148 ἐκτενῶς,
2979 3083 3160 3155 Οίμοι,
3193 3083 3360 3153 οἴμοι,
3384 3083 3461 3144 εἰς
3479 3078 3706 3151 ἡμέραν.
3734 3095 3760 3127 ι

515 3185 738 3239 citatum
779 3185 870 3253 qui
899 3200 1119 3238 servare
1140 3195 1337 3253 potest,
1375 3186 1638 3241 emollire.
1663 3185 1928 3240 Caeterum
1956 3185 2081 3240 elati

2188 3187 2374 3241 Ταῦτα
2400 3186 2462 3255 δὴ
2509 3181 2603 3238 οῦν
2651 3182 2757 3236 ἔδει
2803 3180 3044 3250 δρῶντας
3089 3177 3284 3239 αὐτοὺς
3323 3169 3767 3244 ἐκμειλίσσεσθαι,

2362 3280 2380 3282 μ
2521 3277 2531 3282 -
2703 3275 2714 3282 .
2805 3274 2828 3282 μ
2944 3271 2956 3282 ι
2979 3272 3004 3282 ι.
3113 3272 3125 3282 .
3215 3267 3226 3280 ο
3423 3265 3481 3282 n!
3516 3263 3563 3282 εει
3607 3259 3754 3282 ____._\

516 3277 748 3333 forsitan
771 3285 826 3332 et
847 3278 1044 3346 turgidi
1072 3276 1293 3341 fiducia,
1317 3277 1433 3331 haec
1463 3278 1659 3333 debere
1711 3294 1770 3332 se
1820 3279 1996 3334 facere
2023 3296 2087 3335 ne

519 3365 822 3433 cogitarunt
846 3365 1082 3435 quidem,
1119 3374 1175 3421 et
1206 3376 1390 3421 contra
1422 3369 1559 3423 ritus
1581 3373 1783 3437 patrios
1815 3381 1868 3422 et
1895 3385 2086 3424 verna-

2190 3277 2625 3351 παρωξυμμένοι)
2668 3275 2758 3328 τὸν
2801 3271 3086 3336 διασώζειν
3113 3267 3380 3339 ἰσχύοντα.
3423 3263 3568 3316 Οἱδέ
3603 3259 3760 3313 ταυτὶ

519 3457 693 3523 culos,
718 3459 782 3512 ad
805 3458 1015 3514 excelsa
1061 3459 1356 3514 redierunt.
1383 3458 1550 3512 Erant
1582 3466 1758 3515 autem
1794 3459 1968 3514 luctus
1991 3477 2090 3514 un-

524 3553 707 3622 dique,
736 3561 790 3608 et
809 3551 1040 3608 lamenta
1089 3551 1411 3606 feminarum
1441 3561 1498 3606 et
1525 3551 1840 3616 liberorum,
1874 3552 2012 3607 fame
2038 3561 2093 3607 et

525 3645 616 3700 siti
669 3643 1056 3700 confectorum.
1107 3644 1242 3700 Nam
1287 3645 1508 3700 urbibus
1552 3644 1830 3698 obsidione
1877 3645 2089 3709 cinctis,

525 3735 645 3790 haec
675 3735 965 3790 nsuvenire
1012 3749 1295 3790 necessum
1349 3743 1450 3789 est.
1505 3734 1643 3789 Hinc
1686 3735 1903 3804 inquit:
1953 3736 2092 3801 Quid

527 3826 727 3880 factum
760 3835 842 3879 est
871 3825 986 3888 tibi,
1011 3825 1151 3892 quod
1195 3839 1338 3878 nunc
1371 3826 1690 3880 ascendistis
1722 3839 1912 3878 omnes
1954 3835 2092 3880 tecta

526 3917 702 3971 vana?
737 3916 917 3981 Quare
953 3917 1120 3981 enim,
1157 3917 1349 3986 inquit,
1374 3916 1426 3970 in
1455 3916 1540 3971 his
1565 3917 1702 3970 adeo
1735 3917 2092 3972 intolerandis

528 4009 850 4071 terrori-bus,
869 4023 990 4061 cum
1021 4008 1084 4060 de
1111 4022 1318 4063 summa
1346 4023 1524 4063 rerum
1559 4021 1832 4072 sermones
1859 4019 1913 4062 et
1935 4023 2094 4063 omne

528 4111 805 4158 certamen
839 4099 986 4154 vobis
1039 4110 1144 4163 est,
1184 4116 1289 4154 non
1319 4100 1590 4155 clamastis
1637 4101 1702 4153 ad
1755 4101 1921 4155 Deum
1956 4115 1969 4152 :
2002 4100 2094 4155 sed

529 4193 593 4248 in.
617 4192 873 4247 aediculas
902 4193 1193 4255 assiliistis,
1227 4193 1325 4248 etsi
1361 4209 1448 4248 res
1480 4207 1543 4247 ea
1581 4192 1710 4246 nihil
1747 4193 1896 4247 vobis
1944 4207 2094 4247 emo-

528 4285 751 4342 lumenti
784 4283 1009 4347 afferat?
1039 4285 1322 4354 Pr0pterea
1356 4285 1519 4339 etiam
1553 4300 1687 4338 vana
1743 4294 1879 4337 tecta
1917 4294 2093 4338 vocat.

529 4374 639 4430 Cur
671 4375 832 4429 etiam
888 4374 1110 4443 impleta
1168 4382 1252 4428 est
1301 4374 1494 4428 civitas
1539 4375 1940 4428 clamantibus?
1985 4390 2093 4429 non

2193 3375 2290 3444 μὲν
2317 3374 2396 3426 ὅτι
2427 3371 2695 3441 προσήκει
2733 3367 2886 3438 δρᾷν,
2919 3364 3038 3417 οῦδέ
3076 3363 3156 3425 εἰς
3181 3360 3304 3414 νοῦν
3323 3361 3461 3428 τάχα
3485 3373 3584 3409 που
3619 3353 3758 3420 πλη-

2195 3464 2409 3537 ροῦντες
2441 3462 2705 3531 ἐδέχοντο,
2728 3457 3023 3525 ἀνεφοίτων
3050 3455 3107 3506 δὲ
3153 3455 3232 3516 εἰς
3263 3452 3330 3505 τὰ
3357 3449 3610 3503 ἀνώτατα
3652 3444 3760 3497 τῶν

2190 3532 2426 3616 οἰκειῶν,
2465 3553 2560 3604 καὶ
2603 3548 2805 3616 κόμμοι
2847 3544 2943 3615 μὲν
2991 3538 3128 3612 ἦσαν
3162 3538 3457 3609 πανταχοῦ,
3489 3536 3673 3605 θρῆνοι
3705 3532 3760 3584 δὲ

2193 3646 2415 3710 παίδων,
2436 3642 2579 3712 λιμῷ
2600 3643 2736 3710 τάχα
2755 3655 2854 3690 που
2876 3636 2970 3688 καὶ
2987 3633 3126 3700 δίψει
3149 3629 3568 3700 δαπανωμένων.
3589 3623 3764 3678 Ταυτὶ

2192 3740 2300 3810 γάρ
2331 3735 2650 3805 συμϐαίνειν
2673 3731 2887 3799 ἀνάγκη
2915 3729 3035 3790 ταῖς
3065 3724 3174 3778 τῶν
3205 3724 3410 3776 πόλεων
3450 3719 3765 3788 πολιορκου-

2197 3832 2402 3900 μέναις.
2434 3824 2701 3896 Ταύτῃτοί
2729 3840 2890 3892 φησι’
2914 3821 2977 3872 Τί
3024 3815 3237 3886 ἐγένετό
3264 3831 3345 3867 σοι
3378 3812 3472 3865 νῦν
3497 3852 3511 3875 ,
3565 3811 3646 3864 ὅτι
3670 3811 3768 3862 ἁνη

2194 3923 2354 3994 έϐητε
2381 3920 2581 3982 πάντες
2613 3919 2692 3980 είς
2719 3917 2944 3986 δώματα
2979 3912 3179 3983 μάταια
3200 3927 3214 3974 ;
3234 3907 3330 3960 Διὰ
3366 3905 3418 3957 τί
3459 3904 3587 3975 γὰρ,
3611 3902 3763 3994 φησι,

2195 4013 2290 4068 καὶ
2320 4015 2376 4066 ἐν
2413 4012 2525 4073 τοῖς
2554 4008 2724 4070 οὕτως
2767 4006 3063 4076 άφορήτοις
3107 4001 3346 4070 δείμασι,
3387 3997 3480 4050 καὶ
3513 3997 3592 4048 δτι
3640 3993 3767 4062 περὶ

2194 4104 2300 4157 τῶν
2331 4100 2573 4170 ἐσχάτων
2599 4099 2726 4168 ὑμῖν
2754 4097 2804 4149 οἱ
2834 4096 3002 4162 λόγοι,
3028 4091 3122 4146 καὶ
3141 4093 3167 4144 6
3198 4089 3418 4158 σύμπας
3447 4084 3616 4154 ἀγὼν,
3647 4083 3769 4152 οὐχὶ

2195 4196 2259 4266 δὴ
2289 4193 2594 4264 κεκράγατε
2627 4189 2763 4260 πρὸς
2781 4187 2933 4251 Θεὸν,
2967 4182 3342 4252 ἀνεπηδήσατε
3373 4179 3430 4232 δέ
3455 4177 3653 4248 μᾶλλον
3689 4177 3766 4238 εἰς

2194 4288 2436 4356 δώματα,
2452 4283 2627 4337 καίτοι
2642 4279 2734 4334 τοῦ
2755 4279 3073 4350 πράγματος
3093 4274 3235 4344 ὑμᾶς
3248 4269 3577 4340 ὠφελοῦντος
3591 4266 3764 4331 οὐδένς

2195 4380 2294 4433 Διὰ
2317 4377 2474 4431 τοῦτο
2499 4373 2606 4444 γὰρ
2635 4373 2729 4426 καὶ
2767 4370 2970 4441 μάταια
3011 4365 3237 4436 δώματά
3264 4380 3417 4434 φησι.
3470 4360 3566 4414 Διὰ
3596 4358 3648 4410 τί
3677 4357 3771 4412 καὶ

533 4482 666 4522 sane
723 4465 788 4520 ad
837 4465 1028 4529 Deum,
1055 4466 1147 4520 sed
1190 4466 1390 4520 frustra
1416 4465 1853 4529 vociferantibus,
1887 4475 1941 4520 et
1972 4481 2086 4520 cum

2197 4468 2498 4540 ἐνεπλήσθη
2525 4469 2559 4538 ὴ
2601 4465 2754 4526 πόλις
2800 4461 3084 4532 βοώντωνς
3135 4458 3254 4526 οὐχὶ
3291 4455 3354 4525 δὴ
3388 4453 3586 4525 μᾶλλον
3633 4448 3767 4520 πρὸς

531 4566 752 4614 tantum.
795 4573 897 4612 non
948 4558 1001 4612 in
1047 4558 1254 4612 furibus
1297 4567 1480 4612 essent
1508 4558 1667 4622 mala,
1711 4558 1852 4612 haud
1888 4559 2086 4614 modice

2199 4565 2354 4626 Θεὸν,
2386 4561 2500 4615 ἀλλ’
2540 4558 2664 4628 είκῆ
2695 4553 3062 4626 κεκραγότων,
3082 4551 3176 4608 καὶ
3204 4545 3482 4620 μονονουχὶ
3499 4546 3611 4606 τοῖς
3639 4542 3767 4594 είσω

531 4650 1009 4711 indolescentibus.
1055 4648 1350 4717 Oportebat
1406 4649 1586 4704 ﬂetum
1626 4665 1746 4705 esse
1786 4651 1854 4705 ad
1910 4652 2086 4720 resipi-

2205 4653 2384 4723 θυρῶν
2416 4649 2662 4719 γεγονόσι
2704 4647 2892 4706 κακοῖς
2933 4643 2992 4695 ού
3035 4640 3268 4712 μετρίως
3302 4633 3762 4704 ἐπασχαλλόντων.

531 4743 818 4805 scentiam,
867 4740 1148 4809 oportebat
1207 4740 1476 4811 lacrymas
1529 4742 1729 4796 elTundi
1789 4744 1856 4797 ad
1904 4743 2096 4800 Deum.

531 4832 692 4897 Ecce,
764 4832 958 4902 inquit,
1039 4831 1350 4901 priusquam
1458 4833 1801 4901 susciperetis
1875 4835 2096 4905 bellum,

532 4925 848 4995 priusquam
914 4922 1226 4992 arriperetis
1284 4922 1549 4990 gladium,
1612 4923 1918 4993 priusquam
2003 4944 2103 4996 op-

535 5015 913 5086 pugnationem
989 5012 1337 5077 moliremini,

507 5107 827 5187 Edaveribtts
883 5105 1101 5169 civitas.
1153 5104 1295 5161 Utile
1347 5105 1510 5173 igitur
1604 5112 1661 5159 et
1746 5106 1812 5159 ad
1881 5108 2104 5164 salutem

542 5199 908 5256 necessarium
960 5209 1068 5262 est,
1106 5205 1164 5251 ut
1193 5213 1258 5252 ex
1293 5197 1486 5265 quibus
1539 5196 1709 5254 Deum
1762 5197 2112 5255 Servatorem.

539 5290 828 5347 conciliare
857 5289 979 5358 quis
1042 5289 1231 5357 possit,
1264 5304 1329 5343 ea
1385 5288 1485 5342 rite
1528 5299 1763 5358 praestet,
1795 5290 2005 5345 etiamsi
2049 5293 2099 5344 in

541 5377 903 5435 acerbissimis
934 5377 1332 5432 calamitatibus
1384 5389 1650 5434 versetur.
1702 5376 1890 5432 Psallit
1927 5380 2116 5449 itaque.

541 5476 597 5524 et
624 5469 699 5523 ait
725 5468 913 5523 beatus
943 5468 1145 5523 David:
1189 5487 1216 5523 ι.
1246 5468 1467 5522 Domine
1498 5467 1639 5523 Deus
1669 5469 1950 5537 virtutum,
1975 5470 2106 5526 bea-

546 5567 633 5613 tus
655 5559 815 5614 homo
848 5558 936 5625 qui
970 5566 1150 5624 sperat
1181 5559 1233 5611 in
1267 5567 1317 5612 te
1349 5559 1418 5610 ⁹⁵.
1449 5577 1467 5609 ι
1499 5556 1787 5612 Sciendum
1814 5573 1973 5627 porro
2007 5576 2106 5613 no-

546 5649 755 5708 minare
772 5664 897 5705 eum
923 5650 1112 5706 vallem
1147 5650 1298 5718 Sion,
1315 5650 1634 5708 Jerusalem.
1661 5651 1757 5709 Est
1782 5654 1925 5709 enim
1953 5671 2108 5712 mons

1417 5013 1572 5082 plena
1660 5012 1798 5068 facta
1849 5018 1967 5083 {est
2018 5034 2107 5076 ca-

2208 4745 2354 4798 Ἔδει
2375 4743 2466 4795 τὸν
2502 4740 2696 4812 θρῆνον
2725 4734 2868 4791 εἶναι
2900 4735 3036 4804 πρὸς
3062 4732 3416 4803 μετάγνωσιν,
3462 4726 3570 4778 ἔδει
3599 4724 3658 4776 τὸ
3679 4723 3770 4776 δά·
3829 4739 3836 4752 ν

2205 4852 2371 4906 κρυον
2403 4829 2753 4900 καταχεῖσθαι
2783 4827 2918 4897 πρὸς
2944 4823 3268 4886 Θεόν.’ίδοὺ,
3299 4820 3450 4888 φησὶ,
3483 4817 3611 4887 πρὶν
3632 4815 3768 4885 ἄψα-

2204 4926 2327 4980 σθαι
2367 4925 2564 4995 μάχης,
2597 4921 2724 4991 πρὶν
2753 4916 3102 4971 ἐπιλαϐέσθαι
3139 4913 3430 4984 μαχαίρας.
3457 4911 3582 4979 πρὶν
3615 4906 3768 4977 μελε·

2201 5019 2366 5088 τῆσαι
2389 5013 2485 5084 τὴν
2503 5011 2834 5072 ἀντίστασιν,
2861 5010 3073 5079 πλήρης
3096 5006 3286 5074 γέγονε
3308 5001 3568 5073 νεκρῶνή
3594 4999 3766 5088 πόλις.

2203 5087 2485 5176 Χρήσιμον
2535 5097 2626 5153 οὖν
2671 5100 2778 5171 ἄρα
2822 5099 2916 5152 κα)⁸
2944 5097 3239 5163 ἀναγκαῖον
3272 5095 3349 5155 είς
3382 5089 3648 5160 σωτηρίαν
3670 5128 3684 5151 ,
3711 5087 3770 5140 τὸ

2203 5197 2398 5250 εἰδέναι
2417 5191 2714 5262 κατορθοῦν
2766 5189 2833 5243 τὰ
2851 5190 2917 5243 δι’
2935 5183 3006 5242 ὧν
3027 5189 3091 5242 ἄν
3118 5203 3199 5248 τις
3220 5184 3336 5253 ἔχοι
3360 5181 3598 5245 σώζοντα
3617 5178 3767 5242 Θεὸν,

2210 5287 2314 5341 κᾶν
2351 5287 2400 5339 εί
2448 5287 2505 5338 ἐν
2536 5285 2755 5357 πικραῖς
2795 5282 3002 5350 γένοιτο
3041 5279 3358 5348 συμφοραῖς.
3393 5273 3597 5327 Ψάλλει
3641 5269 3770 5338 γοῦν

2202 5379 2294 5432 καί
2324 5395 2486 5448 φησιν
2530 5377 2558 5430 6
2609 5375 2876 5446 μακάριος
2917 5371 3079 5425 Δαϐίδ
3105 5387 3119 5398 ·
3151 5388 3170 5421 ι
3216 5369 3387 5436 Κύριε
3425 5367 3453 5416 ὁ
3489 5363 3620 5424 Θεὸς
3663 5360 3777 5412 τῶν

2200 5471 2512 5542 δυνάμεων,
2547 5469 2812 5541 μακάριος
2847 5465 3129 5536 ἄνθρωπος
3167 5462 3198 5516 6
3250 5459 3483 5523 ἐλπίζων
3510 5456 3603 5508 ἐπὶ
3629 5454 3707 5507 σέ.
3747 5473 3766 5506 ι

2214 5563 2407 5617 ἰστέον
2430 5563 2486 5616 δὲ
2511 5564 2592 5616 ὃτι
2615 5561 2906 5632 φάραγγας
2934 5557 3070 5610 Σιὼν
3088 5553 3340 5625 ὀνομάζει
3365 5551 3462 5622 τὴν
3503 5550 3771 5621 Ἰερουσα-

2203 5653 2334 5724 λήμ-
2377 5655 2535 5714 Ἔστι
2567 5653 2663 5725 μὲν
2683 5652 2792 5723 γὰρ
2823 5650 2948 5722 ὅρος
2975 5649 3138 5728 ἤγουν
3163 5647 3221 5703 ἐν
3244 5645 3358 5716 ὄρει
3387 5646 3420 5716 ἡ
3443 5640 3612 5707 Σιώνυ
3638 5636 3780 5703 ὑπόε.

617 5831 664 5871 ιι
692 5830 880 5894 Matth.
915 5846 996 5899 ut,
1037 5829 1183 5890 7-10.
1257 5830 1509 5902 “10811,,
1570 5833 1753 5893 13,15.
1827 5837 2394 5903 "Psal.1.xxxnt,i'5.
2440 5840 2443 5841 ⁷
