4148 6378
453 327 556 383 505

1566 325 1629 379 ΙΝ
1676 327 1915 381 ISAIAM
1952 325 2080 380 LIB.
2122 327 2189 382 Il.
2231 328 2465 385 TOMUS
2505 329 2570 383 V.

3592 337 3692 393 506

453 464 624 503 κειται
661 447 717 501 δὲ
769 449 889 512 ταῖς
921 447 1219 519 ὑπωρείαις
1261 448 1653 519 Ἰερουσαλὴμ,
1706 449 1828 503 ὃθεν
1857 450 2025 518 αὐτὴν

2130 450 2213 505 vel
2250 452 2302 506 in
2343 464 2524 508 monte
2556 453 2707 514 Sion,
2764 463 2817 508 et
2873 454 2927 509 in
2954 454 3218 510 radicibus
3252 456 3447 510 montis
3479 457 3581 512 sita
3613 469 3689 514 est

452 541 544 594 καὶ
572 541 669 611 τῆς
700 538 837 594 Σιὼν
865 540 1133 593 ἀποκαλεῖ
1152 539 1435 609 φάραγγα.

522 631 749 696 Πάντες
788 635 843 685 οι
881 630 1170 700 ἄρχοντές
1213 645 1330 685 σου
1375 633 1751 703 πεφεύγασιν
1776 675 1790 700 ,
1836 636 1933 689 καὶ
1968 638 2023 690 ol

450 722 698 789 ἁλόντες
717 722 995 791 σκληρῶς
1020 723 1321 793 δεδεμένοι
1342 724 1479 791 εἰσὶ,
1509 728 1609 779 καὶ
1628 731 1681 781 cl
1708 729 2023 797 ἰσχύοντες

452 816 518 869 ἐν
549 815 647 870 σοὶ
684 818 880 884 πόρρω
909 818 1304 886 πεφεύγασιν.

520 906 981 972 Καταλελοιπότες
1002 949 1016 974 ,
1061 910 1136 973 ὠς
1169 909 1325 981 ἔφην,
1376 912 1466 965 τὸν
1498 912 1607 965 τῶν
1634 912 1771 965 ὅλων
1804 912 2022 981 σωτῆρα

452 996 579 1051 Θεὸν
608 1000 716 1052 τῶν
759 1001 1026 1055 Ἰουδαίων
1049 1005 1098 1056 οἱ
1127 1003 1311 1074 δῆμοι,
1357 1006 1451 1059 καὶ
1482 1009 1601 1067 ταῖς
1638 1007 1697 1072 ἐξ
1726 1004 2023 1076 ἀνθρώπων

452 1090 790 1160 ἐπικουρίαις
845 1093 1331 1164 ἐπιθαρσήσαντες,
1360 1096 1626 1161 σώζεσθαι
1661 1095 2020 1167 προσεδόκων.

464 1181 677 1251 Ἐπειδὴ
710 1183 767 1235 δὲ
794 1177 928 1254 ἧκον
948 1184 999 1236 οἱ
1026 1184 1307 1255 πολέμιοι,
1336 1188 1431 1239 καί⁵
1460 1188 1517 1239 ἐν
1554 1189 1759 1257 ἀκμαῖς
1782 1182 1851 1257 ἦν
1873 1187 1901 1237 6
1930 1185 2022 1238 τοῦ

452 1272 643 1325 παθεῖν
670 1274 850 1342 φόϐος,
876 1276 970 1329 καὶ
999 1277 1369 1346 περιεστώσας
1388 1279 1490 1348 ἤδη
1517 1279 1615 1349 τὴν
1640 1277 1821 1349 χώραν
1859 1277 2024 1346 ἦγουν

453 1362 548 1432 τὴν
568 1363 730 1431 ἁγίαν
746 1364 898 1417 πόλιν
925 1364 1025 1428 τὰς
1052 1365 1160 1419 τῶν
1189 1367 1489 1437 Ἀσσυρίων
1520 1368 1801 1421 τεθέανται
1820 1366 2026 1436 φάλαγ-

462 1469 573 1520 (ag,
604 1454 961 1525 ἀπεπήδησαν
987 1457 1036 1509 οἱ
1074 1457 1131 1510 ἐν
1161 1456 1301 1509 τέλει
1352 1458 1443 1511 καὶ
1480 1460 1538 1511 ἐν
1572 1461 1692 1521 ταῖς
1726 1458 2025 1521 ἀνωτάταις

454 1545 654 1613 τιμαῖς*
680 1544 928 1617 καθάπερ
962 1545 1104 1617 νηὼς
1132 1546 1532 1619 βαπτιζομένης
1554 1550 1887 1621 ἀπενήχοντο
1915 1549 2022 1601 σώ-

454 1633 635 1698 ζοντες
671 1637 917 1701 ἑαυτοὺς,
945 1638 1037 1691 καὶ
1066 1641 1177 1702 τοῖς
1201 1641 1286 1695 ἐπ’
1310 1640 1506 1703 αὐτοὺς
1538 1640 1792 1710 ἠλπικόσι
1830 1658 2021 1711 μονον-

456 1726 571 1795 δυχὶ
608 1726 879 1797 ἐρρῶσθαι
923 1730 1250 1801 φράσαντες.
1290 1732 1604 1802 Πειρεύγασι
1640 1733 1817 1785 τοίνυν
1850 1732 2023 1787 ᾶπαν-

461 1834 562 1883 εες,
588 1819 769 1888 φησὶν,
796 1824 845 1873 οἱ
875 1822 1035 1875 πάλαι
1055 1839 1113 1875 σε
1136 1822 1326 1887 σώζειν
1341 1824 1872 1894 ὑπισχνούμενοι,καὶ
1896 1825 2022 1878 δυσ·
2054 1804 2098 1857 Β

456 1910 854 1978 καταγώνιστον
894 1912 1038 1984 ἔχειν
1085 1914 1478 1985 ῦπονοηθέντες
1526 1920 1723 1987 χεῖρα*
1770 1920 1819 1969 οἰ
1881 1917 1935 1969 δὲ
1961 1918 2024 1989 δὴ

458 1999 544 2053 καὶ
565 1999 781 2062 ἁλόντες
810 2001 1062 2073 σκληρῶς
1090 2002 1362 2073 δεδεμένοι
1392 2004 1547 2058 εἰσίν.
1580 2005 1891 2075 Συνελήφθη
1918 2006 2024 2074 γὰρ

457 2089 480 2141 5
514 2089 765 2150 Σεδεκίας
794 2091 909 2161 ἆμα
940 2094 1052 2154 τοῖς
1073 2091 1235 2144 αὑτοῦ
1266 2093 1455 2145 παισί·
1492 2095 1586 2146 καὶ
1611 2095 1735 2157 τοὺς
1769 2095 1868 2163 μὲν
1918 2096 2025 2147 ἀπ-

458 2179 693 2250 έσφαξαν
719 2182 768 2233 oi
797 2182 1252 2247 Βαϐυλώνιοι,τὸν
1269 2184 1325 2236 δὲ
1349 2185 1458 2238 τῶν
1479 2186 1740 2255 ὀμμάτων
1762 2187 2026 2256 ἐκκεκομ-

457 2271 630 2340 μένων
652 2273 990 2343 ἀπεκόμισαν
1035 2274 1112 2337 είς
1159 2274 1256 2344 τὴν
1286 2275 1512 2330 ἑαυτῶν.
1546 2296 1563 2327 ι
1608 2275 1825 2330 Ματαία
1845 2277 2024 2330 τοίνυν

457 2366 484 2432 ί)
512 2366 752 2437 σωτηρία
778 2365 1097 2437 ἀνθρώπων,
1129 2387 1147 2418 ι
1178 2367 1319 2421 κατά
1349 2368 1409 2421 τὸ
1432 2370 1831 2440 γεγραμμένον.
1855 2372 1945 2423 Δεῖ
1968 2371 2024 2424 δὲ

458 2456 514 2527 δὴ
546 2458 690 2528 μόνῳ
714 2459 1067 2527 προσκεῖσθαι
1090 2459 1227 2531 Θεῷ,
1258 2461 1318 2514 τὸ
1348 2462 1509 2528 σοφὸν
1541 2462 1716 2515 ἐκεῖνο
1739 2462 2027 2532 διακεκρα-

461 2550 612 2617 (ora;
634 2566 649 2581 ο
695 2569 713 2603 ι
735 2552 849 2605 Οὐκ
869 2551 962 2605 ἐπὶ
987 2551 1066 2622 τῷ
1090 2552 1228 2623 τόξῳ
1261 2569 1361 2623 μου
1392 2552 1580 2618 ἐλπιῶ,
1612 2554 1755 2623 καὶὴ
1785 2553 2026 2623 ῥομφαία

459 2657 556 2710 μου
586 2641 647 2694 οὐ
681 2640 840 2694 σώσει
864 2659 950 2712 με.
990 2662 1010 2695 ι
1041 2642 1210 2706 Σώζει
1233 2644 1339 2714 γὰρ
1372 2646 1530 2714 μόνος
1553 2645 1580 2695 ὁ
1607 2645 1716 2698 τῶν
1742 2645 2024 2715 δυνάμεων

460 2731 655 2801 Κύριος
682 2733 807 2796 τοὺς
833 2733 1159 2802 ἀγαπῶντας
1187 2734 1370 2797 αὑτὸν,
1402 2735 1496 2789 καὶ
1524 2737 1589 2788 ἐκ
1620 2737 1816 2799 παντὸς
1840 2736 2024 2806 ῥύεται

462 2827 644 2892 ιακοῦ,
681 2827 819 2880 ὥστε
845 2829 938 2896 καὶ
976 2828 1265 2898 χαίροντας
1298 2829 1511 2897 λέγειν’
1565 2848 1584 2881 ι
1622 2830 1871 2892 Ἔσωσας
1916 2831 2023 2901 γὰρ

460 2919 598 2990 ἡμᾶς
643 2921 708 2973 ἐκ
753 2921 861 2973 τῶν
895 2920 1181 2975 θλιϐόντων
1231 2922 1397 2991 ἡμᾶς,
1431 2921 1686 2983 καὶτοὺς
1737 2920 2024 2991 μισοῦντας

460 3012 596 3082 ἡμᾶς
623 3011 985 3083 κατῄσχυνας.
1029 3031 1045 3064 ι

522 3106 622 3159 Διὰ
653 3104 828 3159 τοῦτο
857 3105 1013 3169 εἶπα,
1050 3101 1253 3173 Ἅφετέ
1285 3120 1381 3171 με,
1405 3102 1627 3171 πικρῶς
1654 3104 2023 3173 κλαύσομαι·
2052 3145 2092 3198 C

459 3196 531 3265 οιὴ
559 3198 964 3265 κατισχύσητε
992 3194 1362 3263 παρακαλεῖν
1376 3212 1453 3263 με
1469 3196 1567 3247 ἐπὶ
1604 3197 1663 3247 τὸ
1691 3196 2026 3263 σύντριμμα

457 3286 558 3355 τῆς
597 3285 885 3357 θυγατρὸς
904 3285 1009 3339 τοῦ
1039 3286 1253 3354 γένους
1281 3302 1418 3352 μου,
1441 3284 1529 3338 ὅτι
1550 3284 1739 3355 ἡμέρα
1762 3284 2027 3353 ταραχῆς

457 3380 547 3433 καί
580 3380 880 3443 ἀπωλείας
926 3378 1023 3432 καὶ
1057 3377 1554 3446 καταπατήματος
1595 3378 1753 3444 παρὰ
1803 3379 2026 3444 Κυρίου

457 3473 711 3539 Σαϐαὼθ,
740 3474 811 3527 ἐν
844 3470 1098 3541 φάραγγι
1118 3472 1289 3524 Σιών.

526 3565 667 3635 Αὕτη
692 3564 787 3618 τοῦ
809 3565 1086 3635 προφήτου
1115 3561 1265 3634 φωνὴ
1304 3580 1585 3633 μονονουχι
1615 3565 1891 3627 κλαίοντος
1933 3566 2028 3618 καὶ

463 3662 571 3723 ταῖς
603 3658 692 3711 τοῦ
718 3658 909 3726 γένους
932 3654 1334 3725 ἐποιμὼζοντος
1370 3660 1695 3727 συμιροραῖς.
1747 3660 1825 3709 Δι’
1855 3651 1929 3711 ὧν
1972 3659 2026 3711 δὲ

460 3753 799 3822 παραιτεῖται
826 3749 951 3810 τοὺς
979 3747 1314 3817 παρακαλεῖν
1341 3747 1643 3816 ἰσχύοντας,
1670 3749 1728 3802 τὸ
1758 3750 1857 3817 τῆς
1899 3751 2028 3822 πλη-

464 3844 556 3914 (ﬁt;
581 3841 866 3913 ἐμφανίζει
899 3840 1149 3911 μέγεθος,
1181 3834 1292 3892 οἷον
1329 3839 1429 3891 οὐκ
1448 3839 1678 3910 ἐχούσης
1711 3840 2023 3912 θεραπείαν·

458 3935 887 4006 επενηνεγμένην
922 3933 976 3987 δὲ
1028 3932 1225 4004 μᾶλλον
1254 3932 1539 4002 ἀφορήτως
1570 3932 1751 3995 αὐτοῖς
1776 3974 1791 3998 ,
1826 3935 2027 4005 πικράν

462 4046 512 4081 τε
551 4027 644 4082 καὶ
679 4025 1032 4094 ἀνουθέτητον
1057 4022 1285 4094 ἐχούσης
1307 4023 1403 4093 τὴν
1438 4021 1642 4087 ἔφοδον.
1682 4023 1892 4094 Ἡμέρα
1921 4025 2027 4095 γὰρ

464 4119 695 4189 ταραχῆς
723 4119 818 4171 καὶ
843 4116 1116 4179 ἀπωλείας
1139 4116 1231 4169 καὶ
1254 4117 1720 4186 καταπατήματος
1746 4116 1895 4185 παρὰ
1917 4118 2028 4167 Κυ-

460 4211 571 4282 ρίου
593 4208 819 4263 Σαϐαὼθ
845 4210 1223 4278 ἐπενήνεκται.
1239 4207 1377 4278 «Τὴν
1400 4207 1508 4278 γὰρ
1531 4210 1687 4276 χεῖρα
1710 4205 2028 4278 τὴνὺψηλὴν

464 4302 537 4365 τίς
567 4299 898 4370 ἀποστρέψει
920 4316 935 4365 ;
956 4300 1055 4351 ι’Ὶί
1089 4300 1185 4369 μὲν
1216 4299 1323 4371 γὰρ
1361 4300 1527 4371 ὀργῆς
1553 4299 1674 4368 δίχα
1690 4301 1785 4369 τῆς
1811 4298 2016 4352 ἄνωθεν

466 4392 524 4446 τὰ
550 4391 647 4461 τῆς
666 4391 855 4461 ἐφόδου
885 4390 1033 4459 παρὰ
1057 4390 1165 4442 τῶν
1198 4391 1492 4459 Ἀσσυρίων
1516 4390 1831 4460 ἐπράττετο,
1859 4389 2025 4459 πολλή

2118 542 2438 612 Jerusalem,
2469 546 2608 600 unde
2632 562 2749 601 eam
2786 547 2914 601 Sion
2946 548 3137 603 vallem
3170 547 3420 616 appellnt.

2192 633 2360 694 Vens.
2400 638 2454 692 5.
2506 638 2697 692 Omnes
2723 641 2983 710 principes
3031 641 3401 709 tuifngerunt,
3460 652 3505 693 et
3554 642 3692 707 capti

2120 732 2348 799 graviter
2385 730 2703 795 vinctisunt,
2742 740 2790 785 et
2819 741 3157 799 pra’potentes
3187 732 3242 785 in
3290 742 3337 785 te
3374 732 3523 801 longe
3544 732 3694 800 fuge-

2123 835 2263 876 runt.

2195 916 2427 984 Populus
2458 914 2735 979 Iudaicus,
2773 924 2831 969 ut
2865 917 2994 980 dixi,
3029 916 3286 971 derelicto
3317 916 3690 970 nniversormn

2122 1018 2498 1061 conservatore
2527 1007 2658 1072 Deo,
2708 1008 2955 1063 humanis
3000 1010 3277 1077 praefidens
3334 1008 3692 1072 adminiculis,

2123 1101 2353 1154 salutem
2384 1102 2736 1168 exspectavit.
2763 1100 2897 1155 Cum
2922 1117 3047 1155 vero
3081 1102 3458 1155 adventassent
3487 1102 3690 1163 hostes,

2123 1203 2177 1245 et
2206 1193 2367 1247 timor
2395 1192 2659 1246 malorum
2711 1193 2988 1257 crevisset,
3040 1202 3095 1246 et
3121 1192 3272 1260 quasi
3320 1193 3690 1255 maturuisset,

2126 1284 2491 1352 vidissentque
2521 1283 2866 1353 Assyriorum
2909 1284 3159 1338 cohortes
3212 1284 3481 1353 regionem
3504 1284 3612 1350 jam
3640 1292 3695 1336 et

2124 1383 2369 1426 sanctam
2418 1373 2693 1427 civitatem
2763 1372 3162 1436 circumsidere,
3215 1373 3307 1442 qui
3370 1373 3421 1427 in
3485 1373 3694 1442 fastigio

2124 1471 2303 1527 erant,
2352 1462 2681 1530 summisque
2712 1462 3055 1531 potiebantur
3117 1462 3433 1525 honoribus,
3458 1462 3695 1515 desulta-

2124 1563 2269 1618 runt,
2301 1563 2355 1607 et
2383 1563 2631 1622 tanquam
2684 1555 2805 1607 navi
2839 1556 3107 1618 demersa,
3148 1552 3258 1621 spei
3315 1552 3501 1606 salutis
3534 1567 3693 1619 quam

2125 1646 2267 1700 inse
2299 1644 2633 1699 collocabant
2682 1644 3069 1708 valedicentes,
3108 1650 3362 1696 natarunt
3414 1650 3469 1695 et
3532 1641 3693 1711 317

2125 1736 2769 1806 ﬂttctuarunt.Fugerunt
2827 1735 2989 1804 igitur
3023 1748 3231 1796 omnes,
3288 1733 3378 1801 qui
3419 1732 3544 1787 olim
3600 1733 3693 1786 tibi

2125 1830 2349 1883 salutem
2381 1827 2766 1897 promittebant
2800 1839 2814 1878 :
2840 1834 2893 1879 et
2923 1824 3013 1894 qui
3040 1822 3457 1891 insuperabilem
3480 1836 3693 1874 manum
3724 1818 3731 1827 '

2125 1920 2326 1975 habere
2358 1918 2707 1988 putabantur,
2761 1915 2813 1970 hi
2843 1915 3004 1968 etiam
3047 1912 3215 1982 capti,
3269 1911 3505 1979 graviter
3552 1910 3695 1979 ligati

2124 2020 2250 2065 sunt
2288 2019 2344 2064 et
2390 2008 2618 2063 duriter.
2664 2006 3102 2075 Comprehensus
3132 2015 3217 2058 est
3248 2004 3389 2059 enim
3440 2004 3698 2057 Sedecias

2125 2101 2284 2155 simul
2311 2116 2431 2155 cum
2456 2100 2569 2155 suis
2609 2099 2831 2164 liberis;
2884 2097 3110 2167 illosque
3147 2098 3554 2152 trucidaverunt
3600 2094 3698 2148 Ba-

2125 2194 2353 2264 bylomi,
2390 2194 2552 2257 hunc,
2608 2192 2777 2247 oculis
2812 2190 3066 2255 exsectis,
3096 2189 3150 2243 in
3201 2204 3353 2244 suam
3401 2193 3698 2241 avexerunt

2126 2288 2372 2355 patriam,
2396 2305 2415 2337 ι
2452 2286 2594 2341 Vana
2627 2286 2789 2353 igitur
2811 2284 2958 2339 salus
2982 2282 3237 2348 hominis,
3276 2300 3295 2333 ι
3330 2280 3402 2333 uti
3432 2279 3693 2347 scriptum

2124 2386 2207 2431 est
2234 2376 2279 2408 ⁸⁵
2317 2394 2333 2432 :
2371 2387 2436 2429 at
2475 2375 2576 2431 soli
2606 2377 2715 2430 Deo
2743 2372 3235 2437 adhaerescendum,
3262 2371 3389 2424 illud
3421 2368 3698 2437 sapienter

2125 2470 2326 2522 dictum
2362 2468 2643 2523 clamando
2679 2483 2694 2519 :
2733 2485 2751 2519 ι
2791 2466 2905 2522 Non
2937 2466 2990 2520 in
3016 2480 3142 2520 arcu
3196 2477 3317 2518 meo
3364 2461 3614 2530 sperabo,
3643 2469 3697 2515 et

2125 2558 2335 2626 gladius
2366 2572 2518 2611 meus
2558 2572 2662 2612 non
2694 2556 2929 2610 servabit
2978 2570 3067 2609 me
3118 2555 3186 2607 9".
3219 2572 3239 2604 ι
3295 2552 3489 2607 Servat
3533 2550 3697 2604 nimi-

2127 2663 2242 2700 rum
2275 2646 2420 2701 solus
2448 2646 2782 2701 exercituum
2811 2643 3072 2699 Dominus
3104 2642 3387 2713 diligentes
3432 2657 3513 2706 sc,
3547 2650 3600 2694 et
3628 2655 3696 2695 ex

2124 2738 2269 2793 onmi
2294 2738 2435 2792 malo
2463 2737 2626 2800 eruit,
2665 2746 2724 2791 ut
2749 2737 3044 2806 gaudentes
3059 2735 3221 2790 etiam
3252 2734 3431 2788 dicant
3463 2751 3475 2783 :
3517 2751 3534 2783 ‹
3568 2732 3698 2786 Ser-

2128 2832 2418 2885 rastienim
2450 2846 2547 2885 nos
2580 2832 2647 2885 ab
2677 2830 2761 2884 his
2794 2829 2887 2899 qui
2932 2827 3171 2899 aﬂligunt
3205 2840 3326 2891 nos,
3362 2835 3419 2880 et
3466 2824 3560 2895 qui
3598 2840 3699 2879 nos

2124 2926 2373 2989 oderunt,
2400 2920 2688 2977 confudisti
2710 2921 2777 2975 ³⁸.
2811 2939 2832 2972 ι

2196 3102 2360 3153 Vens.
2414 3098 2468 3161 4,
2510 3097 2562 3152 5.
2602 3095 2810 3150 Idcirco
2857 3096 3005 3158 dixi,
3051 3093 3309 3148 Dimittite
3365 3107 3486 3157 me,
3519 3105 3699 3145 amare

2125 3192 2256 3261 [lebo
2287 3207 2306 3244 :
2348 3207 2408 3244 ne
2464 3197 2656 3242 tentate
2706 3204 2785 3242 me
2837 3186 3099 3240 consolari
3137 3188 3193 3238 in
3240 3184 3549 3239 contritione
3573 3184 3698 3252 ﬁlia:

2126 3284 2327 3355 generis
2357 3283 2455 3335 mei
2485 3298 2502 3335 :
2540 3282 2660 3350 quia
2693 3281 2806 3333 dies
2857 3277 3245 3344 trepidationis,
3273 3287 3320 3329 et
3350 3276 3613 3340 interitus,
3645 3282 3695 3328 et

2127 3374 2534 3429 conculcationis
2561 3389 2593 3425 a
2626 3371 2848 3425 Domino
2880 3366 3140 3432 Sabaoth,
3168 3368 3223 3420 in
3242 3366 3373 3421 valle
3400 3364 3550 3419 Sion.

2197 3557 2322 3611 llaec
2375 3562 2457 3608 est
2496 3550 2771 3621 propheta:
2819 3562 2923 3601 vox
2957 3554 3165 3600 tantum
3214 3558 3320 3598 non
3381 3543 3589 3606 ﬂentis,
3641 3552 3699 3596 et

2127 3650 2340 3721 generis
2374 3645 2707 3701 calamitates
2748 3638 3099 3707 deplorantis.
3150 3637 3283 3691 Cum
3344 3644 3524 3689 autem
3568 3650 3693 3703 pro-

2131 3746 2277 3798 hibet
2309 3746 2668 3810 praepotentcs
2715 3731 3140 3787 consolationem
3184 3728 3496 3793 admovere,
3530 3726 3699 3794 plaga:

2129 3834 2553 3907 magnitudinem
2605 3827 2880 3892 declarat,
2940 3823 3140 3892 quippe
3193 3835 3317 3890 qua:
3370 3820 3694 3873 medicinam

2128 3928 2363 3999 reperire
2392 3940 2491 3979 non
2510 3921 2698 3992 possit.
2724 3920 2816 3975 sed
2857 3914 3266 3971 intolerabiliter
3290 3911 3468 3981 potius
3493 3910 3699 3964 inﬂicta

2130 4024 2237 4079 illis
2277 4020 2365 4085 sit,
2416 4017 2569 4085 cujus
2624 4015 2763 4068 ictus
2796 4012 2866 4066 sit
2918 4008 3216 4064 acerrimus
3251 4013 3307 4059 et
3345 4003 3695 4059 inevitabilis.

2128 4116 2250 4169 Dies
2272 4112 2413 4167 enim
2444 4105 2833 4178 trepidationis,
2877 4111 2931 4157 et
2961 4101 3231 4166 interitus,
3260 4106 3314 4151 et
3339 4095 3703 4152 conculcatio—

2130 4209 2211 4261 nis
2261 4222 2288 4259 a
2338 4205 2562 4258 Domino
2612 4198 2846 4253 Sabaoth
2891 4195 3035 4248 illata
3093 4203 3197 4246 est.
3236 4208 3256 4241 ‹
3304 4189 3518 4244 Manum
3554 4189 3698 4244 enim

2127 4295 2394 4352 excelsam
2448 4291 2569 4359 quis
2610 4295 2818 4342 avertet
2848 4284 2926 4337 "?
2960 4304 2980 4334 ι
3019 4283 3076 4336 Si
3120 4282 3261 4335 enim
3295 4279 3559 4349 Supremo
3595 4295 3702 4332 non

2130 4389 2287 4453 irato,
2326 4382 2563 4438 incursio
2596 4382 2663 4432 ab
2702 4377 2941 4447 Assyriis
2975 4374 3116 4428 facta
3150 4372 3362 4437 fuisset,
3400 4386 3525 4440 spes
3557 4370 3703 4423 foret

466 4502 538 4548 εις
580 4484 717 4553 ἄγαν
755 4484 909 4547 ἐλπὶς
938 4486 1052 4547 τοῖς
1094 4483 1394 4552 κάμνουσιν
1419 4479 1508 4554 ἦν,
1547 4482 1639 4535 τοῦ
1674 4484 1768 4536 καὶ
1795 4483 1906 4535 ἔσθ’
1940 4485 2025 4535 ὅτε

2134 4480 2364 4535 maxima
2402 4476 2558 4530 fessis
2595 4481 2651 4527 et
2693 4469 3193 4541 languescentibus,
3245 4481 3405 4534 posse
3433 4480 3491 4520 se
3544 4464 3705 4516 iuva-7

463 4577 952 4649 κατευμεγεθήσειν
979 4576 1236 4630 δύνασθαι
1259 4578 1366 4630 τῶν
1396 4578 1657 4630 ἐπιόντων
1698 4579 1897 4641 αὐτοῖς,
1933 4577 2025 4630 τοῦ

462 4670 673 4722 πάντων
715 4667 1044 4740 κρατοῦντος
1092 4665 1226 4719 Θεοῦ
1265 4666 1361 4737 τὴν
1402 4667 1489 4720 ἀεὶ
1542 4665 1818 4729 σώζουσαν
1846 4667 2027 4728 αὐτοῖς

463 4760 741 4831 ὀρέγοντος
761 4760 937 4829 χεῖρα.
982 4758 1197 4828 Ἐπειδὴ
1223 4759 1277 4811 δὲ
1306 4759 1467 4822 αὐτὸς
1503 4759 1531 4810 ὁ
1562 4759 1816 4829 πλήττων
1854 4761 2023 4822 ἐστὶν,

463 4851 551 4911 καὶ
580 4849 728 4920 παρά
759 4849 964 4917 Κυρίου
989 4847 1047 4900 τὸ
1078 4847 1467 4917 καταπάτημα,
1498 4848 1580 4911 τίς
1637 4850 1665 4900 6
1708 4847 2026 4917 ἀνατρέφων

463 4940 621 5003 αὐτό;
646 4960 665 4992 ‹
686 4938 810 4992 Ἐὰν
832 4938 940 5009 γὰρ
962 4938 1149 5007 κλείσῃ
1172 4937 1309 4991 κατὰ
1332 4937 1638 5007 ἀνθρώπου,
1661 4935 1745 4999 τίς
1760 4936 1957 5002 ἀνοίξει
1975 4954 2018 5002 ;›

463 5030 643 5099 φησίν.

526 5121 874 5175 Πλανῶνται
911 5121 1030 5176 ἀπὸ
1073 5121 1285 5191 μικροῦ
1306 5120 1416 5186 ἕως
1436 5122 1724 5190 μεγάλου,
1753 5118 2028 5173 πλανῶν·-

464 5230 550 5275 ζαι
574 5212 674 5267 ἐπὶ
700 5216 772 5266 τὰ
793 5212 922 5280 ὅρη.

530 5303 785 5376 Θαύμαζε
819 5304 916 5374 τὴν
953 5305 1113 5374 vigui/tv
1158 5304 1250 5357 τοῦ
1299 5302 1764 5372 πνευματοφόρου.
1810 5299 2029 5368 Ἐπειδὴ

468 5396 566 5468 γὰρ
593 5396 695 5469 ἔφη
727 5396 879 5468 παρὰ
919 5397 1124 5468 Κυρίου
1168 5395 1395 5451 Σαϐαὼθ
1445 5394 1903 5463 ἐπενεχθήσεσθαι
1933 5391 2030 5461 τὴν

467 5487 699 5559 ταραχὴν
721 5489 815 5541 καὶ
838 5489 936 5558 τὴν
960 5488 1234 5543 ἀπώλειαν
1258 5488 1353 5541 καὶ
1378 5487 1475 5559 τὴν
1500 5486 1714 5557 ἡμέραν
1749 5484 1839 5537 τοῦ
1868 5500 2035 5537 κατα-

465 5583 800 5653 πατήματος,
832 5580 918 5636 ἵνα
950 5583 1024 5653 μή
1042 5599 1126 5645 τις
1156 5580 1335 5652 οἴηται
1371 5581 1547 5651 μάτην
1573 5580 1754 5642 αὐτοῖς
1785 5576 1874 5630 τὸν
1896 5576 2036 5631 θεῖον

2124 4576 2333 4635 dentes,
2358 4569 2464 4621 Deo
2485 4565 2724 4620 omnium
2748 4562 3086 4617 dominatore
3108 4573 3322 4612 manum
3350 4571 3566 4623 semper
3585 4555 3713 4609 illos

2128 4669 2551 4719 conservantem
2601 4656 2944 4726 porrigente,
2977 4652 3193 4706 tandem
3232 4648 3521 4716 aliquando
3552 4662 3703 4715 supe-

2124 4767 2265 4807 rare.
2302 4751 2371 4803 At
2402 4764 2522 4803 cum
2564 4748 2610 4800 is
2645 4745 2717 4798 sit
2747 4745 2835 4813 qui
2861 4743 3109 4811 percutit,
3151 4748 3207 4792 et
3247 4754 3275 4791 a
3315 4737 3541 4792 Domino
3570 4751 3704 4789 con-

2132 4844 2363 4899 culcatio
2392 4844 2482 4904 sit,
2506 4838 2626 4906 quis
2648 4843 2855 4891 evertet
2883 4835 3006 4895 hoc,
3037 4839 3128 4885 aut
3154 4828 3506 4884 labefactabit
3530 4828 3553 4879 ?
3585 4845 3603 4877 ι
3646 4825 3711 4881 85

2134 4938 2274 4992 enim
2302 4944 2487 4988 contra
2520 4930 2789 4985 hominem
2821 4926 3117 4988 clauserit,
3150 4923 3275 4992 quis
3300 4961 3315 4987 ,
3349 4920 3544 4989 inquit,
3582 4936 3703 4990 apo-

2135 5028 2315 5083 riet‘?
2353 5044 2373 5078 ι

2203 5120 2399 5172 Errant
2431 5130 2641 5185 aparvo
2672 5112 2739 5166 ad
2770 5125 3015 5181 magnum
3037 5148 3052 5173 ,
3086 5116 3265 5163 errant
3301 5107 3357 5160 in
3384 5106 3664 5160 montibus.

2194 5293 2479 5347 Admirare
2521 5289 2679 5358 hujus
2713 5287 2805 5359 qui
2838 5287 3055 5357 Spiritu
3110 5283 3322 5339 amatus
3351 5290 3435 5337 est
3470 5280 3700 5351 vigilan~

2131 5386 2279 5441 tiam.
2335 5383 2627 5453 Postquam
2677 5382 2821 5437 enim
2882 5380 3057 5444 dixit,
3104 5392 3135 5431 a
3185 5374 3415 5431 Domino
3467 5372 3709 5428 Sabamh

2133 5476 2543 5547 trepidationem
2585 5482 2641 5529 et
2678 5472 2955 5527 interitum
3005 5471 3259 5535 diemque
3284 5466 3701 5523 conculcationi:

2131 5570 2529 5642 importandam
2551 5610 2567 5637 ,
2599 5583 2665 5623 ne
2689 5566 2814 5638 quis
2856 5566 2954 5623 abs
2982 5580 3042 5623 re
3082 5573 3330 5623 autumet
3371 5564 3609 5621 divinam
3650 5564 3707 5618 is.

536 5765 582 5798 “
610 5763 751 5829 [δεδι.
783 5781 903 5827 ux,
929 5766 1006 5822 1‘2.
1080 5763 1315 5851 ""Psal.
1352 5763 1564 5833 xun,7.
1642 5738 1685 5797 δε
1707 5761 1837 5819 ibid.
1873 5761 1925 5818 8.
2004 5760 2048 5794 ⁸³
2077 5757 2175 5815 lsa.
2215 5773 2327 5827 xw,
2360 5756 2451 5810 "l7.
2529 5755 2543 5787 ¹
2585 5751 2680 5811 Job
2749 5750 2955 5821 1111,11.
