4148 6378
472 377 576 439 507

1490 376 1549 433 S.
1589 375 1865 431 CYRILLI
1909 372 2380 429 ALEXANDRINI
2419 372 2743 429 ARCHIEP.

3620 378 3727 426 5υό

473 514 563 555 eos
591 499 725 553 iram
772 499 1048 565 insiliisse,
1090 498 1454 568 suspicionem
1492 497 1640 552 illico
1670 507 1914 567 amputat
1944 512 2033 551 eo-

2144 492 2479 563 ὲπιπηδῆσαι
2528 492 2723 563 θυμὸν,
2750 490 3047 544 ἀνακόπτει
3079 487 3420 560 παραχρῆμα
3457 487 3553 557 τὴν
3596 486 3727 539 ὑπό-

472 608 588 646 rum
620 592 709 662 qui
744 608 810 647 ex
859 592 1202 655 levitateLeos
1229 590 1295 645 ad
1349 592 1490 645 hanc
1534 590 1828 659 aliquando
1864 589 2043 645 stulti-

471 684 601 739 tiam
650 685 932 740 devenisse
981 685 1296 753 opinantur,
1341 682 1688 751 annectitque
1716 679 2041 751 apologiam,

470 784 531 829 ut
558 776 928 831 universitatis
957 776 1204 830 conditor
1227 774 1393 845 318
1418 776 1596 845 justus
1616 774 1780 844 judex
1803 787 1923 830 esse
1944 790 2043 845 ap-

470 876 672 935 pareat.
704 887 722 919 ‹
743 867 936 921 Errant
958 886 977 919 ι
1000 867 1165 931 enim,
1182 866 1376 937 inquit,
1400 884 1419 918 ι
1440 882 1468 919 a
1489 882 1654 936 parvo
1673 868 1738 921 ad
1764 882 2040 937 maguum.

470 968 655 1013 errant
676 959 729 1012 in
753 958 1080 1013 montibus.»
1113 958 1251 1026 Quid
1274 973 1400 1013 vero
1427 959 1570 1013 istud
1593 960 1683 1024 sit,
1704 972 1769 1012 ex
1800 958 1929 1027 ipsis
1951 958 2043 1013 Dei

470 1048 646 1104 verbis
692 1048 885 1103 disces.
927 1047 1072 1103 Dixit
1102 1049 1244 1102 enim
1275 1048 1470 1103 alicubi
1499 1048 1689 1103 beatus
1733 1046 1997 1103 Jeremias
2026 1065 2038 1100 :

469 1137 631 1192 Vides
656 1152 775 1207 quae
807 1137 1050 1191 fecerunt
1078 1136 1208 1191 mihi
1234 1137 1426 1191 domus
1456 1135 1640 1202 Israel,
1684 1136 1938 1190 abierunt
1973 1134 2041 1187 ad

468 1244 686 1283 omnem
717 1239 955 1284 montem
983 1228 1277 1296 excelsum,
1309 1239 1363 1281 et
1397 1227 1448 1281 in
1479 1242 1693 1281 omnem
1725 1225 1915 1282 collem
1950 1241 2044 1281 ex-

468 1320 697 1387 celsum,
728 1331 784 1376 et
808 1323 908 1377 sub
941 1322 1088 1377 omni
1120 1321 1265 1392 ligno
1310 1321 1593 1385 frondoso,
1649 1328 1703 1374 et
1742 1319 1853 1374 illic
1880 1318 2044 1373 forni-

468 1414 576 1467 cati
602 1422 747 1469 sunt.
781 1414 1123 1484 Occupautes
1167 1414 1314 1468 enim
1354 1413 1568 1468 excelsa
1606 1412 1891 1477 montium,
1915 1426 2041 1469 aras

467 1514 521 1559 et
546 1505 764 1562 delubra
785 1518 1067 1577 pararunt.
1090 1507 1225 1561 Tum
1247 1504 1527 1561 et'formato
1551 1520 1647 1576 pro
1669 1521 1766 1561 suo
1783 1506 2040 1560 arbitratu

468 1594 634 1660 idolo,
657 1595 969 1651 obtulerunt
998 1598 1204 1653 hostias
1233 1598 1304 1664 ei,
1325 1609 1379 1652 et
1401 1599 1658 1667 religione
1680 1599 1858 1652 divina
1882 1615 2037 1667 pror-

467 1701 560 1742 sus
582 1688 842 1759 negIeCIa,
868 1690 1015 1760 ligno
1030 1691 1313 1745 dixerunt:
1340 1691 1497 1745 Pater
1519 1705 1668 1745 meus
1686 1706 1745 1745 es
1774 1699 1829 1743 tu
1854 1709 1866 1744 :
1900 1699 1953 1745 et
1970 1692 2044 1743 la-

466 1779 577 1849 pidi
610 1779 722 1834 :Tu
754 1782 983 1853 genuisti
1006 1799 1107 1836 me.
1134 1781 1401 1850 Numquid
1428 1799 1456 1837 a
1485 1784 1674 1852 paucis
1704 1786 1804 1837 hoc
1840 1784 2039 1837 factum

2144 602 2291 638 νοιαν
2322 585 2429 639 τῶν
2462 583 2522 650 ἐξ
2565 583 2827 655 ἐλαφρίας
2869 582 2979 635 ἐσθ’
3022 582 3110 635 ὅτε
3145 578 3279 651 πρὸς
3327 578 3485 632 τοῦτο
3519 577 3728 649 μωρίας

2145 676 2471 731 καθικέσθαι
2502 677 2972 749 προσδοκωμένων
2992 691 3005 705 '
3034 676 3127 729 καὶ
3172 674 3432 729 συνάπτει
3467 672 3565 743 τὴν
3595 672 3729 725 ἀπο-
3820 726 3823 735 ι

2142 767 2347 836 λογίαν,
2388 769 2476 823 ἵνα
2510 768 2766 838 φαίνηται
2792 766 2997 829 δίκαιος
3052 765 3245 838 κριτὴς
3272 766 3301 817 ὁ
3337 763 3445 817 τῶν
3473 763 3609 817 δλων
3632 762 3727 833 δη·-

2147 862 2426 932 μιουργός.
2462 880 2480 913 ι
2513 859 2830 915 Πλανῶνται
2864 880 2882 912 ι
2918 859 3047 931 γὰρ,
3083 860 3269 930 φησὶν,
3304 876 3322 909 ι
3363 856 3470 911 ἀπὸ
3526 856 3724 927 μικροῦ

2143 953 2247 1017 ἓως
2266 954 2522 1025 μεγάλου,
2540 952 2845 1006 πλανῶνται
2867 952 2960 1005 ἐπὶ
2986 949 3049 1003 τὰ
3064 949 3187 1022 ὄρη.
3201 969 3220 1001 ι
3237 948 3347 1002 Καὶ
3366 948 3418 1001 τί
3435 948 3498 1019 δὴ
3535 948 3723 1001 τοῦτον

2143 1046 2279 1109 ἐστὶ,
2305 1045 2361 1111 ἐξ
2381 1043 2559 1098 αὐτῶν
2582 1043 2844 1115 μαθήσεις
2884 1041 2994 1095 τῶν
3011 1041 3105 1094 τοῦ
3126 1040 3259 1095 Θεοῦ
3278 1040 3558 1112 ῥημάτων.
3581 1041 3722 1111 Ἔφη

2142 1138 2249 1207 γάρ
2280 1154 2377 1189 που
2403 1135 2537 1205 πρὸς
2553 1136 2644 1188 τὸν
2668 1133 2938 1205 μακάριον
2954 1133 3242 1204 προφήτην
3264 1131 3559 1203 Ἱερεμίαν’
3588 1132 3727 1195 Ἰδες

2142 1229 2178 1282 ὃ.
2199 1227 2455 1298 ἐποίησέν
2495 1246 2585 1298 μοι
2614 1228 2646 1298 ἡ
2681 1226 2931 1280 κατοικία
2951 1225 3044 1278 τοῦ
3088 1224 3321 1295 Ἰσραὴλ,
3340 1223 3611 1295 ἐπορεύθη
3633 1224 3724 1278 ἐπὶ⁸

2145 1326 2253 1377 πᾶν
2279 1322 2402 1393 ὅρος
2425 1321 2654 1391 enim,
2683 1321 2777 1373 καὶ
2806 1321 3066 1375 ὑποκάτω
3101 1320 3300 1382 παντὸς
3352 1319 3510 1386 ξύλου
3548 1317 3722 1372 ἀλσώ-

2142 1416 2285 1479 δους,
2312 1417 2408 1469 καὶ
2439 1414 2771 1484 ἐπόρνευσαν
2802 1414 2938 1466 ἐκεῖ.
2970 1411 3497 1483 Καταλαμϐάνοντες
3521 1409 3629 1481 γὰρ
3655 1408 3723 1463 τά

2144 1508 2322 1578 ὑψηλὰ
2338 1506 2446 1559 τῶν
2464 1506 2624 1578 ὀρῶν,
2645 1505 2867 1576 βουνούς
2884 1521 2943 1559 τε
2966 1505 3062 1559 καὶ
3077 1504 3278 1575 τεμένη
3300 1504 3719 1567 κατεσκεύαζον.

2142 1596 2273 1653 Εἶτα
2301 1599 2362 1653 τὸ
2393 1598 2583 1653 δοκοῦν
2619 1598 3012 1662 διαπλάσαντες
3051 1596 3286 1664 εἴδωλον,
3324 1594 3720 1668 προσεκόμιζον

2143 1693 2332 1756 θυσίας
2358 1692 2527 1763 αὐτῷ,
2569 1693 2660 1746 καὶ
2702 1691 2803 1761 τῆς
2852 1692 2932 1754 είς
2958 1689 3092 1744 Θεὸν
3141 1689 3419 1753 εὐσεϐείας
3459 1691 3539 1752 είς
3575 1689 3719 1743 ἅπαν

2143 1784 2495 1855 ηερειδηκότες
2515 1823 2530 1849 ,
2565 1782 2643 1853 τῷ
2674 1783 2813 1853 ξύλῳ
2852 1780 3033 1847 εἶπαν,
3068 1783 3149 1836 ὅτι
3181 1782 3367 1853 Πατήρ
3408 1797 3511 1852 μου
3541 1777 3592 1833 εἴ
3612 1781 3674 1833 σὺ
3700 1822 3716 1846 ,

467 1874 584 1927 est?
598 1872 967 1944 Nequaquam,
993 1877 1164 1945 inquit
1190 1895 1201 1929 :
1229 1892 1295 1930 ex
1325 1876 1469 1930 omni
1493 1877 1636 1930 enim
1665 1891 1860 1945 genere
1878 1877 2033 1931 homi-

2142 1877 2235 1929 καὶ
2253 1875 2331 1946 τῷ
2351 1877 2504 1947 λίθῳ,
2533 1878 2606 1930 Σὺ
2641 1875 2935 1947 ἐγέννησας
2966 1893 3053 1945 με.
3082 1871 3205 1946 Ἆρ’
3231 1869 3323 1927 οὖν
3345 1872 3514 1941 ὀλίγοι
3558 1871 3719 1925 τοῦτο

469 1980 697 2028 num,ex
718 1967 863 2021 omni
888 1967 1047 2022 domo
1071 1970 1221 2037 quasi
1255 1968 1661 2033 aberraverunt,
1687 1968 1834 2039 parvi
1857 1977 1911 2022 et
1930 1982 2041 2021 ma-

466 2057 613 2124 gni”.
635 2057 910 2126 Siquidem
941 2072 1129 2113 rursus
1160 2058 1450 2129 alloquitur
1478 2059 1696 2115 beatum
1725 2059 2039 2130 prophetam

466 2147 790 2206 Jeremiam:
815 2171 831 2203 ι
852 2150 919 2204 Ει
937 2161 990 2219 tu
1010 2153 1113 2208 noli
1127 2169 1285 2208 orare
1301 2168 1398 2223 pro
1409 2154 1602 2224 populo
1617 2154 1742 2220 isto,
1758 2162 1811 2208 et
1826 2152 1931 2209 noli
1950 2168 2040 2208 ro-

467 2255 596 2311 gare
626 2254 722 2308 pro
747 2241 851 2297 illis
900 2245 1301 2311 precationem,
1330 2254 1380 2300 et
1413 2246 1734 2310 orationem,
1779 2248 1902 2316 quia
1930 2262 2036 2302 non

465 2334 770 2388 esattdiam.
831 2337 1020 2391 Annon
1074 2336 1254 2403 vides,
1301 2338 1429 2407 quid
1473 2336 1549 2391 tui
1594 2338 1795 2392 iaciant
1823 2338 1875 2392 in
1904 2339 2038 2392 civi-

467 2422 668 2479 tatibus
715 2422 851 2479 Juda
880 2465 896 2491 ,
958 2435 1034 2511 et.
1062 2426 1114 2481 in
1160 2429 1262 2482 viis
1305 2426 1645 2483 Jerusalem?
1694 2428 1815 2483 Filii
1850 2443 2035 2483 eorum

464 2512 721 2582 colligunt
756 2515 918 2585 ligna,
964 2525 1019 2571 et
1050 2526 1231 2586 patres
1266 2532 1452 2572 eorum
1493 2518 1797 2574 accendunt
1831 2519 2034 2588 ignem,

464 2613 520 2659 et
545 2620 742 2662 uxores
786 2622 973 2663 eorum
1005 2609 1263 2680 subigunt
1298 2610 1549 2674 farinam,
1590 2620 1647 2665 ut
1678 2621 1870 2681 parent
1910 2612 2041 2666 bor-

464 2698 691 2753 deaceos
725 2713 889 2767 panes
918 2700 1123 2755 militiae
1160 2702 1303 2756 caeli.
1336 2702 1402 2756 Et
1448 2703 1757 2757 libaverunt
1785 2704 1892 2757 liba
1930 2704 2034 2758 diis

462 2786 683 2855 alienis,
716 2801 776 2843 ut
830 2792 895 2844 ad
926 2791 1062 2844 iram
1102 2793 1405 2846 excitarent
1437 2808 1522 2846 me
1540 2793 1581 2847 ³.
1614 2811 1633 2845 ι
1676 2792 1831 2848 Justo
1874 2793 2038 2862 igitur

463 2881 672 2937 calculo
693 2882 865 2952 puniti
893 2892 1037 2937 sunt.
1064 2883 1389 2939 Tribuentes
1414 2887 1557 2940 enim
1584 2898 1849 2942 creatura:
1874 2903 2035 2943 vene-

463 2973 749 3039 rationem,
782 2983 838 3029 et
864 2975 1118 3043 operibus
1148 2992 1367 3031 suarum
1416 2992 1675 3031 manuum
1712 2979 2028 3043 servientes,

464 3064 563 3133 ipsi
598 3066 650 3120 in
670 3080 764 3120 sua
795 3068 974 3136 capita
1012 3068 1250 3123 divinam
1287 3069 1422 3124 iram
1450 3071 1881 3125 transfuderunt.
1915 3070 2029 3125 Non

459 3156 602 3210 enim
645 3156 846 3227 injuste
914 3160 1206 3214 tenduntur
1268 3161 1400 3215 retia
1456 3160 1801 3228 volucribus,
1870 3163 2027 3218 sicuti

2140 1968 2503 2034 πεπόνθασινς
2536 1968 2819 2039 Οὐδαμῶς,
2851 1967 3009 2039 φησί’
3042 1967 3300 2036 παγγενεὶ
3337 1967 3445 2037 γάρ
3466 1966 3557 2019 καὶ
3583 1982 3717 2020 παν-

2137 2060 2247 2113 οικὶ
2280 2059 2651 2131 πεπλάνηνται
2700 2061 2885 2132 μικροὶ
2919 2060 3011 2113 καὶ
3051 2058 3293 2130 μεγάλοι.
3321 2059 3431 2111 Καὶ¹
3451 2055 3581 2127 γοῦν
3609 2057 3713 2127 ἐφη

2139 2150 2302 2204 πάλιν
2329 2150 2465 2223 πρὸς
2491 2151 2582 2204 τὸν
2614 2152 2883 2224 μακάριον
2914 2153 3198 2222 προφήτην
3230 2151 3496 2222 Ἱερεμίαν
3519 2166 3533 2181 ο
3569 2168 3588 2201 ι
3607 2149 3713 2202 Καί

2141 2259 2205 2295 συ
2234 2244 2309 2313 μὴ
2337 2243 2640 2315 προσεύχου
2667 2245 2796 2315 περὶ
2825 2244 2919 2297 τοῦ
2941 2243 3068 2297 λαοῦ
3098 2243 3309 2309 τούτου,
3334 2243 3424 2297 καὶ
3460 2242 3532 2315 μὴ
3564 2241 3713 2309 ἀξίου

2140 2334 2267 2405 περὶ
2292 2333 2469 2388 αὐτῶν
2502 2338 2559 2390 ἐν
2585 2336 2765 2407 δεήσει
2795 2337 2889 2388 καὶ
2913 2338 3207 2406 προσευχῇ,
3232 2335 3313 2389 δτι
3344 2336 3441 2388 οὐκ
3471 2334 3716 2389 εἰσακού-

2139 2441 2325 2495 σομαι.
2366 2428 2436 2479 Ἢ
2464 2427 2562 2498 οὐχ
2583 2427 2715 2499 δρᾷς
2734 2428 2787 2480 τί
2816 2421 2963 2480 οὗτοι
2993 2426 3235 2481 ποιοῦσιν
3263 2429 3321 2481 ἐν
3348 2430 3467 2492 ταῖς
3502 2428 3715 2481 πόλεσιν

2155 2515 2343 2583 Ἰούδα,
2370 2517 2465 2570 καὶ
2494 2517 2551 2571 ὲν
2584 2520 2705 2582 ταῖς
2724 2517 2863 2581 ὁδοῖς
2896 2518 3287 2591 Ἰερουσαλήμς
3321 2521 3382 2572 Oi
3407 2520 3512 2572 uiol.
3540 2519 3716 2573 αὐτῶν

2140 2606 2457 2674 συλλέγουσι
2498 2606 2649 2673 ξύλα,
2684 2609 2777 2661 καὶ
2806 2610 2855 2661 oi
2888 2608 3120 2679 πατέρες
3147 2608 3324 2661 αὐτῶν
3350 2609 3561 2662 καίουσι
3582 2608 3712 2679 πῦρ’

2143 2698 2235 2752 καὶ
2271 2700 2328 2752 αἱ
2361 2703 2618 2769 γυναῖκες
2657 2700 2837 2754 αὐτῶν
2883 2701 3129 2771 τρίϐουσι
3163 2704 3316 2766 σταῖς
3365 2701 3457 2755 τοῦ
3494 2702 3714 2772 ποιῆσαι

2136 2790 2385 2860 χλυῶνας
2409 2795 2475 2863 τῇ
2511 2795 2739 2864 στρατιᾷ
2760 2792 2852 2845 τοῦ
2883 2793 3136 2865 οὗρανοῦο
3160 2795 3251 2847 καὶ
3282 2793 3540 2865 ἐποίησαν
3560 2811 3717 2847 σπον-

2134 2882 2231 2946 δὰς
2261 2884 2405 2947 θεοῖς
2437 2885 2755 2956 ἀλλοτρίοις,
2814 2886 2901 2939 ἵνα
2954 2887 3327 2958 παροργίσωσί
3383 2905 3469 2958 με.
3501 2907 3520 2940 ι
3562 2888 3716 2959 Ὀσίᾳ

2133 2974 2195 3045 δὴ
2213 2972 2304 3028 οὖν
2337 2977 2738 3048 τετιμώρηνται
2766 2978 2949 3049 ψήφῳ.
2982 2979 3295 3043 Ἀναθέντες
3314 2981 3423 3051 γὰρ
3442 2983 3507 3052 τῇ
3539 2981 3716 3034 κτίσει

2132 3064 2193 3115 τὸ
2229 3065 2392 3126 σέϐας
2438 3067 2670 3130 καὶτοῖς
2709 3068 2890 3138 ἔργοις
2918 3069 3025 3123 τῶν
3063 3070 3208 3123 ἰδίων
3254 3070 3448 3142 χειρῶν
3488 3071 3716 3143 λατρεύ-

2134 3171 2344 3222 σαντες,
2364 3158 2646 3221 αύτοὶταῖς
2668 3159 2894 3224 οἰκείαις
2918 3161 3258 3231 ὲπήντλησαν
3273 3163 3534 3232 κεφαλαῖς
3558 3164 3625 3217 τά
3652 3165 3716 3217 ἐκ

461 3248 850 3316 scriptumest:
896 3259 951 3304 et
976 3251 1152 3320 pinnis
1187 3251 1525 3307 subditDeus
1545 3267 1667 3307 eum
1693 3252 1786 3323 qui
1806 3254 2029 3325 gloriam

2136 3245 2284 3310 θείας
2320 3250 2511 3319 ὀργῆς.
2543 3252 2616 3303 Ού
2647 3251 2754 3323 γὰρ
2789 3251 2989 3316 ἀδίκως
3027 3254 3321 3308 ἐκτείνεται
3363 3256 3553 3309 δίκτυα
3588 3274 3714 3310 πτε-

460 3352 612 3392 suam
671 3339 997 3395 contumelia
1043 3340 1224 3406 allicit,
1256 3352 1311 3396 et
1348 3343 1438 3412 qui
1472 3344 1704 3399 erratica
1754 3359 1929 3400 mente
1963 3347 2030 3401 ad

2136 3343 2345 3410 ρωτοῖς,
2378 3342 2518 3396 κατὰ
2544 3345 2604 3396 τὸ
2641 3346 3055 3415 γεγραμμένοντ
3101 3349 3195 3400 καὶ
3217 3352 3425 3412 ποιναῖς
3452 3350 3712 3420 ὑποφέρει

458 3443 673 3483 omnem
696 3429 992 3487 fmditatem
1030 3431 1320 3489 delabitur.

2136 3431 2265 3494 Θεὸς
2288 3432 2378 3484 τὸν
2416 3434 2755 3504 ἀτιμάζοντα
2780 3436 2876 3507 τὴν
2905 3436 3061 3502 δόξαν
3081 3437 3242 3491 αὐτοῦ
3267 3480 3279 3503 ,
3323 3441 3723 3516 πεπλανημένη

535 3693 697 3749 Vsus.
751 3691 865 3748 6-8.
923 3691 1172 3749 Elamita:
1210 3712 1330 3751 vero
1366 3706 1671 3767 acceperunt
1718 3697 2029 3766 pharetras,

458 3784 865 3838 conscenderunt
904 3783 1141 3839 homines
1179 3802 1336 3855 super
1382 3803 1562 3857 equos,
1598 3798 1646 3842 et
1680 3799 2030 3844 convenerunt

458 3876 527 3927 ad
558 3890 804 3945 pugnam.
838 3875 907 3929 Et
949 3886 1100 3930 erunt
1149 3861 1323 3931 electa:
1378 3879 1536 3933 valles
1584 3891 1691 3934 tua:
1718 3897 1736 3934 :
1777 3892 1822 3934 et
1852 3882 2033 3951 imple-

459 3965 652 4018 bantur
683 3964 943 4031 curribus,
974 3983 1037 4019 ac
1059 3968 1253 4039 equites
1272 3968 1579 4037 appilabunt
1612 3982 1792 4039 portas
1813 3981 1951 4039 tuas,
1984 3983 2032 4028 et

457 4058 772 4128 patefaciant
800 4070 978 4125 partas
1006 4057 1041 4113 ,Ι
1048 4061 1151 4113 uda
1171 4100 1186 4124 ,
1217 4072 1263 4115 et
1294 4062 1567 4128 inspiciam
1610 4064 1694 4117 die
1721 4064 1815 4119 illa
1842 4066 2031 4121 electas

456 4152 637 4202 domos
666 4150 909 4217 ciuitatis,
938 4158 988 4204 et
1012 4161 1235 4222 relegem
1254 4153 1563 4209 abscondita
1589 4156 1870 4213 domorum
1892 4162 2031 4216 arcis

456 4236 650 4292 David.

525 4420 829 4491 Ampliticat
879 4423 1243 4479 narrationem
1268 4465 1282 4489 ,
1307 4436 1363 4481 et
1412 4426 1534 4483 belli
1567 4430 1830 4485 assultum
1867 4433 2027 4488 modo

452 4527 559 4568 non
616 4513 879 4584 depingit,
915 4530 979 4569 ac
1034 4524 1240 4573 terrore
1292 4520 1564 4576 auditores
1616 4522 1892 4592 percellit,
1937 4540 2031 4579 eos

2132 3539 2189 3575 τε
2224 3522 2417 3597 γνώμῃ
2451 3525 2588 3597 πρὸς
2621 3528 2729 3585 πᾶν
2777 3527 2954 3581 ὁτιοῦν
2995 3526 3104 3580 τῶν
3145 3530 3388 3584 ἐκτόπων
3421 3533 3713 3586 ἀπονενευ-

2135 3613 2290 3670 κότα.

2198 3708 2261 3759 Ol
2310 3706 2378 3758 δὲ
2428 3706 2736 3776 Ἐλαμῖται
2777 3708 2998 3764 ἔλαϐον
3056 3713 3386 3782 φαρέτρας,
3426 3715 3713 3772 ἀναϐἁῗαι

2132 3796 2425 3865 ἅνθρωποι
2455 3799 2545 3867 ἐφ’
2565 3798 2793 3866 ἵπποις,
2828 3803 2926 3855 καὶ
2956 3804 3277 3875 συναγωγὴ
3309 3807 3710 3876 παρατάξεως.

2131 3888 2241 3942 Καὶ
2277 3890 2519 3943 ἔσονται
2546 3894 2603 3944 αἱ
2632 3892 2911 3947 ἐκλεκταὶ
2940 3896 3240 3967 φάραγγές
3268 3914 3404 3965 σου,
3440 3903 3713 3969 πλησθή-

2132 3995 2344 4034 σονται
2366 3982 2661 4051 ἁρμάτων,
2689 3988 2743 4038 οἱ
2770 3985 2839 4038 δὲ
2865 3987 3064 4055 ἱππεῖς
3078 3989 3452 4060 ἐμφράξουσι
3479 3992 3584 4059 τὰς
3602 3996 3713 4049 πύ-

2131 4076 2247 4138 λας
2280 4086 2418 4137 σου,
2463 4074 2562 4129 καὶ
2610 4077 3076 4147 ἀνακαλύψουσι
3112 4082 3217 4149 τὰς
3252 4085 3450 4153 πύλας
3494 4086 3709 4142 Ἰούδα’

2131 4164 2231 4217 καὶ
2264 4164 2672 4235 ἐμϐλέψονται
2703 4167 2780 4237 τῇ
2810 4169 2997 4239 ἡμέρᾳ
3023 4170 3227 4242 ἐκείνῃ
3259 4177 3349 4242 εἰς
3379 4175 3521 4244 τοὺς
3546 4177 3711 4232 ἐκλε-

2131 4253 2313 4319 κτοὺς
2343 4254 2550 4323 οἴκους
2578 4255 2688 4325 τῆς
2721 4259 2975 4326 πόλεως,
3008 4261 3106 4315 καὶ
3135 4263 3603 4335 ἀνακαλὺψουσι
3642 4269 3711 4323 τὰ

2131 4346 2363 4415 κρυπτὰ
2382 4345 2500 4401 τῶν
2525 4350 2710 4403 οἴκων
2731 4350 2840 4419 τῆς
2871 4350 3058 4420 ἄκρας
3094 4354 3295 4410 Δαϐίδ.

2204 4436 2299 4498 Εἰς
2333 4435 2466 4505 ὕψος
2499 4436 2644 4507 αἴρει
2665 4437 2731 4491 τὰ
2748 4438 3084 4509 διηγήματα,
3109 4440 3315 4495 καὶτοῦ
3351 4442 3585 4512 πολέμου
3610 4442 3709 4514 τὴν

2132 4526 2319 4595 ἔφοδον
2351 4530 2634 4599 μονονουχὶ
2679 4530 2984 4601 ζωγραφεῖ,
3018 4533 3112 4586 καὶ
3146 4536 3443 4588 καταπτοεῖ
3462 4538 3575 4599 τοῖς
3608 4534 3707 4588 δεί-

450 4602 744 4659 artiﬁciose
774 4604 928 4673 quasi
964 4619 1239 4672 coercens,
1277 4623 1341 4663 ac
1380 4610 1433 4662 in
1468 4619 1678 4665 arctuut
1706 4627 1921 4681 cogens,
1970 4623 2027 4667 ut

2136 4635 2266 4686 μασι
2288 4619 2412 4681 τοὺς
2438 4620 2840 4690 ἀκροωμένους,
2876 4621 3214 4678 συνελαύνων
3238 4624 3501 4695 εύτεχνῶς
3534 4627 3624 4679 ἐπί
3645 4644 3707 4696 γε

450 4693 822 4762 paenitentiam
846 4706 1029 4765 agant,
1050 4712 1223 4766 eaque
1253 4699 1557 4770 dicitquasi
1581 4702 1694 4771 jam
1730 4715 2023 4771 prmsentes

450 4792 695 4841 catervas
732 4794 789 4841 et
820 4800 919 4855 pro
949 4788 1123 4857 portis
1167 4788 1395 4846 videret.
1435 4792 1679 4848 Elautita:
1710 4793 1875 4865 319
1900 4805 2026 4851 sunt

452 4876 606 4944 quasi
635 4893 702 4933 ex
725 4878 944 4953 civitate
972 4878 1221 4946 Persica,
1269 4883 1362 4953 qui
1402 4899 1466 4938 ex
1512 4899 1571 4938 ea
1602 4900 1793 4940 nomen
1850 4888 2024 4942 sortiti

451 4978 598 5024 sunt.
624 4970 792 5025 Aiunt
836 4973 1000 5027 etiam
1025 4975 1265 5044 quidam,
1297 4977 1507 5047 equites
1549 4978 1668 5032 illos
1696 4994 1817 5034 esse
1859 4980 2026 5035 Sara-

451 5076 631 5127 cenos,
690 5072 923 5133 suntque
967 5064 1022 5119 hi
1056 5076 1338 5135 equestres
1371 5068 1672 5139 sagittarii,
1704 5069 2023 5125 dexterrimi

449 5166 513 5206 ac
561 5152 920 5226 peritissimi,
970 5158 1149 5227 asperi
1194 5167 1249 5213 et
1280 5157 1636 5227 iuﬂexibiles,
1672 5169 1726 5215 et
1778 5162 2023 5218 misereri

452 5242 641 5297 nescii.
687 5243 841 5310 Quod
869 5255 1049 5301 autem
1080 5249 1191 5304 sint
1221 5249 1643 5307 innumerabiles
1664 5292 1681 5317 ,
1721 5252 1914 5317 docet,
1944 5255 2024 5308 iu-

450 5332 644 5402 quiens
696 5351 711 5387 :
763 5335 961 5392 Eiectat
991 5338 1157 5394 valles
1199 5348 1301 5394 tuae
1344 5341 1695 5411 replebuntur
1748 5345 2021 5412 curribus,

450 5433 505 5478 et
549 5423 866 5494 oppilabunt
903 5430 1121 5497 equites
1166 5440 1356 5501 portas
1401 5442 1640 5498 tuas,ut
1680 5435 1773 5505 qui
1820 5436 2028 5507 ingredi

449 5515 637 5569 volunt
688 5517 840 5571 miris
906 5530 1224 5588 premantur
1284 5538 1348 5579 ac
1408 5526 1697 5596 cingantur
1738 5530 2023 5598 angustiis.

450 5604 816 5676 Irrumpentes
851 5621 1028 5668 autem
1053 5614 1107 5668 in
1139 5630 1356 5671 omnem
1410 5618 1628 5673 domum
1661 5619 2025 5689 splendidam,

2130 4708 2191 4760 τὸ
2207 4709 2409 4780 χρῆναι
2430 4710 2646 4764 ἑλέσθαι
2675 4716 2957 4782 μετανοεῖν
2982 4732 2997 4746 ο
3021 4714 3213 4768 ούκοῦν
3240 4717 3314 4779 ὡς
3334 4717 3431 4788 ἤδη
3456 4717 3523 4771 τά
3548 4717 3706 4790 στίφη

2134 4798 2376 4867 παρόντα
2410 4800 2847 4873 καταθεώμενος,
2880 4804 3010 4857 εἴσω
3041 4822 3100 4857 τε
3142 4806 3323 4859 πυλῶν
3350 4808 3607 4876 γεγονότα
3640 4811 3707 4865 τά

2131 4888 2307 4941 τοιάδε
2339 4891 2519 4961 φησίν.
2540 4892 2823 4963 Ἐλαμῖται
2850 4894 2907 4947 δὲ
2926 4894 3002 4958 ὡς
3028 4895 3133 4949 ἀπὸ
3159 4898 3364 4962 πόλεως
3397 4900 3698 4972 Περσικῆς,

2131 4980 2181 5032 οἳ
2211 4979 2271 5044 ἐξ
2300 4982 2468 5051 αὐτῆς
2496 4982 2874 5053 ὀνομάζονται.
2912 4987 3049 5040 Φασὶ
3065 4987 3121 5040 δέ
3169 5006 3314 5054 τινες
3355 4990 3584 5057 ἱππότας
3611 4994 3705 5047 αύ-

2126 5072 2251 5134 τοὺς
2281 5066 2419 5126 εἶναι
2445 5073 2815 5145 Σαρακηνοίις,
2845 5077 3189 5143 ἱπποτοξόται
3221 5080 3276 5133 δὲ
3303 5073 3448 5136 οὗτοι
3475 5084 3569 5138 καὶ
3601 5085 3705 5138 τῶν

2125 5160 2262 5229 ἄγαν
2296 5163 2728 5235 εὐστοχωτάτων,
2756 5168 2979 5240 σκληροί
3004 5187 3061 5224 τε
3087 5173 3179 5224 καὶ
3195 5172 3493 5244 ἀκαμπεῖς,
3523 5177 3614 5230 καὶ
3645 5178 3705 5231 τὸ

2124 5252 2293 5305 ἐλεεῖν
2331 5254 2431 5308 οὐκ
2472 5256 2691 5323 εἰδότες.
2748 5260 2870 5313 Ὀτι
2895 5260 2953 5315 δὲ
2982 5261 3076 5314 καὶ
3123 5263 3357 5335 ἀριθμοῦ
3402 5267 3703 5339 κρείττονες

2127 5347 2365 5401 διδάσκει
2398 5349 2574 5418 λέγων
2595 5369 2608 5382 ·
2639 5353 2704 5405 Αἱ
2739 5354 2991 5409 ἐκλεκταὶ
3025 5356 3307 5426 φάραγγές
3352 5377 3443 5412 σου
3474 5361 3701 5433 πλησθή·

2130 5457 2311 5494 σονται
2343 5442 2624 5513 ἁρμάτων,
2658 5446 2771 5511 καὶ,
2791 5447 2873 5499 δτι
2903 5447 3273 5519 ἐμφράξουσιν
3301 5451 3351 5503 οί
3383 5452 3570 5516 ἱππεῖς
3605 5452 3703 5517 τὰς

2129 5531 2303 5595 πύλας
2349 5550 2464 5600 σου,
2505 5536 2580 5598 ὡς
2638 5540 3087 5610 στενοχωρεῖσθαι
3134 5541 3250 5594 λίαν
3282 5541 3407 5606 τοὺς
3461 5543 3701 5599 ἐλαύνειν

2129 5624 2407 5689 ἐθέλοντας
2429 5643 2441 5657 ο
2475 5628 2900 5698 εἰσπηδήσαντες
2919 5629 2975 5683 δὲ
3012 5632 3187 5686 πᾶσαν
3211 5632 3385 5690 οἰκίαν
3413 5636 3699 5709 περιεργά-

518 5783 543 5816 ¹
566 5781 767 5846 Jercm.
797 5807 874 5857 ni,
912 5792 942 5847 6
977 5807 1164 5863 seqq;
1198 5810 1258 5863 ιι,
1289 5794 1357 5850 27
1387 5809 1536 5867 seqq.
1615 5796 1851 5858 ’Jcrcm.
1893 5817 1982 5869 vn,
2027 5800 2088 5857 16
2121 5819 2271 5875 seqq.
