  <div class='ocr_page' id='page_1' title='image "/cluster/home/n/w/nwhite01/storage/ocr_20150623/70/nnc1.0046980253/272.png"; bbox 0 0 4148 6378; ppageno 0'>
   <div class='ocr_carea' id='block_1_1' title="bbox 417 333 520 392">
    <p class='ocr_par' dir='ltr' id='par_1_1' title="bbox 417 333 520 392">
     <span class='ocr_line' id='line_1_1' title="bbox 417 333 520 392; baseline -0.01 0"><span class='ocrx_word' id='word_1_1' title='bbox 417 333 520 392; x_wconf 78' lang='lat'><strong>509</strong></span> 
     </span>
    </p>
   </div>
   <div class='ocr_carea' id='block_1_2' title="bbox 1505 345 2500 406">
    <p class='ocr_par' dir='ltr' id='par_1_2' title="bbox 1505 345 2500 406">
     <span class='ocr_line' id='line_1_2' title="bbox 1505 345 2500 406; baseline 0 -5"><span class='ocrx_word' id='word_1_2' title='bbox 1505 345 1570 404; x_wconf 78' lang='grc' dir='ltr'><strong>ΙΝ</strong></span> <span class='ocrx_word' id='word_1_3' title='bbox 1611 349 1846 406; x_wconf 77' lang='lat' dir='ltr'><strong>lSAlAM</strong></span> <span class='ocrx_word' id='word_1_4' title='bbox 1886 349 2012 404; x_wconf 85' lang='lat' dir='ltr'><strong>LIB.</strong></span> <span class='ocrx_word' id='word_1_5' title='bbox 2056 347 2116 404; x_wconf 81' lang='lat' dir='ltr'><strong>II.</strong></span> <span class='ocrx_word' id='word_1_6' title='bbox 2159 346 2396 405; x_wconf 76' lang='lat' dir='ltr'><strong>TOMUS</strong></span> <span class='ocrx_word' id='word_1_7' title='bbox 2437 347 2500 403; x_wconf 73' lang='grc' dir='ltr'><strong>ν.</strong></span> 
     </span>
    </p>
   </div>
   <div class='ocr_carea' id='block_1_3' title="bbox 3565 349 3670 405">
    <p class='ocr_par' dir='ltr' id='par_1_3' title="bbox 3565 349 3670 405">
     <span class='ocr_line' id='line_1_3' title="bbox 3565 349 3670 405; baseline -0.019 -1"><span class='ocrx_word' id='word_1_8' title='bbox 3565 349 3670 405; x_wconf 80' lang='grc'><strong>510</strong></span> 
     </span>
    </p>
   </div>
   <div class='ocr_carea' id='block_1_4' title="bbox 419 455 1987 547">
    <p class='ocr_par' dir='ltr' id='par_1_4' title="bbox 419 455 1987 538">
     <span class='ocr_line' id='line_1_4' title="bbox 419 455 1987 538; baseline 0.01 -32"><span class='ocrx_word' id='word_1_9' title='bbox 419 471 597 508; x_wconf 79' lang='grc' dir='ltr'>σονται</span> <span class='ocrx_word' id='word_1_10' title='bbox 656 455 930 527; x_wconf 72' lang='grc' dir='ltr'>λαμπρὰν,</span> <span class='ocrx_word' id='word_1_11' title='bbox 981 458 1386 530; x_wconf 67' lang='grc' dir='ltr'>ἀνακαλύψουσι</span> <span class='ocrx_word' id='word_1_12' title='bbox 1421 463 1477 517; x_wconf 81' lang='grc' dir='ltr'><strong>δὲ</strong></span> <span class='ocrx_word' id='word_1_13' title='bbox 1525 467 1593 520; x_wconf 73' lang='grc' dir='ltr'>τὰ</span> <span class='ocrx_word' id='word_1_14' title='bbox 1629 469 1846 538; x_wconf 78' lang='grc' dir='ltr'>κρυπτὰ</span> <span class='ocrx_word' id='word_1_15' title='bbox 1880 469 1987 522; x_wconf 88' lang='grc' dir='ltr'><strong>τῶν</strong></span> 
     </span>
    </p>
   </div>
   <div class='ocr_carea' id='block_1_5' title="bbox 2090 455 3669 547">
    <p class='ocr_par' dir='ltr' id='par_1_5' title="bbox 2105 467 3669 538">
     <span class='ocr_line' id='line_1_5' title="bbox 2105 467 3669 538; baseline 0.002 -17"><span class='ocrx_word' id='word_1_16' title='bbox 2105 469 2322 523; x_wconf 86' lang='lat' dir='ltr'><strong>curiose</strong></span> <span class='ocrx_word' id='word_1_17' title='bbox 2355 469 2777 538; x_wconf 82' lang='lat' dir='ltr'><strong>pertustrabnnt,</strong></span> <span class='ocrx_word' id='word_1_18' title='bbox 2825 476 2878 520; x_wconf 89' lang='lat' dir='ltr'><strong>et</strong></span> <span class='ocrx_word' id='word_1_19' title='bbox 2936 475 3180 536; x_wconf 80' lang='lat' dir='ltr'><strong>retegent</strong></span> <span class='ocrx_word' id='word_1_20' title='bbox 3222 467 3540 523; x_wconf 85' lang='lat' dir='ltr'><strong>abscondita</strong></span> <span class='ocrx_word' id='word_1_21' title='bbox 3568 469 3669 524; x_wconf 87' lang='lat' dir='ltr'><strong>do-</strong></span> 
     </span>
    </p>
   </div>
   <div class='ocr_carea' id='block_1_6' title="bbox 415 545 1993 620">
    <p class='ocr_par' dir='ltr' id='par_1_6' title="bbox 415 545 1993 620">
     <span class='ocr_line' id='line_1_6' title="bbox 415 545 1993 620; baseline 0.011 -24"><span class='ocrx_word' id='word_1_22' title='bbox 415 545 576 600; x_wconf 73' lang='grc' dir='ltr'>οἴκων</span> <span class='ocrx_word' id='word_1_23' title='bbox 603 551 702 618; x_wconf 84' lang='grc' dir='ltr'>τῆς</span> <span class='ocrx_word' id='word_1_24' title='bbox 729 549 904 620; x_wconf 80' lang='grc' dir='ltr'>ἄκρας</span> <span class='ocrx_word' id='word_1_25' title='bbox 931 551 1118 614; x_wconf 76' lang='grc' dir='ltr'>Δαὸὶδ,</span> <span class='ocrx_word' id='word_1_26' title='bbox 1159 553 1303 606; x_wconf 79' lang='grc' dir='ltr'>τοῦτ’</span> <span class='ocrx_word' id='word_1_27' title='bbox 1335 554 1470 620; x_wconf 76' lang='grc' dir='ltr'>ἔστι,</span> <span class='ocrx_word' id='word_1_28' title='bbox 1511 558 1601 610; x_wconf 87' lang='grc' dir='ltr'><strong>τὸν</strong></span> <span class='ocrx_word' id='word_1_29' title='bbox 1629 561 1860 613; x_wconf 79' lang='grc' dir='ltr'>πλοῦτον</span> <span class='ocrx_word' id='word_1_30' title='bbox 1885 562 1993 614; x_wconf 88' lang='grc' dir='ltr'><strong>τῶν</strong></span> 
     </span>
    </p>
   </div>
   <div class='ocr_carea' id='block_1_7' title="bbox 418 636 1994 724">
    <p class='ocr_par' dir='ltr' id='par_1_7' title="bbox 418 636 1994 724">
     <span class='ocr_line' id='line_1_7' title="bbox 418 636 1994 724; baseline 0.012 -35"><span class='ocrx_word' id='word_1_31' title='bbox 418 636 696 706; x_wconf 84' lang='grc' dir='ltr'>βασιλέων.</span> <span class='ocrx_word' id='word_1_32' title='bbox 744 641 1084 698; x_wconf 80' lang='grc' dir='ltr'>Ἑϐασίλευον</span> <span class='ocrx_word' id='word_1_33' title='bbox 1103 644 1210 716; x_wconf 76' lang='grc' dir='ltr'><strong>γὰρ</strong></span> <span class='ocrx_word' id='word_1_34' title='bbox 1242 649 1290 698; x_wconf 77' lang='lat' dir='ltr'><strong>oi</strong></span> <span class='ocrx_word' id='word_1_35' title='bbox 1323 648 1385 700; x_wconf 81' lang='grc' dir='ltr'><strong>ὲκ</strong></span> <span class='ocrx_word' id='word_1_36' title='bbox 1417 650 1588 720; x_wconf 78' lang='grc' dir='ltr'>φυλῆς</span> <span class='ocrx_word' id='word_1_37' title='bbox 1624 649 1808 718; x_wconf 83' lang='grc' dir='ltr'>Ἰούδα,</span> <span class='ocrx_word' id='word_1_38' title='bbox 1840 653 1897 719; x_wconf 77' lang='grc' dir='ltr'>ἐξ</span> <span class='ocrx_word' id='word_1_39' title='bbox 1927 649 1994 724; x_wconf 83' lang='grc' dir='ltr'>ἧς</span> 
     </span>
    </p>
   </div>
   <div class='ocr_carea' id='block_1_8' title="bbox 415 730 1995 816">
    <p class='ocr_par' dir='ltr' id='par_1_8' title="bbox 415 730 1995 816">
     <span class='ocr_line' id='line_1_8' title="bbox 415 730 1995 816; baseline 0.01 -34"><span class='ocrx_word' id='word_1_40' title='bbox 415 730 606 798; x_wconf 82' lang='grc' dir='ltr'>γέγονε</span> <span class='ocrx_word' id='word_1_41' title='bbox 641 733 734 786; x_wconf 65' lang='grc' dir='ltr'><strong>καὶ¹</strong></span> <span class='ocrx_word' id='word_1_42' title='bbox 777 735 805 786; x_wconf 83' lang='grc' dir='ltr'><em>ὁ</em></span> <span class='ocrx_word' id='word_1_43' title='bbox 838 735 1103 806; x_wconf 82' lang='grc' dir='ltr'>μακάριος</span> <span class='ocrx_word' id='word_1_44' title='bbox 1142 739 1326 794; x_wconf 76' lang='grc' dir='ltr'>Δαϐίδ.</span> <span class='ocrx_word' id='word_1_45' title='bbox 1367 739 1470 793; x_wconf 71' lang='grc' dir='ltr'><strong>Καὶ</strong></span> <span class='ocrx_word' id='word_1_46' title='bbox 1518 744 1675 796; x_wconf 78' lang='grc' dir='ltr'>ταυτὶ</span> <span class='ocrx_word' id='word_1_47' title='bbox 1712 745 1809 814; x_wconf 84' lang='grc' dir='ltr'>μὲν</span> <span class='ocrx_word' id='word_1_48' title='bbox 1861 746 1995 816; x_wconf 80' lang='grc' dir='ltr'>πρὸς</span> 
     </span>
    </p>
   </div>
   <div class='ocr_carea' id='block_1_9' title="bbox 419 821 1995 909">
    <p class='ocr_par' dir='ltr' id='par_1_9' title="bbox 419 821 1995 909">
     <span class='ocr_line' id='line_1_9' title="bbox 419 821 1995 909; baseline 0.011 -37"><span class='ocrx_word' id='word_1_49' title='bbox 419 821 654 891; x_wconf 78' lang='grc' dir='ltr'>ἱστορίαν</span> <span class='ocrx_word' id='word_1_50' title='bbox 680 825 918 896; x_wconf 78' lang='grc' dir='ltr'>εἰρήσθω</span> <span class='ocrx_word' id='word_1_51' title='bbox 951 827 1130 882; x_wconf 82' lang='grc' dir='ltr'>πάλιν.</span> <span class='ocrx_word' id='word_1_52' title='bbox 1169 830 1230 882; x_wconf 82' lang='lat' dir='ltr'><strong>Ei</strong></span> <span class='ocrx_word' id='word_1_53' title='bbox 1267 831 1322 884; x_wconf 82' lang='grc' dir='ltr'><strong>δὲ</strong></span> <span class='ocrx_word' id='word_1_54' title='bbox 1347 831 1410 903; x_wconf 85' lang='grc' dir='ltr'>δὴ</span> <span class='ocrx_word' id='word_1_55' title='bbox 1435 835 1526 886; x_wconf 76' lang='grc' dir='ltr'>καὶ</span> <span class='ocrx_word' id='word_1_56' title='bbox 1547 835 1817 906; x_wconf 84' lang='grc' dir='ltr'>πολεμίων</span> <span class='ocrx_word' id='word_1_57' title='bbox 1840 837 1995 909; x_wconf 86' lang='grc' dir='ltr'>δίκην</span> 
     </span>
    </p>
   </div>
   <div class='ocr_carea' id='block_1_10' title="bbox 415 912 1994 998">
    <p class='ocr_par' dir='ltr' id='par_1_10' title="bbox 415 912 1994 998">
     <span class='ocr_line' id='line_1_10' title="bbox 415 912 1994 998; baseline 0.012 -36"><span class='ocrx_word' id='word_1_58' title='bbox 415 912 749 968; x_wconf 79' lang='grc' dir='ltr'>εἰσελάσειαν</span> <span class='ocrx_word' id='word_1_59' title='bbox 799 917 878 978; x_wconf 86' lang='grc' dir='ltr'>εἰς</span> <span class='ocrx_word' id='word_1_60' title='bbox 929 917 1052 971; x_wconf 80' lang='grc' dir='ltr'>νοῦν</span> <span class='ocrx_word' id='word_1_61' title='bbox 1102 920 1193 973; x_wconf 83' lang='grc' dir='ltr'><strong>τὸν</strong></span> <span class='ocrx_word' id='word_1_62' title='bbox 1252 922 1592 994; x_wconf 86' lang='grc' dir='ltr'>ἀνθρώπινον</span> <span class='ocrx_word' id='word_1_63' title='bbox 1639 926 1671 998; x_wconf 85' lang='grc' dir='ltr'>ἢ</span> <span class='ocrx_word' id='word_1_64' title='bbox 1719 927 1994 998; x_wconf 83' lang='grc' dir='ltr'><strong>λογισμῶν</strong></span> 
     </span>
    </p>
   </div>
   <div class='ocr_carea' id='block_1_11' title="bbox 415 1004 1994 1093">
    <p class='ocr_par' dir='ltr' id='par_1_11' title="bbox 415 1004 1994 1093">
     <span class='ocr_line' id='line_1_11' title="bbox 415 1004 1994 1093; baseline 0.013 -38"><span class='ocrx_word' id='word_1_65' title='bbox 415 1004 688 1058; x_wconf 83' lang='grc' dir='ltr'>ἀσυνέτων</span> <span class='ocrx_word' id='word_1_66' title='bbox 721 1007 905 1076; x_wconf 79' lang='grc' dir='ltr'>στίφη,</span> <span class='ocrx_word' id='word_1_67' title='bbox 935 1009 968 1080; x_wconf 86' lang='grc' dir='ltr'>ἣ</span> <span class='ocrx_word' id='word_1_68' title='bbox 999 1013 1092 1064; x_wconf 73' lang='grc' dir='ltr'><strong>καὶ</strong></span> <span class='ocrx_word' id='word_1_69' title='bbox 1124 1013 1326 1080; x_wconf 81' lang='grc' dir='ltr'>ἡδονῶν</span> <span class='ocrx_word' id='word_1_70' title='bbox 1370 1017 1640 1088; x_wconf 85' lang='grc' dir='ltr'>σαρκίνων</span> <span class='ocrx_word' id='word_1_71' title='bbox 1666 1035 1681 1051; x_wconf 89' lang='grc'><strong>·</strong></span> <span class='ocrx_word' id='word_1_72' title='bbox 1722 1038 1994 1093; x_wconf 88' lang='grc' dir='ltr'>κατακρα-</span> 
     </span>
    </p>
   </div>
   <div class='ocr_carea' id='block_1_12' title="bbox 413 1094 1992 1182">
    <p class='ocr_par' dir='ltr' id='par_1_12' title="bbox 413 1094 1992 1182">
     <span class='ocr_line' id='line_1_12' title="bbox 413 1094 1992 1182; baseline 0.013 -36"><span class='ocrx_word' id='word_1_73' title='bbox 413 1094 565 1148; x_wconf 83' lang='grc' dir='ltr'>τοῦσι</span> <span class='ocrx_word' id='word_1_74' title='bbox 593 1097 691 1168; x_wconf 84' lang='grc' dir='ltr'><strong>μὲν</strong></span> <span class='ocrx_word' id='word_1_75' title='bbox 725 1098 800 1162; x_wconf 86' lang='grc' dir='ltr'>ὠς</span> <span class='ocrx_word' id='word_1_76' title='bbox 829 1102 1061 1174; x_wconf 83' lang='grc' dir='ltr'>ἁλούσης</span> <span class='ocrx_word' id='word_1_77' title='bbox 1089 1106 1328 1170; x_wconf 81' lang='grc' dir='ltr'>πόλεως’</span> <span class='ocrx_word' id='word_1_78' title='bbox 1363 1109 1578 1164; x_wconf 70' lang='grc' dir='ltr'>ἅπαντα</span> <span class='ocrx_word' id='word_1_79' title='bbox 1607 1110 1663 1164; x_wconf 87' lang='grc' dir='ltr'>δὲ</span> <span class='ocrx_word' id='word_1_80' title='bbox 1703 1113 1871 1182; x_wconf 85' lang='grc' dir='ltr'>αὐτῆς</span> <span class='ocrx_word' id='word_1_81' title='bbox 1902 1114 1992 1166; x_wconf 84' lang='grc' dir='ltr'><strong>τὸν</strong></span> 
     </span>
    </p>
   </div>
   <div class='ocr_carea' id='block_1_13' title="bbox 415 1189 1994 1274">
    <p class='ocr_par' dir='ltr' id='par_1_13' title="bbox 415 1189 1994 1274">
     <span class='ocr_line' id='line_1_13' title="bbox 415 1189 1994 1274; baseline 0.01 -35"><span class='ocrx_word' id='word_1_82' title='bbox 415 1189 782 1256; x_wconf 85' lang='grc' dir='ltr'>πνευματικὸν</span> <span class='ocrx_word' id='word_1_83' title='bbox 809 1191 1130 1259; x_wconf 77' lang='grc' dir='ltr'>ἀφανίζουσι</span> <span class='ocrx_word' id='word_1_84' title='bbox 1161 1197 1410 1264; x_wconf 74' lang='grc' dir='ltr'>πλοῦτον,</span> <span class='ocrx_word' id='word_1_85' title='bbox 1455 1201 1737 1264; x_wconf 78' lang='grc' dir='ltr'>εὐσεϐείας</span> <span class='ocrx_word' id='word_1_86' title='bbox 1775 1203 1994 1274; x_wconf 85' lang='grc' dir='ltr'>ἀπάσης</span> 
     </span>
    </p>
   </div>
   <div class='ocr_carea' id='block_1_14' title="bbox 415 1274 1992 1360">
    <p class='ocr_par' dir='ltr' id='par_1_14' title="bbox 415 1274 1992 1360">
     <span class='ocr_line' id='line_1_14' title="bbox 415 1274 1992 1360; baseline 0.012 -35"><span class='ocrx_word' id='word_1_87' title='bbox 415 1274 810 1346; x_wconf 79' lang='grc' dir='ltr'><strong>ἐκπέμποντες,</strong></span> <span class='ocrx_word' id='word_1_88' title='bbox 845 1281 938 1334; x_wconf 82' lang='grc' dir='ltr'><strong>καὶ</strong></span> <span class='ocrx_word' id='word_1_89' title='bbox 966 1281 1075 1336; x_wconf 86' lang='grc' dir='ltr'><strong>τῶν</strong></span> <span class='ocrx_word' id='word_1_90' title='bbox 1097 1283 1156 1348; x_wconf 80' lang='grc' dir='ltr'>ἐξ</span> <span class='ocrx_word' id='word_1_91' title='bbox 1175 1286 1376 1356; x_wconf 85' lang='grc' dir='ltr'>ἀρετῆς</span> <span class='ocrx_word' id='word_1_92' title='bbox 1401 1289 1514 1340; x_wconf 89' lang='grc' dir='ltr'><strong>ἀπα</strong></span> <span class='ocrx_word' id='word_1_93' title='bbox 1523 1289 1873 1360; x_wconf 76' lang='grc' dir='ltr'>μφιεννύντες</span> <span class='ocrx_word' id='word_1_94' title='bbox 1896 1293 1992 1343; x_wconf 84' lang='grc' dir='ltr'>αύ-</span> 
     </span>
    </p>
   </div>
   <div class='ocr_carea' id='block_1_15' title="bbox 415 1365 1990 1452">
    <p class='ocr_par' dir='ltr' id='par_1_15' title="bbox 415 1365 1990 1452">
     <span class='ocr_line' id='line_1_15' title="bbox 415 1365 1990 1452; baseline 0.011 -34"><span class='ocrx_word' id='word_1_95' title='bbox 415 1365 504 1418; x_wconf 83' lang='grc' dir='ltr'><strong>τὸν</strong></span> <span class='ocrx_word' id='word_1_96' title='bbox 543 1367 812 1440; x_wconf 81' lang='grc' dir='ltr'><strong>λαμπρῶν</strong></span> <span class='ocrx_word' id='word_1_97' title='bbox 860 1372 1386 1447; x_wconf 83' lang='grc' dir='ltr'>ἀνδραγαθημάτων.</span> <span class='ocrx_word' id='word_1_98' title='bbox 1440 1379 1708 1451; x_wconf 78' lang='grc' dir='ltr'>Ταύτῃτοί</span> <span class='ocrx_word' id='word_1_99' title='bbox 1748 1398 1911 1451; x_wconf 82' lang='grc' dir='ltr'>φησιν</span> <span class='ocrx_word' id='word_1_100' title='bbox 1958 1384 1990 1452; x_wconf 84' lang='grc' dir='ltr'><strong>ή</strong></span> 
     </span>
    </p>
   </div>
   <div class='ocr_carea' id='block_1_16' title="bbox 416 1455 1982 1540">
    <p class='ocr_par' dir='ltr' id='par_1_16' title="bbox 416 1455 1982 1540">
     <span class='ocr_line' id='line_1_16' title="bbox 416 1455 1982 1540; baseline 0.011 -32"><span class='ocrx_word' id='word_1_101' title='bbox 416 1455 768 1524; x_wconf 84' lang='grc' dir='ltr'>θεόπνευστος</span> <span class='ocrx_word' id='word_1_102' title='bbox 798 1464 1010 1535; x_wconf 79' lang='grc' dir='ltr'>Γραφή·</span> <span class='ocrx_word' id='word_1_103' title='bbox 1045 1485 1062 1516; x_wconf 76' lang='grc' dir='ltr'><strong>ι</strong></span> <span class='ocrx_word' id='word_1_104' title='bbox 1085 1466 1210 1520; x_wconf 77' lang='grc' dir='ltr'>Ἐὰν</span> <span class='ocrx_word' id='word_1_105' title='bbox 1229 1469 1444 1540; x_wconf 81' lang='grc' dir='ltr'>πνεῦμα</span> <span class='ocrx_word' id='word_1_106' title='bbox 1465 1470 1556 1523; x_wconf 79' lang='grc' dir='ltr'>τοῦ</span> <span class='ocrx_word' id='word_1_107' title='bbox 1580 1473 1982 1537; x_wconf 80' lang='grc' dir='ltr'>ἐξουσιάζοντος</span> 
     </span>
    </p>
   </div>
   <div class='ocr_carea' id='block_1_17' title="bbox 414 1549 1992 1631">
    <p class='ocr_par' dir='ltr' id='par_1_17' title="bbox 414 1549 1992 1631">
     <span class='ocr_line' id='line_1_17' title="bbox 414 1549 1992 1631; baseline 0.01 -31"><span class='ocrx_word' id='word_1_108' title='bbox 414 1549 586 1621; x_wconf 77' lang='grc' dir='ltr'>ἀναϐῇ</span> <span class='ocrx_word' id='word_1_109' title='bbox 618 1552 710 1606; x_wconf 78' lang='grc' dir='ltr'><strong>ἐπὶ</strong></span> <span class='ocrx_word' id='word_1_110' title='bbox 735 1553 816 1620; x_wconf 80' lang='grc' dir='ltr'><strong>σὲ,</strong></span> <span class='ocrx_word' id='word_1_111' title='bbox 845 1557 1008 1608; x_wconf 86' lang='grc' dir='ltr'>τόπου</span> <span class='ocrx_word' id='word_1_112' title='bbox 1041 1573 1133 1610; x_wconf 89' lang='grc' dir='ltr'><strong>σου</strong></span> <span class='ocrx_word' id='word_1_113' title='bbox 1159 1559 1232 1630; x_wconf 82' lang='grc' dir='ltr'>μὴ</span> <span class='ocrx_word' id='word_1_114' title='bbox 1253 1561 1417 1630; x_wconf 75' lang='grc' dir='ltr'>ἀφῇς,</span> <span class='ocrx_word' id='word_1_115' title='bbox 1441 1561 1523 1614; x_wconf 85' lang='grc' dir='ltr'>ὅτι</span> <span class='ocrx_word' id='word_1_116' title='bbox 1552 1562 1686 1631; x_wconf 83' lang='grc' dir='ltr'>ἴαμα</span> <span class='ocrx_word' id='word_1_117' title='bbox 1711 1562 1992 1615; x_wconf 82' lang='grc' dir='ltr'>καταπαύ-</span> 
     </span>
    </p>
   </div>
   <div class='ocr_carea' id='block_1_18' title="bbox 417 1642 1992 1724">
    <p class='ocr_par' dir='ltr' id='par_1_18' title="bbox 417 1642 1992 1724">
     <span class='ocr_line' id='line_1_18' title="bbox 417 1642 1992 1724; baseline 0.01 -33"><span class='ocrx_word' id='word_1_118' title='bbox 417 1655 496 1692; x_wconf 89' lang='grc' dir='ltr'><strong>σει</strong></span> <span class='ocrx_word' id='word_1_119' title='bbox 527 1642 801 1714; x_wconf 87' lang='grc' dir='ltr'>ἁμαρτίας</span> <span class='ocrx_word' id='word_1_120' title='bbox 833 1648 1096 1717; x_wconf 83' lang='grc' dir='ltr'>μεγάλας.</span> <span class='ocrx_word' id='word_1_121' title='bbox 1125 1669 1142 1700; x_wconf 71' lang='grc' dir='ltr'><strong>ι</strong></span> <span class='ocrx_word' id='word_1_122' title='bbox 1181 1651 1620 1723; x_wconf 86' lang='grc' dir='ltr'>Ἀνακοπτόμενα</span> <span class='ocrx_word' id='word_1_123' title='bbox 1649 1653 1748 1722; x_wconf 83' lang='grc' dir='ltr'><strong>μὲν</strong></span> <span class='ocrx_word' id='word_1_124' title='bbox 1793 1653 1898 1724; x_wconf 79' lang='grc' dir='ltr'><strong>γὰρ</strong></span> <span class='ocrx_word' id='word_1_125' title='bbox 1925 1653 1992 1707; x_wconf 75' lang='grc' dir='ltr'>τὰ</span> 
     </span>
    </p>
   </div>
   <div class='ocr_carea' id='block_1_19' title="bbox 413 1733 1992 1816">
    <p class='ocr_par' dir='ltr' id='par_1_19' title="bbox 413 1733 1992 1816">
     <span class='ocr_line' id='line_1_19' title="bbox 413 1733 1992 1816; baseline 0.011 -34"><span class='ocrx_word' id='word_1_126' title='bbox 413 1733 591 1785; x_wconf 83' lang='grc' dir='ltr'>τοιάδε</span> <span class='ocrx_word' id='word_1_127' title='bbox 628 1734 736 1790; x_wconf 87' lang='grc' dir='ltr'><strong>τῶν</strong></span> <span class='ocrx_word' id='word_1_128' title='bbox 759 1740 966 1806; x_wconf 88' lang='grc' dir='ltr'>παθῶν,</span> <span class='ocrx_word' id='word_1_129' title='bbox 1006 1743 1098 1795; x_wconf 73' lang='grc' dir='ltr'>ὲπὶ</span> <span class='ocrx_word' id='word_1_130' title='bbox 1127 1743 1187 1795; x_wconf 82' lang='grc' dir='ltr'><strong>τὸ</strong></span> <span class='ocrx_word' id='word_1_131' title='bbox 1211 1747 1358 1814; x_wconf 84' lang='grc' dir='ltr'>μεῖον</span> <span class='ocrx_word' id='word_1_132' title='bbox 1387 1744 1606 1815; x_wconf 82' lang='grc' dir='ltr'>ἔρχεται</span> <span class='ocrx_word' id='word_1_133' title='bbox 1633 1786 1647 1810; x_wconf 94' lang='grc'><strong>,</strong></span> <span class='ocrx_word' id='word_1_134' title='bbox 1693 1745 1786 1798; x_wconf 75' lang='grc' dir='ltr'><strong>καὶ</strong></span> <span class='ocrx_word' id='word_1_135' title='bbox 1816 1746 1992 1816; x_wconf 82' lang='grc' dir='ltr'>ὀνίνη-</span> 
     </span>
    </p>
   </div>
   <div class='ocr_carea' id='block_1_20' title="bbox 2097 555 3664 627">
    <p class='ocr_par' dir='ltr' id='par_1_20' title="bbox 2097 555 3664 627">
     <span class='ocr_line' id='line_1_20' title="bbox 2097 555 3664 627; baseline -0.001 -14"><span class='ocrx_word' id='word_1_136' title='bbox 2097 575 2308 614; x_wconf 86' lang='lat' dir='ltr'><strong>morum</strong></span> <span class='ocrx_word' id='word_1_137' title='bbox 2366 559 2508 613; x_wconf 87' lang='lat' dir='ltr'><strong>arcis</strong></span> <span class='ocrx_word' id='word_1_138' title='bbox 2565 555 2780 620; x_wconf 87' lang='lat' dir='ltr'><strong>David,</strong></span> <span class='ocrx_word' id='word_1_139' title='bbox 2837 559 2886 611; x_wconf 89' lang='lat' dir='ltr'><strong>id</strong></span> <span class='ocrx_word' id='word_1_140' title='bbox 2932 566 3015 612; x_wconf 92' lang='lat' dir='ltr'><strong>est</strong></span> <span class='ocrx_word' id='word_1_141' title='bbox 3070 572 3256 624; x_wconf 85' lang='lat' dir='ltr'><strong>regum</strong></span> <span class='ocrx_word' id='word_1_142' title='bbox 3311 555 3664 627; x_wconf 79' lang='lat' dir='ltr'><strong>opulentiam.</strong></span> 
     </span>
    </p>
   </div>
   <div class='ocr_carea' id='block_1_21' title="bbox 2097 645 3670 720">
    <p class='ocr_par' dir='ltr' id='par_1_21' title="bbox 2097 645 3670 720">
     <span class='ocr_line' id='line_1_21' title="bbox 2097 645 3670 720; baseline 0 -18"><span class='ocrx_word' id='word_1_143' title='bbox 2097 648 2576 720; x_wconf 79' lang='lat' dir='ltr'><strong>chnaruntenim</strong></span> <span class='ocrx_word' id='word_1_144' title='bbox 2622 663 2687 702; x_wconf 75' lang='lat' dir='ltr'><strong>ex</strong></span> <span class='ocrx_word' id='word_1_145' title='bbox 2716 647 2855 702; x_wconf 89' lang='lat' dir='ltr'><strong>tribu</strong></span> <span class='ocrx_word' id='word_1_146' title='bbox 2877 648 3038 702; x_wconf 88' lang='lat' dir='ltr'><strong>etiam</strong></span> <span class='ocrx_word' id='word_1_147' title='bbox 3062 645 3225 712; x_wconf 87' lang='lat' dir='ltr'><strong>Juda,</strong></span> <span class='ocrx_word' id='word_1_148' title='bbox 3250 663 3316 702; x_wconf 85' lang='lat' dir='ltr'><strong>ex</strong></span> <span class='ocrx_word' id='word_1_149' title='bbox 3351 663 3457 716; x_wconf 90' lang='lat' dir='ltr'><strong>qua</strong></span> <span class='ocrx_word' id='word_1_150' title='bbox 3511 656 3670 703; x_wconf 89' lang='lat' dir='ltr'><strong>natus</strong></span> 
     </span>
    </p>
   </div>
   <div class='ocr_carea' id='block_1_22' title="bbox 2096 737 3668 808">
    <p class='ocr_par' dir='ltr' id='par_1_22' title="bbox 2096 737 3668 808">
     <span class='ocr_line' id='line_1_22' title="bbox 2096 737 3668 808; baseline -0.001 -14"><span class='ocrx_word' id='word_1_151' title='bbox 2096 749 2179 794; x_wconf 91' lang='lat' dir='ltr'><strong>est</strong></span> <span class='ocrx_word' id='word_1_152' title='bbox 2214 755 2426 808; x_wconf 86' lang='lat' dir='ltr'><strong>quoque</strong></span> <span class='ocrx_word' id='word_1_153' title='bbox 2449 742 2634 793; x_wconf 90' lang='lat' dir='ltr'><strong>beatus</strong></span> <span class='ocrx_word' id='word_1_154' title='bbox 2665 737 2852 791; x_wconf 84' lang='lat' dir='ltr'><strong>David.</strong></span> <span class='ocrx_word' id='word_1_155' title='bbox 2897 737 3002 792; x_wconf 86' lang='lat' dir='ltr'><strong>Sed</strong></span> <span class='ocrx_word' id='word_1_156' title='bbox 3035 739 3150 792; x_wconf 67' lang='lat' dir='ltr'><strong>haec</strong></span> <span class='ocrx_word' id='word_1_157' title='bbox 3183 739 3359 808; x_wconf 84' lang='lat' dir='ltr'><strong>quoad</strong></span> <span class='ocrx_word' id='word_1_158' title='bbox 3385 739 3668 792; x_wconf 78' lang='lat' dir='ltr'><strong>historiam</strong></span> 
     </span>
    </p>
   </div>
   <div class='ocr_carea' id='block_1_23' title="bbox 2097 829 3671 897">
    <p class='ocr_par' dir='ltr' id='par_1_23' title="bbox 2097 829 3671 897">
     <span class='ocr_line' id='line_1_23' title="bbox 2097 829 3671 897; baseline -0.001 -11"><span class='ocrx_word' id='word_1_159' title='bbox 2097 833 2260 897; x_wconf 89' lang='lat' dir='ltr'><strong>dicta,</strong></span> <span class='ocrx_word' id='word_1_160' title='bbox 2307 847 2499 886; x_wconf 86' lang='lat' dir='ltr'><strong>rursus</strong></span> <span class='ocrx_word' id='word_1_161' title='bbox 2531 839 2853 884; x_wconf 75' lang='lat' dir='ltr'><strong>tractentur.</strong></span> <span class='ocrx_word' id='word_1_162' title='bbox 2891 829 2944 883; x_wconf 90' lang='lat' dir='ltr'><strong>Si</strong></span> <span class='ocrx_word' id='word_1_163' title='bbox 2979 831 3216 884; x_wconf 90' lang='lat' dir='ltr'><strong>hostium</strong></span> <span class='ocrx_word' id='word_1_164' title='bbox 3249 831 3420 886; x_wconf 85' lang='lat' dir='ltr'><strong>instar</strong></span> <span class='ocrx_word' id='word_1_165' title='bbox 3443 831 3495 884; x_wconf 89' lang='lat' dir='ltr'><strong>in</strong></span> <span class='ocrx_word' id='word_1_166' title='bbox 3522 843 3671 884; x_wconf 87' lang='lat' dir='ltr'><strong>men—</strong></span> 
     </span>
    </p>
   </div>
   <div class='ocr_carea' id='block_1_24' title="bbox 2099 918 3668 988">
    <p class='ocr_par' dir='ltr' id='par_1_24' title="bbox 2099 918 3668 988">
     <span class='ocr_line' id='line_1_24' title="bbox 2099 918 3668 988; baseline -0.003 -13"><span class='ocrx_word' id='word_1_167' title='bbox 2099 931 2206 975; x_wconf 89' lang='lat' dir='ltr'><strong>tem</strong></span> <span class='ocrx_word' id='word_1_168' title='bbox 2241 922 2532 975; x_wconf 82' lang='lat' dir='ltr'><strong>humanam</strong></span> <span class='ocrx_word' id='word_1_169' title='bbox 2562 921 2882 988; x_wconf 85' lang='lat' dir='ltr'><strong>irrumpunt,</strong></span> <span class='ocrx_word' id='word_1_170' title='bbox 2916 918 2996 973; x_wconf 86' lang='lat' dir='ltr'><strong>vel</strong></span> <span class='ocrx_word' id='word_1_171' title='bbox 3041 920 3314 974; x_wconf 84' lang='lat' dir='ltr'><strong>rationum</strong></span> <span class='ocrx_word' id='word_1_172' title='bbox 3357 920 3668 985; x_wconf 87' lang='lat' dir='ltr'><strong>stultarum,</strong></span> 
     </span>
    </p>
   </div>
   <div class='ocr_carea' id='block_1_25' title="bbox 2097 1011 3672 1096">
    <p class='ocr_par' dir='ltr' id='par_1_25' title="bbox 2097 1011 3672 1096">
     <span class='ocr_line' id='line_1_25' title="bbox 2097 1011 3672 1096; baseline 0.001 -32"><span class='ocrx_word' id='word_1_173' title='bbox 2097 1011 2182 1066; x_wconf 90' lang='lat' dir='ltr'><strong>vel</strong></span> <span class='ocrx_word' id='word_1_174' title='bbox 2211 1011 2511 1096; x_wconf 36' lang='lat' dir='ltr'><strong>carnalium</strong></span> <span class='ocrx_word' id='word_1_175' title='bbox 2553 1011 2886 1080; x_wconf 79' lang='lat' dir='ltr'><strong>voluptatum</strong></span> <span class='ocrx_word' id='word_1_176' title='bbox 2923 1012 3136 1080; x_wconf 82' lang='lat' dir='ltr'><strong>agmina</strong></span> <span class='ocrx_word' id='word_1_177' title='bbox 3173 1029 3186 1065; x_wconf 95' lang='lat'>:</span> <span class='ocrx_word' id='word_1_178' title='bbox 3222 1019 3479 1080; x_wconf 85' lang='lat' dir='ltr'><strong>tanquam</strong></span> <span class='ocrx_word' id='word_1_179' title='bbox 3501 1021 3672 1080; x_wconf 70' lang='lat' dir='ltr'><strong>capta:</strong></span> 
     </span>
    </p>
   </div>
   <div class='ocr_carea' id='block_1_26' title="bbox 2098 1101 3669 1172">
    <p class='ocr_par' dir='ltr' id='par_1_26' title="bbox 2098 1101 3669 1172">
     <span class='ocr_line' id='line_1_26' title="bbox 2098 1101 3669 1172; baseline -0.003 -14"><span class='ocrx_word' id='word_1_180' title='bbox 2098 1103 2305 1158; x_wconf 80' lang='lat' dir='ltr'><strong>civitati</strong></span> <span class='ocrx_word' id='word_1_181' title='bbox 2356 1102 2724 1168; x_wconf 86' lang='lat' dir='ltr'><strong>dominantur,</strong></span> <span class='ocrx_word' id='word_1_182' title='bbox 2757 1117 3054 1172; x_wconf 88' lang='lat' dir='ltr'><strong>omnesque</strong></span> <span class='ocrx_word' id='word_1_183' title='bbox 3096 1101 3216 1172; x_wconf 89' lang='lat' dir='ltr'><strong>ejus</strong></span> <span class='ocrx_word' id='word_1_184' title='bbox 3251 1101 3468 1158; x_wconf 84' lang='lat' dir='ltr'><strong>divitias</strong></span> <span class='ocrx_word' id='word_1_185' title='bbox 3507 1103 3669 1170; x_wconf 84' lang='lat' dir='ltr'><strong>spiri-</strong></span> 
     </span>
    </p>
   </div>
   <div class='ocr_carea' id='block_1_27' title="bbox 2099 1192 3672 1262">
    <p class='ocr_par' dir='ltr' id='par_1_27' title="bbox 2099 1192 3672 1262">
     <span class='ocr_line' id='line_1_27' title="bbox 2099 1192 3672 1262; baseline 0 -16"><span class='ocrx_word' id='word_1_186' title='bbox 2099 1194 2269 1248; x_wconf 89' lang='lat' dir='ltr'><strong>tuales</strong></span> <span class='ocrx_word' id='word_1_187' title='bbox 2299 1192 2681 1257; x_wconf 88' lang='lat' dir='ltr'><strong>demoliuntur,</strong></span> <span class='ocrx_word' id='word_1_188' title='bbox 2727 1207 2946 1248; x_wconf 90' lang='lat' dir='ltr'><strong>omnem</strong></span> <span class='ocrx_word' id='word_1_189' title='bbox 2979 1193 3259 1262; x_wconf 89' lang='lat' dir='ltr'><strong>expellunt</strong></span> <span class='ocrx_word' id='word_1_190' title='bbox 3305 1194 3584 1262; x_wconf 86' lang='lat' dir='ltr'><strong>pietatem,</strong></span> <span class='ocrx_word' id='word_1_191' title='bbox 3618 1200 3672 1246; x_wconf 88' lang='lat' dir='ltr'><strong>et</strong></span> 
     </span>
    </p>
   </div>
   <div class='ocr_carea' id='block_1_28' title="bbox 2097 1282 3669 1352">
    <p class='ocr_par' dir='ltr' id='par_1_28' title="bbox 2097 1282 3669 1352">
     <span class='ocr_line' id='line_1_28' title="bbox 2097 1282 3669 1352; baseline 0 -18"><span class='ocrx_word' id='word_1_192' title='bbox 2097 1284 2313 1338; x_wconf 91' lang='lat' dir='ltr'><strong>virtutis</strong></span> <span class='ocrx_word' id='word_1_193' title='bbox 2333 1283 2602 1352; x_wconf 63' lang='lat' dir='ltr'><strong>praeclaris</strong></span> <span class='ocrx_word' id='word_1_194' title='bbox 2623 1282 2925 1336; x_wconf 89' lang='lat' dir='ltr'><strong>actionibus</strong></span> <span class='ocrx_word' id='word_1_195' title='bbox 2950 1297 3071 1336; x_wconf 90' lang='lat' dir='ltr'><strong>eum</strong></span> <span class='ocrx_word' id='word_1_196' title='bbox 3105 1295 3310 1338; x_wconf 78' lang='lat' dir='ltr'><strong>exuunt</strong></span> <span class='ocrx_word' id='word_1_197' title='bbox 3337 1293 3388 1338; x_wconf 92' lang='lat' dir='ltr'><strong>et</strong></span> <span class='ocrx_word' id='word_1_198' title='bbox 3413 1283 3669 1352; x_wconf 87' lang='lat' dir='ltr'><strong>spoliant.</strong></span> 
     </span>
    </p>
   </div>
   <div class='ocr_carea' id='block_1_29' title="bbox 2095 1373 3669 1444">
    <p class='ocr_par' dir='ltr' id='par_1_29' title="bbox 2095 1373 3669 1444">
     <span class='ocr_line' id='line_1_29' title="bbox 2095 1373 3669 1444; baseline 0.001 -18"><span class='ocrx_word' id='word_1_199' title='bbox 2095 1373 2220 1430; x_wconf 87' lang='lat' dir='ltr'><strong>Ideo</strong></span> <span class='ocrx_word' id='word_1_200' title='bbox 2272 1375 2402 1430; x_wconf 84' lang='lat' dir='ltr'><strong>dicit</strong></span> <span class='ocrx_word' id='word_1_201' title='bbox 2451 1373 2731 1442; x_wconf 88' lang='lat' dir='ltr'><strong>Scriptura</strong></span> <span class='ocrx_word' id='word_1_202' title='bbox 2762 1373 3021 1428; x_wconf 89' lang='lat' dir='ltr'><strong>divinitus</strong></span> <span class='ocrx_word' id='word_1_203' title='bbox 3054 1375 3312 1444; x_wconf 87' lang='lat' dir='ltr'><strong>inspirata</strong></span> <span class='ocrx_word' id='word_1_204' title='bbox 3359 1393 3371 1429; x_wconf 95' lang='lat'>:</span> <span class='ocrx_word' id='word_1_205' title='bbox 3412 1395 3430 1428; x_wconf 76' lang='grc' dir='ltr'><strong>ι</strong></span> <span class='ocrx_word' id='word_1_206' title='bbox 3467 1377 3522 1430; x_wconf 91' lang='lat' dir='ltr'><strong>Si</strong></span> <span class='ocrx_word' id='word_1_207' title='bbox 3561 1378 3669 1444; x_wconf 62' lang='lat' dir='ltr'><strong>spio</strong></span> 
     </span>
    </p>
   </div>
   <div class='ocr_carea' id='block_1_30' title="bbox 2098 1465 3670 1536">
    <p class='ocr_par' dir='ltr' id='par_1_30' title="bbox 2098 1465 3670 1536">
     <span class='ocr_line' id='line_1_30' title="bbox 2098 1465 3670 1536; baseline 0 -16"><span class='ocrx_word' id='word_1_208' title='bbox 2098 1467 2236 1521; x_wconf 92' lang='lat' dir='ltr'><strong>ritus</strong></span> <span class='ocrx_word' id='word_1_209' title='bbox 2287 1476 2612 1536; x_wconf 89' lang='lat' dir='ltr'><strong>potestatem</strong></span> <span class='ocrx_word' id='word_1_210' title='bbox 2667 1465 2920 1520; x_wconf 86' lang='lat' dir='ltr'><strong>habentis</strong></span> <span class='ocrx_word' id='word_1_211' title='bbox 2975 1467 3234 1520; x_wconf 86' lang='lat' dir='ltr'><strong>ascendat</strong></span> <span class='ocrx_word' id='word_1_212' title='bbox 3273 1467 3323 1520; x_wconf 91' lang='lat' dir='ltr'><strong>in</strong></span> <span class='ocrx_word' id='word_1_213' title='bbox 3373 1476 3442 1535; x_wconf 90' lang='lat' dir='ltr'><strong>te,</strong></span> <span class='ocrx_word' id='word_1_214' title='bbox 3497 1467 3670 1522; x_wconf 90' lang='lat' dir='ltr'><strong>locum</strong></span> 
     </span>
    </p>
   </div>
   <div class='ocr_carea' id='block_1_31' title="bbox 2095 1557 3674 1627">
    <p class='ocr_par' dir='ltr' id='par_1_31' title="bbox 2095 1557 3674 1627">
     <span class='ocr_line' id='line_1_31' title="bbox 2095 1557 3674 1627; baseline 0.001 -16"><span class='ocrx_word' id='word_1_215' title='bbox 2095 1567 2246 1612; x_wconf 91' lang='lat' dir='ltr'><strong>tuum</strong></span> <span class='ocrx_word' id='word_1_216' title='bbox 2289 1573 2354 1610; x_wconf 90' lang='lat' dir='ltr'><strong>ne</strong></span> <span class='ocrx_word' id='word_1_217' title='bbox 2397 1559 2655 1622; x_wconf 90' lang='lat' dir='ltr'><strong>deseras,</strong></span> <span class='ocrx_word' id='word_1_218' title='bbox 2713 1557 2838 1624; x_wconf 87' lang='lat' dir='ltr'><strong>quia</strong></span> <span class='ocrx_word' id='word_1_219' title='bbox 2874 1557 3078 1612; x_wconf 86' lang='lat' dir='ltr'><strong>sanitas</strong></span> <span class='ocrx_word' id='word_1_220' title='bbox 3124 1559 3465 1627; x_wconf 84' lang='lat' dir='ltr'><strong>requiescere</strong></span> <span class='ocrx_word' id='word_1_221' title='bbox 3515 1559 3674 1613; x_wconf 80' lang='lat' dir='ltr'><strong>faciet</strong></span> 
     </span>
    </p>
   </div>
   <div class='ocr_carea' id='block_1_32' title="bbox 2097 1650 3674 1719">
    <p class='ocr_par' dir='ltr' id='par_1_32' title="bbox 2097 1650 3674 1719">
     <span class='ocr_line' id='line_1_32' title="bbox 2097 1650 3674 1719; baseline 0 -14"><span class='ocrx_word' id='word_1_222' title='bbox 2097 1661 2316 1719; x_wconf 87' lang='lat' dir='ltr'><strong>peccata</strong></span> <span class='ocrx_word' id='word_1_223' title='bbox 2353 1665 2544 1718; x_wconf 84' lang='lat' dir='ltr'><strong>magna</strong></span> <span class='ocrx_word' id='word_1_224' title='bbox 2571 1651 2614 1702; x_wconf 62' lang='grc' dir='ltr'><strong>δ.</strong></span> <span class='ocrx_word' id='word_1_225' title='bbox 2653 1669 2672 1700; x_wconf 73' lang='grc' dir='ltr'><strong>ι</strong></span> <span class='ocrx_word' id='word_1_226' title='bbox 2709 1650 3014 1704; x_wconf 69' lang='grc' dir='ltr'>ῡρςιιτιειιε</span> <span class='ocrx_word' id='word_1_227' title='bbox 3054 1651 3200 1703; x_wconf 92' lang='lat' dir='ltr'><strong>enim</strong></span> <span class='ocrx_word' id='word_1_228' title='bbox 3240 1659 3295 1704; x_wconf 88' lang='lat' dir='ltr'><strong>et</strong></span> <span class='ocrx_word' id='word_1_229' title='bbox 3337 1651 3674 1705; x_wconf 65' lang='lat' dir='ltr'><strong>circumcisa:</strong></span> 
     </span>
    </p>
   </div>
   <div class='ocr_carea' id='block_1_33' title="bbox 2097 1741 3722 1811">
    <p class='ocr_par' dir='ltr' id='par_1_33' title="bbox 2097 1741 3722 1811">
     <span class='ocr_line' id='line_1_33' title="bbox 2097 1741 3722 1811; baseline 0 -17"><span class='ocrx_word' id='word_1_230' title='bbox 2097 1741 2404 1811; x_wconf 89' lang='lat' dir='ltr'><strong>hujusmodi</strong></span> <span class='ocrx_word' id='word_1_231' title='bbox 2453 1741 2888 1809; x_wconf 83' lang='lat' dir='ltr'><strong>perturbationes</strong></span> <span class='ocrx_word' id='word_1_232' title='bbox 2915 1781 2930 1807; x_wconf 96' lang='lat'><strong>,</strong></span> <span class='ocrx_word' id='word_1_233' title='bbox 2983 1742 3034 1794; x_wconf 91' lang='lat' dir='ltr'><strong>in</strong></span> <span class='ocrx_word' id='word_1_234' title='bbox 3079 1741 3310 1796; x_wconf 92' lang='lat' dir='ltr'><strong>nihilum</strong></span> <span class='ocrx_word' id='word_1_235' title='bbox 3347 1756 3512 1810; x_wconf 87' lang='lat' dir='ltr'><strong>prope</strong></span> <span class='ocrx_word' id='word_1_236' title='bbox 3537 1743 3673 1795; x_wconf 85' lang='lat' dir='ltr'><strong>reci-</strong></span> <span class='ocrx_word' id='word_1_237' title='bbox 3716 1741 3722 1774; x_wconf 61' lang='grc' dir='ltr'><em>θ</em></span> 
     </span>
    </p>
   </div>
   <div class='ocr_carea' id='block_1_34' title="bbox 416 1827 1987 1909">
    <p class='ocr_par' dir='ltr' id='par_1_34' title="bbox 416 1827 1987 1909">
     <span class='ocr_line' id='line_1_34' title="bbox 416 1827 1987 1909; baseline 0.01 -34"><span class='ocrx_word' id='word_1_238' title='bbox 416 1840 500 1876; x_wconf 91' lang='grc' dir='ltr'><strong>σιν</strong></span> <span class='ocrx_word' id='word_1_239' title='bbox 527 1827 559 1896; x_wconf 83' lang='grc' dir='ltr'>ἡ</span> <span class='ocrx_word' id='word_1_240' title='bbox 590 1827 750 1899; x_wconf 69' lang='grc' dir='ltr'>νῆψις</span> <span class='ocrx_word' id='word_1_241' title='bbox 779 1832 907 1895; x_wconf 86' lang='grc' dir='ltr'>τοὺς</span> <span class='ocrx_word' id='word_1_242' title='bbox 939 1836 1311 1906; x_wconf 82' lang='grc' dir='ltr'>κεχρημένους</span> <span class='ocrx_word' id='word_1_243' title='bbox 1374 1840 1532 1908; x_wconf 69' lang='grc' dir='ltr'>αὐτῇ.</span> <span class='ocrx_word' id='word_1_244' title='bbox 1572 1838 1906 1909; x_wconf 81' lang='grc' dir='ltr'>Ἀνειμέναις</span> <span class='ocrx_word' id='word_1_245' title='bbox 1937 1839 1987 1891; x_wconf 77' lang='grc' dir='ltr'><strong>δὲ</strong></span> 
     </span>
    </p>
   </div>
   <div class='ocr_carea' id='block_1_35' title="bbox 2090 1827 3718 1909">
    <p class='ocr_par' dir='ltr' id='par_1_35' title="bbox 2097 1831 3718 1902">
     <span class='ocr_line' id='line_1_35' title="bbox 2097 1831 3718 1902; baseline 0.002 -18"><span class='ocrx_word' id='word_1_246' title='bbox 2097 1833 2250 1886; x_wconf 90' lang='lat' dir='ltr'><strong>dunt.</strong></span> <span class='ocrx_word' id='word_1_247' title='bbox 2286 1832 2444 1888; x_wconf 90' lang='lat' dir='ltr'><strong>Utilis</strong></span> <span class='ocrx_word' id='word_1_248' title='bbox 2470 1845 2553 1886; x_wconf 91' lang='lat' dir='ltr'><strong>est</strong></span> <span class='ocrx_word' id='word_1_249' title='bbox 2586 1842 2767 1886; x_wconf 91' lang='lat' dir='ltr'><strong>autem</strong></span> <span class='ocrx_word' id='word_1_250' title='bbox 2801 1831 3078 1902; x_wconf 83' lang='lat' dir='ltr'><strong>vigilantia</strong></span> <span class='ocrx_word' id='word_1_251' title='bbox 3105 1832 3188 1886; x_wconf 88' lang='lat' dir='ltr'><strong>his</strong></span> <span class='ocrx_word' id='word_1_252' title='bbox 3217 1832 3308 1902; x_wconf 91' lang='lat' dir='ltr'><strong>qui</strong></span> <span class='ocrx_word' id='word_1_253' title='bbox 3331 1848 3394 1886; x_wconf 86' lang='lat' dir='ltr'><strong>ea</strong></span> <span class='ocrx_word' id='word_1_254' title='bbox 3425 1841 3670 1887; x_wconf 90' lang='lat' dir='ltr'><strong>utuntur:</strong></span> <span class='ocrx_word' id='word_1_255' title='bbox 3713 1841 3718 1900; x_wconf 60' lang='grc' dir='ltr'>ξ</span> 
     </span>
    </p>
   </div>
   <div class='ocr_carea' id='block_1_36' title="bbox 414 1915 1994 2001">
    <p class='ocr_par' dir='ltr' id='par_1_36' title="bbox 414 1915 1994 2001">
     <span class='ocr_line' id='line_1_36' title="bbox 414 1915 1994 2001; baseline 0.02 -34"><span class='ocrx_word' id='word_1_256' title='bbox 414 1915 601 1989; x_wconf 83' lang='grc' dir='ltr'>ὥσπερ</span> <span class='ocrx_word' id='word_1_257' title='bbox 631 1921 724 1974; x_wconf 60' lang='grc' dir='ltr'><strong>καὶ⁵</strong></span> <span class='ocrx_word' id='word_1_258' title='bbox 752 1923 1177 1996; x_wconf 86' lang='grc' dir='ltr'>ἀνεπιπλήκτοις</span> <span class='ocrx_word' id='word_1_259' title='bbox 1209 1929 1406 1998; x_wconf 85' lang='grc' dir='ltr'>ὁρμαῖς</span> <span class='ocrx_word' id='word_1_260' title='bbox 1445 1928 1531 1981; x_wconf 72' lang='grc' dir='ltr'>ἀεὶ</span> <span class='ocrx_word' id='word_1_261' title='bbox 1559 1929 1694 2000; x_wconf 73' lang='grc' dir='ltr'>πρὸς</span> <span class='ocrx_word' id='word_1_262' title='bbox 1726 1929 1786 1982; x_wconf 76' lang='grc' dir='ltr'>τὸ</span> <span class='ocrx_word' id='word_1_263' title='bbox 1812 1933 1994 2001; x_wconf 81' lang='grc' dir='ltr'>χεῖρον</span> 
     </span>
    </p>
   </div>
   <div class='ocr_carea' id='block_1_37' title="bbox 414 2005 1996 2090">
    <p class='ocr_par' dir='ltr' id='par_1_37' title="bbox 414 2005 1996 2090">
     <span class='ocr_line' id='line_1_37' title="bbox 414 2005 1996 2090; baseline 0.009 -33"><span class='ocrx_word' id='word_1_264' title='bbox 414 2005 742 2077; x_wconf 82' lang='grc' dir='ltr'>ἐξέρποντα,</span> <span class='ocrx_word' id='word_1_265' title='bbox 789 2015 1170 2068; x_wconf 88' lang='grc' dir='ltr'>κατασείουσιν</span> <span class='ocrx_word' id='word_1_266' title='bbox 1223 2017 1287 2069; x_wconf 83' lang='grc' dir='ltr'><strong>ὲκ</strong></span> <span class='ocrx_word' id='word_1_267' title='bbox 1338 2016 1552 2088; x_wconf 75' lang='grc' dir='ltr'>βάθρων</span> <span class='ocrx_word' id='word_1_268' title='bbox 1607 2020 1734 2081; x_wconf 81' lang='grc' dir='ltr'>τοὺς</span> <span class='ocrx_word' id='word_1_269' title='bbox 1788 2018 1996 2090; x_wconf 85' lang='grc' dir='ltr'>νοητῶς</span> 
     </span>
    </p>
   </div>
   <div class='ocr_carea' id='block_1_38' title="bbox 413 2100 794 2167">
    <p class='ocr_par' dir='ltr' id='par_1_38' title="bbox 413 2100 794 2167">
     <span class='ocr_line' id='line_1_38' title="bbox 413 2100 794 2167; baseline 0.021 -19"><span class='ocrx_word' id='word_1_270' title='bbox 413 2100 794 2167; x_wconf 81' lang='grc' dir='ltr'>νυστάζοντας.</span> 
     </span>
    </p>
   </div>
   <div class='ocr_carea' id='block_1_39' title="bbox 486 2279 1990 2357">
    <p class='ocr_par' dir='ltr' id='par_1_39' title="bbox 486 2279 1990 2357">
     <span class='ocr_line' id='line_1_39' title="bbox 486 2279 1990 2357; baseline 0.007 -25"><span class='ocrx_word' id='word_1_271' title='bbox 486 2279 591 2334; x_wconf 80' lang='grc' dir='ltr'><strong>Καὶ</strong></span> <span class='ocrx_word' id='word_1_272' title='bbox 615 2280 832 2337; x_wconf 84' lang='grc' dir='ltr'>τδοσαν</span> <span class='ocrx_word' id='word_1_273' title='bbox 859 2284 947 2337; x_wconf 86' lang='grc' dir='ltr'>ὅτι</span> <span class='ocrx_word' id='word_1_274' title='bbox 969 2284 1222 2352; x_wconf 81' lang='grc' dir='ltr'>πλείους</span> <span class='ocrx_word' id='word_1_275' title='bbox 1243 2285 1426 2350; x_wconf 79' lang='grc' dir='ltr'>εἰσὶν,</span> <span class='ocrx_word' id='word_1_276' title='bbox 1456 2287 1554 2341; x_wconf 78' lang='grc' dir='ltr'>καὶ</span> <span class='ocrx_word' id='word_1_277' title='bbox 1587 2289 1674 2341; x_wconf 76' lang='grc' dir='ltr'>ὅτι</span> <span class='ocrx_word' id='word_1_278' title='bbox 1703 2288 1990 2357; x_wconf 75' lang='grc' dir='ltr'>ἀπέστρε-</span> 
     </span>
    </p>
   </div>
   <div class='ocr_carea' id='block_1_40' title="bbox 410 2375 1995 2450">
    <p class='ocr_par' dir='ltr' id='par_1_40' title="bbox 410 2375 1995 2450">
     <span class='ocr_line' id='line_1_40' title="bbox 410 2375 1995 2450; baseline 0.006 -24"><span class='ocrx_word' id='word_1_279' title='bbox 410 2375 538 2442; x_wconf 69' lang='grc' dir='ltr'>ψαν</span> <span class='ocrx_word' id='word_1_280' title='bbox 579 2375 643 2428; x_wconf 85' lang='grc' dir='ltr'>τὸ</span> <span class='ocrx_word' id='word_1_281' title='bbox 683 2375 840 2446; x_wconf 81' lang='grc' dir='ltr'>ὕδωρ</span> <span class='ocrx_word' id='word_1_282' title='bbox 881 2375 992 2446; x_wconf 78' lang='grc' dir='ltr'>τῆς</span> <span class='ocrx_word' id='word_1_283' title='bbox 1029 2379 1282 2448; x_wconf 80' lang='grc' dir='ltr'>ἀρχαίας</span> <span class='ocrx_word' id='word_1_284' title='bbox 1325 2380 1740 2450; x_wconf 70' lang='grc' dir='ltr'>κολυμϐήθρας</span> <span class='ocrx_word' id='word_1_285' title='bbox 1766 2384 1850 2448; x_wconf 83' lang='grc' dir='ltr'><strong>είς</strong></span> <span class='ocrx_word' id='word_1_286' title='bbox 1880 2382 1995 2449; x_wconf 80' lang='grc' dir='ltr'><strong>τὴν</strong></span> 
     </span>
    </p>
   </div>
   <div class='ocr_carea' id='block_1_41' title="bbox 412 2466 1994 2541">
    <p class='ocr_par' dir='ltr' id='par_1_41' title="bbox 412 2466 1994 2541">
     <span class='ocr_line' id='line_1_41' title="bbox 412 2466 1994 2541; baseline 0.006 -24"><span class='ocrx_word' id='word_1_287' title='bbox 412 2466 612 2531; x_wconf 77' lang='grc' dir='ltr'>πόλιν,</span> <span class='ocrx_word' id='word_1_288' title='bbox 643 2467 742 2520; x_wconf 82' lang='grc' dir='ltr'>καὶ</span> <span class='ocrx_word' id='word_1_289' title='bbox 763 2468 850 2521; x_wconf 86' lang='grc' dir='ltr'>ὅτι</span> <span class='ocrx_word' id='word_1_290' title='bbox 880 2470 1162 2526; x_wconf 77' lang='grc' dir='ltr'><strong>καθεῖλον</strong></span> <span class='ocrx_word' id='word_1_291' title='bbox 1189 2471 1332 2536; x_wconf 83' lang='grc' dir='ltr'>τοὺς</span> <span class='ocrx_word' id='word_1_292' title='bbox 1361 2471 1566 2536; x_wconf 78' lang='grc' dir='ltr'>οἴκους</span> <span class='ocrx_word' id='word_1_293' title='bbox 1597 2473 1994 2541; x_wconf 75' lang='grc' dir='ltr'>Ἰερουσαλὴμ</span> 
     </span>
    </p>
   </div>
   <div class='ocr_carea' id='block_1_42' title="bbox 411 2559 1992 2630">
    <p class='ocr_par' dir='ltr' id='par_1_42' title="bbox 411 2559 1992 2630">
     <span class='ocr_line' id='line_1_42' title="bbox 411 2559 1992 2630; baseline 0.006 -21"><span class='ocrx_word' id='word_1_294' title='bbox 411 2559 497 2621; x_wconf 82' lang='grc' dir='ltr'><strong>είς</strong></span> <span class='ocrx_word' id='word_1_295' title='bbox 527 2559 802 2628; x_wconf 80' lang='grc' dir='ltr'><strong>ὀχύρωμα</strong></span> <span class='ocrx_word' id='word_1_296' title='bbox 827 2561 934 2615; x_wconf 87' lang='grc' dir='ltr'>τοῦ</span> <span class='ocrx_word' id='word_1_297' title='bbox 963 2562 1200 2630; x_wconf 78' lang='grc' dir='ltr'>τείχους</span> <span class='ocrx_word' id='word_1_298' title='bbox 1227 2561 1302 2630; x_wconf 78' lang='grc' dir='ltr'>τῇ</span> <span class='ocrx_word' id='word_1_299' title='bbox 1327 2563 1518 2618; x_wconf 78' lang='grc' dir='ltr'>πόλει.</span> <span class='ocrx_word' id='word_1_300' title='bbox 1539 2563 1647 2618; x_wconf 80' lang='grc' dir='ltr'><strong>Καὶ</strong></span> <span class='ocrx_word' id='word_1_301' title='bbox 1671 2564 1992 2630; x_wconf 74' lang='grc' dir='ltr'>ἐποιήσατε</span> 
     </span>
    </p>
   </div>
   <div class='ocr_carea' id='block_1_43' title="bbox 412 2648 1993 2725">
    <p class='ocr_par' dir='ltr' id='par_1_43' title="bbox 412 2648 1993 2725">
     <span class='ocr_line' id='line_1_43' title="bbox 412 2648 1993 2725; baseline 0.006 -24"><span class='ocrx_word' id='word_1_302' title='bbox 412 2648 646 2716; x_wconf 82' lang='grc' dir='ltr'>ἑαυτοῖς</span> <span class='ocrx_word' id='word_1_303' title='bbox 675 2649 830 2714; x_wconf 81' lang='grc' dir='ltr'>ὕδωρ</span> <span class='ocrx_word' id='word_1_304' title='bbox 859 2653 974 2707; x_wconf 84' lang='grc' dir='ltr'>ἀνὰ</span> <span class='ocrx_word' id='word_1_305' title='bbox 999 2655 1192 2722; x_wconf 79' lang='grc' dir='ltr'>μέσον</span> <span class='ocrx_word' id='word_1_306' title='bbox 1224 2654 1344 2708; x_wconf 82' lang='grc' dir='ltr'><strong>τῶν</strong></span> <span class='ocrx_word' id='word_1_307' title='bbox 1374 2655 1484 2710; x_wconf 82' lang='grc' dir='ltr'><strong>δύο</strong></span> <span class='ocrx_word' id='word_1_308' title='bbox 1520 2655 1752 2725; x_wconf 78' lang='grc' dir='ltr'>τειχῶν,</span> <span class='ocrx_word' id='word_1_309' title='bbox 1779 2658 1993 2710; x_wconf 80' lang='grc' dir='ltr'>ἐσώτε-</span> 
     </span>
    </p>
   </div>
   <div class='ocr_carea' id='block_1_44' title="bbox 407 2739 1990 2815">
    <p class='ocr_par' dir='ltr' id='par_1_44' title="bbox 407 2739 1990 2815">
     <span class='ocr_line' id='line_1_44' title="bbox 407 2739 1990 2815; baseline 0.005 -22"><span class='ocrx_word' id='word_1_310' title='bbox 407 2757 520 2810; x_wconf 86' lang='grc' dir='ltr'><strong>ρον</strong></span> <span class='ocrx_word' id='word_1_311' title='bbox 551 2739 660 2810; x_wconf 81' lang='grc' dir='ltr'>τῆς</span> <span class='ocrx_word' id='word_1_312' title='bbox 691 2745 1108 2812; x_wconf 73' lang='grc' dir='ltr'>κολυμϐήθρας</span> <span class='ocrx_word' id='word_1_313' title='bbox 1147 2745 1258 2814; x_wconf 77' lang='grc' dir='ltr'>τῆς</span> <span class='ocrx_word' id='word_1_314' title='bbox 1295 2746 1570 2815; x_wconf 79' lang='grc' dir='ltr'>ἀρχαίας,</span> <span class='ocrx_word' id='word_1_315' title='bbox 1617 2747 1714 2800; x_wconf 80' lang='grc' dir='ltr'>καὶ</span> <span class='ocrx_word' id='word_1_316' title='bbox 1751 2750 1860 2802; x_wconf 82' lang='grc' dir='ltr'>οὐκ</span> <span class='ocrx_word' id='word_1_317' title='bbox 1898 2749 1990 2801; x_wconf 85' lang='grc' dir='ltr'><strong>ἑν-</strong></span> 
     </span>
    </p>
   </div>
   <div class='ocr_carea' id='block_1_45' title="bbox 413 2834 1990 2908">
    <p class='ocr_par' dir='ltr' id='par_1_45' title="bbox 413 2834 1990 2908">
     <span class='ocr_line' id='line_1_45' title="bbox 413 2834 1990 2908; baseline 0.004 -21"><span class='ocrx_word' id='word_1_318' title='bbox 413 2835 706 2903; x_wconf 71' lang='grc' dir='ltr'>εϐλέψατε</span> <span class='ocrx_word' id='word_1_319' title='bbox 737 2837 824 2900; x_wconf 84' lang='grc' dir='ltr'>εἰς</span> <span class='ocrx_word' id='word_1_320' title='bbox 855 2834 961 2888; x_wconf 83' lang='grc' dir='ltr'>τὸν</span> <span class='ocrx_word' id='word_1_321' title='bbox 985 2837 1264 2906; x_wconf 70' lang='grc' dir='ltr'>ἀπαρχῆς</span> <span class='ocrx_word' id='word_1_322' title='bbox 1288 2840 1625 2906; x_wconf 80' lang='grc' dir='ltr'>ποιήσαντα</span> <span class='ocrx_word' id='word_1_323' title='bbox 1653 2840 1866 2908; x_wconf 80' lang='grc' dir='ltr'>αὐτὴν,</span> <span class='ocrx_word' id='word_1_324' title='bbox 1893 2841 1990 2894; x_wconf 81' lang='grc' dir='ltr'>καὶ</span> 
     </span>
    </p>
   </div>
   <div class='ocr_carea' id='block_1_46' title="bbox 413 2924 1404 2994">
    <p class='ocr_par' dir='ltr' id='par_1_46' title="bbox 413 2924 1404 2994">
     <span class='ocr_line' id='line_1_46' title="bbox 413 2924 1404 2994; baseline 0.006 -18"><span class='ocrx_word' id='word_1_325' title='bbox 413 2924 521 2977; x_wconf 87' lang='grc' dir='ltr'>τὸν</span> <span class='ocrx_word' id='word_1_326' title='bbox 539 2925 834 2977; x_wconf 82' lang='grc' dir='ltr'>κτίσαντα</span> <span class='ocrx_word' id='word_1_327' title='bbox 861 2927 1056 2994; x_wconf 74' lang='grc' dir='ltr'>αὐτὴν</span> <span class='ocrx_word' id='word_1_328' title='bbox 1083 2929 1194 2982; x_wconf 81' lang='grc' dir='ltr'>οὐκ</span> <span class='ocrx_word' id='word_1_329' title='bbox 1230 2927 1404 2982; x_wconf 76' lang='grc' dir='ltr'>ἴδετε.</span> 
     </span>
    </p>
   </div>
   <div class='ocr_carea' id='block_1_47' title="bbox 485 3015 1992 3091">
    <p class='ocr_par' dir='ltr' id='par_1_47' title="bbox 485 3015 1992 3091">
     <span class='ocr_line' id='line_1_47' title="bbox 485 3015 1992 3091; baseline 0.004 -25"><span class='ocrx_word' id='word_1_330' title='bbox 485 3015 846 3067; x_wconf 77' lang='grc' dir='ltr'>Καταιτιᾶται</span> <span class='ocrx_word' id='word_1_331' title='bbox 863 3015 1024 3068; x_wconf 80' lang='grc' dir='ltr'>πάλιν</span> <span class='ocrx_word' id='word_1_332' title='bbox 1041 3015 1150 3068; x_wconf 87' lang='grc' dir='ltr'><strong>τῶν</strong></span> <span class='ocrx_word' id='word_1_333' title='bbox 1181 3018 1450 3072; x_wconf 83' lang='grc' dir='ltr'>Ἰουδαίων</span> <span class='ocrx_word' id='word_1_334' title='bbox 1473 3019 1597 3082; x_wconf 77' lang='grc' dir='ltr'>τοὺς</span> <span class='ocrx_word' id='word_1_335' title='bbox 1611 3019 1812 3088; x_wconf 80' lang='grc' dir='ltr'>δήμους</span> <span class='ocrx_word' id='word_1_336' title='bbox 1827 3020 1992 3091; x_wconf 74' lang='grc' dir='ltr'>ἤγουν</span> 
     </span>
    </p>
   </div>
   <div class='ocr_carea' id='block_1_48' title="bbox 411 3103 1992 3178">
    <p class='ocr_par' dir='ltr' id='par_1_48' title="bbox 411 3103 1992 3178">
     <span class='ocr_line' id='line_1_48' title="bbox 411 3103 1992 3178; baseline 0.004 -23"><span class='ocrx_word' id='word_1_337' title='bbox 411 3103 536 3166; x_wconf 80' lang='grc' dir='ltr'>τοὺς</span> <span class='ocrx_word' id='word_1_338' title='bbox 574 3105 982 3175; x_wconf 84' lang='grc' dir='ltr'>προεστηκότας</span> <span class='ocrx_word' id='word_1_339' title='bbox 1045 3107 1140 3160; x_wconf 76' lang='grc' dir='ltr'>καὶ</span> <span class='ocrx_word' id='word_1_340' title='bbox 1173 3109 1294 3170; x_wconf 84' lang='grc' dir='ltr'>ταῖς</span> <span class='ocrx_word' id='word_1_341' title='bbox 1330 3108 1590 3160; x_wconf 85' lang='grc' dir='ltr'>ἀνωτάτω</span> <span class='ocrx_word' id='word_1_342' title='bbox 1631 3113 1818 3178; x_wconf 78' lang='grc' dir='ltr'>τιμαῖς</span> <span class='ocrx_word' id='word_1_343' title='bbox 1860 3127 1992 3162; x_wconf 88' lang='grc' dir='ltr'>κατ-</span> 
     </span>
    </p>
   </div>
   <div class='ocr_carea' id='block_1_49' title="bbox 2097 1922 3716 1993">
    <p class='ocr_par' dir='ltr' id='par_1_49' title="bbox 2097 1922 3716 1993">
     <span class='ocr_line' id='line_1_49' title="bbox 2097 1922 3716 1993; baseline -0.001 -16"><span class='ocrx_word' id='word_1_344' title='bbox 2097 1923 2188 1993; x_wconf 92' lang='lat' dir='ltr'><strong>qui</strong></span> <span class='ocrx_word' id='word_1_345' title='bbox 2221 1939 2351 1978; x_wconf 86' lang='lat' dir='ltr'><strong>vero</strong></span> <span class='ocrx_word' id='word_1_346' title='bbox 2383 1922 2558 1976; x_wconf 90' lang='lat' dir='ltr'><strong>soluto</strong></span> <span class='ocrx_word' id='word_1_347' title='bbox 2587 1933 2642 1976; x_wconf 90' lang='lat' dir='ltr'><strong>et</strong></span> <span class='ocrx_word' id='word_1_348' title='bbox 2669 1925 2791 1978; x_wconf 77' lang='lat' dir='ltr'><strong>laxo</strong></span> <span class='ocrx_word' id='word_1_349' title='bbox 2831 1923 3092 1992; x_wconf 88' lang='lat' dir='ltr'><strong>quasique</strong></span> <span class='ocrx_word' id='word_1_350' title='bbox 3115 1925 3166 1976; x_wconf 87' lang='lat' dir='ltr'><strong>in</strong></span> <span class='ocrx_word' id='word_1_351' title='bbox 3188 1923 3426 1978; x_wconf 88' lang='lat' dir='ltr'><strong>coercito</strong></span> <span class='ocrx_word' id='word_1_352' title='bbox 3461 1923 3668 1989; x_wconf 89' lang='lat' dir='ltr'><strong>impetu</strong></span> <span class='ocrx_word' id='word_1_353' title='bbox 3712 1929 3716 1944; x_wconf 94' lang='lat'><em>‘</em></span> 
     </span>
    </p>
   </div>
   <div class='ocr_carea' id='block_1_50' title="bbox 2097 2014 3675 2085">
    <p class='ocr_par' dir='ltr' id='par_1_50' title="bbox 2097 2014 3675 2085">
     <span class='ocr_line' id='line_1_50' title="bbox 2097 2014 3675 2085; baseline -0.001 -15"><span class='ocrx_word' id='word_1_354' title='bbox 2097 2029 2312 2084; x_wconf 89' lang='lat' dir='ltr'><strong>semper</strong></span> <span class='ocrx_word' id='word_1_355' title='bbox 2368 2026 2602 2084; x_wconf 83' lang='lat' dir='ltr'><strong>vergunt</strong></span> <span class='ocrx_word' id='word_1_356' title='bbox 2639 2024 2692 2068; x_wconf 88' lang='lat' dir='ltr'><strong>et</strong></span> <span class='ocrx_word' id='word_1_357' title='bbox 2732 2024 2958 2084; x_wconf 89' lang='lat' dir='ltr'><strong>serpunt</strong></span> <span class='ocrx_word' id='word_1_358' title='bbox 2986 2015 3039 2068; x_wconf 91' lang='lat' dir='ltr'><strong>in</strong></span> <span class='ocrx_word' id='word_1_359' title='bbox 3085 2015 3260 2085; x_wconf 88' lang='lat' dir='ltr'><strong>pejus,</strong></span> <span class='ocrx_word' id='word_1_360' title='bbox 3294 2029 3386 2068; x_wconf 91' lang='lat' dir='ltr'><strong>eos</strong></span> <span class='ocrx_word' id='word_1_361' title='bbox 3419 2014 3675 2084; x_wconf 69' lang='lat' dir='ltr'><strong>Spiritus-</strong></span> 
     </span>
    </p>
   </div>
   <div class='ocr_carea' id='block_1_51' title="bbox 2096 2105 3674 2174">
    <p class='ocr_par' dir='ltr' id='par_1_51' title="bbox 2096 2105 3674 2174">
     <span class='ocr_line' id='line_1_51' title="bbox 2096 2105 3674 2174; baseline -0.001 -15"><span class='ocrx_word' id='word_1_362' title='bbox 2096 2107 2222 2160; x_wconf 86' lang='lat' dir='ltr'><strong>liter</strong></span> <span class='ocrx_word' id='word_1_363' title='bbox 2250 2107 2609 2161; x_wconf 84' lang='lat' dir='ltr'><strong>dormitantes</strong></span> <span class='ocrx_word' id='word_1_364' title='bbox 2632 2145 2647 2171; x_wconf 88' lang='lat'><strong>,</strong></span> <span class='ocrx_word' id='word_1_365' title='bbox 2699 2121 2727 2158; x_wconf 89' lang='lat' dir='ltr'><strong>a</strong></span> <span class='ocrx_word' id='word_1_366' title='bbox 2763 2105 3138 2160; x_wconf 80' lang='lat' dir='ltr'><strong>fundamentis</strong></span> <span class='ocrx_word' id='word_1_367' title='bbox 3177 2105 3484 2160; x_wconf 83' lang='lat' dir='ltr'><strong>convellunt</strong></span> <span class='ocrx_word' id='word_1_368' title='bbox 3514 2114 3674 2174; x_wconf 87' lang='lat' dir='ltr'><strong>atque</strong></span> 
     </span>
    </p>
   </div>
   <div class='ocr_carea' id='block_1_52' title="bbox 2096 2199 2439 2252">
    <p class='ocr_par' dir='ltr' id='par_1_52' title="bbox 2096 2199 2439 2252">
     <span class='ocr_line' id='line_1_52' title="bbox 2096 2199 2439 2252; baseline -0.003 0"><span class='ocrx_word' id='word_1_369' title='bbox 2096 2199 2439 2252; x_wconf 87' lang='lat' dir='ltr'><strong>concutiunt.</strong></span> 
     </span>
    </p>
   </div>
   <div class='ocr_carea' id='block_1_53' title="bbox 2171 2287 3672 2357">
    <p class='ocr_par' dir='ltr' id='par_1_53' title="bbox 2171 2287 3672 2357">
     <span class='ocr_line' id='line_1_53' title="bbox 2171 2287 3672 2357; baseline -0.005 -12"><span class='ocrx_word' id='word_1_370' title='bbox 2171 2291 2334 2345; x_wconf 73' lang='lat' dir='ltr'><strong>Vens.</strong></span> <span class='ocrx_word' id='word_1_371' title='bbox 2364 2290 2520 2346; x_wconf 81' lang='lat' dir='ltr'><strong>9-H.</strong></span> <span class='ocrx_word' id='word_1_372' title='bbox 2555 2288 2624 2342; x_wconf 86' lang='lat' dir='ltr'><strong>Et</strong></span> <span class='ocrx_word' id='word_1_373' title='bbox 2654 2291 2893 2342; x_wconf 81' lang='lat' dir='ltr'><strong>uiderunt</strong></span> <span class='ocrx_word' id='word_1_374' title='bbox 2931 2289 3069 2357; x_wconf 80' lang='lat' dir='ltr'><strong>quod</strong></span> <span class='ocrx_word' id='word_1_375' title='bbox 3119 2287 3292 2357; x_wconf 76' lang='lat' dir='ltr'><strong>plures</strong></span> <span class='ocrx_word' id='word_1_376' title='bbox 3333 2297 3476 2352; x_wconf 85' lang='lat' dir='ltr'><strong>sunt,</strong></span> <span class='ocrx_word' id='word_1_377' title='bbox 3501 2287 3672 2356; x_wconf 76' lang='lat' dir='ltr'><strong>quod-</strong></span> 
     </span>
    </p>
   </div>
   <div class='ocr_carea' id='block_1_54' title="bbox 2091 2379 3668 2452">
    <p class='ocr_par' dir='ltr' id='par_1_54' title="bbox 2091 2379 3668 2452">
     <span class='ocr_line' id='line_1_54' title="bbox 2091 2379 3668 2452; baseline -0.005 -16"><span class='ocrx_word' id='word_1_378' title='bbox 2091 2399 2190 2452; x_wconf 81' lang='lat' dir='ltr'><strong>que</strong></span> <span class='ocrx_word' id='word_1_379' title='bbox 2237 2391 2532 2435; x_wconf 75' lang='lat' dir='ltr'><strong>averterunt</strong></span> <span class='ocrx_word' id='word_1_380' title='bbox 2571 2397 2762 2450; x_wconf 83' lang='lat' dir='ltr'><strong>aquam</strong></span> <span class='ocrx_word' id='word_1_381' title='bbox 2795 2381 3024 2448; x_wconf 71' lang='lat' dir='ltr'><strong>antiqua:</strong></span> <span class='ocrx_word' id='word_1_382' title='bbox 3056 2381 3273 2448; x_wconf 75' lang='lat' dir='ltr'><strong>piscina:</strong></span> <span class='ocrx_word' id='word_1_383' title='bbox 3297 2381 3353 2432; x_wconf 86' lang='lat' dir='ltr'><strong>in</strong></span> <span class='ocrx_word' id='word_1_384' title='bbox 3381 2379 3668 2440; x_wconf 80' lang='lat' dir='ltr'><strong>civitatem,</strong></span> 
     </span>
    </p>
   </div>
   <div class='ocr_carea' id='block_1_55' title="bbox 2092 2471 3670 2544">
    <p class='ocr_par' dir='ltr' id='par_1_55' title="bbox 2092 2471 3670 2544">
     <span class='ocr_line' id='line_1_55' title="bbox 2092 2471 3670 2544; baseline -0.004 -16"><span class='ocrx_word' id='word_1_385' title='bbox 2092 2473 2314 2544; x_wconf 77' lang='lat' dir='ltr'><strong>etquod</strong></span> <span class='ocrx_word' id='word_1_386' title='bbox 2350 2474 2623 2527; x_wconf 76' lang='lat' dir='ltr'><strong>diruerant</strong></span> <span class='ocrx_word' id='word_1_387' title='bbox 2679 2473 2858 2526; x_wconf 85' lang='lat' dir='ltr'><strong>domos</strong></span> <span class='ocrx_word' id='word_1_388' title='bbox 2913 2471 3208 2526; x_wconf 74' lang='lat' dir='ltr'><strong>Jerusalem</strong></span> <span class='ocrx_word' id='word_1_389' title='bbox 3271 2471 3338 2525; x_wconf 87' lang='lat' dir='ltr'><strong>ad</strong></span> <span class='ocrx_word' id='word_1_390' title='bbox 3387 2471 3670 2523; x_wconf 82' lang='lat' dir='ltr'><strong>munienda</strong></span> 
     </span>
    </p>
   </div>
   <div class='ocr_carea' id='block_1_56' title="bbox 2092 2561 3671 2632">
    <p class='ocr_par' dir='ltr' id='par_1_56' title="bbox 2092 2561 3671 2632">
     <span class='ocr_line' id='line_1_56' title="bbox 2092 2561 3671 2632; baseline -0.003 -16"><span class='ocrx_word' id='word_1_391' title='bbox 2092 2563 2282 2618; x_wconf 68' lang='lat' dir='ltr'><strong>muenia</strong></span> <span class='ocrx_word' id='word_1_392' title='bbox 2315 2564 2562 2618; x_wconf 73' lang='lat' dir='ltr'><strong>civitatis.</strong></span> <span class='ocrx_word' id='word_1_393' title='bbox 2599 2561 2666 2616; x_wconf 84' lang='lat' dir='ltr'><strong>Et</strong></span> <span class='ocrx_word' id='word_1_394' title='bbox 2707 2563 2905 2630; x_wconf 78' lang='lat' dir='ltr'><strong>fecistis</strong></span> <span class='ocrx_word' id='word_1_395' title='bbox 2955 2563 3094 2615; x_wconf 78' lang='lat' dir='ltr'><strong>vobis</strong></span> <span class='ocrx_word' id='word_1_396' title='bbox 3138 2563 3262 2632; x_wconf 81' lang='lat' dir='ltr'><strong>ipsis</strong></span> <span class='ocrx_word' id='word_1_397' title='bbox 3293 2578 3481 2632; x_wconf 87' lang='lat' dir='ltr'><strong>aquam</strong></span> <span class='ocrx_word' id='word_1_398' title='bbox 3537 2563 3671 2614; x_wconf 82' lang='lat' dir='ltr'><strong>inter</strong></span> 
     </span>
    </p>
   </div>
   <div class='ocr_carea' id='block_1_57' title="bbox 2091 2652 3670 2722">
    <p class='ocr_par' dir='ltr' id='par_1_57' title="bbox 2091 2652 3670 2722">
     <span class='ocr_line' id='line_1_57' title="bbox 2091 2652 3670 2722; baseline -0.001 -16"><span class='ocrx_word' id='word_1_399' title='bbox 2091 2653 2252 2706; x_wconf 83' lang='lat' dir='ltr'><strong>duros</strong></span> <span class='ocrx_word' id='word_1_400' title='bbox 2302 2668 2498 2714; x_wconf 85' lang='lat' dir='ltr'><strong>muros,</strong></span> <span class='ocrx_word' id='word_1_401' title='bbox 2536 2652 2678 2706; x_wconf 83' lang='lat' dir='ltr'><strong>intra</strong></span> <span class='ocrx_word' id='word_1_402' title='bbox 2731 2652 2990 2720; x_wconf 83' lang='lat' dir='ltr'><strong>piscinam</strong></span> <span class='ocrx_word' id='word_1_403' title='bbox 3026 2653 3331 2722; x_wconf 84' lang='lat' dir='ltr'><strong>antiquam,</strong></span> <span class='ocrx_word' id='word_1_404' title='bbox 3391 2667 3552 2720; x_wconf 79' lang='lat' dir='ltr'><strong>neque</strong></span> <span class='ocrx_word' id='word_1_405' title='bbox 3593 2667 3670 2704; x_wconf 83' lang='lat' dir='ltr'><strong>re-</strong></span> 
     </span>
    </p>
   </div>
   <div class='ocr_carea' id='block_1_58' title="bbox 2089 2741 3670 2813">
    <p class='ocr_par' dir='ltr' id='par_1_58' title="bbox 2089 2741 3670 2813">
     <span class='ocr_line' id='line_1_58' title="bbox 2089 2741 3670 2813; baseline -0.001 -17"><span class='ocrx_word' id='word_1_406' title='bbox 2089 2743 2332 2808; x_wconf 72' lang='lat' dir='ltr'><strong>spexistis</strong></span> <span class='ocrx_word' id='word_1_407' title='bbox 2378 2743 2432 2795; x_wconf 86' lang='lat' dir='ltr'><strong>in</strong></span> <span class='ocrx_word' id='word_1_408' title='bbox 2461 2759 2578 2797; x_wconf 85' lang='lat' dir='ltr'><strong>eum</strong></span> <span class='ocrx_word' id='word_1_409' title='bbox 2610 2743 2700 2813; x_wconf 85' lang='lat' dir='ltr'><strong>qui</strong></span> <span class='ocrx_word' id='word_1_410' title='bbox 2758 2742 2820 2795; x_wconf 89' lang='lat' dir='ltr'><strong>ab</strong></span> <span class='ocrx_word' id='word_1_411' title='bbox 2861 2743 3012 2796; x_wconf 85' lang='lat' dir='ltr'><strong>initio</strong></span> <span class='ocrx_word' id='word_1_412' title='bbox 3045 2743 3192 2811; x_wconf 74' lang='lat' dir='ltr'><strong>fecit,</strong></span> <span class='ocrx_word' id='word_1_413' title='bbox 3252 2751 3300 2796; x_wconf 84' lang='lat' dir='ltr'><strong>et</strong></span> <span class='ocrx_word' id='word_1_414' title='bbox 3347 2743 3402 2796; x_wconf 85' lang='lat' dir='ltr'><strong>in</strong></span> <span class='ocrx_word' id='word_1_415' title='bbox 3429 2759 3546 2796; x_wconf 84' lang='lat' dir='ltr'><strong>eum</strong></span> <span class='ocrx_word' id='word_1_416' title='bbox 3580 2741 3670 2811; x_wconf 84' lang='lat' dir='ltr'><strong>qui</strong></span> 
     </span>
    </p>
   </div>
   <div class='ocr_carea' id='block_1_59' title="bbox 2091 2834 2948 2902">
    <p class='ocr_par' dir='ltr' id='par_1_59' title="bbox 2091 2834 2948 2902">
     <span class='ocr_line' id='line_1_59' title="bbox 2091 2834 2948 2902; baseline 0.002 -17"><span class='ocrx_word' id='word_1_417' title='bbox 2091 2835 2324 2888; x_wconf 82' lang='lat' dir='ltr'><strong>condidit</strong></span> <span class='ocrx_word' id='word_1_418' title='bbox 2351 2850 2486 2901; x_wconf 79' lang='lat' dir='ltr'><strong>eam,</strong></span> <span class='ocrx_word' id='word_1_419' title='bbox 2519 2849 2621 2886; x_wconf 90' lang='lat' dir='ltr'><strong>non</strong></span> <span class='ocrx_word' id='word_1_420' title='bbox 2651 2834 2948 2902; x_wconf 80' lang='lat' dir='ltr'><strong>spectastis.</strong></span> 
     </span>
    </p>
   </div>
   <div class='ocr_carea' id='block_1_60' title="bbox 2161 3008 3670 3080">
    <p class='ocr_par' dir='ltr' id='par_1_60' title="bbox 2161 3008 3670 3080">
     <span class='ocr_line' id='line_1_60' title="bbox 2161 3008 3670 3080; baseline 0.001 -18"><span class='ocrx_word' id='word_1_421' title='bbox 2161 3011 2363 3066; x_wconf 91' lang='lat' dir='ltr'><strong>lterum</strong></span> <span class='ocrx_word' id='word_1_422' title='bbox 2416 3008 2974 3067; x_wconf 50' lang='lat' dir='ltr'><strong>accusattJndaicum</strong></span> <span class='ocrx_word' id='word_1_423' title='bbox 3039 3009 3329 3080; x_wconf 91' lang='lat' dir='ltr'><strong>populum,</strong></span> <span class='ocrx_word' id='word_1_424' title='bbox 3386 3008 3670 3079; x_wconf 65' lang='lat' dir='ltr'><strong>praal‘ectos</strong></span> 
     </span>
    </p>
   </div>
   <div class='ocr_carea' id='block_1_61' title="bbox 2091 3102 3668 3176">
    <p class='ocr_par' dir='ltr' id='par_1_61' title="bbox 2091 3102 3668 3176">
     <span class='ocr_line' id='line_1_61' title="bbox 2091 3102 3668 3176; baseline -0.002 -19"><span class='ocrx_word' id='word_1_425' title='bbox 2091 3119 2284 3174; x_wconf 88' lang='lat' dir='ltr'><strong>nempe</strong></span> <span class='ocrx_word' id='word_1_426' title='bbox 2343 3105 2676 3176; x_wconf 80' lang='lat' dir='ltr'><strong>summisque</strong></span> <span class='ocrx_word' id='word_1_427' title='bbox 2733 3111 2954 3159; x_wconf 76' lang='lat' dir='ltr'><strong>ornatos</strong></span> <span class='ocrx_word' id='word_1_428' title='bbox 3009 3102 3340 3168; x_wconf 89' lang='lat' dir='ltr'><strong>honoribus,</strong></span> <span class='ocrx_word' id='word_1_429' title='bbox 3393 3110 3577 3169; x_wconf 87' lang='lat' dir='ltr'><strong>utpote</strong></span> <span class='ocrx_word' id='word_1_430' title='bbox 3638 3115 3668 3154; x_wconf 85' lang='lat' dir='ltr'><strong>a</strong></span> 
     </span>
    </p>
   </div>
   <div class='ocr_carea' id='block_1_62' title="bbox 413 3181 1987 3268">
    <p class='ocr_par' dir='ltr' id='par_1_62' title="bbox 413 3195 1987 3268">
     <span class='ocr_line' id='line_1_62' title="bbox 413 3195 1987 3268; baseline 0.003 -21"><span class='ocrx_word' id='word_1_431' title='bbox 413 3195 833 3265; x_wconf 71' lang='grc' dir='ltr'>ηγλαῖσμένους,</span> <span class='ocrx_word' id='word_1_432' title='bbox 890 3197 966 3258; x_wconf 86' lang='grc' dir='ltr'><strong>ὡς</strong></span> <span class='ocrx_word' id='word_1_433' title='bbox 1005 3199 1392 3267; x_wconf 76' lang='grc' dir='ltr'>ἡμαρτηκότας</span> <span class='ocrx_word' id='word_1_434' title='bbox 1438 3199 1536 3268; x_wconf 83' lang='grc' dir='ltr'><strong>μὲν</strong></span> <span class='ocrx_word' id='word_1_435' title='bbox 1591 3198 1850 3268; x_wconf 76' lang='grc' dir='ltr'>λογισμοῦ</span> <span class='ocrx_word' id='word_1_436' title='bbox 1895 3199 1987 3252; x_wconf 81' lang='grc' dir='ltr'>τοῦ</span> 
     </span>
    </p>
   </div>
   <div class='ocr_carea' id='block_1_63' title="bbox 2090 3181 3670 3268">
    <p class='ocr_par' dir='ltr' id='par_1_63' title="bbox 2095 3191 3670 3262">
     <span class='ocr_line' id='line_1_63' title="bbox 2095 3191 3670 3262; baseline -0.004 -11"><span class='ocrx_word' id='word_1_437' title='bbox 2095 3197 2303 3252; x_wconf 90' lang='lat' dir='ltr'><strong>ratione</strong></span> <span class='ocrx_word' id='word_1_438' title='bbox 2345 3209 2473 3250; x_wconf 88' lang='lat' dir='ltr'><strong>sana</strong></span> <span class='ocrx_word' id='word_1_439' title='bbox 2528 3197 2861 3260; x_wconf 88' lang='lat' dir='ltr'><strong>aberrantes,</strong></span> <span class='ocrx_word' id='word_1_440' title='bbox 2905 3195 3380 3262; x_wconf 87' lang='lat' dir='ltr'><strong>imprudenterque</strong></span> <span class='ocrx_word' id='word_1_441' title='bbox 3413 3191 3670 3246; x_wconf 77' lang='lat' dir='ltr'><strong>facientes</strong></span> 
     </span>
    </p>
   </div>
   <div class='ocr_carea' id='block_1_64' title="bbox 415 3283 1989 3359">
    <p class='ocr_par' dir='ltr' id='par_1_64' title="bbox 415 3283 1989 3359">
     <span class='ocr_line' id='line_1_64' title="bbox 415 3283 1989 3359; baseline 0.003 -23"><span class='ocrx_word' id='word_1_442' title='bbox 415 3283 710 3354; x_wconf 80' lang='grc' dir='ltr'>σώφρονος,</span> <span class='ocrx_word' id='word_1_443' title='bbox 741 3285 1089 3355; x_wconf 80' lang='grc' dir='ltr'>πεπραχότας</span> <span class='ocrx_word' id='word_1_444' title='bbox 1115 3285 1172 3338; x_wconf 79' lang='grc' dir='ltr'>δὲ</span> <span class='ocrx_word' id='word_1_445' title='bbox 1205 3287 1480 3350; x_wconf 79' lang='grc' dir='ltr'>ἀσυνέτως</span> <span class='ocrx_word' id='word_1_446' title='bbox 1519 3287 1616 3357; x_wconf 82' lang='grc' dir='ltr'>οὐχ</span> <span class='ocrx_word' id='word_1_447' title='bbox 1649 3289 1785 3358; x_wconf 83' lang='grc' dir='ltr'>ὅπερ</span> <span class='ocrx_word' id='word_1_448' title='bbox 1815 3284 1880 3359; x_wconf 75' lang='grc' dir='ltr'>ἦν</span> <span class='ocrx_word' id='word_1_449' title='bbox 1912 3292 1989 3341; x_wconf 83' lang='grc' dir='ltr'><strong>εἰ-</strong></span> 
     </span>
    </p>
   </div>
   <div class='ocr_carea' id='block_1_65' title="bbox 411 3375 1994 3450">
    <p class='ocr_par' dir='ltr' id='par_1_65' title="bbox 411 3375 1994 3450">
     <span class='ocr_line' id='line_1_65' title="bbox 411 3375 1994 3450; baseline 0.004 -23"><span class='ocrx_word' id='word_1_450' title='bbox 411 3376 506 3438; x_wconf 72' lang='grc' dir='ltr'><strong>κὸς</strong></span> <span class='ocrx_word' id='word_1_451' title='bbox 539 3375 824 3439; x_wconf 82' lang='grc' dir='ltr'>διασώζειν</span> <span class='ocrx_word' id='word_1_452' title='bbox 866 3375 1124 3429; x_wconf 87' lang='grc' dir='ltr'>δύνασθαι</span> <span class='ocrx_word' id='word_1_453' title='bbox 1155 3376 1569 3433; x_wconf 73' lang='grc' dir='ltr'>κινδυνεύουσαν</span> <span class='ocrx_word' id='word_1_454' title='bbox 1597 3380 1694 3450; x_wconf 78' lang='grc' dir='ltr'>τὴν</span> <span class='ocrx_word' id='word_1_455' title='bbox 1726 3383 1994 3450; x_wconf 84' lang='grc' dir='ltr'>Ἰερουσα-</span> 
     </span>
    </p>
   </div>
   <div class='ocr_carea' id='block_1_66' title="bbox 411 3465 1995 3544">
    <p class='ocr_par' dir='ltr' id='par_1_66' title="bbox 411 3465 1995 3544">
     <span class='ocr_line' id='line_1_66' title="bbox 411 3465 1995 3544; baseline 0.005 -27"><span class='ocrx_word' id='word_1_456' title='bbox 411 3465 542 3538; x_wconf 77' lang='grc' dir='ltr'>λὴμ,</span> <span class='ocrx_word' id='word_1_457' title='bbox 579 3467 693 3521; x_wconf 84' lang='grc' dir='ltr'>ἀλλ’</span> <span class='ocrx_word' id='word_1_458' title='bbox 721 3468 820 3520; x_wconf 85' lang='grc' dir='ltr'><strong>ὅσα</strong></span> <span class='ocrx_word' id='word_1_459' title='bbox 848 3467 946 3536; x_wconf 84' lang='grc' dir='ltr'>τὴν</span> <span class='ocrx_word' id='word_1_460' title='bbox 980 3468 1364 3537; x_wconf 66' lang='grc' dir='ltr'>ἐπισκήῷασαν</span> <span class='ocrx_word' id='word_1_461' title='bbox 1397 3470 1579 3534; x_wconf 83' lang='grc' dir='ltr'>αὐτοῖς</span> <span class='ocrx_word' id='word_1_462' title='bbox 1604 3471 1769 3543; x_wconf 81' lang='grc' dir='ltr'>ὀργὴν</span> <span class='ocrx_word' id='word_1_463' title='bbox 1799 3473 1995 3544; x_wconf 78' lang='grc' dir='ltr'>ἀγριω-</span> 
     </span>
    </p>
   </div>
   <div class='ocr_carea' id='block_1_67' title="bbox 341 3559 1991 3634">
    <p class='ocr_par' dir='ltr' id='par_1_67' title="bbox 341 3559 1991 3634">
     <span class='ocr_line' id='line_1_67' title="bbox 341 3559 1991 3634; baseline 0.006 -24"><span class='ocrx_word' id='word_1_464' title='bbox 341 3581 350 3588; x_wconf 93' lang='grc'>·</span> <span class='ocrx_word' id='word_1_465' title='bbox 410 3559 574 3630; x_wconf 86' lang='grc' dir='ltr'>τέραν</span> <span class='ocrx_word' id='word_1_466' title='bbox 619 3559 807 3623; x_wconf 80' lang='grc' dir='ltr'>ὲτίθει,</span> <span class='ocrx_word' id='word_1_467' title='bbox 855 3559 1299 3632; x_wconf 82' lang='grc' dir='ltr'>καταθηγομένου</span> <span class='ocrx_word' id='word_1_468' title='bbox 1348 3564 1548 3634; x_wconf 82' lang='grc' dir='ltr'>τρόπον</span> <span class='ocrx_word' id='word_1_469' title='bbox 1587 3567 1707 3618; x_wconf 78' lang='grc' dir='ltr'>τινὰ</span> <span class='ocrx_word' id='word_1_470' title='bbox 1775 3568 1867 3619; x_wconf 80' lang='grc' dir='ltr'><strong>καὶ</strong></span> <span class='ocrx_word' id='word_1_471' title='bbox 1913 3568 1991 3620; x_wconf 79' lang='grc' dir='ltr'>ἔτι</span> 
     </span>
    </p>
   </div>
   <div class='ocr_carea' id='block_1_68' title="bbox 414 3650 1991 3727">
    <p class='ocr_par' dir='ltr' id='par_1_68' title="bbox 414 3650 1991 3727">
     <span class='ocr_line' id='line_1_68' title="bbox 414 3650 1991 3727; baseline 0.007 -25"><span class='ocrx_word' id='word_1_472' title='bbox 414 3650 674 3722; x_wconf 78' lang='grc' dir='ltr'>μειζόνως</span> <span class='ocrx_word' id='word_1_473' title='bbox 702 3653 780 3715; x_wconf 85' lang='grc' dir='ltr'><strong>είς</strong></span> <span class='ocrx_word' id='word_1_474' title='bbox 810 3650 906 3722; x_wconf 83' lang='grc' dir='ltr'><strong>τὴν</strong></span> <span class='ocrx_word' id='word_1_475' title='bbox 935 3653 1020 3704; x_wconf 72' lang='grc' dir='ltr'>ἐπ’</span> <span class='ocrx_word' id='word_1_476' title='bbox 1055 3653 1238 3717; x_wconf 77' lang='grc' dir='ltr'>αὐτοῖς</span> <span class='ocrx_word' id='word_1_477' title='bbox 1268 3655 1638 3727; x_wconf 81' lang='grc' dir='ltr'>ἀγανάκτησιν</span> <span class='ocrx_word' id='word_1_478' title='bbox 1659 3657 1751 3710; x_wconf 78' lang='grc' dir='ltr'>τοῦ</span> <span class='ocrx_word' id='word_1_479' title='bbox 1775 3659 1991 3713; x_wconf 82' lang='grc' dir='ltr'>πάντων</span> 
     </span>
    </p>
   </div>
   <div class='ocr_carea' id='block_1_69' title="bbox 411 3743 1991 3818">
    <p class='ocr_par' dir='ltr' id='par_1_69' title="bbox 411 3743 1991 3818">
     <span class='ocr_line' id='line_1_69' title="bbox 411 3743 1991 3818; baseline 0.004 -21"><span class='ocrx_word' id='word_1_480' title='bbox 411 3743 736 3813; x_wconf 80' lang='grc' dir='ltr'>κρατοῦντος</span> <span class='ocrx_word' id='word_1_481' title='bbox 769 3744 926 3808; x_wconf 76' lang='grc' dir='ltr'>Θεοῦ,</span> <span class='ocrx_word' id='word_1_482' title='bbox 952 3745 1046 3798; x_wconf 83' lang='grc' dir='ltr'>ἆτε</span> <span class='ocrx_word' id='word_1_483' title='bbox 1073 3744 1135 3816; x_wconf 87' lang='grc' dir='ltr'><strong>δὴ</strong></span> <span class='ocrx_word' id='word_1_484' title='bbox 1168 3749 1619 3818; x_wconf 80' lang='grc' dir='ltr'>παρεωραμένου,</span> <span class='ocrx_word' id='word_1_485' title='bbox 1663 3751 1755 3802; x_wconf 77' lang='grc' dir='ltr'><strong>καὶ</strong></span> <span class='ocrx_word' id='word_1_486' title='bbox 1781 3751 1991 3814; x_wconf 71' lang='grc' dir='ltr'>οὐδενὸς</span> 
     </span>
    </p>
   </div>
   <div class='ocr_carea' id='block_1_70' title="bbox 413 3839 1990 3916">
    <p class='ocr_par' dir='ltr' id='par_1_70' title="bbox 413 3839 1990 3916">
     <span class='ocr_line' id='line_1_70' title="bbox 413 3839 1990 3916; baseline 0.003 -25"><span class='ocrx_word' id='word_1_487' title='bbox 413 3840 510 3909; x_wconf 76' lang='grc' dir='ltr'><strong>μὲν</strong></span> <span class='ocrx_word' id='word_1_488' title='bbox 541 3839 628 3891; x_wconf 77' lang='grc' dir='ltr'><strong>ἐπ’</strong></span> <span class='ocrx_word' id='word_1_489' title='bbox 651 3839 798 3916; x_wconf 69' lang='grc' dir='ltr'>αὐτῷ</span> <span class='ocrx_word' id='word_1_490' title='bbox 829 3841 1147 3905; x_wconf 76' lang='grc' dir='ltr'>πεποιθότος</span> <span class='ocrx_word' id='word_1_491' title='bbox 1177 3842 1279 3894; x_wconf 71' lang='grc' dir='ltr'>ἔτι·</span> <span class='ocrx_word' id='word_1_492' title='bbox 1311 3845 1564 3903; x_wconf 83' lang='grc' dir='ltr'>σπουδαῖς</span> <span class='ocrx_word' id='word_1_493' title='bbox 1588 3845 1642 3897; x_wconf 81' lang='grc' dir='ltr'>δὲ</span> <span class='ocrx_word' id='word_1_494' title='bbox 1671 3845 1870 3913; x_wconf 79' lang='grc' dir='ltr'>μᾶλλον</span> <span class='ocrx_word' id='word_1_495' title='bbox 1897 3848 1990 3900; x_wconf 80' lang='grc' dir='ltr'><strong>καὶ</strong></span> 
     </span>
    </p>
   </div>
   <div class='ocr_carea' id='block_1_71' title="bbox 410 3929 1988 4009">
    <p class='ocr_par' dir='ltr' id='par_1_71' title="bbox 410 3929 1988 4009">
     <span class='ocr_line' id='line_1_71' title="bbox 410 3929 1988 4009; baseline 0.005 -25"><span class='ocrx_word' id='word_1_496' title='bbox 410 3929 770 4000; x_wconf 81' lang='grc' dir='ltr'>ἀνθρωπίνοις</span> <span class='ocrx_word' id='word_1_497' title='bbox 800 3933 1221 4003; x_wconf 82' lang='grc' dir='ltr'>ἐπιχειρήμασιν</span> <span class='ocrx_word' id='word_1_498' title='bbox 1250 3935 1511 4004; x_wconf 80' lang='grc' dir='ltr'>οἰομένων</span> <span class='ocrx_word' id='word_1_499' title='bbox 1541 3936 1648 3989; x_wconf 87' lang='grc' dir='ltr'><strong>τῶν</strong></span> <span class='ocrx_word' id='word_1_500' title='bbox 1677 3937 1733 4001; x_wconf 79' lang='grc' dir='ltr'>ἐξ</span> <span class='ocrx_word' id='word_1_501' title='bbox 1773 3939 1988 4009; x_wconf 75' lang='grc' dir='ltr'>Ἰσραὴλ</span> 
     </span>
    </p>
   </div>
   <div class='ocr_carea' id='block_1_72' title="bbox 407 4022 1984 4101">
    <p class='ocr_par' dir='ltr' id='par_1_72' title="bbox 407 4022 1984 4101">
     <span class='ocr_line' id='line_1_72' title="bbox 407 4022 1984 4101; baseline 0.006 -27"><span class='ocrx_word' id='word_1_502' title='bbox 407 4022 909 4094; x_wconf 83' lang='grc' dir='ltr'>κατευμεγεθήσειν</span> <span class='ocrx_word' id='word_1_503' title='bbox 937 4023 1194 4077; x_wconf 81' lang='grc' dir='ltr'>δύνασθαι</span> <span class='ocrx_word' id='word_1_504' title='bbox 1223 4026 1320 4097; x_wconf 82' lang='grc' dir='ltr'>τῆς</span> <span class='ocrx_word' id='word_1_505' title='bbox 1347 4025 1454 4078; x_wconf 87' lang='grc' dir='ltr'><strong>τῶν</strong></span> <span class='ocrx_word' id='word_1_506' title='bbox 1484 4027 1757 4098; x_wconf 83' lang='grc' dir='ltr'>πολεμίων</span> <span class='ocrx_word' id='word_1_507' title='bbox 1785 4031 1984 4101; x_wconf 87' lang='grc' dir='ltr'>χειρός.</span> 
     </span>
    </p>
   </div>
   <div class='ocr_carea' id='block_1_73' title="bbox 407 4114 1988 4190">
    <p class='ocr_par' dir='ltr' id='par_1_73' title="bbox 407 4114 1988 4190">
     <span class='ocr_line' id='line_1_73' title="bbox 407 4114 1988 4190; baseline 0.005 -24"><span class='ocrx_word' id='word_1_508' title='bbox 407 4115 544 4166; x_wconf 78' lang='grc' dir='ltr'>Φασὶ</span> <span class='ocrx_word' id='word_1_509' title='bbox 576 4114 685 4186; x_wconf 84' lang='grc' dir='ltr'><strong>γὰρ</strong></span> <span class='ocrx_word' id='word_1_510' title='bbox 713 4117 794 4168; x_wconf 82' lang='grc' dir='ltr'><strong>ὅτι</strong></span> <span class='ocrx_word' id='word_1_511' title='bbox 836 4117 1354 4188; x_wconf 83' lang='grc' dir='ltr'>ἀπαριθμησὰμενοι</span> <span class='ocrx_word' id='word_1_512' title='bbox 1399 4119 1499 4182; x_wconf 86' lang='grc' dir='ltr'><strong>τὰς</strong></span> <span class='ocrx_word' id='word_1_513' title='bbox 1533 4121 1632 4190; x_wconf 78' lang='grc' dir='ltr'>τῆς</span> <span class='ocrx_word' id='word_1_514' title='bbox 1671 4122 1878 4186; x_wconf 79' lang='grc' dir='ltr'>πόλεως</span> <span class='ocrx_word' id='word_1_515' title='bbox 1910 4125 1988 4176; x_wconf 74' lang='lat' dir='ltr'><strong>oi-</strong></span> 
     </span>
    </p>
   </div>
   <div class='ocr_carea' id='block_1_74' title="bbox 409 4201 1988 4286">
    <p class='ocr_par' dir='ltr' id='par_1_74' title="bbox 409 4201 1988 4286">
     <span class='ocr_line' id='line_1_74' title="bbox 409 4201 1988 4286; baseline 0.007 -29"><span class='ocrx_word' id='word_1_516' title='bbox 409 4205 550 4272; x_wconf 86' lang='grc' dir='ltr'>κίας,</span> <span class='ocrx_word' id='word_1_517' title='bbox 579 4201 697 4258; x_wconf 81' lang='grc' dir='ltr'>εἶτα</span> <span class='ocrx_word' id='word_1_518' title='bbox 724 4207 784 4259; x_wconf 87' lang='grc' dir='ltr'><strong>τὸ</strong></span> <span class='ocrx_word' id='word_1_519' title='bbox 805 4207 1068 4261; x_wconf 83' lang='grc' dir='ltr'>ἀπόθετον</span> <span class='ocrx_word' id='word_1_520' title='bbox 1098 4208 1240 4280; x_wconf 80' lang='grc' dir='ltr'>ὕδωρ</span> <span class='ocrx_word' id='word_1_521' title='bbox 1269 4210 1400 4264; x_wconf 80' lang='grc' dir='ltr'>ὡσεὶ</span> <span class='ocrx_word' id='word_1_522' title='bbox 1431 4219 1759 4284; x_wconf 83' lang='grc' dir='ltr'>στοχασμοῖς</span> <span class='ocrx_word' id='word_1_523' title='bbox 1791 4217 1988 4286; x_wconf 87' lang='grc' dir='ltr'>ἀναμε-</span> 
     </span>
    </p>
   </div>
   <div class='ocr_carea' id='block_1_75' title="bbox 406 4297 1984 4377">
    <p class='ocr_par' dir='ltr' id='par_1_75' title="bbox 406 4297 1984 4377">
     <span class='ocr_line' id='line_1_75' title="bbox 406 4297 1984 4377; baseline 0.007 -28"><span class='ocrx_word' id='word_1_524' title='bbox 406 4297 761 4368; x_wconf 83' lang='grc' dir='ltr'>τρησάμενοι,</span> <span class='ocrx_word' id='word_1_525' title='bbox 795 4299 1029 4352; x_wconf 85' lang='grc' dir='ltr'>συνεῖδον</span> <span class='ocrx_word' id='word_1_526' title='bbox 1062 4301 1142 4352; x_wconf 84' lang='grc' dir='ltr'>ὅτι</span> <span class='ocrx_word' id='word_1_527' title='bbox 1184 4302 1404 4365; x_wconf 88' lang='grc' dir='ltr'>πλείους</span> <span class='ocrx_word' id='word_1_528' title='bbox 1442 4305 1567 4367; x_wconf 79' lang='grc' dir='ltr'>εἰσὶ,</span> <span class='ocrx_word' id='word_1_529' title='bbox 1611 4307 1702 4358; x_wconf 75' lang='grc' dir='ltr'><strong>καὶ</strong></span> <span class='ocrx_word' id='word_1_530' title='bbox 1743 4307 1984 4377; x_wconf 80' lang='grc' dir='ltr'>μετωχέ-</span> 
     </span>
    </p>
   </div>
   <div class='ocr_carea' id='block_1_76' title="bbox 406 4388 1984 4467">
    <p class='ocr_par' dir='ltr' id='par_1_76' title="bbox 406 4388 1984 4467">
     <span class='ocr_line' id='line_1_76' title="bbox 406 4388 1984 4467; baseline 0.006 -28"><span class='ocrx_word' id='word_1_531' title='bbox 406 4403 604 4440; x_wconf 83' lang='grc' dir='ltr'>τευσαν</span> <span class='ocrx_word' id='word_1_532' title='bbox 643 4388 742 4458; x_wconf 78' lang='grc' dir='ltr'>τῆς</span> <span class='ocrx_word' id='word_1_533' title='bbox 783 4388 1016 4458; x_wconf 82' lang='grc' dir='ltr'>ἀρχαίας</span> <span class='ocrx_word' id='word_1_534' title='bbox 1055 4391 1442 4462; x_wconf 78' lang='grc' dir='ltr'>κολυμϐήθρας</span> <span class='ocrx_word' id='word_1_535' title='bbox 1483 4395 1542 4446; x_wconf 85' lang='grc' dir='ltr'><strong>τὸ</strong></span> <span class='ocrx_word' id='word_1_536' title='bbox 1579 4395 1720 4465; x_wconf 76' lang='grc' dir='ltr'>ὕδωρ</span> <span class='ocrx_word' id='word_1_537' title='bbox 1773 4397 1852 4458; x_wconf 84' lang='grc' dir='ltr'>εἰς</span> <span class='ocrx_word' id='word_1_538' title='bbox 1887 4397 1984 4467; x_wconf 80' lang='grc' dir='ltr'><strong>τὴν</strong></span> 
     </span>
    </p>
   </div>
   <div class='ocr_carea' id='block_1_77' title="bbox 409 4475 1984 4550">
    <p class='ocr_par' dir='ltr' id='par_1_77' title="bbox 409 4475 1984 4550">
     <span class='ocr_line' id='line_1_77' title="bbox 409 4475 1984 4550; baseline 0.004 -22"><span class='ocrx_word' id='word_1_539' title='bbox 409 4477 580 4537; x_wconf 84' lang='grc' dir='ltr'>πόλιν,</span> <span class='ocrx_word' id='word_1_540' title='bbox 612 4476 699 4531; x_wconf 83' lang='grc' dir='ltr'>ἵνα</span> <span class='ocrx_word' id='word_1_541' title='bbox 728 4475 897 4546; x_wconf 75' lang='grc' dir='ltr'>ἔχοιεν</span> <span class='ocrx_word' id='word_1_542' title='bbox 923 4477 1207 4549; x_wconf 79' lang='grc' dir='ltr'>ὠσπεροῦν</span> <span class='ocrx_word' id='word_1_543' title='bbox 1236 4477 1402 4550; x_wconf 77' lang='grc' dir='ltr'>ᾤοντο</span> <span class='ocrx_word' id='word_1_544' title='bbox 1435 4481 1575 4534; x_wconf 84' lang='grc' dir='ltr'><strong>κατά</strong></span> <span class='ocrx_word' id='word_1_545' title='bbox 1617 4483 1756 4550; x_wconf 78' lang='grc' dir='ltr'>σφᾶς</span> <span class='ocrx_word' id='word_1_546' title='bbox 1787 4483 1984 4545; x_wconf 58' lang='grc' dir='ltr'>αὐτούς</span> 
     </span>
    </p>
   </div>
   <div class='ocr_carea' id='block_1_78' title="bbox 2097 3285 3668 3358">
    <p class='ocr_par' dir='ltr' id='par_1_78' title="bbox 2097 3285 3668 3358">
     <span class='ocr_line' id='line_1_78' title="bbox 2097 3285 3668 3358; baseline -0.004 -14"><span class='ocrx_word' id='word_1_547' title='bbox 2097 3306 2202 3344; x_wconf 92' lang='lat' dir='ltr'><strong>non</strong></span> <span class='ocrx_word' id='word_1_548' title='bbox 2264 3305 2328 3344; x_wconf 89' lang='lat' dir='ltr'><strong>ea</strong></span> <span class='ocrx_word' id='word_1_549' title='bbox 2392 3288 2588 3358; x_wconf 90' lang='lat' dir='ltr'><strong>quibus</strong></span> <span class='ocrx_word' id='word_1_550' title='bbox 2651 3287 3046 3355; x_wconf 84' lang='lat' dir='ltr'><strong>periclitantem</strong></span> <span class='ocrx_word' id='word_1_551' title='bbox 3109 3285 3406 3340; x_wconf 86' lang='lat' dir='ltr'><strong>Jerusalem</strong></span> <span class='ocrx_word' id='word_1_552' title='bbox 3463 3285 3668 3340; x_wconf 90' lang='lat' dir='ltr'><strong>servari</strong></span> 
     </span>
    </p>
   </div>
   <div class='ocr_carea' id='block_1_79' title="bbox 2093 3377 3667 3456">
    <p class='ocr_par' dir='ltr' id='par_1_79' title="bbox 2093 3377 3667 3456">
     <span class='ocr_line' id='line_1_79' title="bbox 2093 3377 3667 3456; baseline -0.004 -20"><span class='ocrx_word' id='word_1_553' title='bbox 2093 3397 2252 3451; x_wconf 90' lang='lat' dir='ltr'><strong>posse</strong></span> <span class='ocrx_word' id='word_1_554' title='bbox 2309 3380 2608 3456; x_wconf 78' lang='lat' dir='ltr'><strong>videbatur,</strong></span> <span class='ocrx_word' id='word_1_555' title='bbox 2662 3378 2756 3432; x_wconf 87' lang='lat' dir='ltr'><strong>sed</strong></span> <span class='ocrx_word' id='word_1_556' title='bbox 2810 3379 2949 3433; x_wconf 89' lang='lat' dir='ltr'><strong>unde</strong></span> <span class='ocrx_word' id='word_1_557' title='bbox 3007 3379 3142 3432; x_wconf 90' lang='lat' dir='ltr'><strong>iram</strong></span> <span class='ocrx_word' id='word_1_558' title='bbox 3189 3391 3282 3432; x_wconf 89' lang='lat' dir='ltr'><strong>eos</strong></span> <span class='ocrx_word' id='word_1_559' title='bbox 3325 3377 3667 3432; x_wconf 81' lang='lat' dir='ltr'><strong>infestantem</strong></span> 
     </span>
    </p>
   </div>
   <div class='ocr_carea' id='block_1_80' title="bbox 2093 3469 3668 3543">
    <p class='ocr_par' dir='ltr' id='par_1_80' title="bbox 2093 3469 3668 3543">
     <span class='ocr_line' id='line_1_80' title="bbox 2093 3469 3668 3543; baseline -0.003 -15"><span class='ocrx_word' id='word_1_560' title='bbox 2093 3474 2264 3543; x_wconf 78' lang='lat' dir='ltr'><strong>magis</strong></span> <span class='ocrx_word' id='word_1_561' title='bbox 2321 3479 2715 3541; x_wconf 68' lang='lat' dir='ltr'><strong>aggravarem,</strong></span> <span class='ocrx_word' id='word_1_562' title='bbox 2769 3479 2824 3526; x_wconf 91' lang='lat' dir='ltr'><strong>et</strong></span> <span class='ocrx_word' id='word_1_563' title='bbox 2868 3477 3275 3540; x_wconf 78' lang='lat' dir='ltr'><strong>eanperarent,</strong></span> <span class='ocrx_word' id='word_1_564' title='bbox 3323 3485 3444 3524; x_wconf 91' lang='lat' dir='ltr'><strong>cum</strong></span> <span class='ocrx_word' id='word_1_565' title='bbox 3477 3469 3668 3524; x_wconf 81' lang='lat' dir='ltr'><strong>&#39;adbuc</strong></span> 
     </span>
    </p>
   </div>
   <div class='ocr_carea' id='block_1_81' title="bbox 2093 3563 3666 3634">
    <p class='ocr_par' dir='ltr' id='par_1_81' title="bbox 2093 3563 3666 3634">
     <span class='ocr_line' id='line_1_81' title="bbox 2093 3563 3666 3634; baseline -0.001 -17"><span class='ocrx_word' id='word_1_566' title='bbox 2093 3565 2265 3634; x_wconf 84' lang='lat' dir='ltr'><strong>magis</strong></span> <span class='ocrx_word' id='word_1_567' title='bbox 2326 3564 2391 3616; x_wconf 88' lang='lat' dir='ltr'><strong>ad</strong></span> <span class='ocrx_word' id='word_1_568' title='bbox 2447 3563 2869 3633; x_wconf 78' lang='lat' dir='ltr'><strong>indignationem</strong></span> <span class='ocrx_word' id='word_1_569' title='bbox 2925 3569 3281 3616; x_wconf 83' lang='lat' dir='ltr'><strong>exacueretnr</strong></span> <span class='ocrx_word' id='word_1_570' title='bbox 3332 3570 3520 3616; x_wconf 88' lang='lat' dir='ltr'><strong>contra</strong></span> <span class='ocrx_word' id='word_1_571' title='bbox 3575 3575 3666 3616; x_wconf 87' lang='lat' dir='ltr'><strong>eos</strong></span> 
     </span>
    </p>
   </div>
   <div class='ocr_carea' id='block_1_82' title="bbox 2090 3649 3664 3727">
    <p class='ocr_par' dir='ltr' id='par_1_82' title="bbox 2090 3649 3664 3727">
     <span class='ocr_line' id='line_1_82' title="bbox 2090 3649 3664 3727; baseline -0.004 -16"><span class='ocrx_word' id='word_1_572' title='bbox 2090 3659 2428 3727; x_wconf 89' lang='lat' dir='ltr'><strong>omnipotens</strong></span> <span class='ocrx_word' id='word_1_573' title='bbox 2497 3649 2702 3720; x_wconf 71' lang='lat' dir='ltr'><strong>Deus,</strong></span> <span class='ocrx_word' id='word_1_574' title='bbox 2737 3655 3064 3724; x_wconf 85' lang='lat' dir='ltr'><strong>contemptui</strong></span> <span class='ocrx_word' id='word_1_575' title='bbox 3129 3653 3293 3724; x_wconf 81' lang='lat'><strong>320</strong></span> <span class='ocrx_word' id='word_1_576' title='bbox 3351 3653 3566 3707; x_wconf 86' lang='lat' dir='ltr'><strong>habitus</strong></span> <span class='ocrx_word' id='word_1_577' title='bbox 3613 3663 3664 3707; x_wconf 85' lang='lat' dir='ltr'><strong>et</strong></span> 
     </span>
    </p>
   </div>
   <div class='ocr_carea' id='block_1_83' title="bbox 2091 3744 3666 3819">
    <p class='ocr_par' dir='ltr' id='par_1_83' title="bbox 2091 3744 3666 3819">
     <span class='ocr_line' id='line_1_83' title="bbox 2091 3744 3666 3819; baseline -0.004 -16"><span class='ocrx_word' id='word_1_578' title='bbox 2091 3750 2408 3819; x_wconf 87' lang='lat' dir='ltr'><strong>despicatui,</strong></span> <span class='ocrx_word' id='word_1_579' title='bbox 2439 3749 2491 3802; x_wconf 92' lang='lat' dir='ltr'><strong>in</strong></span> <span class='ocrx_word' id='word_1_580' title='bbox 2525 3749 2613 3803; x_wconf 91' lang='lat' dir='ltr'><strong>illo</strong></span> <span class='ocrx_word' id='word_1_581' title='bbox 2649 3747 2992 3816; x_wconf 87' lang='lat' dir='ltr'><strong>neminejam</strong></span> <span class='ocrx_word' id='word_1_582' title='bbox 3028 3745 3183 3800; x_wconf 83' lang='lat' dir='ltr'><strong>ﬁdem</strong></span> <span class='ocrx_word' id='word_1_583' title='bbox 3218 3744 3538 3807; x_wconf 85' lang='lat' dir='ltr'><strong>collocante,</strong></span> <span class='ocrx_word' id='word_1_584' title='bbox 3571 3747 3666 3797; x_wconf 92' lang='lat' dir='ltr'><strong>sed</strong></span> 
     </span>
    </p>
   </div>
   <div class='ocr_carea' id='block_1_84' title="bbox 2089 3837 3662 3907">
    <p class='ocr_par' dir='ltr' id='par_1_84' title="bbox 2089 3837 3662 3907">
     <span class='ocr_line' id='line_1_84' title="bbox 2089 3837 3662 3907; baseline -0.003 -13"><span class='ocrx_word' id='word_1_585' title='bbox 2089 3841 2344 3895; x_wconf 80' lang='lat' dir='ltr'><strong>Israelitis</strong></span> <span class='ocrx_word' id='word_1_586' title='bbox 2389 3840 2634 3894; x_wconf 89' lang='lat' dir='ltr'><strong>hostilem</strong></span> <span class='ocrx_word' id='word_1_587' title='bbox 2665 3855 2884 3893; x_wconf 88' lang='lat' dir='ltr'><strong>manum</strong></span> <span class='ocrx_word' id='word_1_588' title='bbox 2916 3852 3175 3907; x_wconf 89' lang='lat' dir='ltr'><strong>superare</strong></span> <span class='ocrx_word' id='word_1_589' title='bbox 3205 3853 3264 3892; x_wconf 83' lang='lat' dir='ltr'><strong>se</strong></span> <span class='ocrx_word' id='word_1_590' title='bbox 3293 3851 3449 3907; x_wconf 83' lang='lat' dir='ltr'><strong>posse</strong></span> <span class='ocrx_word' id='word_1_591' title='bbox 3481 3837 3662 3891; x_wconf 85' lang='lat' dir='ltr'><strong>studio</strong></span> 
     </span>
    </p>
   </div>
   <div class='ocr_carea' id='block_1_85' title="bbox 2091 3931 3662 3987">
    <p class='ocr_par' dir='ltr' id='par_1_85' title="bbox 2091 3931 3662 3987">
     <span class='ocr_line' id='line_1_85' title="bbox 2091 3931 3662 3987; baseline -0.003 0"><span class='ocrx_word' id='word_1_592' title='bbox 2091 3947 2144 3987; x_wconf 88' lang='lat' dir='ltr'><strong>et</strong></span> <span class='ocrx_word' id='word_1_593' title='bbox 2168 3941 2362 3987; x_wconf 88' lang='lat' dir='ltr'><strong>conatu</strong></span> <span class='ocrx_word' id='word_1_594' title='bbox 2411 3933 2645 3986; x_wconf 87' lang='lat' dir='ltr'><strong>humano</strong></span> <span class='ocrx_word' id='word_1_595' title='bbox 2690 3931 3146 3987; x_wconf 71' lang='lat' dir='ltr'><strong>existimantibus.</strong></span> <span class='ocrx_word' id='word_1_596' title='bbox 3188 3931 3398 3984; x_wconf 82' lang='lat' dir='ltr'><strong>Etenim</strong></span> <span class='ocrx_word' id='word_1_597' title='bbox 3443 3931 3662 3982; x_wconf 78' lang='lat' dir='ltr'><strong>narrant</strong></span> 
     </span>
    </p>
   </div>
   <div class='ocr_carea' id='block_1_86' title="bbox 2089 4023 3663 4092">
    <p class='ocr_par' dir='ltr' id='par_1_86' title="bbox 2089 4023 3663 4092">
     <span class='ocr_line' id='line_1_86' title="bbox 2089 4023 3663 4092; baseline -0.003 -14"><span class='ocrx_word' id='word_1_598' title='bbox 2089 4025 2426 4080; x_wconf 90' lang='lat' dir='ltr'><strong>recensuisse</strong></span> <span class='ocrx_word' id='word_1_599' title='bbox 2459 4039 2553 4080; x_wconf 91' lang='lat' dir='ltr'><strong>eos</strong></span> <span class='ocrx_word' id='word_1_600' title='bbox 2581 4023 2816 4078; x_wconf 88' lang='lat' dir='ltr'><strong>civitatis</strong></span> <span class='ocrx_word' id='word_1_601' title='bbox 2837 4023 3093 4090; x_wconf 85' lang='lat' dir='ltr'><strong>familias,</strong></span> <span class='ocrx_word' id='word_1_602' title='bbox 3120 4023 3244 4078; x_wconf 90' lang='lat' dir='ltr'><strong>dein</strong></span> <span class='ocrx_word' id='word_1_603' title='bbox 3273 4038 3466 4092; x_wconf 89' lang='lat' dir='ltr'><strong>aquam</strong></span> <span class='ocrx_word' id='word_1_604' title='bbox 3500 4037 3663 4091; x_wconf 89' lang='lat' dir='ltr'><strong>quam</strong></span> 
     </span>
    </p>
   </div>
   <div class='ocr_carea' id='block_1_87' title="bbox 2089 4116 3662 4187">
    <p class='ocr_par' dir='ltr' id='par_1_87' title="bbox 2089 4116 3662 4187">
     <span class='ocr_line' id='line_1_87' title="bbox 2089 4116 3662 4187; baseline 0 -17"><span class='ocrx_word' id='word_1_605' title='bbox 2089 4118 2378 4187; x_wconf 88' lang='lat' dir='ltr'><strong>repositam</strong></span> <span class='ocrx_word' id='word_1_606' title='bbox 2413 4117 2555 4172; x_wconf 91' lang='lat' dir='ltr'><strong>domi</strong></span> <span class='ocrx_word' id='word_1_607' title='bbox 2589 4119 2894 4180; x_wconf 88' lang='lat' dir='ltr'><strong>habebant,</strong></span> <span class='ocrx_word' id='word_1_608' title='bbox 2930 4127 3194 4187; x_wconf 89' lang='lat' dir='ltr'><strong>quantmn</strong></span> <span class='ocrx_word' id='word_1_609' title='bbox 3220 4116 3534 4183; x_wconf 87' lang='lat' dir='ltr'><strong>conjectura</strong></span> <span class='ocrx_word' id='word_1_610' title='bbox 3573 4131 3662 4170; x_wconf 49' lang='lat' dir='ltr'><strong>as.</strong></span> 
     </span>
    </p>
   </div>
   <div class='ocr_carea' id='block_1_88' title="bbox 2087 4207 3660 4278">
    <p class='ocr_par' dir='ltr' id='par_1_88' title="bbox 2087 4207 3660 4278">
     <span class='ocr_line' id='line_1_88' title="bbox 2087 4207 3660 4278; baseline -0.001 -15"><span class='ocrx_word' id='word_1_611' title='bbox 2087 4210 2239 4278; x_wconf 90' lang='lat' dir='ltr'><strong>sequi</strong></span> <span class='ocrx_word' id='word_1_612' title='bbox 2293 4218 2571 4278; x_wconf 86' lang='lat' dir='ltr'><strong>poterant,</strong></span> <span class='ocrx_word' id='word_1_613' title='bbox 2605 4224 2876 4276; x_wconf 89' lang='lat' dir='ltr'><strong>emensos,</strong></span> <span class='ocrx_word' id='word_1_614' title='bbox 2929 4208 3253 4277; x_wconf 81' lang='lat' dir='ltr'><strong>cognovisse</strong></span> <span class='ocrx_word' id='word_1_615' title='bbox 3306 4209 3448 4277; x_wconf 92' lang='lat' dir='ltr'><strong>quod</strong></span> <span class='ocrx_word' id='word_1_616' title='bbox 3485 4207 3660 4276; x_wconf 83' lang='lat' dir='ltr'><strong>plures</strong></span> 
     </span>
    </p>
   </div>
   <div class='ocr_carea' id='block_1_89' title="bbox 2088 4301 3660 4370">
    <p class='ocr_par' dir='ltr' id='par_1_89' title="bbox 2088 4301 3660 4370">
     <span class='ocr_line' id='line_1_89' title="bbox 2088 4301 3660 4370; baseline -0.001 -16"><span class='ocrx_word' id='word_1_617' title='bbox 2088 4311 2307 4367; x_wconf 88' lang='lat' dir='ltr'><strong>essent,</strong></span> <span class='ocrx_word' id='word_1_618' title='bbox 2359 4303 2782 4370; x_wconf 89' lang='lat' dir='ltr'><strong>derivaruntque</strong></span> <span class='ocrx_word' id='word_1_619' title='bbox 2833 4302 3032 4356; x_wconf 87' lang='lat' dir='ltr'><strong>veteris</strong></span> <span class='ocrx_word' id='word_1_620' title='bbox 3091 4301 3309 4370; x_wconf 69' lang='lat' dir='ltr'><strong>piscina!</strong></span> <span class='ocrx_word' id='word_1_621' title='bbox 3369 4317 3562 4366; x_wconf 87' lang='lat' dir='ltr'><strong>aquam</strong></span> <span class='ocrx_word' id='word_1_622' title='bbox 3607 4301 3660 4354; x_wconf 88' lang='lat' dir='ltr'><strong>in</strong></span> 
     </span>
    </p>
   </div>
   <div class='ocr_carea' id='block_1_90' title="bbox 2086 4393 3657 4462">
    <p class='ocr_par' dir='ltr' id='par_1_90' title="bbox 2086 4393 3657 4462">
     <span class='ocr_line' id='line_1_90' title="bbox 2086 4393 3657 4462; baseline -0.002 -15"><span class='ocrx_word' id='word_1_623' title='bbox 2086 4394 2380 4456; x_wconf 87' lang='lat' dir='ltr'><strong>civitatem,</strong></span> <span class='ocrx_word' id='word_1_624' title='bbox 2412 4403 2470 4448; x_wconf 92' lang='lat' dir='ltr'><strong>ut</strong></span> <span class='ocrx_word' id='word_1_625' title='bbox 2499 4395 2781 4458; x_wconf 87' lang='lat' dir='ltr'><strong>haberent,</strong></span> <span class='ocrx_word' id='word_1_626' title='bbox 2821 4393 3270 4462; x_wconf 90' lang='lat' dir='ltr'><strong>quemadmodum</strong></span> <span class='ocrx_word' id='word_1_627' title='bbox 3308 4394 3407 4448; x_wconf 88' lang='lat' dir='ltr'><strong>sibi</strong></span> <span class='ocrx_word' id='word_1_628' title='bbox 3443 4395 3657 4448; x_wconf 89' lang='lat' dir='ltr'><strong>videba-</strong></span> 
     </span>
    </p>
   </div>
   <div class='ocr_carea' id='block_1_91' title="bbox 2089 4483 3658 4555">
    <p class='ocr_par' dir='ltr' id='par_1_91' title="bbox 2089 4483 3658 4555">
     <span class='ocr_line' id='line_1_91' title="bbox 2089 4483 3658 4555; baseline -0.001 -16"><span class='ocrx_word' id='word_1_629' title='bbox 2089 4494 2192 4549; x_wconf 89' lang='lat' dir='ltr'><strong>tur,</strong></span> <span class='ocrx_word' id='word_1_630' title='bbox 2225 4486 2365 4555; x_wconf 90' lang='lat' dir='ltr'><strong>quod</strong></span> <span class='ocrx_word' id='word_1_631' title='bbox 2394 4493 2573 4553; x_wconf 89' lang='lat' dir='ltr'><strong>posset</strong></span> <span class='ocrx_word' id='word_1_632' title='bbox 2601 4483 2867 4549; x_wconf 81' lang='lat' dir='ltr'><strong>sutiiccrc,</strong></span> <span class='ocrx_word' id='word_1_633' title='bbox 2901 4484 3112 4538; x_wconf 87' lang='lat' dir='ltr'><strong>etiamsi</strong></span> <span class='ocrx_word' id='word_1_634' title='bbox 3139 4491 3347 4555; x_wconf 83' lang='lat' dir='ltr'><strong>tempus</strong></span> <span class='ocrx_word' id='word_1_635' title='bbox 3365 4483 3658 4538; x_wconf 84' lang='lat' dir='ltr'><strong>obsidionis</strong></span> 
     </span>
    </p>
   </div>
   <div class='ocr_carea' id='block_1_92' title="bbox 405 4555 1987 4646">
    <p class='ocr_par' dir='ltr' id='par_1_92' title="bbox 405 4570 1982 4643">
     <span class='ocr_line' id='line_1_92' title="bbox 405 4570 1982 4643; baseline 0.001 -20"><span class='ocrx_word' id='word_1_636' title='bbox 405 4571 468 4623; x_wconf 81' lang='grc' dir='ltr'>τὸ</span> <span class='ocrx_word' id='word_1_637' title='bbox 511 4571 742 4642; x_wconf 84' lang='grc' dir='ltr'>ἀρκέσαι</span> <span class='ocrx_word' id='word_1_638' title='bbox 785 4570 1102 4642; x_wconf 83' lang='grc' dir='ltr'>δυνάμενον,</span> <span class='ocrx_word' id='word_1_639' title='bbox 1155 4573 1203 4624; x_wconf 80' lang='grc' dir='ltr'><strong>εἰ</strong></span> <span class='ocrx_word' id='word_1_640' title='bbox 1249 4573 1346 4625; x_wconf 75' lang='grc' dir='ltr'>καὶ</span> <span class='ocrx_word' id='word_1_641' title='bbox 1395 4573 1730 4643; x_wconf 84' lang='grc' dir='ltr'>μακρότερος</span> <span class='ocrx_word' id='word_1_642' title='bbox 1773 4573 1982 4641; x_wconf 81' lang='grc' dir='ltr'>γένοιτό</span> 
     </span>
    </p>
   </div>
   <div class='ocr_carea' id='block_1_93' title="bbox 2090 4555 3656 4646">
    <p class='ocr_par' dir='ltr' id='par_1_93' title="bbox 2090 4575 3656 4646">
     <span class='ocr_line' id='line_1_93' title="bbox 2090 4575 3656 4646; baseline 0.001 -17"><span class='ocrx_word' id='word_1_643' title='bbox 2090 4576 2494 4646; x_wconf 89' lang='lat' dir='ltr'><strong>protraheretur</strong></span> <span class='ocrx_word' id='word_1_644' title='bbox 2526 4575 2579 4628; x_wconf 94' lang='lat' dir='ltr'><strong>in</strong></span> <span class='ocrx_word' id='word_1_645' title='bbox 2611 4577 2839 4644; x_wconf 81' lang='lat' dir='ltr'><strong>longius.</strong></span> <span class='ocrx_word' id='word_1_646' title='bbox 2871 4576 2932 4627; x_wconf 86' lang='lat' dir='ltr'><strong>Et</strong></span> <span class='ocrx_word' id='word_1_647' title='bbox 2967 4577 3198 4640; x_wconf 67' lang='lat' dir='ltr'><strong>adfliazc,</strong></span> <span class='ocrx_word' id='word_1_648' title='bbox 3231 4577 3425 4646; x_wconf 90' lang='lat' dir='ltr'><strong>inquit,</strong></span> <span class='ocrx_word' id='word_1_649' title='bbox 3465 4591 3656 4631; x_wconf 87' lang='lat' dir='ltr'><strong>muros</strong></span> 
     </span>
    </p>
   </div>
   <div class='ocr_carea' id='block_1_94' title="bbox 409 4662 1980 4735">
    <p class='ocr_par' dir='ltr' id='par_1_94' title="bbox 409 4662 1980 4735">
     <span class='ocr_line' id='line_1_94' title="bbox 409 4662 1980 4735; baseline 0.001 -19"><span class='ocrx_word' id='word_1_650' title='bbox 409 4679 522 4726; x_wconf 82' lang='grc' dir='ltr'><strong>πως</strong></span> <span class='ocrx_word' id='word_1_651' title='bbox 545 4663 572 4714; x_wconf 89' lang='grc' dir='ltr'><strong>ὁ</strong></span> <span class='ocrx_word' id='word_1_652' title='bbox 591 4664 694 4732; x_wconf 82' lang='grc' dir='ltr'>τῆς</span> <span class='ocrx_word' id='word_1_653' title='bbox 715 4662 1030 4734; x_wconf 83' lang='grc' dir='ltr'>πολιορκίας</span> <span class='ocrx_word' id='word_1_654' title='bbox 1054 4665 1262 4734; x_wconf 86' lang='grc' dir='ltr'>καιρός.</span> <span class='ocrx_word' id='word_1_655' title='bbox 1296 4665 1408 4717; x_wconf 76' lang='grc' dir='ltr'><strong>Καὶ</strong></span> <span class='ocrx_word' id='word_1_656' title='bbox 1437 4665 1660 4735; x_wconf 81' lang='grc' dir='ltr'>προσέτι</span> <span class='ocrx_word' id='word_1_657' title='bbox 1690 4665 1862 4734; x_wconf 85' lang='grc' dir='ltr'>τούτῳ</span> <span class='ocrx_word' id='word_1_658' title='bbox 1882 4665 1980 4728; x_wconf 78' lang='grc' dir='ltr'><strong>τὰς</strong></span> 
     </span>
    </p>
   </div>
   <div class='ocr_carea' id='block_1_95' title="bbox 407 4753 1978 4828">
    <p class='ocr_par' dir='ltr' id='par_1_95' title="bbox 407 4753 1978 4828">
     <span class='ocr_line' id='line_1_95' title="bbox 407 4753 1978 4828; baseline 0.003 -24"><span class='ocrx_word' id='word_1_659' title='bbox 407 4753 514 4805; x_wconf 87' lang='grc' dir='ltr'><strong>τῶν</strong></span> <span class='ocrx_word' id='word_1_660' title='bbox 542 4754 736 4824; x_wconf 87' lang='grc' dir='ltr'>τειχῶν</span> <span class='ocrx_word' id='word_1_661' title='bbox 766 4755 1060 4826; x_wconf 83' lang='grc' dir='ltr'>ὀχυρώσεις</span> <span class='ocrx_word' id='word_1_662' title='bbox 1101 4755 1400 4820; x_wconf 78' lang='grc' dir='ltr'>ἐποιοῦντο,</span> <span class='ocrx_word' id='word_1_663' title='bbox 1432 4757 1588 4828; x_wconf 80' lang='grc' dir='ltr'>φησὶ,</span> <span class='ocrx_word' id='word_1_664' title='bbox 1621 4756 1720 4819; x_wconf 77' lang='grc' dir='ltr'>τὰς</span> <span class='ocrx_word' id='word_1_665' title='bbox 1746 4759 1844 4826; x_wconf 85' lang='grc' dir='ltr'>τῆς</span> <span class='ocrx_word' id='word_1_666' title='bbox 1881 4758 1978 4809; x_wconf 82' lang='grc' dir='ltr'>πό-</span> 
     </span>
    </p>
   </div>
   <div class='ocr_carea' id='block_1_96' title="bbox 405 4843 1980 4918">
    <p class='ocr_par' dir='ltr' id='par_1_96' title="bbox 405 4843 1980 4918">
     <span class='ocr_line' id='line_1_96' title="bbox 405 4843 1980 4918; baseline 0.002 -21"><span class='ocrx_word' id='word_1_667' title='bbox 405 4843 542 4908; x_wconf 89' lang='grc' dir='ltr'>λεως</span> <span class='ocrx_word' id='word_1_668' title='bbox 567 4845 742 4909; x_wconf 83' lang='grc' dir='ltr'>οἰκίας</span> <span class='ocrx_word' id='word_1_669' title='bbox 787 4847 1188 4911; x_wconf 88' lang='grc' dir='ltr'>κατασείοντες.</span> <span class='ocrx_word' id='word_1_670' title='bbox 1233 4849 1343 4900; x_wconf 81' lang='grc' dir='ltr'>Καὶ</span> <span class='ocrx_word' id='word_1_671' title='bbox 1369 4848 1468 4900; x_wconf 78' lang='grc' dir='ltr'><strong>οὐκ</strong></span> <span class='ocrx_word' id='word_1_672' title='bbox 1519 4847 1840 4918; x_wconf 62' lang='grc' dir='ltr'>ἐνεϐλέψατε</span> <span class='ocrx_word' id='word_1_673' title='bbox 1901 4850 1980 4913; x_wconf 82' lang='grc' dir='ltr'>εἰς</span> 
     </span>
    </p>
   </div>
   <div class='ocr_carea' id='block_1_97' title="bbox 403 4937 1983 5011">
    <p class='ocr_par' dir='ltr' id='par_1_97' title="bbox 403 4937 1983 5011">
     <span class='ocr_line' id='line_1_97' title="bbox 403 4937 1983 5011; baseline 0.003 -22"><span class='ocrx_word' id='word_1_674' title='bbox 403 4937 494 4991; x_wconf 74' lang='grc' dir='ltr'>τὸν</span> <span class='ocrx_word' id='word_1_675' title='bbox 523 4938 780 5010; x_wconf 81' lang='grc' dir='ltr'>ἀπαρχῆς</span> <span class='ocrx_word' id='word_1_676' title='bbox 808 4940 1107 5009; x_wconf 85' lang='grc' dir='ltr'>ποιήσαντα</span> <span class='ocrx_word' id='word_1_677' title='bbox 1143 4939 1330 5011; x_wconf 82' lang='grc' dir='ltr'>αὐτὴν,</span> <span class='ocrx_word' id='word_1_678' title='bbox 1357 4941 1450 4993; x_wconf 80' lang='grc' dir='ltr'><strong>καὶ</strong></span> <span class='ocrx_word' id='word_1_679' title='bbox 1482 4941 1571 4994; x_wconf 78' lang='grc' dir='ltr'><strong>τὸν</strong></span> <span class='ocrx_word' id='word_1_680' title='bbox 1600 4941 1861 4995; x_wconf 87' lang='grc' dir='ltr'>κτίσαντα</span> <span class='ocrx_word' id='word_1_681' title='bbox 1891 4943 1983 4994; x_wconf 89' lang='grc' dir='ltr'><strong>αὑ-</strong></span> 
     </span>
    </p>
   </div>
   <div class='ocr_carea' id='block_1_98' title="bbox 403 5030 1974 5105">
    <p class='ocr_par' dir='ltr' id='par_1_98' title="bbox 403 5030 1974 5105">
     <span class='ocr_line' id='line_1_98' title="bbox 403 5030 1974 5105; baseline 0.003 -22"><span class='ocrx_word' id='word_1_682' title='bbox 403 5030 500 5102; x_wconf 85' lang='grc' dir='ltr'><strong>τὴν</strong></span> <span class='ocrx_word' id='word_1_683' title='bbox 527 5031 626 5084; x_wconf 84' lang='grc' dir='ltr'><strong>οὐκ</strong></span> <span class='ocrx_word' id='word_1_684' title='bbox 648 5032 804 5086; x_wconf 79' lang='grc' dir='ltr'>ἴδετε.</span> <span class='ocrx_word' id='word_1_685' title='bbox 839 5033 987 5084; x_wconf 86' lang='grc' dir='ltr'>Ἔδει</span> <span class='ocrx_word' id='word_1_686' title='bbox 1013 5033 1142 5104; x_wconf 82' lang='grc' dir='ltr'>γὰρ,</span> <span class='ocrx_word' id='word_1_687' title='bbox 1170 5033 1298 5099; x_wconf 76' lang='grc' dir='ltr'>ἔδει,</span> <span class='ocrx_word' id='word_1_688' title='bbox 1329 5035 1480 5105; x_wconf 79' lang='grc' dir='ltr'>φησὶ,</span> <span class='ocrx_word' id='word_1_689' title='bbox 1511 5033 1585 5105; x_wconf 86' lang='grc' dir='ltr'><strong>μὴ</strong></span> <span class='ocrx_word' id='word_1_690' title='bbox 1615 5037 1738 5098; x_wconf 86' lang='grc' dir='ltr'>ταῖς</span> <span class='ocrx_word' id='word_1_691' title='bbox 1768 5035 1974 5089; x_wconf 83' lang='grc' dir='ltr'>ἑαυτῶν</span> 
     </span>
    </p>
   </div>
   <div class='ocr_carea' id='block_1_99' title="bbox 403 5121 1972 5196">
    <p class='ocr_par' dir='ltr' id='par_1_99' title="bbox 403 5121 1972 5196">
     <span class='ocr_line' id='line_1_99' title="bbox 403 5121 1972 5196; baseline 0.004 -23"><span class='ocrx_word' id='word_1_692' title='bbox 403 5121 714 5192; x_wconf 82' lang='grc' dir='ltr'>δυνάμεσιν,</span> <span class='ocrx_word' id='word_1_693' title='bbox 771 5123 937 5192; x_wconf 77' lang='grc' dir='ltr'>ἤγουν</span> <span class='ocrx_word' id='word_1_694' title='bbox 995 5124 1270 5194; x_wconf 71' lang='grc' dir='ltr'>εὐτυχίαις</span> <span class='ocrx_word' id='word_1_695' title='bbox 1331 5124 1691 5196; x_wconf 77' lang='grc' dir='ltr'>ἐπιθαρσῆσαι</span> <span class='ocrx_word' id='word_1_696' title='bbox 1751 5127 1972 5195; x_wconf 77' lang='grc' dir='ltr'>μᾶλλον,</span> 
     </span>
    </p>
   </div>
   <div class='ocr_carea' id='block_1_100' title="bbox 403 5213 1976 5284">
    <p class='ocr_par' dir='ltr' id='par_1_100' title="bbox 403 5213 1976 5284">
     <span class='ocr_line' id='line_1_100' title="bbox 403 5213 1976 5284; baseline 0.003 -18"><span class='ocrx_word' id='word_1_697' title='bbox 403 5213 677 5266; x_wconf 83' lang='grc' dir='ltr'>ἀνατεῖναι</span> <span class='ocrx_word' id='word_1_698' title='bbox 710 5213 766 5267; x_wconf 85' lang='grc' dir='ltr'>δὲ</span> <span class='ocrx_word' id='word_1_699' title='bbox 800 5213 900 5284; x_wconf 82' lang='grc' dir='ltr'><strong>τῆς</strong></span> <span class='ocrx_word' id='word_1_700' title='bbox 927 5215 1162 5278; x_wconf 87' lang='grc' dir='ltr'>διανοίας</span> <span class='ocrx_word' id='word_1_701' title='bbox 1195 5215 1286 5267; x_wconf 85' lang='grc' dir='ltr'><strong>τὸν</strong></span> <span class='ocrx_word' id='word_1_702' title='bbox 1330 5213 1606 5284; x_wconf 80' lang='grc' dir='ltr'>ὀφθαλμὸν</span> <span class='ocrx_word' id='word_1_703' title='bbox 1661 5217 1738 5280; x_wconf 81' lang='grc' dir='ltr'>εἰς</span> <span class='ocrx_word' id='word_1_704' title='bbox 1771 5216 1862 5268; x_wconf 81' lang='grc' dir='ltr'><strong>τὸν</strong></span> <span class='ocrx_word' id='word_1_705' title='bbox 1891 5218 1976 5270; x_wconf 82' lang='grc' dir='ltr'><strong>ἀεὶ</strong></span> 
     </span>
    </p>
   </div>
   <div class='ocr_carea' id='block_1_101' title="bbox 401 5305 1974 5380">
    <p class='ocr_par' dir='ltr' id='par_1_101' title="bbox 401 5305 1974 5380">
     <span class='ocr_line' id='line_1_101' title="bbox 401 5305 1974 5380; baseline 0.002 -23"><span class='ocrx_word' id='word_1_706' title='bbox 401 5306 710 5378; x_wconf 85' lang='grc' dir='ltr'>τειχίσαντα</span> <span class='ocrx_word' id='word_1_707' title='bbox 747 5305 844 5376; x_wconf 82' lang='grc' dir='ltr'>τὴν</span> <span class='ocrx_word' id='word_1_708' title='bbox 879 5307 1036 5375; x_wconf 81' lang='grc' dir='ltr'>ἁγίαν</span> <span class='ocrx_word' id='word_1_709' title='bbox 1085 5307 1255 5360; x_wconf 87' lang='grc' dir='ltr'>πόλιν.</span> <span class='ocrx_word' id='word_1_710' title='bbox 1285 5307 1421 5377; x_wconf 89' lang='grc' dir='ltr'>Ὅρη</span> <span class='ocrx_word' id='word_1_711' title='bbox 1457 5306 1584 5376; x_wconf 82' lang='grc' dir='ltr'>γὰρ,</span> <span class='ocrx_word' id='word_1_712' title='bbox 1611 5308 1763 5378; x_wconf 77' lang='grc' dir='ltr'>φησὶ,</span> <span class='ocrx_word' id='word_1_713' title='bbox 1791 5309 1974 5380; x_wconf 81' lang='grc' dir='ltr'>κύκλῳ</span> 
     </span>
    </p>
   </div>
   <div class='ocr_carea' id='block_1_102' title="bbox 401 5395 1974 5466">
    <p class='ocr_par' dir='ltr' id='par_1_102' title="bbox 401 5395 1974 5466">
     <span class='ocr_line' id='line_1_102' title="bbox 401 5395 1974 5466; baseline 0.004 -20"><span class='ocrx_word' id='word_1_714' title='bbox 401 5395 572 5464; x_wconf 82' lang='grc' dir='ltr'>αὐτῆς</span> <span class='ocrx_word' id='word_1_715' title='bbox 615 5396 709 5448; x_wconf 81' lang='grc' dir='ltr'>καὶ</span> <span class='ocrx_word' id='word_1_716' title='bbox 753 5395 954 5466; x_wconf 82' lang='grc' dir='ltr'>Κύριος</span> <span class='ocrx_word' id='word_1_717' title='bbox 988 5395 1170 5465; x_wconf 84' lang='grc' dir='ltr'>κύκλῳ</span> <span class='ocrx_word' id='word_1_718' title='bbox 1210 5395 1302 5449; x_wconf 80' lang='grc' dir='ltr'>τοῦ</span> <span class='ocrx_word' id='word_1_719' title='bbox 1335 5395 1462 5449; x_wconf 76' lang='grc' dir='ltr'>λαοῦ</span> <span class='ocrx_word' id='word_1_720' title='bbox 1495 5396 1681 5460; x_wconf 80' lang='grc' dir='ltr'>αὐτοῦ,</span> <span class='ocrx_word' id='word_1_721' title='bbox 1710 5397 1738 5449; x_wconf 87' lang='grc' dir='ltr'>ὃ</span> <span class='ocrx_word' id='word_1_722' title='bbox 1769 5399 1862 5452; x_wconf 77' lang='grc' dir='ltr'><strong>καὶ</strong></span> <span class='ocrx_word' id='word_1_723' title='bbox 1887 5398 1974 5452; x_wconf 66' lang='grc' dir='ltr'><strong>διὰ</strong></span> 
     </span>
    </p>
   </div>
   <div class='ocr_carea' id='block_1_103' title="bbox 399 5485 1970 5562">
    <p class='ocr_par' dir='ltr' id='par_1_103' title="bbox 399 5485 1970 5562">
     <span class='ocr_line' id='line_1_103' title="bbox 399 5485 1970 5562; baseline 0.005 -26"><span class='ocrx_word' id='word_1_724' title='bbox 399 5486 498 5554; x_wconf 79' lang='grc' dir='ltr'>τῆς</span> <span class='ocrx_word' id='word_1_725' title='bbox 530 5485 624 5539; x_wconf 80' lang='grc' dir='ltr'>τοῦ</span> <span class='ocrx_word' id='word_1_726' title='bbox 649 5489 927 5557; x_wconf 75' lang='grc' dir='ltr'>προφήτου</span> <span class='ocrx_word' id='word_1_727' title='bbox 955 5487 1138 5558; x_wconf 80' lang='grc' dir='ltr'>φωνῆς</span> <span class='ocrx_word' id='word_1_728' title='bbox 1173 5488 1568 5560; x_wconf 83' lang='grc' dir='ltr'>ὲπηγγέλλεται</span> <span class='ocrx_word' id='word_1_729' title='bbox 1595 5490 1754 5562; x_wconf 82' lang='grc' dir='ltr'>αὐτῇ,</span> <span class='ocrx_word' id='word_1_730' title='bbox 1779 5491 1970 5560; x_wconf 83' lang='grc' dir='ltr'>λέγων·</span> 
     </span>
    </p>
   </div>
   <div class='ocr_carea' id='block_1_104' title="bbox 401 5576 1976 5652">
    <p class='ocr_par' dir='ltr' id='par_1_104' title="bbox 401 5576 1976 5652">
     <span class='ocr_line' id='line_1_104' title="bbox 401 5576 1976 5652; baseline 0.004 -24"><span class='ocrx_word' id='word_1_731' title='bbox 401 5577 512 5630; x_wconf 83' lang='grc' dir='ltr'>Καὶ</span> <span class='ocrx_word' id='word_1_732' title='bbox 535 5576 644 5643; x_wconf 80' lang='grc' dir='ltr'><strong>ἐγὼ</strong></span> <span class='ocrx_word' id='word_1_733' title='bbox 667 5577 859 5646; x_wconf 76' lang='grc' dir='ltr'>ἔσομαι</span> <span class='ocrx_word' id='word_1_734' title='bbox 882 5578 1040 5649; x_wconf 78' lang='grc' dir='ltr'>αὐτῇ,</span> <span class='ocrx_word' id='word_1_735' title='bbox 1068 5578 1214 5648; x_wconf 80' lang='grc' dir='ltr'>λέγει</span> <span class='ocrx_word' id='word_1_736' title='bbox 1239 5577 1460 5650; x_wconf 85' lang='grc' dir='ltr'>Κύριος,</span> <span class='ocrx_word' id='word_1_737' title='bbox 1488 5583 1663 5652; x_wconf 73' lang='grc' dir='ltr'>τεῖχος</span> <span class='ocrx_word' id='word_1_738' title='bbox 1693 5583 1858 5651; x_wconf 77' lang='grc' dir='ltr'>πυρδς</span> <span class='ocrx_word' id='word_1_739' title='bbox 1889 5600 1976 5636; x_wconf 86' lang='grc' dir='ltr'>κυ-</span> 
     </span>
    </p>
   </div>
   <div class='ocr_carea' id='block_1_105' title="bbox 477 5755 870 5824">
    <p class='ocr_par' dir='ltr' id='par_1_105' title="bbox 477 5755 870 5824">
     <span class='ocr_line' id='line_1_105' title="bbox 477 5755 870 5824; baseline -0.005 -12"><span class='ocrx_word' id='word_1_740' title='bbox 477 5757 500 5784; x_wconf 58' lang='grc' dir='ltr'>ίι</span> <span class='ocrx_word' id='word_1_741' title='bbox 529 5755 708 5812; x_wconf 86' lang='lat' dir='ltr'><strong>Eccle.</strong></span> <span class='ocrx_word' id='word_1_742' title='bbox 741 5773 795 5824; x_wconf 72' lang='grc' dir='ltr'>ις,</span> <span class='ocrx_word' id='word_1_743' title='bbox 821 5759 870 5812; x_wconf 72' lang='lat' dir='ltr'><strong>-t.</strong></span> 
     </span>
    </p>
   </div>
   <div class='ocr_carea' id='block_1_106' title="bbox 2084 4665 3656 4736">
    <p class='ocr_par' dir='ltr' id='par_1_106' title="bbox 2084 4665 3656 4736">
     <span class='ocr_line' id='line_1_106' title="bbox 2084 4665 3656 4736; baseline -0.001 -14"><span class='ocrx_word' id='word_1_744' title='bbox 2084 4668 2522 4723; x_wconf 88' lang='lat' dir='ltr'><strong>communierunt</strong></span> <span class='ocrx_word' id='word_1_745' title='bbox 2567 4667 2759 4722; x_wconf 90' lang='lat' dir='ltr'><strong>dirutis</strong></span> <span class='ocrx_word' id='word_1_746' title='bbox 2816 4669 2966 4722; x_wconf 89' lang='lat' dir='ltr'><strong>urbis</strong></span> <span class='ocrx_word' id='word_1_747' title='bbox 3014 4669 3282 4722; x_wconf 89' lang='lat' dir='ltr'><strong>domibus.</strong></span> <span class='ocrx_word' id='word_1_748' title='bbox 3332 4665 3516 4736; x_wconf 81' lang='lat' dir='ltr'><strong>Neque</strong></span> <span class='ocrx_word' id='word_1_749' title='bbox 3569 4681 3656 4720; x_wconf 79' lang='lat' dir='ltr'><strong>re-</strong></span> 
     </span>
    </p>
   </div>
   <div class='ocr_carea' id='block_1_107' title="bbox 2080 4759 3656 4831">
    <p class='ocr_par' dir='ltr' id='par_1_107' title="bbox 2080 4759 3656 4831">
     <span class='ocr_line' id='line_1_107' title="bbox 2080 4759 3656 4831; baseline -0.001 -17"><span class='ocrx_word' id='word_1_750' title='bbox 2080 4760 2332 4831; x_wconf 79' lang='lat' dir='ltr'><strong>spexistis</strong></span> <span class='ocrx_word' id='word_1_751' title='bbox 2368 4761 2434 4813; x_wconf 90' lang='lat' dir='ltr'><strong>ad</strong></span> <span class='ocrx_word' id='word_1_752' title='bbox 2479 4775 2600 4814; x_wconf 92' lang='lat' dir='ltr'><strong>eum</strong></span> <span class='ocrx_word' id='word_1_753' title='bbox 2638 4761 2726 4828; x_wconf 92' lang='lat' dir='ltr'><strong>qni</strong></span> <span class='ocrx_word' id='word_1_754' title='bbox 2763 4761 2830 4814; x_wconf 82' lang='lat' dir='ltr'><strong>ab</strong></span> <span class='ocrx_word' id='word_1_755' title='bbox 2872 4761 3026 4815; x_wconf 91' lang='lat' dir='ltr'><strong>initio</strong></span> <span class='ocrx_word' id='word_1_756' title='bbox 3059 4761 3216 4825; x_wconf 81' lang='lat' dir='ltr'><strong>fecit,</strong></span> <span class='ocrx_word' id='word_1_757' title='bbox 3246 4769 3300 4814; x_wconf 91' lang='lat' dir='ltr'><strong>et</strong></span> <span class='ocrx_word' id='word_1_758' title='bbox 3327 4761 3379 4814; x_wconf 93' lang='lat' dir='ltr'><strong>in</strong></span> <span class='ocrx_word' id='word_1_759' title='bbox 3413 4776 3532 4814; x_wconf 90' lang='lat' dir='ltr'><strong>eum</strong></span> <span class='ocrx_word' id='word_1_760' title='bbox 3565 4759 3656 4828; x_wconf 90' lang='lat' dir='ltr'><strong>qui</strong></span> 
     </span>
    </p>
   </div>
   <div class='ocr_carea' id='block_1_108' title="bbox 2079 4848 3653 4918">
    <p class='ocr_par' dir='ltr' id='par_1_108' title="bbox 2079 4848 3653 4918">
     <span class='ocr_line' id='line_1_108' title="bbox 2079 4848 3653 4918; baseline -0.001 -14"><span class='ocrx_word' id='word_1_761' title='bbox 2079 4849 2352 4913; x_wconf 89' lang='lat' dir='ltr'><strong>condidit,</strong></span> <span class='ocrx_word' id='word_1_762' title='bbox 2395 4863 2500 4902; x_wconf 91' lang='lat' dir='ltr'><strong>non</strong></span> <span class='ocrx_word' id='word_1_763' title='bbox 2555 4848 2860 4918; x_wconf 87' lang='lat' dir='ltr'><strong>spectastis.</strong></span> <span class='ocrx_word' id='word_1_764' title='bbox 2907 4848 3157 4918; x_wconf 89' lang='lat' dir='ltr'><strong>Oportnit</strong></span> <span class='ocrx_word' id='word_1_765' title='bbox 3208 4849 3350 4903; x_wconf 92' lang='lat' dir='ltr'><strong>enim</strong></span> <span class='ocrx_word' id='word_1_766' title='bbox 3379 4889 3395 4914; x_wconf 92' lang='lat'><strong>,</strong></span> <span class='ocrx_word' id='word_1_767' title='bbox 3445 4849 3653 4916; x_wconf 86' lang='lat' dir='ltr'><strong>inquit,</strong></span> 
     </span>
    </p>
   </div>
   <div class='ocr_carea' id='block_1_109' title="bbox 2081 4939 3650 5010">
    <p class='ocr_par' dir='ltr' id='par_1_109' title="bbox 2081 4939 3650 5010">
     <span class='ocr_line' id='line_1_109' title="bbox 2081 4939 3650 5010; baseline -0.001 -16"><span class='ocrx_word' id='word_1_768' title='bbox 2081 4940 2338 5010; x_wconf 85' lang='lat' dir='ltr'><strong>oportuit,</strong></span> <span class='ocrx_word' id='word_1_769' title='bbox 2373 4955 2477 4993; x_wconf 88' lang='lat' dir='ltr'><strong>non</strong></span> <span class='ocrx_word' id='word_1_770' title='bbox 2511 4939 2624 4994; x_wconf 91' lang='lat' dir='ltr'><strong>suis</strong></span> <span class='ocrx_word' id='word_1_771' title='bbox 2647 4954 2738 4993; x_wconf 90' lang='lat' dir='ltr'><strong>eos</strong></span> <span class='ocrx_word' id='word_1_772' title='bbox 2761 4940 2949 5009; x_wconf 83' lang='lat' dir='ltr'><strong>copiis.</strong></span> <span class='ocrx_word' id='word_1_773' title='bbox 2988 4940 3072 4995; x_wconf 88' lang='lat' dir='ltr'><strong>vel</strong></span> <span class='ocrx_word' id='word_1_774' title='bbox 3099 4941 3305 4994; x_wconf 89' lang='lat' dir='ltr'><strong>artibus</strong></span> <span class='ocrx_word' id='word_1_775' title='bbox 3356 4940 3650 5005; x_wconf 83' lang='lat' dir='ltr'><strong>conﬁdere,</strong></span> 
     </span>
    </p>
   </div>
   <div class='ocr_carea' id='block_1_110' title="bbox 2088 5029 3652 5100">
    <p class='ocr_par' dir='ltr' id='par_1_110' title="bbox 2088 5029 3652 5100">
     <span class='ocr_line' id='line_1_110' title="bbox 2088 5029 3652 5100; baseline 0.001 -19"><span class='ocrx_word' id='word_1_776' title='bbox 2088 5031 2178 5082; x_wconf 90' lang='lat' dir='ltr'><strong>sed</strong></span> <span class='ocrx_word' id='word_1_777' title='bbox 2236 5030 2433 5083; x_wconf 91' lang='lat' dir='ltr'><strong>mentis</strong></span> <span class='ocrx_word' id='word_1_778' title='bbox 2489 5029 2706 5082; x_wconf 90' lang='lat' dir='ltr'><strong>oculum</strong></span> <span class='ocrx_word' id='word_1_779' title='bbox 2767 5029 2832 5082; x_wconf 90' lang='lat' dir='ltr'><strong>ad</strong></span> <span class='ocrx_word' id='word_1_780' title='bbox 2898 5045 3018 5084; x_wconf 89' lang='lat' dir='ltr'><strong>eum</strong></span> <span class='ocrx_word' id='word_1_781' title='bbox 3058 5031 3238 5099; x_wconf 84' lang='lat' dir='ltr'><strong>potius</strong></span> <span class='ocrx_word' id='word_1_782' title='bbox 3279 5031 3367 5100; x_wconf 91' lang='lat' dir='ltr'><strong>qui</strong></span> <span class='ocrx_word' id='word_1_783' title='bbox 3407 5039 3652 5085; x_wconf 89' lang='lat' dir='ltr'><strong>sanctam</strong></span> 
     </span>
    </p>
   </div>
   <div class='ocr_carea' id='block_1_111' title="bbox 2081 5120 3652 5187">
    <p class='ocr_par' dir='ltr' id='par_1_111' title="bbox 2081 5120 3652 5187">
     <span class='ocr_line' id='line_1_111' title="bbox 2081 5120 3652 5187; baseline 0.002 -15"><span class='ocrx_word' id='word_1_784' title='bbox 2081 5120 2267 5174; x_wconf 82' lang='lat' dir='ltr'><strong>urbem</strong></span> <span class='ocrx_word' id='word_1_785' title='bbox 2339 5135 2550 5187; x_wconf 87' lang='lat' dir='ltr'><strong>semper</strong></span> <span class='ocrx_word' id='word_1_786' title='bbox 2601 5121 2754 5187; x_wconf 89' lang='lat' dir='ltr'><strong>quasi</strong></span> <span class='ocrx_word' id='word_1_787' title='bbox 2811 5135 2994 5175; x_wconf 85' lang='lat' dir='ltr'><strong>murus</strong></span> <span class='ocrx_word' id='word_1_788' title='bbox 3049 5121 3294 5176; x_wconf 85' lang='lat' dir='ltr'><strong>obtnunit</strong></span> <span class='ocrx_word' id='word_1_789' title='bbox 3351 5123 3652 5176; x_wconf 75' lang='lat' dir='ltr'><strong>intendere.</strong></span> 
     </span>
    </p>
   </div>
   <div class='ocr_carea' id='block_1_112' title="bbox 2079 5209 3654 5281">
    <p class='ocr_par' dir='ltr' id='par_1_112' title="bbox 2079 5209 3654 5281">
     <span class='ocr_line' id='line_1_112' title="bbox 2079 5209 3654 5281; baseline 0.001 -17"><span class='ocrx_word' id='word_1_790' title='bbox 2079 5209 2286 5265; x_wconf 85' lang='lat' dir='ltr'><strong>Montes</strong></span> <span class='ocrx_word' id='word_1_791' title='bbox 2340 5211 2508 5275; x_wconf 91' lang='lat' dir='ltr'><strong>enim,</strong></span> <span class='ocrx_word' id='word_1_792' title='bbox 2547 5212 2758 5281; x_wconf 91' lang='lat' dir='ltr'><strong>inquit,</strong></span> <span class='ocrx_word' id='word_1_793' title='bbox 2797 5214 3001 5268; x_wconf 90' lang='lat' dir='ltr'><strong>circum</strong></span> <span class='ocrx_word' id='word_1_794' title='bbox 3035 5227 3178 5278; x_wconf 84' lang='lat' dir='ltr'><strong>eam,</strong></span> <span class='ocrx_word' id='word_1_795' title='bbox 3207 5223 3262 5269; x_wconf 91' lang='lat' dir='ltr'><strong>et</strong></span> <span class='ocrx_word' id='word_1_796' title='bbox 3299 5211 3560 5268; x_wconf 85' lang='lat' dir='ltr'><strong>Dominus</strong></span> <span class='ocrx_word' id='word_1_797' title='bbox 3601 5216 3654 5267; x_wconf 91' lang='lat' dir='ltr'><strong>in</strong></span> 
     </span>
    </p>
   </div>
   <div class='ocr_carea' id='block_1_113' title="bbox 2079 5305 3654 5376">
    <p class='ocr_par' dir='ltr' id='par_1_113' title="bbox 2079 5305 3654 5376">
     <span class='ocr_line' id='line_1_113' title="bbox 2079 5305 3654 5376; baseline -0.001 -16"><span class='ocrx_word' id='word_1_798' title='bbox 2079 5307 2307 5361; x_wconf 89' lang='lat' dir='ltr'><strong>circuitu</strong></span> <span class='ocrx_word' id='word_1_799' title='bbox 2353 5306 2533 5376; x_wconf 90' lang='lat' dir='ltr'><strong>populi</strong></span> <span class='ocrx_word' id='word_1_800' title='bbox 2586 5307 2705 5372; x_wconf 90' lang='lat' dir='ltr'><strong>sui,</strong></span> <span class='ocrx_word' id='word_1_801' title='bbox 2759 5307 2853 5376; x_wconf 90' lang='lat' dir='ltr'><strong>qui</strong></span> <span class='ocrx_word' id='word_1_802' title='bbox 2905 5305 3068 5360; x_wconf 88' lang='lat' dir='ltr'><strong>etiam</strong></span> <span class='ocrx_word' id='word_1_803' title='bbox 3119 5321 3250 5360; x_wconf 89' lang='lat' dir='ltr'><strong>voce</strong></span> <span class='ocrx_word' id='word_1_804' title='bbox 3281 5307 3556 5376; x_wconf 69' lang='lat' dir='ltr'><strong>prophetae</strong></span> <span class='ocrx_word' id='word_1_805' title='bbox 3604 5305 3654 5359; x_wconf 92' lang='lat' dir='ltr'><strong>ei</strong></span> 
     </span>
    </p>
   </div>
   <div class='ocr_carea' id='block_1_114' title="bbox 2082 5395 3652 5469">
    <p class='ocr_par' dir='ltr' id='par_1_114' title="bbox 2082 5395 3652 5469">
     <span class='ocr_line' id='line_1_114' title="bbox 2082 5395 3652 5469; baseline -0.001 -18"><span class='ocrx_word' id='word_1_806' title='bbox 2082 5398 2380 5468; x_wconf 87' lang='lat' dir='ltr'><strong>promissus</strong></span> <span class='ocrx_word' id='word_1_807' title='bbox 2419 5407 2532 5463; x_wconf 91' lang='lat' dir='ltr'><strong>est,</strong></span> <span class='ocrx_word' id='word_1_808' title='bbox 2566 5414 2686 5453; x_wconf 91' lang='lat' dir='ltr'><strong>cum</strong></span> <span class='ocrx_word' id='word_1_809' title='bbox 2717 5398 2796 5452; x_wconf 86' lang='lat' dir='ltr'><strong>ait</strong></span> <span class='ocrx_word' id='word_1_810' title='bbox 2827 5416 2841 5452; x_wconf 93' lang='lat'>:</span> <span class='ocrx_word' id='word_1_811' title='bbox 2875 5399 2942 5454; x_wconf 88' lang='lat' dir='ltr'><strong>Et</strong></span> <span class='ocrx_word' id='word_1_812' title='bbox 2971 5413 3068 5469; x_wconf 80' lang='lat' dir='ltr'><strong>ego</strong></span> <span class='ocrx_word' id='word_1_813' title='bbox 3095 5413 3188 5452; x_wconf 90' lang='lat' dir='ltr'><strong>ero</strong></span> <span class='ocrx_word' id='word_1_814' title='bbox 3211 5397 3282 5462; x_wconf 90' lang='lat' dir='ltr'><strong>ei,</strong></span> <span class='ocrx_word' id='word_1_815' title='bbox 3315 5397 3442 5451; x_wconf 86' lang='lat' dir='ltr'><strong>dicit</strong></span> <span class='ocrx_word' id='word_1_816' title='bbox 3469 5395 3652 5450; x_wconf 86' lang='lat' dir='ltr'><strong>Domi-</strong></span> 
     </span>
    </p>
   </div>
   <div class='ocr_carea' id='block_1_115' title="bbox 2085 5489 3656 5561">
    <p class='ocr_par' dir='ltr' id='par_1_115' title="bbox 2085 5489 3656 5561">
     <span class='ocr_line' id='line_1_115' title="bbox 2085 5489 3656 5561; baseline -0.003 -16"><span class='ocrx_word' id='word_1_817' title='bbox 2085 5507 2206 5556; x_wconf 89' lang='lat' dir='ltr'><strong>nus,</strong></span> <span class='ocrx_word' id='word_1_818' title='bbox 2239 5506 2426 5546; x_wconf 90' lang='lat' dir='ltr'><strong>murus</strong></span> <span class='ocrx_word' id='word_1_819' title='bbox 2455 5491 2594 5561; x_wconf 77' lang='lat' dir='ltr'><strong>ignis</strong></span> <span class='ocrx_word' id='word_1_820' title='bbox 2625 5490 3051 5560; x_wconf 87' lang='lat' dir='ltr'><strong>circumquaque</strong></span> <span class='ocrx_word' id='word_1_821' title='bbox 3073 5531 3087 5556; x_wconf 94' lang='lat'><strong>,</strong></span> <span class='ocrx_word' id='word_1_822' title='bbox 3122 5499 3176 5544; x_wconf 90' lang='lat' dir='ltr'><strong>et</strong></span> <span class='ocrx_word' id='word_1_823' title='bbox 3221 5489 3274 5542; x_wconf 91' lang='lat' dir='ltr'><strong>in</strong></span> <span class='ocrx_word' id='word_1_824' title='bbox 3313 5489 3536 5558; x_wconf 70' lang='lat' dir='ltr'><strong>gloriam</strong></span> <span class='ocrx_word' id='word_1_825' title='bbox 3558 5502 3656 5543; x_wconf 87' lang='lat' dir='ltr'><strong>ero</strong></span> 
     </span>
    </p>
   </div>
   <div class='ocr_carea' id='block_1_116' title="bbox 2085 5578 3660 5655">
    <p class='ocr_par' dir='ltr' id='par_1_116' title="bbox 2085 5578 3660 5655">
     <span class='ocr_line' id='line_1_116' title="bbox 2085 5578 3660 5655; baseline -0.003 -17"><span class='ocrx_word' id='word_1_826' title='bbox 2085 5584 2136 5638; x_wconf 92' lang='lat' dir='ltr'><strong>in</strong></span> <span class='ocrx_word' id='word_1_827' title='bbox 2173 5585 2350 5642; x_wconf 87' lang='lat' dir='ltr'><strong>medio</strong></span> <span class='ocrx_word' id='word_1_828' title='bbox 2369 5584 2486 5655; x_wconf 84' lang='lat' dir='ltr'><strong>ejus</strong></span> <span class='ocrx_word' id='word_1_829' title='bbox 2511 5601 2523 5649; x_wconf 94' lang='lat'><strong>;</strong></span> <span class='ocrx_word' id='word_1_830' title='bbox 2551 5583 2642 5641; x_wconf 92' lang='lat' dir='ltr'><strong>sed</strong></span> <span class='ocrx_word' id='word_1_831' title='bbox 2671 5581 2844 5650; x_wconf 89' lang='lat' dir='ltr'><strong>nihili,</strong></span> <span class='ocrx_word' id='word_1_832' title='bbox 2873 5582 3068 5654; x_wconf 88' lang='lat' dir='ltr'><strong>inquit,</strong></span> <span class='ocrx_word' id='word_1_833' title='bbox 3098 5581 3199 5637; x_wconf 89' lang='lat' dir='ltr'><strong>hoc</strong></span> <span class='ocrx_word' id='word_1_834' title='bbox 3229 5578 3660 5652; x_wconf 36' lang='lat' dir='ltr'><strong>fecistisgdiviua</strong></span> 
     </span>
    </p>
   </div>
  </div>
