4148 6378
426 289 522 344 5H

1455 291 1511 348 s.
1555 261 2341 348 evntLLt'ALEXANomNt
2378 286 2696 343 ARCIIIEP.

3581 288 3688 344 512

429 417 527 470 pro
567 401 736 456 nihilo
759 402 1011 467 duxistis,
1039 413 1094 458 et
1125 406 1346 475 perinde
1375 406 1530 474 quasi
1556 407 2005 476 supernoauxilio

2133 404 2316 468 ιλόθεν,
2362 403 2459 455 καὶ
2503 404 2585 467 εἰς
2637 400 2795 467 δόξαν
2825 401 3018 472 ἔσομαι
3062 401 3117 454 ἐν
3163 401 3311 472 μέσῳ
3348 399 3538 471 αὐτῆς·
3574 393 3687 454 ἀλλ’

430 492 582 547 vobis
617 507 752 561 opus
782 508 887 547 non
934 504 1099 563 esset,
1133 496 1369 565 lapidum
1401 496 1558 551 vallis
1606 507 1657 552 et
1691 498 2004 566 sepimeutis

429 584 541 638 nixi
579 585 711 639 estis
743 585 1083 642 stultissime.
1123 585 1228 641 Sed
1270 587 1427 656 longe
1468 585 1657 641 melius
1685 586 1877 641 fuisset
1915 587 2002 642 in-

428 674 626 728 victam
685 691 901 730 manum
936 678 1224 745 invocare,
1274 689 1326 733 et
1357 688 1414 731 ut
1460 678 1576 733 haec
1630 679 1917 733 clementia
1949 687 2003 733 et

430 762 767 819 humanitate
812 766 989 820 divina
1025 768 1358 838 acciperent,
1397 783 1658 838 quaerere,
1697 768 1844 823 illum
1871 768 2002 823 Ser-

428 862 671 909 .vatorem
704 865 755 907 et
779 855 1195 927 Redemptorem
1228 859 1529 925 nominare,
1563 860 1753 930 sicque
1782 859 2003 915 aﬂ‘eclos

433 955 497 997 ex
529 947 842 1015 ptenitentia
875 947 1145 1021 lacrymas
1175 949 1473 1006 cliumlere.

2110 495 2326 559 οὐδενὸς
2375 496 2474 565 μὲν
2515 494 2782 566 ἠξιώσατε
2817 493 2975 561 λόγου
3012 492 3072 547 τὸ
3107 492 3319 567 χρῆμα,
3354 492 3509 563 φησὶ,
3551 507 3693 562 παρ-

2111 585 2316 656 εώρατε
2341 586 2397 640 δὲ
2431 585 2499 640 τὰ
2528 584 2681 657 παρὰ
2705 583 2861 651 Θεοῦ,
2894 583 2990 638 καὶ
3009 583 3109 654 τῆς
3140 583 3344 638 ἄνωθεν
3374 580 3693 656 ἐπικουρίας

2108 682 2185 745 ὼς
2212 680 2333 734 κατ’
2360 680 2551 734 ούδένα
2580 678 2778 751 τρόπον
2799 675 3127 746 δεδεημένοι,
3152 677 3272 739 ταῖς
3301 676 3365 727 ἐκ
3384 673 3548 727 λίθων
3572 674 3695 727 ἐπιο·

2109 771 2292 835 ϐολαῖς
2320 772 2594 842 ἀνοήτατα
2618 769 3014 841 τεθαρσήκατε.
3041 765 3179 820 Ἀλλ’
3199 760 3268 837 ἦν
3298 765 3522 836 ἄμεινον
3545 762 3697 835 παρὰ

2110 864 2245 918 πολὺ
2264 865 2363 935 τὴν
2378 863 2588 935 ἄμαχον
2610 863 2752 933 ὑμᾶς
2768 856 3193 914 ἐπικαλέσασθαι
3213 860 3391 929 χεῖρα,
3410 855 3505 910 καὶ
3526 855 3695 926 ζητῆ-

2118 973 2210 1009 σαι
2239 955 2425 1010 λαϐεῖν
2451 955 2521 1008 τὰ
2550 952 2961 1025 ἐξήμερότητος
2990 949 3087 1004 καὶ
3114 948 3523 1018 φιλανθρωπίας
3539 945 3698 1010 Θεοῦ,

432 1038 662 1110 Σωτῆρα
680 1056 737 1092 τε
760 1040 856 1094 καὶ
874 1042 1165 1113 Λυτρωτὴν
1185 1043 1471 1114 ὀνομάζειν
1498 1043 1684 1111 αὑτὸν,
1714 1043 1857 1098 οὕτω
1881 1062 1942 1098 τε
1964 1046 2335 1121 διακειμένους
2354 1050 2415 1101 τὸ
2432 1048 2524 1100 ἐπὶ
2538 1050 2657 1111 ταῖς
2689 1043 3062 1115 μεταγνώσεσι
3084 1037 3420 1103 καταστάξαι
3444 1037 3699 1121 δάκρυον-

508 1128 671 1185 V'Ens.
701 1132 885 1187 12-14.
921 1132 989 1187 Et
1032 1137 1231 1189 vocarit
1263 1136 1515 1190 Dominus
1548 1135 1784 1191 Sabaoth
1810 1136 1892 1190 die
1919 1137 2011 1192 illa

437 1220 660 1288 luctum,
691 1235 738 1277 et
777 1226 1069 1295 planctum,
1104 1237 1153 1281 et
1189 1245 1454 1290 rasuram,
1482 1238 1528 1282 et
1572 1229 1863 1283 cincturam
1897 1245 2012 1283 sac-

440 1328 617 1366 corum
659 1329 679 1367 :
708 1315 808 1376 ipsi
834 1327 1006 1371 auzent
1046 1319 1282 1387 fecerunt
1346 1320 1585 1374 la'titiam
1620 1331 1667 1374 et
1709 1321 2015 1375 exsultatio-

442 1419 582 1468 nem,
613 1417 897 1462 mactantes
933 1409 1140 1474 vitulos,
1166 1421 1213 1463 et
1242 1410 1603 1477 sacriﬁcantes
1620 1427 1733 1464 ores
1759 1414 1826 1463 ad
1862 1412 2019 1464 eden-

441 1500 539 1551 das
578 1514 783 1565 carnes,
812 1512 858 1553 et
893 1501 1171 1555 bibendum
1232 1504 1429 1567 vinum,
1468 1504 1697 1557 dicentes
1734 1519 1753 1557 :
1782 1503 2018 1557 Edamus

442 1596 492 1641 et
539 1589 796 1657 bibamus,
848 1608 965 1644 cras
1005 1594 1143 1645 enim
1172 1594 1447 1647 morimur.
1479 1592 1547 1646 Et
1586 1596 1698 1648 Ita'c
1752 1595 2019 1664 patefacta

441 1682 637 1733 suntin
669 1682 885 1736 auribus
909 1682 1123 1738 Domini
1154 1684 1410 1752 Sabaoth,
1440 1687 1684 1755 quoniam
1712 1704 1813 1740 non
1840 1688 2017 1741 remit-

447 1778 585 1825 tetur
606 1773 746 1826 vobis
778 1772 878 1827 Itoc
902 1786 1171 1844 peccatum
1201 1775 1364 1830 donec
1386 1777 1703 1833 moriemini.

517 2032 715 2091 Verum
750 2040 867 2105 est,’
899 2038 1060 2094 sicuti
1101 2040 1363 2111 scriptum
1393 2050 1496 2107 est,
1542 2042 1763 2116 impium
1806 2059 1928 2100 cum
1972 2045 2025 2100 in

447 2129 770 2195 profundum
826 2130 1088 2186 malorum
1129 2135 1374 2197 venerit,
1430 2145 1779 2191 contemnere
1818 2137 1861 2190 ⁵.
1913 2136 2025 2191 lloc

448 2219 705 2277 lsraelitis
761 2224 1059 2294 contigisse
1090 2266 1106 2291 ,
1158 2226 1344 2281 videre
1391 2227 1538 2281 ιίοιοι.
1588 2226 2026 2282 Ιῖυίοτιιιῑώιηιοε

446 2309 590 2363 enim
658 2311 838 2367 omnia
899 2313 1040 2368 mala
1070 2354 1087 2380 ,
1120 2325 1175 2368 et
1222 2316 1540 2385 impendens
1585 2318 1686 2371 sibi
1722 2318 2023 2386 conspicati

449 2401 745 2471 periculum
800 2405 1121 2461 crudelitate
1141 2406 1513 2477 Assyriorum,
1547 2424 1667 2462 cum
1690 2425 1843 2463 suam
1876 2411 2022 2478 ipso-

446 2507 566 2546 rum
585 2493 744 2564 321
770 2496 1073 2551 socordiam
1101 2497 1452 2568 deplorando,
1485 2498 1650 2553 Deum
1686 2501 1955 2570 mitigare,
1973 2509 2028 2555 et

446 2584 651 2637 luctum
688 2584 884 2654 edere,
923 2596 979 2641 et
1011 2603 1258 2642 rasuram
1302 2604 1366 2642 ac
1402 2590 1705 2643 cincturant
1739 2605 2025 2645 saccorum

445 2676 628 2730 facere
642 2676 977 2742 debuissent,
1010 2687 1249 2747 tempore
1274 2681 1340 2735 ad
1366 2682 1467 2737 hoc
1499 2691 1726 2736 vocante
1758 2700 1773 2735 :
1804 2681 2027 2737 omnino

448 2766 527 2821 illi
561 2770 700 2823 versi
737 2779 863 2825 sunt
891 2771 959 2825 ad
988 2773 1349 2828 contrarium.
1372 2773 1618 2830 Protervi
1649 2776 1792 2830 enim
1816 2787 1871 2832 et
1892 2792 2028 2832 con-

456 2871 696 2916 tumaces
730 2861 917 2926 veluti,
973 2870 1028 2917 et
1085 2869 1239 2931 quasi
1291 2879 1505 2919 omnem
1561 2868 1762 2921 doloris
1807 2883 2026 2923 sensum

457 2962 742 3019 ementes,
775 2953 997 3009 delicias
1030 2956 1330 3017 consectati
1363 2966 1512 3023 sunt,
1555 2970 1610 3013 et
1643 2959 1932 3014 hilaritatis
1966 2975 2030 3014 ac

456 3045 639 3116 gaudii
672 3056 854 3114 partes
880 3055 936 3101 et
965 3062 1129 3116 opera
1163 3062 1325 3118 agere
1365 3049 1706 3116 satagebant,
1753 3052 1949 3106 vitulos
1979 3061 2031 3106 et

461 3152 593 3194 oves
626 3138 1009 3203 sacriﬁcando,
1041 3140 1291 3195 ebrietati
1333 3139 1689 3212 indulgendo.
1731 3151 1787 3198 et
1816 3142 2031 3197 luxuria
2058 3137 2103 3196 ο

462 3245 624 3299 supra
660 3230 966 3285 satietatem
1014 3230 1332 3295 dillluetulo.
1384 3241 1438 3286 et
1487 3234 1792 3302 desperato,
1836 3234 2034 3304 agrein

463 3336 528 3376 ac
558 3336 756 3377 securo
790 3322 974 3377 animo
1004 3324 1106 3377 sibi
1146 3334 1336 3378 mutuo
1369 3324 1722 3379 aeclautando
1772 3343 1786 3379 :
1844 3346 1863 3378 ι
1900 3326 2038 3380 Eda-

464 3429 585 3469 tnus
617 3423 672 3469 et
700 3413 973 3477 bibamus,
1029 3430 1154 3471 cras
1195 3416 1339 3470 enim
1391 3417 1672 3472 morimur.
1715 3436 1733 3470 ι
1767 3417 2038 3472 Putabant

461 3507 623 3561 etiam
677 3506 838 3561 sicuti
888 3506 1185 3562 verisimile
1243 3517 1348 3572 est,
1398 3508 1566 3563 Deum
1612 3509 1736 3564 talia
1790 3525 1896 3564 non
1943 3526 2041 3563 au-

463 3599 582 3654 dire
615 3617 629 3654 :
666 3597 793 3664 Sed,
841 3599 1037 3670 inquit,
1087 3600 1354 3670 patefacta
1394 3610 1521 3656 stmt
1570 3602 1682 3655 haec
1723 3601 1777 3656 in
1814 3602 2040 3656 auribus

466 3689 606 3759 ejus,
640 3700 696 3746 et
727 3706 834 3746 non
870 3692 1024 3747 vobis
1069 3694 1377 3748 remittetur
1409 3703 1689 3762 peccatum
1747 3694 1871 3762 hoc,
1908 3693 2038 3762 quin

468 3782 809 3847 moriamiui;
844 3783 898 3837 id
927 3793 1032 3851 est,
1066 3782 1418 3840 Descendetis
1449 3788 1672 3840 omnino
1701 3786 1768 3840 ad
1814 3795 2039 3841 mortem

467 3883 524 3928 et
568 3874 870 3939 interitum,
926 3873 1091 3943 idque
1125 3878 1289 3930 vestri
1336 3877 1538 3945 peccati
1585 3892 1773 3932 causa.
1816 3876 2044 3946 Oportet

471 3967 655 4037 itaque
689 3981 785 4022 vos
813 3966 864 4020 in
897 3966 1220 4034 diebusiras,
1245 3968 1499 4024 videlicet
1524 3971 1885 4025 tentationum
1915 3984 2045 4025 cou-

471 4059 807 4113 sternatione
842 4057 1064 4124 fractos,
1104 4075 1211 4115 non
1239 4073 1453 4131 torpore
1497 4071 1551 4114 et
1579 4061 1789 4131 ignavia
1820 4063 2043 4130 supinos

470 4164 611 4216 esse,
665 4150 759 4203 sed
805 4149 989 4218 lugere
1019 4152 1220 4221 potius,
1254 4162 1307 4206 et
1351 4152 1731 4225 lacrymantes,
1779 4153 1845 4207 ad
1876 4152 2044 4208 Deum

471 4241 737 4295 bonorum
772 4241 1005 4296 amicum
1060 4244 1338 4309 accedere,
1380 4254 1434 4299 et
1475 4261 1570 4301 vos
1608 4245 1799 4317 jejunii
1846 4245 2047 4301 labori-

471 4335 575 4391 bus
626 4332 906 4400 alllictare,
957 4336 1386 4393 misericordiam
1431 4354 1695 4410 quaerere,
1744 4340 1876 4396 illud
1917 4355 2047 4397 voce

474 4426 765 4483 Psallentis
814 4427 1109 4484 clamantes
1154 4446 1168 4483 :
1223 4449 1242 4481 ι
1282 4431 1418 4486 Vide
1469 4432 1825 4487 humilitatem
1869 4448 2044 4488 meam

473 4527 529 4572 et
546 4517 749 4573 luctum
776 4532 978 4585 meum,
1002 4528 1057 4574 et
1088 4521 1301 4575 remitte
1323 4521 1505 4575 omnia
1539 4533 1758 4592 peccata
1792 4539 1913 4580 mea
1938 4524 1981 4580 ⁸.
2021 4543 2040 4576 ι

474 4607 742 4675 Quoniam
770 4623 898 4663 vero
931 4608 984 4663 in
1015 4609 1102 4665 his
1131 4613 1393 4680 prepheta
1425 4613 1574 4681 dicit,
1603 4612 1831 4670 Vocavit
1865 4616 2045 4671 Domi-

474 4716 577 4756 nus
609 4701 850 4760 Sabaoth
882 4702 972 4757 die
1017 4703 1106 4756 illa
1141 4703 1205 4758 ad
1242 4701 1424 4758 ﬂetum
1454 4716 1506 4759 et
1538 4706 1833 4776 ploratum,
1864 4717 1919 4762 et
1960 4724 2047 4762 ra-

473 4814 655 4857 suram
688 4808 744 4855 et
764 4798 1061 4852 cincturam
1094 4813 1400 4865 saccorum,
1443 4814 1622 4866 operte
1656 4802 1888 4871 pretium
1927 4816 2050 4857 esse

474 4890 731 4960 putabam
765 4887 1024 4955 Miclneaz,
1057 4887 1141 4943 vel
1174 4887 1353 4958 potius
1399 4903 1494 4958 per
1525 4890 1846 4961 prophetam
1879 4906 1908 4945 a
1940 4891 2050 4947 Deo

477 4983 619 5038 facta
648 4983 838 5046 verba,
868 4980 954 5035 his
983 4979 1325 5035 sermonibus
1363 4981 1627 5036 intexere.
1666 4980 1939 5051 Scriptum
1968 4992 2052 5037 est

477 5084 660 5129 autem
702 5072 822 5129 sic:
853 5090 873 5124 ‹
909 5072 978 5127 Et
1013 5086 1156 5127 nunc
1185 5071 1317 5127 dicit
1338 5070 1597 5127 Dominus
1646 5072 1785 5127 Deus
1822 5084 2047 5129 noster:

477 5165 867 5221 Convertimini
902 5165 970 5221 ad
1007 5180 1094 5221 nte
1116 5179 1182 5219 ex
1220 5174 1331 5221 toto
1354 5165 1516 5220 corde
1539 5173 1743 5234 vestro,
1768 5166 1822 5221 in
1847 5165 2053 5237 jejunio

478 5267 529 5311 et
559 5258 612 5312 in
641 5255 768 5312 ﬂetu
803 5268 860 5313 et
900 5258 954 5313 in
999 5257 1173 5324 luctu,
1212 5266 1268 5312 et
1298 5256 1620 5327 disrumpite
1660 5260 1824 5314 corda
1870 5269 2052 5314 vestra

481 5354 537 5403 et
577 5364 683 5405 non
719 5351 1040 5406 vestimenta
1080 5357 1286 5416 vestra,
1331 5357 1388 5404 et
1435 5350 1813 5406 convertimini
1846 5352 1912 5407 ad
1947 5351 2053 5407 Do-

481 5439 689 5502 minum
725 5440 893 5497 Deum
926 5451 1188 5507 vestrum,
1211 5440 1339 5510 quia
1381 5440 1694 5497 misericors
1726 5452 1891 5499 estet
1929 5457 2048 5512 pro-

469 5531 674 5615 pitius,
710 5531 1051 5603 lenganimus
1077 5540 1131 5589 et
1154 5532 1381 5589 multum
1421 5533 1757 5603 misericors,
1785 5534 2053 5605 pmniten—

558 5705 755 5768 ἰιι-ον.
789 5722 942 5775 xvm,
964 5709 1019 5766 5.
1095 5706 1280 5767 ‘Psai.
1320 5722 1469 5777 xxiv,
1503 5707 1592 5768 18.

2186 1139 2297 1194 Καὶ
2357 1138 2613 1193 ἐκάλεσε
2665 1137 2882 1204 Κύριος
2930 1132 3173 1189 Σαϐαὼθ
3246 1131 3317 1184 ἐν
3367 1127 3442 1198 τῇ
3515 1118 3702 1196 ήὶιέρᾳ

2116 1230 2316 1300 ἐκείνῃ
2360 1228 2674 1298 κλαυθμὸν
2715 1226 2815 1281 καὶ
2851 1224 3131 1290 κοπετὸν,
3169 1221 3269 1276 καί
3296 1221 3576 1288 ξύρησικ,
3606 1216 3703 1270 καὶ

2123 1321 2302 1384 ζῶσιν
2325 1321 2590 1386 σάκκων,
2618 1319 2789 1375 αὐτοὶ
2818 1317 2886 1372 δὲ
2906 1316 3273 1383 ἐποιήσαντο
3310 1310 3701 1384 εὐφροσύνην

2119 1414 2219 1467 καί
2248 1413 2614 1483 ἀγαλλίαμα,
2647 1409 2980 1482 σφάζοντες
3002 1409 3300 1478 μόσχους,
3332 1404 3430 1459 καὶ
3460 1404 3705 1466 θύοντες

2123 1507 2409 1574 πρόϐατα,
2460 1505 2616 1558 ὥστε
2674 1502 2888 1574 φαγεῖν
2934 1502 3097 1570 κρέα,
3157 1500 3254 1553 καί
3307 1496 3465 1551 πιεῖν
3513 1492 3705 1557 οἶνον,

2123 1600 2426 1668 λέγοντεςο
2452 1595 2735 1666 Φάγωμεν
2767 1593 2864 1648 καὶ
2909 1592 3152 1659 πίωμεν,
3183 1588 3393 1657 αὔριον
3420 1585 3531 1659 γὰρ
3562 1585 3705 1639 dato-

2125 1690 2490 1759 θνῄσκομεν.
2543 1688 2651 1742 Καὶ
2695 1680 3234 1753 ἁνακεκαλυμμένα
3298 1676 3485 1732 ταῦτά
3539 1677 3706 1729 ἐστιν

2057 1780 2195 1835 Βὲν
2247 1777 2371 1844 τοῖς
2432 1775 2545 1831 ὠσὶ
2596 1776 2817 1844 Κυρίου
2875 1773 3134 1835 Σαϐαὼθ,
3174 1770 3264 1824 ὅτι
3316 1769 3428 1822 οὐκ
3489 1764 3704 1834 ἀφεθή-

2124 1886 2294 1924 σεται
2357 1868 2501 1939 ὑμῖν
2560 1866 2712 1935 αὕτη
2773 1868 2808 1936 ὴ
2866 1864 3139 1936 ἁμαρτία,
3206 1860 3318 1928 ἕως
3377 1856 3454 1911 ἂν
3486 1854 3711 1913 ἀποθά-

2128 1978 2296 2030 wits.

2207 2051 2432 2124 Ἀληθές
2472 2051 2555 2105 ὅτι
2601 2049 2742 2105 κατὰ
2774 2048 2834 2102 τὸ
2870 2044 3275 2118 γεγραμμένον⁹
3315 2062 3334 2095 ι
3376 2042 3546 2096 Ὅταν
3582 2035 3712 2108 ἔλθῃ

2124 2144 2329 2213 ἀσεϐὴς
2356 2145 2437 2207 εἰς
2461 2142 2620 2213 βάθος
2650 2140 2855 2206 κακῶν,
2892 2133 3241 2210 καταφρονεῖέ
3276 2155 3295 2188 ›
3330 2133 3489 2187 τοῦτο
3517 2147 3711 2184 πεπον-

2127 2233 2286 2297 θότας
2326 2232 2533 2287 κατίδοι
2588 2248 2674 2296 τις
2712 2231 2778 2284 ἂν
2818 2230 2944 2292 τοὺς
2985 2227 3046 2293 ἐξ
3090 2225 3325 2297 Ἰσραήλ.
3365 2225 3454 2277 Ἐν
3493 2221 3712 2293 δείμασι

2125 2326 2238 2393 γὰρ
2282 2324 2567 2393 γεγονότες
2595 2321 2689 2375 τοῦ
2736 2320 2935 2385 παντὸς
2972 2318 3163 2383 κακοῦ,
3198 2317 3291 2370 καὶ
3329 2312 3715 2385 ἀπηρτημένον

2126 2418 2340 2480 ἑαυτοῖς
2377 2414 2612 2487 ὁρῶντες
2643 2413 2736 2466 τὸν
2762 2411 3004 2467 κίνδυνον
3024 2409 3114 2463 τὸν
3147 2407 3257 2463 ἀπό
3285 2423 3350 2475 γε
3385 2405 3485 2476 τῆς
3526 2402 3717 2456 ’Δσσυ-

2130 2510 2261 2580 ρίων
2287 2508 2589 2578 ὠμότητος,
2616 2500 2734 2558 εἶτα
2757 2503 2873 2557 δέον
2905 2504 3022 2566 ταῖς
3050 2500 3198 2569 σφῶν
3220 2497 3399 2553 αὐτῶν
3424 2493 3717 2569 ῥᾳθυμίαις

2127 2598 2535 2670 ἐποιμώζοντας
2576 2593 3019 2667 ἐκμειλίσσεσθαι
3068 2593 3223 2657 Θεὸν,
3263 2591 3477 2661 κόμμον
3515 2603 3576 2639 τε
3622 2584 3720 2639 καὶ

2130 2691 2375 2763 ξύρησιν,
2415 2689 2512 2743 καὶ
2548 2687 2715 2753 ζῶσιν
2764 2688 2984 2740 σάκκων
3026 2683 3319 2748 ποιεῖσθαι,
3350 2677 3547 2751 καιροῦ
3582 2676 3719 2749 πρὸς

2127 2785 2286 2838 τοῦτο
2324 2781 2640 2846 καλοῦντος,
2696 2779 2835 2851 πρὸς
2888 2780 2996 2833 πᾶν
3040 2776 3342 2847 ἐτράποντο
3389 2767 3716 2825 τούναντίον.

2147 2875 2589 2947 Ἀπαυδήσαντες
2626 2873 2733 2945 γὰρ
2773 2870 2983 2942 ὥσπερ,
3020 2870 3115 2923 καὶ
3151 2863 3262 2920 οἷον
3302 2867 3383 2928 εἰς
3432 2862 3577 2916 ἅπαν
3615 2860 3721 2914 ἁπ-

2131 2967 2434 3039 ηλγηκότες
2476 2965 2687 3037 τρυφὰς
2731 2962 3076 3031 ἐπετήδευον,
3131 2960 3223 3013 καὶ
3272 2957 3341 3012 τὰ
3385 2952 3721 3027 εὐφροσύνης

2130 3058 2268 3129 ἔργα
2293 3056 2625 3128 πληροῦντες
2649 3053 3003 3120 ἐσπούδαζον,
3023 3054 3253 3124 μόσχους
3277 3067 3335 3102 τε
3358 3049 3453 3106 καὶ
3476 3045 3724 3118 πρόϐατα

2137 3150 2517 3215 καταθύοντες,
2544 3147 2941 3221 μεθυσκόμενοι
2981 3165 3043 3201 τε
3098 3146 3194 3199 καὶ
3228 3145 3348 3206 ταῖς
3377 3141 3517 3211 ὑπὲρ
3551 3139 3712 3211 κόρον

2138 3242 2582 3305 ἐνσπαταλῶντες
2611 3243 2864 3314 τρυφαῖς,
2897 3239 2993 3292 καὶ
3030 3237 3133 3309 μὴν
3163 3236 3256 3289 καὶ
3286 3233 3356 3288 τὰ
3388 3232 3448 3298 ἐξ
3480 3229 3725 3299 ἀπογνώ-

2140 3353 2277 3399 σεως
2309 3336 2403 3388 καὶ
2430 3333 2623 3404 φρενὸς
2646 3332 2845 3404 ἀγρίας
2877 3332 2972 3384 καὶ
2995 3324 3302 3399 ἀτημελοῦς
3334 3323 3584 3395 ἀλλήλοις
3612 3324 3725 3375 ἐπι-

2139 3425 2529 3496 φθεγγόμενοι·
2583 3441 2602 3475 t
2651 3423 2920 3491 Φάγωμεν
2972 3419 3065 3472 καὶ
3105 3418 3341 3486 πίωμεν,
3379 3413 3567 3483 αύριον
3611 3411 3723 3482 γὰρ

2139 3518 2574 3597 ἀποθνήσκομεν.
2613 3536 2633 3570 ι
2678 3515 2949 3586 ’ῼήθησαν
2986 3510 3094 3583 γὰρ
3132 3508 3273 3564 κατὰ
3322 3508 3382 3561 τὸ
3428 3507 3602 3597 είκὸς,
3641 3506 3723 3558 ὄτι

2140 3611 2235 3664 καὶ
2269 3595 2496 3679 ἀνήκοος
2532 3606 2684 3659 ἕσται
2718 3604 2827 3657 τῶν
2867 3601 3123 3656 τοιούτων
3158 3602 3186 3653 ό
3224 3598 3375 3660 Θεός·
3408 3596 3545 3649 Ἀλλ’
3579 3595 3724 3648 ἐστιν

2142 3698 2639 3770 ἀνακεκαλυμμένα
2671 3695 2869 3760 ταῦτα,
2913 3695 3105 3763 φησὶν,
3136 3693 3193 3745 ἐν
3223 3692 3334 3754 τοῖς
3360 3688 3492 3741 ὠσὶν
3536 3685 3722 3740 αὐτοῦ·

2142 3794 2238 3847 καὶ
2276 3794 2377 3845 ούκ
2416 3790 2481 3844 ἂν
2517 3791 2645 3859 ὑμῖν
2689 3786 2917 3857 ἀφεθείη
2960 3786 2995 3857 ἠ
3034 3782 3279 3855 ἁμαρτία
3310 3780 3473 3853 αὕτη,
3521 3780 3627 3841 ἓως
3661 3779 3726 3830 ἂν

2142 3886 2472 3955 ἀποθάνητε,
2497 3881 2643 3936 τοῦτ’
2680 3880 2816 3942 ἐστι,
2842 3876 3233 3949 κατοιχήσεσθε
3275 3873 3493 3936 πάντως
3526 3874 3605 3934 εἰς
3631 3871 3726 3924 θά-

2143 3996 2301 4032 νατον
2329 3978 2424 4032 καὶ
2446 3974 2671 4047 φθορὰν,
2702 3973 2798 4028 καὶ
2821 3971 2908 4025 διὰ
2929 3970 3133 4041 ταύτην
3159 3970 3286 4039 ὑμῖν
3309 3968 3407 4038 τὴν
3430 3963 3725 4037 ἁμαρτίαν.

2144 4070 2266 4142 Χρὴ
2315 4069 2495 4123 τοίνυν
2524 4068 2673 4137 ἡμᾶς
2726 4067 2783 4119 ἐν
2823 4063 3059 4134 ἡμέραις
3096 4061 3284 4132 ὀργῆς,
3316 4060 3483 4130 ἤγουν
3519 4058 3631 4121 τοῖς
3664 4056 3729 4109 ἐκ

2143 4162 2253 4216 τῶν
2279 4160 2600 4232 πειρασμῶν
2628 4154 3123 4231 περιθραυομένους
3146 4153 3385 4224 δείμασι,
3418 4150 3492 4222 μὴ
3516 4147 3729 4205 ὑπτιοῦ-

2148 4253 2273 4307 σθαι
2318 4251 2453 4324 πρὸς
2506 4249 2798 4322 ρᾳθυμίαν,
2840 4244 3054 4299 πενθεῖν
3098 4243 3154 4297 δὲ
3199 4242 3397 4313 μᾶλλον
3432 4242 3526 4295 καὶ
3560 4255 3729 4311 προσ-

2149 4346 2286 4400 ιέναι
2319 4342 2752 4414 δεδακρυμένους
2804 4338 2884 4411 τῷ
2913 4335 3196 4408 φιλαγάθῳ
3227 4334 3366 4405 Θεῷ,
3396 4334 3491 4387 καὶ
3526 4332 3637 4394 τοῖς
3664 4331 3729 4384 ἐκ

2147 4439 2402 4511 νηστείας
2431 4425 2866 4499 πόνοιςέαυτοὺς
2890 4427 3304 4492 καταικίζοντας
3326 4423 3592 4478 ἐλεεῖσθαι
3627 4421 3727 4490 ζηο

2144 4533 2280 4595 τεῖν,
2311 4531 2486 4583 ἐκεῖνο
2532 4525 2775 4598 βοῶντας
2812 4523 2902 4578 διὰ
2929 4523 3028 4593 τῆς
3061 4520 3155 4574 τοῦ
3181 4517 3492 4580 Ψὰλλοντος
3522 4513 3724 4585 φωνῆς’

2152 4640 2170 4673 ι
2210 4621 2316 4675 Ἴδε
2349 4618 2447 4690 τὴν
2492 4615 2817 4670 ταπείνωσίν
2851 4630 2954 4685 μου
2994 4612 3087 4665 καὶ
3137 4611 3228 4663 τὸν
3266 4608 3433 4662 κόπον
3476 4623 3598 4676 μου,
3635 4603 3728 4658 καὶ

2146 4711 2283 4780 ἄφες
2308 4710 2488 4772 πάσας
2508 4707 2606 4770 τὰς
2633 4704 2908 4777 ἁμαρτίας
2942 4720 3068 4774 μου.
3106 4720 3124 4752 ι
3170 4698 3388 4769 Ἐπειδὴ
3417 4697 3472 4751 δέ
3504 4712 3666 4766 φησιν
3698 4695 3729 4747 ό

2148 4798 2435 4870 προφήτης
2475 4797 2533 4849 ἐν
2577 4793 2809 4858 τούτοις,
2845 4794 2927 4847 ὅτι
2972 4789 3227 4845 Ἐκάλεσε
3260 4786 3462 4858 Κύριος
3499 4782 3725 4838 Σαϐαὼθ

2153 4892 2210 4943 ἐν
2238 4892 2304 4961 τῇ
2339 4888 2521 4960 ἡμέρᾳ
2546 4886 2730 4960 ἐκείνῃ
2788 4880 3063 4956 κλαυθμὸν
3101 4883 3194 4936 καὶ
3223 4878 3470 4943 κοπετὸν,
3506 4876 3603 4931 καὶ
3632 4874 3727 4941 ξύ-

2158 4998 2336 5053 ρησιν,
2371 4980 2464 5035 καὶ
2499 4979 2665 5043 ζῶσιν
2706 4977 2945 5043 σάκκων,
2978 4975 3088 5029 δεῖν
3116 4974 3300 5045 ᾠήθην
3332 4972 3430 5036 τὰς
3466 4969 3559 5024 τοῦ
3606 4970 3731 5043 Μη-

2157 5074 2309 5145 χαίου
2342 5072 2542 5143 φωνὰς,
2569 5071 2766 5143 μᾶλλον
2799 5070 2855 5125 δέ
2882 5069 2980 5134 τὰς
3005 5068 3094 5121 διὰ
3126 5066 3221 5120 τοῦ
3261 5066 3538 5136 προφήτου
3574 5063 3726 5133 παρὰ

2153 5165 2288 5217 Θεοῦ
2319 5162 2613 5234 γενομένας
2653 5161 2915 5233 ἐνυφῆναι
2946 5161 3058 5223 τοῖς
3095 5158 3294 5226 λόγοις.
3326 5155 3639 5227 Γέγραπται
3670 5154 3728 5208 δὲ

2153 5255 2345 5321 οὕτως’
2379 5274 2401 5309 ι
2441 5256 2553 5310 Καὶ
2583 5254 2679 5311 νῦν
2705 5254 2855 5325 λέγει
2882 5251 3087 5325 Κύριος
3131 5252 3163 5305 ό
3197 5248 3328 5312 Θεὸς
3360 5246 3537 5319 ἡμῶν
3581 5246 3730 5300 Ἐπι-

2155 5348 2431 5419 στράφητε
2460 5345 2596 5418 πρός
2627 5362 2694 5418 με
2722 5344 2783 5411 ἐξ
2810 5344 2938 5415 ὅλης
2961 5341 3060 5413 τῆς
3085 5338 3310 5412 καρδίας
3337 5336 3512 5408 ὑμῶν,
3547 5336 3605 5387 ἐν
3636 5352 3730 5405 νη·-

2157 5441 2311 5513 στείᾳ.
2332 5441 2427 5495 καὶ
2459 5441 2516 5494 ἐν
2542 5435 2802 5508 κλαυθμῷ
2827 5436 2919 5491 καὶ
2941 5437 2999 5488 ἐν
3027 5429 3262 5502 κοπετῷ,
3290 5428 3384 5482 καὶ
3404 5426 3731 5500 διαρρήξατε

2155 5533 2255 5598 τὰς
2286 5532 2510 5606 καρδίας
2544 5530 2697 5603 ὑμῶν
2728 5529 2822 5586 καὶ
2855 5526 2928 5601 μὴ
2958 5525 3028 5581 τὰ
3056 5525 3243 5597 ἱμάτια
3283 5519 3457 5596 ὑμῶν,
3483 5519 3577 5577 καὶ
3606 5518 3730 5576 ἐπι·
