4148 6378
441 354 546 411 515

1566 355 1633 410 IN
1678 356 1910 412 ISAIAM
1953 357 2079 414 LIB.
2124 358 2190 414 ll.
2252 357 2488 414 TOMUS
2531 360 2590 415 V.

3600 355 3701 412 5ίό

441 470 705 541 στρέψατε
752 470 887 540 προς
917 471 1118 542 Κύριον
1155 473 1242 525 τὸν
1274 473 1404 526 Θεὸν
1443 474 1617 544 ὑμῶν,
1649 476 1732 529 ὅτι
1771 477 2021 548 ἐλεήμων

2138 479 2255 533 .iam
2291 494 2456 549 agens
2484 491 2649 547 super
2677 475 2854 530 malis.
2899 477 3032 543 Quis
3075 473 3225 529 norit
3259 489 3329 528 an
3358 483 3704 528 convertemr

443 561 531 615 καὶ
582 559 912 630 οἱκτείρμων
961 563 1127 627 ἐστὶν,
1179 563 1531 634 μακῴθυμος
1579 567 1672 619 καὶ
1712 567 2018 633 πολυέλεος,

443 652 529 705 καὶ
553 651 828 722 μετανοῶν
863 652 955 704 ἐπὶ
981 655 1100 716 ταῖς
1127 655 1366 718 κακίαις.
1402 655 1496 718 Τίς
1531 655 1671 709 οἶδεν
1707 659 1754 710 εἱ
1779 659 2026 730 ἐπιστρέ-

443 743 526 812 bat
558 742 652 795 καὶ
684 744 1027 813 μετανοήσει,
1053 746 1146 799 καὶ
1170 746 1518 816 ὑπολείψεται
1545 748 1720 802 ὀπίσω
1741 751 1903 803 αὐτοῦ
1930 754 2022 805 εὐ-

442 833 643 900 λογίαν,
691 832 882 886 θυσίαν
922 834 1016 886 καὶ
1065 836 1295 907 σπονδὴν
1331 839 1521 908 Κυρίῳ
1556 840 1633 910 τῷ
1676 840 1794 912 Θεῷ
1827 844 2022 913 ἡμῶν;

443 925 743 979 Σαλπίσατε
795 926 1058 996 σάλπιγγι
1109 929 1168 981 ὲν
1213 927 1374 994 Σιὼν,
1431 929 1696 998 ἁγιάσατε
1742 933 2021 1002 νηστείαν,

444 1017 711 1088 κηρύξατε
775 1017 1094 1090 θεραπείαν,
1155 1021 1489 1088 συναγάγετε
1552 1022 1701 1087 λαὸν,
1758 1024 2023 1090 ἁγιάσατε

451 1108 795 1176 Ἐκκλησίαν,
827 1109 1083 1174 ἐκλέξατε
1127 1111 1546 1183 πρεσϐυτέρους,
1575 1115 1904 1183 συναγάγετε
1930 1117 2026 1186 νή-

444 1219 539 1256 πια
593 1201 892 1272 θηλάζοντα
948 1203 1205 1274 μασθοὺς,
1257 1203 1520 1268 ἐξελθέτω
1568 1205 1799 1275 νυμφίος
1832 1208 1898 1258 ἐκ
1928 1207 2022 1258 τοῦ

445 1287 695 1358 ιινιτῶνος
747 1294 933 1359 αὑτοῦ,
986 1297 1080 1348 καὶ
1117 1295 1302 1366 νύμφη
1349 1297 1412 1349 ὲκ
1445 1296 1538 1350 τοῦ
1583 1299 1789 1351 παστοῦ
1835 1298 2024 1368 αὐτῆς.

453 1385 580 1438 Ἀνά
631 1385 794 1456 μέσον
849 1387 948 1456 τῆς
1005 1388 1268 1456 κρηπίδος
1331 1388 1426 1441 καὶ
1487 1388 1586 1440 τοῦ
1640 1389 2025 1459 θυσιαστηρίου

445 1477 764 1530 κλαύσονται
808 1480 857 1530 οἱ
902 1479 1066 1548 ἱερεῖς
1099 1481 1146 1530 οἱ
1193 1478 1633 1548 λειτουργοῦντες
1680 1480 1889 1548 Κυρίῳ,
1933 1479 2027 1532 καὶ

445 1569 644 1640 ἐροῦσι·
679 1571 887 1635 Φεῖσαι,
923 1570 1116 1640 Κύριε,
1162 1568 1252 1622 τοῦ
1285 1569 1416 1624 λαοῦ
1446 1570 1671 1634 σου,καί
1704 1569 1779 1640 μὴ
1799 1570 1900 1640 δῷς
1931 1571 2027 1640 τὴν

446 1661 805 1732 κληρονομίαν
859 1679 951 1714 σου
1010 1664 1090 1725 εἰς
1131 1662 1332 1726 ὄνειδος
1379 1662 1473 1714 τοῦ
1527 1661 1796 1733 κατάρξαι
1849 1662 2027 1714 αὐτῶν

448 1753 589 1823 ἔθνη,
625 1755 772 1818 ὅπως
816 1753 890 1825 μὴ
936 1754 1162 1807 εἴπωσιν
1188 1755 1247 1807 ὲν
1283 1757 1404 1818 τοῖς
1435 1753 1640 1818 ἔθνεσι,
1678 1753 1788 1806 ΙΙοῦ
1821 1755 1968 1807 ἐστιν
2001 1756 2028 1805 ὁ

2127 579 2182 625 et
2205 571 2542 641 paenitudine
2581 570 2834 634 ducetur,
2869 579 2923 623 et
2958 569 3224 638 relinquet
3250 577 3370 635 post
3411 567 3583 636 ipsum
3609 567 3699 620 be-

2129 663 2491 717 nedietionem
2529 671 2582 716 et
2627 660 3076 715 saerilieationem
3107 669 3161 713 et
3210 659 3442 712 libamen
3477 657 3704 712 Domino

2129 752 2238 806 Deo
2272 752 2496 805 nostro?
2529 751 2719 805 Canite
2752 752 2875 804 tuba
2923 751 2974 803 iu
3018 750 3168 813 Sion,
3204 749 3540 803 sanctilicate
3567 746 3704 817 jeju-

2129 845 2299 907 nium,
2335 843 2625 911 prtedicate
2649 841 2878 905 cultum,
2910 846 3236 909 congregate
3261 838 3541 908 populum,
3578 852 3704 890 sano
3733 882 3742 911 ί

2130 935 2365 988 etiﬁcate
2398 933 2713 1000 Ecclesium,
2741 932 2924 1000 eligite
2953 931 3216 994 seniores,
3261 931 3436 998 cogite
3470 930 3704 984 infantes

2130 1034 2383 1094 sugentes
2405 1027 2592 1077 ubera.
2620 1022 2948 1092 Egrediatur
2975 1036 3204 1089 sponsus
3231 1021 3299 1075 de
3315 1020 3564 1078 cubiculo
3584 1034 3705 1082 suo,

2129 1125 2180 1168 et
2212 1130 2405 1184 Sponsa
2435 1115 2500 1166 de
2530 1116 2766 1168 thalamo
2814 1129 2933 1168 suo.
2969 1113 3072 1167 Per
3101 1113 3332 1166 medium
3365 1111 3700 1165 fundamenti

2131 1207 2318 1260 altaris
2341 1206 2632 1276 plorabuut
2659 1205 2971 1260 sacerdotes
2994 1205 3087 1274 qui
3109 1205 3418 1257 ministrant
3447 1202 3702 1264 Domino,

2129 1305 2183 1349 et
2214 1295 2400 1349 dicent
2428 1313 2440 1348 :
2475 1295 2663 1359 Parce,
2694 1294 2856 1363 322
2893 1293 3140 1358 Domine,
3175 1294 3367 1361 populo
3397 1302 3506 1354 tuo,
3548 1301 3604 1344 et
3638 1305 3705 1344 ne

2132 1388 2229 1441 des
2263 1387 2638 1441 [nereditatem
2673 1398 2819 1439 tuam
2847 1388 2898 1438 in
2928 1385 3302 1454 opprobrium,
3333 1394 3389 1436 ut
3422 1384 3704 1437 dominen-

2134 1488 2220 1532 tur
2248 1479 2350 1533 illis
2380 1487 2596 1544 gentes;
2629 1494 2694 1532 uo
2722 1478 2904 1531 dicant
2928 1477 3066 1530 inter
3092 1485 3300 1546 gentes,
3330 1476 3430 1530 Ubi
3456 1483 3538 1528 est
3567 1476 3705 1527 Deus

2132 1585 2318 1623 eorum
2351 1571 2411 1622 7?
2440 1589 2457 1620 ι
2496 1569 2602 1622 Deo
2630 1570 2813 1638 igitur.
2864 1568 2954 1621 illo
3002 1578 3261 1637 tempore,
3297 1567 3362 1619 ad
3395 1566 3576 1618 ﬂetum
3611 1581 3705 1618 vo-

2133 1673 2310 1724 cante,
2369 1672 2422 1714 et
2459 1663 2523 1713 ad
2574 1661 2842 1730 plant-tum
2891 1670 2946 1713 et
2995 1675 3234 1712 rasuram
3291 1670 3345 1712 et
3405 1658 3705 1710 ciucturam

2134 1767 2436 1815 saccorum,
2465 1752 2789 1820 jueuuditali
2837 1766 2958 1805 sese
2992 1751 3340 1810 dediderunt,
3363 1760 3622 1802 acuentes
3651 1747 3705 1799 in

447 1844 573 1909 Θεὸς
603 1845 814 1911 αὑτῶν;
853 1865 872 1897 ι
928 1845 1063 1898 Θεοῦ
1111 1845 1396 1916 τοιγαροῦν
1436 1844 1556 1898 κατ’
1599 1847 1775 1897 ἐκεῖνο
1836 1846 2028 1916 καιροῦ

2138 1845 2341 1912 seipsos
2405 1845 2623 1913 gravius
2683 1844 2748 1896 ad
2802 1841 3211 1895 irrevoczibilcm
3265 1841 3398 1893 iram
3456 1855 3576 1893 eum
3613 1837 3707 1908 qui

447 1935 721 2006 κλαυθμὸν
767 1936 1057 2000 καλοῦντος
1100 1937 1194 1989 καὶ
1239 1936 1490 1999 κοπετὸν,
1539 1936 1632 1989 καὶ
1675 1935 1902 2006 ξύρησιν
1936 1936 2030 1988 καὶ

2141 1939 2367 2004 perdere
2391 1944 2567 2004 potest
2597 1944 2650 1988 et
2674 1950 2910 1988 servare.

447 2029 610 2092 ζῶσιν
654 2029 893 2093 σάκκων,
934 2030 1273 2102 εὐφροσύνας
1309 2031 1612 2094 ἐποιοῦντο,
1655 2031 2053 2101 καταθήγοντες
2092 2033 2176 2100 ἐφ’
2208 2034 2416 2095 ἑαυτοῖς
2469 2032 2563 2084 κοιλ⁹
2634 2029 2713 2083 ἔτι
2765 2029 3027 2100 μειζόνως
3067 2030 3146 2092 εἰς
3205 2028 3504 2082 ἀκάθεκτον
3538 2024 3705 2096 ὀργὴν

452 2124 533 2176 τὸν
557 2125 820 2178 ἀπολέσαι
858 2142 919 2178 τε
945 2127 1038 2178 καὶ
1067 2126 1330 2179 διασῶσαι
1364 2127 1680 2197 δυνάμενον.

519 2217 669 2271 Τάδε
708 2220 870 2288 λέγει
908 2221 1121 2286 Κύριος
1155 2221 1395 2275 Σαϐαὼθ
1419 2238 1432 2250 ·
1474 2223 1738 2289 Πορεύου
1781 2224 1865 2290 εἰς
1923 2223 2032 2275 τὸν

447 2312 856 2379 παστοφόριον
883 2314 1031 2380 πρὸς
1058 2315 1296 2382 Σομνὰν
1320 2314 1427 2366 τὸν
1461 2316 1696 2384 ταμίαν,
1729 2316 1826 2368 καὶ
1861 2313 2032 2369 εἷπον

447 2401 625 2467 αὐτῷ·
687 2403 743 2456 Τί
789 2401 872 2454 σὺ
934 2398 1071 2466 ὧδε,
1126 2404 1225 2456 καὶ
1281 2405 1338 2457 τί
1379 2407 1480 2458 σοί
1521 2407 1690 2460 ἐστιν
1742 2401 1897 2470 ὦδε;
1943 2407 2031 2459 ὅτι

448 2492 825 2560 ἑλατόμησας
859 2493 1064 2559 σαυτῷ
1106 2487 1222 2548 ὧδε
1259 2495 1570 2565 μνσιυιεῖον,
1604 2497 1702 2550 καὶ
1739 2499 2032 2565 ἐποίησας

448 2581 654 2648 σαυτῷ
687 2583 757 2635 ἐν
786 2583 1004 2654 ὑψηλῷ
1030 2585 1343 2654 μνημεῖον,
1384 2587 1481 2641 καὶ
1527 2587 1794 2657 ἔγραψας
1826 2590 2030 2655 σαυτῷ

446 2673 517 2728 ἐν
567 2673 751 2742 πέτρᾳ
813 2675 1090 2743 σκηνήνς
1159 2677 1314 2732 Ἰδοὺ
1384 2679 1460 2747 δὴ
1519 2682 1735 2749 Κύριος
1790 2681 2034 2735 Σαϐαὼθ

450 2766 693 2819 ἐκϐαλεῖ
719 2767 816 2820 καὶ
852 2767 1118 2837 empty-et
1145 2769 1352 2838 ἄνδρα,
1385 2771 1482 2824 καὶ
1512 2772 1727 2840 ἀφελεῖ
1758 2771 1874 2839 τὴν
1895 2786 2034 2825 στο-

449 2858 569 2923 λήν
601 2874 747 2923 σου,
788 2859 886 2911 καὶ
928 2860 1036 2914 τόν
1089 2862 1395 2930 στέφανόν
1445 2879 1561 2916 σου
1609 2864 1718 2916 τὸν
1758 2862 2032 2926 ἔνδοξον,

450 2947 548 3000 καὶ
586 2948 756 3015 ῥίψει
801 2966 874 3002 σε
900 2951 988 3016 είς
1018 2949 1218 3018 χώραν
1242 2952 1517 3021 μεγάλην
1549 2953 1644 3005 καὶ
1683 2953 2031 3022 ἀμέτρητον,

451 3042 550 3095 καὶ
583 3043 712 3095 ἐκεῖ
733 3041 1029 3112 ἀποθανῇ·
1066 3045 1162 3097 καὶ
1198 3044 1372 3110 θήσει
1408 3044 1472 3096 τὸ
1500 3043 1658 3113 ἅρμα
1685 3060 1802 3096 σου
1837 3045 1902 3097 τὸ
1932 3061 2036 3097 κα·

451 3131 567 3184 λὸν
592 3135 678 3198 εἰς
703 3133 961 3200 ἀτιμίαν,
1000 3133 1096 3186 καὶ
1123 3134 1230 3186 τὸν
1256 3130 1424 3187 οἷκον
1449 3133 1555 3186 τοῦ
1593 3133 1889 3202 ἄρχοντός
1918 3149 2035 3187 σου

453 3225 540 3289 εἰς
577 3224 989 3294 καταπάτημα,
1031 3225 1127 3278 καὶ
1169 3224 1543 3294 ἀφαιρεθήσῃ
1578 3226 1646 3278 ἐκ
1678 3223 1786 3294 τῆς
1810 3229 2037 3280 οἱκονοο

451 3318 592 3387 μίας
627 3334 744 3370 σου
770 3317 867 3370 καὶ
889 3317 957 3370 ἐκ
996 3315 1103 3384 τῆς
1135 3316 1410 3380 στάσεώς
1438 3334 1576 3371 σου.

526 3411 736 3480 Σομνάς
766 3410 982 3474 ἐγένετο
1007 3410 1212 3480 ταμίας
1241 3410 1559 3479 χρημάτων,
1587 3411 1678 3462 καὶ
1701 3409 1867 3462 ποίων
1888 3409 2039 3463 οῦπω

457 3501 646 3569 σαφὲς,
682 3501 911 3570 πότερόν
943 3517 1074 3552 ποτε
1120 3500 1228 3553 τῶν
1273 3499 1456 3571 ἱερῶν,
1494 3501 1588 3553 καὶ
1630 3501 2040 3572 ὲκνεμηθέντων

456 3590 535 3660 τῷ
568 3590 704 3660 ναῷ,
749 3591 916 3660 ήγουν
954 3590 1063 3643 τῶν
1104 3590 1429 3660 βασιλικῶν,
1458 3590 1598 3644 ἔοικε
1642 3592 1698 3644 δὲ
1733 3593 1932 3663 μᾶλλον
1973 3596 2040 3664 τῇ

458 3684 567 3736 τῶν
601 3683 761 3755 ἱερῶν
793 3682 1090 3754 χρημάτων
1114 3683 1419 3736 ἐπικεῖσθαι
1452 3685 1775 3756 συγκομιδῇ,
1805 3686 1900 3740 καὶ
1931 3691 2043 3750 τοῖς

460 3775 773 3842 ἀναγκαίως
807 3775 900 3828 καὶ
931 3775 1206 3845 χρειωδῶς
1227 3775 1632 3845 δαπανωμένοις
1663 3776 1772 3829 ἐσθ’
1795 3777 1882 3830 ὅτε
1909 3778 2042 3849 πρὸς

460 3864 831 3934 ἐπανόρθωσιν
881 3865 1089 3919 σκευῶν
1135 3865 1316 3937 ἱερῶν.
1355 3868 1493 3919 Φασὶ
1536 3867 1590 3919 δὲ
1635 3867 1796 3922 αὑτὸν
1843 3870 1933 3921 καὶ
1986 3869 2043 3935 ἐξ

461 3959 690 4027 αἵματος
715 3957 846 4010 ὄντα
874 3956 966 4009 τοῦ
996 3957 1128 4011 Λευὶ⁸
1160 3959 1274 4022 τοῖς
1300 3958 1400 4028 τῆς
1435 3958 1842 4031 ἀρχιερωσύνης
1875 3959 2044 4028 αὐχή-

466 4065 628 4119 μασιν
668 4047 898 4118 ὀρᾶσθαι
947 4047 1244 4120 διαπρεπῆ.
1305 4049 1679 4121 Μεγαλόερρων
1728 4049 1783 4102 δέ
1824 4067 1906 4112 τις
1948 4050 2044 4103 καὶ

464 4141 778 4212 ὑπέροιρρυς
827 4140 966 4208 ἄγαν
998 4136 1088 4211 ἦν,
1130 4140 1225 4192 καὶ
1270 4144 1380 4204 τοῖς
1421 4140 1647 4194 λυποῦσι
1695 4139 2042 4212 δυσάντητος,

465 4233 562 4283 καὶ
611 4230 944 4296 πλεονεξίαις
991 4229 1288 4300 ὲπιπηδῶν,
1331 4232 1424 4284 καὶ
1458 4230 1758 4302 λημμάτων
1804 4232 2044 4304 αἰσχρῶν

467 4323 798 4393 ἡττώμενος,
846 4323 942 4376 καὶ
993 4323 1358 4393 φιλοκομπίας
1408 4325 1663 4393 ἐραστὴς,
1713 4325 1806 4378 καὶ
1844 4326 1940 4388 τὰς
1986 4325 2045 4389 ἐξ

469 4415 769 4485 ἀνθρώπων
800 4415 964 4484 τιμὰς
989 4416 1075 4468 ἀεὶ
1103 4414 1435 4485 θηρώμενος.
1473 4414 1516 4467 Τ
1520 4415 1740 4486 αύτῃτοι
1778 4417 1869 4469 καὶ
1904 4417 2044 4487 μάλα

469 4508 691 4569 εἰκότως
721 4506 842 4576 Θεῷ
868 4503 1328 4576 ’κατεστυγμένος,
1367 4507 1668 4577 μελλούσης
1715 4509 1894 4561 τοίνυν
1923 4510 2044 4561 ὅσον

468 4596 677 4650 οὐδέπω
721 4596 1122 4668 κσταδῃοῦσθαι
1172 4599 1270 4665 τῆς
1302 4598 1579 4664 Ἰουδαίας,
1605 4600 1807 4654 ἁλῶναι
1857 4601 1911 4652 δὲ
1953 4602 2044 4654 καὶ

470 4687 638 4756 αὐτῆς
668 4687 767 4756 τῆς
807 4687 1176 4756 Ἰερουσαλὴμ,
1209 4687 1296 4738 ὅτε
1344 4686 1436 4738 καὶ
1478 4689 1822 4759 νενικηκότες
1861 4689 1910 4740 οἱ
1943 4689 2042 4740 Βα-

471 4777 720 4830 ϐυλώνιοι
763 4777 1128 4847 μετεκόμισαν
1172 4777 1255 4839 εἰς
1294 4778 1393 4846 τὴν
1443 4778 1650 4831 ἑαυτῶν
1702 4779 2044 4849 αἰχμάλωτον

2207 2218 2372 2272 Vens.
2409 2216 2592 2271 15-19.
2627 2214 2756 2268 Ha'c
2797 2214 2924 2266 dicit
2964 2212 3217 2265 Dominus
3244 2211 3474 2266 Sabaoth
3504 2229 3521 2265 :
3567 2210 3706 2267 Vnde

2131 2315 2185 2366 in
2223 2309 2621 2380 pastophorium
2653 2310 2720 2359 ad
2749 2305 2982 2360 Somuan
3027 2315 3360 2372 quaestorem,
3397 2314 3446 2356 et
3492 2305 3576 2357 dic
3612 2307 3658 2358 ei
3685 2321 3706 2358 .'

2132 2406 2271 2470 Quid
2304 2413 2358 2456 tu
2394 2403 2476 2454 hic
2501 2403 2525 2456 ?
2547 2409 2592 2453 et
2629 2400 2754 2469 quid
2789 2399 2878 2450 tibi
2907 2407 2979 2450 est
3011 2397 3136 2449 hic?
3166 2396 3290 2466 quia
3329 2396 3575 2448 excidisti
3611 2397 3706 2449 tibi

2131 2498 2238 2565 ipse
2273 2497 2355 2548 hic
2388 2504 2798 2555 monumentum,
2831 2501 2878 2543 et
2917 2490 3190 2558 fabricasti
3221 2488 3316 2540 tibi
3349 2491 3400 2541 in
3426 2489 3564 2541 edito
3593 2505 3705 2541 ma-

2134 2597 2462 2650 numentum,
2500 2594 2548 2637 et
2575 2583 2831 2652 scripsisti
2863 2582 2954 2635 tibi
2992 2583 3045 2634 in
3078 2590 3222 2648 petra
3268 2580 3709 2634 tabernaculum?

2135 2678 2268 2732 Ecce
2308 2679 2566 2731 Dominus
2605 2675 2837 2731 Sabamh
2880 2674 3049 2743 ejiciet
3091 2682 3138 2728 et
3209 2683 3392 2727 atteret
3429 2674 3619 2735 virum,
3660 2683 3708 2725 et

2133 2771 2336 2839 auferet
2378 2771 2568 2824 stolam
2593 2780 2758 2832 tuam,
2786 2778 2831 2821 et
2861 2782 3105 2820 coronam
3139 2776 3282 2818 tuam
3323 2765 3628 2834 gloriosam,
3660 2773 3710 2818 et

2133 2862 2374 2931 projiciet
2396 2863 2512 2914 tein
2541 2861 2799 2928 regionem
2825 2873 3074 2926 magnam
3097 2867 3143 2909 et
3185 2857 3513 2915 immensam,
3537 2856 3710 2923 ibique

2137 2954 2396 3006 morieris.
2424 2950 2488 3003 Et
2513 2949 2941 3018 redigetfcurrum
2964 2959 3108 2999 tuum
3129 2947 3402 3014 pulchrum
3426 2947 3478 2997 in
3498 2946 3710 3015 ignomi—

2135 3044 2298 3107 niam,
2330 3051 2380 3095 et
2413 3045 2625 3094 domum
2666 3041 2919 3108 principis
2960 3039 3036 3088 tui
3074 3037 3128 3088 in
3164 3037 3633 3098 conculcationem,
3663 3046 3710 3089 et

2137 3133 2202 3186 de
2225 3135 2616 3204 dispensatione
2648 3143 2739 3186 tua
2767 3142 2810 3184 et
2842 3133 2903 3182 de
2931 3129 3099 3199 gradu
3127 3137 3216 3181 tuo
3245 3127 3625 3182 deturbaberis.

2209 3411 2438 3465 Somnas
2479 3410 2577 3462 fuit
2616 3420 2854 3479 qutestor
2898 3411 3074 3464 :erarii
3125 3420 3178 3464 et
3217 3419 3397 3464 custos
3446 3409 3700 3478 pecunia-

2067 3529 2109 3586 ο
2145 3520 2286 3569 rum,
2315 3515 2670 3557 sacrarumne
2699 3510 2752 3556 et
2785 3502 2978 3572 templo
3001 3504 3402 3572 deputatarum,
3430 3517 3497 3554 an
3536 3501 3710 3570 regia-

2145 3611 2288 3660 rum,
2325 3596 2616 3648 iucertum.
2649 3594 2873 3648 Videtur
2907 3603 3085 3647 autem
3124 3595 3300 3660 potius
3347 3608 3520 3647 sacra:
3552 3607 3708 3662 pecu-

2145 3686 2248 3738 ni.e
2279 3685 2610 3754 colligendae,
2645 3699 2697 3738 et
2738 3686 2900 3738 rebus
2941 3684 3250 3738 necessario
3286 3693 3339 3737 et
3386 3682 3594 3737 utiliter
3628 3685 3710 3737 iu-

2146 3776 2355 3830 terdum
2390 3777 2454 3828 ad
2503 3776 2953 3829 restaurationem
2984 3776 3279 3841 {sacrorum
3324 3788 3576 3829 vasorum
3619 3789 3711 3828 ex-

2143 3869 2328 3938 pensis
2368 3869 2702 3938 praestitutus
2752 3868 2938 3922 fuisse.
2996 3865 3230 3921 Narrant
3269 3867 3432 3920 etiam
3459 3866 3606 3925 illum
3649 3881 3712 3920 ex

2145 3960 2410 4029 sanguine
2463 3959 2701 4014 Levitico
2753 3974 2894 4025 esse,
2926 3969 2980 4013 et
3038 3959 3326 4012 sacerdoui
3381 3961 3713 4014 ornamentis

2147 4051 2416 4121 insignem
2447 4052 2694 4105 habitum
2729 4052 2917 4105 fuisse.
2955 4051 3148 4121 Magno
3179 4051 3425 4120 elatoque
3455 4063 3573 4106 erat
3600 4053 3713 4105 aui-

2146 4159 2233 4198 mo
2263 4154 2318 4199 et
2341 4145 2724 4214 superciliosus
2757 4145 3067 4210 admodum,
3105 4159 3168 4198 ac
3211 4159 3386 4199 saevus
3419 4144 3472 4198 in
3506 4157 3601 4200 eos
3625 4145 3715 4214 qui

2143 4234 2499 4300 oﬂ‘enderant,
2534 4236 2738 4304 rapinis
2763 4219 3060 4300 exsultans,
3079 4237 3296 4291 sordido
3316 4236 3542 4306 quarstui
3565 4251 3716 4289 man-

2151 4329 2377 4395 cipatus,
2413 4328 2861 4393 ostentabuudus,
2898 4339 2954 4382 et
2987 4328 3218 4382 honores
3260 4343 3477 4397 semper
3516 4329 3585 4383 ab
3621 4327 3716 4383 lm-

2146 4417 2380 4470 minibus
2409 4433 2631 4472 veuaus.
2663 4419 2797 4472 llinc
2822 4434 2962 4480 cum,
3011 4428 3065 4472 et
3086 4419 3300 4488 quidem
3321 4417 3648 4486 justissime,
3685 4435 3714 4473 a

2147 4507 2257 4561 Deo
2292 4509 2417 4562 odio
2481 4509 2796 4570 haberetur,
2851 4521 2905 4562 et
2950 4508 3131 4563 Judma
3167 4509 3384 4578 jamjam
3427 4520 3714 4579 propterea

2145 4597 2477 4651 devastanda
2544 4608 2823 4664 essetret
2885 4601 3148 4669 capienda
3217 4601 3329 4669 ipsa
3390 4599 3713 4664 Jerusalem,

2147 4691 2361 4759 quando
2381 4689 2542 4742 etiam
2579 4690 2850 4760 Babylonii
2885 4691 3165 4756 vicissent,
3187 4701 3242 4744 et
3268 4692 3317 4744 iu
3343 4703 3494 4743 suam
3518 4699 3716 4744 terram

2147 4784 2421 4852 captivum
2459 4780 2712 4837 lsraelem
2760 4790 3223 4850 transportassent
3261 4799 3275 4835 :
3311 4789 3718 4835 monumentum

469 4871 560 4924 τὸν
605 4870 840 4940 Ἰσραὴλ,
889 4871 1150 4939 μνημεῖον
1198 4867 1376 4938 ἑαυτῷ
1432 4870 1728 4939 περιφανὲς
1774 4872 1802 4922 ὁ
1840 4871 2035 4939 Σομνά,

2153 4876 2252 4929 sibi
2286 4874 2490 4928 illustre
2518 4875 2746 4928 Somnas
2772 4875 3073 4942 apparavit,
3105 4881 3159 4928 et
3184 4874 3235 4926 in
3261 4889 3326 4927 eo
3360 4871 3715 4941 sumptuosis-

471 4961 775 5032 εἰργάζετο,
840 4961 936 5013 καὶ
999 4960 1462 5031 πολυτελεστάτην
1527 4960 1676 5031 αύτῷ
1731 4961 1830 5031 τὴν
1879 4979 2045 5014 κατα-

473 5054 670 5123 σκευὴν
706 5050 952 5106 ἐνετίθει.
991 5052 1078 5105 Ἐν
1121 5050 1240 5122 ήΘει
1271 5051 1447 5104 τοίνυν
1490 5053 1518 5104 ὀ
1559 5051 1713 5122 παρὰ
1745 5052 1881 5105 Θεοῦ
1909 5057 2044 5122 πρὸς

472 5146 633 5199 αὑτὸν
672 5145 888 5215 ἐγένετο
910 5145 1084 5212 λόγος.
1116 5143 1180 5196 Τί
1207 5144 1314 5214 γὰρ
1343 5143 1420 5212 τῷ
1454 5144 1703 5215 προφήτῃ
1737 5145 1867 5213 φησί
1893 5161 1906 5209 ;
1939 5145 2043 5196 Πο-

476 5238 633 5310 ρεύου
676 5241 755 5301 είς
801 5238 864 5290 τὸ
903 5237 1282 5308 παστοφόριον,
1323 5235 1498 5305 χῶρος
1526 5229 1679 5297 οὗτος
1709 5237 1764 5286 ὲν
1796 5235 1873 5304 τῷ
1906 5235 2038 5305 ναῷ,

475 5329 610 5398 πρὸς
625 5328 834 5398 Σομνὰν
855 5327 947 5382 τὸν
976 5326 1195 5398 ταμίαν,
1231 5327 1324 5380 καὶ
1352 5322 1500 5379 εἷπον
1530 5326 1692 5396 αὐτῷ·
1719 5326 1783 5378 Τί
1809 5330 1872 5380 σὺ
1901 5321 2040 5389 ὦδε;

471 5423 567 5476 καὶ
593 5423 645 5476 τί
674 5421 754 5475 σοί
777 5423 924 5474 ἐστιν
962 5414 1098 5486 ὧδε;
1126 5419 1282 5473 Τοῦτ’
1311 5419 1449 5481 ἔστι,
1481 5421 1632 5471 ποῖον
1658 5419 1888 5472 ἐνταῦθα
1916 5421 2046 5490 κλῆ-

478 5531 569 5586 ρον
596 5514 778 5584 ἕχεις;
807 5513 839 5584 ἢ
867 5512 982 5575 πῶς
1008 5506 1108 5565 ὦδε
1141 5513 1349 5583 μὲνεις;
1397 5509 1495 5562 Διὰ
1529 5510 1579 5562 τί
1617 5509 1725 5580 γὰρ
1757 5509 2046 5581 λελατόμη-

473 5623 577 5670 κας
608 5606 817 5674 σεαυτῷ
852 5607 1110 5676 μνημεῖον
1137 5603 1230 5658 καὶ
1253 5602 1494 5671 ἔγραψας
1522 5603 1577 5654 ἐν
1602 5601 1774 5671 πέτρᾳ
1812 5602 2039 5671 σκηνήν;

550 5781 722 5838 'Joel.
758 5799 816 5850 ιι,
839 5784 1020 5837 12-18.

2150 4965 2345 5018 simam
2392 4975 2719 5019 structuram
2771 4966 2964 5018 erexit.
3015 4967 3056 5016 A
3111 4965 3220 5028 Deo
3279 4964 3439 5030 igitur
3479 4963 3546 5016 ad
3594 4978 3716 5016 eum

2152 5069 2332 5108 sermo
2364 5055 2612 5110 habetur.
2647 5056 2782 5121 Quid
2811 5057 2952 5108 enim
2991 5055 3120 5108 dicit
3148 5055 3444 5123 praphetie?
3488 5053 3634 5107 Vade
3665 5054 3716 5106 iu

2154 5145 2564 5214 pastophorium
2601 5149 2739 5215 (erat
2763 5157 2939 5200 autem
2984 5148 3134 5200 locus
3169 5147 3254 5200 hic
3287 5145 3339 5199 iu
3382 5143 3599 5213 templo)
3649 5143 3718 5197 ad

2152 5235 2409 5289 Somuam
2459 5247 2804 5304 quastorem,
2853 5244 2907 5289 et
2956 5235 3041 5290 die
3073 5237 3167 5290 ei:
3218 5234 3357 5300 Quid
3399 5242 3451 5285 tu
3506 5231 3628 5286 hic?
3665 5241 3715 5284 et

2152 5328 2279 5394 quid
2308 5328 2400 5381 tibi
2435 5339 2521 5384 est
2559 5329 2685 5384 hic?
2726 5331 2776 5383 Id
2812 5340 2920 5393 est,
2958 5345 3116 5398 quam
3163 5329 3329 5383 habes
3367 5326 3453 5380 hic
3483 5323 3716 5378 sortem?

2151 5421 2234 5472 vel
2275 5422 2546 5487 quomodo
2578 5422 2798 5500 manes?
2819 5423 2996 5487 Quare
3027 5423 3168 5474 enim
3201 5418 3448 5474 excidisti
3482 5416 3572 5472 tibi
3606 5415 3715 5483 ipse

2155 5521 2566 5566 monumentum
2599 5525 2654 5566 et
2691 5513 2958 5579 scripsisti
2994 5513 3046 5566 in
3078 5521 3226 5580 petra
3268 5503 3715 5564 tabernaculum!

2153 5603 2291 5670 Quid
2318 5603 2462 5660 enim
2490 5605 2628 5661 erit?
2661 5613 2714 5659 et
2751 5606 2879 5673 quid
2912 5614 2996 5660 ρει
3025 5604 3167 5674 quod
3210 5600 3515 5672 impendet?
3544 5595 3631 5654 vel
3660 5595 3715 5650 in
