4148 6378
470 373 575 428 515

1496 372 1554 426 S.
1596 370 1874 428 CYRILLI
1910 370 2384 428 ALEXANDRINI
2426 370 2745 427 ARCHIEP.

3627 377 3728 433 5l6

468 488 630 561 323
658 486 874 557 quibus,
907 488 1102 557 inquit,
1127 488 1285 543 malis
1319 490 1661 545 versaberis?
1686 491 1824 547 Ecce
1853 491 2037 548 Domi-

2148 493 2213 545 Τί
2254 491 2341 563 ἄρ’
2371 491 2522 544 ἔσται
2547 508 2562 557 ;
2593 492 2685 545 καὶ
2712 491 2765 543 τί
2796 495 2858 544 τὸ
2883 491 3260 564 ἐπηρτημένον
3287 510 3300 558 ;
3335 492 3366 562 ἦ
3397 493 3570 557 ποίοις
3598 497 3725 568 ἄρα,

470 597 571 638 nus
618 579 862 636 Sabaoth
913 583 1093 652 ejiciet
1128 591 1182 637 et
1236 590 1483 636 conteret
1532 584 1730 638 virum.
1782 584 2046 640 Abierant

468 672 635 739 enim,
661 681 721 727 ut
760 673 899 738 dixi,
933 672 1154 743 captivi,
1186 687 1307 727 cum
1343 674 1610 742 gregariis
1651 675 2039 744 potentissimi,

470 775 523 819 et
546 765 931 821 electissimam
973 780 1083 835 pra:
1113 766 1327 821 caeteris
1372 765 1635 820 habentes
1662 766 2037 821 eminentiam.

469 858 603 914 Cum
638 867 818 911 autem
866 855 1131 912 abductus
1168 865 1315 912 esset
1339 864 1393 910 et
1428 856 1544 925 ipse
1574 856 1625 910 in
1649 858 2041 926 captivitatem,

471 949 764 1004 sacerdotii
794 948 963 1017 ipsius
1007 962 1206 1003 corona
1235 947 1414 1001 ablata
1455 956 1558 1010 est,
1588 957 1641 1002 et
1668 956 1925 1018 tanquam
1950 965 2046 1004 vas

470 1039 659 1094 inutile
685 1039 739 1094 in
765 1047 965 1092 terram
1008 1040 1329 1093 immensam
1362 1036 1631 1107 proiectus
1657 1048 1762 1104 est,
1792 1040 1904 1095 illic
1931 1056 2045 1095 mo-

469 1130 694 1196 riturus,
755 1130 960 1195 absque
1010 1130 1158 1183 omni
1211 1129 1604 1194 misericordia,
1658 1146 1764 1184 non
1813 1130 1951 1199 jam,
1988 1141 2046 1187 ut

467 1222 643 1291 prius,
679 1219 978 1290 splendidis
1006 1221 1259 1276 curribus
1291 1220 1556 1281 insidens,
1582 1230 1639 1276 at
1667 1224 1844 1291 potius
1870 1224 2044 1293 jacta-

469 1322 578 1375 tus,
617 1320 673 1367 et
705 1314 926 1367 omnino
958 1312 1024 1367 de
1056 1311 1465 1381 dispensatione
1498 1313 1601 1368 sibi
1636 1318 1922 1367 commissa
1950 1314 2046 1369 de-

467 1418 572 1473 que
601 1406 769 1473 gradu
801 1404 1065 1474 dejectus,
1098 1404 1149 1460 id
1179 1413 1262 1460 est
1304 1405 1542 1459 statione
1588 1419 1692 1474 qua
1723 1404 2047 1474 praesidebat

467 1504 522 1550 et
544 1494 654 1550 Deo
689 1494 1053 1550 ministrabat.

545 1785 703 1840 Vens.
752 1783 943 1839 20-24.
994 1783 1057 1837 Et
1098 1784 1195 1838 erit
1224 1783 1278 1837 in
1319 1785 1406 1838 die
1442 1784 1560 1852 illa,
1601 1783 1792 1838 vocabo
1823 1800 2042 1850 puerum

2147 585 2331 656 φησιν,
2360 583 2640 655 ὁμιλήσεις
2665 587 2888 649 κακοῖς;
2927 583 3055 638 Ἰδοὺ
3082 584 3147 656 δὴ
3167 583 3369 655 Κύριος
3389 585 3614 639 Σαϐαὼθ
3639 590 3726 642 ἐκ·

2146 676 2301 729 ϐαλεῖ
2329 676 2421 730 καὶ
2446 676 2695 747 ἐκτρίψει
2724 676 2912 749 ἄνδρα.
2966 676 3272 747 Ἀπῴχοντο
3300 676 3433 748 γὰρ,
3464 679 3538 742 ώς
3568 678 3724 752 ἔφην,

2146 767 2486 838 αἰχμάλωτοι
2533 768 2672 838 μετά
2703 767 2811 822 τῶν
2842 768 3108 836 ἀγελαίων
3141 771 3190 822 οἰ
3222 768 3604 835 δυνατώτατοι,
3637 776 3725 825 καὶ

2145 860 2546 930 ἐκκεκριμένην
2573 859 2784 930 ἔχοντες
2809 859 2907 929 τὴν
2936 861 3075 914 κατά
3097 859 3202 913 τῶν
3230 859 3403 915 ἄλλων
3429 862 3725 933 ὑπεροχήν.

2158 952 2376 1022 Ἐπειδὴ
2409 952 2465 1004 δέ
2496 952 2840 1024 ἀπεκομίσθη
2884 953 2977 1005 καὶ
3008 951 3171 1015 αὐτὸς
3208 954 3289 1015 είς
3331 953 3724 1024 αἰχμαλωσίαν,

2146 1043 2429 1115 ἀφῄρηται
2463 1044 2562 1113 μὲν
2595 1047 2623 1097 ὁ
2665 1045 2764 1113 τῆς
2797 1042 3206 1115 ἀρχιερωσύνης
3243 1044 3407 1097 αὑτοῦ
3444 1044 3724 1114 στέφανος,

2146 1133 2401 1205 ἔρριπται
2427 1134 2481 1186 δὲ
2511 1134 2585 1197 ώς
2612 1133 2803 1197 σκεῦος
2842 1132 3111 1203 ἄχρηστον
3147 1133 3225 1196 εἰς
3260 1132 3366 1202 γῆν
3395 1132 3724 1203 ἀμέτρητον,

2145 1227 2260 1278 ἐκεῖ
2307 1224 2693 1296 τεθνηξόμενος
2736 1225 2885 1279 ἐλέου
2931 1225 3053 1294 δίχα
3097 1223 3316 1287 παντὸς,
3356 1222 3536 1276 οὐκέτι
3584 1224 3722 1294 λαμ-

2146 1318 2303 1387 προῖς
2349 1318 2587 1386 ὀχήμασι
2627 1316 2772 1370 καθά
2818 1316 2912 1369 καὶ
2962 1314 3153 1385 πρώην
3193 1314 3532 1385 ἐμϐεϐηκὼς,
3572 1330 3713 1368 σεσαο

2144 1407 2400 1477 λευμένος
2453 1408 2509 1460 δέ
2560 1409 2757 1478 μᾶλλον
2818 1408 2913 1460 xu‘t
2970 1405 3227 1471 ἐξωσθεὶς
3283 1408 3364 1469 είς
3427 1406 3573 1459 ἆπαν
3628 1409 3722 1478 τῆς

2144 1499 2579 1569 ἐγχειρισθείσης
2624 1498 2933 1569 οἰκονομίας
2972 1497 3120 1567 αὐτῷ
3167 1498 3260 1551 xui
3313 1497 3413 1567 τῆς
3465 1497 3722 1559 στάσεως.

2143 1590 2289 1642 τοῦτ’
2347 1590 2482 1655 ἔστι,
2546 1591 2639 1645 τοῦ
2710 1590 3047 1663 παρεστάναι
3107 1590 3200 1643 καὶ
3252 1589 3584 1661 λειτουργεῖν
3646 1589 3723 1661 τῷ

2144 1681 2283 1735 Θεῶ.

2214 1774 2325 1828 Kai
2373 1776 2544 1830 ἔσται
2593 1775 2664 1829 ἐν
2705 1774 2780 1844 τῇ
2835 1775 3026 1845 ἡμέρᾳ
3071 1776 3291 1844 ἐκείνῃ,
3334 1774 3572 1829 καλέσω
3619 1776 3721 1828 τὸν

468 1892 642 1931 meum
670 1875 899 1929 Eliacim
935 1875 1105 1944 [ilium
1136 1874 1380 1939 Chelcia’,
1428 1885 1475 1929 et
1512 1848 1725 1929 induam
1756 1848 1871 1929 eum
1904 1875 2043 1928 stola

2148 1866 2331 1921 παῖδά
2373 1885 2491 1936 μου
2531 1868 2824 1937 Ἐλιακείμ
2867 1867 2973 1921 τόν
3020 1868 3126 1922 τοῦ
3185 1869 3457 1935 Χελκίου,
3492 1867 3589 1921 καὶ
3625 1867 3721 1920 ἐν·

469 1976 584 2035 tua,
612 1977 657 2021 et
690 1983 936 2021 coronam
972 1976 1117 2020 tuam
1160 1965 1295 2019 dabo
1332 1968 1401 2032 ei,
1449 1978 1496 2020 et
1535 1970 1820 2033 potentiam
1850 1976 1897 2019 et
1928 1966 2041 2019 dis-

468 2059 827 2128 pensationem
857 2068 1002 2112 tuam
1031 2060 1079 2113 ei
1110 2060 1163 2114 in
1193 2076 1381 2113 manus
1419 2059 1661 2123 tradam;
1684 2068 1733 2112 et
1761 2058 1858 2112 erit
1888 2057 2043 2127 quasi

466 2156 615 2217 pater
633 2148 1034 2201 inhabitantium
1048 2148 1365 2215 Jerusalem,
1384 2157 1429 2200 et
1454 2147 1858 2201 inhabitantium
1874 2145 1907 2200 J
1916 2146 2040 2211 uda,

468 2249 517 2291 et
545 2238 681 2293 dabo
707 2239 934 2309 gloriam
973 2239 1192 2294 Davidis
1218 2239 1286 2302 ei,
1326 2249 1372 2292 et
1404 2239 1702 2308 imperabit,
1732 2249 1779 2294 et
1811 2255 1915 2293 non
1952 2239 2050 2293 erit

468 2329 561 2399 qui
592 2330 920 2384 contradicat
943 2330 1046 2402 (l),
1074 2341 1122 2385 et
1149 2341 1376 2385 statuam
1400 2348 1517 2385 eum
1546 2332 1831 2399 principem
1854 2333 1907 2384 in
1935 2329 2048 2384 loco

467 2420 636 2489 ﬁdeli,
669 2430 716 2475 et
755 2422 854 2476 erit
898 2439 991 2491 pro
1026 2424 1213 2476 throno
1253 2422 1481 2492 glorioso
1520 2422 1699 2474 domui
1739 2421 1903 2489 patris
1942 2422 2042 2487 sui,

468 2523 514 2565 et
544 2512 768 2576 con/idet
809 2513 857 2566 ei
891 2514 1059 2567 omnis
1087 2512 1347 2582 gloriosus
1376 2513 1429 2565 in
1459 2513 1614 2565 domo
1648 2514 1813 2581 patris
1860 2513 1963 2579 sui,
1995 2523 2046 2566 et

466 2617 656 2667 pan-us
682 2618 826 2672 teque
859 2618 919 2655 ac
947 2618 1184 2671 magnus,
1217 2611 1265 2655 et
1291 2602 1582 2671 pendebant
1610 2600 1675 2654 ab
1707 2617 1765 2654 eo
1806 2601 1889 2654 die
1912 2600 2027 2655 illa.

2149 1957 2314 2013 δύσω
2372 1960 2559 2014 αὐτὸν
2600 1961 2715 2029 τὴν
2755 1961 2989 2030 στολήν
3044 1978 3181 2027 σου,
3218 1959 3317 2015 καὶ
3354 1960 3461 2014 τὸν
3513 1958 3719 2027 στέφα-

2148 2051 2261 2105 νόν
2296 2068 2413 2106 σου
2442 2052 2612 2106 δώσω
2635 2054 2816 2120 αὐτῷ,
2852 2055 2951 2109 καὶ
2980 2054 3048 2108 τὸ
3075 2054 3288 2123 κράτος
3310 2054 3407 2108 καὶ
3433 2052 3550 2122 τὴν
3577 2055 3705 2106 οικο

2150 2145 2369 2213 νομίιιν
2412 2144 2584 2198 δώσω
2628 2151 2716 2213 εἰς
2770 2147 2875 2213 τὰς
2917 2148 3121 2216 χεῖρας
3168 2147 3372 2201 αὑτοῦ·
3416 2146 3514 2199 καὶ
3556 2144 3721 2198 ἔσται

2146 2235 2226 2303 ὠς
2264 2235 2459 2306 πατὴρ
2497 2237 2621 2304 τοῖς
2659 2238 3006 2294 ἐνοικοῦσιν
3040 2240 3110 2293 ἐν
3153 2238 3573 2308 Ἰερουσαλὴμ,
3625 2235 3722 2291 καί

2146 2327 2271 2394 τοῖς
2307 2328 2661 2383 ἐνοικοῦσιν
2700 2330 2905 2395 Ἰούδα,
2936 2332 3035 2384 καὶ
3060 2331 3232 2384 δώσω
3267 2330 3379 2398 τὴν
3403 2330 3591 2395 δόξαν
3619 2330 3722 2383 Δασ-

2145 2420 2239 2474 6’26
2281 2420 2463 2487 αὐτῷ,
2495 2422 2592 2474 καὶ
2627 2421 2817 2490 ᾶρξει,
2847 2422 2945 2476 καὶ
2974 2425 3087 2477 οὐκ
3120 2422 3292 2476 ἔσται
3322 2426 3355 2476 ὀ
3376 2420 3720 2492 ἀντιλέγων·

2143 2513 2243 2566 καὶ
2295 2512 2502 2579 στήσω
2543 2515 2730 2568 αὐτὸν
2761 2514 3021 2583 ἄρχοντα
3069 2515 3138 2568 ἐν
3183 2516 3345 2581 τόπῳ
3380 2512 3593 2580 πιστῷ,
3627 2514 3724 2567 καί

2138 2604 2310 2660 ἔσται
2339 2609 2424 2673 εἰς
2456 2608 2672 2675 θρόνον
2701 2607 2885 2675 δόξης
2911 2608 3018 2662 τοῦ
3047 2608 3219 2662 οἶκου
3240 2606 3346 2660 τοῦ
3373 2605 3595 2673 πατρὸς
3623 2605 3724 2657 αὑ-

466 2693 594 2758 τοῦ,
624 2694 724 2747 καὶ
761 2693 934 2748 ἔσται
972 2693 1266 2759 πεποιθὼς
1301 2694 1395 2746 ἐπ’
1426 2694 1613 2748 αὐτὸν
1652 2692 1772 2760 πᾶς
1802 2694 2053 2762 ἔνδοξος
2090 2697 2160 2750 ἐν
2194 2698 2274 2765 τῷ
2306 2700 2449 2764 οἴκῳ
2494 2700 2601 2754 τοῦ
2648 2700 2873 2769 πατρὸς
2930 2699 3139 2765 αὑτοῦ,
3183 2700 3300 2753 ἀπὸ
3374 2696 3587 2768 μικροῦ
3615 2696 3717 2763 ἕως

465 2783 747 2855 μεγάλου,
770 2784 885 2854 [καὶ
914 2784 1159 2839 ἔσονται
1194 2783 1649 2854 ἐπικρεμάμενα
1690 2784 1759 2837 ἐν
1790 2782 1951 2849 αὐτῷ
1986 2785 2056 2839 ἐν
2087 2787 2161 2857 τῇ
2194 2787 2380 2857 ἡμέρᾳ
2400 2789 2627 2859 ἐκείνῃ.

536 2873 783 2930 Nondum
807 2877 873 2928 alt
898 2875 1123 2929 historia
1150 2875 1352 2928 recedit
1380 2876 1643 2930 narratio.
1678 2875 1873 2932 Fertur
1897 2878 2039 2933 enim

467 2966 646 3021 adhuc
670 2974 862 3020 contra
907 2964 1165 3018 Somnum
1211 2974 1535 3032 quaestorem
1582 2967 1871 3021 sacerdotii
1921 2968 2042 3037 qui-

2220 2879 2387 2934 υῠπω
2412 2881 2509 2951 τῆς
2544 2881 2785 2952 ἱστορίας
2810 2882 3083 2953 ἀποφοιτᾷ
3117 2882 3177 2935 τὸ
3208 2883 3473 2954 διήγημα,
3505 2883 3724 2953 φέρεται

2147 2970 2256 3042 γὰρ
2294 2970 2373 3025 ἔτι
2424 2972 2565 3026 κατὰ
2608 2975 2789 3044 Σομνᾶ
2829 2972 2922 3027 τοῦ
2955 2976 3173 3046 ταμίου,
3214 2976 3465 3046 λαχόντος
3503 2976 3601 3047 μὲν
3628 2977 3725 3047 τῆς

467 3060 589 3113 dem
625 3056 939 3127 dignitatem
975 3063 1347 3121 consecutum,
1374 3058 1465 3126 qui
1533 3065 1710 3110 tamen
1742 3071 1807 3111 eo
1840 3057 1920 3112 sic
1948 3058 2038 3112 ab-

2154 3064 2448 3135 ἰερωσόνης
2475 3066 2573 3136 τὴν
2599 3066 2776 3130 δόξαν,
2803 3070 3284 3138 κατακεχρημένοι)
3312 3068 3368 3121 δὲ
3392 3067 3563 3131 οὕτως
3589 3069 3724 3139 αὐτῇ

468 3163 597 3204 usus
622 3156 726 3215 est,
754 3155 811 3202 et
833 3160 1024 3201 omnes
1061 3146 1256 3201 invasit
1281 3162 1339 3202 se
1367 3157 1556 3201 contra
1593 3158 1951 3217 opponentes,
1987 3159 2044 3202 ut

2149 3154 2242 3208 καὶ
2284 3156 2423 3210 κατὰ
2456 3157 2657 3222 παντὸς
2699 3159 2868 3222 ἰόντος
2897 3158 2990 3212 τοῦ
3021 3160 3478 3230 κατεξευγμένου,
3523 3160 3598 3225 ώς
3635 3161 3726 3214 καὶ

468 3238 794 3294 intolerabili
830 3252 1011 3291 rerum
1044 3236 1342 3292 alienarum
1391 3238 1688 3308 cupiditate
1736 3237 2047 3293 inﬂamma-

467 3339 639 3396 rctur,
669 3340 727 3383 ut
769 3330 990 3385 omnino
1049 3330 1318 3400 quidquid
1362 3337 1446 3383 est
1489 3329 1856 3399 turpitudinis,
1900 3330 1951 3384 id
1995 3340 2049 3383 et

467 3423 741 3493 cognitum
788 3421 1015 3477 haberet
1061 3434 1115 3477 et
1148 3422 1494 3477 meditatum.
1543 3420 1725 3487 Quare
1772 3435 1837 3475 eo
1869 3422 2049 3490 prolli-

465 3523 613 3585 gato,
656 3515 709 3569 id
733 3522 816 3569 est
850 3515 904 3568 in
928 3516 1202 3584 regionem
1238 3514 1585 3585 longinquam
1628 3521 1684 3568 et
1728 3513 2045 3568 immensam

467 3616 750 3678 asportata
786 3625 801 3661 :
839 3606 1078 3670 Vocabo,
1123 3608 1221 3672 ait,
1259 3607 1359 3661 sub
1407 3606 1459 3660 id
1504 3605 1789 3672 temporis,
1822 3620 2046 3674 puerum

467 3716 645 3755 meum
676 3697 903 3753 Eliaeim
960 3699 1125 3753 ﬁlium
1157 3696 1408 3753 Chelcize.
1471 3696 1607 3752 Cum
1650 3713 1772 3752 eum
1824 3712 2046 3767 puerum

468 3806 627 3847 suum
671 3792 923 3862 appellat,
975 3805 1261 3860 sequacem
1302 3800 1356 3846 et
1398 3790 1631 3846 ﬂexilem
1679 3790 1849 3845 fuisse
1885 3798 2050 3845 testa-

472 3893 564 3937 tur
600 3901 615 3938 :
648 3884 791 3952 quod
831 3892 1012 3937 autem
1055 3882 1345 3937 sacerdotii
1378 3884 1639 3937 honorem
1672 3883 1721 3936 ei
1754 3881 2049 3937 collaturus

473 3985 642 4041 esset,
672 3976 1012 4046 perspicuum
1046 3974 1197 4043 facit,
1225 3990 1345 4031 cum
1387 3990 1445 4030 se
1486 3986 1868 4030 coronaturum
1900 3975 2047 4030 illum

477 4068 784 4139 pollicetur,
815 4076 871 4123 et
911 4083 1035 4123 cum
1070 4068 1219 4134 dicit,
1266 4084 1326 4125 se
1369 4068 1564 4123 stolam
1603 4067 1652 4122 ei
1690 4067 1962 4131 daturum,
1994 4076 2049 4121 et

479 4160 943 4231 dispensationem
974 4169 1028 4215 et
1056 4159 1376 4230 potentiam,
1413 4160 1464 4213 id
1494 4167 1599 4225 est,
1627 4168 1687 4213 ut
1718 4167 1902 4227 posset
1923 4159 2049 4212 sub—

471 4253 601 4308 ditis
635 4253 820 4307 manui
860 4268 973 4308 sua:
1009 4253 1223 4323 populis
1257 4251 1551 4322 imperare.
1588 4251 1929 4306 Testilicatus
1966 4259 2049 4306 est

468 4347 637 4401 etiam
680 4348 747 4400 ad
771 4345 907 4411 haec,
932 4345 1050 4400 fore
1092 4345 1410 4415 benignum,
1460 4358 1567 4397 non
1616 4344 1786 4399 instar
1833 4344 2049 4400 Somuae

2146 3248 2433 3318 ἀφορήτως
2463 3247 2808 3301 πλεονεκτεῖν
2855 3250 2949 3303 xui
2991 3249 3138 3316 ἅπαξ
3171 3250 3359 3314 ἁπλῶς
3402 3250 3553 3303 οὐδὲν
3583 3250 3724 3321 ἔχειν

2145 3338 2252 3390 τῶν
2300 3339 2547 3391 ἐκτόπων
2582 3339 3015 3410 ἀνεπιτήδευτον.
3078 3341 3499 3413 Ἀπορριφέντος
3535 3340 3597 3412 δὴ
3629 3336 3723 3394 οὖν

2147 3426 2332 3489 αὑτοῦ,
2356 3427 2498 3479 τοῦτ’
2520 3428 2686 3491 ἐστιν,
2714 3430 3172 3499 ἀποκομισθέντας
3198 3432 3278 3495 εἰς
3302 3432 3484 3501 χώραν
3509 3431 3724 3505 μακρὰν

2147 3517 2239 3569 xui
2269 3517 2596 3587 ἀμέτρητον,
2614 3516 2863 3584 Καλέσω,
2888 3518 3042 3586 φησὶ,
3068 3520 3188 3571 κατ’
3218 3520 3392 3570 ἐκεῖνο
3418 3517 3510 3568 τοῦ
3532 3516 3722 3586 καιροῦ

2134 3609 2237 3681 ,τὸν
2272 3609 2438 3662 παῖδά
2481 3626 2580 3680 μου
2633 3608 2913 3678 Ἐλιακεὶμ
2940 3608 3029 3661 τὸν
3058 3608 3151 3662 τοῦ
3182 3608 3428 3662 Χελκίου.
3464 3607 3633 3660 Παῖδα
3664 3606 3722 3660 δὲ

2148 3699 2309 3752 αὑτὸν
2356 3699 2485 3752 ῐδιον
2520 3698 2808 3753 ἀποκαλῶν
2854 3699 3244 3770 μεμαρτύρηκε
3277 3697 3337 3751 τὸ
3373 3698 3601 3768 εὐήνιον
3639 3698 3720 3750 ὅτι

2147 3789 2205 3844 δὲ
2234 3793 2503 3861 χαριεῖται
2533 3792 2631 3861 τῆς
2658 3790 2957 3861 ἱερωσύνης
2987 3790 3085 3861 τὴν
3109 3789 3264 3855 δόξαν
3293 3788 3441 3859 αὐτῷ
3464 3787 3722 3859 καθίστη-

2150 3897 2233 3933 σιν
2282 3880 2528 3952 ἐναργές·
2576 3879 2939 3949 στεφανώσειν
2970 3880 3132 3934 αὐτὸν
3168 3879 3588 3950 ὑπισχνούμενος
3629 3879 3722 3931 xui

2148 3971 2340 4039 λέγων,
2386 3974 2467 4026 ὅτι
2511 3972 2604 4025 καὶ
2634 3972 2826 4045 στολὴν
2860 3973 3007 4044 αὐτῷ
3041 3972 3223 4037 δώσει,
3255 3972 3348 4025 καὶ
3393 3972 3490 4043 τὴν
3520 3973 3722 4025 οίκονο-

2152 4063 2279 4133 μίαν
2315 4066 2408 4116 xui
2436 4064 2496 4118 τὸ
2525 4065 2742 4137 κράτος,
2773 4066 2917 4118 τοῦτ’
2940 4066 3075 4131 ἐστι,
3116 4065 3178 4119 τὸ
3212 4064 3471 4118 δύνασθαι
3506 4065 3721 4134 κρατεῖν

2148 4155 2256 4208 τῶν
2286 4157 2391 4210 ὑπὸ
2418 4158 2575 4227 χεῖρα
2605 4155 2769 4211 λαῶν.
2809 4156 3217 4227 Μεμαρτύρηκε
3242 4156 3299 4209 δὲ
3332 4155 3467 4226 πρὸς
3490 4154 3719 4218 τούτοις,

2148 4248 2229 4303 ὅτι
2263 4249 2357 4302 xui
2386 4249 2538 4301 ἔσται
2568 4248 2823 4319 χρηστὸς,
2851 4249 2910 4300 οὐ
2942 4249 3079 4302 κατά
3110 4265 3172 4317 γε
3204 4247 3293 4301 τὸν
3317 4246 3527 4317 Σομνὰν
3554 4247 3719 4318 ὑπερ-

2148 4340 2339 4410 όφρυς,
2372 4339 2487 4392 ἀλλ’
2514 4336 2601 4391 οἶα
2631 4338 2833 4410 πατὴρ,
2872 4339 2904 4408 ἢ
2934 4339 3123 4401 πιστὸς
3152 4339 3243 4392 καὶ
3273 4339 3494 4407 ἀγαθός.
3530 4339 3718 4391 Ἔσται

469 4436 615 4491 elato
641 4435 953 4505 supercilio,
980 4436 1074 4490 sed
1097 4436 1244 4490 velut
1264 4446 1492 4504 patrem,
1520 4433 1729 4488 ﬁdelem
1754 4445 1810 4488 et
1829 4437 2044 4501 bonum,

2153 4432 2210 4485 δὲ
2242 4431 2332 4485 διὰ
2358 4431 2514 4484 τοῦτο
2541 4431 2633 4484 καὶ
2664 4431 3052 4501 ἐστηριγμένος
3084 4433 3141 4484 ἐν
3164 4432 3314 4501 τόπῳ
3351 4429 3546 4500 πιστῷ,
3575 4428 3718 4482 τοῦτ’

470 4544 536 4583 ac
572 4537 861 4599 propterea
893 4528 1010 4583 fore
1039 4528 1334 4582 stabilitum
1384 4528 1434 4580 in
1461 4528 1579 4581 loco
1608 4526 1772 4591 ﬁdeli,
1805 4542 1900 4596 per
1923 4542 2046 4582 eum

471 4623 685 4679 scilicet
703 4624 856 4678 (irtue
873 4631 928 4677 et
950 4621 1120 4677 solide
1162 4632 1486 4675 conservato
1506 4628 1560 4673 et
1584 4621 1845 4684 manenti,
1874 4628 1933 4673 ut
1956 4636 2049 4674 cu-

468 4716 580 4785 piat
618 4715 785 4768 etiam
813 4714 1041 4784 quisque
1091 4713 1317 4784 insignis
1363 4723 1417 4767 et
1461 4713 1806 4783 conspicuus,
1842 4721 2046 4766 tantum

471 4822 578 4862 non
601 4806 653 4860 in
688 4820 753 4861 eo
774 4820 921 4875 spem
953 4806 1246 4871 collocare,
1270 4821 1375 4860 non
1393 4805 1546 4875 quasi
1575 4806 1628 4856 in
1652 4802 1794 4857 Deo:
1822 4802 2045 4856 multum

469 4900 615 4953 enim
647 4899 834 4952 abest:
877 4898 970 4953 sed
990 4895 1155 4969 325.
1184 4898 1338 4967 quasi
1367 4897 1419 4950 in
1449 4905 1601 4965 patre
1628 4892 2037 4965 benignissimo.

471 4990 695 5043 Praeerit
739 4990 906 5054 enim,
958 4989 1154 5057 inquit,
1194 4998 1249 5042 et
1296 4996 1542 5056 proteget
1566 5001 1791 5057 parvum
1832 4992 1888 5040 et
1929 5000 2045 5039 ma-

470 5095 657 5148 gnum,
695 5081 882 5148 sicque
931 5080 1220 5146 amabitur,
1258 5088 1317 5132 ut
1359 5078 1586 5148 populus
1632 5082 1687 5131 in
1722 5078 1839 5147 ejus
1874 5090 2038 5130 manu

472 5182 537 5222 ac
565 5177 835 5236 potestate
864 5170 1093 5239 positus,
1131 5171 1198 5225 ab
1231 5183 1297 5225 eo
1327 5171 1479 5237 quasi
1512 5170 1747 5240 pendere
1772 5168 2039 5222 videatur.

474 5257 543 5313 Et
574 5257 713 5323 haec,
737 5267 797 5312 ut
819 5259 952 5324 dixi,
981 5260 1275 5314 historicus
1312 5275 1493 5315 sermo
1526 5260 1681 5315 nobis
1705 5257 1887 5313 affert.
1932 5258 2043 5313 Cae-

473 5357 652 5400 terum
711 5347 955 5402 interiori
1003 5363 1069 5404 ac
1118 5350 1371 5419 penitiori
1423 5350 1799 5422 intelligentia,
1839 5348 2040 5404 Christi

475 5435 630 5491 nobis
670 5438 984 5505 mysterium
1030 5440 1245 5494 videtur
1298 5439 1660 5496 subindicare.
1728 5440 1933 5494 Scribze
1968 5441 2042 5494 si-

474 5527 692 5596 quidem
726 5536 782 5581 et
814 5527 1094 5597 Pharisaei,
1140 5532 1445 5587 sacerdotio
1480 5520 1645 5602 legali
1699 5534 1940 5586 coronati
1987 5542 2042 5585 et

474 5618 674 5684 ornati,
707 5618 923 5675 fuerunt
950 5622 1024 5675 illi
1057 5623 1273 5692 quidem
1323 5624 1737 5693 haudquaquam
1766 5624 2040 5692 morigeri,

548 5795 623 5865 (1)
682 5796 829 5868 Sept.
882 5807 935 5855 et
984 5797 1141 5857 llebr.
1177 5803 1326 5872 plura
1361 5802 1838 5859 habenthocloco.

2145 4525 2281 4588 ἔστι,
2310 4523 2545 4594 βεϐαίως
2602 4521 2749 4593 αὑτῴ
2782 4521 3072 4593 σωζομένῳ
3104 4523 3194 4576 καὶ
3226 4523 3459 4592 μένοντι,
3489 4521 3563 4585 ὡς
3604 4520 3720 4573 ἐλέ-

2147 4617 2272 4669 σθαι
2304 4615 2398 4669 xui
2435 4613 2612 4667 πάντα
2645 4612 2852 4677 ἔνδοξον
2902 4615 2996 4667 xui
3030 4615 3263 4683 ἐπιφανῆ
3313 4613 3591 4684 μονονουχὶ
3621 4612 3717 4666 xui

2144 4706 2229 4757 ἐπ’
2256 4704 2403 4775 αὑτῴ
2420 4703 2690 4757 ποιεῖσθαι
2720 4702 2817 4773 τὴν
2847 4702 3054 4766 ἐλπίδα,
3086 4705 3184 4773 οὐχ
3208 4704 3281 4765 ὼς
3307 4705 3385 4765 εἰς
3416 4701 3568 4764 Θεὸν,
3589 4701 3716 4754 πολ-

2143 4795 2234 4849 λοῦ
2269 4812 2333 4864 γε
2358 4796 2451 4849 xui
2479 4796 2576 4858 δεῖ,
2605 4794 2717 4848 ἀλλ’
2752 4795 2825 4857 ώς
2845 4796 2925 4857 εἰς
2952 4795 3164 4865 πατέρα
3189 4794 3437 4865 χρηστόν.
3470 4792 3713 4862 Προστή-

2149 4905 2298 4941 σεται
2349 4887 2457 4958 γὰρ
2516 4888 2610 4941 xui
2664 4887 3029 4958 ὑπερασπίσει
3066 4886 3258 4958 μικροῦ
3307 4886 3399 4939 καὶ
3453 4882 3713 4953 μεγάλου,

2148 4981 2332 5050 φησίν.
2376 4980 2821 5051 ’Λγαπηθήσεται
2868 4980 2923 5032 δὲ
2955 4978 3146 5043 οὕτως,
3179 4980 3252 5042 ὡς
3296 4978 3387 5031 xui
3438 4977 3716 5047 ἐκκρεμᾶ-

2150 5072 2272 5126 σθαι
2309 5073 2486 5126 δοκεῖν
2515 5072 2679 5127 αὐτοῦ
2708 5075 2834 5136 τοὺς
2873 5073 2976 5126 ὑπὸ
3016 5074 3168 5143 χεῖρα
3212 5070 3389 5133 λαούς.
3422 5069 3530 5123 Καὶ
3559 5068 3716 5121 ταυτὶ

2152 5163 2271 5232 μὲν,
2303 5164 2376 5225 ὡς
2414 5162 2572 5233 ἔφην,
2598 5165 2626 5217 ό
2654 5164 2751 5235 τῆς
2780 5163 3021 5235 ἱστορίας
3049 5166 3178 5234 ἡμῖν
3207 5160 3503 5231 εἰσκομίζει
3536 5158 3710 5228 λόγος.

2152 5257 2335 5309 Ἔοικε
2380 5256 2436 5309 δὲ
2470 5256 2631 5311 πάλιν
2673 5257 2759 5311 διὰ
2798 5258 2897 5329 τῆς
2932 5257 3188 5309 ἐσωτάτω
3225 5254 3453 5324 θεωρίας
3490 5254 3620 5323 ἡμῖν
3654 5251 3715 5303 τὸ

2147 5348 2383 5418 Χριστοῦ
2417 5350 2711 5421 μυστήριον
2732 5348 3165 5403 ὑπαινίττεσθαι.
3192 5347 3269 5418 Τῇ
3307 5346 3405 5418 μὲν
3429 5344 3536 5415 γὰρ
3573 5342 3716 5397 κατά

2148 5440 2345 5510 νόμους
2394 5441 2659 5513 ἱερωσύνῃ
2700 5441 3128 5512 κατεστεμμένοι
3172 5441 3219 5492 οἱ
3261 5438 3610 5511 Γραμματεξ
3654 5452 3712 5488 τε

2150 5534 2243 5585 καὶ
2271 5534 2549 5604 Φαρισαῖοι
2576 5533 2830 5601 γεγόνασι
2867 5533 2966 5603 μὲν
2998 5533 3098 5585 οὐκ
3144 5532 3366 5602 εὐήνιοι,
3402 5526 3623 5598 σκληροί
3654 5543 3713 5578 τε

2153 5625 2246 5678 xui
2296 5623 2575 5692 ἀλαζόνες,
2626 5625 2720 5679 xui
2767 5626 3213 5697 ἐρασιχρήματοι,
3266 5622 3359 5677 καὶ
3421 5618 3716 5691 βαλαντίων
