  <div class='ocr_page' id='page_1' title='image "/cluster/home/n/w/nwhite01/storage/ocr_20150623/70/nnc1.0046980253/276.png"; bbox 0 0 4148 6378; ppageno 0'>
   <div class='ocr_carea' id='block_1_1' title="bbox 441 317 544 370">
    <p class='ocr_par' dir='ltr' id='par_1_1' title="bbox 441 317 544 370">
     <span class='ocr_line' id='line_1_1' title="bbox 441 317 544 370; baseline 0 0"><span class='ocrx_word' id='word_1_1' title='bbox 441 317 544 370; x_wconf 82' lang='grc'><strong>517</strong></span> 
     </span>
    </p>
   </div>
   <div class='ocr_carea' id='block_1_2' title="bbox 1551 315 2542 374">
    <p class='ocr_par' dir='ltr' id='par_1_2' title="bbox 1551 315 2542 374">
     <span class='ocr_line' id='line_1_2' title="bbox 1551 315 2542 374; baseline -0.003 -2"><span class='ocrx_word' id='word_1_2' title='bbox 1551 317 1615 372; x_wconf 78' lang='lat' dir='ltr'><strong>IN</strong></span> <span class='ocrx_word' id='word_1_3' title='bbox 1657 315 1893 374; x_wconf 74' lang='lat' dir='ltr'><strong>ISAIAM</strong></span> <span class='ocrx_word' id='word_1_4' title='bbox 1933 315 2060 372; x_wconf 85' lang='lat' dir='ltr'><strong>LIB.</strong></span> <span class='ocrx_word' id='word_1_5' title='bbox 2103 315 2166 370; x_wconf 91' lang='lat' dir='ltr'><strong>ll.</strong></span> <span class='ocrx_word' id='word_1_6' title='bbox 2211 315 2442 370; x_wconf 79' lang='lat' dir='ltr'><strong>TOMUS</strong></span> <span class='ocrx_word' id='word_1_7' title='bbox 2481 316 2542 369; x_wconf 69' lang='grc' dir='ltr'><strong>Υ.</strong></span> 
     </span>
    </p>
   </div>
   <div class='ocr_carea' id='block_1_3' title="bbox 3591 323 3694 378">
    <p class='ocr_par' dir='ltr' id='par_1_3' title="bbox 3591 323 3694 378">
     <span class='ocr_line' id='line_1_3' title="bbox 3591 323 3694 378; baseline -0.019 0"><span class='ocrx_word' id='word_1_8' title='bbox 3591 323 3694 378; x_wconf 78' lang='grc'><strong>518</strong></span> 
     </span>
    </p>
   </div>
   <div class='ocr_carea' id='block_1_4' title="bbox 441 429 2004 516">
    <p class='ocr_par' dir='ltr' id='par_1_4' title="bbox 441 429 2004 502">
     <span class='ocr_line' id='line_1_4' title="bbox 441 429 2004 502; baseline 0.001 -19"><span class='ocrx_word' id='word_1_9' title='bbox 441 429 614 500; x_wconf 82' lang='grc' dir='ltr'>ἁδρῶν</span> <span class='ocrx_word' id='word_1_10' title='bbox 635 430 882 501; x_wconf 81' lang='grc' dir='ltr'>ἐρασταὶ,</span> <span class='ocrx_word' id='word_1_11' title='bbox 919 430 1011 482; x_wconf 75' lang='grc' dir='ltr'><strong>καὶ</strong></span> <span class='ocrx_word' id='word_1_12' title='bbox 1045 431 1148 482; x_wconf 84' lang='grc' dir='ltr'>πᾶν</span> <span class='ocrx_word' id='word_1_13' title='bbox 1178 430 1357 484; x_wconf 75' lang='grc' dir='ltr'>ὁτιοῦν</span> <span class='ocrx_word' id='word_1_14' title='bbox 1379 431 1485 485; x_wconf 87' lang='grc' dir='ltr'><strong>τῶν</strong></span> <span class='ocrx_word' id='word_1_15' title='bbox 1511 430 1587 501; x_wconf 81' lang='grc' dir='ltr'>τῷ</span> <span class='ocrx_word' id='word_1_16' title='bbox 1615 432 1733 502; x_wconf 82' lang='grc' dir='ltr'><strong>Θεῷ</strong></span> <span class='ocrx_word' id='word_1_17' title='bbox 1758 448 2004 484; x_wconf 86' lang='grc' dir='ltr'>κατεστυ-</span> 
     </span>
    </p>
   </div>
   <div class='ocr_carea' id='block_1_5' title="bbox 2109 429 3695 516">
    <p class='ocr_par' dir='ltr' id='par_1_5' title="bbox 2121 430 3695 502">
     <span class='ocr_line' id='line_1_5' title="bbox 2121 430 3695 502; baseline 0.006 -18"><span class='ocrx_word' id='word_1_18' title='bbox 2121 430 2214 485; x_wconf 92' lang='lat' dir='ltr'><strong>sed</strong></span> <span class='ocrx_word' id='word_1_19' title='bbox 2255 431 2554 500; x_wconf 66' lang='lat' dir='ltr'><strong>prmfracti,</strong></span> <span class='ocrx_word' id='word_1_20' title='bbox 2610 441 2951 500; x_wconf 77' lang='lat' dir='ltr'><strong>arrogantes,</strong></span> <span class='ocrx_word' id='word_1_21' title='bbox 3004 443 3056 488; x_wconf 91' lang='lat' dir='ltr'><strong>et</strong></span> <span class='ocrx_word' id='word_1_22' title='bbox 3106 435 3172 488; x_wconf 88' lang='lat' dir='ltr'><strong>ad</strong></span> <span class='ocrx_word' id='word_1_23' title='bbox 3225 449 3337 490; x_wconf 91' lang='lat' dir='ltr'><strong>rem</strong></span> <span class='ocrx_word' id='word_1_24' title='bbox 3378 439 3590 502; x_wconf 89' lang='lat' dir='ltr'><strong>attenti,</strong></span> <span class='ocrx_word' id='word_1_25' title='bbox 3639 443 3695 493; x_wconf 83' lang='lat' dir='ltr'><strong>cl</strong></span> 
     </span>
    </p>
   </div>
   <div class='ocr_carea' id='block_1_6' title="bbox 439 520 2015 593">
    <p class='ocr_par' dir='ltr' id='par_1_6' title="bbox 439 520 2015 593">
     <span class='ocr_line' id='line_1_6' title="bbox 439 520 2015 593; baseline 0.001 -21"><span class='ocrx_word' id='word_1_26' title='bbox 439 521 691 591; x_wconf 82' lang='grc' dir='ltr'>γημὲνων</span> <span class='ocrx_word' id='word_1_27' title='bbox 724 520 1153 587; x_wconf 73' lang='grc' dir='ltr'>ἐπιτηδεύοντες.</span> <span class='ocrx_word' id='word_1_28' title='bbox 1184 523 1294 575; x_wconf 76' lang='grc' dir='ltr'>Καὶ</span> <span class='ocrx_word' id='word_1_29' title='bbox 1318 522 1446 590; x_wconf 82' lang='grc' dir='ltr'>γοῦν</span> <span class='ocrx_word' id='word_1_30' title='bbox 1481 523 1641 586; x_wconf 80' lang='grc' dir='ltr'>αὐτὸς</span> <span class='ocrx_word' id='word_1_31' title='bbox 1677 525 1704 575; x_wconf 92' lang='lat'><strong>6</strong></span> <span class='ocrx_word' id='word_1_32' title='bbox 1733 522 2015 593; x_wconf 71' lang='grc' dir='ltr'>προφήτης</span> 
     </span>
    </p>
   </div>
   <div class='ocr_carea' id='block_1_7' title="bbox 448 611 2015 686">
    <p class='ocr_par' dir='ltr' id='par_1_7' title="bbox 448 611 2015 686">
     <span class='ocr_line' id='line_1_7' title="bbox 448 611 2015 686; baseline 0.001 -22"><span class='ocrx_word' id='word_1_33' title='bbox 448 611 674 676; x_wconf 80' lang='grc' dir='ltr'><strong>Ἡσαΐας</strong></span> <span class='ocrx_word' id='word_1_34' title='bbox 721 614 778 665; x_wconf 82' lang='grc' dir='ltr'>ὲν</span> <span class='ocrx_word' id='word_1_35' title='bbox 822 614 962 684; x_wconf 82' lang='grc' dir='ltr'>ἀρχῇ</span> <span class='ocrx_word' id='word_1_36' title='bbox 1007 613 1100 667; x_wconf 80' lang='grc' dir='ltr'><strong>τοῦ</strong></span> <span class='ocrx_word' id='word_1_37' title='bbox 1143 613 1346 684; x_wconf 77' lang='grc' dir='ltr'>βιϐλίου</span> <span class='ocrx_word' id='word_1_38' title='bbox 1395 615 1543 686; x_wconf 80' lang='grc' dir='ltr'>φησί·</span> <span class='ocrx_word' id='word_1_39' title='bbox 1581 635 1598 667; x_wconf 83' lang='grc'><strong><em>‹</em></strong></span> <span class='ocrx_word' id='word_1_40' title='bbox 1633 615 1757 678; x_wconf 85' lang='grc' dir='ltr'>Πῶς</span> <span class='ocrx_word' id='word_1_41' title='bbox 1802 615 2015 682; x_wconf 81' lang='grc' dir='ltr'>ἐγένετο</span> 
     </span>
    </p>
   </div>
   <div class='ocr_carea' id='block_1_8' title="bbox 436 699 2012 778">
    <p class='ocr_par' dir='ltr' id='par_1_8' title="bbox 436 699 2012 778">
     <span class='ocr_line' id='line_1_8' title="bbox 436 699 2012 778; baseline 0.002 -25"><span class='ocrx_word' id='word_1_42' title='bbox 436 701 622 773; x_wconf 64' lang='grc' dir='ltr'>πόρνη]</span> <span class='ocrx_word' id='word_1_43' title='bbox 640 702 792 766; x_wconf 76' lang='grc' dir='ltr'>πόλις</span> <span class='ocrx_word' id='word_1_44' title='bbox 825 703 989 774; x_wconf 83' lang='grc' dir='ltr'>πιστὴ</span> <span class='ocrx_word' id='word_1_45' title='bbox 1027 703 1188 766; x_wconf 86' lang='grc' dir='ltr'>Σιὼν,</span> <span class='ocrx_word' id='word_1_46' title='bbox 1232 705 1446 777; x_wconf 81' lang='grc' dir='ltr'>πλήρης</span> <span class='ocrx_word' id='word_1_47' title='bbox 1485 707 1718 777; x_wconf 85' lang='grc' dir='ltr'>κρίσεως</span> <span class='ocrx_word' id='word_1_48' title='bbox 1755 707 1834 770; x_wconf 81' lang='grc' dir='ltr'><strong>ἐν,</strong></span> <span class='ocrx_word' id='word_1_49' title='bbox 1876 699 2012 778; x_wconf 85' lang='grc' dir='ltr'>ᾖδι-</span> 
     </span>
    </p>
   </div>
   <div class='ocr_carea' id='block_1_9' title="bbox 437 793 2014 866">
    <p class='ocr_par' dir='ltr' id='par_1_9' title="bbox 437 793 2014 866">
     <span class='ocr_line' id='line_1_9' title="bbox 437 793 2014 866; baseline -0.001 -20"><span class='ocrx_word' id='word_1_50' title='bbox 437 793 691 864; x_wconf 87' lang='grc' dir='ltr'>καιοσύνη</span> <span class='ocrx_word' id='word_1_51' title='bbox 743 793 1009 866; x_wconf 78' lang='grc' dir='ltr'><strong>ἐκοιμήθη</strong></span> <span class='ocrx_word' id='word_1_52' title='bbox 1053 797 1108 848; x_wconf 83' lang='grc' dir='ltr'><strong>ἐν</strong></span> <span class='ocrx_word' id='word_1_53' title='bbox 1139 795 1295 866; x_wconf 74' lang='grc' dir='ltr'>αὐτῇ,</span> <span class='ocrx_word' id='word_1_54' title='bbox 1327 795 1420 850; x_wconf 89' lang='grc' dir='ltr'><strong>νῦν</strong></span> <span class='ocrx_word' id='word_1_55' title='bbox 1449 797 1506 848; x_wconf 85' lang='grc' dir='ltr'>δὲ</span> <span class='ocrx_word' id='word_1_56' title='bbox 1540 795 1790 864; x_wconf 82' lang='grc' dir='ltr'>φονευταί</span> <span class='ocrx_word' id='word_1_57' title='bbox 1816 805 1852 862; x_wconf 89' lang='grc'><strong>;”</strong></span> <span class='ocrx_word' id='word_1_58' title='bbox 1878 815 1895 845; x_wconf 71' lang='grc' dir='ltr'><strong>ι</strong></span> <span class='ocrx_word' id='word_1_59' title='bbox 1941 794 2014 846; x_wconf 80' lang='grc' dir='ltr'><strong>Τὸ</strong></span> 
     </span>
    </p>
   </div>
   <div class='ocr_carea' id='block_1_10' title="bbox 435 885 2012 958">
    <p class='ocr_par' dir='ltr' id='par_1_10' title="bbox 435 885 2012 958">
     <span class='ocr_line' id='line_1_10' title="bbox 435 885 2012 958; baseline 0.001 -19"><span class='ocrx_word' id='word_1_60' title='bbox 435 885 696 956; x_wconf 84' lang='grc' dir='ltr'>ἀργύριον</span> <span class='ocrx_word' id='word_1_61' title='bbox 739 885 891 956; x_wconf 82' lang='grc' dir='ltr'>ὑμῶν</span> <span class='ocrx_word' id='word_1_62' title='bbox 933 886 1212 956; x_wconf 71' lang='grc' dir='ltr'>ἀδόκιμονο</span> <span class='ocrx_word' id='word_1_63' title='bbox 1253 889 1300 940; x_wconf 86' lang='grc' dir='ltr'>οἱ</span> <span class='ocrx_word' id='word_1_64' title='bbox 1346 887 1582 956; x_wconf 76' lang='grc' dir='ltr'>κάπηλοι</span> <span class='ocrx_word' id='word_1_65' title='bbox 1629 905 1721 940; x_wconf 84' lang='grc' dir='ltr'><strong>σου</strong></span> <span class='ocrx_word' id='word_1_66' title='bbox 1760 889 2012 958; x_wconf 88' lang='grc' dir='ltr'>μίσγουσι</span> 
     </span>
    </p>
   </div>
   <div class='ocr_carea' id='block_1_11' title="bbox 433 973 2012 1048">
    <p class='ocr_par' dir='ltr' id='par_1_11' title="bbox 433 973 2012 1048">
     <span class='ocr_line' id='line_1_11' title="bbox 433 973 2012 1048; baseline 0.001 -18"><span class='ocrx_word' id='word_1_67' title='bbox 433 978 527 1030; x_wconf 85' lang='grc' dir='ltr'><strong>τὸν</strong></span> <span class='ocrx_word' id='word_1_68' title='bbox 553 973 692 1029; x_wconf 79' lang='grc' dir='ltr'>οἶνον</span> <span class='ocrx_word' id='word_1_69' title='bbox 726 977 902 1030; x_wconf 71' lang='grc' dir='ltr'>ὕδατι·</span> <span class='ocrx_word' id='word_1_70' title='bbox 937 979 984 1030; x_wconf 79' lang='grc' dir='ltr'>οἱ</span> <span class='ocrx_word' id='word_1_71' title='bbox 1013 978 1272 1048; x_wconf 79' lang='grc' dir='ltr'>ἄρχοντές</span> <span class='ocrx_word' id='word_1_72' title='bbox 1309 996 1399 1032; x_wconf 90' lang='grc' dir='ltr'><strong>σου</strong></span> <span class='ocrx_word' id='word_1_73' title='bbox 1425 979 1732 1044; x_wconf 75' lang='grc' dir='ltr'><strong>ἀπειθοῦσι,</strong></span> <span class='ocrx_word' id='word_1_74' title='bbox 1767 985 2012 1034; x_wconf 79' lang='grc' dir='ltr'>κοινωνοὶ</span> 
     </span>
    </p>
   </div>
   <div class='ocr_carea' id='block_1_12' title="bbox 433 1067 2007 1139">
    <p class='ocr_par' dir='ltr' id='par_1_12' title="bbox 433 1067 2007 1139">
     <span class='ocr_line' id='line_1_12' title="bbox 433 1067 2007 1139; baseline 0.002 -19"><span class='ocrx_word' id='word_1_75' title='bbox 433 1067 702 1132; x_wconf 83' lang='grc' dir='ltr'>κλεπτῶν,</span> <span class='ocrx_word' id='word_1_76' title='bbox 751 1067 1074 1135; x_wconf 80' lang='grc' dir='ltr'><strong>ἀγαπῶντες</strong></span> <span class='ocrx_word' id='word_1_77' title='bbox 1105 1067 1271 1138; x_wconf 87' lang='grc' dir='ltr'>δῶρα,</span> <span class='ocrx_word' id='word_1_78' title='bbox 1319 1067 1602 1132; x_wconf 83' lang='grc' dir='ltr'>διώκοντες</span> <span class='ocrx_word' id='word_1_79' title='bbox 1646 1070 2007 1139; x_wconf 79' lang='grc' dir='ltr'>ἀνταπόδομα,</span> 
     </span>
    </p>
   </div>
   <div class='ocr_carea' id='block_1_13' title="bbox 432 1159 2012 1231">
    <p class='ocr_par' dir='ltr' id='par_1_13' title="bbox 432 1159 2012 1231">
     <span class='ocr_line' id='line_1_13' title="bbox 432 1159 2012 1231; baseline 0.001 -20"><span class='ocrx_word' id='word_1_80' title='bbox 432 1159 686 1229; x_wconf 72' lang='grc' dir='ltr'>ὀρφανοῖς</span> <span class='ocrx_word' id='word_1_81' title='bbox 733 1159 792 1210; x_wconf 86' lang='grc' dir='ltr'><strong>ού</strong></span> <span class='ocrx_word' id='word_1_82' title='bbox 843 1159 1137 1228; x_wconf 81' lang='grc' dir='ltr'>κρίνοντες,</span> <span class='ocrx_word' id='word_1_83' title='bbox 1171 1160 1264 1211; x_wconf 75' lang='grc' dir='ltr'><strong>καὶ</strong></span> <span class='ocrx_word' id='word_1_84' title='bbox 1313 1159 1491 1230; x_wconf 90' lang='grc' dir='ltr'>κρίσει</span> <span class='ocrx_word' id='word_1_85' title='bbox 1531 1161 1706 1230; x_wconf 83' lang='grc' dir='ltr'>χήρας</span> <span class='ocrx_word' id='word_1_86' title='bbox 1750 1161 1812 1212; x_wconf 84' lang='grc' dir='ltr'><strong>οὐ</strong></span> <span class='ocrx_word' id='word_1_87' title='bbox 1845 1178 2012 1231; x_wconf 80' lang='grc' dir='ltr'>προσ-</span> 
     </span>
    </p>
   </div>
   <div class='ocr_carea' id='block_1_14' title="bbox 433 1249 2010 1322">
    <p class='ocr_par' dir='ltr' id='par_1_14' title="bbox 433 1249 2010 1322">
     <span class='ocr_line' id='line_1_14' title="bbox 433 1249 2010 1322; baseline 0.001 -22"><span class='ocrx_word' id='word_1_88' title='bbox 433 1249 669 1318; x_wconf 84' lang='grc' dir='ltr'>έχοντες.</span> <span class='ocrx_word' id='word_1_89' title='bbox 693 1250 944 1302; x_wconf 84' lang='grc' dir='ltr'>Αἰτιᾶται</span> <span class='ocrx_word' id='word_1_90' title='bbox 969 1249 1024 1301; x_wconf 84' lang='grc' dir='ltr'>δὲ</span> <span class='ocrx_word' id='word_1_91' title='bbox 1059 1249 1256 1312; x_wconf 76' lang='grc' dir='ltr'>αὐτοὺς</span> <span class='ocrx_word' id='word_1_92' title='bbox 1281 1250 1375 1302; x_wconf 79' lang='grc' dir='ltr'><strong>καὶ</strong></span> <span class='ocrx_word' id='word_1_93' title='bbox 1405 1249 1564 1312; x_wconf 78' lang='grc' dir='ltr'>αὐτὸς</span> <span class='ocrx_word' id='word_1_94' title='bbox 1594 1253 1621 1302; x_wconf 92' lang='lat'><strong>6</strong></span> <span class='ocrx_word' id='word_1_95' title='bbox 1650 1251 1838 1322; x_wconf 86' lang='grc' dir='ltr'>Σωτὴρ</span> <span class='ocrx_word' id='word_1_96' title='bbox 1872 1250 2010 1302; x_wconf 77' lang='grc' dir='ltr'>οὕτω</span> 
     </span>
    </p>
   </div>
   <div class='ocr_carea' id='block_1_15' title="bbox 432 1341 2011 1414">
    <p class='ocr_par' dir='ltr' id='par_1_15' title="bbox 432 1341 2011 1414">
     <span class='ocr_line' id='line_1_15' title="bbox 432 1341 2011 1414; baseline 0.002 -23"><span class='ocrx_word' id='word_1_97' title='bbox 432 1341 624 1410; x_wconf 83' lang='grc' dir='ltr'>λέγων’</span> <span class='ocrx_word' id='word_1_98' title='bbox 663 1359 682 1392; x_wconf 72' lang='grc' dir='ltr'>ί</span> <span class='ocrx_word' id='word_1_99' title='bbox 720 1341 856 1393; x_wconf 61' lang='grc' dir='ltr'><strong>Οὐαὶ⁴</strong></span> <span class='ocrx_word' id='word_1_100' title='bbox 886 1341 1034 1410; x_wconf 86' lang='grc' dir='ltr'>ὑμῖν,</span> <span class='ocrx_word' id='word_1_101' title='bbox 1072 1341 1428 1412; x_wconf 86' lang='grc' dir='ltr'>Γραμματεῖς</span> <span class='ocrx_word' id='word_1_102' title='bbox 1449 1342 1543 1394; x_wconf 66' lang='grc' dir='ltr'><strong>καὶ</strong></span> <span class='ocrx_word' id='word_1_103' title='bbox 1564 1343 1844 1414; x_wconf 82' lang='grc' dir='ltr'>Φαρισαῖοι</span> <span class='ocrx_word' id='word_1_104' title='bbox 1881 1344 2011 1395; x_wconf 83' lang='grc' dir='ltr'>ὑπο-</span> 
     </span>
    </p>
   </div>
   <div class='ocr_carea' id='block_1_16' title="bbox 433 1430 2011 1503">
    <p class='ocr_par' dir='ltr' id='par_1_16' title="bbox 433 1430 2011 1503">
     <span class='ocr_line' id='line_1_16' title="bbox 433 1430 2011 1503; baseline 0 -19"><span class='ocrx_word' id='word_1_105' title='bbox 433 1433 638 1502; x_wconf 73' lang='grc' dir='ltr'>κριταὶ,</span> <span class='ocrx_word' id='word_1_106' title='bbox 656 1433 736 1484; x_wconf 79' lang='grc' dir='ltr'>ὅτι</span> <span class='ocrx_word' id='word_1_107' title='bbox 753 1430 1146 1485; x_wconf 79' lang='grc' dir='ltr'>ἀποδεκατοῦτε</span> <span class='ocrx_word' id='word_1_108' title='bbox 1167 1432 1224 1483; x_wconf 84' lang='grc' dir='ltr'><strong>τὸ</strong></span> <span class='ocrx_word' id='word_1_109' title='bbox 1253 1432 1448 1502; x_wconf 84' lang='grc' dir='ltr'>ἄνηθον</span> <span class='ocrx_word' id='word_1_110' title='bbox 1481 1432 1574 1484; x_wconf 74' lang='grc' dir='ltr'>καὶ</span> <span class='ocrx_word' id='word_1_111' title='bbox 1594 1432 1862 1503; x_wconf 83' lang='grc' dir='ltr'>ἡδύοσμον</span> <span class='ocrx_word' id='word_1_112' title='bbox 1917 1433 2011 1486; x_wconf 81' lang='grc' dir='ltr'><strong>καὶ</strong></span> 
     </span>
    </p>
   </div>
   <div class='ocr_carea' id='block_1_17' title="bbox 431 1522 2006 1596">
    <p class='ocr_par' dir='ltr' id='par_1_17' title="bbox 431 1522 2006 1596">
     <span class='ocr_line' id='line_1_17' title="bbox 431 1522 2006 1596; baseline -0.001 -19"><span class='ocrx_word' id='word_1_113' title='bbox 431 1529 492 1577; x_wconf 85' lang='grc' dir='ltr'>τὸ</span> <span class='ocrx_word' id='word_1_114' title='bbox 533 1522 780 1592; x_wconf 81' lang='grc' dir='ltr'>κύμινον,</span> <span class='ocrx_word' id='word_1_115' title='bbox 817 1523 910 1574; x_wconf 79' lang='grc' dir='ltr'>καὶ</span> <span class='ocrx_word' id='word_1_116' title='bbox 946 1523 1194 1594; x_wconf 74' lang='grc' dir='ltr'>ἀφήκατε</span> <span class='ocrx_word' id='word_1_117' title='bbox 1244 1523 1312 1576; x_wconf 79' lang='grc' dir='ltr'>τὰ</span> <span class='ocrx_word' id='word_1_118' title='bbox 1355 1523 1769 1596; x_wconf 76' lang='grc' dir='ltr'>βαρύτερατοῦ</span> <span class='ocrx_word' id='word_1_119' title='bbox 1819 1525 2006 1595; x_wconf 85' lang='grc' dir='ltr'>νόμου,</span> 
     </span>
    </p>
   </div>
   <div class='ocr_carea' id='block_1_18' title="bbox 429 1615 2009 1687">
    <p class='ocr_par' dir='ltr' id='par_1_18' title="bbox 429 1615 2009 1687">
     <span class='ocr_line' id='line_1_18' title="bbox 429 1615 2009 1687; baseline 0.001 -19"><span class='ocrx_word' id='word_1_120' title='bbox 429 1616 528 1687; x_wconf 84' lang='grc' dir='ltr'>τὴν</span> <span class='ocrx_word' id='word_1_121' title='bbox 560 1615 760 1684; x_wconf 82' lang='grc' dir='ltr'>κρίσιν,</span> <span class='ocrx_word' id='word_1_122' title='bbox 800 1615 861 1667; x_wconf 82' lang='grc' dir='ltr'><strong>τὸ</strong></span> <span class='ocrx_word' id='word_1_123' title='bbox 903 1615 1072 1678; x_wconf 79' lang='grc' dir='ltr'>ἕλεος,</span> <span class='ocrx_word' id='word_1_124' title='bbox 1115 1616 1207 1668; x_wconf 72' lang='grc' dir='ltr'><strong>καὶ</strong></span> <span class='ocrx_word' id='word_1_125' title='bbox 1240 1616 1338 1685; x_wconf 80' lang='grc' dir='ltr'><strong>τὴν</strong></span> <span class='ocrx_word' id='word_1_126' title='bbox 1381 1617 1588 1672; x_wconf 82' lang='grc' dir='ltr'>πίστιν.</span> <span class='ocrx_word' id='word_1_127' title='bbox 1639 1637 1658 1669; x_wconf 82' lang='grc'><strong>›</strong></span> <span class='ocrx_word' id='word_1_128' title='bbox 1712 1618 1805 1670; x_wconf 78' lang='grc' dir='ltr'><strong>καὶ</strong></span> <span class='ocrx_word' id='word_1_129' title='bbox 1840 1619 1902 1670; x_wconf 88' lang='grc' dir='ltr'><strong>τὸ</strong></span> <span class='ocrx_word' id='word_1_130' title='bbox 1931 1617 2009 1670; x_wconf 79' lang='grc' dir='ltr'>ἔτι</span> 
     </span>
    </p>
   </div>
   <div class='ocr_carea' id='block_1_19' title="bbox 429 1705 2010 1779">
    <p class='ocr_par' dir='ltr' id='par_1_19' title="bbox 429 1705 2010 1779">
     <span class='ocr_line' id='line_1_19' title="bbox 429 1705 2010 1779; baseline 0 -20"><span class='ocrx_word' id='word_1_131' title='bbox 429 1705 636 1760; x_wconf 83' lang='grc' dir='ltr'>τούτων</span> <span class='ocrx_word' id='word_1_132' title='bbox 663 1707 1040 1776; x_wconf 83' lang='grc' dir='ltr'>ἀνοσιώτερον,</span> <span class='ocrx_word' id='word_1_133' title='bbox 1073 1707 1328 1775; x_wconf 81' lang='grc' dir='ltr'>γεγόνασι</span> <span class='ocrx_word' id='word_1_134' title='bbox 1354 1709 1444 1760; x_wconf 75' lang='grc' dir='ltr'><strong>καὶ</strong></span> <span class='ocrx_word' id='word_1_135' title='bbox 1478 1709 1834 1779; x_wconf 85' lang='grc' dir='ltr'>κυριοκτόνοι.</span> <span class='ocrx_word' id='word_1_136' title='bbox 1867 1707 2010 1760; x_wconf 88' lang='grc' dir='ltr'>Ταύ-</span> 
     </span>
    </p>
   </div>
   <div class='ocr_carea' id='block_1_20' title="bbox 2121 525 3690 598">
    <p class='ocr_par' dir='ltr' id='par_1_20' title="bbox 2121 525 3690 598">
     <span class='ocr_line' id='line_1_20' title="bbox 2121 525 3690 598; baseline 0.006 -22"><span class='ocrx_word' id='word_1_137' title='bbox 2121 525 2520 592; x_wconf 88' lang='lat' dir='ltr'><strong>marsupiorum</strong></span> <span class='ocrx_word' id='word_1_138' title='bbox 2557 525 2895 594; x_wconf 88' lang='lat' dir='ltr'><strong>turgidorum</strong></span> <span class='ocrx_word' id='word_1_139' title='bbox 2929 537 3194 589; x_wconf 86' lang='lat' dir='ltr'><strong>amantes,</strong></span> <span class='ocrx_word' id='word_1_140' title='bbox 3237 537 3290 582; x_wconf 92' lang='lat' dir='ltr'><strong>et</strong></span> <span class='ocrx_word' id='word_1_141' title='bbox 3325 529 3583 598; x_wconf 85' lang='lat' dir='ltr'><strong>quidquid</strong></span> <span class='ocrx_word' id='word_1_142' title='bbox 3607 545 3690 586; x_wconf 88' lang='lat' dir='ltr'><strong>es-</strong></span> 
     </span>
    </p>
   </div>
   <div class='ocr_carea' id='block_1_21' title="bbox 2119 615 3694 690">
    <p class='ocr_par' dir='ltr' id='par_1_21' title="bbox 2119 615 3694 690">
     <span class='ocr_line' id='line_1_21' title="bbox 2119 615 3694 690; baseline 0.005 -22"><span class='ocrx_word' id='word_1_143' title='bbox 2119 625 2200 668; x_wconf 90' lang='lat' dir='ltr'><strong>set</strong></span> <span class='ocrx_word' id='word_1_144' title='bbox 2251 615 2357 669; x_wconf 85' lang='lat' dir='ltr'><strong>Deo</strong></span> <span class='ocrx_word' id='word_1_145' title='bbox 2411 616 2644 670; x_wconf 86' lang='lat' dir='ltr'><strong>invisum</strong></span> <span class='ocrx_word' id='word_1_146' title='bbox 2701 627 3044 672; x_wconf 75' lang='lat' dir='ltr'><strong>exercentes.</strong></span> <span class='ocrx_word' id='word_1_147' title='bbox 3116 619 3394 688; x_wconf 86' lang='lat' dir='ltr'><strong>Siquidem</strong></span> <span class='ocrx_word' id='word_1_148' title='bbox 3463 621 3694 690; x_wconf 89' lang='lat' dir='ltr'><strong>ipsemet</strong></span> 
     </span>
    </p>
   </div>
   <div class='ocr_carea' id='block_1_22' title="bbox 2116 702 3690 778">
    <p class='ocr_par' dir='ltr' id='par_1_22' title="bbox 2116 702 3690 778">
     <span class='ocr_line' id='line_1_22' title="bbox 2116 702 3690 778; baseline 0.008 -24"><span class='ocrx_word' id='word_1_149' title='bbox 2116 703 2371 771; x_wconf 75' lang='lat' dir='ltr'><strong>propheta</strong></span> <span class='ocrx_word' id='word_1_150' title='bbox 2405 702 2570 758; x_wconf 86' lang='lat' dir='ltr'><strong>isaias</strong></span> <span class='ocrx_word' id='word_1_151' title='bbox 2602 705 2864 773; x_wconf 86' lang='lat' dir='ltr'><strong>principio</strong></span> <span class='ocrx_word' id='word_1_152' title='bbox 2911 707 3060 770; x_wconf 86' lang='lat' dir='ltr'><strong>libri,</strong></span> <span class='ocrx_word' id='word_1_153' title='bbox 3091 708 3262 778; x_wconf 89' lang='lat' dir='ltr'><strong>inquit</strong></span> <span class='ocrx_word' id='word_1_154' title='bbox 3297 728 3309 762; x_wconf 93' lang='lat'><strong>:</strong></span> <span class='ocrx_word' id='word_1_155' title='bbox 3353 727 3372 761; x_wconf 72' lang='grc' dir='ltr'><strong>ι</strong></span> <span class='ocrx_word' id='word_1_156' title='bbox 3413 709 3690 776; x_wconf 84' lang='lat' dir='ltr'><strong>Quomodo</strong></span> 
     </span>
    </p>
   </div>
   <div class='ocr_carea' id='block_1_23' title="bbox 2116 795 3690 871">
    <p class='ocr_par' dir='ltr' id='par_1_23' title="bbox 2116 795 3690 871">
     <span class='ocr_line' id='line_1_23' title="bbox 2116 795 3690 871; baseline 0.007 -25"><span class='ocrx_word' id='word_1_157' title='bbox 2116 795 2256 848; x_wconf 76' lang='lat' dir='ltr'><strong>facta</strong></span> <span class='ocrx_word' id='word_1_158' title='bbox 2299 809 2380 848; x_wconf 90' lang='lat' dir='ltr'><strong>est</strong></span> <span class='ocrx_word' id='word_1_159' title='bbox 2425 801 2677 850; x_wconf 81' lang='lat' dir='ltr'><strong>meretrix</strong></span> <span class='ocrx_word' id='word_1_160' title='bbox 2724 799 2916 852; x_wconf 83' lang='lat' dir='ltr'><strong>civitas</strong></span> <span class='ocrx_word' id='word_1_161' title='bbox 2957 799 3130 855; x_wconf 91' lang='lat' dir='ltr'><strong>ﬁdelis</strong></span> <span class='ocrx_word' id='word_1_162' title='bbox 3174 799 3325 868; x_wconf 88' lang='lat' dir='ltr'><strong>Sion,</strong></span> <span class='ocrx_word' id='word_1_163' title='bbox 3360 801 3517 871; x_wconf 91' lang='lat' dir='ltr'><strong>plena</strong></span> <span class='ocrx_word' id='word_1_164' title='bbox 3543 801 3690 869; x_wconf 84' lang='lat' dir='ltr'><strong>judi-</strong></span> 
     </span>
    </p>
   </div>
   <div class='ocr_carea' id='block_1_24' title="bbox 2117 871 3735 964">
    <p class='ocr_par' dir='ltr' id='par_1_24' title="bbox 2117 871 3735 964">
     <span class='ocr_line' id='line_1_24' title="bbox 2117 871 3735 964; baseline 0.007 -27"><span class='ocrx_word' id='word_1_165' title='bbox 2117 885 2222 949; x_wconf 91' lang='lat' dir='ltr'><strong>cio,</strong></span> <span class='ocrx_word' id='word_1_166' title='bbox 2261 886 2315 938; x_wconf 92' lang='lat' dir='ltr'><strong>in</strong></span> <span class='ocrx_word' id='word_1_167' title='bbox 2350 901 2451 955; x_wconf 87' lang='lat' dir='ltr'><strong>qua</strong></span> <span class='ocrx_word' id='word_1_168' title='bbox 2481 886 2695 954; x_wconf 88' lang='lat' dir='ltr'><strong>justilia</strong></span> <span class='ocrx_word' id='word_1_169' title='bbox 2725 891 3082 957; x_wconf 86' lang='lat' dir='ltr'><strong>pernoctavit,</strong></span> <span class='ocrx_word' id='word_1_170' title='bbox 3121 907 3262 948; x_wconf 90' lang='lat' dir='ltr'><strong>nunc</strong></span> <span class='ocrx_word' id='word_1_171' title='bbox 3300 881 3478 948; x_wconf 65' lang='lat' dir='ltr'><strong>autem</strong></span> <span class='ocrx_word' id='word_1_172' title='bbox 3511 895 3686 948; x_wconf 89' lang='lat' dir='ltr'><strong>homi-</strong></span> 
     </span>
    </p>
   </div>
   <div class='ocr_carea' id='block_1_25' title="bbox 2116 976 3689 1054">
    <p class='ocr_par' dir='ltr' id='par_1_25' title="bbox 2116 976 3689 1054">
     <span class='ocr_line' id='line_1_25' title="bbox 2116 976 3689 1054; baseline 0.008 -26"><span class='ocrx_word' id='word_1_173' title='bbox 2116 976 2249 1029; x_wconf 69' lang='lat' dir='ltr'><strong>cidae</strong></span> <span class='ocrx_word' id='word_1_174' title='bbox 2290 977 2340 1029; x_wconf 69' lang='grc'><strong>⁸⁸2</strong></span> <span class='ocrx_word' id='word_1_175' title='bbox 2375 993 2396 1030; x_wconf 73' lang='grc' dir='ltr'><strong>ι</strong></span> <span class='ocrx_word' id='word_1_176' title='bbox 2428 979 2724 1048; x_wconf 81' lang='lat' dir='ltr'><strong>Argentum</strong></span> <span class='ocrx_word' id='word_1_177' title='bbox 2767 990 3006 1034; x_wconf 87' lang='lat' dir='ltr'><strong>vestrum</strong></span> <span class='ocrx_word' id='word_1_178' title='bbox 3053 977 3362 1053; x_wconf 83' lang='lat' dir='ltr'><strong>reprobum.</strong></span> <span class='ocrx_word' id='word_1_179' title='bbox 3407 981 3689 1054; x_wconf 72' lang='lat' dir='ltr'><strong>Caupones</strong></span> 
     </span>
    </p>
   </div>
   <div class='ocr_carea' id='block_1_26' title="bbox 2117 1069 3684 1144">
    <p class='ocr_par' dir='ltr' id='par_1_26' title="bbox 2117 1069 3684 1144">
     <span class='ocr_line' id='line_1_26' title="bbox 2117 1069 3684 1144; baseline 0.008 -25"><span class='ocrx_word' id='word_1_180' title='bbox 2117 1069 2189 1121; x_wconf 92' lang='lat' dir='ltr'><strong>tui</strong></span> <span class='ocrx_word' id='word_1_181' title='bbox 2220 1071 2446 1124; x_wconf 84' lang='lat' dir='ltr'><strong>miscent</strong></span> <span class='ocrx_word' id='word_1_182' title='bbox 2475 1071 2654 1124; x_wconf 74' lang='lat' dir='ltr'><strong>vinum</strong></span> <span class='ocrx_word' id='word_1_183' title='bbox 2685 1088 2844 1140; x_wconf 89' lang='lat' dir='ltr'><strong>aqua.</strong></span> <span class='ocrx_word' id='word_1_184' title='bbox 2873 1073 3150 1144; x_wconf 85' lang='lat' dir='ltr'><strong>Principes</strong></span> <span class='ocrx_word' id='word_1_185' title='bbox 3173 1076 3248 1130; x_wconf 91' lang='lat' dir='ltr'><strong>tui</strong></span> <span class='ocrx_word' id='word_1_186' title='bbox 3275 1077 3516 1132; x_wconf 91' lang='lat' dir='ltr'><strong>inﬁdeles</strong></span> <span class='ocrx_word' id='word_1_187' title='bbox 3539 1085 3684 1142; x_wconf 90' lang='lat' dir='ltr'><strong>sunt,</strong></span> 
     </span>
    </p>
   </div>
   <div class='ocr_carea' id='block_1_27' title="bbox 2116 1163 3686 1236">
    <p class='ocr_par' dir='ltr' id='par_1_27' title="bbox 2116 1163 3686 1236">
     <span class='ocr_line' id='line_1_27' title="bbox 2116 1163 3686 1236; baseline 0.008 -23"><span class='ocrx_word' id='word_1_188' title='bbox 2116 1171 2400 1217; x_wconf 86' lang='lat' dir='ltr'><strong>consortes</strong></span> <span class='ocrx_word' id='word_1_189' title='bbox 2445 1163 2649 1228; x_wconf 79' lang='lat' dir='ltr'><strong>furum,</strong></span> <span class='ocrx_word' id='word_1_190' title='bbox 2688 1165 2978 1236; x_wconf 82' lang='lat' dir='ltr'><strong>diligentes</strong></span> <span class='ocrx_word' id='word_1_191' title='bbox 3020 1183 3272 1234; x_wconf 86' lang='lat' dir='ltr'><strong>munera,</strong></span> <span class='ocrx_word' id='word_1_192' title='bbox 3309 1179 3686 1226; x_wconf 88' lang='lat' dir='ltr'><strong>consectantes</strong></span> 
     </span>
    </p>
   </div>
   <div class='ocr_carea' id='block_1_28' title="bbox 2115 1254 3686 1330">
    <p class='ocr_par' dir='ltr' id='par_1_28' title="bbox 2115 1254 3686 1330">
     <span class='ocr_line' id='line_1_28' title="bbox 2115 1254 3686 1330; baseline 0.008 -25"><span class='ocrx_word' id='word_1_193' title='bbox 2115 1256 2627 1322; x_wconf 83' lang='lat' dir='ltr'><strong>remunerationem,</strong></span> <span class='ocrx_word' id='word_1_194' title='bbox 2670 1258 2931 1326; x_wconf 88' lang='lat' dir='ltr'><strong>orphanis</strong></span> <span class='ocrx_word' id='word_1_195' title='bbox 2969 1260 3426 1326; x_wconf 85' lang='lat' dir='ltr'><strong>non‘judicanles,</strong></span> <span class='ocrx_word' id='word_1_196' title='bbox 3457 1271 3510 1316; x_wconf 88' lang='lat' dir='ltr'><strong>et</strong></span> <span class='ocrx_word' id='word_1_197' title='bbox 3537 1254 3686 1330; x_wconf 57' lang='lat' dir='ltr'><strong>judiz</strong></span> 
     </span>
    </p>
   </div>
   <div class='ocr_carea' id='block_1_29' title="bbox 2112 1349 3683 1427">
    <p class='ocr_par' dir='ltr' id='par_1_29' title="bbox 2112 1349 3683 1427">
     <span class='ocr_line' id='line_1_29' title="bbox 2112 1349 3683 1427; baseline 0.006 -25"><span class='ocrx_word' id='word_1_198' title='bbox 2112 1349 2198 1404; x_wconf 91' lang='lat' dir='ltr'><strong>cio</strong></span> <span class='ocrx_word' id='word_1_199' title='bbox 2233 1349 2408 1402; x_wconf 72' lang='lat' dir='ltr'><strong>vidua:</strong></span> <span class='ocrx_word' id='word_1_200' title='bbox 2455 1365 2563 1403; x_wconf 94' lang='lat' dir='ltr'><strong>non</strong></span> <span class='ocrx_word' id='word_1_201' title='bbox 2607 1353 2972 1406; x_wconf 82' lang='lat' dir='ltr'><strong>attendentes.</strong></span> <span class='ocrx_word' id='word_1_202' title='bbox 3031 1353 3262 1424; x_wconf 89' lang='lat' dir='ltr'><strong>Sugillat</strong></span> <span class='ocrx_word' id='word_1_203' title='bbox 3313 1356 3434 1410; x_wconf 92' lang='lat' dir='ltr'><strong>illos</strong></span> <span class='ocrx_word' id='word_1_204' title='bbox 3471 1371 3683 1427; x_wconf 87' lang='lat' dir='ltr'><strong>quoque</strong></span> 
     </span>
    </p>
   </div>
   <div class='ocr_carea' id='block_1_30' title="bbox 2111 1429 3685 1513">
    <p class='ocr_par' dir='ltr' id='par_1_30' title="bbox 2111 1429 3685 1513">
     <span class='ocr_line' id='line_1_30' title="bbox 2111 1429 3685 1513; baseline 0.006 -19"><span class='ocrx_word' id='word_1_205' title='bbox 2111 1441 2224 1510; x_wconf 89' lang='lat' dir='ltr'><strong>ipse</strong></span> <span class='ocrx_word' id='word_1_206' title='bbox 2254 1440 2538 1507; x_wconf 86' lang='lat' dir='ltr'><strong>Servator,</strong></span> <span class='ocrx_word' id='word_1_207' title='bbox 2569 1443 2648 1498; x_wconf 87' lang='lat' dir='ltr'><strong>sie</strong></span> <span class='ocrx_word' id='word_1_208' title='bbox 2683 1429 2931 1513; x_wconf 89' lang='lat' dir='ltr'><strong>inquiens</strong></span> <span class='ocrx_word' id='word_1_209' title='bbox 2959 1463 2971 1499; x_wconf 92' lang='lat'><strong>:</strong></span> <span class='ocrx_word' id='word_1_210' title='bbox 3013 1463 3031 1497; x_wconf 76' lang='grc' dir='ltr'><strong>ε</strong></span> <span class='ocrx_word' id='word_1_211' title='bbox 3065 1445 3158 1500; x_wconf 69' lang='grc' dir='ltr'>ναι</span> <span class='ocrx_word' id='word_1_212' title='bbox 3187 1448 3364 1513; x_wconf 79' lang='lat' dir='ltr'><strong>vobis,</strong></span> <span class='ocrx_word' id='word_1_213' title='bbox 3404 1449 3608 1504; x_wconf 66' lang='lat' dir='ltr'><strong>Scriba:</strong></span> <span class='ocrx_word' id='word_1_214' title='bbox 3629 1460 3685 1506; x_wconf 87' lang='lat' dir='ltr'><strong>et</strong></span> 
     </span>
    </p>
   </div>
   <div class='ocr_carea' id='block_1_31' title="bbox 2111 1533 3686 1608">
    <p class='ocr_par' dir='ltr' id='par_1_31' title="bbox 2111 1533 3686 1608">
     <span class='ocr_line' id='line_1_31' title="bbox 2111 1533 3686 1608; baseline 0.006 -21"><span class='ocrx_word' id='word_1_215' title='bbox 2111 1533 2368 1588; x_wconf 68' lang='lat' dir='ltr'><strong>Pharisaei</strong></span> <span class='ocrx_word' id='word_1_216' title='bbox 2420 1537 2740 1605; x_wconf 57' lang='lat' dir='ltr'><strong>hypocrita,</strong></span> <span class='ocrx_word' id='word_1_217' title='bbox 2791 1537 2918 1606; x_wconf 89' lang='lat' dir='ltr'><strong>quia</strong></span> <span class='ocrx_word' id='word_1_218' title='bbox 2969 1539 3252 1594; x_wconf 89' lang='lat' dir='ltr'><strong>deeimatis</strong></span> <span class='ocrx_word' id='word_1_219' title='bbox 3299 1543 3575 1608; x_wconf 81' lang='lat' dir='ltr'><strong>anethum,</strong></span> <span class='ocrx_word' id='word_1_220' title='bbox 3629 1553 3686 1596; x_wconf 86' lang='lat' dir='ltr'><strong>et</strong></span> 
     </span>
    </p>
   </div>
   <div class='ocr_carea' id='block_1_32' title="bbox 2113 1625 3682 1704">
    <p class='ocr_par' dir='ltr' id='par_1_32' title="bbox 2113 1625 3682 1704">
     <span class='ocr_line' id='line_1_32' title="bbox 2113 1625 3682 1704; baseline 0.005 -26"><span class='ocrx_word' id='word_1_221' title='bbox 2113 1625 2379 1696; x_wconf 85' lang='lat' dir='ltr'><strong>thymum,</strong></span> <span class='ocrx_word' id='word_1_222' title='bbox 2425 1637 2479 1678; x_wconf 92' lang='lat' dir='ltr'><strong>et</strong></span> <span class='ocrx_word' id='word_1_223' title='bbox 2513 1628 2806 1685; x_wconf 78' lang='lat' dir='ltr'><strong>Clllllillulll.</strong></span> <span class='ocrx_word' id='word_1_224' title='bbox 2853 1638 2906 1682; x_wconf 85' lang='lat' dir='ltr'><strong>et</strong></span> <span class='ocrx_word' id='word_1_225' title='bbox 2948 1629 3209 1704; x_wconf 79' lang='lat' dir='ltr'><strong>omisistis</strong></span> <span class='ocrx_word' id='word_1_226' title='bbox 3247 1631 3496 1700; x_wconf 78' lang='lat' dir='ltr'><strong>graviora</strong></span> <span class='ocrx_word' id='word_1_227' title='bbox 3533 1633 3682 1702; x_wconf 80' lang='lat' dir='ltr'><strong>legis,</strong></span> 
     </span>
    </p>
   </div>
   <div class='ocr_carea' id='block_1_33' title="bbox 2105 1715 3684 1792">
    <p class='ocr_par' dir='ltr' id='par_1_33' title="bbox 2105 1715 3684 1792">
     <span class='ocr_line' id='line_1_33' title="bbox 2105 1715 3684 1792; baseline 0.006 -24"><span class='ocrx_word' id='word_1_228' title='bbox 2105 1715 2386 1783; x_wconf 87' lang='lat' dir='ltr'><strong>judicium,</strong></span> <span class='ocrx_word' id='word_1_229' title='bbox 2433 1726 2486 1769; x_wconf 90' lang='lat' dir='ltr'><strong>et</strong></span> <span class='ocrx_word' id='word_1_230' title='bbox 2518 1720 2971 1783; x_wconf 87' lang='lat' dir='ltr'><strong>misericordiam,</strong></span> <span class='ocrx_word' id='word_1_231' title='bbox 3019 1730 3072 1774; x_wconf 89' lang='lat' dir='ltr'><strong>et</strong></span> <span class='ocrx_word' id='word_1_232' title='bbox 3115 1719 3274 1774; x_wconf 91' lang='lat' dir='ltr'><strong>ﬁdem</strong></span> <span class='ocrx_word' id='word_1_233' title='bbox 3313 1723 3363 1786; x_wconf 70' lang='lat'><strong>9;</strong></span> <span class='ocrx_word' id='word_1_234' title='bbox 3396 1741 3414 1774; x_wconf 74' lang='grc' dir='ltr'><strong>ι</strong></span> <span class='ocrx_word' id='word_1_235' title='bbox 3447 1730 3502 1774; x_wconf 90' lang='lat' dir='ltr'><strong>et</strong></span> <span class='ocrx_word' id='word_1_236' title='bbox 3541 1723 3684 1792; x_wconf 88' lang='lat' dir='ltr'><strong>quod</strong></span> 
     </span>
    </p>
   </div>
   <div class='ocr_carea' id='block_1_34' title="bbox 429 1799 2004 1875">
    <p class='ocr_par' dir='ltr' id='par_1_34' title="bbox 429 1799 2004 1870">
     <span class='ocr_line' id='line_1_34' title="bbox 429 1799 2004 1870; baseline 0.002 -20"><span class='ocrx_word' id='word_1_237' title='bbox 429 1817 528 1868; x_wconf 87' lang='grc' dir='ltr'><strong>της</strong></span> <span class='ocrx_word' id='word_1_238' title='bbox 556 1799 716 1852; x_wconf 72' lang='grc' dir='ltr'>ἕνεκα</span> <span class='ocrx_word' id='word_1_239' title='bbox 748 1801 846 1870; x_wconf 83' lang='grc' dir='ltr'>τῆς</span> <span class='ocrx_word' id='word_1_240' title='bbox 871 1800 1072 1865; x_wconf 79' lang='grc' dir='ltr'>αἰτίας,</span> <span class='ocrx_word' id='word_1_241' title='bbox 1111 1799 1424 1870; x_wconf 77' lang='grc' dir='ltr'>ἐξώσθησαν</span> <span class='ocrx_word' id='word_1_242' title='bbox 1457 1801 1555 1870; x_wconf 84' lang='grc' dir='ltr'><strong>μὲν</strong></span> <span class='ocrx_word' id='word_1_243' title='bbox 1583 1801 1690 1854; x_wconf 87' lang='grc' dir='ltr'><strong>τῶν</strong></span> <span class='ocrx_word' id='word_1_244' title='bbox 1721 1801 1820 1870; x_wconf 82' lang='grc' dir='ltr'>τῆς</span> <span class='ocrx_word' id='word_1_245' title='bbox 1853 1801 2004 1870; x_wconf 81' lang='grc' dir='ltr'>ἱερω-</span> 
     </span>
    </p>
   </div>
   <div class='ocr_carea' id='block_1_35' title="bbox 2109 1799 3684 1875">
    <p class='ocr_par' dir='ltr' id='par_1_35' title="bbox 2110 1805 3684 1875">
     <span class='ocr_line' id='line_1_35' title="bbox 2110 1805 3684 1875; baseline 0.005 -19"><span class='ocrx_word' id='word_1_246' title='bbox 2110 1805 2272 1857; x_wconf 90' lang='lat' dir='ltr'><strong>etiam</strong></span> <span class='ocrx_word' id='word_1_247' title='bbox 2301 1805 2392 1858; x_wconf 87' lang='lat' dir='ltr'><strong>his</strong></span> <span class='ocrx_word' id='word_1_248' title='bbox 2424 1806 2598 1875; x_wconf 85' lang='lat' dir='ltr'><strong>magis</strong></span> <span class='ocrx_word' id='word_1_249' title='bbox 2630 1807 2850 1874; x_wconf 89' lang='lat' dir='ltr'><strong>impium</strong></span> <span class='ocrx_word' id='word_1_250' title='bbox 2892 1817 2996 1872; x_wconf 86' lang='lat' dir='ltr'><strong>est,</strong></span> <span class='ocrx_word' id='word_1_251' title='bbox 3031 1807 3242 1862; x_wconf 89' lang='lat' dir='ltr'><strong>Domini</strong></span> <span class='ocrx_word' id='word_1_252' title='bbox 3273 1808 3485 1863; x_wconf 83' lang='lat' dir='ltr'><strong>fuerunt</strong></span> <span class='ocrx_word' id='word_1_253' title='bbox 3521 1811 3684 1864; x_wconf 88' lang='lat' dir='ltr'><strong>inter-</strong></span> 
     </span>
    </p>
   </div>
   <div class='ocr_carea' id='block_1_36' title="bbox 432 1889 2006 1963">
    <p class='ocr_par' dir='ltr' id='par_1_36' title="bbox 432 1889 2006 1963">
     <span class='ocr_line' id='line_1_36' title="bbox 432 1889 2006 1963; baseline 0.002 -21"><span class='ocrx_word' id='word_1_254' title='bbox 432 1889 594 1961; x_wconf 84' lang='grc' dir='ltr'>σύνης</span> <span class='ocrx_word' id='word_1_255' title='bbox 621 1889 818 1960; x_wconf 90' lang='grc' dir='ltr'>γερῶν,</span> <span class='ocrx_word' id='word_1_256' title='bbox 852 1891 1276 1959; x_wconf 82' lang='grc' dir='ltr'>ἀποκεκίνηνται</span> <span class='ocrx_word' id='word_1_257' title='bbox 1305 1891 1360 1944; x_wconf 81' lang='grc' dir='ltr'>δὲ</span> <span class='ocrx_word' id='word_1_258' title='bbox 1381 1891 1473 1944; x_wconf 91' lang='grc' dir='ltr'><strong>τοῦ</strong></span> <span class='ocrx_word' id='word_1_259' title='bbox 1510 1892 1805 1963; x_wconf 82' lang='grc' dir='ltr'>κατάρχειν</span> <span class='ocrx_word' id='word_1_260' title='bbox 1839 1891 2006 1958; x_wconf 86' lang='grc' dir='ltr'>λαῶν,</span> 
     </span>
    </p>
   </div>
   <div class='ocr_carea' id='block_1_37' title="bbox 430 1983 2009 2054">
    <p class='ocr_par' dir='ltr' id='par_1_37' title="bbox 430 1983 2009 2054">
     <span class='ocr_line' id='line_1_37' title="bbox 430 1983 2009 2054; baseline 0.001 -18"><span class='ocrx_word' id='word_1_261' title='bbox 430 1984 524 2036; x_wconf 78' lang='grc' dir='ltr'><strong>καὶ</strong></span> <span class='ocrx_word' id='word_1_262' title='bbox 557 1983 913 2054; x_wconf 73' lang='grc' dir='ltr'>ἐκϐέϐληνται</span> <span class='ocrx_word' id='word_1_263' title='bbox 943 1983 1042 2052; x_wconf 83' lang='grc' dir='ltr'>τῆς</span> <span class='ocrx_word' id='word_1_264' title='bbox 1076 1983 1510 2052; x_wconf 80' lang='grc' dir='ltr'>ἐγχειρισθείσης</span> <span class='ocrx_word' id='word_1_265' title='bbox 1541 1984 1724 2046; x_wconf 84' lang='grc' dir='ltr'>αὐτοῖς</span> <span class='ocrx_word' id='word_1_266' title='bbox 1759 1984 1896 2037; x_wconf 90' lang='grc' dir='ltr'><strong>κατά</strong></span> <span class='ocrx_word' id='word_1_267' title='bbox 1924 1985 2009 2037; x_wconf 88' lang='grc' dir='ltr'><strong>νό-</strong></span> 
     </span>
    </p>
   </div>
   <div class='ocr_carea' id='block_1_38' title="bbox 433 2073 2006 2150">
    <p class='ocr_par' dir='ltr' id='par_1_38' title="bbox 433 2073 2006 2150">
     <span class='ocr_line' id='line_1_38' title="bbox 433 2073 2006 2150; baseline 0 -23"><span class='ocrx_word' id='word_1_268' title='bbox 433 2093 532 2144; x_wconf 86' lang='grc' dir='ltr'><strong>μον</strong></span> <span class='ocrx_word' id='word_1_269' title='bbox 577 2075 907 2144; x_wconf 85' lang='grc' dir='ltr'>οίκονομίας,</span> <span class='ocrx_word' id='word_1_270' title='bbox 951 2073 1114 2138; x_wconf 76' lang='grc' dir='ltr'>ἕξωτε</span> <span class='ocrx_word' id='word_1_271' title='bbox 1173 2075 1450 2144; x_wconf 84' lang='grc' dir='ltr'>στεφάνων</span> <span class='ocrx_word' id='word_1_272' title='bbox 1496 2077 1781 2145; x_wconf 87' lang='grc' dir='ltr'>γεγόνασιν</span> <span class='ocrx_word' id='word_1_273' title='bbox 1823 2076 2006 2150; x_wconf 81' lang='grc' dir='ltr'>ἱερῶν,</span> 
     </span>
    </p>
   </div>
   <div class='ocr_carea' id='block_1_39' title="bbox 429 2166 2008 2238">
    <p class='ocr_par' dir='ltr' id='par_1_39' title="bbox 429 2166 2008 2238">
     <span class='ocr_line' id='line_1_39' title="bbox 429 2166 2008 2238; baseline 0.001 -19"><span class='ocrx_word' id='word_1_274' title='bbox 429 2167 524 2220; x_wconf 73' lang='grc' dir='ltr'><strong>καὶ</strong></span> <span class='ocrx_word' id='word_1_275' title='bbox 553 2167 742 2236; x_wconf 85' lang='grc' dir='ltr'>στολῆς</span> <span class='ocrx_word' id='word_1_276' title='bbox 770 2166 1148 2238; x_wconf 73' lang='grc' dir='ltr'>ίεροπρεποῦςο</span> <span class='ocrx_word' id='word_1_277' title='bbox 1180 2167 1441 2238; x_wconf 79' lang='grc' dir='ltr'>κέκληται</span> <span class='ocrx_word' id='word_1_278' title='bbox 1469 2168 1526 2221; x_wconf 81' lang='grc' dir='ltr'>δὲ</span> <span class='ocrx_word' id='word_1_279' title='bbox 1558 2169 1672 2238; x_wconf 85' lang='grc' dir='ltr'>μετ’</span> <span class='ocrx_word' id='word_1_280' title='bbox 1712 2169 1949 2233; x_wconf 75' lang='grc' dir='ltr'>ἐκείνους</span> <span class='ocrx_word' id='word_1_281' title='bbox 1979 2170 2008 2221; x_wconf 98' lang='lat'><strong>6</strong></span> 
     </span>
    </p>
   </div>
   <div class='ocr_carea' id='block_1_40' title="bbox 428 2256 2006 2331">
    <p class='ocr_par' dir='ltr' id='par_1_40' title="bbox 428 2256 2006 2331">
     <span class='ocr_line' id='line_1_40' title="bbox 428 2256 2006 2331; baseline 0.001 -19"><span class='ocrx_word' id='word_1_282' title='bbox 428 2258 632 2329; x_wconf 80' lang='grc' dir='ltr'>Κύριος</span> <span class='ocrx_word' id='word_1_283' title='bbox 663 2257 820 2329; x_wconf 85' lang='grc' dir='ltr'>ἡμῶν</span> <span class='ocrx_word' id='word_1_284' title='bbox 861 2256 1066 2328; x_wconf 87' lang='grc' dir='ltr'>Ἰησοῦς</span> <span class='ocrx_word' id='word_1_285' title='bbox 1093 2260 1346 2329; x_wconf 84' lang='grc' dir='ltr'>Χριστὸς,</span> <span class='ocrx_word' id='word_1_286' title='bbox 1393 2263 1422 2312; x_wconf 87' lang='lat'><strong>6</strong></span> <span class='ocrx_word' id='word_1_287' title='bbox 1459 2261 1630 2330; x_wconf 82' lang='grc' dir='ltr'>μέγας</span> <span class='ocrx_word' id='word_1_288' title='bbox 1669 2260 1825 2330; x_wconf 85' lang='grc' dir='ltr'>ἡμῶν</span> <span class='ocrx_word' id='word_1_289' title='bbox 1853 2262 2006 2331; x_wconf 87' lang='grc' dir='ltr'>ἀρχι-</span> 
     </span>
    </p>
   </div>
   <div class='ocr_carea' id='block_1_41' title="bbox 429 2349 2008 2424">
    <p class='ocr_par' dir='ltr' id='par_1_41' title="bbox 429 2349 2008 2424">
     <span class='ocr_line' id='line_1_41' title="bbox 429 2349 2008 2424; baseline 0.001 -22"><span class='ocrx_word' id='word_1_290' title='bbox 429 2351 606 2422; x_wconf 87' lang='grc' dir='ltr'>ερεύς.</span> <span class='ocrx_word' id='word_1_291' title='bbox 647 2351 732 2414; x_wconf 86' lang='grc' dir='ltr'>Ὠς</span> <span class='ocrx_word' id='word_1_292' title='bbox 775 2349 884 2422; x_wconf 81' lang='grc' dir='ltr'>γὰρ</span> <span class='ocrx_word' id='word_1_293' title='bbox 925 2353 952 2402; x_wconf 89' lang='lat'><strong>6</strong></span> <span class='ocrx_word' id='word_1_294' title='bbox 985 2351 1250 2422; x_wconf 79' lang='grc' dir='ltr'>μακάριος</span> <span class='ocrx_word' id='word_1_295' title='bbox 1291 2353 1490 2424; x_wconf 83' lang='grc' dir='ltr'>γράφει</span> <span class='ocrx_word' id='word_1_296' title='bbox 1544 2351 1790 2414; x_wconf 76' lang='grc' dir='ltr'>Παῦλοςο</span> <span class='ocrx_word' id='word_1_297' title='bbox 1841 2369 1859 2402; x_wconf 86' lang='grc'><strong><em>‹</em></strong></span> <span class='ocrx_word' id='word_1_298' title='bbox 1896 2353 2008 2422; x_wconf 85' lang='grc' dir='ltr'>Ούχ</span> 
     </span>
    </p>
   </div>
   <div class='ocr_carea' id='block_1_42' title="bbox 428 2441 2006 2516">
    <p class='ocr_par' dir='ltr' id='par_1_42' title="bbox 428 2441 2006 2516">
     <span class='ocr_line' id='line_1_42' title="bbox 428 2441 2006 2516; baseline -0.003 -18"><span class='ocrx_word' id='word_1_299' title='bbox 428 2443 604 2516; x_wconf 80' lang='grc' dir='ltr'>ἐαυτῷ</span> <span class='ocrx_word' id='word_1_300' title='bbox 633 2461 714 2506; x_wconf 88' lang='grc' dir='ltr'><strong>τις</strong></span> <span class='ocrx_word' id='word_1_301' title='bbox 738 2441 974 2515; x_wconf 81' lang='grc' dir='ltr'>ἁρπάζει</span> <span class='ocrx_word' id='word_1_302' title='bbox 1015 2442 1112 2514; x_wconf 78' lang='grc' dir='ltr'>τὴν</span> <span class='ocrx_word' id='word_1_303' title='bbox 1146 2443 1330 2514; x_wconf 82' lang='grc' dir='ltr'>τιμὴν,</span> <span class='ocrx_word' id='word_1_304' title='bbox 1361 2443 1495 2496; x_wconf 76' lang='grc' dir='ltr'>ἀλλὰ</span> <span class='ocrx_word' id='word_1_305' title='bbox 1538 2443 1866 2512; x_wconf 79' lang='grc' dir='ltr'>καλούμενος</span> <span class='ocrx_word' id='word_1_306' title='bbox 1901 2443 2006 2494; x_wconf 83' lang='grc' dir='ltr'><strong>ὑπὸ</strong></span> 
     </span>
    </p>
   </div>
   <div class='ocr_carea' id='block_1_43' title="bbox 428 2535 2007 2607">
    <p class='ocr_par' dir='ltr' id='par_1_43' title="bbox 428 2535 2007 2607">
     <span class='ocr_line' id='line_1_43' title="bbox 428 2535 2007 2607; baseline 0 -19"><span class='ocrx_word' id='word_1_307' title='bbox 428 2535 523 2589; x_wconf 89' lang='grc' dir='ltr'><strong>τοῦ</strong></span> <span class='ocrx_word' id='word_1_308' title='bbox 547 2535 703 2602; x_wconf 84' lang='grc' dir='ltr'>Θεοῦ,</span> <span class='ocrx_word' id='word_1_309' title='bbox 733 2535 918 2600; x_wconf 87' lang='grc' dir='ltr'>καθὼς</span> <span class='ocrx_word' id='word_1_310' title='bbox 940 2538 968 2589; x_wconf 83' lang='lat'><strong>6</strong></span> <span class='ocrx_word' id='word_1_311' title='bbox 991 2537 1226 2607; x_wconf 83' lang='grc' dir='ltr'>Χριστὸς</span> <span class='ocrx_word' id='word_1_312' title='bbox 1253 2539 1350 2606; x_wconf 81' lang='grc' dir='ltr'><strong>οὐχ</strong></span> <span class='ocrx_word' id='word_1_313' title='bbox 1372 2535 1559 2590; x_wconf 78' lang='grc' dir='ltr'>ἑαυτὸν</span> <span class='ocrx_word' id='word_1_314' title='bbox 1579 2535 1828 2600; x_wconf 80' lang='grc' dir='ltr'>ἐδόξασεν</span> <span class='ocrx_word' id='word_1_315' title='bbox 1850 2537 1928 2598; x_wconf 80' lang='grc' dir='ltr'>εἰς</span> <span class='ocrx_word' id='word_1_316' title='bbox 1945 2535 2007 2588; x_wconf 87' lang='grc' dir='ltr'><strong>τὸ</strong></span> 
     </span>
    </p>
   </div>
   <div class='ocr_carea' id='block_1_44' title="bbox 427 2626 2003 2700">
    <p class='ocr_par' dir='ltr' id='par_1_44' title="bbox 427 2626 2003 2700">
     <span class='ocr_line' id='line_1_44' title="bbox 427 2626 2003 2700; baseline -0.001 -21"><span class='ocrx_word' id='word_1_317' title='bbox 427 2627 722 2699; x_wconf 83' lang='grc' dir='ltr'>γενηθῆναι</span> <span class='ocrx_word' id='word_1_318' title='bbox 763 2627 1044 2700; x_wconf 80' lang='grc' dir='ltr'>ἀρχιερέα,</span> <span class='ocrx_word' id='word_1_319' title='bbox 1079 2627 1193 2682; x_wconf 86' lang='grc' dir='ltr'>ἀλλ’</span> <span class='ocrx_word' id='word_1_320' title='bbox 1220 2630 1247 2680; x_wconf 92' lang='lat'><strong>6</strong></span> <span class='ocrx_word' id='word_1_321' title='bbox 1280 2627 1518 2697; x_wconf 86' lang='grc' dir='ltr'>λαλήσας</span> <span class='ocrx_word' id='word_1_322' title='bbox 1555 2627 1689 2698; x_wconf 87' lang='grc' dir='ltr'>πρὸς</span> <span class='ocrx_word' id='word_1_323' title='bbox 1715 2626 1896 2688; x_wconf 78' lang='grc' dir='ltr'>αὐτὸν,</span> <span class='ocrx_word' id='word_1_324' title='bbox 1929 2626 2003 2678; x_wconf 86' lang='grc' dir='ltr'>Σὺ</span> 
     </span>
    </p>
   </div>
   <div class='ocr_carea' id='block_1_45' title="bbox 429 2714 1999 2789">
    <p class='ocr_par' dir='ltr' id='par_1_45' title="bbox 429 2714 1999 2789">
     <span class='ocr_line' id='line_1_45' title="bbox 429 2714 1999 2789; baseline -0.004 -17"><span class='ocrx_word' id='word_1_325' title='bbox 429 2719 605 2789; x_wconf 78' lang='grc' dir='ltr'>ἱερεὺς</span> <span class='ocrx_word' id='word_1_326' title='bbox 646 2721 725 2782; x_wconf 84' lang='grc' dir='ltr'>εἰς</span> <span class='ocrx_word' id='word_1_327' title='bbox 753 2717 842 2772; x_wconf 74' lang='grc' dir='ltr'><strong>τὸν</strong></span> <span class='ocrx_word' id='word_1_328' title='bbox 881 2718 1052 2770; x_wconf 81' lang='grc' dir='ltr'>αἰῶνα</span> <span class='ocrx_word' id='word_1_329' title='bbox 1088 2718 1229 2770; x_wconf 84' lang='grc' dir='ltr'><strong>κατά</strong></span> <span class='ocrx_word' id='word_1_330' title='bbox 1270 2717 1369 2788; x_wconf 84' lang='grc' dir='ltr'>τὴν</span> <span class='ocrx_word' id='word_1_331' title='bbox 1397 2716 1548 2780; x_wconf 81' lang='grc' dir='ltr'>τάξιν</span> <span class='ocrx_word' id='word_1_332' title='bbox 1587 2714 1940 2786; x_wconf 80' lang='grc' dir='ltr'>Μελχισεδέκ,</span> <span class='ocrx_word' id='word_1_333' title='bbox 1982 2733 1999 2764; x_wconf 68' lang='grc' dir='ltr'><strong>ι</strong></span> 
     </span>
    </p>
   </div>
   <div class='ocr_carea' id='block_1_46' title="bbox 427 2805 2005 2879">
    <p class='ocr_par' dir='ltr' id='par_1_46' title="bbox 427 2805 2005 2879">
     <span class='ocr_line' id='line_1_46' title="bbox 427 2805 2005 2879; baseline -0.005 -16"><span class='ocrx_word' id='word_1_334' title='bbox 427 2810 558 2874; x_wconf 81' lang='grc' dir='ltr'>Θεὸς</span> <span class='ocrx_word' id='word_1_335' title='bbox 588 2809 696 2879; x_wconf 80' lang='grc' dir='ltr'><strong>γὰρ</strong></span> <span class='ocrx_word' id='word_1_336' title='bbox 721 2807 796 2862; x_wconf 79' lang='grc' dir='ltr'>ὢν</span> <span class='ocrx_word' id='word_1_337' title='bbox 849 2808 1012 2877; x_wconf 76' lang='grc' dir='ltr'>φύσει</span> <span class='ocrx_word' id='word_1_338' title='bbox 1056 2812 1148 2862; x_wconf 80' lang='grc' dir='ltr'>καὶ</span> <span class='ocrx_word' id='word_1_339' title='bbox 1187 2807 1295 2861; x_wconf 91' lang='grc' dir='ltr'><strong>τῶν</strong></span> <span class='ocrx_word' id='word_1_340' title='bbox 1336 2807 1472 2858; x_wconf 82' lang='grc' dir='ltr'>ὅλων</span> <span class='ocrx_word' id='word_1_341' title='bbox 1517 2805 1739 2875; x_wconf 84' lang='grc' dir='ltr'>Κύριος,</span> <span class='ocrx_word' id='word_1_342' title='bbox 1771 2805 1864 2857; x_wconf 77' lang='grc' dir='ltr'><strong>καὶ</strong></span> <span class='ocrx_word' id='word_1_343' title='bbox 1905 2805 2005 2867; x_wconf 74' lang='grc' dir='ltr'><strong>τὰς</strong></span> 
     </span>
    </p>
   </div>
   <div class='ocr_carea' id='block_1_47' title="bbox 429 2899 2004 2974">
    <p class='ocr_par' dir='ltr' id='par_1_47' title="bbox 429 2899 2004 2974">
     <span class='ocr_line' id='line_1_47' title="bbox 429 2899 2004 2974; baseline -0.002 -21"><span class='ocrx_word' id='word_1_344' title='bbox 429 2903 579 2974; x_wconf 79' lang='grc' dir='ltr'><strong>παρά</strong></span> <span class='ocrx_word' id='word_1_345' title='bbox 627 2904 844 2956; x_wconf 79' lang='grc' dir='ltr'>πάντων</span> <span class='ocrx_word' id='word_1_346' title='bbox 890 2903 1142 2972; x_wconf 77' lang='grc' dir='ltr'>λατρείας</span> <span class='ocrx_word' id='word_1_347' title='bbox 1191 2901 1496 2970; x_wconf 86' lang='grc' dir='ltr'>δεχόμενος,</span> <span class='ocrx_word' id='word_1_348' title='bbox 1549 2899 1734 2968; x_wconf 82' lang='grc' dir='ltr'>ἐπειδὴ</span> <span class='ocrx_word' id='word_1_349' title='bbox 1781 2899 2004 2967; x_wconf 77' lang='grc' dir='ltr'>γέγονεν</span> 
     </span>
    </p>
   </div>
   <div class='ocr_carea' id='block_1_48' title="bbox 427 2991 2005 3064">
    <p class='ocr_par' dir='ltr' id='par_1_48' title="bbox 427 2991 2005 3064">
     <span class='ocr_line' id='line_1_48' title="bbox 427 2991 2005 3064; baseline -0.003 -18"><span class='ocrx_word' id='word_1_350' title='bbox 427 2991 728 3064; x_wconf 79' lang='grc' dir='ltr'>ἄνθρωπος,</span> <span class='ocrx_word' id='word_1_351' title='bbox 752 2992 1156 3064; x_wconf 86' lang='grc' dir='ltr'>κεχρημάτικεν</span> <span class='ocrx_word' id='word_1_352' title='bbox 1181 2991 1334 3062; x_wconf 86' lang='grc' dir='ltr'>ἡμῶν</span> <span class='ocrx_word' id='word_1_353' title='bbox 1356 2991 1448 3044; x_wconf 71' lang='grc' dir='ltr'><strong>καὶ</strong></span> <span class='ocrx_word' id='word_1_354' title='bbox 1477 2991 1782 3060; x_wconf 87' lang='grc' dir='ltr'>ἀρχιερεύς.</span> <span class='ocrx_word' id='word_1_355' title='bbox 1810 2991 2005 3042; x_wconf 76' lang='grc' dir='ltr'>Λαϐεῖν</span> 
     </span>
    </p>
   </div>
   <div class='ocr_carea' id='block_1_49' title="bbox 427 3081 2003 3156">
    <p class='ocr_par' dir='ltr' id='par_1_49' title="bbox 427 3081 2003 3156">
     <span class='ocr_line' id='line_1_49' title="bbox 427 3081 2003 3156; baseline -0.003 -18"><span class='ocrx_word' id='word_1_356' title='bbox 427 3085 488 3138; x_wconf 81' lang='grc' dir='ltr'>δὲ</span> <span class='ocrx_word' id='word_1_357' title='bbox 518 3085 734 3154; x_wconf 82' lang='grc' dir='ltr'>λέγεται</span> <span class='ocrx_word' id='word_1_358' title='bbox 773 3087 868 3138; x_wconf 77' lang='grc' dir='ltr'>καὶ</span> <span class='ocrx_word' id='word_1_359' title='bbox 900 3085 998 3156; x_wconf 83' lang='grc' dir='ltr'>τὴν</span> <span class='ocrx_word' id='word_1_360' title='bbox 1038 3085 1194 3148; x_wconf 84' lang='grc' dir='ltr'>δόξαν</span> <span class='ocrx_word' id='word_1_361' title='bbox 1223 3083 1407 3148; x_wconf 72' lang='grc' dir='ltr'>Δαϐὶδ,</span> <span class='ocrx_word' id='word_1_362' title='bbox 1435 3083 1576 3136; x_wconf 83' lang='grc' dir='ltr'>τοῦτ’</span> <span class='ocrx_word' id='word_1_363' title='bbox 1605 3081 1739 3144; x_wconf 73' lang='grc' dir='ltr'>ἐστι,</span> <span class='ocrx_word' id='word_1_364' title='bbox 1775 3081 1873 3151; x_wconf 83' lang='grc' dir='ltr'><strong>τὴν</strong></span> <span class='ocrx_word' id='word_1_365' title='bbox 1911 3081 2003 3134; x_wconf 81' lang='grc' dir='ltr'><strong>ἐπί</strong></span> 
     </span>
    </p>
   </div>
   <div class='ocr_carea' id='block_1_50' title="bbox 2114 1895 3686 1967">
    <p class='ocr_par' dir='ltr' id='par_1_50' title="bbox 2114 1895 3686 1967">
     <span class='ocr_line' id='line_1_50' title="bbox 2114 1895 3686 1967; baseline 0.004 -18"><span class='ocrx_word' id='word_1_366' title='bbox 2114 1896 2364 1950; x_wconf 69' lang='lat' dir='ltr'><strong>lectores.</strong></span> <span class='ocrx_word' id='word_1_367' title='bbox 2401 1895 2510 1950; x_wconf 83' lang='lat' dir='ltr'><strong>Hac</strong></span> <span class='ocrx_word' id='word_1_368' title='bbox 2545 1897 2613 1952; x_wconf 91' lang='lat' dir='ltr'><strong>de</strong></span> <span class='ocrx_word' id='word_1_369' title='bbox 2645 1913 2805 1950; x_wconf 89' lang='lat' dir='ltr'><strong>causa</strong></span> <span class='ocrx_word' id='word_1_370' title='bbox 2841 1897 3054 1967; x_wconf 77' lang='lat' dir='ltr'><strong>depulsi</strong></span> <span class='ocrx_word' id='word_1_371' title='bbox 3098 1902 3536 1956; x_wconf 86' lang='lat' dir='ltr'><strong>suntsacerdotii</strong></span> <span class='ocrx_word' id='word_1_372' title='bbox 3583 1902 3686 1956; x_wconf 78' lang='lat' dir='ltr'><strong>ho-</strong></span> 
     </span>
    </p>
   </div>
   <div class='ocr_carea' id='block_1_51' title="bbox 2111 1987 3686 2060">
    <p class='ocr_par' dir='ltr' id='par_1_51' title="bbox 2111 1987 3686 2060">
     <span class='ocr_line' id='line_1_51' title="bbox 2111 1987 3686 2060; baseline 0.004 -19"><span class='ocrx_word' id='word_1_373' title='bbox 2111 1987 2356 2049; x_wconf 89' lang='lat' dir='ltr'><strong>noribus,</strong></span> <span class='ocrx_word' id='word_1_374' title='bbox 2403 1987 2678 2041; x_wconf 84' lang='lat' dir='ltr'><strong>deturbati</strong></span> <span class='ocrx_word' id='word_1_375' title='bbox 2714 1989 2993 2041; x_wconf 71' lang='lat' dir='ltr'><strong>dominatur</strong></span> <span class='ocrx_word' id='word_1_376' title='bbox 3036 1991 3305 2058; x_wconf 86' lang='lat' dir='ltr'><strong>populari,</strong></span> <span class='ocrx_word' id='word_1_377' title='bbox 3342 1991 3538 2060; x_wconf 88' lang='lat' dir='ltr'><strong>dejecti</strong></span> <span class='ocrx_word' id='word_1_378' title='bbox 3581 1993 3686 2047; x_wconf 90' lang='lat' dir='ltr'><strong>dis-</strong></span> 
     </span>
    </p>
   </div>
   <div class='ocr_carea' id='block_1_52' title="bbox 2111 2077 3683 2149">
    <p class='ocr_par' dir='ltr' id='par_1_52' title="bbox 2111 2077 3683 2149">
     <span class='ocr_line' id='line_1_52' title="bbox 2111 2077 3683 2149; baseline 0.001 -14"><span class='ocrx_word' id='word_1_379' title='bbox 2111 2083 2429 2148; x_wconf 86' lang='lat' dir='ltr'><strong>pensatione</strong></span> <span class='ocrx_word' id='word_1_380' title='bbox 2456 2079 2556 2132; x_wconf 91' lang='lat' dir='ltr'><strong>sibi</strong></span> <span class='ocrx_word' id='word_1_381' title='bbox 2581 2093 2645 2132; x_wconf 77' lang='lat' dir='ltr'><strong>ex</strong></span> <span class='ocrx_word' id='word_1_382' title='bbox 2673 2079 2992 2148; x_wconf 71' lang='lat' dir='ltr'><strong>prmscripto</strong></span> <span class='ocrx_word' id='word_1_383' title='bbox 3022 2077 3157 2148; x_wconf 80' lang='lat' dir='ltr'><strong>legis</strong></span> <span class='ocrx_word' id='word_1_384' title='bbox 3193 2080 3496 2149; x_wconf 80' lang='lat' dir='ltr'><strong>designata,</strong></span> <span class='ocrx_word' id='word_1_385' title='bbox 3534 2083 3683 2137; x_wconf 85' lang='lat' dir='ltr'><strong>exuti</strong></span> 
     </span>
    </p>
   </div>
   <div class='ocr_carea' id='block_1_53' title="bbox 2109 2154 3685 2238">
    <p class='ocr_par' dir='ltr' id='par_1_53' title="bbox 2109 2154 3685 2238">
     <span class='ocr_line' id='line_1_53' title="bbox 2109 2154 3685 2238; baseline -0.001 -14"><span class='ocrx_word' id='word_1_386' title='bbox 2109 2171 2326 2224; x_wconf 89' lang='lat' dir='ltr'><strong>coronis</strong></span> <span class='ocrx_word' id='word_1_387' title='bbox 2364 2169 2534 2224; x_wconf 89' lang='lat' dir='ltr'><strong>sacris</strong></span> <span class='ocrx_word' id='word_1_388' title='bbox 2563 2175 2616 2221; x_wconf 88' lang='lat' dir='ltr'><strong>et</strong></span> <span class='ocrx_word' id='word_1_389' title='bbox 2653 2167 2790 2222; x_wconf 87' lang='lat' dir='ltr'><strong>stola</strong></span> <span class='ocrx_word' id='word_1_390' title='bbox 2829 2154 3177 2222; x_wconf 74' lang='lat' dir='ltr'><strong>sacerdotali.</strong></span> <span class='ocrx_word' id='word_1_391' title='bbox 3224 2167 3568 2238; x_wconf 73' lang='lat' dir='ltr'><strong>Vocatusque</strong></span> <span class='ocrx_word' id='word_1_392' title='bbox 3600 2179 3685 2226; x_wconf 88' lang='lat' dir='ltr'><strong>est</strong></span> 
     </span>
    </p>
   </div>
   <div class='ocr_carea' id='block_1_54' title="bbox 2111 2257 3682 2330">
    <p class='ocr_par' dir='ltr' id='par_1_54' title="bbox 2111 2257 3682 2330">
     <span class='ocr_line' id='line_1_54' title="bbox 2111 2257 3682 2330; baseline 0.001 -17"><span class='ocrx_word' id='word_1_393' title='bbox 2111 2271 2232 2330; x_wconf 91' lang='lat' dir='ltr'><strong>post</strong></span> <span class='ocrx_word' id='word_1_394' title='bbox 2273 2275 2367 2314; x_wconf 91' lang='lat' dir='ltr'><strong>eos</strong></span> <span class='ocrx_word' id='word_1_395' title='bbox 2411 2260 2670 2313; x_wconf 89' lang='lat' dir='ltr'><strong>Dominus</strong></span> <span class='ocrx_word' id='word_1_396' title='bbox 2715 2267 2903 2312; x_wconf 88' lang='lat' dir='ltr'><strong>noster</strong></span> <span class='ocrx_word' id='word_1_397' title='bbox 2953 2257 3108 2312; x_wconf 88' lang='lat' dir='ltr'><strong>Jesus</strong></span> <span class='ocrx_word' id='word_1_398' title='bbox 3137 2258 3410 2324; x_wconf 87' lang='lat' dir='ltr'><strong>Christus,</strong></span> <span class='ocrx_word' id='word_1_399' title='bbox 3458 2276 3682 2330; x_wconf 84' lang='lat' dir='ltr'><strong>magnus</strong></span> 
     </span>
    </p>
   </div>
   <div class='ocr_carea' id='block_1_55' title="bbox 2109 2347 3682 2414">
    <p class='ocr_par' dir='ltr' id='par_1_55' title="bbox 2109 2347 3682 2414">
     <span class='ocr_line' id='line_1_55' title="bbox 2109 2347 3682 2414; baseline 0.003 -11"><span class='ocrx_word' id='word_1_400' title='bbox 2109 2358 2296 2405; x_wconf 90' lang='lat' dir='ltr'><strong>noster</strong></span> <span class='ocrx_word' id='word_1_401' title='bbox 2325 2350 2603 2404; x_wconf 88' lang='lat' dir='ltr'><strong>sacerdos.</strong></span> <span class='ocrx_word' id='word_1_402' title='bbox 2633 2347 3096 2414; x_wconf 88' lang='lat' dir='ltr'><strong>Quemadmodum</strong></span> <span class='ocrx_word' id='word_1_403' title='bbox 3142 2351 3285 2403; x_wconf 90' lang='lat' dir='ltr'><strong>enim</strong></span> <span class='ocrx_word' id='word_1_404' title='bbox 3321 2350 3512 2406; x_wconf 86' lang='lat' dir='ltr'><strong>beatus</strong></span> <span class='ocrx_word' id='word_1_405' title='bbox 3541 2350 3682 2407; x_wconf 87' lang='lat' dir='ltr'><strong>Pau-</strong></span> 
     </span>
    </p>
   </div>
   <div class='ocr_carea' id='block_1_56' title="bbox 2109 2429 3678 2508">
    <p class='ocr_par' dir='ltr' id='par_1_56' title="bbox 2109 2429 3678 2508">
     <span class='ocr_line' id='line_1_56' title="bbox 2109 2429 3678 2508; baseline 0.002 -14"><span class='ocrx_word' id='word_1_406' title='bbox 2109 2429 2194 2495; x_wconf 44' lang='lat' dir='ltr'><strong>lu&#39;s</strong></span> <span class='ocrx_word' id='word_1_407' title='bbox 2218 2441 2451 2494; x_wconf 83' lang='lat' dir='ltr'><strong>scribit:</strong></span> <span class='ocrx_word' id='word_1_408' title='bbox 2491 2459 2508 2490; x_wconf 78' lang='grc' dir='ltr'><strong>ι</strong></span> <span class='ocrx_word' id='word_1_409' title='bbox 2547 2438 2662 2492; x_wconf 85' lang='grc' dir='ltr'>Νοη</span> <span class='ocrx_word' id='word_1_410' title='bbox 2707 2439 2810 2492; x_wconf 86' lang='lat' dir='ltr'><strong>sibi</strong></span> <span class='ocrx_word' id='word_1_411' title='bbox 2855 2440 2977 2508; x_wconf 90' lang='lat' dir='ltr'><strong>quis</strong></span> <span class='ocrx_word' id='word_1_412' title='bbox 3026 2439 3218 2508; x_wconf 89' lang='lat' dir='ltr'><strong>arripit</strong></span> <span class='ocrx_word' id='word_1_413' title='bbox 3254 2441 3536 2508; x_wconf 90' lang='lat' dir='ltr'><strong>honorem,</strong></span> <span class='ocrx_word' id='word_1_414' title='bbox 3583 2443 3678 2497; x_wconf 90' lang='lat' dir='ltr'><strong>sed</strong></span> 
     </span>
    </p>
   </div>
   <div class='ocr_carea' id='block_1_57' title="bbox 2109 2521 3678 2599">
    <p class='ocr_par' dir='ltr' id='par_1_57' title="bbox 2109 2521 3678 2599">
     <span class='ocr_line' id='line_1_57' title="bbox 2109 2521 3678 2599; baseline 0.002 -15"><span class='ocrx_word' id='word_1_415' title='bbox 2109 2541 2337 2586; x_wconf 82' lang='lat' dir='ltr'><strong>vocatus</strong></span> <span class='ocrx_word' id='word_1_416' title='bbox 2397 2547 2424 2583; x_wconf 90' lang='lat' dir='ltr'><strong>a</strong></span> <span class='ocrx_word' id='word_1_417' title='bbox 2481 2531 2609 2594; x_wconf 88' lang='lat' dir='ltr'><strong>Deo,</strong></span> <span class='ocrx_word' id='word_1_418' title='bbox 2657 2530 3116 2599; x_wconf 89' lang='lat' dir='ltr'><strong>quemadmodum</strong></span> <span class='ocrx_word' id='word_1_419' title='bbox 3173 2539 3229 2584; x_wconf 92' lang='lat' dir='ltr'><strong>ct</strong></span> <span class='ocrx_word' id='word_1_420' title='bbox 3275 2531 3520 2588; x_wconf 85' lang='lat' dir='ltr'><strong>Christus</strong></span> <span class='ocrx_word' id='word_1_421' title='bbox 3569 2521 3678 2587; x_wconf 82' lang='grc' dir='ltr'>ιῖοιι</span> 
     </span>
    </p>
   </div>
   <div class='ocr_carea' id='block_1_58' title="bbox 2108 2621 3680 2695">
    <p class='ocr_par' dir='ltr' id='par_1_58' title="bbox 2108 2621 3680 2695">
     <span class='ocr_line' id='line_1_58' title="bbox 2108 2621 3680 2695; baseline 0.001 -16"><span class='ocrx_word' id='word_1_422' title='bbox 2108 2624 2346 2692; x_wconf 86' lang='lat' dir='ltr'><strong>seipsum</strong></span> <span class='ocrx_word' id='word_1_423' title='bbox 2381 2622 2719 2692; x_wconf 83' lang='lat' dir='ltr'><strong>gloriﬁcavit,</strong></span> <span class='ocrx_word' id='word_1_424' title='bbox 2784 2630 2840 2676; x_wconf 93' lang='lat' dir='ltr'><strong>ut</strong></span> <span class='ocrx_word' id='word_1_425' title='bbox 2879 2621 3035 2676; x_wconf 88' lang='lat' dir='ltr'><strong>ﬁeret</strong></span> <span class='ocrx_word' id='word_1_426' title='bbox 3067 2622 3329 2692; x_wconf 82' lang='lat' dir='ltr'><strong>pontifex,</strong></span> <span class='ocrx_word' id='word_1_427' title='bbox 3362 2624 3457 2679; x_wconf 88' lang='lat' dir='ltr'><strong>sed</strong></span> <span class='ocrx_word' id='word_1_428' title='bbox 3481 2626 3570 2695; x_wconf 90' lang='lat' dir='ltr'><strong>qui</strong></span> <span class='ocrx_word' id='word_1_429' title='bbox 3601 2626 3680 2682; x_wconf 91' lang='lat' dir='ltr'><strong>lo-</strong></span> 
     </span>
    </p>
   </div>
   <div class='ocr_carea' id='block_1_59' title="bbox 2107 2713 3676 2783">
    <p class='ocr_par' dir='ltr' id='par_1_59' title="bbox 2107 2713 3676 2783">
     <span class='ocr_line' id='line_1_59' title="bbox 2107 2713 3676 2783; baseline -0.001 -13"><span class='ocrx_word' id='word_1_430' title='bbox 2107 2725 2263 2770; x_wconf 88' lang='lat' dir='ltr'><strong>cutus</strong></span> <span class='ocrx_word' id='word_1_431' title='bbox 2293 2725 2375 2770; x_wconf 86' lang='lat' dir='ltr'><strong>cst</strong></span> <span class='ocrx_word' id='word_1_432' title='bbox 2402 2716 2467 2769; x_wconf 88' lang='lat' dir='ltr'><strong>ad</strong></span> <span class='ocrx_word' id='word_1_433' title='bbox 2523 2714 2715 2767; x_wconf 85' lang='lat' dir='ltr'><strong>illum:</strong></span> <span class='ocrx_word' id='word_1_434' title='bbox 2755 2713 2834 2766; x_wconf 89' lang='lat' dir='ltr'><strong>Tu</strong></span> <span class='ocrx_word' id='word_1_435' title='bbox 2893 2714 3150 2770; x_wconf 84' lang='lat' dir='ltr'><strong>sacerdos</strong></span> <span class='ocrx_word' id='word_1_436' title='bbox 3193 2717 3246 2768; x_wconf 91' lang='lat' dir='ltr'><strong>in</strong></span> <span class='ocrx_word' id='word_1_437' title='bbox 3294 2717 3676 2783; x_wconf 72' lang='lat' dir='ltr'><strong>aeternitatem,</strong></span> 
     </span>
    </p>
   </div>
   <div class='ocr_carea' id='block_1_60' title="bbox 2108 2806 3678 2863">
    <p class='ocr_par' dir='ltr' id='par_1_60' title="bbox 2108 2806 3678 2863">
     <span class='ocr_line' id='line_1_60' title="bbox 2108 2806 3678 2863; baseline 0 -1"><span class='ocrx_word' id='word_1_438' title='bbox 2108 2809 2406 2862; x_wconf 85' lang='lat' dir='ltr'><strong>secundum</strong></span> <span class='ocrx_word' id='word_1_439' title='bbox 2452 2808 2692 2860; x_wconf 87' lang='lat' dir='ltr'><strong>ordinem</strong></span> <span class='ocrx_word' id='word_1_440' title='bbox 2740 2806 3100 2860; x_wconf 83' lang='lat' dir='ltr'><strong>Mclchisedec</strong></span> <span class='ocrx_word' id='word_1_441' title='bbox 3159 2807 3223 2860; x_wconf 84' lang='grc'><strong>¹⁰.</strong></span> <span class='ocrx_word' id='word_1_442' title='bbox 3265 2827 3282 2860; x_wconf 77' lang='grc' dir='ltr'><strong>ι</strong></span> <span class='ocrx_word' id='word_1_443' title='bbox 3347 2809 3488 2863; x_wconf 86' lang='lat' dir='ltr'><strong>Deus</strong></span> <span class='ocrx_word' id='word_1_444' title='bbox 3534 2813 3678 2863; x_wconf 73' lang='lat' dir='ltr'><strong>enim</strong></span> 
     </span>
    </p>
   </div>
   <div class='ocr_carea' id='block_1_61' title="bbox 2109 2897 3682 2962">
    <p class='ocr_par' dir='ltr' id='par_1_61' title="bbox 2109 2897 3682 2962">
     <span class='ocr_line' id='line_1_61' title="bbox 2109 2897 3682 2962; baseline 0.001 -10"><span class='ocrx_word' id='word_1_445' title='bbox 2109 2909 2304 2953; x_wconf 89' lang='lat' dir='ltr'><strong>natura</strong></span> <span class='ocrx_word' id='word_1_446' title='bbox 2336 2909 2390 2952; x_wconf 88' lang='lat' dir='ltr'><strong>et</strong></span> <span class='ocrx_word' id='word_1_447' title='bbox 2421 2899 2790 2952; x_wconf 87' lang='lat' dir='ltr'><strong>universitatis</strong></span> <span class='ocrx_word' id='word_1_448' title='bbox 2829 2897 3114 2962; x_wconf 88' lang='lat' dir='ltr'><strong>Dominus,</strong></span> <span class='ocrx_word' id='word_1_449' title='bbox 3150 2906 3204 2950; x_wconf 89' lang='lat' dir='ltr'><strong>et</strong></span> <span class='ocrx_word' id='word_1_450' title='bbox 3235 2898 3438 2952; x_wconf 86' lang='lat' dir='ltr'><strong>cultum</strong></span> <span class='ocrx_word' id='word_1_451' title='bbox 3468 2899 3536 2952; x_wconf 88' lang='lat' dir='ltr'><strong>ab</strong></span> <span class='ocrx_word' id='word_1_452' title='bbox 3571 2917 3682 2953; x_wconf 91' lang='lat' dir='ltr'><strong>om-</strong></span> 
     </span>
    </p>
   </div>
   <div class='ocr_carea' id='block_1_62' title="bbox 2109 2987 3683 3056">
    <p class='ocr_par' dir='ltr' id='par_1_62' title="bbox 2109 2987 3683 3056">
     <span class='ocr_line' id='line_1_62' title="bbox 2109 2987 3683 3056; baseline 0.002 -13"><span class='ocrx_word' id='word_1_453' title='bbox 2109 2991 2266 3044; x_wconf 86' lang='lat' dir='ltr'><strong>nibus</strong></span> <span class='ocrx_word' id='word_1_454' title='bbox 2303 2991 2596 3056; x_wconf 83' lang='lat' dir='ltr'><strong>recipiens,</strong></span> <span class='ocrx_word' id='word_1_455' title='bbox 2627 3004 2746 3042; x_wconf 92' lang='lat' dir='ltr'><strong>cum</strong></span> <span class='ocrx_word' id='word_1_456' title='bbox 2772 2998 2914 3042; x_wconf 88' lang='lat' dir='ltr'><strong>esset</strong></span> <span class='ocrx_word' id='word_1_457' title='bbox 2939 2987 3101 3042; x_wconf 87' lang='lat' dir='ltr'><strong>homo</strong></span> <span class='ocrx_word' id='word_1_458' title='bbox 3130 2989 3322 3053; x_wconf 78' lang='lat' dir='ltr'><strong>factus,</strong></span> <span class='ocrx_word' id='word_1_459' title='bbox 3355 3001 3573 3044; x_wconf 89' lang='lat' dir='ltr'><strong>vocatus</strong></span> <span class='ocrx_word' id='word_1_460' title='bbox 3599 3001 3683 3046; x_wconf 89' lang='lat' dir='ltr'><strong>est</strong></span> 
     </span>
    </p>
   </div>
   <div class='ocr_carea' id='block_1_63' title="bbox 2107 3079 3681 3150">
    <p class='ocr_par' dir='ltr' id='par_1_63' title="bbox 2107 3079 3681 3150">
     <span class='ocr_line' id='line_1_63' title="bbox 2107 3079 3681 3150; baseline -0.001 -14"><span class='ocrx_word' id='word_1_461' title='bbox 2107 3081 2270 3136; x_wconf 90' lang='lat' dir='ltr'><strong>etiam</strong></span> <span class='ocrx_word' id='word_1_462' title='bbox 2309 3092 2494 3134; x_wconf 84' lang='lat' dir='ltr'><strong>noster</strong></span> <span class='ocrx_word' id='word_1_463' title='bbox 2531 3079 2792 3148; x_wconf 84' lang='lat' dir='ltr'><strong>pontifex,</strong></span> <span class='ocrx_word' id='word_1_464' title='bbox 2828 3090 2882 3132; x_wconf 90' lang='lat' dir='ltr'><strong>et</strong></span> <span class='ocrx_word' id='word_1_465' title='bbox 2913 3079 3131 3135; x_wconf 82' lang='lat' dir='ltr'><strong>Davidis</strong></span> <span class='ocrx_word' id='word_1_466' title='bbox 3165 3081 3390 3150; x_wconf 80' lang='lat' dir='ltr'><strong>gloriam</strong></span> <span class='ocrx_word' id='word_1_467' title='bbox 3434 3082 3681 3150; x_wconf 87' lang='lat' dir='ltr'><strong>accipere</strong></span> 
     </span>
    </p>
   </div>
   <div class='ocr_carea' id='block_1_64' title="bbox 427 3159 2004 3250">
    <p class='ocr_par' dir='ltr' id='par_1_64' title="bbox 427 3173 2004 3250">
     <span class='ocr_line' id='line_1_64' title="bbox 427 3173 2004 3250; baseline -0.004 -19"><span class='ocrx_word' id='word_1_468' title='bbox 427 3196 492 3248; x_wconf 87' lang='grc' dir='ltr'><strong>γε</strong></span> <span class='ocrx_word' id='word_1_469' title='bbox 530 3180 622 3231; x_wconf 85' lang='grc' dir='ltr'><strong>τὸν</strong></span> <span class='ocrx_word' id='word_1_470' title='bbox 665 3177 878 3249; x_wconf 82' lang='grc' dir='ltr'>Ἰσραὴλ</span> <span class='ocrx_word' id='word_1_471' title='bbox 923 3179 1095 3250; x_wconf 81' lang='grc' dir='ltr'>ἀρχήν</span> <span class='ocrx_word' id='word_1_472' title='bbox 1133 3193 1192 3230; x_wconf 91' lang='grc' dir='ltr'><strong>τε</strong></span> <span class='ocrx_word' id='word_1_473' title='bbox 1238 3177 1332 3230; x_wconf 71' lang='grc' dir='ltr'>καὶ</span> <span class='ocrx_word' id='word_1_474' title='bbox 1366 3174 1674 3245; x_wconf 82' lang='grc' dir='ltr'>βασιλείαν·</span> <span class='ocrx_word' id='word_1_475' title='bbox 1711 3173 1926 3244; x_wconf 85' lang='grc' dir='ltr'>Ἰσραὴλ</span> <span class='ocrx_word' id='word_1_476' title='bbox 1949 3173 2004 3225; x_wconf 85' lang='grc' dir='ltr'>δέ</span> 
     </span>
    </p>
   </div>
   <div class='ocr_carea' id='block_1_65' title="bbox 2109 3159 3675 3250">
    <p class='ocr_par' dir='ltr' id='par_1_65' title="bbox 2111 3168 3675 3236">
     <span class='ocr_line' id='line_1_65' title="bbox 2111 3168 3675 3236; baseline 0 -14"><span class='ocrx_word' id='word_1_477' title='bbox 2111 3169 2287 3223; x_wconf 78' lang='lat' dir='ltr'><strong>dic-tus</strong></span> <span class='ocrx_word' id='word_1_478' title='bbox 2313 3178 2414 3231; x_wconf 89' lang='lat' dir='ltr'><strong>est,</strong></span> <span class='ocrx_word' id='word_1_479' title='bbox 2445 3169 2494 3220; x_wconf 87' lang='lat' dir='ltr'><strong>id</strong></span> <span class='ocrx_word' id='word_1_480' title='bbox 2526 3177 2606 3220; x_wconf 90' lang='lat' dir='ltr'><strong>est</strong></span> <span class='ocrx_word' id='word_1_481' title='bbox 2641 3169 2936 3236; x_wconf 88' lang='lat' dir='ltr'><strong>potentiam</strong></span> <span class='ocrx_word' id='word_1_482' title='bbox 2964 3176 3018 3220; x_wconf 90' lang='lat' dir='ltr'><strong>et</strong></span> <span class='ocrx_word' id='word_1_483' title='bbox 3070 3184 3294 3236; x_wconf 83' lang='lat' dir='ltr'><strong>regnum</strong></span> <span class='ocrx_word' id='word_1_484' title='bbox 3320 3169 3374 3222; x_wconf 90' lang='lat' dir='ltr'><strong>in</strong></span> <span class='ocrx_word' id='word_1_485' title='bbox 3401 3168 3675 3223; x_wconf 81' lang='lat' dir='ltr'><strong>Israelem.</strong></span> 
     </span>
    </p>
   </div>
   <div class='ocr_carea' id='block_1_66' title="bbox 429 3264 2008 3340">
    <p class='ocr_par' dir='ltr' id='par_1_66' title="bbox 429 3264 2008 3340">
     <span class='ocr_line' id='line_1_66' title="bbox 429 3264 2008 3340; baseline -0.003 -18"><span class='ocrx_word' id='word_1_486' title='bbox 429 3287 608 3340; x_wconf 80' lang='grc' dir='ltr'>φαμεν</span> <span class='ocrx_word' id='word_1_487' title='bbox 661 3271 722 3322; x_wconf 82' lang='grc' dir='ltr'><strong>οὐ</strong></span> <span class='ocrx_word' id='word_1_488' title='bbox 771 3270 862 3325; x_wconf 78' lang='grc' dir='ltr'><strong>τὸν</strong></span> <span class='ocrx_word' id='word_1_489' title='bbox 915 3269 1056 3322; x_wconf 87' lang='grc' dir='ltr'><strong>κατά</strong></span> <span class='ocrx_word' id='word_1_490' title='bbox 1115 3270 1293 3339; x_wconf 82' lang='grc' dir='ltr'>σάρκα</span> <span class='ocrx_word' id='word_1_491' title='bbox 1339 3267 1574 3330; x_wconf 83' lang='grc' dir='ltr'>πάντως,</span> <span class='ocrx_word' id='word_1_492' title='bbox 1619 3264 1756 3318; x_wconf 88' lang='grc' dir='ltr'><strong>ἀλλά</strong></span> <span class='ocrx_word' id='word_1_493' title='bbox 1801 3265 1893 3316; x_wconf 85' lang='grc' dir='ltr'><strong>τὸν</strong></span> <span class='ocrx_word' id='word_1_494' title='bbox 1949 3264 2008 3317; x_wconf 83' lang='grc' dir='ltr'>ὲν</span> 
     </span>
    </p>
   </div>
   <div class='ocr_carea' id='block_1_67' title="bbox 429 3353 2010 3430">
    <p class='ocr_par' dir='ltr' id='par_1_67' title="bbox 429 3353 2010 3430">
     <span class='ocr_line' id='line_1_67' title="bbox 429 3353 2010 3430; baseline -0.006 -18"><span class='ocrx_word' id='word_1_495' title='bbox 429 3360 699 3430; x_wconf 86' lang='grc' dir='ltr'>πνεύματι</span> <span class='ocrx_word' id='word_1_496' title='bbox 737 3361 830 3412; x_wconf 75' lang='grc' dir='ltr'><strong>καὶ</strong></span> <span class='ocrx_word' id='word_1_497' title='bbox 863 3359 1071 3428; x_wconf 86' lang='grc' dir='ltr'>νοητόν.</span> <span class='ocrx_word' id='word_1_498' title='bbox 1117 3359 1192 3410; x_wconf 78' lang='grc' dir='ltr'><strong>Οὐ</strong></span> <span class='ocrx_word' id='word_1_499' title='bbox 1239 3357 1348 3427; x_wconf 86' lang='grc' dir='ltr'>γὰρ</span> <span class='ocrx_word' id='word_1_500' title='bbox 1390 3357 1610 3417; x_wconf 84' lang='grc' dir='ltr'>πάντες,</span> <span class='ocrx_word' id='word_1_501' title='bbox 1646 3355 1830 3425; x_wconf 77' lang='grc' dir='ltr'>φησὶν,</span> <span class='ocrx_word' id='word_1_502' title='bbox 1873 3355 1922 3405; x_wconf 83' lang='grc' dir='ltr'>οἱ</span> <span class='ocrx_word' id='word_1_503' title='bbox 1951 3353 2010 3415; x_wconf 79' lang='grc' dir='ltr'>εξ</span> 
     </span>
    </p>
   </div>
   <div class='ocr_carea' id='block_1_68' title="bbox 437 3441 2006 3522">
    <p class='ocr_par' dir='ltr' id='par_1_68' title="bbox 437 3441 2006 3522">
     <span class='ocr_line' id='line_1_68' title="bbox 437 3441 2006 3522; baseline -0.006 -19"><span class='ocrx_word' id='word_1_504' title='bbox 437 3450 675 3522; x_wconf 81' lang='grc' dir='ltr'>Ἰσραὴλ,</span> <span class='ocrx_word' id='word_1_505' title='bbox 700 3445 844 3502; x_wconf 72' lang='grc' dir='ltr'>οὗτοι</span> <span class='ocrx_word' id='word_1_506' title='bbox 877 3448 1110 3518; x_wconf 82' lang='grc' dir='ltr'>Ἰσραὴλ,</span> <span class='ocrx_word' id='word_1_507' title='bbox 1134 3447 1242 3500; x_wconf 83' lang='grc' dir='ltr'>οὐδ’</span> <span class='ocrx_word' id='word_1_508' title='bbox 1267 3447 1348 3498; x_wconf 82' lang='grc' dir='ltr'>ὅτι</span> <span class='ocrx_word' id='word_1_509' title='bbox 1375 3445 1480 3497; x_wconf 73' lang='grc' dir='ltr'>εἰσὶ</span> <span class='ocrx_word' id='word_1_510' title='bbox 1507 3444 1727 3514; x_wconf 78' lang='grc' dir='ltr'>σπέρμα</span> <span class='ocrx_word' id='word_1_511' title='bbox 1759 3441 2006 3514; x_wconf 75' lang='grc' dir='ltr'>Ἀϐραὰμ</span> 
     </span>
    </p>
   </div>
   <div class='ocr_carea' id='block_1_69' title="bbox 429 3533 2005 3604">
    <p class='ocr_par' dir='ltr' id='par_1_69' title="bbox 429 3533 2005 3604">
     <span class='ocr_line' id='line_1_69' title="bbox 429 3533 2005 3604; baseline -0.005 -12"><span class='ocrx_word' id='word_1_512' title='bbox 429 3542 629 3603; x_wconf 80' lang='grc' dir='ltr'>πάντες</span> <span class='ocrx_word' id='word_1_513' title='bbox 657 3539 842 3604; x_wconf 83' lang='grc' dir='ltr'>τέκνα,</span> <span class='ocrx_word' id='word_1_514' title='bbox 890 3538 1004 3590; x_wconf 82' lang='grc' dir='ltr'>ἀλλ’</span> <span class='ocrx_word' id='word_1_515' title='bbox 1032 3539 1145 3590; x_wconf 83' lang='grc' dir='ltr'>ὅσοι</span> <span class='ocrx_word' id='word_1_516' title='bbox 1190 3536 1279 3589; x_wconf 81' lang='grc' dir='ltr'>διὰ</span> <span class='ocrx_word' id='word_1_517' title='bbox 1329 3536 1564 3596; x_wconf 86' lang='grc' dir='ltr'>πίστεως</span> <span class='ocrx_word' id='word_1_518' title='bbox 1614 3533 2005 3600; x_wconf 81' lang='grc' dir='ltr'>δεδικαίωνται,</span> 
     </span>
    </p>
   </div>
   <div class='ocr_carea' id='block_1_70' title="bbox 428 3622 2004 3700">
    <p class='ocr_par' dir='ltr' id='par_1_70' title="bbox 428 3622 2004 3700">
     <span class='ocr_line' id='line_1_70' title="bbox 428 3622 2004 3700; baseline -0.007 -16"><span class='ocrx_word' id='word_1_519' title='bbox 428 3630 998 3700; x_wconf 75' lang='grc' dir='ltr'>κατακολουθήσαντες</span> <span class='ocrx_word' id='word_1_520' title='bbox 1022 3631 1134 3692; x_wconf 87' lang='grc' dir='ltr'>τοῖς</span> <span class='ocrx_word' id='word_1_521' title='bbox 1169 3627 1338 3697; x_wconf 81' lang='grc' dir='ltr'>ἴχνεσι</span> <span class='ocrx_word' id='word_1_522' title='bbox 1365 3625 1459 3679; x_wconf 85' lang='grc' dir='ltr'><strong>τοῦ</strong></span> <span class='ocrx_word' id='word_1_523' title='bbox 1492 3623 1696 3696; x_wconf 85' lang='grc' dir='ltr'>πατρὸς</span> <span class='ocrx_word' id='word_1_524' title='bbox 1737 3622 2004 3693; x_wconf 78' lang='grc' dir='ltr'>Ἀϐραὰμ,</span> 
     </span>
    </p>
   </div>
   <div class='ocr_carea' id='block_1_71' title="bbox 428 3713 2007 3788">
    <p class='ocr_par' dir='ltr' id='par_1_71' title="bbox 428 3713 2007 3788">
     <span class='ocr_line' id='line_1_71' title="bbox 428 3713 2007 3788; baseline -0.006 -14"><span class='ocrx_word' id='word_1_525' title='bbox 428 3716 572 3774; x_wconf 72' lang='grc' dir='ltr'>οὗτοι</span> <span class='ocrx_word' id='word_1_526' title='bbox 605 3722 700 3775; x_wconf 71' lang='grc' dir='ltr'><strong>καὶ</strong></span> <span class='ocrx_word' id='word_1_527' title='bbox 737 3721 904 3773; x_wconf 83' lang='grc' dir='ltr'>τέκνα</span> <span class='ocrx_word' id='word_1_528' title='bbox 930 3718 1116 3782; x_wconf 84' lang='grc' dir='ltr'>αὑτοῦ,</span> <span class='ocrx_word' id='word_1_529' title='bbox 1149 3719 1243 3770; x_wconf 77' lang='grc' dir='ltr'><strong>καὶ</strong></span> <span class='ocrx_word' id='word_1_530' title='bbox 1275 3717 1374 3788; x_wconf 83' lang='grc' dir='ltr'>τῆς</span> <span class='ocrx_word' id='word_1_531' title='bbox 1403 3715 1738 3783; x_wconf 78' lang='grc' dir='ltr'>ἐπαγγελίας</span> <span class='ocrx_word' id='word_1_532' title='bbox 1779 3715 1883 3766; x_wconf 78' lang='grc' dir='ltr'>υἱοὶ</span> <span class='ocrx_word' id='word_1_533' title='bbox 1916 3713 2007 3765; x_wconf 77' lang='grc' dir='ltr'><strong>καὶ</strong></span> 
     </span>
    </p>
   </div>
   <div class='ocr_carea' id='block_1_72' title="bbox 442 3803 2004 3884">
    <p class='ocr_par' dir='ltr' id='par_1_72' title="bbox 442 3803 2004 3884">
     <span class='ocr_line' id='line_1_72' title="bbox 442 3803 2004 3884; baseline -0.006 -19"><span class='ocrx_word' id='word_1_534' title='bbox 442 3812 652 3884; x_wconf 78' lang='grc' dir='ltr'>Ἰσραὴλ</span> <span class='ocrx_word' id='word_1_535' title='bbox 689 3811 1138 3884; x_wconf 78' lang='grc' dir='ltr'>χρηματίζουσιν.</span> <span class='ocrx_word' id='word_1_536' title='bbox 1201 3806 1632 3877; x_wconf 83' lang='grc' dir='ltr'>Ἀναδειχθέντος</span> <span class='ocrx_word' id='word_1_537' title='bbox 1678 3806 1858 3858; x_wconf 82' lang='grc' dir='ltr'>τοίνυν</span> <span class='ocrx_word' id='word_1_538' title='bbox 1909 3803 2004 3856; x_wconf 85' lang='grc' dir='ltr'><strong>τοῦ</strong></span> 
     </span>
    </p>
   </div>
   <div class='ocr_carea' id='block_1_73' title="bbox 429 3897 2004 3976">
    <p class='ocr_par' dir='ltr' id='par_1_73' title="bbox 429 3897 2004 3976">
     <span class='ocr_line' id='line_1_73' title="bbox 429 3897 2004 3976; baseline -0.006 -18"><span class='ocrx_word' id='word_1_539' title='bbox 429 3906 646 3960; x_wconf 82' lang='grc' dir='ltr'>πάντων</span> <span class='ocrx_word' id='word_1_540' title='bbox 676 3903 829 3976; x_wconf 78' lang='grc' dir='ltr'>ἡμῶν</span> <span class='ocrx_word' id='word_1_541' title='bbox 847 3903 1146 3974; x_wconf 81' lang='grc' dir='ltr'>ἀρχιερέως</span> <span class='ocrx_word' id='word_1_542' title='bbox 1175 3899 1433 3972; x_wconf 79' lang='grc' dir='ltr'>Χριστοῦ,</span> <span class='ocrx_word' id='word_1_543' title='bbox 1459 3900 1572 3952; x_wconf 81' lang='grc' dir='ltr'>Οὐκ</span> <span class='ocrx_word' id='word_1_544' title='bbox 1609 3897 1783 3962; x_wconf 79' lang='grc' dir='ltr'>ἔσται,</span> <span class='ocrx_word' id='word_1_545' title='bbox 1818 3897 2004 3967; x_wconf 64' lang='grc' dir='ltr'>φησιν,</span> 
     </span>
    </p>
   </div>
   <div class='ocr_carea' id='block_1_74' title="bbox 428 3989 2005 4065">
    <p class='ocr_par' dir='ltr' id='par_1_74' title="bbox 428 3989 2005 4065">
     <span class='ocr_line' id='line_1_74' title="bbox 428 3989 2005 4065; baseline -0.006 -15"><span class='ocrx_word' id='word_1_546' title='bbox 428 3995 739 4064; x_wconf 82' lang='grc' dir='ltr'>ἀντιλέγων.</span> <span class='ocrx_word' id='word_1_547' title='bbox 791 3996 865 4047; x_wconf 80' lang='grc' dir='ltr'><strong>Οὐ</strong></span> <span class='ocrx_word' id='word_1_548' title='bbox 908 3994 1016 4065; x_wconf 87' lang='grc' dir='ltr'><strong>γὰρ</strong></span> <span class='ocrx_word' id='word_1_549' title='bbox 1066 3993 1335 4061; x_wconf 77' lang='grc' dir='ltr'>ὠφελήσει</span> <span class='ocrx_word' id='word_1_550' title='bbox 1376 3990 1568 4061; x_wconf 76' lang='grc' dir='ltr'>ἐχθρὸς</span> <span class='ocrx_word' id='word_1_551' title='bbox 1614 3989 1672 4042; x_wconf 83' lang='grc' dir='ltr'>ὲν</span> <span class='ocrx_word' id='word_1_552' title='bbox 1717 3989 1882 4059; x_wconf 82' lang='grc' dir='ltr'>αὐτῷ,</span> <span class='ocrx_word' id='word_1_553' title='bbox 1912 3990 2005 4042; x_wconf 74' lang='grc' dir='ltr'><strong>καὶ</strong></span> 
     </span>
    </p>
   </div>
   <div class='ocr_carea' id='block_1_75' title="bbox 429 4083 2006 4160">
    <p class='ocr_par' dir='ltr' id='par_1_75' title="bbox 429 4083 2006 4160">
     <span class='ocr_line' id='line_1_75' title="bbox 429 4083 2006 4160; baseline -0.003 -18"><span class='ocrx_word' id='word_1_554' title='bbox 429 4089 542 4152; x_wconf 85' lang='grc' dir='ltr'>υἱὸς</span> <span class='ocrx_word' id='word_1_555' title='bbox 579 4089 806 4160; x_wconf 85' lang='grc' dir='ltr'>ἀνομίας</span> <span class='ocrx_word' id='word_1_556' title='bbox 847 4088 906 4140; x_wconf 83' lang='grc' dir='ltr'><strong>οὐ</strong></span> <span class='ocrx_word' id='word_1_557' title='bbox 952 4086 1250 4158; x_wconf 84' lang='grc' dir='ltr'>προσθήσει</span> <span class='ocrx_word' id='word_1_558' title='bbox 1285 4088 1377 4138; x_wconf 85' lang='grc' dir='ltr'><strong>τοῦ</strong></span> <span class='ocrx_word' id='word_1_559' title='bbox 1409 4083 1657 4137; x_wconf 88' lang='grc' dir='ltr'>κακῶσαι</span> <span class='ocrx_word' id='word_1_560' title='bbox 1690 4084 1870 4140; x_wconf 83' lang='grc' dir='ltr'>αὐτόν.</span> <span class='ocrx_word' id='word_1_561' title='bbox 1899 4084 2006 4137; x_wconf 70' lang='grc' dir='ltr'><strong>Καὶ</strong></span> 
     </span>
    </p>
   </div>
   <div class='ocr_carea' id='block_1_76' title="bbox 430 4161 2001 4252">
    <p class='ocr_par' dir='ltr' id='par_1_76' title="bbox 430 4161 2001 4252">
     <span class='ocr_line' id='line_1_76' title="bbox 430 4161 2001 4252; baseline -0.006 -18"><span class='ocrx_word' id='word_1_562' title='bbox 430 4180 550 4234; x_wconf 89' lang='grc' dir='ltr'>καθ’</span> <span class='ocrx_word' id='word_1_563' title='bbox 574 4181 758 4252; x_wconf 75' lang='grc' dir='ltr'>ἕτερον</span> <span class='ocrx_word' id='word_1_564' title='bbox 780 4179 834 4231; x_wconf 83' lang='grc' dir='ltr'>δὲ</span> <span class='ocrx_word' id='word_1_565' title='bbox 857 4179 1074 4250; x_wconf 82' lang='grc' dir='ltr'>τρόπον.</span> <span class='ocrx_word' id='word_1_566' title='bbox 1106 4177 1417 4247; x_wconf 82' lang='grc' dir='ltr'>’Λντείρηκε</span> <span class='ocrx_word' id='word_1_567' title='bbox 1450 4176 1548 4248; x_wconf 81' lang='grc' dir='ltr'><strong>μὲν</strong></span> <span class='ocrx_word' id='word_1_568' title='bbox 1575 4175 1681 4246; x_wconf 87' lang='grc' dir='ltr'><strong>γὰρ</strong></span> <span class='ocrx_word' id='word_1_569' title='bbox 1711 4177 1738 4226; x_wconf 86' lang='lat'><strong>6</strong></span> <span class='ocrx_word' id='word_1_570' title='bbox 1767 4161 2001 4245; x_wconf 63' lang='grc' dir='ltr'>Ἰσραὴλ,</span> 
     </span>
    </p>
   </div>
   <div class='ocr_carea' id='block_1_77' title="bbox 432 4268 2003 4344">
    <p class='ocr_par' dir='ltr' id='par_1_77' title="bbox 432 4268 2003 4344">
     <span class='ocr_line' id='line_1_77' title="bbox 432 4268 2003 4344; baseline -0.005 -18"><span class='ocrx_word' id='word_1_571' title='bbox 432 4273 706 4344; x_wconf 78' lang='grc' dir='ltr'>ὴσμένησε</span> <span class='ocrx_word' id='word_1_572' title='bbox 737 4271 792 4325; x_wconf 82' lang='grc' dir='ltr'>δὲ</span> <span class='ocrx_word' id='word_1_573' title='bbox 819 4272 886 4324; x_wconf 83' lang='grc' dir='ltr'>τὰ</span> <span class='ocrx_word' id='word_1_574' title='bbox 925 4271 1050 4342; x_wconf 82' lang='grc' dir='ltr'>ἔθνη</span> <span class='ocrx_word' id='word_1_575' title='bbox 1092 4269 1152 4323; x_wconf 81' lang='grc' dir='ltr'><strong>τὸ</strong></span> <span class='ocrx_word' id='word_1_576' title='bbox 1179 4271 1270 4322; x_wconf 83' lang='grc' dir='ltr'>ὑπ’</span> <span class='ocrx_word' id='word_1_577' title='bbox 1293 4270 1442 4338; x_wconf 81' lang='grc' dir='ltr'>αὐτῷ</span> <span class='ocrx_word' id='word_1_578' title='bbox 1469 4268 1862 4339; x_wconf 85' lang='grc' dir='ltr'>βασιλεύεσθαι.</span> <span class='ocrx_word' id='word_1_579' title='bbox 1897 4268 2003 4321; x_wconf 72' lang='grc' dir='ltr'><strong>Καὶ</strong></span> 
     </span>
    </p>
   </div>
   <div class='ocr_carea' id='block_1_78' title="bbox 426 4359 2003 4435">
    <p class='ocr_par' dir='ltr' id='par_1_78' title="bbox 426 4359 2003 4435">
     <span class='ocr_line' id='line_1_78' title="bbox 426 4359 2003 4435; baseline -0.005 -17"><span class='ocrx_word' id='word_1_580' title='bbox 426 4365 555 4434; x_wconf 86' lang='grc' dir='ltr'>γοῦν</span> <span class='ocrx_word' id='word_1_581' title='bbox 599 4364 908 4435; x_wconf 80' lang='grc' dir='ltr'>εὑρίσκεται</span> <span class='ocrx_word' id='word_1_582' title='bbox 956 4363 1129 4430; x_wconf 81' lang='grc' dir='ltr'>λέγων</span> <span class='ocrx_word' id='word_1_583' title='bbox 1173 4362 1260 4415; x_wconf 88' lang='grc' dir='ltr'><strong>διά</strong></span> <span class='ocrx_word' id='word_1_584' title='bbox 1304 4363 1484 4429; x_wconf 77' lang='grc' dir='ltr'>φωνῆς</span> <span class='ocrx_word' id='word_1_585' title='bbox 1527 4359 1620 4411; x_wconf 86' lang='grc' dir='ltr'><strong>τοῦ</strong></span> <span class='ocrx_word' id='word_1_586' title='bbox 1659 4360 1840 4423; x_wconf 75' lang='grc' dir='ltr'>Δαόὶδ,</span> <span class='ocrx_word' id='word_1_587' title='bbox 1876 4360 2003 4428; x_wconf 77' lang='grc' dir='ltr'>περὶ</span> 
     </span>
    </p>
   </div>
   <div class='ocr_carea' id='block_1_79' title="bbox 431 4451 1992 4526">
    <p class='ocr_par' dir='ltr' id='par_1_79' title="bbox 431 4451 1992 4526">
     <span class='ocr_line' id='line_1_79' title="bbox 431 4451 1992 4526; baseline -0.004 -18"><span class='ocrx_word' id='word_1_588' title='bbox 431 4457 528 4526; x_wconf 85' lang='grc' dir='ltr'>μὲν</span> <span class='ocrx_word' id='word_1_589' title='bbox 571 4455 664 4508; x_wconf 83' lang='grc' dir='ltr'><strong>τοῦ</strong></span> <span class='ocrx_word' id='word_1_590' title='bbox 682 4453 918 4525; x_wconf 84' lang='grc' dir='ltr'>Ἰσραήλ·</span> <span class='ocrx_word' id='word_1_591' title='bbox 954 4472 972 4504; x_wconf 73' lang='grc' dir='ltr'><strong>ι</strong></span> <span class='ocrx_word' id='word_1_592' title='bbox 1012 4453 1202 4506; x_wconf 82' lang='grc' dir='ltr'>Ῥῦσαί</span> <span class='ocrx_word' id='word_1_593' title='bbox 1249 4471 1314 4523; x_wconf 80' lang='grc' dir='ltr'><strong>με</strong></span> <span class='ocrx_word' id='word_1_594' title='bbox 1357 4451 1416 4516; x_wconf 80' lang='grc' dir='ltr'>ἐξ</span> <span class='ocrx_word' id='word_1_595' title='bbox 1449 4451 1768 4518; x_wconf 85' lang='grc' dir='ltr'>ἀντιλογιῶν</span> <span class='ocrx_word' id='word_1_596' title='bbox 1789 4451 1940 4502; x_wconf 87' lang='grc' dir='ltr'>λαοῦ·</span> <span class='ocrx_word' id='word_1_597' title='bbox 1975 4470 1992 4502; x_wconf 74' lang='grc' dir='ltr'><strong>ι</strong></span> 
     </span>
    </p>
   </div>
   <div class='ocr_carea' id='block_1_80' title="bbox 2114 3255 3678 3325">
    <p class='ocr_par' dir='ltr' id='par_1_80' title="bbox 2114 3255 3678 3325">
     <span class='ocr_line' id='line_1_80' title="bbox 2114 3255 3678 3325; baseline 0.002 -16"><span class='ocrx_word' id='word_1_598' title='bbox 2114 3255 2368 3311; x_wconf 89' lang='lat' dir='ltr'><strong>lsraelem</strong></span> <span class='ocrx_word' id='word_1_599' title='bbox 2395 3270 2524 3310; x_wconf 90' lang='lat' dir='ltr'><strong>vero</strong></span> <span class='ocrx_word' id='word_1_600' title='bbox 2571 3257 2824 3322; x_wconf 87' lang='lat' dir='ltr'><strong>dicimus,</strong></span> <span class='ocrx_word' id='word_1_601' title='bbox 2848 3271 2952 3310; x_wconf 92' lang='lat' dir='ltr'><strong>non</strong></span> <span class='ocrx_word' id='word_1_602' title='bbox 2986 3257 3258 3311; x_wconf 85' lang='lat' dir='ltr'><strong>carnalem</strong></span> <span class='ocrx_word' id='word_1_603' title='bbox 3299 3259 3542 3325; x_wconf 89' lang='lat' dir='ltr'><strong>omnino,</strong></span> <span class='ocrx_word' id='word_1_604' title='bbox 3585 3259 3678 3314; x_wconf 89' lang='lat' dir='ltr'><strong>sed</strong></span> 
     </span>
    </p>
   </div>
   <div class='ocr_carea' id='block_1_81' title="bbox 2111 3347 3675 3418">
    <p class='ocr_par' dir='ltr' id='par_1_81' title="bbox 2111 3347 3675 3418">
     <span class='ocr_line' id='line_1_81' title="bbox 2111 3347 3675 3418; baseline 0.004 -18"><span class='ocrx_word' id='word_1_605' title='bbox 2111 3347 2465 3415; x_wconf 82' lang='lat' dir='ltr'><strong>intelligentia</strong></span> <span class='ocrx_word' id='word_1_606' title='bbox 2507 3358 2844 3415; x_wconf 88' lang='lat' dir='ltr'><strong>perceptum,</strong></span> <span class='ocrx_word' id='word_1_607' title='bbox 2881 3357 2934 3400; x_wconf 87' lang='lat' dir='ltr'><strong>et</strong></span> <span class='ocrx_word' id='word_1_608' title='bbox 2988 3349 3040 3402; x_wconf 92' lang='lat' dir='ltr'><strong>in</strong></span> <span class='ocrx_word' id='word_1_609' title='bbox 3089 3349 3305 3416; x_wconf 91' lang='lat' dir='ltr'><strong>spiritu.</strong></span> <span class='ocrx_word' id='word_1_610' title='bbox 3343 3349 3459 3405; x_wconf 82' lang='lat' dir='ltr'><strong>Non</strong></span> <span class='ocrx_word' id='word_1_611' title='bbox 3509 3353 3675 3418; x_wconf 88' lang='lat' dir='ltr'><strong>enim,</strong></span> 
     </span>
    </p>
   </div>
   <div class='ocr_carea' id='block_1_82' title="bbox 2112 3437 3678 3513">
    <p class='ocr_par' dir='ltr' id='par_1_82' title="bbox 2112 3437 3678 3513">
     <span class='ocr_line' id='line_1_82' title="bbox 2112 3437 3678 3513; baseline 0.006 -23"><span class='ocrx_word' id='word_1_612' title='bbox 2112 3437 2308 3506; x_wconf 86' lang='lat' dir='ltr'><strong>inquit,</strong></span> <span class='ocrx_word' id='word_1_613' title='bbox 2339 3453 2528 3492; x_wconf 89' lang='lat' dir='ltr'><strong>omnes</strong></span> <span class='ocrx_word' id='word_1_614' title='bbox 2549 3453 2614 3492; x_wconf 80' lang='lat' dir='ltr'><strong>ex</strong></span> <span class='ocrx_word' id='word_1_615' title='bbox 2644 3437 2845 3492; x_wconf 89' lang='lat' dir='ltr'><strong>lsraele</strong></span> <span class='ocrx_word' id='word_1_616' title='bbox 2867 3440 2919 3492; x_wconf 91' lang='lat' dir='ltr'><strong>hi</strong></span> <span class='ocrx_word' id='word_1_617' title='bbox 2943 3449 3069 3493; x_wconf 89' lang='lat' dir='ltr'><strong>sunt</strong></span> <span class='ocrx_word' id='word_1_618' title='bbox 3101 3441 3292 3504; x_wconf 87' lang='lat' dir='ltr'><strong>Israel,</strong></span> <span class='ocrx_word' id='word_1_619' title='bbox 3333 3456 3507 3510; x_wconf 90' lang='lat' dir='ltr'><strong>neque</strong></span> <span class='ocrx_word' id='word_1_620' title='bbox 3536 3449 3678 3513; x_wconf 88' lang='lat' dir='ltr'><strong>quod</strong></span> 
     </span>
    </p>
   </div>
   <div class='ocr_carea' id='block_1_83' title="bbox 2110 3529 3679 3604">
    <p class='ocr_par' dir='ltr' id='par_1_83' title="bbox 2110 3529 3679 3604">
     <span class='ocr_line' id='line_1_83' title="bbox 2110 3529 3679 3604; baseline 0.004 -20"><span class='ocrx_word' id='word_1_621' title='bbox 2110 3530 2220 3584; x_wconf 90' lang='lat' dir='ltr'><strong>sint</strong></span> <span class='ocrx_word' id='word_1_622' title='bbox 2255 3545 2438 3585; x_wconf 83' lang='lat' dir='ltr'><strong>semen</strong></span> <span class='ocrx_word' id='word_1_623' title='bbox 2471 3529 2766 3598; x_wconf 82' lang='lat' dir='ltr'><strong>Abraham,</strong></span> <span class='ocrx_word' id='word_1_624' title='bbox 2795 3547 2986 3586; x_wconf 88' lang='lat' dir='ltr'><strong>omnes</strong></span> <span class='ocrx_word' id='word_1_625' title='bbox 3025 3532 3117 3586; x_wconf 90' lang='lat' dir='ltr'><strong>ﬁlii</strong></span> <span class='ocrx_word' id='word_1_626' title='bbox 3145 3543 3311 3587; x_wconf 89' lang='lat' dir='ltr'><strong>sunt:</strong></span> <span class='ocrx_word' id='word_1_627' title='bbox 3343 3535 3436 3588; x_wconf 89' lang='lat' dir='ltr'><strong>sed</strong></span> <span class='ocrx_word' id='word_1_628' title='bbox 3462 3537 3550 3604; x_wconf 90' lang='lat' dir='ltr'><strong>qui</strong></span> <span class='ocrx_word' id='word_1_629' title='bbox 3583 3551 3679 3604; x_wconf 89' lang='lat' dir='ltr'><strong>per</strong></span> 
     </span>
    </p>
   </div>
   <div class='ocr_carea' id='block_1_84' title="bbox 2108 3621 3676 3694">
    <p class='ocr_par' dir='ltr' id='par_1_84' title="bbox 2108 3621 3676 3694">
     <span class='ocr_line' id='line_1_84' title="bbox 2108 3621 3676 3694; baseline 0.004 -18"><span class='ocrx_word' id='word_1_630' title='bbox 2108 3622 2268 3676; x_wconf 89' lang='lat' dir='ltr'><strong>ﬁdem</strong></span> <span class='ocrx_word' id='word_1_631' title='bbox 2303 3621 2584 3688; x_wconf 88' lang='lat' dir='ltr'><strong>justiﬁcati</strong></span> <span class='ocrx_word' id='word_1_632' title='bbox 2616 3633 2762 3689; x_wconf 87' lang='lat' dir='ltr'><strong>sunt,</strong></span> <span class='ocrx_word' id='word_1_633' title='bbox 2791 3624 2880 3692; x_wconf 92' lang='lat' dir='ltr'><strong>qui</strong></span> <span class='ocrx_word' id='word_1_634' title='bbox 2927 3635 3230 3694; x_wconf 89' lang='lat' dir='ltr'><strong>sequuntur</strong></span> <span class='ocrx_word' id='word_1_635' title='bbox 3255 3625 3478 3694; x_wconf 81' lang='lat' dir='ltr'><strong>vestigia</strong></span> <span class='ocrx_word' id='word_1_636' title='bbox 3509 3631 3676 3694; x_wconf 89' lang='lat' dir='ltr'><strong>patris</strong></span> 
     </span>
    </p>
   </div>
   <div class='ocr_carea' id='block_1_85' title="bbox 2105 3700 3674 3786">
    <p class='ocr_par' dir='ltr' id='par_1_85' title="bbox 2105 3700 3674 3786">
     <span class='ocr_line' id='line_1_85' title="bbox 2105 3700 3674 3786; baseline 0.007 -22"><span class='ocrx_word' id='word_1_637' title='bbox 2105 3700 2400 3774; x_wconf 81' lang='lat' dir='ltr'><strong>Abraham,</strong></span> <span class='ocrx_word' id='word_1_638' title='bbox 2441 3713 2492 3766; x_wconf 90' lang='lat' dir='ltr'><strong>hi</strong></span> <span class='ocrx_word' id='word_1_639' title='bbox 2523 3723 2577 3766; x_wconf 89' lang='lat' dir='ltr'><strong>ct</strong></span> <span class='ocrx_word' id='word_1_640' title='bbox 2626 3713 2779 3768; x_wconf 89' lang='lat' dir='ltr'><strong>liberi</strong></span> <span class='ocrx_word' id='word_1_641' title='bbox 2824 3715 2960 3784; x_wconf 86' lang='lat' dir='ltr'><strong>ejus,</strong></span> <span class='ocrx_word' id='word_1_642' title='bbox 3003 3723 3056 3768; x_wconf 91' lang='lat' dir='ltr'><strong>et</strong></span> <span class='ocrx_word' id='word_1_643' title='bbox 3094 3715 3255 3786; x_wconf 82' lang='lat'><strong>325</strong></span> <span class='ocrx_word' id='word_1_644' title='bbox 3296 3719 3674 3786; x_wconf 84' lang='lat' dir='ltr'><strong>promissionis</strong></span> 
     </span>
    </p>
   </div>
   <div class='ocr_carea' id='block_1_86' title="bbox 2108 3793 3674 3877">
    <p class='ocr_par' dir='ltr' id='par_1_86' title="bbox 2108 3793 3674 3877">
     <span class='ocr_line' id='line_1_86' title="bbox 2108 3793 3674 3877; baseline 0.007 -21"><span class='ocrx_word' id='word_1_645' title='bbox 2108 3803 2202 3856; x_wconf 89' lang='lat' dir='ltr'><strong>ﬁlii</strong></span> <span class='ocrx_word' id='word_1_646' title='bbox 2241 3812 2295 3856; x_wconf 87' lang='lat' dir='ltr'><strong>et</strong></span> <span class='ocrx_word' id='word_1_647' title='bbox 2323 3803 2486 3856; x_wconf 86' lang='lat' dir='ltr'><strong>lsrael</strong></span> <span class='ocrx_word' id='word_1_648' title='bbox 2515 3793 3210 3874; x_wconf 41' lang='lat' dir='ltr'><strong>nuncupanturfﬁxhibito</strong></span> <span class='ocrx_word' id='word_1_649' title='bbox 3247 3807 3409 3877; x_wconf 79' lang='lat' dir='ltr'><strong>igitur</strong></span> <span class='ocrx_word' id='word_1_650' title='bbox 3432 3812 3674 3867; x_wconf 89' lang='lat' dir='ltr'><strong>omnium</strong></span> 
     </span>
    </p>
   </div>
   <div class='ocr_carea' id='block_1_87' title="bbox 2109 3893 3676 3966">
    <p class='ocr_par' dir='ltr' id='par_1_87' title="bbox 2109 3893 3676 3966">
     <span class='ocr_line' id='line_1_87' title="bbox 2109 3893 3676 3966; baseline 0.008 -21"><span class='ocrx_word' id='word_1_651' title='bbox 2109 3905 2350 3946; x_wconf 84' lang='lat' dir='ltr'><strong>nostrum</strong></span> <span class='ocrx_word' id='word_1_652' title='bbox 2381 3893 2606 3948; x_wconf 92' lang='lat' dir='ltr'><strong>Domino</strong></span> <span class='ocrx_word' id='word_1_653' title='bbox 2632 3903 2687 3949; x_wconf 88' lang='lat' dir='ltr'><strong>et</strong></span> <span class='ocrx_word' id='word_1_654' title='bbox 2721 3896 2976 3965; x_wconf 90' lang='lat' dir='ltr'><strong>pontiﬁce</strong></span> <span class='ocrx_word' id='word_1_655' title='bbox 3002 3897 3216 3954; x_wconf 88' lang='lat' dir='ltr'><strong>Christo</strong></span> <span class='ocrx_word' id='word_1_656' title='bbox 3236 3937 3252 3963; x_wconf 92' lang='lat'><strong>,</strong></span> <span class='ocrx_word' id='word_1_657' title='bbox 3285 3898 3399 3952; x_wconf 90' lang='lat' dir='ltr'><strong>Non</strong></span> <span class='ocrx_word' id='word_1_658' title='bbox 3430 3903 3554 3966; x_wconf 89' lang='lat' dir='ltr'><strong>erit,</strong></span> <span class='ocrx_word' id='word_1_659' title='bbox 3587 3903 3676 3956; x_wconf 90' lang='lat' dir='ltr'><strong>in-</strong></span> 
     </span>
    </p>
   </div>
   <div class='ocr_carea' id='block_1_88' title="bbox 2105 3987 3674 4060">
    <p class='ocr_par' dir='ltr' id='par_1_88' title="bbox 2105 3987 3674 4060">
     <span class='ocr_line' id='line_1_88' title="bbox 2105 3987 3674 4060; baseline 0.009 -23"><span class='ocrx_word' id='word_1_660' title='bbox 2105 3987 2241 4055; x_wconf 87' lang='lat' dir='ltr'><strong>quit,</strong></span> <span class='ocrx_word' id='word_1_661' title='bbox 2281 3987 2371 4055; x_wconf 87' lang='lat' dir='ltr'><strong>qui</strong></span> <span class='ocrx_word' id='word_1_662' title='bbox 2413 3988 2768 4041; x_wconf 87' lang='lat' dir='ltr'><strong>contradicat.</strong></span> <span class='ocrx_word' id='word_1_663' title='bbox 2807 3987 2922 4042; x_wconf 81' lang='lat' dir='ltr'><strong>Non</strong></span> <span class='ocrx_word' id='word_1_664' title='bbox 2966 3989 3108 4043; x_wconf 90' lang='lat' dir='ltr'><strong>enim</strong></span> <span class='ocrx_word' id='word_1_665' title='bbox 3135 3991 3382 4060; x_wconf 87' lang='lat' dir='ltr'><strong>proﬁciet</strong></span> <span class='ocrx_word' id='word_1_666' title='bbox 3424 3993 3674 4051; x_wconf 88' lang='lat' dir='ltr'><strong>inimicus</strong></span> 
     </span>
    </p>
   </div>
   <div class='ocr_carea' id='block_1_89' title="bbox 2107 4079 3665 4152">
    <p class='ocr_par' dir='ltr' id='par_1_89' title="bbox 2107 4079 3665 4152">
     <span class='ocr_line' id='line_1_89' title="bbox 2107 4079 3665 4152; baseline 0.005 -18"><span class='ocrx_word' id='word_1_667' title='bbox 2107 4082 2160 4134; x_wconf 89' lang='lat' dir='ltr'><strong>in</strong></span> <span class='ocrx_word' id='word_1_668' title='bbox 2187 4079 2297 4142; x_wconf 91' lang='lat' dir='ltr'><strong>illo,</strong></span> <span class='ocrx_word' id='word_1_669' title='bbox 2327 4089 2380 4132; x_wconf 89' lang='lat' dir='ltr'><strong>et</strong></span> <span class='ocrx_word' id='word_1_670' title='bbox 2407 4080 2545 4133; x_wconf 91' lang='lat' dir='ltr'><strong>lilius</strong></span> <span class='ocrx_word' id='word_1_671' title='bbox 2585 4080 2884 4148; x_wconf 89' lang='lat' dir='ltr'><strong>iniquitatis</strong></span> <span class='ocrx_word' id='word_1_672' title='bbox 2919 4098 3020 4134; x_wconf 90' lang='lat' dir='ltr'><strong>non</strong></span> <span class='ocrx_word' id='word_1_673' title='bbox 3057 4091 3242 4152; x_wconf 85' lang='lat' dir='ltr'><strong>perget</strong></span> <span class='ocrx_word' id='word_1_674' title='bbox 3273 4097 3469 4139; x_wconf 77' lang='lat' dir='ltr'><strong>vexare</strong></span> <span class='ocrx_word' id='word_1_675' title='bbox 3497 4085 3665 4142; x_wconf 92' lang='lat' dir='ltr'><strong>illum.</strong></span> 
     </span>
    </p>
   </div>
   <div class='ocr_carea' id='block_1_90' title="bbox 2105 4172 3673 4247">
    <p class='ocr_par' dir='ltr' id='par_1_90' title="bbox 2105 4172 3673 4247">
     <span class='ocr_line' id='line_1_90' title="bbox 2105 4172 3673 4247; baseline 0.004 -22"><span class='ocrx_word' id='word_1_676' title='bbox 2105 4173 2235 4226; x_wconf 88' lang='lat' dir='ltr'><strong>Item</strong></span> <span class='ocrx_word' id='word_1_677' title='bbox 2267 4173 2372 4226; x_wconf 88' lang='lat' dir='ltr'><strong>alio</strong></span> <span class='ocrx_word' id='word_1_678' title='bbox 2406 4174 2585 4226; x_wconf 91' lang='lat' dir='ltr'><strong>modo.</strong></span> <span class='ocrx_word' id='word_1_679' title='bbox 2618 4172 2961 4228; x_wconf 75' lang='lat' dir='ltr'><strong>Contradixit</strong></span> <span class='ocrx_word' id='word_1_680' title='bbox 2991 4175 3207 4242; x_wconf 89' lang='lat' dir='ltr'><strong>quidem</strong></span> <span class='ocrx_word' id='word_1_681' title='bbox 3236 4175 3420 4240; x_wconf 90' lang='lat' dir='ltr'><strong>Israel,</strong></span> <span class='ocrx_word' id='word_1_682' title='bbox 3465 4188 3521 4231; x_wconf 91' lang='lat' dir='ltr'><strong>at</strong></span> <span class='ocrx_word' id='word_1_683' title='bbox 3549 4193 3673 4247; x_wconf 82' lang='lat' dir='ltr'><strong>gen-</strong></span> 
     </span>
    </p>
   </div>
   <div class='ocr_carea' id='block_1_91' title="bbox 2106 4265 3669 4333">
    <p class='ocr_par' dir='ltr' id='par_1_91' title="bbox 2106 4265 3669 4333">
     <span class='ocr_line' id='line_1_91' title="bbox 2106 4265 3669 4333; baseline 0.006 -18"><span class='ocrx_word' id='word_1_684' title='bbox 2106 4274 2185 4316; x_wconf 89' lang='lat' dir='ltr'><strong>tes</strong></span> <span class='ocrx_word' id='word_1_685' title='bbox 2233 4277 2455 4330; x_wconf 82' lang='lat' dir='ltr'><strong>regnum</strong></span> <span class='ocrx_word' id='word_1_686' title='bbox 2501 4265 2670 4332; x_wconf 84' lang='lat' dir='ltr'><strong>ipsius</strong></span> <span class='ocrx_word' id='word_1_687' title='bbox 2716 4265 2976 4333; x_wconf 68' lang='lat' dir='ltr'><strong>amplexa:</strong></span> <span class='ocrx_word' id='word_1_688' title='bbox 3022 4275 3168 4320; x_wconf 82' lang='lat' dir='ltr'><strong>sunt.</strong></span> <span class='ocrx_word' id='word_1_689' title='bbox 3216 4266 3492 4322; x_wconf 85' lang='lat' dir='ltr'><strong>Invenitur</strong></span> <span class='ocrx_word' id='word_1_690' title='bbox 3524 4271 3669 4324; x_wconf 91' lang='lat' dir='ltr'><strong>enim</strong></span> 
     </span>
    </p>
   </div>
   <div class='ocr_carea' id='block_1_92' title="bbox 2104 4354 3673 4419">
    <p class='ocr_par' dir='ltr' id='par_1_92' title="bbox 2104 4354 3673 4419">
     <span class='ocr_line' id='line_1_92' title="bbox 2104 4354 3673 4419; baseline 0.006 -13"><span class='ocrx_word' id='word_1_691' title='bbox 2104 4368 2237 4406; x_wconf 88' lang='lat' dir='ltr'><strong>voce</strong></span> <span class='ocrx_word' id='word_1_692' title='bbox 2263 4354 2483 4407; x_wconf 85' lang='lat' dir='ltr'><strong>Davidis</strong></span> <span class='ocrx_word' id='word_1_693' title='bbox 2515 4356 2718 4419; x_wconf 91' lang='lat' dir='ltr'><strong>dicere,</strong></span> <span class='ocrx_word' id='word_1_694' title='bbox 2750 4357 2815 4409; x_wconf 90' lang='lat' dir='ltr'><strong>de</strong></span> <span class='ocrx_word' id='word_1_695' title='bbox 2843 4355 3038 4409; x_wconf 87' lang='lat' dir='ltr'><strong>lsraele</strong></span> <span class='ocrx_word' id='word_1_696' title='bbox 3067 4375 3080 4409; x_wconf 92' lang='lat'><strong>:</strong></span> <span class='ocrx_word' id='word_1_697' title='bbox 3112 4375 3132 4407; x_wconf 75' lang='grc' dir='ltr'><strong>ι</strong></span> <span class='ocrx_word' id='word_1_698' title='bbox 3159 4355 3348 4413; x_wconf 89' lang='lat' dir='ltr'><strong>Libera</strong></span> <span class='ocrx_word' id='word_1_699' title='bbox 3375 4375 3461 4414; x_wconf 87' lang='lat' dir='ltr'><strong>me</strong></span> <span class='ocrx_word' id='word_1_700' title='bbox 3490 4375 3516 4412; x_wconf 92' lang='lat' dir='ltr'><strong>a</strong></span> <span class='ocrx_word' id='word_1_701' title='bbox 3549 4376 3673 4416; x_wconf 88' lang='lat' dir='ltr'><strong>con-</strong></span> 
     </span>
    </p>
   </div>
   <div class='ocr_carea' id='block_1_93' title="bbox 2107 4445 3673 4513">
    <p class='ocr_par' dir='ltr' id='par_1_93' title="bbox 2107 4445 3673 4513">
     <span class='ocr_line' id='line_1_93' title="bbox 2107 4445 3673 4513; baseline 0.006 -16"><span class='ocrx_word' id='word_1_702' title='bbox 2107 4445 2518 4498; x_wconf 83' lang='lat' dir='ltr'><strong>tradictionibus</strong></span> <span class='ocrx_word' id='word_1_703' title='bbox 2543 4447 2719 4512; x_wconf 77' lang='lat' dir='ltr'><strong>pepuli</strong></span> <span class='ocrx_word' id='word_1_704' title='bbox 2747 4465 2764 4496; x_wconf 78' lang='grc' dir='ltr'><strong>ι</strong></span> <span class='ocrx_word' id='word_1_705' title='bbox 2805 4446 2907 4500; x_wconf 89' lang='lat' dir='ltr'><strong>:de</strong></span> <span class='ocrx_word' id='word_1_706' title='bbox 2935 4448 3184 4513; x_wconf 83' lang='lat' dir='ltr'><strong>gentibus</strong></span> <span class='ocrx_word' id='word_1_707' title='bbox 3207 4458 3386 4502; x_wconf 85' lang='lat' dir='ltr'><strong>autem</strong></span> <span class='ocrx_word' id='word_1_708' title='bbox 3415 4467 3434 4499; x_wconf 74' lang='grc' dir='ltr'><strong>ι</strong></span> <span class='ocrx_word' id='word_1_709' title='bbox 3468 4450 3673 4506; x_wconf 87' lang='lat' dir='ltr'><strong>:Cons—</strong></span> 
     </span>
    </p>
   </div>
   <div class='ocr_carea' id='block_1_94' title="bbox 427 4535 2004 4618">
    <p class='ocr_par' dir='ltr' id='par_1_94' title="bbox 427 4540 1994 4618">
     <span class='ocr_line' id='line_1_94' title="bbox 427 4540 1994 4618; baseline -0.004 -18"><span class='ocrx_word' id='word_1_710' title='bbox 427 4548 555 4618; x_wconf 88' lang='grc' dir='ltr'>περί</span> <span class='ocrx_word' id='word_1_711' title='bbox 581 4563 642 4615; x_wconf 85' lang='grc' dir='ltr'><strong>γε</strong></span> <span class='ocrx_word' id='word_1_712' title='bbox 666 4545 773 4598; x_wconf 89' lang='grc' dir='ltr'><strong>τῶν</strong></span> <span class='ocrx_word' id='word_1_713' title='bbox 798 4544 988 4607; x_wconf 76' lang='grc' dir='ltr'>ἐθνῶν,</span> <span class='ocrx_word' id='word_1_714' title='bbox 1027 4563 1045 4595; x_wconf 78' lang='grc' dir='ltr'><strong>ι</strong></span> <span class='ocrx_word' id='word_1_715' title='bbox 1093 4545 1471 4614; x_wconf 83' lang='grc' dir='ltr'>Καταστήσεις</span> <span class='ocrx_word' id='word_1_716' title='bbox 1524 4559 1592 4612; x_wconf 90' lang='grc' dir='ltr'><strong>με</strong></span> <span class='ocrx_word' id='word_1_717' title='bbox 1643 4544 1719 4604; x_wconf 83' lang='grc' dir='ltr'>εἰς</span> <span class='ocrx_word' id='word_1_718' title='bbox 1752 4540 1994 4611; x_wconf 72' lang='grc' dir='ltr'>κεφαλὴν</span> 
     </span>
    </p>
   </div>
   <div class='ocr_carea' id='block_1_95' title="bbox 2109 4535 3671 4618">
    <p class='ocr_par' dir='ltr' id='par_1_95' title="bbox 2109 4535 3671 4609">
     <span class='ocr_line' id='line_1_95' title="bbox 2109 4535 3671 4609; baseline 0.008 -22"><span class='ocrx_word' id='word_1_719' title='bbox 2109 4535 2263 4588; x_wconf 84' lang='lat' dir='ltr'><strong>litues</strong></span> <span class='ocrx_word' id='word_1_720' title='bbox 2295 4551 2378 4590; x_wconf 90' lang='lat' dir='ltr'><strong>me</strong></span> <span class='ocrx_word' id='word_1_721' title='bbox 2409 4537 2460 4588; x_wconf 91' lang='lat' dir='ltr'><strong>in</strong></span> <span class='ocrx_word' id='word_1_722' title='bbox 2487 4547 2652 4604; x_wconf 91' lang='lat' dir='ltr'><strong>caput</strong></span> <span class='ocrx_word' id='word_1_723' title='bbox 2675 4538 2910 4604; x_wconf 84' lang='lat' dir='ltr'><strong>gentium</strong></span> <span class='ocrx_word' id='word_1_724' title='bbox 2945 4555 2957 4588; x_wconf 91' lang='lat'><strong>:</strong></span> <span class='ocrx_word' id='word_1_725' title='bbox 2999 4540 3224 4608; x_wconf 81' lang='lat' dir='ltr'><strong>papulus</strong></span> <span class='ocrx_word' id='word_1_726' title='bbox 3251 4555 3409 4609; x_wconf 86' lang='lat' dir='ltr'><strong>quem</strong></span> <span class='ocrx_word' id='word_1_727' title='bbox 3443 4559 3547 4595; x_wconf 91' lang='lat' dir='ltr'><strong>non</strong></span> <span class='ocrx_word' id='word_1_728' title='bbox 3580 4559 3671 4599; x_wconf 91' lang='lat' dir='ltr'><strong>co-</strong></span> 
     </span>
    </p>
   </div>
   <div class='ocr_carea' id='block_1_96' title="bbox 427 4632 1994 4704">
    <p class='ocr_par' dir='ltr' id='par_1_96' title="bbox 427 4632 1994 4704">
     <span class='ocr_line' id='line_1_96' title="bbox 427 4632 1994 4704; baseline -0.004 -15"><span class='ocrx_word' id='word_1_729' title='bbox 427 4639 610 4692; x_wconf 82' lang='grc' dir='ltr'>ἐθνῶν·</span> <span class='ocrx_word' id='word_1_730' title='bbox 641 4638 768 4691; x_wconf 77' lang='grc' dir='ltr'>λαὸν</span> <span class='ocrx_word' id='word_1_731' title='bbox 812 4637 870 4691; x_wconf 82' lang='grc' dir='ltr'>ὃν</span> <span class='ocrx_word' id='word_1_732' title='bbox 909 4637 1007 4689; x_wconf 80' lang='grc' dir='ltr'><strong>οὐκ</strong></span> <span class='ocrx_word' id='word_1_733' title='bbox 1038 4635 1209 4704; x_wconf 78' lang='grc' dir='ltr'>ἔγνων</span> <span class='ocrx_word' id='word_1_734' title='bbox 1257 4635 1536 4687; x_wconf 69' lang='grc' dir='ltr'>ἐδούλευσε</span> <span class='ocrx_word' id='word_1_735' title='bbox 1570 4651 1681 4704; x_wconf 86' lang='grc' dir='ltr'>μοι,</span> <span class='ocrx_word' id='word_1_736' title='bbox 1719 4635 1796 4696; x_wconf 86' lang='grc' dir='ltr'><strong>είς</strong></span> <span class='ocrx_word' id='word_1_737' title='bbox 1828 4632 1994 4703; x_wconf 83' lang='grc' dir='ltr'>ἀκοὴν</span> 
     </span>
    </p>
   </div>
   <div class='ocr_carea' id='block_1_97' title="bbox 426 4722 1994 4800">
    <p class='ocr_par' dir='ltr' id='par_1_97' title="bbox 426 4722 1994 4800">
     <span class='ocr_line' id='line_1_97' title="bbox 426 4722 1994 4800; baseline -0.005 -18"><span class='ocrx_word' id='word_1_738' title='bbox 426 4729 586 4782; x_wconf 83' lang='grc' dir='ltr'>ὠτίου</span> <span class='ocrx_word' id='word_1_739' title='bbox 631 4727 908 4800; x_wconf 76' lang='grc' dir='ltr'>ὑπήκουσέ.</span> <span class='ocrx_word' id='word_1_740' title='bbox 949 4745 1072 4798; x_wconf 89' lang='grc' dir='ltr'>μου.</span> <span class='ocrx_word' id='word_1_741' title='bbox 1117 4726 1234 4778; x_wconf 73' lang='grc' dir='ltr'>Υἱοὶ</span> <span class='ocrx_word' id='word_1_742' title='bbox 1263 4725 1527 4794; x_wconf 82' lang='grc' dir='ltr'>ἀλλότριοι</span> <span class='ocrx_word' id='word_1_743' title='bbox 1560 4722 1855 4793; x_wconf 64' lang='grc' dir='ltr'>ὲψεύσαντὸ</span> <span class='ocrx_word' id='word_1_744' title='bbox 1882 4740 1994 4792; x_wconf 87' lang='grc' dir='ltr'>μοι,</span> 
     </span>
    </p>
   </div>
   <div class='ocr_carea' id='block_1_98' title="bbox 426 4813 1995 4890">
    <p class='ocr_par' dir='ltr' id='par_1_98' title="bbox 426 4813 1995 4890">
     <span class='ocr_line' id='line_1_98' title="bbox 426 4813 1995 4890; baseline -0.004 -19"><span class='ocrx_word' id='word_1_745' title='bbox 426 4821 532 4873; x_wconf 73' lang='grc' dir='ltr'>υἱοὶ</span> <span class='ocrx_word' id='word_1_746' title='bbox 557 4819 821 4890; x_wconf 82' lang='grc' dir='ltr'>ἀλλότριοι</span> <span class='ocrx_word' id='word_1_747' title='bbox 864 4817 1303 4888; x_wconf 81' lang='grc' dir='ltr'>ὲπαλαιώθησαν,</span> <span class='ocrx_word' id='word_1_748' title='bbox 1331 4819 1424 4870; x_wconf 73' lang='grc' dir='ltr'><strong>καὶ</strong></span> <span class='ocrx_word' id='word_1_749' title='bbox 1456 4815 1727 4885; x_wconf 78' lang='grc' dir='ltr'>ὲχώλαναν</span> <span class='ocrx_word' id='word_1_750' title='bbox 1753 4814 1860 4868; x_wconf 88' lang='grc' dir='ltr'>ἀπὸ</span> <span class='ocrx_word' id='word_1_751' title='bbox 1889 4813 1995 4866; x_wconf 90' lang='grc' dir='ltr'><strong>τῶν</strong></span> 
     </span>
    </p>
   </div>
   <div class='ocr_carea' id='block_1_99' title="bbox 423 4905 1996 4982">
    <p class='ocr_par' dir='ltr' id='par_1_99' title="bbox 423 4905 1996 4982">
     <span class='ocr_line' id='line_1_99' title="bbox 423 4905 1996 4982; baseline -0.001 -20"><span class='ocrx_word' id='word_1_752' title='bbox 423 4911 622 4982; x_wconf 73' lang='grc' dir='ltr'>τρίϐων</span> <span class='ocrx_word' id='word_1_753' title='bbox 653 4913 849 4965; x_wconf 86' lang='grc' dir='ltr'>αὐτῶν.</span> <span class='ocrx_word' id='word_1_754' title='bbox 883 4905 1301 4965; x_wconf 83' lang='grc' dir='ltr'>Πεπαλαίωνται</span> <span class='ocrx_word' id='word_1_755' title='bbox 1328 4911 1436 4982; x_wconf 76' lang='grc' dir='ltr'>γὰρ</span> <span class='ocrx_word' id='word_1_756' title='bbox 1461 4912 1553 4963; x_wconf 80' lang='grc' dir='ltr'><strong>καὶ</strong></span> <span class='ocrx_word' id='word_1_757' title='bbox 1571 4911 1737 4978; x_wconf 81' lang='grc' dir='ltr'>ἐγγὺς</span> <span class='ocrx_word' id='word_1_758' title='bbox 1769 4907 1996 4976; x_wconf 82' lang='grc' dir='ltr'>γεγόνα-</span> 
     </span>
    </p>
   </div>
   <div class='ocr_carea' id='block_1_100' title="bbox 427 5000 1999 5074">
    <p class='ocr_par' dir='ltr' id='par_1_100' title="bbox 427 5000 1999 5074">
     <span class='ocr_line' id='line_1_100' title="bbox 427 5000 1999 5074; baseline -0.002 -20"><span class='ocrx_word' id='word_1_759' title='bbox 427 5020 509 5055; x_wconf 91' lang='grc' dir='ltr'><strong>σιν</strong></span> <span class='ocrx_word' id='word_1_760' title='bbox 537 5001 868 5074; x_wconf 72' lang='grc' dir='ltr'>ἀφανισμοῦ,</span> <span class='ocrx_word' id='word_1_761' title='bbox 904 5003 1283 5073; x_wconf 80' lang='grc' dir='ltr'>κεκλασμένην</span> <span class='ocrx_word' id='word_1_762' title='bbox 1307 5003 1363 5055; x_wconf 82' lang='grc' dir='ltr'>δὲ</span> <span class='ocrx_word' id='word_1_763' title='bbox 1395 5002 1579 5072; x_wconf 78' lang='grc' dir='ltr'>ὥσπερ</span> <span class='ocrx_word' id='word_1_764' title='bbox 1602 5002 1866 5071; x_wconf 79' lang='grc' dir='ltr'>ἐσχήκασι</span> <span class='ocrx_word' id='word_1_765' title='bbox 1901 5000 1999 5069; x_wconf 83' lang='grc' dir='ltr'><strong>τὴν</strong></span> 
     </span>
    </p>
   </div>
   <div class='ocr_carea' id='block_1_101' title="bbox 423 5089 1999 5163">
    <p class='ocr_par' dir='ltr' id='par_1_101' title="bbox 423 5089 1999 5163">
     <span class='ocr_line' id='line_1_101' title="bbox 423 5089 1999 5163; baseline -0.001 -20"><span class='ocrx_word' id='word_1_766' title='bbox 423 5091 676 5158; x_wconf 86' lang='grc' dir='ltr'>διάνοιαν,</span> <span class='ocrx_word' id='word_1_767' title='bbox 719 5095 828 5148; x_wconf 69' lang='grc' dir='ltr'>υἱοὶ</span> <span class='ocrx_word' id='word_1_768' title='bbox 860 5093 1143 5163; x_wconf 78' lang='grc' dir='ltr'>γεγονότες</span> <span class='ocrx_word' id='word_1_769' title='bbox 1172 5093 1461 5162; x_wconf 85' lang='grc' dir='ltr'>ἀλλότριοι,</span> <span class='ocrx_word' id='word_1_770' title='bbox 1493 5091 1634 5144; x_wconf 83' lang='grc' dir='ltr'>τοῦτ’</span> <span class='ocrx_word' id='word_1_771' title='bbox 1665 5093 1831 5154; x_wconf 74' lang='grc' dir='ltr'>ἔστιν,</span> <span class='ocrx_word' id='word_1_772' title='bbox 1863 5091 1912 5142; x_wconf 85' lang='grc' dir='ltr'>οἱ</span> <span class='ocrx_word' id='word_1_773' title='bbox 1943 5089 1999 5154; x_wconf 84' lang='grc' dir='ltr'><strong>ἐξ</strong></span> 
     </span>
    </p>
   </div>
   <div class='ocr_carea' id='block_1_102' title="bbox 434 5179 2000 5256">
    <p class='ocr_par' dir='ltr' id='par_1_102' title="bbox 434 5179 2000 5256">
     <span class='ocr_line' id='line_1_102' title="bbox 434 5179 2000 5256; baseline -0.002 -20"><span class='ocrx_word' id='word_1_774' title='bbox 434 5185 670 5256; x_wconf 82' lang='grc' dir='ltr'>Ἰσραήλ.</span> <span class='ocrx_word' id='word_1_775' title='bbox 705 5205 722 5236; x_wconf 72' lang='grc' dir='ltr'><strong>ι</strong></span> <span class='ocrx_word' id='word_1_776' title='bbox 749 5186 922 5239; x_wconf 78' lang='grc' dir='ltr'>Πάλαι</span> <span class='ocrx_word' id='word_1_777' title='bbox 968 5186 1065 5256; x_wconf 84' lang='grc' dir='ltr'><strong>μὲν</strong></span> <span class='ocrx_word' id='word_1_778' title='bbox 1100 5186 1209 5256; x_wconf 86' lang='grc' dir='ltr'>γὰρ</span> <span class='ocrx_word' id='word_1_779' title='bbox 1229 5180 1297 5254; x_wconf 82' lang='grc' dir='ltr'>ἦν</span> <span class='ocrx_word' id='word_1_780' title='bbox 1335 5183 1696 5254; x_wconf 79' lang='grc' dir='ltr'>πρωτότοκος,</span> <span class='ocrx_word' id='word_1_781' title='bbox 1730 5179 1915 5250; x_wconf 81' lang='grc' dir='ltr'>ἐπειδὴ</span> <span class='ocrx_word' id='word_1_782' title='bbox 1945 5179 2000 5230; x_wconf 85' lang='grc' dir='ltr'>δὲ</span> 
     </span>
    </p>
   </div>
   <div class='ocr_carea' id='block_1_103' title="bbox 423 5271 2000 5348">
    <p class='ocr_par' dir='ltr' id='par_1_103' title="bbox 423 5271 2000 5348">
     <span class='ocr_line' id='line_1_103' title="bbox 423 5271 2000 5348; baseline -0.004 -20"><span class='ocrx_word' id='word_1_783' title='bbox 423 5275 827 5346; x_wconf 70' lang='grc' dir='ltr'>κατεψεύσαντο</span> <span class='ocrx_word' id='word_1_784' title='bbox 888 5277 982 5330; x_wconf 87' lang='grc' dir='ltr'><strong>τοῦ</strong></span> <span class='ocrx_word' id='word_1_785' title='bbox 1033 5273 1292 5348; x_wconf 82' lang='grc' dir='ltr'>Χριστοῦ,</span> <span class='ocrx_word' id='word_1_786' title='bbox 1360 5275 1644 5344; x_wconf 79' lang='grc' dir='ltr'>γεγόνασιν</span> <span class='ocrx_word' id='word_1_787' title='bbox 1711 5271 2000 5341; x_wconf 85' lang='grc' dir='ltr'>ἀλλότριοι.</span> 
     </span>
    </p>
   </div>
   <div class='ocr_carea' id='block_1_104' title="bbox 421 5363 1991 5438">
    <p class='ocr_par' dir='ltr' id='par_1_104' title="bbox 421 5363 1991 5438">
     <span class='ocr_line' id='line_1_104' title="bbox 421 5363 1991 5438; baseline -0.001 -20"><span class='ocrx_word' id='word_1_788' title='bbox 421 5365 597 5419; x_wconf 83' lang='grc' dir='ltr'>Τέκνα</span> <span class='ocrx_word' id='word_1_789' title='bbox 629 5367 736 5438; x_wconf 81' lang='grc' dir='ltr'>γὰρ</span> <span class='ocrx_word' id='word_1_790' title='bbox 765 5368 1055 5434; x_wconf 86' lang='grc' dir='ltr'>ἀπωλείας,</span> <span class='ocrx_word' id='word_1_791' title='bbox 1089 5369 1193 5420; x_wconf 83' lang='grc' dir='ltr'><strong>υἱοὶ</strong></span> <span class='ocrx_word' id='word_1_792' title='bbox 1219 5367 1440 5438; x_wconf 80' lang='grc' dir='ltr'>γεέννης</span> <span class='ocrx_word' id='word_1_793' title='bbox 1463 5365 1751 5435; x_wconf 79' lang='grc' dir='ltr'>κέκληνται</span> <span class='ocrx_word' id='word_1_794' title='bbox 1788 5363 1991 5416; x_wconf 80' lang='grc' dir='ltr'>λοιπόν.</span> 
     </span>
    </p>
   </div>
   <div class='ocr_carea' id='block_1_105' title="bbox 432 5457 1995 5532">
    <p class='ocr_par' dir='ltr' id='par_1_105' title="bbox 432 5457 1995 5532">
     <span class='ocr_line' id='line_1_105' title="bbox 432 5457 1995 5532; baseline -0.002 -22"><span class='ocrx_word' id='word_1_795' title='bbox 432 5457 569 5510; x_wconf 82' lang='grc' dir='ltr'>Ἀλλ’</span> <span class='ocrx_word' id='word_1_796' title='bbox 601 5459 750 5524; x_wconf 83' lang='grc' dir='ltr'>ὅταν,</span> <span class='ocrx_word' id='word_1_797' title='bbox 788 5460 971 5532; x_wconf 62' lang='grc' dir='ltr'>φησιν,</span> <span class='ocrx_word' id='word_1_798' title='bbox 1001 5459 1261 5524; x_wconf 79' lang='grc' dir='ltr'>ἁναδείξω</span> <span class='ocrx_word' id='word_1_799' title='bbox 1301 5460 1389 5513; x_wconf 82' lang='grc' dir='ltr'><strong>τὸν</strong></span> <span class='ocrx_word' id='word_1_800' title='bbox 1407 5459 1684 5528; x_wconf 76' lang='grc' dir='ltr'>Ἐλιακεὶμ</span> <span class='ocrx_word' id='word_1_801' title='bbox 1716 5457 1794 5528; x_wconf 74' lang='grc' dir='ltr'><strong>(ὃς</strong></span> <span class='ocrx_word' id='word_1_802' title='bbox 1825 5458 1995 5527; x_wconf 79' lang='grc' dir='ltr'>ἑρμη-</span> 
     </span>
    </p>
   </div>
   <div class='ocr_carea' id='block_1_106' title="bbox 419 5549 1994 5623">
    <p class='ocr_par' dir='ltr' id='par_1_106' title="bbox 419 5549 1994 5623">
     <span class='ocr_line' id='line_1_106' title="bbox 419 5549 1994 5623; baseline -0.001 -21"><span class='ocrx_word' id='word_1_803' title='bbox 419 5549 629 5603; x_wconf 87' lang='grc' dir='ltr'>νεύεται</span> <span class='ocrx_word' id='word_1_804' title='bbox 657 5552 808 5607; x_wconf 85' lang='grc' dir='ltr'>Θεοῦ</span> <span class='ocrx_word' id='word_1_805' title='bbox 827 5552 1182 5619; x_wconf 81' lang='grc' dir='ltr'>ἀνάστασις·</span> <span class='ocrx_word' id='word_1_806' title='bbox 1207 5553 1502 5623; x_wconf 77' lang='grc' dir='ltr'>ἐγήγερται</span> <span class='ocrx_word' id='word_1_807' title='bbox 1525 5551 1632 5622; x_wconf 79' lang='grc' dir='ltr'><strong>γὰρ</strong></span> <span class='ocrx_word' id='word_1_808' title='bbox 1662 5553 1740 5614; x_wconf 81' lang='grc' dir='ltr'>εἰς</span> <span class='ocrx_word' id='word_1_809' title='bbox 1771 5551 1994 5602; x_wconf 80' lang='grc' dir='ltr'>ἐπικου-</span> 
     </span>
    </p>
   </div>
   <div class='ocr_carea' id='block_1_107' title="bbox 486 5734 1462 5801">
    <p class='ocr_par' dir='ltr' id='par_1_107' title="bbox 486 5734 1462 5801">
     <span class='ocr_line' id='line_1_107' title="bbox 486 5734 1462 5801; baseline 0.004 -15"><span class='ocrx_word' id='word_1_810' title='bbox 486 5734 506 5764; x_wconf 82' lang='grc'>⁶</span> <span class='ocrx_word' id='word_1_811' title='bbox 535 5735 636 5788; x_wconf 83' lang='lat' dir='ltr'><strong>lsa.</strong></span> <span class='ocrx_word' id='word_1_812' title='bbox 679 5751 715 5801; x_wconf 90' lang='grc' dir='ltr'><strong>ι,</strong></span> <span class='ocrx_word' id='word_1_813' title='bbox 745 5736 833 5788; x_wconf 73' lang='lat' dir='ltr'><strong>‘ll.</strong></span> <span class='ocrx_word' id='word_1_814' title='bbox 913 5741 932 5768; x_wconf 68' lang='grc' dir='ltr'><strong>θ</strong></span> <span class='ocrx_word' id='word_1_815' title='bbox 963 5735 1152 5790; x_wconf 77' lang='lat' dir='ltr'><strong>Matth.</strong></span> <span class='ocrx_word' id='word_1_816' title='bbox 1196 5735 1462 5800; x_wconf 59' lang='lat'><strong>“111,225.</strong></span> 
     </span>
    </p>
   </div>
   <div class='ocr_carea' id='block_1_108' title="bbox 1546 5732 2091 5802">
    <p class='ocr_par' dir='ltr' id='par_1_108' title="bbox 1546 5732 2091 5802">
     <span class='ocr_line' id='line_1_108' title="bbox 1546 5732 2091 5802; baseline 0.062 -22"><span class='ocrx_word' id='word_1_817' title='bbox 1546 5735 1584 5766; x_wconf 79' lang='grc' dir='ltr'>ιο</span> <span class='ocrx_word' id='word_1_818' title='bbox 1615 5733 1772 5788; x_wconf 66' lang='grc' dir='ltr'>ιιιιιιτ.</span> <span class='ocrx_word' id='word_1_819' title='bbox 1811 5749 1859 5798; x_wconf 78' lang='lat' dir='ltr'><strong>v.</strong></span> <span class='ocrx_word' id='word_1_820' title='bbox 1886 5732 2091 5802; x_wconf 58' lang='lat' dir='ltr'><strong>ist-&quot;1‘1-</strong></span> 
     </span>
    </p>
   </div>
   <div class='ocr_carea' id='block_1_109' title="bbox 2103 4628 3668 4698">
    <p class='ocr_par' dir='ltr' id='par_1_109' title="bbox 2103 4628 3668 4698">
     <span class='ocr_line' id='line_1_109' title="bbox 2103 4628 3668 4698; baseline 0.009 -19"><span class='ocrx_word' id='word_1_821' title='bbox 2103 4628 2285 4698; x_wconf 85' lang='lat' dir='ltr'><strong>gnovi,</strong></span> <span class='ocrx_word' id='word_1_822' title='bbox 2318 4629 2543 4682; x_wconf 77' lang='lat' dir='ltr'><strong>servivit</strong></span> <span class='ocrx_word' id='word_1_823' title='bbox 2573 4629 2726 4693; x_wconf 91' lang='lat' dir='ltr'><strong>mihi,</strong></span> <span class='ocrx_word' id='word_1_824' title='bbox 2782 4631 2834 4684; x_wconf 89' lang='lat' dir='ltr'><strong>in</strong></span> <span class='ocrx_word' id='word_1_825' title='bbox 2872 4631 3056 4686; x_wconf 87' lang='lat' dir='ltr'><strong>auditu</strong></span> <span class='ocrx_word' id='word_1_826' title='bbox 3097 4635 3244 4688; x_wconf 84' lang='lat' dir='ltr'><strong>auris</strong></span> <span class='ocrx_word' id='word_1_827' title='bbox 3279 4636 3482 4690; x_wconf 86' lang='lat' dir='ltr'><strong>audivit</strong></span> <span class='ocrx_word' id='word_1_828' title='bbox 3514 4637 3668 4693; x_wconf 90' lang='lat' dir='ltr'><strong>mihi.</strong></span> 
     </span>
    </p>
   </div>
   <div class='ocr_carea' id='block_1_110' title="bbox 2109 4719 3673 4787">
    <p class='ocr_par' dir='ltr' id='par_1_110' title="bbox 2109 4719 3673 4787">
     <span class='ocr_line' id='line_1_110' title="bbox 2109 4719 3673 4787; baseline 0.008 -14"><span class='ocrx_word' id='word_1_829' title='bbox 2109 4719 2229 4773; x_wconf 86' lang='lat' dir='ltr'><strong>Filii</strong></span> <span class='ocrx_word' id='word_1_830' title='bbox 2264 4719 2422 4774; x_wconf 89' lang='lat' dir='ltr'><strong>alieni</strong></span> <span class='ocrx_word' id='word_1_831' title='bbox 2455 4721 2664 4776; x_wconf 88' lang='lat' dir='ltr'><strong>mentiti</strong></span> <span class='ocrx_word' id='word_1_832' title='bbox 2708 4733 2834 4777; x_wconf 90' lang='lat' dir='ltr'><strong>sunt</strong></span> <span class='ocrx_word' id='word_1_833' title='bbox 2865 4724 3016 4787; x_wconf 90' lang='lat' dir='ltr'><strong>mihi,</strong></span> <span class='ocrx_word' id='word_1_834' title='bbox 3054 4725 3147 4779; x_wconf 91' lang='lat' dir='ltr'><strong>ﬁlii</strong></span> <span class='ocrx_word' id='word_1_835' title='bbox 3180 4726 3338 4780; x_wconf 89' lang='lat' dir='ltr'><strong>alieni</strong></span> <span class='ocrx_word' id='word_1_836' title='bbox 3385 4727 3673 4786; x_wconf 84' lang='lat' dir='ltr'><strong>inveterati</strong></span> 
     </span>
    </p>
   </div>
   <div class='ocr_carea' id='block_1_111' title="bbox 2104 4812 3672 4877">
    <p class='ocr_par' dir='ltr' id='par_1_111' title="bbox 2104 4812 3672 4877">
     <span class='ocr_line' id='line_1_111' title="bbox 2104 4812 3672 4877; baseline 0.008 -13"><span class='ocrx_word' id='word_1_837' title='bbox 2104 4821 2250 4875; x_wconf 90' lang='lat' dir='ltr'><strong>sunt,</strong></span> <span class='ocrx_word' id='word_1_838' title='bbox 2289 4821 2344 4868; x_wconf 92' lang='lat' dir='ltr'><strong>et</strong></span> <span class='ocrx_word' id='word_1_839' title='bbox 2385 4812 2826 4868; x_wconf 88' lang='lat' dir='ltr'><strong>claudicaverunt</strong></span> <span class='ocrx_word' id='word_1_840' title='bbox 2875 4832 2904 4870; x_wconf 88' lang='lat' dir='ltr'><strong>a</strong></span> <span class='ocrx_word' id='word_1_841' title='bbox 2949 4817 3155 4874; x_wconf 87' lang='lat' dir='ltr'><strong>semitis</strong></span> <span class='ocrx_word' id='word_1_842' title='bbox 3201 4819 3335 4876; x_wconf 90' lang='lat' dir='ltr'><strong>suis.</strong></span> <span class='ocrx_word' id='word_1_843' title='bbox 3386 4819 3672 4877; x_wconf 76' lang='lat' dir='ltr'><strong>lnveterati</strong></span> 
     </span>
    </p>
   </div>
   <div class='ocr_carea' id='block_1_112' title="bbox 2105 4905 3673 4984">
    <p class='ocr_par' dir='ltr' id='par_1_112' title="bbox 2105 4905 3673 4984">
     <span class='ocr_line' id='line_1_112' title="bbox 2105 4905 3673 4984; baseline 0.008 -28"><span class='ocrx_word' id='word_1_844' title='bbox 2105 4914 2250 4967; x_wconf 89' lang='lat' dir='ltr'><strong>sunt,</strong></span> <span class='ocrx_word' id='word_1_845' title='bbox 2287 4913 2340 4958; x_wconf 90' lang='lat' dir='ltr'><strong>et</strong></span> <span class='ocrx_word' id='word_1_846' title='bbox 2367 4905 2602 4959; x_wconf 90' lang='lat' dir='ltr'><strong>interitui</strong></span> <span class='ocrx_word' id='word_1_847' title='bbox 2635 4905 2762 4961; x_wconf 82' lang='lat' dir='ltr'><strong>facti</strong></span> <span class='ocrx_word' id='word_1_848' title='bbox 2796 4915 2920 4961; x_wconf 86' lang='lat' dir='ltr'><strong>sunt</strong></span> <span class='ocrx_word' id='word_1_849' title='bbox 2943 4910 3192 4976; x_wconf 81' lang='lat' dir='ltr'><strong>proximi,</strong></span> <span class='ocrx_word' id='word_1_850' title='bbox 3221 4920 3274 4964; x_wconf 91' lang='lat' dir='ltr'><strong>et</strong></span> <span class='ocrx_word' id='word_1_851' title='bbox 3301 4911 3404 4966; x_wconf 77' lang='lat' dir='ltr'><strong>levi</strong></span> <span class='ocrx_word' id='word_1_852' title='bbox 3435 4921 3488 4966; x_wconf 90' lang='lat' dir='ltr'><strong>et</strong></span> <span class='ocrx_word' id='word_1_853' title='bbox 3516 4914 3673 4984; x_wconf 86' lang='lat' dir='ltr'><strong>quasi</strong></span> 
     </span>
    </p>
   </div>
   <div class='ocr_carea' id='block_1_113' title="bbox 2107 4995 3669 5076">
    <p class='ocr_par' dir='ltr' id='par_1_113' title="bbox 2107 4995 3669 5076">
     <span class='ocr_line' id='line_1_113' title="bbox 2107 4995 3669 5076; baseline 0.009 -28"><span class='ocrx_word' id='word_1_854' title='bbox 2107 4995 2282 5049; x_wconf 82' lang='lat' dir='ltr'><strong>fracto</strong></span> <span class='ocrx_word' id='word_1_855' title='bbox 2314 4995 2492 5050; x_wconf 89' lang='lat' dir='ltr'><strong>animo</strong></span> <span class='ocrx_word' id='word_1_856' title='bbox 2526 4998 2744 5053; x_wconf 87' lang='lat' dir='ltr'><strong>fuerunt</strong></span> <span class='ocrx_word' id='word_1_857' title='bbox 2771 5001 3000 5068; x_wconf 78' lang='lat' dir='ltr'><strong>przcditi,</strong></span> <span class='ocrx_word' id='word_1_858' title='bbox 3046 5001 3140 5054; x_wconf 90' lang='lat' dir='ltr'><strong>ﬁlii</strong></span> <span class='ocrx_word' id='word_1_859' title='bbox 3170 5002 3293 5056; x_wconf 80' lang='lat' dir='ltr'><strong>faeti</strong></span> <span class='ocrx_word' id='word_1_860' title='bbox 3326 5003 3669 5076; x_wconf 66' lang='lat' dir='ltr'><strong>alienigenae,</strong></span> 
     </span>
    </p>
   </div>
   <div class='ocr_carea' id='block_1_114' title="bbox 2107 5084 3670 5159">
    <p class='ocr_par' dir='ltr' id='par_1_114' title="bbox 2107 5084 3670 5159">
     <span class='ocr_line' id='line_1_114' title="bbox 2107 5084 3670 5159; baseline 0.006 -21"><span class='ocrx_word' id='word_1_861' title='bbox 2107 5084 2270 5139; x_wconf 89' lang='lat' dir='ltr'><strong>Israel</strong></span> <span class='ocrx_word' id='word_1_862' title='bbox 2298 5087 2507 5140; x_wconf 89' lang='lat' dir='ltr'><strong>scilicet</strong></span> <span class='ocrx_word' id='word_1_863' title='bbox 2537 5089 2600 5141; x_wconf 87' lang='lat'><strong>“.</strong></span> <span class='ocrx_word' id='word_1_864' title='bbox 2634 5107 2652 5138; x_wconf 77' lang='grc' dir='ltr'><strong>ι</strong></span> <span class='ocrx_word' id='word_1_865' title='bbox 2688 5087 2828 5142; x_wconf 89' lang='lat' dir='ltr'><strong>Olim</strong></span> <span class='ocrx_word' id='word_1_866' title='bbox 2869 5097 2989 5142; x_wconf 86' lang='lat' dir='ltr'><strong>erat</strong></span> <span class='ocrx_word' id='word_1_867' title='bbox 3024 5091 3432 5159; x_wconf 87' lang='lat' dir='ltr'><strong>primogenitus,</strong></span> <span class='ocrx_word' id='word_1_868' title='bbox 3466 5104 3518 5147; x_wconf 85' lang='lat' dir='ltr'><strong>at</strong></span> <span class='ocrx_word' id='word_1_869' title='bbox 3546 5110 3670 5148; x_wconf 88' lang='lat' dir='ltr'><strong>cum</strong></span> 
     </span>
    </p>
   </div>
   <div class='ocr_carea' id='block_1_115' title="bbox 2106 5177 3672 5243">
    <p class='ocr_par' dir='ltr' id='par_1_115' title="bbox 2106 5177 3672 5243">
     <span class='ocr_line' id='line_1_115' title="bbox 2106 5177 3672 5243; baseline 0.004 -13"><span class='ocrx_word' id='word_1_870' title='bbox 2106 5177 2326 5231; x_wconf 86' lang='lat' dir='ltr'><strong>Christo</strong></span> <span class='ocrx_word' id='word_1_871' title='bbox 2365 5179 2578 5232; x_wconf 88' lang='lat' dir='ltr'><strong>mentiti</strong></span> <span class='ocrx_word' id='word_1_872' title='bbox 2611 5189 2757 5243; x_wconf 91' lang='lat' dir='ltr'><strong>sunt,</strong></span> <span class='ocrx_word' id='word_1_873' title='bbox 2792 5179 2920 5234; x_wconf 80' lang='lat' dir='ltr'><strong>facti</strong></span> <span class='ocrx_word' id='word_1_874' title='bbox 2949 5191 3074 5234; x_wconf 92' lang='lat' dir='ltr'><strong>sunt</strong></span> <span class='ocrx_word' id='word_1_875' title='bbox 3105 5180 3286 5235; x_wconf 89' lang='lat' dir='ltr'><strong>alieni.</strong></span> <span class='ocrx_word' id='word_1_876' title='bbox 3315 5181 3500 5237; x_wconf 89' lang='lat' dir='ltr'><strong>Proles</strong></span> <span class='ocrx_word' id='word_1_877' title='bbox 3528 5184 3672 5238; x_wconf 88' lang='lat' dir='ltr'><strong>enim</strong></span> 
     </span>
    </p>
   </div>
   <div class='ocr_carea' id='block_1_116' title="bbox 2114 5270 3670 5346">
    <p class='ocr_par' dir='ltr' id='par_1_116' title="bbox 2114 5270 3670 5346">
     <span class='ocr_line' id='line_1_116' title="bbox 2114 5270 3670 5346; baseline 0.006 -24"><span class='ocrx_word' id='word_1_878' title='bbox 2114 5270 2454 5337; x_wconf 85' lang='lat' dir='ltr'><strong>perditionis,</strong></span> <span class='ocrx_word' id='word_1_879' title='bbox 2487 5281 2542 5324; x_wconf 90' lang='lat' dir='ltr'><strong>et</strong></span> <span class='ocrx_word' id='word_1_880' title='bbox 2577 5271 2668 5324; x_wconf 91' lang='lat' dir='ltr'><strong>ﬁlii</strong></span> <span class='ocrx_word' id='word_1_881' title='bbox 2714 5273 2971 5341; x_wconf 71' lang='lat' dir='ltr'><strong>gehennae</strong></span> <span class='ocrx_word' id='word_1_882' title='bbox 3005 5275 3176 5328; x_wconf 86' lang='lat' dir='ltr'><strong>vocati</strong></span> <span class='ocrx_word' id='word_1_883' title='bbox 3207 5283 3332 5329; x_wconf 88' lang='lat' dir='ltr'><strong>sunt</strong></span> <span class='ocrx_word' id='word_1_884' title='bbox 3365 5275 3619 5346; x_wconf 89' lang='lat' dir='ltr'><strong>deinceps</strong></span> <span class='ocrx_word' id='word_1_885' title='bbox 3655 5313 3670 5330; x_wconf 94' lang='lat'><strong>.</strong></span> 
     </span>
    </p>
   </div>
   <div class='ocr_carea' id='block_1_117' title="bbox 2105 5361 3673 5436">
    <p class='ocr_par' dir='ltr' id='par_1_117' title="bbox 2105 5361 3673 5436">
     <span class='ocr_line' id='line_1_117' title="bbox 2105 5361 3673 5436; baseline 0.004 -22"><span class='ocrx_word' id='word_1_886' title='bbox 2105 5361 2210 5414; x_wconf 88' lang='lat' dir='ltr'><strong>Sed</strong></span> <span class='ocrx_word' id='word_1_887' title='bbox 2245 5364 2482 5429; x_wconf 88' lang='lat' dir='ltr'><strong>quando,</strong></span> <span class='ocrx_word' id='word_1_888' title='bbox 2501 5363 2696 5430; x_wconf 84' lang='lat' dir='ltr'><strong>inquit,</strong></span> <span class='ocrx_word' id='word_1_889' title='bbox 2714 5364 3007 5434; x_wconf 85' lang='lat' dir='ltr'><strong>designabo</strong></span> <span class='ocrx_word' id='word_1_890' title='bbox 3029 5364 3251 5420; x_wconf 87' lang='lat' dir='ltr'><strong>Eliacim</strong></span> <span class='ocrx_word' id='word_1_891' title='bbox 3273 5365 3383 5436; x_wconf 88' lang='lat' dir='ltr'><strong>(qui</strong></span> <span class='ocrx_word' id='word_1_892' title='bbox 3409 5365 3673 5436; x_wconf 85' lang='lat' dir='ltr'><strong>interpre-</strong></span> 
     </span>
    </p>
   </div>
   <div class='ocr_carea' id='block_1_118' title="bbox 2108 5453 3670 5519">
    <p class='ocr_par' dir='ltr' id='par_1_118' title="bbox 2108 5453 3670 5519">
     <span class='ocr_line' id='line_1_118' title="bbox 2108 5453 3670 5519; baseline 0.003 -12"><span class='ocrx_word' id='word_1_893' title='bbox 2108 5464 2252 5507; x_wconf 83' lang='lat' dir='ltr'><strong>tatur</strong></span> <span class='ocrx_word' id='word_1_894' title='bbox 2277 5453 2373 5507; x_wconf 81' lang='lat' dir='ltr'><strong>Dei</strong></span> <span class='ocrx_word' id='word_1_895' title='bbox 2395 5455 3002 5519; x_wconf 80' lang='lat' dir='ltr'><strong>resurrectio,excitatus</strong></span> <span class='ocrx_word' id='word_1_896' title='bbox 3020 5467 3100 5512; x_wconf 91' lang='lat' dir='ltr'><strong>est</strong></span> <span class='ocrx_word' id='word_1_897' title='bbox 3127 5457 3269 5512; x_wconf 91' lang='lat' dir='ltr'><strong>enim</strong></span> <span class='ocrx_word' id='word_1_898' title='bbox 3293 5457 3346 5512; x_wconf 93' lang='lat' dir='ltr'><strong>in</strong></span> <span class='ocrx_word' id='word_1_899' title='bbox 3367 5459 3670 5513; x_wconf 90' lang='lat' dir='ltr'><strong>subsidium</strong></span> 
     </span>
    </p>
   </div>
   <div class='ocr_carea' id='block_1_119' title="bbox 2103 5547 3672 5622">
    <p class='ocr_par' dir='ltr' id='par_1_119' title="bbox 2103 5547 3672 5622">
     <span class='ocr_line' id='line_1_119' title="bbox 2103 5547 3672 5622; baseline 0.003 -22"><span class='ocrx_word' id='word_1_900' title='bbox 2103 5557 2347 5603; x_wconf 88' lang='lat' dir='ltr'><strong>nostrum</strong></span> <span class='ocrx_word' id='word_1_901' title='bbox 2378 5547 2518 5602; x_wconf 87' lang='lat' dir='ltr'><strong>Deus</strong></span> <span class='ocrx_word' id='word_1_902' title='bbox 2555 5548 2814 5616; x_wconf 76' lang='lat' dir='ltr'><strong>Verbum,</strong></span> <span class='ocrx_word' id='word_1_903' title='bbox 2867 5549 2956 5619; x_wconf 91' lang='lat' dir='ltr'><strong>qui</strong></span> <span class='ocrx_word' id='word_1_904' title='bbox 3014 5551 3176 5605; x_wconf 88' lang='lat' dir='ltr'><strong>etiam</strong></span> <span class='ocrx_word' id='word_1_905' title='bbox 3215 5551 3351 5608; x_wconf 91' lang='lat' dir='ltr'><strong>dicit</strong></span> <span class='ocrx_word' id='word_1_906' title='bbox 3397 5569 3411 5606; x_wconf 89' lang='lat'><strong>:</strong></span> <span class='ocrx_word' id='word_1_907' title='bbox 3451 5551 3672 5622; x_wconf 86' lang='lat' dir='ltr'><strong>Propter</strong></span> 
     </span>
    </p>
   </div>
   <div class='ocr_carea' id='block_1_120' title="bbox 2171 5729 2820 5802">
    <p class='ocr_par' dir='ltr' id='par_1_120' title="bbox 2171 5729 2820 5802">
     <span class='ocr_line' id='line_1_120' title="bbox 2171 5729 2820 5802; baseline -0.002 -17"><span class='ocrx_word' id='word_1_908' title='bbox 2171 5731 2212 5762; x_wconf 86' lang='lat'>“</span> <span class='ocrx_word' id='word_1_909' title='bbox 2249 5729 2387 5785; x_wconf 78' lang='lat' dir='ltr'><strong>I’sal.</strong></span> <span class='ocrx_word' id='word_1_910' title='bbox 2420 5747 2550 5799; x_wconf 78' lang='lat' dir='ltr'><strong>xm,</strong></span> <span class='ocrx_word' id='word_1_911' title='bbox 2581 5732 2648 5788; x_wconf 65' lang='lat' dir='ltr'><strong>4i</strong></span> <span class='ocrx_word' id='word_1_912' title='bbox 2672 5747 2820 5802; x_wconf 83' lang='lat' dir='ltr'><strong>seqq.</strong></span> 
     </span>
    </p>
   </div>
  </div>
