4148 6378
519 361 617 414 519

1549 368 1607 424 S.
1646 365 1922 422 αγιιιιιι
1957 362 2428 422 ALEXANDRINI
2464 362 2787 424 ARCIIIEP.

3668 372 3773 427 ὕΞο

518 481 785 537 iniseriam
817 487 1054 553 inopum,
1085 498 1137 543 et
1165 489 1421 559 gemitum
1458 505 1775 559 pauperum,
1811 503 1956 543 nunc
1991 503 2069 543 ex-

2187 490 2310 561 ρίαν
2355 491 2511 560 ἡμῶν
2545 491 2678 554 Θεὸς
2721 491 2797 544 ὢν
2843 493 2870 545 ὁ
2920 492 3114 560 Λόγος,
3156 495 3184 546 ὁ
3229 494 3324 546 καὶ
3362 491 3528 548 πάλαι
3577 495 3768 566 λέγων’

517 587 750 642 surgam,
785 575 912 630 dicit
946 577 1203 633 Dominus
1225 580 1346 651 “',)
1377 589 1523 641 tunc.
1559 581 1752 650 inquit,
1782 580 2082 636 conlitletei

511 665 687 718 omnis
713 666 978 734 gloriosus
1019 669 1073 722 in
1105 671 1264 726 domo
1294 671 1460 740 patris
1497 671 1577 726 sui
1612 691 1626 726 :
1676 673 1873 726 Domus
1903 685 2081 728 autem

515 753 688 808 Patris
714 756 916 810 Christi
942 775 1060 827 qua:
1090 771 1234 814 esset
1263 763 1386 826 alia,
1419 773 1616 831 przeler
1639 763 1964 816 Ecclesium?
1985 766 2081 816 At-

511 849 601 916 qui
649 849 691 902 si
723 851 845 917 quis
898 851 947 904 in
979 868 1041 906 ea
1079 853 1151 906 sit
1182 854 1435 918 celebris,
1467 855 1556 909 ille
1589 855 1716 908 lidet
1751 856 1987 920 Christo,
2028 870 2083 910 et

511 955 614 992 non
647 941 820 994 solum
857 942 1124 1010 gloriosus
1152 960 1215 998 ac
1247 944 1498 1009 celebris,
1530 947 1622 999 sed
1659 947 1818 999 etiam
1880 947 1924 999 si
1956 947 2078 1015 quis

510 1031 685 1082 tenuis
703 1031 772 1083 sit
804 1033 988 1084 mundi
1033 1032 1258 1100 judicio.
1285 1035 1468 1089 Justus
1501 1036 1643 1089 enim
1675 1047 1778 1100 cst,
1811 1046 1865 1090 et
1893 1052 2081 1104 perso-

507 1136 604 1172 nas
660 1137 764 1174 non
813 1124 1035 1190 suscipit
1067 1125 1439 1181 universitatis
1468 1128 1626 1190 Deus,
1658 1130 1752 1181 sed
1780 1131 1956 1198 potius
1982 1145 2078 1198 pro

509 1226 759 1264 mensura
795 1215 1091 1278 spiritualis
1117 1218 1312 1282 :etatis,
1349 1217 1401 1271 hi
1445 1227 1625 1286 patres
1653 1221 1891 1285 suut,illi
1914 1222 2076 1274 etiam

511 1300 674 1363 liliuli,
710 1313 762 1355 et
798 1305 1186 1370 adolescentes,
1216 1309 1482 1375 ctcphcbi
1526 1310 1961 1377 iutelligibililer.

2204 579 2336 631 ’Λπὸ
2385 580 2482 650 τῆς
2528 580 2902 650 ταλαιπωρίας
2947 581 3056 634 τῶν
3100 581 3350 650 πτωχῶν,
3388 582 3481 636 καὶ
3531 583 3640 637 ἀπὸ
3675 585 3772 639 τοῦ

2193 670 2497 740 στενάγμου
2528 671 2635 724 τῶν
2660 673 2907 743 πενήτων
2946 672 3040 726 νῦν
3061 675 3457 745 ἀναστήσομαι,
3486 675 3635 744 λέγει
3657 677 3770 730 Κύ-

2194 759 2348 831 ριος),
2373 762 2518 823 τότε,
2544 763 2728 832 φησιν,
2753 763 3006 816 ἓσταιὲπ⁹
3027 765 3174 832 αύτῷ
3195 765 3470 828 πεποιθὼς
3497 769 3605 832 πᾶς
3627 769 3769 822 ἔνδο-

2190 855 2276 919 ξος
2301 857 2358 909 ὲν
2383 856 2458 926 τῷ
2483 857 2614 926 οἴκῳ
2643 857 2737 909 τοῦ
2768 858 2971 926 πατρὸς
3005 860 3193 913 αὑτοῦ.
3228 858 3388 925 Οἶκος
3429 861 3484 914 δὲ
3528 861 3621 915 τοῦ
3655 863 3768 916 Ila-

2183 948 2310 1018 τρὸς
2331 948 2422 1001 τοῦ
2453 950 2688 1018 Χριστοῦ
2714 950 2794 1013 τίς
2817 951 2883 1003 ἂν
2909 952 3095 1022 ἕτερος
3118 954 3202 1023 εἴη
3234 955 3384 1026 παρὰ
3411 954 3507 1024 τὴν
3541 956 3768 1025 Ἐκκλη-

2187 1037 2330 1104 σίαν;
2371 1039 2508 1092 Ἀλλ’
2536 1040 2588 1090 εἴ
2618 1041 2700 1104 τίς
2731 1044 2875 1094 ἐστιν
2905 1043 3112 1107 ἔνδοξος
3142 1048 3199 1096 ὲν
3229 1046 3387 1114 αὐτῇ,
3422 1039 3578 1107 οὗτος
3615 1045 3766 1098 ἔσται

2191 1129 2464 1194 πεποιθὼς
2507 1133 2598 1184 ἐπὶ
2644 1133 2885 1205 Χριστῷ,
2929 1137 3021 1188 καὶ
3065 1136 3185 1206 ούχὶ
3227 1134 3291 1206 δὴ
3331 1136 3488 1205 μόνος
3539 1136 3763 1202 ἔνδοξος,

2185 1221 2320 1275 ἀλλὰ
2352 1224 2457 1294 γὰρ
2486 1225 2578 1276 καὶ
2612 1226 2773 1289 εἴτις
2810 1227 2893 1298 εἴη
2930 1228 3135 1298 βραχὺς
3177 1229 3316 1281 κατά
3345 1244 3406 1296 γε
3444 1227 3534 1280 τὸν
3562 1227 3766 1297 κόσμον

2189 1314 2349 1383 φημί.
2381 1317 2596 1379 Δίκαιος
2624 1317 2733 1389 γάρ
2760 1320 2852 1371 καὶ
2886 1321 3388 1391 ἀπροσωπόληπτος
3426 1321 3454 1372 ὁ
3491 1319 3598 1371 τῶν
3631 1319 3766 1373 δλων

510 1394 658 1458 Θεὸς,
704 1397 846 1450 κατὰ
890 1399 952 1451 τὸ
1016 1400 1214 1469 μέτρον
1274 1401 1329 1454 δὲ
1380 1403 1581 1472 μᾶλλον
1644 1409 1744 1474 τῆς
1781 1406 2156 1477 πνευματικῆς
2211 1408 2452 1478 ἡλικίας,
2499 1411 2547 1463 cI
2600 1413 2695 1482 μὲν
2752 1414 2860 1484 γάρ
2903 1416 3007 1468 εἱσι
3057 1417 3312 1487 πατέρες,
3359 1415 3408 1466 οἱ
3457 1413 3514 1466 δὲ
3548 1413 3639 1465 καὶ
3685 1413 3764 1480 ἔτι

509 1490 687 1552 τέκνα,
719 1492 922 1544 νεανίαι
956 1510 1014 1544 τε
1064 1495 1154 1546 καὶ
1185 1493 1374 1564 ἔφηϐοι
1399 1495 1624 1564 νοητῶς.

577 1584 738 1636 Vnus.
767 1584 854 1637 9.5.
889 1583 1016 1637 Παέ
1039 1587 1164 1637 dicit
1201 1587 1453 1640 Dominus
1484 1588 1714 1640 Sabaoth
1743 1605 1760 1640 :
1790 1587 2079 1640 Horcbitur

507 1677 655 1728 homo
696 1678 937 1743 ﬁrmatus
969 1677 1083 1730 locu
1119 1679 1252 1746 ﬁdo,
1287 1690 1333 1732 et
1363 1683 1532 1743 cadet,
1563 1694 1608 1734 et
1645 1681 1808 1750 gloria
1841 1680 1950 1748 ejus
1982 1679 2082 1731 tol-

507 1766 658 1830 letur,
694 1769 816 1835 quia
845 1769 1098 1822 Dominus
1135 1770 1338 1824 locutus
1377 1783 1471 1824 est.

572 1945 700 1999 Post
732 1946 867 2000 adeo
888 1947 1104 2018 longam
1140 1949 1507 2003 narrationem
1547 1949 1760 2003 concisa
1814 1959 1869 2003 et
1899 1947 2078 2003 brevis

505 2037 775 2091 inducitur
811 2039 1004 2101 oratio,
1043 2040 1345 2093 divinorum
1375 2039 1702 2110 iudiciorum
1735 2041 2077 2094 severitatem

503 2129 805 2196 declarans,
841 2146 939 2184 ceu
993 2147 1083 2183 rex
1119 2147 1218 2202 pro
1260 2133 1484 2200 imperio
1531 2133 1580 2185 id
1630 2133 1742 2187 lieri
1784 2132 2076 2202 prmeipiat.

503 2225 723 2289 Spectat
749 2231 929 2276 autem
978 2237 1168 2277 rursus
1208 2224 1491 2277 sententia:
1546 2225 1702 2292 hujus
1761 2224 1862 2288 vis,
1895 2224 2081 2292 siquis

503 2313 650 2373 velit,
703 2314 770 2368 ad
806 2314 1042 2368 Somnan
1099 2323 1419 2383 qumstorem
1477 2334 1489 2369 :
1534 2316 1575 2368 si
1619 2315 1800 2382 latius,
1831 2316 1899 2369 ad
1948 2315 2079 2384 legis

505 2406 804 2473 sacriﬁcus,
832 2407 902 2461 ita
929 2407 1199 2475 intelliges
1231 2407 1390 2462 sicuti
1422 2408 1531 2476 jam
1561 2409 1908 2462 reddidimus.
1942 2408 2076 2460 Nam

509 2499 599 2566 qui
639 2499 688 2550 iu
725 2513 914 2551 secura
964 2499 1352 2566 tranquillitate
1385 2498 1543 2566 positi
1584 2498 1900 2551 videbantur
1939 2497 2078 2564 (hoc

516 2605 707 2659 nempe
728 2589 891 2660 326
922 2600 1004 2644 est
1054 2590 1258 2642 lirtnari
1291 2591 1342 2643 in
1373 2590 1490 2643 loco
1525 2589 1708 2659 lideli'),
1734 2597 2076 2651 corruerunt,

499 2693 553 2736 et
586 2697 707 2752 qua:
762 2684 866 2736 illis
921 2684 1129 2745 aderat,
1192 2681 1361 2752 gloria
1415 2682 1608 2752 privati
1660 2691 1804 2745 sunt,
1863 2680 2077 2734 nemine

499 2775 757 2826 auxilium
819 2776 1121 2840 prrehente,
1176 2775 1258 2826 vel
1323 2775 1502 2842 lapsos
1571 2775 1779 2844 erigere
1826 2774 2071 2836 valente,

497 2868 620 2934 quia
653 2865 908 2918 Dominus
938 2865 1145 2918 locutus
1174 2873 1272 2917 est.
1302 2882 1320 2915 ι
1353 2865 1407 2918 Si
1437 2865 1578 2917 enim
1611 2864 1865 2919 clauserit.
1887 2876 2071 2918 contra

497 2957 795 3017 hominem,
819 2957 960 3025 quis,
1001 2955 1195 3024 inquit,
1226 2956 1434 3024 aperiet
1463 2956 1576 3006 ι’ἳ»

1068 3238 1274 3295 VISIO
1309 3240 1502 3296 ΤΥΙΗ.

563 3355 694 3410 CAP.
730 3353 916 3412 XXIII.
948 3354 1111 3409 Vens.
1143 3355 1192 3408 1.
1227 3353 1458 3419 Ululute,
1521 3372 1674 3409 naves
1707 3355 2066 3425 Carthaginis,

493 3449 619 3517 quia
656 3450 834 3517 periit,
875 3459 922 3501 et
960 3465 1062 3500 non
1103 3448 1326 3515 amplius
1355 3457 1701 3513 revertuntur,
1734 3464 1761 3502 e
1807 3459 1948 3502 terra
1982 3449 2070 3502 Ci-

495 3544 739 3596 tiensium
771 3542 929 3594 ducta
959 3551 1034 3594 est
1064 3542 1289 3610 captiva.

566 3637 678 3704 Age
713 3636 891 3688 denuo
930 3648 1050 3702 qua
1080 3633 1133 3686 in
1163 3631 1306 3703 Tyro
1335 3647 1363 3686 a
1398 3632 1504 3687 Deo
1544 3630 1809 3700 patefacta
1856 3633 2070 3686 fuerunt

493 3727 757 3789 oraculis,
793 3726 970 3794 quoad
1002 3726 1144 3791 licet,
1191 3725 1486 3794 explanare
1522 3725 1857 3789 studeamus,
1896 3725 2067 3780 histo-

494 3819 740 3885 riamque
780 3818 930 3885 prius
964 3832 1303 3881 enarremus,
1331 3826 1385 3870 et
1414 3818 1862 3886 quemadmodum
1915 3829 2068 3888 capta

495 3910 567 3964 sit
585 3921 639 3963 et
673 3910 848 3976 periit,
885 3918 939 3961 et
967 3910 1181 3977 captiva
1225 3909 1392 3971 venit,
1419 3909 1570 3977 juxta
1614 3911 1756 3977 quod
1805 3909 2065 3978 scriptum

493 4011 596 4067 est,
625 4003 840 4070 planum
885 4001 1334 4070 perspicuumque
1379 4000 1661 4055 faciamus.
1722 4001 1854 4056 Cum
1908 4003 2069 4071 igitur

495 4092 773 4162 BabyIOnii
835 4091 1072 4146 Judaeum
1108 4092 1450 4156 delevissent,
1488 4103 1544 4147 et
1585 4103 1826 4146 sanctam
1880 4095 2064 4147 urbem

493 4194 954 4246 concremassent,
1008 4193 1171 4253 atque
1223 4186 1496 4254 captivum
1554 4185 1802 4238 lsraelem
1858 4187 2069 4238 avexis-

493 4285 618 4330 sent
650 4293 664 4329 :
694 4285 880 4344 gentes
925 4275 1348 4347 alienigenarum
1412 4276 1609 4330 accolae
1667 4287 1719 4330 et
1765 4277 2066 4328 circumha-

495 4367 750 4428 hitantes,
785 4369 960 4418 audax
991 4373 1044 4417 et
1080 4364 1281 4418 eﬂ'rene
1313 4379 1375 4419 os
1416 4364 1575 4418 nullis
1609 4365 1912 4417 obseratum
1953 4365 2064 4414 Val-

492 4458 576 4510 vis
601 4458 928 4524 aperientes,
961 4457 1198 4509 divinam
1254 4456 1588 4524 maiestatem
1623 4456 1872 4508 convitiis
1919 4469 2067 4507 ausae

2266 1587 2410 1642 Τάδε
2463 1590 2626 1660 λέγει
2687 1593 2903 1659 Κύριος
2945 1595 3217 1648 Σαὸιιώ9⁶
3294 1597 3694 1664 Κινηθήσεται
3729 1603 3764 1655 ὁ

2185 1678 2493 1747 ἅνθρωπος
2541 1685 2575 1736 ό
2623 1683 3050 1753 ἐστηριγμένος
3103 1687 3174 1739 ἐν
3220 1688 3379 1754 τόπῳ
3407 1689 3619 1754 πιστῷ,
3665 1693 3761 1746 καὶ

2185 1770 2473 1838 πεσεῖται,
2499 1775 2597 1827 καὶ
2628 1775 3086 1845 ἀφαιρεθήσεται
3115 1779 3152 1846 ἡ
3181 1777 3330 1842 δόξα
3364 1781 3400 1848 ἡ
3438 1779 3529 1833 ἐπ’
3554 1783 3760 1847 αὐτὸν,

2112 1891 2153 1950 η
2184 1860 2271 1912 ὅτι
2292 1865 2506 1931 Κύριος
2531 1867 2859 1936 ἐλάλησεν.

2261 1954 2414 2007 Μετὰ
2456 1956 2554 2027 τὴν
2584 1955 2727 2009 οὕτω
2767 1957 2982 2029 μακρὰν
3027 1960 3322 2031 ἀφήγησιν,
3360 1961 3624 2034 σύντομος
3661 1967 3757 2018 καὶ

2184 2048 2388 2121 βραχὺς
2439 2050 2849 2119 εἰσκεκόμισται
2897 2050 3054 2119 λόγος
3111 2052 3219 2105 τῶν
3273 2054 3430 2107 θείων
3479 2059 3759 2126 χριμάτων

2181 2139 2493 2210 ἐμφανίζων
2524 2140 2622 2210 τὴν
2646 2142 2968 2212 ἀποτομίαν,
3000 2143 3095 2195 καὶ
3125 2145 3288 2197 οἱονεὶ
3322 2144 3584 2215 βασιλέως
3621 2148 3758 2216 μετά

2177 2234 2276 2303 τῆς
2323 2232 2640 2303 πρεπούσης
2689 2232 2937 2297 ἐξουσίας
2972 2235 3246 2303 ὁρίζοντος
3279 2235 3581 2304 γίγνεσθαι,
3630 2239 3758 2292 Βλέ-

2179 2340 2270 2376 πει
2299 2324 2357 2377 δὲ
2390 2324 2552 2378 πάλιν
2584 2327 2615 2394 ἡ
2645 2325 2745 2394 τῆς
2778 2326 3104 2394 ἀποφάσεως
3131 2327 3384 2397 δύναμις,
3413 2331 3460 2382 εἰ
3501 2332 3598 2400 μὲν
3631 2331 3757 2402 βού-

2178 2414 2322 2468 λοιτό
2368 2432 2472 2480 τις,
2503 2417 2582 2479 εἰς
2629 2415 2842 2484 Σομνάν
2897 2417 2988 2469 τὸν
3039 2418 3263 2487 ταμίαν·
3346 2421 3416 2489 si}
3436 2421 3491 2473 δὲ
3540 2421 3604 2492 δὴ
3664 2425 3758 2476 καὶ

2178 2506 2508 2578 πλατύτερον
2531 2508 2623 2559 ἐπὶ
2652 2509 2759 2560 τῶν
2788 2508 2927 2562 κατά
2955 2509 3116 2578 νόμον
3149 2512 3594 2582 ἱερουργούντων,
3615 2514 3755 2568 οῦτω

2178 2601 2424 2669 συνήσει,
2475 2598 2616 2651 καθὰ
2657 2599 2752 2651 καὶ
2810 2599 3228 2670 ἀποδεδώκαμεν
3275 2602 3495 2671 ἀρτίως.
3545 2605 3606 2656 Οί
3648 2605 3755 2675 γάρ

2174 2692 2453 2753 δοκοῦντες
2485 2692 2541 2742 ἐν
2567 2689 2852 2760 βεϐαιώσει
2885 2691 3096 2744 κεῖσθαι
3131 2691 3230 2761 τῆς
3257 2693 3577 2766 εὐημερίας,
3597 2696 3753 2749 τοῦτο

2175 2783 2283 2853 γάρ
2315 2785 2428 2834 ἐστι
2475 2781 2535 2834 τὸ
2580 2781 2898 2852 ἐστηρίχθαι
2931 2782 3106 2834 δοκεῖν
3140 2782 3197 2835 ὲν
3226 2783 3375 2854 τόπῳ
3407 2785 3600 2856 πιστῷ,
3658 2804 3753 2839 πε-

2176 2873 2425 2927 πτώκασί
2448 2889 2507 2924 τε
2533 2873 2740 2942 καὶτῆς
2769 2871 2994 2942 ἐνούσης
3018 2871 3200 2935 αὐτοῖς
3229 2873 3539 2945 ἀφῄρηνται
3567 2875 3748 2946 δόξης,

2174 2964 2542 3034 ἐπαμύνοντος
2575 2963 2806 3026 οὐδενὸς,
2837 2964 3005 3033 ἤγουν
3028 2962 3288 3032 ἀνορθοῦν
3325 2964 3600 3034 ἰσχύοντος
3624 2969 3750 3030 τοὺς

2176 3056 2273 3126 ἤδη
2309 3055 2770 3125 κατηρεγμένους,
2803 3056 2884 3108 ὅτι
2909 3055 3112 3126 Κύριος
3139 3054 3415 3126 ἐλάλησεν.
3450 3077 3468 3107 ι
3492 3059 3614 3112 Ἐάν
3641 3060 3749 3129 γάρ

2177 3149 2364 3219 κλείσῃ
2393 3148 2512 3202 κατ’
2540 3146 2847 3217 ἀνθρώπου,
2879 3147 2961 3209 τίς
2984 3147 3211 3212 ἀνοίξεις
3237 3167 3255 3199 ι
3291 3152 3470 3220 φησιν,

2619 3244 2702 3293 T0
2749 3241 2987 3291 ΟΡΑΜΛ
3035 3241 3292 3292 ΤΥΡΟΥ.

2250 3354 2629 3417 Ὀλολύξιιτε,
2681 3352 2861 3406 πλοῖα
2897 3349 3299 3420 Καρχηδόνος,
3335 3352 3424 3407 ὅτι
3459 3355 3749 3423 ἀπώλετο,

2171 3444 2270 3496 καὶ
2325 3447 2525 3497 οὐκέτι
2575 3447 2851 3513 ἔρχονται
2881 3481 2896 3507 ,
2946 3446 3017 3497 ἐκ
3083 3444 3194 3515 γῆς
3236 3448 3512 3502 Κιτιίιίων
3576 3447 3749 3521 ἦκται

2169 3537 2560 3606 αἰχμάλωτος.

2238 3630 2374 3699 Φέρε
2401 3629 2464 3700 δὴ
2494 3629 2653 3681 πάλιν
2681 3627 2999 3699 διατρανοῦν
3023 3631 3097 3692 ὡς
3121 3630 3199 3684 ἔνι
3232 3631 3624 3695 σπουδάζοντες
3657 3628 3748 3683 καὶ

2169 3723 2236 3776 τὰ
2269 3722 2358 3773 ἐπί
2382 3738 2444 3790 γε
2487 3724 2553 3792 τῇ
2586 3721 2746 3792 Τύρῳ
2773 3722 2924 3792 παρὰ
2959 3722 3094 3776 Θεοῦ
3126 3723 3630 3796 κεχρησμῳδημένα
3650 3726 3748 3794 τὴν

2181 3814 2422 3882 ἱστορίαν
2440 3814 2963 3884 προαφηγησόμεθα,
2984 3815 3078 3868 καὶ
3101 3815 3221 3868 τίνα
3233 3816 3429 3887 τρόπον
3449 3815 3561 3885 ἥλω
3573 3833 3630 3868 τε
3653 3817 3748 3868 καὶ

2169 3907 2427 3960 ἁπώλωλε
2445 3908 2536 3959 καὶ
2553 3907 2892 3976 αἰχμάλωτος
2909 3904 3091 3978 ἦκται,
3111 3909 3251 3962 κατά
3271 3909 3331 3962 τὸ
3341 3909 3743 3978 γεγραμμένον,

2171 4001 2340 4068 σαφὲς
2369 4002 2821 4070 καταστήσωμεν.
2846 4002 2973 4053 Ὅτε
3005 4001 3179 4054 τοίνυν
3209 4003 3256 4054 οἱ
3292 4001 3619 4054 Βαϐυλώνιοι
3645 4002 3745 4073 τὴν

2181 4092 2437 4145 Ἰουδαίαν
2461 4091 2928 4162 καταδηὼσαντες,
2952 4111 3082 4145 κατε
3091 4094 3440 4163 μπρὴσαντες
3455 4092 3511 4145 δὲ
3532 4093 3622 4146 καὶ
3643 4093 3741 4145 αὑ-

2165 4185 2263 4252 τὴν
2320 4184 2416 4255 τὴν
2465 4183 2626 4250 ἁγίαν
2659 4183 2831 4244 πόλιν,
2883 4183 3216 4253 ἀπεκόμιζον
3259 4184 3602 4254 αἰχμάλωτον
3649 4183 3739 4236 τὸν

2179 4278 2414 4348 Ἰσραὴλ,
2456 4276 2525 4330 τὰ
2580 4277 2763 4345 κύκλῳ
2821 4278 2915 4327 καὶ
2969 4277 3224 4345 περίοικα
3271 4275 3377 4328 τῶν
3428 4275 3738 4344 ἀλλοφύλων

2165 4367 2312 4434 ἔθνη,
2347 4367 2552 4437 θρασὺν
2584 4369 2678 4419 καὶ
2722 4365 3002 4417 ἀπύλωτον
3051 4364 3370 4431 ἀνοιγοῦντα
3405 4365 3599 4434 στόμα,
3643 4364 3739 4434 τὴν

2164 4459 2258 4510 τοῦ
2283 4458 2417 4511 Θεοῦ
2445 4459 2600 4524 δόξαν
2634 4460 3062 4527 κατακερτομεῦι
3095 4456 3430 4526 ἐπεχείρουν.
3463 4457 3739 4524 Ἔφασκον

493 4557 620 4602 sunt
664 4549 1030 4616 proscindere.
1083 4545 1369 4602 Jactabant
1422 4547 1622 4599 etenim
1682 4561 1899 4600 servare
1945 4547 2063 4600 illos

2176 4551 2274 4619 γὰρ
2332 4551 2403 4621 μὴ
2455 4549 2772 4618 δεδυνῆσθαι
2826 4548 3018 4612 σώζειν
3077 4548 3296 4610 αὐτοὺς,
3353 4545 3616 4617 ἡττῆσθαι
3680 4545 3737 4599 δὲ

492 4649 596 4692 non
634 4640 889 4703 valuisse,
925 4640 1088 4692 etiam
1137 4641 1308 4708 ipsum
1353 4637 1730 4708 opitulatorem
1759 4639 1925 4692 Deum
1962 4639 2063 4692 As-

491 4730 758 4799 syriorum
794 4746 953 4783 manu
999 4731 1306 4783 inferiorem
1355 4729 1543 4794 fuisse,
1595 4731 1702 4784 into
1756 4745 1883 4784 suos
1934 4731 2064 4785 deos

491 4822 828 4886 vernaculos,
860 4821 1202 4876 Hebraeorum
1236 4821 1343 4876 Deo
1386 4833 1440 4875 et
1486 4821 1736 4875 fortiores
1785 4835 1905 4875 esse
1957 4823 2058 4875 rati

491 4924 637 4978 sunt,
681 4925 734 4969 et
765 4925 1045 4983 protegere
1084 4914 1230 4982 ipsos
1259 4913 1520 4981 quasique
1549 4913 1720 4965 muris
1765 4914 2058 4977 obvallare,

492 5011 561 5061 ab
598 5012 742 5062 omni
790 5009 1097 5061 incursidne
1147 5023 1492 5071 conservare,
1525 5017 1579 5062 et
1609 5007 1916 5076 Babyloniis
1946 5005 2060 5060 elli-

493 5117 616 5153 cere
648 5103 972 5168 superiores.
1002 5101 1140 5167 Quin
1176 5108 1230 5154 et
1251 5100 1354 5154 alio
1385 5114 1600 5169 quoque
1651 5100 1809 5153 modo
1837 5100 1938 5168 ipsi
1964 5101 2058 5153 de-

494 5189 714 5256 przndati
745 5199 1099 5260 suntgenlem
1127 5187 1430 5253 Iudaicam,
1462 5189 1660 5257 partim
1689 5188 2060 5243 laborantibus

493 5280 812 5345 insidiando,
842 5293 895 5335 et
923 5281 1273 5344 imminendo,
1309 5281 1692 5349 etsuperstites
1722 5280 2057 5350 diripiendo:

492 5372 687 5439 partim
717 5371 846 5426 falso
885 5373 1206 5440 nuncupatis
1235 5373 1337 5426 diis
1360 5388 1516 5427 sacra
1565 5387 1692 5426 vasa
1735 5387 2059 5426 consecran—

493 5464 582 5521 do.
610 5473 663 5515 et
701 5464 788 5528 qui
813 5463 940 5534 jugo
961 5465 1236 5519 servitutis
1271 5464 1338 5517 ab
1370 5465 1472 5517 illis
1507 5464 1747 5532 oppressi
1807 5475 1982 5528 erant,
2025 5480 2054 5516 a

494 5549 625 5617 legis
655 5553 797 5605 cultu
820 5556 1117 5611 abdicando
1137 5597 1152 5622 ,
1177 5571 1242 5610 ac
1267 5557 1314 5608 vi
1339 5555 1490 5624 quasi
1516 5555 1837 5609 abarcendo.
1874 5554 2054 5622 Siqui-

495 5641 613 5694 dem
637 5643 770 5696 dixit
804 5646 944 5701 Deus
974 5664 1067 5716 per
1092 5663 1255 5702 unum
1285 5656 1588 5701 sanctorum
1621 5645 2001 5716 prophetarum
2038 5664 2050 5698 :

564 5801 628 5834 “'
657 5801 796 5856 Psal.
831 5819 903 5870 xi,
949 5803 1000 5858 5.
1073 5805 1112 5835 ¹¹
1172 5803 1270 5858 Job
1305 5819 1391 5857 le
1454 5805 1540 5856 9.7.

2173 4642 2370 4711 μᾶλλον
2405 4643 2498 4694 καὶ
2546 4641 2706 4694 αὑτὸν
2751 4641 2842 4692 τὸν
2878 4639 3272 4709 ἐπικουροῦντα
3297 4637 3430 4690 Θεὸν
3491 4639 3590 4709 τῆς
3630 4638 3737 4690 τῶν

2182 4735 2478 4804 Ἀσσυρίων
2534 4733 2732 4803 χειρὸς,
2783 4733 2983 4802 μᾶλλον
3036 4731 3129 4783 καὶ
3184 4731 3308 4792 τοὺς
3370 4729 3520 4799 παρά
3584 4730 3736 4798 σφίσι

2170 4826 2324 4887 θεοὺς
2367 4824 2535 4893 ᾣοντο
2578 4824 2674 4889 μὲν
2731 4819 2866 4875 εἶναι
2913 4824 3006 4876 καὶ
3042 4821 3450 4890 ἀλκιμωτέρους
3500 4818 3592 4870 τοῦ
3628 4819 3735 4871 τῶν

2181 4917 2442 4986 Ἐϐραίων
2495 4915 2652 4980 Θεοῦ,
2721 4915 3048 4985 προεστάναι
3097 4913 3154 4966 δὲ
3215 4911 3310 4964 καὶ
3371 4909 3734 4978 ἀνατειχίζειν

2168 5008 2383 5072 αὐτοὺς,
2420 5008 2523 5071 ἔξω
2552 5025 2609 5059 τε
2661 5008 2841 5076 πάσης
2874 5007 3062 5074 ἐφόδου
3101 5007 3306 5074 τηρεῖν,
3359 5002 3453 5056 καὶ
3479 5004 3735 5071 ἀμείνους

2165 5099 2481 5168 ἀποφαίνειν
2540 5099 2647 5154 τῶν
2700 5098 3070 5152 Βαϐυλωνίων.
3113 5096 3222 5149 Καὶ
3280 5094 3401 5148 καθ’
3447 5096 3632 5164 ἓτερον
3677 5094 3732 5146 δὲ

2165 5193 2394 5261 τρόπον·
2449 5190 2932 5261 συγκατεληῖζοντο
2997 5189 3098 5240 καὶ
3139 5186 3296 5240 αὐτοὶ
3349 5187 3410 5238 τὸ
3446 5185 3555 5237 τῶν
3607 5183 3734 5237 Ἰου-

2163 5281 2328 5335 δαίων
2355 5280 2526 5346 ἔθνος,
2544 5283 2700 5335 τοῦτο
2735 5283 2832 5352 μὲν
2861 5279 3224 5348 πεπονηκόσιν
3251 5276 3583 5346 ἐπιθέμενοι,
3638 5273 3732 5326 καὶ

2166 5372 2503 5444 ἁρπάζοντες
2535 5375 2656 5436 τοὺς
2700 5371 3145 5441 ὑπολελειμένους
3171 5386 3183 5399 ·
3214 5369 3370 5421 τοῦτο
3389 5368 3444 5420 δὲ
3467 5367 3560 5420 καὶ
3595 5366 3727 5419 ἀνα·

2161 5463 2401 5527 τιθέντες
2431 5468 2542 5528 τοῖς
2567 5463 2940 5534 ψευδωνύμοις
2990 5461 3130 5524 θεοῖς
3172 5460 3337 5530 σκεύη
3379 5477 3437 5512 τε
3465 5458 3602 5528 ἱερὰ,
3634 5457 3730 5510 καὶ

2160 5554 2259 5624 τῆς
2287 5553 2428 5607 κατὰ
2457 5555 2618 5624 νόμον
2643 5552 2894 5622 λατρείας
2933 5552 3006 5614 ὡς
3031 5549 3088 5616 ὲξ
3135 5548 3380 5617 ἀνάγκης
3419 5544 3730 5614 ἐκπέμπον-

2161 5661 2250 5710 τες
2293 5647 2416 5708 τοὺς
2445 5647 2548 5698 ὑπὸ
2598 5645 2735 5710 ζυγὰ
2795 5643 3085 5712 γεγονότας
3128 5643 3226 5709 τῆς
3262 5642 3350 5693 ὑπ’
3376 5639 3557 5698 αὐτοῖς
3603 5634 3728 5688 δου-
