4148 6378
380 347 479 405 531

1510 338 1580 396 IN
1606 316 1855 398 'Isstsit
1891 340 2022 396 ua
2064 340 2131 396 ιι.
2175 337 2410 397 TOMUS
2448 339 2510 393 v.

3535 346 3640 400 522

381 465 551 527 λείας.
610 462 719 517 Καὶ
759 461 892 531 γοῦν
942 460 1146 531 ἔφασκε
1192 460 1325 526 Θεὸς
1373 462 1440 515 δι’
1491 462 1608 525 ἑνὸς
1661 462 1768 516 τῶν
1802 462 1972 531 ἁγίων

2084 479 2102 513 ι
2142 458 2345 530 Ecquid
2373 471 2470 514 vos
2514 457 2668 523 mihi,
2694 454 2836 529 Tyre
2861 466 2915 512 et
2942 455 3132 524 Sidon,
3155 466 3210 512 et
3230 459 3405 515 omnis
3423 459 3642 517 Galilaea

384 554 719 628 προφητῶν·
767 574 784 605 ι
842 554 953 607 Καὶ
1005 555 1058 607 τί
1110 553 1203 607 καὶ
1252 554 1409 624 ὑμεῖς
1460 554 1605 624 ἐμοὶ,
1656 553 1832 625 Τύρος
1877 554 1973 609 καὶ

386 646 569 703 Σιδὼν.
606 648 701 700 καὶ
739 646 886 699 πᾶσα
946 644 1209 698 Γαλιλαία
1252 644 1595 712 ἀλλοφύλων;
1631 643 1705 715 μὴ
1737 643 1974 697 ιίινταιιιό⁴

382 738 521 807 δομα
550 739 708 809 ὑμεῖς
754 737 1137 791 ἀνταποδίδοτέ
1166 752 1277 807 μοι,
1315 737 1347 807 ἢ
1394 738 1784 806 μνησικακεῖτε
1815 736 1974 806 ὑμεῖς

382 829 471 882 ἃττ’
517 830 674 900 ἐμοῖς
746 827 942 892 Ὀξέως
980 828 1036 881 δὲ
1082 828 1181 882 καὶ
1231 827 1445 898 ταχέως
1483 827 1869 894 ἀνταποδώσω,
1914 828 1975 881 τὸ

381 918 733 989 ἀνταπόδομα
755 919 909 989 ὑμῶν
928 920 1008 982 εἰς
1035 918 1278 987 κεφαλὰς
1306 917 1479 986 ὑμῶν,
1502 917 1620 971 ἀνθ’
1638 910 1975 989 ὧντδάργύ-

387 1011 501 1082 ριόν
536 1029 660 1082 μου,
705 1011 799 1063 καὶ
836 1011 899 1063 τὸ
924 1009 1150 1081 χρυσίον
1183 1025 1286 1080 μου
1318 1008 1562 1072 ἐλάϐετε,
1607 1010 1705 1063 καὶ
1742 1011 1810 1063 τὰ
1855 1010 1976 1063 ἐπί-

383 1103 551 1157 λεκτά
591 1121 693 1172 μου
722 1104 818 1157 καὶ
860 1102 927 1157 τὰ
978 1101 1121 1155 καλὲ
1151 1100 1509 1172 είσηνέγκατε
1536 1101 1616 1164 εἰς
1648 1100 1776 1165 τοὺς
1810 1103 1975 1165 ναοὺς

384 1195 559 1265 ὑμῶν,
589 1194 681 1247 καὶ
710 1196 837 1257 τοὺς
877 1195 1030 1256 υἱοὺς
1070 1192 1264 1257 Ἰούδα,
1295 1193 1390 1245 καὶ
1415 1194 1540 1255 τοὺς
1571 1194 1721 1257 υἱοὺς
1759 1194 1976 1266 Ἰσραὴλ

382 1287 611 1341 ἀπέδοτε
665 1290 777 1349 τοῖς
836 1287 973 1349 υίοῖς
1023 1286 1132 1338 τῶν
1199 1284 1487 1356 Ἑλλήνων,
1538 1285 1687 1348 ὅπως
1734 1284 1973 1356 ἑξώσητε

386 1380 582 1441 αὐτοὺς
612 1382 674 1431 ἐκ
700 1379 807 1431 τῶν
832 1378 992 1448 ὁρίων
1015 1377 1213 1431 αὑτῶν.
1242 1395 1263 1428 ο
1304 1378 1458 1431 "illm
1482 1376 1661 1431 τοίνυν
1685 1379 1777 1430 καὶ
1803 1381 1836 1450 ή
1863 1378 1973 1431 Τύο

385 1489 481 1542 ρος
507 1471 565 1537 ἐξ
603 1471 780 1541 ὀργῆς
818 1470 976 1531 Θεοῦ,
1020 1469 1161 1523 κατὰ
1225 1470 1428 1523 τοιόνδε
1475 1469 1601 1522 τινὰ
1639 1470 1874 1541 τρόπον·
1906 1465 1975 1541 ἦν

384 1562 489 1630 μὲν
523 1562 631 1631 γὰρ
680 1566 840 1631 νῆσος
873 1561 952 1613 ἔτι
978 1561 1279 1630 πορθμείου
1308 1560 1400 1614 διὰ
1452 1561 1621 1630 μέσου
1654 1560 1973 1631 κεχωρηκό-

384 1671 495 1717 τος,
532 1655 627 1707 καὶ
652 1654 713 1706 οὑ
755 1656 987 1724 μακροῖς
1014 1652 1345 1723 διαστήμασι
1383 1652 1482 1723 τῆς
1526 1652 1755 1722 ήπείρου
1805 1652 1973 1722 διείρ-

386 1762 595 1813 γοντος.
628 1745 849 1814 Ἐπειδὴ
867 1745 922 1797 δὲ
944 1739 1080 1815 ἧκεν
1101 1747 1127 1797 ὁ
1152 1743 1513 1807 Βαϐυλώνιος,
1546 1743 1698 1814 ζητεῖ
1722 1760 1782 1795 τε
1803 1743 1976 1815 αὑτὴν

380 1836 522 1908 ὁμοῦ
556 1841 675 1900 ταῖς
712 1837 901 1899 ἄλλαις
942 1837 1103 1900 ἑλεῖν,
1150 1835 1402 1889 ἐκέλευσέ
1433 1852 1492 1889 τε
1530 1839 1648 1899 ταῖς
1682 1835 1785 1889 ὑπὸ
1817 1838 1976 1907 χεῖρα

385 1932 672 1999 ’στρατιαῖς
705 1930 804 1999 τὴν
848 1930 1051 2000 μεταξὺ
1086 1929 1540 1999 καταχωννύντας
1575 1929 1872 1992 θάλασσαν,
1909 1932 1975 2002 τῇ

384 2034 447 2072 τε
483 2020 697 2089 ὴπείρῳ
726 2019 1020 2072 συνάπτειν
1059 2018 1253 2089 αὐτὴν,
1279 2019 1374 2071 καὶ
1390 2019 1555 2088 νῆσον
1580 2019 1764 2072 οὐκέτι
1794 2019 1977 2090 μένειν

384 2113 505 2183 ἑᾷν.
533 2100 611 2165 Οὑ
648 2110 713 2181 δὴ
755 2110 1096 2181 γεγονότοςῆ
1141 2111 1235 2163 καὶ
1262 2111 1480 2164 ἔσεσθαι
1519 2112 1979 2184 προσδοκηθέντος

382 2202 489 2257 ὀὑκ
520 2205 601 2267 είς
632 2201 874 2274 μακρὰν,
910 2203 959 2254 οἱ
1017 2202 1259 2255 πλεῖστοι
1316 2203 1425 2255 τῶν
1459 2205 1521 2256 ἐν
1549 2207 1613 2276 τῇ
1648 2206 1830 2277 Τύρῳ,
1884 2206 1979 2260 ᾶτε

387 2293 454 2365 δή
488 2296 583 2347 καὶ
603 2293 877 2363 ἐμπορίαν
900 2291 1117 2364 ιχοντες
1150 2293 1211 2345 τὸ
1242 2294 1607 2366 ἐπιτήδευμα,
1657 2298 1755 2350 καὶ
1802 2315 1981 2352 ναυσι·

392 2388 579 2456 πορεῖν
636 2385 889 2448 εἰωθότες
946 2385 1284 2454 ἀπενήχοντο
1338 2386 1442 2455 τῆς
1480 2388 1647 2458 νήσου
1710 2390 1867 2443 παισί
1920 2407 1979 2443 τε

387 2477 527 2549 ὁμοῦ
548 2479 643 2531 καὶ
667 2476 933 2545 γυναίοις,
972 2478 1067 2529 καὶ
1105 2478 1187 2539 είς
1239 2478 1434 2548 ἑτέρας
1483 2478 1766 2549 ἁπῴχοντο
1799 2482 1981 2547 πόλεις

392 2585 453 2622 τε
488 2569 585 2623 καὶ
623 2568 837 2640 κώμας.
888 2566 1289 2632 Εἰσελάσαντες
1336 2570 1517 2623 τοίνυν
1565 2572 1613 2623 οί
1651 2571 1982 2628 Βαϐυλώνιοι

390 2662 518 2726 τοὺς
549 2661 1015 2732 ὲναπομείναντας
1036 2661 1418 2723 ἀπεκτόνασιν,
1464 2659 1607 2715 ε’ίλόν
1634 2680 1692 2715 τε
1730 2664 1979 2730 πολλοὺς,

393 2756 489 2809 καὶ
516 2753 582 2808 τὰ
629 2758 742 2817 τοῖς
782 2756 1094 2826 νενικηκόσι
1144 2755 1345 2826 συνήθη
1388 2753 1704 2825 δεδράκασι,
1743 2756 1881 2827 πλὴν
1920 2759 1981 2810 οὑ

397 2846 631 2917 μετρίως
650 2845 978 2913 λελύπηνται
996 2845 1382 2916 μεμαθηκότες
1403 2848 1483 2899 ὅτι
1501 2846 1737 2901 πλεῖστοί
1762 2864 1820 2901 τε
1848 2848 1981 2911 ὅσοι,

397 2939 493 2991 καὶ
527 2935 636 2989 τῶν
676 2937 816 3004 ἄγαν
848 2938 1290 3008 ὲπιφανεστέρων
1316 2938 1374 2991 ἐν
1418 2940 1553 3009 αὑτῇ
1589 2941 1776 2992 ναυσὶν
1804 2940 1985 2992 ἐνθέν-

394 3045 487 3091 τες
514 3028 582 3081 τὰ
603 3029 733 3081 ὄντα
762 3031 1092 3098 πεφεύγασι.
1116 3029 1473 3100 Μέμνηταιδὲ
1486 3031 1582 3100 τῆς
1604 3032 1866 3101 ἱστορίας,
1887 3034 1984 3084 καὶ

394 3120 494 3191 τῆς
522 3119 772 3191 Ἐζεκιὴλ
801 3120 1178 3193 προφητείαςό
1200 3120 1375 3189 λόγος.
1404 3123 1548 3192 Ἔφη
1564 3122 1671 3193 γὰρ
1683 3121 1824 3175 οὑτω
1849 3124 1984 3194 πρὸς

400 3214 565 3267 αὑτὸν
588 3217 617 3267 ὁ
647 3215 757 3267 τῶν
785 3215 922 3267 ὅλων
966 3215 1100 3279 Θεός
1118 3232 1131 3245 ·
1172 3214 1269 3267 rte
1296 3214 1605 3288 ἀνθρώπου,
1646 3215 1982 3287 Ναϐουχοδο-

396 3307 557 3378 νόσορ
586 3305 835 3376 βασιλεὺς
864 3305 1181 3371 Βαϐυλῶνος
1222 3306 1657 3360 κατεδουλώσατο
1700 3308 1797 3380 τήν
1822 3308 1986 3362 δύνα-

403 3417 496 3471 μιν
539 3398 705 3451 αὑτοῦ
750 3399 964 3471 δουλείᾳ
1016 3399 1227 3470 μεγάλῃ
1266 3398 1359 3451 ἐπὶ
1388 3397 1585 3470 Τύρου.
1635 3399 1793 3452 Πᾶσα
1820 3417 1987 3469 κεφα-

398 3490 467 3561 λὴ
505 3490 878 3561 φαλάκρωμα,
928 3493 1023 3543 καὶ
1053 3491 1163 3553 πᾶς
1217 3484 1369 3560 ὦμος
1425 3489 1630 3560 μαδῶν,
1665 3492 1761 3544 καὶ
1793 3492 1985 3561 μισθὸς

397 3584 500 3636 οὑκ
527 3582 757 3652 ἐγενήθη
789 3580 939 3651 αὑτῷ
990 3582 1086 3635 καὶ
1126 3584 1191 3652 τῇ
1227 3581 1454 3651 δυνάμει
1504 3580 1691 3645 αὑτοῦ,
1736 3583 1855 3635 ἀντὶ
1888 3585 1987 3655 τῆς

396 3672 640 3735 δουλείας
704 3672 805 3742 τῆς
853 3672 1094 3742 σκληρᾶς
1148 3665 1215 3743 ἧς
1274 3671 1585 3723 ἐδούλευσεν
1641 3672 1735 3724 ἐπὶ
1787 3672 1982 3743 Τύρον.

412 3764 561 3816 ’Δντὶ
584 3762 774 3815 τούτου
799 3762 1008 3816 δέδωκα
1026 3762 1173 3832 αὐτῷ
1201 3762 1303 3830 γῆν
1329 3760 1624 3829 Αἰγύπτου.
1641 3778 1661 3814 ι
1698 3762 1851 3815 Μετὰ
1875 3761 1982 3833 γάρ

399 3873 482 3909 τοι
513 3855 611 3925 τὴν
660 3854 877 3925 Τυρίων
905 3854 1106 3908 ἅλωσιν
1140 3856 1233 3907 ἐπὶ
1262 3854 1323 3906 τὸ
1344 3854 1451 3907 τῶν
1485 3854 1799 3921 Αἰγυπτίων
1833 3853 1983 3918 ἔθνος

404 3946 677 4015 μετετίθει
727 3943 826 4014 τήν
877 3945 1058 4015 μάχην
1095 3946 1126 3996 ὁ
1172 3944 1533 4005 Βαὸυλώνιος.
1585 3943 1829 4011 Ταυτησλ⁵
1886 3942 1986 4011 τῆς

401 4037 644 4108 ἱστορίας
693 4036 1066 4107 διαμέμνηται
1124 4035 1219 4088 νῦν
1266 4037 1296 4089 ὁ
1356 4034 1627 4105 μακάριος
1695 4034 1985 4104 προφήτης

413 4128 662 4191 Ἡσαΐας,
713 4128 806 4179 καὶ
833 4126 1103 4189 ὀλολύζειν
1131 4123 1341 4177 κελεύει
1384 4124 1452 4177 τὰ
1495 4124 1595 4193 τῆς
1640 4123 1987 4193 Καρχηδόνος

398 4220 584 4273 πλοῖα.
632 4217 937 4281 Ὀλολύζειν
964 4218 1025 4270 δὲ
1058 4216 1215 4287 δῆλον
1251 4216 1332 4269 ὅτι
1369 4216 1470 4286 τὴν
1499 4215 1676 4285 Τύρον
1709 4214 1790 4267 ὅτι
1840 4212 1989 4266 ἀπώ-

402 4308 544 4371 λετο,
569 4308 664 4361 καὶ
696 4308 879 4361 οὐκέτι
910 4307 1158 4378 ἔρχονται
1204 4306 1267 4357 ἐκ
1316 4305 1421 4375 γῆς
1470 4306 1723 4357 Κιτιέων.
1762 4304 1899 4356 Φασὶ
1927 4303 1986 4355 δὲ

399 4400 502 4463 τὰς
532 4401 745 4462 Κιτιεῖς
775 4401 826 4453 οἱ
855 4399 951 4470 μὲν
1001 4399 1199 4469 νήσους
1239 4394 1577 4459 Ἑλλαδικὰς,
1628 4397 1746 4466 ήτοι
1799 4396 1986 4449 Μακε-

402 4492 617 4555 δονικάς
635 4508 650 4523 ο
681 4493 733 4545 οι
761 4492 819 4545 δὲ
841 4487 1203 4563 σημαίνεσθαι
1227 4486 1315 4540 διὰ
1344 4486 1536 4540 τούτου
1554 4486 1983 4540 διαὸεὸαιοῦνται

403 4584 503 4653 τὴν
548 4583 794 4654 Κύπρον,
840 4582 921 4645 ὼς
980 4582 1047 4633 ὲκ
1094 4580 1220 4649 μιᾶς
1260 4578 1368 4631 τῶν
1438 4580 1496 4630 δν
1548 4578 1687 4645 αὐτῇ
1744 4576 1981 4643 πόλεων,

404 4676 577 4741 οὕτως
600 4675 1019 4746 ὠνομασμένης.
1063 4668 1370 4733 Ὀλιολύζετε
1398 4669 1476 4734 δὲ,
1514 4670 1668 4740 φησὶ,
1709 4667 1796 4721 διὰ
1827 4667 1985 4721 ποίαν

406 4769 613 4835 αίτίαν;
647 4763 812 4837 ἦκται
834 4752 944 4837 γὰρ
969 4762 1335 4833 αἰχμάλωτος.
1377 4761 1514 4813 Ἀλλ’
1543 4761 1671 4823 ἴσως
1713 4760 1829 4830 ἐρεῖ
1876 4774 1982 4822 τις,

406 4860 735 4931 ὲποιμώζειν
787 4857 999 4912 κελεύει
1049 4859 1115 4926 τῇ
1153 4855 1314 4924 Τύρῳ
1355 4853 1456 4923 τήν
1486 4851 1833 4923 Καρχηδόνα,
1865 4852 1986 4921 ήτοι

406 4955 503 5017 τὰς
542 4954 750 5008 ἐκεῖθεν
798 4950 963 5015 ναῦς;
1012 4948 1114 5002 Διὰ
1168 4947 1325 5000 ποίαν
1368 4946 1581 5009 αἱτίανς
1618 4944 1832 4997 ἄποικοι
1876 4942 1984 5012 γὰρ

408 5046 623 5116 Τυρίων
653 5044 909 5113 γεγόνασι
942 5039 1325 5111 Καρχηδόνιοι.
1368 5036 1662 5106 Ἐφρόνουν
1707 5051 1765 5086 τε
1817 5034 1986 5103 μεγά-

409 5139 517 5202 λως
553 5139 768 5209 εχοντες
826 5134 1037 5205 μητέρα
1090 5132 1188 5203 τὴν
1234 5130 1429 5200 Τύρον,
1465 5126 1870 5197 ἐπισημοτάτην
1927 5141 1987 5177 τε

410 5230 545 5301 ὁμοῦ
610 5231 705 5284 καὶ
764 5224 1162 5295 ἀλκιμωτάτην
1219 5222 1278 5275 ὲν
1312 5222 1517 5292 νήσοις,
1561 5221 1681 5280 ταῖς
1730 5217 1870 5270 κατά
1921 5232 1986 5283 γε

412 5321 553 5389 φημὶ
588 5319 686 5389 τὴν
729 5316 890 5386 ἑῴαν.
920 5315 1057 5367 Φασὶ
1087 5313 1145 5364 δὲ
1194 5310 1287 5364 καὶ
1322 5311 1448 5372 τοὺς
1493 5310 1557 5361 ὲκ
1612 5308 1714 5377 γῆς
1754 5308 1986 5359 Κιτιέων

415 5409 835 5479 μεγαλοφρονεῖν
888 5407 973 5457 ἐπ’
1021 5403 1182 5472 αὐτῇ,
1225 5401 1320 5454 καὶ
1367 5402 1480 5460 τοῖς
1543 5397 1651 5450 τῶν
1708 5398 1985 5468 ὲμποριῶν

2078 549 2542 617 alienigenarum?
2567 546 2705 604 Num
2744 550 3153 605 retributionem
3206 564 3304 605 vos
3343 553 3644 610 retribuitis

2080 644 2248 699 mihi?
2302 659 2431 698 num
2486 642 2752 696 malorum
2805 656 3074 697 memores
3131 644 3283 698 eritis
3330 659 3427 698 vos
3481 648 3642 701 mihi:

2078 732 2346 788 Velociter
2369 739 2423 785 et
2449 729 2703 785 celeriter
2749 728 3037 783 retribuam
3089 728 3497 784 retributionem
3549 745 3645 785 ve-

2076 833 2243 878 stram
2276 822 2327 877 in
2372 821 2548 890 capita
2593 832 2812 876 vestra:
2846 828 3127 889 propterea
3178 820 3319 890 quod
3363 829 3644 889 argentum

2080 928 2257 966 meum
2290 922 2345 967 et
2376 927 2563 966 aurum
2597 926 2772 966 meum
2800 910 3103 980 accepistis,
3137 920 3192 966 et
3220 912 3391 966 electa
3420 928 3562 979 mea,
3592 921 3646 965 et

2077 1005 2293 1071 pulchra
2328 1018 2443 1059 mea
2469 1003 2843 1058 introduxistis
2876 1004 2928 1056 in
2958 1004 3152 1071 templa
3195 1014 3396 1072 vestra,
3430 1015 3483 1060 et
3508 1006 3647 1061 lllios

2073 1098 2231 1165 .lnda,
2264 1109 2318 1153 et
2347 1098 2484 1154 ﬁlios
2528 1096 2695 1152 Israel
2729 1098 3023 1153 tradidistis
3058 1098 3181 1153 (iliis
3218 1098 3551 1163 Graecorum,
3590 1109 3648 1153 ut

2075 1189 2434 1245 extruderetis
2456 1204 2549 1243 eos
2580 1204 2645 1242 ex
2682 1190 2925 1245 terminis
2953 1190 3149 1245 vestris
3170 1191 3267 1243 ι’.»
3299 1191 3462 1260 Capta
3485 1192 3647 1262 igitur

2078 1282 2177 1335 fuit
2204 1282 2305 1335 hoc
2338 1296 2466 1337 sane
2494 1280 2670 1348 modo,
2717 1295 2781 1336 ex
2812 1281 2888 1335 ira
2931 1281 3132 1345 divina,
3181 1282 3375 1353 Tyrus,
3432 1292 3490 1337 ut
3528 1299 3649 1354 qua:

2078 1375 2250 1430 insula
2282 1386 2419 1442 erat,
2456 1374 2681 1442 trajectu
2721 1390 2819 1446 per
2849 1375 3081 1429 medium
3121 1376 3225 1444 jam
3264 1375 3424 1439 facto,
3467 1387 3646 1431 etnon

2076 1468 2248 1539 longis
2298 1467 2593 1523 intervallis
2646 1482 2676 1521 a
2739 1466 3051 1522 continente
3115 1466 3278 1537 327
3339 1467 3644 1524 dirimente.

2075 1561 2371 1629 PoStquam
2408 1569 2589 1613 autem
2628 1558 2833 1628 appulit
2856 1556 3203 1629 Babylonius,
3232 1572 3465 1628 eamque
3492 1559 3649 1615 simul

2076 1668 2198 1708 cum
2235 1652 2357 1706 aliis
2396 1665 2592 1720 capere
2634 1650 2871 1720 quaesiit,
2919 1649 3081 1718 jussit
3119 1650 3289 1721 cepiis
3338 1652 3439 1706 sub
3490 1666 3648 1705 manu

2079 1759 2175 1799 sua
2239 1744 2430 1814 positis
2496 1757 2643 1797 mare
2722 1743 3102 1797 intermedium
3176 1756 3371 1812 aggere
3444 1752 3652 1797 structo

2079 1835 2332 1898 obruere,
2382 1836 2542 1903 idque
2592 1834 2727 1887 mari
2759 1833 3094 1898 continuare,
3128 1848 3227 1888 nec
3249 1834 3426 1889 sinere
3452 1846 3510 1888 ut
3540 1850 3652 1889 amo

2078 1927 2218 1998 piius
2251 1927 2423 1982 insula
2462 1936 2725 1982 maneret.
2758 1927 2910 1994 Quod
2951 1926 3041 1981 ubi
3096 1926 3298 1980 factum
3346 1937 3509 1991 esset,
3569 1929 3653 1983 vel

2078 2020 2240 2074 etiam
2294 2019 2519 2091 jamjam
2583 2020 2825 2074 futurum
2876 2026 3300 2089 exspectaretur,
3353 2019 3655 2088 complures

2082 2109 2253 2181 Tyrii,
2286 2112 2484 2181 quippe
2509 2111 2601 2181 qui
2632 2121 2955 2166 mercatum
2982 2111 3217 2166 studium
3246 2113 3436 2166 sectati
3477 2123 3652 2176 erant,

2080 2216 2137 2259 et
2165 2205 2419 2275 navigare
2461 2213 2881 2271 consueverant,
2937 2218 3004 2258 ex
3062 2203 3235 2259 insula
3287 2219 3407 2258 cum
3472 2204 3655 2260 liberis

2081 2294 2325 2351 simulet
2370 2309 2493 2348 cum
2545 2294 2862 2349 mulieribus
2913 2303 3287 2362 enataverunt,
3320 2304 3376 2352 et
3418 2298 3483 2351 ad
3522 2296 3658 2352 alias

2084 2387 2248 2441 urbes
2300 2394 2354 2440 et
2410 2400 2577 2456 pagos
2624 2386 3076 2455 commigrarunt.
3139 2385 3411 2442 lrruentes
3474 2388 3656 2457 itaque

2087 2477 2395 2549 Babylonii,
2430 2489 2792 2534 commoratos
2819 2479 2871 2533 in
2913 2494 2975 2534 ea
3005 2480 3365 2546 trucidarunt,
3410 2492 3466 2536 et
3498 2497 3659 2551 cepe-

2089 2580 2214 2625 runt
2248 2571 2466 2638 multos,
2493 2580 2551 2626 et
2577 2587 2695 2641 quae
2728 2573 2779 2625 in
2813 2586 2965 2627 more
3004 2581 3131 2627 sunt
3176 2573 3470 2629 victoribus
3501 2572 3657 2629 facti-

2086 2672 2289 2717 tarunt.
2317 2661 2516 2719 Verum
2550 2665 2691 2719 haud
2723 2664 2983 2719 mediocri
3008 2672 3137 2719 sunt
3169 2665 3399 2735 perculsi
3450 2666 3655 2727 dolore.

2086 2770 2208 2810 cum
2249 2757 2562 2812 didicissent
2619 2757 3070 2827 quamplurimos,
3124 2766 3181 2812 et
3232 2757 3400 2811 multo
3449 2760 3660 2813 ca‘teris

2088 2846 2414 2902 illustriores
2445 2848 2497 2900 in
2532 2862 2619 2911 ea,
2660 2847 2797 2900 bona
2849 2847 3077 2900 navibus
3125 2849 3456 2916 imponentes
3498 2849 3659 2904 aufu-

2086 2946 2253 3015 gisse.
2289 2944 2528 3000 Meminit
2554 2945 2719 3000 etiam
2755 2946 3011 3009 historiae,
3048 2944 3347 2998 Ezechielis
3387 2945 3659 3013 prOpheta:

2088 3037 2285 3093 Oratio.
2311 3036 2457 3090 Dixit
2484 3038 2627 3091 enim
2662 3038 2742 3092 sic
2767 3038 2815 3092 ei
2846 3036 3213 3091 universitatis
3263 3035 3401 3089 Deus
3436 3050 3453 3088 :
3495 3052 3513 3086 ι
3559 3033 3659 3089 Fili

2091 3128 2348 3193 hominis,
2379 3128 2876 3183 Nabuchodonosor
2904 3142 2999 3182 rex
3052 3126 3339 3198 Babylonis
3388 3128 3442 3181 in
3489 3129 3662 3182 servi-

2092 3230 2255 3276 tutem
2315 3221 2535 3275 tradidit
2587 3220 2882 3276 exercitum
2931 3234 3090 3275 suum
3157 3220 3413 3274 servitute
3468 3234 3657 3289 magna

2089 3329 2250 3381 super
2310 3311 2536 3384 Tyrum.
2592 3311 2767 3368 Omne
2819 3321 2981 3381 caput
3015 3310 3315 3378 calvitium,
3374 3320 3430 3366 et
3484 3312 3661 3365 omnis

2091 3406 2347 3458 lnnnerus
2369 3404 2579 3473 depilis,
2609 3412 2665 3457 et
2701 3418 2905 3458 merces
2933 3418 3036 3457 non
3069 3400 3171 3456 fuit
3215 3403 3262 3457 ei
3297 3413 3351 3456 et
3398 3402 3658 3456 exercitui

2086 3496 2226 3565 ejus,
2277 3508 2378 3565 pro
2403 3494 2664 3549 servitute
2710 3493 2840 3548 dura
2898 3508 3001 3562 qua
3058 3493 3318 3547 servierat
3373 3493 3657 3545 adversum

2088 3585 2312 3656 Tyrum.
2334 3583 2624 3655 Propterea
2645 3584 2764 3638 dedi
2789 3584 2863 3637 illi
2885 3593 3080 3637 terram
3103 3581 3320 3653 Egypti
3349 3582 3412 3634 “.
3429 3602 3448 3634 ο
3472 3582 3656 3652 Siqui-

2087 3677 2208 3729 dem
2236 3685 2357 3743 post
2384 3674 2670 3745 Tyriorum
2710 3672 3102 3740 captivitatem,
3131 3674 3197 3725 ad
3231 3683 3443 3741 gentem
3494 3670 3659 3743 Egy-

2086 3766 2319 3836 ptiacam
2347 3766 2615 3819 transtulit
2650 3779 2884 3834 pugnam
2917 3763 3263 3836 Babylonius.
3297 3764 3462 3835 Hujus
3490 3766 3660 3820 histo-

2088 3859 2181 3911 riae
2208 3858 2454 3911 meminit
2480 3858 2641 3911 etiam
2688 3872 2833 3911 nunc
2872 3858 3062 3911 beatus
3096 3858 3354 3926 prepheta
3394 3856 3577 3923 Isaias,
3607 3871 3659 3914 et

2089 3950 2300 4019 plorare
2330 3948 2483 4018 jubet
2516 3963 2678 4003 naves
2728 3946 3101 4013 Carthaginis,
3160 3950 3370 4017 plorare
3413 3949 3660 4005 videlicet

2087 4039 2313 4111 Tyrum,
2344 4040 2483 4108 quod
2511 4041 2689 4108 periit,
2721 4053 2775 4095 et
2808 4056 2914 4093 non
2960 4040 3070 4109 jam
3122 4042 3345 4093 ulterius
3389 4054 3455 4093 ex
3514 4050 3658 4094 terra

2087 4132 2429 4188 Cittiensium
2473 4133 2714 4187 veniunt.
2743 4131 2975 4185 Narrant
3007 4132 3219 4199 quidam
3250 4131 3539 4186 Cittienses
3577 4132 3659 4186 itt-

2088 4222 2234 4276 sulas
2277 4234 2396 4275 esse
2443 4219 2762 4287 llelladicas,
2802 4238 2894 4275 seu
2945 4220 3337 4287 Macedonicas,
3388 4222 3477 4277 alii
3534 4222 3658 4279 hinc

2088 4312 2324 4383 Cyprum
2368 4312 2636 4381 designari
2679 4310 2967 4373 all‘trmant,
3004 4313 3155 4380 quasi
3193 4313 3271 4366 sic
3307 4312 3655 4366 nominatam.

2088 4403 2320 4467 Plorate,
2352 4402 2549 4470 inquit.
2577 4400 2747 4468 Quam
2782 4405 2850 4457 ob
2889 4403 3143 4457 causam?
3189 4404 3353 4457 Ducta
3395 4404 3538 4457 enim
3576 4413 3660 4459 est

2088 4495 2318 4564 captiva.
2359 4495 2428 4546 At
2453 4494 2594 4547 dicet
2639 4493 2885 4550 fortassis
2920 4495 3206 4563 quispiam,
3259 4493 3487 4549 Jubetne
3535 4493 3661 4549 Car-

2092 4586 2387 4654 thaginem,
2433 4599 2527 4640 seu
2568 4600 2731 4640 naves
2758 4601 2876 4655 qua:
2923 4588 2994 4641 ibi
3054 4595 3199 4653 sunt,
3240 4588 3525 4655 deplorare
3555 4585 3660 4656 Ty-

2092 4674 2247 4728 rum?
2279 4676 2449 4741 Quam
2484 4678 2552 4731 oh
2600 4676 2747 4730 rem?
2794 4676 2981 4732 Coloni
3017 4679 3161 4732 enim
3214 4676 3499 4746 Tyriorum
3548 4675 3661 4732 l'ne-

2091 4775 2217 4820 runt
2260 4766 2717 4837 Carthaginenses
2750 4786 2767 4823 ι
2794 4764 2992 4838 Tyrum
3024 4781 3201 4822 autem
3244 4776 3469 4821 matrem
3500 4769 3659 4822 nohi-

2089 4856 2351 4913 lissimam
2380 4862 2577 4915 habere
2599 4874 2658 4913 se
2687 4860 3073 4930 gloriabantur,
3108 4868 3163 4914 et
3187 4875 3250 4913 ex
3270 4862 3461 4915 insulis
3483 4862 3662 4916 oricu-

2092 4946 2287 5001 talihus
2327 4946 2697 5003 fortissimam.
2744 4949 2808 5003 Et
2871 4958 3098 5002 narrant
3149 4948 3525 5005 Citienses'de
3570 4950 3658 5004 illa

2091 5039 2381 5107 plurimum
2412 5040 2650 5113 gloriari,
2685 5052 2739 5095 et
2768 5054 2834 5095 ex
2871 5042 3231 5095 nundinafum
3270 5053 3480 5112 quaestu
3517 5042 3661 5095 inso-

2089 5130 2317 5186 lescere.
2349 5130 2565 5185 Plorate
2593 5132 2775 5202 igitur,
2809 5132 3004 5201 inquit,
3034 5133 3381 5203 Carthaginis
3414 5133 3658 5204 negotia-

2091 5228 2235 5273 tores
2276 5220 2358 5272 vel
2388 5236 2573 5284 naves,
2608 5222 2885 5289 perierunt
2920 5223 3085 5275 enim.
3116 5219 3297 5277 Ploret
3336 5222 3501 5276 etiam
3549 5217 3660 5290 Ty-

2092 5326 2184 5365 rus
2220 5329 2233 5364 :
2270 5326 2373 5364 non
2409 5312 2553 5365 enim
2608 5322 2948 5367 revertuntur
3014 5329 3080 5367 ex
3128 5324 3268 5369 terra
3316 5314 3656 5370 Citiensiuut.

2092 5399 2256 5453 Ducta
2289 5401 2433 5452 enim
2458 5410 2541 5454 est
2569 5403 2803 5470 captiva.

407 5504 657 5572 κέρδεσιν
686 5501 975 5571 ἐντρυφᾷν.
1015 5494 1321 5559 Ὀλολύζετε
1356 5493 1555 5557 τοίνυν,
1591 5495 1773 5563 φησὶν,
1803 5496 1850 5546 οἱ
1896 5493 1994 5560 τῆς
2065 5496 2409 5566 Καρχηδόνος
2451 5496 2700 5565 ἔμποροι,
2755 5497 2872 5563 ἤτοι
2910 5496 2978 5548 τὰ
3027 5496 3205 5560 πλοῖα,
3248 5496 3490 5549 ἀπόλωλε
3529 5496 3661 5567 γάρ.

422 5593 749 5655 ὐλολυζέτω
774 5592 830 5643 δὲ
858 5592 952 5643 καὶ
986 5590 1019 5659 ή
1054 5588 1252 5658 Τύρος,
1296 5588 1355 5640 οὑ
1413 5587 1521 5655 γὰρ
1554 5586 1632 5637 ἐτι
1656 5585 1907 5655 ἔρχονται
1938 5586 2001 5635 ἐκ
2040 5584 2139 5655 τῆς
2170 5588 2421 5639 Κιτιέων.
2457 5583 2663 5639 Ἦκται
2693 5587 2798 5657 γὰρ
2851 5587 3213 5656 αἰχμάλωτος.

486 5779 525 5806 ⁸⁸
555 5777 665 5829 ,Ιειρῑ
700 5793 778 5838 ιιι,
804 5775 893 5827 l6.
980 5774 1023 5804 ’δ
1054 5771 1246 5825 Ezccli.
1276 5786 1421 5829 xnv,
1463 5769 1540 5829 l8,
1585 5768 1665 5821 l9.

736 5870 1007 5924 ιἰλΤΙΣΟΙ..
1056 5867 1169 5923 (in.
1213 5865 1299 5921 LX
1328 5866 1401 5919 Χ.
