4148 6378
523 334 631 388 525

1554 325 1611 378 S.
1653 320 1926 379 CYRILLI
1965 316 2433 376 ALEXANDRINI
2474 308 2797 375 ARCHIEP.

3684 319 3785 377 52!

596 446 758 502 Vens.
779 445 836 507 2,
861 443 913 499 ὅ.
953 440 1052 497 Cui
1081 440 1278 495 similes
1311 439 1440 509 facti
1472 446 1594 491 sunt
1634 440 1724 508 qui
1759 438 1996 491 habitant
2043 437 2098 489 in

2278 436 2397 488 Τίνι
2470 433 2656 503 ὅμοιοι
2708 432 3033 502 γεγόνασιν
3058 432 3113 485 oi
3144 431 3562 498 κατοικοῦντες
3601 433 3671 486 ἐν
3709 434 3784 503 τῇ

524 538 691 610 328
716 534 912 599 insula,
957 532 1309 604 negotiatores
1360 528 1645 584 Phoenicia:
1693 528 2101 583 transmittentes

524 644 670 681 mare
689 642 781 694 per
811 641 1003 694 aquam
1030 622 1271 676 multam.
1306 620 1493 675 Semen
1523 620 1929 687 negotiatorum,
1950 618 2100 688 quasi

524 722 657 767 esset
684 711 861 765 messis
884 709 1056 771 illata,
1083 707 1431 777 negotiatores
1452 707 1708 776 gentium.

596 801 823 866 Quibus,
861 798 1054 866 inquit,
1082 795 1350 865 gentibus,
1406 808 1499 849 eos
1542 794 1632 863 qui
1675 794 1815 847 hanc
1869 792 2097 847 insulam

523 890 781 953 incolunt,
817 885 1277 941 assimilabimus?
1310 884 1541 951 Quinam
1595 883 1721 936 talia
1751 883 1894 952 passi
1941 883 2101 938 sunt?

523 981 605 1035 vel
631 979 721 1049 qui
754 978 832 1032 sic
859 978 1051 1031 vastati
1094 977 1361 1044 deletique
1404 985 1551 1041 sunt,
1595 975 1735 1030 sicut
1773 974 1827 1029 hi
1858 974 2100 1046 negotia-

525 1078 672 1124 tores
742 1066 1091 1121 Phwnicim?
1159 1064 1463 1135 Negotiatio
1519 1064 1775 1118 nimirum
1809 1061 2098 1134 Tyriorum

523 1159 844 1215 exercitatio
882 1158 1002 1223 fuit,
1046 1167 1103 1211 et
1131 1171 1280 1211 mare
1314 1155 1565 1223 trajicere
1592 1155 1727 1210 lucri
1763 1164 1819 1209 et
1865 1162 2100 1224 quaestus

523 1266 709 1316 causa,
741 1250 920 1306 studio
948 1250 1056 1305 illis
1092 1258 1229 1304 erat.
1256 1248 1393 1301 Cum
1431 1249 1657 1317 adjicit,
1699 1246 1892 1301 Semen
1936 1260 2101 1316 nego-

523 1343 806 1406 tiatorum,
858 1341 1094 1397 ostendit
1120 1339 1355 1410 patrium
1387 1354 1557 1409 genus
1598 1355 1786 1394 eorum
1843 1338 2094 1408 ignobile,

522 1443 579 1490 et
606 1449 676 1491 ex
713 1433 853 1489 mala
883 1433 1052 1502 stirpe
1086 1443 1256 1498 satos,
1298 1431 1639 1502 majoresque
1668 1431 1906 1502 ipsorum
1936 1445 2097 1500 supe-

520 1528 712 1587 riores,
756 1526 997 1580 avaritiae
1040 1524 1251 1581 deditos
1278 1534 1337 1580 et
1382 1526 1624 1579 addictos
1675 1524 1862 1579 fuisse.
1911 1523 2099 1579 Fuisse

520 1622 686 1677 etiam
747 1618 1206 1683 innumerabiles,
1252 1617 1343 1686 qui
1391 1617 1661 1672 sordidam
1727 1615 1867 1669 hanc
1931 1615 2096 1668 vitam

521 1724 797 1779 exercent,
847 1714 1026 1775 docet,
1060 1727 1182 1766 cum
1217 1710 1390 1780 inquit
1437 1709 1648 1776 :Quasi
1701 1710 1896 1763 messis
1948 1707 2095 1761 illata

2203 527 2393 593 νήσῳ,
2419 527 2737 597 μετάϐολοι
2767 526 3073 595 Φοινίκης,
3101 525 3497 594 διαπερῶντες
3526 526 3639 595 τὴν
3683 527 3787 583 θά-

2201 624 2450 674 λασσαν
2481 620 2551 674 ἐν
2573 620 2746 674 ὕδατι
2780 618 3009 685 πολλῷ,
3045 620 3284 688 σπέρμα
3318 621 3680 686 μεταϐόλων,
3704 620 3786 689 ὡς

2201 713 2430 782 ἀμητοῦ
2459 713 2911 784 εἰσφερομένου,
2934 718 2987 769 οὶ
3006 713 3327 784 μετάϐολοι
3358 713 3475 767 τῶν
3503 714 3713 770 ἐθνῶν.

2277 805 2459 868 Ποίοις
2502 806 2631 876 ἄρα,
2673 806 2827 876 φησὶ,
2854 806 2962 859 τῶν
3010 805 3178 859 ἐθνῶν
3205 807 3628 877 παρεικάσωμεν
3661 805 3786 869 τοὺς

2200 898 2403 967 ταύτην
2428 896 2818 961 κατοικοῦντας
2850 899 2949 971 τὴν
2992 898 3193 965 νῆσονς
3238 901 3381 963 τίνες
3422 898 3645 953 τοιαῦτα
3685 916 3784 951 πε-

2202 989 2451 1052 πόνθασι,
2493 989 2528 1061 ἢ
2578 991 2673 1042 καὶ
2721 990 2895 1054 οὕτως
2953 991 3346 1063 πεπόρθηνται,
3405 992 3547 1046 καθὰ
3592 994 3686 1045 καὶ⁸
3738 993 3786 1044 οἱ

2203 1079 2493 1151 μετάϐολοι
2522 1081 2621 1152 τῆς
2671 1082 2922 1151 Φοινίκης
2950 1100 2965 1149 ;
3023 1083 3294 1155 Ἐμπορία
3355 1082 3464 1154 γὰρ
3499 1083 3694 1155 Τύροις
3728 1084 3789 1135 τὸ

2200 1172 2580 1243 ἐπιτήδευμα,
2649 1175 2743 1227 καὶ
2802 1172 2862 1226 τὸ
2935 1175 3178 1228 διαπλεῖν
3242 1177 3341 1247 τὴν
3401 1175 3675 1231 θάλασσαν
3730 1178 3787 1230 ὲν

2202 1265 2435 1337 σπουδῇ,
2509 1266 2718 1337 κερδῶν
2785 1268 2947 1322 ἓνεκα
2990 1270 3083 1322 καὶ
3155 1269 3475 1341 λημμάτων.
3555 1272 3787 1340 Προστι-

2200 1355 2313 1418 θεὶς
2341 1356 2399 1410 δὲ
2439 1356 2522 1409 ὃτι
2576 1358 2797 1429 σπέρμα
2824 1359 3152 1429 μεταϐόλων,
3204 1362 3397 1427 ἔδειξεν
3435 1364 3517 1415 ὅτι
3547 1365 3639 1416 καὶ
3682 1380 3786 1415 πα-

2199 1442 2373 1514 τρῷον
2425 1444 2609 1508 αὐτοῖς
2677 1445 2737 1498 τὸ
2806 1446 3100 1516 δυσγενὲς,
3164 1452 3257 1504 καὶ
3316 1453 3377 1505 ὲκ
3446 1453 3599 1525 ῥίζης
3664 1453 3785 1507 ἀνέ-

2200 1547 2375 1599 φυσαν
2435 1537 2700 1607 πονηρᾶς,
2765 1538 2861 1590 κα)⁵
2908 1539 3254 1611 φιλοκερδίας
3304 1544 3526 1613 ἥττονες
3582 1544 3787 1599 ἄνωθεν

2202 1626 2388 1689 αὐτοῖς
2421 1628 2517 1681 καὶ
2562 1630 2839 1699 πρόγονοι.
2863 1630 2924 1683 Οί
2962 1631 3019 1684 δὲ
3062 1634 3156 1685 καὶ
3184 1634 3417 1705 ἀριθμοῦ
3459 1636 3783 1706 κρείττονες,

2198 1718 2313 1771 ὅσοι
2342 1719 2440 1791 τὴν
2472 1720 2645 1785 οὕτως
2684 1721 2918 1793 αἰσχρὰν
2974 1723 3103 1793 παρ’
3140 1725 3325 1788 αὐτοῖς
3376 1727 3786 1798 ἐπιτηδεύοντες

521 1818 691 1872 esset,
743 1806 1111 1877 negotiatores
1160 1804 1420 1873 gentium.
1471 1800 1764 1855 Frumento
1816 1799 1958 1853 enim
2004 1799 2097 1853 de-

2203 1810 2370 1882 ζωὴν,
2402 1813 2642 1867 διδάσκει
2667 1815 2843 1883 λέγων
2865 1832 2881 1847 ·
2935 1816 3023 1881 Ὠς
3068 1819 3281 1889 ἀμητοῦ
3317 1821 3704 1890 εἰσφερομένου
3734 1820 3786 1874 οἱ

520 1915 724 1964 messe,
758 1899 871 1953 sive
897 1897 1082 1966 spicis,
1128 1897 1182 1950 in
1230 1910 1360 1965 agro
1400 1894 1637 1963 undique
1670 1893 1833 1948 multa
1877 1901 1961 1947 est
2013 1892 2094 1946 in-

523 1990 700 2046 vectio
731 1987 1147 2056 manipulorum,
1180 1994 1234 2040 et
1268 1985 1322 2039 in
1361 1997 1543 2038 aream
1574 1982 1951 2053 comportatio.

592 2081 757 2137 Vens.
792 2081 846 2135 4.
871 2078 1153 2141 Erubesce,
1199 2076 1389 2142 Sidon,
1434 2076 1568 2130 dixit
1602 2092 1789 2141 mare;
1837 2074 2093 2144 fortitudo

521 2183 693 2229 autem
720 2173 883 2226 maris
904 2172 1044 2225 dixit
1071 2187 1089 2224 :
1123 2168 1245 2223 Non
1265 2168 1539 2239 parturivi,
1568 2184 1658 2223 nec
1690 2168 1911 2223 enutrioi
1937 2168 2097 2237 virgi-

516 2282 629 2334 nes,
663 2280 755 2320 nec
787 2266 932 2320 erexi
954 2264 1193 2334 juvenes.

587 2440 773 2498 Coloni
824 2438 1109 2512 Tyriorum
1158 2437 1637 2508 Carthaginienses;
1699 2450 1886 2491 verum
1945 2432 2095 2505 Tyrii

522 2546 748 2589 matrem
788 2533 1093 2587 habuerunt
1127 2530 1409 2596 Sidonem,
1464 2545 1493 2582 a
1546 2528 1745 2582 Sidone
1791 2528 1933 2582 enim
1979 2535 2097 2580 erat

521 2624 721 2697 Tyrus.
750 2624 819 2677 At
851 2621 939 2677 ubi
974 2630 1128 2690 capta
1159 2628 1321 2679 esset.
1355 2629 1408 2673 et
1446 2618 1680 2672 venisset
1699 2618 1934 2687 captiva,
1968 2626 2099 2672 tunc

520 2717 651 2772 dicit
682 2729 855 2780 mare,
885 2714 936 2766 id
961 2720 1068 2776 est,
1091 2710 1376 2764 maritima:
1404 2708 1595 2762 insula:
1618 2717 1822 2760 cunctae
1841 2705 2099 2776 deinceps

521 2812 704 2865 dicent
772 2826 785 2862 :
854 2804 1147 2867 Erubesce,
1181 2804 1375 2867 Sidon,
1438 2801 1597 2870 periit
1654 2810 2097 2855 ornamentorum

526 2916 736 2957 tuorum
764 2898 1213 2971 pulcherrimum,
1246 2894 1509 2964 siquidem
1543 2893 1936 2946 munimentum
2001 2893 2102 2948 l'uit

530 2999 922 3064 pervetustum,
966 2988 1202 3042 validum
1252 2998 1308 3041 et
1362 2985 1739 3051 fortissimum,
1796 2992 1850 3037 et
1897 2984 2100 3040 divitiis

529 3080 715 3135 multis
741 3076 1173 3134 celeberrimum.
1208 3074 1394 3144 Itaque
1424 3089 1572 3129 mare
1621 3074 1733 3128 haec
1759 3074 1901 3129 dicet
1934 3092 1948 3129 :
1984 3074 2099 3145 Ipsa

2201 1899 2494 1969 μετάόολοι
2539 1902 2647 1956 τῶν
2692 1903 2885 1959 ἐθνῶν.
2927 1906 3083 1960 Σίτου
3110 1908 3217 1979 γὰρ
3264 1910 3587 1980 άμηθέντος,
3619 1912 3787 1982 ἦγουν

2196 1991 2482 2062 ἀσταχύων
2510 1994 2564 2046 ὲν
2610 1995 2786 2066 ἀγρῷ,
2831 1998 3000 2070 πολλὴ
3032 1999 3140 2053 τῶν
3194 2000 3524 2072 δραγμάτων
3577 2022 3785 2059 παντα-

2195 2080 2353 2149 χόθεν
2393 2084 2425 2153 ή
2462 2084 2712 2156 εἰσφορὰ,
2751 2087 2908 2159 καὶὴ
2951 2091 3032 2152 εἰς
3055 2090 3153 2158 τὴν
3192 2091 3306 2146 arm
3335 2096 3653 2166 συγκομιδή.

2270 2174 2661 2243 Αίσχύνθητι,
2682 2178 2892 2241 Σιδὼν,
2909 2176 3127 2249 εἷπεν-η
3146 2186 3444 2239 θάλασσα·
3465 2187 3502 2253 ἠ
3521 2187 3587 2240 δὲ
3606 2189 3785 2257 ἰσχὺς

2197 2264 2305 2331 τῆς
2322 2265 2638 2334 θαλάσσης
2662 2264 2847 2334 εἶπεν,
2875 2274 2996 2325 θὺκ
3010 2273 3225 2328 ὢδινον
3243 2275 3381 2329 οὐδὲ
3398 2277 3625 2345 ἔτεκον,
3645 2280 3788 2335 οὐδὲ

2196 2353 2492 2424 ἐξέθρεψα
2534 2358 2888 2425 παρθένους,
2954 2366 3097 2416 οῠὸὲ
3148 2366 3365 2433 ὒψωσα
3401 2371 3784 2436 νεανίσκουςδ

2273 2445 2528 2501 Ἀποικοι
2564 2449 2663 2518 μὲν
2690 2450 2905 2522 Τυρίων
2928 2454 2978 2505 οἱ
3011 2455 3389 2527 Καρχηδόνιοι·
3424 2462 3569 2534 Πλὴν
3625 2464 3787 2535 tam-

2198 2552 2327 2589 κασι
2372 2540 2583 2629 μητέρα
2647 2542 2836 2614 Τύριοι
2890 2546 2990 2616 τὴν
3043 2548 3284 2603 Σιδῶνα·
3358 2554 3491 2607 Ἀπὸ
3542 2556 3649 2629 γὰρ
3688 2560 3786 2627 τῆς

2199 2629 2431 2693 Σιδῶνος
2459 2628 2527 2702 ἦν
2558 2634 2591 2704 ἡ
2629 2633 2821 2705 Τύρος.
2865 2638 3012 2708 Πλὴν
3049 2640 3125 2703 ὡς
3153 2642 3243 2694 ὲπί
3281 2660 3344 2712 γε
3382 2646 3614 2717 θυγατρὶ
3648 2648 3787 2720 λαμ-

2201 2725 2313 2795 πρᾷ
2340 2726 2431 2778 καὶ
2459 2725 2732 2798 διαϐοήτῳ
2753 2732 2818 2799 τῇ
2845 2730 3008 2802 Τύρῳ
3046 2732 3188 2802 μέγα
3236 2739 3547 2810 πεφρόνηκε
3595 2740 3784 2797 Σιδών.

2213 2814 2432 2886 Ἐπειδὴ
2462 2816 2520 2869 δὲ
2549 2817 2681 2887 ἥλω,
2712 2820 2808 2873 καὶ
2840 2815 3005 2891 ἦκται
3042 2824 3411 2895 αἰχμάλωτος,
3458 2829 3578 2881 τότε
3623 2831 3787 2901 φησιν

2202 2907 2533 2977 ήθάλασσα,
2592 2910 2739 2963 τοῦτ’
2797 2911 2967 2977 ἐστιν,
3018 2916 3076 2967 αἱ
3124 2917 3266 2971 κατά
3315 2919 3588 2975 θάλασσαν
3633 2924 3785 2991 νῆσοι

2205 3000 2376 3051 πᾶσαι
2405 3000 2588 3054 λοιπὸν
2638 3002 2886 3075 ἐροῦσινο
2917 3008 3267 3080 Αἱσχύνθητι,
3302 3012 3490 3076 Σιδὼν,
3540 3014 3784 3069 ἀπόλωλε

2204 3089 2312 3160 γὰρ
2341 3089 2448 3142 τῶν
2478 3092 2582 3144 σῶν
2615 3095 2949 3163 αὐχημάτων
2977 3098 3038 3149 τὸ
3085 3099 3389 3165 κάλλιστον,
3432 3105 3528 3157 καὶ
3582 3105 3783 3177 φρούδη

521 3174 685 3228 etiam
718 3173 886 3227 maris
911 3169 1194 3235 fortitudo,
1231 3168 1486 3223 nimirum
1511 3183 1630 3237 qua;
1663 3168 1961 3223 insularum
2006 3168 2100 3223 do-

2204 3180 2427 3250 γέγονεν
2458 3183 2491 3253 ἡ
2537 3184 2704 3239 πάλαι
2737 3186 2884 3258 δεινὴ
2923 3190 3015 3241 καὶ
3053 3190 3452 3264 ἀλκμαιοτάτη,
3487 3168 3701 3267 πλούτῳ
3727 3168 3787 3250 τέ

527 3268 670 3321 mina
697 3274 800 3329 est,
832 3262 1010 3335 Tyrus
1031 3262 1261 3324 scilicet,
1291 3274 1417 3315 suas
1439 3259 1726 3329 deplorans
1743 3258 2099 3327 calamitates,

522 3358 744 3429 quando
781 3372 839 3412 se
886 3355 1079 3410 incolis
1135 3353 1333 3411 nudam
1372 3361 1427 3410 ct
1481 3351 1607 3409 ﬁliis
1647 3353 1915 3409 desertam
1973 3369 2103 3411 con-

521 3452 783 3521 spexerit,
814 3461 927 3505 tum
966 3450 1123 3521 plane
1172 3449 1317 3504 dicet
1357 3464 1372 3503 :
1422 3446 1539 3503 Non
1596 3449 1876 3518 parturivi,
1930 3462 2103 3518 neque

521 3544 756 3599 enutrivi
787 3543 1051 3613 virgines,
1102 3557 1201 3597 nec
1250 3540 1401 3597 evexi
1442 3540 1685 3610 juvenes.
1724 3538 1889 3595 Erant
1932 3541 2099 3606 enim,

522 3634 715 3705 inquit,
748 3634 863 3705 pari
892 3633 946 3687 in
976 3632 1096 3687 loco
1127 3646 1249 3687 cum
1282 3633 1367 3686 his
1396 3646 1516 3701 quae
1566 3648 1785 3702 prorsus
1843 3649 1948 3687 non
2007 3649 2103 3704 pe-

520 3734 799 3796 pererunt,
834 3739 933 3779 nec
962 3724 1190 3793 juvenes
1223 3722 1545 3786 educarent,
1592 3737 1693 3778 nec
1736 3722 1993 3792 virgines,
2035 3738 2102 3778 eo

520 3817 664 3888 quod
719 3830 910 3872 omnes
960 3814 1203 3869 funditus
1253 3813 1319 3868 ad
1384 3812 1665 3868 interitum
1726 3817 2097 3884 pervenerint,

521 3909 809 3977 nullusque
834 3906 1055 3962 omnino
1084 3904 1429 3962 remanserit.

2209 3270 2388 3341 πολλῴ
2419 3271 2837 3349 διαφανεστάτη.
2870 3277 3083 3335 Οὐκοῦν
3120 3284 3151 3353 ὴ
3191 3282 3289 3355 μὲν
3320 3283 3566 3340 θάλασσα
3614 3288 3787 3342 ταῦτα

2208 3363 2325 3436 ἐρεῖ
2344 3380 2356 3392 ·
2384 3364 2533 3439 Αὐτὴ
2563 3368 2619 3421 δὲ
2650 3369 2749 3440 τῆς
2787 3371 3062 3444 θαλάσσης
3104 3378 3137 3447 ἡ
3181 3378 3351 3447 ἰσχὺς,
3380 3378 3525 3433 τοῦτ’
3555 3380 3721 3449 ἐστιν,
3750 3385 3783 3452 ἡ

2208 3456 2578 3527 κατισχύουσα
2624 3460 2733 3514 τῶν
2780 3465 2978 3534 νήσων,
3015 3468 3047 3536 ἡ
3082 3466 3253 3539 Τύρος
3301 3470 3360 3523 δὲ
3399 3471 3636 3541 δηλονότι
3668 3476 3788 3536 ταῖς

2208 3550 2406 3621 ἑαυτῆς
2453 3554 2839 3624 ἐποιμώζουσα
2879 3564 3208 3631 συμφοραῖς,
3261 3564 3390 3618 ὅταν
3432 3566 3534 3637 ἤδη
3574 3566 3787 3637 γυμνὴν

2208 3643 2407 3712 ἑαυτὴν
2431 3644 2539 3699 τῶν
2568 3649 2892 3721 οἰκητόρων,
2925 3654 3019 3705 καὶ
3053 3654 3262 3708 τέκνων
3291 3657 3389 3727 ὲρή
3400 3674 3528 3727 μην,
3570 3660 3693 3713 τότε
3724 3660 3787 3731 δὴ

2208 3733 2426 3799 πάντως
2463 3737 2598 3809 ὲρεῖ,
2640 3740 2720 3804 τὸ,
2753 3743 2854 3794 οὑκ
2902 3742 3111 3810 ὥδινον,
3150 3747 3272 3800 οὐδὲ
3302 3747 3510 3817 ἔτεκον,
3551 3750 3671 3803 οὐδὲ
3704 3750 3790 3816 ἐξ·

2207 3824 2411 3898 ἔθρεψα
2436 3831 2779 3899 νεανίσκους,
2812 3836 2935 3889 οὐδὲ
2968 3835 3162 3906 ὖψωσα
3206 3840 3526 3911 παρθένους.
3572 3844 3659 3896 Ἐν
3688 3844 3788 3914 ἴσῳ

2208 3918 2316 3990 γάρ
2336 3919 2556 3989 γέγονα,
2603 3925 2762 3996 φησὶ,
2821 3928 2940 3991 ταῖς
2999 3929 3073 3999 μὴ
3124 3916 3410 3997 τεκούσαις
3460 3934 3615 3999 ὅλως.
3666 3936 3787 4006 μηδ’

520 4003 946 4100 ἀναθρεψλάσαις,
976 4002 1026 4100 ἦ.
1042 3999 1356 4100 νεανίσκους
1385 4000 1419 4071 ἢ
1452 3998 1772 4071 παρθένους,
1813 4001 1902 4055 διά
1936 4019 2018 4057 τοι
2061 4005 2123 4060 τὸ
2193 4013 2403 4080 πάντας
2435 4018 2604 4090 ἄρδην
2646 4019 2970 4076 καθικέσθαι
3034 4025 3171 4097 πρὸς
3216 4026 3511 4096 ἀπώλειαν,
3559 3998 3790 4100 περιλει-

521 4095 723 4166 φθῆναι
751 4092 808 4145 δὲ
838 4089 1117 4155 παντελῶς
1161 4089 1370 4145 οὐδένα.

593 4186 758 4243 Vitta.
792 4185 846 4239 5.
892 4183 1116 4251 Quando
1164 4193 1337 4237 autem
1376 4185 1615 4239 auditum
1654 4184 1812 4254 fuerit
1847 4189 1899 4241 in
1938 4188 2114 4261 Ai'gg-

522 4288 631 4349 pta,
657 4293 743 4332 eos
775 4277 941 4346 capiet
971 4274 1124 4328 dolor
1148 4274 1211 4328 de
1248 4272 1404 4344 Tyro.

2287 4197 2474 4253 Ὅταν
2491 4200 2562 4254 δὲ
2597 4202 2906 4259 ἀκουστὸν
2932 4204 3175 4275 γένηται
3204 4212 3503 4281 Αἰγύπτῳ,
3527 4216 3787 4287 λήψεται

2213 4286 2435 4353 αὐτοὺς
2454 4288 2645 4359 ὀδύνη
2688 4294 2823 4361 περὶ
2856 4296 3064 4364 Τύρου.

592 4367 712 4425 Non
739 4366 1003 4439 ignoravit
1040 4379 1170 4435 ergo
1192 4365 1478 4434 preplteta,
1513 4364 1965 4434 quemadmodum
1984 4366 2097 4437 jam

2271 4380 2385 4474 Οὐκ
2463 4382 2731 4474 ἠγνόηκεν
2779 4387 2808 4438 ό
2862 4391 3169 4461 προφήτης,
3225 4393 3306 4447 ὅτι
3372 4395 3625 4470 καθάπερ
3686 4401 3784 4474 ήδη

527 4460 771 4533 praedixi,
800 4460 1105 4531 Assyrium,
1138 4467 1261 4528 post
1305 4457 1472 4529 329
1520 4470 1709 4528 captos
1766 4458 1982 4530 Tyrios,
2034 4462 2101 4516 ad

524 4553 899 4626 Egyptiorum
930 4553 1202 4621 regionem
1236 4564 1296 4606 se
1325 4561 1688 4619 recepturum.
1746 4551 1879 4606 Cum
1914 4554 2099 4623 igitur,

528 4646 724 4716 inquit,
748 4644 862 4698 haec
884 4643 1064 4697 audita
1093 4642 1294 4696 fuerint
1328 4643 1396 4696 ab
1422 4640 1716 4713 Egyptiis,
1757 4653 1885 4700 tunc
1914 4655 1970 4700 et
2001 4646 2100 4716 ipsi

528 4736 731 4809 passim
784 4750 849 4790 ac
893 4748 1114 4803 prorsus
1161 4734 1348 4788 dolore
1406 4735 1901 4791 consternabantur
1930 4780 1946 4805 ,
1995 4754 2102 4794 non

502 4829 672 4898 ,quod
696 4825 872 4898 Tyrus
901 4823 1234 4891 succumbat,
1284 4834 1340 4878 at
1388 4827 1530 4895 quod
1574 4827 1641 4881 ad
1698 4842 1757 4884 se
1797 4829 1922 4884 belli
1967 4830 2105 4885 mala

528 4920 843 4990 pervadant.

601 5102 765 5157 Vens.
798 5101 853 5155 6.
893 5099 1137 5154 Transite
1166 5096 1559 5169 Carthaginem,
1585 5100 1806 5166 ululate,
1836 5104 1927 5175 qui
1954 5103 2107 5158 habi-

530 5194 651 5246 tatis
677 5193 733 5247 in
761 5193 860 5246 hac
886 5192 1081 5245 insula.

604 5281 872 5339 Solemnis
900 5283 1189 5339 admodum
1218 5293 1301 5339 est
1330 5283 1447 5338 haec
1473 5283 1614 5353 apud
1640 5286 1933 5353 prophetas
1965 5282 2099 5343 ora-

534 5375 628 5429 tio.
655 5373 774 5429 Non
801 5377 1005 5431 etenim
1037 5376 1253 5447 proprie
1298 5385 1351 5430 et
1400 5391 1527 5431 vere
1558 5391 1589 5429 a
1638 5377 1924 5447 Tyriorum
1974 5381 2107 5437 urbe

533 5464 786 5521 hortatur
812 5468 1087 5532 recedere,
1118 5477 1172 5522 et
1220 5467 1602 5538 Carthaginem
1648 5472 1966 5537 concedere,
2011 5475 2104 5529 sed

536 5571 710 5626 neque
740 5558 1058 5627 simpliciter
1099 5560 1325 5627 ejulare,
1364 5561 1471 5615 imo
1493 5559 1646 5631 quasi
1683 5565 1983 5631 exprobrat
2016 5564 2106 5618 iu-

536 5648 829 5717 gientibus,
863 5658 918 5704 et
952 5650 1152 5719 ingenti
1196 5652 1483 5706 timiditate
1531 5668 1691 5722 supra
1742 5658 1957 5710 modum
1994 5655 2106 5710 fra-

539 5740 662 5797 ctis.
697 5738 957 5811 Oportere
983 5751 1161 5798 autem
1204 5744 1327 5800 dicit
1363 5744 1507 5814 ipsos
1538 5759 1597 5800 se
1645 5747 1860 5811 deﬂere,
1894 5762 1972 5813 se,
2019 5748 2106 5804 in-

2210 4471 2492 4561 προεῖπον,
2539 4473 2681 4542 μετὰ
2719 4474 2817 4546 τὴν
2847 4477 3061 4549 Τυρίων
3115 4481 3336 4550 ἅλωσιν,
3388 4488 3481 4541 ἐπὶ
3534 4491 3636 4561 τὴν

2204 4559 2518 4628 Αἰγυπτίων
2569 4564 2753 4635 χώραν
2805 4574 3225 4644 μεταφοιτήσειν
3264 4576 3488 4648 ἔμελλεν
3519 4584 3547 4635 ὁ
3590 4559 3788 4639 -Ἄσσύ-

2208 4667 2340 4720 ριος.
2381 4654 2545 4707 Ὅταν
2590 4658 2789 4725 τοίνυν,
2831 4663 3019 4732 φησιν,
3049 4666 3289 4722 ἀκουστά
3338 4671 3509 4726 ταῦτα
3560 4676 3785 4748 γένηται

2206 4744 2359 4836 παρά
2387 4748 2500 4810 τοῖς
2525 4748 2864 4816 Αἰγυπτίοις,
2907 4754 3027 4808 τότε
3071 4757 3169 4811 καὶ
3216 4760 3369 4814 αὐτοὶ
3394 4765 3569 4836 πάντη
3602 4784 3662 4819 τε
3682 4744 3787 4823 ’καὶ

2206 4833 2424 4930 πάντως
2451 4836 2892 4930 όδυνηθήσονται,
2919 4844 3016 4914 οὐχ
3068 4846 3151 4899 ὅτι
3194 4850 3536 4922 πεπόρθηται
3558 4833 3723 4927 τυχὸν
3752 4865 3783 4930 ὴ

2206 4922 2406 4993 Τύρος,
2443 4925 2557 4978 ἀλλ’
2605 4929 2687 4982 ὅτι
2740 4937 3211 5009 μεταπεφοίτηκεν
3262 4945 3350 4996 ἐπ’
3381 4947 3577 5012 αὐτοὺς
3725 4922 3789 5007 ἐκ

2204 5015 2298 5068 τοῦ
2346 5017 2583 5089 πολέμου
2614 5024 2778 5077 κακά.

2290 5111 2602 5167 Ἀπέλθετε
2628 5117 2716 5182 εἱς
2754 5120 3131 5188 Καρχηδόνα,
3158 5124 3488 5198 ὀλολύζετε,
3509 5134 3564 5187 οἱ
3596 5152 3791 5189 κατοι-

2206 5199 2456 5267 κοῦντες
2483 5204 2553 5256 ἐν
2576 5203 2652 5273 τῇ
2686 5205 2858 5275 νήσῳ
2883 5211 3085 5281 ταύτῃ.

2290 5292 2379 5346 Ἐν
2411 5294 2531 5365 ἤθει
2573 5298 2752 5369 πολλῷ
2782 5300 2881 5371 τῆς
2918 5306 3255 5374 προφητείας
3282 5311 3310 5361 ό
3342 5309 3516 5379 λόγος.
3560 5313 3633 5366 Ού
3678 5315 3786 5386 γάρ

2206 5400 2288 5437 τοι
2319 5387 2524 5478 κυρίως
2550 5406 2607 5442 τε
2630 5391 2721 5443 καὶ
2750 5392 2967 5462 ἀληθῶς
3005 5398 3404 5456 ἀπανίστασθαι
3437 5404 3537 5475 τῆς
3575 5406 3786 5478 Τυρίων

2208 5477 2662 5547 παρακελεύεται,
2685 5491 3020 5557 μεταχωρεῖν
3042 5489 3100 5543 δὲ
3121 5492 3319 5561 μᾶλλον
3341 5497 3420 5558 είς
3441 5477 3782 5568 Καρχηδόνα,

2207 5568 2323 5621 ἀλλ’
2356 5570 2476 5624 οὐδὲ
2527 5572 2800 5639 ὀλολύζειν
2834 5579 3045 5644 ἁπλῶς,
3087 5584 3201 5637 ἀλλ’
3248 5582 3358 5639 οἷον
3405 5590 3784 5655 κατονειδίξειν

2208 5662 2498 5728 φυγόντας,
2540 5666 2632 5716 καὶ
2658 5665 2953 5740 ἀμετρήτῴ
3004 5672 3178 5746 δειλίᾳ
3228 5676 3779 5750 συντεθραυσμένους.

2208 5752 2418 5823 Χρῆναι
2469 5754 2525 5807 δὲ
2571 5757 2735 5811 φησιν
2780 5760 3111 5833 ὲποιμώζειν
3159 5767 3356 5832 αὐτοὺς
3396 5770 3647 5842 ἑαυτοῖς,
3686 5772 3783 5830 καὶ
