4148 6378
379 372 485 427 ὕὲὕ

1498 372 1565 427 ΙΝ
1606 372 1837 428 ISAIAM
1873 370 2004 425 LIB.
2050 372 2116 429 ll.
2157 365 2397 427 TOMUS
2440 370 2504 427 γ.

3520 373 3624 430 5'16

377 494 495 554 ταῖς
532 492 991 563 ἐπενηνεγμέναις
1043 493 1226 559 αὐτοῖς
1270 496 1592 565 συμφοραῖς.
1647 496 1846 565 ’Ἄμφω
1894 496 1950 549 δέ

2072 509 2239 564 luam,
2277 493 2579 565 implicatus
2612 493 3033 549 calamitatibus.
3080 493 3253 548 Ambo
3286 492 3401 550 haec
3438 495 3626 552 mulie-

377 584 550 638 ταῦτα
589 583 936 655 θηλυπρεπῆ,
966 586 1072 639 «ut
1104 586 1414 656 μειρακίοις
1449 586 1671 656 μᾶλλον,
1712 589 1806 641 καὶ
1842 582 1955 650 τοῖς

377 672 478 744 ἤδη
519 674 901 745 παρηδηκόσιν
942 674 1344 747 ἀρμοδιώτερα.
1398 676 1641 749 Πολέμου
1694 677 1794 749 μὲν
1845 679 1954 750 γὰρ

377 764 868 836 περιηγγελμένου,
900 768 994 819 καὶ
1014 766 1155 819 κατὰ
1181 767 1365 839 χώρας
1403 768 1522 841 ἦτοι
1560 768 1766 833 πόλεως
1797 769 1953 841 ἔρχε-

380 855 505 909 σθαι
542 857 1015 930 προσδοκωμένου,
1046 858 1192 912 ἅπαν
1216 860 1315 930 μὲν
1344 861 1467 913 ὅσον
1494 861 1642 914 ἐστὶν
1663 864 1722 914 ἐν
1750 863 1956 932 ἀκμαῖς

378 948 758 1019 εύτρεπίζεται
785 949 924 1021 πρὸς
957 949 1159 1020 μάχην,
1185 952 1278 1003 καὶ
1312 951 1580 1021 γυμνάζει
1604 951 1671 1005 τά
1695 953 1953 1019 τακτικὰ,

379 1038 475 1091 xui.
496 1040 612 1101 ταῖς
633 1037 743 1090 τῶν
764 1038 1037 1108 πολεμίων
1059 1037 1311 1109 φάλαγξι,
1333 1031 1433 1093 κᾶν
1454 1040 1503 1092 εἰ
1524 1041 1690 1110 μήπω
1708 1042 1953 1110 παρεῖεν,

377 1128 441 1181 τό
466 1145 529 1197 γε
556 1123 692 1201 ἧκον
723 1130 803 1194 είς
835 1129 1144 1201 προθυμίας
1163 1130 1530 1202 ἐπιμαίνεται.
1554 1128 1756 1185 Γύναια
1780 1132 1836 1186 δέ
1861 1134 1956 1186 καὶ

383 1220 649 1289 μειράκια
720 1219 788 1273 τά
857 1222 937 1285 είς
994 1220 1169 1291 φυγὴν
1233 1220 1473 1293 μελετᾷ,
1542 1222 1637 1276 καὶ
1712 1222 1953 1287 όλολύξει

380 1308 652 1365 κλαίοντα.
684 1312 918 1382 Ἕτοιμα
937 1313 1048 1384 γὰρ
1068 1313 1154 1367 ἀεί
1177 1331 1294 1377 πως
1320 1316 1399 1378 είς
1424 1313 1587 1383 φόϐον
1607 1315 1701 1367 καὶ
1726 1314 1954 1387 θρήνους

385 1404 671 1474 μειράκιον
713 1403 805 1457 καὶ
850 1405 1011 1475 γυνή.
1077 1405 1384 1477 Ἐπιμειδιᾷ
1431 1405 1721 1477 τοιγαροῦν
1772 1408 1801 1459 ὁ
1846 1406 1955 1459 τῶν

364 1490 517 1549 ’ὅλων
550 1491 684 1558 Θεὸς
733 1498 855 1560 ταῖς
897 1495 1112 1567 Τυρίων
1144 1497 1478 1569 ἀνανδρίαις.
1530 1498 1792 1567 Φεύγουσι
1847 1500 1955 1570 γάρ

382 1587 478 1641 καλ⁸
505 1584 843 1651 όλολῦζουσιν
871 1588 921 1641 οἱ
947 1588 1112 1643 πάλαι
1139 1589 1464 1659 κρατοῦντες
1487 1591 1545 1643 ἐν
1576 1592 1776 1663 μάχαις
1795 1588 1956 1645 δεινοὶ

381 1677 477 1735 καὶ
503 1680 841 1748 δυσάντητοί,
877 1678 1097 1752 θρασεῖς
1130 1682 1223 1736 καὶ
1261 1681 1543 1736 ἀνάλωτοι.

2059 587 2176 641 bria
2207 596 2352 649 sunt,
2379 596 2435 644 ’et
2463 580 2880 641 adolescentulis
2911 584 3080 655 magis
3106 588 3159 639 et
3179 594 3337 639 aetate
3357 588 3626 655 provectis

2056 679 2165 747 jam
2199 677 2424 735 senibus
2451 677 2846 733 convenientia.
2874 669 3085 731 Etenim
3116 674 3259 733 bello
3286 677 3628 745 denuntiato,

2059 779 2114 823 et
2140 777 2199 822 ut
2232 768 2509 836 regionem
2554 778 2647 822 aut
2681 768 2957 823 civitatem
3005 768 3248 830 invadat,
3287 778 3626 839 exspectato,

2061 874 2250 915 omnes
2264 859 2357 930 qui
2388 861 2439 913 in
2464 858 2594 913 llore
2614 859 2790 914 anatis
2817 868 2944 913 sunt
2966 861 3021 912 et
3044 854 3264 923 maturi,
3300 859 3366 913 ad
3391 870 3626 930 pUgnam

2063 954 2429 1019 instruuntur,
2458 961 2513 1007 et
2550 951 2887 1020 disciplinam
2928 950 3218 1004 militarem
3251 957 3528 1015 exercent,
3574 958 3630 1005 et

2061 1044 2116 1098 in
2150 1043 2386 1099 hostium
2422 1036 2722 1115 phalanges
2759 1042 2887 1097 licet
2930 1039 3165 1096 nondum
3199 1039 3410 1104 adsint,
3454 1054 3629 1110 neque

2060 1135 2231 1205 parati
2276 1135 2419 1197 sint,
2458 1134 2661 1188 furunt.
2702 1128 3029 1188 Mulierculas
3066 1146 3192 1186 vero
3218 1140 3275 1186 et
3313 1131 3626 1186 adolescen-

2062 1222 2179 1288 tuli,
2232 1222 2411 1294 fugam
2475 1224 2837 1286 meditantur,
2877 1230 2932 1277 et
2981 1220 3186 1292 ejulant
3227 1230 3282 1275 et
3317 1220 3628 1289 lacryman-

2063 1322 2169 1367 tur.
2222 1311 2384 1368 Proni
2433 1322 2561 1369 sunt
2606 1314 2750 1368 enim
2800 1325 3013 1381 semper
3058 1311 3124 1365 ad
3172 1319 3374 1365 metum
3430 1317 3485 1365 et
3531 1308 3627 1364 θεά

2062 1414 2173 1459 ιυηι
2205 1405 2638 1464 adolescentulus
2681 1420 2743 1459 ac
2770 1403 2989 1458 femina.
3042 1401 3257 1456 Deridet
3290 1402 3472 1472 itaque
3509 1401 3630 1455 uni-

2060 1496 2339 1551 versitatis
2368 1498 2507 1551 Deus
2542 1495 2782 1550 imbelles
2804 1512 2867 1550 ac
2899 1510 3089 1565 parum
3133 1493 3399 1549 masculos
3438 1494 3631 1565 Tyrio-

2060 1600 2181 1643 rum
2213 1588 2446 1644 animos.
2477 1586 2714 1658 Fugiunt
2740 1588 2880 1643 enim
2901 1599 2957 1642 'et
2990 1587 3219 1654 ululant,
3244 1587 3334 1656 qui
3357 1590 3627 1658 quondam

2061 1680 2478 1735 dominabantur
2526 1681 2579 1735 in
2630 1680 2841 1751 pugnis,
2883 1680 3227 1736 vehementes
3285 1689 3341 1735 et
3400 1692 3628 1736 occursu

2062 1772 2213 1835 saevi,
2240 1771 2475 1826 audaces
2496 1781 2549 1825 et
2584 1772 2994 1839 insuperabiles.

457 1863 580 1930 Οὐχ
624 1861 776 1929 αὕτη
804 1860 974 1930 ὑμῶν
1012 1861 1051 1929 ἠ
1081 1861 1247 1929 ὕϐρις
1291 1860 1329 1929 ἡ
1378 1854 1678 1928 ἀπαρχῆς,
1724 1856 1868 1928 πρὶν
1916 1858 1954 1927 ἢ

2137 1857 2298 1913 Vens.
2324 1859 2378 1912 8.
2406 1857 2659 1929 Nunquid
2686 1858 2796 1912 hazc
2836 1869 3003 1912 vestra
3030 1858 3345 1912 contumelia
3367 1859 3433 1913 ab
3456 1858 3625 1919 initio.

384 1951 794 2020 παραδοθῆναι
829 1945 1057 2021 αὕτήν;
1102 1954 1196 2016 Τίς
1226 1951 1410 2005 ταῦτα
1448 1951 1816 2005 ἐϐούλευσεν
1858 1951 1957 2005 ἐπὶ

389 2044 606 2113 Τύρον;
635 2045 732 2113 Μὴ
768 2043 983 2112 ἥσσων
1007 2044 1200 2109 ἐστὶν,
1234 2044 1331 2097 καὶ
1358 2045 1469 2098 οὐκ
1505 2040 1736 2113 ίσχύει;

454 2134 665 2197 Φθάσας
690 2134 942 2205 ἕφην,ὄτι
962 2133 1069 2186 τῶν
1098 2133 1357 2205 Ἰεροσολύ
1367 2152 1482 2205 μων
1502 2134 1956 2205 πεπορθημένων,

385 2225 899 2296 κατεμπρησθέντος
939 2225 995 2277 δὲ
1040 2225 1133 2279 καὶ
1175 2224 1338 2279 αὑτοῦ
1385 2225 1477 2279 τοῦ
1517 2226 1645 2281 ναοῦ
1682 2226 1832 2297 παρά
1859 2226 1962 2297 τῆς

384 2316 494 2369 τῶν
527 2313 833 2386 Ἂσσυρίων
874 2317 1156 2386 στρατιᾶς,
1188 2316 1257 2369 τά
1288 2317 1471 2389 κύκλῳ
1516 2318 1611 2371 καὶ
1641 2319 1817 2388 ὅμορα
1852 2312 1960 2372 τῶν

386 2404 556 2461 ἐθνῶν
588 2407 954 2477 ἐπεγάννυντο
984 2408 1083 2478 μὲν
1116 2407 1195 2471 ὡς
1232 2408 1534 2463 ἀπολωλότι
1586 2409 1665 2481 τῷ
1718 2410 1956 2483 Ἰσραὴλ,

385 2502 480 2554 καὶ
500 2496 575 2563 ὡς
609 2496 841 2555 εῖσᾶπαν
871 2500 1283 2571 ἐκκεκομμένῳ,
1323 2502 1415 2555 καὶ
1446 2501 1619 2556 ἔσειον
1665 2503 1752 2556 ἐπ’
1777 2505 1961 2567 αὐτοῖς

384 2592 483 2654 τὰς
509 2590 657 2660 σφῶν
690 2588 868 2646 αὐτῶν
895 2591 1169 2660 κεφαλάς
1204 2591 1371 2663 ᾤοντο
1409 2592 1461 2646 δέ
1498 2594 1577 2647 ὅτι
1611 2595 1961 2649 πεπτώκασιν

386 2680 491 2737 ὑπδ
523 2686 711 2753 χεῖρας
747 2682 976 2753 ἐχθρῶν,
1009 2683 1067 2735 ού
1091 2682 1180 2735 διά
1206 2700 1268 2752 γε
1310 2683 1409 2747 τάς
1452 2683 1633 2737 αὐτῶν
1663 2686 1961 2757 ἁμαρτίας,

387 2773 502 2827 ἀλλ’
555 2775 637 2826 ὅτι
702 2772 900 2844 μᾶλλον
953 2772 1216 2845 ἡτόνησεν
1262 2772 1290 2827 ὁ
1346 2774 1535 2839 σώζων
1580 2776 1798 2840 αὐτοὺς,
1868 2778 1963 2830 καὶ

386 2866 675 2935 κρείττους
702 2864 958 2933 γεγόνασι
988 2866 1085 2936 τῆς
1109 2864 1202 2917 τοῦ
1233 2865 1366 2918 Θεοῦ
1394 2866 1576 2938 χειρὸς
1612 2869 1661 2921 οί
1687 2884 1963 2940 κεκρατη-

387 2957 563 3020 κότες.
625 2957 689 3009 Τί
743 2954 856 3019 οὖν,
901 2950 946 3009 ὦ
980 2957 1189 3028 Τύριοι,
1244 2956 1449 3027 φησίν;
1499 2959 1572 3011 Οὐ
1609 2961 1740 3030 πρὶν
1793 2958 1962 3031 αὐτὴν

389 3049 780 3121 παραδοθῆναι,
831 3046 1037 3122 ταύτην
1096 3049 1425 3121 ἐποιήσασθε
1496 3047 1617 3104 κατ’
1676 3052 1810 3122 ἐμοῦ
1866 3053 1967 3123 τὴν

2058 1947 2368 2016 priusquam
2396 1946 2694 2000 traderetur
2719 1947 2874 2014 ipsa?
2906 1944 3035 2011 Quis
3062 1948 3172 2001 hac
3197 1948 3417 2001 decrevit
3441 1948 3496 2001 in
3527 1940 3628 2019 Ty-

2060 2039 2221 2093 rum?
2251 2034 2396 2092 Num
2430 2039 2737 2092 imbecillior
2760 2048 2859 2104 est,
2884 2038 2960 2093 vel
2985 2055 3055 2092 an
3088 2055 3190 2093 non
3218 2038 3425 2093 valuit?

2130 2128 2305 2199 Supra
2333 2128 2467 2194 dixi,
2501 2127 2888 2199 Hierosolymis
2918 2128 3148 2191 eversis,
3181 2137 3237 2183 et
3272 2128 3390 2198 ipso
3418 2142 3632 2198 quoque

2062 2219 2261 2289 templo
2292 2218 2512 2273 incenso
2543 2219 2611 2272 ab
2641 2220 2881 2273 exercitu
2927 2219 3301 2289 Assyriorum,
3340 2219 3556 2273 accolas
3579 2231 3634 2273 et

2060 2310 2302 2365 contines
2336 2318 2524 2379 gentes
2576 2308 2864 2364 insultasse
2916 2309 3169 2364 lsraelitis
3217 2309 3373 2379 qnasi
3406 2310 3633 2377 perditis

2062 2401 2196 2455 etin
2230 2410 2398 2454 totum
2426 2400 2680 2466 concisis,
2720 2410 2775 2454 et
2809 2400 2861 2454 in
2909 2401 3027 2455 illos
3073 2416 3169 2455 sua
3214 2410 3499 2454 moverunt
3538 2415 3632 2455 ca-

2064 2492 2196 2562 pila,
2223 2500 2277 2546 et
2303 2501 2561 2563 putarunt
2590 2493 2690 2546 sub
2736 2506 2898 2547 manu
2924 2492 3161 2547 hostium
3200 2492 3495 2557 corruisse,
3528 2505 3634 2547 non

2065 2600 2161 2639 sua
2184 2584 2255 2639 ob
2281 2584 2505 2647 scelera,
2542 2585 2634 2637 sed
2670 2585 2813 2654 quod
2870 2584 2916 2639 is
2954 2584 3043 2654 qui
3086 2593 3270 2640 serVat
3303 2599 3416 2650 eos,
3445 2584 3639 2640 debilis

2066 2685 2119 2731 et
2142 2674 2422 2744 languidus
2456 2684 2620 2740 esset,
2656 2684 2710 2729 et
2742 2675 2884 2745 quod
2932 2675 2984 2730 hi
3015 2676 3105 2745 qui
3140 2677 3406 2743 vicerant,
3449 2677 3632 2732 divina

2070 2784 2232 2825 manu
2280 2768 2530 2826 fortiores
2575 2771 2923 2826 exstiterant.
2952 2770 3089 2838 Quid
3135 2771 3320 2842 igitur,
3358 2772 3556 2841 inquit,
3603 2787 3639 2827 ο

2071 2860 2261 2933 Tyrii?
2322 2856 2512 2917 Nonne
2562 2863 2875 2932 priusquam
2923 2863 3035 2933 ipsa
3095 2864 3440 2927 traderetur,
3500 2865 3640 2919 hanc

2068 2956 2199 3010 mihi
2240 2954 2443 3010 fecistis
2497 2954 2790 3023 injuriam?
2834 2954 3020 3010 Nonne
3070 2955 3286 3010 dixistis
3320 2970 3492 3011 meam
3531 2956 3642 3011 for-

2078 3047 2365 3101 titudinem
2396 3044 2825 3113 imbecilliorem,
2860 3057 2914 3100 et
2946 3047 3145 3102 vestris
3192 3048 3296 3102 diis
3332 3048 3641 3103 minorem?

390 3140 585 3215 ὕδρης
645 3143 744 3196 ούκ
782 3143 998 3213 ἐλέγετε
1049 3142 1147 3214 τὴν
1192 3140 1331 3215 ἐμὴν
1384 3145 1537 3214 ἰσχὺν
1572 3145 1720 3215 ἥττω
1773 3145 1868 3198 καὶ
1909 3146 1966 3198 ἐν

2072 3139 2200 3205 Quis
2230 3137 2395 3207 igitur
2429 3139 2564 3202 haec,
2619 3138 2813 3207 inquit,
2839 3138 3095 3209 cogitavit
3125 3150 3313 3194 contra
3341 3138 3504 3211 330
3529 3139 3641 3211 Ty-

395 3207 599 3305 μείοσιν
649 3232 786 3288 εἶναι
844 3207 953 3288 των
992 3207 1512 3306 ὑμετέρωννθεᾶίῇ
1556 3207 1651 3299 Τνίς
1688 3228 1781 3290 οὖν
1834 3237 1963 3309 ἄρα,

2072 3232 2231 3285 rum?
2269 3231 2385 3302 Ego
2430 3232 2703 3294 videlicet,
2745 3246 2905 3302 quem
2948 3247 3045 3287 vos
3074 3231 3427 3288 inﬁrmiorem
3453 3235 3635 3289 dicere

392 3327 575 3397 φησὶν,
608 3326 781 3380 ταῦτα
805 3324 1122 3380 ἐϐούλευσεν
1156 3327 1246 3380 ἐπὶ
1272 3324 1484 3399 Τύρονς
1531 3326 1674 3396 Ἐγὼ
1704 3327 1969 3398 δηλονότι,

392 3420 452 3474 ὃν
472 3420 630 3489 ὑμεῖς
657 3418 858 3490 ἥττονὰ
889 3438 948 3473 τε
983 3421 1078 3474 καὶ
1116 3420 1340 3474 ἄναλκιν
1366 3423 1539 3474 εἰπεῖν
1576 3420 1966 3491 τετολμήκατε.

404 3511 496 3578 Ἐξ
525 3511 703 3565 αὐτῶν
725 3512 1012 3584 τοιγαροῦν
1040 3512 1531 3584 κατατεκμήρασθε
1570 3513 1679 3566 τῶν
1708 3513 1969 3584 πραγμά-

391 3614 520 3664 των,
551 3598 778 3668 πότερόν
804 3616 933 3652 ποτε
958 3601 1137 3671 ἥττων
1162 3601 1280 3653 ἐστὶ
1305 3599 1414 3656 τῶν
1448 3600 1577 3673 παρ’
1625 3594 1755 3671 ύμῖν
1795 3601 1967 3665 Θεῶν,

392 3689 427 3760 ἢ
464 3691 562 3743 οὐκ
594 3684 804 3761 ίσχύει;
851 3691 991 3760 Ἐγὼ
1028 3691 1126 3761 μὲν
1167 3690 1275 3763 γὰρ
1308 3690 1730 3761 πλημμελοῦντα
1764 3694 1843 3755 είς
1872 3692 1971 3762 ἐμὲ

393 3777 750 3849 παραδέδωκα
829 3782 943 3843 τοῖς
1007 3778 1220 3851 ἐχθροῖς
1292 3780 1383 3833 τὸν
1448 3779 1659 3851 ἐξήνιον
1734 3779 1970 3850 Ἰσραήλ.

404 3867 630 3939 Ἐπειδὴ
654 3870 711 3923 δὲ
741 3870 1022 3955 πλουτεῖτε
1053 3872 1217 3935 θεοῖς,
1254 3872 1347 3924 καὶ
1381 3871 1567 3925 πολλοὶ
1599 3876 1732 3941 παρ’
1765 3868 1895 3941 ὑμῖν
1922 3867 1971 3924 οί

411 3958 738 4030 τιμώμενοι,
773 3962 856 4024 τίς
880 3962 985 4033 ἄρα
1020 3962 1197 4015 αὐτῶν
1228 3962 1317 4033 τὴν
1339 3962 1546 4016 τοιάνδε
1580 3960 1771 4031 σκέψιν
1818 3962 1971 4016 ἐϐου-

394 4049 624 4104 λεύσατο
654 4054 796 4106 κατά
825 4052 1004 4124 Τύρου
1031 4070 1046 4119 ;
1078 4050 1175 4117 Τίς
1208 4053 1560 4124 παραδέδωκε
1591 4056 1703 4118 τοῖς
1724 4053 1967 4125 ἐχθροῖς;

395 4142 632 4214 χαλεπὸν
674 4142 769 4199 οὖν
806 4144 915 4217 ἄρα
953 4144 1012 4199 τὸ
1048 4144 1138 4199 διὰ
1186 4144 1381 4215 πείρας
1438 4145 1609 4215 αὐτῆς
1659 4146 1974 4217 ἐκδέχεσθαι

397 4236 541 4307 ἅπερ
562 4235 627 4291 ἂν
658 4238 858 4309 πρέποι
881 4237 1092 4292 παθεῖν.
1120 4236 1210 4291 Δεῖ
1226 4235 1282 4292 δὲ
1298 4236 1451 4308 οἶμαι
1474 4236 1603 4303 τοὺς
1630 4240 1975 4310 νουνεχεστά-

396 4340 543 4391 τους,
605 4328 803 4400 ίσχνοῖς
847 4329 1086 4395 διανοίας
1138 4330 1348 4401 ὄμμασι
1399 4330 1675 4403 μακρόθεν
1727 4333 1859 4403 όρᾷν
1913 4330 1975 4384 τὸ

397 4415 586 4471 τελοῦν
621 4418 699 4483 είς
736 4421 939 4493 ὃνησιν,
975 4424 1071 4475 καὶ
1118 4421 1626 4493 μεμαστιγωμένοις
1675 4422 1848 4491 ἁγίοις
1898 4420 1973 4492 μὴ

2069 3322 2186 3377 ausi
2236 3324 2365 3377 estis
2398 3330 2453 3376 et
2496 3322 2788 3377 imbellem.
2816 3323 2892 3376 Ex
2927 3322 3090 3378 rebus
3138 3325 3302 3394 igitur
3345 3325 3477 3394 ipsis
3515 3340 3645 3380 con-

2060 3414 2327 3483 jecturam
2370 3414 2549 3479 facile,
2582 3414 2723 3469 sitne
2747 3414 2944 3470 vestris
2987 3415 3092 3470 diis
3133 3414 3378 3481 inferior,
3434 3431 3504 3470 au
3537 3430 3642 3471 non

2068 3506 2391 3577 praevaleat?
2416 3506 2525 3575 Ego
2548 3508 2688 3561 enim
2714 3507 3117 3578 delinquentem
3164 3507 3217 3561 in
3253 3522 3339 3562 me
3381 3506 3643 3563 lsraelent

2076 3597 2418 3664 effrenatam,
2475 3599 2708 3654 inimicis
2751 3599 2970 3653 tradidi.
3019 3598 3155 3651 Cum
3194 3613 3322 3654 vero
3364 3598 3647 3655 abundetis

2079 3691 2207 3754 diis,
2233 3699 2290 3745 et
2316 3690 2530 3759 plurimi
2562 3691 2635 3745 dii
2681 3691 2820 3761 apud
2859 3706 2953 3745 vos
2987 3686 3040 3745 in
3076 3692 3286 3747 honore
3315 3691 3647 3758 habeantur,

2078 3781 2329 3851 quisnam
2380 3793 2565 3836 eorum
2620 3781 2728 3836 tale
2767 3781 3052 3838 consilium
3097 3782 3241 3853 cepit
3297 3794 3488 3838 contra
3535 3776 3646 3853 Ty-

2080 3871 2239 3928 rum?
2272 3872 2404 3940 Quis
2436 3874 2658 3929 tradidit
2704 3875 2991 3931 hostibus?
3029 3874 3205 3930 Grave
3244 3876 3407 3943 igitur
3448 3885 3533 3930 est
3581 3891 3649 3930 ex

2076 3964 2195 4034 ipso
2221 3965 2460 4036 periculo
2498 3965 2795 4036 percipere,
2822 3982 2942 4037 quae
2983 3969 3090 4036 pati
3137 3976 3406 4035 oporteat.
3436 3966 3646 4023 Corda-

2080 4056 2318 4112 tissimos
2368 4058 2550 4127 itaque
2579 4066 2793 4129 oportet
2828 4058 3012 4114 subtili
3051 4054 3249 4114 mentis
3288 4058 3443 4113 oculo
3487 4057 3648 4128 longe

2080 4148 2396 4218 prospicere
2435 4149 2564 4218 quid
2605 4163 2636 4203 e
2668 4165 2725 4205 re
2752 4151 2843 4213 sit,
2873 4159 2929 4205 et
2971 4144 3255 4221 flagellatis
3299 4149 3502 4206 sanctis
3542 4165 3650 4204 non

2084 4236 2368 4303 insultare,
2414 4252 2594 4307 neque
2621 4248 2814 4309 putare
2843 4254 3060 4293 manum
3103 4255 3224 4311 qua:
3267 4253 3482 4309 semper
3517 4254 3653 4293 con-

2083 4340 2284 4393 servat,
2353 4331 2680 4400 elanguisse,
2729 4330 2821 4387 sed
2860 4332 3099 4401 cogitare
3139 4332 3319 4402 potius
3357 4333 3499 4402 quod
3545 4329 3654 4385 Deo

2080 4421 2426 4491 permittente
2476 4437 2863 4493 nonnunquam
2917 4424 2969 4477 in
3008 4423 3339 4477 tentationes
3388 4422 3651 4477 incidant.

397 4511 822 4584 ἐπαγάλλεσθαι,
871 4514 1006 4587 μήτε
1040 4518 1147 4589 μὴν
1179 4517 1385 4571 οἴεσθαι
1424 4517 1523 4587 τὴν
1570 4518 1657 4571 ἀεὶ
1696 4517 1975 4582 σώζουσαν
2012 4515 2209 4579 αὐτοὺς
2274 4511 2527 4584 ἀτονῆσαι
2592 4512 2768 4588 χεῖρα,
2813 4514 3012 4572 ἐννοεῖν
3040 4519 3097 4572 δὲ
3128 4518 3326 4590 μᾶλλον
3370 4519 3452 4571 ὄτι
3496 4534 3656 4588 περιο

400 4609 691 4664 πίπτουσιν
722 4606 835 4665 ἔσθ’
865 4612 953 4664 ὅτε
984 4613 1077 4664 καὶ
1104 4608 1432 4681 πειρασμοῖς
1458 4610 1700 4679 ἐφιέντος
1725 4608 1882 4663 Θεοῦ.

478 4705 542 4755 Ol
583 4702 835 4771 ἔμποροι
874 4699 1059 4764 αὐτῆς
1093 4700 1350 4764 ἔνδοξοι,
1382 4699 1670 4769 ἄρχοντες
1704 4698 1814 4767 τῆς
1849 4697 1960 4766 γῆς

2159 4688 2325 4746 Vsus.
2356 4689 2408 4745 9.
2462 4690 2780 4747 Mercatores
2818 4693 2932 4763 ejus
2978 4694 3132 4758 clari,
3171 4691 3434 4763 principes
3474 4706 3651 4753 terrae.

399 4792 615 4859 Κύριος
650 4789 891 4845 Σαϐαὼθ
938 4791 1345 4844 ἐϐουλεύσατο
1392 4789 1734 4856 παραλῦσαι
1774 4787 1982 4841 πᾶσαν

401 4876 517 4950 τὴν
566 4882 737 4950 ὓϐριν
793 4878 911 4934 τῶν
960 4880 1247 4945 ἐνδόξων,
1297 4880 1394 4933 καί
1448 4878 1731 4949 ἀτιμάσαι
1785 4877 1983 4931 πάντα

400 4970 653 5038 ἔνδοξοι·
681 4972 779 5026 ἐπὶ
814 4972 925 5040 τῆς·
957 4972 1090 5041 τῆς.

473 5065 701 5119 Μέτεισι
725 5062 887 5116 πάλιν
914 5064 943 5114 ό
971 5061 1129 5129 λόγος
1166 5061 1257 5114 ἐπί
1285 5078 1349 5129 γε
1387 5060 1449 5113 τὸ
1491 5060 1601 5113 δεῖν
1633 5058 1983 5129 ἀπογυμνοῦν

405 5159 507 5227 τῆς
556 5157 784 5226 ἐνούσης
812 5155 1131 5220 ἀλαζονείας
1159 5157 1344 5218 αὐτοῖς
1392 5153 1453 5207 τὺ
1508 5153 1834 5225 ὑπερφερὲς,
1889 5153 1986 5205 καὶ

408 5250 590 5320 μέντοι
641 5247 776 5319 πρὸς
821 5246 997 5318 τούτῳ
1046 5243 1107 5299 τὸ
1153 5246 1447 5317 ἀκόρεστον
1494 5246 1573 5307 εἰς
1620 5244 1983 5315 φιλοκερδίας.

407 5342 678 5411 Ἐμποροι
709 5339 815 5409 γάρ
849 5338 1021 5400 ὅντες,
1076 5339 1233 5407 φησὶ,
1288 5337 1382 5389 καὶ
1432 5334 1605 5398 οὕτως
1634 5336 1854 5405 αἰσχρὸν
1894 5335 1988 5387 κα)⁹

402 5431 657 5499 δυσγενὲς
709 5430 925 5499 ἔχοντες
970 5428 1031 5481 τὸ
1079 5428 1445 5499 ἐπιτήδευμα,
1484 5428 1563 5489 είς
1604 5425 1854 5479 τοσοῦτον
1893 5426 1989 5478 καὶ

402 5521 558 5589 δόξη;
593 5520 689 5573 καὶ
710 5519 981 5589 ὑπεροχῆς
1012 5516 1417 5588 κεχωρήκασίν,
1452 5514 1592 5567 ὥστε
1626 5514 1718 5565 καὶ
1747 5513 1843 5575 τὰς
1874 5514 1987 5576 τοῖς

404 5611 636 5681 ἄρχουσι
680 5607 1139 5679 πρεπωδεστάτας
1190 5598 1612 5677 ἀναδεσμεῖσθαι
1653 5602 1837 5673 τιμὰς,
1892 5598 1988 5656 καὶ⁸

406 5701 690 5769 στεφάνοις
719 5700 832 5761 τοῖς
859 5697 945 5750 ἐπ’
980 5696 1200 5767 εὐκλείᾳ
1222 5695 1477 5766 γενέσθαι
1509 5694 1982 5765 γνωριμωτάτους.

421 5792 561 5846 Ἀλλ’
592 5795 621 5846 ὁ
660 5790 769 5845 τῶν
814 5790 1096 5862 δυνάμεων
1133 5789 1359 5861 Κύριος,
1407 5787 1593 5861 φησὶν,
1633 5785 1989 5841 ἐϐουλεύσατο

1748 5919 1859 5938 ,μεθ-ο

2087 4781 2345 4836 Dominus
2368 4781 2601 4836 Sabaoth
2630 4782 2873 4854 cogitavit
2908 4785 3190 4838 dissolvere
3219 4787 3511 4839 universam
3533 4804 3659 4843 con-

2088 4872 2358 4926 tumeliam
2400 4871 2773 4942 gloriosorum,
2818 4884 2865 4928 et
2910 4874 3201 4944 ignominia
3250 4868 3463 4943 afﬁcere
3508 4892 3658 4934 omne

2086 4964 2371 5036 gloriosum
2405 4981 2561 5032 super
2587 4975 2800 5019 terram.
3132 5026 3163 5055 ο

2161 5052 2383 5107 Transit
2414 5055 2607 5108 iterum
2638 5058 2833 5119 oratio,
2876 5065 2934 5109 ut
2963 5050 3284 5124 arrogantia
3318 5050 3657 5115 altitudinem

2088 5156 2207 5211 qme
2228 5143 2331 5197 illis
2356 5142 2521 5206 inest,
2547 5154 2603 5197 et
2630 5154 2891 5213 prteterea
2923 5144 3230 5203 insatiabile
3253 5147 3389 5203 lucri
3417 5150 3657 5203 studium

2090 5235 2347 5290 denudet.
2395 5235 2772 5305 Negotiatores
2820 5240 2989 5305 enim,
3023 5241 3215 5310 inquit,
3261 5256 3383 5296 cum
3432 5244 3562 5308 sint,
3607 5254 3661 5297 et

2090 5327 2396 5382 institutum
2446 5328 2568 5382 vitre
2603 5330 2736 5384 adeo
2768 5340 2921 5401 turpe
2950 5340 3006 5385 et
3043 5331 3307 5400 abiectum
3352 5333 3554 5398 ineant,
3594 5348 3661 5389 eo

2094 5420 2280 5491 gloria:
2308 5432 2362 5475 et
2384 5421 2691 5476 eminentia:
2728 5435 3112 5492 pervenerunt,
3150 5436 3210 5479 ut
3253 5427 3415 5480 etiam
3456 5427 3659 5495 princi-

2094 5516 2254 5584 pilms
2300 5514 2647 5584 dignissimos
2703 5515 2936 5570 honores
2982 5516 3082 5570 sibi
3133 5519 3562 5579 accommodent,
3604 5526 3661 5572 et

2092 5620 2291 5659 corona
2322 5604 2618 5659 nobilitatis
2665 5616 2826 5675 atque
2858 5605 3162 5675 splendoris
3198 5607 3328 5661 liant
3375 5607 3659 5678 spectatis-

2094 5696 2236 5751 simi.
2285 5693 2391 5750 Sed
2442 5695 2701 5751 Dominus
2745 5696 3106 5764 exercituum,
3147 5697 3342 5767 inquit,
3391 5697 3657 5769 glorioso-

2096 5803 2215 5841 rum
2272 5787 2523 5855 iniuriam
2556 5787 2798 5845 decrevit
2857 5788 3153 5860 infringere
3200 5801 3256 5847 et
3308 5790 3654 5853 labefactari,
