4148 6374
497 391 596 445 527

1511 375 1566 429 S.
1610 367 1881 428 CYRILLI
1921 348 2384 420 ALEXANDRINI
2427 355 2741 413 ARClilEP.

3632 341 3736 400 528

495 519 818 575 omnemque
850 500 1112 574 ejusmodi
1145 498 1405 554 dedecore
1458 491 1670 547 allicere
1717 496 1771 544 et
1812 487 2055 542 infamia.

2178 479 2474 553 παραλῦσαι
2499 477 2598 548 τὴν
2621 473 2777 543 ῦϐριν
2794 471 2901 526 τῶν
2918 469 3145 535 ἐνδόξων
3166 468 3258 522 καὶ
3275 467 3537 537 ἀτιμάσαι
3564 466 3741 519 πάντα

497 602 554 656 Si
583 599 724 653 Deus
757 595 916 650 talem
950 590 1017 648 de
1052 609 1115 646 ea
1155 592 1293 645 ferat
1320 586 1606 648 calculum,
1648 594 1702 637 et
1750 596 1875 635 acre
1917 578 2063 647 judi-

497 693 644 748 cium
679 688 1071 759 praecisumque
1102 683 1345 745 inducat,
1374 674 1713 748 patrocinari
1758 675 1880 743 quis
1910 681 2063 742 pote-

499 787 612 842 rit?
642 791 736 839 aut
783 780 906 851 quis
949 779 1081 832 iram
1114 774 1348 829 divinam
1397 766 1737 841 proﬂigabit?
1762 764 1893 831 Quis
1922 764 2066 817 enim

497 874 855 944 omnipotenti
905 878 1173 940 potestate
1220 862 1453 919 fortior?
1489 862 1594 915 Aut
1628 858 1749 925 quis
1795 854 2065 911 excelsam

500 982 715 1024 manum
757 960 1006 1019 avertet?
1047 956 1204 1014 sicuti
1250 956 1508 1023 scriptum
1556 962 1641 1008 est
1677 948 1741 1004 η.
1795 947 1968 1019 igitur
2000 960 2068 1000 ne

499 1064 852 1121 arbitrentur,
898 1054 1091 1122 inquit,
1120 1044 1261 1121 quod
1307 1063 1435 1103 suos
1473 1047 1602 1100 deos
1643 1042 2003 1102 oll'endentes,
2035 1053 2064 1092 a

499 1155 666 1225 gloria
718 1151 783 1205 ad
815 1147 1163 1218 ignominiam
1200 1139 1430 1196 traducti
1460 1130 1693 1199 fuerint;
1729 1136 1822 1190 sed
1867 1130 2068 1188 intelli-

496 1257 628 1318 gant
661 1245 863 1315 potius,
899 1240 1160 1310 judicium
1188 1234 1398 1289 Domini
1430 1231 1667 1286 Sabaoth
1700 1227 1899 1282 factum
1926 1238 2067 1290 esse,

498 1354 688 1399 contra
722 1353 881 1410 quem
934 1335 1201 1390 audebant
1243 1331 1465 1385 dicere:
1518 1323 1970 1419 lmbecillioqest,
2018 1328 2071 1373 et

502 1453 608 1491 non
644 1434 807 1488 valet.
838 1431 1087 1485 Dicamus
1125 1424 1354 1494 proinde
1386 1432 1445 1476 et
1477 1435 1575 1473 nos
1620 1419 1788 1487 legem
1815 1410 2073 1484 p'raavari-

504 1529 754 1584 cantibus
786 1534 842 1581 et
892 1521 1262 1593 peccantibus,
1314 1531 1380 1570 ne
1434 1528 1603 1567 cornu
1658 1510 1917 1573 exaltent,
1975 1520 2075 1560 nec

506 1620 695 1673 tollant
727 1614 855 1671 illud
904 1613 1087 1683 impie,
1124 1623 1223 1664 nec
1261 1616 1449 1662 contra
1483 1601 1725 1658 omnium
1765 1600 2072 1655 dominato-

504 1727 617 1767 rem
642 1708 811 1764 Deum
844 1705 1164 1777 iniustitiam
1194 1700 1508 1768 loquantur.

575 1887 740 1943 Vens.
774 1885 863 1950 10,
892 1884 981 1937 Η.
1012 1879 1137 1936 Cale
1165 1888 1361 1933 terram
1402 1884 1569 1936 tuam,
1601 1887 1754 1925 naves
1785 1869 1922 1923 enim
1965 1883 2068 1920 non

503 1982 711 2037 veniunt
742 1978 880 2031 ultra
919 1972 1255 2040 Carthagine.
1290 1967 1481 2023 Manus
1512 1976 1603 2018 tua
1634 1961 1795 2033 331
1830 1975 1932 2014 non
1959 1975 2071 2011 am-

504 2074 640 2143 plius
666 2068 856 2125 valebit
879 2082 972 2136 per
994 2079 1159 2127 mare,
1186 2076 1303 2132 quae
1327 2063 1577 2129 provocat
1604 2071 1768 2124 reges.

576 2245 847 2310 Studium,
881 2239 1076 2309 inquit,
1113 2245 1262 2291 tuum
1293 2233 1362 2288 ab
1389 2232 1635 2287 instituto
1665 2225 1973 2298 negotiandi
2005 2224 2071 2278 ad

506 2333 894 2405 agriculturam
942 2338 1219 2385 converte.
1260 2325 1378 2379 Non
1424 2323 1569 2378 enim
1619 2318 1940 2375 mercaturis
1974 2316 2070 2371 tibi

505 2424 832 2497 gratissimis
860 2421 1029 2475 uteris
1053 2420 1122 2475 de
1154 2419 1385 2487 integro.
1440 2406 1549 2468 Nec
1579 2414 1798 2466 venient
1835 2409 2073 2463 Cartha-

506 2520 651 2589 gine,
684 2515 773 2584 qui
820 2513 887 2567 ad
934 2520 985 2566 te
1027 2512 1322 2565 immensas
1354 2520 1486 2576 opes
1534 2505 1868 2567 convehunt,
1913 2509 1969 2554 et
2006 2499 2073 2552 ad

507 2620 656 2661 tuam
687 2621 927 2669 manum,
968 2602 1019 2655 id
1060 2610 1143 2655 est
1169 2608 1515 2669 potestatem,
1544 2594 1884 2664 confugiunt.
1929 2588 2075 2644 Nihil

505 2702 651 2755 enim
695 2690 920 2768 prorsus
954 2694 1092 2747 ultra
1137 2692 1362 2762 poteris,
1402 2688 1502 2743 etsi
1552 2687 1791 2756 potueris
1831 2685 1882 2738 in
1936 2681 2075 2736 mari

506 2793 823 2862 plurimum,
860 2786 911 2840 id
936 2794 1039 2851 est,
1077 2798 1196 2852 qua:
1223 2790 1415 2835 contra
1442 2793 1653 2833 omnem
1693 2785 1747 2830 et
1777 2773 2005 2829 insulam
2025 2782 2080 2827 et

510 2882 697 2933 urbem
752 2876 887 2930 mari
949 2871 1287 2940 adiacentem
1332 2867 1628 2921 fortissima
1680 2863 1976 2929 exstiteris,
2023 2870 2079 2915 et

510 2971 813 3038 complures
847 2982 999 3036 reges
1026 2963 1429 3035 provocaveris.
1457 2961 1608 3015 Saeva
1642 2959 1810 3021 enim,
1851 2966 1910 3011 ut
1944 2955 2076 3019 dixi,

514 3062 613 3116 fuit
640 3056 816 3132 Tyrus
844 3060 1166 3129 antiquitus,
1205 3067 1259 3111 et
1308 3054 1564 3111 terribilis
1602 3063 1714 3108 tum
1763 3048 2076 3105 remotissi-

514 3156 614 3208 mis
644 3162 697 3207 et
732 3152 946 3218 vicinis,
977 3161 1087 3206 tum
1117 3150 1356 3221 gentium
1387 3147 1639 3203 ducibus.

584 3333 687 3391 Sed
718 3332 1041 3388 exercituum
1078 3328 1333 3384 Dominus
1368 3326 1609 3398 praecepit
1632 3325 1695 3381 de
1717 3320 1974 3380 Chanaan
2004 3322 2083 3386 (id

511 3440 615 3495 est,
648 3428 712 3483 de
739 3436 881 3482 terra
911 3421 1386 3494 alienigenarum),
1418 3430 1474 3475 ut
1502 3420 1685 3489 perdat
1726 3421 1839 3489 ejus
1866 3418 2095 3489 {ortitu-‘

512 3521 703 3573 dinem.
1539 3496 1547 3503 l

583 3608 719 3665 Mala
756 3606 1023 3681 siquidem
1075 3604 1291 3671 bellica,
1336 3620 1403 3659 ex
1456 3602 1805 3673 Assyriorum
1852 3598 2083 3656 crudeli-

514 3708 626 3757 tate
656 3714 762 3754 non
801 3698 901 3753 soli
930 3692 1076 3768 Tyro
1107 3696 1254 3749 illata
1304 3701 1453 3759 sunt,
1504 3693 1600 3748 sed
1636 3692 1861 3762 reliquis
1908 3689 2084 3760 genti-

514 3794 636 3857 bus,
668 3786 917 3845 lloabilis
955 3799 1011 3842 et
1060 3785 1331 3851 ldumteis,
1380 3794 1435 3839 et
1488 3783 1611 3839 aliis
1637 3775 1983 3853 quibusdam.
2027 3779 2082 3833 In

512 3884 829 3938 universum
886 3894 1016 3935 vero
1071 3892 1260 3933 omnes
1301 3876 1588 3932 Chananaei
1663 3874 2086 3930 nominabantur

513 3975 606 4045 qui
661 3974 897 4029 cultores
947 3980 1103 4025 erant
1154 3968 1439 4031 idolorum,
1493 3975 1548 4022 et
1600 3976 1705 4020 nan
1754 3980 1819 4020 ex
1878 3964 2086 4018 semine

516 4060 834 4121 Israelitico.
864 4061 1074 4116 PrObro
1097 4060 1241 4116 enim
1266 4054 1500 4114 allicitur
1537 4056 1789 4127 quisquis
1817 4052 1969 4111 audit
1994 4069 2084 4109 se-

516 4171 641 4211 men
676 4155 936 4212 Cbanaan
966 4160 1017 4209 et
1058 4164 1165 4206 non
1196 4151 1353 4206 Juoa.
1388 4152 1612 4217 Quando
1660 4148 1848 4219 igitur,
1887 4146 2085 4218 inquit,

517 4247 643 4305 belli
676 4255 1001 4302 nocumenta
1042 4259 1141 4313 per
1168 4257 1359 4298 omnes
1406 4242 1563 4296 simul
1592 4240 1925 4295 Chananzeos
1963 4253 2087 4306 per-

519 4340 783 4404 vaserint,
812 4348 942 4392 tunc
970 4335 1187 4406 quidam
1211 4336 1391 4390 causis
1423 4346 1608 4389 eorum
1638 4346 1755 4402 quae
1800 4331 1931 4402 ipsis
1959 4345 2089 4385 con-

523 4432 758 4501 tigerunt
804 4429 1101 4500 perspectis
1151 4442 1213 4482 ac
1257 4425 1525 4495 cognitis,
1572 4423 1789 4479 dicent:
1821 4419 1931 4479 Nec
1963 4435 2088 4491 per-

2160 571 2419 625 τοιοῦτον.
2450 568 2645 638 Ψῆφον
2675 564 2733 617 δὲ
2758 560 2935 617 αὐτῶν
2956 559 3053 631 τὴν
3077 557 3338 630 τοιαύτην
3363 556 3740 628 καθορίζοντος

2163 662 2321 729 Θεοῦ,
2379 660 2473 714 καὶ
2521 657 2683 728 τομὸν
2737 655 3034 721 ἐπάγοντος
3079 651 3275 721 κρίμα,
3340 649 3423 712 τίς
3468 647 3744 717 ἐπαμῦναι

2163 752 2479 821 δυνάμενος,
2505 749 2539 819 ἥ
2574 747 2658 810 τίς
2680 747 2746 799 ἂν
2784 745 2883 813 τὴν
2914 742 3063 796 θείαν
3100 738 3490 811 ἀποσοϐήσειεν
3538 739 3744 809 όργήν;

2165 845 2250 908 τίς
2273 843 2382 915 γὰρ
2437 841 2591 894 ἔσται
2622 838 2890 911 κρείττων
2925 837 3021 905 τῆς
3070 831 3406 896 πανσθενοῦς
3453 829 3697 894 ἐξουσίας
3726 846 3742 895 ;

2167 938 2240 991 ’Ἡ
2267 939 2367 1007 τὴν
2402 936 2560 1006 χεῖρα
2601 932 2701 1002 τὴν
2735 928 2944 999 ὑψηλὴν
2993 928 3075 991 τίς
3110 925 3465 997 ἀποστρέψει,
3512 922 3653 976 κατὰ
3685 922 3747 975 τὸ

2167 1027 2581 1101 γεγραμμένον;
2612 1020 2821 1077 Οὐκοῦν
2854 1021 2927 1093 μὴ
2958 1018 3275 1080 οἰέσθωσαν,
3308 1017 3494 1085 φησὶν,
3529 1014 3610 1068 δτι
3633 1016 3745 1078 τοῖς

2172 1121 2322 1184 ἰδίοις
2389 1120 2532 1182 Θεοῖς
2594 1113 3097 1188 προσκεκρουκότες
3160 1108 3635 1181 κατεκομίσθησαν
3685 1104 3749 1161 ἐκ

2168 1212 2327 1283 δόξης
2375 1208 2455 1275 εἰς
2502 1209 2748 1279 ἀτιμίαν,
2800 1204 3030 1261 ἴστωσαν
3091 1204 3148 1257 δὲ
3207 1200 3408 1274 μᾶλλον
3444 1203 3528 1255 ὅτι
3574 1201 3748 1270 κρίμα

2169 1305 2361 1375 γέγονε
2384 1301 2590 1374 Κυρίου
2618 1298 2867 1363 Σαϐαὼθ,
2893 1298 3016 1352 καθ’
3049 1286 3109 1351 οὗ
3128 1296 3525 1367 τετολμήκασιν
3553 1295 3747 1349 εἰπεῖν.

2173 1396 2294 1450 Ὅτι
2325 1396 2419 1448 καὶ
2445 1392 2631 1463 ἥσσων
2669 1392 2817 1445 ἐστὶν
2864 1391 2960 1443 καὶ
2996 1391 3095 1442 οὐκ
3123 1386 3312 1458 ἰσχύει.
3343 1384 3553 1441 Οὐκοῦν
3582 1386 3751 1451 λέγω·

2175 1502 2277 1557 μεν
2296 1486 2390 1538 καὶ
2425 1485 2586 1554 ἡμεῖς
2606 1484 2719 1545 τοῖς
2752 1479 3125 1551 παρανομοῦσι
3163 1479 3236 1552 μὴ
3269 1480 3621 1551 παρανομεῖν.
3658 1477 3752 1531 καὶ

2173 1581 2285 1641 τοῖς
2311 1577 2684 1648 ἁμαρτάνουσι
2722 1573 2796 1645 μὴ
2838 1572 3036 1643 ὑψοῦτε
3076 1572 3265 1645 κέρας,
3329 1573 3467 1643 μήτε
3506 1571 3614 1642 μὴν
3659 1572 3753 1624 ἀν·

2183 1671 2349 1733 οσίως
2393 1669 2642 1739 ἐπαίρειν
2691 1666 2841 1729 αὐτὸ,
2878 1666 2974 1721 καὶ
3005 1664 3223 1719 ἀδικίαν
3257 1662 3439 1717 λαλεῖν
3480 1661 3620 1715 κατά
3658 1656 3751 1715 τοῦ

2177 1762 2397 1815 πάντων
2430 1759 2757 1831 κρατοῦντος
2795 1758 2951 1813 Θεοῦ.

2103 1828 2151 1891 Β
2258 1828 2530 1920 Ἐργάζου
2572 1848 2688 1913 τὴν
2730 1847 2846 1919 γῆν
2880 1858 3018 1901 σου*
3070 1846 3169 1899 καὶ
3200 1845 3312 1914 γὰρ
3334 1843 3516 1897 πλοῖα
3556 1842 3755 1897 οὐκέτι

2170 1946 2448 2014 ἔρχονται
2468 1943 2537 1996 ἐκ
2559 1940 2967 2010 Καρχηδόνος.
3019 1936 3080 1995 Ἡ
3115 1938 3183 1991 δὲ
3226 1938 3355 2008 χείρ
3396 1954 3511 1992 σου
3556 1935 3754 1989 οὐκέτι

2174 2036 2419 2103 ἰσχύσει
2454 2032 2606 2088 κατὰ
2644 2031 2986 2096 θάλασσαν,
3032 2032 3070 2100 ἠ
3111 2026 3540 2098 παροξύνουσα
3576 2027 3755 2093 βασι-

2171 2125 2319 2191 λεῖς.

2244 2215 2603 2285 Μετατίθησι,
2662 2212 2817 2285 φησὶ,
2874 2211 2971 2277 τὰς
3034 2208 3268 2275 σπουδὰς
3321 2209 3381 2275 ἐξ
3441 2207 3758 2281 ἐμπορικῶν

2174 2304 2618 2376 ἐπιτηδευμάτων
2657 2304 2738 2363 εἰς
2767 2299 3087 2369 γεωπονίας.
3109 2300 3183 2353 Ού
3214 2298 3319 2370 γὰρ
3340 2296 3458 2361 ταῖς
3483 2299 3565 2351 ὅτι
3600 2297 3758 2367 μάλιο

2177 2407 2277 2448 στα
2332 2393 2672 2463 φιλαιτάταις
2726 2390 3017 2463 ἐμπορίαις
3091 2395 3333 2462 κεχρήσῃ
3385 2390 3567 2456 πάλιν,
3636 2387 3756 2442 οὐδὲ

2174 2488 2393 2557 ἥξουσιν
2428 2490 2492 2540 ὲκ
2521 2486 2867 2558 Καρχηδόνος
2904 2484 2954 2538 οἰ
2993 2485 3084 2537 τὸν
3124 2484 3429 2555 ἀμέτρητόν
3470 2499 3553 2535 σοι
3594 2480 3758 2535 πλοῦ-

2173 2592 2267 2633 τον
2299 2580 2667 2649 συλλέγοντες,
2716 2578 2810 2631 καὶ
2839 2578 2938 2649 τὴν
2986 2577 3083 2648 σὴν
3127 2574 3517 2649 ὑποτρέχοντες
3578 2576 3754 2645 χεῖρα,

2174 2674 2321 2726 τοῦτ’
2349 2673 2485 2736 εστι,
2518 2671 2617 2743 τὴν
2642 2669 2891 2743 δύναμιν.
2920 2670 3134 2741 Δυνήσῃ
3184 2670 3293 2739 γὰρ
3331 2668 3485 2722 οὐδὲν
3511 2666 3594 2720 ἐτι
3623 2684 3758 2720 παν-

2176 2765 2365 2829 τελῶς,
2400 2764 2577 2818 καίτοι
2606 2763 2775 2817 πολλά
2818 2762 3107 2833 δυνηθεῖσα
3157 2763 3296 2816 κατὰ
3334 2760 3429 2831 τὴν
3462 2758 3757 2824 θάλασσαν,

2176 2856 2321 2910 τοῦτ’
2363 2855 2531 2921 ἔστιν,
2587 2855 2943 2928 ἀλκιμωτάτη
2998 2854 3341 2925 γεγενημένη
3393 2852 3535 2907 κατὰ
3578 2853 3758 2923 πάσης

2179 2947 2273 3000 καὶ
2308 2947 2473 3017 νήσου
2505 2945 2600 3000 καί
2634 2946 2842 3008 πόλεως
2876 2946 3011 3017 πρὸς
3045 2948 3110 3017 τῇ
3144 2944 3385 3016 Θαλάσσῃ
3408 2943 3691 3014 κειμένης,
3723 2941 3759 3010 ἡ

2180 3038 2275 3089 καὶ⁵
2307 3037 2597 3098 πλείστους
2633 3035 2982 3109 παροξύνασα
3015 3036 3273 3105 βασιλεῖς.
3308 3034 3466 3105 Δεινὴ
3507 3033 3634 3105 γὰρ,
3682 3032 3758 3097 ὡς

2181 3129 2340 3200 ἔφην,
2367 3128 2509 3183 κατά
2539 3130 2601 3182 τὸ
2634 3130 2858 3201 ἀρχαῖον
2895 3130 2927 3200 ἡ
2971 3129 3145 3199 Τύρος
3191 3130 3284 3182 καὶ
3335 3130 3446 3191 τοῖς
3491 3125 3763 3182 ἀπωτάτω

2184 3223 2276 3275 καὶ
2302 3223 2538 3289 γείτοσιν
2568 3223 2661 3275 καί
2689 3223 2801 3286 τοῖς
2832 3221 3001 3275 ἐθνῶν
3037 3221 3379 3291 ἡγουμένοις.

2266 3314 2420 3367 Ἀλλ’
2455 3316 2488 3366 ό
2508 3311 2627 3365 τῶν
2656 3310 2969 3380 δυνάμεων
3017 3312 3233 3380 Κύριος
3260 3308 3600 3365 ἐνετείλατο
3628 3306 3763 3378 περί

2181 3405 2425 3460 Χαναὰν
2472 3403 2650 3475 (τοῦτ’
2679 3403 2816 3469 ἔστι,
2851 3403 2983 3475 περὶ
3013 3403 3114 3470 τῆς
3146 3403 3251 3472 γῆς
3273 3402 3381 3455 τῶν
3407 3401 3762 3474 ἀλλοφύλων),

2185 3496 2344 3551 ὥστε
2368 3496 2669 3550 ἀπολέσαι
2693 3495 2882 3563 αὐτῆς
2911 3495 3025 3563 τὴν
3054 3495 3254 3563 ἰσχύν.

2266 3589 2654 3659 Ἐπενήνεκται
2676 3586 2785 3659 γὰρ
2811 3586 2881 3639 τὰ
2906 3586 2970 3639 ἐκ
2991 3585 3084 3639 τοῦ
3108 3585 3349 3656 πολέμου
3380 3584 3525 3638 κακὰ
3547 3582 3633 3638 διὰ
3662 3581 3764 3652 τῆς

2195 3679 2500 3749 ’Λσσυρίων
2529 3679 2833 3749 ὠμότητος,
2862 3679 2984 3748 οὐχὶ
3024 3677 3089 3748 δὴ
3118 3676 3253 3748 μόνῃ
3288 3679 3354 3747 τῇ
3386 3673 3546 3746 Τύρῳ
3576 3673 3760 3737 ποθὲν,

2184 3771 2321 3826 ἀλλὰ
2371 3771 2480 3842 γὰρ
2527 3769 2620 3825 καὶ
2649 3770 2852 3841 ἑτέροις
2881 3770 2990 3825 τῶν
3021 3768 3208 3832 ἐθνῶν,
3242 3764 3561 3831 Μωαϐίταις
3582 3784 3640 3819 τε
3672 3766 3766 3819 καὶ

2198 3863 2542 3934 Ἰδουμαίοις,
2585 3862 2681 3917 καὶ
2720 3860 2900 3926 ἄλλοις
2942 3862 3075 3915 τισί.
3112 3858 3422 3932 Συλλήϐδην
3468 3859 3523 3912 δὲ
3567 3857 3765 3920 πάντες

2184 3950 2480 4008 Χαναναῖοι
2526 3952 2987 4024 κατονομάζονται
3025 3950 3134 4005 τῶν
3171 3947 3404 4004 εἰδώλων
3435 3951 3484 4004 οἰ
3522 3967 3764 4021 προσκυ-

2185 4045 2364 4117 νηταὶ,
2394 4044 2487 4099 καί
2510 4044 2610 4098 ούκ
2640 4043 2699 4111 ἐξ
2727 4040 2957 4116 αἵματος
2980 4042 3132 4107 ὄντες
3165 4041 3260 4096 τοῦ
3305 4042 3365 4107 ἐξ
3403 4042 3639 4113 Ἰσραὴλ,
3673 4043 3766 4095 καὶ

2186 4134 2318 4204 γοῦν
2346 4134 2650 4201 όνειδιζέτω
2678 4155 2760 4200 τις
2783 4135 3018 4204 ἀκούων,
3049 4136 3272 4207 σπέρμα
3300 4137 3520 4191 Χαναὰν
3552 4135 3643 4189 καὶ
3669 4135 3768 4189 οὐκ

2200 4225 2390 4280 Ἰούδα.
2419 4224 2588 4279 Ὅταν
2617 4226 2817 4289 τοίνυν,
2851 4224 3007 4295 φησὶ,
3040 4226 3108 4281 τὰ
3134 4227 3198 4279 ὲκ
3224 4224 3318 4279 τοῦ
3341 4224 3575 4296 πολέμου
3593 4224 3764 4295 βλάϐη

2189 4315 2332 4370 κατά
2376 4316 2595 4371 πάντων
2645 4316 2810 4387 ὁμόσε
2845 4318 3070 4391 χωρήσῃ
3112 4315 3222 4370 τῶν
3268 4314 3606 4379 Χαναναίων,
3644 4315 3764 4369 τότε

2189 4404 2296 4458 τῶν
2322 4406 2744 4476 συμϐεϐηκότων
2778 4408 2958 4470 αὐτοῖς
2984 4407 3081 4471 τὰς
3107 4408 3287 4471 αἰτίας
3328 4406 3471 4470 τινὲς
3517 4405 3764 4468 συνέντες

521 4523 660 4592 gatis
686 4523 915 4592 amplius
941 4532 1138 4576 vexare
1173 4526 1225 4574 et
1264 4518 1456 4589 injuria
1492 4517 1710 4573 afficere
1738 4515 1902 4570 tiliam
1929 4514 2078 4568 Sion.

2184 4492 2429 4568 ἐροῦσινο
2478 4498 2675 4551 Οὐκέτι
2733 4499 2808 4568 μὴ
2883 4497 3154 4570 προσθῆτε
3212 4496 3306 4551 τοῦ
3361 4496 3607 4568 ὑϐρίζειν
3672 4497 3765 4547 καὶ

524 4615 669 4669 Dixit
700 4615 843 4669 enim
874 4628 968 4668 eos
996 4612 1192 4683 probra
1236 4610 1431 4680 iecisse
1461 4611 1513 4664 in
1543 4608 1802 4674 Judazam,
1831 4618 1884 4662 et
1926 4608 2094 4664 Israe-

522 4706 647 4760 litas
691 4703 891 4759 derisui
937 4702 1193 4758 habuisse
1240 4714 1300 4754 ut
1354 4711 1577 4770 captos,
1614 4709 1667 4753 et
1726 4709 1787 4752 ut
1842 4697 2092 4752 miserant

525 4795 832 4867 exagitasse
853 4791 1156 4850 Jerusalem
1193 4803 1246 4848 et
1275 4792 1427 4857 Sion,
1465 4807 1570 4846 non
1596 4792 1753 4861 qttasi
1785 4793 2092 4858 despectant

527 4906 555 4940 a
595 4886 706 4943 Deo
750 4892 1137 4941 conservatore
1164 4924 1181 4951 ,
1211 4884 1304 4939 sed
1339 4884 1492 4953 quasi
1534 4885 1586 4937 in
1630 4883 1997 4951 captivitatem
2040 4891 2094 4936 et

528 4979 873 5036 alﬂictionem
928 4979 1289 5043 decidentem,
1324 4978 1396 5031 ob
1441 4978 1488 5030 id
1529 4977 1670 5046 quod
1724 4977 1884 5037 Deus,
1933 4989 2090 5043 quem

530 5072 799 5136 colebant,
833 5070 918 5126 cui
966 5071 1259 5125 secundum
1298 5069 1467 5137 legem
1504 5068 1704 5123 cultum
1744 5067 2091 5131 exhibebant,

527 5166 701 5217 victus
732 5162 922 5217 fuisset
945 5170 998 5215 et
1031 5159 1359 5215 debilitatus.

600 5315 765 5371 Vrsas.
806 5316 893 5371 13.
927 5315 994 5370 Et
1036 5316 1083 5370 si
1110 5315 1311 5369 abieris
1350 5315 1418 5366 ad
1468 5317 1743 5379 Citienses,
1794 5333 1952 5386 neque
1998 5318 2095 5369 erit

529 5408 624 5462 tibi
648 5408 758 5461 illic
797 5410 1018 5477 requies,
1069 5418 1115 5462 et
1159 5410 1215 5461 in
1264 5416 1459 5461 terram
1490 5405 1879 5475 Chatdmarum,
1915 5419 1962 5464 et
2002 5408 2095 5460 an

530 5507 736 5553 vastata
765 5509 838 5551 est
867 5500 930 5551 ab
955 5499 1206 5566 Asmriis,
1235 5514 1415 5553 murus
1446 5499 1561 5567 ejus
1603 5501 1809 5553 cecidit.

606 5762 647 5793 "‘
686 5759 787 5814 lsa.
818 5776 925 5829 xw,
952 5760 1041 5813 9.7.

2199 4588 2405 4642 ἀδικεῖν
2446 4589 2547 4659 τὴν
2603 4587 2878 4661 θυγατέρα
2918 4589 3077 4643 Σιών.
3122 4590 3301 4659 Ἐςρην
3360 4588 3466 4658 γὰρ
3514 4589 3593 4641 ὅτι
3635 4604 3767 4638 κατ-

2190 4678 2460 4743 ωνείδιζον
2480 4677 2583 4749 τὴν
2612 4681 2877 4741 Ιουδαίαν,
2902 4682 2995 4734 καὶ
3010 4681 3317 4750 κατεγέλων
3340 4679 3444 4733 τῶν
3467 4680 3526 4742 ἐξ
3558 4676 3767 4748 Ἰσραὴλ

2188 4769 2264 4833 ὡς
2292 4771 2628 4834 ἑαλωκότων,
2660 4771 2972 4836 ὲταλάνιζόν
3001 4790 3062 4825 τε
3100 4772 3200 4843 τὴν
3242 4770 3615 4843 Ἰερουσαλὴμ,
3653 4769 3768 4838 ἢτοι

2188 4859 2287 4930 τὴν
2326 4859 2466 4914 Σιὼν
2498 4863 2598 4931 οὐχ
2626 4864 2701 4927 ὡς
2732 4865 3170 4935 παρεωραμένην
3209 4862 3411 4935 μᾶλλον
3455 4862 3608 4934 παρά
3634 4855 3769 4914 Θεοῦ

2187 4952 2280 5004 τοῦ
2307 4951 2586 5020 σώζοντος,
2618 4955 2733 5009 ἀλλ’
2786 4955 2861 5019 ὼς
2909 4956 2998 5009 διὰ
3047 4955 3209 5008 τοῦτο
3265 4954 3539 5008 πεσοῦσαν
3595 4954 3672 5015 εἰς
3711 4949 3771 5003 τὸ

2189 5045 2389 5099 ἀλῶναι
2447 5046 2539 5099 καὶ
2583 5046 2794 5114 παθεῖν,
2841 5049 2921 5101 ὅτι
2965 5048 3242 5117 νενίκηται
3283 5046 3376 5099 καὶ
3426 5043 3694 5116 ἠσθένησε
3743 5044 3772 5095 ὁ

2190 5139 2321 5207 παρ’
2379 5139 2561 5200 αὐτοῖς
2619 5140 2932 5211 τιμώμενος
2983 5141 3136 5205 Θεὸς,
3182 5131 3226 5209 ᾧ
3273 5138 3372 5200 τὰς
3424 5137 3563 5192 κατά
3611 5136 3771 5205 νόμον

2192 5228 2450 5299 λατρείας
2479 5231 2715 5286 ἐτέλουν.

2263 5320 2374 5374 Καὶ
2421 5321 2528 5375 ἐὰν
2574 5323 2848 5393 ἀπέλθῃς
2897 5326 2981 5389 εἰς
3039 5322 3276 5389 Κιτιεῖς,
3325 5319 3468 5375 οὐδὲ
3514 5316 3639 5373 ἐκεῖ
3677 5332 3771 5370 σοι

2197 5410 2543 5479 ἀνάπαυσις
2588 5412 2780 5467 ἔσται’
2817 5414 2915 5468 καὶ
2962 5417 3048 5480 εὶς
3107 5413 3221 5485 γῆν
3280 5411 3610 5473 Χαλδαίων,
3674 5405 3771 5459 καί

2200 5502 2352 5570 αὐτὴ
2400 5503 2711 5574 ἠρήμωται
2762 5505 2879 5560 ἀπὸ
2939 5504 3057 5559 τῶν
3116 5505 3460 5572 Ἀσσυρίων,
3508 5505 3539 5556 ό
3576 5500 3773 5568 τοῖχος

2202 5592 2392 5663 αὐτῆς
2416 5594 2739 5650 πέπτωκεν.
