4148 6374
426 348 531 407 5‘29

1559 355 1627 412 IN
1660 356 1895 412 ISAIAM
1938 356 2067 412 LIB.
2106 356 2172 412 ll.
2213 356 2449 416 TOMUS
2488 361 2553 414 ν.

3592 368 3697 424 550

496 464 635 519 Θεοῦ
669 464 1086 530 συνελαύνοντος
1128 467 1207 530 εἰς
1233 466 1463 538 ἱδρῶτας
1502 470 1599 524 καὶ
1626 471 1843 534 πόνους,
1876 470 1992 534 τίςι

2190 471 2299 526 Deo
2351 472 2417 526 ad
2470 472 2725 527 sudorem
2784 482 2839 527 et
2895 473 3134 531 laborem
3187 475 3519 545 impeliente,
3571 484 3697 550 quis

427 558 705 629 ἐπαμῦναι
729 558 1066 628 δυνάμενος;
1102 558 1215 629 Τῆς
1240 559 1570 624 πανσθενοῦς
1619 560 1800 626 δεξιᾶς
1849 561 2008 614 πολε-

426 655 656 721 μούσης,
695 650 777 713 τίς
823 650 941 703 ἐστι
973 649 1226 714 τοσοῦτος
1253 649 1312 714 ὃς
1337 650 1438 721 τῆς
1463 651 1767 724 ἀνηκέστου
1808 670 2010 723 συμφο⁸

427 746 525 814 ρᾶς
570 744 833 811 ἑξελεῖται
890 746 1019 807 τοὺς
1069 744 1412 814 κάμνοντας;
1478 746 1649 809 οὐδεὶς
1704 746 2002 809 παντελῶς.

424 837 659 890 Ἕπεται
692 836 802 909 γὰρ
823 839 933 901 τοῖς
965 836 1131 902 θείοις
1161 836 1329 891 αὑτοῦ
1362 838 1593 908 νεύμασι
1611 840 1719 892 τῶν
1748 841 2007 911 πραγμά-

418 933 587 1000 τωνή
626 930 806 999 φύσις,
860 930 955 984 καὶ
1006 930 1143 1001 ὅπερ
1192 930 1258 983 ἂν
1298 930 1474 985 ἐθέλει
1524 930 1799 1000 γενέσθαι,
1848 930 2005 984 τοῦτο

419 1023 598 1092 πάντη
650 1040 707 1075 τε
740 1023 833 1076 καὶ
904 1022 1124 1087 πάντως
1178 1023 1626 1093 ἀποπεραίνεται.
1655 1024 1752 1075 Ἂν
1792 1022 1997 1087 τοίνυν,

420 1114 577 1183 φησὶ,
613 1116 832 1185 μακρᾶς
863 1113 1103 1185 ἀπέλθῃς
1129 1114 1458 1185 ἀποδημίας,
1493 1112 1632 1167 ὥστε
1665 1115 1759 1168 καί
1789 1116 1867 1178 εἰς
1898 1116 1998 1167 Κι-

416 1206 551 1267 τιεῖς
586 1203 1033 1276 παραγενέσθαι·
1078 1205 1209 1273 φασὶ
1238 1204 1345 1275 γὰρ
1378 1205 1532 1257 πόλιν
1559 1200 1831 1257 εἶναιτῶν
1864 1205 2003 1259 κατά

414 1299 514 1370 τὴν
555 1301 778 1373 Κύπρον
813 1302 942 1371 μίαν
964 1319 977 1331 ·
1004 1302 1051 1355 οἱ
1087 1301 1143 1353 δὲ
1174 1303 1404 1363 Κιτιεῖς,
1432 1299 1605 1370 αὐτὴν
1626 1297 1765 1352 εἶναι
1795 1299 2002 1369 διισχυ-

416 1392 660 1461 ρίζονται
703 1394 803 1462 τὴν
851 1393 1208 1465 Καρχηδόνα·
1262 1392 1383 1447 οὐδὲ
1427 1394 1544 1446 ἐκεῖ
1575 1410 1656 1445 σοι
1693 1394 2001 1457 ἀνάπαυσις

412 1481 605 1546 ἔσται,
634 1483 779 1538 τοῦτ’
819 1484 956 1547 ἔστι,
1007 1484 1236 1555 πόλεμοί
1289 1500 1369 1549 σε,
1407 1485 1503 1537 καὶ
1549 1485 1577 1537 6
1626 1482 1721 1536 τοῦ
1767 1483 1997 1537 θανάτου

414 1577 598 1643 φόϐος.
636 1578 731 1631 καὶ
760 1580 809 1632 οί
839 1580 968 1651 περὶ
1005 1579 1098 1632 τοῦ
1129 1578 1363 1633 θανάτου
1400 1578 1693 1649 εὑρήσουσι
1738 1577 1995 1632 κίνδυνοι.

425 1666 587 1719 Ἀλλὰ
623 1668 726 1722 κᾶν
776 1669 1121 1739 αἰχμάλωτος
1172 1668 1466 1739 γενόμενος
1516 1668 1845 1731 καταλάϐοις
1898 1667 1997 1740 τὴν

411 1759 715 1821 Χαλδαίων.
752 1761 873 1814 οὐδὲ
898 1761 1074 1825 οὕτως
1121 1761 1381 1835 πεπαύσῃ
1418 1761 1512 1817 τοῦ
1560 1762 1997 1831 καταλγύνεσθαι

2112 562 2369 617 auxiliari
2398 564 2642 634 poterit?
2669 564 2735 619 Et
2783 566 2829 621 si
2858 566 3201 635 omnipotens
3229 566 3451 623 dextera
3490 569 3689 628 bellum

2109 653 2269 723 gerit,
2308 654 2557 721 quisnam
2597 655 2643 708 is
2681 662 2787 720 est,
2816 654 2908 723 qui
2943 656 3009 708 ab
3050 654 3338 708 insanabili
3376 655 3691 712 calamitate

2108 745 2306 817 eripiet
2354 746 2706 801 laborantes?
2750 746 2919 800 Nemo
2960 761 3202 815 prorsus.
3256 744 3516 815 Sequitur
3543 748 3688 803 enim

2107 836 2317 890 divinos
2360 836 2477 904 ejus
2522 846 2683 897 nutus
2726 853 2906 892 rerum
2969 846 3195 901 natura,
3265 848 3319 892 et
3371 838 3513 906 quod
3570 838 3685 892 ﬁeri

2107 927 2254 991 velit,
2286 926 2450 1000 332
2479 928 2583 983 hoc
2609 944 2823 1000 semper
2844 937 2899 983 et
2928 928 3149 982 omnino
3177 928 3409 997 perlicit.
3438 927 3495 981 Si
3521 927 3687 1000 igitur

2105 1021 2454 1091 longinquam
2496 1022 2798 1077 conleceris
2838 1020 3253 1089 profectionem,
3294 1032 3352 1075 ut
3405 1021 3568 1075 etiam
3618 1023 3685 1077 ad

2106 1109 2375 1165 Citienses
2451 1110 2743 1180 pervenias
2794 1111 2969 1178 (aiunt
3030 1112 3173 1163 enim
3241 1112 3430 1165 urbem
3470 1126 3591 1167 esse
3629 1114 3683 1167 in

2105 1200 2304 1271 Cypro,
2361 1200 2629 1257 Citienses
2665 1218 2795 1257 vero
2835 1218 2954 1255 eam
3003 1217 3124 1255 esse
3171 1204 3505 1257 contendunt
3542 1204 3680 1257 Car-

2106 1292 2427 1363 thaginem),
2476 1308 2545 1348 ne
2581 1292 2650 1347 ibi
2692 1293 2909 1362 quidem
2953 1292 3049 1345 tibi
3091 1296 3307 1365 requies
3341 1296 3467 1359 erit,
3493 1295 3545 1349 id
3576 1307 3683 1361 est,

2102 1386 2285 1439 hostes
2310 1393 2360 1439 te
2388 1395 2442 1443 et
2465 1383 2695 1439 formido
2716 1385 2921 1449 mortis,
2945 1398 2999 1439 et
3019 1397 3259 1439 extrema
3280 1389 3685 1459 apprehendent

2100 1478 2360 1546 pericula.
2418 1479 2532 1534 lmo
2568 1481 2783 1534 etiamsi
2833 1480 3083 1549 captivus
3140 1480 3318 1535 factus
3366 1481 3678 1536 Chaldzeatu

2100 1583 2353 1638 occupes,
2389 1585 2491 1624 nec
2512 1570 2591 1625 sic
2622 1585 2650 1623 a
2694 1571 2879 1625 dolore
2918 1573 3245 1641 requiesces.
3288 1588 3389 1627 nec
3442 1573 3535 1627 tibi
3578 1575 3682 1628 erit

2103 1664 2411 1733 respiratio.
2445 1664 2547 1733 Qui
2586 1667 2636 1723 id
2686 1666 2767 1720 vel
2816 1682 2923 1736 quo
2962 1670 3159 1741 pacto?
3197 1668 3291 1723 Est
3324 1669 3469 1723 enim
3505 1679 3559 1727 et
3590 1669 3678 1723 illa

2101 1764 2336 1822 vastata,
2364 1757 2823 1827 depopulantibus
2851 1775 2970 1817 eam
3007 1759 3188 1814 Persis
3218 1770 3271 1814 et
3315 1759 3505 1825 Medis,
3538 1760 3679 1831 Cyro

410 1852 538 1905 δεῖν.
569 1854 645 1906 Ού
678 1852 788 1925 γάρ
815 1853 968 1908 ἔσται
1002 1872 1082 1908 σοι
1117 1854 1447 1919 ἀνάπαυσις,
1481 1855 1599 1920 πῶς
1642 1856 1674 1927 ἢ
1706 1855 1823 1910 τίνα
1864 1858 1992 1929 τρό-

2102 1846 2355 1901 nimirum
2387 1859 2758 1919 oppugnante,
2787 1849 3006 1919 quando
3036 1851 3199 1905 etiam
3247 1851 3448 1911 cecidit
3486 1866 3673 1915 murus

409 1960 531 1996 πον·
569 1944 860 2016 ἠρήμωται
904 1943 1013 2016 γὰρ
1057 1945 1151 1998 καὶ
1188 1945 1329 2018 αὑτὴ
1372 1946 1787 2019 καταδῃούντων
1830 1946 1999 2018 αὐτὴν

410 2036 636 2107 Περσῶν
660 2054 720 2090 τε
738 2038 831 2091 καὶ
860 2038 1184 2107 Ἀσσυρίων,
1218 2037 1404 2110 Κύρου
1424 2038 1668 2109 δηλονότι
1695 2057 1999 2111 καταστρα-

407 2128 679 2193 τεύοντος,
703 2130 794 2183 ὅτε
842 2129 934 2183 καὶ
962 2130 1256 2183 πέπτωκεν
1286 2132 1314 2183 6
1350 2132 1530 2201 τοῖχος
1567 2130 1759 2200 αὐτῆς.
1803 2132 1994 2201 Τοῖχον

406 2220 462 2274 δὲ
494 2217 647 2291 οἶμαι
681 2222 780 2292 τῆς
810 2222 1096 2276 Χαλδαίων
1122 2222 1249 2292 γῆς,
1278 2222 1310 2293 ἦ
1345 2221 1440 2275 τὸν
1479 2222 1856 2292 προεστηκότα
1898 2224 1993 2275 καὶ

405 2312 496 2365 τὸν
522 2312 876 2381 βασιλεύοντα
910 2313 1098 2384 φησὶν,
1142 2314 1175 2385 ἢ
1206 2315 1299 2366 καὶ
1337 2314 1470 2366 αὐτὸ
1499 2313 1561 2366 τὸ
1597 2317 1796 2385 τεῖχος,
1832 2317 1918 2385 ἐφ’
1945 2308 1989 2383 ᾧ

408 2404 642 2473 μάλιστα
696 2405 1102 2476 τεθαρσηκότες
1161 2404 1509 2477 προσεδόκων
1557 2407 1605 2458 οί
1655 2405 1989 2459 Βαϐυλώνιοι

406 2496 688 2548 πείσεσθαι
720 2496 817 2567 μὲν
842 2495 951 2548 τῶν
987 2496 1229 2568 ἀνιαρῶν
1262 2496 1435 2561 οὐδὲν,
1456 2496 1741 2568 ἄπρακτον
1780 2496 1836 2549 δὲ
1878 2501 1991 2561 τοῖς

403 2586 730 2659 πολεμοῦσιν
786 2589 968 2652 αὐτοῖς
1034 2589 1288 2657 γενέσθαι
1360 2588 1461 2658 τὴν
1532 2589 1737 2658 ἔφοδον.
1816 2590 1992 2642 Κατε-

403 2680 668 2734 σκεύαστο
696 2680 804 2751 γάρ
827 2680 997 2744 οὕτως
1029 2682 1101 2745 ὡς,
1142 2682 1236 2735 καὶ
1263 2682 1489 2751 ἁμαξῶν
1528 2681 1809 2753 παραλλάξ
1831 2683 1986 2752 ἐρχο-

2096 1942 2237 2010 ejus.
2270 1942 2480 1997 Murum
2515 1952 2721 2009 autem,
2754 1945 2970 2013 opinor,
2999 1955 3155 2000 vocat
3182 1945 3264 1999 vel
3298 1944 3675 2001 Clialdzeorum

2096 2034 2377 2102 praesidem
2408 2046 2462 2089 et
2492 2049 2693 2109 regem,
2735 2035 2819 2091 vel
2871 2035 3046 2103 ipsum
3091 2051 3328 2102 murum,
3362 2037 3448 2089 cui
3502 2035 3674 2091 innixi

2092 2126 2377 2197 Babylonii
2404 2128 2540 2183 nihil
2581 2128 2795 2187 adversi
2828 2129 3125 2195 sperabant
3168 2145 3230 2185 se
3268 2143 3545 2200 passuros,
3582 2130 3676 2184 sed

2092 2221 2326 2275 hostium
2351 2220 2607 2289 impetum
2636 2219 2754 2276 fore
2794 2220 3037 2281 irritum.
3070 2221 3161 2277 Sic
3195 2221 3340 2275 enim
3367 2228 3677 2275 exstructus

2094 2323 2234 2377 erat,
2281 2324 2335 2368 ut
2386 2314 2601 2373 etiamsi
2651 2313 2890 2382 plaustra
2944 2314 3255 2373 alternatim
3295 2316 3674 2375 succederent,

2095 2406 2177 2459 via
2219 2408 2271 2458 in
2303 2419 2369 2458 eo
2413 2405 2521 2459 lata
2571 2420 2634 2458 ac
2675 2404 2914 2473 spatiosa
2953 2406 3385 2474 conspiceretur.
3434 2404 3504 2458 Et
3547 2389 3675 2459 hinc

2093 2511 2225 2550 voce
2272 2494 2522 2551 Ieremia:
2567 2496 2700 2553 dicit
2755 2498 3134 2551 universorum
3189 2498 3471 2559 Dominus,
3520 2510 3672 2562 spent

2097 2590 2235 2645 hanc
2275 2589 2691 2660 Babyloniorum
2736 2590 3070 2649 labeiaciens
3102 2609 3116 2645 :
3162 2609 3182 2643 ι
3219 2591 3403 2645 Murus
3437 2588 3672 2661 Babylo-

2095 2684 2178 2736 nis
2212 2681 2472 2739 dilatatus
2495 2694 2598 2750 est,
2632 2682 2895 2740 suil‘ussus
2926 2684 3244 2743 suﬂ'odietur
3269 2684 3331 2736 “.
3367 2704 3385 2737 ι

403 2773 601 2842 μένων.
631 2773 748 2825 ὁδὸν
776 2774 834 2825 ὲν
874 2772 1023 2843 αὐτῷ
1067 2773 1327 2828 πλατεῖαν
1372 2775 1628 2845 ὁρᾶσθαι.
1684 2775 1794 2828 Καὶ
1849 2775 1978 2842 γοῦν
2014 2772 2104 2827 διὰ
2130 2775 2314 2845 φωνῆς
2358 2775 2622 2847 Ἱερεμίου
2662 2777 2825 2847 φησὶν
2888 2778 2916 2830 6
2986 2775 3093 2831 τῶν
3117 2776 3254 2830 ὅλων
3282 2775 3432 2843 Θεὸς,
3459 2774 3556 2847 τὴν
3585 2775 3672 2827 ἐπ’

400 2866 549 2937 αὐτῷ
579 2867 642 2938 δὴ
677 2866 853 2937 τούτῳ
882 2868 1187 2922 κατασείων
1252 2869 1442 2922 ἐλπίδα
1467 2870 1576 2922 τῶν
1620 2868 2011 2923 Βαϐυλωνίων·
2061 2888 2080 2922 ι
2145 2869 2333 2939 Τεῖχος
2390 2869 2712 2934 Βαϐυλῶνος
2766 2869 3097 2940 ὲπλατύνθη,
3152 2868 3675 2939 κατασκαπτόμενον

400 2963 902 3031 κατασκαφήσεται.
925 2977 946 3011 ι

486 3049 771 3119 vitifera,
822 3048 1004 3105 πλοῖα
1051 3050 1459 3119 Καρχηδόνος,
1489 3050 1581 3106 ὅτι
1624 3051 1897 3106 ἀπώλετο
1922 3052 1984 3105 τὸ

2164 3048 2331 3107 Vens.
2357 3050 2442 3109 14.
2480 3049 2713 3115 Ululate,
2738 3053 2944 3122 nauigia
2978 3050 3341 3122 Carthaginis,
3363 3054 3489 3122 quia
3518 3056 3670 3124 periit

401 3143 679 3212 ὀχύρωμα
708 3141 887 3212 ὑμῶν.
1164 3208 1167 3211 _

484 3234 607 3306 ᾨδὴ
640 3235 735 3288 καὶ
759 3235 954 3306 θρῆνος
996 3237 1026 3288 6
1074 3236 1133 3289 ὲν
1168 3237 1311 3308 ἀρχῇ
1344 3237 1443 3305 τῆς
1474 3237 1721 3307 ὁράσεως
1746 3236 1987 3291 τέθειται

398 3326 486 3380 διά
518 3326 685 3396 μέσου
709 3328 944 3399 πρέπειν
968 3329 1049 3383 ὅτι
1075 3329 1312 3400 μάλιστα
1340 3331 1405 3399 τῇ
1424 3329 1587 3400 Τύρῳ
1607 3329 1707 3394 τὰς
1732 3329 1988 3393 τοιαύτας

398 3419 551 3488 παρα
581 3418 800 3472 πάντων
830 3418 1084 3487 λέγεσθαι
1114 3421 1317 3487 φωνὰς,
1359 3420 1835 3491 διαϐεϐαιούμενος
1870 3421 1988 3492 τρόσ

401 3529 499 3568 πον
539 3510 660 3565 τινὰ
700 3511 798 3581 τῆς
833 3513 1171 3584 προφητείας
1208 3514 1237 3565 6
1264 3512 1443 3581 λόγος.
1503 3512 1802 3578 Ὀλολύζειν
1830 3512 1887 3566 δὲ
1918 3513 1984 3566 τὰ

400 3606 464 3657 ἐκ
494 3603 838 3675 Καρχηδόνος
871 3604 1049 3668 πλοῖα,
1094 3604 1183 3659 διά
1221 3623 1302 3658 τοι
1330 3604 1392 3657 τὸ
1426 3603 1722 3658 ἀπολέσθαι
1766 3604 1828 3656 τὸ
1857 3602 1983 3673 ὀχύ-

401 3713 561 3768 μομα
614 3694 817 3761 αὐτῶν,
862 3695 1007 3749 τοῦτ’
1064 3696 1201 3761 ἐστι,
1244 3697 1345 3768 τὴν
1390 3695 1586 3767 Τύρον.
1632 3696 1744 3749 Καὶ
1796 3697 1829 3766 ή
1889 3694 1983 3749 τοῦ

400 3789 723 3859 πράγματος
752 3788 978 3860 ἀφορμὴ
1015 3789 1103 3845 διά
1130 3788 1239 3843 τῶν
1268 3789 1369 3861 ήδη
1400 3788 1808 3860 παρῳχηκότων
1842 3786 1986 3859 εἴρηο

398 3895 489 3932 ται
516 3895 725 3946 σαφως.

469 3972 578 4029 Καὶ
609 3974 783 4028 ἔσται
811 3974 881 4028 ἐν
912 3970 988 4041 τῇ
1014 3971 1204 4041 ἡμέρᾳ
1229 3970 1433 4038 ἐκείνῃ
1459 3970 1984 4038 καταληφθήσεται

404 4067 588 4135 Τύρος
618 4068 721 4134 ἐτη
751 4063 1180 4131 ἐϐδομήκοντα,
1201 4063 1281 4129 ὥς
1311 4064 1530 4133 χρόνος
1554 4062 1882 4128 βασιλέως.
1903 4063 1983 4129 ὡς

397 4159 617 4226 χρόνος
646 4156 987 4226 ἀνθρώπου.

481 4247 855 4312 Ἐπετώθαξεν
910 4247 1093 4310 αὐτοῖς
1152 4244 1545 4315 Ἰεροσολύμοις
1587 4248 1619 4317 ἡ
1666 4246 1860 4317 Τύρος,
1907 4246 1983 4310 ὡς

397 4337 859 4409 πεπορθημένοις,
906 4338 1000 4391 καὶ
1028 4339 1126 4403 τὰς
1165 4337 1261 4390 τοῦ
1296 4337 1489 4391 παθεῖν
1518 4338 1716 4402 αἰτίας,
1766 4337 1828 4389 ού
1860 4340 1981 4401 ταῖς

408 4428 678 4482 Ἰουδαίων
733 4427 933 4498 μᾶλλον
979 4425 1221 4481 ἀνετίθει
1270 4426 1584 4498 ῥᾳθυμίαις,
1620 4428 1696 4491 ὡς
1742 4445 1982 4498 προσκε-
2013 4410 2059 4465 υ

398 4518 710 4587 κρουκότων
740 4517 861 4588 Θεῷ
885 4516 972 4572 διά
994 4518 1093 4587 τῆς
1119 4517 1200 4581 εἰς
1231 4516 1323 4570 τὸν
1366 4516 1550 4587 νόμον,
1594 4519 1689 4571 καὶ
1723 4519 1783 4571 τὸ
1836 4518 1987 4590 αὐτῷ

394 4610 585 4663 δοκοῦν
635 4611 959 4680 παροινίας·
1024 4608 1160 4663 ἀλλά
1205 4609 1316 4681 γὰρ
1367 4609 1517 4681 ᾠήθη
1558 4610 1632 4681 μὴ
1669 4611 1987 4681 δεδυνῆσθαι

398 4702 595 4767 σώζειν
633 4703 832 4765 αὐτοὺς
871 4702 964 4755 τὸν
1007 4701 1406 4773 προεστηκότα,
1440 4700 1584 4756 τοῦτ’
1616 4702 1753 4767 ἔστι,
1786 4703 1846 4756 τὸ
1877 4704 1985 4757 τῶν

398 4792 538 4845 ὅλων
576 4790 731 4845 Θεόν.
783 4790 936 4844 ’Ἡλω
964 4791 1057 4845 καὶ
1084 4790 1225 4862 αὑτὴ
1257 4790 1550 4863 τοιγαροῦν
1582 4792 1784 4864 ταύτης
1824 4793 1987 4848 ἕνεκα

394 4886 493 4955 τῆς
552 4885 753 4950 αἰτίας,
813 4885 1085 4955 ἰσόχρονον
1131 4882 1188 4935 δὲ
1240 4886 1307 4954 τῇ
1363 4883 1709 4956 αἰχμαλωσίᾳ
1770 4886 1878 4938 τῶν
1921 4886 1982 4952 ἐξ

409 4979 627 5048 Ἰσραὴλ
660 4979 920 5048 ὑπέμεινε
946 4977 1046 5049 τὴν
1072 4978 1372 5047 ἐρήμωσιν.
1414 4978 1550 5048 Ἐτη
1590 4976 1699 5048 γάρ
1748 4978 1979 5049 ἑϐδομή-

396 5086 563 5123 κοντα
583 5069 987 5123 διατετελέκασι
1006 5068 1155 5139 παρά
1171 5069 1283 5130 τοῖς
1300 5066 1607 5132 Χαλδαίοις,
1630 5068 1721 5120 τὸν
1740 5067 1801 5120 δυ
1810 5068 1983 5139 σαχθῆ

395 5164 495 5233 τῆς
536 5161 780 5225 δουλείας
826 5163 1043 5232 ἔχοντες
1086 5160 1267 5229 ζυγόν.
1316 5159 1539 5231 Ἐκείνῳ
1577 5160 1867 5231 τοιγαροῦν
1910 5161 1986 5229 τῷ

397 5250 578 5321 καιρῷ
608 5250 1125 5320 καταλειφθήσεται,
1165 5249 1309 5303 τοῦτ’
1342 5249 1510 5312 ἔστιν,
1567 5250 1985 5320 ἐρημωθήσεται

400 5343 577 5414 Τύρος
610 5345 879 5415 ἀπομενεῖ
914 5344 971 5397 δὲ
1008 5343 1317 5412 κένανδρος,
1360 5342 1454 5395 καὶ
1495 5342 1575 5405 είς
1619 5341 1777 5394 τοῦτο
1808 5360 1985 5412 παρα-

397 5438 541 5489 τενεί
578 5436 772 5506 χρόνου
815 5436 991 5507 μῆκος
1039 5435 1177 5489 ὥστε
1219 5436 1314 5489 καὶ
1374 5434 1549 5487 δοκεῖν
1600 5433 1788 5503 χρόνον
1837 5430 1977 5486 εἶναι

399 5525 544 5596 ζωῆς
581 5528 896 5599 ἀνθρώπου,
934 5529 1100 5598 ἠγουν
1129 5527 1426 5597 βασιλείας,
1474 5527 1621 5580 τοῦτ’
1648 5527 1815 5588 ἔστιν,
1859 5526 1979 5590 ἔτος

400 5620 825 5691 ἑϐἂομηκοστὸν,
860 5622 1001 5674 καθά
1033 5622 1127 5676 καὶ
1164 5622 1192 5673 6
1240 5621 1507 5693 μακάριος
1551 5619 1741 5689 ψάλλει
1782 5618 1975 5672 Δαϐίδ·

476 5798 520 5831 ⁸⁸
556 5797 756 5855 Jcretn.
786 5818 860 5864 LI,
901 5800 989 5856 58.

2091 3145 2312 3198 munitio
2358 3156 2553 3199 vestra.

2161 3234 2448 3290 Canticum
2489 3247 2542 3291 et
2592 3236 2909 3292 lamentatio
2939 3254 3061 3309 qua:
3104 3239 3156 3293 in
3209 3240 3480 3311 principio
3508 3244 3671 3300 visio—

2092 3328 2175 3382 nis
2207 3328 2329 3391 l'uit,
2360 3329 2534 3399 posita
2567 3340 2652 3383 est
2682 3331 2735 3382 in
2768 3331 2982 3399 medio;
3014 3333 3253 3389 maxime
3285 3336 3577 3391 convenire
3604 3340 3671 3393 de

2090 3410 2235 3484 Tyro
2265 3430 2362 3470 eas
2402 3431 2564 3471 voces
2608 3418 2736 3481 dici,
2789 3434 2910 3493 qua:
2972 3420 3042 3476 ab
3089 3423 3341 3477 omnibus
3383 3423 3672 3489 celebrata

2090 3514 2237 3570 sunt,
2285 3516 2340 3560 et
2384 3505 2620 3561 amrtnal
2651 3513 3048 3576 quodatttutodo
3080 3530 3259 3569 sermo
3282 3516 3666 3585 propheticus;

2090 3606 2165 3663 et,
2211 3596 2446 3663 Ululate,
2472 3615 2637 3659 naves
2663 3600 3032 3673 Carthaginis,
3062 3618 3126 3659 eo
3160 3607 3299 3673 quod
3330 3594 3555 3661 munitio
3576 3621 3669 3663 eo-

2090 3705 2207 3744 rum
2250 3690 2493 3757 perierit,
2538 3691 2590 3746 id
2626 3700 2731 3755 est,
2766 3691 2963 3763 Tyrus.
3012 3694 3108 3751 liei
3152 3710 3284 3749 vero
3315 3698 3551 3761 occasio,
3598 3713 3665 3755 ex

2089 3781 2173 3834 his
2200 3795 2325 3850 qua:
2372 3780 2486 3851 jam
2549 3784 2829 3852 praeterita
2879 3794 3027 3854 sunt,
3084 3788 3370 3845 manifeste
3416 3790 3663 3860 exposita

2086 3883 2187 3927 est.

2164 3965 2324 4021 Vens.
2370 3966 2458 4021 15.
2493 3966 2559 4020 Et
2584 3969 2680 4020 erit
2723 3969 2778 4021 in
2804 3970 2887 4022 die
2918 3969 3031 4034 illa,
3061 3970 3450 4040 derelinquetur
3474 3973 3661 4044 Tyrus.

2086 4060 2241 4114 armis
2277 4062 2631 4130 septuaginta,
2669 4062 2802 4114 sicut
2837 4072 3037 4131 tempus
3083 4065 3241 4134 regis,
3285 4066 3419 4119 sicut
3464 4077 3664 4137 tempus

2085 4151 2337 4207 hominis.

2157 4242 2523 4301 Subsannavit
2560 4240 2930 4314 Hierosolyma
2973 4246 3172 4320 Tyrus,
3227 4258 3285 4313 ut
3334 4265 3457 4319 quae
3499 4251 3659 4311 veluti

2085 4336 2258 4393 deleta
2300 4338 2547 4403 fuissent,
2581 4353 2883 4407 causasque
2920 4339 3184 4397 malorum
3214 4355 3327 4401 non
3353 4340 3658 4401 indecorum

2084 4429 2350 4487 socordiae
2397 4432 2671 4498 attribuit,
2708 4432 2874 4486 Deum
2906 4430 3292 4487 oﬂ'entlentium
3333 4448 3430 4501 per
3462 4435 3663 4490 debac—

2085 4520 2368 4577 chationes
2416 4522 2470 4576 in
2506 4522 2678 4593 legent
2720 4523 2949 4592 ejusque
2979 4524 3216 4589 decreta,
3248 4525 3341 4579 sed
3380 4526 3662 4583 existima—

2086 4612 2162 4665 vit
2190 4627 2294 4667 nou
2325 4613 2565 4681 potuisse
2602 4629 2826 4669 servare
2878 4614 3069 4669 ducem
3103 4616 3365 4684 ipsorum,
3404 4616 3659 4671 nimirum

2086 4702 2459 4759 universitatis
2509 4703 2697 4760 Deum.
2738 4706 2909 4773 Capta
2946 4706 3110 4775 igitur
3138 4715 3222 4765 est
3268 4715 3325 4761 et
3364 4706 3475 4771 illa,
3518 4707 3663 4763 hanc

2083 4792 2153 4847 ob
2174 4809 2419 4860 causam,
2449 4802 2503 4848 et
2528 4795 2593 4849 ad
2622 4798 2929 4849 vastitatem
2968 4797 3187 4851 redacta
3216 4806 3323 4861 est,
3364 4796 3662 4866 captivitati

2088 4885 2456 4942 lsraelitarum
2510 4889 2774 4956 atqualem
2838 4898 3055 4957 tamque
3112 4889 3665 4949 diuturvuatn..lnnos

2085 4978 2230 5032 enim
2260 4982 2601 5052 septuaginta
2632 4983 2771 5049 apud
2814 4980 2979 5052 333
3018 4980 3303 5041 Chaldaeos
3342 4987 3660 5036 commorati

2085 5084 2230 5135 sunt,
2250 5073 2382 5143 jugo
2413 5078 2692 5131 servitutis
2720 5078 2805 5130 vix
2842 5074 3107 5131 tolerabili
3142 5075 3367 5131 detenti.
3394 5075 3472 5128 Eo
3494 5075 3663 5143 igitur

2087 5172 2329 5233 tempore
2361 5167 2782 5237 derelinquetur,
2813 5170 2863 5225 id
2885 5180 2989 5233 est,
3010 5169 3339 5225 desolahitur
3371 5167 3569 5239 Τῖτος.
3600 5176 3658 5221 et

2086 5254 2218 5309 viris
2254 5255 2513 5315 deStituta
2554 5262 2816 5325 manebit,
2844 5269 2895 5313 et
2924 5260 3164 5317 manebit
3200 5260 3459 5327 temporis
3488 5257 3660 5311 inter-

2088 5346 2230 5401 vallo
2274 5357 2447 5415 tanto,
2503 5360 2763 5419 quantum
2809 5361 3018 5421 tempus
3069 5352 3192 5404 vitae
3245 5350 3499 5414 hominis,
3564 5364 3659 5407 seu

2089 5437 2235 5507 regni
2285 5453 2407 5494 esse
2450 5439 2681 5505 videtur,
2730 5441 2781 5495 id
2822 5450 2931 5507 est,
2978 5456 3148 5496 annos
3191 5440 3550 5510 septuaginta,
3602 5445 3663 5493 ut

2088 5528 2252 5587 etiam
2286 5532 2478 5587 beatus
2506 5532 2672 5593 David
2697 5533 2877 5602 psallit
2905 5552 2918 5589 :
2960 5552 2979 5585 ι
3009 5533 3134 5589 Dies
3159 5549 3420 5588 annorum
3448 5543 3655 5588 nostro-

2090 5637 2208 5677 rum
2253 5623 2308 5678 in
2352 5623 2502 5693 ipsis,
2540 5625 2872 5696 septuaginta
2918 5625 3081 5692 anni;
3131 5635 3190 5680 ut
3236 5639 3363 5681 vero
3407 5623 3473 5679 ad
3513 5636 3661 5677 sum-
