4162 6406
447 368 543 424 531

1474 366 1531 420 S.
1575 364 1854 426 CYRILLI
1895 358 2361 419 ALEXANDRINI
2405 356 2726 412 ARCI‘IIEP.

3599 353 3702 409 55!

451 504 627 550 tuum,
668 484 940 556 octoginta
988 493 1043 545 et
1087 483 1344 554 amplius,
1393 499 1581 540 eorum
1649 485 1803 545 labor
1844 494 1899 541 et
1933 485 2029 541 do.-

2141 500 2159 531 ι
2195 481 2259 531 Δί
2288 479 2501 549 ἡμέραι
2524 477 2632 530 τῶν
2668 474 2803 529 ἐτῶν
2840 473 2997 545 ήμῶν
3033 475 3090 525 ἐν
3122 472 3304 535 αὐτοῖς
3337 470 3705 540 ἐϐδομήκοντα

448 580 531 640 lor
560 579 623 634 ".
662 596 690 630 ι

520 757 683 813 Vens.
730 754 819 810 {6.
868 754 938 808 Et
1001 755 1098 808 erit
1135 764 1249 819 post
1294 754 1627 823 septuaginta
1678 769 1867 818 annos,
1925 753 2024 806 erit

450 846 620 916 Tyrus
646 848 799 910 quasi
838 846 1104 900 canticum
1136 846 1506 899 meretricium.
1546 843 1704 900 Sume
1743 846 2024 907 citharam,

447 939 632 1004 ctrcut',
688 954 719 990 ο
764 938 971 1002 civitas,
1021 938 1271 991 meretrix
1314 937 1556 991 oblivioni
1619 938 1840 1003 tradita,
1902 936 2032 989 bene

448 1027 654 1086 cithara
680 1043 830 1090 cane,
854 1026 1076 1086 multum
1117 1043 1267 1089 cane,
1309 1036 1364 1079 ut
1396 1028 1473 1079 tui
1506 1027 1758 1080 memoria
1772 1027 1859 1080 sit.

521 1116 838 1187 Pervulgata
918 1124 975 1171 et
1023 1117 1312 1171 scortatrix
1369 1116 1582 1182 mulier,
1632 1131 1752 1186 qua:
1795 1116 2024 1171 formam

452 1204 692 1271 corporis
740 1204 1075 1260 amatoribus
1120 1205 1417 1274 prostituit,
1442 1205 1681 1275 quandiu
1743 1214 1902 1261 atate
1942 1215 2027 1260 est

456 1296 661 1363 integra
690 1295 1077 1365 etjuvencula,
1105 1297 1303 1352 multos
1337 1298 1534 1363 irretit,
1560 1308 1614 1352 et
1648 1299 1893 1368 corporis
1927 1296 2026 1352 nos

455 1387 616 1442 veluti
644 1388 868 1458 laqueus
888 1396 996 1455 est,
1013 1397 1067 1444 et
1092 1389 1263 1444 cassis
1297 1388 1646 1445 intuentibus.
1673 1388 1808 1445 Cum
1844 1400 2024 1445 autem

454 1491 583 1536 aetas
612 1482 914 1550 provectior
936 1480 1122 1545 fuerit,
1185 1492 1313 1537 tunc
1360 1482 1523 1538 etiam
1585 1491 1710 1537 tunc
1782 1482 2023 1552 pulchri-

457 1570 642 1625 tudine
669 1570 784 1646 ejus
804 1569 1187 1627 deﬂorescente
1211 1584 1266 1627 et
1326 1582 1750 1638 emarcescente,
1783 1588 1904 1629 cum
1958 1574 2025 1628 ad

458 1661 598 1716 hanc
626 1662 963 1718 venationem
988 1673 1042 1718 et
1066 1664 1351 1734 aucupium
1418 1664 1624 1719 inutilis
1662 1671 1767 1729 est,
1805 1664 1909 1718 alia
1940 1665 2023 1719 via

457 1754 785 1822 aggreditur,
854 1764 915 1808 ut
982 1755 1301 1809 miserarum
1370 1755 1669 1823 praedarum
1735 1764 2025 1823 proventus

2127 572 2244 642 ἔτη,
2286 571 2379 623 ἐὰν
2425 570 2480 622 δὲ
2516 572 2573 623 ἐν
2609 568 2947 630 δυναστείαις
2990 567 3317 637 ὀγδοήκοντα
3343 562 3461 633 ἔτη,
3504 561 3597 615 καὶ
3642 562 3704 614 τὸ

2128 662 2310 715 πλεῖον
2338 660 2516 715 αὐτῶν
2545 661 2711 722 κόπος
2738 658 2831 712 καὶ
2853 658 3033 721 πόνος.

2198 752 2305 806 Καὶ
2336 752 2509 805 ἔσται
2538 749 2686 819 μετὰ
2712 747 3120 817 ἐϐδομήκοντα
3148 746 3270 812 ἐτη,
3312 746 3483 799 ἐσται
3522 744 3705 809 Τυρος

2125 845 2204 910 ὡς
2229 839 2392 912 ᾆσμα
2429 842 2675 910 πόρνης.
2710 840 2867 895 Λάϐε
2904 837 3171 906 κιθάραν,
3207 838 3565 905 ρἐϐευσον,
3595 832 3702 885 πό-

2125 939 2241 1001 λις,
2300 935 2491 1001 πόρνη
2546 928 3032 999 ἐπιλελησμένη,
3090 926 3288 991 καλῶς
3360 926 3703 992 κιθάρισον,

2127 1026 2327 1081 πολλὰ
2358 1020 2534 1093 ᾆσον,
2560 1025 2659 1077 ἵνα
2687 1039 2801 1077 σου
2825 1022 3003 1091 μνεία
3027 1018 3287 1090 γένηται.

2208 1120 2274 1172 Ἠ
2303 1116 2616 1180 πολύκοινος
2673 1115 2766 1169 καὶ
2803 1113 3063 1184 μαχλώσα
3122 1110 3282 1181 γυνὴ,
3332 1108 3425 1162 καὶ
3481 1105 3576 1177 τήν
3609 1102 3710 1156 τοῦ

2129 1210 2377 1281 σώματος
2399 1208 2545 1279 ὥραν
2577 1204 2970 1260 καταπωλοῦσα
3001 1205 3112 1265 τοῖς
3136 1203 3395 1272 ἐρασταῖς
3422 1238 3436 1261 ,
3471 1197 3576 1258 ἕως
3605 1197 3705 1266 μὲν

2128 1306 2273 1355 ἐστιν
2303 1300 2495 1371 ήὸῶσά
2524 1316 2583 1351 τε
2615 1298 2710 1349 καὶ
2734 1296 2852 1358 νέα,
2882 1292 3169 1364 σαγηνεύει
3198 1291 3447 1354 πολλοὺς,
3479 1290 3570 1341 καὶ
3603 1304 3707 1339 πα-

2126 1395 2214 1463 γ“ις
2244 1393 2382 1463 αὐτὴ
2411 1391 2505 1444 καὶ
2545 1389 2709 1443 οἱονεὶ
2740 1387 3035 1456 θέλγητρον
3067 1384 3175 1436 τῶν
3217 1382 3465 1454 ὁρώντων
3506 1379 3621 1432 ἐστί
3646 1378 3712 1431 τὸ

2126 1486 2220 1539 τοῦ
2266 1484 2518 1555 σώματος
2565 1480 2744 1543 ἄνθος.
2771 1479 3022 1533 Ἐπειδὰν
3055 1477 3110 1530 δὲ
3153 1475 3466 1546 παρηόήσῃ,
3495 1473 3614 1524 τότε
3642 1470 3706 1540 δή

2125 1581 2270 1646 τότε,
2303 1573 2817 1647 καταμαρανθείσης
2842 1573 2976 1641 αὐτῇ
3001 1571 3096 1640 τῆς
3121 1569 3290 1639 ὥρας,
3315 1567 3586 1637 ἀπρακτεῖ
3609 1563 3714 1633 μὲν

2126 1677 2225 1747 ήδη
2253 1673 2381 1745 περὶ
2410 1673 2508 1743 τὴν
2530 1670 2722 1741 θήραν,
2745 1666 2914 1737 ἑτέρῳ
2940 1665 2995 1717 δὲ
3016 1664 3202 1736 τρόπῳ
3231 1661 3437 1732 μέτεισι
3467 1658 3527 1711 τὸ
3552 1657 3711 1709 δύνα-

2132 1768 2253 1819 σθαι
2312 1764 2472 1819 πάλιν
2524 1760 2722 1816 ἀθλίων
2756 1759 3057 1828 λημμάτων
3108 1755 3341 1808 ἐπινοεῖν
3385 1749 3706 1821 πορισμούς.

457 1842 743 1912 excogitet.
774 1843 975 1899 Cantus
1002 1845 1146 1899 enim
1178 1854 1233 1900 et
1276 1844 1505 1900 tnelodia
1534 1846 1582 1901 ei
1652 1849 1831 1901 studio
1879 1858 2027 1912 sunt,

2145 1859 2264 1930 ᾨδὴ
2294 1858 2402 1927 γὰρ
2440 1856 2574 1925 αὐτῇ
2622 1854 2715 1906 καὶ
2761 1852 2921 1922 μέλος
2965 1851 3024 1904 τὸ
3070 1848 3405 1919 ἐπιτήδευμα
3457 1846 3706 1912 γίνεται·

459 1933 719 2002 multique
746 1934 871 1988 dum
910 1934 1174 1990 citharam
1199 1936 1401 2004 pulsat,
1437 1936 1835 1992 demulccutur.
1889 1937 2028 1994 Hinc

458 2024 646 2095 exigua
675 2036 729 2080 et
750 2027 931 2082 brevis
964 2028 1229 2097 quaepiam
1262 2028 1366 2083 erit
1398 2027 1516 2097 ejus
1570 2028 1693 2082 vita:
1743 2030 2032 2098 praeterita:

459 2118 740 2183 memoria,
781 2128 837 2173 et
865 2129 1203 2174 venustatem
1229 2120 1348 2189 ejus
1372 2120 1669 2191 vigentem,
1697 2131 1750 2175 et
1785 2119 2030 2176 ﬂoridam

458 2207 674 2275 quidam
708 2208 951 2264 laudibus
974 2210 1193 2264 vebunt.
1258 2210 1448 2265 Simile
1495 2210 1775 2280 quiddam,
1832 2211 2029 2281 inquit,

459 2300 603 2377 Tyro
625 2304 853 2357 accidet.
885 2303 1000 2358 Erit
1031 2304 1173 2359 enim
1207 2303 1351 2358 velut
1399 2305 1669 2358 canticum
1729 2304 2032 2359 meretricis

458 2391 711 2446 oblivioni
745 2394 973 2459 tradita,
1007 2394 1260 2463 necjam,
1287 2401 1343 2446 ut
1371 2394 1543 2463 prius,
1575 2403 1764 2449 ornata
1825 2396 1929 2450 erit
1977 2404 2034 2449 et

458 2488 697 2550 elegans.
728 2482 1009 2539 Canticum
1041 2486 1145 2540 erit
1171 2494 1224 2539 et
1250 2483 1418 2545 melos
1450 2486 1742 2541 nonnullis.
1774 2486 2031 2543 Comme-

462 2574 751 2629 morabunt
780 2575 921 2628 enim
950 2589 1069 2644 qum
1092 2574 1219 2628 olim
1248 2574 1295 2628 ei
1327 2570 1612 2627 affuerunt.
1649 2572 1729 2628 Tu
1768 2585 1968 2643 autem,
1999 2591 2034 2632 ο

461 2662 623 2736 Tyre,
664 2664 825 2718 veluti
888 2668 1127 2733 quaedam
1182 2665 1359 2720 vetula
1405 2674 1458 2719 et
1520 2664 1681 2720 eli'eta
1749 2670 2030 2736 meretrix,

460 2772 593 2826 cape
619 2759 907 2822 citharam,
942 2759 1190 2822 circumi,
1227 2775 1259 2813 ο
1287 2763 1476 2815 civitas
1497 2763 1637 2819 facta
1666 2764 1830 2818 veluti
1859 2778 2033 2818 mere-

465 2849 567 2904 trix
618 2851 904 2919 quaepiam,
973 2850 1246 2907 oblivione
1299 2854 1531 2922 sepulta.
1611 2856 2032 2912 Emarcescente

462 2942 627 3006 enim,
661 2952 718 2995 ut
743 2942 876 3007 dixi,
915 2944 1198 2998 mulierum
1251 2945 1449 3013 forma,
1502 2948 1895 3005 obliviscuntur
1914 2950 2034 3018 ejus

464 3035 556 3105 qui
582 3034 978 3099 allieiebantur,
1020 3036 1137 3105 ejus
1197 3039 1465 3106 quondam
1540 3052 1836 3097 amatores.
1887 3041 2034 3098 Bene

2133 1951 2510 2018 ὲπιγάννυνται
2534 1946 2642 2016 γὰρ
2659 1942 3014 2014 κιθαριζούσῃ
3038 1942 3241 1996 πολλοί.
3273 1937 3550 1992 Ἐντεῦθεν
3570 1937 3712 2006 αὐτῇ

2134 2042 2228 2095 καὶ
2257 2040 2484 2111 βραχεῖά
2509 2057 2593 2102 τις
2621 2037 2729 2090 ἔσθ’
2756 2038 2844 2094 ὅτε
2876 2035 2976 2105 τῆς
3000 2032 3374 2104 παρελθούσης
3403 2031 3545 2099 ζωῆς
3576 2028 3710 2081 sva.

2138 2150 2332 2205 μνησις
2375 2132 2544 2190 ἔσται,
2584 2130 2679 2183 καὶ
2710 2130 2770 2183 τὸ
2795 2130 2853 2181 ὲν
2876 2128 3079 2197 ἀκμαῖς
3107 2125 3278 2194 αὐτῆς
3329 2122 3521 2184 κάλλος
3561 2123 3712 2173 ἐπαι-

2135 2224 2284 2278 νοῦσι
2312 2222 2475 2286 τινές.
2511 2219 2762 2275 Τοιοῦτόν
2787 2237 2840 2272 τι
2873 2217 3211 2288 συμϐήσεται
3237 2218 3305 2286 τῇ
3336 2213 3569 2283 Τυρίων,
3604 2229 3711 2282 φη·-

2136 2317 2237 2370 σίν.
2274 2314 2469 2370 Ἔσται
2491 2313 2596 2386 γὰρ
2630 2312 2705 2376 ὡς
2736 2307 2888 2383 ᾆσμα
2916 2311 3118 2379 πόρνης
3143 2306 3589 2377 ὲπιλελησμένης,
3621 2304 3714 2356 καὶ

2134 2408 2313 2462 οὐκέτι
2344 2408 2433 2459 τὸν
2466 2408 2521 2458 ἐν
2558 2408 2754 2475 ἀρχαῖς
2783 2404 2981 2474 ἔχουσα
3010 2402 3232 2471 κόσμον.
3270 2400 3390 2471 ᾮδή
3431 2400 3524 2450 καὶ
3553 2397 3713 2467 μέλος

2134 2500 2285 2552 ἔσται
2326 2497 2554 2561 πολλοῖς.
2591 2497 3057 2565 Διαμεμνήσονται
3080 2493 3185 2561 γὰρ
3205 2490 3311 2544 τῶν
3352 2489 3518 2543 πάλαι
3545 2504 3712 2559 προσ-

2134 2592 2302 2646 όντων
2334 2591 2492 2661 αύτῇ.
2527 2589 2598 2640 Σὺ
2621 2588 2696 2651 δὲ,
2724 2582 2768 2641 ὦ
2799 2586 2994 2657 Τύρος,
3031 2584 3278 2653 καθάπερ
3302 2582 3503 2636 παλαιά
3533 2598 3590 2634 τε
3619 2580 3713 2632 καὶ

2135 2677 2464 2747 ἀφηὸήσασα
2494 2676 2687 2745 πόρνη,
2709 2675 2838 2729 λάϐε
2863 2674 3111 2745 κιθάραν,
3137 2672 3436 2743 ρἐϐευσον
3456 2671 3529 2733 ὡς
3560 2670 3719 2732 πόλις

2135 2766 2403 2835 γενομένη
2438 2765 2687 2835 καθάπερ
2716 2782 2799 2827 τις
2820 2764 2987 2834 πόρνη
3016 2763 3432 2834 ἐπιλελησμένη.
3474 2764 3719 2831 Ἀπομα-

2140 2856 2426 2928 ρανθείσης
2454 2854 2583 2926 γάρ,
2609 2854 2682 2917 ὡς
2706 2854 2859 2924 ἔφην,
2878 2854 2975 2923 τῆς
3002 2853 3108 2904 τῶν
3136 2853 3373 2919 γυναίων
3403 2852 3569 2923 ὥρας,
3593 2851 3716 2902 ἐτι-

2136 2947 2487 3001 λανθάνονται
2526 2946 2729 3015 ταύτης
2763 2946 2858 2999 καὶ
2886 2946 2936 2997 οἱ
2963 2943 3402 3015 συνηρπασμένοι
3435 2944 3583 3007 ποτὲ,
3620 2950 3717 2996 xc.

2136 3039 2418 3108 γεγονότες
2458 3038 2623 3108 αὐτῆς
2672 3035 2919 3106 ἐρασταί.
2963 3032 3159 3097 Καλῶς
3195 3034 3371 3086 τοίνυν
3412 3032 3721 3104 κιθάρισον,

465 3127 629 3197 igitur
675 3140 808 3181 cane
859 3126 1090 3193 citbara,
1136 3136 1189 3182 et
1237 3128 1460 3182 multum
1519 3145 1674 3197 cane,
1717 3138 1775 3185 ut
1835 3132 1909 3187 tui
1964 3132 2035 3187 sit

2140 3134 2233 3185 καὶ
2267 3131 2432 3184 πολλὰ
2459 3125 2611 3201 ᾇσον,
2643 3128 2729 3181 ἴνα
2760 3144 2851 3179 σου
2884 3125 2986 3180 κᾶν
3012 3125 3169 3197 μνεία
3200 3124 3444 3196 γένηται.

467 3232 747 3273 memorta.

537 3311 700 3367 Vsns.
738 3312 826 3376 17,
862 3312 948 3367 18.
991 3311 1056 3365 Et
1089 3315 1186 3366 erit
1209 3322 1322 3383 post
1350 3316 1680 3384 septuaginta
1732 3332 1920 3382 annos,
1954 3316 2039 3370 in-

464 3402 593 3457 ciset
617 3402 755 3457 Deus
779 3402 997 3473 Tyrum,
1021 3413 1070 3457 et
1088 3404 1277 3458 iterum
1307 3406 1603 3460 restituetur
1637 3407 1695 3460 in
1731 3407 2036 3485 pristinum,

464 3505 511 3547 et
545 3496 642 3548 erit
703 3495 992 3564 emporium
1033 3496 1271 3550 omnibus
1321 3498 1494 3566 regnis
1552 3498 1692 3551 orbis
1750 3507 2036 3562 terrarum,

464 3597 513 3645 ct
541 3590 643 3642 erit
672 3587 784 3655 ejus
818 3589 1121 3657 negotiatio,
1159 3597 1207 3641 et
1241 3605 1433 3643 merces
1460 3600 1645 3643 sancta
1685 3589 1908 3643 Domino
1935 3606 2039 3645 non

465 3681 592 3746 ipsis
636 3681 1055 3749 congregabitur,
1096 3680 1185 3732 sed
1217 3680 1282 3733 iis
1313 3680 1399 3749 qui
1434 3681 1681 3734 habitant
1704 3698 1884 3735 coram
1933 3680 2038 3734 Do-

465 3770 645 3834 mino;
677 3772 845 3824 omnis
869 3772 1153 3840 negotiatio
1175 3771 1291 3840 ejus
1321 3785 1374 3825 ut
1403 3776 1524 3827 edat
1568 3773 1733 3845 33E.
1762 3782 1811 3827 et
1865 3773 2032 3838 bibat,

469 3870 518 3913 et
547 3861 615 3912 ad
655 3861 948 3915 satietatem
975 3861 1276 3931 impleatur,
1310 3873 1365 3917 ut
1395 3865 1461 3917 sit
1514 3876 1907 3921 monumentum
1960 3882 2044 3922 co-

472 3968 583 4005 ram
610 3951 857 4007 Domino.

540 4128 915 4200 Justojudicio
944 4132 1105 4200 Deus,
1139 4142 1197 4188 ut
1226 4134 1359 4201 dixi,
1408 4137 1771 4206 captivitatem
1822 4136 2041 4194 Israeli-

472 4231 671 4288 tarum,
703 4236 758 4277 et
790 4223 1071 4296 Tyriorum
1108 4226 1528 4282 internecionem
1573 4229 1831 4299 aequalem
1885 4229 2037 4285 fecit.

469 4314 603 4370 Cum
641 4331 769 4370 vero
795 4316 971 4387 Cyrus
994 4332 1117 4373 cum
1154 4316 1330 4374 Persis
1353 4331 1409 4375 et
1428 4319 1598 4376 Medis
1649 4320 2041 4392 Babylonicum

470 4421 693 4478 regnum
724 4408 1109 4473 visustulisset,
1140 4412 1387 4466 universa
1414 4411 1790 4467 Chaldaeorum
1821 4415 2043 4484 regione

469 4514 680 4565 eversa,
713 4501 971 4557 liberatus
992 4513 1074 4559 est
1111 4504 1423 4573 captivitate
1458 4504 1642 4569 Israel,
1672 4507 1836 4576 inque
1881 4524 2038 4561 suam

2212 3307 2320 3361 Καὶ
2363 3306 2533 3361 ἔσται
2574 3305 2724 3375 μετὰ
2768 3302 3179 3371 ἐϐδομήκοντα
3214 3301 3338 3370 ἐτη,
3371 3299 3725 3369 ἐπισκοπὴν

2139 3400 2381 3468 ποιήσει
2405 3399 2548 3465 Θεὸς
2585 3400 2791 3466 Τύρου,
2822 3395 2921 3450 καὶ
2940 3394 3125 3448 πάλιν
3148 3393 3720 3460 ἁποκατασταθήσε-

2140 3511 2233 3548 ται
2284 3496 2369 3559 εὶς
2398 3493 2461 3546 τὸ
2500 3491 2773 3561 ἀρχαῖον,
2816 3490 2915 3543 καὶ
2964 3488 3135 3541 ἔσται
3167 3486 3451 3555 ἐμπόριον
3495 3485 3725 3550 πάσαις

2140 3586 2271 3651 ταῖς
2294 3584 2640 3649 ,ϐασιλείαις
2670 3582 2779 3651 τῆς
2808 3580 3179 3650 οἰκουμένης,
3211 3579 3309 3631 καὶ
3334 3579 3503 3631 ἔσται
3531 3576 3727 3644 αὐτῆς

2140 3677 2179 3745 ἠ
2219 3676 2488 3745 ἐμπορία,
2513 3675 2613 3728 καὶ
2644 3677 2676 3727 d
2700 3672 2916 3742 μισθὸς
2946 3671 3117 3739 ἅγιον
3142 3670 3208 3723 τὸ
3236 3670 3449 3737 Κυρίῳ,
3481 3669 3579 3721 καί
3604 3671 3724 3722 οὐκ·

2140 3767 2345 3833 αὐτοῖς
2402 3765 2876 3834 συναχθήσεται,
2934 3762 3095 3817 ἀλλὰ
3147 3761 3268 3827 τοῖς
3326 3761 3722 3814 κατοικοῦσιν

2140 3860 2342 3915 ἔναντι
2361 3860 2468 3915 τοῦ
2490 3858 2708 3926 Κυρίου
2727 3875 2739 3887 ο
2765 3856 2930 3925 πᾶσα
2962 3856 2998 3922 ὴ
3020 3855 3268 3923 ἐμπορία
3290 3852 3478 3921 αὐτῆς
3504 3851 3729 3920 φαγεῖν

2140 3952 2238 4006 καὶ
2258 3951 2436 4017 πιεῖν,
2470 3950 2569 4004 καὶ
2594 3946 3016 4019 ἐμπλησθῆναι
3048 3949 3135 4011 εις
3160 3944 3547 4013 πλησμονὴν,
3568 3959 3719 4011 μνη-

2135 4046 2414 4113 μόσυνον
2444 4042 2645 4095 ἔναντι
2684 4039 2789 4093 τοῦ
2818 4041 3058 4107 Κυρίου.

2212 4135 2409 4206 Δικαία
2429 4135 2595 4207 ψήφῳ
2623 4134 2775 4197 Θεὸς,
2809 4132 3101 4202 ίσόχρονον,
3134 4130 3211 4192 ὡς
3232 4128 3388 4198 ἔφην,
3420 4128 3485 4197 τῇ
3520 4127 3721 4195 αἰχμᾶς·-

2141 4227 2313 4299 λωσίᾳ
2339 4227 2446 4280 τῶν
2469 4226 2529 4292 ἐξ
2574 4224 2788 4298 Ἰσραὴλ
2822 4225 2914 4277 καὶ
2941 4222 3038 4295 τὴν
3062 4222 3170 4276 τῶν
3197 4222 3409 4291 Τυρίων
3438 4220 3719 4290 ἐρήμωσιν

2142 4318 2450 4386 ἐποιήσατο.
2513 4316 2730 4385 Ἐπειδὴ
2764 4315 2821 4368 δὲ
2866 4314 3051 4386 Κύρου
3095 4311 3231 4383 μετὰ
3271 4310 3495 4381 Περσῶν
3526 4327 3587 4361 τε
3624 4309 3720 4361 καὶ

2141 4408 2339 4480 Μήδων
2370 4408 2510 4461 κατὰ
2534 4408 2729 4479 κράτος
2755 4405 3020 4477 ᾑρηκότος
3051 4406 3150 4474 τὴν
3174 4402 3549 4466 Βαϐυλωνίων,
3573 4401 3719 4480 ἅπα-

2146 4516 2243 4553 σαν
2272 4499 2328 4551 δὲ
2366 4498 2461 4569 τὴν
2489 4497 2767 4551 Χαλδαίων
2802 4494 3245 4569 καταδῃῴσαντος
3280 4491 3482 4562 χώραν,
3531 4478 3717 4559 ἀνείθη

472 4593 699 4659 patriam
736 4592 947 4650 ,iterum
1023 4596 1355 4667 remigravit,
1429 4606 1785 4668 sanctamque
1852 4601 2035 4654 urbem

2150 4591 2249 4661 μὲν
2278 4591 2376 4661 τῆς
2408 4588 2784 4659 αἰχμαλωσίας
2809 4590 2835 4640 ὁ
2871 4585 3107 4658 Ἰσραὴλ,
3131 4586 3461 4653 ὑπενόστησε
3481 4582 3537 4634 δὲ
3559 4580 3727 4634 πάλιν

473 4679 806 4735 inhabitavit.
835 4680 971 4749 Quin
1000 4692 1054 4738 et
1086 4685 1288 4754 absque
1324 4685 1429 4739 uHa
1465 4686 1727 4742 malorum
1754 4686 2035 4757 exprobra-

2145 4685 2223 4746 εἰς
2239 4683 2337 4754 τὴν
2362 4680 2577 4743 ἑαυτοῦ,
2598 4681 2691 4733 καὶ
2712 4680 2809 4751 τὴν
2836 4680 2996 4747 ἁγίαν
3024 4679 3310 4750 κατῴκηκε
3329 4676 3502 4728 πόλιν.
3518 4676 3576 4726 ’A
3584 4691 3721 4743 μνη-

473 4775 616 4827 tione
640 4775 1009 4830 universitatis
1040 4774 1179 4829 Deus
1204 4794 1233 4830 a
1278 4775 1457 4846 Tyriis
1479 4777 1613 4831 iram
1663 4779 1890 4832 avertit:
1923 4795 2046 4832 rur-

469 4881 563 4919 sus
592 4867 805 4936 collegit
830 4882 910 4932 se,
943 4877 993 4921 et
1052 4869 1103 4921 in
1150 4868 1381 4937 priorem
1437 4870 1753 4937 dignitatem
1803 4871 2045 4924 restituta

471 4966 571 5018 est,
608 4964 770 5022 atque
801 4963 858 5008 ut
886 4956 1034 5024 prius
1050 4957 1484 5011 omnibusterrze
1538 4959 1715 5027 regnis
1742 4960 2043 5027 emporium

472 5040 592 5104 fuit,
629 5058 694 5096 ac
744 5044 1120 5097 diversorium.
1159 5042 1354 5097 Verum
1388 5044 1613 5098 observa
1658 5045 2041 5103 dili'erentiam.

471 5133 609 5185 Olim
632 5134 775 5186 enim
816 5149 1022 5187 merces
1053 5149 1174 5202 quae
1230 5150 1296 5188 ex
1358 5135 1719 5206 negotiatione
1769 5141 2045 5209 surgebat,

473 5224 823 5293 colligebatur
846 5225 915 5281 ab
963 5227 1047 5281 bis
1092 5225 1265 5281 solum
1320 5226 1410 5296 qui
1458 5241 1576 5280 eam
1637 5240 1934 5295 exercent;
1992 5240 2049 5286 at

475 5328 633 5369 nemo
660 5317 879 5371 omnino
906 5317 1111 5372 fructus
1155 5318 1262 5374 Deo
1309 5319 1545 5375 adduxit.
1578 5323 1646 5374 At
1701 5322 1790 5377 ubi
1843 5324 2048 5379 vocatis

478 5405 531 5459 in
558 5404 676 5459 lidei
708 5406 934 5473 gratiam
960 5408 1583 5479 gentibus,eognovisset
1607 5422 1660 5466 et
1683 5413 1796 5481 ipsa
1827 5414 2041 5466 univer—

476 5510 658 5551 sorum
718 5494 1165 5553 Conservatorem
1239 5511 1294 5554 et
1340 5499 1774 5569 Redemptorem,
1850 5505 2046 5572 templo

480 5595 664 5638 sancto
690 5585 758 5639 ab
782 5585 865 5640 eis
888 5596 1189 5652 exstructo,
1225 5590 1593 5660 atquedivino
1620 5592 1775 5646 altari
1827 5603 2044 5655 erecto,

482 5690 593 5733 non.
622 5676 750 5747 ipsis
788 5674 898 5743 jam
949 5678 1080 5733 solis
1126 5696 1341 5738 merces
1380 5682 1757 5754 negotiationis
1808 5683 2044 5756 reposita

552 5856 594 5897 ‘7
632 5856 773 5914 Psal.
835 5873 1054 5924 sxxxtx,
1097 5859 1176 5917 l0.

2147 4776 2387 4838 σικάκως
2408 4774 2462 4826 δὲ
2493 4775 2520 4825 ὁ
2538 4774 2647 4825 τῶν
2670 4772 2806 4825 ὅλων
2826 4771 2976 4836 Θεὸς,
3015 4771 3108 4823 καὶ
3137 4771 3232 4839 τῆς
3256 4768 3465 4836 Τυρίων
3488 4767 3723 4835 ἀπέστη-

2147 4882 2205 4918 σε
2239 4866 2339 4936 τὴν
2371 4866 2571 4936 ὀργήν·
2630 4863 3036 4935 συγκεκρότηκε
3073 4861 3128 4914 δὲ
3171 4860 3351 4919 πάλιν,
3390 4859 3479 4911 καὶ
3519 4858 3722 4910 ἀναπε-

2146 4959 2401 5030 φοίτηκεν
2434 4959 2512 5019 εἰς
2536 4956 2601 5010 τὸ
2627 4958 2685 5009 ὲν
2706 4958 2917 5027 ἀρχαῖς,
2951 4953 3211 5023 ὲμπόριόν
3234 4968 3293 5003 τε
3317 4951 3412 5003 καὶ
3436 4948 3722 5018 κατάλυμα

2144 5050 2357 5119 γέγονε,
2388 5049 2532 5103 καθά
2561 5051 2652 5101 καὶ
2676 5048 2843 5102 πάλαι
2881 5047 3079 5109 πάσαις
3120 5046 3238 5105 ταῖς
3277 5041 3577 5114 βασιλείαις
3623 5042 3723 5110 τῆς

2144 5141 2269 5213 γῆς.
2302 5141 2447 5213 Πλὴν
2469 5141 2718 5210 ἐπιτήρει
2749 5139 2845 5208 τὴν
2873 5137 3152 5206 διαφοράν.
3192 5135 3360 5186 Πάλαι
3404 5133 3502 5203 μὲν
3549 5132 3658 5201 γὰρ
3691 5132 3721 5182 ὁ

2145 5232 2210 5285 ὲκ
2257 5232 2355 5301 τῆς
2385 5232 2654 5301 ἐμπορίας
2704 5229 2893 5301 μισθὸς
2952 5226 3332 5296 συνεκομίζετο
3383 5224 3562 5293 μόνοις
3611 5224 3727 5284 τοῖς

2144 5318 2349 5391 ταύτην
2380 5319 2779 5389 ἐπιτηδεύουσι,
2819 5319 3017 5389 καρποὶ
3057 5316 3192 5376 ὅλως
3236 5315 3363 5384 παρ’
3398 5312 3609 5374 ούδενὸς
3660 5312 3722 5362 τὸ

2148 5411 2368 5480 σύμπαν
2396 5411 2852 5482 προσεκομίζοντο
2872 5409 2947 5478 τῷ
2966 5408 3101 5477 Θεῷ.
3133 5405 3347 5475 Ἐπειδὴ
3364 5404 3417 5456 δὲ
3457 5402 3727 5472 κεκλημὲ-

2152 5519 2258 5555 νων
2273 5502 2378 5556 τῶν
2395 5502 2561 5556 ἐθνῶν
2583 5505 2769 5572 εἰςτὴν
2787 5502 2873 5554 διά
2888 5501 3117 5562 πίστεως
3131 5499 3307 5568 χάριν,
3327 5496 3466 5564 ἔγνω
3483 5496 3573 5546 καὶ
3586 5494 3724 5563 αὐτὴ

2150 5593 2244 5647 (τὸν
2275 5595 2382 5648 τῶν
2421 5594 2555 5647 ὅλων
2582 5595 2806 5664 Σωτῆρα
2852 5593 2944 5645 καὶ
2975 5591 3287 5660 Λυτρωτὴν,
3310 5589 3400 5640 καὶ
3422 5586 3546 5648 ναὸς
3569 5585 3735 5651 ἅγιος

2155 5686 2450 5758 ἐγήγερται
2482 5687 2607 5757 παρ’
2638 5686 2838 5748 αὐτοῖς,
2863 5684 2953 5737 καὶ
2987 5682 3124 5736 θεῖον
3155 5680 3283 5749 ἔστη
3319 5676 3723 5747 θυσιαστήριον,
