4162 6406
1510 447 1576 502 IN
1617 442 1852 501 ISAIAM
1892 441 2021 497 LIB.
2061 440 2125 496 11.
2168 437 2407 495 TOMUS
2446 436 2508 490 γ.

3525 424 3633 481 554

379 581 480 633 οὐκ
504 577 683 634 αὐτοῖς
714 573 793 626 ἐτι
825 572 1003 642 μόνοις
1033 573 1060 622 6
1097 571 1163 622 ἐκ
1194 570 1291 639 τῆς
1311 566 1586 638 ἐμπορίας
1632 562 1952 632 συγκομίζε-

2075 556 2332 621 conditur,
2364 554 2455 608 sed
2478 553 2701 606 Domino
2724 563 2878 605 sacra
2898 547 3026 615 erit,
3051 546 3105 601 id
3135 552 3238 611 est,
3268 543 3318 600 ei
3348 545 3630 599 anathema

380 690 469 726 ται
528 666 750 739 μισθός’
804 663 940 718 ἀλλά
984 663 1093 732 γάρ
1131 662 1225 715 καὶ
1262 659 1416 728 ἀγιον
1454 657 1608 710 ἐσται
1635 654 1713 724 τῷ
1748 651 1953 723 Κυρίῳ,

382 763 526 820 τοῦτ’
556 762 721 821 ἐστιν,
759 761 839 822 εἰς
867 758 1125 827 ἀνάθημα
1148 757 1238 809 καὶ
1270 749 1665 824 καρποφορίαν,
1695 746 1835 799 ὥστε
1864 744 1958 796 καὶ

385 857 576 927 φαγεῖν
615 854 707 905 καὶ
739 853 882 904 πιεῖν
909 848 1087 902 ἐναντι
1110 847 1334 917 Κυρίου.
1369 842 1545 897 Πάλαι
1578 841 1675 912 μὲν
1700 839 1807 909 γὰρ
1831 837 1959 899 τοὺς

384 943 491 997 τῶν
519 940 750 995 εἰδώλων
774 936 1281 1008 καταλαμϐάνοντες
1328 932 1530 1003 σηκοὺς
1550 970 1565 992 ,
1609 931 1702 983 καὶ
1746 929 1815 981 τὰ
1848 926 1958 979 τῶν

383 1037 671 1107 δαιμονίων
699 1032 899 1103 τεμένη
924 1028 1318 1101 προσεκόμιζον
1351 1028 1447 1096 μὲν
1473 1024 1679 1087 θυσίας,
1714 1018 1959 1090 πανηγύο

388 1144 501 1199 ρεις
539 1128 594 1180 δὲ
618 1124 714 1189 τὰς
737 1125 822 1177 ἐπ’
853 1124 1034 1185 αὐτοῖς
1056 1118 1362 1181 ἐπετέλουν,
1390 1118 1469 1179 εἰς
1502 1115 1667 1185 τιμὴν
1685 1114 1777 1167 καὶ
1801 1111 1958 1176 δόξαν

384 1220 493 1274 τῶν
533 1219 674 1272 ἰδίων
702 1214 1094 1286 σκευασμάτων
1113 1228 1126 1241 ·
1157 1210 1464 1265 ἐπλανῶντο
1490 1206 1597 1278 γὰρ
1618 1206 1717 1259 ἔτι.
1738 1205 1956 1276 Ἐπειδὴ

384 1312 462 1374 δέ,
496 1310 571 1375 ῶς
609 1311 765 1380 ἔφην,
794 1308 1065 1377 ἐγνώκασι
1092 1305 1182 1357 τὸν
1212 1303 1344 1356 Θεὸν
1379 1302 1470 1355 τὸν
1502 1299 1776 1370 ἀληθινὸν,
1806 1299 1959 1366 ἅγιον

390 1404 489 1475 μὲν
513 1404 592 1472 τῷ
614 1402 801 1473 Κυρίῳ
826 1400 1050 1469 γέγονεν
1078 1399 1105 1451 6
1137 1397 1236 1466 τῆς
1268 1394 1535 1466 ἐμπορίας
1568 1390 1775 1461 μισθὸς,
1816 1388 1959 1442 ἐσθί-

386 1513 503 1549 ουσι
539 1496 594 1548 δέ
624 1497 718 1549 καὶ
748 1496 991 1552 πίνουσιν
1030 1495 1111 1558 εἰς
1145 1493 1486 1565 μνημόσυνον
1521 1490 1700 1545 ἔναντι
1728 1490 1956 1559 Κυρίου,

386 1584 505 1655 Θεῷ
524 1584 763 1655 δηλονότι
789 1585 859 1637 τά
889 1586 972 1653 ἐφ’
1009 1577 1090 1647 οἷς
1114 1583 1180 1637 ἂν
1208 1579 1268 1636 εὖ
1299 1580 1587 1655 πράττοιεν
1617 1576 1961 1641 ἀνατιθέντες

385 1678 734 1749 χαριστήρια.

470 1765 621 1819 Ἰδοὺ
654 1766 865 1833 Κύριος
888 1764 1262 1834 καταφθείρει
1288 1762 1404 1832 τὴν
1446 1760 1826 1832 οἰκουμένην,
1862 1761 1962 1815 καί

384 1855 674 1925 ἐρημώσει
705 1856 920 1924 αὐτὴν,
970 1855 1068 1909 καὶ
1108 1856 1486 1924 ἀνακαλύψω
1541 1855 1605 1907 τὸ
1636 1854 1964 1922 πρόσωπον

386 1947 594 2018 αὐτῆς,
619 1952 714 2004 καὶ
739 1949 1052 2018 διασπερεῖ
1072 1948 1213 2015 τοὺς
1252 1948 1561 2013 οἰκοῦντας
1579 1947 1657 2000 ἐν
1670 1944 1845 2015 αὐτῇ.

455 2040 671 2105 Φθάσας
707 2041 841 2112 ἔφην
877 2043 959 2095 ὅτι
990 2041 1329 2112 πεπόρθηται
1374 2041 1532 2110 μὲνή
1583 2038 1959 2110 Ἰερουσαλὴμ,

390 2131 914 2203 συγκατεδῃώθησαν
928 2132 983 2185 δὲ
1012 2132 1149 2203 αὐτῇ
1175 2132 1268 2184 καὶ
1296 2132 1351 2183 αἱ
1380 2131 1561 2183 λοιπαὶ
1581 2125 1679 2201 τῆς
1704 2129 1963 2192 Ἰουδαίας

390 2220 590 2283 πόλεις.
620 2222 702 2274 Τά
731 2238 795 2290 γε
845 2224 950 2293 μὴν
981 2222 1166 2292 κύκλῳ
1218 2221 1313 2275 καὶ
1350 2221 1605 2292 περίοικα
1648 2221 1756 2273 τῶν
1795 2219 1964 2272 ἐθνῶν

389 2312 712 2382 ἐπεμειδίων
747 2314 995 2385 κειμένῃ,
1027 2314 1120 2368 καὶ
1152 2314 1436 2384 μονονουχὶ
1466 2313 1846 2375 κατασείοντες
1878 2312 1977 2363 ἐπ”

389 2407 525 2476 αὐτῇ
583 2405 682 2469 τὰς
724 2407 967 2476 κεφαλάς
1021 2406 1196 2461 πλατὺ
1247 2406 1515 2475 γελῶντες
1568 2404 1824 2474 ἔφασκον,
1864 2404 1965 2473 τῆς

390 2498 691 2569 Ἀσσυρίων
724 2499 904 2570 χειρὸς
950 2499 1213 2569 ἡττᾶσθαι
1242 2499 1392 2559 ,Θεόν
1414 2517 1429 2532 ·
1490 2498 1740 2569 καθάπερ
1772 2496 1972 2567 ἀμέλει

390 2591 485 2643 καὶ
508 2592 536 2643 ὁ
580 2590 860 2661 Ῥαψάκης
894 2591 1168 2663 Περσικῆς
1188 2591 1502 2655 ἀλαζονείας
1537 2591 1841 2661 ἀνάμεστος
1867 2588 1965 2652 ὣν,

391 2684 503 2745 τοῖς
534 2684 591 2735 ἐν
619 2681 696 2751 τῷ
724 2683 892 2752 τείχει
916 2682 1298 2753 καθεζομένοις
1323 2682 1585 2751 ἔφασκεν·
1637 2702 1655 2734 ι
1694 2682 1783 2753 Μὴ
1821 2683 1964 2735 ἀπαρ

392 2775 536 2827 τάτω
564 2775 707 2843 ὑμᾶς
741 2774 986 2845 Ἐζεκίας
1015 2774 1207 2843 λέγων,
1231 2776 1313 2828 ὃτι
1359 2775 1606 2828 Ῥύσεται
1653 2773 1840 2836 δΘεὸς
1867 2774 1967 2845 τὴν

405 2868 838 2939 Ἰερουσαλὴμνὲκ
865 2869 1046 2939 χειρός
1077 2884 1197 2938 μου.
1240 2886 1257 2919 ι
1290 2865 1500 2920 Οὐκοῦν
1523 2863 1966 2936 ἐπειδήπερόμοῦ

393 2963 503 3022 τοῖς
530 2962 593 3013 ἐκ
618 2959 930 3023 Βαϐυλῶνος
968 2960 1059 3012 καὶ
1084 2958 1154 3012 τά
1198 2959 1362 3028 ’ἐτερα
1406 2956 1514 3011 τῶν
1543 2957 1709 3010 ἐθνῶν
1745 2958 1843 3027 τὴν
1872 2955 1966 3009 τοῦ

395 3051 528 3105 Θεοῦ
551 3051 707 3116 δόξαν
726 3048 1261 3121 κατακερτομοῦντες
1280 3051 1537 3119 ἔφασκον,
1560 3050 1619 3102 οὐ
1653 3047 1968 3119 δεδυνῆσθαι

399 3142 588 3205 σώζειν
610 3142 806 3206 αὐτοὺς
831 3142 922 3195 τὸν
951 3142 1120 3195 πάλαι
1152 3143 1547 3213 προεστηκότα,
1567 3140 1737 3213 ταύτῃ
1765 3158 1846 3193 τοι
1875 3139 1969 3192 καὶ

401 3233 602 3304 σφόδρα
622 3233 842 3295 εἰκότως
876 3232 971 3285 καὶ
1003 3231 1111 3283 τῶν
1156 3230 1525 3302 πεπλημμελη
1536 3230 1714 3301 μένων
1752 3231 1843 3283 καὶ
1871 3232 1969 3300 τῆς

2056 659 2113 702 et
2165 660 2378 700 sacrum
2408 642 2689 698 donarium
2724 641 2847 703 erit.
2878 650 2935 694 et
2969 637 3169 693 oblatio
3222 636 3531 703 fructuum,
3574 645 3636 690 ut

2058 738 2221 792 edant
2244 744 2298 790 et
2324 735 2717 789 bibantcoram
2756 732 3003 787 Domino.
3035 727 3178 784 Olim
3210 728 3353 781 enim
3367 726 3634 781 idolorum

2059 829 2346 885 domiciliis
2390 836 2446 883 et
2482 824 2868 881 daemoniorum
2898 821 3040 876 l‘auis
3070 818 3367 888 occupatis,
3428 816 3637 873 sacriﬁ-

2057 922 2138 977 cia
2160 921 2485 985 obtulerunt,
2513 928 2568 972 et
2599 929 2894 988 panegyres
2953 920 3242 981 castusque
3265 912 3413 965 inter
3460 922 3521 964 se
3578 908 3633 962 iu

2060 1018 2316 1065 honorem
2343 1022 2408 1063 ac
2435 1007 2658 1078 gloriam
2684 1018 2901 1060 suorum
2927 1003 3207 1056 numinum
3240 1000 3633 1054 celebrarunt:

2060 1103 2236 1157 adhuc
2266 1102 2408 1157 enim
2441 1099 2715 1155 errabant.
2739 1095 3033 1164 Postquam
3059 1108 3208 1156 vero,
3234 1089 3451 1153 utdixi,
3468 1086 3633 1142 Deum

2059 1209 2245 1249 verum
2296 1193 2657 1264 agnovissent,
2690 1196 2924 1258 quaestus
2960 1184 3357 1256 negotiationis»
3405 1180 3636 1235 Domino

2059 1301 2212 1342 sacer
2249 1282 2769 1353 fuit,comedebaut
2815 1288 2868 1335 et
2926 1277 3200 1339 bibebant;
3258 1273 3511 1341 deinceps
3578 1270 3638 1323 in

2061 1387 2488 1441 monumentum,
2519 1391 2702 1430 coram
2728 1373 2955 1428 Domino
2995 1370 3104 1424 Deo
3131 1367 3401 1434 videlicet,
3435 1367 3505 1421 ob
3547 1377 3636 1419 res

2063 1486 2343 1543 prosperas
2370 1470 2665 1541 gratiarum
2692 1468 2842 1521 dona-
2857 1462 3274 1520 consecrabant.

2134 1787 2262 1841 Car.
2295 1782 2649 1838 XXIV.Vsus.
2678 1783 2729 1836 1.
2757 1780 2891 1835 Ecce
2920 1778 3171 1834 Dominus
3212 1772 3492 1842 dissipabit
3548 1788 3635 1826 or-

2065 1880 2174 1932 bem
2198 1889 2479 1940 terrarum,
2498 1886 2544 1928 et
2561 1874 2745 1928 delebit
2775 1888 2914 1937 eum;
2944 1881 2995 1926 et
3015 1879 3201 1940 releget
3227 1867 3415 1938 facient
3436 1870 3571 1935 ejus,
3588 1869 3648 1918 et

1993 1973 2035 2028 Β
2063 1968 2321 2038 disperget
2379 1969 2493 2037 ejus
2520 1966 2859 2018 habitatores.

2134 2062 2309 2129 Supra
2365 2059 2475 2113 dixi
2534 2066 2800 2111 vastatam
2864 2070 2986 2111 esse
3047 2052 3372 2118 Jerusalem,
3420 2058 3477 2106 et
3532 2064 3641 2105 una

2066 2150 2299 2218 reliquas
2364 2146 2564 2203 Iudaeae
2615 2146 2776 2199 urbes
2834 2144 2998 2200 fuisse
3070 2142 3377 2211 dissipatas.
3442 2137 3643 2193 Gentes

2065 2252 2243 2296 autem
2273 2242 2701 2308 circumquaque
2725 2238 2964 2292 linitimaa
2989 2235 3192 2304 iacenti
3242 2234 3557 2296 illudebant,
3588 2240 3646 2286 et

2067 2343 2269 2388 tantum
2287 2347 2389 2387 non
2408 2333 2565 2386 motis
2580 2332 2864 2400 capitibus,
2883 2331 3103 2385 diducto
3143 2342 3238 2383 ore
3278 2326 3384 2381 late
3406 2324 3644 2400 ridentes

2065 2423 2398 2488 dictitarunt,
2447 2421 2790 2493 Assyriorum
2841 2435 3000 2473 manu
3063 2418 3375 2473 inferiorem
3433 2396 3640 2470 Deum:

2066 2516 2513 2588 quemadmodum
2545 2525 2693 2570 certe
2722 2523 2776 2568 et
2839 2512 3114 2582 Rapsaces
3175 2508 3389 2564 Persica
3453 2506 3644 2575 plenus

2067 2609 2392 2679 arrogantia,
2427 2609 2479 2661 in
2512 2622 2668 2661 muro
2694 2606 3011 2661 sedentibus
3042 2603 3179 2658 dixit
3211 2620 3224 2655 :
3263 2619 3280 2652 ι
3307 2598 3384 2654 Ne
3410 2594 3646 2667 decipiat

2067 2715 2164 2755 vos
2200 2699 2463 2755 Ezechias
2490 2700 2675 2753 dicens
2704 2714 2718 2750 :
2754 2696 3028 2751 Liberabit
3062 2694 3205 2748 Deus
3225 2689 3527 2745 Jerusalem
3576 2702 3643 2740 ex

2068 2806 2230 2846 manu
2262 2804 2383 2844 mea
2420 2790 2484 2844 ³³.
2520 2807 2539 2840 ι
2562 2788 2696 2855 Quia
2733 2788 2896 2857 igitur
2949 2800 3070 2840 cum
3134 2782 3433 2851 Babylone,
3486 2776 3647 2848 335

2069 2884 2188 2937 aliae
2217 2896 2428 2951 quoque
2465 2890 2651 2951 gentes
2690 2880 2928 2933 divinam
2993 2876 3333 2946 majestatem
3387 2869 3648 2926 conviciis

2076 2976 2433 3037 incessentes,
2458 2971 2605 3025 illum
2636 2985 2825 3025 eorum
2859 2968 3129 3038 quondam
3184 2966 3372 3020 ducem
3417 2976 3522 3016 non
3548 2973 3648 3029 po-

2071 3067 2237 3121 tuisse
2272 3080 2489 3120 servare
2508 3077 2601 3119 eos
2619 3061 2985 3116 dictitassent‘
3028 3059 3158 3112 hinc
3192 3054 3490 3127 justissime
3531 3050 3652 3120 qui-

2070 3160 2189 3213 dem
2205 3167 2257 3212 et
2270 3156 2586 3212 delictorum
2606 3162 2660 3209 et
2674 3164 2779 3208 tam
2797 3151 2974 3222 impia:
2988 3166 3052 3205 ac
3068 3149 3342 3204 eﬂ‘renataa
3354 3144 3653 3201 dicacitatis

2070 3243 2878 3316 pmnasdederunt,traditaque
2916 3250 3042 3294 sunt
3083 3239 3284 3308 elipsas
3337 3231 3649 3305 Babyloniis

401 3327 479 3389 εἰς
510 3322 975 3386 τοῦτονδυσσεϐοὖς
995 3322 1394 3393 ἀθυροστομίας
1417 3322 1780 3391 πραττόμενοι
1801 3321 1974 3385 δίκας,

2082 3344 2133 3397 in
2153 3343 2531 3397 vastationem.
2554 3340 2827 3394 Visionem
2848 3346 3025 3390 autem
3040 3333 3107 3389 de
3122 3332 3350 3403 singulis
3399 3327 3649 3400 gentibus

397 3418 635 3473 δέδονται
666 3416 939 3469 καίαὑτοὶ
991 3418 1104 3477 τοῖς
1158 3413 1519 3476 Βαϐυλωνίοις
1564 3414 1642 3475 εἰς
1671 3413 1970 3484 ἐρήμωσιν.

401 3510 509 3562 Καὶ
536 3508 634 3579 τὴν
657 3506 744 3575 ἐφ’
784 3505 998 3575 έκάστῳ
1030 3503 1139 3557 τῶν
1174 3503 1341 3556 ἐθνῶν
1368 3503 1558 3573 ὅρασιν
1591 3503 1620 3554 6
1640 3501 1737 3571 τῆς
1768 3518 1979 3571 προφη-

402 3600 551 3661 τείας
598 3601 732 3669 ὴμῖν
775 3598 1097 3666 ἀφηγήσατο
1134 3594 1311 3663 λόγος.
1366 3592 1823 3647 Ὑποπεπτώκασι
1868 3592 1978 3662 γὰρ

401 3694 514 3753 τοῖς
537 3693 600 3745 ἐκ
618 3689 764 3752 θείας
781 3688 950 3761 ὀργῆς
977 3690 1292 3757 κινήμασιν,
1314 3686 1598 3755 ἀλλόφυλοι
1618 3703 1676 3738 τε
1696 3685 1786 3738 καὶ
1808 3686 1977 3738 Μωα-

407 3783 571 3842 εἷται,
605 3778 952 3851 Δαμασκηνοί
977 3797 1034 3831 τε
1073 3778 1169 3831 καὶ
1206 3776 1514 3846 Αἰγύπτιοι,
1545 3776 1639 3830 καὶ
1670 3776 1775 3847 μὴν
1810 3776 1903 3829 καὶ
1929 3776 1981 3827 oi

407 3874 471 3924 ἐκ
499 3871 597 3939 τῆς
623 3871 851 3940 ἐρήμου,
893 3866 1139 3933 Ἀζώτιοι
1164 3885 1224 3920 τε
1256 3866 1351 3920 καὶ
1388 3866 1693 3935 Ἰδουμαῖοι,
1726 3866 1898 3937 Τύρος
1920 3881 1981 3917 τε

408 3962 543 4031 πρὸς
572 3960 798 4025 τούτοις,
829 3958 1111 4012 τελευταία
1140 3974 1199 4010 τε
1233 3957 1326 4009 καὶ
1359 3955 1689 4027 ήΒαϐυλὼν,
1727 3956 1820 4007 καὶ
1843 3955 1983 4009 ἀπα-

410 4069 480 4107 σα
504 4051 560 4105 δὲ
579 4052 688 4105 τῶν
724 4050 1005 4104 Χαλδαίων
1034 4052 1067 4121 ή
1097 4049 1191 4119 γῆ,
1224 4049 1342 4102 καθ’
1365 4049 1655 4120 ὁμοιότητα
1681 4048 1790 4101 τῶν
1806 4048 1981 4103 ἄλλων

406 4144 715 4215 ἠρήμωται,
750 4142 931 4212 Κύρου
963 4141 1056 4195 τοῦ
1090 4141 1390 4212 Καμϐύσου
1419 4142 1513 4194 καὶ
1548 4141 1837 4210 Μανδάνης
1863 4140 1982 4194 υἱοῦ

410 4234 888 4301 κατεξανιστάντος
947 4234 1114 4304 αὐτῆς
1153 4232 1469 4303 Ἀσσυρίους
1511 4249 1571 4284 τε
1619 4232 1713 4285 καὶ
1743 4233 1983 4303 Μήδους.

424 4325 869 4396 Ἀφητησάμενος
900 4323 1078 4377 τοίνυν
1103 4325 1133 4376 ὁ
1164 4322 1431 4393 μακάριος
1463 4324 1747 4393 προφήτης
1768 4323 1834 4379 τὰ
1856 4323 1984 4376 ἐκά·

412 4432 522 4486 στῳ
546 4416 652 4469 τῶν
685 4414 1088 4486 ὠνομασμένων
1108 4413 1276 4467 ἐθνῶν
1307 4415 1371 4466 ἐκ
1405 4414 1555 4477 θείας
1584 4415 1753 4485 ὀργῆς
1786 4417 1983 4485 ἐπενη-

410 4507 666 4577 νεγμένα,
698 4506 785 4560 διὰ
802 4506 911 4559 τῶν
941 4506 1336 4578 προκειμένων,
1361 4506 1638 4575 μονονουχὶ
1662 4504 1754 4557 τοῦ
1787 4505 1986 4569 παντὸς

409 4598 567 4667 λόγου
606 4601 837 4651 ποιεῖται
869 4597 968 4667 τὴν
1003 4597 1507 4665 ἀνακεφαλαίωσιν,
1549 4598 1643 4650 καὶ
1675 4599 1986 4668 οἰκουμενι-

412 4660 512 4762 κὴν
537 4692 790 4762 ὀνομάζει
816 4660 1020 4763 φθοράν
1040 4689 1138 4761 τὴν
1162 4660 1304 4743 κατὰ
1324 4689 1530 4742 πολλῶν
1562 4689 1729 4743 ἐθνῶν
1761 4660 1987 4759 γενομέ-
2015 4660 2065 4719 Ῑ)

410 4801 527 4854 νην.
552 4783 737 4856 Ταύτῃ
768 4784 848 4837 τοί
878 4799 1060 4853 φησιν*
1110 4782 1240 4835 Ἰδοὺ
1277 4783 1477 4852 Κύριος
1508 4781 1862 4852 καταφθείρει
1887 4780 1984 4851 τὴν

411 4875 754 4947 οἰκουμένην,
788 4877 880 4929 καὶ
901 4874 1178 4949 ἐρημώσει
1200 4875 1389 4945 αὐτὴν,
1414 4875 1509 4928 καὶ
1551 4874 1887 4944 ἀνακαλύψει
1923 4875 1984 4927 τὸ

412 4968 702 5038 πρόσωπον
733 4966 922 5036 αὐτῆς.
952 4968 1026 5019 Οὐ
1048 4967 1155 5036 γάρ
1178 4983 1260 5018 τοι
1297 4966 1394 5036 μία
1422 4966 1515 5019 καὶ
1542 4966 1636 5019 δύο
1661 4966 1982 5020 πεπτώκασι

415 5059 618 5123 πόλεις,
637 5058 1058 5129 κατεφθάρησαν
1087 5058 1143 5111 δὲ
1173 5057 1345 5131 χῶραί
1377 5074 1436 5110 τε
1464 5057 1557 5109 καὶ
1581 5057 1708 5127 ἔθνη
1742 5057 1882 5110 κατά
1920 5073 1984 5124 γε

414 5151 537 5212 coit;
565 5150 665 5220 ῆδη
698 5150 1127 5220 προειρημένους
1153 5149 1408 5219 τρόπους.
1434 5147 1784 5217 Καταφθερεῖ
1810 5148 1988 5200 τοίνυν

416 5241 510 5292 καὶ
534 5241 834 5312 ἐρημώσει,
862 5242 1017 5313 φησὶ,
1044 5242 1142 5311 τὴν
1169 5240 1515 5310 οἰκουμένην,
1548 5240 1640 5291 καὶ
1657 5238 1990 5309 ἀνακαλύψει

2032 3480 2035 3487 .
2080 3435 2393 3504 pr0phetica
2418 3431 2569 3486 nobis
2596 3426 3052 3497 exposuitoratio.
3075 3424 3310 3492 Subiecti
3350 3421 3495 3476 enim
3529 3424 3670 3473 sult-

2079 3524 2244 3579 divini
2271 3516 3216 3588 furorisjactationibusAmmonitae,
3237 3510 3501 3570 Moabitae,
3548 3505 3657 3559 Da-

2080 3613 2333 3675 masceni,
2350 3610 2582 3681 [Egyptii
2596 3610 2751 3678 etqui
2770 3623 2835 3662 ex
2854 3609 3063 3661 deserto
3080 3611 3254 3664 erant,
3276 3600 3448 3654 Azotii
3467 3594 3655 3651 etldu-

2082 3707 2222 3767 mmi,
2241 3707 2304 3757 ad
2323 3706 2436 3759 haec
2453 3702 2649 3771 Tyrus,
2665 3711 2716 3755 et
2738 3701 2801 3753 ad
2822 3698 3064 3752 ultimum
3093 3693 3353 3766 Babylon,
3375 3690 3658 3757 omnisque

2078 3808 2222 3854 terra
2264 3796 2634 3852 Chaldaeorum
2669 3790 2915 3860 exemplo
2948 3801 3206 3856 moreque
3239 3784 3471 3839 aliarum
3522 3794 3651 3850 gen-

2086 3892 2245 3954 tium,
2274 3890 2415 3961 Cyro
2448 3885 2734 3957 Cambysis
2767 3894 2823 3939 et
2849 3882 3128 3936 Mandanae
3158 3878 3287 3945 (ilio,
3316 3884 3503 3931 contra
3535 3886 3658 3926 eam

2080 3980 2332 4051 Assyrios
2391 3986 2446 4033 et
2506 3977 2690 4031 Medos
2748 3975 3079 4037 concitante,
3133 3970 3305 4025 deleta
3362 3974 3464 4021 est.
3521 3962 3675 4018 Cum-

2082 4074 2248 4141 igilur
2282 4073 2468 4127 beatus
2496 4072 2775 4140 propheta,
2799 4083 2920 4137 qua:
2943 4065 3171 4134 singulis
3195 4059 3445 4133 gentibus
3499 4056 3661 4112 dictis

2079 4174 2145 4215 ex
2173 4158 2358 4212 divina
2389 4157 2468 4211 ira
2502 4157 2704 4210 inﬂicta
2744 4163 2919 4217 erant,
2973 4149 3514 4208 commemoraverit:
3576 4145 3667 4200 his

2085 4250 2261 4305 verbis
2288 4250 2453 4304 totius
2485 4248 2751 4303 orationis
2776 4262 3043 4302 summam
3070 4243 3356 4313 recolllgit,
3387 4251 3441 4298 et
3496 4238 3661 4295 totius

2083 4344 2232 4398 orbis
2260 4341 2529 4397 excidium
2557 4350 2735 4403 vocat,
2760 4338 2906 4409 quod
2944 4336 3126 4391 multis
3152 4334 3402 4404 gentibus
3426 4332 3656 4417 \accidit.

2087 4433 2224 4488 Hinc
2253 4434 2355 4487 ait:
2392 4433 2534 4487 Ecce
2556 4431 2816 4486 Dominus
2841 4428 3126 4499 dissipabit
3156 4427 3343 4480 orbem
3369 4436 3656 4487 terrarum,

2087 4524 2346 4593 illumque
2375 4523 2593 4589 delebit,
2628 4532 2681 4577 et
2706 4529 2914 4590 releget
2950 4519 3143 4572 faciem
3175 4515 3310 4585 ejus.
3344 4514 3457 4568 Non
3512 4512 3656 4568 enim

2091 4614 2401 4668 unacivitas
2425 4621 2515 4665 aut
2542 4613 2660 4665 dua:
2715 4610 3048 4675 ceciderunt,
3105 4608 3198 4662 sed
3261 4604 3555 4675 provincia:
3605 4613 3672 4656 et'

2090 4712 2299 4773 gentes,
2357 4702 2425 4757 iis
2474 4716 2609 4771 quos
2653 4699 2764 4768 jam
2819 4698 2931 4753 dixi
2996 4698 3191 4760 modis,
3255 4694 3443 4749 deletae
3511 4702 3657 4747 sunt.

2090 4793 2379 4864 Dissipabit
2400 4794 2603 4862 itaque,
2637 4794 2830 4860 inquit,
2857 4798 2911 4843 et
2939 4788 3337 4843 delebitorbem
3368 4796 3658 4846 terrarum,

2089 4896 2142 4941 et
2164 4886 2280 4955 ejus
2304 4882 2492 4939 faciem
2526 4890 2749 4951 releget.
2783 4879 3030 4947 Quandiu
3064 4878 3206 4933 enim
3242 4877 3381 4930 mala
3438 4875 3661 4939 tolerat,

2088 4987 2142 5034 et
2170 4976 2343 5033 differt
2379 4988 2566 5045 poenas
2595 4971 2960 5027 universitatis
3028 4970 3187 5035 Deus,
3232 4967 3363 5022 latet
3394 4967 3658 5037 quodam-

2084 5068 2242 5123 modo
2290 5067 2576 5135 impiorum
2600 5066 2731 5128 vita,
2766 5074 2821 5117 et
2850 5061 3113 5132 cujusque
3162 5059 3285 5114 vitae
3332 5058 3523 5123 facies,
3566 5072 3673 5111 setr

2085 5158 2291 5228 species
2323 5157 2474 5226 quasi
2511 5156 2707 5226 tegitur
2737 5166 2793 5211 et
2830 5153 3156 5209 occultatur.
3192 5151 3328 5208 Cum
3358 5164 3489 5203 vero
3517 5148 3661 5203 iram

2089 5249 2377 5321 inlligit,et
2416 5250 2481 5303 de
2517 5249 2728 5319 singulo
2754 5262 2969 5318 quoque
3022 5247 3241 5316 dignum
3302 5257 3371 5297 ac
3423 5241 3671 5295 debitum-

414 5333 475 5385 τὸ
522 5333 812 5405 πρόσωπον
864 5335 1053 5404 αὐτῆς.
1104 5334 1248 5396 Ἕως
1290 5333 1388 5403 μὲν
1415 5332 1521 5401 γάρ
1569 5330 1881 5395 ἀνεξικακεί
1902 5332 1974 5383 κα¹

2091 5342 2255 5394 sumit
2288 5340 2628 5410 supplicium,
2690 5340 2954 5410 supplicio
3010 5338 3325 5392 affectorum
3373 5334 3542 5388 facies
3599 5348 3665 5385 ac

414 5427 775 5482 ἀναϐάλλεται
809 5429 907 5493 τὰς
936 5428 1086 5491 δίκας
1112 5430 1140 5480 ό
1169 5428 1277 5479 τῶν
1308 5426 1443 5479 ὅλων
1473 5423 1624 5487 Θεὸς,
1654 5424 1989 5478 διαλανθάνει

414 5531 534 5579 πως
564 5518 656 5569 καὶ
682 5518 711 5569 6
736 5518 842 5569 τῶν
861 5516 1072 5570 ἀσεϐῶν
1104 5516 1237 5586 βίος,
1263 5514 1355 5568 καὶ
1375 5512 1538 5566 οἱονεὶ
1563 5515 1865 5584 κέκρυπται
1891 5514 1989 5579 τῆς

414 5605 646 5661 ἑκάστου
666 5608 809 5679 ζωῆς
842 5609 902 5660 τὸ
932 5609 1239 5679 πρόσωπον,
1270 5607 1437 5677 ήγουν
1464 5608 1497 5676 ή
1526 5606 1817 5675 ἐμφάνεια.
1859 5606 1989 5658 Ἐπ-

415 5699 642 5767 άτοντος
668 5698 724 5751 δέ
748 5701 848 5768 τὴν
868 5699 1038 5769 ὀργὴν
1071 5700 1164 5752 καὶ
1190 5699 1286 5752 τὴν
1332 5697 1548 5767 ἑκάστῳ
1598 5697 1907 5769 πρέπουσάν
1932 5713 1989 5750 τε

495 5869 543 5903 ⁸⁸
570 5871 631 5925 IV
678 5872 806 5943 Reg.
856 5888 1009 5939 xvm,
1036 5873 1129 5939 '29,
1157 5875 1245 5929 30.

2098 5443 2323 5498 persona
2383 5430 2659 5497 retegitur.
2718 5429 2912 5495 Quales
2964 5428 3108 5481 enim
3168 5426 3277 5481 sint
3328 5433 3383 5479 et
3439 5422 3667 5483 fuerint,

2097 5536 2264 5591 genus
2343 5520 2819 5575 animadversionis
2865 5518 3063 5590 arguit,
3129 5515 3391 5586 siquidem
3476 5527 3670 5566 verum

2098 5623 2199 5676 cst,
2244 5612 2571 5666 redditurum
2598 5612 2762 5667 Deum
2818 5610 3101 5680 unicuique
3151 5607 3444 5664 secundum
3500 5621 3662 5675 opera

2100 5716 2214 5756 sua.
2250 5702 2385 5769 Quin
2446 5711 2500 5756 et
2554 5701 2681 5757 illud
2744 5710 2873 5771 puto
2920 5700 3221 5756 dicendum.
3271 5698 3490 5754 Scilicet
3538 5710 3661 5752 cum
