4162 6406
474 354 577 411 555

1510 355 1566 408 S.
1612 354 1888 410 CYRILLI
1925 350 2391 409 ALEXANDle
2429 350 2738 408 AHCHIEP.

3623 323 3753 415 ὥς.

471 470 656 525 urbem
717 476 979 523 terrarum
1036 468 1294 538 propheta
1375 470 1729 533 nominasset,
1791 470 2047 538 illumque

2152 468 2246 520 καὶ
2284 465 2639 536 ὀφειλομένην
2683 464 3017 530 ἐπιτιθέντος
3060 464 3281 520 κόλασιν
3319 466 3737 537 ἀπογυμνοῦται

470 559 758 615 delendum
788 569 844 615 et
902 560 955 615 in
1006 560 1353 615 solitudinem
1394 560 1742 629 redigendum
1792 560 2042 624 disisset,

469 652 656 706 volunt
676 650 893 720 quidam
937 650 1307 720 prOpbeticum
1329 664 1636 705 sermonem
1658 650 1807 705 velut
1852 664 1882 702 a
1908 664 2037 718 par-

472 745 682 801 ticulari
704 745 1089 814 indignatione,
1117 745 1184 798 ad
1212 743 1523 813 generalem
1559 752 1614 796 et
1637 752 1824 799 contra
1854 757 2045 798 omnes

470 839 819 901 descendere,
840 846 1198 906 asseruntque
1229 837 1405 907 palam
1435 835 1679 905 pradici,
1704 850 1829 904 qua:
1849 842 2049 902 tempo-

471 947 529 985 re
558 930 1046 986 consummationis
1070 939 1226 983 erant
1251 928 1451 983 mundo
1492 935 1774 983 eventura.
1824 925 2048 995 Oportet

468 1024 649 1093 itaque
680 1036 777 1075 nos
798 1020 1006 1076 illorum
1055 1021 1207 1088 sequi
1255 1018 1577 1082 sententias,
1632 1026 1689 1071 et
1739 1030 1862 1086 qua:
1904 1014 2045 1071 dicta

469 1122 592 1167 sunt
618 1111 827 1181 singula
882 1110 1171 1177 dupliciter
1228 1109 1597 1177 interpretari.
1646 1106 1879 1163 Proinde
1939 1116 2048 1159 ter-

472 1220 649 1259 rarum
676 1208 865 1259 orbem
882 1206 1208 1275 perdendum
1226 1203 1390 1274 336
1403 1203 1603 1257 dicitet
1638 1198 2048 1262 vastandum,et

474 1298 666 1352 faciem
696 1295 814 1364 ejus
845 1296 1227 1367 detegendam,
1254 1295 1339 1350 his
1385 1295 1639 1349 nimirum
1699 1306 1819 1360 qua:
1862 1305 1891 1344 a
1939 1290 2049 1344 sin.

470 1389 605 1457 gulis
625 1399 777 1457 gesta
794 1399 921 1443 sunt
944 1390 1249 1459 patefactis,
1288 1387 1404 1442 sive
1428 1387 1584 1442 bonis
1616 1386 1730 1439 sive
1750 1384 1924 1437 malis.
1962 1383 2049 1439 Di-

471 1492 812 1552 spergetque,
842 1482 1039 1551 inquit,
1065 1480 1371 1535 habitantes
1402 1479 1456 1533 in
1496 1493 1580 1533 eo.
1621 1476 1677 1531 Si
1706 1477 1771 1532 de
1800 1474 2049 1546 gentibus

474 1574 553 1628 vis
578 1573 861 1627 sententia:
880 1569 1483 1640 eﬂ‘eratur,intelliges,
1532 1568 1691 1623 dictis
1741 1564 2050 1636 regionibus

472 1667 525 1719 in
562 1664 865 1720 vastitatem
900 1663 1163 1729 deductis,
1186 1677 1372 1718 earum
1402 1659 1609 1716 incolas
1654 1658 1851 1727 partim
1878 1656 2051 1710 disse-

474 1758 703 1814 minatos
723 1766 779 1811 et
811 1756 1086 1824 disiectos,
1115 1755 1313 1825 partim
1346 1752 1589 1821 captivos
1653 1749 1889 1804 servisse
1945 1761 2041 1802 ca-

2147 558 2253 611 τῶν
2303 558 2683 628 κολαζομένων
2734 559 2795 612 τὸ
2856 559 3166 629 πρόσωπον.
3212 562 3413 615 Ὀτιοϊοι
3446 562 3557 634 γάρ
3586 565 3729 627 τινές

2147 653 2254 703 εἰσι
2287 653 2377 705 καὶ
2398 653 2703 720 γεγόνασιν,
2721 654 2748 705 6
2784 651 2887 721 τῆς
2916 653 3127 723 μωρίας
3152 653 3481 708 διαδείκνυσι
3507 656 3725 727 τρόπος,

2145 744 2304 812 εἴτ-τερ
2336 743 2481 795 ἐστὶν
2518 742 2717 811 ἀληθὲς
2753 742 2827 805 ὡς
2863 742 3131 797 ἀποδώσει
3175 744 3307 806 Θεὸς
3340 746 3555 817 ἑκάστῳ
3587 747 3730 800 κατά

2146 836 2215 889 τὰ
2238 835 2373 904 ἔργα
2392 834 2580 888 αὑτοῦ.
2609 836 2819 906 Χρῆναι
2840 835 2895 888 δὲ
2914 831 3068 905 οἶμαι
3086 839 3308 891 κάκεῖνο
3335 840 3529 891 εἰπεῖν.
3554 838 3733 892 Ἐπειο

2146 927 2208 997 δή
2237 928 2347 998 γάρ
2372 927 2695 998 οἰκουμένην
2712 930 2741 981 ὁ
2768 931 3053 999 προφήτης
3081 929 3385 999 ὠνόμασεν,
3414 929 3521 1002 ἔφη
3547 947 3605 983 τε
3628 932 3733 983 αὑ-

2146 1020 2245 1090 τὴν
2280 1018 2834 1090 καταφθαρήσεσθαι·
2872 1022 2964 1074 καὶ
2988 1020 3095 1093 μὴν
3128 1022 3221 1075 καὶ
3261 1024 3341 1085 εἰς
3377 1022 3610 1093 ἐρημίαν
3642 1022 3725 1074 ἐλ-

2147 1112 2281 1173 θεῖν,
2312 1111 2594 1181 βούλονταί
2621 1128 2785 1176 τινες,
2837 1112 2912 1175 ὡς
2941 1113 3004 1164 ὲκ
3037 1113 3267 1185 μερικῆς
3304 1114 3731 1185 ἀγανακτήσεως

2148 1204 2239 1256 ἐπὶ
2265 1203 2367 1273 τὴν
2394 1202 2514 1256 καθ’
2546 1204 2668 1255 ὅλου
2705 1206 2794 1256 καὶ
2818 1203 2961 1257 κατὰ
2992 1204 3207 1258 πάντων
3235 1204 3629 1275 μεταφοιτῆσαι
3649 1204 3731 1275 τῷ

2148 1295 2405 1365 προφήτῃ
2430 1294 2529 1347 τὸν
2552 1294 2739 1363 λόγον·
2778 1296 2875 1347 καί
2905 1294 2970 1364 δὴ
2996 1295 3089 1348 καί
3123 1311 3287 1364 φασιν
3324 1296 3404 1348 ὅτι
3434 1284 3502 1347 τὰ
3525 1293 3733 1365 συμδη·

2150 1388 2355 1458 σόμενα
2377 1386 2459 1457 τῷ
2490 1387 2704 1456 κόσμῳ,
2730 1386 2825 1439 καί.
2853 1386 2998 1440 κατὰ
3019 1386 3111 1441 τὸν
3135 1388 3234 1456 τῆς
3272 1384 3580 1447 σωτελείας
3614 1402 3733 1437 και-

2150 1478 2243 1549 ρὸν
2277 1480 2683 1550 προαφηγεῖται
2720 1477 2926 1547 σαφῶς.
2964 1478 3082 1548 Χρὴ
3115 1476 3291 1530 τοίνυν
3321 1478 3469 1547 ἡμᾶς
3495 1475 3588 1528 καὶ
3614 1477 3741 1537 ταῖς

2148 1570 2373 1625 ἐκείναιν
2397 1570 2629 1632 ἐννοίαις
2647 1569 2880 1622 ἕπεσθαι
2909 1568 3019 1622 δεῖν
3040 1568 3329 1638 ἑλομένους
3358 1567 3543 1639 διττὴν
3574 1569 3737 1619 ποιεῦ-

2151 1664 2274 1718 σθαι
2307 1664 2406 1733 τὴν
2439 1664 2524 1732 ἐφ’
2557 1661 2774 1733 ἑκάστῳ
2816 1661 2927 1716 τῶν
2962 1661 3269 1731 λεγομένων
3295 1660 3393 1732 τὴν
3431 1660 3739 1730 ἀφήγησιν..

2150 1755 2682 1828 Καταφθαρήσεσθαι
2726 1756 2908 1809 τοίνυν
2956 1756 3057 1826 τὴν
3105 1754 3436 1824 οἰκουμένην
3462 1750 3598 1821 φησί
3638 1752 3741 1804 καὶ

474 1849 766 1920 pientibus,
800 1848 1091 1916 relictaque
1119 1861 1217 1901 sua
1263 1846 1459 1915 patria,
1496 1844 1562 1899 ad
1611 1842 1745 1896 alias
1771 1839 2039 1909 demigra-

2148 1850 2242 1919 ὲρη
2253 1848 2621 1919 μωθήσεσθαι,
2649 1852 2745 1903 καὶ
2767 1850 2828 1903 τὸ
2845 1850 3135 1920 πρόσωπον
3158 1847 3329 1915 αὐτῆς
3349 1842 3735 1913 ἀποκαλυφθή-

473 1942 635 1996 visse.
700 1940 795 1994 Sin
861 1940 928 1995 de
983 1937 1277 1993 universali
1320 1934 1556 2006 judicio,
1624 1932 1924 2003 dispersum
1981 1930 2046 1983 iri

474 2033 778 2087 habitantes
831 2034 884 2088 in
932 2041 1075 2087 terra
1109 2032 1414 2105 signiﬁcare
1473 2026 1672 2099 poterit
1727 2025 1913 2087 dividi,
1987 2022 2040 2077 id

471 2125 614 2193 quod
673 2134 859 2194 aperte
903 2125 1121 2180 docebit
1166 2126 1447 2186 Servator,
1499 2122 1719 2176 dicens:
1787 2114 2050 2187 sQuando

472 2218 672 2273 sederit
697 2214 867 2275 Filius
897 2218 1128 2274 hominis
1167 2218 1219 2272 in
1244 2216 1382 2272 solio
1402 2214 1705 2284 maiestatis
1765 2228 1895 2280 suae,
1938 2224 2049 2268 sta-

472 2312 815 2365 liUﬂlOV853
871 2311 1099 2377 dextris,
1166 2308 1361 2365 hazdia
1425 2307 1797 2363 sinistris‘9.»
1862 2307 2048 2375 Itaque

471 2418 568 2471 pro
606 2403 845 2461 dividere
872 2406 956 2460 vel
980 2406 1255 2475 dispartiri
1287 2404 1621 2460 habitatores
1678 2412 1860 2467 terrae,
1892 2400 2046 2465 illud,

474 2488 809 2561 Dispergere,
856 2493 944 2548 hic
982 2494 1180 2564 posuit.

2146 1940 2355 2006 σεσθαι,
2380 1959 2513 2011 φανε
2524 1942 2799 2013 ρουμένων
2824 1941 3070 2010 δηλονότι
3097 1940 3209 1993 τῶν
3248 1940 3465 2008 ἑκάστῳ
3513 1953 3723 2006 πεπρα-

2146 2030 2364 2101 γμένων
2402 2033 2511 2085 εἴτε
2531 2031 2756 2101 ἀγαθῶν
2784 2033 2894 2085 εἴτε
2928 2032 3145 2102 φαύλων
3167 2073 3182 2097 ,
3217 2030 3503 2100 διασπερεί
3525 2028 3582 2080 δὲ
3606 2027 3734 2087 τοὺς

2146 2124 2485 2188 ἐνοικοῦντας
2509 2126 2568 2177 ἐν
2586 2125 2750 2196 αὐτῇ,
2774 2126 2867 2178 καί
2894 2126 2942 2176 εἰ
2971 2125 3067 2193 μὲν
3088 2124 3178 2177 ἐπὶ
3201 2120 3306 2174 τῶν
3326 2118 3495 2173 ἐθνῶν
3517 2118 3733 2187 φέροιτο

2144 2216 2245 2286 τῆς
2272 2216 2475 2282 ἐννοίας
2506 2219 2539 2290 ἡ
2574 2216 2800 2291 δύναμις
2830 2219 3044 2292 νοήσεις
3075 2217 3159 2273 ὅτι
3188 2235 3295 2272 των
3325 2215 3731 2290 ὠνομασμένων

2146 2309 2341 2380 χωρῶν
2371 2312 2452 2374 είς
2496 2312 2735 2383 ἐρημίαν
2781 2314 3180 2384 ἐνηνεγμένων,
3232 2313 3284 2365 οἱ
3314 2312 3649 2374 ἐνοικοῦντες
3672 2313 3734 2364 ἐν

2144 2403 2355 2465 αὐταῖς,
2406 2405 2454 2456 οἱ
2498 2405 2600 2474 μὲν
2646 2405 3041 2477 διεσπάρησαν,
3082 2408 3132 2459 οἰ
3162 2406 3219 2459 δὲ
3254 2407 3353 2460 καί
3400 2405 3733 2475 αἰχμάλωτοι

2144 2495 2425 2560 γεγονότες
2453 2500 2563 2561 τοῖς
2588 2497 2768 2550 ἑλοῦσι
2793 2498 3193 2565 δεδουλεύκασι,
3217 2499 3314 2552 καὶ
3342 2499 3443 2569 τὴν
3476 2495 3733 2564 ἐνεγκοῦ-

475 2598 572 2639 σαν
597 2586 848 2655 ἀφέντες,
877 2590 1397 2659 μετακεχωρήκασιν
1435 2591 1515 2653 εἰς
1548 2590 1759 2660 ἐτέρας.
1792 2590 1857 2642 Εἰ
1904 2589 1960 2642 δὲ
2012 2588 2103 2640 ἐπὶ
2140 2591 2241 2660 τῆς
2279 2592 2399 2644 καθ’
2430 2594 2553 2647 ὅλου
2591 2595 2843 2665 κρίσεως,
2864 2596 2927 2650 τὸ
2958 2594 3428 2666 διασπαρήσεσθαι
3455 2592 3583 2655 τοὺς
3598 2593 3745 2646 ἐνοι.

473 2677 703 2744 κοῦντας
744 2684 802 2735 ἐν
841 2685 909 2753 τῇ
949 2686 1019 2754 γῇ
1052 2683 1513 2754 κατασημαίνειεν
1548 2684 1613 2738 ἂν
1643 2685 1704 2738 τὸ
1740 2684 2201 2757 διαιρεθήσεσθαι,
2252 2688 2345 2740 καὶ
2380 2688 2539 2742 τοῦτο
2604 2689 2802 2754 διδάξει
2863 2691 3049 2760 σαφῶς
3091 2692 3121 2744 6
3164 2690 3354 2761 Σωτὴρ
3410 2688 3617 2755 λέγων,
3652 2684 3733 2738 ὅτι

479 2792 499 2823 ι
536 2770 705 2825 Ὅταν
740 2773 945 2847 καθίσῃ
973 2775 1000 2824 6
1045 2773 1169 2838 Υἱὸς
1211 2773 1307 2827 τοῦ
1338 2773 1631 2847 ἀνθρώπου
1661 2776 1754 2828 ἐπὶ
1785 2773 1975 2845 θρόνου
2009 2775 2107 2845 τῆς
2143 2775 2302 2846 δόξης
2335 2778 2521 2843 αὑτοῦ,
2556 2782 2743 2849 στήσει
2779 2779 2851 2834 τὰ
2900 2782 3002 2851 μὲν
3041 2781 3289 2854 πρόϐατα
3323 2782 3389 2835 ἐκ
3414 2778 3625 2845 δεξιῶν,
3666 2783 3740 2830 τα

471 2868 526 2920 δὲ
551 2868 754 2938 ὲρήφια
784 2867 843 2932 ἐξ
885 2866 1202 2939 εὐωνύμων.
1240 2888 1261 2921 ›
1296 2867 1505 2921 Οὐκοῦν
1553 2868 1673 2922 ἀντὶ
1704 2868 1798 2920 τοῦ
1833 2866 2048 2930 διελεῖν,
2090 2866 2551 2941 ἤτοιὰπομεριεῖν
2611 2874 2736 2936 τοὺς
2774 2872 3121 2937 ἐνοικοῦντας
3195 2873 3257 2926 ἐν
3294 2875 3361 2944 τῇ
3391 2874 3487 2944 γῇ,
3517 2869 3580 2925 τὸ
3619 2868 3735 2925 δια·

473 2962 666 3030 σπερεῖ
687 2960 931 3014 τέθεικεν
967 2962 1025 3013 ἐν
1057 2962 1259 3024 αὐτοῖς.

545 3052 709 3106 Vens.
743 3052 778 3107 2
831 3053 885 3106 5.
934 3050 1002 3105 Et
1058 3055 1157 3106 erit
1198 3054 1422 3123 populus
1479 3054 1616 3109 velut
1684 3052 1950 3119 sacerdos,
1999 3062 2043 3104 et

2223 3046 2334 3100 Καὶ
2372 3046 2543 3102 ἔσται
2566 3050 2599 3100 o’
2625 3046 2774 3114 λαός
2800 3049 2881 3113 ὡς
2909 3050 2948 3103 ὁ
2988 3049 3201 3117 ἱερεὺς,
3229 3051 3327 3105 καί
3358 3054 3394 3106 ὀ
3421 3052 3563 3119 παῖς
3590 3054 3671 3121 ὡς
3700 3058 3742 3110 ὁ

471 3162 646 3201 servus
669 3156 722 3199 ιιι
750 3146 1016 3210 dominus,
1044 3156 1091 3200 et
1116 3146 1321 3216 [amula
1346 3157 1400 3202 ut
1443 3148 1680 3201 domina.
1711 3146 1831 3201 Erit
1879 3162 2053 3201 emeras

473 3249 528 3290 ιιι
583 3239 823 3305 vendens,
855 3249 902 3292 et
945 3238 1188 3307 fenerans
1221 3251 1278 3293 ut
1292 3238 1445 3309 fenus
1474 3240 1757 3309 accipiens,
1787 3239 1976 3294 debeas
1999 3250 2055 3295 ut

474 3329 517 3383 is
564 3330 650 3383 cui
696 3330 864 3385 debet.
921 3328 1232 3385 Perditione
1262 3332 1697 3400 perdeturterra,
1731 3342 1779 3386 et
1802 3333 2054 3400 direptio-

473 3438 535 3476 ne
556 3422 833 3490 diripietttr
855 3433 1016 3481 terra.
1042 3422 1114 3478 Os
1136 3425 1276 3479 enim
1296 3424 1506 3479 Domini
1533 3425 1761 3480 loculum
1803 3437 1877 3480 est
1917 3426 2051 3479 Ιιιῑτ.

555 3603 785 3674 Vigente
824 3620 977 3675 pace,
1023 3621 1243 3661 necesse
1270 3617 1355 3661 est
1402 3607 1643 3673 omnino,
1693 3616 1809 3661 tum
1868 3607 2049 3672 urbes,

477 3703 599 3748 tum
622 3695 930 3765 provincias
969 3699 1392 3767 congruentibus
1439 3699 1648 3768 legibus
1689 3708 1796 3753 tam
1853 3698 2057 3753 divinis

473 3802 633 3856 quam
689 3788 982 3853 humanis,
1034 3788 1428 3856 administrari,
1485 3800 1541 3843 et
1603 3791 1924 3860 dignitatum
1996 3800 2052 3846 et

475 3879 801 3948 praestantiae
823 3880 1040 3934 ordines
1067 3884 1403 3946 conservari,
1443 3890 1499 3937 et
1522 3884 1795 3952 opulentis
1829 3894 2050 3940 consta-

477 3969 617 4024 biiiri
645 3970 997 4038 opulentiam,
1025 3978 1082 4025 et
1118 3970 1301 4026 liberis
1328 3972 1657 4027 libertatem.
1707 3974 1799 4028 Sin
1830 3973 2051 4029 hostiles

477 4060 771 4130 phalanges
815 4061 1093 4131 ingruant,
1134 4071 1189 4115 et
1241 4062 1538 4116 barbarica:
1582 4063 1921 4119 crudelitatis
1973 4063 2051 4118 fo-

477 4162 718 4207 mentum
769 4161 823 4206 et
846 4153 1066 4206 materia
1096 4152 1185 4206 fiat
1211 4154 1343 4208 urbs
1372 4163 1464 4206 aut
1510 4154 1806 4223 provincia,
1865 4170 2046 4211 rerum

476 4240 961 4310 eritperturbatio,
987 4249 1042 4295 et
1068 4240 1202 4295 nihil
1253 4241 1467 4295 denuun
1505 4241 1696 4297 ordine
1747 4242 2047 4298 continebi-

480 4345 584 4387 tur.
650 4330 849 4388 Cassus
905 4333 1051 4389 enim
1116 4335 1222 4387 erit
1267 4332 1440 4389 honor
1503 4332 1869 4396 sacerdotum,
1927 4334 2043 4403 pari

480 4427 773 4481 locoerunt
798 4439 991 4481 servus
1038 4440 1103 4479 ac
1144 4424 1415 4489 dominus,
1466 4423 1665 4477 [amula
1702 4434 1756 4478 et
1805 4424 2043 4489 domina,

475 4535 661 4572 emeris
715 4527 772 4574 et
822 4521 1085 4582 vendens,
1126 4519 1377 4574 fenerans
1448 4527 1503 4572 et
1554 4517 1708 4573 fenus
1753 4519 2046 4588 accipiens,

477 4611 677 4666 debetis
712 4620 766 4665 et
795 4610 841 4666 is
869 4611 956 4665 cui
981 4611 1176 4667 debet:
1220 4610 1415 4679 quibus
1474 4610 1762 4667 denotatur
1791 4610 1942 4667 dives
1994 4619 2048 4664 et

476 4716 697 4771 pauper.
728 4700 977 4755 Pervadit
1004 4701 1146 4754 enim
1175 4714 1363 4753 omnes
1385 4698 1577 4754 eodem
1607 4700 1766 4754 modo
1790 4699 2050 4757 interitus

476 4806 530 4851 et
553 4794 817 4865 depastio,
855 4792 1089 4862 direptio
1116 4793 1324 4847 scilicet
1377 4808 1441 4847 ac
1477 4792 1828 4860 depraedatio.
1887 4791 2048 4848 Obsi-

479 4901 609 4956 gnat
662 4896 844 4943 autem
904 4886 1168 4956 propheta
1222 4899 1408 4940 verum
1455 4898 1577 4940 esse
1626 4885 1772 4952 quod
1824 4884 2047 4951 dicitur,

479 4981 717 5036 inferens
758 4977 1015 5034 :Etenim
1072 4991 1134 5032 os
1201 4973 1410 5029 Domini
1469 4973 1705 5029 locutum
1756 4981 1841 5029 est
1910 4976 2047 5030 haec.

479 5069 630 5137 Quod
677 5079 859 5126 autem
910 5083 1009 5138 pro
1063 5066 1251 5123 divino
1300 5062 1553 5119 tribunali
1619 5061 1885 5129 judicium
1930 5064 2049 5119 sine

479 5163 849 5233 acceptations
903 5175 1255 5232 personarum
1314 5159 1385 5215 sit
1434 5156 1699 5223 laturum,
1745 5156 1867 5225 quis
1930 5171 2039 5212 non

480 5254 699 5307 audebit
754 5251 977 5308 dicere?
1011 5250 1127 5305 Non
1181 5248 1323 5302 enim
1362 5246 1707 5302 auctoritatis
1752 5246 2047 5302 eminentia

483 5341 620 5392 ullos
682 5340 941 5405 servabit,
993 5339 1098 5393 nisi
1135 5338 1258 5407 quis
1308 5337 1739 5391 conversationis
1791 5336 2049 5407 legitima:

484 5429 654 5484 honos
684 5427 888 5484 ﬂuctus
922 5429 1136 5493 habeat,
1157 5445 1255 5484 nec
1275 5428 1475 5483 divitiae
1499 5442 1595 5482 eos
1618 5428 1710 5497 qui
1738 5428 1821 5481 his
1838 5426 2045 5495 praediti

483 5529 641 5575 erant
666 5520 951 5590 iuvabunt,
975 5522 1069 5576 sed
1091 5522 1252 5593 337
1291 5520 1409 5592 pari
1438 5520 1597 5577 modo
1616 5535 1681 5575 ac
1699 5519 1887 5589 aequali
1904 5527 2046 5574 statu

484 5626 673 5665 omnes
707 5613 958 5666 sistentur
980 5613 1399 5683 apudjudicem,
1432 5626 1533 5669 seu
1575 5626 1783 5681 parvus
1828 5611 1900 5668 sit
1952 5626 2044 5668 seu

558 5794 601 5825 "
625 5792 813 5848 Matth.
854 5791 1085 5857 uv,5l,
1126 5793 1214 5848 3‘2.

2155 3138 2389 3206 Κύριος,
2426 3138 2526 3193 καὶ
2558 3138 2895 3206 θεράπαινα
2924 3139 3005 3206 ὡς
3025 3143 3063 3208 ἡ
3090 3142 3269 3208 κυρία
3292 3158 3307 3173 ο
3335 3141 3507 3197 ἔσται
3526 3147 3561 3198 ὀ
3598 3146 3741 3216 ἀγο-

2146 3226 2340 3295 ράζων
2360 3229 2439 3294 ὡς
2459 3231 2492 3281 ό
2513 3228 2749 3292 πωλῶν,
2770 3229 2866 3282 καί
2890 3232 2925 3282 ὁ
2947 3227 3235 3292 δανείων
3249 3233 3331 3298 ὠς
3354 3236 3388 3287 ό
3410 3233 3737 3306 δανειζόμε-

2153 3334 2278 3385 νος.
2305 3318 2404 3371 καὶ
2451 3321 2484 3372 o'
2516 3320 2796 3387 ὀφείλων,
2824 3320 2905 3386 ὡς
2935 3312 2985 3385 ᾦ
3034 3322 3281 3390 ὀφείλει.
3317 3323 3511 3392 Φθορᾷ
3554 3344 3740 3383 xam-

2153 3411 2519 3479 φθαρήσεται
2540 3412 2577 3478 ἠ
2618 3411 2715 3482 γῆ,
2742 3413 2838 3466 καί
2875 3413 3149 3483 προνομῇ
3182 3418 3738 3486 προνομευθήσεται

2152 3505 2191 3571 ἡ
2222 3503 2316 3572 γῆ,
2354 3504 2419 3556 τὸ
2455 3504 2564 3572 γὰρ
2588 3506 2782 3572 στόμα
2803 3506 3025 3572 Κυρίου
3044 3505 3316 3571 ὲλάλησε
3348 3507 3556 3562 ταῦτα.

2222 3595 2549 3665 Κρατοὺσης
2585 3597 2807 3666 εἰρήνης
2831 3635 2845 3659 ,
2887 3596 3039 3649 πᾶσά
3078 3614 3196 3659 πως
3247 3598 3461 3669 ἀνάγκη
3490 3600 3583 3657 καὶ
3622 3602 3735 3664 τοῖς

2153 3688 2455 3759 καθήκουσι
2483 3688 2689 3758 νόμοις,
2731 3688 2895 3750 θείοις
2922 3705 2981 3740 τε
3015 3688 3106 3740 καὶ
3130 3687 3493 3759 ἀνθρωπίνοις
3517 3690 3733 3745 διοικεῖ-

2154 3779 2277 3833 σθαι
2309 3781 2401 3834 καὶ
2429 3780 2611 3842 πόλεις
2638 3780 2731 3833 καί
2758 3779 2964 3851 χώρας.
2989 3780 3085 3833 καὶ
3104 3778 3430 3845 ἀξιωμάτων
3454 3783 3546 3835 καὶ
3572 3784 3733 3853 ὑπερ-

2150 3869 2282 3940 οχῆς
2315 3869 2583 3934 σώζεσθαι
2610 3870 2813 3936 τάξεις,
2839 3869 3117 3941 ἐρρῶσθαι
3136 3886 3193 3923 τε
3228 3871 3318 3923 καὶ
3355 3872 3641 3926 πλουτοῦσι
3671 3876 3743 3928 τὰ

2150 3963 2423 4026 πλουτεῖν,
2455 3963 2552 4016 καὶ
2575 3965 2689 4026 τοίς
2720 3962 3027 4033 ἐλευθέροις
3069 3962 3166 4033 τὴν
3206 3963 3539 4035 ἐλευθερίαν.
3586 3967 3643 4020 Εἰ
3675 3967 3732 4019 ἢ

2149 4054 2561 4125 κατασκήψειαν
2588 4058 2647 4108 αἰ
2676 4054 2784 4109 τῶν
2827 4054 3098 4125 πολεμίων
3130 4056 3427 4124 φάλαγγες,
3480 4060 3573 4111 καὶ
3600 4058 3731 4128 βαρυ-

2148 4146 2382 4217 δαρικῆς
2411 4147 2693 4218 ὠμότητος
2721 4147 2882 4217 ἔργον
2912 4149 3140 4219 μένηται
3169 4148 3344 4211 πόλις,
3382 4149 3413 4219 ῆ
3448 4150 3601 4220 χώρα
3632 4168 3729 4202 τυσ-

2148 4238 2243 4307 χὸν
2278 4238 2495 4309 φυρμδς
2554 4238 2709 4291 ἔσται
2747 4241 3109 4308 πραγμάτων,
3166 4240 3265 4295 καὶ
3309 4242 3462 4295 οὐδὲν
3512 4243 3733 4306 ἐντάξει

2149 4330 2355 4386 λοιπόν.
2381 4331 2586 4402 Φρουδὴ
2618 4332 2719 4400 μὲν
2750 4333 2859 4404 γὰρ
2892 4334 3080 4404 ἱερέων
3106 4334 3261 4405 τιμὴ,
3290 4336 3346 4387 ὲν
3376 4335 3550 4408 ῑσῃνδὲ
3576 4338 3738 4403 τάξει

2155 4424 2284 4483 παῖς
2315 4423 2407 4474 καὶ
2432 4421 2620 4492 κύριος
2640 4463 2655 4485 ,
2700 4422 3004 4492 θεράπαινα
3034 4426 3129 4475 καὶ
3171 4426 3356 4494 κυρία,
3389 4429 3418 4479 6
3442 4429 3733 4498 ἀγοράζων

2156 4516 2248 4566 καὶ
2268 4517 2297 4567 6
2326 4512 2540 4573 ταυλῶν,
2567 4515 2596 4568 6
2636 4515 2895 4578 δανείζων
2926 4516 3019 4569 καὶ
3049 4518 3077 4568 ό
3112 4518 3508 4589 δανειζόμενος.
3534 4522 3727 4589 όόφείο

2154 4604 2269 4658 λων
2290 4605 2381 4658 καὶ
2400 4600 2443 4670 ᾧ
2475 4605 2708 4673 ὀφείλειο
2743 4605 3141 4676 σημαίνεταιδὲ
3169 4607 3257 4661 διὰ
3286 4611 3537 4665 τούτωνό
3565 4611 3735 4666 πλού-

2155 4716 2269 4759 σιος
2298 4699 2392 4753 καὶ
2413 4701 2443 4751 6
2471 4698 2660 4770 πένης.
2684 4701 2868 4770 Χωρεῖ
2894 4701 3001 4771 γάρ
3022 4704 3079 4754 ἐν
3100 4703 3407 4773 ῐσφιτρόπῳ
3434 4704 3577 4758 κατά
3602 4708 3729 4759 πάν-

2144 4807 2250 4843 των
2280 4792 2311 4860 ἡ
2340 4790 2531 4861 φθορὰ,
2560 4792 2653 4844 καὶ
2673 4792 2705 4861 ἡ
2728 4793 2995 4862 προνομὴ,
3026 4793 3169 4846 τοῦτ’
3196 4793 3362 4854 ἔστιν,
3385 4797 3418 4865 ἠ
3449 4795 3734 4868 διαρπαγὴ

2144 4882 2288 4951 καὶὴ
2325 4882 2707 4951 προνόμευσις.
2730 4885 3192 4954 Κατασφραγίζει,
3214 4886 3269 4939 δὲ
3302 4888 3437 4957 πρὸς
3464 4888 3728 4957 ἀλήθειαν

2142 4969 2171 5020 ὁ
2201 4974 2487 5040 προφήτης
2514 4972 2574 5023 τὸ
2596 4973 2890 5042 εἰρημένον
2921 4973 3230 5041 ἐπενεγκών
3252 4992 3275 5007 οη
3309 4976 3370 5028 τὸ
3415 4976 3523 5047 γὰρ
3552 4977 3732 5046 στόμια

2143 5061 2347 5131 Κυρίου
2397 5062 2628 5133 ἐλάλησε
2687 5062 2879 5117 ταῦτα.
2930 5064 3051 5116 ’Ότι
3087 5064 3149 5118 δὲ
3187 5066 3282 5119 καὶ
3313 5066 3410 5119 ἐπὶ
3436 5066 3531 5119 τοῦ
3580 5066 3731 5125 θείου

2151 5151 2393 5223 βήματος
2424 5155 2926 5226 ἀπροσωιτόληπτόν
2957 5156 3073 5208 ἐστι
3119 5154 3182 5208 τό
3234 5156 3429 5226 κρίμα,
3473 5156 3559 5218 τίς
3586 5158 3614 5209 6
3649 5156 3735 5227 μὴ

2147 5244 2310 5312 φάναι
2337 5246 2590 5317 τολμῶν;
2622 5247 2705 5300 Οὐ
2718 5247 2825 5319 γὰρ
2855 5247 3181 5316 ἀξιωμάτων
3212 5248 3455 5318 ὑπεροχὴ
3471 5247 3735 5311 διασώζει

2144 5332 2314 5399 τινάς,
2340 5337 2387 5389 εἰ
2416 5336 2491 5407 μὴ
2524 5340 2622 5407 τῆς
2649 5338 2874 5407 ἐννόμου
2897 5336 3165 5400 πολιτείας
3185 5337 3423 5406 ἀγαθοὺς
3456 5339 3567 5408 ἔχοι
3587 5356 3726 5412 καρ-

2146 5425 2279 5488 πούς
2299 5444 2311 5457 ·
2339 5427 2543 5497 ὀνίνησι
2571 5428 2628 5481 δὲ
2666 5429 2784 5482 κατ’
2826 5427 3012 5481 οὐδένα
3049 5427 3247 5498 τρόπον
3272 5428 3300 5480 ό
3330 5427 3559 5491 πλοῦτος
3600 5428 3727 5491 τοὺς

2143 5516 2442 5587 ἐσχηκότας
2471 5520 2652 5584 αὑτὸν,
2689 5521 2805 5574 ἀλλ’
2840 5522 2901 5574 ἐν
2930 5521 3031 5591 ἴσῳ
3060 5522 3154 5573 καὶ
3181 5520 3239 5574 ἐν
3258 5522 3324 5589 τῇ
3358 5521 3540 5587 τοιᾷδε
3570 5521 3729 5586 τάξει

2145 5611 2609 5681 παραστησόμεθα
2651 5612 2848 5677 πάντες
2888 5612 2967 5684 τῷ
3006 5613 3191 5684 κριτῇ,
3235 5612 3339 5666 κᾶν
3380 5613 3492 5677 εἶτε
3528 5612 3729 5687 μικρὸς
