4162 6406
442 448 547 506 539

1458 441 1515 499 S.
1556 438 1827 495 CYRILLI
1856 439 2323 494 ALEXANDliINl
2359 438 2675 493 ARCIIIEP.

3581 446 3693 503 540

434 562 695 618 doctrinis
743 576 806 616 ac
864 558 1133 613 mandatis
1188 556 1463 612 hominum
1515 556 1877 619 intenderent,
1938 557 2003 609 ad

2118 554 2224 617 δον,
2270 556 2366 608 καὶ
2412 557 2772 624 προσέχοντες
2810 555 3183 621 διδασκαλίαις
3236 559 3562 631 ἐντάλμσσιν
3592 562 3689 614 ἀν-

435 651 739 723 geueralem
770 652 910 704 lianc
951 648 1236 709 rationem,
1285 646 1672 699 sententiarum
1708 644 2007 713 expositio-

436 759 557 799 netu
611 743 929 805 relerentes,
979 741 1141 794 Deum
1192 738 1408 805 quidem
1455 738 1829 791 universorum
1872 737 2007 791 dici-

437 851 556 890 mus
586 836 654 889 ab
687 834 841 888 initio
871 832 1142 885 hominem
1171 829 1501 892 condidisse,
1532 838 1586 883 et
1616 828 1917 883 naturalem
1954 828 2004 882 ei

437 928 608 997 legem
661 924 1021 994 impressisse.
1082 938 1204 991 qua:
1249 922 1313 975 ad
1352 921 1594 975 notitiam
1625 921 1749 973 min
1782 935 1846 974 ac
1880 919 2004 975 boni

436 1018 759 1072 institueret.
794 1013 906 1067 Hoc
937 1014 1095 1066 etiam
1133 1022 1401 1081 pntoesse
1426 1011 1567 1081 quod
1615 1008 1842 1065 Joannis
1868 1013 2007 1077 jvocc

435 1108 633 1161 dictutn
662 1105 832 1159 estde
861 1103 1139 1174 unigenito
1168 1102 1303 1156 Filio
1338 1103 1427 1157 Dei
1461 1120 1475 1157 :
1519 1120 1538 1154 ι
1575 1102 1705 1156 Erat
1732 1101 1820 1155 lux
1854 1116 2005 1167 vera,

435 1214 555 1267 qua:
594 1198 856 1250 illuminat
886 1211 1098 1249 onmem
1130 1195 1399 1249 hominem
1435 1195 1741 1249 venientem
1770 1194 1821 1247 in
1848 1209 2006 1247 mun-

434 1293 561 1342 dum
596 1289 661 1341 “.
702 1306 721 1339 ι
756 1286 867 1342 lloc
918 1287 1079 1340 etiam
1128 1287 1393 1341 extremis
1425 1287 1778 1355 temporibus,
1810 1289 2008 1341 adven-

436 1391 546 1443 ltts,
578 1381 816 1447 inquam,
855 1379 973 1431 ﬁeri
1004 1377 1369 1448 intelligimus.
1401 1376 1671 1448 Scriptum
1706 1387 1791 1433 est
1818 1380 1961 1433 enim
1990 1396 2004 1432 :

440 1492 457 1521 ι
498 1471 553 1523 in
577 1470 768 1525 diebus
799 1468 927 1533 illis,
970 1469 1102 1525 dicit
1130 1467 1411 1537 Dominus,
1444 1470 1582 1525 dabo
1605 1470 1750 1540 leges
1778 1486 1924 1525 meas
1954 1472 2008 1525 in

436 1564 674 1617 animum
732 1564 991 1631 ipsorum,
1043 1572 1097 1616 et
1147 1562 1401 1617 cordibus
1450 1562 1689 1632 ipsorum
1718 1563 2006 1617 inscribam

433 1668 527 1705 eas
561 1652 625 1706 ⁸⁸.
665 1670 684 1703 ι
745 1650 895 1705 ﬂanc
955 1654 1138 1720 itaque
1190 1651 1362 1721 legem
1427 1651 1656 1720 ingenue
1692 1662 1746 1705 et
1786 1650 2009 1705 insititio

434 1745 664 1809 quodam
702 1743 960 1798 instinctu
1011 1758 1109 1797 nos
1160 1742 1321 1797 veluti
1363 1740 1518 1796 clavo
1556 1743 1620 1797 ad
1647 1742 2007 1810 cognitionem

437 1835 560 1889 boni
608 1844 663 1889 et
699 1834 822 1888 mali
867 1834 1274 1903 gubernantem,
1310 1842 1467 1887 terra
1499 1833 1687 1888 incola:
1714 1834 2002 1896 violarunt,

2108 646 2362 715 θρώπων,
2413 646 2601 715 ἐπειδή
2652 662 2715 713 γε
2764 646 2856 699 τὸν
2911 646 3033 700 καθ’
3061 648 3183 701 ὅλου
3232 648 3391 716 λόγον
3435 652 3536 722 τὴν
3576 652 3685 706 τῶν

2107 736 2325 789 ἐννοιῶν
2348 737 2603 789 ἀπόδοσιν
2629 737 2994 808 ἀποφέροντες
3022 741 3222 809 φαμὲν,
3260 742 3341 794 ὄτι
3368 741 3691 815 δεδημιούρ-

2105 845 2275 897 γηκεν
2322 829 2379 879 ἐν
2418 828 2613 898 ἀρχαῖς
2659 828 2749 881 τὸν
2791 829 3076 900 ἄνθρωπον
3126 832 3155 882 ὁ
3199 832 3315 885 τῶν
3353 833 3490 887 ὅλων
3530 834 3685 900 Θεδς,

2106 918 2399 989 ἐνεχάραξε
2445 919 2503 971 δὲ
2549 918 2777 987 φυσικὸν
2821 919 2967 990 αὐτῷ
3009 922 3190 992 νόμον,
3240 923 3688 993 παιδαγωγοῦντα

2107 1010 2243 1080 πρὸς
2274 1009 2479 1080 εἴδησιν
2512 1010 2681 1064 κακοῦ
2704 1028 2762 1063 τε
2789 1013 2881 1064 καὶ
2906 1012 3133 1081 ἀγαθοῦ.
3162 1016 3269 1068 Καὶ
3301 1016 3477 1079 τοῦτο,
3509 1014 3693 1086 οἶμαι,

2107 1102 2225 1154 ἐστὶ
2250 1101 2312 1153 τὸ
2349 1101 2437 1153 διά
2460 1102 2559 1171 τῆς
2602 1103 2846 1156 Ἰωάννου
2879 1104 3066 1171 φωνῆς
3107 1106 3396 1177 εἰρημένον
3431 1108 3560 1176 περὶ
3592 1108 3685 1161 τοῦ

2111 1193 2428 1262 μονογενοῦς
2456 1193 2582 1247 Υἱοῦ
2605 1194 2700 1247 τοῦ
2724 1194 2859 1248 θεοῦ
2882 1212 2895 1225 ·
2925 1196 3007 1248 ὅτι
3041 1214 3060 1245 ι
3105 1192 3213 1250 Ἦν
3237 1199 3299 1249 τὸ
3323 1197 3438 1266 φῶς
3466 1200 3525 1251 τὸ
3556 1198 3689 1269 ἀλη-

2109 1284 2272 1349 θινὸν,
2301 1285 2329 1338 ὃ
2355 1285 2577 1353 φωτίζει
2609 1287 2784 1341 πάντα
2817 1286 3102 1358 ἄνθρωπον
3149 1291 3440 1360 ἐρχόμενον
3487 1294 3567 1355 είς
3596 1290 3699 1343 τὸν

2109 1374 2333 1444 κόσμον.
2376 1395 2393 1426 ι
2434 1375 2604 1429 Τοῦτό
2631 1393 2711 1430 τοι
2752 1380 2845 1430 καὶ
2890 1381 2948 1430 ἐν
2993 1379 3240 1448 ἐσχάτοις
3267 1385 3499 1451 καιροῖς,
3547 1381 3699 1435 κατά)

2107 1483 2171 1535 γε
2217 1466 2360 1537 φημὶ
2381 1466 2505 1530 toil;
2528 1468 2626 1537 τῆς
2668 1468 2961 1539 ἐπιδημίας
2983 1509 3001 1536 ,
3026 1471 3278 1538 γενέσθαι
3324 1472 3572 1542 νοοῦμεν·
3600 1472 3692 1541 γέ-

2109 1576 2355 1630 γραπται
2383 1560 2511 1632 γάρ,
2542 1562 2625 1615 ὅτι
2664 1580 2682 1612 ι
2730 1564 2816 1615 Ἐν
2848 1567 2967 1626 ταῖς
2993 1564 3233 1635 ἡμέραις
3270 1566 3529 1631 ἐκείναις,
3558 1567 3699 1635 φησι

2111 1652 2331 1722 Κύριος,
2364 1653 2539 1716 διδοὺς
2573 1654 2769 1724 νόμους
2817 1671 2917 1724 μου
2949 1656 3029 1718 είς
3062 1658 3161 1727 τὴν
3206 1658 3447 1711 διάνοιαν
3489 1659 3689 1724 αὐτῶν,

2111 1745 2203 1796 καὶ
2226 1743 2320 1796 ἐπὶ
2337 1742 2436 1806 τάς
2458 1744 2683 1814 καρδίας
2706 1745 2885 1797 αὐτῶν
2911 1747 3201 1818 ἐπιγράψω
3231 1748 3447 1812 αὐτούς.
3476 1769 3493 1800 ο
3523 1748 3693 1802 Τοῦτο

2111 1835 2288 1888 τοίνυν
2323 1835 2413 1887 τὸν
2436 1836 2690 1904 ἐμφύτως
2711 1838 2859 1907 ήμᾶς
2881 1837 3341 1909 πηδαλιουχοῦντα
3373 1841 3535 1911 νόμον
3557 1842 3709 1912 πρὸς

435 1936 491 1978 et
521 1926 771 1979 mandata
799 1936 1097 1980 mutarunt.
1128 1924 1339 1980 Gonditi
1368 1926 1511 1979 enim
1554 1926 1619 1980 ad
1659 1940 1819 1995 opera
1848 1927 2007 1992 bona,

2118 1926 2319 1997 εἴδησιν
2352 1926 2559 1995 ἀγαθοῦ
2587 1932 2682 1981 καὶ
2710 1929 2876 1982 κακοῦ
2906 1930 3225 2001 παρέϐησαν
3254 1933 3303 1983 οἱ
3335 1933 3425 1984 ἐπί
3447 1933 3546 2002 τῆς
3567 1933 3692 2002 γῆς,

435 2016 504 2069 ad
546 2017 726 2071 carnis
765 2016 1002 2071 studium
1043 2026 1099 2071 et
1130 2032 1348 2072 sensum
1381 2027 1654 2071 terrenum
1692 2017 1831 2070 versi
1862 2025 2007 2071 sunt.

435 2106 571 2161 Hinc
601 2107 762 2161 etiam
800 2109 1131 2162 exsecranda
1173 2108 1313 2163 facta
1352 2119 1436 2163 est
1465 2118 1629 2163 terra.
1656 2108 2015 2164 0Eenderunt

434 2199 579 2251 enim
599 2197 943 2255 Conditorem
973 2198 1225 2269 plurimis
1251 2199 1492 2265 delictis,
1521 2200 1611 2271 qui
1644 2216 1763 2255 eam
1795 2202 2014 2257 inhabi-

438 2292 645 2347 labant.

508 2474 795 2541 Propterea
846 2490 1101 2544 pauperes
1147 2473 1457 2527 habitabant
1493 2474 1739 2541 interra,
1764 2484 1814 2528 et
1850 2474 2015 2529 relin-

432 2580 658 2637 quentur
690 2568 923 2621 homines
952 2570 1128 2635 pauci.

505 2661 640 2712 Cum
693 2658 836 2711 enim
864 2697 879 2722 ,
936 2658 1129 2728 inquit,
1176 2660 1530 2715 exsecrabilis
1568 2660 1709 2715 facta
1744 2662 1814 2716 sit
1845 2672 2011 2728 terra,

437 2761 719 2818 propterea
772 2751 913 2819 quod
969 2768 1181 2805 summa
1226 2754 1278 2805 in
1324 2769 1387 2807 ea
1438 2753 1510 2806 sit
1563 2754 1841 2821 iniquitas,
1891 2756 2016 2810 hinc

439 2840 715 2909 inopinata
743 2830 905 2894 etiam
938 2844 1286 2899 mendicitate
1317 2844 1551 2907 onerati,
1605 2846 1691 2897 vix
1722 2845 1855 2899 salvi
1892 2861 2016 2900 eva-

440 2933 591 2996 dent;
628 2932 1000 3000 relinquentur
1032 2936 1176 2989 enim
1221 2935 1374 3005 pauci
1408 2947 1464 2991 et
1495 2948 1775 2991 ntnneratu
1804 2937 2011 2996 faciles.

443 3023 509 3078 Et
566 3026 843 3088 hactenus,
908 3035 1171 3094 quantuni
1230 3028 1294 3080 ad
1334 3026 1568 3081 litteram
1619 3028 1835 3091 attinet,
1866 3040 1921 3082 et
1949 3029 2016 3081 ad

444 3116 684 3170 historiae
721 3126 1001 3170 externam
1043 3117 1411 3188 superliciem.
1473 3118 1546 3172 De
1590 3119 1829 3173 interiori
1886 3135 2016 3174 vero

444 3207 797 3277 intelligentia
836 3208 962 3262 illud
1005 3225 1197 3264 rursus
1224 3210 1473 3273 dicimus,
1505 3210 1648 3279 quod
1680 3210 1771 3281 qui
1804 3226 2017 3281 semper

445 3314 508 3349 ac
535 3298 756 3351 omnino
795 3313 979 3352 coram
1025 3300 1207 3353 divino
1235 3299 1489 3354 tribunali
1517 3301 1805 3354 multorum
1835 3299 2019 3354 crimi-

446 3408 573 3446 num
611 3391 969 3446 convinceudi
996 3402 1141 3457 sunt,
1174 3407 1320 3446 mere
1351 3401 1511 3446 erunt
1543 3406 1829 3460 pauperes,
1858 3400 2022 3461 atque

443 3485 755 3553 snpinornm
813 3484 1074 3538 bonorum
1128 3484 1537 3554 distiuguentur
1572 3484 1773 3553 inopia.
1801 3498 1866 3538 ac
1890 3483 2021 3538 nudi

443 3590 540 3645 spe
595 3574 765 3646 339
802 3591 919 3644 qua:
950 3575 1155 3629 sanetis
1202 3585 1500 3644 praeparata
1535 3584 1617 3628 est
1648 3592 1663 3629 :
1695 3575 2023 3629 descendent

443 3671 587 3724 enim
636 3674 703 3723 ad
753 3668 957 3723 inferos
1006 3669 1285 3738 puniendi,
1338 3678 1393 3722 et
1429 3668 1801 3739 relinquentur
1841 3669 2019 3739 pauci,

446 3763 496 3815 id
527 3769 629 3826 est,
656 3762 745 3829 qui
775 3776 869 3830 per
899 3759 1167 3828 justitiam
1204 3760 1311 3815 Deo
1341 3759 1679 3829 placuerunt,
1707 3768 1761 3814 et
1794 3773 1857 3814 ex
1888 3774 2023 3829 prte-

2114 2020 2207 2072 καὶ
2237 2017 2473 2087 ἤλλαξαν
2513 2018 2581 2072 τά
2623 2021 3040 2091 προστάγματα.
3086 2022 3425 2093 Ἐκτισμένοι
3453 2024 3563 2094 γὰρ
3604 2023 3703 2076 ἐπὶ

2113 2110 2297 2180 ἔργοις
2352 2110 2597 2179 ἀγαθοῖς,
2650 2112 2948 2183 ἐτράποντο
3000 2114 3134 2184 πρὸς
3189 2114 3543 2186 φιλοσαρκίας
3603 2120 3705 2170 καὶ·

2114 2203 2368 2274 φρόνημα
2387 2204 2447 2257 τὸ
2467 2204 2726 2273 ἐπίγειον.
2748 2205 2931 2277 Ταύτῃ
2948 2224 3031 2260 τοι
3049 2208 3141 2260 καὶ
3160 2208 3429 2279 ἐπάρατος
3451 2210 3482 2279 ή
3505 2209 3576 2279 γῆ
3595 2210 3688 2277 γέ-

2115 2307 2289 2360 γονεν..
2314 2292 2799 2364 Προσκεκρούκασι
2828 2294 2937 2365 γὰρ
2969 2295 3045 2365 τῷ
3076 2295 3392 2368 δημιουργῷ
3418 2297 3508 2350 διά
3548 2296 3711 2350 πλεί-

2117 2400 2257 2437 στων
2282 2385 2421 2437 ὅσων
2448 2384 2933 2456 πλημμελημάτων
2960 2389 3008 2439 οἱ
3040 2390 3415 2453 κατοικοῦντες
3445 2390 3636 2461 αὐτήν.

2186 2475 2288 2529 Διὰ
2318 2476 2492 2531 τοῦτο
2521 2477 2740 2545 πτωχοὶ
2772 2480 3016 2531 ἔσονται
3048 2482 3103 2532 oi
3134 2480 3513 2545 ἐνοικοῦντες
3534 2483 3604 2534 ἐν
3624 2479 3700 2552 τῇ

2116 2565 2215 2637 τῇ.
2249 2568 2351 2621 καὶ
2385 2568 2967 2637 καταλειφθήσονται
2998 2570 3297 2638 ἄνθρωποι
3328 2573 3538 2641 ὀλίγοι.

2202 2654 2417 2726 Ἐπειδὴ
2449 2655 2578 2727 γάρ,
2611 2657 2796 2726 φησιν,
2830 2658 3102 2729 ἐπάρατος
3134 2660 3357 2727 γέγονεν
3394 2664 3427 2731 ή
3459 2663 3553 2733 γῆ,
3609 2662 3709 2718 διά»

2115 2764 2197 2799 τοι
2226 2748 2287 2800 τὸ
2318 2747 2575 2819 πλείστην
2606 2750 2739 2820 ὂσην
2777 2751 2843 2803 ἐν.
2869 2752 3004 2823 αὐτῇ
3040 2752 3288 2819 γενέσθαι
3317 2754 3414 2824 τὴν
3452 2755 3700 2825 ἀνομίαν,

2117 2840 2288 2913 ταύτῃ
2312 2856 2393 2893 τοι
2420 2842 2513 2893 καὶ
2552 2841 2797 2912 ἀδοκήτῳ
2831 2843 3073 2914 πτωχείᾳ
3107 2846 3549 2915 πεφορτισμένοι,
3586 2847 3701 2900 δια-

2120 2930 2459 3002 σωθήσονται
2506 2931 2692 3001 μόλις’
2749 2935 3272 3005 καταλειφθήσονται
3325 2937 3433 3005 γάρ
3480 2938 3717 3008 βραχεῖς»

2120 3040 2181 3076 τε
2225 3026 2319 3077 καὶ
2353 3024 2727 3096 εὐαρίθμητοι.
2762 3028 2872 3080 Καὶ
2896 3030 3054 3081 ταυτὶ
3095 3030 3195 3099 μὲν
3228 3030 3353 3097 τόγε
3376 3026 3510 3102 ¹ἧκον
3539 3033 3617 3093 είς
3643 3030 3719 3083 τὸ.

2119 3116 2485 3185 γράμμα,καὶ
2508 3115 2682 3187 τὸτῆς
2709 3118 2948 3188 ἱστορίας
2983 3119 3436 3193 ἐξωφανές.Πρὸς
3467 3122 3723 3175 διάνοιαν-

2118 3205 2176 3259 δέ
2208 3206 2306 3278 τὴν
2345 3209 2604 3263 ἐσωτάτω
2650 3209 2812 3262 πάλιν
2859 3212 3035 3264 ἐκεῖνό
3077 3229 3275 3283 φαμεν,
3320 3215 3401 3267 ὃτι
3440 3214 3615 3284 πάντη
3644 3231 3705 3266 τε

2123 3299 2219 3350 καὶ
2264 3300 2482 3362 πάντως
2520 3301 2570 3353 οἱ
2611 3301 2703 3353 ἐπὶ
2748 3301 2844 3354 τοῦ
2887 3302 3037 3356 θείου
3079 3303 3323 3374 βήματος
3358 3306 3450 3357 ἐπὶ
3494 3304 3706 3364 πολλοῖς

2123 3388 2262 3457 ἄγαν
2340 3389 2777 3461 πλημμελήμασι
2837 3394 3418 3465 καταγνωσθησόμενοι
3499 3395 3717 3463 πτωχοὶ⁷

2123 3481 2340 3543 πάντως
2368 3481 2601 3547 ἔσονται,
2643 3486 2736 3536 καὶ
2779 3486 2837 3537 ἐν
2882 3484 3058 3556 ἐνδείᾳ
3089 3486 3197 3539 τῶν
3230 3486 3433 3539 ἀνωθεν
3461 3486 3705 3554 ἀγαθῶν,

2125 3572 2217 3622 καὶ
2246 3570 2445 3641 γυμνοὶ
2476 3572 2575 3642 τῆς
2602 3572 2818 3636 ἐλπίδος
2856 3573 2958 3640 τῆς
2982 3577 3095 3636 τοῖς
3133 3574 3306 3642 ἁγίοις
3336 3574 3709 3645 ηὐτρεπισμέ-

2121 3676 2252 3728 νης·
2304 3662 2719 3731 κατοιχήσονται
2756 3664 2864 3733 γὰρ
2912 3665 2991 3726 εἰς
3045 3663 3173 3733 ᾅδου
3224 3663 3719 3733 κολασθησόμενοι..

2124 3752 2219 3804 καὶ
2256 3752 2782 3824 καταλειφθήσονται
2813 3753 3008 3823 ὀλίγοι,
3040 3755 3185 3808 τοῦτ“
3223 3755 3387 3819 ἐστιν,
3421 3757 3471 3807 οἱ
3504 3754 3591 3808 διὰ
3629 3755 3707 3807 δι-

444 3854 592 3907 clare
649 3852 968 3920 fortiterque
1026 3851 1193 3922 gestis
1245 3851 1462 3905 divitias
1490 3852 1666 3920 adepti
1698 3860 1846 3905 sunt.
1884 3850 2015 3905 Sunt

2124 3842 2417 3914 καιοσύνης
2468 3845 2938 3916 εὑαρεστήσαντες
2986 3847 3063 3917 τῷ
3128 3847 3277 3917 Θεῷ,
3330 3848 3424 3901 καὶ
3480 3848 3726 3900 πλοῦτονι

444 3954 624 3997 autem
679 3943 730 3996 lii
785 3942 980 4010 pauci,
1026 3942 1176 4011 juxta
1212 3940 1519 3996 Servatoris
1548 3957 1733 3997 vocent
1770 3961 1783 3997 :
1819 3958 1840 3993 ι
1873 3941 2020 4008 Quo-

446 4038 591 4091 niam
629 4036 777 4090 mulzi
804 4036 1022 4105 quidem
1055 4034 1252 4099 vocati,
1291 4036 1448 4104 pauci
1478 4048 1606 4089 vero
1635 4033 1793 4089 electi
1822 4035 1889 4087 ³⁸.
1926 4051 1947 4087 s

517 4212 681 4266 Vsus.
740 4209 893 4264 7-12.
932 4209 1145 4279 Lngebit
1186 4210 1387 4273 sinum,
1424 4208 1617 4278 lugebit
1645 4210 1785 4271 uitis,
1821 4217 2023 4279 gement

445 4320 620 4358 omnes
672 4302 763 4372 qui
813 4303 921 4355 (aui
953 4310 1073 4355 sunt
1104 4302 1301 4355 animo.
1341 4301 1569 4356 Cessavit
1600 4302 1787 4355 laetitia
1821 4312 2024 4371 tympa-

446 4409 656 4455 norum,
718 4392 934 4446 cessavit
976 4392 1306 4445 contumacia
1339 4400 1386 4443 et
1419 4389 1687 4458 opulentia
1716 4392 2021 4458 impiorum,

445 4486 666 4541 cessavit
701 4501 801 4539 vox
846 4484 1081 4539 citharis.
1127 4480 1489 4548 Erubuerunt,
1528 4498 1631 4535 non
1674 4482 1912 4535 biberunt
1949 4482 2027 4535 vi-

2126 3933 2343 4003 ἐχοντες
2372 3934 2462 3987 τὸν
2494 3935 2553 3999 ἐξ
2584 3935 2804 4002 ἀγαθῶν
2850 3936 3373 4007 ἀνδραγαθημάτων,
3404 3935 3708 4007 εὐαρίθμη-

2124 4042 2209 4079 τοι
2245 4026 2305 4080 δὲ
2353 4022 2499 4081 οὗτοι
2539 4028 2685 4082 κατά
2723 4045 2786 4097 γε
2819 4029 2918 4099 τὴν
2948 4027 3041 4080 τοῦ
3071 4028 3324 4098 Σωτῆρος
3357 4028 3575 4098 φωνὴν,
3626 4028 3709 4083 ὅτι

2130 4137 2148 4170 ι
2191 4119 2385 4173 Πολλοὶ¹
2427 4119 2526 4190 μέν
2554 4120 2763 4192 κλητοὶ,
2799 4120 2967 4188 ὀλίγοι
2992 4119 3048 4172 δὲ
3083 4118 3347 4174 ἐκλεκτοί.
3387 4138 3405 4171 s

2194 4210 2493 4279 Πενθήσει
2529 4207 2712 4277 οἶνος,
2734 4210 3022 4279 πενθήσει
3042 4210 3329 4279 ἄμπελος,
3343 4209 3717 4274 στενάξουσι.

2124 4301 2351 4368 πάντες
2388 4304 2443 4356 ol
2479 4303 2937 4371 εὐφραινόμενοι
2975 4301 3089 4368 τὴν
3119 4301 3363 4372 ψυχήν·
3412 4301 3713 4355 πέπαυται

2123 4395 2474 4462 εὐφροσύνη
2523 4392 2869 4461 τυμπάνων,
2917 4392 3217 4447 πέπαυται
3273 4391 3559 4446 αὐθάδεια
3612 4389 3710 4444 καὶ

2126 4484 2391 4549 πλοῦτος
2472 4481 2742 4537 ἀσεϐῶν·
2822 4493 3121 4536 πεπαυται
3188 4482 3355 4551 φωνὴ
3439 4488 3707 4551 κιθάρας,

447 4599 592 4643 num,
651 4596 838 4633 arnara
874 4578 1017 4648 facta
1046 4587 1120 4631 est
1148 4576 1313 4631 sicera
1354 4574 1671 4639 bibentibus,
1697 4576 1931 4630 desolata
1950 4587 2015 4629 est

2128 4572 2552 4640 ᾐσχύνθησαν,
2585 4573 2696 4624 οὐκ
2727 4570 2900 4624 ἔπιον
2916 4566 3105 4633 οἶνον,
3131 4568 3344 4637 πικρὸν
3368 4568 3604 4636 ἐγένετο
3643 4566 3710 4620 τὸ

446 4673 615 4726 onmis
649 4672 853 4734 civitas,
906 4668 1112 4723 claudet
1159 4669 1373 4722 domum
1412 4678 1468 4721 ut
1521 4684 1624 4721 non
1673 4668 2015 4737 ingrediatur.

2128 4636 2345 4732 σίκερα
2384 4636 2509 4729 τοῖς
2540 4636 2874 4718 πίνουσιν.
2938 4636 3243 4731 ’Πρημώθῄ
3293 4659 3460 4714 πᾶσα
3512 4660 3723 4723 πόλιςι

448 4762 664 4817 Plorate
714 4780 808 4831 pro
852 4762 972 4816 vino
1016 4759 1225 4831 ubique.
1262 4759 1491 4815 Cessavit
1547 4758 1715 4813 omnis
1745 4758 1935 4812 lattitia
1962 4772 2027 4811 ea:

2128 4754 2361 4808 κλείσει
2387 4753 2586 4807 οὶκίαν
2616 4752 2719 4805 τοῦ
2740 4751 2825 4821 μὴ
2855 4750 3171 4805 εισελθεῐν.
3208 4748 3542 4810 Ὀλολύζετε
3578 4748 3711 4816 περὶ
3769 4748 3793 4773 ⁶

449 4868 609 4920 terra,
654 4864 703 4908 et
739 4854 1095 4923 relinquentur
1124 4852 1276 4907 urbes
1302 4850 1542 4917 desertw,
1590 4859 1637 4904 et
1667 4850 1852 4905 donius
1878 4850 2015 4903 dere-

2127 4842 2236 4897 τοῦ
2275 4843 2445 4897 οἴνου
2480 4842 2779 4911 πανταχῆ·
2818 4842 3117 4896 πέπαυται
3168 4841 3339 4897 πᾶσα
3364 4842 3721 4910 εὐφροσύνη

456 4948 600 5002 licia:
628 4947 929 5003 uerdentur.

523 5125 815 5181 Accusavit
843 5124 1614 5194 sapenumeronniversorum
1649 5119 1792 5177 Deus
1816 5130 2033 5177 creatos

451 5218 711 5285 sanguine
757 5216 1087 5280 Israelitico,
1135 5217 1332 5285 quippe
1373 5215 1465 5284 qui
1522 5213 1858 5268 intoleranda
1892 5213 2017 5267 dcli-

451 5310 737 5381 quissent:
785 5309 913 5364 hinc
961 5309 1178 5379 quidem
1230 5307 1439 5377 prmscii
1477 5322 1535 5361 se
1570 5305 1889 5376 puniendos,
1922 5318 2027 5359 non

455 5412 635 5456 tamen
686 5400 955 5456 laboribus
1001 5401 1331 5471 poenitentia:
1385 5399 1522 5454 iram
1552 5399 1878 5468 restringere
1918 5407 2028 5451 stu-

454 5494 666 5549 dentes.
718 5493 936 5547 Dixerat
977 5494 1120 5549 enim
1168 5493 1313 5563 quod
1372 5500 1592 5547 vocarat
1628 5489 1885 5543 Dominus
1926 5490 2030 5543 Sa-

454 5583 619 5639 baoth
679 5582 765 5639 die
819 5584 907 5637 illa
957 5586 1157 5639 luctum
1192 5593 1246 5637 et
1294 5584 1591 5652 planctum,
1625 5591 1681 5637 et
1707 5596 1952 5635 rasuram
1979 5590 2036 5633 et

2128 4933 2238 5003 τῆς
2284 4933 2418 5004 γῆς,
2457 4933 2557 4987 καὶ
2603 4934 3184 5003 καταλειφθήσονται
3224 4934 3431 4999 πόλεις
3483 4932 3712 5001 ἔρημοι,

2128 5023 2228 5079 καὶ
2257 5020 2409 5078 οἶκοι
2439 5024 3037 5094 ἐγκαταλελειμμένα
3067 5024 3456 5078 ἀπολοῦνται.

2216 5117 2509 5189 Ἑπῃτιᾶτο
2541 5115 2860 5179 πλειστάκις
2902 5116 2931 5167 ὁ
2977 5115 3084 5168 τῶν
3124 5114 3260 5167 ὅλων
3309 5114 3441 5177 Θεὸς
3482 5113 3610 5175 τοὺς
3656 5111 3715 5177 ἐξ

2134 5212 2365 5280 αἵματος
2421 5210 2661 5281 Ἰσραὴλ,
2704 5210 2780 5273 ὼς
2811 5208 3060 5280 ἀφόρητα
3111 5209 3215 5279 μὲν,
3248 5206 3717 5277 πεπλημμεληκό-

2131 5318 2250 5367 τας,
2283 5303 2365 5354 δτι
2394 5300 2451 5354 δὲ
2482 5301 2928 5372 κολασθήσονται.
2970 5300 3155 5371 Ταύτῃ
3183 5317 3261 5353 τοι
3298 5298 3717 5371 προεγνωκότας

2139 5393 2213 5465 μὴ
2246 5395 2353 5465 μὴν
2382 5394 2667 5464 ἑλομένους
2688 5392 3089 5465 ἀποκρούεσθαι
3117 5393 3213 5462 τὴν
3246 5392 3416 5463 ὀργὴν
3443 5392 3557 5453 τοῖς
3590 5406 3717 5459 μετ·

2138 5486 2401 5554 εγνωκόσι
2440 5487 2640 5551 πόνοις.
2688 5487 2831 5557 Ἔφη
2866 5486 3083 5556 γὰρὸτι
3114 5487 3225 5538 Καὶ
3258 5485 3485 5538 ἐκάλεσε
3513 5482 3716 5551 Κύριος

2141 5579 2367 5632 Σαὸαὼθ
2399 5581 2456 5633 ἐν
2482 5583 2547 5650 τῇ
2578 5580 2758 5650 ήμέρᾳ
2785 5580 2969 5651 ἐκείνῃ
2998 5578 3296 5649 κλαυθμὸν,
3324 5579 3419 5630 καὶ
3465 5573 3720 5633 κοπετὸν,

456 5677 755 5731 cincturam
808 5692 1109 5743 saccorum,
1166 5678 1217 5732 hi
1270 5687 1449 5732 autem
1500 5678 1694 5746 gaudio
1741 5683 1796 5730 ct
1839 5674 2015 5729 laatitia

2145 5674 2237 5726 καὶ
2263 5672 2508 5746 ξύρησιν,
2541 5674 2632 5727 καὶ
2656 5671 2821 5735 ζῶσιν
2855 5671 3094 5737 σάκκων,
3125 5670 3278 5724 αὐτοὶ
3305 5669 3361 5723 δὲ
3391 5669 3723 5739 ἐποιήσαντο

526 5856 571 5888 ³¹
598 5853 749 5913 Joan.
781 5871 819 5923 t,
851 5857 905 5913 9.
982 5856 1026 5888 ’³
1057 5851 1454 5920 Jer.nx1,35.

1547 5851 1595 5884 ³³⁵
1624 5850 1813 5908 Matth.
1851 5870 1940 5917 xx,
1986 5853 2069 5908 lli.
