4162 6406
404 447 498 504 Ml

1533 441 1603 494 lN
1644 438 1878 494 ISAIAM
1919 438 2048 492 LIB.
2091 437 2154 491 11.
2182 436 2415 493 TOMUS
2458 437 2507 495 V.

3546 441 3654 499 5.5::

399 560 737 635 εὐφροσύνην
777 559 873 615 καὶ
915 556 1261 628 ἁγαλλίαμα,
1295 555 1587 625 σφάζοντες
1624 556 1855 625 μόσχους
1887 552 1981 605 καὶ

2092 567 2144 607 se
2190 553 2491 619 dederunt,
2546 564 2843 608 ntactantes
2914 554 3109 610 vitulos
3175 565 3229 611 et
3282 559 3653 618 sacriﬁcantes

399 657 616 718 θύοντες
663 652 931 722 πρόϐατα,
971 649 1110 703 ὥστε
1156 648 1251 702 καὶ
1293 649 1486 716 φαγεῖν
1528 648 1666 717 κρέα
1702 647 1796 698 καὶ
1834 648 1979 697 πιεῖν

400 747 537 802 οἶνον
569 745 841 813 λέγοντεςο
877 761 896 792 ι
928 741 1195 811 Φάγωμεν
1238 740 1332 791 καὶ
1378 738 1589 807 πίωμεν
1612 776 1627 800 ,
1659 737 1846 809 αὔριον
1872 737 1979 807 γὰρ

400 839 838 908 ἀποθνήσκομεν.
892 853 911 887 ι
957 834 1067 886 Καὶ
1098 832 1203 902 μὴν
1228 832 1295 885 δι’
1329 829 1517 900 ἐτέρου
1551 831 1851 901 προφήτου,
1877 845 1982 897 φη-

403 929 521 979 σίν·
563 944 582 976 ι
625 927 687 977 Οί
732 922 1083 985 καθεύδοντες
1127 922 1219 972 ἐπὶ
1264 919 1458 972 κλινῶν
1491 918 1853 988 ἐλεφαντίνων
1886 917 1980 970 καὶ

404 1015 924 1078 κατασπαταλῶντες
983 1016 1042 1066 ἐν
1095 1015 1217 1076 ταῖς
1295 1013 1604 1082 στρωμναῖς
1658 1006 1855 1064 αὐτῶν.
1915 1009 1979 1061 Oi.

404 1110 671 1172 ἐσθίοντες
702 1109 918 1182 ἐρίφους
944 1108 1008 1160 ἐκ
1038 1104 1323 1174 ποιμνίων,
1356 1104 1447 1157 καὶ
1490 1100 1759 1172 μοσχάρια
1785 1102 1850 1152 ἐκ
1884 1099 1982 1169 μέ-

408 1218 500 1257 σου
536 1202 826 1271 βουκολέων
851 1198 1155 1269 γαλαθηνὰ,
1180 1198 1229 1249 οί
1257 1195 1495 1258 πίνοντες
1526 1194 1616 1249 τὸν
1641 1191 1981 1261 διυλισμένον

406 1288 565 1356 οἶνον,
601 1293 696 1344 καὶ
723 1292 791 1345 τά
836 1289 1031 1362 πρῶτα
1075 1289 1223 1358 μύρα
1271 1287 1566 1357 χριόμενοι,
1597 1285 1693 1337 καὶ
1720 1286 1820 1337 οὐκ
1848 1282 1981 1336 ἔπα-

409 1401 535 1453 σχον
579 1382 729 1436 οὐδὲν
772 1381 864 1434 ἐπὶ
911 1384 977 1452 τῇ
1024 1379 1279 1450 συντριϐῇ
1327 1378 1544 1448 Ἰωσήφ.
1587 1395 1606 1428 ι
1645 1374 1851 1429 Οὐκοῦν
1901 1375 1982 1437 είς

406 1475 604 1545 πολλὴν
643 1474 779 1542 ἄγαν
806 1472 1075 1543 ἐξιτηλίαν
1123 1468 1541 1531 ἀπονενευκότες
1593 1467 1842 1537 ἐτρύφων
1883 1467 1983 1519 οὐκ

408 1567 467 1619 ἐν
504 1565 703 1635 καιρῷ,
733 1564 910 1617 καίτοι
956 1562 1074 1615 δέον
1115 1561 1364 1632 ἁσχέτοις
1408 1559 1659 1629 δακρύοις
1712 1556 1983 1628 καταϐρέ-

407 1676 523 1728 χειν
548 1656 643 1727 τὴν
669 1656 922 1726 παρειὰν,
964 1656 1055 1708 καὶ
1087 1653 1418 1724 ἀμνηστείαν
1463 1654 1632 1706 αίτεῖν
1660 1650 1767 1703 τῶν
1796 1652 1980 1721 ἡμαρ-

407 1749 677 1820 τημένων,
740 1748 1095 1818 ἐπενήνεκται
1144 1745 1367 1807 δικαίως
1419 1746 1605 1806 αὐτοῖς
1652 1742 1720 1796 τά
1773 1745 1837 1796 ἐκ
1886 1740 1981 1794 τοῦ

408 1834 646 1904 πολέμου
701 1833 905 1904 βλάϐη·
973 1835 1065 1886 καὶ
1125 1834 1173 1886 oi
1241 1833 1405 1886 πάλαι
1474 1832 1786 1902 τρυφῶντες
1850 1830 1980 1903 παρ’

2080 659 2231 710 oves,
2283 654 2341 697 ut
2402 645 2567 698 edant
2600 660 2790 699 carnes
2820 654 2873 698 et
2909 646 3091 700 bibant
3123 648 3327 714 vinum,
3358 650 3601 708 dicentes
3632 671 3648 707 ι

2085 753 2105 786 σ
2145 734 2380 789 Edamus
2425 745 2481 790 ot
2532 735 2796 799 bibamus,
2848 752 2967 790 cras
3023 738 3166 790 enim
3221 739 3483 794 morimur
3520 744 3588 797 “.
3625 764 3646 797 ι

2082 827 2147 881 Ει
2205 828 2344 897 apud
2405 828 2568 881 alium
2626 831 2967 897 prophetam,
3000 829 3171 897 inquit
3204 848 3220 884 ε
3255 849 3274 882 ι
3314 831 3650 889 Dormientes

2082 919 2133 972 in
2190 919 2342 973 lectis
2400 921 2689 983 eburneis,
2747 932 2801 974 et
2837 921 3152 976 deliciantes
3185 922 3235 976 in
3283 924 3471 977 stratis
3514 927 3648 988 suis,

2081 1015 2426 1066 comedentes
2465 1012 2650 1066 haedos
2677 1028 2740 1065 ex
2768 1012 3039 1081 gregibus,
3069 1020 3123 1066 et
3154 1013 3349 1068 vitulos
3376 1029 3442 1068 ex
3473 1017 3652 1070 medio

2083 1112 2449 1157 armentorum
2491 1103 2766 1170 lactentes,
2818 1104 3063 1157 bibentes
3108 1104 3392 1159 delicatum
3441 1106 3649 1170 vinum,

2081 1204 2135 1249 et
2176 1194 2365 1262 primis
2407 1194 2693 1261 unguentis
2745 1194 2915 1257 uncti,
2967 1209 3063 1247 nec
3109 1194 3449 1260 patiebantur
3493 1196 3653 1266 quid-

2081 1300 2241 1356 quam
2280 1295 2500 1354 propter
2530 1283 2910 1339 contritionem
2938 1283 3137 1352 Joseph
3163 1285 3229 1339 ".
3268 1304 3285 1336 ι
3318 1285 3653 1356 Quapropter

2080 1386 2431 1444 posteaquam
2481 1376 2533 1428 in
2587 1375 2877 1427 maximam
2906 1373 3143 1427 devoluti
3171 1374 3472 1439 lasciviam,
3502 1376 3653 1430 iuxui

2080 1483 2188 1521 non
2244 1467 2557 1536 tempestive
2607 1465 2825 1519 inerunt
2877 1466 3231 1528 addictiores,
3271 1482 3392 1520 cum
3438 1466 3654 1536 iugibus

2082 1557 2338 1627 lacrymis
2393 1572 2556 1627 genas
2611 1557 2789 1625 rigare
2838 1556 3197 1625 oportuisset,
3245 1565 3301 1611 et
3329 1557 3651 1611 oblivionem

2082 1650 2357 1720 postulare
2412 1658 2778 1717 peccatorum.
2811 1647 2933 1716 jure
2968 1646 3072 1699 illis
3104 1646 3247 1700 illata
3285 1654 3411 1699 sunt
3434 1662 3553 1715 qua:
3586 1662 3654 1701 ex

2084 1740 2222 1795 bello
2247 1741 2498 1794 oriuntur
2524 1738 2864 1793 incommoda
2894 1754 2909 1791 ι
2945 1745 3000 1790 et
3027 1738 3115 1806 qui
3149 1736 3357 1790 luxuria
3385 1738 3653 1805 quondam

2084 1832 2450 1895 difﬂuxerunt,
2488 1841 2686 1901 praeter
2709 1846 2859 1899 spem
2892 1830 3197 1885 inciderunt
3223 1830 3273 1883 in
3303 1830 3651 1883 calamitates.

409 1898 600 1977 ἐλπίδα
662 1898 1116 1995 περιπενπτὼκασι
1156 1925 1478 1992 συμφοραῖς.
1508 1898 1891 1992 ’Πεπένθηκεν
1932 1898 1979 1991 ,ἡ

2092 1924 2245 1978 Luxit
2302 1924 2447 1987 vitis,
2508 1938 2612 1977 non
2658 1924 2771 1991 ipsa
2822 1922 2989 1990 stirps
3021 1931 3075 1974 et
3103 1921 3307 1982 insitio,
3344 1922 3436 1974 sed
3466 1921 3556 1989 qui
3587 1936 3651 1974 ex

409 2014 672 2085 ἄμπελος,
702 2015 795 2068 καὶ
819 2015 919 2068 οὐκ
938 2015 1067 2067 αὐτὸ
1097 2015 1155 2067 τὸ
1178 2016 1360 2083 φυτὸν,
1383 2014 1498 2067 ἀλλ’
1524 2016 1573 2067 oi
1603 2014 1691 2066 τὸν
1726 2014 1784 2078 ἐξ
1818 2012 1982 2065 αὐτοῦ

412 2105 656 2169 πίνοντες
692 2104 921 2175 καρπὸν,
946 2107 993 2158 oi
1030 2105 1213 2169 πάλαι,
1248 2106 1430 2175 φησὶν,
1456 2106 1867 2175 εὐφραινόμενοι
1885 2104 1983 2175 τὴν

409 2194 589 2267 ψυχὴν
641 2195 1056 2266 κατοιμὼξουσι,
1107 2197 1200 2249 καὶ
1267 2196 1496 2266 ὀλολυγὴ
1553 2196 1752 2266 μᾶλλον
1802 2197 1987 2259 αὐτοῖς

412 2287 563 2344 ἔσται
586 2288 645 2341 τὸ
673 2290 1028 2359 ἐπιτήδευμα.
1058 2288 1339 2341 Πέπαυται
1369 2289 1478 2359 γὰρ
1507 2288 1811 2359 εὐφροσύνη
1832 2306 1986 2357 τυμ-

413 2381 621 2446 πάνων,
649 2382 919 2434 πέπαυται
955 2380 1209 2434 αὐθάδεια
1233 2380 1325 2434 καὶ
1355 2379 1581 2442 πλοῦτος
1610 2380 1840 2433 ἀσεϐῶν.
1875 2381 1985 2433 Αύ-

414 2465 630 2523 θάδειαν
660 2466 717 2520 δέ
746 2484 878 2538 φησι
911 2466 1009 2538 τὴν
1042 2468 1323 2539 ὑπεράγαν
1354 2470 1545 2539 ὀφρὺν,
1577 2468 1693 2539 ἦτοι
1724 2468 1821 2539 τὴν
1853 2469 1985 2522 ἀλα-

416 2558 644 2622 ζονείαν.
684 2559 993 2631 Καταλήγει
1021 2560 1077 2611 δέ
1111 2560 1205 2614 καὶ
1232 2559 1303 2613 τά
1334 2563 1398 2614 ἐκ
1433 2559 1525 2613 τοῦ
1561 2560 1788 2613 πλούτου
1819 2562 1951 2630 φησι
1971 2601 1986 2625 ,

417 2648 508 2699 καὶ
540 2646 691 2717 φωνὴ
738 2648 986 2718 κιθάρας,
1034 2649 1127 2702 καὶ
1162 2649 1355 2721 πικρὸν
1392 2650 1453 2703 τὸ
1479 2650 1672 2722 σίκερα
1707 2652 1820 2712 τοῖς
1858 2668 1988 2721 τρυ-

418 2738 558 2810 φῶσι
615 2741 767 2803 ποτὲ,
815 2740 1008 2810 ἐρημοί
1051 2758 1111 2793 τε
1160 2741 1340 2805 πόλεις
1382 2742 1476 2793 καὶ
1521 2737 1657 2794 οἶκοι
1710 2743 1985 2809 γεγόνασι.

419 2829 697 2884 Πέπαυται
729 2829 837 2899 γὰρ
871 2831 1022 2883 πᾶσα
1048 2831 1350 2902 εὐφροσύνη
1381 2832 1482 2901 τῆς
1514 2836 1638 2902 γῆς,
1661 2835 1708 2885 εί
1733 2833 1787 2884 δέ
1812 2831 1874 2900 δὴ
1898 2832 1990 2885 καὶ

419 2923 501 2975 ἐπ’
544 2922 713 2991 αὐτῆς
756 2920 1109 2990 διαλογίζοιτό
1152 2939 1235 2985 τις
1275 2922 1369 2976 τοῦ
1417 2924 1608 2987 αἰῶνος
1658 2924 1988 2989 συντελείας,

419 3010 541 3064 καθ’
573 3012 639 3081 ἢν
674 3012 702 3063 ὁ
730 3012 831 3081 τῆς
858 3013 1090 3082 κρίσεως
1126 3014 1277 3067 ἔσται
1310 3016 1521 3085 καιρὸς,
1550 3017 1666 3085 ἐρεῖ
1685 3015 1748 3086 δὴ
1790 3015 1951 3069 πάλιν
1974 3034 1986 3046 ·

420 3101 499 3158 ὅτι
532 3102 829 3173 παρελάσει
860 3107 1008 3158 πᾶσα
1042 3104 1145 3158 τῶν
1174 3109 1231 3161 ἐν
1265 3107 1453 3178 κόσμῳ
1494 3107 1695 3178 τρυφὴ,
1748 3110 1842 3162 καὶ
1872 3126 1992 3161 στε-

2086 2031 2148 2069 ea
2214 2014 2401 2068 bibunt
2452 2016 2655 2079 vinum,
2693 2014 2783 2081 qui
2820 2014 3119 2081 quomlam,
3161 2013 3358 2080 inqttit,
3387 2012 3657 2065 exhilara-

2088 2115 2214 2158 runt
2241 2105 2499 2169 animam,
2526 2104 2829 2171 plorabunt,
2866 2112 2920 2156 et
2951 2101 3186 2155 ululatus
3211 2102 3378 2168 magis
3405 2100 3473 2154 iis
3501 2100 3655 2155 cordi

2087 2207 2152 2247 ac
2201 2208 2345 2247 curze
2401 2192 2525 2246 erit.
2558 2190 2800 2245 Cessavit
2853 2191 2995 2243 enim
3040 2189 3220 2243 laetitia
3255 2200 3658 2259 tympanorum,

2088 2285 2324 2341 cessavit
2359 2268 2697 2338 contumacia
2730 2291 2784 2336 et
2815 2281 3089 2351 opulentia
3117 2281 3420 2351 impiorum.
3455 2282 3661 2335 Contu-

2091 2378 2319 2433 maciam
2357 2376 2505 2437 dicit,
2538 2376 2740 2429 celsum
2777 2373 3122 2442 supercilium
3159 2374 3241 2427 vel
3272 2373 3655 2443 arrogantiam.

2091 2472 2220 2539 Qua:
2246 2470 2407 2543 340
2436 2478 2617 2523 autem
2646 2468 2774 2521 inde
2800 2476 3094 2521 nascuntur
3116 2477 3396 2521 enumerat
3424 2485 3436 2521 :
3476 2476 3530 2521 et
3556 2483 3659 2521 vox

2089 2566 2332 2627 citharae,
2368 2572 2423 2616 et
2451 2576 2632 2613 amara
2663 2568 2749 2613 est
2777 2558 2948 2613 sicera
2980 2559 3107 2611 olim
3142 2557 3564 2621 luxuriantibus,
3596 2574 3659 2612 ac

2087 2663 2254 2706 vasta:
2308 2653 2462 2706 facta:
2515 2661 2640 2706 sunt
2692 2650 2854 2704 urbes
2902 2661 2956 2702 et
2988 2649 3195 2702 domus.
3241 2648 3482 2702 Cessavit
3515 2649 3661 2702 enim

2090 2760 2251 2799 Omne
2311 2744 2562 2813 gaudium
2624 2752 2801 2796 teme.
2856 2740 2911 2795 Si
2943 2755 3073 2794 vero
3101 2740 3221 2808 quis
3254 2740 3318 2793 de
3344 2739 3520 2793 sa‘culi
3557 2738 3663 2791 {ine

2091 2836 2179 2890 hic
2208 2837 2466 2897 disserat,
2500 2834 2714 2901 quando
2740 2832 2845 2887 erit
2884 2841 3118 2899 tempus,
3146 2828 3333 2894 indicii
3370 2846 3553 2884 rursus
3582 2830 3663 2882 di-

2091 2934 2197 2987 cet,
2245 2924 2645 2994 praeteritorum
2699 2938 2911 2976 omnem
2950 2920 3339 2974 mundanarum
3372 2934 3548 2971 rerum
3579 2917 3663 2971 lu-

2093 3032 2242 3079 xum,
2271 3026 2325 3069 et
2356 3017 2615 3085 gemitum
2653 3016 2831 3084 potius
2873 3014 2985 3066 fore
3012 3022 3066 3066 et
3095 3012 3379 3066 stridorem
3417 3011 3659 3064 dentium

2093 3106 2161 3159 ab
2191 3106 2272 3158 his
2306 3105 2396 3174 qui
2434 3104 2768 3158 descendunt
2798 3104 2864 3155 ad
2896 3101 3105 3157 inferos
3133 3119 3146 3154 :
3197 3101 3396 3155 divitiae
3435 3100 3538 3153 illis
3573 3100 3664 3169 qui

419 3194 625 3264 ναγμὸς
668 3193 821 3247 ἔσται
868 3194 1066 3265 μᾶλλον
1100 3197 1193 3248 καὶ
1241 3195 1483 3268 βρυγμὸς
1516 3197 1742 3250 ὀδόντων
1772 3198 1879 3250 τῶν
1912 3200 1989 3261 είς

2095 3198 2316 3259 habent.
2345 3196 2475 3251 nihil
2506 3197 2823 3267 proderunt,
2848 3208 3036 3248 omnes
3064 3193 3269 3247 delicia:
3314 3201 3665 3255 evanescent,

422 3283 545 3355 ᾅδου
581 3288 1053 3356 κατοιχησομένων
1074 3303 1087 3315 ·
1121 3287 1213 3341 καὶ
1257 3288 1527 3357 ὠφελήσει
1564 3288 1662 3356 μὲν
1705 3290 1732 3341 ὁ
1764 3288 1990 3353 πλοῦτος

420 3375 566 3432 οὐδὲν
592 3376 717 3439 τοὺς
735 3378 1034 3448 ἐσχηκότας
1059 3378 1241 3442 αὑτὸν,
1266 3381 1497 3451 ἀργήσει
1529 3380 1585 3432 δέ
1616 3382 1761 3433 πᾶσα
1789 3380 1988 3452 τρυφὴ,

423 3467 515 3521 καὶ
541 3467 878 3520 πεπαύσεται
907 3470 974 3522 τά
1007 3470 1309 3539 σωματικά,
1343 3471 1542 3541 μᾶλλον
1577 3471 1632 3523 δέ
1660 3472 1755 3524 καὶ
1781 3472 1859 3534 εἰς
1898 3490 1988 3524 πι-

424 3555 552 3627 κρὸν
570 3560 682 3623 τοῖς
713 3559 1154 3631 φιλαμαρτήμοσι
1188 3562 1479 3633 ἐκϐήσεται
1528 3561 1701 3626 τέλος,
1738 3563 1770 3633 ἡ
1803 3562 1989 3632 τριπόο

423 3647 583 3720 θητος
622 3651 803 3714 αὐτοῖς
837 3651 1162 3722 φιλοσαρκία
1191 3653 1343 3706 ποτέ.
1388 3653 1731 3705 ’Δποτίσουσι
1764 3652 1873 3724 γάρ
1904 3653 1993 3705 λόο

422 3758 516 3808 γος
557 3741 634 3812 τῷ
664 3744 879 3797 πάντων
908 3746 1068 3815 κριτῇ
1091 3762 1103 3775 ⁸
1147 3744 1221 3807 ὡς
1248 3746 1357 3814 γὰρ
1397 3746 1425 3798 ὀ
1456 3742 1765 3814 σοφώτατος
1797 3744 1996 3815 γράφει

424 3833 653 3901 Παῦλος,
680 3837 803 3899 τοὺς
831 3836 1036 3900 πάντας
1064 3837 1207 3906 ἡμᾶς
1248 3836 1327 3887 δεῖ
1358 3835 1738 3905 φανερωθῆναι
1792 3834 1999 3907 ἐμπρο-

2097 3291 2385 3345 cessabunt
2408 3287 2733 3357 corporalia,
2765 3286 2874 3340 imo
2905 3287 2989 3339 his
3019 3287 3107 3355 qui
3134 3284 3372 3356 peccatis
3395 3284 3669 3337 oblectant

2095 3398 2156 3439 se
2183 3424 2199 3449 ,
2254 3378 2717 3436 desideratissima
2772 3376 2861 3430 illa
2918 3378 3132 3445 quidem
3164 3375 3291 3429 olim
3319 3374 3552 3428 carnalis
3577 3389 3670 3426 vo-

2096 3473 2296 3542 luptas,
2347 3469 2399 3524 in
2449 3481 2690 3520 amaram
2746 3466 2917 3520 exibit
2977 3464 3381 3532 catastrophen.
3428 3462 3669 3516 Reddent

2095 3565 2363 3634 siquidem
2422 3562 2661 3616 omnium
2700 3557 2876 3633 .ludiei
2919 3558 3226 3619 rationem;
3287 3563 3499 3622 oportet
3525 3555 3667 3607 enim

2096 3672 2195 3711 nos
2248 3669 2477 3714 omnes.
2537 3661 2596 3706 ut
2648 3649 3081 3721 sapientissimus
3134 3646 3333 3701 Paulus
3386 3644 3666 3709 scribit”,

2102 3758 2283 3798 ceram
2315 3742 2537 3797 Christo
2563 3738 2920 3802 manifestari,
2949 3747 3009 3791 ttt
3048 3738 3274 3807 recipiat
3300 3736 3671 3805 unusquisque

2101 3851 2163 3889 ea
2209 3850 2329 3906 qua:
2372 3849 2465 3901 per
2498 3848 2695 3898 corpus
2724 3831 2912 3901 gessit,
2964 3844 3058 3883 seu
3093 3829 3288 3882 bonmn
3321 3842 3413 3881 seu
3447 3825 3666 3879 malum.

424 3924 549 3980 σθεν
573 3926 666 3979 τοῦ
690 3926 930 3998 βήματος
952 3926 1046 3980 τοῦ
1070 3925 1431 3997 Χριστοῦ,ἴνα
1453 3926 1743 3998 κομίσηται
1802 3927 2026 3989 ἕκαστος
2066 3926 2135 3980 τὰ
2198 3925 2286 3979 διὰ
2323 3924 2416 3977 τοῦ
2457 3923 2704 3994 σώματος
2753 3921 2889 3993 πρὸς
2932 3919 2968 3974 ἃ
3010 3919 3245 3990 ἐπραξεν
3290 3918 3398 3971 εἴτε
3445 3917 3673 3987 ἀγαθὸν,

422 4022 532 4085 ιῖτε
574 4023 800 4093 φαῦλον.

500 4121 611 4171 Ὃν
640 4119 866 4185 τρόπον
890 4115 999 4171 ἐάν
1022 4134 1109 4183 τις
1136 4116 1557 4186 καλαμήσηται
1586 4116 1820 4179 ἐλαίαν,
1844 4114 1997 4168 οὕτω

426 4206 957 4276 καλαμηθήσονται
988 4208 1238 4270 αὐτούς·
1276 4205 1375 4259 καί
1411 4206 1520 4259 ἐὰν
1562 4206 1767 4274 παύσῃ
1801 4208 1834 4260 ὀ
1864 4221 2000 4274 τρυ-

426 4299 625 4368 τητὸς,
657 4294 823 4353 οὗτοι
855 4299 1022 4367 φωνῇ
1046 4297 1399 4364 βοήσονται.

496 4389 743 4445 Δείκνυσι
773 4390 933 4445 πάλιν
955 4390 1028 4453 ὡς
1053 4392 1118 4443 ἐκ
1149 4390 1255 4443 τῶν
1284 4391 1340 4442 ἐν
1379 4388 1500 4459 ὄψει
1533 4388 1627 4443 καὶ
1656 4388 2001 4460 ἐμφανεστά-

427 4498 535 4536 των
558 4482 1015 4552 παραδειγμάτων
1033 4481 1132 4551 τῆς
1161 4481 1266 4534 τῶν
1294 4480 1564 4552 πολεμίων
1592 4480 1921 4552 δυστροπίας
1942 4479 2004 4531 τὸ

2166 4110 2332 4164 Vsus.
2380 4106 2466 4160 i5.
2516 4101 2965 4170 Quemadmodum
2989 4100 3033 4154 si
3057 4101 3174 4171 quis
3195 4100 3423 4154 excutiat
3453 4102 3669 4167 olivam,

2095 4202 2171 4256 sic
2194 4198 2452 4254 excutient
2485 4212 2572 4249 eos
2601 4208 2622 4246 :
2654 4204 2701 4249 et
2728 4194 2775 4249 si
2807 4193 3055 4263 quieverit
3098 4192 3383 4256 vindemia,
3425 4192 3514 4245 isti
3551 4208 3671 4246 voce

2098 4288 2419 4343 clamabunt.

2171 4380 2379 4434 Rursus
2419 4376 2488 4431 ab
2520 4375 2782 4444 exemplis
2816 4375 2886 4429 ob
2934 4375 3121 4428 oculos
3150 4373 3338 4443 positis
3370 4382 3424 4427 et
3456 4374 3674 4429 eviden-

2105 4474 2343 4535 tissitnis,
2393 4472 2735 4527 demonstrat
2789 4465 3024 4519 hostium
3080 4466 3376 4535 improbam
3423 4466 3673 4521 immani-

430 4550 647 4643 ἀπηνὲς.
672 4573 1002 4647 φειδομένων
1033 4550 1264 4636 οὐδενὸς,
1307 4550 1439 4626 οὔτε
1469 4573 1574 4643 μὴν
1617 4550 1989 4643 ἀνασχομένω»

2107 4576 2288 4628 tatem,
2330 4580 2450 4619 cum
2485 4577 2643 4617 nemo
2674 4560 2868 4627 parcit,
2902 4573 3059 4612 nemo
3092 4573 3420 4626 quemquam
3477 4559 3672 4612 immu-

428 4663 657 4735 ἄμοιρον
690 4665 785 4733 τῆς
811 4663 1033 4734 ἐνούσης
1059 4664 1239 4726 αὐτοῖς
1259 4663 1539 4734 ὠμότητος
1562 4662 1829 4732 διαφεῖναι
1853 4662 1995 4714 τινά.

395 4757 684 4826 σ’Δκριϐεῖ
725 4757 833 4828 γὰρ
886 4756 1145 4831 ὀφθαλμῴ
1184 4756 1655 4809 κατασκέπτονται
1699 4755 1758 4808 τὸ
1808 4755 1994 4823 φυτὸν,

430 4853 480 4907 oi
505 4852 596 4905 τὸν
626 4853 691 4905 ἐκ
724 4850 831 4903 τῶν
862 4850 1057 4903 ἐλαιῶν
1088 4850 1375 4921 ζητοῦντες
1424 4850 1634 4920 καρπόν
1656 4866 1670 4881 ·
1705 4849 1797 4901 καὶ
1822 4848 1873 4902 εί
1894 4866 1995 4901 που

429 4961 482 4998 τι
514 4945 690 5008 πέσοι,
744 4943 1084 5014 τριποθήτως
1129 4943 1451 5014 ἁρπάζουσι,
1503 4944 1597 4995 καὶ
1650 4941 1811 5013 μέχρι
1870 4941 1997 5010 μιᾶς

432 5036 808 5104 συλλέγουσιν·
856 5034 1018 5099 οὕτω,
1074 5036 1257 5104 φησιν,
1303 5033 1499 5094 αὐτοὺς
1574 5034 1998 5103 καλαμήσονται,

431 5127 777 5197 πανωλεθρίᾳ
817 5128 1265 5197 καταφθείροντες
1293 5128 1341 5179 oi
1375 5125 1645 5195 πολέμιοι,
1680 5124 1779 5179 κᾶν
1809 5126 1838 5177 ὁ
1874 5142 2002 5194 τρυ-

429 5220 591 5289 ma»;
622 5220 916 5287 παύσηται,
943 5215 1086 5273 οὗτοι
1118 5220 1266 5289 φωνῇ
1305 5217 1607 5287 βοήσονται.
1641 5216 1730 5278 Ὠς
1762 5213 1821 5278 ἐξ
1849 5214 2003 5277 ἔθους

430 5311 489 5367 δὲ
530 5311 693 5371 πάλιν
731 5311 826 5367 τοῦ
868 5309 1201 5382 πράττεσθαι
1253 5308 1557 5378 πεφυκότος
1602 5308 1693 5359 ἐπὶ
1746 5308 1865 5368 ταῖς
1907 5305 1999 5359 τοῦ

429 5404 701 5472 τρυγητοῦ
744 5386 1074 5464 συντελείαις
1095 5401 1305 5470 δέχεται
1350 5399 1441 5453 καὶ
1470 5399 1647 5450 τοῦτο.
1678 5397 1741 5450 Oi
1783 5396 1890 5468 γάρ
1922 5413 2002 5449 τοι

429 5494 736 5563 τρυγῶντες
778 5495 904 5551 ὅταν
951 5496 1030 5555 εἰς
1064 5492 1219 5545 τοῦτο
1251 5489 1609 5559 καταλήξειαν
1641 5489 1835 5548 πόνων,
1884 5485 2003 5557 χαί-

434 5600 623 5654 ροντες
642 5584 990 5653 ἁλαλάζουσι,
1017 5584 1109 5636 καὶ
1125 5582 1379 5652 ἄγροικόν
1400 5596 1530 5637 τινα,
1548 5577 1825 5639 συνθέντες
1838 5576 2000 5646 ᾠδὴν,

430 5675 795 5746 ἀποφέρονται
824 5675 931 5729 τῶν
948 5674 1355 5745 χωρίων.”οταν
1387 5672 1583 5737 τοίνυν,
1615 5669 1799 5739 φησὶν,
1833 5669 2005 5721 ᾶπαν-

502 5852 549 5885 ¹⁵
585 5850 684 5906 lsa.
712 5867 843 5907 nn.
888 5854 965 5908 15.
1048 5855 1090 5883 ²⁶
1125 5854 1283 5905 Amos
1310 5866 1380 5915 νι,
1431 5851 1459 5904 i
1490 5866 1638 5919 seqq.

2106 4674 2228 4712 nem
2269 4658 2335 4711 ab
2387 4655 2548 4709 insita
2601 4652 2923 4709 crudelitate
2964 4666 3059 4705 sua
3108 4652 3374 4721 permittit
3417 4649 3670 4719 eil'ugere.

2103 4750 2230 4805 Acri
2282 4749 2426 4801 enim
2485 4747 2642 4802 oculo
2697 4753 3028 4801 contuentur
3065 4744 3429 4807 arbusculam,
3481 4744 3569 4812 qui
3606 4757 3673 4796 ex

2104 4843 2239 4896 oleis
2292 4839 2528 4894 fructum
2561 4848 2833 4909 quierunt.
2870 4837 2926 4891 Si
2954 4835 3079 4907 quid
3108 4835 3391 4900 ceciderit,
3433 4834 3670 4903 cupidis-

2102 4934 2239 4989 sime
2292 4933 2580 5001 arripiunt,
2626 4941 2679 4986 et
2713 4932 2778 4984 ad
2816 4946 2978 4984 unum
3012 4943 3181 4997 usque
3227 4927 3481 4991 colligunt
3513 4941 3526 4976 :
3567 4926 3669 4988 sic,

2103 5026 2298 5096 inquit,
2322 5024 2439 5078 illos
2464 5023 2738 5078 excutient
2760 5021 3122 5090 aocolligent,
3155 5018 3222 5072 ad
3250 5017 3673 5071 internecionem

2106 5132 2277 5186 usque
2332 5116 2618 5187 perdentes
2682 5112 2905 5165 inimici.
2953 5110 3019 5163 Et
3068 5109 3113 5164 si
3152 5107 3419 5161 vindemia
3472 5116 3671 5169 cesset,

2105 5209 2194 5264 isti
2248 5222 2379 5262 voce
2427 5204 2754 5261 clamabunt.
2793 5201 2907 5256 Hoc
2954 5201 3079 5254 item
3107 5199 3272 5253 sumit
3296 5213 3360 5251 ex
3402 5212 3549 5251 more
3608 5213 3674 5250 eo

2104 5301 2197 5371 qui
2250 5300 2349 5354 sub
2410 5298 2568 5353 tinem
2626 5276 2914 5349 vindemiae
2967 5291 3206 5346 inolevit.
3269 5287 3675 5343 Vindemiantes

2103 5394 2246 5447 enim
2274 5390 2487 5461 quando
2510 5389 2577 5442 ab
2611 5388 2693 5442 his
2725 5385 3001 5441 laboribus
3033 5385 3325 5447 desistunt,
3355 5382 3589 5452 gaudent
3610 5398 3673 5436 ac

2108 5484 2493 5545 vociferantur,
2540 5490 2593 5535 et
2624 5482 2824 5533 rustica
2857 5478 3108 5548 quapiam
3142 5475 3410 5532 cantiiena
3456 5488 3672 5542 compo-

2102 5574 2203 5629 sita
2260 5589 2327 5627 ex
2360 5570 2573 5641 praediis
2618 5584 2678 5623 se
2727 5569 2984 5622 referunt.
3023 5567 3247 5633 Quando
3296 5580 3447 5636 ergo,
3475 5563 3668 5634 inquit,

2108 5667 2287 5721 h05tes
2327 5662 2718 5720 racemaverint
2764 5674 2972 5724 omnes,
3005 5668 3059 5715 et
3101 5658 3303 5713 nullum
3335 5672 3555 5728 prorsus
3582 5670 3669 5711 re-

1718 5849 1757 5879 ”
1791 5846 1831 5901 ιι
1867 5848 1968 5902 (Zur
2024 5863 2073 5904 ν.
2109 5846 2187 5899 Ιυι.
