4162 6406
500 346 607 403 545
1534 356 1592 411 S.
1631 353 1904 411 CYRILIJ
1943 357 2417 448 ALEXANDBINI.
2451 360 2768 415 ARCHIEP.
3653 365 3757 419 5M

502 462 800 534 liquerint,
859 471 989 518 tunc
1041 466 1497 534 quemadmodum
1547 478 1740 524 exacta
1781 470 2068 534 vindemia,

2176 486 2276 533 τας
2330 472 2378 523 οἱ
2434 472 2683 541 πολέμιοι
2751 475 3178 545 καλαμήσωνται
3229 476 3321 529 καὶ
3373 477 3755 547 καταλείψουσι

500 566 637 607 voce
692 553 1095 619 exclamabant,
1144 555 1442 626 jubilantes
1476 558 1730 614 nimirum
1761 570 1947 615 contra
1985 576 2068 615 eos

2182 559 2461 623 παντελῶς
2509 562 2697 615 οὐδένα
2722 603 2736 624 ,
2784 564 2905 616 τότε
2957 563 3208 637 καθάπερ
3254 568 3606 637 πεπαυμένου
3661 569 3757 623 τοῦ

502 643 594 711 qui
648 641 832 710 jacent
866 655 921 698 et
958 646 1337 712 succumbunt,
1392 657 1446 701 et
1491 648 1813 704 insultantes
1865 651 1951 706 bis
1984 652 2068 721 qui

2179 651 2475 722 τρυγητοῦ,
2514 656 2663 724 φωνῇ
2701 654 2987 725 βοήσονται
3022 656 3481 721 καταλαλάζοντες
3516 658 3759 728 δηλονότι

502 732 842 786 ceciderunt.
892 732 1011 787 .lam
1043 749 1172 788 vero
1203 740 1268 789 ad
1301 739 1617 806 penitiorem
1650 754 1871 794 sensum
1906 743 2078 811 respi-

503 823 709 877 cientes
741 824 995 892 dicimus,
1036 823 1226 891 judicii
1287 837 1529 897 tempore
1584 832 1853 883 neminem
1885 846 2073 885 eorum

504 913 595 980 qui
622 915 872 969 vixerunt
912 916 1095 985 impie,
1122 916 1421 973 latiturum.
1456 921 1561 975 Sed
1593 924 1683 989 qui
1722 923 1918 977 versati
1950 930 2077 976 sunt

503 1020 567 1057 ac
620 1005 874 1061 vixerunt
932 1018 1077 1062 recte
1134 1020 1189 1063 et
1234 1009 1492 1081 legitime,
1546 1013 1597 1065 in
1636 1029 1886 1081 suprema
1921 1014 2078 1069 ibunt

506 1096 803 1152 habitacula
841 1115 857 1153 :
913 1099 1122 1168 profani
1171 1112 1347 1156 autem
1408 1115 1462 1157 et
1495 1106 1746 1173 improbi.
1788 1106 1929 1175 ignis
1958 1122 2076 1161 oin—

503 1193 650 1246 nium
703 1192 883 1246 edacis
942 1204 1101 1247 erunt
1152 1194 1487 1250 alimentum.
1548 1198 1827 1267 Exquisita
1894 1201 2075 1270 igitur,

502 1282 662 1356 35,1
692 1284 883 1353 inquit,
908 1286 1012 1339 erit
1040 1285 1221 1339 talium
1244 1286 1512 1351 collectio,
1544 1299 1598 1343 et
1623 1290 1710 1344 hic
1727 1290 1942 1345 docebit
1965 1292 2077 1361 ipse

504 1372 783 1439 Servator,
838 1374 1068 1428 dicens:
1133 1392 1152 1426 ι
1190 1375 1380 1428 Simile
1418 1385 1502 1430 est
1552 1392 1775 1447 regnum
1815 1377 2075 1431 coriorum

501 1466 771 1524 verriculo
815 1467 961 1536 jacto
1021 1466 1072 1521 in
1124 1482 1295 1535 mare,
1323 1477 1376 1521 et
1405 1484 1467 1522 ex
1510 1469 1655 1523 omni
1690 1484 1889 1539 genere
1926 1470 2077 1525 colli-

502 1560 647 1630 genti
678 1598 694 1624 ,
746 1573 857 1630 quo
906 1568 1137 1614 attracto
1190 1570 1246 1615 et
1288 1560 1341 1613 in
1377 1559 1557 1615 littore
1592 1562 1875 1627 collocato,
1907 1563 2076 1619 honos

503 1658 901 1719 congregarunt
957 1649 1009 1703 in
1072 1666 1220 1714 vasa,
1256 1650 1426 1705 maios
1463 1650 1606 1706 foras
1641 1650 1917 1718 eiecerunt
1951 1655 2016 1706 ”.
2050 1673 2069 1707 ι

504 1739 708 1795 Exacta
740 1751 797 1796 et
823 1741 990 1812 rigida
1015 1742 1199 1814 igitur,
1234 1741 1430 1811 inquit,
1456 1743 1561 1795 erit
1588 1744 1872 1812 impiorum
1899 1743 2077 1813 inqui-

2180 742 2289 797 τῶν
2321 745 2587 813 κειμένων
2620 746 2715 797 καὶ
2745 746 3089 799 πεπτωκόσιν
3107 748 3544 819 ὲπιγαννύμενοι.
3573 750 3758 819 Φαμὲν

2182 828 2247 899 δὴ
2296 828 2458 884 πάλιν
2503 832 2583 895 είς
2613 832 2711 903 τὴν
2758 835 3014 887 ἐσωτάτω
3063 835 3348 904 βλέποντες
3396 838 3622 903 ἔννοιαν,
3674 840 3758 893 ὅτι

2188 920 2330 973 κατά
2354 921 2446 973 τὸν
2475 925 2573 993 τῆς
2603 925 2837 995 κρίσεως
2874 926 3067 996 καιρὸν
3103 928 3273 991 οὐδεὶς
3315 928 3466 981 ἔσται
3493 927 3600 983 τῶν
3635 931 3757 983 ἀνο-

2184 1008 2314 1073 σίως
2348 1010 2688 1080 βεϐιωκότων
2722 1014 2781 1078 ὃς
2812 1015 3108 1086 δυνήσηται
3153 1016 3352 1070 λαθεῖν.
3404 1019 3543 1072 Ἀλλ’
3573 1021 3623 1073 oi
3657 1020 3759 1091 μὲν

2185 1103 2634 1174 πολιτευσάμενοί
2671 1123 2730 1159 τε
2778 1110 2871 1160 καὶ
2899 1107 3251 1179 διαζήσαντες
3275 1111 3449 1183 ὀρθῶς
3480 1113 3573 1165 καὶ
3613 1112 3757 1167 ἐννό-

2184 1209 2299 1263 μως
2329 1196 2409 1257 είς
2433 1196 2530 1258 τάς
2555 1194 2667 1248 ἄνω
2687 1195 2992 1266 βαδιοῦνται
3024 1200 3190 1267 μονάς
3210 1215 3223 1229 ·
3254 1200 3306 1251 οἶ
3326 1217 3390 1268 γε
3420 1202 3524 1272 μὴν
3542 1201 3759 1273 βέϐηλοι

2180 1301 2241 1337 τε
2290 1286 2384 1338 καὶ
2443 1289 2668 1356 πονηροὶ
2726 1288 2897 1358 πυρὸς
2948 1289 3163 1342 ἔσονται
3215 1292 3513 1361 παμφάγου
3560 1294 3755 1365 τροφή.

2195 1375 2452 1447 Ἀκριϐής
2480 1374 2571 1431 οὖν
2599 1376 2772 1440 ἔσται,
2814 1381 2968 1451 φησὶ,
3002 1382 3110 1434 τῶν
3140 1384 3392 1437 τοιούτων
3435 1387 3467 1455 ή
3505 1385 3755 1458 συλλογὴ,

2182 1469 2276 1521 καὶ
2308 1468 2465 1521 τοῦτο
2508 1468 2707 1536 διδάξει
2753 1469 2924 1539 λέγων
2957 1473 3120 1537 αὐτὸς
3154 1474 3182 1524 6
3214 1476 3438 1546 Σωτήρ·
3488 1495 3506 1527 ι
3566 1478 3757 1547 Ὁμοία

2180 1564 2327 1615 ἐστὶν
2359 1566 2389 1634 ή
2437 1563 2681 1633 βασιλεία
2726 1564 2836 1618 τῶν
2863 1566 3107 1635 ούρανῶν
3140 1570 3350 1641 σαγήνῃ
3383 1570 3644 1645 βληθείσῃ
3675 1576 3758 1637 είς

2180 1656 2277 1725 τὴν
2300 1654 2597 1718 θάλασσαν,
2616 1656 2711 1710 καὶ
2738 1658 2801 1709 ἐκ
2825 1658 3020 1721 παντὸς
3048 1659 3241 1725 γένους
3272 1661 3671 1734 συναγαγούσῃ.
3688 1662 3756 1732 ἢν

2179 1747 2631 1815 ἀναϐιϐάσαντες,
2650 1750 2743 1801 καὶ
2777 1751 2867 1803 ἐπὶ
2896 1751 2986 1803 τὸν
3010 1750 3251 1818 αίγιαλδν
3286 1751 3607 1816 καθίσαντες
3635 1771 3757 1806 συν-

500 1832 643 1897 sitio,
668 1833 761 1893 sed
797 1848 1009 1898 eorum,
1046 1834 1137 1903 qui
1164 1834 1244 1887 sic
1271 1834 1622 1888 traduxerunt
1656 1836 1848 1901 vitam,
1906 1853 2068 1890 nemo

2179 1838 2368 1903 έλεξαν
2417 1838 2553 1893 καλά
2600 1843 2679 1904 είς
2718 1842 2887 1913 ἄγγη,
2916 1842 2987 1896 τὰ
3032 1842 3089 1895 δὲ
3139 1842 3320 1913 σαπρὰ
3356 1843 3459 1907 ἔξω
3485 1844 3690 1896 ἔϐαλον.
3731 1864 3750 1897 ι

500 1928 773 1991 supererit
830 1942 845 1978 :
901 1934 958 1978 at
1030 1941 1220 1980 omnes
1304 1926 1576 1980 exhibebit
1616 1927 1822 1995 angelis
1873 1929 1939 1982 ad
1973 1930 2074 1984 hoc

501 2014 788 2079 ordinatis,
811 2016 856 2069 is
887 2014 978 2087 qui
1005 2015 1168 2070 corda
1197 2024 1252 2069 et
1287 2031 1445 2071 renes
1476 2016 1637 2071 habet
1666 2019 1932 2088 cognitos.

575 2296 733 2354 Vens.
773 2297 856 2351 l4.
912 2298 1017 2363 Qui
1074 2316 1188 2353 vero
1242 2300 1295 2352 in
1347 2311 1486 2354 terra
1548 2305 1855 2370 superstites
1892 2318 2069 2373 erunt,

498 2392 939 2445 exhilarabuntur
962 2408 1078 2444 cum
1104 2392 1278 2461 gloria
1318 2391 1549 2446 Domini.

569 2485 701 2537 Cum
727 2485 1035 2553 diligentem
1065 2484 1178 2539 fore
1198 2485 1602 2554 inquisitionem
1624 2486 1856 2543 dixisset
1877 2503 2070 2543 eorum

496 2573 590 2644 qui
620 2572 672 2627 in
707 2575 942 2643 peccatis
970 2575 1289 2643 deprehensi
1321 2585 1529 2643 essent,
1580 2586 1637 2630 ut
1668 2580 1849 2635 nullus
1887 2588 2073 2650 posset

496 2665 858 2731 delitescere,
899 2681 1007 2720 non
1057 2666 1190 2720 sinit
1241 2667 1388 2737 pium
1431 2678 1487 2722 et
1545 2669 1854 2741 religiosum
1902 2672 2074 2725 homi-

502 2773 621 2810 nem
658 2758 744 2812 his
775 2758 1062 2826 pavoribus
1090 2758 1269 2827 frangi
1309 2767 1364 2812 et
1390 2763 1751 2816 consternari.
1784 2764 1894 2819 Etsi
1926 2765 2071 2819 enim

503 2848 585 2902 ira
619 2852 829 2904 dicatur
857 2848 907 2902 in
939 2863 1130 2902 omnes
1156 2863 1455 2917 permeare,
1484 2860 1663 2907 tamen
1704 2855 2073 2911 universitatis

499 2938 644 3000 Deus
679 2953 782 2994 non
819 2939 992 3009 perdit
1017 2939 1221 3005 justum
1258 2956 1381 2997 cum
1421 2941 1620 3013 impiis.
1661 2943 1729 2997 Et
1755 2944 1893 2999 istuc
1918 2946 2071 3001 docet

497 3044 631 3085 voce
658 3030 954 3085 Ezechielis
988 3033 1174 3087 dicens
1208 3048 1222 3083 :
1266 3050 1285 3084 ι
1325 3032 1426 3088 Fili
1472 3035 1709 3092 hominis
1735 3077 1751 3102 ,
1804 3047 1947 3092 terra
1995 3039 2063 3093 ad

499 3138 662 3193 quam
720 3124 928 3179 adduco
976 3125 1239 3190 judicium
1317 3127 1620 3198 sanguinis,
1679 3129 1781 3185 etsi
1839 3128 1950 3185 sint
2016 3130 2070 3186 in

500 3214 681 3271 medio
708 3232 898 3271 eorum
936 3214 1068 3283 Noe,
1096 3228 1150 3274 et
1177 3217 1383 3285 Daniel,
1421 3228 1476 3274 et
1507 3219 1634 3286 Job,
1676 3223 1728 3275 hi
1764 3223 1816 3277 in
1857 3221 2069 3292 justitia

499 3321 601 3362 sua
634 3306 1039 3373 servabuntur,
1104 3317 1246 3361 terra
1306 3318 1487 3362 autem
1541 3310 1648 3363 erit
1707 3310 1760 3364 in
1816 3311 2072 3380 perditio-

494 3409 644 3453 nem.
676 3397 722 3428 "
761 3417 780 3449 ι
818 3398 880 3450 lit
908 3396 1033 3451 alibi
1063 3396 1193 3453 dii-it
1224 3396 1337 3467 ipse
1364 3398 1624 3468 propheta
1653 3401 1812 3453 nobis
1835 3415 1893 3454 se
1932 3416 2068 3455 con-

500 3491 813 3561 templatum
862 3505 984 3547 esse
1020 3491 1193 3545 virum
1248 3491 1405 3546 talari
1459 3501 1614 3547 veste
1675 3491 1922 3548 indutum
1956 3533 1971 3559 ,
2015 3503 2072 3547 et

499 3598 690 3638 setiam
728 3582 1038 3642 habentem.
1069 3591 1123 3635 et
1153 3596 1251 3635 sex
1286 3581 1539 3637 homines
1562 3593 1850 3652 sequentes
1892 3583 2068 3655 illum,

492 3686 552 3730 et
576 3675 840 3747 cujusque
869 3674 1076 3728 securis
1106 3673 1159 3727 in
1210 3688 1371 3729 manu
1406 3688 1531 3739 sua,
1590 3683 1644 3729 et
1691 3676 1863 3731 dixit:
1907 3695 1926 3729 ι
1988 3677 2067 3733 Ite

504 3770 555 3820 iu
580 3767 849 3820 civitatem
872 3775 996 3833 post
1025 3766 1194 3831 illum,
1225 3772 1281 3819 et
1309 3765 1503 3837 lugete,
1537 3775 1593 3822 et
1620 3767 1788 3823 nolite
1816 3785 2066 3839 parcere,

499 3874 597 3912 nec
621 3855 950 3910 miseremini
985 3855 1215 3909 senioris
1244 3871 1259 3910 :
1288 3853 1571 3923 juvenem,
1603 3855 1840 3913 infantes
1873 3867 1929 3912 et
1960 3875 2071 3913 mu-

500 3949 656 4002 lieres
680 3946 962 4000 interf‘tcite
984 3946 1052 3998 ad
1081 3945 1503 4000 internecionem
1533 3963 1547 4000 :
1578 3947 1644 4001 ad
1667 3963 1857 4004 omnes
1886 3959 2066 4005 autem

499 4040 552 4092 in
615 4038 810 4109 quibus
865 4045 950 4092 est
997 4037 1232 4105 signum,
1284 4052 1359 4092 ne
1402 4038 1880 4108 appropinquetis,
1941 4051 1996 4096 et
2036 4058 2067 4096 a

498 4130 701 4185 sanctis
766 4128 985 4197 incipite
1034 4128 1102 4179 3°.
1154 4147 1173 4183 ›
1236 4126 1354 4185 Jam
1409 4144 1530 4184 cum
1584 4131 1863 4203 prophetae
1902 4132 2065 4186 verba

501 4221 784 4274 inexcussa
821 4220 1124 4288 relinquere
1165 4236 1270 4274 non
1302 4230 1589 4291 oporteat,
1648 4238 1747 4290 age
1797 4224 2065 4289 dicamus,

502 4312 630 4383 quid
667 4315 880 4366 tandem
912 4321 994 4367 est
1024 4312 1166 4381 quod
1194 4313 1360 4377 dicat,
1394 4311 1506 4367 Noe
1534 4322 1589 4368 et
1617 4312 1755 4369 Jobo
1775 4314 1893 4387 jam
1924 4331 2069 4370 mor-

503 4406 647 4471 tuis,
693 4405 939 4460 fortassis
991 4404 1158 4459 etiam
1210 4404 1328 4475 ipso
1389 4405 1626 4473 Dauiele,
1680 4415 1952 4461 servatum
2000 4406 2064 4459 iri

2188 1929 2444 2000 ’Λκριϐὴς
2474 1925 2567 1983 οὖν
2613 1930 2783 1993 ἔσται,
2820 1932 2974 2001 φησὶ,
3025 1932 3139 1984 τῶν
3167 1934 3396 1987 ἀνοσίων
3438 1936 3470 2003 ή
3510 1934 3753 2004 ζήτησις,

2174 2021 2667 2092 καταλειφθήσεται
2698 2022 2755 2075 δὲ
2785 2024 2844 2075 τὸ
2878 2022 3098 2092 σύμπαν
3125 2024 3299 2087 οὐδεὶς
3326 2025 3435 2077 τῶν
3468 2025 3641 2087 οὕτως
3670 2026 3757 2096 βε-

2175 2106 2449 2161 ϐιωκότων
2474 2125 2487 2138 ο
2544 2109 2855 2179 παραδείξει
2891 2111 3000 2179 γὰρ
3046 2111 3290 2176 ἃπαντας
3337 2116 3449 2177 τοῖς
3484 2115 3565 2177 είς
3599 2114 3760 2167 τοῦτο

2172 2200 2527 2269 τεταγμένοις
2574 2202 2826 2271 ἀγγέλοις
2870 2206 2898 2256 6
2930 2205 3152 2275 καρδίας
3196 2205 3350 2269 είδὼς
3381 2207 3474 2259 καὶ
3503 2208 3754 2277 νεφρούς.

2241 2293 2306 2340 Οἱ
2346 2290 2415 2342 δὲ
2449 2293 2943 2360 καταλειφθέντες
2976 2294 3076 2347 ἐπὶ
3105 2294 3215 2365 τῆς
3253 2295 3365 2365 γῆς
3406 2296 3753 2367 εὐφρανθή-

2177 2397 2387 2434 σονται
2415 2381 2535 2451 ἅμα
2561 2382 2637 2451 τῇ
2663 2383 2810 2452 δόξῃ
2851 2386 3092 2453 Kvplov.

2261 2474 2489 2544 Ἀκριϐῆ
2535 2474 2634 2545 τὴν
2688 2477 3028 2546 κατάσκεψιν
3072 2478 3291 2532 ἔσεσθαι
3341 2480 3516 2548 λέγων
3552 2479 3661 2533 τῶν
3697 2481 3760 2536 ιν

2177 2564 2476 2635 ἁμαρτίαις
2538 2567 3030 2639 κατειλημμένων,
3091 2571 3166 2634 ὡς
3238 2572 3443 2642 μηδένα
3495 2571 3755 2628 δύνασθαι

2174 2654 2468 2721 διαλαθεῖν,
2525 2658 2627 2710 ούκ
2674 2660 2739 2731 ta
2786 2661 3234 2732 καταθραύεσθαι
3281 2668 3398 2729 τοῖς
3457 2667 3537 2730 εἰς
3592 2666 3757 2721 τοῦτο

2173 2748 2395 2819 δείμασι
2423 2750 2515 2802 τὸν
2550 2750 2725 2820 ἀσεϐῆ
2760 2752 2851 2804 καὶ
2882 2752 3147 2821 φιλόθεον.
3175 2755 3294 2808 Κᾶν
3327 2756 3435 2829 γὰρ
3461 2760 3509 2809 εί
3539 2757 3759 2825 λέγοιτο

2174 2842 2318 2894 κατὰ
2349 2842 2568 2894 πάντων
2595 2842 2731 2895 ἱέναι
2764 2842 2833 2895 τὰ
2858 2844 2916 2911 ἐξ
2942 2844 3134 2915 ὀργῆς,
3165 2846 3279 2899 ἀλλ’
3308 2844 3402 2900 οὖν
3429 2851 3458 2902 6
3484 2848 3593 2901 τῶν
3617 2850 3755 2903 ὅλων

2174 2933 2307 2996 Θεὸς
2330 2934 2391 2986 οὐ
2412 2934 2650 2988 διόλλυσι
2677 2935 2770 2989 τὸν
2798 2936 3009 2991 δίκαιον
3037 2938 3177 3007 μετὰ
3208 2940 3437 2993 ἀσεϐῶν.
3460 2942 3570 2994 Καὶ
3594 2941 3759 2995 τοῦτο

2173 3026 2415 3079 διδάσκει
2458 3026 2634 3093 λέγων
2682 3026 2771 3080 διὰ
2806 3028 2993 3099 φωνῆς
3036 3029 3293 3101 Ἰεζεκιήλ
3317 3047 3329 3058 ·
3366 3051 3385 3082 t
3420 3031 3515 3085 Υἱὲ
3544 3031 3755 3102 ἀνθρώ-

2176 3136 2303 3193 που,
2334 3119 2438 3190 γῆν
2468 3119 2552 3188 ἐφ’
2655 3122 2850 3189 ἐπάγω
2880 3122 3054 3193 κρίμα
3102 3123 3353 3192 αἵματος,
3389 3125 3492 3178 κᾶν
3527 3119 3658 3179 ὦσιν
3695 3128 3754 3177 ὲν

2178 3211 2327 3282 μέσῳ
2359 3210 2538 3264 αὐτῶν
2571 3210 2696 3264 Νῶε
2729 3212 2825 3265 καὶ
2868 3212 3068 3283 Δανιὴλ
3110 3215 3202 3267 καὶ
3239 3212 3382 3276 Ἰὼϐ,
3412 3207 3559 3267 οὗτοι
3587 3217 3644 3267 ὲν
3683 3218 3754 3286 τῇ

2170 3301 2487 3373 δικαιοσύνῃ
2512 3301 2688 3355 αὐτῶν
2730 3301 3085 3374 σωθήσονται,
3114 3305 3146 3373 ὴ
3171 3303 3227 3356 δὲ
3255 3304 3327 3374 γῆ
3353 3304 3503 3359 ἔσται
3531 3308 3608 3369 εἰς
3637 3306 3753 3359 ὁλε-

2172 3393 2321 3465 θρον.
2361 3413 2379 3444 ι
2435 3393 2545 3447 Καὶ
2577 3394 2686 3463 μὴν
2732 3394 2826 3447 καὶ⁹
2867 3394 3095 3465 ἑτέρωθι
3141 3396 3304 3465 φησὶν
3348 3396 3376 3447 6
3420 3397 3584 3459 αὐτὸς
3617 3400 3755 3468 ήμῖν

2170 3487 2457 3560 προφήτης
2477 3499 2491 3513 ⁸
2514 3484 2807 3539 τεθεᾶσθαι
2833 3485 2929 3556 μὲν
2953 3485 3121 3557 ἄνδρα
3150 3486 3355 3558 ποδήρη
3380 3487 3747 3561 ἐνδεδυμένον,

2171 3579 2264 3633 καὶ
2302 3577 2481 3649 ζώνην
2510 3576 2721 3647 ἔχοντα,
2755 3577 2849 3628 καὶ
2903 3574 2962 3639 ἒξ
2988 3574 3183 3645 ἄνδρας
3215 3576 3539 3646 ἐρχομένους
3577 3577 3759 3630 ὀπίσω

2170 3674 2337 3727 αὐτοῦ
2358 3691 2372 3704 ’
2410 3675 2504 3729 καὶ
2532 3674 2766 3727 ἑκάστου
2796 3673 2961 3743 φησὶν
3004 3675 3033 3724 6
3080 3671 3251 3735 πέλυξ
3281 3674 3338 3724 ὲν
3372 3674 3438 3740 τῇ
3469 3673 3615 3745 χειρὶ
3659 3672 3751 3725 αύ-

2168 3764 2282 3832 τοῦ,
2337 3765 2431 3820 καὶ
2470 3760 2655 3818 εἶπεν·
2696 3783 2716 3816 ι
2783 3763 3085 3833 Πορεύεσθε
3133 3765 3213 3826 είς
3248 3763 3346 3835 τὴν
3393 3764 3547 3817 πόλιν
3575 3765 3752 3819 ὀπίσω

2169 3856 2357 3923 αὑτοῦ,
2389 3857 2482 3910 καὶ
2509 3856 2737 3909 κόπτετε
2782 3856 2877 3909 καὶ
2924 3854 2997 3925 μὴ
3028 3854 3296 3922 φείδεσθε,
3348 3854 3442 3906 καὶ
3484 3852 3559 3925 μὴ
3590 3855 3747 3925 ἐλεή-

2171 3965 2301 4019 σητε
2332 3948 2719 4019 πρεσϐύτερον,
2749 3946 3052 4011 νεανίσκον,
3088 3945 3180 3999 καὶ
3221 3947 3411 4015 νήπια,
3441 3948 3535 4000 καὶ
3558 3951 3745 4015 γυναῖ-

2170 4056 2275 4103 κας
2304 4038 2662 4093 ἀποκτείνατε
2684 4038 2764 4101 εἰς
2795 4036 3090 4106 ἐξάλειψιν,
3111 4036 3202 4089 ἐπὶ
3225 4036 3281 4088 δὲ
3309 4038 3516 4101 πάντας
3547 4039 3631 4108 ἐφ’
3652 4038 3751 4101 οὓς

2167 4131 2283 4183 ἐστι
2328 4129 2389 4182 τὸ
2433 4132 2676 4200 σημεῖον,
2716 4130 2790 4199 μὴ
2833 4128 3112 4198 ὲγγίσητε,
3149 4127 3243 4181 καὶ
3285 4128 3393 4181 ἀπὸ
3438 4129 3546 4182 τῶν
3579 4130 3749 4197 ἁγίων

2168 4220 2426 4291 ἄρξασθε.
2465 4239 2483 4270 ι
2524 4218 2742 4290 Ἐπειδὴ
2770 4218 2825 4271 δὲ
2857 4214 3013 4289 οἶμαι
3048 4218 3157 4272 δεῖν
3207 4219 3305 4271 ούκ
3351 4218 3745 4284 ἀϐασανίστως

2169 4316 2265 4385 ὲᾷν
2294 4313 2392 4376 τὰς
2424 4311 2517 4365 τοῦ
2547 4313 2829 4384 προφήτου
2861 4310 3046 4379 φωνὰς
3066 4350 3079 4373 ,
3125 4310 3258 4381 φέρε
3289 4310 3558 4381 λέγωμεν,
3601 4313 3652 4364 τί
3680 4313 3743 4381 δή

2169 4417 2300 4452 ποτε
2327 4399 2452 4452 Νῶέ
2492 4416 2550 4451 τε
2578 4399 2673 4451 καὶ
2710 4397 2830 4451 Ἰὼϐ
2855 4397 3169 4451 τεθνεώτων
3197 4398 3296 4469 ήδη
3318 4439 3333 4463 ,
3368 4400 3507 4470 τάχα
3540 4401 3599 4453 δέ
3636 4417 3739 4454 που

502 4507 681 4552 tamen
724 4510 820 4552 eos
875 4496 928 4549 in
969 4495 1185 4565 propria
1235 4495 1447 4565 iustitia
1479 4536 1495 4561 ,
1552 4496 1653 4550 etsi
1703 4496 1807 4549 alia
1861 4497 2065 4567 quaevis

2173 4491 2263 4544 καὶ
2298 4490 2458 4544 αὐτοῦ
2490 4490 2581 4543 τοῦ
2620 4488 2837 4561 Δανιὴλ,
2870 4489 3212 4561 σωθήσεσθαί
3253 4507 3419 4559 φησιν
3461 4492 3657 4555 αὐτοὺς
3685 4497 3747 4547 ἐν

499 4603 690 4656 terra,
745 4595 934 4643 contra
988 4602 1155 4659 quam
1210 4589 1403 4643 mortis
1451 4587 1692 4642 calculus
1752 4589 1889 4644 latus
1945 4599 2061 4653 est,

493 4693 750 4753 corrupta
801 4690 927 4736 ante
973 4679 1047 4735 sit
1083 4688 1138 4734 et
1175 4680 1568 4750 pessumdata?
1620 4678 1850 4734 Videtur
1884 4682 2063 4751 itaque

490 4776 609 4832 Noe
635 4787 974 4847 comparare,
1007 4772 1096 4842 qui
1130 4787 1228 4840 per
1271 4771 1431 4825 fidem
1486 4771 1539 4825 in
1591 4771 1756 4829 Deum
1790 4772 1891 4843 ipsi
1946 4773 2063 4837 pla-

493 4877 639 4939 cent,
666 4865 871 4923 Danieli
899 4865 1172 4933 sapientes
1194 4873 1248 4917 et
1266 4864 1609 4932 perspicaces
1635 4883 1648 4919 :
1686 4880 1873 4920 rursus
1901 4864 2059 4927 Jobo.

493 4978 588 5032 per
615 4959 932 5029 patientiam
966 4957 1220 5010 nimirum
1259 4955 1311 5008 in
1344 4972 1493 5010 Oltllll
1520 4972 1577 5010 re
1604 4956 1817 5011 laudata
1866 4959 1915 5015 ei
1949 4959 2061 5026 pla-

494 5058 639 5104 cent.
671 5047 804 5101 Cum
840 5045 1024 5115 igitur,
1053 5043 1248 5111 inquit,
1297 5044 1375 5096 ira
1411 5054 1693 5098 consumat
1742 5059 1836 5099 eos
1884 5045 1973 5115 qui
2006 5044 2059 5098 in

496 5150 639 5195 terra
673 5144 838 5199 sunt,
882 5150 989 5189 non
1043 5131 1349 5188 Iudaeorum
1396 5136 1591 5199 solum,
1650 5151 1837 5190 verum
1894 5136 2058 5190 etiam

494 5228 770 5296 gentium,
825 5226 916 5296 qui
954 5224 1157 5283 residui
1205 5235 1351 5288 sunt,
1394 5234 1447 5279 et
1508 5224 1657 5292 justo
1709 5226 1914 5295 judicio
1966 5225 2057 5281 Dei

404 5352 407 5357 ι
496 5319 683 5375 omnia
714 5319 781 5372 ad
817 5332 915 5373 nos
941 5317 1268 5388 pertinentia
1303 5315 1554 5372 librantis
1579 5316 1739 5390 352
1771 5328 1825 5372 et
1857 5332 2057 5388 expen-

497 5410 700 5474 dentis,
729 5410 1007 5467 interitum
1043 5410 1384 5481 effugerunt,
1433 5412 1880 5466 exhilarabuntur
1937 5425 2058 5463 cum

494 5505 669 5577 gloria
698 5503 932 5558 Domini.
969 5503 1291 5558 Gaudebuut
1317 5503 1528 5558 scilicet
1577 5503 1774 5557 servati
1823 5517 1919 5570 per
1978 5501 2060 5555 in-

492 5594 852 5653 enarrabilem
876 5593 1099 5664 gloriam
1123 5594 1238 5664 ejus
1267 5595 1355 5663 qui
1384 5608 1583 5664 prteses
1609 5604 1691 5649 est
1718 5602 2050 5658 sanctorum,

2172 4585 2237 4653 τῇ
2283 4583 2386 4653 ίδίᾳ
2414 4582 2747 4654 δικαιοσύνῃ,
2772 4582 2865 4634 καί
2909 4598 2992 4633 τοι
3020 4581 3120 4650 τῆς
3160 4581 3326 4650 ἄλλης
3365 4583 3583 4654 ἁπάσης
3614 4585 3742 4654 γῆς,

2173 4675 2296 4726 καθ’
2340 4670 2406 4747 ἧς
2451 4674 2516 4728 ἂν
2563 4676 2594 4744 ή
2640 4674 2734 4726 τοῦ
2781 4673 3013 4725 θανάτου
3046 4672 3227 4743 ψῆφος
3260 4675 3543 4745 ὲκφέροιτο
3578 4693 3745 4730 κατα-

2173 4757 2553 4836 φθειρομένης.
2578 4765 2759 4817 Ἐοικε
2787 4763 2964 4816 τοίνυν
2994 4763 3072 4835 τῷ
3113 4766 3211 4833 μὲν
3240 4765 3363 4817 Νῶε
3388 4760 3747 4839 παρεικάζειά

2170 4860 2294 4920 τοὺς
2324 4856 2412 4909 διὰ
2440 4858 2672 4920 πίστεως
2698 4860 2798 4927 τῆς
2823 4857 2904 4919 εἰς
2941 4856 3073 4909 Θεὸν
3107 4856 3531 4927 εὐαρεστοῦντας
3561 4862 3737 4932 αὐτῷ·

2162 4951 2239 5020 τῷ
2263 4968 2326 5018 γε
2360 4951 2467 5020 μὴν
2511 4950 2707 5019 Δανιὴλ
2735 4953 2858 5014 τοὺς
2890 4949 3087 5018 σοφούς
3127 4966 3185 5001 τε
3232 4951 3325 5002 καὶ
3363 4951 3738 5023 διορατικούς*

2175 5041 2303 5094 Ἰὼϐ
2332 5042 2388 5095 δὲ
2422 5041 2582 5094 πάλιν
2615 5042 2740 5104 τοὺς
2784 5043 2870 5095 διά
2910 5058 2973 5110 γε
3005 5041 3107 5111 τῆς
3153 5036 3464 5111 ὑπομονῆς,
3496 5044 3651 5115 δῆλον
3684 5049 3742 5103 δὲ

2159 5133 2240 5186 δτι
2286 5134 2384 5204 τῆς
2426 5137 2508 5195 εἰς
2559 5135 2668 5185 πᾶν
2713 5132 2892 5186 ὁτιοῦν
2930 5133 3040 5185 τῶν
3086 5133 3499 5202 ἐπαινουμένων
3542 5138 3741 5209 εὐαρε-

2160 5226 2420 5288 στοῦντας
2452 5225 2619 5295 αύτῷ.
2652 5225 2988 5297 Δαπανώσης
3013 5226 3213 5289 τοίνυν,
3255 5228 3410 5298 φησὶ,
3444 5230 3543 5299 τῆς
3569 5231 3741 5301 ὀργῆς

2166 5315 2293 5378 τοὺς
2334 5315 2428 5367 ἐπὶ
2476 5316 2573 5386 τῆς
2612 5314 2747 5384 γῆς,
2778 5316 2896 5385 οὐχὶ
2933 5317 3101 5388 μόνης
3133 5320 3230 5389 τῆς
3269 5320 3570 5381 Ἰουδαίων,
3606 5322 3743 5376 ἀλλὰ

2168 5405 2277 5474 γάρ
2304 5406 2396 5459 καὶ
2424 5408 2522 5476 τῆς
2548 5404 2655 5458 τῶν
2675 5403 2865 5468 ἐθνῶν,
2886 5406 2937 5457 oi
2966 5408 3420 5478 καταλειφθέντες
3441 5410 3535 5463 καὶ
3562 5411 3742 5480 κρίσει

2165 5498 2349 5569 δικαίᾳ
2376 5497 2467 5549 τοῦ
2498 5498 2670 5549 πάντα
2696 5497 2765 5550 τὰ
2814 5498 2934 5549 καθ’
2971 5500 3116 5568 ἡμᾶς
3160 5500 3577 5564 ταλαντεύοντος
3605 5501 3740 5555 Θεοῦ

2164 5590 2520 5660 διαφυγόντες
2576 5589 2666 5643 τὸν
2720 5590 2937 5661 ὄλεθρον
2988 5592 3451 5663 εὐφρανθήσονται
3499 5593 3614 5664 ἅμα
3673 5596 3739 5665 τῇ

568 5772 613 5805 ’⁸
645 5770 831 5827 Matth.
860 5785 977 5837 XIII,
1004 5769 1094 5833 47,
1122 5769 1211 5825 48.
1286 5770 1330 5801 ’³
1361 5768 1557 5825 Ezeclt.
1591 5785 1695 5831 xw,
1742 5768 1806 5823 l5
1842 5768 1922 5823 16.
2002 5768 2045 5801 ³⁰

2173 5769 2268 5822 :clt.
2296 5780 2372 5832 lx,
2406 5766 2455 5829 5,
2491 5766 2541 5823 6.
