4162 6406
443 383 550 438 5.15

1572 381 1637 436 IN
1675 382 1901 438 lSAlAM
1945 383 2074 440 LIB.
2116 383 2182 438 ll.
2222 382 2462 439 TOMUS
2504 385 2564 439 V.

3603 367 3724 455 διο

449 493 571 568 δόξῃ
611 493 705 548 τοῦ
758 493 985 564 Κυρίουο
1039 495 1372 565 ἡσθήσονται
1423 495 1533 566 γάρ
1578 498 2000 568 ἀνασεσωσμένο

2125 497 2214 564 qui
2248 497 2390 549 velut
2429 499 2662 551 maceria
2694 501 2994 555 communit
3041 503 3289 574 impium,
3321 523 3414 563 sua
3468 513 3687 570 miseri-

444 589 530 642 διὰ
562 584 659 656 τῆς
691 586 930 658 ἀρρήτου
964 585 1121 655 δόξης
1151 583 1244 640 τοῦ
1267 588 1375 640 τῶν
1401 587 1570 655 ἁγίων
1599 589 2020 659 προεστηκότος,

443 680 541 731 καὶ
576 676 1008 746 ἀνατειχίζοντος
1037 678 1129 730 τὸν
1155 678 1355 749 εύσεόἦ
1386 682 1452 750 τῇ
1487 681 1618 751 παρ’
1646 679 1812 734 αὐτοῦ
1849 679 2025 748 φειδοῖ

440 789 500 823 τε
553 771 647 824 καὶ
697 770 906 840 χάριτι.
967 770 1359 842 Προσθήσομεν
1421 772 1477 824 δὲ
1537 775 1649 836 τοῖς
1715 773 2025 843 εἰρημένοις

443 865 683 917 κακεῖνο.
710 863 864 915 Κατὰ
890 862 1000 933 γάρ
1027 880 1108 915 τοι
1139 863 1228 916 τὸν
1253 863 1353 932 τῆς
1377 863 1684 926 συντελείας
1707 863 1801 916 τοῦ
1825 865 2027 935 παρόν·

439 971 528 1018 τος
557 955 750 1018 αἰῶνος
787 955 997 1024 καιρὸν,
1032 955 1584 1025 καταπεμφθήσονται
1616 956 1716 1026 μὲν
1755 957 1837 1018 εἰς
1893 955 2024 1026 ᾅδου

445 1040 913 1116 κολασθησόμενοι
939 1047 1137 1109 οἵτινες
1159 1047 1263 1099 τῶν
1296 1046 1538 1100 ἐκτόπων
1579 1047 2026 1118 ἐπιτηδευμάτων

441 1139 728 1206 γεγόνασιν
759 1138 1002 1211 ἐρασταί.
1041 1141 1108 1192 Οἵ
1137 1157 1199 1207 γε
1241 1141 1347 1211 μὴν
1375 1139 1843 1210 καταλειφθέντες,
1877 1139 2024 1192 τοῦτ’

438 1231 603 1296 ἔστιν,
648 1233 700 1283 οἱ
744 1231 943 1284 δίκαιοι
988 1231 1451 1300 εὐφρανθήσονται
1497 1232 1614 1301 ἅμα
1641 1234 1706 1302 τῇ
1740 1231 1867 1303 δόξῃ
1907 1233 2020 1284 Κυ-

441 1323 576 1393 ρίου,
615 1321 928 1374 συνέσονται
968 1321 1078 1391 γὰρ
1114 1319 1190 1390 τῷ
1229 1317 1448 1390 Χριστῷ
1483 1322 1540 1384 ὃς
1589 1323 1703 1373 ἐστι
1741 1321 1869 1385 δόξα
1921 1320 2016 1372 τοῦ

437 1413 570 1466 Θεοῦ
623 1411 716 1465 καί
749 1411 979 1482 Πατρός.
1041 1412 1183 1481 Ἔφη
1235 1411 1342 1482 γὰρ
1375 1411 1563 1476 αὐτὸς,
1600 1412 1682 1463 ὅτι
1735 1411 1924 1478 «Ἐγώ
1955 1425 2014 1462 σε

435 1506 662 1572 ἐδόξασα
692 1507 783 1557 ἐπὶ
813 1506 912 1575 τῆς
941 1505 1061 1574 γῆς,
1097 1504 1157 1557 τὸ
1185 1504 1343 1575 ἔργον
1390 1504 1678 1557 ὲτελείωσα
1717 1505 1744 1556 '0‘
1776 1503 2013 1566 δέδωκάς

2123 587 2305 641 cordia
2331 598 2386 641 et
2415 589 2608 657 gratia.
2658 592 2920 647 Addimus
2977 595 3134 651 dictis
3166 609 3220 653 et
3251 600 3401 657 illud.
3437 603 3704 677 Tempore

2126 678 2376 733 videlicet
2405 683 2886 738 consummationis
2914 685 3137 757 hujusce
3191 693 3395 758 saaculi,
3422 697 3703 754 mittentur

2127 771 2181 824 in
2213 785 2402 825 orcnm
2432 772 2742 842 quicunque
2795 775 3060 832 foedorum
3110 784 3410 839 studiorum
3455 799 3702 846 amantes

2129 863 2457 916 exstiterunt
2511 879 2527 916 :
2579 876 2634 918 at
2679 867 2770 934 qui
2835 869 3027 940 reliqui
3079 885 3226 938 sunt,
3279 878 3330 932 id
3366 891 3470 943 est,
3524 881 3696 952 justi,

2131 953 2316 1007 laetitia
2352 953 2654 1010 allicientur
2679 974 2800 1012 cum
2836 962 3006 1031 gloria
3047 964 3284 1022 Domini.
3337 971 3506 1026 Erunt
3555 978 3696 1029 enim

2129 1061 2250 1100 cum
2273 1047 2518 1112 Christo,
2541 1050 2738 1118 quiest
2768 1051 2936 1121 gloria
2963 1055 3058 1110 Dei
3082 1068 3135 1111 et
3169 1059 3362 1116 Patris.
3382 1063 3529 1117 Dixit
3552 1068 3694 1119 enim

2126 1138 2252 1192 ille:
2290 1157 2307 1190 ι
2343 1137 2607 1195 lllustravi
2639 1151 2689 1195 te
2726 1147 2775 1197 in
2812 1156 2975 1213 terra,
2999 1165 3132 1218 opus
3160 1156 3526 1210 consummavi
3552 1159 3696 1226 quod

2126 1230 2394 1282 mandasti
2424 1230 2554 1283 tnihi
2579 1240 2634 1283 ιιι
2665 1230 2856 1287 faciam
2877 1234 2963 1289 ³⁰⁹.
2995 1255 3012 1287 ι
3047 1237 3184 1303 Quin
3214 1251 3266 1293 et
3302 1242 3415 1310 ipse
3445 1241 3591 1296 Deus
3633 1259 3697 1298 ac

2117 1320 2283 1374 Pater
2309 1323 2442 1376 dicit
2476 1323 2636 1376 beato
2660 1323 2791 1377 Mosi
2820 1343 2832 1379 :
2871 1345 2889 1378 ι
2930 1327 3064 1382 Vivo
3097 1347 3220 1400 ego,
3260 1343 3314 1386 et
3336 1335 3467 1388 vivit
3499 1352 3711 1391 nomen-

2118 1430 2296 1466 meum
2320 1413 2430 1468 '°“.
2485 1414 2645 1471 Certe
2688 1418 2994 1487 itnplebitur
3042 1423 3206 1491 gloria
3259 1423 3466 1480 Domini
3518 1429 3695 1482 ontnis

2116 1513 2290 1557 terra:
2319 1505 2520 1573 repleta
2552 1519 2677 1560 snnt
2705 1511 2847 1561 enim
2894 1514 3072 1564 omnia
3111 1515 3344 1569 Christo.

437 1615 548 1670 μοι,
578 1601 662 1652 ἵνα
694 1601 904 1670 ποιήσω
929 1598 1078 1652 αὐτό.
1121 1618 1140 1649 ι
1167 1600 1277 1652 Καὶ
1301 1598 1405 1669 μὴν
1436 1601 1530 1652 καὶ
1557 1598 1718 1660 αύτός
1749 1615 1850 1650 που
1872 1597 2034 1667 φησιν
2073 1597 2100 1649 ὁ
2129 1598 2262 1661 Θεὸς
2296 1601 2418 1652 καὶ
2453 1600 2639 1673 Πατὴρ
2678 1597 2755 1673 τῷ
2787 1606 3042 1677 μακαρίῳ
3073 1608 3268 1679 Μωσῇ·
3303 1611 3388 1662 Ζῶ
3429 1610 3561 1678 ἐγὼ,
3602 1614 3694 1666 καὶ

436 1698 500 1766 ζῇ
532 1697 590 1749 τὸ
618 1696 789 1764 ὄνομά
825 1711 948 1765 μου,
997 1690 1033 1764 ἦ
1083 1695 1188 1766 μὴν
1239 1694 1684 1766 ἐμπλησθήσεται
1728 1693 1829 1762 τῆς
1893 1692 2051 1762 δόξης
2125 1694 2332 1763 Κυρίου
2383 1697 2534 1748 πᾶσα
2578 1699 2613 1767 ή
2661 1698 2752 1768 γῆ.
2800 1700 3211 1772 Ἐμπέπλησται
3253 1704 3360 1776 γὰρ
3404 1707 3472 1760 τὰ
3519 1707 3692 1762 πάντα

433 1787 693 1858 Χριστοῦ.

510 1877 952 1946 Ταραχθήσεται
985 1877 1053 1930 δὲ
1089 1875 1154 1930 τὸ
1193 1877 1348 1946 ὕδωρ
1376 1874 1488 1942 τῆς
1531 1875 1870 1942 θαλάσσης.
1910 1875 2005 1927 Διά

2187 1872 2352 1928 Vsus.
2393 1874 2482 1931 15.
2525 1877 2838 1931 Turbabilur
2861 1897 2997 1950 aqua
3027 1884 3208 1946 maria,
3227 1899 3500 1955 propterea
3521 1890 3691 1960 gloria

434 1967 606 2024 τοῦτο
648 1973 687 2037 ἠ
718 1967 868 2034 δόξα
900 1969 1123 2036 Kvplov
1155 1969 1224 2020 ἐν
1273 1969 1404 2032 ταῖς
1441 1967 1656 2033 νήσοις
1693 1969 1866 2021 ἔσται
1906 1965 2013 2034 τῆς

431 2061 770 2128 θαλάσσης,
806 2061 873 2114 τὸ
900 2060 1088 2129 ὄνομα
1117 2061 1335 2128 Κυρίου
1371 2057 1626 2122 ἔνδοξον
1661 2057 1850 2111 ἔσται.

503 2153 686 2225 ’Ύδωρ
739 2153 833 2206 καὶ
859 2153 1134 2206 θάλασσαν
1169 2151 1581 2221 αἰνιγματωδῶς
1616 2148 1871 2218 ὀνομάζει
1903 2148 2011 2200 τῶν

431 2245 599 2300 ἐθνῶν
629 2245 726 2314 τὴν
757 2245 984 2315 πληθύν.
1021 2243 1181 2307 Ἔθος
1212 2243 1320 2313 γὰρ
1353 2245 1463 2305 τοῖς
1507 2241 1682 2308 ἁγίοις
1706 2242 2012 2312 προφήταις

429 2338 586 2390 τοῦτο
610 2338 763 2408 δρᾷν.
791 2338 901 2390 Kal
932 2337 1062 2405 γοῦν
1100 2339 1128 2390 ό
1159 2337 1425 2407 μακάριος
1454 2335 1617 2387 Δαὸἰδ
1653 2335 1780 2405 περί
1812 2351 1873 2386 τε
1911 2333 2011 2402 τῆς

430 2431 531 2500 γῆς
547 2430 639 2482 καὶ
654 2428 761 2483 τῶν
775 2431 833 2482 ἐν
849 2430 986 2499 αὐτῇ
1015 2445 1200 2499 φησιν’
1222 2427 1396 2499 «Αὕτη
1419 2430 1452 2498 η
1479 2426 1721 2481 Θάλασσα
1743 2427 1774 2496 ή
1799 2426 2008 2497 μεγάλη

431 2518 522 2571 καὶ
559 2517 893 2588 εὐρύχωρος,
933 2520 1050 2570 ἐκεῖ
1077 2517 1284 2588 ἑρπετὰ
1318 2510 1394 2570 ὧν
1427 2517 1528 2570 οὑκ
1577 2515 1723 2569 ἔστιν
1754 2515 2007 2586 ἀριθμὸς,

431 2608 546 2672 ζῶα
580 2609 754 2680 μικρὰ
785 2609 922 2679 μετὰ
953 2607 1205 2679 μεγάλων
1226 2625 1240 2639 ·
1274 2610 1391 2662 ἐκεῖ
1415 2608 1576 2661 πλοῖα
1603 2607 2005 2678 διαπορεύεται,

427 2701 642 2773 δράκων
673 2693 828 2764 οὗτος
851 2701 910 2753 ὃν
937 2700 1179 2763 ἔπλασας
1224 2699 1516 2771 ἐμπαίζειν
1552 2698 1717 2769 αύτῷ.
1755 2717 1772 2750 ι
1811 2699 1920 2752 Καὶ
1945 2698 2005 2750 ού

427 2792 490 2864 δή
519 2793 621 2845 πού
654 2809 833 2862 φαμεν
855 2793 930 2855 ὼς
958 2792 1085 2863 περὶ
1117 2790 1224 2844 τῶν
1254 2793 1314 2843 ἐν
1335 2794 1402 2862 τῇ
1427 2790 1670 2861 θαλάσσῃ
1694 2790 2007 2861 νηχομένων

429 2887 457 2937 ό
483 2884 636 2954 λόγος
666 2879 734 2955 ἦν
769 2883 939 2953 αὐτῷ,
963 2883 1087 2936 οὔτε
1122 2883 1226 2953 μὴν
1247 2883 1344 2947 τὰς
1381 2883 1490 2935 τῶν
1520 2882 1717 2952 ἰχθύων
1740 2882 2004 2953 διαφορὰς

431 2974 791 3044 ύπεμφαίνειν
821 2973 1032 3043 ἤθελεν,
1070 2974 1184 3026 ἀλλ’
1210 2974 1332 3027 οὐδὲ
1364 2973 1638 3043 δράκοντά
1662 2990 1782 3027 τινα
1818 2990 2006 3043 σωμα-

427 3068 575 3120 τικόν
625 3084 683 3119 τε
734 3067 828 3120 καὶ
873 3065 1127 3135 αἰσθητὸν
1175 3069 1288 3128 τοῖς
1340 3066 1440 3136 τῆς
1483 3065 1758 3135 θαλάσσης
1820 3065 2006 3118 ὕδασιν

429 3159 622 3212 ἐνεῖναί
659 3175 855 3228 φαμεν.
902 3157 1062 3228 Δηλοῖ
1109 3158 1186 3219 δὲ,
1228 3157 1304 3221 ὡς
1357 3158 1513 3229 ἔφην,
1557 3158 1646 3211 διά
1693 3175 1757 3226 γε
1798 3157 2004 3212 τούτων

2118 1962 2333 2018 Domini
2374 1966 2426 2018 in
2469 1967 2657 2022 insulis
2689 1972 2786 2023 erit
2820 1973 2984 2025 maris
3027 2014 3042 2040 ,

2117 2055 2318 2106 riosum
2352 2055 2473 2109 erit.

2186 2147 2396 2213 Aquam
2445 2157 2501 2201 et
2550 2163 2702 2204 mare
2757 2150 3099 2222 amigmatice
3154 2159 3399 2216 nominat
3446 2166 3687 2233 gentium

2114 2234 2536 2290 multitudinem.
2573 2236 2666 2292 Est
2695 2241 2838 2293 enim
2879 2243 2930 2295 in
2965 2260 3115 2298 more
3153 2249 3357 2305 sanctis
3407 2255 3688 2324 prophetis

2117 2325 2219 2380 hoc
2243 2326 2444 2382 facere.
2468 2328 2676 2400 Quippe
2701 2329 2893 2386 beatus
2928 2333 3093 2389 David
3129 2377 3144 2402 ,
3198 2338 3266 2394 de
3313 2351 3457 2396 terra
3514 2355 3567 2399 et
3602 2347 3688 2402 his

2112 2418 2200 2486 qui
2231 2418 2284 2472 in
2328 2435 2390 2474 ea
2440 2432 2589 2489 sunt,
2641 2423 2855 2492 inquit:
2888 2445 2906 2476 ι
2965 2425 3076 2484 Hoc
3125 2447 3273 2487 mare
3329 2450 3581 2506 magnum
3633 2447 3688 2495 et

2113 2513 2410 2580 spatiosum
2439 2531 2455 2580 ;
2489 2515 2597 2570 illic
2627 2519 2840 2584 reptilia
2873 2535 3101 2588 quorum
3143 2539 3246 2578 non
3284 2539 3368 2581 est
3405 2544 3684 2601 numerus,

2110 2604 2364 2658 animalia
2398 2621 2561 2674 parva
2592 2624 2715 2663 cum
2743 2613 2974 2678 magnis.
3005 2611 3119 2668 Illic
3157 2632 3321 2671 naves
3352 2628 3670 2688 transeunt,

2111 2693 2276 2746 draco
2313 2694 2441 2760 iste,
2505 2710 2664 2765 quem
2693 2697 2969 2760 formasti.
3009 2711 3066 2755 ut
3104 2702 3288 2758 illndat
3321 2707 3372 2760 ei
3397 2706 3461 2763 ³⁸.
3498 2725 3517 2760 ι
3574 2708 3684 2767 Nec

2110 2785 2344 2839 dicimus
2393 2801 2515 2839 eum
2558 2786 2702 2856 loqui
2766 2789 2953 2845 dehis
3010 2793 3101 2861 qui
3163 2805 3351 2850 natant
3411 2798 3462 2852 in
3522 2803 3681 2868 mari,

2109 2893 2210 2930 nec
2233 2877 2566 2933 differentias
2599 2880 2829 2948 piscium
2863 2883 3240 2942 demonstrare
3277 2889 3535 2960 voluisse,
3586 2896 3682 2950 sed

2109 2983 2208 3022 nec
2257 2970 2546 3024 draconem
2610 2971 2840 3041 aliquem
2881 2990 3202 3044 corporemn
3259 2991 3314 3035 et
3369 2986 3682 3041 sensibilem

2108 3059 2412 3112 itttnarinis
2442 3060 2598 3129 aquis
2629 3075 2749 3114 esse
2803 3061 3055 3118 dicimus.
3110 3065 3238 3130 Sed,
3289 3069 3363 3122 uti
3411 3069 3678 3136 dicebam,

2109 3150 2236 3204 hinc
2269 3150 2424 3205 nobis
2477 3153 2663 3207 turbas
2715 3153 2766 3207 in
2833 3156 2938 3208 vita
2986 3159 3247 3222 ostendit,
3311 3175 3367 3214 et
3394 3163 3560 3216 vitam
3623 3167 3678 3219 in

3097 1992 3282 2030 nomen
3331 1978 3542 2035 Domim
3576 1985 3661 2054 glo
3677 2018 3690 2025 -

427 3253 558 3322 ημῖν
728 3220 787 3302 ἐν
815 3248 950 3319 τῷδε
965 3220 1056 3320 ’τῷ
1088 3249 1186 3318 βίῳ
1221 3220 1459 3320 τύρὸην,
1482 3220 1576 3303 καὶ
1621 3220 1728 3303 τῶν
1765 3251 1826 3302 ἐν
1853 3250 2004 3319 αὐτῷ

2107 3239 2211 3294 hoc
2249 3241 2384 3309 salo,
2421 3243 2552 3311 quin
2586 3254 2640 3296 et
2665 3245 2955 3299 draconem
2994 3246 3257 3302 malorum
3290 3250 3591 3321 principem
3622 3265 3680 3309 et

426 3345 517 3398 τὸν
546 3345 603 3397 ἐν
631 3343 779 3412 σάλῳ
806 3342 920 3412 βίον
947 3360 962 3376 ο
993 3344 1086 3395 καὶ
1124 3344 1231 3412 μὴν
1263 3342 1356 3394 καὶ
1385 3343 1672 3411 δράκοντα,
1695 3343 1839 3396 τοῦτ’
1864 3342 2002 3407 ἔστι,

427 3437 518 3490 τὸν
552 3437 818 3498 Σατανᾶν,
852 3434 911 3498 ὃς
955 3434 1163 3495 πάντας
1207 3433 1474 3505 περίεισιν
1518 3432 1873 3503 ἀνθρώπους,
1909 3435 2004 3486 καί

426 3529 522 3599 τὴν
577 3528 700 3581 καθ’
762 3531 910 3599 ἡμᾶς
956 3527 1279 3596 οἰκουμένην
1337 3529 1662 3596 περινοστεῖ,
1722 3529 1842 3590 ταῖς
1894 3526 2003 3578 τῶν

426 3621 595 3688 ἁγίων
629 3620 991 3673 ἐπιϐουλεύων
1024 3619 1239 3688 ψυχαῖς.
1281 3617 1462 3688 ’Ύδωρ
1509 3617 1684 3670 τοίνυν
1728 3617 2003 3686 θαλάσσης

423 3717 522 3784 τὴν
552 3713 662 3767 τῶν
687 3713 854 3766 ἐθνῶν
883 3712 1138 3782 ὀνομάζει
1169 3709 1379 3781 πληθύν
1397 3727 1409 3738 ·
1437 3711 1630 3779 νήσους
1659 3709 1715 3761 δὲ
1740 3709 1878 3779 τάχα
1901 3725 2001 3761 που

424 3808 519 3869 τὰς
555 3804 758 3866 πόλεις.
795 3806 904 3857 Kal
935 3804 998 3875 δὴ
1031 3804 1124 3856 γαὶ
1163 3802 1599 3872 ταραχθήσεσθαί
1635 3818 1796 3870 φησιν
1823 3801 2000 3854 ἅπαν-

423 3919 522 3965 τας
561 3903 685 3964 τοὺς
733 3903 790 3954 ἐν
835 3899 1044 3961 αὐταῖς,
1100 3895 1199 3964 τῆς
1248 3895 1396 3957 θείας
1439 3895 1607 3964 ὀργῆς
1648 3893 1998 3962 ἐπιπηδὼσης

425 3994 626 4054 αὐτοῖς,
672 3992 784 4060 Τήν
824 4005 887 4056 γε
927 3986 1031 4057 μὴν
1074 3985 1166 4038 τοῦ
1213 3983 1448 4055 Χριστοῦ
1479 3982 1636 4046 δόξαν
1670 3985 1728 4035 ἐν
1764 3982 2000 4045 ἁπάσαις

424 4081 641 4135 ἔσεσθαί
677 4097 808 4151 φησι
859 4079 1001 4131 κατὰ
1039 4093 1159 4130 τινα
1204 4075 1422 4146 τρόπον.
1477 4073 1902 4141 Ἐπιγνώσονται
1941 4073 1999 4127 δὲ

423 4175 505 4228 ὅτι
554 4177 666 4236 τοῖς
695 4173 858 4233 θείοις
917 4169 1148 4240 νεύμασι
1192 4165 1559 4235 πεπόρθηνται
1588 4165 1644 4217 δὲ
1678 4166 1772 4218 καὶ
1811 4165 1995 4218 διολώ-

424 4267 566 4329 λασι,
601 4264 696 4318 καὶ
727 4262 806 4334 τῷ
832 4262 1010 4315 πάντα
1050 4260 1284 4329 ἰσχύοντι
1313 4258 1402 4311 διὰ
1433 4259 1531 4328 τῆς
1559 4257 1786 4329 ἐνούσης
1815 4257 1997 4322 αὐτοῖς

424 4357 770 4425 ἀνοσιότητος
819 4355 879 4406 ού
937 4352 1170 4424 μετρίως
1223 4349 1724 4420 προσκεκρουκότες
1755 4349 1996 4403 δέδονται

426 4444 562 4514 πρὸς
609 4442 907 4512 ἐρήμωσιν.
965 4438 1420 4506 Καταγνώσονται
1459 4437 1515 4490 δὲ
1567 4437 1743 4507 πάντη
1791 4456 1849 4491 τε
1901 4440 1997 4492 καὶ

427 4535 643 4597 πάντως
673 4533 782 4587 τῶν
814 4532 956 4584 ἰδίων
1009 4531 1174 4598 θεῶν,
1200 4533 1319 4584 κατ’
1349 4530 1538 4583 οὐδένα
1562 4530 1761 4600 τρόπον
1788 4533 1996 4602 ὲπαμυ-
2025 4569 2072 4624 D

424 4627 628 4681 νάντων
655 4625 859 4687 αὐτοῖς.
891 4621 1061 4676 Τοῦτο
1103 4621 1160 4674 δὲ
1205 4618 1272 4692 ἦν
1298 4621 1480 4691 ἓτερον
1510 4621 1682 4687 οὐδὲν,
1721 4621 1754 4691 ἦ
1779 4620 1876 4693 τὴν
1898 4622 1993 4676 τοῦ

421 4719 626 4788 Κυρίου
659 4714 817 4780 δόξαν
855 4717 934 4777 εἰς
964 4713 1096 4776 ὖψος
1124 4713 1375 4782 αἴρεσθαι
1404 4711 1763 4782 μέγα.Ἕοικε
1797 4713 1854 4765 δὲ
1884 4713 1993 4766 τῶν

422 4808 771 4880 προφητικῶν
805 4804 1254 4876 προαγορεύσεων
1293 4805 1322 4855 ό
1364 4803 1564 4866 σκοπὸς
1600 4803 1990 4873 μεταφοιτῆσαι

418 4901 602 4954 λοιπὸν
631 4900 723 4952 ἐπὶ
749 4898 812 4951 τὸ
836 4892 1072 4967 Χριστοῦ
1111 4896 1426 4964 μυστήριον,
1470 4893 1562 4946 καὶ
1600 4894 1700 4962 τῆς
1725 4892 1990 4963 ἐσομένης

417 4994 485 5047 δι’
514 4993 680 5046 αὑτοῦ
712 4991 986 5060 σωτηρίας
1013 4986 1285 5042 ποιεῖσθαι
1315 4988 1411 5057 τὴν
1449 4987 1777 5056 ἀνάμνησιν.
1799 4986 1862 5038 Οἰ
1887 4985 1996 5056 γάρ

417 5104 524 5146 τοι,
559 5082 715 5153 φησὶ,
740 5079 1192 5147 καταλειφθέντες
1237 5077 1331 5130 ἐπὶ
1383 5077 1485 5148 γῆς
1531 5075 1995 5145 εὐφρανθήσονται

417 5178 535 5243 ἅμα
564 5177 631 5244 τῇ
663 5171 789 5243 δόξῃ
814 5171 1042 5242 κυρίων
1069 5191 1087 5220 ι
1113 5169 1440 5239 Σεσώσμεθα
1466 5167 1575 5238 γὰρ
1603 5167 1703 5219 οὐκ
1731 5166 1792 5230 ἐξ
1816 5165 1994 5235 ἔργων

415 5269 521 5320 τῶν
548 5269 606 5320 ἐν
632 5265 949 5336 δικαιοσύνῃ
994 5263 1031 5317 ἃ
1077 5263 1413 5333 ἐποιήσαμεν
1450 5263 1614 5331 ἡμεῖς
1635 5301 1649 5324 ,
1682 5259 1818 5313 ἀλλὰ
1851 5258 1994 5311 κατὰ

415 5358 476 5410 τὸ
513 5357 648 5410 πολῦ
674 5356 839 5411 αὐτοῦ
869 5355 1017 5418 ἔλεος
1037 5399 1050 5421 ,
1088 5355 1181 5408 καὶ
1208 5355 1266 5406 οὺ
1297 5353 1383 5406 διὰ
1426 5353 1527 5422 τῆς
1560 5353 1618 5404 ἐν
1647 5352 1796 5422 νόμῳ
1831 5352 1989 5411 σκιᾶς

412 5449 798 5519 δικαιούμενοι.
833 5465 853 5500 ι
901 5449 1110 5500 Δικαιοῖ
1138 5445 1248 5516 γὰρ
1280 5446 1428 5516 ἡμᾶς
1457 5445 1662 5514 ἥκιστα
1693 5442 1790 5513 μὲν
1827 5444 1856 5494 ό
1898 5442 1985 5495 νό-

418 5555 535 5612 μος,
571 5539 867 5605 ἀπαλλάξει
888 5539 944 5593 δέ
972 5537 1172 5610 μᾶλλρν
1198 5535 1685 5607 πλημμελημάτων
1716 5537 1749 5604 ἠ
1773 5534 1860 5586 διὰ
1887 5533 1981 5585 τοῦ

411 5633 566 5701 ἁγίου
626 5633 999 5704 βαπτίσματος
1054 5632 1233 5703 χάρις,
1286 5631 1381 5684 καὶ
1430 5631 1496 5698 τῇ
1554 5627 1661 5681 τῶν
1709 5625 1981 5697 ἐσομένων

492 5811 557 5839 ³⁶’
582 5807 735 5863 Joan.
772 5823 901 5874 xvn,
934 5810 986 5861 4.
1065 5809 1153 5840 ³⁸⁸·
1181 5805 1338 5863 Num.
1385 5822 1494 5862 xw.
1531 5806 1620 5861 2|.

2106 3342 2285 3401 Caput,
2317 3333 2366 3385 id
2412 3341 2517 3397 est,
2567 3334 2822 3388 Satanam
2857 3337 2949 3406 qui
2975 3353 3164 3394 omnes
3204 3341 3532 3399 circumstat
3583 3348 3685 3401 lto-

2106 3425 2303 3487 mines,
2356 3434 2412 3478 et
2468 3426 2653 3479 orbem
2713 3435 2982 3482 terrarum
3035 3433 3174 3499 apud
3231 3448 3329 3487 nos
3368 3446 3667 3506 peragrat,

2104 3515 2386 3568 animabus
2410 3526 2721 3570 sanctorum
2751 3528 2966 3572 struens
2991 3520 3235 3576 insidias.
3270 3523 3478 3593 Aquam
3509 3528 3674 3598 igitur

2104 3607 2288 3670 maris,
2318 3609 2554 3676 gentium
2592 3619 2746 3663 vocat
2804 3609 3239 3679 multitudinem;
3281 3615 3490 3673 insulas
3521 3636 3671 3686 vero,

2104 3695 2264 3752 urbes
2301 3699 2481 3754 forsan
2514 3701 2764 3770 appellat.
2797 3701 2966 3756 Porro
2993 3718 3183 3759 omnes
3216 3706 3268 3760 in
3303 3708 3410 3763 illis
3441 3714 3668 3767 turban-

2103 3790 2199 3842 dos
2231 3790 2326 3855 ait,
2350 3791 2528 3845 divina
2552 3793 2628 3845 ira
2653 3793 2944 3848 insiliente.
2979 3795 3219 3850 Gloriam
3251 3811 3432 3855 autem
3463 3797 3668 3860 Christi

2105 3879 2157 3934 in
2189 3882 2443 3936 omnibus
2469 3885 2873 3951 quodammodo
2903 3886 3020 3942 fore
3057 3890 3154 3943 ait.
3187 3892 3495 3960 Agnoscenl
3531 3899 3673 3952 enim

2103 3984 2223 4024 sese
2283 3973 2466 4027 divino
2531 3983 2662 4028 nutu
2715 3984 2955 4029 vastatos
2984 3987 3038 4033 et
3083 3983 3320 4048 perditos
3370 3985 3576 4055 fuisse,
3621 3998 3678 4043 et

2102 4062 2267 4117 Deum
2303 4065 2483 4118 omnia
2519 4076 2792 4134 potentem
2839 4068 2925 4121 illa
2975 4085 3068 4123 sua
3106 4072 3385 4141 impietate
3426 4094 3530 4132 non
3562 4096 3675 4134 me-

2101 4153 2356 4209 diocriter
2386 4155 2696 4212 olfendisse.
2728 4157 2905 4224 Quare
2953 4163 3132 4216 traditi
3180 4176 3305 4219 sunt
3355 4167 3408 4220 in
3459 4171 3674 4226 desola-

2103 4246 2331 4309 liOnem,
2363 4256 2417 4301 et
2468 4247 2629 4319 343
2663 4249 2860 4318 ubique
2889 4266 2951 4305 ac
2988 4267 3204 4324 semper
3245 4257 3373 4312 deos
3415 4275 3542 4316 suos
3591 4263 3674 4317 in-

2101 4339 2432 4393 simulahunt
2464 4380 2480 4404 ,
2538 4341 2687 4395 nullo
2730 4345 2890 4398 modo
2923 4359 3076 4414 opem
3140 4347 3397 4404 ferentes.
3432 4351 3545 4408 lloc
3575 4370 3674 4410 au-

2103 4441 2206 4485 tem
2275 4432 2417 4486 aliud
2468 4432 2600 4487 nihil
2632 4442 2751 4488 erat
2782 4475 2798 4501 ,
2844 4451 3005 4505 quam
3059 4439 3270 4494 Domini
3324 4442 3554 4511 gloriam
3614 4449 3668 4502 in

2102 4537 2350 4591 magnam
2379 4523 2681 4579 celsitatem
2729 4527 2904 4582 evehi.
2966 4528 3172 4598 Scopus
3207 4545 3370 4600 porro
3395 4537 3671 4604 propheti-

2101 4629 2288 4668 carum
2331 4616 2735 4682 praedictionum
2791 4617 2843 4671 in
2875 4627 3148 4687 posterum
3199 4622 3266 4675 ad
3306 4622 3506 4677 Christi
3550 4641 3672 4696 my-

2103 4705 2329 4759 sterium
2357 4705 2570 4760 videtur
2595 4707 2835 4771 tendere,
2865 4719 2919 4762 et
2945 4709 3143 4765 futura:
3177 4727 3274 4780 per
3301 4713 3450 4767 illum
3477 4715 3668 4773 salutis

2100 4796 2430 4852 mentionem
2455 4798 2656 4853 facere.
2694 4798 2794 4864 Qui
2825 4800 2967 4854 enim
2991 4811 3115 4855 sunt
3145 4843 3159 4866 ,
3198 4805 3374 4873 inquit
3402 4847 3417 4873 ,
3466 4810 3666 4865 residui

2097 4902 2261 4958 super
2308 4896 2509 4942 terram
2539 4927 2554 4953 ,
2610 4891 3052 4946 exltilarabuntur
3116 4896 3275 4949 simul
3323 4912 3444 4952 cum
3495 4900 3664 4972 gloria

2095 4979 2325 5033 Domini.
2365 4998 2385 5030 ι
2425 4980 2631 5035 Servati
2670 4982 2812 5035 enim
2851 4997 3036 5038 sumus
3065 5001 3171 5039 non
3220 5002 3287 5042 ex
3319 4991 3577 5058 operibus
3611 4993 3664 5047 in

2088 5070 2296 5139 justitia
2325 5085 2441 5139 qua:
2477 5071 2706 5125 fecimus
2742 5087 2860 5137 nos,
2891 5075 2985 5129 sed
3016 5090 3080 5129 ex
3125 5093 3318 5147 magna
3349 5079 3467 5150 ejus
3500 5084 3667 5138 mise-

2096 5161 2356 5224 ricordia,
2416 5177 2517 5216 nec
2546 5178 2641 5232 per
2693 5163 2823 5233 legis
2873 5166 3116 5221 umbram
3152 5167 3603 5236 jnstiticamur”.
3646 5193 3662 5240 ;

2093 5253 2325 5308 minime
2361 5268 2593 5322 namque
2619 5255 2878 5324 justificat
2901 5275 2997 5313 nos
3021 5259 3130 5326 lex;
3155 5262 3246 5314 sed
3278 5264 3456 5331 potius
3488 5269 3662 5336 gratia

2095 5359 2216 5414 qua:
2247 5360 2343 5415 per
2378 5357 2785 5400 sacrosanctum
2834 5349 3098 5417 baptisma
3137 5363 3242 5416 est,
3317 5370 3416 5408 nos
3458 5371 3488 5411 a
3535 5374 3661 5427 pec-

2095 5438 2230 5492 catis
2261 5437 2450 5492 liberat
2478 5453 2491 5488 :
2518 5453 2637 5506 qua:
2660 5441 2966 5493 futurorum
2999 5441 3260 5494 bonorum
3293 5459 3442 5511 spem
3485 5443 3660 5503 reficit

2091 5546 2154 5586 ac
2184 5539 2412 5592 recreat.
2443 5540 2496 5584 et
2527 5528 2726 5584 affatim
2752 5530 2999 5585 fecundat
3028 5533 3284 5603 quasique
3308 5535 3656 5606 pingnefacit.

2088 5623 2479 5693 Exspectamus
2512 5625 2656 5678 enim
2687 5641 2782 5678 nos
2813 5627 2927 5679 fore
2958 5642 3078 5679 cum
3114 5626 3336 5684 Christo
3391 5630 3529 5701 ipso,
3565 5633 3658 5704 qui

1711 5806 1752 5839 ³¹
1777 5805 2050 5874 Psal.c1tt,
2075 5803 2168 5875 25,
2208 5803 2297 5859 26.
2376 5805 2418 5839 ³¹
2447 5804 2622 5861 Galat.
2655 5815 2717 5873 tt,
2743 5805 2805 5860 16
2842 5823 2855 5870 ;
2889 5805 2993 5861 Tit.
3039 5823 3120 5873 ιιι,
3150 5808 3203 5862 5.
