4162 6406
482 326 586 383 ΒΗ

1498 323 1553 378 S.
1596 318 1868 377 CYRlLLl
1910 312 2375 371 ALEXANDRINI
2414 310 2729 366 ARCHIEP.

3618 305 3720 360 548

480 454 564 497 est
597 440 764 511 gloria
796 442 886 495 Dei
916 452 969 495 et
999 442 1201 504 Patris.
1228 441 1385 497 sicuti
1418 443 1576 495 modo
1596 441 1860 494 dixeram.
1890 435 2031 492 Post-

2150 431 2374 501 ἀγαθῶν
2417 428 2591 483 ἑλπίδι
2640 427 3111 498 κατευφραίνουσα
3161 422 3509 479 καταπιαίνει
3560 422 3723 476 πλουι

428 528 443 569 ‘
481 549 645 603 quam
672 538 848 586 autem
872 550 900 586 a
937 533 1184 587 terminis
1214 534 1279 586 ad
1305 533 1563 586 terminos
1600 530 1750 585 orbis
1777 539 2044 582 terrarum

481 632 793 677 sanctorum
849 620 1216 691 apostolorum
1272 620 1666 691 perambulavit
1727 618 1942 682 oratio;
1993 627 2048 671 et

478 724 667 781 gentes
693 729 723 766 a
755 713 1047 766 multorum
1082 709 1304 765 deorum
1338 724 1525 765 errore
1552 708 1850 773 transtulit,
1896 717 1950 760 et
1980 706 2047 759 ad

476 804 708 872 gratiam
735 818 831 871 per
859 803 1132 857 Christum
1168 801 1428 867 adduxit;
1490 801 1696 856 turbari
1732 800 1806 855 ait
1850 813 2046 868 aquam

479 895 669 958 maris,
710 895 965 949 nimirum
996 904 1153 948 terra:
1180 896 1447 948 universa:
1487 894 1591 948 sub
1621 893 1736 949 sole
1790 891 2045 961 populos.

448 964 789 1056 i'l‘urbantur
830 996 1034 1050 autem,
1078 986 1419 1056 peregrinam
1449 985 1687 1053 linguam
1746 990 2003 1037 sonantes
2028 1024 2043 1046 ,

474 1089 528 1131 et
548 1094 576 1130 a
610 1079 840 1144 pristino
866 1092 1056 1131 errore
1085 1079 1422 1133 discedentes
1447 1117 1464 1141 ,
1512 1086 1674 1146 atque
1712 1076 1779 1128 ad
1802 1072 2047 1128 veritatis

474 1167 807 1235 agnitionem
835 1168 1099 1222 adductae.
1143 1167 1328 1222 Gloria
1368 1167 1578 1221 Domini
1625 1166 1676 1220 in
1708 1163 1897 1220 insulis
1942 1162 2048 1216 erit

474 1259 664 1313 maris.
706 1258 956 1325 Insulas,
1017 1269 1078 1314 ut
1116 1260 1334 1329 quidem
1384 1273 1602 1323 censeo,
1650 1265 1868 1311 sanctas
1914 1252 2044 1307 dicit

473 1352 746 1407 Ecclesias
773 1354 889 1418 Dei,
920 1354 1112 1422 quaein
1144 1353 1345 1406 mundo
1370 1351 1527 1422 quasi
1558 1348 1691 1404 mari
1710 1347 2042 1407 constitutae,

470 1444 691 1499 Christo
741 1457 1025 1511 servante,
1068 1446 1244 1500 ferunt
1300 1455 1354 1497 et
1398 1452 1657 1513 superant
1694 1440 1812 1507 ejus
1845 1437 2044 1491 tumul-

471 1539 764 1603 tuationes,
794 1549 850 1592 et
878 1538 970 1607 qui
1010 1554 1113 1591 non
1144 1538 1274 1591 sinit
1320 1552 1414 1592 cas
1471 1534 1904 1605 persecutionum
1944 1527 2045 1581 ﬂu-

468 1626 647 1681 ctibus
689 1629 925 1681 concuti.
967 1626 1106 1681 Cum
1136 1627 1276 1680 enim
1320 1640 1468 1679 mare
1508 1623 1846 1678 nominasset
1874 1619 2043 1686 antig-

471 1720 665 1773 Itltllice
696 1732 903 1789 gentes,
933 1719 1061 1774 huic
1098 1720 1151 1772 in
1186 1717 1549 1772 translatione
1590 1712 1857 1769 sermonis
1916 1724 2043 1779 pru—

2150 525 2299 587 σίως.
2336 524 2731 594 Προσδοκῶμεν
2773 520 2882 589 γάρ
2918 521 3001 573 ὅτι
3046 519 3142 572 καὶ
3186 519 3337 589 αὐτῷ
3389 516 3725 586 συνεσόμεθα

2148 615 2226 683 τῷ
2252 613 2493 685 Χριστῷ,
2524 613 2583 675 ὃς
2615 613 2730 663 ἐστι
2772 609 2900 674 δόξα
2920 607 3012 660 τοῦ
3046 606 3279 676 Πατρός,
3310 603 3564 673 καθάπερ
3588 602 3724 673 ἔφην

2152 705 2376 775 ἀρτίως.
2423 703 2644 772 Ἐπειδὴ
2670 702 2727 754 δὲ
2759 702 2823 753 ἐκ
2852 701 3106 771 περάτων
3138 699 3218 760 είς
3259 696 3475 767 πέρατα
3502 696 3603 762 τῆς
3632 694 3723 747 ὐπ’

2148 794 2398 867 οὐρανὸν,
2425 797 2454 847 ὀ
2478 794 2586 846 τῶν
2604 794 2773 861 ἁγίων
2799 790 3109 846 ἀποστόλων
3126 788 3517 857 διαπεφοίτηκε
3542 786 3721 855 λόγος,

2153 883 2414 955 μεθιστὰς
2450 887 2549 953 μέν
2594 881 2663 934 τὰ
2692 881 2819 951 ἐθνη
2856 881 2953 951 τῆς
2986 878 3246 932 πολυθέου
3289 876 3519 947 πλάνης,
3556 891 3723 946 προσ-

2149 977 2393 1048 κομίζων
2421 977 2477 1029 δὲ
2506 978 2572 1046 τῇ
2612 974 2795 1046 χάριτι
2839 976 2904 1043 τῇ
2935 972 3021 1025 διὰ
3060 967 3296 1041 Χριστοῦ
3324 984 3339 999 ο
3388 966 3720 1037 τεταράχθαι

2150 1070 2285 1139 φησὶ
2320 1069 2384 1122 τό
2413 1068 2557 1137 ὕδωρ
2596 1068 2695 1135 τῆς
2738 1065 3034 1133 θαλάσσης,
3068 1062 3210 1115 τοῦτ’
3246 1061 3380 1124 ἐστι,
3413 1059 3537 1122 τοὺς
3579 1057 3722 1112 κατὰ

2148 1158 2328 1213 πᾶσαν
2360 1156 2456 1228 τὴν
2496 1158 2585 1225 ὐφ’
2612 1156 2747 1227 ήλίῳ
2775 1154 2955 1217 λαούς.
2987 1154 3358 1224 Ταράττονται
3388 1149 3444 1202 δὲ
3486 1148 3718 1217 ξενοφω-

2146 1249 2399 1319 νούμενα,
2449 1250 2544 1301 καὶ
2591 1247 2691 1316 τῆς
2725 1249 2821 1317 μὲν
2870 1245 3102 1317 ἀρχαίας
3140 1244 3442 1315 ἀπαίροντα
3487 1240 3715 1310 πλάνης,

2150 1338 2592 1412 μεθορμιζόμενα
2620 1338 2677 1391 δὲ
2706 1338 2841 1408 πρὸς
2867 1338 2967 1407 τὴν
2991 1337 3090 1407 τῆς
3118 1334 3375 1406 ἀληθείας
3399 1335 3712 1402 ἐπίγνωσιν.

2145 1431 2328 1501 Ταύτῃ
2344 1430 2425 1483 τοί
2454 1446 2634 1500 φησιν.
2680 1426 2741 1481 Ἦ
2767 1428 2895 1494 δόξα
2910 1427 3112 1498 Κυρίου
3140 1429 3199 1480 ἐν
3226 1429 3345 1490 ταῖς
3371 1427 3552 1496 νήσοις
3569 1425 3719 1477 ἔσται

2143 1524 2244 1592 τῆς
2278 1522 2574 1590 θαλάσσης.
2624 1522 2839 1591 Νήσους
2882 1520 2959 1587 δὲ,
3003 1520 3078 1583 ὣς
3112 1537 3175 1589 γε
3220 1516 3395 1590 οἶμαι,
3442 1519 3575 1589 φησὶ
3618 1517 3716 1582 τὰς

2144 1614 2305 1683 ἁγίας
2338 1612 2431 1667 τοῦ
2472 1611 2606 1665 Θεοῦ
2638 1611 2955 1679 ἐκκλησίας,
2988 1612 3042 1663 αἶ
3085 1611 3335 1681 καθάπερ
3385 1612 3443 1663 ὲν
3474 1607 3716 1679 θαλάσσῃ

2143 1705 2279 1775 τῷδε
2307 1704 2385 1774 τῷ
2424 1702 2615 1773 κόσμῳ
2664 1701 2934 1771 κείμεναι,
2979 1703 3077 1771 τῆς
3119 1703 3178 1753 ὲν
3212 1698 3358 1769 αὐτῷ
3386 1697 3593 1769 τύρϐης
3625 1698 3719 1750 ἀνα

465 1814 661 1866 denter
692 1814 1030 1875 immoratus,
1080 1812 1284 1866 insulas
1318 1811 1563 1864 nominat
1607 1806 1882 1862 Ecclesias
1906 1841 1920 1866 ,
1980 1800 2031 1855 in

2140 1796 2322 1868 έχουσί
2356 1812 2415 1848 τε
2463 1793 2557 1848 καὶ
2595 1794 2995 1865 ὐπερφέρονται
3048 1792 3287 1865 Χριστοῦ
3338 1791 3710 1855 διασώζοντος,

463 1907 660 1970 quilms
685 1906 1017 1959 admirabilis
1040 1915 1124 1960 est
1151 1906 1241 1960 Dei
1277 1903 1469 1973 gloria.

2141 1889 2235 1943 καὶ
2281 1890 2395 1951 τοῖς
2426 1885 2533 1939 τῶν
2566 1884 2821 1955 διωγμῶν
2874 1884 3113 1955 κύμασιν
3163 1886 3262 1938 οὐκ
3308 1885 3503 1949 ἐῶντος
3548 1882 3715 1954 αὐτὰς

463 1997 913 2068 περιθραύεσθαι.
951 1997 1169 2066 Ἐπειδὴ
1195 1997 1301 2066 γάρ
1327 1991 1738 2062 αἰνιγματωδῶς
1765 1990 2036 2043 Θάλασσαν
2106 1980 2359 2050 ὀνομάζει
2407 1978 2475 2032 τά
2541 1978 2692 2050 ἔθνη,
2726 1977 2898 2049 ταύτῃ
2936 1995 3019 2030 τοι
3046 1977 3139 2030 τοῦ
3171 1977 3329 2047 λόγου
3359 1981 3536 2050 τροπῇ
3566 1990 3717 2032 νουν-

460 2092 602 2163 εχῶς
626 2093 907 2162 ἑπόμενος,
935 2092 1131 2161 νήσους
1152 2091 1403 2161 ὀνομάζει
1430 2090 1528 2154 τὰς
1552 2085 1844 2156 ἐκκλησίας
1875 2083 1932 2133 ἐν
1955 2074 2043 2142 αἷς
2076 2078 2113 2147 ή
2144 2074 2269 2138 δόξα
2291 2074 2386 2127 τοῦ
2411 2072 2546 2127 Θεοῦ
2571 2071 2932 2144 θαυμάζεται.

534 2182 698 2239 VEns.
733 2184 818 2238 16.
854 2182 1077 2236 Domine
1112 2182 1247 2235 Deus
1273 2181 1464 2247 Israel,
1509 2183 1571 2234 ab
1603 2180 1702 2233 alia
1735 2189 1889 2231 terra:
1913 2190 2028 2246 por-

460 2286 605 2329 tenta
630 2274 957 2341 audivimus,
981 2279 1095 2345 spei
1128 2277 1236 2345 pio.

531 2449 865 2506 Relictorum
937 2451 992 2506 in
1067 2459 1250 2518 terra,
1327 2460 1383 2505 et
1440 2452 1862 2509 exhilaratorum
1910 2469 2034 2509 cum

461 2543 639 2611 gloria
670 2542 906 2607 Domini,
937 2551 991 2596 et
1021 2543 1073 2597 in
1099 2542 1229 2611 ipsis
1254 2542 1461 2610 insulis,
1490 2543 1764 2609 Ecclesiis,
1794 2545 2035 2614 inquam,

463 2634 866 2697 habitantium,
918 2649 1209 2703 personam
1251 2635 1458 2689 inducit
1498 2635 1645 2690 hisce
1675 2637 1853 2691 verbis
1882 2637 2036 2691 nobis

464 2728 747 2794 propheta,
797 2727 1175 2781 uniVersorutn
1229 2736 1563 2782 servatorem
1618 2728 1785 2783 Deum
1833 2728 2036 2798 gloriﬁ-

463 2816 704 2869 cautium
754 2826 809 2870 et
865 2817 1160 2870 dicentium
1205 2832 1220 2869 :
1260 2818 1341 2871 Ab
1378 2817 1478 2871 alis
1519 2827 1679 2872 terrae
1726 2819 2030 2872 audivimus

460 2915 729 2974 portenta,
768 2915 822 2959 et
850 2907 916 2960 ad
962 2907 1078 2960 haec
1115 2908 1485 2972 credentium,
1513 2908 1619 2978 piis
1655 2909 1852 2962 bonam
1902 2907 2020 2962 fore

2206 2168 2381 2237 Κύριε
2434 2170 2469 2221 ό
2519 2166 2663 2233 Θεὸς
2719 2166 2826 2221 τοῦ
2884 2167 3163 2236 Ἰσραὴλ,
3227 2167 3347 2222 ἀπὸ
3412 2168 3530 2225 τὲν
3584 2188 3716 2225 ars-

2130 2260 2330 2327 ρύγων
2383 2257 2496 2327 τῆς
2537 2256 2651 2329 γῆς
2692 2258 2906 2326 τέρατα
2959 2260 3302 2331 ἠκούσαμεν
3334 2304 3351 2331 ,
3402 2263 3580 2330 ἐλπὶς
3636 2264 3714 2329 τῷ

2135 2351 2389 2405 εὐσεϐεῖ.

2207 2444 2326 2497 Τῶν
2371 2445 2837 2515 καταλειφθέντων
2883 2447 2975 2500 ἐπὶ
3023 2448 3122 2516 τῆς
3152 2464 3255 2519 γης
3289 2448 3383 2502 καὶ
3421 2449 3710 2520 εὐφραινο-

2135 2537 2316 2602 μένων
2348 2536 2467 2607 ἅμα
2496 2540 2562 2608 τῇ
2587 2537 2712 2612 δόξῃ
2741 2538 2967 2608 Κυρίου,
3007 2540 3230 2593 καὶτῶν
3266 2543 3322 2593 ἐν
3354 2542 3544 2604 αὐταῖς
3575 2559 3709 2594 κατ-

2134 2628 2425 2682 οικούντων
2454 2631 2658 2700 νήσοις,
2710 2632 2854 2701 φημὶ
2902 2631 2966 2703 δὴ
3000 2633 3119 2695 ταῖς
3150 2633 3486 2703 ἐκκλησίαις,
3536 2635 3713 2687 εἰσκο-

2139 2720 2284 2789 μίζει
2326 2721 2384 2773 τὸ
2421 2722 2715 2791 πρόσωπον
2749 2725 2777 2776 ὀ
2809 2724 3092 2793 προφήτης
3123 2726 3256 2794 ἡμῖν
3282 2728 3339 2777 ἐν
3363 2724 3589 2789 τούτοις,
3620 2725 3711 2777 τὸν

2136 2812 2247 2864 τῶν
2291 2813 2427 2866 ὅλων
2470 2814 2893 2883 δοξολογούντων
2943 2816 3074 2870 Θεὸν
3126 2818 3220 2871 καὶ
3260 2818 3527 2886 λεγόντων
3548 2835 3560 2846 ·
3617 2820 3710 2871 Ἐκ

2136 2904 2425 2975 πτερύγων
2468 2906 2569 2976 τῆς
2600 2907 2702 2977 γῆς
2740 2908 3010 2962 ἀκούσατε
3055 2908 3281 2979 τέρατα,
3327 2911 3421 2963 καὶ
3462 2909 3596 2980 πρός
3645 2927 3709 2979 γε

458 3010 632 3062 spem,
676 3012 734 3052 se
768 3011 863 3066 per
895 2996 1049 3050 illum
1090 3010 1362 3053 servatum
1400 2999 1489 3061 iri,
1523 2999 1654 3068 quin
1684 2999 1897 3053 abunde
1941 3000 2031 3053 be—

2133 2996 2308 3064 τούτῳ
2372 2997 2815 3075 πεπιστευκότων
2878 3000 2957 3052 ὅτι
3011 3000 3162 3052 ἐσται
3209 3003 3321 3063 τοῖς
3391 3001 3707 3055 εὐσεϐοῦσιν

460 3088 742 3156 nignitatis
770 3087 886 3155 ejus
937 3090 1052 3142 fore
1086 3100 1388 3144 consortes.
1432 3089 1561 3144 Alas
1615 3099 1774 3143 terra:
1823 3090 2031 3145 videtur

2134 3087 2289 3151 ἐλπὶς
2344 3088 2524 3158 ἀγαθὴ
2566 3088 2660 3141 τοῦ
2703 3088 3159 3161 δικαιωθήσεσθαι
3206 3092 3335 3161 παρ’
3385 3091 3571 3153 αὐτοῦ,
3617 3092 3714 3146 καὶ

458 3180 761 3245 norninare,
797 3179 961 3253 3M
981 3192 1195 3236 sanctos
1239 3190 1587 3251 mystagogos
1609 3221 1624 3248 ,
1667 3193 1723 3235 et
1752 3195 2029 3236 sacrorum

2137 3180 2242 3251 μὴν
2272 3181 2365 3233 καὶ
2413 3180 2683 3245 πλουσίως
2719 3184 3007 3252 μετασχεῖν
3039 3183 3136 3251 τῆς
3169 3183 3495 3254 ἡμερότητος
3522 3183 3708 3237 αὐτοῦ.

457 3271 756 3337 antistites,
806 3289 1033 3340 quorum
1071 3275 1412 3328 sermonibus
1457 3272 1601 3327 velut
1649 3274 1752 3328 alis
1821 3284 2028 3327 tantum

2140 3272 2425 3344 Πτέρυγας
2454 3272 2513 3325 δέ
2530 3274 2629 3343 τῆς
2654 3273 2756 3343 γῆς
2786 3274 3027 3326 ἐοίκασιν
3062 3274 3350 3344 ὀνομάζειν
3369 3277 3495 3337 τοὺς
3524 3276 3707 3343 ἁγίους

458 3379 568 3416 non
632 3364 913 3431 subvecti,
958 3380 1193 3435 superna
1232 3368 1496 3436 sapimus,
1548 3367 1602 3420 in
1651 3380 1738 3421 res
1788 3377 2030 3420 terrenas

2138 3364 2566 3433 μυσταγωγοὺς,
2605 3358 2680 3417 ὧν
2716 3367 2828 3426 τοῖς
2878 3364 3056 3432 λόγοις
3103 3366 3383 3437 μονονουχὶ
3433 3366 3528 3420 καὶ
3583 3384 3710 3420 πτεο

460 3450 816 3517 desultantes,
852 3462 907 3507 et
973 3466 1288 3510 terrestrem
1346 3470 1411 3510 ac
1457 3456 1734 3510 carnalem
1782 3456 2030 3511 allectum

2139 3452 2391 3524 ρούμενοι
2436 3453 2508 3507 τὰ
2553 3455 2665 3509 ἀνω
2707 3454 3034 3527 φρονοῦμεν,
3066 3457 3173 3509 τῶν
3216 3458 3473 3527 ἐπιγείων
3500 3461 3710 3530 ἀναπη-

459 3543 796 3612 abjicientes,
825 3548 1300 3602 conversationem
1340 3549 1601 3604 habemus
1645 3549 1698 3603 in
1729 3550 1908 3604 caelis.
1950 3549 2031 3603 Ab

2134 3545 2331 3608 δῶντες
2388 3547 2750 3617 πραγμάτων,
2802 3550 2897 3601 καὶ
2948 3547 3007 3600 τὸ
3056 3548 3255 3616 γεῶδες
3299 3550 3392 3603 κα)⁵
3449 3551 3707 3620 σαρκικόν

461 3635 547 3688 his
604 3636 706 3690 alis
761 3646 918 3691 terra:
959 3638 1036 3693 sic
1078 3638 1388 3699 intellectis.
1444 3640 1625 3693 dicunt
1666 3654 1725 3694 se
1784 3648 2030 3708 portenta

456 3726 690 3791 audire,
746 3744 842 3797 per
881 3728 1166 3783 Christum
1217 3731 1492 3786 videlicet.
1555 3731 1839 3786 lnitiamur
1885 3734 2029 3787 enim

456 3826 770 3868 sanctorum
815 3818 1187 3885 apostolorum
1223 3828 1277 3873 et
1305 3820 1761 3889 evangelistarum
1788 3824 2025 3892 scriptis,

453 3917 510 3958 et
544 3906 746 3962 Christi
778 3909 959 3962 divina
994 3911 1254 3965 miracula
1310 3912 1600 3980 discentes,
1630 3914 1685 3968 in
1711 3916 1842 3984 ipsis
1880 3930 2028 3977 spem

457 3998 723 4052 habemus
754 4000 1163 4067 solidissimam,
1217 4012 1272 4055 et
1309 4002 1654 4071 confidimus,
1698 4015 1754 4059 et
1788 4004 1944 4059 lirmo
1965 4020 2029 4059 ac

454 4090 726 4143 constanti
772 4089 966 4144 alfectu
1011 4091 1221 4160 pra-diti
1261 4107 1471 4157 sumus,
1519 4103 1684 4164 atque
1723 4109 1873 4164 spem
1908 4096 2030 4162 pio-

460 4196 585 4236 rum
642 4182 899 4251 optimam
960 4198 1078 4239 esse
1137 4186 1428 4239 credimus.
1467 4185 2025 4256 Exspectamusenim

453 4290 676 4345 regnum
701 4275 983 4342 caelorum,
1030 4285 1084 4331 et
1115 4278 1355 4332 honores
1393 4294 1455 4333 ac
1477 4280 1725 4347 gloriam,
1784 4296 1907 4350 qua:
1946 4283 2027 4337 di-

452 4364 744 4433 ligentibus
772 4365 937 4421 Deum
975 4366 1325 4421 destinantur
1362 4380 1419 4423 et
1445 4380 1846 4441 praeparantur.

435 4637 443 4679 ¹
526 4645 694 4701 Vens.
730 4646 819 4709 l7,
856 4647 943 4701 18.
977 4647 1043 4700 Et
1073 4649 1247 4702 dicent
1277 4667 1294 4703 :
1322 4648 1413 4704 Va:
1432 4652 1906 4712 prazvaricantibus
1930 4653 2021 4723 qui

446 4740 866 4807 praevaricatum
915 4742 1125 4809 legem;
1173 4742 1351 4807 (inter,
1406 4754 1451 4796 et
1479 4744 1653 4811 fouea,
1713 4754 1761 4798 et
1803 4744 2018 4813 laqueus

447 4842 606 4897 super
637 4845 722 4882 vos
761 4830 848 4898 qui
882 4829 1134 4882 habitatis
1162 4832 1214 4884 in
1242 4844 1405 4887 terra.
1467 4832 1536 4886 Et
1581 4835 1703 4898 erit,
1749 4836 1836 4903 qui
1878 4834 2017 4902 fugit

449 4920 692 4974 timorem
719 4960 736 4986 ,
783 4923 973 4974 incidet
1010 4923 1063 4976 in
1100 4922 1350 4991 foveam;
1395 4926 1481 4992 qui
1517 4929 1688 4979 evadit
1741 4942 1807 4981 ea:
1845 4929 2017 4996 fovea,

444 5013 683 5078 capietur
710 5013 915 5081 laqueo.

518 5185 745 5252 Quinam
774 5185 991 5240 dicent?
1016 5186 1117 5253 Qui
1145 5192 1468 5254 supererunt
1504 5193 1723 5249 omnino
1755 5195 1807 5250 in
1840 5206 2009 5263 terra,

444 5286 501 5333 et
547 5294 667 5332 cum
695 5280 866 5348 gloria
901 5280 993 5335 Dei
1043 5282 1511 5348 exhilarabuntur,
1553 5295 1608 5339 et
1655 5288 1862 5343 insulas
1920 5307 2012 5346 seu

447 5368 718 5425 Ecclesiae
750 5371 1094 5427 inhabitant.
1122 5372 1329 5439 Quibus
1374 5389 1502 5430 vero
1549 5379 1775 5433 dicent?
1815 5379 2012 5452 Legem

447 5462 879 5532 repudiantibus,
916 5465 964 5519 id
992 5474 1095 5531 est,
1121 5467 1211 5535 qui
1244 5482 1351 5522 non
1380 5469 1752 5526 crediderunt.
1786 5473 1843 5527 Si
1867 5475 2010 5528 enim

443 5552 806 5608 credidissent
857 5551 1014 5621 Mosi,
1084 5557 1444 5614 credidissent
1496 5558 1761 5627 Christo,
1810 5563 1878 5618 de
1920 5565 2012 5620 illo

441 5643 587 5699 enim
612 5642 660 5697 is
689 5642 926 5711 scripsit.
960 5643 1094 5699 Vide
1123 5649 1394 5714 quomodo
1442 5648 1533 5719 qui
1588 5650 1747 5706 [idem
1788 5668 2011 5724 recepe-

444 5745 595 5804 runt,
625 5733 770 5792 illico
808 5732 982 5804 legem
1017 5750 1332 5807 respuentes
1358 5741 1708 5806 admoneant,
1732 5752 1785 5799 et
1812 5743 2009 5813 futura:

2132 3638 2361 3704 ἀφέντες
2384 3639 2639 3709 φρόνημα
2664 3643 2724 3691 τὸ
2756 3639 3058 3710 πολίτευμα
3089 3639 3285 3711 ἔχομεν
3319 3643 3376 3694 ἐν
3398 3644 3510 3705 τοῖς
3537 3643 3703 3713 οὐρα·

2133 3729 2261 3789 νοῑς.
2313 3728 2407 3780 Ἐκ
2439 3726 2545 3780 τῶν
2578 3726 2721 3781 οὕτω
2766 3731 3072 3801 νοουμένων
3117 3730 3224 3784 τῶν
3271 3732 3557 3801 πτερύγων
3604 3735 3703 3803 τῆς

2131 3819 2233 3887 γῆς
2248 3818 2450 3888 τέρατα
2465 3819 2778 3890 ἠκούσαμεν
2791 3822 2858 3875 τά
2880 3821 2967 3875 διὰ
2992 3823 3228 3893 Χριστοῦ
3240 3864 3255 3886 ,
3295 3825 3427 3894 φησὶ
3441 3824 3701 3895 δηλονότι.

2130 3909 2704 3981 Μεμυσταγωγήμεθα
2747 3912 2854 3985 γὰρ
2894 3915 3007 3977 τοῖς
3037 3914 3146 3967 τῶν
3188 3916 3361 3983 ἁγίων
3392 3916 3704 3969 ἀποστόλων

2131 3998 2225 4050 καί
2272 4000 2671 4068 εὐαγγελιστῶν
2714 4005 3131 4074 συγγράμμασι,
3186 4005 3281 4058 καὶ
3337 4005 3435 4068 τὰς
3479 4005 3567 4059 διὰ
3611 4005 3703 4059 τοῦ

2130 4092 2380 4165 Σωτῆρος
2413 4094 2737 4165 θεοσημείας
2768 4096 3163 4165 μανθάνοντες,
3203 4098 3553 4167 ἐδραιοτάτην
3590 4096 3707 4166 ἐχο-

2132 4200 2232 4255 μεν
2293 4188 2351 4239 ἐν
2401 4187 2585 4251 αὐτοῖς
2631 4187 2732 4257 τὴν
2787 4188 2990 4253 πίστιν,
3035 4188 3454 4259 τεθαρσήκαμέν
3501 4206 3559 4242 τε
3606 4187 3702 4241 καὶ

2129 4278 2412 4347 ἀρηρότως
2442 4278 2763 4350 διακείμεθα
2794 4280 2886 4332 καὶ
2926 4279 3272 4349 πιστεύομεν,
3315 4280 3397 4333 ὅτι
3431 4281 3526 4334 καὶ
3560 4280 3697 4352 καλὴ

2126 4369 2247 4423 λίαν
2303 4374 2335 4442 ἡ
2384 4370 2492 4423 τῶν
2537 4369 2906 4424 εὐσεϐούντων
2935 4371 3108 4435 ἐλπίς·
3159 4372 3545 4443 προσδοκῶμεν
3590 4374 3698 4445 γὰρ

2127 4461 2225 4532 τὴν
2270 4462 2376 4514 τῶν
2420 4461 2666 4533 οὐρανῶν
2707 4462 3002 4532 βασιλείαν,
3037 4463 3131 4515 καὶ
3156 4463 3252 4527 τὰς
3286 4466 3398 4526 τοῖς
3442 4465 3697 4532 ἀγαπῶσι

2124 4550 2214 4603 τὸν
2244 4550 2375 4602 Θεὸν
2405 4551 2850 4621 ηὐτρεπισμένας
2877 4552 3045 4622 τιμάς
3072 4569 3130 4605 τε
3160 4554 3252 4606 καὶ
3274 4552 3453 4617 δόξας.

2194 4641 2301 4697 Καὶ
2327 4641 2592 4705 ἐροῦσιν·
2623 4643 2767 4696 οὐαὶ
2797 4643 2922 4708 τοῖς
2955 4644 3296 4713 ἀθετοῦσιν,
3328 4649 3381 4700 οι
3412 4648 3699 4703 ἀθετοῦν-

2122 4748 2221 4797 τες
2262 4733 2370 4784 τὸν
2421 4734 2638 4802 νόμον·
2672 4736 2857 4802 φόϐος
2898 4737 2996 4789 καὶ
3040 4736 3328 4803 βόθυνος,
3375 4738 3475 4792 καί
3521 4741 3701 4809 παγὶς

2121 4824 2213 4892 ἐφ’
2253 4823 2410 4894 ὑμᾶς
2451 4826 2593 4892 τοὺς
2640 4827 3066 4894 κατοικοῦντας
3105 4829 3204 4881 ἐπὶ
3251 4828 3361 4897 τῆς
3403 4830 3537 4899 γῆς.
3586 4835 3695 4884 Καὶ

2116 4916 2307 4979 ἔσται,
2347 4921 2379 4971 ό
2426 4920 2663 4987 φεύγων
2709 4920 2815 4973 τὸν
2857 4922 3045 4988 φόϐον
3067 4920 3410 4989 ἐμπεσεῖται
3460 4926 3548 4988 είς
3594 4924 3698 4976 τὸν

2110 5007 2399 5073 βόθυνον,
2431 5012 2464 5062 ό
2490 5010 2559 5062 δὲ
2589 5010 2883 5065 ἐκϐαίνων
2913 5013 2983 5065 ἐκ
3016 5011 3125 5066 τοῦ
3144 5014 3439 5078 βοθύνου.
3468 5016 3690 5070 ἀλώσε·

2116 5115 2209 5152 ται
2245 5100 2313 5152 ἑκ
2348 5099 2460 5168 τῆς
2491 5101 2763 5171 παγίδος.

2189 5192 2344 5256 Τίνες
2374 5192 2608 5263 ἐροῦσιν;
2642 5197 2705 5249 Oi
2724 5196 3210 5269 καταλελειμμένοι
3234 5217 3334 5254 που
3360 5201 3576 5266 πάντως
3604 5202 3695 5255 ἐπὶ

2120 5282 2219 5351 τῆς
2258 5285 2383 5353 γῆς,
2424 5288 2517 5339 καὶ
2559 5288 2975 5360 εὐφραινόμενοι
3028 5291 3144 5360 ἅμα
3177 5295 3243 5365 τῇ
3289 5292 3415 5364 δόξῃ
3464 5294 3693 5365 Κυρίου,

2116 5374 2208 5426 καὶ
2255 5377 2303 5427 oi
2347 5378 2729 5442 κατοικοῦντες
2756 5380 2856 5442 τὰς
2890 5382 3109 5449 νήσους,
3156 5383 3275 5452 ἦτοι
3322 5384 3421 5447 τὰς
3469 5385 3693 5455 Ἐκκλη-

2115 5467 2255 5528 σίας.
2291 5466 2579 5538 Ἐροῦσιδὲ
2605 5470 2747 5537 τίσις
2780 5473 2905 5535 Τοῖς
2933 5472 3182 5526 ἀθετοῦσι
3213 5473 3303 5529 τὸν
3333 5475 3516 5545 νόμον,
3546 5476 3690 5529 τοῦτ’

2112 5560 2247 5624 ἔστι,
2296 5565 2409 5622 τοῖς
2464 5564 2537 5633 μὴ
2585 5565 2960 5618 πιστεύσασιν.
3010 5564 3075 5618 El.
3120 5566 3227 5638 γὰρ
3275 5568 3560 5622 ἐπίστευον
3611 5570 3690 5640 τῷ

2115 5654 2311 5724 Mcos-ﬁ,
2352 5654 2652 5709 ἐπίστευον
2680 5656 2747 5710 ἂν
2785 5656 2866 5727 τῷ
2908 5657 3155 5729 Χριστῷ,
3206 5661 3336 5731 περὶ⁵
3377 5660 3486 5731 γὰρ
3524 5661 3689 5715 αὐτοῦ

2115 5746 2320 5807 ἐκεῖνος
2366 5745 2622 5816 ἔγραψεν.
2674 5748 2815 5818 Ὅρα
2856 5748 2912 5801 δὲ
2958 5750 3106 5813 ὅπως
3136 5750 3234 5820 τὴν
3280 5752 3461 5806 πίστιν
3510 5769 3687 5827 παρα-
