  <div class='ocr_page' id='page_1' title='image "/cluster/home/n/w/nwhite01/storage/ocr_20150623/70/nnc1.0046980253/292.png"; bbox 0 0 4162 6406; ppageno 0'>
   <div class='ocr_carea' id='block_1_1' title="bbox 421 347 523 402">
    <p class='ocr_par' dir='ltr' id='par_1_1' title="bbox 421 347 523 402">
     <span class='ocr_line' id='line_1_1' title="bbox 421 347 523 402; baseline 0 -1"><span class='ocrx_word' id='word_1_1' title='bbox 421 347 523 402; x_wconf 70' lang='grc' dir='ltr'><strong>ἓῖίθ</strong></span> 
     </span>
    </p>
   </div>
   <div class='ocr_carea' id='block_1_2' title="bbox 1550 348 2533 410">
    <p class='ocr_par' dir='ltr' id='par_1_2' title="bbox 1550 348 2533 410">
     <span class='ocr_line' id='line_1_2' title="bbox 1550 348 2533 410; baseline 0.008 -8"><span class='ocrx_word' id='word_1_2' title='bbox 1550 348 1613 403; x_wconf 85' lang='grc' dir='ltr'><strong>ΙΝ</strong></span> <span class='ocrx_word' id='word_1_3' title='bbox 1652 350 1883 405; x_wconf 77' lang='lat' dir='ltr'><strong>ISAIAM</strong></span> <span class='ocrx_word' id='word_1_4' title='bbox 1925 351 2049 407; x_wconf 66' lang='grc' dir='ltr'>ιιι..</span> <span class='ocrx_word' id='word_1_5' title='bbox 2090 352 2153 406; x_wconf 91' lang='grc' dir='ltr'><strong>ΙΙ.</strong></span> <span class='ocrx_word' id='word_1_6' title='bbox 2195 351 2434 410; x_wconf 76' lang='lat' dir='ltr'><strong>TOMUS</strong></span> <span class='ocrx_word' id='word_1_7' title='bbox 2472 352 2533 410; x_wconf 72' lang='grc' dir='ltr'>ν.</span> 
     </span>
    </p>
   </div>
   <div class='ocr_carea' id='block_1_3' title="bbox 2549 266 2599 274">
    <p class='ocr_par' dir='ltr' id='par_1_3' title="bbox 2549 266 2599 274">
     <span class='ocr_line' id='line_1_3' title="bbox 2549 266 2599 274; baseline 0.02 -1"><span class='ocrx_word' id='word_1_8' title='bbox 2549 266 2599 274; x_wconf 65' lang='grc' dir='ltr'><strong>-..ο</strong></span> 
     </span>
    </p>
   </div>
   <div class='ocr_carea' id='block_1_4' title="bbox 3569 357 3677 414">
    <p class='ocr_par' dir='ltr' id='par_1_4' title="bbox 3569 357 3677 414">
     <span class='ocr_line' id='line_1_4' title="bbox 3569 357 3677 414; baseline 0 0"><span class='ocrx_word' id='word_1_9' title='bbox 3569 357 3677 414; x_wconf 80' lang='grc'><strong>550</strong></span> 
     </span>
    </p>
   </div>
   <div class='ocr_carea' id='block_1_5' title="bbox 420 461 1992 541">
    <p class='ocr_par' dir='ltr' id='par_1_5' title="bbox 420 461 1992 532">
     <span class='ocr_line' id='line_1_5' title="bbox 420 461 1992 532; baseline 0.004 -17"><span class='ocrx_word' id='word_1_10' title='bbox 420 461 701 531; x_wconf 77' lang='grc' dir='ltr'>δεξαμενοι</span> <span class='ocrx_word' id='word_1_11' title='bbox 728 503 743 526; x_wconf 95' lang='grc'>,</span> <span class='ocrx_word' id='word_1_12' title='bbox 777 463 1125 519; x_wconf 77' lang='grc' dir='ltr'>νουθετοῦσιν</span> <span class='ocrx_word' id='word_1_13' title='bbox 1157 464 1321 528; x_wconf 80' lang='grc' dir='ltr'>εὐθὺς</span> <span class='ocrx_word' id='word_1_14' title='bbox 1354 466 1488 531; x_wconf 79' lang='grc' dir='ltr'>τοὺς</span> <span class='ocrx_word' id='word_1_15' title='bbox 1532 468 1861 532; x_wconf 84' lang='grc' dir='ltr'>ἀθετοῦντας</span> <span class='ocrx_word' id='word_1_16' title='bbox 1907 470 1992 522; x_wconf 77' lang='grc' dir='ltr'><strong>τὸν</strong></span> 
     </span>
    </p>
   </div>
   <div class='ocr_carea' id='block_1_6' title="bbox 2095 461 3679 541">
    <p class='ocr_par' dir='ltr' id='par_1_6' title="bbox 2114 471 3679 541">
     <span class='ocr_line' id='line_1_6' title="bbox 2114 471 3679 541; baseline 0.002 -17"><span class='ocrx_word' id='word_1_17' title='bbox 2114 474 2410 541; x_wconf 85' lang='lat' dir='ltr'><strong>punitmnis</strong></span> <span class='ocrx_word' id='word_1_18' title='bbox 2437 483 2639 526; x_wconf 90' lang='lat' dir='ltr'><strong>metum</strong></span> <span class='ocrx_word' id='word_1_19' title='bbox 2674 480 2990 540; x_wconf 70' lang='lat' dir='ltr'><strong>aggraveut,</strong></span> <span class='ocrx_word' id='word_1_20' title='bbox 3047 480 3103 527; x_wconf 88' lang='lat' dir='ltr'><strong>et</strong></span> <span class='ocrx_word' id='word_1_21' title='bbox 3144 471 3446 526; x_wconf 79' lang='lat' dir='ltr'><strong>terroribus</strong></span> <span class='ocrx_word' id='word_1_22' title='bbox 3475 487 3679 527; x_wconf 86' lang='lat' dir='ltr'><strong>concu-</strong></span> 
     </span>
    </p>
   </div>
   <div class='ocr_carea' id='block_1_7' title="bbox 422 554 1999 626">
    <p class='ocr_par' dir='ltr' id='par_1_7' title="bbox 422 554 1999 626">
     <span class='ocr_line' id='line_1_7' title="bbox 422 554 1999 626; baseline 0.006 -22"><span class='ocrx_word' id='word_1_23' title='bbox 422 555 600 622; x_wconf 84' lang='grc' dir='ltr'>νόμον.</span> <span class='ocrx_word' id='word_1_24' title='bbox 629 554 834 607; x_wconf 76' lang='grc' dir='ltr'>καὶτὸν</span> <span class='ocrx_word' id='word_1_25' title='bbox 865 556 930 607; x_wconf 81' lang='grc' dir='ltr'><strong>ὲκ</strong></span> <span class='ocrx_word' id='word_1_26' title='bbox 955 556 1054 626; x_wconf 84' lang='grc' dir='ltr'>τῆς</span> <span class='ocrx_word' id='word_1_27' title='bbox 1076 555 1344 625; x_wconf 73' lang='grc' dir='ltr'><strong>ἐσομένης</strong></span> <span class='ocrx_word' id='word_1_28' title='bbox 1381 558 1468 609; x_wconf 77' lang='grc' dir='ltr'><strong>ἐπ’</strong></span> <span class='ocrx_word' id='word_1_29' title='bbox 1501 560 1687 622; x_wconf 83' lang='grc' dir='ltr'>αὐτοῖς</span> <span class='ocrx_word' id='word_1_30' title='bbox 1725 560 1999 624; x_wconf 79' lang='grc' dir='ltr'><strong>κολάσεως</strong></span> 
     </span>
    </p>
   </div>
   <div class='ocr_carea' id='block_1_8' title="bbox 419 643 1999 721">
    <p class='ocr_par' dir='ltr' id='par_1_8' title="bbox 419 643 1999 721">
     <span class='ocr_line' id='line_1_8' title="bbox 419 643 1999 721; baseline 0.005 -25"><span class='ocrx_word' id='word_1_31' title='bbox 419 643 824 698; x_wconf 72' lang='grc' dir='ltr'>ἰπανατείνουσι</span> <span class='ocrx_word' id='word_1_32' title='bbox 871 646 1055 714; x_wconf 81' lang='grc' dir='ltr'>φόόον,</span> <span class='ocrx_word' id='word_1_33' title='bbox 1091 648 1186 700; x_wconf 78' lang='grc' dir='ltr'>καὶ</span> <span class='ocrx_word' id='word_1_34' title='bbox 1232 649 1599 701; x_wconf 86' lang='grc' dir='ltr'>καταπτοοῦσι</span> <span class='ocrx_word' id='word_1_35' title='bbox 1630 653 1741 714; x_wconf 88' lang='grc' dir='ltr'>τοῖς</span> <span class='ocrx_word' id='word_1_36' title='bbox 1780 650 1999 721; x_wconf 81' lang='grc' dir='ltr'><strong>δείμασι</strong></span> 
     </span>
    </p>
   </div>
   <div class='ocr_carea' id='block_1_9' title="bbox 417 735 1999 809">
    <p class='ocr_par' dir='ltr' id='par_1_9' title="bbox 417 735 1999 809">
     <span class='ocr_line' id='line_1_9' title="bbox 417 735 1999 809; baseline 0.005 -23"><span class='ocrx_word' id='word_1_37' title='bbox 417 735 962 803; x_wconf 83' lang='grc' dir='ltr'>προαπαγγέλλοντες</span> <span class='ocrx_word' id='word_1_38' title='bbox 986 738 1055 789; x_wconf 81' lang='grc' dir='ltr'><strong>τὰ</strong></span> <span class='ocrx_word' id='word_1_39' title='bbox 1083 737 1337 806; x_wconf 79' lang='grc' dir='ltr'>ἐσόμενα.</span> <span class='ocrx_word' id='word_1_40' title='bbox 1372 738 1540 803; x_wconf 75' lang='grc' dir='ltr'>Φόϐος</span> <span class='ocrx_word' id='word_1_41' title='bbox 1566 738 1694 809; x_wconf 85' lang='grc' dir='ltr'>γὰρ,</span> <span class='ocrx_word' id='word_1_42' title='bbox 1725 742 1878 809; x_wconf 70' lang='grc' dir='ltr'>φησι,</span> <span class='ocrx_word' id='word_1_43' title='bbox 1904 743 1999 795; x_wconf 81' lang='grc' dir='ltr'>καὶ</span> 
     </span>
    </p>
   </div>
   <div class='ocr_carea' id='block_1_10' title="bbox 417 825 1998 902">
    <p class='ocr_par' dir='ltr' id='par_1_10' title="bbox 417 825 1998 902">
     <span class='ocr_line' id='line_1_10' title="bbox 417 825 1998 902; baseline 0.006 -24"><span class='ocrx_word' id='word_1_44' title='bbox 417 825 639 896; x_wconf 82' lang='grc' dir='ltr'>βόθυνος</span> <span class='ocrx_word' id='word_1_45' title='bbox 686 828 780 880; x_wconf 66' lang='grc' dir='ltr'>καὶ</span> <span class='ocrx_word' id='word_1_46' title='bbox 811 830 997 896; x_wconf 66' lang='grc' dir='ltr'>παγίς,</span> <span class='ocrx_word' id='word_1_47' title='bbox 1046 829 1191 883; x_wconf 84' lang='grc' dir='ltr'>τοῦτ’</span> <span class='ocrx_word' id='word_1_48' title='bbox 1226 831 1360 894; x_wconf 76' lang='grc' dir='ltr'>ἐστι,</span> <span class='ocrx_word' id='word_1_49' title='bbox 1391 833 1497 883; x_wconf 85' lang='grc' dir='ltr'>πᾶν</span> <span class='ocrx_word' id='word_1_50' title='bbox 1534 828 1673 894; x_wconf 77' lang='grc' dir='ltr'>εἶδος</span> <span class='ocrx_word' id='word_1_51' title='bbox 1701 834 1886 886; x_wconf 82' lang='grc' dir='ltr'>κακῶν</span> <span class='ocrx_word' id='word_1_52' title='bbox 1912 835 1998 902; x_wconf 73' lang='grc' dir='ltr'><strong>ἐφ’</strong></span> 
     </span>
    </p>
   </div>
   <div class='ocr_carea' id='block_1_11' title="bbox 423 918 1996 993">
    <p class='ocr_par' dir='ltr' id='par_1_11' title="bbox 423 918 1996 993">
     <span class='ocr_line' id='line_1_11' title="bbox 423 918 1996 993; baseline 0.005 -24"><span class='ocrx_word' id='word_1_53' title='bbox 423 918 579 987; x_wconf 70' lang='grc' dir='ltr'>ὒμᾶς,</span> <span class='ocrx_word' id='word_1_54' title='bbox 615 918 709 972; x_wconf 75' lang='grc' dir='ltr'><strong>καὶ</strong></span> <span class='ocrx_word' id='word_1_55' title='bbox 737 920 1029 983; x_wconf 86' lang='grc' dir='ltr'>ἀπόνευσις</span> <span class='ocrx_word' id='word_1_56' title='bbox 1053 922 1155 973; x_wconf 84' lang='grc' dir='ltr'><strong>οὐκ</strong></span> <span class='ocrx_word' id='word_1_57' title='bbox 1184 921 1337 974; x_wconf 76' lang='grc' dir='ltr'>ἔσται</span> <span class='ocrx_word' id='word_1_58' title='bbox 1366 923 1464 991; x_wconf 82' lang='grc' dir='ltr'>τῆς</span> <span class='ocrx_word' id='word_1_59' title='bbox 1498 926 1806 993; x_wconf 82' lang='grc' dir='ltr'>συμφορᾶς.</span> <span class='ocrx_word' id='word_1_60' title='bbox 1857 925 1996 978; x_wconf 80' lang='grc' dir='ltr'>Ἀλλ’</span> 
     </span>
    </p>
   </div>
   <div class='ocr_carea' id='block_1_12' title="bbox 416 1010 1994 1086">
    <p class='ocr_par' dir='ltr' id='par_1_12' title="bbox 416 1010 1994 1086">
     <span class='ocr_line' id='line_1_12' title="bbox 416 1010 1994 1086; baseline 0.006 -25"><span class='ocrx_word' id='word_1_61' title='bbox 416 1011 463 1061; x_wconf 80' lang='grc' dir='ltr'><strong>εί</strong></span> <span class='ocrx_word' id='word_1_62' title='bbox 506 1010 599 1062; x_wconf 83' lang='grc' dir='ltr'><strong>καί</strong></span> <span class='ocrx_word' id='word_1_63' title='bbox 637 1027 724 1074; x_wconf 87' lang='grc' dir='ltr'>τις</span> <span class='ocrx_word' id='word_1_64' title='bbox 764 1011 825 1063; x_wconf 77' lang='grc' dir='ltr'>τὸ</span> <span class='ocrx_word' id='word_1_65' title='bbox 870 1011 928 1064; x_wconf 85' lang='grc' dir='ltr'>δέ</span> <span class='ocrx_word' id='word_1_66' title='bbox 960 1029 1013 1064; x_wconf 89' lang='grc' dir='ltr'>τι</span> <span class='ocrx_word' id='word_1_67' title='bbox 1050 1012 1302 1081; x_wconf 79' lang='grc' dir='ltr'><strong>διαφύγοι</strong></span> <span class='ocrx_word' id='word_1_68' title='bbox 1342 1013 1505 1083; x_wconf 83' lang='grc' dir='ltr'>τυχὸν</span> <span class='ocrx_word' id='word_1_69' title='bbox 1534 1013 1641 1067; x_wconf 83' lang='grc' dir='ltr'><strong>τῶν</strong></span> <span class='ocrx_word' id='word_1_70' title='bbox 1675 1016 1859 1070; x_wconf 85' lang='grc' dir='ltr'>κακῶν</span> <span class='ocrx_word' id='word_1_71' title='bbox 1905 1018 1994 1086; x_wconf 84' lang='grc' dir='ltr'><strong>ὑφ’</strong></span> 
     </span>
    </p>
   </div>
   <div class='ocr_carea' id='block_1_13' title="bbox 418 1101 1997 1177">
    <p class='ocr_par' dir='ltr' id='par_1_13' title="bbox 418 1101 1997 1177">
     <span class='ocr_line' id='line_1_13' title="bbox 418 1101 1997 1177; baseline 0.006 -25"><span class='ocrx_word' id='word_1_72' title='bbox 418 1101 606 1173; x_wconf 76' lang='grc' dir='ltr'>ἐτέρου</span> <span class='ocrx_word' id='word_1_73' title='bbox 650 1102 1012 1173; x_wconf 82' lang='grc' dir='ltr'>ληφθήσεται,</span> <span class='ocrx_word' id='word_1_74' title='bbox 1070 1106 1166 1158; x_wconf 80' lang='grc' dir='ltr'>καὶ</span> <span class='ocrx_word' id='word_1_75' title='bbox 1209 1106 1386 1177; x_wconf 81' lang='grc' dir='ltr'>πάντη</span> <span class='ocrx_word' id='word_1_76' title='bbox 1421 1124 1482 1159; x_wconf 90' lang='grc' dir='ltr'><strong>τε</strong></span> <span class='ocrx_word' id='word_1_77' title='bbox 1514 1108 1609 1160; x_wconf 76' lang='grc' dir='ltr'>καὶ</span> <span class='ocrx_word' id='word_1_78' title='bbox 1656 1108 1875 1170; x_wconf 85' lang='grc' dir='ltr'>πάντως</span> <span class='ocrx_word' id='word_1_79' title='bbox 1918 1108 1997 1161; x_wconf 74' lang='grc' dir='ltr'><strong>ἑνὶ</strong></span> 
     </span>
    </p>
   </div>
   <div class='ocr_carea' id='block_1_14' title="bbox 417 1193 1996 1264">
    <p class='ocr_par' dir='ltr' id='par_1_14' title="bbox 417 1193 1996 1264">
     <span class='ocr_line' id='line_1_14' title="bbox 417 1193 1996 1264; baseline 0.005 -20"><span class='ocrx_word' id='word_1_80' title='bbox 417 1193 521 1244; x_wconf 83' lang='grc' dir='ltr'><strong>τῶν</strong></span> <span class='ocrx_word' id='word_1_81' title='bbox 552 1195 928 1264; x_wconf 79' lang='grc' dir='ltr'>ἑνηνεγμένων</span> <span class='ocrx_word' id='word_1_82' title='bbox 960 1195 1229 1251; x_wconf 83' lang='grc' dir='ltr'><strong>ἁλώσεται</strong></span> <span class='ocrx_word' id='word_1_83' title='bbox 1261 1197 1470 1252; x_wconf 82' lang='grc' dir='ltr'>κακῶν.</span> <span class='ocrx_word' id='word_1_84' title='bbox 1507 1199 1677 1251; x_wconf 89' lang='grc' dir='ltr'>Τοῦτο</span> <span class='ocrx_word' id='word_1_85' title='bbox 1705 1200 1762 1252; x_wconf 82' lang='grc' dir='ltr'>δὲ</span> <span class='ocrx_word' id='word_1_86' title='bbox 1803 1198 1996 1253; x_wconf 83' lang='grc' dir='ltr'>παθεῖν</span> 
     </span>
    </p>
   </div>
   <div class='ocr_carea' id='block_1_15' title="bbox 414 1282 1997 1359">
    <p class='ocr_par' dir='ltr' id='par_1_15' title="bbox 414 1282 1997 1359">
     <span class='ocr_line' id='line_1_15' title="bbox 414 1282 1997 1359; baseline 0.006 -28"><span class='ocrx_word' id='word_1_87' title='bbox 414 1284 527 1345; x_wconf 90' lang='grc' dir='ltr'>τοῖς</span> <span class='ocrx_word' id='word_1_88' title='bbox 563 1282 837 1345; x_wconf 78' lang='grc' dir='ltr'><strong>Ἰουδαίοις</strong></span> <span class='ocrx_word' id='word_1_89' title='bbox 890 1285 1226 1356; x_wconf 79' lang='grc' dir='ltr'>συμὸἐὸηκε,</span> <span class='ocrx_word' id='word_1_90' title='bbox 1278 1286 1418 1356; x_wconf 87' lang='grc' dir='ltr'>μετά</span> <span class='ocrx_word' id='word_1_91' title='bbox 1464 1287 1556 1341; x_wconf 84' lang='grc' dir='ltr'><strong>τὸν</strong></span> <span class='ocrx_word' id='word_1_92' title='bbox 1602 1287 1695 1340; x_wconf 89' lang='grc' dir='ltr'>τοῦ</span> <span class='ocrx_word' id='word_1_93' title='bbox 1743 1288 1997 1359; x_wconf 80' lang='grc' dir='ltr'><strong>Σωτῆρος</strong></span> 
     </span>
    </p>
   </div>
   <div class='ocr_carea' id='block_1_16' title="bbox 419 1374 1995 1450">
    <p class='ocr_par' dir='ltr' id='par_1_16' title="bbox 419 1374 1995 1450">
     <span class='ocr_line' id='line_1_16' title="bbox 419 1374 1995 1450; baseline 0.004 -26"><span class='ocrx_word' id='word_1_94' title='bbox 419 1374 666 1441; x_wconf 81' lang='grc' dir='ltr'>σταυρὸν,</span> <span class='ocrx_word' id='word_1_95' title='bbox 703 1376 1131 1447; x_wconf 79' lang='grc' dir='ltr'><strong>πεπορθημένης</strong></span> <span class='ocrx_word' id='word_1_96' title='bbox 1165 1379 1348 1442; x_wconf 79' lang='grc' dir='ltr'>αὐτοῖς</span> <span class='ocrx_word' id='word_1_97' title='bbox 1394 1380 1492 1450; x_wconf 86' lang='grc' dir='ltr'>τῆς</span> <span class='ocrx_word' id='word_1_98' title='bbox 1536 1378 1742 1449; x_wconf 82' lang='grc' dir='ltr'>χώρας.</span> <span class='ocrx_word' id='word_1_99' title='bbox 1786 1378 1995 1432; x_wconf 85' lang='grc' dir='ltr'>πόλεών</span> 
     </span>
    </p>
   </div>
   <div class='ocr_carea' id='block_1_17' title="bbox 2109 560 3679 631">
    <p class='ocr_par' dir='ltr' id='par_1_17' title="bbox 2109 560 3679 631">
     <span class='ocr_line' id='line_1_17' title="bbox 2109 560 3679 631; baseline 0.002 -17"><span class='ocrx_word' id='word_1_100' title='bbox 2109 562 2266 625; x_wconf 87' lang='lat' dir='ltr'><strong>tiant,</strong></span> <span class='ocrx_word' id='word_1_101' title='bbox 2298 560 2488 614; x_wconf 74' lang='lat' dir='ltr'><strong>futura</strong></span> <span class='ocrx_word' id='word_1_102' title='bbox 2531 562 2921 614; x_wconf 77' lang='lat' dir='ltr'><strong>denuntiando.</strong></span> <span class='ocrx_word' id='word_1_103' title='bbox 2965 560 3150 614; x_wconf 83' lang='lat' dir='ltr'><strong>Timor</strong></span> <span class='ocrx_word' id='word_1_104' title='bbox 3196 561 3365 625; x_wconf 92' lang='lat' dir='ltr'><strong>enim,</strong></span> <span class='ocrx_word' id='word_1_105' title='bbox 3399 562 3592 631; x_wconf 94' lang='lat' dir='ltr'><strong>inquit,</strong></span> <span class='ocrx_word' id='word_1_106' title='bbox 3622 574 3679 619; x_wconf 88' lang='lat' dir='ltr'><strong>et</strong></span> 
     </span>
    </p>
   </div>
   <div class='ocr_carea' id='block_1_18' title="bbox 2106 652 3672 722">
    <p class='ocr_par' dir='ltr' id='par_1_18' title="bbox 2106 652 3672 722">
     <span class='ocr_line' id='line_1_18' title="bbox 2106 652 3672 722; baseline 0.002 -16"><span class='ocrx_word' id='word_1_107' title='bbox 2106 652 2283 715; x_wconf 80' lang='lat' dir='ltr'><strong>fovea,</strong></span> <span class='ocrx_word' id='word_1_108' title='bbox 2320 661 2378 707; x_wconf 85' lang='lat' dir='ltr'><strong>et</strong></span> <span class='ocrx_word' id='word_1_109' title='bbox 2415 652 2660 722; x_wconf 82' lang='lat' dir='ltr'><strong>laqueus,</strong></span> <span class='ocrx_word' id='word_1_110' title='bbox 2708 653 2758 706; x_wconf 91' lang='lat' dir='ltr'><strong>id</strong></span> <span class='ocrx_word' id='word_1_111' title='bbox 2789 662 2911 717; x_wconf 90' lang='lat' dir='ltr'><strong>est,</strong></span> <span class='ocrx_word' id='word_1_112' title='bbox 2950 667 3131 706; x_wconf 79' lang='lat' dir='ltr'><strong>omnia</strong></span> <span class='ocrx_word' id='word_1_113' title='bbox 3164 667 3361 722; x_wconf 87' lang='lat' dir='ltr'><strong>genera</strong></span> <span class='ocrx_word' id='word_1_114' title='bbox 3405 659 3672 710; x_wconf 84' lang='lat' dir='ltr'><strong>malorum</strong></span> 
     </span>
    </p>
   </div>
   <div class='ocr_carea' id='block_1_19' title="bbox 2105 743 3676 814">
    <p class='ocr_par' dir='ltr' id='par_1_19' title="bbox 2105 743 3676 814">
     <span class='ocr_line' id='line_1_19' title="bbox 2105 743 3676 814; baseline 0.003 -17"><span class='ocrx_word' id='word_1_115' title='bbox 2105 758 2270 812; x_wconf 86' lang='lat' dir='ltr'><strong>super</strong></span> <span class='ocrx_word' id='word_1_116' title='bbox 2292 758 2413 808; x_wconf 87' lang='lat' dir='ltr'><strong>vos,</strong></span> <span class='ocrx_word' id='word_1_117' title='bbox 2453 753 2560 798; x_wconf 89' lang='lat' dir='ltr'><strong>eta</strong></span> <span class='ocrx_word' id='word_1_118' title='bbox 2603 743 2914 798; x_wconf 87' lang='lat' dir='ltr'><strong>calamitate</strong></span> <span class='ocrx_word' id='word_1_119' title='bbox 2968 744 3256 814; x_wconf 74' lang='lat' dir='ltr'><strong>sulfugium</strong></span> <span class='ocrx_word' id='word_1_120' title='bbox 3306 744 3511 798; x_wconf 90' lang='lat' dir='ltr'><strong>nullum</strong></span> <span class='ocrx_word' id='word_1_121' title='bbox 3550 745 3676 809; x_wconf 90' lang='lat' dir='ltr'><strong>erit,</strong></span> 
     </span>
    </p>
   </div>
   <div class='ocr_carea' id='block_1_20' title="bbox 2106 832 3674 901">
    <p class='ocr_par' dir='ltr' id='par_1_20' title="bbox 2106 832 3674 901">
     <span class='ocr_line' id='line_1_20' title="bbox 2106 832 3674 901; baseline -0.001 -15"><span class='ocrx_word' id='word_1_122' title='bbox 2106 848 2203 886; x_wconf 89' lang='lat' dir='ltr'><strong>nec</strong></span> <span class='ocrx_word' id='word_1_123' title='bbox 2238 833 2552 887; x_wconf 90' lang='lat' dir='ltr'><strong>declinatio.</strong></span> <span class='ocrx_word' id='word_1_124' title='bbox 2605 832 2709 887; x_wconf 86' lang='lat' dir='ltr'><strong>Sed</strong></span> <span class='ocrx_word' id='word_1_125' title='bbox 2740 832 2879 887; x_wconf 83' lang='lat' dir='ltr'><strong>forte</strong></span> <span class='ocrx_word' id='word_1_126' title='bbox 2926 833 2972 886; x_wconf 90' lang='lat' dir='ltr'><strong>si</strong></span> <span class='ocrx_word' id='word_1_127' title='bbox 3015 848 3178 887; x_wconf 90' lang='lat' dir='ltr'><strong>unum</strong></span> <span class='ocrx_word' id='word_1_128' title='bbox 3240 833 3368 901; x_wconf 89' lang='lat' dir='ltr'><strong>quid</strong></span> <span class='ocrx_word' id='word_1_129' title='bbox 3407 833 3674 887; x_wconf 85' lang='lat' dir='ltr'><strong>malorum</strong></span> 
     </span>
    </p>
   </div>
   <div class='ocr_carea' id='block_1_21' title="bbox 2103 924 3673 994">
    <p class='ocr_par' dir='ltr' id='par_1_21' title="bbox 2103 924 3673 994">
     <span class='ocr_line' id='line_1_21' title="bbox 2103 924 3673 994; baseline -0.001 -16"><span class='ocrx_word' id='word_1_130' title='bbox 2103 924 2375 994; x_wconf 78' lang='lat' dir='ltr'><strong>ellugerit,</strong></span> <span class='ocrx_word' id='word_1_131' title='bbox 2420 924 2669 993; x_wconf 82' lang='lat' dir='ltr'><strong>capietur</strong></span> <span class='ocrx_word' id='word_1_132' title='bbox 2720 925 2913 989; x_wconf 87' lang='lat' dir='ltr'><strong>altero,</strong></span> <span class='ocrx_word' id='word_1_133' title='bbox 2960 932 3015 979; x_wconf 93' lang='lat' dir='ltr'><strong>et</strong></span> <span class='ocrx_word' id='word_1_134' title='bbox 3064 924 3264 993; x_wconf 88' lang='lat' dir='ltr'><strong>ubique</strong></span> <span class='ocrx_word' id='word_1_135' title='bbox 3310 939 3374 977; x_wconf 88' lang='lat' dir='ltr'><strong>ac</strong></span> <span class='ocrx_word' id='word_1_136' title='bbox 3417 938 3673 992; x_wconf 85' lang='lat' dir='ltr'><strong>semper.</strong></span> 
     </span>
    </p>
   </div>
   <div class='ocr_carea' id='block_1_22' title="bbox 2102 1013 3673 1084">
    <p class='ocr_par' dir='ltr' id='par_1_22' title="bbox 2102 1013 3673 1084">
     <span class='ocr_line' id='line_1_22' title="bbox 2102 1013 3673 1084; baseline -0.001 -15"><span class='ocrx_word' id='word_1_137' title='bbox 2102 1014 2288 1084; x_wconf 89' lang='lat' dir='ltr'><strong>aliquo</strong></span> <span class='ocrx_word' id='word_1_138' title='bbox 2345 1014 2612 1068; x_wconf 91' lang='lat' dir='ltr'><strong>malorum</strong></span> <span class='ocrx_word' id='word_1_139' title='bbox 2673 1013 2944 1069; x_wconf 90' lang='lat' dir='ltr'><strong>illatorum</strong></span> <span class='ocrx_word' id='word_1_140' title='bbox 2993 1015 3511 1083; x_wconf 85' lang='lat' dir='ltr'><strong>comprehendetur.</strong></span> <span class='ocrx_word' id='word_1_141' title='bbox 3558 1014 3673 1071; x_wconf 84' lang='lat' dir='ltr'><strong>Hoc</strong></span> 
     </span>
    </p>
   </div>
   <div class='ocr_carea' id='block_1_23' title="bbox 2103 1105 3674 1176">
    <p class='ocr_par' dir='ltr' id='par_1_23' title="bbox 2103 1105 3674 1176">
     <span class='ocr_line' id='line_1_23' title="bbox 2103 1105 3674 1176; baseline 0 -16"><span class='ocrx_word' id='word_1_142' title='bbox 2103 1106 2330 1176; x_wconf 79' lang='lat' dir='ltr'><strong>contigit</strong></span> <span class='ocrx_word' id='word_1_143' title='bbox 2354 1105 2555 1160; x_wconf 71' lang='lat' dir='ltr'><strong>Iudaeis</strong></span> <span class='ocrx_word' id='word_1_144' title='bbox 2590 1117 2710 1175; x_wconf 90' lang='lat' dir='ltr'><strong>post</strong></span> <span class='ocrx_word' id='word_1_145' title='bbox 2741 1121 2961 1160; x_wconf 91' lang='lat' dir='ltr'><strong>crucem</strong></span> <span class='ocrx_word' id='word_1_146' title='bbox 3001 1106 3328 1173; x_wconf 87' lang='lat' dir='ltr'><strong>Servatoris,</strong></span> <span class='ocrx_word' id='word_1_147' title='bbox 3361 1122 3483 1161; x_wconf 89' lang='lat' dir='ltr'><strong>cum</strong></span> <span class='ocrx_word' id='word_1_148' title='bbox 3527 1108 3674 1176; x_wconf 77' lang='lat' dir='ltr'><strong>regio</strong></span> 
     </span>
    </p>
   </div>
   <div class='ocr_carea' id='block_1_24' title="bbox 2099 1200 3674 1267">
    <p class='ocr_par' dir='ltr' id='par_1_24' title="bbox 2099 1200 3674 1267">
     <span class='ocr_line' id='line_1_24' title="bbox 2099 1200 3674 1267; baseline -0.001 -15"><span class='ocrx_word' id='word_1_149' title='bbox 2099 1211 2284 1252; x_wconf 87' lang='lat' dir='ltr'><strong>eorum</strong></span> <span class='ocrx_word' id='word_1_150' title='bbox 2318 1206 2647 1261; x_wconf 81' lang='lat' dir='ltr'><strong>vastaretur,</strong></span> <span class='ocrx_word' id='word_1_151' title='bbox 2675 1200 2947 1267; x_wconf 80' lang='lat' dir='ltr'><strong>urbesque</strong></span> <span class='ocrx_word' id='word_1_152' title='bbox 2977 1208 3032 1253; x_wconf 92' lang='lat' dir='ltr'><strong>et</strong></span> <span class='ocrx_word' id='word_1_153' title='bbox 3067 1200 3210 1252; x_wconf 79' lang='lat' dir='ltr'><strong>:edes</strong></span> <span class='ocrx_word' id='word_1_154' title='bbox 3237 1213 3674 1267; x_wconf 81' lang='lat' dir='ltr'><strong>conquassaren-</strong></span> 
     </span>
    </p>
   </div>
   <div class='ocr_carea' id='block_1_25' title="bbox 2103 1288 3671 1358">
    <p class='ocr_par' dir='ltr' id='par_1_25' title="bbox 2103 1288 3671 1358">
     <span class='ocr_line' id='line_1_25' title="bbox 2103 1288 3671 1358; baseline 0.003 -17"><span class='ocrx_word' id='word_1_155' title='bbox 2103 1298 2190 1342; x_wconf 93' lang='lat' dir='ltr'><strong>tur</strong></span> <span class='ocrx_word' id='word_1_156' title='bbox 2222 1305 2235 1340; x_wconf 86' lang='lat'><strong>:</strong></span> <span class='ocrx_word' id='word_1_157' title='bbox 2274 1289 2366 1343; x_wconf 89' lang='lat' dir='ltr'><strong>sed</strong></span> <span class='ocrx_word' id='word_1_158' title='bbox 2400 1288 2581 1343; x_wconf 88' lang='lat' dir='ltr'><strong>dicere</strong></span> <span class='ocrx_word' id='word_1_159' title='bbox 2627 1289 2841 1356; x_wconf 73' lang='lat' dir='ltr'><strong>singula</strong></span> <span class='ocrx_word' id='word_1_160' title='bbox 2894 1289 3106 1358; x_wconf 74' lang='lat' dir='ltr'><strong>longum</strong></span> <span class='ocrx_word' id='word_1_161' title='bbox 3144 1299 3247 1353; x_wconf 90' lang='lat' dir='ltr'><strong>est,</strong></span> <span class='ocrx_word' id='word_1_162' title='bbox 3301 1291 3538 1345; x_wconf 79' lang='lat' dir='ltr'><strong>maxime</strong></span> <span class='ocrx_word' id='word_1_163' title='bbox 3568 1290 3671 1344; x_wconf 87' lang='lat' dir='ltr'><strong>Ec-</strong></span> 
     </span>
    </p>
   </div>
   <div class='ocr_carea' id='block_1_26' title="bbox 2102 1379 3212 1449">
    <p class='ocr_par' dir='ltr' id='par_1_26' title="bbox 2102 1379 3212 1449">
     <span class='ocr_line' id='line_1_26' title="bbox 2102 1379 3212 1449; baseline 0.003 -16"><span class='ocrx_word' id='word_1_164' title='bbox 2102 1379 2281 1434; x_wconf 68' lang='lat' dir='ltr'><strong>clesia:</strong></span> <span class='ocrx_word' id='word_1_165' title='bbox 2304 1379 2539 1433; x_wconf 87' lang='lat' dir='ltr'><strong>alumnis</strong></span> <span class='ocrx_word' id='word_1_166' title='bbox 2571 1381 2759 1449; x_wconf 81' lang='lat' dir='ltr'><strong>gnaris</strong></span> <span class='ocrx_word' id='word_1_167' title='bbox 2799 1395 2861 1434; x_wconf 87' lang='lat' dir='ltr'><strong>ac</strong></span> <span class='ocrx_word' id='word_1_168' title='bbox 2894 1381 3212 1435; x_wconf 90' lang='lat' dir='ltr'><strong>scientibus.</strong></span> 
     </span>
    </p>
   </div>
   <div class='ocr_carea' id='block_1_27' title="bbox 414 1465 3669 1544">
    <p class='ocr_par' dir='ltr' id='par_1_27' title="bbox 414 1465 3669 1544">
     <span class='ocr_line' id='line_1_27' title="bbox 414 1465 3669 1544; baseline 0.003 -27"><span class='ocrx_word' id='word_1_169' title='bbox 414 1481 471 1517; x_wconf 85' lang='grc' dir='ltr'>τε</span> <span class='ocrx_word' id='word_1_170' title='bbox 507 1466 598 1518; x_wconf 79' lang='grc' dir='ltr'>καὶ</span> <span class='ocrx_word' id='word_1_171' title='bbox 624 1465 790 1519; x_wconf 84' lang='grc' dir='ltr'>οίκων</span> <span class='ocrx_word' id='word_1_172' title='bbox 817 1470 1327 1539; x_wconf 84' lang='grc' dir='ltr'>κατασεσεισμένων</span> <span class='ocrx_word' id='word_1_173' title='bbox 1350 1486 1365 1500; x_wconf 81' lang='lat'>&#39;</span> <span class='ocrx_word' id='word_1_174' title='bbox 1401 1472 1499 1523; x_wconf 70' lang='grc' dir='ltr'>καὶ</span> <span class='ocrx_word' id='word_1_175' title='bbox 1530 1474 1737 1542; x_wconf 79' lang='grc' dir='ltr'>μακρὸν</span> <span class='ocrx_word' id='word_1_176' title='bbox 1780 1473 1985 1524; x_wconf 74' lang='grc' dir='ltr'>ἕκαστα</span> <span class='ocrx_word' id='word_1_177' title='bbox 2012 1471 2193 1540; x_wconf 82' lang='grc' dir='ltr'>λέγειν</span> <span class='ocrx_word' id='word_1_178' title='bbox 2242 1470 2410 1523; x_wconf 69' lang='grc' dir='ltr'>εἰδόσι</span> <span class='ocrx_word' id='word_1_179' title='bbox 2466 1470 2703 1541; x_wconf 82' lang='grc' dir='ltr'>μάλιστα</span> <span class='ocrx_word' id='word_1_180' title='bbox 2732 1473 2845 1535; x_wconf 85' lang='grc' dir='ltr'>τοῖς</span> <span class='ocrx_word' id='word_1_181' title='bbox 2871 1475 2970 1543; x_wconf 78' lang='grc' dir='ltr'>τῆς</span> <span class='ocrx_word' id='word_1_182' title='bbox 3011 1472 3333 1542; x_wconf 85' lang='grc' dir='ltr'>Ἐκκλησίας</span> <span class='ocrx_word' id='word_1_183' title='bbox 3361 1473 3669 1544; x_wconf 76' lang='grc' dir='ltr'><strong>τροφίμοις.</strong></span> 
     </span>
    </p>
   </div>
   <div class='ocr_carea' id='block_1_28' title="bbox 484 1558 1996 1635">
    <p class='ocr_par' dir='ltr' id='par_1_28' title="bbox 484 1558 1996 1635">
     <span class='ocr_line' id='line_1_28' title="bbox 484 1558 1996 1635; baseline 0.006 -24"><span class='ocrx_word' id='word_1_184' title='bbox 484 1558 612 1611; x_wconf 80' lang='grc' dir='ltr'><strong>Ὀτι</strong></span> <span class='ocrx_word' id='word_1_185' title='bbox 642 1558 880 1626; x_wconf 82' lang='grc' dir='ltr'><strong>θυρίδες</strong></span> <span class='ocrx_word' id='word_1_186' title='bbox 909 1562 978 1615; x_wconf 82' lang='grc' dir='ltr'><strong>ἐκ</strong></span> <span class='ocrx_word' id='word_1_187' title='bbox 1013 1563 1119 1617; x_wconf 87' lang='grc' dir='ltr'>τοῦ</span> <span class='ocrx_word' id='word_1_188' title='bbox 1145 1564 1406 1631; x_wconf 83' lang='grc' dir='ltr'>οὐρανοῦ</span> <span class='ocrx_word' id='word_1_189' title='bbox 1429 1565 1845 1635; x_wconf 79' lang='grc' dir='ltr'><strong>ἀνεῴχθησαν,</strong></span> <span class='ocrx_word' id='word_1_190' title='bbox 1891 1566 1996 1619; x_wconf 75' lang='grc' dir='ltr'><strong>καί</strong></span> 
     </span>
    </p>
   </div>
   <div class='ocr_carea' id='block_1_29' title="bbox 412 1647 1991 1724">
    <p class='ocr_par' dir='ltr' id='par_1_29' title="bbox 412 1647 1991 1724">
     <span class='ocr_line' id='line_1_29' title="bbox 412 1647 1991 1724; baseline 0.006 -25"><span class='ocrx_word' id='word_1_191' title='bbox 412 1647 803 1713; x_wconf 85' lang='grc' dir='ltr'>σεισθήσεται</span> <span class='ocrx_word' id='word_1_192' title='bbox 845 1650 917 1703; x_wconf 79' lang='grc' dir='ltr'><strong>τὰ</strong></span> <span class='ocrx_word' id='word_1_193' title='bbox 956 1651 1200 1720; x_wconf 78' lang='grc' dir='ltr'>θεμέλια</span> <span class='ocrx_word' id='word_1_194' title='bbox 1237 1652 1345 1721; x_wconf 82' lang='grc' dir='ltr'>τῆς</span> <span class='ocrx_word' id='word_1_195' title='bbox 1368 1654 1499 1723; x_wconf 69' lang='grc' dir='ltr'>γῆς.</span> <span class='ocrx_word' id='word_1_196' title='bbox 1549 1654 1781 1724; x_wconf 79' lang='grc' dir='ltr'>Ἰαραχῇ</span> <span class='ocrx_word' id='word_1_197' title='bbox 1812 1672 1991 1724; x_wconf 84' lang='grc' dir='ltr'>ταρα-</span> 
     </span>
    </p>
   </div>
   <div class='ocr_carea' id='block_1_30' title="bbox 2183 1565 3671 1638">
    <p class='ocr_par' dir='ltr' id='par_1_30' title="bbox 2183 1565 3671 1638">
     <span class='ocr_line' id='line_1_30' title="bbox 2183 1565 3671 1638; baseline 0.003 -19"><span class='ocrx_word' id='word_1_198' title='bbox 2183 1565 2342 1621; x_wconf 76' lang='lat' dir='ltr'><strong>Vens.</strong></span> <span class='ocrx_word' id='word_1_199' title='bbox 2380 1567 2468 1630; x_wconf 72' lang='lat' dir='ltr'><strong>i9,</strong></span> <span class='ocrx_word' id='word_1_200' title='bbox 2502 1566 2591 1620; x_wconf 76' lang='lat'><strong>20.</strong></span> <span class='ocrx_word' id='word_1_201' title='bbox 2622 1566 2759 1632; x_wconf 84' lang='lat' dir='ltr'><strong>Quia</strong></span> <span class='ocrx_word' id='word_1_202' title='bbox 2787 1568 3031 1635; x_wconf 72' lang='lat' dir='ltr'><strong>fenestra:</strong></span> <span class='ocrx_word' id='word_1_203' title='bbox 3057 1570 3171 1621; x_wconf 63' lang='lat' dir='ltr'><strong>cali</strong></span> <span class='ocrx_word' id='word_1_204' title='bbox 3224 1578 3419 1638; x_wconf 80' lang='lat' dir='ltr'><strong>aperta:</strong></span> <span class='ocrx_word' id='word_1_205' title='bbox 3444 1579 3585 1634; x_wconf 86' lang='lat' dir='ltr'><strong>sunt,</strong></span> <span class='ocrx_word' id='word_1_206' title='bbox 3619 1580 3671 1623; x_wconf 82' lang='lat' dir='ltr'><strong>et</strong></span> 
     </span>
    </p>
   </div>
   <div class='ocr_carea' id='block_1_31' title="bbox 2100 1658 3673 1727">
    <p class='ocr_par' dir='ltr' id='par_1_31' title="bbox 2100 1658 3673 1727">
     <span class='ocr_line' id='line_1_31' title="bbox 2100 1658 3673 1727; baseline 0.001 -15"><span class='ocrx_word' id='word_1_207' title='bbox 2100 1661 2468 1712; x_wconf 82' lang='lat' dir='ltr'><strong>concutientur</strong></span> <span class='ocrx_word' id='word_1_208' title='bbox 2516 1660 2862 1727; x_wconf 76' lang='lat' dir='ltr'><strong>fundamenta</strong></span> <span class='ocrx_word' id='word_1_209' title='bbox 2890 1670 3061 1713; x_wconf 72' lang='lat' dir='ltr'><strong>terrm.</strong></span> <span class='ocrx_word' id='word_1_210' title='bbox 3118 1658 3160 1711; x_wconf 91' lang='grc' dir='ltr'><strong><em>Τ</em></strong></span> <span class='ocrx_word' id='word_1_211' title='bbox 3165 1661 3439 1713; x_wconf 82' lang='lat' dir='ltr'><strong>urbatione</strong></span> <span class='ocrx_word' id='word_1_212' title='bbox 3486 1659 3673 1714; x_wconf 82' lang='lat' dir='ltr'><strong>turba-</strong></span> 
     </span>
    </p>
   </div>
   <div class='ocr_carea' id='block_1_32' title="bbox 412 1717 1992 1818">
    <p class='ocr_par' dir='ltr' id='par_1_32' title="bbox 412 1717 1992 1816">
     <span class='ocr_line' id='line_1_32' title="bbox 412 1717 1992 1816; baseline 0.005 -24"><span class='ocrx_word' id='word_1_213' title='bbox 412 1739 703 1808; x_wconf 75' lang='grc' dir='ltr'><strong>χθήσεται</strong></span> <span class='ocrx_word' id='word_1_214' title='bbox 750 1742 788 1808; x_wconf 81' lang='grc' dir='ltr'><strong><em>ἡ</em></strong></span> <span class='ocrx_word' id='word_1_215' title='bbox 826 1741 924 1810; x_wconf 77' lang='grc' dir='ltr'><strong>τῆ,</strong></span> <span class='ocrx_word' id='word_1_216' title='bbox 956 1717 1054 1796; x_wconf 78' lang='grc' dir='ltr'><strong>καὶ</strong></span> <span class='ocrx_word' id='word_1_217' title='bbox 1085 1717 1776 1813; x_wconf 59' lang='grc' dir='ltr'>ἀπορία</span> <span class='ocrx_word' id='word_1_218' title='bbox 1814 1747 1852 1814; x_wconf 77' lang='grc' dir='ltr'><em>ἠ</em></span> 
     </span>
    </p>
   </div>
   <div class='ocr_carea' id='block_1_33' title="bbox 2095 1717 3668 1818">
    <p class='ocr_par' dir='ltr' id='par_1_33' title="bbox 2100 1750 3668 1818">
     <span class='ocr_line' id='line_1_33' title="bbox 2100 1750 3668 1818; baseline 0.002 -15"><span class='ocrx_word' id='word_1_219' title='bbox 2100 1750 2244 1803; x_wconf 83' lang='lat' dir='ltr'><strong>bitur</strong></span> <span class='ocrx_word' id='word_1_220' title='bbox 2284 1760 2447 1813; x_wconf 83' lang='lat' dir='ltr'><strong>terra,</strong></span> <span class='ocrx_word' id='word_1_221' title='bbox 2473 1759 2521 1803; x_wconf 89' lang='lat' dir='ltr'><strong>et</strong></span> <span class='ocrx_word' id='word_1_222' title='bbox 2558 1751 2627 1802; x_wconf 88' lang='lat' dir='ltr'><strong>ad</strong></span> <span class='ocrx_word' id='word_1_223' title='bbox 2654 1765 2912 1803; x_wconf 81' lang='lat' dir='ltr'><strong>summam</strong></span> <span class='ocrx_word' id='word_1_224' title='bbox 2938 1750 3169 1818; x_wconf 80' lang='lat' dir='ltr'><strong>inopiam</strong></span> <span class='ocrx_word' id='word_1_225' title='bbox 3205 1751 3467 1818; x_wconf 81' lang='lat' dir='ltr'><strong>redigetur</strong></span> <span class='ocrx_word' id='word_1_226' title='bbox 3506 1762 3668 1807; x_wconf 81' lang='lat' dir='ltr'><strong>terra.</strong></span> 
     </span>
    </p>
   </div>
   <div class='ocr_carea' id='block_1_34' title="bbox 418 1833 1996 1907">
    <p class='ocr_par' dir='ltr' id='par_1_34' title="bbox 418 1833 1996 1907">
     <span class='ocr_line' id='line_1_34' title="bbox 418 1833 1996 1907; baseline 0.006 -25"><span class='ocrx_word' id='word_1_227' title='bbox 418 1833 701 1885; x_wconf 76' lang='grc' dir='ltr'><strong>Ἕκλινεν</strong></span> <span class='ocrx_word' id='word_1_228' title='bbox 722 1833 821 1886; x_wconf 79' lang='grc' dir='ltr'><strong>καὶ</strong></span> <span class='ocrx_word' id='word_1_229' title='bbox 854 1835 1247 1900; x_wconf 79' lang='grc' dir='ltr'>σεισθήσεται</span> <span class='ocrx_word' id='word_1_230' title='bbox 1282 1838 1321 1904; x_wconf 67' lang='grc' dir='ltr'><strong>’ἡ</strong></span> <span class='ocrx_word' id='word_1_231' title='bbox 1352 1837 1425 1907; x_wconf 74' lang='grc' dir='ltr'><strong>γῆ</strong></span> <span class='ocrx_word' id='word_1_232' title='bbox 1459 1836 1627 1891; x_wconf 79' lang='grc' dir='ltr'>πᾶσα</span> <span class='ocrx_word' id='word_1_233' title='bbox 1664 1839 1744 1904; x_wconf 86' lang='grc' dir='ltr'>ὠς</span> <span class='ocrx_word' id='word_1_234' title='bbox 1780 1840 1996 1906; x_wconf 82' lang='grc' dir='ltr'><strong>ὀπωρο-</strong></span> 
     </span>
    </p>
   </div>
   <div class='ocr_carea' id='block_1_35' title="bbox 412 1924 1996 1998">
    <p class='ocr_par' dir='ltr' id='par_1_35' title="bbox 412 1924 1996 1998">
     <span class='ocr_line' id='line_1_35' title="bbox 412 1924 1996 1998; baseline 0.004 -21"><span class='ocrx_word' id='word_1_235' title='bbox 412 1924 731 1991; x_wconf 75' lang='grc' dir='ltr'>φυλάκιον,</span> <span class='ocrx_word' id='word_1_236' title='bbox 770 1926 849 1992; x_wconf 86' lang='grc' dir='ltr'>ὡς</span> <span class='ocrx_word' id='word_1_237' title='bbox 884 1930 917 1981; x_wconf 82' lang='grc' dir='ltr'><em>ὁ</em></span> <span class='ocrx_word' id='word_1_238' title='bbox 948 1930 1189 1996; x_wconf 82' lang='grc' dir='ltr'><strong>μεθύων</strong></span> <span class='ocrx_word' id='word_1_239' title='bbox 1215 1930 1315 1983; x_wconf 80' lang='grc' dir='ltr'><strong>καὶ</strong></span> <span class='ocrx_word' id='word_1_240' title='bbox 1354 1928 1724 1998; x_wconf 72' lang='grc' dir='ltr'>κραιπαλῶν,</span> <span class='ocrx_word' id='word_1_241' title='bbox 1769 1931 1867 1983; x_wconf 76' lang='grc' dir='ltr'><strong>καὶ</strong></span> <span class='ocrx_word' id='word_1_242' title='bbox 1898 1944 1996 1983; x_wconf 79' lang='grc' dir='ltr'><strong>πε-</strong></span> 
     </span>
    </p>
   </div>
   <div class='ocr_carea' id='block_1_36' title="bbox 411 2016 1994 2089">
    <p class='ocr_par' dir='ltr' id='par_1_36' title="bbox 411 2016 1994 2089">
     <span class='ocr_line' id='line_1_36' title="bbox 411 2016 1994 2089; baseline 0.004 -20"><span class='ocrx_word' id='word_1_243' title='bbox 411 2016 623 2080; x_wconf 85' lang='grc' dir='ltr'>σεῒται,</span> <span class='ocrx_word' id='word_1_244' title='bbox 682 2018 783 2070; x_wconf 80' lang='grc' dir='ltr'>καί</span> <span class='ocrx_word' id='word_1_245' title='bbox 829 2020 901 2072; x_wconf 82' lang='grc' dir='ltr'><strong>οὐ</strong></span> <span class='ocrx_word' id='word_1_246' title='bbox 952 2020 1039 2087; x_wconf 83' lang='grc' dir='ltr'><strong>μὴ</strong></span> <span class='ocrx_word' id='word_1_247' title='bbox 1086 2020 1374 2075; x_wconf 82' lang='grc' dir='ltr'>δύνανται</span> <span class='ocrx_word' id='word_1_248' title='bbox 1422 2020 1792 2089; x_wconf 81' lang='grc' dir='ltr'>ἀναστῆναι,</span> <span class='ocrx_word' id='word_1_249' title='bbox 1850 2039 1994 2076; x_wconf 78' lang='grc' dir='ltr'>κατ-</span> 
     </span>
    </p>
   </div>
   <div class='ocr_carea' id='block_1_37' title="bbox 413 2110 1450 2183">
    <p class='ocr_par' dir='ltr' id='par_1_37' title="bbox 413 2110 1450 2183">
     <span class='ocr_line' id='line_1_37' title="bbox 413 2110 1450 2183; baseline 0.007 -23"><span class='ocrx_word' id='word_1_250' title='bbox 413 2110 635 2178; x_wconf 80' lang='grc' dir='ltr'>ίσχυσε</span> <span class='ocrx_word' id='word_1_251' title='bbox 660 2111 770 2179; x_wconf 76' lang='grc' dir='ltr'><strong>γὰρ</strong></span> <span class='ocrx_word' id='word_1_252' title='bbox 792 2110 885 2164; x_wconf 78' lang='grc' dir='ltr'><strong>ἐπ’</strong></span> <span class='ocrx_word' id='word_1_253' title='bbox 911 2112 1103 2181; x_wconf 85' lang='grc' dir='ltr'>αὐτῆς</span> <span class='ocrx_word' id='word_1_254' title='bbox 1143 2113 1181 2181; x_wconf 81' lang='grc' dir='ltr'><em>ἡ</em></span> <span class='ocrx_word' id='word_1_255' title='bbox 1212 2115 1450 2183; x_wconf 81' lang='grc' dir='ltr'>ἀνομία.</span> 
     </span>
    </p>
   </div>
   <div class='ocr_carea' id='block_1_38' title="bbox 496 2201 1994 2276">
    <p class='ocr_par' dir='ltr' id='par_1_38' title="bbox 496 2201 1994 2276">
     <span class='ocr_line' id='line_1_38' title="bbox 496 2201 1994 2276; baseline 0.003 -23"><span class='ocrx_word' id='word_1_256' title='bbox 496 2201 814 2255; x_wconf 83' lang='grc' dir='ltr'>’Λποδίδωσι</span> <span class='ocrx_word' id='word_1_257' title='bbox 847 2204 946 2274; x_wconf 78' lang='grc' dir='ltr'><strong>τήν</strong></span> <span class='ocrx_word' id='word_1_258' title='bbox 984 2205 1164 2257; x_wconf 89' lang='grc' dir='ltr'>αίτίαν</span> <span class='ocrx_word' id='word_1_259' title='bbox 1207 2204 1318 2257; x_wconf 86' lang='grc' dir='ltr'>τῶν</span> <span class='ocrx_word' id='word_1_260' title='bbox 1349 2205 1564 2259; x_wconf 77' lang='grc' dir='ltr'>ἔσεσθαι</span> <span class='ocrx_word' id='word_1_261' title='bbox 1610 2204 1994 2276; x_wconf 86' lang='grc' dir='ltr'>προαπηγγελ-</span> 
     </span>
    </p>
   </div>
   <div class='ocr_carea' id='block_1_39' title="bbox 412 2291 1993 2368">
    <p class='ocr_par' dir='ltr' id='par_1_39' title="bbox 412 2291 1993 2368">
     <span class='ocr_line' id='line_1_39' title="bbox 412 2291 1993 2368; baseline 0.005 -26"><span class='ocrx_word' id='word_1_262' title='bbox 412 2291 611 2362; x_wconf 79' lang='grc' dir='ltr'>μὲνων,</span> <span class='ocrx_word' id='word_1_263' title='bbox 637 2295 731 2347; x_wconf 78' lang='grc' dir='ltr'>καὶ</span> <span class='ocrx_word' id='word_1_264' title='bbox 755 2295 838 2347; x_wconf 84' lang='grc' dir='ltr'>ὅτι</span> <span class='ocrx_word' id='word_1_265' title='bbox 867 2298 1093 2366; x_wconf 84' lang='grc' dir='ltr'>πικραῖς</span> <span class='ocrx_word' id='word_1_266' title='bbox 1138 2299 1231 2349; x_wconf 80' lang='grc' dir='ltr'>καὶ</span> <span class='ocrx_word' id='word_1_267' title='bbox 1269 2296 1601 2367; x_wconf 81' lang='grc' dir='ltr'>ἀνεξιτήτοις</span> <span class='ocrx_word' id='word_1_268' title='bbox 1637 2298 1993 2368; x_wconf 78' lang='grc' dir='ltr'>περιπεσοῦν·</span> 
     </span>
    </p>
   </div>
   <div class='ocr_carea' id='block_1_40' title="bbox 410 2384 1995 2456">
    <p class='ocr_par' dir='ltr' id='par_1_40' title="bbox 410 2384 1995 2456">
     <span class='ocr_line' id='line_1_40' title="bbox 410 2384 1995 2456; baseline 0.003 -23"><span class='ocrx_word' id='word_1_269' title='bbox 410 2398 500 2433; x_wconf 84' lang='grc' dir='ltr'><strong>ται</strong></span> <span class='ocrx_word' id='word_1_270' title='bbox 537 2386 864 2454; x_wconf 73' lang='grc' dir='ltr'>συμφοραῖς.</span> <span class='ocrx_word' id='word_1_271' title='bbox 888 2385 1032 2454; x_wconf 74' lang='grc' dir='ltr'><strong>Ἔφη</strong></span> <span class='ocrx_word' id='word_1_272' title='bbox 1063 2384 1172 2455; x_wconf 80' lang='grc' dir='ltr'>γὰρ</span> <span class='ocrx_word' id='word_1_273' title='bbox 1204 2386 1286 2439; x_wconf 80' lang='grc' dir='ltr'>ὅτι</span> <span class='ocrx_word' id='word_1_274' title='bbox 1326 2385 1488 2453; x_wconf 79' lang='grc' dir='ltr'>φόϐος</span> <span class='ocrx_word' id='word_1_275' title='bbox 1527 2387 1619 2439; x_wconf 79' lang='grc' dir='ltr'>καὶ</span> <span class='ocrx_word' id='word_1_276' title='bbox 1652 2386 1871 2456; x_wconf 88' lang='grc' dir='ltr'>βόθυνος</span> <span class='ocrx_word' id='word_1_277' title='bbox 1900 2387 1995 2440; x_wconf 77' lang='grc' dir='ltr'><strong>καὶ</strong></span> 
     </span>
    </p>
   </div>
   <div class='ocr_carea' id='block_1_41' title="bbox 412 2474 1993 2547">
    <p class='ocr_par' dir='ltr' id='par_1_41' title="bbox 412 2474 1993 2547">
     <span class='ocr_line' id='line_1_41' title="bbox 412 2474 1993 2547; baseline 0.004 -22"><span class='ocrx_word' id='word_1_278' title='bbox 412 2474 577 2541; x_wconf 63' lang='grc' dir='ltr'>παγίς</span> <span class='ocrx_word' id='word_1_279' title='bbox 607 2475 691 2544; x_wconf 79' lang='grc' dir='ltr'><strong>ἐφ’</strong></span> <span class='ocrx_word' id='word_1_280' title='bbox 724 2476 897 2544; x_wconf 75' lang='grc' dir='ltr'>ὑμᾶς·</span> <span class='ocrx_word' id='word_1_281' title='bbox 935 2477 1031 2529; x_wconf 78' lang='grc' dir='ltr'>καὶ</span> <span class='ocrx_word' id='word_1_282' title='bbox 1067 2477 1149 2530; x_wconf 86' lang='grc' dir='ltr'>ὅτι</span> <span class='ocrx_word' id='word_1_283' title='bbox 1176 2477 1266 2530; x_wconf 85' lang='grc' dir='ltr'>τὸν</span> <span class='ocrx_word' id='word_1_284' title='bbox 1308 2476 1526 2547; x_wconf 78' lang='grc' dir='ltr'><strong>βόθυνον</strong></span> <span class='ocrx_word' id='word_1_285' title='bbox 1561 2478 1613 2529; x_wconf 75' lang='lat' dir='ltr'><strong>ei</strong></span> <span class='ocrx_word' id='word_1_286' title='bbox 1634 2495 1718 2540; x_wconf 86' lang='grc' dir='ltr'><strong>τις</strong></span> <span class='ocrx_word' id='word_1_287' title='bbox 1741 2479 1993 2547; x_wconf 75' lang='grc' dir='ltr'>διαφύγοι</span> 
     </span>
    </p>
   </div>
   <div class='ocr_carea' id='block_1_42' title="bbox 411 2563 1994 2638">
    <p class='ocr_par' dir='ltr' id='par_1_42' title="bbox 411 2563 1994 2638">
     <span class='ocr_line' id='line_1_42' title="bbox 411 2563 1994 2638; baseline 0.001 -21"><span class='ocrx_word' id='word_1_288' title='bbox 411 2563 681 2617; x_wconf 82' lang='grc' dir='ltr'><strong>ἁλώσεται</strong></span> <span class='ocrx_word' id='word_1_289' title='bbox 705 2564 811 2618; x_wconf 78' lang='grc' dir='ltr'>ὑπὸ</span> <span class='ocrx_word' id='word_1_290' title='bbox 836 2566 936 2635; x_wconf 84' lang='grc' dir='ltr'><strong>τῆς</strong></span> <span class='ocrx_word' id='word_1_291' title='bbox 971 2565 1218 2635; x_wconf 84' lang='grc' dir='ltr'>παγίδος.</span> <span class='ocrx_word' id='word_1_292' title='bbox 1256 2566 1391 2619; x_wconf 90' lang='grc' dir='ltr'>Ποία</span> <span class='ocrx_word' id='word_1_293' title='bbox 1408 2566 1587 2620; x_wconf 81' lang='grc' dir='ltr'>τοίνυν</span> <span class='ocrx_word' id='word_1_294' title='bbox 1618 2569 1651 2637; x_wconf 79' lang='grc' dir='ltr'>ἡ</span> <span class='ocrx_word' id='word_1_295' title='bbox 1680 2567 1832 2619; x_wconf 85' lang='grc' dir='ltr'>τοῦδε</span> <span class='ocrx_word' id='word_1_296' title='bbox 1860 2568 1994 2638; x_wconf 91' lang='grc' dir='ltr'>πρό-</span> 
     </span>
    </p>
   </div>
   <div class='ocr_carea' id='block_1_43' title="bbox 414 2654 1990 2729">
    <p class='ocr_par' dir='ltr' id='par_1_43' title="bbox 414 2654 1990 2729">
     <span class='ocr_line' id='line_1_43' title="bbox 414 2654 1990 2729; baseline 0.003 -23"><span class='ocrx_word' id='word_1_297' title='bbox 414 2671 610 2722; x_wconf 85' lang='grc' dir='ltr'>φασις;</span> <span class='ocrx_word' id='word_1_298' title='bbox 634 2654 881 2725; x_wconf 79' lang='grc' dir='ltr'><strong>Θυρίδες,</strong></span> <span class='ocrx_word' id='word_1_299' title='bbox 918 2657 1105 2727; x_wconf 68' lang='grc' dir='ltr'>φησιν,</span> <span class='ocrx_word' id='word_1_300' title='bbox 1134 2657 1197 2709; x_wconf 77' lang='grc' dir='ltr'><strong>ὲκ</strong></span> <span class='ocrx_word' id='word_1_301' title='bbox 1224 2656 1318 2711; x_wconf 90' lang='grc' dir='ltr'>τοῦ</span> <span class='ocrx_word' id='word_1_302' title='bbox 1355 2656 1586 2729; x_wconf 83' lang='grc' dir='ltr'>ούρανοῦ</span> <span class='ocrx_word' id='word_1_303' title='bbox 1616 2657 1990 2728; x_wconf 70' lang='grc' dir='ltr'>ἠνεῴχθησαν,</span> 
     </span>
    </p>
   </div>
   <div class='ocr_carea' id='block_1_44' title="bbox 411 2745 1992 2819">
    <p class='ocr_par' dir='ltr' id='par_1_44' title="bbox 411 2745 1992 2819">
     <span class='ocr_line' id='line_1_44' title="bbox 411 2745 1992 2819; baseline 0.002 -20"><span class='ocrx_word' id='word_1_304' title='bbox 411 2745 553 2799; x_wconf 82' lang='grc' dir='ltr'>τοῦτ’</span> <span class='ocrx_word' id='word_1_305' title='bbox 577 2746 742 2808; x_wconf 76' lang='grc' dir='ltr'>ἐστιν,</span> <span class='ocrx_word' id='word_1_306' title='bbox 768 2747 1106 2817; x_wconf 78' lang='grc' dir='ltr'>ἐπεσκέψατο</span> <span class='ocrx_word' id='word_1_307' title='bbox 1130 2750 1158 2801; x_wconf 84' lang='grc' dir='ltr'>ὁ</span> <span class='ocrx_word' id='word_1_308' title='bbox 1178 2749 1310 2812; x_wconf 86' lang='grc' dir='ltr'>Θεὸς</span> <span class='ocrx_word' id='word_1_309' title='bbox 1333 2750 1458 2812; x_wconf 81' lang='grc' dir='ltr'>τοὺς</span> <span class='ocrx_word' id='word_1_310' title='bbox 1478 2750 1570 2802; x_wconf 76' lang='grc' dir='ltr'><strong>ἐπὶ</strong></span> <span class='ocrx_word' id='word_1_311' title='bbox 1590 2750 1687 2819; x_wconf 83' lang='grc' dir='ltr'><strong>τῆς</strong></span> <span class='ocrx_word' id='word_1_312' title='bbox 1703 2748 1826 2819; x_wconf 78' lang='grc' dir='ltr'>γῆς.</span> <span class='ocrx_word' id='word_1_313' title='bbox 1849 2750 1992 2811; x_wconf 83' lang='grc' dir='ltr'><strong>Ἕως</strong></span> 
     </span>
    </p>
   </div>
   <div class='ocr_carea' id='block_1_45' title="bbox 416 2838 1993 2911">
    <p class='ocr_par' dir='ltr' id='par_1_45' title="bbox 416 2838 1993 2911">
     <span class='ocr_line' id='line_1_45' title="bbox 416 2838 1993 2911; baseline 0.002 -20"><span class='ocrx_word' id='word_1_314' title='bbox 416 2838 514 2908; x_wconf 80' lang='grc' dir='ltr'><strong>μὲν</strong></span> <span class='ocrx_word' id='word_1_315' title='bbox 542 2839 650 2910; x_wconf 82' lang='grc' dir='ltr'>γὰρ</span> <span class='ocrx_word' id='word_1_316' title='bbox 696 2838 1014 2903; x_wconf 79' lang='grc' dir='ltr'>ἀνεξικακεῖ</span> <span class='ocrx_word' id='word_1_317' title='bbox 1041 2844 1152 2905; x_wconf 88' lang='grc' dir='ltr'>τοῖς</span> <span class='ocrx_word' id='word_1_318' title='bbox 1190 2841 1404 2895; x_wconf 83' lang='grc' dir='ltr'><strong>εἰωθόσι</strong></span> <span class='ocrx_word' id='word_1_319' title='bbox 1434 2841 1795 2911; x_wconf 79' lang='grc' dir='ltr'>πλημμελεῖν,</span> <span class='ocrx_word' id='word_1_320' title='bbox 1833 2842 1993 2894; x_wconf 90' lang='grc' dir='ltr'>οίονεί</span> 
     </span>
    </p>
   </div>
   <div class='ocr_carea' id='block_1_46' title="bbox 412 2928 1992 3003">
    <p class='ocr_par' dir='ltr' id='par_1_46' title="bbox 412 2928 1992 3003">
     <span class='ocr_line' id='line_1_46' title="bbox 412 2928 1992 3003; baseline 0.004 -24"><span class='ocrx_word' id='word_1_321' title='bbox 412 2945 528 2991; x_wconf 87' lang='grc' dir='ltr'>πως</span> <span class='ocrx_word' id='word_1_322' title='bbox 578 2928 725 2981; x_wconf 87' lang='grc' dir='ltr'>δοκεῖ</span> <span class='ocrx_word' id='word_1_323' title='bbox 761 2930 856 2982; x_wconf 78' lang='grc' dir='ltr'><strong>καὶ</strong></span> <span class='ocrx_word' id='word_1_324' title='bbox 906 2930 980 3001; x_wconf 83' lang='grc' dir='ltr'><strong>μὴ</strong></span> <span class='ocrx_word' id='word_1_325' title='bbox 1026 2930 1252 3002; x_wconf 80' lang='grc' dir='ltr'>ὲφορᾷν,</span> <span class='ocrx_word' id='word_1_326' title='bbox 1296 2930 1604 2985; x_wconf 87' lang='grc' dir='ltr'>κεκλεῖσθαι</span> <span class='ocrx_word' id='word_1_327' title='bbox 1639 2933 1695 2985; x_wconf 86' lang='grc' dir='ltr'>δὲ</span> <span class='ocrx_word' id='word_1_328' title='bbox 1733 2932 1932 3003; x_wconf 80' lang='grc' dir='ltr'>μᾶλλον</span> <span class='ocrx_word' id='word_1_329' title='bbox 1963 2934 1992 2985; x_wconf 86' lang='grc' dir='ltr'>ὁ</span> 
     </span>
    </p>
   </div>
   <div class='ocr_carea' id='block_1_47' title="bbox 411 3019 2061 3121">
    <p class='ocr_par' dir='ltr' id='par_1_47' title="bbox 411 3019 2061 3121">
     <span class='ocr_line' id='line_1_47' title="bbox 411 3019 2061 3121; baseline 0.004 -51"><span class='ocrx_word' id='word_1_330' title='bbox 411 3019 658 3090; x_wconf 80' lang='grc' dir='ltr'>οὐρανός.</span> <span class='ocrx_word' id='word_1_331' title='bbox 686 3020 904 3091; x_wconf 81' lang='grc' dir='ltr'>Ἐπειδὴ</span> <span class='ocrx_word' id='word_1_332' title='bbox 932 3021 988 3073; x_wconf 86' lang='grc' dir='ltr'>δὲ</span> <span class='ocrx_word' id='word_1_333' title='bbox 1018 3021 1455 3075; x_wconf 85' lang='grc' dir='ltr'>κατασκέπτεται</span> <span class='ocrx_word' id='word_1_334' title='bbox 1484 3022 1592 3076; x_wconf 85' lang='grc' dir='ltr'>τῶν</span> <span class='ocrx_word' id='word_1_335' title='bbox 1629 3024 1721 3076; x_wconf 78' lang='grc' dir='ltr'><strong>ἐπὶ</strong></span> <span class='ocrx_word' id='word_1_336' title='bbox 1760 3024 1862 3093; x_wconf 77' lang='grc' dir='ltr'>γῆς</span> <span class='ocrx_word' id='word_1_337' title='bbox 1892 3023 1992 3086; x_wconf 86' lang='grc' dir='ltr'><strong>τὰς</strong></span> <span class='ocrx_word' id='word_1_338' title='bbox 2020 3066 2061 3121; x_wconf 68' lang='lat' dir='ltr'><strong><em>C</em></strong></span> 
     </span>
    </p>
   </div>
   <div class='ocr_carea' id='block_1_48' title="bbox 409 3108 1990 3183">
    <p class='ocr_par' dir='ltr' id='par_1_48' title="bbox 409 3108 1990 3183">
     <span class='ocr_line' id='line_1_48' title="bbox 409 3108 1990 3183; baseline 0.003 -23"><span class='ocrx_word' id='word_1_339' title='bbox 409 3108 584 3170; x_wconf 81' lang='grc' dir='ltr'>ὀδοὺς,</span> <span class='ocrx_word' id='word_1_340' title='bbox 617 3108 737 3161; x_wconf 84' lang='grc' dir='ltr'>τότε</span> <span class='ocrx_word' id='word_1_341' title='bbox 766 3108 830 3179; x_wconf 83' lang='grc' dir='ltr'>δὴ</span> <span class='ocrx_word' id='word_1_342' title='bbox 862 3109 1004 3175; x_wconf 85' lang='grc' dir='ltr'>τότε,</span> <span class='ocrx_word' id='word_1_343' title='bbox 1039 3109 1291 3180; x_wconf 77' lang='grc' dir='ltr'>καθάπερ</span> <span class='ocrx_word' id='word_1_344' title='bbox 1337 3109 1566 3180; x_wconf 82' lang='grc' dir='ltr'>θυρίδων</span> <span class='ocrx_word' id='word_1_345' title='bbox 1607 3112 1990 3183; x_wconf 83' lang='grc' dir='ltr'>ἀνεῳγμένων,</span> 
     </span>
    </p>
   </div>
   <div class='ocr_carea' id='block_1_49' title="bbox 413 3199 1991 3273">
    <p class='ocr_par' dir='ltr' id='par_1_49' title="bbox 413 3199 1991 3273">
     <span class='ocr_line' id='line_1_49' title="bbox 413 3199 1991 3273; baseline 0.004 -23"><span class='ocrx_word' id='word_1_346' title='bbox 413 3200 469 3253; x_wconf 73' lang='grc' dir='ltr'>ὲν</span> <span class='ocrx_word' id='word_1_347' title='bbox 497 3199 797 3269; x_wconf 81' lang='grc' dir='ltr'>ὀφθαλμοῖς</span> <span class='ocrx_word' id='word_1_348' title='bbox 839 3203 1073 3254; x_wconf 87' lang='grc' dir='ltr'>ποιεῖται</span> <span class='ocrx_word' id='word_1_349' title='bbox 1110 3202 1237 3264; x_wconf 78' lang='grc' dir='ltr'>τοὺς</span> <span class='ocrx_word' id='word_1_350' title='bbox 1269 3200 1429 3265; x_wconf 76' lang='grc' dir='ltr'>ὄντας</span> <span class='ocrx_word' id='word_1_351' title='bbox 1452 3204 1544 3256; x_wconf 76' lang='grc' dir='ltr'><strong>ἐπὶ</strong></span> <span class='ocrx_word' id='word_1_352' title='bbox 1578 3203 1677 3272; x_wconf 83' lang='grc' dir='ltr'>τῆς</span> <span class='ocrx_word' id='word_1_353' title='bbox 1707 3206 1839 3273; x_wconf 76' lang='grc' dir='ltr'>γῆς’</span> <span class='ocrx_word' id='word_1_354' title='bbox 1867 3205 1991 3256; x_wconf 79' lang='grc' dir='ltr'><strong>ἐπι·</strong></span> 
     </span>
    </p>
   </div>
   <div class='ocr_carea' id='block_1_50' title="bbox 415 3292 1993 3365">
    <p class='ocr_par' dir='ltr' id='par_1_50' title="bbox 415 3292 1993 3365">
     <span class='ocr_line' id='line_1_50' title="bbox 415 3292 1993 3365; baseline 0.002 -21"><span class='ocrx_word' id='word_1_355' title='bbox 415 3292 595 3361; x_wconf 82' lang='grc' dir='ltr'>φέρων</span> <span class='ocrx_word' id='word_1_356' title='bbox 627 3293 685 3346; x_wconf 86' lang='grc' dir='ltr'>δὲ</span> <span class='ocrx_word' id='word_1_357' title='bbox 732 3292 829 3356; x_wconf 82' lang='grc' dir='ltr'><strong>τὰς</strong></span> <span class='ocrx_word' id='word_1_358' title='bbox 866 3294 1045 3356; x_wconf 75' lang='grc' dir='ltr'>αἰτίας</span> <span class='ocrx_word' id='word_1_359' title='bbox 1095 3296 1207 3356; x_wconf 86' lang='grc' dir='ltr'>τοῖς</span> <span class='ocrx_word' id='word_1_360' title='bbox 1250 3293 1481 3347; x_wconf 80' lang='grc' dir='ltr'><strong>ἑκάστου</strong></span> <span class='ocrx_word' id='word_1_361' title='bbox 1527 3294 1993 3365; x_wconf 87' lang='grc' dir='ltr'>πλημμελήμασιν</span> 
     </span>
    </p>
   </div>
   <div class='ocr_carea' id='block_1_51' title="bbox 412 3382 1989 3457">
    <p class='ocr_par' dir='ltr' id='par_1_51' title="bbox 412 3382 1989 3457">
     <span class='ocr_line' id='line_1_51' title="bbox 412 3382 1989 3457; baseline 0.003 -23"><span class='ocrx_word' id='word_1_362' title='bbox 412 3382 711 3451; x_wconf 77' lang='grc' dir='ltr'><strong>ἀναλόγως,</strong></span> <span class='ocrx_word' id='word_1_363' title='bbox 742 3383 969 3455; x_wconf 77' lang='grc' dir='ltr'>θορύϐου</span> <span class='ocrx_word' id='word_1_364' title='bbox 1011 3384 1078 3437; x_wconf 82' lang='grc' dir='ltr'>τὰ</span> <span class='ocrx_word' id='word_1_365' title='bbox 1110 3386 1308 3439; x_wconf 79' lang='grc' dir='ltr'>πάντα·</span> <span class='ocrx_word' id='word_1_366' title='bbox 1361 3386 1456 3439; x_wconf 67' lang='grc' dir='ltr'><strong>κα)⁵</strong></span> <span class='ocrx_word' id='word_1_367' title='bbox 1487 3385 1639 3449; x_wconf 84' lang='grc' dir='ltr'>δέους</span> <span class='ocrx_word' id='word_1_368' title='bbox 1673 3388 1989 3457; x_wconf 85' lang='grc' dir='ltr'>ἀναμεστοῖ,</span> 
     </span>
    </p>
   </div>
   <div class='ocr_carea' id='block_1_52' title="bbox 414 3468 1993 3549">
    <p class='ocr_par' dir='ltr' id='par_1_52' title="bbox 414 3468 1993 3549">
     <span class='ocr_line' id='line_1_52' title="bbox 414 3468 1993 3549; baseline 0.004 -23"><span class='ocrx_word' id='word_1_369' title='bbox 414 3476 508 3527; x_wconf 80' lang='grc' dir='ltr'><strong>καὶ</strong></span> <span class='ocrx_word' id='word_1_370' title='bbox 538 3468 651 3528; x_wconf 77' lang='grc' dir='ltr'>οἷον</span> <span class='ocrx_word' id='word_1_371' title='bbox 677 3477 740 3527; x_wconf 87' lang='grc' dir='ltr'>ὲκ</span> <span class='ocrx_word' id='word_1_372' title='bbox 773 3474 943 3545; x_wconf 85' lang='grc' dir='ltr'>μέθης</span> <span class='ocrx_word' id='word_1_373' title='bbox 975 3476 1211 3539; x_wconf 74' lang='grc' dir='ltr'>ἅπαντες</span> <span class='ocrx_word' id='word_1_374' title='bbox 1250 3478 1299 3529; x_wconf 85' lang='lat' dir='ltr'><strong>oi</strong></span> <span class='ocrx_word' id='word_1_375' title='bbox 1325 3480 1419 3530; x_wconf 78' lang='grc' dir='ltr'>ἐπὶ</span> <span class='ocrx_word' id='word_1_376' title='bbox 1454 3477 1552 3548; x_wconf 81' lang='grc' dir='ltr'>τῆς</span> <span class='ocrx_word' id='word_1_377' title='bbox 1577 3479 1679 3548; x_wconf 79' lang='grc' dir='ltr'>γῆς</span> <span class='ocrx_word' id='word_1_378' title='bbox 1715 3479 1850 3549; x_wconf 86' lang='grc' dir='ltr'>πρὸς</span> <span class='ocrx_word' id='word_1_379' title='bbox 1884 3481 1993 3534; x_wconf 82' lang='grc' dir='ltr'><strong>πᾶν</strong></span> 
     </span>
    </p>
   </div>
   <div class='ocr_carea' id='block_1_53' title="bbox 413 3561 1993 3641">
    <p class='ocr_par' dir='ltr' id='par_1_53' title="bbox 413 3561 1993 3641">
     <span class='ocr_line' id='line_1_53' title="bbox 413 3561 1993 3641; baseline 0.003 -23"><span class='ocrx_word' id='word_1_380' title='bbox 413 3561 552 3627; x_wconf 83' lang='grc' dir='ltr'>εἶδος</span> <span class='ocrx_word' id='word_1_381' title='bbox 576 3566 1026 3637; x_wconf 80' lang='grc' dir='ltr'>διαρῤιπτοῦνται</span> <span class='ocrx_word' id='word_1_382' title='bbox 1055 3569 1263 3624; x_wconf 83' lang='grc' dir='ltr'>κακῶν.</span> <span class='ocrx_word' id='word_1_383' title='bbox 1300 3570 1684 3639; x_wconf 82' lang='grc' dir='ltr'>Ἐπενήνεκται</span> <span class='ocrx_word' id='word_1_384' title='bbox 1712 3571 1769 3624; x_wconf 84' lang='grc' dir='ltr'>δὲ</span> <span class='ocrx_word' id='word_1_385' title='bbox 1800 3570 1993 3641; x_wconf 85' lang='grc' dir='ltr'>χρησί-</span> 
     </span>
    </p>
   </div>
   <div class='ocr_carea' id='block_1_54' title="bbox 417 3657 1992 3733">
    <p class='ocr_par' dir='ltr' id='par_1_54' title="bbox 417 3657 1992 3733">
     <span class='ocr_line' id='line_1_54' title="bbox 417 3657 1992 3733; baseline 0.003 -24"><span class='ocrx_word' id='word_1_386' title='bbox 417 3674 532 3726; x_wconf 86' lang='grc' dir='ltr'>μως</span> <span class='ocrx_word' id='word_1_387' title='bbox 571 3657 632 3710; x_wconf 83' lang='grc' dir='ltr'><strong>τὸ</strong></span> <span class='ocrx_word' id='word_1_388' title='bbox 668 3658 833 3726; x_wconf 81' lang='grc' dir='ltr'>φάναι</span> <span class='ocrx_word' id='word_1_389' title='bbox 870 3658 1122 3731; x_wconf 84' lang='grc' dir='ltr'>καθάπερ</span> <span class='ocrx_word' id='word_1_390' title='bbox 1146 3676 1197 3712; x_wconf 87' lang='grc' dir='ltr'>τι</span> <span class='ocrx_word' id='word_1_391' title='bbox 1229 3659 1338 3713; x_wconf 84' lang='grc' dir='ltr'>τῶν</span> <span class='ocrx_word' id='word_1_392' title='bbox 1378 3662 1437 3713; x_wconf 85' lang='grc' dir='ltr'><strong>ὲν</strong></span> <span class='ocrx_word' id='word_1_393' title='bbox 1468 3662 1658 3733; x_wconf 85' lang='grc' dir='ltr'>ἀγροῖς</span> <span class='ocrx_word' id='word_1_394' title='bbox 1706 3662 1992 3732; x_wconf 82' lang='grc' dir='ltr'><strong>ὀπωροφυ-</strong></span> 
     </span>
    </p>
   </div>
   <div class='ocr_carea' id='block_1_55' title="bbox 413 3748 1992 3825">
    <p class='ocr_par' dir='ltr' id='par_1_55' title="bbox 413 3748 1992 3825">
     <span class='ocr_line' id='line_1_55' title="bbox 413 3748 1992 3825; baseline 0.003 -22"><span class='ocrx_word' id='word_1_395' title='bbox 413 3748 617 3803; x_wconf 84' lang='grc' dir='ltr'>λακίων</span> <span class='ocrx_word' id='word_1_396' title='bbox 646 3750 999 3804; x_wconf 84' lang='grc' dir='ltr'>σεσαλεῦσθαι</span> <span class='ocrx_word' id='word_1_397' title='bbox 1032 3754 1131 3823; x_wconf 81' lang='grc' dir='ltr'><strong>τὴν</strong></span> <span class='ocrx_word' id='word_1_398' title='bbox 1170 3753 1302 3822; x_wconf 84' lang='grc' dir='ltr'><strong>γῆν·</strong></span> <span class='ocrx_word' id='word_1_399' title='bbox 1327 3753 1388 3806; x_wconf 88' lang='grc' dir='ltr'><strong>τὸ</strong></span> <span class='ocrx_word' id='word_1_400' title='bbox 1422 3754 1503 3807; x_wconf 87' lang='grc' dir='ltr'><strong>ὃτι</strong></span> <span class='ocrx_word' id='word_1_401' title='bbox 1542 3754 1868 3825; x_wconf 86' lang='grc' dir='ltr'>κατίσχυσεν</span> <span class='ocrx_word' id='word_1_402' title='bbox 1904 3754 1992 3807; x_wconf 73' lang='grc' dir='ltr'><strong>ἐπ’</strong></span> 
     </span>
    </p>
   </div>
   <div class='ocr_carea' id='block_1_56' title="bbox 414 3843 1992 3917">
    <p class='ocr_par' dir='ltr' id='par_1_56' title="bbox 414 3843 1992 3917">
     <span class='ocr_line' id='line_1_56' title="bbox 414 3843 1992 3917; baseline 0.003 -22"><span class='ocrx_word' id='word_1_403' title='bbox 414 3843 582 3912; x_wconf 75' lang='grc' dir='ltr'>αὐτῆς</span> <span class='ocrx_word' id='word_1_404' title='bbox 603 3845 636 3913; x_wconf 82' lang='grc' dir='ltr'>ἡ</span> <span class='ocrx_word' id='word_1_405' title='bbox 667 3844 889 3914; x_wconf 84' lang='grc' dir='ltr'>ἀνομία.</span> <span class='ocrx_word' id='word_1_406' title='bbox 911 3844 1055 3909; x_wconf 75' lang='grc' dir='ltr'>Ἕως</span> <span class='ocrx_word' id='word_1_407' title='bbox 1085 3845 1183 3914; x_wconf 83' lang='grc' dir='ltr'><strong>μὲν</strong></span> <span class='ocrx_word' id='word_1_408' title='bbox 1205 3844 1314 3917; x_wconf 88' lang='grc' dir='ltr'><strong>γὰρ</strong></span> <span class='ocrx_word' id='word_1_409' title='bbox 1342 3846 1554 3915; x_wconf 84' lang='grc' dir='ltr'>φορητὰ</span> <span class='ocrx_word' id='word_1_410' title='bbox 1582 3845 1992 3916; x_wconf 82' lang='grc' dir='ltr'>πλημμελοῦσιν</span> 
     </span>
    </p>
   </div>
   <div class='ocr_carea' id='block_1_57' title="bbox 413 3935 1993 4007">
    <p class='ocr_par' dir='ltr' id='par_1_57' title="bbox 413 3935 1993 4007">
     <span class='ocr_line' id='line_1_57' title="bbox 413 3935 1993 4007; baseline 0.002 -19"><span class='ocrx_word' id='word_1_411' title='bbox 413 3937 465 3988; x_wconf 87' lang='grc' dir='ltr'>οἱ</span> <span class='ocrx_word' id='word_1_412' title='bbox 495 3935 581 3988; x_wconf 71' lang='grc' dir='ltr'><strong>ἐπ’</strong></span> <span class='ocrx_word' id='word_1_413' title='bbox 613 3936 780 4005; x_wconf 78' lang='grc' dir='ltr'>αὐτῆς</span> <span class='ocrx_word' id='word_1_414' title='bbox 800 3935 1090 3990; x_wconf 82' lang='grc' dir='ltr'>ἀναδύεται</span> <span class='ocrx_word' id='word_1_415' title='bbox 1112 3936 1210 3999; x_wconf 86' lang='grc' dir='ltr'><strong>τάς</strong></span> <span class='ocrx_word' id='word_1_416' title='bbox 1240 3937 1414 4001; x_wconf 82' lang='grc' dir='ltr'>δίκας,</span> <span class='ocrx_word' id='word_1_417' title='bbox 1438 3937 1530 3991; x_wconf 74' lang='grc' dir='ltr'><strong>καὶ</strong></span> <span class='ocrx_word' id='word_1_418' title='bbox 1552 3938 1759 4007; x_wconf 83' lang='grc' dir='ltr'>χαλινοῖ</span> <span class='ocrx_word' id='word_1_419' title='bbox 1781 3939 1879 4006; x_wconf 81' lang='grc' dir='ltr'>τὴν</span> <span class='ocrx_word' id='word_1_420' title='bbox 1908 3939 1993 3993; x_wconf 75' lang='grc' dir='ltr'>κίο</span> 
     </span>
    </p>
   </div>
   <div class='ocr_carea' id='block_1_58' title="bbox 412 4026 1992 4100">
    <p class='ocr_par' dir='ltr' id='par_1_58' title="bbox 412 4026 1992 4100">
     <span class='ocr_line' id='line_1_58' title="bbox 412 4026 1992 4100; baseline 0.001 -19"><span class='ocrx_word' id='word_1_421' title='bbox 412 4043 567 4098; x_wconf 88' lang='grc' dir='ltr'>νησιν</span> <span class='ocrx_word' id='word_1_422' title='bbox 592 4028 621 4080; x_wconf 86' lang='grc' dir='ltr'><strong>ὁ</strong></span> <span class='ocrx_word' id='word_1_423' title='bbox 648 4026 756 4080; x_wconf 84' lang='grc' dir='ltr'><strong>τῶν</strong></span> <span class='ocrx_word' id='word_1_424' title='bbox 779 4027 913 4081; x_wconf 80' lang='grc' dir='ltr'>ὅλων</span> <span class='ocrx_word' id='word_1_425' title='bbox 934 4027 1084 4091; x_wconf 84' lang='grc' dir='ltr'>Θεός.</span> <span class='ocrx_word' id='word_1_426' title='bbox 1117 4028 1368 4097; x_wconf 82' lang='grc' dir='ltr'><strong>Ἀσχέτου</strong></span> <span class='ocrx_word' id='word_1_427' title='bbox 1394 4045 1457 4096; x_wconf 88' lang='grc' dir='ltr'>γε</span> <span class='ocrx_word' id='word_1_428' title='bbox 1486 4028 1591 4100; x_wconf 84' lang='grc' dir='ltr'><strong>μὴν</strong></span> <span class='ocrx_word' id='word_1_429' title='bbox 1615 4028 1713 4099; x_wconf 82' lang='grc' dir='ltr'>τῆς</span> <span class='ocrx_word' id='word_1_430' title='bbox 1739 4029 1992 4083; x_wconf 83' lang='grc' dir='ltr'>ἁπάντων</span> 
     </span>
    </p>
   </div>
   <div class='ocr_carea' id='block_1_59' title="bbox 410 4118 1993 4191">
    <p class='ocr_par' dir='ltr' id='par_1_59' title="bbox 410 4118 1993 4191">
     <span class='ocr_line' id='line_1_59' title="bbox 410 4118 1993 4191; baseline 0.002 -19"><span class='ocrx_word' id='word_1_431' title='bbox 410 4118 729 4182; x_wconf 77' lang='grc' dir='ltr'>δυσσεϐείας</span> <span class='ocrx_word' id='word_1_432' title='bbox 774 4121 1146 4191; x_wconf 84' lang='grc' dir='ltr'>γεγενημένης</span> <span class='ocrx_word' id='word_1_433' title='bbox 1174 4121 1325 4174; x_wconf 81' lang='grc' dir='ltr'>πᾶσά</span> <span class='ocrx_word' id='word_1_434' title='bbox 1351 4138 1469 4182; x_wconf 87' lang='grc' dir='ltr'>πως</span> <span class='ocrx_word' id='word_1_435' title='bbox 1498 4121 1735 4189; x_wconf 85' lang='grc' dir='ltr'>ἀνάγκη,</span> <span class='ocrx_word' id='word_1_436' title='bbox 1771 4120 1865 4174; x_wconf 66' lang='grc' dir='ltr'><strong>καὶ</strong></span> <span class='ocrx_word' id='word_1_437' title='bbox 1892 4121 1993 4175; x_wconf 83' lang='grc' dir='ltr'><strong>ὲπ-</strong></span> 
     </span>
    </p>
   </div>
   <div class='ocr_carea' id='block_1_60' title="bbox 412 4208 1995 4282">
    <p class='ocr_par' dir='ltr' id='par_1_60' title="bbox 412 4208 1995 4282">
     <span class='ocr_line' id='line_1_60' title="bbox 412 4208 1995 4282; baseline 0 -20"><span class='ocrx_word' id='word_1_438' title='bbox 412 4208 736 4263; x_wconf 84' lang='grc' dir='ltr'>οπτεύεσθαι</span> <span class='ocrx_word' id='word_1_439' title='bbox 770 4210 920 4282; x_wconf 88' lang='grc' dir='ltr'><strong>παρά</strong></span> <span class='ocrx_word' id='word_1_440' title='bbox 952 4210 1087 4264; x_wconf 84' lang='grc' dir='ltr'><strong>Θεοῦ</strong></span> <span class='ocrx_word' id='word_1_441' title='bbox 1137 4211 1235 4281; x_wconf 80' lang='grc' dir='ltr'><strong>τὴν</strong></span> <span class='ocrx_word' id='word_1_442' title='bbox 1275 4210 1412 4280; x_wconf 80' lang='grc' dir='ltr'>γῆν,</span> <span class='ocrx_word' id='word_1_443' title='bbox 1452 4212 1548 4264; x_wconf 72' lang='grc' dir='ltr'><strong>καὶ</strong></span> <span class='ocrx_word' id='word_1_444' title='bbox 1597 4210 1995 4281; x_wconf 83' lang='grc' dir='ltr'>κατισχυούσης</span> 
     </span>
    </p>
   </div>
   <div class='ocr_carea' id='block_1_61' title="bbox 413 4302 1991 4374">
    <p class='ocr_par' dir='ltr' id='par_1_61' title="bbox 413 4302 1991 4374">
     <span class='ocr_line' id='line_1_61' title="bbox 413 4302 1991 4374; baseline -0.001 -20"><span class='ocrx_word' id='word_1_445' title='bbox 413 4303 500 4355; x_wconf 72' lang='grc' dir='ltr'><strong>ἐπ’</strong></span> <span class='ocrx_word' id='word_1_446' title='bbox 525 4302 697 4373; x_wconf 85' lang='grc' dir='ltr'>αὐτῆς</span> <span class='ocrx_word' id='word_1_447' title='bbox 723 4304 970 4373; x_wconf 85' lang='grc' dir='ltr'>ἀνομίας,</span> <span class='ocrx_word' id='word_1_448' title='bbox 996 4302 1213 4373; x_wconf 86' lang='grc' dir='ltr'>μεθύειν</span> <span class='ocrx_word' id='word_1_449' title='bbox 1241 4303 1440 4372; x_wconf 86' lang='grc' dir='ltr'>τρόπον</span> <span class='ocrx_word' id='word_1_450' title='bbox 1472 4302 1593 4356; x_wconf 83' lang='grc' dir='ltr'>τινὰ</span> <span class='ocrx_word' id='word_1_451' title='bbox 1627 4303 1721 4357; x_wconf 75' lang='grc' dir='ltr'>καὶ</span> <span class='ocrx_word' id='word_1_452' title='bbox 1749 4319 1991 4374; x_wconf 87' lang='grc' dir='ltr'>κραιπα-</span> 
     </span>
    </p>
   </div>
   <div class='ocr_carea' id='block_1_62' title="bbox 412 4389 1881 4465">
    <p class='ocr_par' dir='ltr' id='par_1_62' title="bbox 412 4389 1881 4465">
     <span class='ocr_line' id='line_1_62' title="bbox 412 4389 1881 4465; baseline -0.001 -19"><span class='ocrx_word' id='word_1_453' title='bbox 412 4391 531 4464; x_wconf 80' lang='grc' dir='ltr'>λᾷν,</span> <span class='ocrx_word' id='word_1_454' title='bbox 552 4394 803 4463; x_wconf 76' lang='grc' dir='ltr'>καὶπρὸς</span> <span class='ocrx_word' id='word_1_455' title='bbox 836 4395 944 4446; x_wconf 81' lang='grc' dir='ltr'><strong>πᾶν</strong></span> <span class='ocrx_word' id='word_1_456' title='bbox 968 4389 1107 4456; x_wconf 74' lang='grc' dir='ltr'>εἶδος</span> <span class='ocrx_word' id='word_1_457' title='bbox 1136 4392 1553 4447; x_wconf 84' lang='grc' dir='ltr'>καταδονεῖσθαι</span> <span class='ocrx_word' id='word_1_458' title='bbox 1577 4394 1881 4465; x_wconf 81' lang='grc' dir='ltr'>συμφορᾶς.</span> 
     </span>
    </p>
   </div>
   <div class='ocr_carea' id='block_1_63' title="bbox 483 4483 1986 4553">
    <p class='ocr_par' dir='ltr' id='par_1_63' title="bbox 483 4483 1986 4553">
     <span class='ocr_line' id='line_1_63' title="bbox 483 4483 1986 4553; baseline 0 -16"><span class='ocrx_word' id='word_1_459' title='bbox 483 4485 595 4538; x_wconf 74' lang='grc' dir='ltr'><strong>Καὶ</strong></span> <span class='ocrx_word' id='word_1_460' title='bbox 626 4483 835 4548; x_wconf 77' lang='grc' dir='ltr'><strong>ἐπάξει</strong></span> <span class='ocrx_word' id='word_1_461' title='bbox 858 4487 890 4538; x_wconf 84' lang='grc' dir='ltr'><em>ὀ</em></span> <span class='ocrx_word' id='word_1_462' title='bbox 911 4484 1056 4549; x_wconf 86' lang='grc' dir='ltr'><strong>Θεὸς</strong></span> <span class='ocrx_word' id='word_1_463' title='bbox 1082 4484 1181 4537; x_wconf 74' lang='grc' dir='ltr'><strong>ἐπὶ</strong></span> <span class='ocrx_word' id='word_1_464' title='bbox 1210 4483 1317 4537; x_wconf 82' lang='grc' dir='ltr'><strong>τὸν</strong></span> <span class='ocrx_word' id='word_1_465' title='bbox 1343 4484 1575 4553; x_wconf 80' lang='grc' dir='ltr'>κόσμον</span> <span class='ocrx_word' id='word_1_466' title='bbox 1594 4483 1702 4537; x_wconf 84' lang='grc' dir='ltr'>τοῦ</span> <span class='ocrx_word' id='word_1_467' title='bbox 1728 4483 1986 4551; x_wconf 87' lang='grc' dir='ltr'>οὐρανοῦ</span> 
     </span>
    </p>
   </div>
   <div class='ocr_carea' id='block_1_64' title="bbox 412 4573 1985 4644">
    <p class='ocr_par' dir='ltr' id='par_1_64' title="bbox 412 4573 1985 4644">
     <span class='ocr_line' id='line_1_64' title="bbox 412 4573 1985 4644; baseline -0.001 -15"><span class='ocrx_word' id='word_1_468' title='bbox 412 4573 530 4642; x_wconf 75' lang='grc' dir='ltr'><strong>τὴν</strong></span> <span class='ocrx_word' id='word_1_469' title='bbox 574 4573 759 4644; x_wconf 83' lang='grc' dir='ltr'>χεῖρα,</span> <span class='ocrx_word' id='word_1_470' title='bbox 799 4575 899 4629; x_wconf 78' lang='grc' dir='ltr'><strong>καὶ</strong></span> <span class='ocrx_word' id='word_1_471' title='bbox 953 4575 1053 4629; x_wconf 73' lang='grc' dir='ltr'><strong>ἐπὶ</strong></span> <span class='ocrx_word' id='word_1_472' title='bbox 1080 4574 1224 4640; x_wconf 83' lang='grc' dir='ltr'>τοὺς</span> <span class='ocrx_word' id='word_1_473' title='bbox 1247 4574 1529 4641; x_wconf 75' lang='grc' dir='ltr'>βασιλεῖς</span> <span class='ocrx_word' id='word_1_474' title='bbox 1563 4573 1671 4642; x_wconf 83' lang='grc' dir='ltr'>τῆς</span> <span class='ocrx_word' id='word_1_475' title='bbox 1700 4574 1831 4644; x_wconf 79' lang='grc' dir='ltr'>τῆς.</span> <span class='ocrx_word' id='word_1_476' title='bbox 1874 4574 1985 4627; x_wconf 82' lang='lat' dir='ltr'><strong>Kal</strong></span> 
     </span>
    </p>
   </div>
   <div class='ocr_carea' id='block_1_65' title="bbox 412 4664 1985 4735">
    <p class='ocr_par' dir='ltr' id='par_1_65' title="bbox 412 4664 1985 4735">
     <span class='ocr_line' id='line_1_65' title="bbox 412 4664 1985 4735; baseline -0.001 -15"><span class='ocrx_word' id='word_1_477' title='bbox 412 4665 757 4731; x_wconf 74' lang='grc' dir='ltr'>συνάξουσι</span> <span class='ocrx_word' id='word_1_478' title='bbox 788 4668 888 4725; x_wconf 80' lang='grc' dir='ltr'><strong>καί</strong></span> <span class='ocrx_word' id='word_1_479' title='bbox 930 4668 1411 4722; x_wconf 76' lang='grc' dir='ltr'>ἀποκλείσουσιν</span> <span class='ocrx_word' id='word_1_480' title='bbox 1449 4669 1536 4733; x_wconf 81' lang='grc' dir='ltr'>εὶς</span> <span class='ocrx_word' id='word_1_481' title='bbox 1569 4668 1845 4735; x_wconf 84' lang='grc' dir='ltr'>ὀχύρωμα</span> <span class='ocrx_word' id='word_1_482' title='bbox 1888 4664 1985 4718; x_wconf 79' lang='grc' dir='ltr'><strong>καί</strong></span> 
     </span>
    </p>
   </div>
   <div class='ocr_carea' id='block_1_66' title="bbox 413 4757 1984 4828">
    <p class='ocr_par' dir='ltr' id='par_1_66' title="bbox 413 4757 1984 4828">
     <span class='ocr_line' id='line_1_66' title="bbox 413 4757 1984 4828; baseline -0.001 -16"><span class='ocrx_word' id='word_1_483' title='bbox 413 4760 500 4824; x_wconf 76' lang='grc' dir='ltr'>εις</span> <span class='ocrx_word' id='word_1_484' title='bbox 526 4758 951 4828; x_wconf 78' lang='grc' dir='ltr'>δεσμωτήριον,</span> <span class='ocrx_word' id='word_1_485' title='bbox 999 4758 1097 4812; x_wconf 83' lang='grc' dir='ltr'>διὰ</span> <span class='ocrx_word' id='word_1_486' title='bbox 1139 4759 1384 4813; x_wconf 76' lang='grc' dir='ltr'><strong>πολλῶν</strong></span> <span class='ocrx_word' id='word_1_487' title='bbox 1422 4758 1644 4828; x_wconf 73' lang='grc' dir='ltr'>γενεῶν</span> <span class='ocrx_word' id='word_1_488' title='bbox 1682 4757 1984 4826; x_wconf 80' lang='grc' dir='ltr'><strong>ἐπισκοπὴ</strong></span> 
     </span>
    </p>
   </div>
   <div class='ocr_carea' id='block_1_67' title="bbox 413 4848 1985 4918">
    <p class='ocr_par' dir='ltr' id='par_1_67' title="bbox 413 4848 1985 4918">
     <span class='ocr_line' id='line_1_67' title="bbox 413 4848 1985 4918; baseline -0.001 -16"><span class='ocrx_word' id='word_1_489' title='bbox 413 4848 582 4902; x_wconf 72' lang='grc' dir='ltr'>ἔσται</span> <span class='ocrx_word' id='word_1_490' title='bbox 608 4848 827 4912; x_wconf 84' lang='grc' dir='ltr'><strong>αὐτῶν,</strong></span> <span class='ocrx_word' id='word_1_491' title='bbox 845 4849 944 4903; x_wconf 80' lang='grc' dir='ltr'>καὶ</span> <span class='ocrx_word' id='word_1_492' title='bbox 969 4849 1295 4918; x_wconf 80' lang='grc' dir='ltr'>τακήσεται</span> <span class='ocrx_word' id='word_1_493' title='bbox 1315 4850 1354 4918; x_wconf 80' lang='grc' dir='ltr'><strong><em>ἡ</em></strong></span> <span class='ocrx_word' id='word_1_494' title='bbox 1371 4850 1643 4917; x_wconf 76' lang='grc' dir='ltr'>πλίνθος,</span> <span class='ocrx_word' id='word_1_495' title='bbox 1671 4848 1768 4903; x_wconf 73' lang='grc' dir='ltr'><strong>καί</strong></span> <span class='ocrx_word' id='word_1_496' title='bbox 1786 4848 1985 4902; x_wconf 83' lang='grc' dir='ltr'>πεσεῖ-</span> 
     </span>
    </p>
   </div>
   <div class='ocr_carea' id='block_1_68' title="bbox 415 4940 842 5009">
    <p class='ocr_par' dir='ltr' id='par_1_68' title="bbox 415 4940 842 5009">
     <span class='ocr_line' id='line_1_68' title="bbox 415 4940 842 5009; baseline 0.002 -16"><span class='ocrx_word' id='word_1_497' title='bbox 415 4956 509 4993; x_wconf 77' lang='grc' dir='ltr'><strong>ται</strong></span> <span class='ocrx_word' id='word_1_498' title='bbox 535 4940 600 4994; x_wconf 78' lang='grc' dir='ltr'><strong>τὸ</strong></span> <span class='ocrx_word' id='word_1_499' title='bbox 622 4940 842 5009; x_wconf 83' lang='grc' dir='ltr'>τεῖχος.</span> 
     </span>
    </p>
   </div>
   <div class='ocr_carea' id='block_1_69' title="bbox 482 5031 1986 5104">
    <p class='ocr_par' dir='ltr' id='par_1_69' title="bbox 482 5031 1986 5104">
     <span class='ocr_line' id='line_1_69' title="bbox 482 5031 1986 5104; baseline -0.003 -17"><span class='ocrx_word' id='word_1_500' title='bbox 482 5033 747 5103; x_wconf 74' lang='grc' dir='ltr'>Δαμπρδν</span> <span class='ocrx_word' id='word_1_501' title='bbox 767 5032 1034 5087; x_wconf 78' lang='grc' dir='ltr'>καὶτοῦτο</span> <span class='ocrx_word' id='word_1_502' title='bbox 1053 5032 1385 5104; x_wconf 86' lang='grc' dir='ltr'>κατόρθωμα</span> <span class='ocrx_word' id='word_1_503' title='bbox 1407 5033 1508 5104; x_wconf 84' lang='grc' dir='ltr'><strong>τῆς</strong></span> <span class='ocrx_word' id='word_1_504' title='bbox 1525 5031 1681 5086; x_wconf 83' lang='grc' dir='ltr'>ὲνανθ</span> <span class='ocrx_word' id='word_1_505' title='bbox 1690 5032 1986 5102; x_wconf 85' lang='grc' dir='ltr'>ρωπήσεως</span> 
     </span>
    </p>
   </div>
   <div class='ocr_carea' id='block_1_70' title="bbox 410 5122 1985 5197">
    <p class='ocr_par' dir='ltr' id='par_1_70' title="bbox 410 5122 1985 5197">
     <span class='ocr_line' id='line_1_70' title="bbox 410 5122 1985 5197; baseline -0.003 -19"><span class='ocrx_word' id='word_1_506' title='bbox 410 5124 505 5179; x_wconf 86' lang='grc' dir='ltr'>τοῦ</span> <span class='ocrx_word' id='word_1_507' title='bbox 538 5125 897 5193; x_wconf 80' lang='grc' dir='ltr'>Μονογενοῦς.</span> <span class='ocrx_word' id='word_1_508' title='bbox 918 5126 1065 5180; x_wconf 88' lang='grc' dir='ltr'>Ἔδει</span> <span class='ocrx_word' id='word_1_509' title='bbox 1088 5125 1219 5197; x_wconf 83' lang='grc' dir='ltr'>γὰρ,</span> <span class='ocrx_word' id='word_1_510' title='bbox 1242 5125 1348 5178; x_wconf 76' lang='grc' dir='ltr'>ἔδει</span> <span class='ocrx_word' id='word_1_511' title='bbox 1372 5122 1554 5177; x_wconf 80' lang='grc' dir='ltr'>λοιπὸν</span> <span class='ocrx_word' id='word_1_512' title='bbox 1583 5122 1985 5192; x_wconf 69' lang='grc' dir='ltr'>ἐπιλάμψαντος</span> 
     </span>
    </p>
   </div>
   <div class='ocr_carea' id='block_1_71' title="bbox 411 5215 1985 5288">
    <p class='ocr_par' dir='ltr' id='par_1_71' title="bbox 411 5215 1985 5288">
     <span class='ocr_line' id='line_1_71' title="bbox 411 5215 1985 5288; baseline -0.003 -17"><span class='ocrx_word' id='word_1_513' title='bbox 411 5217 505 5271; x_wconf 85' lang='grc' dir='ltr'><strong>τοῦ</strong></span> <span class='ocrx_word' id='word_1_514' title='bbox 533 5218 633 5287; x_wconf 79' lang='grc' dir='ltr'>τῆς</span> <span class='ocrx_word' id='word_1_515' title='bbox 673 5217 1017 5288; x_wconf 87' lang='grc' dir='ltr'>δικαιοσύνης</span> <span class='ocrx_word' id='word_1_516' title='bbox 1044 5218 1217 5288; x_wconf 79' lang='grc' dir='ltr'>ἡλίου,</span> <span class='ocrx_word' id='word_1_517' title='bbox 1261 5218 1353 5271; x_wconf 84' lang='grc' dir='ltr'><strong>τὸν</strong></span> <span class='ocrx_word' id='word_1_518' title='bbox 1398 5215 1585 5286; x_wconf 85' lang='grc' dir='ltr'>νοητὸν</span> <span class='ocrx_word' id='word_1_519' title='bbox 1624 5216 1831 5268; x_wconf 76' lang='grc' dir='ltr'>ἐκεῖνον</span> <span class='ocrx_word' id='word_1_520' title='bbox 1869 5215 1985 5268; x_wconf 86' lang='grc' dir='ltr'><strong>δια⁹</strong></span> 
     </span>
    </p>
   </div>
   <div class='ocr_carea' id='block_1_72' title="bbox 415 5303 1985 5377">
    <p class='ocr_par' dir='ltr' id='par_1_72' title="bbox 415 5303 1985 5377">
     <span class='ocr_line' id='line_1_72' title="bbox 415 5303 1985 5377; baseline -0.003 -19"><span class='ocrx_word' id='word_1_521' title='bbox 415 5305 737 5360; x_wconf 83' lang='grc' dir='ltr'>σκίδνασθαι</span> <span class='ocrx_word' id='word_1_522' title='bbox 764 5306 977 5369; x_wconf 88' lang='grc' dir='ltr'>σκότον,</span> <span class='ocrx_word' id='word_1_523' title='bbox 996 5307 1054 5359; x_wconf 87' lang='grc' dir='ltr'>ὃν</span> <span class='ocrx_word' id='word_1_524' title='bbox 1071 5309 1188 5369; x_wconf 87' lang='grc' dir='ltr'>ταῖς</span> <span class='ocrx_word' id='word_1_525' title='bbox 1216 5306 1466 5361; x_wconf 81' lang='grc' dir='ltr'>ἁπάντων</span> <span class='ocrx_word' id='word_1_526' title='bbox 1493 5304 1741 5377; x_wconf 89' lang='grc' dir='ltr'>καρδίαις</span> <span class='ocrx_word' id='word_1_527' title='bbox 1772 5303 1985 5374; x_wconf 76' lang='grc' dir='ltr'>ἐνέχεεν</span> 
     </span>
    </p>
   </div>
   <div class='ocr_carea' id='block_1_73' title="bbox 410 5396 1981 5470">
    <p class='ocr_par' dir='ltr' id='par_1_73' title="bbox 410 5396 1981 5470">
     <span class='ocr_line' id='line_1_73' title="bbox 410 5396 1981 5470; baseline -0.002 -19"><span class='ocrx_word' id='word_1_528' title='bbox 410 5398 440 5451; x_wconf 86' lang='grc' dir='ltr'>ὁ</span> <span class='ocrx_word' id='word_1_529' title='bbox 464 5397 727 5461; x_wconf 81' lang='grc' dir='ltr'>Σατανᾶς.</span> <span class='ocrx_word' id='word_1_530' title='bbox 766 5398 1040 5451; x_wconf 85' lang='grc' dir='ltr'>Ἐσκότισε</span> <span class='ocrx_word' id='word_1_531' title='bbox 1069 5398 1178 5467; x_wconf 85' lang='grc' dir='ltr'>γὰρ</span> <span class='ocrx_word' id='word_1_532' title='bbox 1206 5399 1275 5450; x_wconf 86' lang='grc' dir='ltr'><strong>τὰ</strong></span> <span class='ocrx_word' id='word_1_533' title='bbox 1303 5403 1545 5470; x_wconf 86' lang='grc' dir='ltr'>νοήματα</span> <span class='ocrx_word' id='word_1_534' title='bbox 1576 5396 1683 5450; x_wconf 82' lang='grc' dir='ltr'><strong>τῶν</strong></span> <span class='ocrx_word' id='word_1_535' title='bbox 1717 5397 1981 5460; x_wconf 85' lang='grc' dir='ltr'>ἀπίστων,</span> 
     </span>
    </p>
   </div>
   <div class='ocr_carea' id='block_1_74' title="bbox 410 5488 1981 5560">
    <p class='ocr_par' dir='ltr' id='par_1_74' title="bbox 410 5488 1981 5560">
     <span class='ocr_line' id='line_1_74' title="bbox 410 5488 1981 5560; baseline -0.002 -18"><span class='ocrx_word' id='word_1_536' title='bbox 410 5488 554 5542; x_wconf 84' lang='grc' dir='ltr'>κατὰ</span> <span class='ocrx_word' id='word_1_537' title='bbox 583 5489 645 5541; x_wconf 83' lang='grc' dir='ltr'>τὸ</span> <span class='ocrx_word' id='word_1_538' title='bbox 684 5490 1101 5559; x_wconf 82' lang='grc' dir='ltr'>γεγραμμένον,</span> <span class='ocrx_word' id='word_1_539' title='bbox 1133 5490 1228 5543; x_wconf 76' lang='grc' dir='ltr'><strong>καὶ</strong></span> <span class='ocrx_word' id='word_1_540' title='bbox 1256 5490 1508 5543; x_wconf 87' lang='grc' dir='ltr'>ἀνέπεισε</span> <span class='ocrx_word' id='word_1_541' title='bbox 1558 5491 1882 5560; x_wconf 83' lang='grc' dir='ltr'>προσκυνεῖν</span> <span class='ocrx_word' id='word_1_542' title='bbox 1916 5490 1981 5558; x_wconf 81' lang='grc' dir='ltr'>τῇ</span> 
     </span>
    </p>
   </div>
   <div class='ocr_carea' id='block_1_75' title="bbox 411 5579 1983 5652">
    <p class='ocr_par' dir='ltr' id='par_1_75' title="bbox 411 5579 1983 5652">
     <span class='ocr_line' id='line_1_75' title="bbox 411 5579 1983 5652; baseline -0.002 -17"><span class='ocrx_word' id='word_1_543' title='bbox 411 5581 587 5635; x_wconf 88' lang='grc' dir='ltr'>κτίσει</span> <span class='ocrx_word' id='word_1_544' title='bbox 616 5580 768 5650; x_wconf 88' lang='grc' dir='ltr'><strong>παρά</strong></span> <span class='ocrx_word' id='word_1_545' title='bbox 802 5580 893 5632; x_wconf 87' lang='grc' dir='ltr'><strong>τὸν</strong></span> <span class='ocrx_word' id='word_1_546' title='bbox 932 5581 1212 5634; x_wconf 89' lang='grc' dir='ltr'>κτίσαντα.</span> <span class='ocrx_word' id='word_1_547' title='bbox 1245 5581 1587 5651; x_wconf 78' lang='grc' dir='ltr'>Ἐμερίζοντο</span> <span class='ocrx_word' id='word_1_548' title='bbox 1612 5580 1720 5652; x_wconf 83' lang='grc' dir='ltr'>γὰρ</span> <span class='ocrx_word' id='word_1_549' title='bbox 1752 5581 1804 5633; x_wconf 81' lang='lat' dir='ltr'><strong>oi</strong></span> <span class='ocrx_word' id='word_1_550' title='bbox 1847 5579 1983 5633; x_wconf 86' lang='grc' dir='ltr'>πλα-</span> 
     </span>
    </p>
   </div>
   <div class='ocr_carea' id='block_1_76' title="bbox 411 5671 1983 5746">
    <p class='ocr_par' dir='ltr' id='par_1_76' title="bbox 411 5671 1983 5746">
     <span class='ocr_line' id='line_1_76' title="bbox 411 5671 1983 5746; baseline 0.003 -20"><span class='ocrx_word' id='word_1_551' title='bbox 411 5672 643 5743; x_wconf 84' lang='grc' dir='ltr'>νώμενοι</span> <span class='ocrx_word' id='word_1_552' title='bbox 667 5671 737 5725; x_wconf 76' lang='grc' dir='ltr'><strong>τὰ</strong></span> <span class='ocrx_word' id='word_1_553' title='bbox 755 5671 849 5724; x_wconf 85' lang='grc' dir='ltr'>τοῦ</span> <span class='ocrx_word' id='word_1_554' title='bbox 882 5672 1087 5742; x_wconf 88' lang='grc' dir='ltr'>κόσμου</span> <span class='ocrx_word' id='word_1_555' title='bbox 1117 5676 1369 5728; x_wconf 66' lang='lat' dir='ltr'><strong>cson/sia.</strong></span> <span class='ocrx_word' id='word_1_556' title='bbox 1389 5675 1483 5728; x_wconf 71' lang='grc' dir='ltr'><strong>καὶ</strong></span> <span class='ocrx_word' id='word_1_557' title='bbox 1508 5674 1558 5727; x_wconf 81' lang='lat' dir='ltr'><strong>oi</strong></span> <span class='ocrx_word' id='word_1_558' title='bbox 1585 5672 1685 5745; x_wconf 85' lang='grc' dir='ltr'><strong>μὲν</strong></span> <span class='ocrx_word' id='word_1_559' title='bbox 1715 5672 1807 5728; x_wconf 83' lang='grc' dir='ltr'><strong>τὸν</strong></span> <span class='ocrx_word' id='word_1_560' title='bbox 1833 5673 1983 5746; x_wconf 69' lang='grc' dir='ltr'>ἥλιον</span> 
     </span>
    </p>
   </div>
   <div class='ocr_carea' id='block_1_77' title="bbox 483 5804 1062 5878">
    <p class='ocr_par' dir='ltr' id='par_1_77' title="bbox 483 5804 1062 5878">
     <span class='ocr_line' id='line_1_77' title="bbox 483 5804 1062 5878; baseline 0.002 -17"><span class='ocrx_word' id='word_1_561' title='bbox 483 5808 547 5841; x_wconf 75' lang='grc'><strong>³⁸⁸</strong></span> <span class='ocrx_word' id='word_1_562' title='bbox 582 5806 736 5862; x_wconf 79' lang='lat' dir='ltr'><strong>Rom.</strong></span> <span class='ocrx_word' id='word_1_563' title='bbox 774 5821 816 5873; x_wconf 83' lang='grc' dir='ltr'>ι,</span> <span class='ocrx_word' id='word_1_564' title='bbox 846 5804 908 5860; x_wconf 74' lang='grc'><strong>21</strong></span> <span class='ocrx_word' id='word_1_565' title='bbox 945 5821 1062 5878; x_wconf 90' lang='lat' dir='ltr'><strong>sqq.</strong></span> 
     </span>
    </p>
   </div>
   <div class='ocr_carea' id='block_1_78' title="bbox 2095 1840 3670 1909">
    <p class='ocr_par' dir='ltr' id='par_1_78' title="bbox 2095 1840 3670 1909">
     <span class='ocr_line' id='line_1_78' title="bbox 2095 1840 3670 1909; baseline -0.002 -14"><span class='ocrx_word' id='word_1_566' title='bbox 2095 1840 2426 1900; x_wconf 82' lang='lat' dir='ltr'><strong>Declinavit.</strong></span> <span class='ocrx_word' id='word_1_567' title='bbox 2465 1852 2512 1894; x_wconf 91' lang='lat' dir='ltr'><strong>et</strong></span> <span class='ocrx_word' id='word_1_568' title='bbox 2548 1840 2956 1893; x_wconf 77' lang='lat' dir='ltr'><strong>commovebitur</strong></span> <span class='ocrx_word' id='word_1_569' title='bbox 2992 1842 3124 1892; x_wconf 82' lang='lat' dir='ltr'><strong>sicut</strong></span> <span class='ocrx_word' id='word_1_570' title='bbox 3171 1842 3463 1909; x_wconf 82' lang='lat' dir='ltr'><strong>tugurium,</strong></span> <span class='ocrx_word' id='word_1_571' title='bbox 3502 1842 3670 1894; x_wconf 86' lang='lat' dir='ltr'><strong>omnis</strong></span> 
     </span>
    </p>
   </div>
   <div class='ocr_carea' id='block_1_79' title="bbox 2094 1929 3669 2001">
    <p class='ocr_par' dir='ltr' id='par_1_79' title="bbox 2094 1929 3669 2001">
     <span class='ocr_line' id='line_1_79' title="bbox 2094 1929 3669 2001; baseline 0.001 -18"><span class='ocrx_word' id='word_1_572' title='bbox 2094 1940 2237 1985; x_wconf 86' lang='lat' dir='ltr'><strong>terra</strong></span> <span class='ocrx_word' id='word_1_573' title='bbox 2267 1939 2323 1983; x_wconf 88' lang='lat' dir='ltr'><strong>ut</strong></span> <span class='ocrx_word' id='word_1_574' title='bbox 2354 1930 2526 1982; x_wconf 82' lang='lat' dir='ltr'><strong>ebrius</strong></span> <span class='ocrx_word' id='word_1_575' title='bbox 2553 1938 2601 1982; x_wconf 89' lang='lat' dir='ltr'><strong>et</strong></span> <span class='ocrx_word' id='word_1_576' title='bbox 2622 1930 2803 1996; x_wconf 85' lang='lat' dir='ltr'><strong>plenus</strong></span> <span class='ocrx_word' id='word_1_577' title='bbox 2834 1929 3086 1997; x_wconf 65' lang='lat' dir='ltr'><strong>crapulm,</strong></span> <span class='ocrx_word' id='word_1_578' title='bbox 3111 1940 3155 1983; x_wconf 90' lang='lat' dir='ltr'><strong>et</strong></span> <span class='ocrx_word' id='word_1_579' title='bbox 3182 1932 3352 1994; x_wconf 87' lang='lat' dir='ltr'><strong>cadet,</strong></span> <span class='ocrx_word' id='word_1_580' title='bbox 3378 1929 3539 2001; x_wconf 66' lang='grc'><strong>345</strong></span> <span class='ocrx_word' id='word_1_581' title='bbox 3574 1948 3669 1985; x_wconf 85' lang='lat' dir='ltr'><strong>nec</strong></span> 
     </span>
    </p>
   </div>
   <div class='ocr_carea' id='block_1_80' title="bbox 2091 2020 3666 2092">
    <p class='ocr_par' dir='ltr' id='par_1_80' title="bbox 2091 2020 3666 2092">
     <span class='ocr_line' id='line_1_80' title="bbox 2091 2020 3666 2092; baseline -0.001 -15"><span class='ocrx_word' id='word_1_582' title='bbox 2091 2034 2260 2092; x_wconf 82' lang='lat' dir='ltr'><strong>potest</strong></span> <span class='ocrx_word' id='word_1_583' title='bbox 2304 2038 2593 2091; x_wconf 76' lang='lat' dir='ltr'><strong>resurgere,</strong></span> <span class='ocrx_word' id='word_1_584' title='bbox 2624 2020 2845 2075; x_wconf 79' lang='lat' dir='ltr'><strong>inualuit</strong></span> <span class='ocrx_word' id='word_1_585' title='bbox 2873 2022 3008 2074; x_wconf 88' lang='lat' dir='ltr'><strong>enim</strong></span> <span class='ocrx_word' id='word_1_586' title='bbox 3042 2035 3225 2075; x_wconf 86' lang='lat' dir='ltr'><strong>contra</strong></span> <span class='ocrx_word' id='word_1_587' title='bbox 3254 2038 3368 2076; x_wconf 89' lang='lat' dir='ltr'><strong>eam</strong></span> <span class='ocrx_word' id='word_1_588' title='bbox 3394 2025 3666 2092; x_wconf 72' lang='lat' dir='ltr'><strong>iniquitas.</strong></span> 
     </span>
    </p>
   </div>
   <div class='ocr_carea' id='block_1_81' title="bbox 2164 2200 3669 2270">
    <p class='ocr_par' dir='ltr' id='par_1_81' title="bbox 2164 2200 3669 2270">
     <span class='ocr_line' id='line_1_81' title="bbox 2164 2200 3669 2270; baseline 0.003 -15"><span class='ocrx_word' id='word_1_589' title='bbox 2164 2201 2394 2255; x_wconf 78' lang='lat' dir='ltr'><strong>Causam</strong></span> <span class='ocrx_word' id='word_1_590' title='bbox 2433 2200 2609 2255; x_wconf 82' lang='lat' dir='ltr'><strong>reddit</strong></span> <span class='ocrx_word' id='word_1_591' title='bbox 2651 2215 2837 2253; x_wconf 87' lang='lat' dir='ltr'><strong>eorum</strong></span> <span class='ocrx_word' id='word_1_592' title='bbox 2874 2215 2997 2269; x_wconf 63' lang='lat' dir='ltr'><strong>quae</strong></span> <span class='ocrx_word' id='word_1_593' title='bbox 3030 2203 3385 2269; x_wconf 50' lang='lat' dir='ltr'><strong>praenuntiata</strong></span> <span class='ocrx_word' id='word_1_594' title='bbox 3433 2212 3580 2270; x_wconf 87' lang='lat' dir='ltr'><strong>sunt,</strong></span> <span class='ocrx_word' id='word_1_595' title='bbox 3614 2212 3669 2259; x_wconf 88' lang='lat' dir='ltr'><strong>et</strong></span> 
     </span>
    </p>
   </div>
   <div class='ocr_carea' id='block_1_82' title="bbox 2094 2292 3666 2361">
    <p class='ocr_par' dir='ltr' id='par_1_82' title="bbox 2094 2292 3666 2361">
     <span class='ocr_line' id='line_1_82' title="bbox 2094 2292 3666 2361; baseline 0.003 -18"><span class='ocrx_word' id='word_1_596' title='bbox 2094 2294 2235 2361; x_wconf 92' lang='lat' dir='ltr'><strong>quod</strong></span> <span class='ocrx_word' id='word_1_597' title='bbox 2277 2294 2327 2345; x_wconf 95' lang='lat' dir='ltr'><strong>in</strong></span> <span class='ocrx_word' id='word_1_598' title='bbox 2362 2292 2585 2346; x_wconf 87' lang='lat' dir='ltr'><strong>acerbas</strong></span> <span class='ocrx_word' id='word_1_599' title='bbox 2616 2302 2670 2345; x_wconf 90' lang='lat' dir='ltr'><strong>et</strong></span> <span class='ocrx_word' id='word_1_600' title='bbox 2696 2292 3093 2346; x_wconf 81' lang='lat' dir='ltr'><strong>inextricabiles</strong></span> <span class='ocrx_word' id='word_1_601' title='bbox 3124 2294 3372 2347; x_wconf 82' lang='lat' dir='ltr'><strong>miserias</strong></span> <span class='ocrx_word' id='word_1_602' title='bbox 3403 2295 3666 2349; x_wconf 86' lang='lat' dir='ltr'><strong>incident.</strong></span> 
     </span>
    </p>
   </div>
   <div class='ocr_carea' id='block_1_83' title="bbox 2097 2382 3668 2453">
    <p class='ocr_par' dir='ltr' id='par_1_83' title="bbox 2097 2382 3668 2453">
     <span class='ocr_line' id='line_1_83' title="bbox 2097 2382 3668 2453; baseline 0.003 -18"><span class='ocrx_word' id='word_1_603' title='bbox 2097 2383 2239 2435; x_wconf 72' lang='lat' dir='ltr'><strong>Dixit</strong></span> <span class='ocrx_word' id='word_1_604' title='bbox 2286 2384 2453 2444; x_wconf 90' lang='lat' dir='ltr'><strong>enim,</strong></span> <span class='ocrx_word' id='word_1_605' title='bbox 2485 2382 2666 2446; x_wconf 88' lang='lat' dir='ltr'><strong>timor,</strong></span> <span class='ocrx_word' id='word_1_606' title='bbox 2697 2393 2751 2436; x_wconf 92' lang='lat' dir='ltr'><strong>et</strong></span> <span class='ocrx_word' id='word_1_607' title='bbox 2792 2382 2971 2444; x_wconf 80' lang='lat' dir='ltr'><strong>fovea,</strong></span> <span class='ocrx_word' id='word_1_608' title='bbox 3000 2393 3054 2436; x_wconf 92' lang='lat' dir='ltr'><strong>et</strong></span> <span class='ocrx_word' id='word_1_609' title='bbox 3101 2383 3325 2452; x_wconf 88' lang='lat' dir='ltr'><strong>laqueus</strong></span> <span class='ocrx_word' id='word_1_610' title='bbox 3352 2399 3513 2453; x_wconf 88' lang='lat' dir='ltr'><strong>super</strong></span> <span class='ocrx_word' id='word_1_611' title='bbox 3552 2401 3668 2453; x_wconf 81' lang='lat' dir='ltr'><strong>vos,</strong></span> 
     </span>
    </p>
   </div>
   <div class='ocr_carea' id='block_1_84' title="bbox 2092 2470 3666 2541">
    <p class='ocr_par' dir='ltr' id='par_1_84' title="bbox 2092 2470 3666 2541">
     <span class='ocr_line' id='line_1_84' title="bbox 2092 2470 3666 2541; baseline 0.001 -16"><span class='ocrx_word' id='word_1_612' title='bbox 2092 2486 2146 2525; x_wconf 88' lang='lat' dir='ltr'><strong>et</strong></span> <span class='ocrx_word' id='word_1_613' title='bbox 2179 2474 2385 2526; x_wconf 77' lang='lat' dir='ltr'><strong>foveam</strong></span> <span class='ocrx_word' id='word_1_614' title='bbox 2429 2472 2472 2526; x_wconf 80' lang='lat' dir='ltr'><strong>si</strong></span> <span class='ocrx_word' id='word_1_615' title='bbox 2526 2474 2649 2541; x_wconf 84' lang='lat' dir='ltr'><strong>quis</strong></span> <span class='ocrx_word' id='word_1_616' title='bbox 2696 2470 2965 2540; x_wconf 73' lang='lat' dir='ltr'><strong>eﬂugerit,</strong></span> <span class='ocrx_word' id='word_1_617' title='bbox 2995 2472 3239 2540; x_wconf 86' lang='lat' dir='ltr'><strong>capietur</strong></span> <span class='ocrx_word' id='word_1_618' title='bbox 3271 2472 3484 2539; x_wconf 84' lang='lat' dir='ltr'><strong>laqueo.</strong></span> <span class='ocrx_word' id='word_1_619' title='bbox 3535 2472 3666 2539; x_wconf 61' lang='lat' dir='ltr'><strong>Quae</strong></span> 
     </span>
    </p>
   </div>
   <div class='ocr_carea' id='block_1_85' title="bbox 2095 2562 3667 2634">
    <p class='ocr_par' dir='ltr' id='par_1_85' title="bbox 2095 2562 3667 2634">
     <span class='ocr_line' id='line_1_85' title="bbox 2095 2562 3667 2634; baseline 0.001 -17"><span class='ocrx_word' id='word_1_620' title='bbox 2095 2566 2259 2634; x_wconf 76' lang='lat' dir='ltr'><strong>igitur</strong></span> <span class='ocrx_word' id='word_1_621' title='bbox 2290 2572 2374 2618; x_wconf 87' lang='lat' dir='ltr'><strong>est</strong></span> <span class='ocrx_word' id='word_1_622' title='bbox 2416 2564 2492 2617; x_wconf 90' lang='lat' dir='ltr'><strong>rei</strong></span> <span class='ocrx_word' id='word_1_623' title='bbox 2533 2562 2754 2632; x_wconf 83' lang='lat' dir='ltr'><strong>hujusce</strong></span> <span class='ocrx_word' id='word_1_624' title='bbox 2809 2563 3019 2618; x_wconf 81' lang='lat' dir='ltr'><strong>causa?</strong></span> <span class='ocrx_word' id='word_1_625' title='bbox 3049 2562 3233 2618; x_wconf 77' lang='lat' dir='ltr'><strong>Jauuze</strong></span> <span class='ocrx_word' id='word_1_626' title='bbox 3283 2563 3406 2617; x_wconf 72' lang='lat' dir='ltr'><strong>cwli</strong></span> <span class='ocrx_word' id='word_1_627' title='bbox 3467 2575 3667 2634; x_wconf 73' lang='lat' dir='ltr'><strong>aperta:</strong></span> 
     </span>
    </p>
   </div>
   <div class='ocr_carea' id='block_1_86' title="bbox 2094 2654 3665 2722">
    <p class='ocr_par' dir='ltr' id='par_1_86' title="bbox 2094 2654 3665 2722">
     <span class='ocr_line' id='line_1_86' title="bbox 2094 2654 3665 2722; baseline 0.001 -12"><span class='ocrx_word' id='word_1_628' title='bbox 2094 2668 2245 2721; x_wconf 90' lang='lat' dir='ltr'><strong>sunt,</strong></span> <span class='ocrx_word' id='word_1_629' title='bbox 2290 2656 2341 2709; x_wconf 92' lang='lat' dir='ltr'><strong>id</strong></span> <span class='ocrx_word' id='word_1_630' title='bbox 2392 2665 2496 2719; x_wconf 84' lang='lat' dir='ltr'><strong>cst,</strong></span> <span class='ocrx_word' id='word_1_631' title='bbox 2527 2656 2711 2709; x_wconf 83' lang='lat' dir='ltr'><strong>invisit</strong></span> <span class='ocrx_word' id='word_1_632' title='bbox 2760 2654 2901 2709; x_wconf 79' lang='lat' dir='ltr'><strong>Deus</strong></span> <span class='ocrx_word' id='word_1_633' title='bbox 2951 2670 3045 2709; x_wconf 90' lang='lat' dir='ltr'><strong>eos</strong></span> <span class='ocrx_word' id='word_1_634' title='bbox 3087 2656 3175 2722; x_wconf 89' lang='lat' dir='ltr'><strong>qui</strong></span> <span class='ocrx_word' id='word_1_635' title='bbox 3213 2666 3337 2709; x_wconf 85' lang='lat' dir='ltr'><strong>sunt</strong></span> <span class='ocrx_word' id='word_1_636' title='bbox 3391 2658 3443 2709; x_wconf 90' lang='lat' dir='ltr'><strong>in</strong></span> <span class='ocrx_word' id='word_1_637' title='bbox 3504 2666 3665 2712; x_wconf 78' lang='lat' dir='ltr'><strong>terra.</strong></span> 
     </span>
    </p>
   </div>
   <div class='ocr_carea' id='block_1_87' title="bbox 2094 2746 3664 2816">
    <p class='ocr_par' dir='ltr' id='par_1_87' title="bbox 2094 2746 3664 2816">
     <span class='ocr_line' id='line_1_87' title="bbox 2094 2746 3664 2816; baseline 0.001 -17"><span class='ocrx_word' id='word_1_638' title='bbox 2094 2747 2341 2814; x_wconf 84' lang='lat' dir='ltr'><strong>Quandiu</strong></span> <span class='ocrx_word' id='word_1_639' title='bbox 2395 2747 2538 2801; x_wconf 89' lang='lat' dir='ltr'><strong>enim</strong></span> <span class='ocrx_word' id='word_1_640' title='bbox 2584 2746 2774 2801; x_wconf 73' lang='lat' dir='ltr'><strong>suffert</strong></span> <span class='ocrx_word' id='word_1_641' title='bbox 2816 2747 3207 2814; x_wconf 81' lang='lat' dir='ltr'><strong>delinquentes,</strong></span> <span class='ocrx_word' id='word_1_642' title='bbox 3235 2762 3340 2801; x_wconf 90' lang='lat' dir='ltr'><strong>non</strong></span> <span class='ocrx_word' id='word_1_643' title='bbox 3396 2748 3664 2816; x_wconf 88' lang='lat' dir='ltr'><strong>inspicere</strong></span> 
     </span>
    </p>
   </div>
   <div class='ocr_carea' id='block_1_88' title="bbox 2094 2838 3665 2908">
    <p class='ocr_par' dir='ltr' id='par_1_88' title="bbox 2094 2838 3665 2908">
     <span class='ocr_line' id='line_1_88' title="bbox 2094 2838 3665 2908; baseline 0.002 -18"><span class='ocrx_word' id='word_1_644' title='bbox 2094 2839 2510 2908; x_wconf 76' lang='lat' dir='ltr'><strong>quodammodo,</strong></span> <span class='ocrx_word' id='word_1_645' title='bbox 2544 2839 2651 2892; x_wconf 91' lang='lat' dir='ltr'><strong>imo</strong></span> <span class='ocrx_word' id='word_1_646' title='bbox 2695 2841 2877 2908; x_wconf 86' lang='lat' dir='ltr'><strong>potius</strong></span> <span class='ocrx_word' id='word_1_647' title='bbox 2943 2852 3156 2907; x_wconf 90' lang='lat' dir='ltr'><strong>quoque</strong></span> <span class='ocrx_word' id='word_1_648' title='bbox 3210 2838 3405 2892; x_wconf 74' lang='lat' dir='ltr'><strong>caelum</strong></span> <span class='ocrx_word' id='word_1_649' title='bbox 3454 2839 3665 2893; x_wconf 81' lang='lat' dir='ltr'><strong>occludi</strong></span> 
     </span>
    </p>
   </div>
   <div class='ocr_carea' id='block_1_89' title="bbox 2092 2928 3656 2991">
    <p class='ocr_par' dir='ltr' id='par_1_89' title="bbox 2092 2928 3656 2991">
     <span class='ocr_line' id='line_1_89' title="bbox 2092 2928 3656 2991; baseline 0.001 -10"><span class='ocrx_word' id='word_1_650' title='bbox 2092 2932 2321 2984; x_wconf 82' lang='lat' dir='ltr'><strong>videtur.</strong></span> <span class='ocrx_word' id='word_1_651' title='bbox 2355 2930 2487 2984; x_wconf 87' lang='lat' dir='ltr'><strong>Cum</strong></span> <span class='ocrx_word' id='word_1_652' title='bbox 2523 2939 2700 2984; x_wconf 89' lang='lat' dir='ltr'><strong>autem</strong></span> <span class='ocrx_word' id='word_1_653' title='bbox 2725 2928 2836 2983; x_wconf 86' lang='lat' dir='ltr'><strong>vias</strong></span> <span class='ocrx_word' id='word_1_654' title='bbox 2869 2929 3171 2982; x_wconf 85' lang='lat' dir='ltr'><strong>mortalium</strong></span> <span class='ocrx_word' id='word_1_655' title='bbox 3201 2930 3470 2991; x_wconf 88' lang='lat' dir='ltr'><strong>obtuetur,</strong></span> <span class='ocrx_word' id='word_1_656' title='bbox 3498 2941 3656 2989; x_wconf 87' lang='lat' dir='ltr'><strong>tunc.</strong></span> 
     </span>
    </p>
   </div>
   <div class='ocr_carea' id='block_1_90' title="bbox 2098 3018 3661 3090">
    <p class='ocr_par' dir='ltr' id='par_1_90' title="bbox 2098 3018 3661 3090">
     <span class='ocr_line' id='line_1_90' title="bbox 2098 3018 3661 3090; baseline 0.001 -17"><span class='ocrx_word' id='word_1_657' title='bbox 2098 3029 2225 3075; x_wconf 88' lang='lat' dir='ltr'><strong>tunc</strong></span> <span class='ocrx_word' id='word_1_658' title='bbox 2253 3019 2415 3074; x_wconf 90' lang='lat' dir='ltr'><strong>veluti</strong></span> <span class='ocrx_word' id='word_1_659' title='bbox 2439 3020 2623 3089; x_wconf 83' lang='lat' dir='ltr'><strong>januis</strong></span> <span class='ocrx_word' id='word_1_660' title='bbox 2663 3019 2885 3090; x_wconf 83' lang='lat' dir='ltr'><strong>apertis,</strong></span> <span class='ocrx_word' id='word_1_661' title='bbox 2922 3018 2991 3073; x_wconf 89' lang='lat' dir='ltr'><strong>ob</strong></span> <span class='ocrx_word' id='word_1_662' title='bbox 3036 3020 3221 3074; x_wconf 86' lang='lat' dir='ltr'><strong>oculos</strong></span> <span class='ocrx_word' id='word_1_663' title='bbox 3251 3021 3530 3075; x_wconf 86' lang='lat' dir='ltr'><strong>constituit</strong></span> <span class='ocrx_word' id='word_1_664' title='bbox 3565 3036 3661 3075; x_wconf 86' lang='lat' dir='ltr'><strong>eos</strong></span> 
     </span>
    </p>
   </div>
   <div class='ocr_carea' id='block_1_91' title="bbox 2096 3111 3670 3183">
    <p class='ocr_par' dir='ltr' id='par_1_91' title="bbox 2096 3111 3670 3183">
     <span class='ocr_line' id='line_1_91' title="bbox 2096 3111 3670 3183; baseline 0.003 -20"><span class='ocrx_word' id='word_1_665' title='bbox 2096 3112 2185 3181; x_wconf 89' lang='lat' dir='ltr'><strong>qui</strong></span> <span class='ocrx_word' id='word_1_666' title='bbox 2237 3112 2291 3166; x_wconf 92' lang='lat' dir='ltr'><strong>iu</strong></span> <span class='ocrx_word' id='word_1_667' title='bbox 2342 3122 2483 3166; x_wconf 89' lang='lat' dir='ltr'><strong>terra</strong></span> <span class='ocrx_word' id='word_1_668' title='bbox 2503 3120 2655 3176; x_wconf 90' lang='lat' dir='ltr'><strong>sunt,</strong></span> <span class='ocrx_word' id='word_1_669' title='bbox 2688 3126 2752 3166; x_wconf 88' lang='lat' dir='ltr'><strong>ac</strong></span> <span class='ocrx_word' id='word_1_670' title='bbox 2798 3126 2986 3181; x_wconf 68' lang='lat' dir='ltr'><strong>poenas</strong></span> <span class='ocrx_word' id='word_1_671' title='bbox 3029 3128 3124 3180; x_wconf 84' lang='lat' dir='ltr'><strong>pro</strong></span> <span class='ocrx_word' id='word_1_672' title='bbox 3155 3112 3362 3166; x_wconf 79' lang='lat' dir='ltr'><strong>ratione</strong></span> <span class='ocrx_word' id='word_1_673' title='bbox 3411 3111 3670 3183; x_wconf 80' lang='lat' dir='ltr'><strong>cujusque</strong></span> 
     </span>
    </p>
   </div>
   <div class='ocr_carea' id='block_1_92' title="bbox 2092 3203 3660 3275">
    <p class='ocr_par' dir='ltr' id='par_1_92' title="bbox 2092 3203 3660 3275">
     <span class='ocr_line' id='line_1_92' title="bbox 2092 3203 3660 3275; baseline 0.002 -20"><span class='ocrx_word' id='word_1_674' title='bbox 2092 3203 2272 3259; x_wconf 85' lang='lat' dir='ltr'><strong>delicti</strong></span> <span class='ocrx_word' id='word_1_675' title='bbox 2329 3206 2718 3259; x_wconf 79' lang='lat' dir='ltr'><strong>convenienter</strong></span> <span class='ocrx_word' id='word_1_676' title='bbox 2770 3204 3035 3275; x_wconf 79' lang='lat' dir='ltr'><strong>inlligens,</strong></span> <span class='ocrx_word' id='word_1_677' title='bbox 3097 3203 3321 3258; x_wconf 85' lang='lat' dir='ltr'><strong>tumultu</strong></span> <span class='ocrx_word' id='word_1_678' title='bbox 3386 3220 3451 3258; x_wconf 91' lang='lat' dir='ltr'><strong>ac</strong></span> <span class='ocrx_word' id='word_1_679' title='bbox 3517 3216 3660 3259; x_wconf 91' lang='lat' dir='ltr'><strong>metu</strong></span> 
     </span>
    </p>
   </div>
   <div class='ocr_carea' id='block_1_93' title="bbox 2091 3291 3667 3363">
    <p class='ocr_par' dir='ltr' id='par_1_93' title="bbox 2091 3291 3667 3363">
     <span class='ocr_line' id='line_1_93' title="bbox 2091 3291 3667 3363; baseline 0.001 -17"><span class='ocrx_word' id='word_1_680' title='bbox 2091 3291 2325 3362; x_wconf 85' lang='lat' dir='ltr'><strong>complet</strong></span> <span class='ocrx_word' id='word_1_681' title='bbox 2363 3294 2565 3347; x_wconf 86' lang='lat' dir='ltr'><strong>omnia.</strong></span> <span class='ocrx_word' id='word_1_682' title='bbox 2601 3292 2669 3346; x_wconf 89' lang='lat' dir='ltr'><strong>Et</strong></span> <span class='ocrx_word' id='word_1_683' title='bbox 2717 3301 2969 3363; x_wconf 88' lang='lat' dir='ltr'><strong>tanquam</strong></span> <span class='ocrx_word' id='word_1_684' title='bbox 3006 3307 3113 3362; x_wconf 63' lang='lat' dir='ltr'><strong>pra;</strong></span> <span class='ocrx_word' id='word_1_685' title='bbox 3157 3292 3421 3347; x_wconf 87' lang='lat' dir='ltr'><strong>ebrietate</strong></span> <span class='ocrx_word' id='word_1_686' title='bbox 3477 3308 3667 3348; x_wconf 90' lang='lat' dir='ltr'><strong>omnes</strong></span> 
     </span>
    </p>
   </div>
   <div class='ocr_carea' id='block_1_94' title="bbox 2098 3382 3662 3453">
    <p class='ocr_par' dir='ltr' id='par_1_94' title="bbox 2098 3382 3662 3453">
     <span class='ocr_line' id='line_1_94' title="bbox 2098 3382 3662 3453; baseline 0.003 -17"><span class='ocrx_word' id='word_1_687' title='bbox 2098 3394 2257 3439; x_wconf 77' lang='lat' dir='ltr'><strong>terra:</strong></span> <span class='ocrx_word' id='word_1_688' title='bbox 2308 3384 2498 3439; x_wconf 63' lang='lat' dir='ltr'><strong>incolae</strong></span> <span class='ocrx_word' id='word_1_689' title='bbox 2551 3385 2699 3439; x_wconf 90' lang='lat' dir='ltr'><strong>omni</strong></span> <span class='ocrx_word' id='word_1_690' title='bbox 2754 3384 3017 3438; x_wconf 84' lang='lat' dir='ltr'><strong>malorum</strong></span> <span class='ocrx_word' id='word_1_691' title='bbox 3077 3384 3264 3453; x_wconf 76' lang='lat' dir='ltr'><strong>generi</strong></span> <span class='ocrx_word' id='word_1_692' title='bbox 3311 3382 3662 3453; x_wconf 83' lang='lat' dir='ltr'><strong>objiciuntur.</strong></span> 
     </span>
    </p>
   </div>
   <div class='ocr_carea' id='block_1_95' title="bbox 2093 3474 3669 3544">
    <p class='ocr_par' dir='ltr' id='par_1_95' title="bbox 2093 3474 3669 3544">
     <span class='ocr_line' id='line_1_95' title="bbox 2093 3474 3669 3544; baseline 0 -14"><span class='ocrx_word' id='word_1_693' title='bbox 2093 3474 2387 3530; x_wconf 89' lang='lat' dir='ltr'><strong>Commode</strong></span> <span class='ocrx_word' id='word_1_694' title='bbox 2416 3483 2595 3530; x_wconf 87' lang='lat' dir='ltr'><strong>autem</strong></span> <span class='ocrx_word' id='word_1_695' title='bbox 2634 3474 2865 3529; x_wconf 83' lang='lat' dir='ltr'><strong>infertur</strong></span> <span class='ocrx_word' id='word_1_696' title='bbox 2917 3484 3038 3544; x_wconf 87' lang='lat' dir='ltr'><strong>post</strong></span> <span class='ocrx_word' id='word_1_697' title='bbox 3082 3475 3209 3529; x_wconf 89' lang='lat' dir='ltr'><strong>illud</strong></span> <span class='ocrx_word' id='word_1_698' title='bbox 3258 3475 3483 3539; x_wconf 86' lang='lat' dir='ltr'><strong>dictum,</strong></span> <span class='ocrx_word' id='word_1_699' title='bbox 3514 3476 3669 3531; x_wconf 88' lang='lat' dir='ltr'><strong>Sicut</strong></span> 
     </span>
    </p>
   </div>
   <div class='ocr_carea' id='block_1_96' title="bbox 2092 3565 3663 3635">
    <p class='ocr_par' dir='ltr' id='par_1_96' title="bbox 2092 3565 3663 3635">
     <span class='ocr_line' id='line_1_96' title="bbox 2092 3565 3663 3635; baseline 0.003 -18"><span class='ocrx_word' id='word_1_700' title='bbox 2092 3566 2308 3635; x_wconf 84' lang='lat' dir='ltr'><strong>aliquod</strong></span> <span class='ocrx_word' id='word_1_701' title='bbox 2339 3566 2392 3619; x_wconf 91' lang='lat' dir='ltr'><strong>in</strong></span> <span class='ocrx_word' id='word_1_702' title='bbox 2425 3568 2570 3635; x_wconf 73' lang='lat' dir='ltr'><strong>agris</strong></span> <span class='ocrx_word' id='word_1_703' title='bbox 2599 3565 3237 3633; x_wconf 79' lang='lat' dir='ltr'><strong>tugurium,commoveri</strong></span> <span class='ocrx_word' id='word_1_704' title='bbox 3274 3578 3499 3631; x_wconf 87' lang='lat' dir='ltr'><strong>terram,</strong></span> <span class='ocrx_word' id='word_1_705' title='bbox 3531 3567 3663 3621; x_wconf 88' lang='lat' dir='ltr'><strong>illud</strong></span> 
     </span>
    </p>
   </div>
   <div class='ocr_carea' id='block_1_97' title="bbox 2093 3658 3664 3729">
    <p class='ocr_par' dir='ltr' id='par_1_97' title="bbox 2093 3658 3664 3729">
     <span class='ocr_line' id='line_1_97' title="bbox 2093 3658 3664 3729; baseline 0.001 -16"><span class='ocrx_word' id='word_1_706' title='bbox 2093 3660 2321 3714; x_wconf 87' lang='lat' dir='ltr'><strong>alterum</strong></span> <span class='ocrx_word' id='word_1_707' title='bbox 2360 3658 2541 3727; x_wconf 89' lang='lat' dir='ltr'><strong>:Quia</strong></span> <span class='ocrx_word' id='word_1_708' title='bbox 2583 3658 2808 3713; x_wconf 86' lang='lat' dir='ltr'><strong>invaluit</strong></span> <span class='ocrx_word' id='word_1_709' title='bbox 2854 3659 2906 3712; x_wconf 94' lang='lat' dir='ltr'><strong>in</strong></span> <span class='ocrx_word' id='word_1_710' title='bbox 2952 3674 3013 3712; x_wconf 78' lang='lat' dir='ltr'><strong>ea</strong></span> <span class='ocrx_word' id='word_1_711' title='bbox 3062 3660 3337 3729; x_wconf 76' lang='lat' dir='ltr'><strong>iniquitas.</strong></span> <span class='ocrx_word' id='word_1_712' title='bbox 3371 3659 3503 3714; x_wconf 86' lang='lat' dir='ltr'><strong>Nam</strong></span> <span class='ocrx_word' id='word_1_713' title='bbox 3538 3662 3664 3716; x_wconf 91' lang='lat' dir='ltr'><strong>dum</strong></span> 
     </span>
    </p>
   </div>
   <div class='ocr_carea' id='block_1_98' title="bbox 2093 3752 3668 3822">
    <p class='ocr_par' dir='ltr' id='par_1_98' title="bbox 2093 3752 3668 3822">
     <span class='ocr_line' id='line_1_98' title="bbox 2093 3752 3668 3822; baseline 0.002 -20"><span class='ocrx_word' id='word_1_714' title='bbox 2093 3753 2182 3822; x_wconf 91' lang='lat' dir='ltr'><strong>qui</strong></span> <span class='ocrx_word' id='word_1_715' title='bbox 2235 3753 2287 3806; x_wconf 92' lang='lat' dir='ltr'><strong>in</strong></span> <span class='ocrx_word' id='word_1_716' title='bbox 2337 3767 2398 3805; x_wconf 86' lang='lat' dir='ltr'><strong>ea</strong></span> <span class='ocrx_word' id='word_1_717' title='bbox 2451 3761 2634 3822; x_wconf 80' lang='lat' dir='ltr'><strong>agunt,</strong></span> <span class='ocrx_word' id='word_1_718' title='bbox 2670 3760 2896 3821; x_wconf 83' lang='lat' dir='ltr'><strong>peccant</strong></span> <span class='ocrx_word' id='word_1_719' title='bbox 2946 3752 3321 3815; x_wconf 81' lang='lat' dir='ltr'><strong>tolerabiliter,</strong></span> <span class='ocrx_word' id='word_1_720' title='bbox 3357 3764 3575 3807; x_wconf 86' lang='lat' dir='ltr'><strong>revocat</strong></span> <span class='ocrx_word' id='word_1_721' title='bbox 3612 3762 3668 3805; x_wconf 94' lang='lat' dir='ltr'><strong>et</strong></span> 
     </span>
    </p>
   </div>
   <div class='ocr_carea' id='block_1_99' title="bbox 2096 3842 3667 3912">
    <p class='ocr_par' dir='ltr' id='par_1_99' title="bbox 2096 3842 3667 3912">
     <span class='ocr_line' id='line_1_99' title="bbox 2096 3842 3667 3912; baseline 0 -15"><span class='ocrx_word' id='word_1_722' title='bbox 2096 3852 2357 3897; x_wconf 85' lang='lat' dir='ltr'><strong>retractat</strong></span> <span class='ocrx_word' id='word_1_723' title='bbox 2395 3843 2553 3912; x_wconf 84' lang='lat' dir='ltr'><strong>quasi</strong></span> <span class='ocrx_word' id='word_1_724' title='bbox 2596 3856 2805 3910; x_wconf 76' lang='lat' dir='ltr'><strong>ptenas,</strong></span> <span class='ocrx_word' id='word_1_725' title='bbox 2833 3850 2888 3898; x_wconf 91' lang='lat' dir='ltr'><strong>et</strong></span> <span class='ocrx_word' id='word_1_726' title='bbox 2925 3843 3089 3896; x_wconf 90' lang='lat' dir='ltr'><strong>ictum</strong></span> <span class='ocrx_word' id='word_1_727' title='bbox 3129 3842 3367 3895; x_wconf 83' lang='lat' dir='ltr'><strong>refrenat</strong></span> <span class='ocrx_word' id='word_1_728' title='bbox 3393 3844 3667 3897; x_wconf 87' lang='lat' dir='ltr'><strong>universo-</strong></span> 
     </span>
    </p>
   </div>
   <div class='ocr_carea' id='block_1_100' title="bbox 2098 3934 3667 4003">
    <p class='ocr_par' dir='ltr' id='par_1_100' title="bbox 2098 3934 3667 4003">
     <span class='ocr_line' id='line_1_100' title="bbox 2098 3934 3667 4003; baseline 0.001 -16"><span class='ocrx_word' id='word_1_729' title='bbox 2098 3951 2213 3988; x_wconf 92' lang='lat' dir='ltr'><strong>rum</strong></span> <span class='ocrx_word' id='word_1_730' title='bbox 2252 3936 2412 3990; x_wconf 87' lang='lat' dir='ltr'><strong>Deus.</strong></span> <span class='ocrx_word' id='word_1_731' title='bbox 2442 3936 2545 3990; x_wconf 87' lang='lat' dir='ltr'><strong>Sed</strong></span> <span class='ocrx_word' id='word_1_732' title='bbox 2603 3934 2844 3988; x_wconf 89' lang='lat' dir='ltr'><strong>omnium</strong></span> <span class='ocrx_word' id='word_1_733' title='bbox 2905 3935 3156 4002; x_wconf 85' lang='lat' dir='ltr'><strong>impietas</strong></span> <span class='ocrx_word' id='word_1_734' title='bbox 3205 3936 3249 3988; x_wconf 87' lang='lat' dir='ltr'><strong>si</strong></span> <span class='ocrx_word' id='word_1_735' title='bbox 3298 3934 3667 4003; x_wconf 86' lang='lat' dir='ltr'><strong>intemperans</strong></span> 
     </span>
    </p>
   </div>
   <div class='ocr_carea' id='block_1_101' title="bbox 2095 4025 3665 4091">
    <p class='ocr_par' dir='ltr' id='par_1_101' title="bbox 2095 4025 3665 4091">
     <span class='ocr_line' id='line_1_101' title="bbox 2095 4025 3665 4091; baseline 0.001 -12"><span class='ocrx_word' id='word_1_736' title='bbox 2095 4027 2187 4079; x_wconf 84' lang='lat' dir='ltr'><strong>ﬁat</strong></span> <span class='ocrx_word' id='word_1_737' title='bbox 2222 4037 2278 4080; x_wconf 87' lang='lat' dir='ltr'><strong>et</strong></span> <span class='ocrx_word' id='word_1_738' title='bbox 2326 4026 2564 4091; x_wconf 75' lang='lat' dir='ltr'><strong>effrenis,</strong></span> <span class='ocrx_word' id='word_1_739' title='bbox 2592 4039 2816 4081; x_wconf 88' lang='lat' dir='ltr'><strong>necesse</strong></span> <span class='ocrx_word' id='word_1_740' title='bbox 2855 4026 3075 4080; x_wconf 89' lang='lat' dir='ltr'><strong>omnino</strong></span> <span class='ocrx_word' id='word_1_741' title='bbox 3097 4033 3200 4090; x_wconf 91' lang='lat' dir='ltr'><strong>est,</strong></span> <span class='ocrx_word' id='word_1_742' title='bbox 3242 4032 3440 4080; x_wconf 82' lang='lat' dir='ltr'><strong>terram</strong></span> <span class='ocrx_word' id='word_1_743' title='bbox 3482 4041 3513 4078; x_wconf 89' lang='lat' dir='ltr'><strong>a</strong></span> <span class='ocrx_word' id='word_1_744' title='bbox 3555 4025 3665 4081; x_wconf 87' lang='lat' dir='ltr'><strong>Deo</strong></span> 
     </span>
    </p>
   </div>
   <div class='ocr_carea' id='block_1_102' title="bbox 2094 4116 3664 4187">
    <p class='ocr_par' dir='ltr' id='par_1_102' title="bbox 2094 4116 3664 4187">
     <span class='ocr_line' id='line_1_102' title="bbox 2094 4116 3664 4187; baseline 0.003 -19"><span class='ocrx_word' id='word_1_745' title='bbox 2094 4120 2353 4183; x_wconf 85' lang='lat' dir='ltr'><strong>spectari,</strong></span> <span class='ocrx_word' id='word_1_746' title='bbox 2384 4130 2438 4170; x_wconf 90' lang='lat' dir='ltr'><strong>et</strong></span> <span class='ocrx_word' id='word_1_747' title='bbox 2470 4117 2832 4172; x_wconf 85' lang='lat' dir='ltr'><strong>invalescente</strong></span> <span class='ocrx_word' id='word_1_748' title='bbox 2872 4117 2924 4170; x_wconf 90' lang='lat' dir='ltr'><strong>in</strong></span> <span class='ocrx_word' id='word_1_749' title='bbox 2962 4131 3023 4170; x_wconf 89' lang='lat' dir='ltr'><strong>ea</strong></span> <span class='ocrx_word' id='word_1_750' title='bbox 3067 4116 3372 4187; x_wconf 90' lang='lat' dir='ltr'><strong>iniquitate,</strong></span> <span class='ocrx_word' id='word_1_751' title='bbox 3409 4116 3664 4174; x_wconf 86' lang='lat' dir='ltr'><strong>inebriari</strong></span> 
     </span>
    </p>
   </div>
   <div class='ocr_carea' id='block_1_103' title="bbox 2094 4207 3667 4280">
    <p class='ocr_par' dir='ltr' id='par_1_103' title="bbox 2094 4207 3667 4280">
     <span class='ocr_line' id='line_1_103' title="bbox 2094 4207 3667 4280; baseline 0.003 -21"><span class='ocrx_word' id='word_1_752' title='bbox 2094 4207 2509 4274; x_wconf 84' lang='lat' dir='ltr'><strong>quodammodo,</strong></span> <span class='ocrx_word' id='word_1_753' title='bbox 2534 4218 2588 4263; x_wconf 88' lang='lat' dir='ltr'><strong>et</strong></span> <span class='ocrx_word' id='word_1_754' title='bbox 2610 4209 2815 4280; x_wconf 86' lang='lat' dir='ltr'><strong>oppleri</strong></span> <span class='ocrx_word' id='word_1_755' title='bbox 2850 4208 3089 4280; x_wconf 87' lang='lat' dir='ltr'><strong>crapula,</strong></span> <span class='ocrx_word' id='word_1_756' title='bbox 3128 4217 3182 4264; x_wconf 91' lang='lat' dir='ltr'><strong>et</strong></span> <span class='ocrx_word' id='word_1_757' title='bbox 3212 4209 3357 4264; x_wconf 85' lang='lat' dir='ltr'><strong>omni</strong></span> <span class='ocrx_word' id='word_1_758' title='bbox 3389 4209 3667 4265; x_wconf 79' lang='lat' dir='ltr'><strong>calamita-</strong></span> 
     </span>
    </p>
   </div>
   <div class='ocr_carea' id='block_1_104' title="bbox 2097 4300 2633 4369">
    <p class='ocr_par' dir='ltr' id='par_1_104' title="bbox 2097 4300 2633 4369">
     <span class='ocr_line' id='line_1_104' title="bbox 2097 4300 2633 4369; baseline 0.011 -20"><span class='ocrx_word' id='word_1_759' title='bbox 2097 4300 2164 4352; x_wconf 89' lang='lat' dir='ltr'><strong>tis</strong></span> <span class='ocrx_word' id='word_1_760' title='bbox 2201 4313 2353 4368; x_wconf 76' lang='lat' dir='ltr'><strong>gene:</strong></span> <span class='ocrx_word' id='word_1_761' title='bbox 2368 4314 2396 4355; x_wconf 68' lang='grc' dir='ltr'>ε</span> <span class='ocrx_word' id='word_1_762' title='bbox 2419 4300 2633 4369; x_wconf 74' lang='lat' dir='ltr'><strong>agitari.</strong></span> 
     </span>
    </p>
   </div>
   <div class='ocr_carea' id='block_1_105' title="bbox 2171 4500 3661 4568">
    <p class='ocr_par' dir='ltr' id='par_1_105' title="bbox 2171 4500 3661 4568">
     <span class='ocr_line' id='line_1_105' title="bbox 2171 4500 3661 4568; baseline -0.001 -12"><span class='ocrx_word' id='word_1_763' title='bbox 2171 4501 2329 4556; x_wconf 75' lang='lat' dir='ltr'><strong>Vens.</strong></span> <span class='ocrx_word' id='word_1_764' title='bbox 2371 4500 2460 4563; x_wconf 72' lang='lat'><strong>2|,</strong></span> <span class='ocrx_word' id='word_1_765' title='bbox 2504 4500 2596 4554; x_wconf 72' lang='grc'><strong>22.</strong></span> <span class='ocrx_word' id='word_1_766' title='bbox 2667 4502 2735 4554; x_wconf 82' lang='lat' dir='ltr'><strong>Et</strong></span> <span class='ocrx_word' id='word_1_767' title='bbox 2784 4503 2989 4556; x_wconf 79' lang='lat' dir='ltr'><strong>inducet</strong></span> <span class='ocrx_word' id='word_1_768' title='bbox 3030 4501 3170 4556; x_wconf 87' lang='lat' dir='ltr'><strong>Deus</strong></span> <span class='ocrx_word' id='word_1_769' title='bbox 3214 4517 3368 4568; x_wconf 80' lang='lat' dir='ltr'><strong>super</strong></span> <span class='ocrx_word' id='word_1_770' title='bbox 3414 4510 3661 4556; x_wconf 79' lang='lat' dir='ltr'><strong>ornatum</strong></span> 
     </span>
    </p>
   </div>
   <div class='ocr_carea' id='block_1_106' title="bbox 2095 4592 3665 4663">
    <p class='ocr_par' dir='ltr' id='par_1_106' title="bbox 2095 4592 3665 4663">
     <span class='ocr_line' id='line_1_106' title="bbox 2095 4592 3665 4663; baseline -0.001 -15"><span class='ocrx_word' id='word_1_771' title='bbox 2095 4593 2211 4648; x_wconf 62' lang='lat' dir='ltr'><strong>ca’li</strong></span> <span class='ocrx_word' id='word_1_772' title='bbox 2248 4608 2487 4654; x_wconf 85' lang='lat' dir='ltr'><strong>manum,</strong></span> <span class='ocrx_word' id='word_1_773' title='bbox 2511 4602 2555 4645; x_wconf 88' lang='lat' dir='ltr'><strong>et</strong></span> <span class='ocrx_word' id='word_1_774' title='bbox 2592 4609 2744 4660; x_wconf 81' lang='lat' dir='ltr'><strong>super</strong></span> <span class='ocrx_word' id='word_1_775' title='bbox 2766 4609 2907 4662; x_wconf 79' lang='lat' dir='ltr'><strong>reges</strong></span> <span class='ocrx_word' id='word_1_776' title='bbox 2935 4604 3106 4655; x_wconf 76' lang='lat' dir='ltr'><strong>teme,</strong></span> <span class='ocrx_word' id='word_1_777' title='bbox 3135 4606 3183 4647; x_wconf 89' lang='lat' dir='ltr'><strong>et</strong></span> <span class='ocrx_word' id='word_1_778' title='bbox 3204 4592 3591 4663; x_wconf 70' lang='lat' dir='ltr'><strong>congregabunt</strong></span> <span class='ocrx_word' id='word_1_779' title='bbox 3612 4602 3665 4647; x_wconf 74' lang='lat' dir='ltr'><strong>et</strong></span> 
     </span>
    </p>
   </div>
   <div class='ocr_carea' id='block_1_107' title="bbox 2092 4681 3663 4750">
    <p class='ocr_par' dir='ltr' id='par_1_107' title="bbox 2092 4681 3663 4750">
     <span class='ocr_line' id='line_1_107' title="bbox 2092 4681 3663 4750; baseline 0.001 -15"><span class='ocrx_word' id='word_1_780' title='bbox 2092 4681 2398 4735; x_wconf 81' lang='lat' dir='ltr'><strong>concludent</strong></span> <span class='ocrx_word' id='word_1_781' title='bbox 2433 4681 2487 4734; x_wconf 91' lang='lat' dir='ltr'><strong>in</strong></span> <span class='ocrx_word' id='word_1_782' title='bbox 2509 4683 2846 4735; x_wconf 84' lang='lat' dir='ltr'><strong>munitionem</strong></span> <span class='ocrx_word' id='word_1_783' title='bbox 2876 4692 2926 4735; x_wconf 85' lang='lat' dir='ltr'><strong>et</strong></span> <span class='ocrx_word' id='word_1_784' title='bbox 2950 4683 3005 4735; x_wconf 86' lang='lat' dir='ltr'><strong>in</strong></span> <span class='ocrx_word' id='word_1_785' title='bbox 3032 4698 3325 4746; x_wconf 83' lang='lat' dir='ltr'><strong>carcerem;</strong></span> <span class='ocrx_word' id='word_1_786' title='bbox 3351 4697 3441 4750; x_wconf 85' lang='lat' dir='ltr'><strong>per</strong></span> <span class='ocrx_word' id='word_1_787' title='bbox 3467 4682 3663 4737; x_wconf 81' lang='lat' dir='ltr'><strong>multas</strong></span> 
     </span>
    </p>
   </div>
   <div class='ocr_carea' id='block_1_108' title="bbox 2092 4772 3661 4842">
    <p class='ocr_par' dir='ltr' id='par_1_108' title="bbox 2092 4772 3661 4842">
     <span class='ocr_line' id='line_1_108' title="bbox 2092 4772 3661 4842; baseline 0.003 -17"><span class='ocrx_word' id='word_1_788' title='bbox 2092 4782 2270 4826; x_wconf 78' lang='lat' dir='ltr'><strong>tetates</strong></span> <span class='ocrx_word' id='word_1_789' title='bbox 2306 4772 2530 4825; x_wconf 81' lang='lat' dir='ltr'><strong>visitatio</strong></span> <span class='ocrx_word' id='word_1_790' title='bbox 2562 4773 2659 4826; x_wconf 80' lang='lat' dir='ltr'><strong>erit</strong></span> <span class='ocrx_word' id='word_1_791' title='bbox 2680 4788 2880 4837; x_wconf 87' lang='lat' dir='ltr'><strong>eorum,</strong></span> <span class='ocrx_word' id='word_1_792' title='bbox 2908 4782 2957 4827; x_wconf 89' lang='lat' dir='ltr'><strong>et</strong></span> <span class='ocrx_word' id='word_1_793' title='bbox 2987 4773 3213 4842; x_wconf 79' lang='lat' dir='ltr'><strong>liqueﬁet</strong></span> <span class='ocrx_word' id='word_1_794' title='bbox 3243 4774 3395 4841; x_wconf 84' lang='lat' dir='ltr'><strong>later,</strong></span> <span class='ocrx_word' id='word_1_795' title='bbox 3429 4784 3478 4828; x_wconf 86' lang='lat' dir='ltr'><strong>et</strong></span> <span class='ocrx_word' id='word_1_796' title='bbox 3510 4777 3661 4829; x_wconf 78' lang='lat' dir='ltr'><strong>cadet</strong></span> 
     </span>
    </p>
   </div>
   <div class='ocr_carea' id='block_1_109' title="bbox 2092 4880 2292 4919">
    <p class='ocr_par' dir='ltr' id='par_1_109' title="bbox 2092 4880 2292 4919">
     <span class='ocr_line' id='line_1_109' title="bbox 2092 4880 2292 4919; baseline 0.02 -4"><span class='ocrx_word' id='word_1_797' title='bbox 2092 4880 2292 4919; x_wconf 82' lang='lat' dir='ltr'><strong>murus.</strong></span> 
     </span>
    </p>
   </div>
   <div class='ocr_carea' id='block_1_110' title="bbox 2162 5037 3662 5110">
    <p class='ocr_par' dir='ltr' id='par_1_110' title="bbox 2162 5037 3662 5110">
     <span class='ocr_line' id='line_1_110' title="bbox 2162 5037 3662 5110; baseline 0.001 -18"><span class='ocrx_word' id='word_1_798' title='bbox 2162 5037 2371 5093; x_wconf 87' lang='lat' dir='ltr'><strong>lllustre</strong></span> <span class='ocrx_word' id='word_1_799' title='bbox 2395 5046 2480 5094; x_wconf 88' lang='lat' dir='ltr'><strong>est</strong></span> <span class='ocrx_word' id='word_1_800' title='bbox 2508 5037 2612 5093; x_wconf 88' lang='lat' dir='ltr'><strong>hoc</strong></span> <span class='ocrx_word' id='word_1_801' title='bbox 2648 5052 2860 5107; x_wconf 89' lang='lat' dir='ltr'><strong>quoque</strong></span> <span class='ocrx_word' id='word_1_802' title='bbox 2886 5039 3232 5093; x_wconf 81' lang='lat' dir='ltr'><strong>humanitatis</strong></span> <span class='ocrx_word' id='word_1_803' title='bbox 3260 5038 3529 5110; x_wconf 77' lang='lat' dir='ltr'><strong>Unigeniti</strong></span> <span class='ocrx_word' id='word_1_804' title='bbox 3561 5042 3662 5095; x_wconf 86' lang='lat' dir='ltr'><strong>do-</strong></span> 
     </span>
    </p>
   </div>
   <div class='ocr_carea' id='block_1_111' title="bbox 2090 5128 3662 5200">
    <p class='ocr_par' dir='ltr' id='par_1_111' title="bbox 2090 5128 3662 5200">
     <span class='ocr_line' id='line_1_111' title="bbox 2090 5128 3662 5200; baseline 0.001 -16"><span class='ocrx_word' id='word_1_805' title='bbox 2090 5128 2681 5200; x_wconf 87' lang='lat' dir='ltr'><strong>cumentum.0portuit</strong></span> <span class='ocrx_word' id='word_1_806' title='bbox 2702 5130 2868 5193; x_wconf 90' lang='lat' dir='ltr'><strong>enim,</strong></span> <span class='ocrx_word' id='word_1_807' title='bbox 2893 5132 3166 5199; x_wconf 89' lang='lat' dir='ltr'><strong>oportuit,</strong></span> <span class='ocrx_word' id='word_1_808' title='bbox 3191 5131 3445 5199; x_wconf 86' lang='lat' dir='ltr'><strong>deinceps</strong></span> <span class='ocrx_word' id='word_1_809' title='bbox 3478 5132 3662 5187; x_wconf 81' lang='lat' dir='ltr'><strong>illuce-</strong></span> 
     </span>
    </p>
   </div>
   <div class='ocr_carea' id='block_1_112' title="bbox 2093 5220 3658 5293">
    <p class='ocr_par' dir='ltr' id='par_1_112' title="bbox 2093 5220 3658 5293">
     <span class='ocr_line' id='line_1_112' title="bbox 2093 5220 3658 5293; baseline 0.003 -18"><span class='ocrx_word' id='word_1_810' title='bbox 2093 5230 2279 5276; x_wconf 80' lang='lat' dir='ltr'><strong>scente</strong></span> <span class='ocrx_word' id='word_1_811' title='bbox 2296 5220 2522 5288; x_wconf 70' lang='lat' dir='ltr'><strong>iustitiae</strong></span> <span class='ocrx_word' id='word_1_812' title='bbox 2543 5221 2676 5285; x_wconf 90' lang='lat' dir='ltr'><strong>sole,</strong></span> <span class='ocrx_word' id='word_1_813' title='bbox 2692 5222 2941 5276; x_wconf 83' lang='lat' dir='ltr'><strong>tenebras</strong></span> <span class='ocrx_word' id='word_1_814' title='bbox 2966 5222 3083 5276; x_wconf 89' lang='lat' dir='ltr'><strong>illas</strong></span> <span class='ocrx_word' id='word_1_815' title='bbox 3109 5222 3472 5293; x_wconf 82' lang='lat' dir='ltr'><strong>intelligibiles</strong></span> <span class='ocrx_word' id='word_1_816' title='bbox 3493 5224 3658 5279; x_wconf 84' lang='lat' dir='ltr'><strong>dissi-</strong></span> 
     </span>
    </p>
   </div>
   <div class='ocr_carea' id='block_1_113' title="bbox 2089 5313 3655 5384">
    <p class='ocr_par' dir='ltr' id='par_1_113' title="bbox 2089 5313 3655 5384">
     <span class='ocr_line' id='line_1_113' title="bbox 2089 5313 3655 5384; baseline 0.002 -16"><span class='ocrx_word' id='word_1_817' title='bbox 2089 5315 2227 5383; x_wconf 86' lang='lat' dir='ltr'><strong>pari,</strong></span> <span class='ocrx_word' id='word_1_818' title='bbox 2255 5330 2388 5384; x_wconf 89' lang='lat' dir='ltr'><strong>quas</strong></span> <span class='ocrx_word' id='word_1_819' title='bbox 2411 5315 2652 5368; x_wconf 89' lang='lat' dir='ltr'><strong>omnium</strong></span> <span class='ocrx_word' id='word_1_820' title='bbox 2683 5314 2936 5369; x_wconf 91' lang='lat' dir='ltr'><strong>cordibus</strong></span> <span class='ocrx_word' id='word_1_821' title='bbox 2971 5313 3139 5369; x_wconf 90' lang='lat' dir='ltr'><strong>Satan</strong></span> <span class='ocrx_word' id='word_1_822' title='bbox 3166 5314 3450 5370; x_wconf 81' lang='lat' dir='ltr'><strong>oll‘uderat.</strong></span> <span class='ocrx_word' id='word_1_823' title='bbox 3487 5316 3655 5373; x_wconf 85' lang='lat' dir='ltr'><strong>Obte-</strong></span> 
     </span>
    </p>
   </div>
   <div class='ocr_carea' id='block_1_114' title="bbox 2090 5407 3660 5476">
    <p class='ocr_par' dir='ltr' id='par_1_114' title="bbox 2090 5407 3660 5476">
     <span class='ocr_line' id='line_1_114' title="bbox 2090 5407 3660 5476; baseline 0.003 -16"><span class='ocrx_word' id='word_1_824' title='bbox 2090 5409 2332 5462; x_wconf 78' lang='lat' dir='ltr'><strong>nebravit</strong></span> <span class='ocrx_word' id='word_1_825' title='bbox 2356 5408 2522 5472; x_wconf 89' lang='lat' dir='ltr'><strong>enim,</strong></span> <span class='ocrx_word' id='word_1_826' title='bbox 2541 5409 2693 5476; x_wconf 75' lang='lat' dir='ltr'><strong>juxta</strong></span> <span class='ocrx_word' id='word_1_827' title='bbox 2725 5407 2777 5461; x_wconf 91' lang='lat' dir='ltr'><strong>id</strong></span> <span class='ocrx_word' id='word_1_828' title='bbox 2809 5408 2952 5476; x_wconf 91' lang='lat' dir='ltr'><strong>quod</strong></span> <span class='ocrx_word' id='word_1_829' title='bbox 2975 5407 3231 5476; x_wconf 87' lang='lat' dir='ltr'><strong>scriptum</strong></span> <span class='ocrx_word' id='word_1_830' title='bbox 3260 5419 3343 5462; x_wconf 90' lang='lat' dir='ltr'><strong>est</strong></span> <span class='ocrx_word' id='word_1_831' title='bbox 3360 5408 3660 5473; x_wconf 76' lang='lat' dir='ltr'><strong>&quot;‘,sensus</strong></span> 
     </span>
    </p>
   </div>
   <div class='ocr_carea' id='block_1_115' title="bbox 2090 5497 3657 5569">
    <p class='ocr_par' dir='ltr' id='par_1_115' title="bbox 2090 5497 3657 5569">
     <span class='ocr_line' id='line_1_115' title="bbox 2090 5497 3657 5569; baseline 0.003 -18"><span class='ocrx_word' id='word_1_832' title='bbox 2090 5497 2407 5561; x_wconf 76' lang='lat' dir='ltr'><strong>inﬁdelium,</strong></span> <span class='ocrx_word' id='word_1_833' title='bbox 2447 5498 2824 5568; x_wconf 89' lang='lat' dir='ltr'><strong>persuasitque</strong></span> <span class='ocrx_word' id='word_1_834' title='bbox 2853 5507 2912 5551; x_wconf 92' lang='lat' dir='ltr'><strong>ut</strong></span> <span class='ocrx_word' id='word_1_835' title='bbox 2947 5508 3211 5553; x_wconf 65' lang='lat' dir='ltr'><strong>creaturae</strong></span> <span class='ocrx_word' id='word_1_836' title='bbox 3247 5513 3407 5569; x_wconf 90' lang='lat' dir='ltr'><strong>supra</strong></span> <span class='ocrx_word' id='word_1_837' title='bbox 3434 5499 3657 5556; x_wconf 87' lang='lat' dir='ltr'><strong>Creato-</strong></span> 
     </span>
    </p>
   </div>
   <div class='ocr_carea' id='block_1_116' title="bbox 2090 5590 3653 5663">
    <p class='ocr_par' dir='ltr' id='par_1_116' title="bbox 2090 5590 3653 5663">
     <span class='ocr_line' id='line_1_116' title="bbox 2090 5590 3653 5663; baseline 0.004 -22"><span class='ocrx_word' id='word_1_838' title='bbox 2090 5601 2203 5642; x_wconf 90' lang='lat' dir='ltr'><strong>rem</strong></span> <span class='ocrx_word' id='word_1_839' title='bbox 2269 5590 2705 5657; x_wconf 90' lang='lat' dir='ltr'><strong>procumberent.</strong></span> <span class='ocrx_word' id='word_1_840' title='bbox 2753 5590 2940 5645; x_wconf 86' lang='lat' dir='ltr'><strong>Partiti</strong></span> <span class='ocrx_word' id='word_1_841' title='bbox 2976 5599 3100 5645; x_wconf 83' lang='lat' dir='ltr'><strong>sunt</strong></span> <span class='ocrx_word' id='word_1_842' title='bbox 3160 5591 3409 5647; x_wconf 81' lang='lat' dir='ltr'><strong>nimirum</strong></span> <span class='ocrx_word' id='word_1_843' title='bbox 3454 5592 3509 5648; x_wconf 88' lang='lat' dir='ltr'><strong>hi</strong></span> <span class='ocrx_word' id='word_1_844' title='bbox 3562 5594 3653 5663; x_wconf 90' lang='lat' dir='ltr'><strong>qui</strong></span> 
     </span>
    </p>
   </div>
   <div class='ocr_carea' id='block_1_117' title="bbox 2088 5679 3658 5757">
    <p class='ocr_par' dir='ltr' id='par_1_117' title="bbox 2088 5679 3658 5757">
     <span class='ocr_line' id='line_1_117' title="bbox 2088 5679 3658 5757; baseline 0.004 -22"><span class='ocrx_word' id='word_1_845' title='bbox 2088 5679 2366 5749; x_wconf 86' lang='lat' dir='ltr'><strong>errabant,</strong></span> <span class='ocrx_word' id='word_1_846' title='bbox 2401 5681 2584 5738; x_wconf 89' lang='lat' dir='ltr'><strong>mundi</strong></span> <span class='ocrx_word' id='word_1_847' title='bbox 2615 5680 2907 5751; x_wconf 89' lang='lat' dir='ltr'><strong>elementa,</strong></span> <span class='ocrx_word' id='word_1_848' title='bbox 2932 5684 3024 5740; x_wconf 88' lang='lat' dir='ltr'><strong>alii</strong></span> <span class='ocrx_word' id='word_1_849' title='bbox 3077 5684 3244 5741; x_wconf 89' lang='lat' dir='ltr'><strong>solem</strong></span> <span class='ocrx_word' id='word_1_850' title='bbox 3281 5686 3658 5757; x_wconf 82' lang='lat' dir='ltr'><strong>nuncupabant</strong></span> 
     </span>
    </p>
   </div>
  </div>
