4162 6392
451 309 555 367 ιιδι

1476 299 1544 355 S.
1580 297 1863 354 CYRILLI
1905 294 2378 353 ALEXANDRINI
2420 292 2731 349 ARCIIIEP.

3611 285 3721 344 5ὸὶ

457 429 638 487 deum.
671 423 761 479 alii
800 420 1225 488 Ionam-caueri
1249 436 1316 476 ex
1344 419 1505 476 astris
1545 418 1713 484 aliud,
1741 427 1904 487 atque
1929 431 2032 487 pro

2153 418 2507 488 ιπεγράφοντο
2535 414 2676 477 Θεὸν,
2707 413 2757 464 οἱ
2797 410 2853 464 δὲ
2891 409 2988 480 τὴν
3019 409 3269 478 σελήνην,
3301 407 3478 479 ἕτεροι
3523 405 3582 460 δὲ
3610 408 3718 460 τῶν

457 533 553 574 sua
591 516 835 571 libidine.
862 514 1215 569 Laborabant
1257 527 1387 567 vero
1428 513 1529 565 hac
1563 510 1842 577 impietate
1867 509 2032 563 etiam

459 609 559 677 ipsi
593 607 900 662 Judaeorum
927 607 1134 675 populi.
1178 603 1388 658 Alicubi
1415 602 1560 655 enim
1599 601 1738 654 dixit
1781 601 1921 654 Deus
1942 598 2032 654 Je-

461 700 642 754 remitn
683 699 958 768 propheta:
989 712 1087 766 pro
1125 695 1230 750 illis
1257 691 1583 764 supplicanti
1615 705 1631 744 :
1657 709 1680 742 ‹
1704 691 1768 744 Et
1794 689 1960 762 346
1980 699 2034 744 ιιι

461 807 528 845 ne.
552 804 648 845 ora
675 805 774 860 pro
800 789 1004 860 populo
1031 789 1155 853 isto,
1187 798 1241 842 et
1267 803 1340 842 ne
1360 801 1610 856 precare,
1645 793 1699 840 et
1745 799 1812 838 ne
1841 785 2038 838 accede

460 884 527 937 ad
565 899 654 938 me
685 899 781 952 pro
811 881 915 936 illis
942 883 996 935 in
1026 881 1274 935 oratione
1303 889 1358 933 et
1396 878 1726 947 precatione,
1760 876 1886 945 quia
1930 890 2035 930 non

431 960 772 1028 ’cxaudiam.
829 974 1021 1026 Annon
1087 972 1238 1023 vides
1263 969 1400 1038 quid
1447 967 1532 1020 isti
1568 966 1768 1020 iaciant
1804 966 1858 1020 in
1907 964 2040 1018 civi-

464 1065 664 1118 tatibus
685 1063 856 1130 Iuda,
893 1064 943 1116 in
987 1062 1082 1116 viis
1113 1060 1460 1116 Jerusalem?
1500 1058 1618 1112 Filii
1651 1058 1860 1110 illorum
1891 1055 2041 1110 colli-

462 1165 593 1226 gnnt
651 1157 812 1225 ligna,
847 1164 900 1210 et
947 1167 1130 1224 patres
1181 1168 1367 1207 eorum
1410 1151 1714 1206 accendunt
1759 1150 1960 1218 ignem,
1989 1157 2042 1202 et

464 1261 660 1302 uxores
687 1260 871 1302 eorum
903 1247 1159 1315 subigunt
1184 1244 1412 1297 farinam
1446 1253 1503 1296 ttt
1535 1243 1735 1296 faciant
1761 1242 2042 1310 placentas

467 1340 672 1392 militia:
707 1338 932 1400 cmli,-et
963 1338 1266 1390 libaverant
1319 1336 1424 1388 liba
1479 1335 1583 1387 diis
1631 1333 1842 1396 alicnis,
1875 1341 1934 1386 ut
1975 1335 2041 1387 ad

465 1430 602 1483 iram
632 1439 924 1497 provocent
952 1442 1035 1480 me
1067 1425 1209 1478 “‘3‘.
1239 1444 1257 1477 ι
1285 1425 1351 1479 Ει
1399 1441 1494 1495 per
1521 1425 1684 1478 alium
1725 1427 2041 1495 pr0phetam

465 1523 758 1590 alloquitur
801 1521 918 1574 illos
948 1537 967 1572 ι
1006 1535 1026 1569 ι
1055 1517 1306 1586 Nunquid
1357 1518 1712 1571 mactatienes
1749 1526 1806 1570 et
1843 1515 2045 1570 hostias

464 1617 764 1670 adduxistis
789 1614 918 1668 mihi
943 1612 1294 1682 quadraginta
1324 1626 1496 1664 annos
1521 1610 1572 1662 in
1602 1609 1838 1671 deserto,
1856 1609 2044 1662 domus

467 1707 650 1772 lsrai-l,
690 1709 819 1761 dicit
859 1705 1159 1759 Dominus?
1191 1704 1255 1758 Et
1300 1702 1600 1758 sustulistis
1635 1700 2041 1755 tabernaculum

2135 507 2379 579 ἀστέρων
2404 506 2511 560 τῶν
2541 505 2660 558 καθ’
2685 503 2900 575 ἡδονήν.
2925 501 3268 570 Νενοσήκασι
3294 499 3354 551 δὲ
3378 498 3604 568 ταυτηνὶ
3622 498 3722 568 τὴν

2136 598 2454 652 δυσσέϐειαν
2507 599 2600 650 καὶ
2632 596 2786 649 αὐτοὶ
2832 594 2943 647 τῶν
2983 591 3253 646 Ἰουδαίων
3296 592 3344 644 οἱ
3383 591 3566 661 δῆμοι.
3612 589 3725 643 Καὶ

2139 689 2268 759 γοῦν
2306 689 2408 758 ἔφη
2449 704 2552 740 που
2591 687 2724 750 Θεὸς
2758 685 2856 748 τὰς
2885 685 3024 755 ὑπὲρ
3058 683 3235 738 αὐτῶν
3283 682 3488 745 ἱκετίας
3517 682 3727 749 ἀναφέ-

2142 779 2288 852 ροντί
2314 796 2442 832 ποτε
2477 777 2553 847 τῷ
2583 779 2833 848 προφήτῃ
2864 774 3132 846 Ἱερεμίᾳ·
3167 793 3184 824 ι
3205 775 3314 828 Καὶ
3339 774 3403 826 σὺ
3436 772 3510 842 μὴ
3552 786 3724 842 προσο

2141 871 2302 942 εύχου
2344 870 2472 941 περὶ
2513 869 2607 922 τοῦ
2641 868 2772 922 λαοῦ
2817 868 3028 934 τούτου,
3061 868 3156 920 καὶ
3186 867 3262 938 μὴ
3294 866 3470 931 ἀξίου,
3511 866 3604 918 καὶ
3646 863 3722 935 μὴ

2142 962 2445 1032 προσέλθῃς
2489 979 2578 1033 μοι
2614 961 2743 1032 περὶ
2781 961 2958 1014 αὐτῶν
2993 962 3051 1013 ὲν
3082 960 3262 1030 δεήσει
3293 958 3389 1012 καὶ
3421 959 3719 1029 προσευχῇ,

2142 1059 2222 1111 ὃτι
2253 1059 2352 1110 οὐκ
2381 1057 2796 1127 εἰσακούσομαι.
2826 1053 2902 1110 Ἦ
2935 1057 3033 1127 ούχ
3061 1057 3193 1127 ὁρᾷς
3215 1056 3265 1109 τί
3294 1050 3439 1109 οὗτοι
3478 1053 3724 1108 ποιοῦσιν

2143 1153 2201 1204 ὲν
2227 1154 2347 1214 ταῖς
2371 1151 2588 1203 πόλεσιν
2612 1150 2800 1210 Ἰούδα,
2819 1149 2913 1203 καὶ
2941 1149 2997 1200 ἐν
3023 1151 3139 1211 ταῖς
3167 1149 3306 1210 ὁδοῖς
3331 1145 3721 1218 Ἱερουσαλήμς

2143 1245 2207 1296 Οἱ
2235 1245 2341 1297 υἱοὶ
2373 1242 2550 1295 αὐτῶν
2581 1242 2894 1309 συλλέγουσι
2931 1240 3082 1305 ξύλα,
3100 1241 3190 1292 καὶ
3215 1242 3264 1292 οἱ
3289 1238 3525 1309 πατέρες
3547 1237 3726 1290 αὐτῶν

2144 1335 2357 1389 καίουσι
2391 1335 2522 1405 πῦρ.
2564 1335 2656 1386 καὶ
2700 1336 2755 1385 αἱ
2787 1336 3043 1401 γυναῖκες
3073 1331 3250 1384 αὐτῶν
3285 1330 3533 1401 τρίὸουσι
3575 1331 3727 1389 σταῖς

2142 1425 2238 1478 τοῦ
2271 1427 2494 1494 ποιῆσαι
2540 1425 2785 1494 χαυιῖινας
2821 1427 2886 1494 τῇ
2929 1424 3156 1493 στρατιᾷ
3188 1420 3280 1474 τοῦ
3321 1417 3587 1490 ούρανοῦ,
3634 1420 3727 1471 καὶ

2145 1517 2404 1569 ἔσπεισαν
2441 1516 2669 1577 σπονδὰς
2707 1514 2848 1577 θεοῖς
2882 1513 3178 1584 ἀλλοτρίοις
3229 1513 3318 1565 ἴνα
3349 1509 3725 1582 παροργίσωσί

2149 1625 2237 1678 με.
2267 1628 2283 1658 ι
2320 1610 2426 1660 Καὶ
2462 1607 2564 1678 μὴν
2595 1608 2688 1660 καὶ
2713 1608 2778 1660 δι’
2815 1608 3004 1678 ἐτέρου
3042 1607 3319 1676 προφήτου
3364 1604 3500 1676 πρὸς
3532 1602 3728 1665 αύτούς

2148 1716 2314 1768 φησι·
2341 1719 2358 1748 ι
2390 1700 2480 1770 Μὴ
2513 1699 2719 1766 σφάγια
2761 1699 2852 1752 καὶ
2883 1698 3069 1760 θυσίας
3107 1695 3514 1767 προσηνέγκατέ
3544 1712 3634 1765 μοι
3667 1694 3727 1746 ὲν

469 1800 702 1862 Moloch,
729 1810 784 1853 et
824 1800 973 1853 sidus
1025 1798 1108 1852 dei
1155 1797 1320 1851 vestri
1365 1796 1627 1864 Rrephau,
1660 1795 1859 1864 ﬁguras
1909 1807 2044 1863 quas

2153 1793 2212 1858 τῇ
2254 1790 2448 1860 ἐρήμῳ
2497 1789 2905 1859 τεσσαράκοντα
2960 1788 3089 1856 ἔτη,
3125 1783 3270 1849 οἶκος
3323 1785 3556 1855 Ἰσραὴλ,
3581 1785 3728 1852 λέγει

468 1893 675 1946 fecistis
701 1892 852 1946 vobis
883 1899 941 1945 ut
983 1891 1219 1944 adoretis
1247 1889 1311 1944 ³⁸.
1337 1907 1354 1940 ι
1383 1886 1606 1941 lnducet
1635 1887 1818 1954 igitur,
1850 1885 2043 1954 inquit,

469 1986 610 2039 Dens
650 1998 812 2053 super
835 1993 1083 2037 ornatum
1109 1981 1233 2035 οωΙί
1268 1994 1509 2043 manum,
1539 1979 1590 2032 id
1635 1988 1740 2044 est,
1765 1978 2048 2045 dissipabit

469 2093 563 2132 cos
609 2077 699 2144 qui
733 2086 983 2129 ornatum
1012 2072 1134 2128 coeli
1175 2073 1422 2136 adorant,
1470 2070 1665 2135 solem,
1708 2069 1950 2137 inquam,
1993 2077 2048 2123 et

471 2170 673 2236 lunam,
699 2179 752 2221 et
780 2178 947 2222 astra.
983 2164 1286 2220 Verisimile
1312 2179 1440 2218 vero
1473 2171 1577 2228 est,
1605 2161 1749 2214 velut
1779 2175 1846 2214 ex
1872 2169 2045 2230 parte,

472 2268 637 2313 totam
685 2257 1042 2312 idololatriam
1107 2256 1157 2309 in
1206 2256 1288 2308 his
1330 2252 1692 2308 denominari.
1733 2251 1852 2306 lam
1904 2252 2046 2304 enim

467 2355 866 2409 cessatnmest,
899 2344 1116 2398 Christo
1157 2345 1396 2398 exhibito
1436 2353 1490 2398 et
1527 2343 1917 2404 demonstrato.
1950 2342 2046 2395 ad-

467 2449 629 2490 orare
664 2436 852 2488 mundi
893 2434 1182 2488 elementa.
1228 2433 1394 2503 Sique
1439 2443 1692 2487 ornatum
1720 2432 1842 2487 cmli
1875 2433 2049 2502 ipsum

470 2529 676 2598 peccati
713 2528 1046 2582 inventorem
1081 2539 1136 2579 et
1176 2535 1403 2594 patrem,
1439 2526 1492 2579 id
1519 2536 1620 2592 est,
1654 2525 1932 2590 Satanam,
1966 2524 2052 2578 in-

474 2620 801 2688 telligamus,
841 2628 988 2673 recta
1022 2631 1153 2671 sane
1190 2619 1254 2670 ad
1291 2619 1577 2672 Veritatem
1619 2618 2048 2687 pervenerimus.

473 2711 688 2766 Dictum
711 2720 799 2766 est
826 2712 891 2765 de
921 2727 1020 2765 eo:
1061 2729 1078 2762 ι
1097 2710 1378 2778 Quomodo
1408 2710 1604 2764 cecidit
1635 2710 1700 2764 de
1726 2708 1866 2762 cmlo
1889 2707 2054 2762 Luci-

473 2805 554 2860 fer
604 2819 759 2858 mane
793 2805 977 2858 oriens
1001 2802 1091 2856 "1
1115 2821 1133 2854 ι
1171 2802 1304 2857 Cum
1362 2811 1540 2855 autem
1579 2801 1742 2856 semel
1784 2809 1910 2854 ante
1940 2800 2053 2869 lap-

470 2913 614 2960 sum,
649 2906 868 2965 propter
905 2896 1182 2964 antiquam
1226 2893 1345 2960 eius
1367 2893 1593 2963 gloriam
1631 2892 1885 2946 Lucifero
1920 2892 2056 2946 assi-

474 2989 780 3050 milaretur.
793 2998 1044 3042 ornatqu
1061 2986 1180 3042 (:(eli
1197 2988 1490 3040 etiamnum
1519 2984 1863 3055 propheticus
1875 2999 2055 3038 sermo

474 3080 634 3135 nobis
661 3096 786 3135 eum
820 3079 1117 3150 appellitat.
1151 3080 1369 3132 Manum
1409 3078 1740 3130 inferendam
1769 3077 1918 3140 dicit,
1947 3091 2050 3128 non

473 3173 574 3227 soli
618 3181 938 3226 ornamento
983 3171 1124 3229 cmli.
1157 3170 1250 3223 sed
1289 3179 1349 3222 et
1396 3178 1553 3222 terra:
1583 3168 1819 3238 regibus,
1860 3169 1911 3221 id
1951 3177 2053 3230 est,

473 3261 823 3314 sublnnarem
859 3259 1003 3314 hunc
1030 3258 1245 3328 globum
1285 3259 1334 3312 vi
1376 3259 1770 3322 obtinentibus,
1805 3259 2057 3312 videlicet

487 3353 667 3407 sa-culi
703 3351 859 3420 hujus
899 3352 1188 3405 mundanis
1240 3351 1560 3414 rectoribus,
1598 3366 1827 3419 nequam
1869 3359 1923 3404 et
1963 3351 2058 3403 ad-

477 3443 739 3497 versariis
787 3439 1168 3511 potestatibus.
1200 3439 1441 3507 llegnum
1481 3439 1625 3493 enim
1673 3449 1828 3493 terra
1865 3453 2060 3493 renue-

477 3543 627 3600 runt,
665 3544 722 3588 et
748 3550 875 3589 suos
909 3537 960 3587 in
986 3550 1047 3588 ea
1089 3535 1402 3586 adoratores
1429 3531 1743 3595 eil‘ecerunt,
1775 3546 2059 3600 persuase-

477 3637 713 3691 rantque
761 3627 1033 3690 omnibus,
1077 3626 1401 3680 charitatem
1440 3639 1568 3692 erga
1620 3623 1788 3678 Deum
1836 3639 2058 3694 prorsus

474 3732 846 3775 contemnere.
884 3718 1017 3773 Istos
1058 3718 1220 3788 igitur
1261 3731 1324 3772 ex
1375 3717 1566 3771 fraude
1595 3725 1650 3771 et
1695 3717 1976 3772 mendacio
2007 3727 2059 3771 et

477 3809 774 3880 cupiditate
815 3816 1124 3878 regnantes,
1159 3806 1587 3876 congregabunt,
1618 3817 1672 3860 et
1703 3807 1756 3860 in
1802 3806 2058 3860 munitio-

481 3915 606 3954 nem
633 3909 687 3953 et
715 3913 988 3952 carcerem
1041 3897 1385 3951 concludent.
1431 3896 1654 3951 Demisit
1695 3898 1838 3951 enim
1874 3913 1970 3952 eos
2005 3899 2056 3950 in

478 3990 731 4058 supplicii
775 4005 1073 4052 carcerem,
1111 3988 1418 4042 Servatoris
1456 3990 1715 4059 potentia,
1761 3989 1814 4043 in
1846 3990 2055 4043 ﬁrmam

480 4095 546 4137 ac
591 4081 963 4136 inevitabilem
989 4082 1313 4135 custodiam.
1348 4080 1624 4149 Siquidem
1662 4091 1916 4150 rOgarunt
1953 4083 2059 4136 dte-

480 4187 673 4228 mones
707 4174 1027 4227 accedentes
1073 4172 1140 4225 ad
1170 4187 1315 4239 eum,
1348 4187 1414 4226 ne
1459 4174 1777 4242 praeciperet
1811 4174 1863 4226 in
1904 4176 2059 4243 abys-

479 4283 602 4320 sum
649 4266 800 4320 abire
827 4266 894 4320 ³⁷.
937 4265 1223 4319 Subnectit
1258 4266 1542 4334 propheta,
1594 4280 1658 4319 ac
1700 4267 1915 4336 inquit:
1957 4267 2059 4320 l’er

481 4360 680 4412 «indtas
705 4369 890 4412 aetates
937 4357 1176 4410 visitatio
1211 4357 1319 4410 erit
1359 4355 1594 4411 illorum.
1632 4356 1842 4410 Etenim
1869 4371 1898 4410 a
1924 4371 2056 4411 con-

2147 1883 2380 1952 Κύριος;
2421 1882 2528 1934 Καὶ
2565 1882 2853 1936 ἀνελάϐετε
2880 1880 2976 1952 τὴν
3013 1880 3216 1950 σκηνὴν
3247 1881 3342 1934 τοῦ
3383 1881 3604 1948 Μωλὸχ,
3632 1879 3728 1930 καὶ

2146 1975 2207 2027 τὸ
2232 1975 2428 2044 ἄστρον
2457 1973 2551 2026 τοῦ
2599 1973 2722 2026 Θεοῦ
2757 1973 2955 2042 Ῥεφάν
2974 1987 2989 2001 ⁸
3024 1973 3160 2043 πρὸς
3190 1971 3393 2034 τύπους
3419 1971 3508 2034 οῦς
3542 1972 3727 2037 ἐποιή-

2151 2083 2281 2119 σατε
2329 2069 2655 2135 προσκυνεῖν
2695 2066 2896 2128 αὐτοῖς.
2925 2083 2944 2116 ι
2987 2064 3208 2129 Ἐπάξει
3233 2065 3431 2127 τοίνυν,
3475 2064 3658 2132 φησιν,
3701 2064 3730 2114 ό

2144 2160 2279 2222 Θεὸς
2305 2159 2396 2212 ἐπὶ
2440 2158 2532 2212 τὸν
2576 2160 2779 2229 κόσμου
2823 2158 2918 2211 τοῦ
2957 2157 3187 2229 ούρανοῦ
3234 2157 3330 2228 τὴν
3365 2159 3544 2227 χεῖρα,
3584 2152 3730 2206 τοῦτ’

2147 2251 2284 2314 ἔστι,
2319 2251 2661 2305 διασκεδάσει
2688 2253 2814 2314 τοὺς
2846 2249 3280 2322 προσκυνοῦντας
3317 2249 3394 2319 τῷ
3417 2248 3603 2317 κόσμῳ
3636 2245 3730 2298 τοῦ

2150 2343 2404 2415 ούρανοῦ,
2435 2343 2572 2414 ἡλίῳ
2595 2343 2653 2395 τέ
2683 2358 2822 2413 φημι
2853 2344 2948 2396 καὶ
2995 2342 3192 2414 σελήνῃ
3231 2341 3324 2395 καὶ
3358 2340 3598 2410 ἄστροις.
3644 2339 3733 2390 Εἰ-

2153 2437 2248 2498 κὸς
2280 2437 2337 2490 δὲ
2366 2435 2429 2508 δὴ
2477 2436 2574 2506 τὴν
2617 2435 2911 2506 σύμπασαν
2955 2433 3396 2504 εἰδωλολατρείαν
3433 2431 3508 2493 ὡς
3543 2431 3607 2483 ὲκ
3636 2432 3733 2500 μὲ-

2153 2544 2283 2599 ρους
2324 2529 2383 2580 ἐν
2419 2528 2632 2591 τούτοις
2674 2526 3163 2597 κατονομάζεσθαι.
3209 2525 3490 2578 Πέπαυται
3529 2523 3638 2593 γάρ
3672 2522 3732 2575 τὸ

2155 2622 2479 2691 προσκυνεῖν
2519 2619 2630 2683 τοῖς
2656 2619 2747 2673 τοῦ
2783 2619 2989 2690 κόσμου
3019 2619 3299 2688 στοιχείοις
3331 2615 3732 2684 ἀναδειχθέντος

2157 2711 2416 2784 Χριστοῦ.
2462 2710 2683 2782 Κόσμον
2735 2711 2792 2763 δὲ
2839 2710 2934 2764 τοῦ
2975 2709 3206 2781 οὐρανοῦ
3245 2709 3340 2763 καὶ
3385 2707 3549 2762 αὑτὸν
3595 2703 3732 2760 εἶναι

2156 2804 2402 2868 νοοῦντες
2459 2804 2549 2858 τὸν
2607 2804 2709 2874 τῆς
2742 2802 3012 2874 ἁμαρτίας
3062 2803 3291 2876 εὑρέτην
3340 2803 3434 2854 καὶ
3483 2801 3729 2871 πατέρα,

2157 2897 2301 2952 τοῦτ’
2330 2897 2465 2963 ἔστι,
2512 2897 2602 2950 τὸν
2655 2898 2921 2960 Σατανᾶν,
2957 2897 3078 2950 κατ’
3128 2896 3256 2950 εὐθὺ
3294 2896 3434 2965 τάχα
3480 2910 3583 2946 που
3635 2893 3733 2961 τῆς

2157 2988 2413 3060 ἀληθείας
2441 2987 2664 3058 ἥξομεν.
2695 2989 2921 3058 Εἴρηται
2953 2988 3060 3060 γὰρ
3087 2987 3214 3057 περὶ
3248 2985 3410 3040 αὑτοῦ
3435 3002 3448 3016 ·
3493 2983 3616 3048 Πῶς
3649 2983 3734 3048 ἐξα

2156 3081 2354 3134 έπεσεν
2382 3079 2442 3143 ἐξ
2474 3077 2748 3151 ούρανοῦό
2779 3080 3084 3150 Ἐωσφόρος
3123 3082 3149 3132 ὁ
3182 3077 3324 3150 πρωῒ
3353 3077 3655 3131 ἀνατέλλων
3681 3094 3728 3139 ς»

2173 3171 2389 3242 Ἐπειδὴ
2417 3173 2472 3226 δὲ
2499 3172 2645 3238 ἅπαξ
2675 3171 2843 3225 διάτοι
2874 3172 2973 3243 τὴν
3002 3173 3253 3242 ἀρχαίαν,
3277 3173 3369 3224 καὶ
3391 3171 3488 3239 τὴν
3517 3172 3618 3241 πρὸ
3639 3172 3734 3241 τῆς

2157 3262 2528 3325 ἀποπτώσεως
2567 3261 2732 3315 αὑτοῦ
2783 3262 2939 3329 δόξαν
2986 3263 3278 3334 Ἑωσφόρῳ
3319 3264 3733 3333 παρεικάζεται,

2159 3354 2362 3423 κόσμον
2410 3354 2569 3406 αὑτὸν
2603 3351 2697 3404 τοῦ
2757 3352 2989 3423 ούρανοῦ
3044 3353 3137 3404 καὶ
3188 3352 3281 3404 νῦν
3325 3352 3354 3402 ὁ
3401 3350 3736 3422 προφητικὸς

2159 3445 2289 3514 ἡμῖν
2317 3443 2569 3510 ὀνομάζει
2606 3440 2783 3511 λόγος.
2821 3443 3305 3514 Ἐπενεχθήσεσθαι
3347 3443 3401 3494 δὲ
3445 3444 3541 3512 τὴν
3582 3441 3738 3511 χεῖρά

2160 3551 2346 3607 φησιν,
2362 3535 2483 3606 ούχὶ
2509 3535 2572 3606 δὴ
2600 3537 2744 3606 μόνῳ
2764 3535 2840 3606 τῷ
2860 3536 3052 3606 κόσμῳ
3077 3535 3170 3588 τοῦ
3194 3535 3446 3605 ούρανοῦ,
3473 3534 3606 3586 ἀλλά
3628 3533 3735 3602 γὰρ

2160 3629 2254 3682 καὶ
2283 3631 2396 3690 τοῖς
2431 3628 2711 3698 βασιλεῦσι
2743 3629 2838 3697 τῆς
2873 3628 2999 3698 γῆς,
3039 3627 3180 3680 τοῦτ’
3219 3627 3355 3692 εστι,
3387 3630 3497 3690 τοῖς
3539 3628 3602 3678 ἐκ
3636 3626 3735 3695 τῆς

2160 3719 2470 3786 πλεονεξίας
2522 3721 2891 3791 κεκρατηκόσι
2919 3719 3016 3789 τῆς
3049 3720 3140 3771 ὑπ’
3184 3719 3440 3788 οὐρανὸν,
3483 3718 3640 3788 δῆλον
3680 3718 3736 3771 δὲ

2158 3813 2240 3864 ὃτι
2265 3813 2378 3875 τοῖς
2403 3812 2837 3882 κοσμοκράτορσι
2859 3809 2950 3865 τοῦ
2979 3811 3170 3874 αἰῶνος
3196 3811 3407 3873 τούτου,
3427 3814 3544 3873 ταῖς
3574 3827 3738 3879 πονη-

2161 3907 2281 3976 ραῖς
2312 3907 2406 3958 καὶ
2435 3906 2841 3975 ἀντικειμέναις
2861 3905 3140 3974 δυνάμεσι.
3175 3903 3602 3958 Βεσασιλεύκασι
3628 3902 3736 3974 γὰρ

2158 3997 2259 4066 τῆς
2291 3997 2392 4067 γῆς
2415 4037 2429 4059 ,
2485 3997 2646 4059 ἰδίους
2678 3997 3051 4067 ἀποφήναντες
3103 3996 3481 4066 προσκυνητάς
3508 3997 3633 4058 τοὺς
3678 3998 3734 4048 ὲν

2160 4091 2321 4160 αὐτῇ,
2360 4091 2455 4142 καὶ
2483 4089 2580 4159 τῆς
2604 4091 2740 4161 πρὸς
2769 4089 2900 4142 Θεὸν
2927 4089 3146 4161 ἀγάπης
3173 4090 3503 4159 όλιγωρῆσαι
3536 4105 3734 4141 παντε-

2160 4180 2266 4243 λῶς
2293 4181 2703 4242 ἀναπείσαντες.
2721 4181 2953 4242 Τούτους
2980 4179 3267 4251 τοιγαροῦν
3288 4180 3412 4241 τοὺς
3441 4178 3495 4243 ἐξ
3521 4179 3735 4246 ἀπάτης

2160 4272 2255 4326 καὶ
2281 4271 2509 4340 ψεύδους
2544 4271 2636 4323 καὶ
2667 4270 2974 4334 πλεονεξίας
2999 4270 3409 4341 κεκρατηκότας
3441 4270 3605 4338 ήγουν
3636 4268 3734 4339 βαι

2161 4366 2514 4427 σιλεύσαντας
2540 4364 2824 4430 συνάξουσι
2857 4363 2951 4416 καὶ
2984 4363 3395 4416 ἀποκλείσουσιν
3426 4365 3504 4424 είς
3527 4361 3735 4431 ὀχύρωο

479 4452 764 4504 stitutione
794 4450 978 4503 mundi
1011 4450 1351 4519 tyrannidem
1379 4459 1749 4520 occuparunt,
1782 4466 1880 4505 nec
1899 4451 2050 4505 desti-

2160 4474 2239 4527 μα
2277 4457 2370 4508 καὶ
2399 4456 2479 4518 είς
2503 4454 2891 4524 δεσμωτήριον.
2929 4452 3264 4522 Κατέπεμψε
3294 4452 3402 4522 γὰρ
3434 4452 3629 4515 αὐτοὺς
3655 4453 3734 4514 εἰς

481 4550 670 4596 terunt
701 4557 822 4596 cum
851 4541 1030 4594 divina
1057 4540 1218 4613 357
1237 4551 1290 4596 et
1313 4551 1522 4597 secreta
1554 4540 1834 4609 majestate
1859 4542 2056 4597 bellum

478 4648 692 4706 gerere.
751 4634 1078 4689 Continuata
1110 4647 1195 4688 est
1221 4643 1400 4688 autem
1433 4633 1547 4687 haec
1579 4648 1767 4687 eorum
1801 4635 2057 4698 amentia,

480 4729 550 4782 ad
581 4742 751 4796 usque
784 4726 1088 4780 Servatoris
1129 4726 1372 4780 omnium
1394 4725 1580 4780 'nostri
1615 4724 1820 4781 Christi
1868 4727 2060 4782 adven-

483 4826 618 4882 tum,
653 4825 706 4869 et
741 4814 1050 4870 visitatione
1087 4821 1267 4883 postea
1296 4831 1392 4884 per
1420 4814 1566 4869 illum
1599 4815 1739 4869 facta
1783 4817 1836 4870 in
1867 4827 2054 4872 custo-

479 4907 628 4961 diam
651 4907 895 4962 conclusi
924 4917 1068 4971 sunt,
1097 4917 1152 4960 et
1190 4907 1241 4960 in
1282 4922 1581 4970 carcerem,
1618 4924 1802 4964 verum
1828 4910 1930 4964 hoc
1963 4927 2057 4980 per

482 4999 683 5054 multas
710 5009 899 5054 tetates
947 4998 1089 5069 passi
1138 5007 1286 5056 sunt.
1313 4998 1788 5070 Liquel‘aciendnm
1830 5003 1960 5057 dicit
1986 5003 2058 5057 la-

480 5101 677 5158 terem,
710 5100 767 5146 et
805 5105 1059 5146 casurum
1091 5105 1304 5144 murum
1333 5132 1346 5156 ,
1373 5106 1529 5145 muro
1569 5091 1747 5147 forsan
1797 5095 2053 5150 Satanam

482 5193 832 5250 compa-rans.
862 5180 1064 5239 Potens
1099 5183 1249 5235 enim
1307 5182 1373 5235 ad
1418 5185 1776 5241 resistendum
1817 5199 1954 5250 erat,
2003 5197 2058 5242 et

478 5275 636 5340 quasi
670 5275 860 5327 civitas
901 5273 1144 5328 turribus
1189 5274 1548 5329 munitissima
1581 5293 1594 5330 :
1630 5289 1885 5332 caeterum
1917 5294 2056 5348 qua-

480 5365 650 5417 tiente
675 5363 894 5419 Christo
931 5377 1120 5436 captus
1162 5377 1245 5421 est
1287 5376 1342 5420 et
1395 5379 1716 5436 prostratus.
1741 5368 1858 5423 Non
1911 5372 2052 5423 enim

481 5455 647 5508 valuit
668 5455 919 5510 invictam
946 5460 1060 5526 ejus
1089 5460 1194 5511 vim
1236 5461 1504 5515 sustinere
1531 5471 1584 5513 et
1613 5461 2045 5529 exripere.Quod

482 5556 660 5600 autem
690 5547 862 5602 deleto
890 5561 943 5602 et
966 5552 1281 5606 concidente
1311 5552 1530 5617 Satana,
1558 5553 1871 5606 idololatria:
1897 5568 2048 5623 nugrc

558 5721 673 5753 ³³·³⁸
709 5721 904 5780 Jcrcm.
948 5741 1043 5794 vn,
1077 5727 1249 5782 16-18.
1329 5731 1371 5761 ³⁵
1399 5732 1560 5786 Amos
1607 5748 1655 5799 ν,
1709 5731 1895 5796 95,96.

2162 4548 2221 4599 τὸ
2240 4545 2340 4615 τῆς
2364 4545 2638 4608 κολάσεως
2657 4544 3028 4614 δεσμωτήριον
3050 4543 3142 4596 τοῦ
3165 4542 3414 4614 Σωτῆρος
3433 4545 3464 4612 ἠ
3484 4542 3612 4594 δύνα
3622 4560 3732 4614 μις.

2160 4641 2241 4701 εἰς
2280 4639 2342 4691 τὸ
2389 4639 2629 4706 ἄφυκτον
2659 4636 2941 4707 ὀχύρωμα.
2974 4635 3085 4689 Καὶ
3126 4635 3257 4703 γοῦν
3296 4635 3637 4705 παρεκάλουν
3684 4635 3734 4686 oi

2159 4731 2414 4800 δαίμονες
2444 4729 2758 4800 προσιόντες
2800 4727 2968 4798 αὐτῷ,
3003 4729 3090 4782 ἵνα
3135 4728 3207 4799 μὴ
3241 4726 3520 4798 προστάξῃ
3550 4729 3735 4789 αὐτοῖς

2161 4825 2240 4885 εἰς
2281 4822 2380 4892 τὴν
2409 4821 2644 4876 ἄϐυσσον
2677 4819 2952 4874 ἀπελθεῖν.
2983 4819 3328 4890 Προσεπάγει
3354 4818 3410 4870 δὲ
3446 4817 3536 4870 καί
3572 4835 3732 4886 φησιν

2158 4916 2189 4966 ὀ
2224 4915 2525 4985 προφήτης,
2565 4913 2646 4966 ὅτι
2685 4913 2774 4966 διὰ
2815 4912 3025 4965 πολλῶν
3051 4911 3254 4974 γενεῶν
3282 4909 3552 4980 ὲπισκοπὴ
3584 4897 3757 4962 ἔσται’

2163 4991 2856 5075 αύτῶνέτετυραννεύκασι
2895 5003 2992 5073 μὲν
3025 5002 3132 5071 γάρ
3171 5000 3280 5054 ἀπὸ
3313 5001 3614 5069 καταῦολῆς
3645 5000 3733 5052 κό-

2158 5115 2324 5167 σμου,
2364 5098 2457 5150 καὶ
2500 5097 2560 5150 ού
2611 5095 2978 5150 διαλελοίπασι
3020 5098 3086 5165 τῇ
3129 5093 3254 5164 θείᾳ
3303 5110 3360 5145 τε
3417 5094 3511 5146 κα)⁸
3559 5093 3731 5163 ἀπορ-

2158 5189 2308 5259 ρήτῳ
2338 5185 2701 5258 πολεμοῦντες
2727 5187 2874 5257 δόξῃ.
2930 5185 3224 5255 Παρέτεινε
3248 5184 3305 5236 δὲ
3345 5182 3412 5236 τά
3453 5181 3554 5252 τῆς
3599 5183 3734 5234 ἀπο-

2156 5281 2303 5342 νοίας
2347 5282 2550 5343 αὐτοῖς.
2597 5279 2882 5350 καὶμέχρι
2936 5276 3030 5330 τοῦ
3064 5277 3255 5345 καιροῦ
3307 5275 3406 5345 τῆς
3440 5275 3731 5345 ἐπιδημίας

2153 5373 2248 5426 τοῦ
2278 5373 2494 5426 πάντων
2523 5371 2679 5442 ἡμῶν
2721 5371 2972 5441 Σωτῆρος
2999 5367 3253 5439 Χριστοῦ.
3299 5365 3632 5434 Ἐπισκοπῆς
3673 5364 3730 5416 δὲ

2155 5462 2340 5514 λοιπὸν
2395 5464 2477 5515 ἐπ’
2533 5464 2715 5524 αὐτοῖς
2769 5462 3066 5530 γενομένης
3130 5458 3592 5525 κατεκλείσθησαν
3652 5457 3732 5518 εἰς

2154 5557 2543 5625 δεσμωτήριον.
2602 5555 2747 5626 Πλὴν
2807 5554 2894 5606 διὰ
2949 5554 3156 5607 πολλῶν
3217 5554 3373 5606 τοῦτο
3431 5550 3729 5604 πεπόνθασι

1999 5731 2042 5761 ⁸⁸
2097 5731 2200 5787 lsn.
2242 5747 2347 5796 xw,
2404 5730 2490 5790 12.
2549 5733 2589 5762 ³⁷
2625 5731 2806 5786 Matth.
2846 5729 3052 5790 vm,31
3090 5743 3209 5796 sqq.
