4162 6392
355 392 463 450 553

1484 376 1551 432 IN
1592 377 1829 433 ISAIAM
1868 375 2000 433 LIB.
2040 375 2103 431 ll.
2152 374 2391 431 TOMUS
2431 376 2472 429 1.

3515 374 3622 430 554

354 507 582 581 γενεῶν,
608 501 945 575 τακήσεσθαι
973 502 1029 555 δὲ
1057 501 1156 572 τὴν
1190 497 1429 561 πλίνθον,
1462 500 1555 551 καὶ
1580 497 1858 552 πεσεῖσθαι
1884 501 1935 553 τὲ

2049 499 2217 553 irritae
2249 499 2470 560 fuerint,
2505 506 2558 551 et
2588 497 2677 566 qui
2710 495 2835 551 olim
2877 506 3212 565 erraverant,
3247 513 3342 570 per
3364 500 3522 557 iidem
3547 503 3612 556 ad

353 598 533 670 τεῖχός
573 612 728 665 φησι,
757 594 926 664 τείχει
967 588 1316 662 παρεικάζων
1343 588 1483 657 τάχα
1517 604 1619 640 που
1648 588 1737 640 τὸν
1764 589 1938 642 Σατα-

354 694 471 744 νᾶν.
514 687 697 750 Δεινὸς
744 685 855 757 γὰρ
886 686 965 746 εἰς
1013 682 1328 749 ἀντίστασιν
1371 680 1466 733 καὶ
1503 677 1614 733 οἷον
1658 680 1811 744 πόλις
1852 681 1941 733 εὐ-

356 780 678 852 πυργοτάτη
701 794 713 807 ·
750 777 866 830 ἀλλ’
907 775 1022 845 ἥλω
1054 775 1147 827 καλ⁸
1186 772 1442 826 πέπτωκε
1492 770 1725 841 Χριστοῦ
1770 788 1940 825 κατα-

357 875 616 935 σείοντος.
673 870 748 923 Ού
788 869 895 939 γὰρ
940 863 1007 938 ἦν
1052 865 1311 921 δύνασθαι
1358 864 1457 933 τήν
1513 863 1724 934 ἄμαχον
1777 861 1939 916 αὐτοῦ

363 956 638 1011 διεκδύναι
669 954 919 1024 δύναμιν.
946 953 1070 1005 Ὀτι
1096 951 1153 1003 δὲ
1178 947 1561 1022 καθῃρημένου
1593 950 1686 1000 καὶ
1719 961 1941 999 πεπτω-

357 1051 514 1113 κότος
554 1048 649 1102 τοῦ
701 1047 933 1111 Σατανᾶ,
976 1047 1372 1114 κατηρήμωται
1422 1040 1490 1093 τὰ
1514 1042 1614 1110 τῆς
1655 1039 1941 1093 εἰδωλολα-

355 1139 543 1211 τρείας
569 1139 820 1207 παίγνια,
859 1136 955 1190 καὶ
980 1134 1272 1204 κέκληνται
1304 1131 1392 1186 διὰ
1430 1131 1663 1195 πίστεως
1707 1132 1785 1195 είς
1816 1129 1939 1183 ἐπί-

357 1247 556 1298 γνωσιν
601 1228 859 1299 ἀληθείας
910 1229 959 1279 οἱ
1012 1225 1183 1279 πάλαι
1238 1222 1607 1293 πλανώμενοι,
1657 1222 1938 1293 μονονουχὶ

355 1318 761 1390 διαρπαζούσης
792 1318 989 1381 αὐτοὺς
1021 1318 1120 1387 τῆς
1150 1314 1481 1378 πανσθενοῦς
1508 1316 1705 1378 δεξιᾶς,
1738 1314 1937 1380 διδάξει

358 1408 532 1479 λέγων
564 1409 725 1472 αὐτὸς
749 1411 776 1462 ὁ
805 1409 994 1479 Σωτήρ
1020 1425 1033 1438 ·
1066 1427 1084 1457 σ
1121 1404 1186 1458 "ll
1224 1405 1340 1467 πῶς
1368 1404 1588 1458 δύναται
1628 1406 1707 1468 είς
1732 1406 1832 1476 τὴν
1862 1405 1939 1457 oi-

358 1502 482 1555 κίαν
531 1501 790 1554 εἰσελθεῖν
835 1498 927 1552 τοῦ
985 1497 1241 1569 ἰσχυροῦ,
1278 1497 1372 1549 καὶ
1421 1496 1490 1549 τὰ
1550 1497 1716 1567 σκεύη
1772 1497 1935 1550 αὐτοῦ

356 1593 675 1663 διαρπάσαι,
720 1592 815 1645 ἐὰν
856 1591 931 1663 μὴ
983 1590 1198 1662 πρῶτον
1243 1589 1381 1660 δήσῃ
1420 1589 1511 1641 τὸν
1561 1588 1809 1659 ἰσχυρὸν,
1843 1590 1939 1641 καὶ

357 1685 481 1737 τότε
513 1684 790 1756 διαρπάσῃ
831 1684 899 1736 τὰ
929 1682 1095 1752 σκεύη
1134 1680 1335 1746 αὐτοῦς
1367 1700 1385 1732 ι
1418 1680 1580 1743 Ἐθος
1613 1680 1669 1733 δὲ
1720 1681 1785 1751 τῇ
1821 1678 1940 1732 θεο-

361 1775 612 1846 πνεύστῳ
641 1775 831 1847 Γραφῇ
863 1774 988 1837 τοὺς
1018 1774 1156 1841 ἄγαν
1185 1772 1616 1843 ἀλκιμωτάτους,
1646 1771 1739 1824 καὶ
1771 1772 1936 1841 τείχει

2044 592 2285 646 veritatis
2340 590 2667 661 agnitionem
2738 589 2913 643 vocati
2980 589 3216 656 fuerint,
3260 593 3610 662 omnipotenti

2040 685 2261 739 dextera
2321 698 2415 738 eos
2475 690 2678 735 tantum
2746 696 2850 734 non
2910 682 3173 751 rapiente,
3223 684 3435 739 docebit
3499 686 3614 756 ipse

2041 777 2332 839 Servator,
2396 771 2688 841 inquiens:
2738 769 2878 823 «Vel
2947 771 3212 839 quomodo
3264 780 3440 840 potest
3489 773 3612 842 quis

2040 865 2247 936 ingredi
2281 865 2331 917 in
2376 864 2594 919 domum
2631 862 2807 928 fortis,
2838 872 2893 929 et
2924 877 3052 917 vasa
3084 862 3199 933 ejus
3226 863 3478 932 diripere,
3510 866 3611 921 nisi

2038 959 2187 1025 prius
2218 958 2462 1027 ligaverit
2484 954 2698 1022 fortem,
2725 963 2778 1009 et
2808 963 2932 1009 tunc
2949 970 3074 1010 vasa
3101 953 3218 1022 ejus
3243 955 3604 1025 diripiatW?»

2040 1049 2292 1105 Solemne
2314 1058 2491 1103 autem
2514 1058 2596 1103 est
2620 1047 2910 1118 Scriptura:
2937 1048 3119 1102 divino
3153 1047 3354 1118 Spiritu
3385 1048 3611 1118 proditae

2040 1141 2472 1205 robustissimos,
2500 1150 2552 1196 et
2579 1141 2769 1205 muris,
2791 1149 2847 1193 et
2876 1139 3096 1195 urbibus
3126 1139 3392 1206 conferre,
3420 1157 3610 1210 quem-

2039 1235 2327 1288 admodum
2383 1247 2515 1288 sane
2551 1242 2605 1287 et
2647 1232 2805 1287 beato
2858 1235 3131 1302 prophetae
3172 1231 3418 1288 Jeremiae
3476 1234 3611 1288 dixit

2039 1322 2213 1378 Deus:
2244 1322 2412 1378 «Ecce
2438 1323 2592 1392 posui
2623 1332 2675 1377 te
2704 1321 2965 1377 hodierno
3013 1322 3119 1389 die,
3152 1322 3301 1377 velut
3337 1324 3608 1377 civitatem

2040 1415 2321 1480 munitam,
2359 1424 2414 1470 et
2452 1414 2599 1469 velut
2634 1430 2844 1469 murum
2878 1428 3076 1469 aereum
3116 1417 3404 1483 munitum,
3435 1417 3610 1471 omni-

2036 1506 2138 1562 bus
2184 1507 2400 1577 regibus
2453 1516 2631 1572 terra),
2656 1514 2711 1561 et
2756 1504 3030 1560 bellabunt
3080 1515 3269 1561 contra
3303 1518 3374 1571 te,
3400 1516 3455 1562 et
3504 1523 3607 1562 nou

2035 1598 2407 1670 praevalebunt
2452 1599 2739 1652 adversum
2774 1606 2846 1663 te,
2879 1597 3002 1667 quia
3042 1606 3215 1653 tecum
3246 1614 3367 1653 sum
3406 1609 3466 1654 ut
3502 1601 3609 1654 eri-

2042 1692 2185 1762 piam
2219 1699 2290 1755 te,
2332 1690 2463 1745 dicit
2504 1689 2763 1745 Dominus
2789 1689 2854 1743 ⁸⁸.
2887 1708 2907 1741 ι
2942 1688 3483 1745 Commemorandum
3516 1705 3609 1745 ne-

2040 1782 2279 1839 cessario
2309 1790 2392 1836 est
2449 1782 2589 1852 quod
2625 1779 2782 1836 Jcsus
2813 1780 2952 1835 titius
2996 1779 3142 1835 Nave
3182 1781 3417 1850 quinque
3453 1796 3606 1851 reges

360 1870 454 1922 καὶ
501 1869 687 1922 πόλεσι
730 1868 1110 1939 παρεικάζειν,
1164 1864 1414 1936 καθάπερ
1446 1865 1638 1935 ἀμέλει
1673 1864 1764 1918 καὶ
1803 1865 1935 1935 πρὸς

2041 1875 2278 1944 gentium
2308 1884 2496 1943 captos
2522 1882 2576 1929 et
2599 1875 2767 1928 victos
2796 1875 2847 1927 in
2879 1874 3133 1943 Spelunca
3165 1873 3514 1938 concluserit,
3553 1882 3608 1928 et

358 1961 449 2013 τὸν
509 1961 779 2031 μακάριον
836 1960 1122 2029 προφήτην
1171 1957 1460 2031 Ἰερεμίαν.
1493 1957 1635 2027 Ἔφη
1684 1956 1793 2026 γάρ
1833 1973 1934 2008 που

359 2050 527 2114 Θεόςο
568 2071 586 2102 ι
631 2050 771 2104 Ἰδοὺ
812 2046 1127 2104 τεθείκασιν
1173 2050 1232 2101 ὲν
1273 2054 1339 2123 τῇ
1374 2053 1610 2121 σήμερον
1651 2049 1831 2120 ἡμέρᾳ
1862 2048 1937 2109 ὡς

360 2143 513 2195 πόλιν
546 2142 773 2213 ὀχυρὰν,
818 2142 912 2196 καὶ
946 2143 1021 2205 ὡς
1051 2145 1230 2213 τεῖχος
1259 2141 1492 2213 χαλκοῦν
1535 2141 1728 2212 ὀχυρὸν
1766 2140 1936 2193 ἅπασι

357 2238 471 2296 τοῖς
502 2234 777 2303 βασιλεῦσι
812 2235 912 2303 τῆς
957 2235 1082 2304 γῆς,
1121 2236 1214 2289 καὶ
1256 2234 1606 2305 πολεμήσωσί
1640 2250 1698 2285 σε
1743 2233 1835 2285 καὶ
1874 2232 1935 2284 ού

363 2327 435 2395 μὴ
460 2325 721 2379 δύνωνται
764 2328 901 2397 πρὸς
935 2328 1016 2389 σὲ,
1053 2328 1188 2381 διότι
1219 2326 1358 2397 μετὰ
1394 2326 1487 2378 σοῦ
1530 2327 1643 2396 εἰμι
1671 2325 1764 2378 τοῦ
1788 2323 1935 2390 ἐξαι-

361 2418 572 2489 ρεῖσθαι
609 2436 690 2483 σε,
728 2419 875 2487 λέγει
908 2421 1129 2491 Κύριος.
1161 2438 1179 2469 ι
1215 2417 1629 2488 Διαμεμνῆσθαι
1667 2418 1723 2470 δὲ
1770 2418 1938 2485 ἀναγ-

360 2512 534 2573 καῖον,
567 2511 648 2563 ὃτι
696 2510 900 2581 Ἰησοῦς
920 2514 949 2564 ό
971 2512 1064 2564 τοῦ
1095 2511 1270 2580 Ναυῆ,
1296 2512 1420 2572 τοὺς
1448 2510 1608 2562 πέντε
1635 2509 1740 2562 τῶν
1770 2508 1938 2562 ἐθνῶν

368 2601 607 2670 βασιλεῖς
625 2601 767 2655 κατὰ
794 2602 988 2672 κράτος
1002 2601 1157 2666 ἐλὼν,
1174 2602 1267 2655 καὶ
1283 2600 1582 2670 νενικηκὼς
1594 2600 1937 2653 κατέκλεισεν

359 2694 417 2744 ἐν
466 2693 745 2764 σπηλαίῳ,
790 2694 885 2746 καὶ
931 2692 1290 2765 προσεκύλισε
1335 2692 1514 2755 λίθους
1568 2692 1935 2761 ἀποφράττων

362 2781 547 2842 αὐτοῖς
599 2781 696 2850 τὴν
739 2781 1048 2853 διαδρομὴν.
1080 2782 1255 2837 Εἰκὼν
1299 2781 1355 2834 δὲ
1404 2777 1469 2852 ἦν
1509 2782 1936 2851 ἀποφράγματος

359 2871 614 2943 ἀληθοῦς.
653 2873 1127 2943 Κατεκλείσθησαν
1157 2874 1264 2946 γὰρ
1305 2876 1383 2937 εἰς
1430 2874 1694 2944 ὀχύρωμα
1731 2875 1824 2926 καὶ
1857 2876 1935 2935 εἰς

359 2962 732 3035 δεσμωτήριον
759 2965 846 3018 διὰ
875 2967 972 3036 τῆς
1004 2965 1241 3035 Χριστοῦ
1276 2965 1456 3035 ἰσχύος
1497 2968 1552 3018 αἱ
1580 2966 1813 3036 πονηραὶ
1844 2966 1937 3018 καὶ

361 3054 732 3122 ἀντικείμεναι
765 3054 1024 3124 δυνάμεις
1061 3056 1117 3107 αἱ
1165 3054 1649 3125 κατακρατήσασαί
1677 3072 1806 3107 ποτε
1838 3055 1936 3123 τῆς

358 3146 455 3197 ὑπ’
488 3146 737 3216 ούρανοῦ.
776 3146 1207 3218 Συγκατηργήθη
1244 3148 1298 3200 δὲ
1342 3148 1544 3211 αὐτοῖς,
1574 3148 1667 3199 καὶ
1703 3147 1764 3199 τὸ
1797 3148 1935 3217 μέγα

362 3237 455 3289 καὶ
500 3236 738 3308 apem/ﬁ
792 3254 920 3291 ποτε
949 3240 1122 3309 τεῖχος
1146 3278 1160 3296 ,
1206 3237 1350 3289 τοῦτ’
1404 3237 1570 3298 ἔστιν,
1608 3238 1635 3288 ὁ
1672 3238 1934 3299 Σοιτσινόίς⁴

2040 1963 2303 2030 lapidibus
2350 1963 2616 2019 advolutis
2652 1979 2935 2019 excursum
2983 1964 3063 2018 eis
3106 1973 3159 2018 et
3201 1964 3456 2033 effugium
3506 1962 3606 2017 ob-

2038 2045 2314 2107 struxei-it.
2352 2052 2531 2123 lutago
2560 2054 2824 2123 siquidem
2866 2054 2967 2108 fuit
3001 2056 3077 2109 rei
3124 2069 3285 2108 vera'.
3319 2053 3602 2109 Conclusa:

2038 2151 2179 2202 οιιίιιι
2213 2150 2449 2203 erantin
2489 2149 2795 2219 praesidium
2850 2157 2905 2203 et
2963 2162 3235 2203 carcerem
3300 2148 3604 2203 Servatoris

2039 2240 2351 2295 fortitudine
2407 2241 2561 2295 mala:
2602 2250 2656 2296 et
2707 2240 3029 2295 adversariae
3098 2250 3431 2311 potestates,
3487 2256 3605 2310 quae

2036 2333 2164 2387 olim
2196 2333 2381 2388 orbem
2430 2342 2585 2388 terra:
2624 2333 2991 2402 subegerunt:
3027 2331 3260 2388 abolitus
3306 2341 3483 2387 autem
3522 2342 3604 2387 est

2036 2440 2157 2479 cum
2182 2424 2286 2479 illis
2318 2440 2545 2494 magnus
2579 2433 2632 2478 et
2670 2424 2933 2478 infractus
2960 2423 3086 2478 olim
3111 2439 3316 2489 murus,
3348 2424 3599 2477 nimirum

2037 2517 2288 2571 Satanas.
2316 2517 2501 2572 Vocati
2550 2524 2675 2571 sunt
2730 2531 2826 2585 per
2876 2516 3053 2581 ﬁdem,
3083 2516 3175 2584 qui
3215 2515 3492 2581 errabant,
3545 2526 3602 2569 ut

2036 2616 2419 2677 cognoscerent
2458 2607 2732 2676 deinceps,
2762 2620 2885 2660 vere
2912 2614 2966 2659 et
3004 2616 3191 2660 natura
3221 2607 3598 2661 universorum

2038 2697 2390 2752 architectum
2431 2705 2488 2750 et
2525 2694 2691 2750 Deum
2720 2703 2774 2749 et
2807 2693 3108 2749 Dominum.
3151 2694 3439 2750 Sciendum
3472 2711 3604 2764 pras-

2042 2798 2187 2842 terea
2234 2786 2493 2855 quosdam
2535 2786 2649 2840 haec
2691 2786 2742 2839 in
2789 2784 2950 2838 alium
2996 2800 3210 2840 sensum
3251 2787 3317 2841 ad
3351 2794 3601 2840 ornatum

2034 2879 2155 2933 coeli
2203 2880 2434 2942 referre,
2491 2888 2544 2932 et
2602 2878 2851 2946 inquiunt
2898 2877 3041 2946 quod
3116 2876 3599 2931 consummationis

2035 2980 2273 3037 tempore
2321 2968 2399 3023 sol
2448 2969 2880 3032 obtenebrescet,
2928 2978 2983 3023 et
3029 2967 3151 3022 luna
3196 2982 3303 3022 non
3334 2965 3481 3021 dabit
3521 2965 3602 3019 lu-

2036 3076 2148 3114 cem
2182 3077 2354 3114 suam.
2390 3061 2492 3113 Sed
2525 3070 2759 3125 Oportet,
2791 3069 2848 3114 ut
2882 3061 3136 3126 arbitror,
3168 3058 3599 3129 interpretationi

2039 3157 2161 3214 apte
2216 3154 2267 3198 et
2313 3147 2824 3202 conrenientissime
2874 3149 3161 3203 verborum
3203 3147 3598 3218 propositorqu

2039 3234 2361 3287 sententiam
2391 3250 2605 3304 semper
2639 3238 2979 3305 reSpondere.

361 3327 667 3397 Κέκληνται
708 3328 764 3380 δὲ
803 3328 943 3381 οὕτω
981 3330 1066 3381 διὰ
1097 3327 1330 3389 πίστεως
1390 3329 1437 3379 οἱ
1472 3325 1810 3396 πλανώμενοι
1865 3326 2000 3396 πρὸς
2036 3327 2096 3378 τδ
2130 3326 2330 3379 εἰδέναι
2372 3326 2554 3379 λοιπὸν
2595 3328 2685 3381 τὸν
2727 3328 2940 3400 ἀληθῶς
2985 3330 3078 3383 καὶ
3123 3330 3280 3399 φύσει
3324 3331 3433 3385 τῶν
3466 3330 3601 3385 ὅλων

368 3417 694 3489 δημιουργὸν
734 3420 827 3472 καὶ
856 3419 987 3473 Θεὸν
1016 3420 1109 3473 καὶ
1132 3421 1357 3493 Κύριον.
1384 3419 1577 3473 ’ῐστέον
1602 3418 1657 3473 δὲ
1686 3421 1766 3475 ὅτι
1792 3419 1965 3475 ταῦτά
2000 3435 2141 3484 τινες
2180 3418 2509 3493 ἀποφέρουσι
2541 3420 2660 3475 καθ’
2699 3421 2889 3493 ἑτέραν
2914 3421 3147 3476 διάνοιαν
3171 3423 3262 3476 ἐπὶ
3284 3424 3371 3478 τὸν
3400 3426 3601 3497 κόσμον

357 3512 451 3564 τοῦ
500 3510 728 3585 οὐρανοῦ
758 3553 774 3577 ,
815 3513 910 3566 καί
936 3530 1132 3582 φασιν,
1177 3516 1259 3568 ὅτι
1283 3514 1422 3568 κατὰ
1455 3515 1546 3567 τὸν
1583 3514 1682 3585 τῆς
1721 3515 2028 3574 συντελείας
2065 3514 2254 3586 καιρὸν
2317 3516 2345 3567 ὁ
2391 3516 2539 3585 ἥλιος
2598 3513 3009 3587 σκοτισθήσεται
3033 3555 3048 3581 ,
3082 3515 3174 3569 καὶ
3211 3516 3245 3589 ή
3291 3514 3484 3587 σελήνη
3535 3518 3597 3570 οὐ

360 3604 521 3657 δώσει
548 3604 609 3657 τὸ
675 3604 877 3673 φέγγος
923 3605 1113 3675 αὐτῆς.
1188 3606 1398 3677 Χρῆναι
1470 3604 1526 3658 δὲ
1567 3602 1719 3675 οἶμαι
1788 3608 1902 3669 τοῖς
1945 3606 2293 3677 θεωρήμασιν
2348 3607 2665 3678 ἑπομένως,
2700 3608 2794 3660 καὶ
2837 3605 2896 3660 εὖ
2948 3608 3092 3678 μάλα
3137 3612 3597 3681 συνηρμοσμένως

360 3694 460 3758 τὰς
508 3693 617 3747 τῶν
660 3696 1041 3766 προκειμένων
1089 3696 1349 3750 ἑκάστοτε
1386 3696 1623 3761 διανοίας
1657 3698 2132 3768 ἀποπεραίνεσθαι.

433 3792 562 3845 ’Ότι
581 3792 943 3855 βασιλεύσει
968 3793 1182 3860 Κύριος
1207 3793 1276 3847 ἐν
1294 3791 1467 3854 Σιὼν,
1501 3791 1599 3846 καὶ
1622 3793 1690 3846 ἐν
1716 3792 1931 3860 Ἰερου-

357 3881 587 3952 σαλὴμ,
616 3883 711 3936 καὶ
747 3882 1001 3936 ἐνώπιον
1034 3882 1153 3937 τῶν
1180 3883 1595 3953 πρεσϐυτέρων
1635 3882 1932 3952 δοξασθή-

358 3993 551 4032 σεται.

429 4068 567 4123 Σιὼν
634 4068 993 4140 ἑρμηνεύεται
1038 4066 1280 4137 ὑψηλὴ,
1334 4068 1427 4121 καὶ
1466 4068 1926 4138 σκοπευτήριον,

360 4160 526 4230 ήγουν
569 4158 923 4231 Ἰερουσαλὴμ
945 4198 959 4222 ,
994 4158 1204 4226 ὅρασις
1230 4157 1495 4227 εἰρήνης.
1540 4158 1939 4231 Σκοπευτήριον

2109 3796 2275 3869 348
2293 3795 2456 3852 Vens.
2481 3794 2573 3849 £5.
2604 3793 2745 3860 Quia
2781 3794 3011 3862 regnabit
3036 3794 3290 3850 Dominus
3318 3798 3371 3851 in
3394 3798 3523 3854 Sion
3548 3810 3599 3854 et

2036 3890 2089 3943 in
2111 3887 2424 3954 Jerusalem,
2449 3895 2496 3942 et
2523 3902 2699 3940 coram
2731 3884 3021 3939 senioribus
3048 3884 3454 3955 gloriﬁcabitur.

2104 4061 2230 4117 Sion
2271 4061 2559 4132 exponitur
2598 4061 2834 4124 excelsa,
2874 4069 2928 4115 et
2966 4060 3175 4129 specula
3206 4076 3226 4115 :
3268 4059 3594 4130 Jerusalem.

2034 4155 2161 4209 uisio
2192 4155 2356 4223 pacis.
2391 4151 2618 4223 Specula
2668 4153 2847 4222 itaque
2868 4168 2994 4208 vera
3033 4165 3087 4210 et
3108 4155 3254 4225 pacis
3281 4157 3413 4212 visio
3472 4173 3598 4213 vere

359 4249 452 4307 οῦν
475 4254 533 4307 τὸ
554 4253 749 4324 ἀληθὲς
775 4253 869 4307 καὶ
899 4254 1002 4324 μὴν
1020 4252 1113 4305 καὶ
1128 4252 1348 4323 εἰρήνης
1374 4252 1580 4322 ὅρασις,
1608 4254 1690 4323 εἴη
1711 4252 1776 4305 ἂν
1799 4252 1935 4305 κατά

2035 4263 2135 4302 esse
2163 4248 2363 4316 poterit
2392 4247 2590 4301 Christi
2627 4246 2889 4300 Ecclesia.
2920 4245 2979 4299 In
3010 4262 3073 4302 ea
3110 4248 3255 4301 cnim
3286 4246 3595 4301 divinorum

360 4362 424 4413 γε
469 4347 529 4398 τὺ
558 4344 755 4415 ἀληθὲς
794 4347 826 4415 ἡ
864 4344 1161 4415 Ἐκκλησία
1184 4343 1436 4412 Χριστοῦ.
1478 4344 1564 4397 Ἑν
1598 4343 1732 4415 αὐτῇ
1765 4344 1872 4414 γὰρ
1904 4345 1935 4414 ἡ

2035 4340 2134 4407 :jus
2154 4340 2535 4410 mysteriorum
2561 4338 2932 4394 excelsissima
2958 4339 3256 4409 speculatio
3285 4353 3406 4393 esse
3435 4336 3591 4401 solet,

359 4437 467 4489 τῶν
496 4435 653 4489 θείων
684 4435 845 4490 αὑτοῦ
881 4435 1196 4505 μυστηρίων
1244 4434 1551 4506 ὑψηλοτάτη
1582 4434 1927 4504 κατάσκεψις

2035 4440 2068 4486 :t
2096 4432 2244 4501 pacis
2270 4431 2426 4486 visio.
2451 4430 2651 4487 Pacem
2684 4447 2806 4486 esse
2839 4430 3074 4487 dicimus
3101 4431 3408 4495 Christum,
3431 4444 3595 4499 quem

361 4527 699 4598 πράττεσθαι
725 4528 887 4596 φιλεῖ,
911 4527 1005 4580 καὶ
1032 4527 1137 4597 μὴν
1170 4527 1262 4579 καὶ
1293 4528 1444 4597 ήτῆς
1469 4528 1689 4599 εἰρήνης
1718 4528 1924 4597 ὅρασις.

360 4620 596 4691 Είρήνην
636 4620 693 4682 δὲ
719 4614 856 4672 εἷναί
886 4636 1065 4689 φαμεν
1086 4618 1177 4671 τὸν
1210 4618 1473 4690 Χριστὸν,
1508 4618 1567 4671 ὃν
1608 4618 1782 4689 ἐκτῆς
1813 4618 1928 4671 θεο-

361 4711 625 4765 πνεύστου
659 4713 882 4784 Γραφῆς
927 4711 1382 4782 ὲπιγινώσκομεν,
1419 4710 1755 4784 γεγραφότος
1800 4709 1928 4780 περὶ

361 4802 527 4855 αὐτοῦ
571 4803 847 4872 πανσόφου
889 4803 1163 4867 Μωσέως,
1212 4802 1305 4855 καὶ
1337 4803 1471 4873 πρός
1497 4819 1561 4870 γε
1605 4800 1778 4871 τούτῳ
1819 4802 1928 4856 τῶν

360 4894 529 4961 ἁγίων
565 4893 879 4964 προφητῶν.
924 4893 1342 4965 Περιηρημένης
1381 4890 1668 4963 τοιγαροῦν
1705 4891 1804 4958 τῆς
1843 4890 1929 4960 βε-

359 4985 524 5055 ϐήλου
576 4986 670 5039 καὶ
716 4987 965 5057 μυσαρᾶς
1016 4984 1484 5055 εἰδωλολατρείας,
1546 4983 1640 5037 καὶ
1689 4981 1931 5035 ἐκποδὼν

364 5077 639 5144 γεγονότος
681 5078 775 5131 τοῦ
831 5076 1252 5147 προσκυνεῖσθαι
1290 5077 1390 5147 τήν
1440 5075 1650 5139 κτίσιν,
1699 5092 1932 5129 κατακε-

362 5166 694 5236 κλεισμένων
730 5168 785 5220 δὲ
821 5169 913 5221 καὶ
943 5169 1021 5231 είς
1050 5167 1311 5239 ὀχύρωμα
1341 5168 1433 5220 καὶ
1462 5168 1541 5229 είς
1563 5167 1930 5238 δεσμωτήριον

364 5261 465 5313 τῶν
503 5262 567 5315 ἐκ
619 5260 930 5325 πλεονεξίας
964 5260 1383 5332 κεκρατηκότων
1421 5261 1521 5330 τῆς
1557 5260 1646 5311 ὑπ’
1683 5258 1929 5329 οὐρανὸν,

362 5354 832 5423 κατατετηγμένου
869 5370 927 5405 τε
964 5352 1057 5405 τοῦ
1092 5352 1325 5422 τείχους,
1358 5351 1452 5404 καὶ
1491 5353 1555 5404 ὲκ
1586 5350 1797 5421 βάθρων
1837 5351 1931 5403 αύ-

364 5442 466 5495 τῶν
513 5445 1028 5512 κατασεσεισμένου,
1077 5443 1219 5497 κατά
1256 5461 1319 5511 γε
1370 5444 1469 5507 τὰς
1504 5444 1603 5513 ήδη
1635 5442 1932 5513 προαποδο·

362 5528 553 5595 θείσας
574 5534 802 5597 ἐννοίας,
836 5533 1137 5603 βασιλεύσει
1166 5534 1367 5605 Κύριος
1410 5534 1467 5585 ἐν
1496 5531 1653 5599 Σιὼν,
1685 5532 1777 5585 καὶ
1803 5534 1935 5585 ὲνώ-

362 5640 484 5676 ’τιον
509 5623 617 5676 τῶν
663 5622 1045 5695 πρεσϐυτέρων
1083 5622 1489 5693 δοξασθήσεται.
1524 5620 1933 5694 Πρεσδυτέρους

402 5804 405 5807 ‘
434 5801 497 5830 "'
535 5798 721 5851 Matth.
754 5814 851 5861 xu,
891 5797 982 5851 '29.
1061 5797 1105 5828 ³⁸
1135 5796 1329 5851 Jerem.
1373 5814 1459 5863 xv,
1485 5797 1570 5852 20-

605 5899 870 5956 pATRUL.
907 5900 1017 5956 Gtt.
1068 5897 1233 5955 LXX.

2022 4532 2087 4571 ex
2164 4515 2443 4584 Scriptura
2503 4515 2760 4569 divinitus
2818 4517 3077 4582 inspirata
3125 4516 3488 4581 agnoscimus,
3518 4532 3597 4572 sa-

2026 4607 2361 4678 pientissimo
2395 4604 2543 4659 Mose
2574 4606 2639 4658 de
2678 4606 2794 4673 ipso
2819 4604 3112 4667 scribente,
3139 4614 3397 4671 praeterea
3428 4608 3593 4660 etiam

2026 4699 2227 4753 sanctis
2280 4696 2576 4768 prophetis.
2635 4694 2963 4750 Circumcisa
3030 4695 3212 4763 itaque
3265 4697 3489 4765 profana
3542 4710 3599 4754 et

2026 4790 2328 4847 detestabili
2360 4788 2682 4854 idololatria,
2710 4796 2766 4841 et
2801 4802 2834 4843 e
2872 4788 3048 4842 medio
3090 4788 3301 4843 sublata
3334 4798 3597 4845 creaturae

2027 4881 2365 4943 adoratione,
2395 4888 2448 4933 et
2488 4879 2778 4933 coarctatis
2830 4877 2883 4932 in
2947 4877 3255 4947 praesidium
3291 4887 3347 4933 et
3396 4879 3449 4933 in
3508 4895 3598 4934 er-

2033 4973 2300 5045 gastulum
2349 4972 2438 5026 his
2466 4972 2556 5040 qui
2610 4986 2677 5026 ex
2726 4969 2965 5040 improba
2992 4970 3286 5038 cupiditate
3335 4972 3593 5025 mundum

2032 5071 2386 5134 occuparunt,
2411 5061 2715 5132 liquefaCtis
2747 5061 3035 5126 moenibus,
3060 5069 3115 5116 et
3158 5076 3187 5115 a
3231 5061 3596 5117 fundamentis

2034 5158 2163 5227 ipsis
2181 5157 2331 5224 juxta
2357 5157 2630 5225 expositas
2654 5155 2765 5224 jam
2796 5162 2922 5208 ante
2947 5154 3246 5209 sententias
3271 5167 3598 5223 conquassa-

2034 5250 2124 5313 tis,
2154 5247 2399 5318 regnabit
2450 5247 2712 5301 Dominus
2742 5246 2795 5299 in
2830 5244 2986 5310 Sion,
3013 5253 3069 5298 et
3090 5258 3270 5299 coram
3297 5245 3598 5300 senioribus

2033 5343 2205 5414 gloria
2260 5339 2571 5395 extolletur.
2618 5337 2867 5392 Seniores
2913 5346 3042 5405 puto
3086 5349 3278 5390 vocare
3312 5334 3460 5389 illum
3512 5337 3598 5389 hic.

2034 5444 2215 5489 mente
2260 5434 2496 5502 integros
2528 5441 2582 5486 et
2617 5428 2905 5500 perfectos,
2952 5437 3007 5482 et
3053 5428 3236 5481 animo
3262 5427 3423 5481 veluti
3462 5441 3598 5481 cano

2033 5525 2308 5595 praeditos,
2360 5533 2417 5576 ut
2449 5522 2630 5577 cordis
2679 5520 2852 5575 oculis
2907 5517 3285 5589 mysteriorum
3320 5514 3435 5584 ejus
3474 5530 3598 5585 pro-

2035 5617 2352 5671 funditatetn
2412 5622 2630 5684 possent
2692 5611 2912 5665 intueri.
2971 5608 3064 5663 llis
3117 5607 3333 5678 sapiens
3386 5622 3600 5678 quoque

3089 5871 3157 5934 18
3490 5833 3583 5937 ξ.
