4162 6392
549 417 651 475 555

1573 415 1629 471 S.
1672 407 1945 473 CYRILLI
1978 410 2449 471 ALEXANDRINI
2496 412 2816 472 ARCHIEP.

3705 411 3809 471 556

544 541 778 597 Joannes
807 535 997 595 scribit
1024 522 1208 591 dicens
1235 551 1247 589 :
1280 552 1297 586 ι
1324 522 1517 591 Scribo
1552 534 1725 601 vobis,
1754 544 1956 605 patres,
1986 536 2113 605 quia

2220 534 2296 599 δὲ,
2321 533 2394 599 ὦς
2428 553 2490 605 γε
2536 531 2709 605 οἶμαι,
2739 537 2901 604 φησὶν
2943 536 3000 586 ὲν
3027 530 3236 597 τούτοις
3264 532 3391 598 τοὺς
3427 530 3664 597 τελείους
3709 533 3811 603 τὴν

546 631 875 703 cognovistis
915 643 1039 685 eum
1076 627 1168 698 qui
1199 626 1268 682 ab
1288 628 1444 683 initio
1476 637 1561 684 est
1599 628 1665 681 ”.
1693 647 1712 680 ι
1762 627 1868 683 Sed
1895 629 1987 698 qui
2029 645 2117 683 no-

549 730 671 777 runt
692 721 1051 785 admirantur,
1086 728 1140 774 et
1176 717 1403 788 gloriam
1428 718 1479 773 ei
1503 718 1737 773 divinam
1780 719 2041 784 tribuunt,
2063 728 2119 774 et

548 828 733 883 regem
775 811 923 866 illum
975 826 1040 865 ac
1083 810 1453 866 universitatis
1481 810 1769 865 Dominum
1800 825 1922 866 esse
1950 810 2119 866 conti-

547 916 749 961 tentur.
784 905 939 972 Quod
973 913 1151 960 autem
1179 904 1379 960 diaboli
1414 904 1702 976 tyrannide
1734 905 1787 959 in
1814 912 1980 959 totum
2027 906 2118 960 de~

547 997 676 1060 leta,
711 996 966 1051 Christus
1004 997 1267 1066 regnarit,
1298 996 1531 1066 ipsemet
1577 994 1811 1059 docebit,
1846 996 2118 1066 inquiens,

549 1091 763 1158 quando
793 1090 1027 1161 seipsum
1067 1106 1165 1160 pro
1194 1091 1305 1144 vita
1356 1089 1597 1144 omnium
1640 1090 1872 1160 pretium
1916 1090 2123 1145 redem-

548 1179 745 1250 ptionis
770 1179 880 1235 Deo
912 1189 967 1234 et
1000 1178 1147 1233 Patri
1185 1175 1398 1242 obtulit,
1435 1175 1724 1247 pretiosam
1769 1189 1985 1229 crucem
2026 1190 2123 1243 pro

546 1271 703 1327 nobis
727 1271 1005 1327 sustinens
1037 1289 1051 1326 :
1090 1288 1110 1322 ι
1132 1267 1287 1325 Nunc
1324 1267 1591 1339 judicium
1621 1278 1703 1325 est
1732 1266 1892 1336 hujus
1915 1269 2121 1333 mundi,

544 1378 689 1419 nunc
721 1363 975 1434 princeps
1005 1363 1188 1419 mundi
1224 1363 1384 1435 hujus
1408 1361 1657 1431 ejicietur
1682 1362 1852 1417 foras.
1872 1360 1939 1416 Et
1957 1377 2058 1432 ego
2079 1363 2121 1417 si

545 1455 811 1510 exaltatus
837 1455 904 1510 de
934 1466 1077 1510 terra
1130 1454 1307 1519 fuero,
1340 1468 1530 1509 omnes
1579 1452 1793 1507 traham
1837 1453 1903 1507 ad
1947 1452 2117 1522 meip-

547 1561 667 1600 smn
697 1545 764 1599 ‘°.
794 1564 812 1598 ι
853 1545 1193 1617 Quapropter
1223 1561 1317 1602 eos
1353 1546 1444 1616 qui
1486 1547 1538 1601 in
1583 1554 1693 1600 tota
1732 1554 1874 1601 terra
1901 1544 2120 1614 degunt,

548 1635 663 1689 suis
714 1636 946 1706 sceptris
998 1636 1526 1708 subjugavit,ejecto
1570 1646 1696 1690 ante
1730 1636 1912 1691 saeculi
1964 1636 2121 1704 hujus

549 1728 816 1796 principe.
867 1728 1162 1798 Ejectionis
1204 1737 1383 1785 autem
1435 1743 1663 1794 nomen,
1717 1728 2013 1801 tyrannidis
2066 1728 2118 1783 in

547 1833 738 1873 omnes
764 1822 1102 1877 eversionem
1139 1822 1349 1877 videtur
1379 1822 1662 1876 denotare.

2221 627 2414 698 φρένα,
2438 626 2534 680 καὶ
2567 625 2729 679 οἱονεὶ¹
2748 624 2836 678 τὸν
2869 622 2994 678 νοῦν
3021 622 3431 693 πεπολιωμένον
3464 622 3707 693 ἔχοντας,
3733 620 3809 685 ὡς

2219 720 2479 774 δύνασθαι
2528 718 2766 772 κατιδεῖν
2806 719 2919 781 τοῖς
2974 717 3074 788 τῆς
3136 715 3367 787 καρδίας
3407 715 3649 786 δμμασι,
3698 714 3806 767 τῶν

2221 808 2351 884 περὶ
2380 810 2547 866 αὑτοῦ
2578 809 2894 883 μυστηρίων
2921 808 2980 863 τὸ
3007 807 3190 879 βάθος.
3219 806 3440 872 Τούτοις
3465 807 3561 878 mi.
3589 809 3617 860 ὁ
3645 806 3806 874 σοφὸς

2232 904 2485 976 Ἰωάννης
2515 904 2816 958 ἐπιστέλλει
2856 901 3031 972 λέγων
3054 918 3068 934 ο
3098 922 3116 954 ι
3142 901 3344 973 Γράφω
3370 901 3520 971 ὑμῖν,
3547 899 3801 970 πατέρες,

2220 996 2302 1050 ὅτι
2330 996 2606 1067 ἐγνώκατε
2632 996 2725 1051 τὸν
2758 995 2852 1051 ἀπ’
2883 994 3077 1068 ἀρχῆς.
3105 1013 3122 1046 ι
3161 989 3301 1047 Ἀλλ’
3328 994 3377 1046 οἱ
3404 993 3643 1062 γνόντες,
3672 990 3800 1044 θαυ-

2223 1086 2455 1160 μάζουσι
2498 1089 2592 1141 καὶ
2632 1088 2933 1143 ἀνάπτουσι
2973 1084 3131 1151 δόξαν
3174 1084 3323 1155 αὐτῷ
3359 1083 3457 1155 τὴν
3496 1080 3801 1153 θεοπρεπῆ,

2224 1179 2449 1249 βασιλέα
2478 1180 2573 1233 καὶ
2598 1178 2804 1249 Κύριον
2830 1178 2937 1232 τῶν
2959 1178 3096 1232 ὅλων
3122 1174 3511 1247 ὁμολογοῦντες
3540 1172 3803 1243 ὑπάρχειν

2222 1272 2406 1325 αὐτόν.
2425 1271 2546 1323 Ὅτι
2576 1270 2633 1324 δὲ
2658 1271 2759 1342 τῆς
2787 1270 2881 1325 τοῦ
2913 1270 3161 1324 διαϐόλου
3202 1268 3515 1340 τυραννίδος
3548 1267 3627 1328 είς
3660 1263 3804 1317 ἅπαν

2225 1364 2568 1437 ἐξῃρημένης
2614 1364 2997 1435 βεϐασίλευκεν
3038 1366 3067 1418 ὁ
3095 1363 3349 1435 Χριστὸς,
3394 1359 3592 1423 διδάξει
3629 1356 3805 1425 λέγων

2227 1456 2410 1521 αὑτὸς,
2461 1457 2552 1510 ὅτε
2608 1457 2710 1527 τῆς
2767 1457 3024 1512 ἁπάντων
3076 1456 3223 1526 ζωῆς
3253 1452 3564 1523 ἀντίλυτρον
3613 1448 3805 1501 ἑαυτὸν

2228 1548 2599 1621 προσεκόμισε
2645 1549 2724 1620 τῷ
2751 1548 2872 1621 Θεῷ
2915 1551 3011 1604 καὶ
3054 1547 3251 1620 Πατρὶ,
3300 1546 3390 1598 τὸν
3431 1543 3612 1613 τίμιον
3666 1540 3807 1609 ὑπὲρ

2225 1646 2385 1718 ἡμῶν
2427 1646 2713 1718 ὑπομένων
2743 1646 2972 1719 σταυρόν
2991 1660 3005 1674 ·
3036 1664 3054 1697 ι
3081 1644 3195 1697 Νῦν
3232 1642 3410 1714 κρίσις
3448 1640 3564 1694 ἐστὶ
3595 1636 3686 1691 τοῦ
3712 1636 3806 1688 κό-

2229 1752 2365 1805 σμου
2403 1736 2617 1801 τούτου,
2656 1735 2751 1791 νῦν
2787 1738 2815 1790 ὁ
2842 1737 3026 1806 ἄρχων
3055 1732 3147 1787 τοῦ
3174 1733 3377 1803 κόσμου
3400 1730 3588 1784 τούτου
3614 1726 3808 1797 ἐκϐλη-

2230 1824 2453 1898 θήσεται
2489 1828 2626 1895 ἔξωο
2659 1829 2814 1899 κάγὼ
2843 1828 2938 1882 ἐὰν
2980 1826 3179 1898 ὑψωθῶ
3220 1828 3283 1879 ὲκ
3310 1826 3409 1895 τῆς
3442 1824 3567 1893 γῆς,
3598 1820 3807 1881 πάντας

544 1908 759 1963 ἑλκύσω
796 1911 933 1982 πρὸς
966 1912 1261 1983 ἐμαυτόν.»
1298 1912 1507 1965 Ούκοῦν
1547 1914 1659 1975 τοῖς
1698 1911 1851 1977 ἰδίοις
1891 1911 2231 1980 καθυπέταξε
2304 1920 2602 1990 σκήπτροις
2650 1921 2777 1985 τοὺς
2817 1920 2922 1975 ἀνὰ
2967 1921 3148 1973 πᾶσαν
3212 1917 3312 1988 τὴν
3373 1916 3496 1985 γῆν,
3536 1908 3805 1984 προεκϐε-

545 2004 763 2076 ϐληκὼς
789 2007 882 2061 τὸν
925 2007 1160 2079 ἄρχοντα
1203 2007 1294 2061 τοῦ
1337 2007 1531 2072 αίῶνος
1564 2006 1776 2062 τούτου.
1807 2009 1881 2065 Τὸ
1926 2010 1983 2063 δέ
2032 2010 2132 2081 τῆς
2194 2012 2424 2085 ἐκϐολῆς
2463 2015 2654 2086 ὄνομα,
2694 2016 2793 2087 τῆς
2833 2015 2971 2069 κατὰ
3039 2016 3256 2068 πάντων
3297 2007 3607 2075 πλεονεξίας
3632 2018 3775 2058 κατα

546 2097 829 2167 σημαίνειν
858 2096 1001 2152 ἔοικε
1025 2099 1120 2159 τὴν
1150 2101 1482 2172 ἀνατροπήν.

624 2266 699 2323 ⁸⁸1
730 2269 883 2326 Joan.
927 2287 984 2339 ιι,
1020 2272 1107 2327 i5.
1182 2271 1227 2303 ⁸ο
1258 2270 1412 2327 Joan.
1439 2289 1537 2336 xu,
1569 2273 1658 2335 5i,
1690 2273 1778 2327 δί.

1529 2623 1964 2712 ΒΙΒΛΙΟΝ
2036 2620 2163 2711 Γ’.
2238 2626 2600 2715 ΤΟΜΟΙ
2675 2629 2760 2713 E'

1042 2960 1204 3036 349
1248 2980 1604 3071 LIBER
1678 2978 2232 3073 TERTIUS.
2311 2978 2614 3073 TOMI
2692 2985 3291 3091 QUINQUE.

2124 3208 2192 3223 '

1178 3353 1413 3412 TOMUS
1441 3353 1484 3412 1.

610 3478 738 3527 LAP.
778 3467 943 3525 XXV.
981 3466 1148 3523 Vens.
1179 3469 1230 3521 1.
1270 3470 1490 3524 Domine
1527 3474 1664 3526 Deus
1712 3490 1875 3537 meus,
1917 3474 2121 3543 gloriﬁ-

538 3563 666 3617 cabo
725 3573 794 3626 te,
846 3573 893 3614 et
924 3561 1129 3630 hymnis
1184 3560 1412 3615 laudabo
1468 3578 1651 3616 nomen
1679 3576 1850 3631 tuum,
1878 3566 2003 3635 quia
2039 3582 2119 3619 res

539 3656 703 3709 miras
756 3655 949 3724 fecisti,
986 3653 1264 3706 consilium
1308 3656 1577 3724 antiquum
1607 3671 1824 3709 verum:
1855 3657 1974 3726 ﬁat,
2008 3657 2117 3711 Do-

537 3749 700 3802 mine.

612 3839 666 3893 ln
695 3853 760 3893 eo
784 3851 939 3905 quem
973 3835 1302 3890 absolvimus
1342 3835 1501 3902 libro,
1527 3837 1786 3907 propheta
1817 3838 2115 3893 orationem

540 3930 783 4001 longam,
842 3927 1241 3995 reconditisque
1293 3925 1504 3996 plenam
1565 3928 1848 3982 sententiis
1906 3928 2112 3995 habuit,

538 4037 767 4077 exorsus
809 4031 919 4074 tum
962 4020 1025 4075 de
1064 4018 1269 4073 malitia
1301 4019 1522 4086 diaboli,
1553 4018 1840 4088 futuraque
1893 4020 1942 4076 ei
1983 4037 2115 4092 sup-

538 4113 701 4184 plicio
732 4126 797 4167 ac
820 4125 999 4182 paena,
1029 4120 1140 4165 tum
1168 4110 1333 4165 etiam
1364 4111 1430 4166 de
1453 4110 1821 4181 improbarum
1852 4122 1905 4166 et
1928 4113 2113 4168 adver-

542 4206 807 4260 sariarum
874 4211 1198 4273 potestatum
1249 4202 1571 4257 eversione:
1604 4202 1800 4272 quibus
1851 4214 2113 4274 praeterea

538 4297 689 4367 regni
742 4295 939 4351 Christi
1008 4294 1203 4364 adjecit
1275 4295 1702 4365 praedictionem.
1762 4296 1907 4351 Dixit
1971 4299 2112 4352 enim

496 4399 500 4403 '
538 4398 887 4458 regnaturum
931 4386 1214 4441 Dominum
1248 4385 1301 4439 in
1344 4384 1494 4453 Sion,
1525 4394 1580 4441 et
1608 4386 1663 4442 in
1706 4385 2025 4457 Jerusalem,
2060 4399 2115 4445 et

534 4483 593 4539 in
639 4490 925 4552 conSpectu
979 4480 1250 4535 seniorum
1307 4478 1710 4535 celebrandum.
1748 4480 1949 4538 Horum
1994 4500 2115 4539 om-

537 4574 682 4628 nium
706 4587 870 4627 causa
911 4574 1142 4639 repletus
1185 4578 1268 4625 est
1305 4571 1564 4641 propheta
1613 4573 1828 4642 gaudio,
1858 4585 1911 4629 et
1934 4590 2111 4630 rerum

540 4674 649 4719 tam
672 4663 1069 4718 admirabilium
1109 4660 1413 4717 eﬂ'ectorem
1449 4671 1609 4717 ornat
1660 4666 1937 4722 encomiis.
1964 4666 2113 4721 Ideo-

486 4806 489 4809 λ
537 4773 643 4826 que
684 4758 896 4824 inquit:
941 4754 1165 4809 Domine
1216 4754 1355 4809 Deus
1394 4770 1566 4823 meus,
1607 4758 1894 4813 celebrabo
1946 4767 2021 4823 te,
2057 4768 2111 4813 et

539 4848 752 4919 hymnis
793 4845 1023 4901 cantabo
1047 4860 1244 4900 nomen
1287 4855 1468 4901 tuum:
1504 4848 1787 4902 consilium
1827 4848 2108 4919 antiquum

539 4952 594 4994 et
624 4954 834 4998 verum,
868 4951 1065 5006 resque
1100 4936 1268 4992 miras
1317 4936 1561 4992 eﬂ‘ecisti.
1605 4938 1739 5005 Quia
1787 4939 1951 5010 350
1980 4957 2110 4998 vero

538 5033 605 5085 de
636 5031 720 5084 his
758 5045 877 5099 quae
905 5030 1140 5084 nondum
1188 5028 1328 5083 iacta
1356 5039 1484 5084 sunt
1511 5044 1575 5084 eo
1619 5040 1877 5100 tempore,
1911 5034 2107 5099 fecisti,

539 5124 687 5185 dicit,
736 5122 879 5191 quod
916 5136 1020 5175 non
1079 5123 1271 5176 ﬁerent
1320 5123 1530 5188 adhuc;
1567 5122 1660 5177 sed
1697 5139 1921 5192 prorsus
1961 5126 2112 5194 peni-

540 5229 730 5282 tusque
772 5214 982 5274 forent,
1041 5213 1373 5279 subiudicat,
1422 5215 1633 5284 adjecto
1670 5216 1777 5281 illo,
1820 5217 1971 5282 Fiat,
2007 5218 2114 5272 Do-

540 5306 705 5361 mine.
760 5303 895 5357 Nam
945 5306 1208 5360 adventus
1253 5315 1465 5377 tempus
1521 5308 1663 5363 velut
1715 5310 1926 5365 instans
1951 5310 2116 5364 animi

539 5396 713 5448 orulis
735 5395 1010 5460 videbant,
1057 5408 1111 5451 et
1162 5398 1396 5453 nondum
1447 5414 1683 5469 praesens
1724 5400 1942 5456 minime
1970 5401 2121 5472 igno-

540 5486 756 5539 rahant.
792 5487 1086 5542 Consilium
1120 5498 1296 5543 autem
1329 5500 1584 5557 tanquam
1615 5492 1916 5561 antiquum,
1938 5502 1993 5548 et
2026 5508 2112 5549 res

540 5575 727 5641 miras,
766 5577 994 5644 appellat
1023 5579 1372 5633 humanitatis
1402 5579 1671 5650 llnigeniti
1697 5584 2032 5651 mysterium,
2058 5592 2113 5639 et

539 5681 659 5735 qua:
697 5668 766 5723 ab
802 5682 867 5723 ea
922 5670 1140 5724 fuerunt
1191 5684 1289 5740 per
1324 5670 1629 5726 universam
1676 5682 1873 5729 terram
1905 5676 2111 5729 instau-

541 5765 679 5812 rata.
717 5773 740 5809 ‹
776 5755 987 5814 Servati
1041 5758 1182 5812 enim
1218 5775 1404 5814 sumus
1460 5760 1511 5814 in
1572 5760 1811 5827 Christo,
1867 5764 1956 5835 qui
1985 5773 2113 5819 ante

542 5845 724 5903 mundi
756 5847 1190 5907 constitutionem
1231 5849 1511 5919 przescitus
1545 5861 1648 5917 est,
1691 5862 1745 5907 et
1775 5853 1827 5908 in
1857 5856 2112 5911 extremis

2859 3358 2902 3409 Τ
2906 3356 3091 3410 ΟΜΟΣ
3117 3357 3193 3412 A'.

2291 3476 2467 3541 Κύριε
2492 3477 2526 3526 ό
2567 3474 2712 3537 Θεός
2735 3488 2877 3541 μου,
2918 3468 3159 3536 δοξάσω
3181 3485 3274 3537 σε,
3301 3482 3399 3524 και
3433 3453 3688 3541 ὑμνήσω
3731 3472 3797 3526 τὸ

2221 3562 2408 3633 ὄνομά
2445 3578 2583 3626 σου,
2617 3562 2705 3615 ὅτι
2737 3560 3033 3629 ἐποίησας
3084 3564 3398 3631 θαυμαστὰ
3459 3562 3794 3633 πράγματα,

2212 3655 2462 3723 ,βουλὴν
2488 3654 2751 3723 ἀρχαίαν
2781 3652 3102 3721 ἀληθινήν
3138 3652 3388 3723 γένοιτο,
3424 3656 3618 3723 Κύριε.

2300 3833 2387 3887 Ἐν
2413 3834 2510 3904 μὲν
2532 3834 2609 3905 τῷ
2628 3835 2990 3905 τετελεσμένῳ
3015 3834 3201 3905 βιϐλίῳ
3226 3835 3433 3906 μακρὸς
3448 3834 3526 3907 τῷ
3546 3837 3802 3909 προφήτῃ

2216 3926 2402 3995 γέγονε
2422 3925 2597 3994 λόγος,
2621 3926 2715 3978 καὶ
2729 3925 2817 3978 διὰ
2832 3925 3228 3996 κεκρυμμένων
3249 3926 3463 3981 ἐννοιῶν
3482 3928 3797 3999 ἐρχόμενος,

2217 4018 2346 4090 περί
2365 4035 2423 4071 τε
2443 4017 2543 4088 τῆς
2562 4018 2656 4070 τοῦ
2676 4017 2918 4070 διαϐόλου
2945 4019 3281 4088 σκαιότητος,
3301 4019 3395 4073 καὶ
3419 4020 3518 4092 τῆς
3535 4020 3799 4092 ἐσομένης

2218 4109 2306 4161 ἐπ’
2337 4106 2487 4178 αὑτῷ
2538 4105 2809 4171 κολάσεώς
2844 4122 2903 4160 τε
2939 4107 3034 4160 καὶ
3081 4106 3256 4177 δίκης,
3304 4107 3396 4161 καὶ
3450 4108 3673 4179 προσέτι
3705 4109 3799 4162 καὶ

2219 4199 2535 4270 ἀνατροπῆς
2554 4198 2662 4252 τῶν
2684 4198 2936 4269 πονηρῶν
2965 4198 3059 4251 καὶ
3079 4199 3470 4269 ἀντικειμένων
3493 4199 3793 4270 δυνάμεων.

2215 4292 2532 4365 Προσετίθει
2559 4291 2613 4344 δὲ
2634 4290 2861 4355 τούτοις,
2894 4293 2989 4345 καὶ
3009 4293 3107 4363 τῆς
3129 4292 3223 4345 τοῦ
3252 4292 3487 4363 Χριστοῦ
3518 4293 3799 4365 βασιλείας

2214 4388 2314 4456 τὴν
2348 4385 2671 4457 ἀνάρρησιν.
2706 4386 2848 4453 Ἔφη
2894 4384 3021 4455 γὰρ,
3052 4384 3469 4455 ὃτι’βασιλεύσει
3501 4386 3705 4459 Κύριος
3739 4390 3798 4439 ἐν

2213 4478 2371 4542 Σιὼν,
2397 4480 2491 4531 καὶ
2510 4480 2569 4530 ὲν
2605 4477 2977 4548 Ἰερουσαλὴμ,
3013 4478 3106 4531 καὶ
3129 4477 3356 4532 ἐνώπιον
3411 4478 3521 4534 τῶν
3560 4478 3798 4550 πρεσϐυ-

2214 4570 2391 4642 τέρων
2449 4567 2859 4640 δοξασθήσεται.
2917 4568 3133 4622 Τούτων
3191 4570 3478 4643 τοιγαροῦν
3543 4572 3798 4626 ἁπάντων

2217 4662 2379 4715 ἓνεκα
2420 4660 2773 4733 περιχαρείας
2804 4660 3053 4733 ἔμπλεως
3082 4662 3110 4714 ό
3138 4664 3424 4735 προφήτης
3452 4663 3678 4730 γίνεται,
3703 4665 3799 4718 καὶ

2216 4753 2309 4806 τὸν
2345 4752 2451 4805 τῶν
2491 4752 2631 4806 οὕτω
2673 4753 3134 4825 τεθαυμασμένων
3167 4757 3526 4828 ἁποτελεστὴν
3568 4775 3800 4827 καταγε-

2220 4846 2397 4916 ραίρει
2423 4846 2540 4908 ταῖς
2561 4845 2876 4916 εὐφημίαις.
2906 4846 3087 4919 Ταύτῃ
3114 4848 3198 4900 τοί
3225 4866 3378 4919 φησι·
3410 4848 3581 4920 Κύριε
3611 4851 3639 4902 ὁ
3667 4850 3801 4912 Θεός

2222 4955 2342 5008 μου,
2378 4937 2584 5003 δοξάσω
2622 4956 2701 5004 σε,
2743 4938 2834 4991 καὶ
2859 4941 3095 5010 ὑμνήσω
3137 4940 3197 4993 τὸ
3229 4941 3400 5012 ὄνομά
3441 4960 3555 5007 σου,
3601 4943 3797 5015 βουλὴν

2218 5030 2450 5100 ἀρχαίαν
2479 5032 2570 5083 καὶ
2599 5030 2877 5102 ἀληθινὴν,
2908 5033 3000 5085 καὶ
3033 5033 3458 5104 τεθαυμασμένα
3491 5036 3799 5107 πεποίηκας

2217 5123 2536 5193 πράγματα.
2570 5122 2785 5194 Ἐπειδὴ
2805 5124 2860 5176 δὲ
2884 5124 3009 5193 περὶ
3035 5125 3142 5176 τῶν
3166 5124 3318 5179 οὔπω
3344 5127 3642 5194 γεγονότων
3675 5127 3799 5182 κατ’

2218 5215 2392 5266 ἐκεῖνο
2412 5213 2601 5286 καιροῦ
2618 5216 2676 5268 τὸ
2709 5214 2999 5286 Ἐποίησας
3017 5218 3201 5286 φησὶν,
3222 5219 3303 5272 ὅτι
3334 5219 3431 5289 μὲν
3463 5218 3615 5273 οὔπω
3636 5220 3800 5289 γέγοο

2219 5323 2330 5370 νεν,
2346 5304 2497 5358 ἔσται
2512 5324 2575 5374 γε
2600 5307 2704 5378 μὴν
2728 5309 2900 5377 πάντη
2920 5326 2979 5361 τε
3003 5311 3096 5362 καὶ
3122 5310 3340 5374 πάντως
3362 5312 3639 5383 ὑπώηλοῖ,
3663 5329 3791 5384 προ-

2224 5397 2423 5461 στιθεὶς
2447 5398 2507 5449 τὸ
2534 5398 2766 5463 Γένοιτο,
2809 5399 3000 5471 Κύριε.
3040 5399 3162 5464 Τοῖς
3200 5402 3296 5471 μὲν
3315 5401 3422 5475 γὰρ
3446 5405 3545 5475 τῆς
3563 5404 3800 5469 διανοίας

2224 5487 2488 5559 ὄμμασιν,
2508 5490 2582 5553 ὡς
2596 5491 2925 5561 ἐνεστηκότα
2940 5493 3031 5546 τὸν
3055 5494 3147 5563 τῆς
3165 5494 3453 5565 ἐπιδημίας
3465 5496 3800 5551 κατεθεῶντο

2219 5580 2427 5651 καιρὸν,
2445 5580 2669 5649 ἠγνόουν
2687 5581 2741 5634 δὲ
2757 5582 3006 5655 οὐδαμῶς
3025 5583 3176 5637 ούπω
3198 5587 3459 5657 παρόντα,
3476 5588 3551 5652 ὡς
3566 5588 3801 5660 ἀρχαίαν

2218 5669 2276 5723 δέ
2297 5687 2358 5739 γε
2389 5670 2601 5743 βουλὴν,
2631 5673 2723 5726 καὶ
2751 5672 3038 5744 θαυμαστά
3067 5677 3368 5747 πράγματα
3397 5681 3497 5749 τῆς
3526 5680 3803 5751 ὲνανθρω-

2220 5764 2438 5835 πήσεως
2468 5763 2562 5817 τοῦ
2596 5766 2932 5833 Μονογενοῦς
2963 5769 3227 5823 ἀποκαλεί
3264 5772 3324 5823 τὸ
3357 5773 3674 5844 μυστήριον,
3706 5773 3805 5827 καὶ

2218 5854 2285 5909 τὰ
2319 5855 2378 5921 ἐξ
2417 5856 2584 5927 αὑτῆς
2622 5861 2734 5922 τοῖς
2771 5861 2872 5915 ἀνὰ
2902 5864 3080 5917 πᾶσαν
3118 5864 3526 5935 κατωρθωμένα
3551 5865 3646 5937 τὴν
3674 5866 3777 5938 γῆν
