4162 6406
340 440 444 496 557

1464 443 1530 498 IN
1572 442 1804 499 ISAiAM
1846 442 1975 499 LIB.
2021 442 2110 499 Ill.
2152 443 2389 502 TUMUS
2428 445 2473 500 Ι.

3518 447 3619 503 553

344 556 706 629 (Σεσώσμεθα
740 560 849 629 γὰρ
915 561 974 612 ἐν
1016 560 1257 632 Χριστῷ,
1322 561 1777 631 προεγνωσμένου
1831 563 1929 632 μὲν

2034 560 2189 628 hujus
2226 561 2409 617 saeculi
2441 560 2775 632 temporibus
2818 560 3196 618 manifestatus
3213 561 3313 627 ⁸¹;ι
3358 567 3621 633 quemad-
3653 539 3672 621 ἰ

340 648 445 720 πρὸ
484 648 796 718 καταϐολῆς
831 651 1056 721 κόσμου,
1110 653 1515 724 φανερωθέντος
1554 654 1610 706 δὲ
1653 654 1741 706 ἐπ’
1770 655 1933 724 ἐσχάο

340 756 453 803 τοις
498 739 591 793 τοῦ
640 741 837 806 αἰῶνος
867 746 1099 814 καιροῖς,
1149 764 1168 796 ι
1216 745 1356 799 καθά
1383 763 1547 816 φησιν
1576 749 1604 800 ὁ
1627 746 1935 816 σοφώτατος

342 830 555 896 Παῦλος
579 847 591 860 ·
626 852 643 884 t
684 834 760 886 Οὐ
790 834 899 905 γάρ
930 835 1069 899 νέον,
1098 837 1130 908 ἢ
1164 837 1461 908 ἀρτιφανές
1482 839 1543 891 τὸ
1569 837 1662 893 τοῦ
1699 838 1933 909 Χριστοῦ

344 926 665 995 μυστήριον,
693 926 833 979 ἀλλά
869 927 1179 1000 προώριστο
1208 930 1305 1001 μὲν
1344 931 1449 1002 πρὸ
1473 932 1574 1000 τῆς
1596 930 1691 984 τοῦ
1728 932 1933 1001 κόσμου

295 1080 306 1097 ,
341 1016 663 1088 καταϐολῆς,
700 1019 1084 1091 πεφανέρωταί
1119 1038 1180 1090 γε
1216 1023 1321 1092 μὴν
1348 1023 1405 1075 ἐν
1450 1025 1660 1093 καιροῖς
1698 1022 1865 1085 ἰδίοις.
1911 1041 1927 1073 ι

416 1109 543 1163 Ὅτι
575 1110 797 1178 ἔθηκας
820 1114 1032 1176 πόλεις
1052 1115 1140 1179 είς
1174 1113 1362 1183 χῶμα,
1402 1115 1609 1181 πόλεις
1657 1114 1933 1183 ἰσχυρὰς,

343 1198 451 1253 τοῦ
490 1201 701 1256 πεσεῖν
746 1202 947 1258 αὐτῶν
973 1206 1047 1258 τὰ
1092 1206 1333 1275 θεμέλια
1358 1223 1369 1236 ·
1423 1205 1541 1259 τῶν
1598 1205 1666 1259 δὲ
1700 1206 1935 1261 ἀσεϐῶν

344 1295 523 1360 πόλις
552 1297 639 1360 εἰς
678 1296 786 1349 τὸν
812 1296 1003 1351 αἰῶνα
1021 1300 1092 1351 οὺ
1120 1297 1206 1367 μὴ
1230 1297 1614 1367 οἰκοδομηθῇ.

417 1385 528 1453 Τῆς
566 1387 824 1457 ἀληθινῆς
872 1390 965 1441 καὶ
997 1390 1154 1442 τοῦτο
1189 1390 1403 1461 βουλῆς,
1439 1392 1533 1443 καὶ
1555 1391 1665 1444 τῶν
1699 1392 1932 1461 ἀμωμήο

345 1495 452 1530 των
478 1482 811 1551 σκεμμάτων
834 1482 929 1535 τοῦ
956 1483 1135 1537 πάντα
1175 1484 1451 1554 ἰσχύοντος
1481 1485 1640 1549 Θεοῦ,
1674 1486 1736 1538 τὸ
1766 1504 1934 1539 κατα-

346 1570 626 1639 σεισθῆναι
660 1572 845 1637 πόλεις
892 1574 1117 1645 ὀχυρὰς,
1150 1576 1405 1643 γενέσθαι
1436 1577 1493 1631 δὲ
1519 1577 1613 1630 καὶ
1644 1580 1724 1641 εἰς
1746 1579 1929 1648 χῶμα,

346 1663 436 1714 καὶ
465 1658 576 1715 οἷον
605 1664 670 1716 ὲκ
697 1664 913 1736 βάθρων
943 1667 1124 1719 αὐτῶν
1165 1668 1659 1739 ἀναμοχλευθῆναι,
1711 1671 1802 1723 καὶ
1842 1671 1932 1722 ἐλ-

344 1754 496 1816 πίδος
544 1752 649 1818 ἔξω
700 1754 975 1822 γενέσθαι,
1005 1752 1073 1828 ἦς
1124 1757 1183 1809 οὐ
1246 1758 1568 1828 δυνήσονται
1623 1758 1932 1830 ἀνασφῆλαί

343 1858 498 1896 ποτε.
526 1843 603 1895 Οὐ
628 1842 735 1913 γάρ
767 1842 863 1914 μὴ,
905 1845 1094 1915 φησὶν,
1121 1847 1199 1908 εἰς
1229 1846 1322 1898 τὸν
1361 1846 1534 1900 αἰῶνα
1575 1846 1924 1918 οἰκοδομηθῇ.

342 1933 533 1995 Πόλεις
564 1934 620 1986 δὲ
650 1930 790 1989 εἷναί
825 1953 1002 2007 φαμεν
1030 1936 1129 2000 τάς
1164 1942 1687 2009 κατασεσεισμὲνας,
1718 1940 1836 2010 οὐχὶ
1861 1941 1923 2011 δή

342 2042 445 2078 που
477 2026 693 2091 πάντως
737 2029 836 2091 τάς
878 2028 1164 2101 αἰσθητάς,
1218 2032 1383 2101 ἤγουν
1440 2030 1765 2102 ἀνθρώπους
1802 2034 1928 2097 τοὺς

343 2119 399 2170 ἐν
424 2119 613 2183 αὐταῖς
633 2136 646 2149 ·
682 2121 906 2192 οἰόμεθα
932 2122 987 2175 δὲ
1009 2123 1209 2193 μᾶλλον
1236 2124 1479 2195 ἑκάστην
1519 2125 1625 2180 τῶν
1650 2125 1924 2196 πονηρῶν,

342 2209 436 2262 καὶ
468 2212 859 2283 ἀντικειμένων
880 2213 1188 2287 δυνάμεων,
1215 2218 1309 2270 καὶ
1343 2217 1449 2288 πρό
1479 2234 1543 2286 γε
1585 2217 1694 2271 τῶν
1728 2218 1923 2282 ἄλλων,

341 2300 656 2373 ὠνομάσθαι
689 2303 842 2359 πόλιν
884 2305 976 2360 τὸν
1025 2307 1295 2371 Σατανᾶν,
1330 2308 1426 2361 καὶ
1466 2306 1623 2360 τοῦτο
1676 2306 1923 2377 ἰσχυράν.

347 2394 508 2459 Ἐθος
538 2397 646 2467 γὰρ
684 2400 750 2468 τῇ
784 2398 1126 2470 θεοπνεύστῳ
1156 2400 1346 2472 Γραφῇ
1383 2399 1632 2471 πύργοις,
1676 2400 1770 2454 καὶ
1813 2400 1925 2452 τεί-

344 2501 494 2555 χεσιν
527 2486 561 2556 ἢ
590 2487 684 2540 καὶ
713 2486 934 2541 πόλεσιν
968 2488 1078 2541 ἔσθ’
1107 2490 1195 2542 ὅτε
1248 2490 1604 2559 παρεικάζειν
1627 2490 1752 2553 τοὺς
1788 2490 1927 2559 ἄγαν

342 2577 777 2648 ἀλκιμωτάτους,
804 2577 1065 2651 καθάπερ
1109 2580 1302 2650 ἀμέλει
1332 2582 1425 2634 καὶ
1455 2582 1817 2653 προλαϐόντες
1852 2582 1928 2636 εἴ-

343 2686 538 2739 πομεν,
564 2670 645 2723 ὃτι
678 2670 918 2723 τέθειται
940 2672 1089 2742 παρὰ
1118 2671 1275 2737 Θεοῦ,
1307 2672 1398 2725 καὶ
1426 2673 1453 2725 ὁ
1485 2674 1754 2745 μακάριος
1791 2692 1927 2746 προ-

344 2762 521 2831 φήτης
592 2760 881 2832 Ἱερεμίας,
932 2761 1005 2825 ὡς
1059 2762 1212 2826 πόλις
1260 2763 1447 2834 ὀχυρά,
1506 2765 1600 2817 καὶ
1642 2764 1716 2827 ὼς
1753 2768 1928 2835 τεῖχος

345 2852 582 2922 χαλκοῦν
612 2854 827 2925 ὀχυρόν.
868 2855 1340 2925 Ἀναδεδειγμένου
1366 2857 1424 2909 δὲ
1452 2858 1546 2910 καὶ
1586 2857 1928 2925 ἐπιλάμψαν-

343 2963 433 3007 τος
456 2945 535 3016 τῷ
569 2946 755 3018 κόσμῳ
788 2948 882 3000 τοῦ
945 2948 1313 3020 Ἐμμανουήλ,
1369 2950 1655 3022 ἀνῄρηται,
1691 2952 1787 3021 μὲν
1819 2952 1929 3006 τῶν

344 3040 735 3109 ἀντικειμένων
766 3040 1045 3111 δυνάμεων
1076 3041 1136 3094 τὸ
1173 3041 1386 3096 ἀνόσιον
1417 3043 1625 3112 στίφος,
1662 3043 1720 3110 ἐξ
1751 3042 1928 3096 αὐτῶν

344 3127 401 3181 δὲ
433 3130 757 3201 κατεσείσθη
788 3130 1077 3203 βαράθρων
1118 3130 1211 3203 [aL
1239 3132 1477 3205 βάθρων]
1502 3136 1530 3187 ὁ
1552 3135 1813 3198 Σατανᾶς,
1834 3135 1930 3187 πέ-

346 3225 547 3276 πτωκε⁸
577 3223 633 3277 δὲ
682 3223 855 3288 οὕτως
893 3224 968 3288 ὼς
1006 3226 1346 3297 ἀτελευτήτῳ
1405 3230 1721 3297 περιπεσεῖν
1764 3228 1927 3281 ἀσθε-
1959 3264 2004 3325 C

344 3316 484 3381 νείᾳ,
514 3316 605 3368 καὶ
650 3318 771 3369 κατ’
814 3316 999 3369 οὐδένα
1048 3318 1236 3387 καιρὸν
1282 3318 1683 3389 άνασθήσεσθαί
1734 3336 1793 3371 τε
1830 3319 1926 3373 καὶ

345 3407 641 3461 ἀνανεῦσαι
667 3407 991 3479 προσδοκᾷν.

419 3501 520 3553 Διά
546 3499 721 3553 τοῦτο
747 3499 1068 3569 εὐλογήσει
1100 3514 1175 3553 σε
1216 3503 1249 3553 ὀ
1292 3500 1442 3567 λαὸς
1479 3504 1511 3555 ό
1538 3501 1795 3571 πτωχὸς,
1826 3499 1927 3554 καί

346 3590 554 3655 πόλεις
582 3589 907 3658 ἀνθρώπων
933 3589 1343 3659 ἀδικουμένων
1386 3592 1801 3661 εὐλογήσουσί
1829 3608 1921 3646 σε.

359 3680 603 3751 Ἐγένου
650 3681 760 3751 γὰρ
807 3681 974 3751 πάσῃ
1023 3683 1198 3735 πόλει
1252 3681 1503 3750 ταπεινῇ
1533 3682 1783 3750 βοηθὸς,
1828 3684 1925 3737 καὶ

346 3772 472 3835 τοῖς
495 3771 840 3838 ἀθυμήσασι
882 3770 954 3823 δι’
1005 3771 1243 3825 ἔνδειαν
1301 3772 1497 3841 σκέπη
1540 3774 1657 3827 ἀπὸ
1707 3773 1927 3841 ἀνθρώ-

346 3876 477 3915 πων
516 3860 792 3929 πονηρῶν
837 3862 1002 3929 ρὐῃ
1052 3864 1305 3929 αὐτούς’
1343 3866 1540 3931 σκέπη
1593 3864 1925 3933 διψώντων,

348 3954 445 4007 καὶ
469 3952 705 4021 πνεῦμα
725 3953 1052 4021 ἀνθρώπων
1073 3952 1486 4024 ἀδικουμένων
1511 3957 1928 4026 εὐλογήσουσί

349 4064 421 4100 σε
448 4047 528 4112 ὡς
563 4046 859 4113 ἄνθρωποι
901 4046 1256 4114 ὀλιγόψιυχοι
1308 4047 1600 4115 διψῶντες
1643 4050 1713 4102 ἐν
1751 4049 1925 4114 Σιὼν,

348 4140 466 4194 ἀπὸ
517 4139 844 4206 ἀνθρώπων
863 4136 1099 4192 ἀσεϐῶν
1138 4134 1227 4206 οἷς
1268 4140 1423 4209 ἡμᾶς
1452 4140 1818 4210 παρέδωκας.

425 4318 699 4389 Κέκληται
724 4321 822 4391 μὲν
846 4322 923 4385 εἰς
948 4322 1240 4390 ἐπίγνωσιν
1280 4321 1412 4375 Θεοῦ
1443 4322 1530 4376 διὰ
1564 4325 1660 4394 τῆς
1689 4325 1745 4376 ἐν
1781 4326 1928 4397 νόμῳ

352 4413 731 4483 παιδαγωγίας
767 4415 796 4466 ό
850 4414 1084 4486 Ἰσραὴλ,
1142 4414 1238 4466 καί⁹
1295 4415 1636 4484 πεπλούτηκε
1673 4415 1740 4469 τὰ
1776 4418 1928 4488 παρά

350 4504 507 4558 Θεοῦ.
564 4506 839 4558 Σέσωσται
872 4506 1002 4575 γὰρ,
1032 4508 1127 4559 καὶ
1166 4506 1266 4576 τὴν
1316 4506 1418 4575 τῆς
1464 4507 1797 4574 ἐπαγγελίας
1841 4527 1929 4561 κε-

2038 656 2254 707 modum
2317 654 2395 707 ait
2432 652 2861 724 sapientissimus
2895 651 3139 708 Paulus:
3187 672 3206 705 ι
3233 652 3419 724 Neque
3471 657 3618 711 enim
3663 640 3671 655 ’

2038 759 2234 798 novum
2270 754 2363 798 aut
2400 758 2591 799 recens
2638 751 2722 799 est
2747 742 2949 798 Christi
2986 746 3327 815 mysterium,
3358 747 3453 802 sed
3494 760 3622 804 ante

2037 834 2311 888 conditum
2345 834 2602 889 mundum
2660 832 2875 902 quidem
2921 834 3267 904 praefinitum,
3298 851 3397 891 suo
3430 848 3616 894 autem

2040 934 2278 994 tempore
2314 924 2721 996 patefactum".
2761 944 2780 977 ι

2111 1099 2272 1154 Vens.
2307 1100 2359 1155 2.
2405 1100 2543 1165 Quia
2582 1101 2805 1169 posuisti
2853 1101 3003 1155 urbes
3034 1102 3089 1155 in
3142 1103 3427 1164 tumulum,
3465 1102 3615 1158 urbes

2037 1194 2293 1255 munitas,
2328 1204 2379 1245 ut
2435 1192 2675 1247 caderent
2709 1210 2888 1247 eorum
2932 1194 3320 1263 fundamenta;
3353 1196 3477 1249 urbs
3501 1212 3615 1249 vero

2036 1288 2316 1355 impiorum
2362 1303 2465 1340 non
2508 1287 2856 1352 (edi/imbitur
2884 1288 2938 1340 in
2964 1286 3234 1345 saeculum.

2106 1378 2219 1432 lloc
2264 1392 2478 1447 quoque
2508 1393 2573 1431 ex
2613 1393 2741 1431 vero
2775 1377 2863 1431 illo
2904 1378 3130 1433 consilio
3159 1391 3265 1443 οδε,
3298 1378 3617 1451 inculpatis-
3654 1379 3659 1383 ’

2034 1486 2137 1538 que
2183 1469 2417 1525 decretis
2456 1470 2635 1523 omnia
2672 1470 2901 1539 potentis
2944 1470 3056 1535 Dei,
3099 1480 3157 1524 ut
3203 1472 3366 1527 urbes
3393 1474 3615 1527 munitae

2034 1561 2433 1625 concutiuntur,
2486 1560 2650 1630 inque
2684 1561 2947 1615 tumulum
2999 1562 3332 1632 redigantur,
3360 1563 3615 1633 velutque

2034 1652 2103 1706 ab
2136 1653 2267 1722 ipsis
2311 1652 2676 1707 fundamentis
2716 1653 3110 1717 dimoveantur,
3164 1669 3424 1723 spemque
3453 1670 3615 1723 posse

2034 1742 2321 1811 aliquando
2378 1752 2669 1798 restaurari
2694 1758 2909 1797 onmem
2953 1746 3249 1799 amittant:
3289 1744 3407 1799 Non
3442 1746 3611 1810 enim,

2036 1835 2229 1902 inquit,
2268 1836 2622 1891 aedificabitur
2651 1838 2702 1891 in
2736 1838 3010 1895 sacculum.
3067 1838 3239 1894 Urbes
3282 1855 3614 1908 conquassa-

2037 1935 2115 1979 tas
2150 1939 2270 1979 esse
2298 1925 2549 1992 dicimus,
2578 1943 2683 1982 non
2708 1927 2825 1981 illas
2845 1942 3004 1982 sensu
3036 1938 3340 1998 perceptas,
3381 1939 3477 1982 aut
3515 1929 3614 1984 bo-

2037 2017 2207 2072 mines
2237 2018 2326 2087 qui
2367 2019 2421 2073 in
2461 2018 2566 2073 illis
2610 2030 2769 2075 sunt:
2805 2021 2897 2075 sed
2939 2036 3382 2091 unamquamque
3405 2023 3610 2091 impro-

2035 2108 2222 2162 barum
2275 2109 2819 2181 adversariarumque
2854 2120 3207 2181 potestatum,
3233 2122 3289 2167 et
3325 2122 3452 2168 ante
3475 2113 3611 2170 alias

2035 2201 2210 2269 ipsum
2267 2200 2545 2269 Satanam,
2584 2204 2770 2258 urbem
2803 2205 2960 2274 idque
2990 2205 3181 2260 fortem
3212 2206 3614 2260 nominariexi-

2034 2292 2337 2348 stimatnus.
2371 2292 2520 2349 Solet
2559 2295 2704 2349 enim
2735 2295 2994 2351 divinitus
3030 2296 3287 2366 inspirata
3328 2298 3609 2366 Scriptura

2034 2373 2126 2444 eos
2191 2391 2285 2461 qui
2331 2391 2646 2447 validissimi
2697 2401 2843 2457 sunt,
2896 2394 3138 2449 turribus
3175 2404 3231 2449 et
3263 2396 3478 2450 mmniis
3526 2396 3609 2451 vel

2034 2481 2197 2535 etiam
2225 2482 2469 2547 urbibus,
2496 2482 2945 2550 quemadmodum
2965 2483 3127 2539 etiam
3159 2500 3321 2554 supra
3353 2486 3608 2551 diximus,

2034 2584 2368 2643 comparare.
2430 2574 2638 2645 Quippe
2675 2589 2704 2627 a
2747 2574 2857 2629 Deo
2888 2590 3099 2644 quoque
3136 2575 3342 2644 positus
3362 2585 3446 2630 est
3478 2577 3610 2631 beao

2036 2677 2122 2721 tns
2152 2666 2409 2737 propheta
2460 2666 2747 2728 Jeremias.
2786 2678 2846 2722 ut
2883 2670 3011 2725 urbs
3050 2672 3279 2736 munita,
3316 2680 3371 2725 et
3397 2682 3456 2725 ut
3493 2687 3612 2724 mu-

2034 2772 2129 2810 rtts
2194 2771 2375 2811 ametis
2440 2758 2752 2812 munitus“.
2807 2759 2940 2813 Cum
3004 2768 3183 2815 autem
3250 2761 3607 2831 apparuisset,

1996 2878 1999 2883 -
2035 2849 2341 2918 mundoque
2370 2848 2633 2904 illuxisset
2670 2850 3006 2917 Emmanuel,
3037 2852 3257 2922 impium
3293 2868 3485 2923 agmen
3515 2855 3609 2906 ad-

2037 2939 2397 2993 versariarum
2428 2948 2753 3010 potestatum
2778 2951 2864 2996 est
2896 2942 3226 3007 submotum,
3263 2958 3329 2997 ex
3367 2945 3608 3014 ipsisque

2036 3029 2402 3086 fundamentis
2438 3033 2754 3087 deturbatus
2809 3041 2893 3088 est
2918 3033 3170 3098 Satanas,
3211 3034 3392 3103 itaque
3423 3037 3609 3091 conci-

2036 3119 2135 3186 dit,
2199 3131 2254 3176 ut
2289 3122 2341 3176 in
2377 3138 2481 3176 non
2531 3122 2820 3178 finiendam
2859 3124 3122 3180 incideret
3154 3126 3603 3191 imbecillitatem,

2036 3212 2288 3283 ttulioqtte
2319 3213 2476 3268 modo
2506 3217 2855 3282 exspectarit,
2890 3225 3314 3271 resurrecturum
3341 3231 3401 3272 se
3424 3227 3479 3271 et
3528 3233 3611 3273 re-

2035 3307 2388 3374 Spiraturum.
3272 3314 3275 3315 ⁷

2104 3483 2266 3539 Vens.
2313 3483 2436 3540 5-5.
2476 3483 2762 3554 Propterea
2805 3485 3067 3541 benedicet
3100 3488 3195 3542 tibi
3218 3489 3438 3558 populus
3462 3509 3606 3547 men-

2031 3579 2203 3641 dicus,
2234 3580 2483 3649 urbesque
2528 3578 2798 3632 hominum
2825 3596 3187 3647 oppressorum
3216 3582 3432 3648 injuria,
3458 3585 3608 3638 bene-

2032 3669 2203 3723 dicent
2228 3670 2341 3722 tibi.
2376 3667 2575 3722 Factus
2606 3668 2740 3721 enim
2784 3685 2836 3721 es
2888 3666 3046 3737 351
3099 3670 3240 3723 omni
3283 3673 3398 3723 urbi
3420 3672 3607 3726 humili

2033 3762 2265 3831 adjutor,
2284 3771 2329 3814 et
2355 3762 2709 3830 deﬁcientibus
2726 3773 2934 3830 propter
2958 3760 3187 3831 inopiam
3218 3762 3600 3826 umbraculum,

2034 3857 2097 3908 ab
2153 3854 2452 3909 hominibus
2507 3854 2758 3920 improbis
2796 3852 3043 3906 liberabis
3095 3854 3603 3908 eos:untbraculum

2033 3949 2343 4013 sitientium,
2365 3959 2410 4002 et
2436 3948 2708 4015 respiratio
2728 3947 2994 4001 hominum
3024 3948 3225 4016 injuria
3247 3964 3609 4014 Oppressorum

2034 4039 2334 4093 benedicent
2383 4040 2475 4091 tibi
2521 4040 2669 4107 quasi
2716 4039 2948 4092 homines
2981 4054 3142 4102 parvo
3180 4042 3354 4093 animo
3395 4040 3608 4107 pra'diti

2032 4131 2259 4184 sitientes
2290 4132 2343 4182 in
2374 4128 2527 4193 Sion,
2566 4146 2667 4200 qua
2696 4130 2937 4184 liberabis
2967 4146 3053 4184 eos
3079 4129 3143 4184 ab
3177 4131 3472 4185 hominibus
3500 4133 3606 4186 im-

2033 4222 2158 4292 piis,
2191 4222 2376 4291 quibus
2408 4238 2498 4275 nos
2525 4222 2813 4275 tradidisti.

2106 4322 2339 4379 Vocatus
2364 4334 2446 4377 est
2475 4322 2540 4375 ad
2566 4323 2659 4377 Dei
2696 4323 3023 4391 agnitionem
3080 4338 3175 4392 per
3214 4323 3609 4378 institutionem

2034 4414 2258 4486 legalem
2309 4413 2498 4479 Israel,
2539 4414 2804 4482 bonisque
2862 4414 3057 4468 divinis
3113 4414 3469 4485 locupletatus
3500 4424 3606 4470 est.

2035 4508 2165 4562 Nam
2207 4516 2455 4562 servatus
2489 4514 2597 4569 est,
2642 4518 2944 4574 terramque
3003 4507 3375 4574 promissionis
3433 4508 3609 4562 luere-

351 4593 731 4665 κληρονόμηκε
761 4595 884 4665 γῆν.
931 4596 992 4647 'H
1028 4595 1085 4648 δέ
1126 4612 1189 4662 γε
1227 4595 1332 4647 τῶν
1370 4594 1545 4648 ἀλλων
1592 4596 1761 4650 ἐθνῶν
1803 4601 1931 4670 ἀμέ-

2040 4602 2205 4655 ditate
2240 4600 2493 4653 obtinuit.
2554 4600 2625 4651 At
2653 4597 2877 4651 aliarum
2917 4598 3156 4667 gentium
3198 4598 3611 4653 innumerabilis

352 4704 549 4757 τρητος
572 4682 703 4739 οῦσα
733 4687 943 4757 πληθὺς
975 4687 1083 4738 τῶν
1126 4686 1266 4739 κατά
1296 4686 1479 4739 πᾶσάν
1525 4705 1666 4758 φημι
1699 4689 1797 4759 τὴν
1844 4692 1935 4743 ὑπ’

351 4779 599 4851 οὐρανὸν,
654 4779 931 4850 ἀλλότριος
988 4778 1268 4841 παντελῶς
1348 4778 1454 4833 τῶν
1510 4783 1934 4851 πνευματικῶν,

354 4872 449 4922 καὶ
488 4870 695 4923 ἀνωθεν
734 4870 1186 4940 καθειστήκεισαν
1225 4869 1465 4938 ἀγαθῶν,
1525 4870 1779 4939 ἄγευστοι
1826 4875 1936 4928 τῶν

354 4962 506 5032 παρὰ
550 4960 685 5015 Θεοῦ
730 4962 1110 5032 χαρισμάτων,
1168 4962 1367 5031 γυμνοὶ
1416 4962 1617 5033 τρόπον
1659 4966 1780 5018 τινὰ
1843 4967 1937 5019 καὶ

352 5054 657 5123 ἀνείμονες,
682 5054 744 5106 οὐ
768 5054 866 5124 τὴν
908 5053 1059 5105 θείαν
1094 5053 1378 5121 ἀνέχοντες
1404 5054 1634 5124 σκέπην,
1662 5056 1722 5109 οὐ
1754 5056 1853 5127 τὴν
1877 5058 1936 5123 ἐξ

356 5142 525 5212 ῦψους
556 5145 871 5216 περιϐολὴν,
896 5145 956 5197 οὐ
997 5143 1226 5197 πλοῦτον
1264 5144 1342 5207 εἰς
1384 5144 1508 5197 νοῦν
1532 5146 1621 5198 τὸν
1653 5147 1710 5212 ἐξ
1739 5149 1937 5218 ἀρετῆς

353 5234 452 5303 οὺχ
482 5234 665 5303 ἕτερόν
701 5251 754 5286 τι
782 5234 887 5287 τῶν
915 5236 1015 5288 ὅσα
1044 5234 1192 5287 ἐστὶν
1227 5235 1449 5288 ἐπαίνου
1488 5236 1680 5306 μεστά,
1712 5238 1803 5289 καὶ
1843 5237 1935 5290 τοῦ

355 5327 556 5388 παντὸς
598 5325 843 5391 ἀξιοῦται
901 5325 1196 5395 θαύματος.
1254 5327 1472 5399 Ἐπειδὴ
1528 5327 1584 5379 δὲ
1630 5328 1723 5381 καὶ
1776 5330 1938 5393 αὐτὸς

353 5417 626 5486 ἐπέφανεν
663 5419 691 5469 ό
719 5417 973 5489 Χριστὸς,
1007 5418 1099 5470 καὶ
1119 5418 1218 5487 τῆς
1246 5418 1342 5472 τοῦ
1360 5418 1607 5471 διαϐόλου
1626 5420 1936 5489 πλεονεξίας

354 5509 555 5575 ἐξελὼν
583 5510 990 5580 προσκεκόμικε
1011 5508 1224 5581 τῷιθεῷ
1250 5510 1342 5563 καὶ
1373 5511 1569 5582 Πατρὶ,
1605 5512 1700 5565 καὶ
1736 5512 1797 5565 τὸ
1837 5514 1937 5582 τῆς

354 5601 615 5671 ἀληθείας
650 5600 1065 5672 πεπλουτήκασι
1092 5600 1230 5673 φῶς,
1261 5603 1359 5671 τῆς
1410 5604 1538 5673 παρ’
1577 5602 1742 5656 αὑτοῦ
1783 5604 1941 5671 δόξης

355 5698 453 5764 τὴν
489 5694 706 5764 μέθεξιν
730 5696 827 5765 τῆς
862 5693 1221 5764 εὐαγγελικῆς
1242 5695 1517 5758 πολιτείας
1537 5698 1635 5763 τὴν
1656 5694 1939 5764 μεγαλειό-

426 5876 466 5907 ⁸¹
498 5874 693 5937 Εδίιεδ.
719 5892 755 5935 I.
779 5876 830 5931 4.
910 5877 952 5908 δ’
976 5875 1107 5931 ibid.
1130 5876 1180 5931 9.
1257 5876 1299 5907 ⁵³
1323 5875 1517 5930 ,λοι-ριιι.
1548 5889 1631 5928 xv.
1659 5873 1746 5925 20.

2041 4692 2349 4755 multitudo,
2389 4690 2502 4759 qui,
2538 4689 2778 4759 inquam,
2813 4689 2911 4743 sub
2952 4698 3064 4742 toto
3101 4688 3242 4741 ctelu
3288 4687 3504 4756 degunt,
3554 4688 3609 4741 hi

2039 4783 2195 4838 bonis
2227 4781 2620 4851 spiritualibus,
2658 4790 2716 4835 et
2764 4778 3014 4849 supernis
3061 4792 3284 4845 prorsus
3312 4778 3474 4831 alieni
3509 4792 3609 4832 ex-

2036 4876 2310 4938 stiterunt,
2359 4888 2455 4927 nec
2483 4872 2810 4927 charismata
2845 4872 3025 4925 divina
3058 4877 3367 4939 gustarunt,
3406 4879 3461 4923 et
3482 4869 3610 4923 nudi

2039 4965 2433 5035 quodammodo
2473 4978 2536 5018 ac
2574 4977 2680 5017 non
2734 4962 2937 5027 vestiti,
2978 4978 3084 5016 non
3127 4969 3497 5031 tegumentum
3532 4961 3613 5015 di-

2033 5060 2241 5123 vinum,
2283 5074 2387 5113 non
2445 5057 2698 5112 amictum
2744 5069 3060 5125 supernum,
3116 5068 3222 5107 non
3282 5066 3412 5121 opes
3446 5052 3613 5105 animi

2035 5165 2103 5206 ex
2141 5152 2361 5213 virtute,
2410 5164 2515 5202 non
2576 5147 2719 5201 aliud
2762 5145 3039 5217 quidpiam
3075 5145 3158 5199 vel
3212 5143 3374 5197 laude
3399 5142 3481 5195 vel
3521 5144 3616 5195 ad-

2038 5244 2327 5297 miratione
2388 5241 2607 5310 dignum
2664 5240 2990 5294 habuerunt.
3043 5235 3178 5291 Cum
3251 5243 3430 5288 autem
3500 5234 3616 5301 ipse

2036 5334 2287 5391 Christus
2332 5333 2617 5402 apparuit,
2660 5332 3018 5399 submotaque
3065 5326 3263 5381 diaboli
3304 5325 3611 5395 tyrannide,

2037 5425 2147 5482 Deo
2175 5436 2230 5480 et
2277 5424 2425 5479 Patri
2458 5424 2792 5489 adduxisset,
2839 5436 2905 5475 ac
2933 5421 3052 5475 luce
3082 5419 3350 5481 veritatis,
3390 5418 3615 5485 ejusque

2037 5513 2221 5587 gloniae
2287 5512 2723 5582 participatione,
2789 5510 3110 5579 evangelicae
3182 5506 3617 5563 conversationis

2040 5604 2408 5675 magnitudine
2437 5604 2588 5658 ditati
2626 5603 2888 5658 fuissent:
2920 5610 3203 5672 propterea
3237 5598 3614 5683 gratulatorias

2042 5697 2174 5752 odas
2209 5694 2319 5751 Deo
2358 5711 2421 5751 ac
2453 5694 2599 5751 Patri
2651 5695 2927 5750 emittunt.
2958 5692 3162 5762 Itaque,
3197 5690 3393 5760 inquit,
3432 5703 3465 5744 ο
3509 5687 3613 5742 Du-
