4162 6406
547 423 651 481 559

1588 416 1643 469 S.
1686 414 1964 468 CYllllJJ
2007 414 2476 470 ALEXANDRINI
2512 415 2835 493 AltClllEl”.

3728 421 3834 476 560

550 544 717 603 mine,
755 554 883 595 cum
927 539 1207 606 antiquum
1245 536 1527 590 consilium
1555 552 1618 589 ac
1651 552 1835 589 verum
1868 534 2135 598 effeceris,

2246 552 2377 605 τητα
2428 539 2526 597 τὰς
2572 535 2710 606 ὑπέρ
2745 552 2807 603 γε
2838 538 3041 589 τούτων
3099 538 3487 609 χαριστηρίους
3530 536 3674 610 ᾠδὰς
3703 540 3831 595 ἀνα-

549 634 805 690 omnibus
867 632 922 685 in
954 630 1176 686 Christo
1234 630 1413 699 capite
1449 628 1757 684 recollectis
1793 643 1855 683 ac
1881 644 2134 683 consum-

562 727 746 789 matis,
775 734 833 780 et
870 723 1149 779 illustratis
1194 723 1301 777 illis
1333 721 1425 793 qui
1484 722 1536 775 in
1582 721 1819 775 tenebris
1854 722 2132 783 sederunt,

560 828 615 874 et
656 817 848 873 deletis
883 816 1071 870 mundi
1123 815 1458 885 principibus
1510 814 1693 869 saeculi
1748 812 1928 881 hujus,
1965 830 2137 882 quan-

551 909 754 965 tumvis
778 909 949 962 instar
972 908 1184 961 urbium
1214 905 1573 976 quarumdam
1612 906 1946 974 potentibus,
1979 906 2139 957 bene-

552 1003 695 1058 dicet
725 1002 819 1056 tibi
864 998 1090 1069 populus
1126 999 1428 1059 mendicus,
1481 996 1851 1067 universaque
1902 998 2063 1050 urbes
2088 1006 2139 1049 te

553 1092 937 1163 praedicabunt.
1008 1087 1278 1142 Exstitisti
1310 1089 1452 1141 enim
1502 1088 1713 1142 cunctis
1738 1087 2053 1156 opitulator,
2086 1095 2142 1140 et

554 1183 923 1239 umbraculum
973 1181 1057 1237 his
1082 1180 1171 1250 qui
1224 1188 1446 1250 propter
1500 1179 1734 1248 inopiam
1777 1179 2135 1248 spiritualium

553 1276 817 1329 bonorum
878 1270 1201 1326 intolerabili
1246 1270 1432 1325 dolore
1462 1269 1638 1324 ἀσθειὶ
1671 1279 1815 1335 sunt,
1854 1284 2055 1337 eosque
2072 1273 2140 1322 ab

556 1366 815 1436 improbis
867 1363 1179 1419 hominibus
1214 1362 1474 1418 liberasti.
1517 1362 1685 1415 Erant
1715 1362 1858 1415 enim
1893 1362 2053 1414 etiam
2084 1360 2137 1414 in

556 1459 687 1513 Sion
744 1460 881 1511 adeo
916 1455 1113 1527 pusillo
1149 1456 1332 1509 animo
1369 1455 1589 1525 quidam
1636 1456 1868 1525 praediti,
1912 1454 2052 1508 sicut
2084 1454 2139 1507 hi

554 1552 645 1622 qui
707 1550 793 1605 siti
836 1559 995 1603 erant
1033 1548 1285 1603 confecti.
1348 1547 1623 1602 Fortassis
1687 1557 1741 1602 et
1799 1546 1925 1599 illud
1982 1548 2141 1600 nobis

556 1645 706 1699 hisce
739 1640 920 1696 verbis
949 1640 1187 1695 ostendit
1223 1641 1504 1709 propheta.
1534 1638 1669 1692 Nam
1701 1639 1752 1691 in
1785 1637 1946 1692 Israel
1977 1641 2139 1692 etiam

556 1737 800 1800 fuerunt,
831 1733 923 1802 qui
964 1730 1268 1786 Servatoris
1288 1732 1575 1786 adventum
1621 1731 1929 1793 sitiverunt,
1953 1738 2005 1783 et
2029 1728 2143 1782 uni-

556 1842 835 1881 versurum
872 1824 1214 1879 Servatorem
1246 1839 1310 1877 ac
1351 1823 1743 1893 redemptorem
1781 1823 1963 1876 videre
1992 1822 2141 1890 cupi-

2242 629 2517 699 πέμπουσι
2560 628 2637 698 τῷ
2677 628 2797 699 Θεῷ
2848 629 2943 681 καὶ
3004 630 3201 701 ιΙατρί.
3268 630 3479 684 Οὐκοῦν
3512 632 3827 703 ἐπειδήπερ,

2240 722 2433 789 φησὶν,
2492 714 2537 773 ὦ
2583 719 2850 786 Δέσποτα,
2902 722 2997 774 καὶ
3037 721 3231 794 βουλὴν
3261 724 3493 795 ἀρχαίαν
3525 724 3619 778 καὶ
3655 725 3828 796 ἀληθῆ

2242 810 2508 882 ἐποίησας
2538 813 3175 884 ἀνακεφαλαιωσάμενος
3208 814 3278 867 τὰ
3298 816 3477 869 πάντα
3505 817 3564 869 ἐν
3586 815 3662 887 τῷ
3701 817 3819 888 Χρι⁸

2242 904 2374 975 στῷ,
2428 906 2528 958 καὶ⁹
2562 906 2949 974 καταφωτίσας
2977 907 3075 977 μὲν
3103 908 3229 971 τοὺς
3254 909 3310 959 ἐν
3347 908 3544 978 σκύτῳ,
3585 908 3828 962 καθελὼν

2242 996 2299 1050 δὲ
2344 998 2471 1061 τοὺς
2499 997 2949 1069 κοσμοκράτορας
2988 999 3083 1053 τοῦ
3132 1000 3328 1063 αἰῶνος
3370 999 3597 1054 τούτου*
3651 1002 3830 1055 καίτοι

2241 1088 2495 1161 καθάπερ
2531 1090 2687 1155 τινάς
2713 1090 2899 1154 πόλεις
2941 1091 3118 1155 οὕτως
3147 1092 3373 1162 ἰσχυρὰς
3402 1092 3687 1163 εὐλογήσει
3717 1110 3775 1145 σε
3802 1095 3831 1147 6

2241 1184 2368 1247 λαὸς
2402 1186 2431 1237 6
2472 1183 2704 1255 πτωχὸς,
2755 1184 2876 1237 ὅλαι
2929 1201 2989 1238 τε
3046 1185 3231 1241 πόλεις
3285 1185 3694 1257 δοξολογήσουσί
3746 1203 3829 1240 σε.

2252 1277 2521 1339 Ἀπάσαις
2567 1276 2677 1346 γὰρ
2699 1276 2931 1345 γέγονας
2974 1277 3186 1348 βοηθὸς,
3229 1279 3322 1330 καὶ
3374 1279 3550 1349 σκέπη
3584 1282 3700 1341 τοῖς
3744 1279 3832 1333 διὰ

2242 1366 2516 1436 πτωχείαν
2540 1366 2647 1419 τῶν
2678 1367 2964 1437 πατρικῶν
3014 1367 3233 1436 ἀγαθῶν
3263 1368 3554 1437 ἀφορήτως
3589 1368 3828 1438 λελυπη-

2246 1459 2429 1529 μένοις
2449 1474 2461 1487 ³
2502 1459 2722 1529 ἐρῤύσω
2749 1477 2809 1512 τε
2838 1460 3037 1523 αὐτοὺς
3061 1460 3172 1513 ἀπὸ
3224 1459 3475 1532 πονηρῶν
3505 1460 3828 1531 ἀνθρώπων.

2241 1546 2421 1603 Ἦσαν
2458 1550 2567 1622 γάρ
2599 1550 2743 1604 οὕτω
2772 1551 2890 1605 ,καὶ
2922 1553 2982 1603 ἐν
3012 1553 3079 1622 τῇ
3143 1549 3288 1603 Σιὼν
3334 1550 3830 1621 ὀλιγοψυχήσαντές

2246 1659 2419 1706 τινες,
2452 1640 2706 1713 καθάπερ
2746 1642 2941 1712 ἀμέλει
2974 1642 3250 1712 ἄνθρωποι
3304 1641 3669 1711 δεδιψηκότες.
3722 1640 3831 1693 Καὶ

2240 1736 2386 1804 τάχα
2416 1752 2517 1787 που
2558 1734 2648 1787 διὰ
2677 1732 2884 1789 τούτων
2928 1735 3062 1806 ἡμῖν
3089 1737 3116 1787 ὁ
3140 1737 3423 1805 προφήτης
3453 1736 3629 1787 ἐκεῖνο
3658 1732 3825 1803 δηλοῖ.

2248 1822 2433 1880 Ἦσαν
2457 1826 2586 1897 γάρ,
2626 1821 2767 1896 ἦσαν
2795 1827 2889 1879 καὶ
2918 1828 2975 1879 ἐν
3002 1825 3078 1896 τῷ
3114 1826 3328 1896 Ἰσραὴλ
3369 1827 3419 1878 οἱ
3455 1824 3553 1895 τὴν
3588 1823 3680 1877 τοῦ
3715 1823 3828 1875 Σω-

557 1930 749 1973 verunt
780 1935 794 1972 :
838 1917 1012 1987 qualis
1038 1916 1138 1971 fuit
1167 1916 1384 1970 Simeon
1415 1916 1632 1985 quidam
1678 1915 1765 1968 ille
1790 1915 1990 1981 justus,
2016 1928 2137 1967 cum

2246 1919 2407 1989 τῆρος
2424 1917 2685 1988 διψῶντες
2712 1918 3029 1988 ἐπιδημίαν,
3060 1920 3154 1971 καὶ
3181 1918 3271 1970 τὸν
3292 1918 3400 1970 τῶν
3424 1917 3560 1970 ὅλων
3599 1916 3832 1987 Σωτῆρα

562 2023 747 2067 natum
799 2010 981 2066 Jesum
1034 2009 1281 2064 manibus
1336 2009 1660 2077 accepisset.
1702 2007 1925 2062 dicens:
1963 2005 2143 2059 (Nunc

555 2106 781 2158 dimittis
847 2117 1059 2157 servum
1097 2111 1272 2163 tuum,
1316 2099 1559 2166 Domine,
1594 2100 1889 2154 secundum
1919 2097 2141 2152 verbum

556 2204 707 2249 tuum
762 2195 814 2246 in
869 2208 1042 2263 pace:
1097 2190 1223 2259 quia
1278 2189 1526 2242 viderunt
1578 2188 1720 2243 oculi
1763 2187 1865 2241 mei
1898 2185 2135 2241 salutare

558 2296 725 2348 tuum,
765 2284 905 2353 quod
938 2282 1138 2352 parasti
1180 2290 1307 2334 ante
1363 2281 1551 2334 faciem
1585 2278 1750 2349 352
1784 2278 2021 2332 omnium
2054 2290 2143 2346 po-

558 2376 824 2445 pulorum.
864 2372 1069 2427 Lumen
1103 2373 1169 2426 ad
1205 2370 1591 2425 revelationem
1644 2372 1902 2440 gentium,
1936 2381 1989 2425 et
2028 2371 2143 2439 glo-

559 2470 690 2522 riam
739 2466 916 2537 pepuli
960 2467 1032 2519 tui
1056 2464 1327 2520 lsrael‘”.
1361 2484 1379 2515 ι
1410 2466 1583 2531 Atque
1620 2465 1781 2516 etiam
1825 2463 2013 2517 beatus
2044 2462 2143 2515 Za-

556 2561 767 2614 charias
811 2568 960 2627 pater
991 2556 1233 2621 Joannis,
1262 2565 1453 2611 sancto
1493 2554 1696 2625 Spiritu
1748 2555 2003 2623 repletus,
2031 2539 2143 2622 ειδ-

558 2652 691 2702 riam
756 2649 975 2713 cecinit,
1009 2647 1287 2701 clamans:
1319 2666 1338 2698 ι
1376 2644 1698 2700 Benedictus
1725 2644 1981 2700 Dominus
2004 2646 2143 2699 Deus

554 2737 742 2803 Israel,
783 2740 905 2808 quia
950 2739 1191 2792 visitavit
1241 2746 1295 2791 et
1342 2736 1467 2791 fecit
1493 2737 1917 2805 redemptionem
1942 2736 2140 2806 populo

555 2846 653 2883 suo
682 2846 694 2882 :
731 2838 784 2881 ct
808 2829 981 2881 erexit
1007 2842 1173 2881 cornu
1211 2825 1400 2881 salutis
1448 2825 1625 2890 nobis,
1654 2824 1707 2878 in
1739 2824 1898 2879 domo
1926 2823 2144 2880 Davidis

556 2920 708 2989 pueri
749 2920 853 2983 sui,
896 2919 1037 2973 sicut
1080 2917 1290 2973 locutus
1338 2924 1422 2969 est
1471 2929 1567 2968 ore
1617 2925 1930 2971 sanctorum
1986 2914 2139 2984 quia

557 3009 753 3065 sacculo
786 3020 931 3074 sunt,
963 3008 1344 3078 prephetarum
1395 3019 1653 3071 suorum;
1684 3003 1911 3058 salutem
1940 3019 2004 3059 ex
2042 3004 2143 3058 ini-

558 3102 714 3157 micis
736 3102 957 3168 nostris,
998 3111 1051 3155 et
1078 3102 1143 3155 de
1172 3115 1333 3153 manu
1375 3084 1615 3152 omnium
1640 3098 1731 3166 qui
1766 3098 1998 3151 oderunt
2021 3113 2139 3151 nos.

555 3199 635 3251 Ad
678 3195 979 3251 faciendam
1012 3193 1437 3248 misericordiam
1462 3208 1584 3247 cum
1633 3189 1873 3259 patribus
1918 3190 2139 3255 nostris,

2246 2009 2340 2061 καὶ
2394 2010 2690 2079 Λυτρωτὴν
2739 2008 3133 2079 ἐπιθυμοῦντες
3186 2009 3344 2060 ἰδεῖν·
3403 2008 3588 2070 ὁποῖός
3638 2024 3722 2070 τις
3760 2002 3834 2077 ἦν

2244 2100 2469 2171 Συμεὼν
2502 2103 2529 2154 6
2557 2102 2788 2165 δίκαιος,
2820 2102 2911 2155 ὅτε
2942 2101 3201 2172 τεχθέντα
3226 2102 3318 2154 τὸν
3359 2100 3566 2172 Ἰησοῦν
3594 2101 3672 2163 είς
3714 2103 3831 2171 χεῖ-

2248 2210 2346 2264 ρας
2402 2192 2583 2247 λαϐὼν
2621 2193 2833 2263 ἔφασκε
2852 2211 2866 2227 ·
2902 2214 2919 2247 ι
2951 2195 3065 2249 Νῦν
3094 2195 3349 2257 ἀπολύεις
3374 2197 3464 2249 τὸν
3493 2194 3676 2248 δοῦλόν
3712 2212 3827 2260 σου,

2243 2285 2509 2349 Δέσποτα,
2558 2286 2700 2339 κατά
2729 2288 2789 2339 τδ
2819 2287 2971 2357 ῥῆμά
3019 2304 3114 2340 σου
3164 2288 3221 2339 ἐν
3255 2288 3465 2359 εἰρήνῃ,
3507 2287 3587 2339 ὅτι
3612 2281 3749 2339 εἶδον
3778 2286 3829 2340 οἱ

2243 2376 2512 2447 ὀφθαλμοί
2577 2394 2678 2449 μου
2718 2378 2780 2430 τὸ
2826 2379 3097 2449 σωτήριόν
3134 2396 3249 2443 σου,
3286 2379 3314 2431 ὃ
3348 2379 3652 2449 ἡτοίμασας
3688 2377 3829 2431 κατὰ

2246 2468 2537 2538 πρόσωπον
2585 2468 2803 2521 πάντων
2844 2469 2954 2521 τῶν
2998 2468 3163 2523 λαῶν.
3196 2469 3315 2533 Φῶς
3348 2470 3428 2532 εἰς
3490 2468 3831 2538 ἀποκάλυψιν

2244 2558 2414 2612 ἐθνῶν
2452 2561 2546 2614 καὶ
2572 2559 2730 2625 δόξαν
2776 2559 2908 2613 λαοῦ
2937 2577 3031 2613 σου
3068 2561 3303 2632 Ἰσραήλ.
3333 2581 3352 2613 ι
3396 2562 3509 2614 Καὶ
3535 2562 3642 2633 μὴν
3677 2562 3770 2615 καὶ
3798 2563 3828 2616 6

2246 2650 2518 2721 μακάριος
2575 2652 2851 2724 Ζαχαρίας
2888 2654 2917 2705 6
2952 2653 3202 2707 Ἰωάννου
3252 2654 3433 2725 πατὴρ
3472 2655 3628 2723 ἁγίου
3660 2653 3830 2707 Πνεύ-

2248 2760 2417 2813 ματος
2442 2742 2691 2813 ἔμπλεως
2728 2744 2967 2812 γεγονὼς
2988 2744 3285 2814 ἐδοξολόγει
3318 2745 3487 2815 βοῶν’
3527 2765 3546 2797 ‹
3592 2746 3833 2816 Εὐλογη-

2242 2837 2335 2901 τὸς
2362 2837 2610 2909 Κύριοςὸ
2640 2837 2777 2901 Θεὸς
2804 2838 2897 2891 τοῦ
2936 2838 3169 2909 Ἰσραὴλ,
3223 2839 3304 2891 ὅτι
3351 2837 3693 2909 ἐπεσκέψατο
3733 2838 3827 2890 καὶ

2245 2929 2468 3000 ἐποίησε
2509 2930 2779 3002 λύτρωσιν
2812 2930 2889 3001 τῷ
2919 2930 3031 3001 λαῷ
3070 2930 3255 2993 αὐτοῦ,
3304 2932 3397 2983 καὶ
3430 2931 3618 3001 ἧγειρε
3662 2929 3828 3001 κέρας

2246 3022 2520 3091 σωτηρίας
2559 3023 2689 3092 ἡμῖν
2716 3024 2772 3074 ἐν
2809 3021 2944 3093 οἴκῳ
2993 3021 3156 3074 Δαϐὶδ
3200 3021 3387 3083 παιδὸς
3428 3020 3615 3086 αὐτοῦ,
3647 3019 3828 3083 καθὼς

2245 3113 2473 3185 ἐλάλησε
2525 3114 2615 3169 διὰ
2664 3116 2930 3185 στόματος
2968 3116 3077 3169 τῶν
3127 3116 3298 3183 ἁγίων
3348 3114 3457 3167 τῶν
3509 3116 3603 3167 ἀπ’
3634 3113 3828 3176 αίῶνος

2247 3206 2552 3278 προφητῶν
2588 3206 2781 3272 αὑτοῦ,
2813 3208 3087 3279 σωτηρίαν
3108 3208 3166 3274 ἐξ
3198 3206 3405 3277 ἐχθρῶν
3433 3207 3609 3277 ἡμῶν,
3647 3206 3738 3259 καὶ
3764 3207 3831 3258 ἐκ

556 3299 610 3343 et
668 3286 954 3342 memorari
1006 3284 1313 3339 testamenti
1375 3283 1549 3338 sancti
1607 3283 1713 3339 sui.
1746 3278 2139 3350 Jusjurandum

2250 3299 2433 3370 χειρὸς
2461 3299 2680 3353 πάντων
2713 3300 2820 3353 τῶν
2865 3299 3165 3371 μισούντων
3201 3302 3377 3370 ἡμᾶς’
3414 3300 3634 3370 ποιῆσαι
3684 3296 3828 3360 ἕλεος

556 3379 915 3450 quodjuravit
939 3378 1005 3431 ad
1034 3379 1305 3432 Abraham
1347 3386 1553 3446 patrem
1582 3385 1851 3438 nostrum,
1884 3375 2140 3427 daturum

556 3485 615 3525 se
660 3470 853 3524 nobis:
909 3476 966 3523 ut
1036 3469 1154 3523 sine
1223 3468 1435 3532 timore,
1496 3482 1528 3521 e
1590 3482 1751 3519 manu
1800 3464 2143 3520 inimicorum

556 3572 862 3616 nostrorum
919 3559 1130 3614 liberati
1175 3559 1475 3613 serviamus
1516 3556 1625 3622 illi;
1674 3557 1726 3610 in
1768 3556 2055 3609 sanctitate
2091 3564 2147 3609 et

551 3651 757 3725 justitia
786 3666 965 3706 coram
994 3651 1109 3720 ipso
1133 3650 1383 3705 omnibus
1409 3648 1598 3704 diebus
1616 3649 1815 3703 nostris
1836 3648 1934 3701 “.p
1956 3646 2143 3700 Viden‘

556 3742 825 3812 quomodo
872 3742 1152 3812 antiquum
1186 3751 1239 3794 et
1290 3757 1475 3795 verum
1514 3739 1795 3795 consilium
1834 3740 1924 3795 Dei
1960 3751 2015 3793 et
2045 3739 2146 3793 Pa-

560 3835 655 3887 tris
681 3834 881 3888 sanctis
908 3834 1071 3887 etiam
1123 3831 1366 3902 pluribus
1425 3834 1748 3902 promissum
1786 3832 1901 3886 sit?
1931 3832 2145 3886 Emma-

559 3926 790 3990 nuelem,
826 3925 1069 3994 inquam,
1097 3924 1323 3979 salutem
1358 3925 1558 3980 mundo
1603 3938 1725 3980 esse
1766 3925 2145 3980 demonstran-

560 4019 724 4072 dum?
765 4017 865 4085 Qui
922 4018 1095 4072 factus
1140 4026 1224 4071 est
1282 4016 1566 4087 respiratio
1612 4017 1892 4073 hominum
1948 4017 2145 4086 injuria

559 4126 960 4182 Oppressorum.
1016 4111 1096 4165 Ab
1119 4110 1350 4164 inimicis
1401 4111 1544 4163 enim
1596 4111 1955 4177 respirarunt,
1993 4118 2049 4163 et
2075 4109 2145 4162 li-

562 4203 729 4256 herati
759 4211 882 4256 sunt
919 4204 987 4256 ab
1020 4200 1326 4256 hominibus
1360 4200 1537 4268 impiis
1579 4201 1772 4268 quibus
1803 4200 2147 4254 fuerunttra-

561 4295 680 4349 diti.
732 4294 789 4348 Si
828 4295 895 4347 de
956 4293 1205 4363 gentibus
1248 4296 1371 4362 quis
1402 4293 1562 4347 verba
1620 4292 1734 4345 haec
1767 4293 2014 4360 accipiat,
2051 4293 2145 4346 ho-

562 4383 733 4437 mines
787 4383 964 4438 vocari
1020 4397 1114 4437 eos
1167 4384 1415 4447 dicimus,
1472 4382 1665 4450 impios
1722 4382 2010 4448 daamones,
2052 4383 2143 4452 qui

561 4474 629 4527 iis
653 4474 742 4542 qui
816 4484 1012 4527 terram
1069 4471 1309 4527 incolunt
1348 4471 1477 4528 olim
1517 4472 1969 4528 dominabantur:
2012 4489 2142 4543 quo-

2248 3390 2387 3461 μετά
2422 3390 2533 3444 τῶν
2576 3392 2831 3462 πατέρων
2877 3392 3055 3462 ἡμῶν,
3092 3392 3184 3445 καὶ
3222 3390 3524 3462 μνησθῆναι
3564 3388 3828 3460 διαθήκης

2247 3482 2407 3551 ἁγίας
2440 3482 2626 3536 αὑτοῦ.
2665 3483 2869 3555 Ὅρκον
2903 3483 2963 3536 ὃν
3011 3483 3189 3554 ὤμοσε
3253 3483 3389 3553 πρὸς
3448 3482 3696 3552 Ἀϐραὰμ
3736 3480 3832 3534 τὸν

2246 3574 2459 3646 πατέρα
2503 3574 2696 3645 ἡμῶν⁸
2737 3575 2828 3628 τοῦ
2868 3574 3050 3629 δοῦναι
3082 3577 3214 3646 ἡμῖν
3270 3575 3485 3643 ἀφόϐως
3530 3576 3595 3627 ἐκ
3648 3573 3829 3646 χειρὸς

2252 3666 2360 3719 τῶν
2384 3666 2594 3736 ἐχθρῶν
2619 3666 2774 3737 ἡμῶν
2802 3666 3101 3738 ῥυσθέντας,
3117 3666 3401 3736 λατρεύειν
3432 3665 3580 3735 αύτῷ
3600 3667 3657 3718 ἐν
3685 3663 3828 3718 ὁσιό⁴

2252 3776 2377 3829 τητι
2400 3760 2493 3812 καὶ
2511 3759 2823 3829 δικαιοσύνῃ
2850 3759 3078 3813 ἐνώπιον
3100 3759 3265 3812 αὑτοῦ
3288 3758 3464 3821 πάσας
3491 3757 3588 3820 τὰς
3614 3756 3828 3827 ἡμέρας

2246 3848 2345 3917 τῆς
2390 3848 2536 3918 ζωῆς
2576 3849 2756 3920 ἡμῶν.
2791 3869 2807 3901 ι
2863 3850 3023 3922 Ὁρᾷς
3072 3851 3220 3914 ὅπως
3249 3850 3452 3920 ἀρχαία
3478 3850 3571 3902 καὶ
3599 3846 3831 3919 ἀληθινὴ

2252 3936 2415 4007 βουλὴ
2446 3937 2637 4005 γέγονε
2670 3937 2763 3991 τοῦ
2796 3938 2951 4005 Θεοῦ,
2994 3940 3087 3992 καὶ
3117 3940 3348 4010 Πατρὸς.
3385 3938 3477 3991 καὶ
3505 3941 3615 4002 τοῖς
3652 3938 3827 4004 ἁγίοις

2246 4029 2519 4099 πατράσιν
2560 4031 2967 4103 ἐπηγγελμένη.
2996 4033 3069 4085 Τὸ
3112 4030 3490 4100 ἀναδειχθῆναί
3537 4048 3679 4102 φημι
3718 4047 3826 4083 6w-

2244 4120 2442 4193 τηρίαν
2474 4120 2550 4191 τῷ
2579 4122 2768 4193 κόσμῳ
2796 4124 2886 4176 τὸν
2925 4124 3291 4195 Ἐμμανουὴλ,
3320 4126 3377 4188 ὃς
3402 4126 3591 4194 γέγονε
3614 4120 3828 4192 πνεῦμα

2246 4212 2551 4285 ἀνθρώπων
2617 4216 3010 4287 ἀδικουμένων.
3078 4218 3540 4272 Ἀναπεπνεύκασι
3608 4218 3716 4287 γὰρ
3769 4216 3831 4279 ἐξ

2247 4304 2479 4377 ἐχθρῶν,
2526 4308 2618 4359 καὶ
2677 4308 3020 4380 ἐρῤύσθησαν
3067 4310 3173 4363 ἀπὸ
3241 4308 3541 4381 ἀνθρώπων
3590 4308 3823 4371 ἀσεϐῶν,

2246 4394 2333 4463 οἷς
2366 4401 2459 4453 καὶ
2480 4399 2887 4471 παραδέδονται.
2925 4401 3033 4453 Καὶ
3054 4402 3103 4453 εί
3131 4402 3228 4472 μὲν
3267 4402 3358 4455 ἐπὶ
3388 4401 3496 4455 τῶν
3540 4400 3708 4454 ἐθνῶν
3741 4417 3826 4462 τις

2247 4494 2346 4556 τὰς
2392 4492 2646 4555 τοιαύτας
2675 4492 2895 4545 ἐκλάϐοι
2931 4493 3133 4562 φωνάς,
3178 4493 3498 4564 ἀνθρώπους
3537 4491 3831 4564 κεκλῆσθαί

562 4579 681 4617 rum
714 4563 1051 4617 imbecillitas
1083 4577 1149 4615 ex
1180 4577 1245 4616 eo
1289 4564 1433 4632 quod
1492 4562 1739 4617 homines
1772 4565 2140 4630 nominentur,

2253 4600 2458 4653 φαμεν,
2518 4584 2645 4646 τοὺς
2705 4584 2871 4638 πάλαι
2934 4585 3266 4657 κρατοῦντας
3323 4586 3429 4639 τῶν
3462 4587 3551 4640 ἐπὶ
3582 4587 3680 4657 τῆς
3726 4588 3828 4658 γῆς

561 4658 762 4725 optime
802 4655 1132 4709 declaratur.
1172 4654 1455 4711 Probabile
1506 4672 1719 4725 quoque
1763 4667 1846 4711 est
1895 4658 2144 4712 doctores

561 4765 750 4801 eorum
804 4748 985 4809 lalsos,
1039 4758 1093 4801 et
1150 4764 1429 4801 sacrorum
1488 4748 1790 4818 prml‘ectos,
1845 4751 1927 4803 vel
1982 4751 2141 4804 etiam

566 4848 753 4905 poi-tas
799 4850 853 4893 et
881 4847 1143 4901 oratores,
1190 4840 1604 4908 inventoresque
1641 4840 1986 4909 eloquentiae.
2024 4856 2143 4910 quae

562 4930 699 4998 apud
734 4928 951 4983 Graecos
979 4929 1031 4983 in
1059 4930 1232 4999 pretio
1258 4928 1380 4993 fuit,
1408 4933 1511 4983 dici
1539 4931 1790 4985 homines
1822 4932 2098 4999 improbos
2123 4973 2137 4998 ,

563 5031 750 5091 utpote
791 5021 879 5090 qui
928 5036 1023 5089 per
1067 5021 1178 5075 oris
1224 5021 1527 5075 facundiam
1580 5039 1681 5091 qua
1718 5023 2012 5093 pollebant,
2039 5025 2137 5079 de‘

563 5126 747 5181 (‘t'pttts
779 5114 829 5165 in
871 5124 1089 5181 puteum
1143 5114 1390 5166 interitus
1412 5114 1727 5180 dt-jiccrettt.
1754 5115 1848 5170 Sin
1873 5118 1938 5172 de
1964 5117 2141 5172 lsrae-

564 5205 673 5257 litis
722 5205 864 5258 istud
915 5204 1152 5267 dicatur,
1190 5204 1461 5274 improbos
1513 5208 1805 5262 asscrimus
1867 5223 2022 5274 esse,
2054 5211 2148 5277 qui

565 5297 631 5347 ad
674 5296 973 5351 docendum
1040 5307 1189 5351 sorte
1245 5296 1462 5358 delecti,
1530 5296 1734 5352 Scriba:
1793 5299 2049 5354 nimirum
2090 5310 2147 5355 et

565 5385 847 5455 Pharisaei,
912 5388 1203 5442 sacerdotii
1266 5386 1489 5457 gloriam
1542 5389 1843 5457 consecuti,
1885 5390 2147 5460 dignitate

567 5479 693 5533 inde
751 5479 908 5533 simul
965 5496 1029 5536 ac
1083 5491 1351 5551 potestate
1397 5480 1598 5546 ornati,
1649 5479 1853 5536 clavem
1904 5482 2143 5553 scientia:

563 5581 907 5639 acceperunt,
931 5583 984 5625 et
1012 5590 1109 5628 nec
1146 5574 1244 5641 ipsi
1269 5573 1631 5637 crediderunt,
1679 5590 1775 5629 nec
1804 5574 1925 5629 aliis
1955 5585 2011 5630 ut
2042 5578 2145 5633 hoc

564 5662 806 5717 lacerent
855 5678 1259 5721 concesserunt.
1288 5667 1663 5722 Tradebantur
1687 5679 1863 5723 autem
1887 5667 2145 5739 legalibus

634 5838 681 5870 ⁸³
700 5843 715 5858 ⁸
740 5838 871 5895 Luc.
903 5856 958 5903 tt,
985 5841 1169 5893 20-52.
1251 5844 1291 5871 δ’
1314 5840 1441 5893 Luc.
1470 5856 1505 5902 ι,
1531 5839 1721 5891 68-75.

2254 4674 2501 4736 ἀνοσίους
2532 4674 2815 4744 δαίμονας,
2858 4669 2932 4729 ὧν
2959 4676 3018 4729 τὸ
3047 4676 3269 4739 ἀσθενὲς
3311 4674 3367 4729 εὖ
3419 4677 3561 4747 μάλα
3589 4694 3828 4747 καταση-

2256 4764 2530 4834 μαίνεται,
2564 4764 2653 4818 διὰ
2695 4766 2790 4819 τοῦ
2820 4767 2911 4820 καὶ
2945 4766 3268 4838 ἀνθρώπους
3313 4769 3510 4832 αὐτοὺς
3566 4770 3827 4837 ὀνομάζε-

2253 4852 2396 4906 σθαι.
2433 4854 2592 4917 Εἰκὸς
2617 4854 2671 4907 δὲ
2699 4856 2761 4927 δή
2806 4873 2907 4909 που
2940 4857 3033 4911 καὶ
3058 4860 3184 4922 τοὺς
3232 4861 3363 4930 παρ’
3388 4860 3567 4923 αὐτοῖς
3591 4859 3830 4929 ψευδοδι-

2246 4943 2565 5009 δασκάλους,
2594 4948 2687 4999 καὶ
2725 4949 2851 5011 τοὺς
2884 4948 3256 5020 καλουμένους
3297 4952 3645 5022 ίερομύστας,
3677 4953 3710 5021 ἦ
3735 4953 3827 5005 καὶ

2249 5036 2475 5106 ποιητὰς
2506 5039 2599 5091 καὶ
2636 5038 2889 5107 λογάδας,
2942 5044 3037 5096 καὶ
3075 5044 3190 5107 τοῖς
3232 5046 3365 5114 παρ’
3415 5045 3641 5115 Ἕλλησι
3686 5064 3829 5099 τετι-

2253 5128 2501 5199 μημένης
2550 5130 2880 5199 εὐγλωττίας
2912 5134 3140 5203 εὑρετὰς
3178 5135 3498 5207 ἀνθρώπους
3532 5138 3830 5208 κεκλῆσθαι

2250 5221 2542 5289 πονηροὺς.
2575 5222 2650 5285 ὡς
2681 5222 2769 5277 διὰ
2797 5225 2897 5294 τῆς
2939 5225 3167 5297 ἐνούσης
3194 5228 3379 5291 αὐτοῖς
3408 5228 3701 5298 εὐστομίας
3720 5233 3831 5293 τοῖς

2250 5310 2349 5381 τῆς
2379 5313 2656 5378 ἀπωλείας
2684 5315 2924 5380 ἐνιέντας
2959 5318 3191 5390 τέλμασι
3238 5320 3364 5384 τοὺς
3413 5321 3831 5392 ἀπατωμένους.

2252 5403 2400 5457 Εἰδέ
2426 5404 2490 5476 δὴ
2526 5407 2654 5477 περὶ
2704 5408 2812 5461 τῶν
2843 5408 2902 5474 ἐξ
2942 5410 3157 5481 Ἰσραὴλ
3202 5411 3414 5481 λέγοιτο
3461 5414 3639 5479 ταυτὶ,
3669 5431 3835 5485 πονη-

2252 5493 2379 5563 ροὺς
2411 5493 2733 5566 ἀνθρώπους
2766 5492 2906 5552 εἶναί
2953 5517 3135 5570 φαμεν
3188 5504 3317 5568 τοὺς
3352 5502 3711 5574 καθηγεῖσθαι
3742 5505 3835 5557 λα-

2247 5585 2462 5655 χόντας,
2486 5588 2855 5659 Γραμματέας
2887 5591 2944 5644 τέ
2976 5610 3117 5662 φημι
3162 5594 3257 5647 καὶ
3279 5595 3606 5665 Φαρισαίους
3624 5610 3640 5627 ·
3665 5584 3836 5666 οῖ’τὴν

2250 5678 2351 5743 τῆς
2385 5678 2668 5749 ίεροσύνης
2701 5681 2915 5751 ἔχοντες
2970 5684 3153 5753 δόξαν,
3194 5686 3289 5738 καὶ
3327 5686 3425 5756 τὴν
3464 5685 3714 5742 ἐντεῦθεν
3748 5685 3826 5739 εὖ.
