4162 6406
363 392 464 448 δθι

358 504 545 561 κλειὰν
574 521 634 557 τε
653 504 789 575 ὁμοῦ
824 502 920 556 καὶ
941 503 1261 558 δυναστείαν
1287 505 1605 576 ἁνειμμένοι
1628 504 1729 576 τὴν
1762 504 1945 557 κλεῖδα

356 596 455 665 τῆς
478 593 733 664 γνώσεως
760 592 970 648 ἔλαϐον.
1005 594 1114 648 Καὶ
1135 593 1260 647 οὔτε
1298 596 1453 649 αὐτοὶ
1488 596 1943 659 πεπιστεύκασιν,

356 684 479 738 οὔτε
517 684 623 757 μὴν
649 685 867 756 ἑτέρους
891 686 1347 758 συγκεχωρήκασι
1381 687 1539 741 τοῦτο
1563 688 1725 760 δρᾷνο
1769 705 1949 761 παρα-

355 777 595 830 δέδονται
626 776 683 830 δὲ
725 779 839 841 τοῖς
890 779 991 849 μὲν
1047 779 1106 831 ἐν
1159 779 1310 851 νόμῳ
1356 780 1697 852 καθηγηταῖς
1736 782 1788 835 οἰ
1839 781 1946 835 ὑπὸ

358 870 516 940 χεῖρα
547 867 684 923 λαοί.
737 870 863 933 Τοῖς
925 887 990 940 γε
1034 870 1142 942 μὴν
1207 872 1541 944 ἀκαθάρτοις
1584 874 1838 944 δαίμοσιν
1895 875 1946 927 οἱ

1501 388 1569 443 ΙΝ
1614 388 1851 444 ISMAM
1893 387 2020 442 LIB.
2064 387 2149 441 Ill.
2192 384 2428 441 TOMUS
2467 384 2504 438 I.

3534 383 3639 438 502

1977 538 2023 594 Α
2054 505 2477 574 praeceptoribus
2523 502 2721 557 subditi
2775 502 2978 572 pupuli,
3013 509 3067 556 et
3099 511 3368 567 errantes,
3410 501 3638 569 impuris

2054 596 2413 661 daamonibns,
2462 594 2573 649 Deo
2625 594 2973 663 permittente
3003 602 3061 647 ut
3090 595 3231 649 hanc
3284 592 3637 648 traditionem

2054 698 2388 759 paterentur.
2425 686 2502 741 Ita
2533 700 2664 741 sane
2707 686 2764 740 in
2800 685 3085 756 reprobam
3133 698 3349 755 quoque
3402 690 3635 738 mentem

2055 780 2239 835 traditi
2273 787 2402 834 sunt
2440 777 2679 849 quidam,
2725 777 2816 847 qui
2850 792 2911 834 se
2936 778 3057 848 ejus
3084 776 3455 834 misericordia
3488 774 3640 830 ausi-

2054 875 2233 943 liuque
2269 872 2521 943 indignos
2549 870 2925 926 reddiderunt.

298 1000 299 1003 η
358 962 703 1034 πλανώμενοι
758 963 894 1018 Θεοῦ
964 966 1156 1021 παθεῖν
1190 968 1388 1031 αὐτοὺς
1449 967 1547 1039 τὴν
1577 967 1876 1040 παράδοσιν
1951 969 2369 1040 ἐπιτρέψαντος,
2438 966 2691 1036 καθάπερ
2734 965 2926 1035 ἀμέλει
2980 965 3076 1020 καὶ
3103 967 3183 1029 είς
3223 964 3483 1035 ἀδόκιμον
3513 964 3639 1019 νοῦν

360 1059 748 1130 παραδίδονται
805 1077 952 1123 τινες
1004 1059 1256 1125 ἀναξίους
1294 1061 1521 1124 ἑαυτοὺς
1569 1062 1948 1134 ἀποφήναντες
1988 1063 2089 1132 τῆς
2153 1062 2283 1132 παρ’
2322 1058 2487 1114 αὐτοῦ
2511 1057 2724 1128 φειδοῦς
2756 1057 2848 1112 καὶ
2879 1058 3221 1129 ἐπικουρίας.

436 1152 545 1207 Καὶ
596 1153 840 1220 ποιήσει
894 1156 1114 1221 Κύριος
1144 1155 1388 1211 Σαϐαὼθ
1422 1155 1574 1212 πᾶσι
1621 1158 1745 1224 τοῖς
1786 1158 1952 1213 ἔθνε-

359 1262 499 1302 σιγο
567 1248 665 1301 ἐπὶ
714 1248 781 1302 τὸ
834 1249 972 1319 ὅρος
1020 1250 1198 1304 τοῦτο
1246 1250 1485 1304 adortae
1535 1252 1949 1320 εὐφροσύνην,

360 1341 595 1394 πίον-ται
620 1336 809 1395 οἷνοιμ
842 1342 1154 1411 χρίσονται
1176 1345 1345 1412 μύρῳ
1371 1344 1440 1396 ἐν
1464 1342 1544 1409 τῷ
1572 1343 1694 1412 ὄρει
1722 1344 1935 1407 τούτῳ.

361 1434 637 1501 Παράδος
662 1434 849 1489 ταῦτα
876 1435 1074 1489 πάντα
1099 1435 1224 1503 τοῖς
1247 1437 1510 1492 ἔθνεσιν.
1529 1437 1593 1493 Ἠ
1622 1441 1731 1507 γὰρ
1743 1437 1948 1505 ,ϐουλὴ

358 1523 513 1591 αὕτη
542 1524 641 1577 ἐπὶ
672 1525 872 1579 πάντα
902 1526 974 1581 τὰ
1004 1525 1172 1595 ἔθνη.

433 1616 787 1688 Προειρηκὼς
819 1619 900 1671 ὅτι
940 1618 1251 1689 βασιλεύσει
1282 1622 1489 1694 Κύριος
1517 1625 1575 1677 ἐν
1607 1622 1744 1676 Σιὼν
1764 1625 1860 1676 καὶ
1894 1625 1951 1677 ἐν

372 1705 750 1780 Ἰερουσαλὴμ,
786 1710 862 1774 ὡς
891 1710 948 1778 ἐξ
982 1712 1301 1784 ὁμοιότητος
1329 1713 1439 1768 τῶν
1466 1716 1526 1769 ὲν
1558 1714 1811 1785 αἰσθήσει
1856 1717 1953 1768 καὶ

2131 1159 2313 1229 353.
2336 1157 2496 1211 Vens.
2533 1154 2586 1218 6,
2617 1155 2669 1207 7.
2697 1154 2761 1206 Et
2788 1153 2941 1222 faciet
2978 1153 3231 1207 Dominus
3257 1154 3487 1209 Sabaoth
3530 1173 3640 1207 ont-

2063 1255 2213 1307 nibus
2267 1251 2504 1322 qentibus
2535 1266 2551 1304 :
2585 1263 2741 1318 super
2789 1257 2964 1300 monte
3002 1247 3097 1300 hoc
3150 1248 3319 1301 bibent
3376 1250 3635 1311 (mitium,

2060 1346 2228 1399 bibent
2284 1346 2492 1407 vinum;
2538 1350 2797 1411 ungenmr
2840 1348 3106 1405 unguento
3164 1340 3218 1393 in
3289 1352 3462 1393 monte
3520 1342 3637 1393 hoc.

2062 1435 2233 1489 Trade
2262 1435 2373 1488 lucc
2396 1434 2571 1487 omnia
2597 1431 2855 1502 gentibus.
2894 1427 3182 1483 Consilium
3203 1432 3339 1486 enim
3371 1431 3466 1485 hoc
3487 1447 3643 1485 super

2061 1545 2235 1583 omnes
2260 1537 2456 1598 gentes.

2134 1618 2266 1673 Cum
2293 1618 2608 1686 pradixerit
2635 1619 2921 1673 Dominum
2948 1620 3001 1673 in
3032 1616 3163 1671 Sion
3194 1624 3247 1668 et
3267 1615 3319 1668 in
3340 1612 3641 1669 Jerusalem

2061 1720 2432 1782 regnaturum,
2463 1726 2530 1766 ex
2579 1712 2678 1765 hac
2711 1711 2866 1782 quasi
2910 1708 3270 1765 similitudine
3320 1721 3501 1761 rerum
3545 1705 3645 1759 sub

360 1801 574 1870 ὁρατῶν
622 1803 966 1872 πραγμάτων
1030 1807 1300 1880 μυστικὴν
1350 1808 1628 1877 ὲξυφαίνει
1677 1809 1951 1864 διάνοιανο

2068 1817 2274 1856 sensum
2302 1811 2689 1872 aspectumque
2724 1802 3055 1866 cadentium,
3104 1797 3388 1867 mysticum
3423 1810 3641 1851 sensum

364 1892 577 1962 ὑψηλὴ
608 1894 718 1967 γὰρ
746 1897 840 1949 καὶ
865 1898 1313 1967 σκοπευτήριον
1336 1901 1369 1969 ή
1412 1899 1570 1965 Σιὼν,
1623 1901 1833 1969 ὅρασις
1858 1900 1955 1972 μὲν

364 1988 474 2057 γὰρ
496 1985 739 2055 εἰρήνης
766 1987 1121 2061 Ἰερουσαλὴμ
1150 1991 1531 2062 ἑρμηνεύεται.
1569 1994 1881 2064 Ἀμφότεροι
1900 1997 1957 2049 δέ

364 2080 481 2131 ἐστι
532 2079 708 2132 ταῦτα
761 2080 899 2133 κατὰ
954 2081 1234 2151 ἀλήθειαν,
1280 2084 1313 2153 ἡ
1355 2083 1649 2153 Ἐκκλησία
1682 2085 1953 2155 Χριστοῦ·

365 2171 544 2243 ὑψηλὴ
578 2173 685 2243 γὰρ
722 2173 815 2226 καὶ
845 2173 1158 2245 περίοπτος,
1195 2176 1289 2228 καὶ
1318 2168 1429 2228 οἷον
1457 2176 1515 2228 ἐν
1546 2175 1660 2246 ὄρει
1702 2176 1948 2244 κειμένη.

365 2263 477 2315 Καὶ
502 2262 626 2316 καθ’
654 2263 841 2335 ἕτερον
868 2264 923 2317 δὲ
952 2265 1152 2336 τρόπον
1175 2264 1352 2337 ὑψηλὴ
1376 2268 1578 2321 νοεῖται
1605 2266 1742 2338 πρὸς
1776 2267 1955 2338 ἡμῶν,

367 2354 646 2425 χθαμαλὸν
674 2354 784 2428 γὰρ
826 2356 978 2411 οὐδὲν
1004 2358 1063 2409 ὲν
1094 2358 1257 2429 αὐτῇ,
1290 2359 1384 2411 καὶ
1424 2357 1535 2411 τῶν
1568 2360 1775 2430 γηΐνων
1822 2376 1957 2429 πρα-

367 2445 596 2516 γμάτων
642 2446 942 2516 ἁνῴκισται
988 2447 1128 2503 λίαν.
1160 2449 1477 2519 Γέγραπται
1526 2448 1638 2520 γὰρ
1684 2450 1768 2504 ὅτι
1800 2468 1819 2502 ι
1852 2450 1960 2505 Τοῦ

366 2538 503 2591 Θεοῦ
557 2539 607 2591 οἱ
666 2540 918 2611 κραταιοὶ
980 2540 1082 2610 τῆς
1132 2539 1241 2611 γῆς
1301 2541 1507 2612 σφόδρα
1558 2541 1901 2614 ἐπήρθησαν.
1937 2562 1955 2594 ι

380 2627 591 2699 Ὑψηλά
620 2628 675 2682 δὲ
708 2629 910 2699 ὁμοίως
939 2630 1032 2684 καὶ
1060 2631 1128 2686 τὰ
1157 2633 1214 2685 ὲν
1245 2632 1381 2703 αὐτῇ
1417 2632 1537 2686 θεῖά
1564 2649 1623 2686 τε
1659 2635 1754 2687 καὶ
1784 2633 1961 2705 ἁληθῆ

366 2718 636 2791 δόγματα.
665 2722 802 2793 Περὶ
830 2722 965 2776 Θεοῦ
1000 2722 1108 2793 γὰρ
1133 2726 1161 2777 6
1185 2724 1363 2793 λόγος,
1389 2725 1509 2796 ήτοι
1532 2726 1660 2797 περὶ
1682 2726 1780 2797 τῆς
1800 2726 1963 2797 ἁγίας

370 2812 465 2865 καὶ
493 2815 778 2883 ὁμοουσίου
806 2816 1035 2884 Τριὰδος
1088 2817 1267 2887 ἰσχνὸς
1315 2818 1408 2871 καὶ
1459 2817 1833 2890 ἀπεξεσμένος
1868 2819 1963 2872 καὶ

371 2906 453 2968 είς
487 2906 655 2976 μόνην
680 2907 1056 2978 τετραμμένος
1086 2908 1184 2980 τὴν
1210 2908 1490 2980 ἀλήθειαν.
1510 2910 1735 2981 Ὁρᾶται
1765 2910 1822 2964 δὲ
1859 2911 1964 2966 πά·

373 2996 456 3049 λιν
486 2998 544 3049 ἐν
576 2998 714 3069 αὐτῇ
736 3001 763 3052 6
778 2999 1014 3071 Χριστὸς
1038 3000 1097 3063 ὃς
1117 3001 1264 3053 ἐστιν
1285 3001 1496 3073 εἰρήνη.
1518 3002 1739 3072 Ποιήσει
1763 3001 1961 3068 τοίνυν,

2057 1896 2313 1964 pertexit.
2348 1893 2571 1949 Excelsa
2600 1894 2743 1947 enim
2780 1902 2837 1947 et
2875 1889 3083 1958 specula
3118 1890 3267 1949 Sion,
3300 1888 3431 1941 visio
3462 1895 3637 1940 autem

2058 1990 2203 2055 pacis
2231 1986 2531 2043 Jerusalem
2564 1986 2874 2055 exponitur.
2896 1983 2993 2037 Est
3014 1991 3192 2037 autem
3228 1990 3517 2048 utrumque
3541 1979 3645 2032 hoc
3706 2022 3714 2029 .

2058 2092 2208 2143 vere,
2229 2078 2428 2133 Christi
2455 2077 2694 2132 Ecclesia
2730 2093 2743 2128 :
2779 2076 2920 2130 celsa
2952 2087 3145 2141 nempe
3177 2080 3230 2125 et
3286 2070 3535 2133 illustris,
3590 2080 3645 2121 et

2059 2169 2205 2224 velut
2240 2170 2292 2223 in
2328 2177 2509 2224 monte
2558 2168 2752 2238 posita.
2798 2166 2917 2220 Alio
2946 2166 3107 2219 etiam
3169 2160 3327 2215 modo
3354 2159 3568 2215 excelsa
3612 2173 3641 2211 a

2060 2258 2551 2329 nobisintelligitur
2576 2274 2590 2309 :
2632 2260 2684 2312 in
2714 2273 2779 2312 ea
2834 2259 2977 2311 enim
3011 2251 3147 2308 nihil
3176 2261 3261 2309 est
3291 2250 3511 2315 humile,
3536 2260 3588 2304 et
3611 2268 3641 2301 ιι

2064 2351 2294 2405 terrenis
2322 2349 2484 2404 rebus
2513 2350 2699 2419 procul
2728 2349 2956 2403 habitat.
2979 2347 3253 2416 Scriptum
3280 2356 3515 2410 namque
3538 2352 3641 2394 est:

2067 2460 2086 2495 ι
2113 2440 2159 2495 Α
2192 2440 2304 2496 Deo
2337 2440 2504 2495 fortes
2544 2449 2701 2494 teme
2728 2439 3075 2493 vehementer
3102 2434 3296 2491 elevati
3327 2441 3455 2488 sunt
3480 2430 3573 2485 δι’.
3619 2451 3638 2482 ι

2064 2532 2433 2601 Similiterque
2457 2532 2707 2600 dogmata
2746 2530 2802 2583 in
2834 2545 2894 2584 ea
2923 2528 3029 2583 alta
3072 2526 3364 2594 divinaque
3421 2531 3476 2578 et
3519 2536 3642 2575 vera

2064 2635 2211 2681 sunt.
2247 2626 2319 2680 De
2356 2625 2464 2679 Deo
2492 2624 2658 2689 enim,
2683 2634 2737 2677 et
2766 2623 2832 2675 de
2863 2630 3051 2676 sancta
3107 2633 3170 2673 ac
3194 2612 3643 2671 consubstantiali

2065 2720 2329 2775 Trinitate
2352 2734 2533 2775 sermo
2566 2726 2649 2773 est
2671 2716 2886 2772 subtilis
2912 2725 2967 2769 et
2993 2710 3314 2783 perpolitus,
3337 2716 3392 2765 et
3419 2707 3532 2763 sola
3554 2721 3643 2762 ve-

2066 2816 2224 2869 ritate
2252 2810 2641 2877 conformatus,
2678 2808 3007 2879 conspicitur
3062 2818 3251 2859 rnrsus
3282 2801 3336 2857 in
3382 2815 3447 2855 ea
3491 2797 3644 2855 Chri-

2065 2918 2201 2973 stus,
2223 2907 2314 2978 qui
2374 2915 2458 2962 est
2487 2920 2612 2977 pax.
2640 2902 2828 2958 Faciet
2888 2901 3074 2973 igitur,
3126 2894 3323 2965 inquit,
3384 2892 3647 2947 Dominus

2066 2998 2346 3056 Sabaoth:
2376 3010 2550 3067 neque
2606 2995 2736 3051 solis
2759 2992 3024 3049 lsraelitis
3068 2987 3217 3043 velut
3268 2983 3481 3040 dilectis
3512 2994 3647 3050 pro—

375 3091 530 3159 φησί,
564 3090 768 3162 Κύριος
819 3091 1068 3156 Σαϐαὼθ,
1098 3094 1192 3147 καὶ
1240 3090 1359 3146 οὔτι
1403 3109 1505 3146 που
1542 3093 1725 3165 μόνοις
1760 3096 1871 3157 τοῖς
1904 3095 1961 3161 ἐξ

2068 3101 2186 3161 pter
2211 3099 2391 3159 patres
2411 3099 2465 3143 et
2490 3086 2731 3159 probatis
2762 3104 2776 3138 :
2832 3084 2941 3138 imo
2973 3078 3226 3137 omnibus
3279 3075 3550 3148 gentibus,
3598 3072 3649 3125 id

388 3157 625 3253 Ἰσραὴλ,
761 3182 1065 3256 ἀγαπητοῖς
1091 3183 1178 3238 διὰ
1209 3184 1335 3249 τοὺς
1372 3157 1618 3256 πατέρας
1644 3185 1738 3239 καί¹
1763 3157 1961 3253 ἐξειλε-ζ

2069 3157 2247 3249 est,in
2283 3183 2427 3237 omni
2459 3157 2598 3236 terra
2628 3179 2730 3234 sub
2756 3176 2893 3234 ccelo
2955 3174 3256 3243 agentibus.
3292 3169 3360 3222 At
3387 3166 3515 3237 quid
3573 3164 3647 3217 fa-

376 3271 619 3341 ’ίμένοιςν
652 3273 790 3329 ἀλλὰ
832 3275 943 3345 γὰρ
986 3277 1121 3329 πᾶσι
1169 3278 1282 3340 τοῖς
1326 3275 1523 3342 ἔθνεσι,
1556 3278 1822 3341 τουτέστι,
1852 3282 1966 3343 τοῖς

377 3366 482 3420 ἀνὰ
513 3368 694 3421 πᾶσαν
722 3367 824 3440 τὴν
858 3369 950 3422 ὑπ’
976 3369 1222 3437 οὐρανόν.
1259 3370 1482 3442 Ποιήσει
1509 3370 1567 3424 δὲ
1599 3371 1685 3438 τί;
1722 3370 1964 3435 ΙΙίονται,

379 3460 567 3531 φησὶν,
599 3456 975 3532 εὐφροσύνην,
1016 3461 1233 3515 πίονται
1275 3457 1445 3516 οἶνον·
1477 3463 1755 3535 χρίσονται
1809 3462 1967 3534 μύρῳ

381 3554 441 3605 ἐν
477 3551 553 3623 τῷ
589 3552 706 3623 ὄρει
733 3552 1123 3624 τούτῳ.Ἔοικε
1153 3554 1210 3608 δὲ
1242 3554 1331 3608 διὰ
1370 3555 1470 3626 μὲν
1499 3554 1599 3625 τῆς
1629 3556 1969 3626 εὐφροσύνης

380 3643 681 3716 ὑποδηλοῦν
729 3643 793 3697 τὸ
842 3643 1026 3717 ἱλαρὸν
1076 3646 1135 3699 ὲν
1186 3646 1383 3711 ἐλπίδι,
1412 3645 1569 3718 δῆλον
1617 3647 1673 3700 δὲ
1704 3649 1878 3719 ὅτιτῇ
1910 3649 1968 3700 ὲν

384 3734 603 3806 Χριστῷ
622 3736 1129 3809 ”συμ6ασιλεύομεν
1152 3738 1259 3809 γὰρ
1277 3737 1444 3809 αὐτῷ,
1466 3738 1561 3792 καὶ
1586 3738 1656 3792 τὰ
1678 3739 1818 3812 ὑπὲρ
1845 3739 1969 3792 νοῦν

385 3826 478 3879 καὶ
521 3826 680 3895 λόγον
723 3826 1204 3899 ἀποκερδαίνοντες
1259 3827 1477 3898 ἀπάσης
1521 3829 1651 3881 εἵσω
1701 3828 1969 3898 θυμηδίας

384 3919 642 3990 ἐσόμεθα.
673 3920 773 3974 Διὰ
796 3920 852 3974 δέ
877 3937 941 3989 γε
972 3919 1067 3973 τοῦ
1088 3920 1253 3987 οίνου,
1288 3920 1387 3991 τὴν
1419 3920 1684 3991 μυστικὴν
1720 3919 1969 3988 εὐλογίαν

384 4007 704 4078 ύποδηλοῦν,
731 4010 827 4062 καὶ
875 4010 973 4079 τῆς
1018 4009 1358 4079 ἁναιμάκτου
1394 4007 1585 4071 θυσίας
1620 4009 1710 4061 τὸν
1742 4008 1965 4079 τρόπον,

384 4100 453 4169 ἢν
487 4101 544 4152 ἐν
568 4103 688 4164 ταῖς
722 4101 904 4169 ἁγίαις
935 4100 1252 4173 ἐκκλησίαις
1282 4100 1635 4171 ἀποπληροῦν
1660 4100 1964 4170 εἰθίσμεθα.

386 4192 461 4244 T6
505 4191 563 4244 δέ
611 4208 676 4260 γε
728 4192 898 4265 μῦρον
940 4194 1072 4263 ἡμῖν
1117 4192 1555 4264 κατασημήνειεν
1583 4189 1642 4245 εὖ
1678 4192 1823 4262 μάλα
1869 4192 1968 4264 τὴν

386 4281 482 4335 του
527 4283 683 4351 ἁγίου
738 4283 1053 4355 Πνεύματος
1100 4285 1301 4356 χρίσιν.
1338 4284 1543 4354 Γράφει
1572 4285 1680 4354 γὰρ
1727 4287 1755 4337 6
1807 4286 1971 4354 σοφὸς

400 4374 653 4445 Ἰωάννης
672 4390 687 4405 ’
737 4391 757 4425 ι
780 4375 890 4428 Καὶ
920 4376 1076 4446 ὑμεῖς
1101 4376 1311 4446 χρίσμα
1343 4373 1494 4445 ἔχετε
1526 4374 1632 4427 ὑπὸ
1656 4374 1750 4427 τοῦ
1786 4375 1968 4443 Ἀγίου

391 4466 484 4515 καὶ
530 4466 591 4517 οὐ
634 4466 822 4537 χρείαν
855 4465 1028 4537 ἔχετε,
1066 4467 1153 4519 ἵνα
1184 4484 1267 4530 τις
1299 4466 1523 4539 διδάσκῃ
1549 4465 1714 4535 ὑμᾶς,
1743 4465 1856 4519 ἀλλ’
1894 4465 1969 4529 ὡς

389 4555 451 4608 τδ
474 4556 636 4609 αὐτοῦ
673 4558 880 4628 χρίσμα
908 4558 1145 4611 διδάσκει
1182 4558 1327 4628 ὑμᾶς
1356 4556 1485 4628 περὶ
1518 4557 1754 4611 πάντων.
1790 4576 1808 4607 ι
1844 4559 1961 4610 Κα-

391 4648 728 4718 ταχριόμεθα
758 4650 866 4721 γὰρ
901 4649 1056 4721 μύρῳ
1097 4650 1237 4703 κατά
1267 4648 1358 4701 τὸν
1384 4647 1576 4718 καιρὸν
1612 4649 1844 4719 μάλιστα
1871 4648 1965 4702 τοῦ

395 4744 550 4812 ἁγίου
579 4744 968 4813 βαπτίσματος,
1007 4741 1273 4812 σύμϐολον
1307 4741 1401 4793 τοῦ
1434 4740 1760 4811 μεταλαχεῖν
1808 4742 1967 4811 ἁγίου

396 4838 711 4908 Πνεύματος
758 4836 819 4888 τὸ
864 4836 1071 4906 χρίσμα
1118 4833 1448 4902 ποιούμενοι.
1490 4832 1649 4886 Ἀλλά
1697 4835 1859 4887 ταυτὶ
1905 4834 1970 4905 δὴ

394 4931 592 4986 πάντα,
615 4928 767 4999 φησὶ,
793 4928 1034 4998 παράδος
1055 4928 1165 4990 τοῖς
1187 4924 1416 4979 ἔθνεσιν·
1456 4926 1489 4995 ἡ
1516 4924 1624 4994 γὰρ
1646 4924 1807 4995 βουλὴ
1832 4924 1972 4995 αὓτη

395 5023 488 5075 ἐπὶ
533 5021 711 5074 πάντα
758 5018 828 5071 τὰ
871 5018 1093 5090 έθνη.’0
1127 5018 1227 5088 μὲν
1268 5016 1377 5086 γὰρ
1410 5015 1576 5068 πάλαι
1604 5013 1787 5083 νόμος,
1815 5013 1905 5066 καὶ
1939 5015 1973 5084 ή

395 5112 516 5167 κατ’
549 5111 711 5165 αὐτὸν
737 5110 959 5182 λατρεία
994 5107 1379 5179 διακονηθεῖσα
1409 5108 1473 5159 δι’
1503 5106 1751 5175 ἀγγέλων
1776 5108 1836 5160 ού
1868 5108 1974 5159 πᾶα

395 5222 479 5256 σιν
511 5204 697 5266 ἁπλῶς
731 5203 885 5273 ἐδόθη
919 5205 1033 5265 τοῖς
1062 5201 1298 5254 ἔθνεσιν·
1351 5199 1465 5253 ἀλλ’
1493 5199 1573 5251 ἑνὶ
1602 5200 1694 5251 καὶ
1726 5198 1872 5269 μόνῳ
1900 5197 1976 5267 τῷ

395 5296 453 5359 ἐξ
484 5294 714 5363 αἰματος
751 5294 989 5364 Ἰσραήλ.
1005 5293 1071 5345 Ἠ
1095 5291 1153 5345 δὲ
1182 5294 1239 5345 ὲν
1263 5288 1485 5361 Χριστῷ
1510 5289 1689 5360 χάρις,
1715 5290 1809 5343 καὶ
1832 5292 1865 5360 ή
1888 5290 1978 5343 διὰ

396 5385 634 5449 πίστεως
673 5385 885 5454 κλῆσις,
916 5384 1188 5456 ἁγιασμός
1213 5399 1273 5436 τε
1306 5382 1442 5452 πρὸς
1471 5380 1681 5444 τούτοις
1712 5382 1740 5433 6
1768 5381 1859 5434 διά
1883 5381 1977 5434 τοῦ

2073 3276 2211 3331 ciet?
2244 3274 2456 3335 Bibent,
2508 3272 2704 3340 inquit,
2735 3271 2787 3323 in
2830 3268 3032 3331 latitia,
3087 3265 3274 3320 bibent
3309 3260 3518 3322 vinum,
3552 3271 3652 3310 un-

2073 3378 2267 3439 gentur
2297 3375 2569 3437 unguento
2604 3367 2655 3418 in
2714 3371 2895 3417 monte.
2948 3360 3072 3414 hoc.
3121 3356 3225 3411 Per
3252 3352 3498 3409 lanitium
3525 3361 3655 3402 vero

2076 3465 2285 3517 videtur
2315 3460 2637 3514 hilaritatem
2697 3457 2748 3510 in
2805 3468 2920 3521 spe,
2958 3450 3209 3507 videlicet
3252 3460 3348 3517 per
3378 3443 3654 3501 Christum

2076 3553 2424 3607 subiudicare
2456 3567 2470 3602 :
2510 3565 2632 3603 nam
2664 3562 2786 3603 cum
2817 3546 3038 3605 Christo
3076 3539 3443 3612 rcgnabimus,
3476 3544 3528 3589 et.
3574 3533 3655 3585 Iu-

2081 3643 2427 3700 crii‘acientes
2455 3658 2574 3711 quac
2609 3654 2784 3709 neque
2812 3637 3164 3709 cogitatione,
3189 3645 3363 3701 neque
3409 3627 3655 3682 oratione

2078 3735 2337 3805 consequi
2393 3748 2704 3805 possumus,
2766 3731 2911 3785 omni
2947 3728 3113 3782 animi
3198 3724 3476 3793 voluptate
3542 3733 3657 3787 per-

2076 3829 2338 3883 fruemur.
2374 3824 2475 3882 Per
2501 3825 2688 3881 vinum
2745 3831 2923 3876 autem
2964 3819 3246 3891 mysticam
3280 3812 3547 3881 eulogiam
3600 3822 3655 3863 et

2077 3917 2343 3976 incruenti
2372 3916 2624 3973 sacrificii
2656 3914 2871 3971 modum
2914 3911 3203 3983 signiﬁcat,
3228 3906 3370 3978 quod
3404 3907 3453 3959 in
3486 3903 3655 3957 sacris

2075 4011 2323 4068 ecclesiis
2354 4008 2730 4066 consuevimus
2778 4004 3087 4074 adimplere.
3122 4001 3468 4071 Unguentum
3504 3997 3656 4051 nobis

2076 4102 2397 4172 perpulchre
2477 4099 2651 4155 saneti
2709 4098 2942 4168 Spiritus
3002 4096 3313 4150 unctionem
3393 4091 3652 4159 designat.

2075 4196 2275 4251 Scribit
2302 4195 2445 4249 enim
2480 4193 2697 4262 sapiens
2727 4191 2965 4246 Joannes
2992 4206 3005 4243 :
3038 4204 3058 4239 ι
3098 4186 3164 4241 Ει
3202 4200 3300 4240 vos
3343 4183 3655 4237 unctionem

2077 4288 2288 4344 habetis
2342 4302 2372 4340 a
2431 4286 2633 4340 Sancto
2676 4300 2692 4338 :
2736 4298 2910 4353 neque
2960 4296 3095 4350 opus
3156 4279 3391 4339 habetis,
3426 4283 3482 4326 ut
3535 4272 3658 4340 quis

2076 4380 2397 4445 doceatvos,
2418 4385 2474 4433 at
2489 4378 2628 4433 sicut
2651 4376 2832 4431 unctio
2882 4374 3039 4428 docet
3062 4388 3156 4425 vos
3185 4372 3250 4424 de
3278 4367 3529 4423 omnibus
3551 4362 3597 4394 ’⁸
3632 4379 3653 4414 ι

2079 4468 2343 4538 Ungimur
2372 4467 2517 4520 enim
2567 4474 2841 4535 unguento
2876 4472 3114 4531 tempore
3163 4456 3462 4529 praesertim
3516 4451 3657 4507 sacri

2072 4560 2429 4630 baptismatis,
2466 4557 2703 4614 chrisma
2743 4564 3044 4612 statuentes
3087 4554 3302 4621 signum
3334 4562 3397 4601 ac
3434 4543 3655 4615 symbo-

2074 4656 2181 4709 lum
2210 4652 2640 4723 participationis
2665 4649 2836 4706 sancti
2860 4648 3095 4719 Spiritus
3130 4645 3230 4715 (at).
3264 4644 3368 4698 Sed
3424 4637 3661 4706 haac,in-

2076 4748 2211 4819 quit,
2247 4746 2429 4804 omnia
2464 4747 2616 4801 trade
2642 4745 2914 4815 gentibus.
2943 4741 3244 4797 Consilium
3274 4738 3416 4791 enim
3442 4735 3544 4789 hoc
3568 4747 3649 4786 su-

2080 4856 2173 4910 per
2194 4854 2382 4895 oumes
2409 4847 2619 4910 gentes.
2651 4837 2886 4906 Antiqua
2920 4838 3063 4890 enim
3120 4834 3200 4888 lex
3236 4830 3459 4899 ejusque
3486 4824 3662 4880 cultus

2081 4950 2177 5005 per
2204 4933 2423 5004 angelos
2465 4931 2895 4997 administratus,
2929 4946 3033 4984 non
3058 4925 3313 4982 onmihus
3346 4917 3662 4990 simpliciter

2082 5024 2334 5095 gentibus
2367 5023 2614 5087 dabatur,
2640 5021 2805 5094 354
2828 5022 2923 5076 sed
2953 5021 3043 5075 uni
3071 5028 3125 5073 et
3174 5017 3277 5071 soli
3309 5030 3372 5068 ex
3399 5010 3663 5080 sanguine

2084 5112 2380 5169 Israelitico
2401 5114 2649 5168 oriundo.
2670 5113 2739 5166 At
2768 5112 2939 5182 gratia
2960 5110 3013 5166 in
3046 5108 3281 5171 Christo,
3310 5113 3364 5159 et
3387 5115 3481 5171 per
3501 5098 3659 5151 iidem

2083 5208 2315 5270 vocatio,
2344 5207 2409 5262 ad
2439 5207 2553 5261 haec
2580 5220 2676 5275 per
2703 5204 2966 5274 Spiritum
3015 5201 3398 5260 sanctiﬁcatio,
3452 5193 3661 5259 hocque

2081 5312 2177 5367 per
2204 5297 2485 5353 consilium
2518 5298 2607 5353 Dei
2636 5306 2690 5352 et
2721 5296 2943 5367 Spiritus
2986 5294 3337 5367 mysterium,
3384 5289 3437 5340 in
3471 5294 3663 5341 omnes

2083 5399 2274 5458 gentes
2329 5392 2553 5447 exstitit.
2617 5389 2713 5445 Est
2760 5390 2903 5445 enim
2949 5387 3202 5442 Christus
3255 5380 3407 5451 juxta
3472 5387 3659 5429 vocem

396 5476 735 5548 Πνεύματος,
766 5479 859 5532 καὶ¹
887 5477 1019 5532 αὐτὸ
1051 5476 1108 5531 δὲ
1136 5475 1197 5529 τὸ
1226 5477 1521 5545 μυστήριον
1548 5473 1634 5527 διὰ
1662 5472 1855 5543 βουλῆς
1890 5474 1961 5526 soi

2095 5479 2301 5546 Sancti,
2333 5483 2571 5550 gentium
2598 5481 2953 5552 exspectatio.

471 5614 546 5644 ιδ·
576 5614 714 5672 Psal.
741 5633 884 5683 mi,
910 5617 994 5672 to.
1072 5618 1115 5649 δε
1144 5615 1340 5670 lJoan.
1368 5582 1521 5678 meo
1550 5612 1641 5667 ~27.

407 5822 424 5833 ι
599 5753 732 5811 Vide
788 5757 926 5814 infra
956 5756 1050 5816 lib.
1093 5774 1143 5826 V,
1172 5776 1224 5829 ρο
1256 5757 1379 5822 917,
1413 5766 1466 5814 Cl
1506 5758 1559 5812 in
1594 5756 1755 5811 Joan.
1793 5770 1845 5824 p.
1884 5754 2006 5825 633,
2054 5759 2139 5817 ubi
2199 5760 2524 5818 mentionem
2564 5755 2698 5814 facil,
2744 5753 3050 5813 chrismatis
3098 5749 3447 5817 κατηγήσεως
3482 5752 3535 5794 et
3568 5754 3659 5792 τι·

408 5840 693 5888 Αειωσεως.

2946 5994 2995 6011 ’θ’
