4162 6392
523 366 627 420 563

1547 352 1613 414 SI
1647 351 1925 413 CYRILLI
1965 351 2435 409 ALEXANDRINI
2475 354 2794 412 ARCHIEP.

3680 361 3782 418 564

522 480 658 535 Θεοῦ
714 495 807 532 και
839 477 1045 549 Πατρδς
1087 477 1181 531 ἐπὶ
1231 476 1407 531 πάντα
1444 475 1633 545 γέγονε
1657 474 1725 528 τὰ
1763 473 1910 543 ἔθνη.
1953 471 2184 542 Χριστὸς
2221 472 2329 542 γάρ
2377 474 2522 527 ἐστιν
2568 477 2601 545 ὴ
2643 474 2752 528 τῶν
2802 476 2970 528 ἐθνῶν
3019 470 3332 547 προσδοκία,
3365 484 3504 532 κατὰ
3552 478 3649 548 τὴν
3689 481 3780 533 τοῦ

535 572 714 639 Ἀγίου
742 572 947 642 φωνήν.

599 663 759 718 Vsus.
786 663 839 718 8.
866 663 1138 734 Absorpsit
1170 678 1310 717 mors
1348 673 1549 730 potens,
1578 671 1624 715 et
1650 677 1857 714 rursum
1885 659 2098 713 abstulit

2280 662 2569 715 Κατέπιεν
2599 664 2631 714 ὀ
2652 660 2907 725 θάνατος
2934 661 3215 729 ἰσχύσας,
3261 662 3357 715 καί
3403 663 3587 717 mia/1w
3616 665 3782 735 (15987-

526 754 667 809 Deus
702 770 903 808 omnem
947 756 1235 825 lacrymam
1286 754 1350 807 ab
1397 757 1538 806 omni
1564 754 1716 822 facie.
1753 751 2099 819 Opprobrium

526 842 703 913 populi
723 841 936 898 abstulit
969 860 1034 898 ea:
1062 844 1203 897 omni
1232 854 1392 897 terra.
1422 842 1495 896 0s
1526 846 1667 896 enim
1716 842 1929 895 Domini
1954 841 2099 894 locu-

528 944 637 987 tum
669 944 745 989 est
771 935 905 988 Ιιίεε.

597 1026 1046 1082 Commodissime
1079 1035 1133 1082 e’t
1163 1030 1469 1084 necessario
1496 1046 1619 1084 cum
1664 1028 1902 1101 mysterii
1933 1029 2100 1082 tradi-

530 1118 676 1173 tione
700 1133 883 1173 sermo
909 1120 974 1175 de
998 1123 1397 1177 resurrectione
1428 1134 1761 1177 mortuorum
1818 1123 2090 1189 COnjungi-

531 1220 640 1265 tur.
671 1209 876 1266 ldcirco
907 1213 1069 1266 etiam
1100 1213 1242 1267 sacri
1299 1214 1635 1282 baptismatis
1683 1224 1942 1282 tempore,
1979 1212 2099 1266 ﬁdei

529 1303 923 1359 cantessionem
955 1304 1295 1371 exhibentes,
1334 1307 1495 1358 etiam
1534 1306 1712 1359 carnis
1742 1307 2101 1359 resurrectio-

530 1409 653 1448 nem
683 1395 919 1449 futuram
974 1404 1377 1463 exspectamus,
1414 1395 1590 1463 itaque
1629 1396 1917 1448 credimus.
1960 1394 2102 1448 Mors

531 1487 696 1556 igitur
761 1488 987 1541 invaluit
1029 1499 1218 1543 contra
1256 1489 1489 1559 primum
1532 1500 1810 1556 parentem
1858 1498 2099 1541 nostrum

532 1577 824 1643 Adamum,
858 1589 1083 1649 propter
1130 1581 1635 1650 transgressionem,
1684 1589 1740 1633 et
1793 1579 1955 1633 veluti
1988 1578 2101 1632 fera

532 1683 672 1722 saeva
699 1678 753 1723 et
789 1669 903 1723 dira
940 1670 1202 1736 insiliens,
1234 1674 1444 1741 rapuit:
1470 1671 1597 1725 inde
1622 1673 1836 1725 demum
1870 1671 2102 1724 lamenta

531 1762 837 1832 luctusque,
864 1772 919 1817 et
947 1764 1206 1834 lacryma,
1228 1774 1281 1819 et
1297 1764 1540 1834 planctus
1566 1775 1920 1826 mortuorum,
1946 1773 2103 1817 terrae

532 1852 737 1906 incolas
773 1865 1126 1924 occuparunt.
1154 1857 1222 1908 At
1258 1856 1310 1908 in
1350 1853 1568 1908 Christo
1596 1862 1876 1908 cessarunt
1902 1870 1916 1917 ;
1946 1853 2102 1906 tertia

530 1940 675 1995 enim
696 1942 782 1997 die
808 1944 1022 2009 revixit,
1057 1944 1259 1999 calcata
1289 1954 1484 2007 morte,
1516 1942 1690 1997 factus
1724 1943 1809 1997 via
1857 1942 2106 1997 humanae

2200 756 2312 806 λεν
2339 758 2371 806 ὀ
2399 753 2541 818 Θεὸς
2567 753 2689 807 πᾶν
2723 752 2987 819 δάκρυον
3022 753 3141 806 ἀπὸ
3175 756 3397 821 παντὸς
3431 756 3777 824 προσώπου.

2206 844 2278 898 Τὸ
2301 844 2530 910 ὄνειδος
2553 844 2657 897 τοῦ
2688 844 2843 898 λαοῦ
2868 843 3118 911 ἀφεῖλεν
3140 844 3258 899 ἀπὸ
3286 845 3491 915 πάσης
3512 848 3621 918 τῆς
3644 850 3777 919 γῆς.

2204 936 2246 989 Τ
2250 936 2280 988 ὁ
2314 936 2421 1004 γὰρ
2447 936 2640 1003 στόμα
2660 934 2884 1003 Κυρίου
2909 935 3178 1003 ἐλάλησε
3205 936 3412 990 ταῦτα.

2285 1028 2411 1082 Ἐπὶ
2456 1026 2649 1099 καιροῦ
2700 1028 2925 1097 σφόδρα.
2967 1028 3078 1080 Καὶ
3116 1030 3428 1096 ἀναγκαίως
3454 1033 3517 1101 τῇ
3544 1031 3638 1084 τοῦ
3670 1051 3775 1102 μυ-

2203 1119 2423 1186 στηρίυυ
2458 1117 2773 1188 παραδόσει,
2810 1118 2902 1170 καὶ
2927 1121 2955 1171 6
2986 1119 3111 1189 περὶ
3154 1119 3253 1186 τῆς
3293 1120 3642 1184 ἀναστάσεως
3666 1122 3775 1175 τῶν

2200 1208 2410 1276 νεκρῶν
2469 1210 2975 1277 συνεισκεκόμισται
3028 1210 3203 1278 λόγος.
3238 1210 3419 1282 Ταύτῃ
3466 1228 3546 1264 τοι
3584 1216 3676 1265 καὶ
3720 1216 3779 1266 ἐν

2201 1299 2379 1369 καιρῷ
2411 1298 2503 1351 τοῦ
2538 1298 2693 1365 ἁγίου
2719 1298 3091 1368 βαπτίσματος
3128 1300 3224 1368 τῆς
3256 1299 3495 1362 πίστεως
3523 1301 3779 1371 ποιούμε-

2201 1408 2281 1444 νοι
2332 1391 2433 1462 τὴν
2482 1390 2792 1459 ὁμολογίαν,
2822 1390 2916 1441 καὶ
2958 1392 3056 1460 τῆς
3104 1392 3301 1462 σαρκὸς
3334 1392 3431 1462 τὴν
3484 1394 3778 1447 ἀνάστασιν

2204 1480 2590 1551 προσδοκῶμεν
2616 1479 2853 1543 ἔσεσθαι,
2875 1481 2968 1534 καὶ
2994 1480 3135 1534 οὕτω
3158 1484 3505 1553 πιστεύομεν.
3523 1484 3583 1536 Ὁ
3602 1484 3780 1538 τοίνυν

2204 1572 2429 1635 Θάνατος
2459 1572 2753 1641 κατίσχυσε
2788 1572 2883 1641 μὲν
2917 1571 3008 1625 τοῦ
3046 1574 3385 1645 προπάτορος
3416 1576 3570 1645 ήμῶν
3609 1577 3778 1647 Ἀδὰμ

2202 1664 2288 1717 διὰ
2318 1663 2414 1733 τὴν
2445 1664 2773 1734 παράϐασιν,
2808 1666 2902 1718 καὶ
2927 1665 3115 1737 ὥσπερ
3146 1684 3197 1718 τι
3223 1666 3406 1737 θηρίον
3427 1669 3577 1738 ὠμόν
3605 1687 3663 1722 τε
3687 1672 3780 1723 καὶ

2204 1755 2408 1825 ἀπηνὲς
2436 1754 2781 1825 ἐπιηδῆσαν
2808 1756 3041 1827 ἥρπασε.
3063 1757 3261 1829 Θρῆνοί
3289 1776 3348 1811 τε
3386 1760 3569 1813 λοιπὸν
3595 1761 3781 1823 ἐντεῦο

2206 1847 2318 1907 θεν,
2348 1846 2443 1899 καὶ
2485 1846 2742 1916 οἰμωγαὶ,
2771 1850 2865 1900 καὶ
2913 1847 3167 1918 δάκρυον,
3196 1850 3287 1903 καὶ
3320 1850 3379 1903 τὸ
3405 1852 3498 1903 ἐπὶ
3535 1855 3648 1914 τοῖς
3691 1869 3777 1904 τε-

2207 1939 2402 1992 θνεῶσι
2451 1939 2662 2004 πένθος,
2694 1941 3069 2010 κεκρατήκασι
3114 1942 3221 1995 τῶν
3253 1943 3343 1995 ἐπὶ
3386 1944 3483 2013 τῆς
3526 1945 3644 2014 γῆς.
3676 1946 3782 1997 Πέ-

530 2043 740 2088 natura:
770 2034 836 2088 ad
886 2034 1162 2089 interitum
1199 2035 1642 2104 propulsandum.
1703 2035 1902 2089 Factus
1955 2034 2099 2089 enim

2211 2033 2407 2087 παυταί
2458 2050 2521 2102 γε
2549 2033 2653 2104 μὴν
2703 2035 2761 2086 ὲν
2790 2033 3029 2104 Χριστῷ.
3070 2035 3379 2106 Τριήμερος
3432 2036 3541 2106 γὰρ
3587 2037 3785 2090 ἀνεῆίω

531 2134 616 2177 est
645 2124 1031 2192 primogenitus
1062 2142 1093 2181 e
1168 2128 1419 2189 mortuis,
1457 2136 1511 2181 et
1539 2126 1791 2197 primitiae
1835 2127 2106 2181 dormien-

534 2213 665 2267 tium
695 2215 777 2281 “;
812 2226 1171 2286 sequeturque
1196 2216 1417 2273 omnino
1439 2217 1725 2287 primitias,
1774 2226 1829 2270 et
1874 2216 2105 2285 primum

533 2305 585 2358 id
635 2307 776 2374 quod
822 2315 904 2361 est
954 2317 1250 2376 posterum,
1285 2309 1539 2363 nimirum
1595 2323 1715 2364 nos.
1774 2306 1975 2362 Versus
2024 2317 2108 2361 est

532 2408 666 2463 ergo
697 2396 943 2464 planctus
996 2398 1046 2451 in
1100 2398 1377 2468 gaudium,
1432 2414 1623 2454 saccus
1695 2399 1942 2467 diruptus
1999 2407 2104 2459 est,

531 2489 846 2559 Christique
890 2491 1163 2560 praecineti
1203 2506 1391 2546 sumus
1442 2490 1625 2545 laetitia
1658 2491 1779 2544 data
1830 2489 2104 2555 divinitus,

533 2591 589 2634 ut
637 2582 931 2651 gaudentes
962 2583 1249 2637 dicamus:
1285 2600 1304 2633 ι
1338 2580 1434 2636 Ubi
1484 2583 1708 2637 victoria
1764 2592 1883 2647 tua,
1928 2580 2109 2633 mors?

533 2672 637 2728 Ubi
666 2673 884 2728 aculeus
928 2683 1070 2738 tuus,
1127 2674 1373 2728 inferne?
1399 2674 1655 2737 Aculeus,
1690 2674 1879 2740 inquit,
1916 2673 2108 2726 mortis

531 2780 616 2820 εει
651 2773 932 2832 peccatum
962 2764 1029 2819 ⁸⁷.
1087 2782 1107 2817 ι
1136 2761 1326 2819 Omnis
1381 2764 1561 2831 itaque
1610 2764 1844 2833 lacryma
1897 2761 2107 2817 sublata

532 2863 641 2910 est.
672 2854 805 2909 Nam
838 2859 1125 2911 credentes
1156 2857 1298 2924 quod
1335 2866 1574 2911 mortuos
1626 2869 1845 2925 prorsus
1866 2854 2109 2922 penitus-

535 2960 640 3013 que
670 2946 920 3001 Christus
978 2946 1197 3009 excitet,
1232 2962 1336 3002 non
1391 2947 1511 3001 illos
1543 2946 1781 3001 lacrimis
1829 2946 2109 3015 prosequi-

538 3050 681 3099 mur,
715 3050 815 3089 nec
868 3036 922 3089 in
981 3036 1258 3090 tristitiam
1323 3036 1736 3091 immoderatam
1787 3036 2107 3103 delabimur,

535 3131 693 3186 sicuti
741 3131 936 3200 reliqui
976 3132 1067 3201 qui
1091 3147 1239 3201 spem
1264 3148 1370 3187 non
1436 3130 1656 3185 habent.
1685 3128 1949 3182 Probrum
1978 3142 2110 3183 vero

537 3224 738 3293 populi,
773 3224 945 3294 ipsam
994 3236 1220 3280 mortem
1276 3224 1489 3278 videtur
1532 3223 1714 3277 dicere
1746 3241 1759 3277 :
1787 3230 1971 3290 utpote
2012 3235 2111 3290 per

535 3330 695 3386 quam
730 3318 966 3385 primum
1000 3332 1097 3371 nos
1123 3316 1480 3386 transgressio
1507 3316 1723 3379 invasit,
1742 3324 2106 3384 etpeccatum,

2207 2126 2457 2195 πατήσας
2477 2125 2566 2178 τὸν
2591 2125 2838 2186 θάνατον,
2867 2124 2961 2177 καὶ
2984 2125 3102 2188 ὁδὸς
3129 2125 3365 2193 γεγονὼς
3383 2130 3447 2197 τῇ
3472 2126 3786 2200 ἀνθρωπίνῃ

2207 2219 2364 2287 φύσει
2392 2218 2527 2289 πρὸς
2547 2218 2609 2271 τὸ
2630 2217 3051 2287 διακρούσασθαι
3080 2219 3189 2271 δεῖν
3215 2222 3310 2288 τὴν
3340 2219 3568 2290 φθοράν.
3589 2222 3785 2288 Γέγονε

2206 2311 2313 2383 γὰρ
2348 2310 2689 2380 πρωτότοκος
2718 2310 2824 2362 τῶν
2847 2310 3076 2380 νεκρῶν,
3104 2313 3198 2363 καὶ
3225 2311 3447 2381 ἀπαρχὴ
3478 2311 3586 2363 τῶν
3610 2329 3786 2364 κεκοι-

2211 2402 2724 2475 μημένων.Ἒψεται
2756 2403 2813 2455 δὲ
2848 2402 3063 2466 πάντως
3090 2406 3156 2473 τῇ
3179 2404 3419 2473 ἀπαρχῇ,
3457 2405 3552 2456 καὶ
3586 2402 3787 2473 πρώτῳ

2206 2496 2268 2549 τὸ
2294 2496 2409 2567 μετ’
2437 2494 2627 2567 αὐτὴν,
2660 2494 2803 2548 τοῦτ’
2829 2495 2992 2558 ἔστιν,
3021 2495 3197 2565 ἡμεῖς.
3218 2495 3492 2565 Ἐστράφη
3525 2496 3702 2548 τοίνυν
3726 2495 3788 2547 τὸ

2209 2588 2379 2650 πάθος
2405 2588 2484 2650 είς
2509 2585 2703 2657 χαρὰν,
2733 2587 2825 2639 καὶ
2865 2587 3127 2657 διερῤάγη
3161 2586 3259 2657 μὲν
3292 2589 3319 2640 6
3350 2587 3550 2649 σάκκος
3572 2604 3585 2616 '
3629 2604 3785 2656 περι-

2208 2679 2493 2750 εζὼσμεθα
2516 2680 2571 2732 δὲ
2598 2680 2697 2750 τὴν
2724 2679 2999 2732 θεόσδοτον
3025 2678 3382 2749 εὐφροσύνην,
3402 2677 3478 2741 ὡς
3498 2678 3789 2749 χαίροντας

2208 2773 2415 2843 λέγειν·
2464 2792 2481 2825 ι
2512 2772 2619 2825 Ποῦ
2654 2775 2686 2842 ὴ
2723 2773 2846 2843 νίκη
2885 2788 2997 2835 σου,
3034 2771 3257 2837 θάνατε;
3298 2770 3408 2824 Ποῦ
3456 2770 3515 2823 τὸ
3566 2770 3789 2842 κέντρον

2212 2883 2327 2929 σου,
2368 2866 2503 2939 ᾇδη;
2534 2865 2607 2917 Τὸ
2649 2865 2705 2917 δὲ
2754 2864 2975 2935 κέντρον
3019 2862 3114 2917 τοῦ
3168 2862 3398 2916 θανάτου
3447 2862 3481 2933 ἡ
3522 2862 3786 2932 ἁμαρτία,

2211 2960 2393 3031 φησίν.
2431 2978 2450 3011 ›
2491 2957 2700 3010 Οὐκοῦν
2733 2956 3009 3028 ἀφῄρηται
3028 2958 3135 3009 πᾶν
3153 2955 3405 3025 δάκρυον·
3440 2952 3788 3015 πιστεύοντες

2210 3053 2318 3121 γάρ
2353 3051 2434 3103 ὄτι
2466 3051 2641 3118 πάντη
2675 3066 2732 3101 τε
2762 3050 2856 3101 καὶ
2890 3048 3104 3110 πάντως
3134 3048 3335 3118 ἐγείρει
3364 3048 3488 3110 τοὺς
3512 3045 3738 3115 νεκροὺς
3760 3046 3790 3097 6

2210 3144 2442 3217 Χριστὸς
2471 3144 2530 3197 οὐ
2561 3142 3005 3214 δακρυρροοῦμεν
3047 3143 3130 3194 ἐπ’
3160 3140 3365 3205 αὐτοῖς,
3394 3138 3515 3192 οὗτε
3542 3138 3668 3206 ηιὲν
3710 3138 3790 3200 είς

2210 3238 2480 3309 ἀκράτους
2508 3233 2904 3304 καταϐαίνομεν
2924 3232 3118 3294 λύπας,
3146 3232 3397 3302 καθάπερ
3419 3230 3511 3283 καὶ
3535 3230 3585 3282 οἱ
3615 3227 3795 3281 λοιποὶ

2211 3333 2261 3384 οἱ
2294 3332 2366 3400 μὴ
2400 3328 2615 3400 ἔχοντες
2647 3327 2858 3391 ἐλπίδα,
2889 3325 3087 3388 ὄνειδος
3108 3324 3164 3377 δὲ
3190 3323 3284 3377 τοῦ
3325 3322 3452 3376 λαοῦ
3490 3324 3791 3391 κατονομάσ

533 3420 630 3477 per
654 3408 797 3475 quod
842 3407 1094 3463 interitus
1122 3409 1399 3479 ingressus
1452 3416 1554 3471 est,
1603 3408 1898 3476 mortisque
1944 3406 2108 3473 impe-

2215 3421 2327 3486 ζειν
2357 3419 2532 3471 ἔοικεν
2556 3417 2718 3471 αὑτὸν
2742 3417 2832 3470 τὸν
2860 3415 3107 3479 θάνατον,
3136 3415 3210 3477 ὡς
3235 3414 3445 3482 γένεσιν
3478 3413 3669 3483 ἔχοντα
3691 3412 3790 3481 τῆς

534 3497 675 3551 rium
705 3506 863 3552 terra:
891 3498 1081 3553 incolis
1107 3508 1191 3555 est
1243 3500 1604 3555 dominatum.
1637 3499 1769 3552 Cum
1808 3506 1988 3551 autem
2025 3512 2105 3550 re-

535 3582 889 3643 surrectionis
913 3590 1231 3660 mysterium
1270 3589 1456 3644 multis
1482 3605 1590 3644 non
1626 3589 1966 3657 probaretur,
2017 3587 2113 3641 sed

537 3687 758 3749 pr0pter
782 3680 899 3748 ejus
945 3680 1406 3750 magniﬁcentiam
1450 3680 1766 3757 incredibile
1814 3680 2110 3745 videretur,

538 3767 849 3823 necessario
898 3769 1140 3840 adjungit
1187 3776 1374 3825 beatus
1431 3771 1691 3839 propheta
1724 3768 1842 3825 :Os
1901 3768 2111 3824 Domini

540 3858 776 3915 locutum
806 3871 909 3917 est.
933 3862 1064 3929 Quis
1093 3878 1221 3917 vero
1272 3864 1433 3916 audet
1463 3863 1643 3918 dicere
1678 3862 1846 3918 Deum
1871 3862 2113 3927 mentiri,

540 3966 641 4004 uec
670 3965 891 4020 prorsus
927 3952 1243 4020 penitusque
1270 3953 1412 4021 quod
1443 3953 1819 4008 annuntiatum
1840 3952 2110 4025 est,355

538 4056 665 4096 vere
739 4042 1034 4111 perﬁcere?
1085 4059 1105 4093 ι
1149 4041 1357 4096 (Σωιιιιη
1414 4044 1579 4109 enim,
1633 4045 1826 4113 inquit,
1869 4055 1925 4099 et
1973 4055 2113 4097 terra

535 4134 912 4202 praeteribunt,
963 4151 1244 4192 sermones
1315 4147 1493 4192 autem
1551 4138 1653 4193 mei
1732 4152 1840 4191 non
1892 4146 2133 4207 praeter-a

543 4227 701 4281 ibunt
721 4225 789 4280 ".
822 4245 840 4278 s

615 4510 775 4567 Vsus.
814 4511 867 4567 9.
908 4510 971 4565 Et
994 4512 1162 4566 dicent
1208 4513 1263 4566 in
1301 4512 1384 4566 die
1424 4512 1517 4567 illa
1548 4530 1566 4567 .'
1597 4512 1731 4567 Ecce
1767 4511 1908 4568 Deus
1944 4521 2119 4565 noster

540 4605 594 4657 in
625 4619 728 4673 quo
749 4605 1085 4669 sperabamus
1121 4613 1167 4657 et
1193 4604 1609 4669 exsultabamus,
1662 4615 1710 4658 et
1741 4604 1959 4658 servabit
2002 4620 2114 4655 nos.

538 4692 650 4749 Iste
675 4694 960 4755 Dominus;
988 4695 1391 4763 exspectavimus
1431 4695 1602 4759 silum,
1650 4705 1696 4750 et
1720 4695 2114 4756 exsultabimus,

2214 3509 2334 3563 καθ’
2368 3508 2525 3579 ἡμῶν
2569 3506 2757 3576 ἐφόδου
2798 3506 2896 3576 τὴν
2939 3504 3483 3575 παράδασιν.Ἥγουν
3518 3504 3657 3571 τάχα
3685 3519 3789 3553 που

2212 3600 2313 3671 τὴν
2357 3599 2631 3670 ἁμαρτίαν
2671 3598 2737 3650 δι’
2768 3599 2833 3669 ἢν
2870 3595 3187 3665 είσὸέὸηκεν
3222 3598 3253 3664 ἡ
3281 3594 3453 3664 φθορὰ
3483 3595 3576 3650 καὶ
3610 3593 3671 3645 τὸ
3697 3591 3789 3644 τοῦ

2215 3690 2447 3743 θανάτου
2475 3689 2674 3758 κράτος
2700 3686 3022 3757 κεκυρίευκε
3050 3684 3157 3738 τῶν
3188 3684 3276 3737 ἐπὶ
3308 3684 3403 3753 τῆς
3433 3683 3553 3752 γῆς.
3573 3681 3789 3749 Ἐπεῶὴ

2213 3781 2357 3835 δὲτὸ
2393 3780 2493 3851 τῆς
2521 3779 2867 3841 ἀναστάσεως
2911 3779 3204 3849 μυστήριον
3248 3776 3346 3828 οὐκ
3391 3772 3794 3843 εὐπαράδεκτόν

2214 3874 2329 3926 ἐστι
2355 3875 2467 3935 τοῖς
2503 3871 2734 3935 πολλοῖς,
2763 3869 3105 3923 ἀπιστεῖσθαι
3129 3868 3185 3920 δὲ
3214 3862 3281 3937 ἦν
3311 3867 3453 3928 εἰκὸς
3481 3865 3568 3917 διά
3591 3881 3671 3915 τοι
3695 3862 3795 3931 τὴν

2217 3966 2274 4017 ὲν
2306 3961 2452 4031 αὐτῷ
2482 3959 2953 4032 μεγαλουργησίαν
2986 3957 3428 4031 προσεπήνεγκεν
3465 3957 3493 4008 ὁ
3529 3953 3794 4023 μακάριος

2217 4055 2522 4125 προφήτης,
2562 4053 2640 4105 ὅτι
2680 4051 2739 4103 τὸ
2790 4050 2961 4120 στόμα
3002 4049 3204 4119 Κυρίου
3237 4048 3516 4117 ἐλάλησεν.
3552 4041 3682 4098 Εἶτα
3716 4044 3796 4107 τίς

2215 4146 2243 4197 6
2272 4146 2437 4213 φάναι
2483 4141 2715 4211 τολμῶν,
2750 4140 2823 4202 ὡς
2852 4139 3206 4209 ψευδοεπήσει
3259 4140 3288 4190 ὁ
3336 4137 3487 4199 Θεὸς,
3538 4135 3631 4188 καὶ
3676 4134 3797 4203 οὐχ).

2218 4235 2393 4304 πάντη
2446 4232 2541 4285 καὶ
2587 4230 2801 4293 πάντως
2842 4230 3217 4299 ἐκτελευτήσει
3270 4228 3405 4298 πρὸς
3448 4226 3703 4296 ἀλήθειαν
3735 4223 3796 4276 τὸ

2218 4322 2653 4395 ἐπηγγελμένον;
2699 4342 2717 4374 ι
2749 4320 2989 4392 Οὐρανὸς
3021 4320 3130 4391 γὰρ
3153 4321 3245 4372 καὶ
3277 4307 3428 4389 ήγῆ,
3465 4319 3621 4388 φησι,
3655 4330 3795 4385 παρ·

2138 4407 2151 4421 ’
2217 4418 2511 4479 ελεύσεται,
2540 4416 2588 4467 οἱ
2612 4414 2667 4466 δὲ
2704 4413 2849 4481 λόγοι
2880 4429 2983 4483 μου
3015 4412 3076 4465 οὐ
3110 4410 3185 4482 μὴ
3218 4410 3579 4482 παρέλθωσιν.
3613 4430 3633 4461 s

2286 4508 2397 4561 Καὶ
2424 4506 2671 4575 ἐροῦσιν
2698 4506 2768 4558 ἐν
2802 4503 2877 4572 τῇ
2910 4504 3101 4572 ἡμέρᾳ
3130 4503 3352 4570 ἐκείνῃ·
3390 4502 3544 4557 Ἰδοὺ
3585 4505 3617 4555 ὀ
3655 4501 3799 4568 Θεὸς

2217 4598 2386 4669 ήμῶν
2438 4597 2530 4667 ἐφ’
2562 4590 2610 4663 ᾧ
2650 4594 3004 4665 ἠλπίζομεν,
3064 4594 3163 4648 καὶ
3206 4594 3656 4663 ἠγανυιώμεθα,
3700 4595 3796 4647 καὶ

2224 4691 2408 4745 σώσει
2454 4686 2630 4759 ἡμᾶς.
2663 4684 2853 4754 Οὗτος
2887 4688 3102 4756 Κύριος
3124 4729 3137 4751 ,
3184 4687 3587 4755 ὑπεμείναμεν
3617 4683 3797 4749 αὐτῷ,

540 4795 587 4837 ει
624 4781 1000 4837 lwtabimurin
1046 4782 1213 4837 salute
1265 4792 1470 4851 nostra,
1516 4784 1639 4853 quia
1690 4784 1912 4856 requiem
1963 4784 2108 4837 dabit

2226 4780 2326 4835 καὶ
2354 4780 2867 4850 ἀγαλλιασόμεθα·
2899 4778 2995 4832 καὶ
3022 4779 3557 4847 εὐφρανθησόμεθα
3589 4777 3687 4830 ἐπὶ
3727 4775 3803 4845 τῇ

540 4872 684 4929 Deus
712 4890 870 4944 super
896 4882 1121 4929 montem
1153 4874 1311 4930 hunc.

611 5053 982 5125 Cognoscetis,
1014 5054 1335 5123 inquit,eum
1364 5056 1452 5124 qui
1485 5055 1724 5111 laetitiam
1763 5057 2032 5127 propinat,
2064 5066 2121 5113 et

542 5146 727 5200 vinum
785 5155 1070 5214 praeterea,
1096 5155 1151 5201 et
1199 5146 1288 5216 qui
1343 5160 1618 5217 unguento
1642 5162 1735 5203 eos
1761 5149 1851 5217 qui
1896 5148 1954 5203 in
1989 5147 2119 5203 Sion

542 5240 643 5294 sub
684 5239 1096 5308 intelligentiam
1133 5242 1362 5294 cadente
1410 5248 1556 5306 sunt,
1613 5239 1819 5311 inungit
1864 5258 1877 5294 :
1916 5255 2118 5306 cogno-

544 5331 818 5400 scalisque
856 5343 979 5387 vere
1009 5329 1177 5385 Deum
1198 5344 1338 5397 esse,
1378 5340 1433 5385 et
1456 5345 1523 5385 ex
1547 5329 1656 5386 Deo
1689 5340 1878 5386 natura
1901 5331 2119 5395 Filium,

543 5421 757 5477 etiamsi
785 5422 836 5476 in
861 5422 1033 5478 forma
1056 5423 1200 5478 servi
1253 5432 1510 5494 appareat
1558 5422 1797 5479 omnium
1846 5423 2039 5478 salutis
2070 5430 2124 5477 et

548 5515 671 5569 vita:
692 5528 859 5570 causa
887 5517 1048 5572 humo
1083 5515 1277 5581 factus,
1303 5525 1359 5571 et
1395 5532 1491 5587 per
1519 5517 1700 5572 omnia
1737 5520 1971 5572 terrenis
2026 5517 2122 5571 bo-

545 5606 802 5674 minibus,
833 5616 986 5663 extra
1041 5608 1213 5664 solum
1256 5619 1537 5680 peccatum
1602 5608 1815 5664 similis.
1885 5607 2118 5676 Etenim,

2226 4872 2490 4940 σωτηρίῃ
2528 4868 2717 4939 ἡμῶν,
2746 4869 2834 4922 ὅτι
2865 4869 3215 4924 ἀνάπαυσιν
3246 4868 3425 4922 δώσει
3456 4873 3489 4923 ὁ
3529 4871 3671 4934 Θεὸς
3703 4869 3802 4922 ἐπὶ

2225 4963 2293 5017 τὸ
2320 4964 2457 5030 ὅρος
2478 4961 2673 5016 τοῦτο.

2313 5053 2731 5123 Ἐπιγνώσεσθε,
2762 5052 2915 5125 φησὶ,
2958 5051 3048 5106 τὸν
3094 5051 3377 5116 ποτίζοντα
3407 5052 3504 5122 μὲν
3534 5051 3803 5123 εὐφροσύ-

2229 5166 2349 5220 νην,
2393 5148 2486 5201 καὶ
2528 5147 2665 5217 πρός
2696 5164 2760 5215 γε
2795 5147 2968 5213 τούτῳ
3009 5144 3104 5199 καὶ
3148 5141 3309 5205 οἶνον,
3344 5144 3708 5215 καταχρίοντα
3749 5142 3805 5195 δὲ

2223 5240 2316 5293 καὶ
2349 5240 2505 5310 μύρῳ
2530 5240 2655 5302 τοὺς
2681 5239 2738 5291 ἐν
2760 5240 2826 5308 τῇ
2857 5239 3019 5308 νοητῇ
3048 5238 3185 5289 Σιών
3207 5251 3222 5265 ⁸
3251 5233 3618 5303 ἐπιγνώσεσθε
3644 5235 3699 5287 δὲ
3723 5234 3805 5285 ὅτι

2222 5332 2355 5394 Θεὸς
2394 5331 2532 5385 κατὰ
2565 5330 2821 5403 ἀλήθειάν
2850 5331 2986 5394 ἐστι,
3014 5330 3106 5381 καὶ
3136 5330 3200 5380 ἐκ
3231 5328 3367 5380 Θεοῦ
3401 5327 3495 5379 τοῦ
3532 5327 3671 5379 κατά
3706 5326 3806 5393 φῦ-

2224 5440 2308 5477 σιν
2342 5423 2487 5488 Υἱὸς,
2524 5424 2617 5476 καὶ
2662 5425 2710 5475 εἰ
2760 5423 2817 5475 ἐν
2858 5420 2948 5474 τοῦ
2982 5419 3169 5473 δούλου
3202 5421 3441 5488 φαίνοιτο
3472 5421 3677 5489 μορφῇ,
3707 5417 3806 5485 τῆς

2224 5515 2480 5568 ἁπάντων
2512 5514 2701 5583 γέγονε
2733 5512 3004 5583 σωτηρίας
3029 5512 3121 5565 καὶ
3162 5511 3308 5581 ζωῆς
3338 5510 3625 5580 ἄνθρωπος
3652 5524 3797 5575 γεγο-

2223 5607 2350 5676 νὼς,
2380 5608 2472 5661 καὶ
2510 5606 2795 5678 ὁμοιωθεὶς
2844 5606 2985 5660 κατά
3033 5604 3209 5658 πάντα
3242 5605 3353 5666 τοῖς
3401 5602 3493 5656 ἐπὶ
3531 5602 3629 5672 τῆς
3662 5600 3765 5669 γῆς
3790 5640 3804 5665 ,

612 5791 659 5823 ⁸⁸
680 5790 886 5848 Coloss.
914 5804 951 5858 ι,
983 5788 1075 5858 18;
1108 5787 1127 5843 1
1156 5789 1279 5847 Cor.
1308 5806 1396 5858 xv,
1418 5788 1509 5846 ‘20.
1588 5790 1629 5822 ⁸⁷
1655 5789 1672 5844 l
1704 5787 1826 5847 Cor.
1856 5806 1941 5855 xv,
1966 5789 2052 5856 55,
2080 5794 2108 5845 ξ)

2242 5788 2285 5867 δέ
2312 5787 2498 5844 Matth.
2525 5801 2671 5853 sxw,
2697 5785 2785 5842 53.

1208 5976 1255 5993 r,
