4162 6392
352 362 459 419 565

1478 359 1545 414 IN
1578 359 1814 415 ISAIAM
1854 354 1984 411 LIB.
2022 354 2108 409 lll.
2150 352 2386 410 TOMUS
2421 354 2462 408 1.

349 478 471 548 δίχα
506 476 673 546 μόνης
696 472 991 545 ἁμαρτίας.
1017 474 1315 545 Μονονουχὶ
1342 474 1448 545 γὰρ
1468 476 1561 529 καὶ
1580 476 1757 547 χεῖρα,
1779 473 1930 541 φησὶ,

2059 473 2231 543 nquit,
2265 474 2423 529 modo
2448 488 2553 526 non
2579 479 2829 540 protensa
2866 481 3025 522 manu
3053 467 3235 525 dicent
3266 488 3279 524 :
3306 469 3444 526 Ecce
3472 471 3614 526 Dens

352 567 724 636 προτείνοντες
748 566 965 637 ἐροῦσιν
982 583 993 594 ·
1036 567 1163 620 Ἰδοὺ
1191 567 1219 618 6
1246 567 1377 629 Θεὸς
1406 566 1561 637 ἡμῶν
1592 567 1676 635 ἐφ’
1767 565 1927 636 ἠλπί-

353 657 518 728 ζομεν
546 658 639 711 καὶ
662 656 1047 727 ὴγαλλιώμεθα
1074 658 1166 710 ἐπὶ
1190 660 1255 729 τῇ
1289 659 1533 731 σωτηρίᾳ
1567 659 1744 730 ἡμῶν.
1767 652 1935 727 Οἶμαι

351 751 408 805 δὲ
440 751 615 820 ἔγωγε
638 750 824 805 τοῦτόν
849 768 911 818 γε
948 751 1183 822 μάλιστα
1218 751 1310 805 τὸν
1351 750 1507 819 λόγον
1545 748 1776 819 ἀνῆρθαι
1803 749 1934 819 πρέ-

354 860 477 896 πειν
500 845 613 908 τοῖς
636 842 696 907 ἐξ
726 843 941 914 Ἰσραὴλ
960 842 1007 896 οἳ
1032 844 1127 899 καὶ
1149 845 1269 907 ταῖς
1292 844 1612 905 Μωσαῖκαῖς
1636 840 1934 914 ἐντεθραμ-

358 936 511 1007 μένοι
540 937 743 1006 φωναῖς
773 935 867 989 καὶ
894 935 993 999 τὰς
1022 936 1131 989 τῶν
1172 935 1340 1003 ἁγίων
1367 933 1659 1006 προφητῶν
1700 950 1937 1003 προαγο-

359 1027 593 1099 ρεύσεις,
625 1029 723 1083 οὐκ
746 1028 1074 1100 ἠγνοηκότες
1106 1028 1467 1100 προσεδόκουν
1489 1026 1773 1096 ἀφίξεσθαι
1796 1026 1937 1080 κατά

357 1122 548 1194 καιρὸν
590 1123 838 1193 Σωτῆρα,
871 1122 966 1174 καὶ
1018 1121 1336 1192 Λυτρωτὴν,
1390 1120 1482 1173 τὸν
1526 1120 1728 1191 Κύριον
1777 1118 1936 1189 ἡμῶν

371 1212 577 1284 Ἰησοῦν
614 1213 870 1284 Χριστόν.
912 1215 1023 1268 Καὶ
1048 1214 1179 1283 γοῦν
1204 1214 1276 1277 ὼς
1307 1214 1405 1285 ἤδη
1439 1214 1719 1284 προεῖπον,
1758 1214 1937 1282 Ζαχα-

360 1305 481 1376 ρίας
517 1305 613 1375 μὲν
642 1307 675 1359 ἀ
716 1305 959 1359 Ἰωάννου
985 1304 1166 1377 πατὴρ
1193 1304 1549 1377 προφητεύων
1575 1306 1630 1357 ὲν
1661 1303 1939 1373 πνεύματι

358 1395 620 1467 λελάληκε
653 1397 781 1469 περὶ
824 1395 914 1451 τοῦ
962 1397 1219 1468 Χριστοῦ,
1250 1398 1332 1450 ὅτι
1365 1415 1385 1448 ι
1417 1398 1601 1468 Κέρας
1644 1398 1941 1467 ἐγήγερται

359 1485 437 1556 τῷ
461 1486 576 1558 λαῷ
605 1488 900 1559 σωτηρίας.
936 1507 953 1538 ι
999 1487 1108 1540 Καὶ
1144 1485 1368 1557 Συμεὼν
1407 1486 1605 1557 ὁμοίως
1642 1488 1721 1547 εἰς
1756 1489 1940 1555 χεῖρας

361 1577 498 1633 ἑλὼν
527 1580 588 1638 τὸ
605 1579 760 1649 ἅγιον
786 1579 1016 1649 Βρέφοςο
1040 1575 1242 1642 (Εἶδον,
1273 1578 1457 1649 φησὶν,
1480 1580 1529 1631 oi
1548 1577 1813 1647 ὀφθαλμοί
1840 1596 1941 1647 μου

361 1669 421 1722 τὸ
454 1671 716 1743 σωτήριόν
746 1688 839 1724 σου
861 1670 890 1724 ὃ
912 1671 1213 1743 ἡτοίμασας
1235 1670 1377 1729 κατά
1403 1670 1692 1740 πρόσωπον
1721 1670 1940 1723 πάντων

362 1759 471 1814 τῶν
518 1761 682 1817 λαῶν.
712 1781 732 1814 ι
776 1760 1118 1830 Ἐπιγνόντες
1147 1761 1324 1819 τοίνυν
1374 1761 1466 1813 τὸν
1511 1760 1679 1813 πάλαι
1732 1776 1942 1830 προηγ-

363 1850 650 1921 γελμένον,
677 1851 772 1924 τὴν
804 1852 1058 1906 ἁπάντων
1087 1852 1278 1905 ἐλπίδα
1301 1851 1392 1905 τὸν
1421 1852 1651 1923 Σωτῆρα
1699 1851 1791 1905 καὶ
1834 1852 1943 1904 Λυ-

364 1943 581 2015 τρωτὴν
611 1943 817 2019 ἐροῦσι,
844 1944 1008 2014 φησίν
1027 1959 1041 1972 ·
1087 1944 1215 1997 Ἰδοὺ
1245 1945 1274 1997 6
1299 1943 1431 2007 Θεὸς
1460 1943 1637 2014 ἡμῶν.
1661 1944 1943 2014 Προσομο-

363 2031 650 2104 λογήσουσι
673 2034 731 2093 δὲ
758 2034 839 2087 ὅτι
868 2034 1176 2089 ἀνάπαυσιν
1204 2033 1363 2087 δώσει
1389 2036 1417 2088 6
1443 2033 1574 2097 Θεὸς
1606 2032 1700 2086 ἐπὶ
1732 2032 1791 2087 τὸ
1821 2034 1946 2104 ὅρος

364 2124 536 2178 τοῦτο.
564 2123 672 2178 Καί
711 2142 801 2195 μοι
824 2124 982 2178 πάλιν
1005 2124 1128 2196 ὅρος
1156 2123 1269 2177 οἵου
1297 2122 1546 2192 λέγεσθαι
1575 2129 1673 2192 τὴν
1719 2122 1947 2192 Ἐκκληοο

364 2217 508 2284 σίαν,
550 2217 756 2271 δέδοται
793 2218 903 2288 γάρ
936 2219 969 2287 ἡ
999 2218 1301 2278 ἀνάπαυσις
1333 2218 1391 2269 ἐν
1422 2215 1945 2286 αὐτῇ.Ἀκηκόαμεν

372 2310 471 2382 γὰρ
503 2310 738 2380 Χριστοῦ
768 2311 1015 2382 λέγοντος
1034 2327 1047 2340 ⁸
1094 2328 1114 2361 ι
1139 2310 1302 2365 Δεῦτε
1346 2308 1482 2379 πρὸς
1533 2308 1623 2378 μὲ,
1655 2309 1858 2371 πάντες
1895 2308 1951 2360 oi.

365 2401 664 2465 κοπιῶντες
684 2402 776 2455 καὶ
792 2400 1232 2473 πεφορτισμένοι,
1252 2398 1407 2468 κάγὼ
1424 2398 1728 2457 ἀναπαύσω
1744 2398 1907 2470 ὑμᾶς.
1920 2418 1939 2451 ›

374 2493 882 2565 Ἀπεφορτισάμεθα
904 2493 1012 2564 γὰρ
1035 2492 1123 2547 διὰ
1152 2496 1249 2564 τῆς
1286 2495 1366 2557 είς
1393 2492 1555 2547 αὐτὸν
1584 2493 1821 2556 πίστεως
1847 2492 1947 2564 τὴν

366 2586 602 2658 δυσαχθῆ
654 2588 747 2640 καὶ
788 2587 1121 2659 δυσφόρητον
1164 2586 1463 2657 ἁμαρτίαν.
1492 2586 1948 2657 Ἀνεπαυσάμεθα

366 2680 421 2733 δὲ
464 2678 560 2733 καὶ
606 2677 728 2732 καθ’
752 2677 938 2748 ἕτερον
974 2677 1172 2748 τρόπον
1219 2677 1489 2748 δειμάτων
1540 2676 1947 2749 ἀπηλλαγμένοι

372 2768 472 2821 τῶν
502 2767 593 2821 ἐπί
615 2767 680 2836 γέ
711 2783 853 2838 φημι
880 2766 940 2818 τὸ
975 2767 1172 2838 χρῆναι
1204 2765 1528 2829 κολάζεσθαι
1549 2783 1562 2796 ·
1600 2768 1694 2823 καὶ
1721 2767 1819 2833 τὰς
1853 2767 1948 2821 ἐπὶ

368 2863 479 2924 τοῖς
522 2859 991 2931 πλημμελήμασιν
1024 2860 1281 2914 ἀποτῖσαι
1307 2859 1482 2924 δίκας.
1521 2860 1630 2914 Καὶ
1675 2860 1736 2913 οὺ
1787 2860 1951 2931 μέχρι

368 2953 571 3009 τούτων
597 2956 632 3026 ἡ
658 2956 738 3017 εἰς
766 2955 915 3024 ἡμᾶς
952 2952 1046 3007 τοῦ
1090 2952 1306 3007 πάντων
1335 2953 1493 3025 ἡμῶν
1519 2954 1773 3026 Σωτῆρος
1808 2954 1945 3025 Χρι-

369 3048 494 3102 στοῦ
517 3047 708 3117 γέγονε
738 3047 921 3118 χάρις’
955 3046 1335 3120 προστέθειται
1354 3045 1411 3100 δὲ
1436 3048 1529 3101 καὶ
1557 3047 1623 3101 τά
1650 3049 1707 3100 έν
1736 3046 1947 3100 ἐλπίσιν

2043 575 2226 621 noster
2256 566 2307 618 in
2337 579 2446 634 quo
2474 565 2833 633 speravimus,
2858 574 2913 619 et
2935 564 3331 620 exsultavimns
3361 565 3412 617 in
3437 566 3611 619 salute

2036 666 2240 713 nostra.
2263 656 2419 711 Hunc
2445 672 2751 712 sermonem
2782 658 3016 711 maxime
3038 656 3327 712 convenire
3354 655 3612 710 Israelitis

2037 749 2291 813 arbitror,
2333 747 2423 818 qui
2476 758 2589 801 tum
2652 745 2830 801 verbis
2880 745 3133 801 Mosaicis
3178 746 3448 811 innutriti,
3497 756 3608 799 tum

2038 849 2348 894 sanctorum
2378 837 2764 907 prophetarum
2809 836 3188 906 praedictiones
3226 852 3330 890 non
3366 836 3613 905 ignoran-

2040 938 2140 996 tes,
2156 928 2436 985 Dominum
2463 937 2703 983 nostrum
2753 924 2936 981 Jesum
2966 927 3243 981 Chrismm
3268 926 3610 983 Servatorem

2037 1030 2092 1076 et
2119 1020 2533 1089 Redemptorem
2556 1034 2653 1075 suo
2689 1028 2930 1089 tempore
2952 1020 3307 1073 adventurum
3331 1029 3614 1087 exspectas

2039 1120 2187 1164 runt.
2223 1108 2450 1179 Quippe,
2473 1118 2531 1161 ut
2564 1107 2675 1177 jam
2720 1114 2849 1160 ante
2888 1105 3024 1171 dixi,
3056 1106 3346 1162 Zacharias
3387 1102 3615 1159 Joannis

2037 1211 2211 1270 pater,
2270 1200 2602 1270 prephetans
2656 1199 2709 1252 in
2754 1197 2981 1267 spiritu,
3046 1196 3114 1251 de
3174 1196 3391 1251 Christo
3443 1196 3615 1258 dixit,

2042 1293 2225 1348 Cornu
2258 1291 2448 1347 salutis
2480 1290 2687 1361 populo
2724 1292 3020 1345 excitatum
3054 1288 3220 1343 fuisse
3268 1288 3335 1342 δ’.
3393 1287 3614 1342 Simeon

2042 1386 2168 1441 item
2225 1393 2414 1439 sancto
2471 1383 2681 1438 Infante
2745 1382 2797 1435 in
2860 1396 3052 1437 manus
3093 1390 3337 1450 accepto,
3390 1378 3616 1447 inquit:

2048 1497 2067 1530 ι
2106 1475 2370 1531 Viderunt
2418 1474 2557 1531 oculi
2598 1474 2702 1528 mei
2762 1473 2997 1529 salutare
3045 1480 3215 1537 tuum,
3246 1472 3388 1541 quod
3413 1471 3616 1541 parasti

2043 1579 2168 1625 ante
2213 1570 2401 1624 faciem
2447 1568 2687 1623 omnium
2742 1567 3056 1637 populorum
3087 1565 3153 1621 ⁸⁸³.
3205 1584 3223 1616 ι
3261 1562 3396 1618 Cum
3452 1562 3620 1633 igitur

2044 1662 2359 1733 agnoverint
2384 1675 2532 1727 eum,
2559 1642 2914 1729 quiomniutn
2945 1672 3069 1727 spes
3120 1663 3202 1713 est
3244 1654 3499 1711 Servator
3553 1668 3619 1707 ao

2050 1754 2393 1821 Redemptor,
2439 1750 2877 1821 praenuntiatum,
2942 1749 3147 1810 dicent,
3193 1747 3418 1816 inquit:
3477 1744 3620 1799 Ecce

2048 1849 2189 1903 Deus
2235 1854 2441 1911 noster;
2506 1842 2912 1899 conﬁtebuntur
2958 1843 3146 1909 etiam,
3193 1842 3334 1910 quod
3376 1842 3616 1909 requiem

2048 1940 2194 1994 dabit
2236 1939 2377 1995 Deus
2405 1955 2569 2010 super
2616 1949 2798 1996 monte
2843 1942 2965 1995 hoc.
3000 1938 3209 1994 Rursus
3258 1939 3386 1992 mihi
3444 1937 3619 2008 cogita

2047 2043 2287 2088 montem
2342 2032 2446 2087 dici
2509 2032 2831 2097 Ecclesiam,
2884 2032 2936 2085 in
2992 2046 3055 2085 ea
3121 2031 3265 2085 enim
3342 2029 3467 2083 data
3537 2037 3629 2085 est,

2048 2123 2281 2190 requies.
2309 2121 2627 2178 Audivimus
2659 2122 2929 2193 siquidem
2980 2121 3254 2177 Christum
3293 2120 3564 2176 dicentem
3599 2135 3616 2175 :

2054 2234 2072 2268 ι
2093 2215 2286 2273 Venite
2314 2215 2377 2269 ad
2409 2230 2513 2281 me,
2533 2229 2724 2270 omnes
2756 2214 2848 2282 qui
2868 2213 3130 2269 laboratis
3155 2223 3210 2269 et
3230 2213 3440 2268 onerati
3463 2212 3617 2277 estis,

2047 2317 2103 2362 et
2153 2321 2251 2377 ego
2304 2303 2612 2361 refocillabo
2643 2318 2738 2361 vos
2764 2304 2831 2359 ⁸⁸.
2874 2322 2893 2357 ι
2926 2303 3137 2358 Etenim
3192 2318 3287 2373 per
3338 2303 3495 2357 ﬁdem
3562 2302 3617 2355 in

2047 2398 2219 2463 illum,
2250 2397 2536 2452 molestum
2559 2405 2614 2450 et
2641 2411 2805 2464 grave
2824 2410 2963 2451 onus
3002 2394 3209 2464 peccati
3257 2393 3616 2448 excussimus.

2049 2490 2433 2561 Requievimus
2479 2490 2642 2543 etiam
2692 2487 2799 2543 alio
2859 2488 3038 2553 modo,
3070 2485 3282 2541 liberati
3322 2482 3620 2538 terroribus

2046 2581 2294 2652 supplicii
2325 2581 2464 2649 quod
2496 2579 2681 2635 subire
2717 2579 2979 2649 oportuit,
3015 2593 3076 2632 ac
3099 2592 3269 2649 preme
3301 2577 3619 2633 delictorum

2047 2676 2333 2732 solvendae.
2364 2673 2476 2729 Nec
2511 2688 2681 2743 usque
2718 2686 2782 2728 eo
2812 2672 2992 2727 solum
3012 2670 3214 2726 Christi
3243 2670 3484 2725 omnium
3523 2684 3622 2723 no-

2047 2776 2218 2820 strqu
2249 2762 2558 2820 Servatoris
2589 2764 2762 2835 gratia
2795 2763 2848 2817 in
2883 2775 2981 2816 nos
3015 2760 3245 2822 exstitit,
3283 2760 3376 2813 sed
3406 2759 3623 2827 insuper

2046 2857 2187 2913 bona
2219 2857 2272 2915 in
2303 2872 2421 2926 spe,
2448 2856 2704 2927 regnique
2741 2855 3003 2910 ctelorum
3032 2852 3324 2924 possessio,
3367 2852 3619 2906 diuturna

2048 2956 2104 3002 et
2131 2957 2334 3002 acterna
2359 2946 2524 3018 356
2546 2946 2679 3012 vita,
2714 2946 2999 3013 omnisque
3025 2943 3150 2998 mali
3207 2942 3352 3013 quod
3402 2941 3623 2996 tristitia

2048 3039 2186 3095 solet
2211 3039 2451 3103 allicere,
2512 3038 2710 3096 solutio
2769 3036 3115 3107 adjiciuntur.
3155 3032 3291 3089 Nam
3323 3034 3390 3090 de
3421 3034 3625 3089 sanctis

368 3140 570 3209 ἀγαθὰ,
605 3142 700 3194 καὶ
726 3140 826 3210 τῆς
853 3138 963 3194 τῶν
986 3140 1229 3212 οὐρανῶν
1265 3138 1541 3209 βασιλείας
1567 3142 1600 3212 ἠ
1628 3138 1821 3210 κτῆσις
1847 3156 1946 3211 μα-

2053 3131 2317 3200 scriptum
2356 3138 2491 3186 est:
2552 3148 2573 3183 ι
2627 3127 2833 3185 Laetitia
2883 3126 3210 3197 sempiterna
3249 3140 3413 3197 super
3462 3134 3632 3195 caput

2057 3219 2311 3242 nam-..
2363 3236 2376 3242 _

371 3231 477 3300 κρὲι
521 3228 615 3283 καὶ
658 3228 931 3300 ἀκήρατος
963 3228 1096 3300 ζωὴ,
1129 3227 1221 3282 καὶ
1258 3228 1459 3294 παντὸς
1486 3227 1579 3282 τοῦ
1615 3228 1948 3283 καταλυπεῖν
1976 3219 2020 3242 υ
2053 3234 2243 3274 ﬂorum
2264 3219 2333 3273 ⁸⁸-
2361 3236 2382 3271 I

370 3320 619 3384 εἰωθότος
682 3322 715 3390 ἡ
771 3320 1091 3385 ἀπόστασις.
1144 3321 1463 3393 Γέγραπται
1508 3322 1616 3393 γὰρ
1665 3322 1796 3390 περὶ
1844 3321 1952 3375 τῶν

371 3411 541 3482 ἁγίων
563 3414 645 3468 ὅτι
669 3431 688 3465 ι
710 3413 1034 3485 Εὑφροσύνη
1059 3410 1274 3476 αἰώνιος
1292 3413 1430 3484 ὑπὲρ
1456 3413 1697 3485 κεφαλῆς
1714 3413 1912 3467 αὐτῶν.
1927 3432 1946 3465 ι

442 3503 551 3558 Kal
588 3502 1145 3572 καταπατηθήσεται
1186 3504 1223 3572 ἠ
1261 3505 1575 3571 Μωαϐῖτις,
1612 3504 1685 3558 ὃν
1728 3507 1952 3573 τρόπον

372 3597 670 3652 πατοῦσιν
684 3597 885 3653 ἅλωνα
900 3597 969 3650 ἐν
987 3596 1260 3666 ἀμάξαις,
1277 3597 1374 3651 καὶ
1390 3596 1460 3650 ἐν
1481 3596 1705 3667 ἀμήτῳ.
1722 3597 1830 3653 Καὶ
1844 3598 1946 3651 cir-

372 3687 509 3757 ήσει
532 3688 636 3754 τὰς
676 3687 878 3757 χεῖρας
901 3687 1111 3748 αὐτοῦ,
1138 3687 1210 3740 ὃν
1240 3688 1464 3756 τρόπον
1488 3688 1589 3741 καὶ
1621 3688 1805 3754 αὐτὸς
1822 3688 1953 3742 ἐτα-

374 3779 632 3833 πείνωσε
652 3778 757 3832 τοῦ
776 3777 1092 3832 ἀπολέσαι.
1115 3776 1221 3831 Καὶ
1248 3776 1599 3831 ταπεινώσει
1621 3778 1735 3844 τὴν
1758 3779 1949 3848 ὕϐριν,

374 3870 465 3938 ἐφ’
490 3868 528 3922 ἃ
555 3872 659 3936 τὰς
695 3869 897 3938 χεῖρας
923 3868 1199 3922 ἐπέϐαλε.
1221 3869 1327 3922 Καὶ
1352 3871 1414 3922 τὸ
1448 3869 1606 3938 ὕψος
1635 3868 1744 3938 τῆς
1772 3888 1953 3924 κατα-

375 3960 576 4032 φυγῆς
612 3962 716 4015 τοῦ
748 3963 955 4029 τοίχου
998 3976 1113 4015 σου
1155 3960 1527 4027 ταπεινώσει,
1562 3964 1659 4017 καὶ
1700 3964 1954 4032 μεταϐή-

376 4072 546 4112 σεται
573 4053 685 4120 ἕως
710 4052 817 4107 τοῦ
844 4052 1127 4122 ἐδάφους.
1719 4111 1723 4114 ,

449 4147 626 4211 Βαθὺς
651 4147 736 4200 ἀεί
763 4145 879 4210 πώς
912 4148 1027 4199 ἐστι
1055 4145 1161 4201 τῶν
1190 4145 1359 4214 ἁγίων
1394 4144 1688 4217 προφητῶν
1716 4148 1743 4199 6
1773 4146 1951 4214 λόγος,

377 4243 471 4297 καὶ
491 4241 587 4312 τὴν
603 4239 734 4294 εἵσω
748 4257 808 4293 τε
832 4240 925 4293 καὶ
952 4238 1342 4311 κεκρυμμένην
1371 4238 1582 4310 διέρπει
1606 4238 1808 4309 τρίϐον.
1835 4239 1955 4310 Χρὴ

376 4335 441 4405 δὴ
473 4331 566 4388 οὖν
589 4334 698 4404 ἀρα
729 4331 804 4403 μὴ
821 4330 1193 4400 τὸ’ὲξωφανὲς
1220 4330 1312 4382 τοῦ
1344 4330 1669 4400 γράμματος
1700 4332 1874 4402 πάντη
1898 4351 1954 4386 τε

379 4426 475 4481 καὶ
506 4426 722 4489 πάντως
762 4422 959 4494 ἀληθὲς
1004 4418 1146 4475 εἶναι
1190 4420 1452 4492 νομίζειν,
1481 4422 1954 4478 κατασκέπτεσθαι

2126 3508 2288 3563 Vrsas.
2325 3507 2512 3563 lO-l2.
2538 3506 2609 3561 Et
2642 3506 3033 3561 conculcabitur
3059 3504 3330 3570 Moabitis,
3377 3509 3634 3569 queinad-.

2054 3602 2267 3654 modum
2296 3599 2508 3653 calcant
2536 3615 2713 3653 aream
2755 3597 3028 3666 plaustris,
3078 3608 3124 3651 et
3178 3599 3399 3651 remittet
3442 3614 3627 3651 manus

2053 3707 2201 3754 suas,
2230 3688 2665 3757 quemadmodum
2694 3698 2745 3742 et
2769 3688 2879 3757 ipse
2917 3686 3209 3741 Itumiliaoit
3262 3698 3317 3741 ut
3371 3689 3626 3757 perderet.

2056 3780 2125 3835 E3
2152 3782 2402 3850 deprimet
2449 3780 2745 3850 superbiam
2777 3782 2913 3851 ejus,
2945 3781 2998 3833 in
3025 3796 3141 3850 qua
3183 3796 3371 3833 manus
3428 3781 3624 3851 injecit.

2054 3874 2125 3927 Et
2158 3874 2489 3927 altitudinem
2518 3872 2703 3942 refugii
2724 3873 2862 3926 muri
2880 3872 2957 3925 tui
2988 3871 3308 3937 Itumiliabit,
3335 3881 3381 3927 et
3410 3871 3624 3926 descen-

2054 3968 2136 4019 det
2175 3981 2334 4033 usque
2379 3965 2447 4018 ad
2473 3966 2842 4033 pavimentum.

2128 4140 2429 4196 Profundus
2485 4155 2697 4207 semper
2744 4149 2828 4194 est
2863 4150 3175 4195 sanctorum
3244 4143 3628 4211 prophetarum

2055 4248 2255 4297 sermo,
2286 4242 2340 4287 et
2362 4232 2712 4301 penitissimis
2747 4230 3083 4300 occultisque
3145 4230 3246 4285 viis
3299 4234 3488 4300 serpit.
3526 4231 3631 4285 Ita-

2055 4340 2161 4395 que
2182 4334 2465 4380 externam
2488 4324 2681 4379 litterae
2728 4323 3067 4393 superﬁciem
3096 4326 3317 4379 omnino
3347 4324 3626 4378 omnibus-

2058 4431 2165 4485 que
2246 4415 2421 4470 modis
2448 4429 2630 4468 veram
2692 4429 2833 4477 esse,
2891 4413 3184 4482 putandum
3236 4429 3341 4468 non
3390 4422 3493 4477 est,
3538 4415 3631 4467 sed

378 4516 434 4570 δὲ
458 4515 655 4586 μᾶλλον
681 4514 773 4567 τὸν
804 4512 963 4567 οἱονεί
992 4530 1108 4575 πως
1133 4512 1544 4582 ὲγκεχωσμένον
1567 4512 1644 4582 τῷ
1664 4513 1947 4584 γράμματι

2058 4507 2409 4578 intelligentia
2456 4506 2649 4561 litterae
2706 4506 2868 4561 veluti
2934 4514 3224 4575 aggregata
3268 4505 3631 4575 adiunctaque

379 4606 523 4659 νοῦν.
538 4605 823 4660 Μωαϐῖται
842 4603 1021 4658 τοίνυν
1041 4604 1230 4675 ὅμοροι
1250 4603 1349 4673 μὲν
1367 4598 1507 4673 ἦσαν
1527 4605 1638 4666 τοῖς
1664 4604 1959 4673 Ἰουδαίοις,

379 4697 704 4753 ἀτοπώτατα
728 4697 785 4751 δὲ
811 4694 1125 4765 διετέθησαν
1154 4695 1291 4766 πρὸς
1317 4695 1552 4766 ἀπάτην,
1580 4696 1674 4748 καὶ
1719 4696 1857 4765 πρός
1896 4712 1961 4764 γε

378 4790 440 4842 τὸ
470 4788 666 4860 χρῆναι
712 4789 834 4849 ταῖς
872 4784 981 4839 τῶν
1014 4782 1247 4838 είδώλων
1277 4784 1632 4855 προσκεῖσθαι
1661 4784 1957 4856 λατρείαις.

381 4882 504 4935 Ὅτι
551 4879 729 4933 τοίνυν
768 4876 991 4948 ἔμελλεν
1023 4874 1430 4946 ἐπιλάμψαντος
1453 4874 1546 4928 τοῦ
1583 4875 1840 4946 Χριστοῦ,
1868 4875 1961 4929 καὶ

380 4973 735 5046 κεκλημένων
766 4970 873 5025 τῶν
901 4969 1070 5024 ὲθνῶν
1095 4970 1175 5030 είς
1199 4967 1260 5020 τὸ
1282 4966 1477 5020 σεπτὸν
1512 4968 1604 5020 καὶ
1630 4968 1769 5022 θεῖον
1793 4967 1957 5021 αὑτοῦ

385 5068 700 5136 μυστήριον,
716 5061 1069 5134 ἡγιασμένων
1090 5077 1151 5114 τε
1174 5058 1261 5112 διὰ
1280 5059 1379 5128 τῆς
1398 5059 1653 5123 πίστεως,
1672 5061 1705 5129 ἡ
1731 5058 1959 5129 βδελυρά

382 5159 475 5210 καὶ
498 5155 806 5228 ἀκάθαρτος
832 5151 1217 5223 εἰδωλολατρία
1242 5150 1421 5221 πάντη
1436 5167 1494 5203 τε
1527 5152 1621 5204 καὶ
1648 5152 1863 5213 πάντως
1894 5151 1959 5203 ὲκ

387 5249 551 5319 μέσου
593 5245 921 5319 γενήσεσθαι
964 5246 1076 5308 τοῖς
1123 5243 1231 5297 τῶν
1277 5242 1637 5296 πιστευόντων
1666 5242 1821 5295 ποσὶν
1853 5242 1957 5294 ὑπ-

384 5340 745 5409 ενηνεγμένου
795 5336 889 5392 τοῦ
936 5336 1149 5389 Σατανᾶ
1170 5352 1182 5366 ·
1213 5334 1412 5389 δέδωκε
1454 5333 1560 5404 γάρ
1591 5334 1721 5403 ἡμῖν
1768 5335 1957 5385 πατεῖν

384 5431 569 5482 ἐπάνω
611 5426 788 5494 ὄφεων
823 5426 916 5480 καὶ
945 5424 1241 5495 σκορπίων,
1277 5425 1373 5477 καὶ
1413 5423 1506 5476 ἐπὶ
1535 5425 1713 5477 πᾶσαν
1746 5423 1844 5493 τὴν
1869 5422 1960 5475 δῦ-

384 5536 547 5588 ναμιν
576 5517 668 5571 τοῦ
699 5516 895 5589 ἐχθροῦ
926 5516 1165 5571 διδάσκει
1202 5514 1393 5583 λέγων,
1425 5512 1833 5584 πατηθήσεσθαι
1864 5512 1960 5583 τὴν

385 5610 687 5675 Μωαϐῖτιν,
725 5610 784 5665 ὃν
828 5609 1029 5681 τρόπον
1073 5606 1334 5662 πατοῦσιν
1384 5606 1565 5663 ἀλωνα
1609 5608 1666 5661 ὲν
1706 5604 1960 5676 ἁμάξαις.

2060 4603 2232 4673 magis
2258 4609 2342 4656 est
2363 4599 2778 4657 consideranda.
2799 4597 3045 4654 Moabitae
3061 4599 3228 4664 igitur
3252 4598 3453 4653 Judaeis
3476 4608 3633 4652 erant

2058 4691 2406 4755 contermini,
2440 4690 2534 4745 sed
2561 4690 2614 4744 in
2648 4704 2887 4744 errorem
2920 4699 3285 4745 monstrosum
3333 4690 3386 4744 in
3415 4689 3631 4744 modum

2058 4784 2344 4857 proclives,
2392 4781 2766 4850 idolorumqne
2816 4780 3049 4836 cultibus
3116 4782 3306 4836 dediti.
3367 4781 3632 4847 Quoniam

2056 4887 2187 4939 ergo
2216 4870 2560 4926 illucescente
2583 4869 2818 4933 Christo,
2874 4868 3227 4939 gentibusque
3253 4870 3320 4925 ad
3350 4880 3634 4939 augustum

2064 4965 2413 5033 divinumque
2456 4962 2573 5030 ejus
2614 4961 2929 5031 mysterium
2976 4962 3198 5024 vocatis,
3243 4976 3306 5015 ac
3332 4974 3430 5030 per
3470 4960 3633 5015 ﬁdem

2066 5054 2442 5119 sanctiﬁcatis,
2464 5052 2801 5109 exsecranda
2818 5060 2873 5105 et
2900 5052 3109 5120 impura
3141 5051 3445 5106 idololatria
3475 5066 3637 5120 pror-

2063 5163 2155 5203 sus
2180 5146 2500 5215 penitusque
2528 5160 2560 5200 e
2589 5145 2764 5200 medio
2786 5132 2929 5199 esset
2954 5144 3381 5208 exterminanda,
3400 5143 3634 5200 ﬁdelium

2064 5237 2286 5307 pedibus
2325 5234 2565 5305 subjecto
2585 5233 2805 5289 Satana.
2835 5234 3065 5289 Dederat
3099 5234 3243 5289 enim
3286 5234 3444 5291 nobis
3484 5243 3637 5304 pote-

2065 5340 2258 5386 etatem
2289 5325 2634 5383 conculcandi
2666 5334 2945 5393 serpentes
2988 5334 3044 5380 et
3078 5317 3412 5393 scorpiones,
3435 5334 3493 5381 et
3523 5340 3637 5380 om-

2068 5434 2189 5475 nem
2220 5417 2513 5487 potentiam
2563 5415 2769 5470 hostis:
2801 5416 2957 5470 docet
3001 5415 3237 5485 dicitque
3293 5415 3635 5473 Moabitidem

2066 5508 2507 5571 conculcandam,
2543 5507 2989 5575 quemadmodum
3042 5509 3257 5563 calcant
3285 5524 3466 5565 aream
3510 5527 3635 5565 cur-

2071 5601 2237 5655 ribus.
2274 5597 2695 5666 lllumquchisce
2720 5595 2896 5653 verbis
2925 5598 3008 5653 vel
3061 5606 3233 5653 totum
3288 5597 3639 5656 Moabiticutn

457 5790 502 5823 "
527 5788 652 5846 Luc.
678 5806 716 5858 ι,
742 5790 831 5847 69.
906 5792 951 5823 '°
975 5789 1103 5846 Luc.
1135 5805 1192 5855 Il,
1218 5788 1306 5855 ὅθ,
1330 5789 1416 5844 51.
1493 5788 1534 5819 ³¹
1563 5786 1751 5841 Matth.
1780 5800 1852 5853 xl,
1874 5783 1943 5889 2’8

2050 5782 2089 5815 "
2117 5781 2217 5836 lsa.
2244 5795 2403 5848 xxxv,
2434 5780 2515 5834 10.

3506 351 3709 406 566-
