4162 6406
506 368 609 427 567

1537 369 1595 425 S.
1638 364 1914 424 CYRILLI
1952 366 2418 424 ALEXANDRINI
2458 369 2777 425 ARCHlEP.

3661 373 3764 431 568

506 486 710 542 cultum
748 486 1120 539 demonstrare
1176 484 1403 540 dicimus
1440 501 1454 537 :
1493 486 1577 541 vel
1605 500 1671 541 ex
1704 502 1807 540 una
1859 488 2075 559 regione

2185 485 2361 557 Φαμὲν
2397 488 2456 541 δὲ
2503 486 2696 557 δηλοῦν
2727 489 2784 541 ἐν
2822 486 3030 549 τούτοις
3074 486 3253 550 αὑτὸν,
3287 487 3319 557 ἢ
3359 486 3455 557 τὴν
3484 487 3764 541 Μωαϐῖτιν

510 579 772 634 idolorum
795 577 1040 641 cnltrice,
1093 587 1260 631 totum
1314 577 1622 647 exemplum
1665 592 1901 645 sumere,
1965 594 2083 634 ser-

510 686 688 732 mone,
713 680 770 724 ut
795 669 925 733 dixi,
957 670 1024 722 ad
1068 669 1375 723 universam
1426 668 1782 723 idololatriam
1832 680 2079 725 extenso.

507 761 925 819 Conculcabitur
978 760 1162 827 igitur,
1224 761 1321 823 ait,
1365 761 1529 816 veluti
1592 762 1958 816 triturantinm
1990 777 2085 833 pe-

507 855 665 909 dibus
703 852 966 920 subjecta.
998 851 1363 921 Remittetque
1397 868 1587 907 manus
1628 868 1772 919 snas,
1821 855 2081 923 quemad-

511 943 725 996 modum
753 952 807 997 et
834 943 948 1011 ipsa
982 941 1283 996 humiliavit
1307 950 1365 995 ut
1387 941 1652 1011 perderet.
1680 942 1811 1009 Quis
1845 944 2083 1009 remittet

510 1032 742 1087 manus?
784 1031 1107 1087 Idololatrix
1162 1032 1426 1093 inventor.
1461 1032 1551 1101 qui
1574 1047 1758 1087 errore
1819 1032 2078 1102 implicat,

508 1124 708 1194 quique
752 1124 1019 1178 hominem
1051 1137 1080 1175 a
1119 1121 1227 1178 Deo
1254 1133 1534 1193 segregat,
1566 1125 1773 1193 "ttempe
1829 1124 2077 1179 Satanas.

512 1218 769 1271 Remitte!
820 1215 962 1271 enim
1017 1230 1210 1271 manus
1259 1231 1405 1282 suas,
1468 1218 1519 1271 id
1569 1227 1675 1283 est,
1718 1218 2083 1273 dissolventur

507 1323 699 1362 omnes
739 1307 855 1377 ejus
884 1309 1047 1374 vires,
1069 1318 1125 1362 et
1154 1309 1236 1363 vis
1272 1324 1338 1364 ac
1368 1310 1585 1379 energia
1629 1311 1888 1379 practica.
1918 1310 2081 1379 Figu-

510 1411 626 1454 rate
659 1401 854 1454 etenim
896 1414 992 1469 pro
1016 1403 1232 1469 energia
1266 1413 1320 1455 et
1348 1402 1560 1455 actione
1608 1417 1798 1456 manus
1852 1417 2077 1455 sumun-

513 1502 617 1543 tur.
646 1489 1104 1557 Quemadmodum
1137 1506 1368 1560 namque
1403 1493 1490 1547 ille
1541 1492 1591 1546 in
1644 1502 1787 1547 terra
1816 1494 2072 1561 degentes

510 1582 832 1647 humiliavit,
861 1593 918 1636 ιιι
951 1594 1176 1638 cunctos
1214 1584 1461 1654 perderet
1496 1600 1508 1635 :
1547 1586 1661 1653 pari
1708 1586 1890 1649 modo,
1931 1587 2080 1639 Chri-

510 1686 626 1729 stus
654 1676 773 1742 ejus
800 1676 1062 1745 deprimet
1106 1676 1437 1745 superbiam,
1469 1676 1521 1730 id
1554 1687 1657 1738 est,
1688 1677 2076 1731 intolerandam

511 1766 875 1832 insolentiam,
904 1784 1009 1839 qua
1047 1769 1099 1822 in
1154 1783 1341 1823 omnes
1393 1769 1681 1823 utebatur:
1721 1778 1927 1823 tantum
1973 1786 2075 1822 non

2184 578 2458 648 λατρείαν,
2487 580 2652 648 ήγουν
2678 582 2739 631 ἐκ
2772 580 2901 650 μιᾶς
2933 579 3115 648 χώρας
3147 579 3245 649 τῆς
3276 578 3764 649 εἰδωλολατρούσης

2184 668 2328 722 ἅπαν
2351 669 2600 741 δέχεσθαι
2622 670 2682 723 τὸ
2704 670 3076 741 παράδειγμα,
3107 669 3249 724 κατά
3272 670 3475 740 πάσης,
3498 670 3572 732 ὼς
3606 669 3759 739 ἔφην,

2180 764 2285 832 τῆς
2325 762 2737 833 εἰδωλολατρίας
2773 763 3151 833 ἐκτεινομὲνου
3197 762 3290 815 τοῦ
3342 763 3521 830 λόγον.
3557 762 3762 815 Οὐκοῦν

2182 852 2719 923 καταπατηθήσεται.
2772 851 2927 920 φησί,
2980 850 3230 918 καθάπερ
3278 850 3435 903 ποσὶν
3481 849 3762 902 ἀλοώντων

2182 943 2537 1014 ὑποκειμένη.
2574 944 2788 1015 Ἀνήσει
2840 942 2897 994 δέ
2936 942 3029 995 καὶ
3071 940 3172 1004 τὰς
3218 944 3406 1013 χεῖρας
3452 940 3614 993 αὑτοῦ
3642 981 3657 1005 ,
3701 942 3765 995 ὃν

2180 1036 2382 1105 τρόπον
2416 1040 2509 1087 καὶ
2536 1036 2697 1097 αὐτὸς
2742 1035 3071 1087 ἐταπείνωσε
3107 1032 3201 1085 τοῦ
3233 1033 3517 1086 ἀπολέσαι.
3546 1032 3639 1095 Τίς
3669 1033 3761 1085 ἀν-

2182 1128 2304 1197 ήσει
2351 1127 2450 1190 τὰς
2497 1130 2717 1197 χεῖρας;
2762 1128 2819 1180 Ὀ
2859 1126 2959 1195 τῆς
3007 1124 3419 1195 εἰδωλολατρίας
3459 1124 3762 1194 εὑρετὴς,ό

2183 1218 2422 1287 συνέχων
2472 1219 2571 1289 τὴν
2614 1218 2848 1287 ἀπάτην,
2886 1219 2980 1271 καί
3026 1217 3467 1285 ἀποϐουκολήσας
3496 1216 3630 1268 Θεοῦ
3668 1216 3759 1268 τὸν

2180 1306 2483 1377 ἄνθρωπον,
2510 1306 2654 1359 τοῦτ’
2680 1306 2846 1371 ἔστιν,
2901 1309 2931 1360 ό
2977 1308 3471 1377 Σατανᾶς.’Λνήσει
3514 1306 3623 1375 γάρ
3660 1305 3758 1367 τὰς

2180 1401 2370 1467 χεῖρας
2400 1398 2585 1461 αὐτοῦ,
2616 1399 2757 1450 τοῦτ’
2785 1398 2953 1463 ἐστιν,
2983 1397 3339 1468 ἐκλυθήσεται
3367 1398 3514 1449 πᾶσα
3537 1398 3569 1465 ἡ
3597 1395 3757 1448 δύνα-

2183 1508 2273 1560 μις
2304 1490 2487 1554 αὑτοῦ,
2521 1493 2613 1543 καὶ
2638 1492 2883 1562 ἐνέργεια
2912 1493 3209 1562 πρακτική·
3237 1493 3517 1561 ἐνεργείας
3553 1490 3659 1561 γάρ
3680 1492 3757 1551 εἰς

2178 1584 2346 1636 τύπον
2370 1585 2425 1636 αἰ
2458 1587 2637 1655 χεῖρες
2668 1584 3272 1654 λαμϐάνονται.”Ωσπερ
3304 1584 3413 1653 γὰρ
3446 1583 3606 1646 αὐτὸς
3638 1586 3759 1635 ἐτα-

2180 1675 2409 1727 πείνωσε
2438 1676 2563 1737 τοὺς
2590 1675 2683 1726 ἐπὶ
2723 1677 2822 1746 τῆς
2850 1675 2976 1745 γῆς,
3011 1674 3151 1729 ὥστε
3184 1675 3277 1727 καὶ
3319 1674 3583 1726 ἀπολέσαι
3616 1674 3757 1742 σύμ-

2183 1783 2405 1830 παντας,
2458 1766 2599 1820 κατά
2628 1766 2721 1820 τὸν
2754 1768 2915 1819 αὑτὸν
2956 1769 3169 1819 τουτονὶ
3203 1765 3401 1836 τρόπον
3432 1764 3757 1818 ταπεινώσει

511 1872 727 1911 manum
762 1858 1030 1928 injiciens,
1064 1869 1119 1911 et
1156 1857 1433 1929 tyrannice
1474 1872 1572 1913 suo
1602 1870 1814 1927 sceptro
1840 1875 1950 1926 eos,
1983 1861 2071 1927 qui

2185 1859 2414 1931 Χριστὸς
2453 1858 2552 1930 τὴν
2601 1857 2756 1932 ὓϐριν
2791 1858 2975 1922 αὐτοῦ,
3002 1858 3146 1911 τοῦτ’
3176 1857 3312 1921 ἔστι,
3344 1857 3443 1928 τὴν
3487 1856 3769 1926 ἀφόρητον

510 1965 540 2001 a
577 1948 921 2020 Deopropter
947 1966 1107 2020 Opera
1159 1950 1319 2021 357
1363 1952 1502 2006 bona
1554 1956 1880 2007 remunerati
1928 1964 2072 2017 sunt,

510 2041 852 2095 submittens.
879 2039 1098 2096 Transit
1120 2042 1311 2097 deinde
1337 2057 1517 2096 sermo
1550 2043 1899 2111 pmpheticus
1932 2044 2078 2098 velut

508 2130 576 2185 ad
596 2134 763 2200 ipsam
786 2131 1148 2198 Moabitidem,
1166 2134 1280 2190 sive
1304 2134 1371 2189 ad
1393 2134 1672 2202 profanam
1699 2135 2075 2201 idololatriam,

509 2235 564 2277 et
606 2223 827 2293 inquit:
868 2225 1221 2280 Altitudinem
1267 2226 1460 2295 rel'ugii
1518 2228 1657 2281 muri
1718 2229 1791 2282 tui
1842 2229 2073 2295 dejiciet.

507 2312 857 2369 Altitudinem
909 2313 1101 2382 refugii
1133 2317 1269 2371 muri
1304 2318 1588 2384 deiectam,
1622 2320 1795 2389 ipsum
1851 2337 1969 2375 esse
1997 2322 2078 2375 di-

510 2406 681 2459 cimus
734 2406 1053 2462 idololatria:
1108 2423 1172 2463 ac
1203 2410 1404 2464 erroris
1454 2411 1771 2476 antistitem,
1817 2412 1907 2481 qui
1957 2428 2075 2465 eam

514 2496 675 2550 veluti
706 2512 859 2551 muro
892 2498 1081 2568 cingit,
1135 2509 1456 2567 coercetque
1512 2502 1867 2556 ntconsistat.
1907 2501 2078 2556 Caete-

512 2603 650 2653 rum,
692 2588 887 2658 inquit,
925 2591 1101 2646 cadet.
1133 2588 1283 2645 lllum
1304 2591 1568 2660 siquidem
1612 2592 1856 2647 Christus
1888 2594 2077 2647 demo-

510 2677 690 2747 lietur,
723 2690 779 2734 et
808 2683 872 2734 ad
909 2680 1079 2735 solum
1112 2696 1303 2750 usque,
1343 2683 1395 2736 id
1420 2694 1524 2749 est,
1562 2684 1613 2737 in
1665 2694 1833 2739 totum
1878 2686 2073 2741 diruet.

512 2768 768 2828 Videmus
802 2788 1034 2842 namque
1062 2789 1126 2829 ex
1190 2773 1351 2830 rebus
1385 2775 1539 2845 ipsis,
1573 2779 1711 2845 quod
1749 2779 2077 2845 praenuntia-

516 2874 625 2915 tum
679 2874 761 2917 est
795 2862 861 2916 ad
895 2865 1099 2918 exitum
1134 2864 1463 2933 pervenisse.
1494 2866 1821 2921 Ceciderunt
1846 2883 2079 2936 namque

511 2951 657 3018 fana,
689 2962 743 3007 et
770 2956 948 3009 omnia
998 2969 1118 3022 qua;
1172 2956 1224 3008 in
1252 2956 1464 3024 templis
1486 2966 1660 3019 erant,
1694 2972 1725 3010 e
1760 2958 1933 3011 medio
1959 2960 2081 3012 sub-

512 3043 644 3107 lata,
703 3058 801 3098 nec
855 3053 984 3097 sunt
1033 3058 1142 3098 ara:
1191 3045 1443 3114 amplius,
1494 3061 1598 3100 non
1656 3046 1941 3127 sacriﬁcia,
1975 3062 2079 3101 non

515 3135 933 3202 incantamenta,
962 3150 1067 3189 non
1090 3136 1142 3189 hi
1183 3138 1273 3205 qui
1326 3138 1528 3193 erroris
1574 3137 1803 3192 ludibria
1858 3153 2078 3194 exerce-

514 3229 665 3281 bant.
696 3226 887 3283 Omnia
920 3244 1049 3283 vero
1074 3243 1168 3297 per
1213 3229 1485 3283 Christum
1520 3240 1819 3297 cessarunt,
1870 3243 2083 3287 exorta-

513 3332 619 3386 que
650 3327 735 3371 est
766 3317 1075 3371 hominibus
1095 3330 1293 3373 terram
1326 3320 1682 3375 incolentibus
1707 3322 1794 3373 lux
1814 3323 2081 3387 veritatis,

513 3408 848 3478 )nvaluitque
868 3407 949 3465 sol
962 3408 1209 3478 justitia,
1240 3412 1401 3466 corda
1439 3412 1776 3467 credentium
1828 3413 1878 3466 in
1911 3413 2079 3483 ipsum

515 3498 855 3557 collustrans.

582 3681 711 3738 CAP.
753 3681 941 3739 XXVI.
965 3685 1128 3742 Vens.
1170 3685 1219 3738 l.
1259 3683 1356 3739 Dt‘e
1380 3684 1471 3745 illo
1498 3686 1781 3738 cantabunt
1818 3688 2083 3740 canticum

514 3772 657 3825 istud
681 3773 737 3826 in
770 3784 911 3828 terra
945 3773 1125 3842 ludar,
1178 3776 1408 3830 dicentes
1433 3794 1452 3830 :
1482 3771 1616 3830 Ecce
1647 3776 1828 3829 civitas
1854 3777 2079 3839 munita,

514 3873 562 3915 et
598 3861 742 3916 salus
768 3874 947 3917 nostra
987 3876 1137 3933 ponet
1167 3882 1374 3919 murum
1424 3876 1474 3922 et
1504 3869 1644 3923 muri
1712 3883 2084 3940 prapugnacu-

515 3952 643 4008 lum.

589 4048 912 4103 Conculcata
936 4047 1241 4111 Moabitide,
1268 4049 1316 4101 id
1345 4059 1449 4111 est,
1474 4051 1620 4105 cultu
1648 4050 1910 4106 idolorum
1936 4054 1988 4107 in
2012 4061 2087 4108 to-

516 4147 629 4192 tum
665 4139 893 4200 sublato,
928 4142 1080 4210 juxta
1116 4153 1347 4195 mentem
1375 4141 1487 4208 jam
1520 4153 1644 4196 ante
1676 4146 1997 4213 expositam,
2031 4146 2085 4200 hi

519 4232 611 4298 qui
642 4244 828 4285 errore
859 4230 1067 4285 liberati
1106 4241 1250 4296 sunt,
1273 4242 1326 4287 et
1349 4234 1415 4286 ad
1442 4233 1614 4287 lucem
1640 4235 1884 4290 ver-italis
1923 4237 2087 4305 perti-

521 4332 733 4392 gerunt,
756 4323 955 4391 apertis
978 4322 1335 4392 intelligentiae
1355 4323 1868 4395 oculis,agnoscent,
1892 4327 2083 4397 inquit,

521 4414 894 4468 universorum
944 4415 1187 4483 opiﬁcem
1223 4423 1279 4469 et
1305 4414 1588 4469 Dominum
1642 4414 1984 4472 Servatorem
2033 4426 2089 4472 et

2182 1949 2491 2016 πλεονεξίαν
2611 1950 2749 2003 κατά
2786 1951 3002 2003 πάντων
3029 1950 3316 2020 ἐχρήσατο,
3351 1948 3630 2018 μονονουχί
3658 1948 3757 2011 τὰς

2178 2044 2365 2113 χεῖρας
2409 2044 2649 2111 ἐπάγων,
2687 2045 2780 2095 καὶ
2816 2044 3114 2112 σκήπτροις
3166 2042 3313 2104 ἰδίοις
3363 2040 3647 2110 ὑποφέρων
3694 2040 3759 2093 ἐκ

2180 2134 2491 2200 πλεονεξίας
2516 2135 2640 2198 τοὺς
2666 2133 2751 2187 ἐπ’
2775 2133 2955 2204 ἔργοις
2978 2133 3201 2201 ἀγαθοῖς
3230 2115 3582 2203 ἐκτισμένους
3609 2132 3759 2201 παρά

2179 2223 2336 2277 Θεοῦ.
2385 2220 2514 2279 Εἶτα
2548 2225 2784 2294 μέτεισιν
2818 2227 2845 2277 ὁ
2870 2225 3026 2293 λόγος
3068 2223 3144 2293 τῷ
3184 2224 3434 2294 προφήτῃ
3473 2222 3757 2284 πάλιν.Ὢς

2181 2318 2316 2389 πρὸς
2341 2317 2508 2387 αὐτὴν
2536 2318 2634 2387 τὴν
2661 2318 2963 2380 Μωαϐῖτιν,
3006 2318 3123 2387 ἤτοι
3149 2317 3248 2386 τὴν
3282 2314 3508 2385 βέϐηλον
3543 2314 3757 2366 εἰδωλο-

2180 2410 2424 2481 λατρίαν,
2460 2409 2551 2462 καί
2582 2426 2763 2481 φησιν·
2797 2410 2876 2461 ὅτι
2905 2409 2978 2461 Τὸ
3008 2409 3139 2478 ῦψος
3164 2410 3262 2478 τῆς
3300 2408 3618 2475 καταφυγῆς
3646 2409 3757 2458 τοῖ-

2180 2519 2272 2571 χον
2297 2502 2354 2554 τὸ
2376 2501 2795 2572 ταπεινούμενον
2823 2502 2984 2555 αὑτὸν
3008 2497 3144 2554 εἷναί
3174 2517 3354 2571 φαμεν
3376 2500 3466 2553 τὸν
3495 2502 3590 2568 τῆς
3611 2499 3759 2551 εἰδω-

2180 2592 2465 2663 λολατρίας
2484 2592 2577 2646 καὶ
2599 2594 2698 2662 τῆς
2726 2594 2943 2663 ἀπάτης
2971 2593 3367 2663 προεστηκότα,
3392 2594 3485 2645 καί
3506 2586 3615 2644 οἷον
3628 2592 3758 2643 ἀνα-

2179 2684 2482 2755 τειχίζοντα
2526 2684 2716 2754 αὐτὴν,
2762 2685 2856 2737 καὶ
2900 2684 3189 2753 συνέχοντα
3224 2684 3360 2753 πρὸς
3396 2682 3458 2735 τὸ
3504 2682 3758 2733 συνεστά-

2180 2776 2464 2831 ναι.Ἀλλά
2493 2778 2760 2843 πεσεῖται,
2798 2777 2959 2847 φησί.
2989 2775 3302 2830 Καταϐαλεῖ
3334 2775 3441 2845 γὰρ
3474 2775 3605 2828 αὐτὸ
3633 2776 3762 2844 Χρι-

2183 2866 2325 2930 στὸς,
2355 2867 2447 2920 καὶ
2481 2865 2839 2918 καταϐιϐἀσει
2893 2866 3085 2936 μέχρις
3135 2866 3384 2935 ἐδάφους,
3420 2864 3563 2917 τοῦτ’
3590 2864 3757 2928 ἐστιν,

2181 2962 2259 3023 εἰς
2279 2959 2339 3011 τὸ
2361 2958 2640 3020 παντελὲς,
2665 2959 2757 3011 καὶ
2780 2958 2995 3029 ὁρῶμεν
3017 2958 3104 3011 διὰ
3124 2958 3466 3028 πραγμάτων
3487 2960 3565 3020 εἰς
3588 2957 3760 3026 πέρας

2182 3049 2483 3120 ἐκϐεϐηκὸς
2503 3049 2567 3101 τὸ
2593 3048 3053 3118 προηγγελμένον.
3070 3045 3396 3100 Πεπτώκασι
3411 3047 3518 3116 γὰρ
3536 3063 3593 3097 τε
3602 3046 3758 3114 μένη.

2183 3143 2275 3195 καὶ
2302 3142 2371 3195 τά
2397 3145 2455 3194 ἐν
2487 3144 2673 3212 σηκοῖς
2704 3141 2920 3195 ἅπαντα
2951 3139 3174 3209 γέγονεν
3202 3136 3462 3193 ἐκποδών.
3492 3138 3672 3207 Βωμοὶ
3702 3136 3759 3188 δὲ

2182 3234 2369 3287 οὐκέτι
2391 3234 2482 3285 καὶ
2508 3230 2709 3297 θυσίαι,
2737 3233 2831 3285 καὶ
2861 3233 3124 3301 γοητεῖαι,
3156 3230 3247 3283 καὶ
3270 3231 3317 3281 οἱ
3339 3228 3406 3281 τά
3427 3230 3526 3298 τῆς
3546 3228 3760 3298 ἀπάτης

2182 3326 2592 3396 ἐπιτηδεύοντες
2628 3326 2872 3392 παίγνια.
2908 3324 3188 3376 Πέπαυται
3219 3322 3275 3375 δὲ
3307 3321 3481 3374 πάντα
3515 3320 3602 3372 διά
3624 3320 3759 3389 Χριο

2186 3420 2328 3484 στὸν,
2365 3419 2458 3471 καὶ
2489 3417 2820 3471 ἀνατέταλκε
2855 3420 2965 3479 τοῖς
2999 3416 3091 3468 ἐπὶ
3122 3418 3219 3485 τῆς
3250 3415 3353 3483 γῆς
3380 3415 3477 3483 τῆς
3508 3411 3763 3483 ἀληθείας

2182 3516 2241 3566 τὸ
2277 3512 2393 3583 φῶς
2422 3514 2516 3565 καί
2548 3513 2575 3563 ὁ
2608 3510 2710 3579 τῆς
2738 3507 3085 3577 δικαιοσύνης
3119 3506 3468 3575 ἀνισχόμενος
3498 3504 3647 3574 ἥλιος
3664 3502 3762 3565 τὰς

2182 3603 2291 3655 τῶν
2320 3602 2684 3655 πιστευόντων
2717 3601 2797 3662 εἰς
2826 3597 2988 3651 αὑτὸν
3028 3596 3474 3667 καταφαιδρύνων
3516 3595 3759 3666 καρδίας.

2260 3692 2338 3761 Τῇ
2377 3693 2565 3762 ἡμέρᾳ
2605 3692 2806 3759 ἐκείνῃ
2847 3688 3097 3756 ᾆσονται
3130 3688 3196 3741 τὸ
3241 3682 3406 3756 ᾆσμα
3456 3686 3629 3740 τοῦτο
3663 3687 3761 3739 ἐπὶ

2184 3788 2294 3861 γῆς
2327 3789 2437 3857 τῆς
2492 3789 2772 3852 Ἰουδαίας
2816 3786 3302 3855 λέγοντες·,Ἱδοὺ
3341 3788 3517 3852 πόλις
3549 3785 3761 3852 ὀχυρὰ,

2184 3884 2602 3955 καίσωτήριον
2639 3881 2806 3953 ἡμῶν
2836 3879 3008 3948 θήσει
3039 3879 3235 3947 τεῖχος
3265 3878 3364 3932 καὶ
3406 3879 3760 3946 περίτειχος.

2257 4060 2751 4132 Καταπατηθείσης
2782 4057 2891 4127 γάρ
2912 4056 3012 4124 τῆς
3033 4053 3393 4117 Μωαϐίτιδος,
3422 4051 3569 4104 τοῦτ’
3592 4049 3763 4112 ἔστιν,

2186 4154 2536 4228 ἀνῃρημένης
2595 4154 2674 4214 εἰς
2716 4151 2863 4204 ἆπαν
2918 4147 3021 4215 τῆς
3065 4144 3173 4197 τῶν
3204 4142 3441 4196 εἰδώλων
3489 4142 3763 4232 λατρείας,

2187 4248 2329 4302 κατά
2357 4262 2421 4315 γε
2444 4245 2536 4298 τὸν
2572 4243 2671 4313 ἢδη
2713 4237 3147 4309 προαποδοθέντα
3173 4235 3297 4289 νοῦν
3321 4236 3371 4287 οἰ
3406 4233 3507 4303 τῆς
3552 4232 3768 4298 ἀπάτης

2187 4333 2617 4405 ἀπηλλαγμένοι,
2646 4331 2737 4383 καὶ
2767 4328 2905 4399 πρὸς
2927 4325 2986 4379 τὸ
3012 4325 3112 4395 τῆς
3134 4324 3393 4392 ἀληθείας
3421 4321 3762 4383 διελάσαντες

2189 4426 2323 4496 φῶς,
2345 4425 2436 4477 τὸν
2457 4423 2559 4492 τῆς
2578 4420 2813 4482 διανοίας
2832 4417 3216 4487 ἀνευρύνοντες
3232 4413 3510 4484 ὀφθαλμὸν
3533 4410 3761 4479 ἐπιγνώ-

519 4500 948 4571 Redemptorem,
970 4518 1067 4573 per
1090 4519 1246 4571 quem
1276 4506 1476 4569 omnia,
1495 4515 1550 4559 et
1570 4506 1623 4558 in
1647 4520 1754 4575 quo
1772 4507 1974 4571 omnia,
1996 4506 2083 4577 qui

2197 4533 2378 4571 σονται
2415 4514 2535 4585 μὲν,
2571 4514 2723 4582 φησὶ,
2750 4512 2841 4564 τὸν
2865 4510 2974 4563 τῶν
3000 4509 3137 4561 ὅλων
3166 4507 3494 4577 δημιουργὸν
3521 4505 3615 4558 καὶ
3650 4502 3764 4556 Κύ-

522 4606 739 4665 propter
768 4609 866 4648 nos
908 4604 1199 4666 nostraque
1229 4597 1329 4652 fuit
1355 4599 1639 4653 deductus.
1680 4597 1816 4653 Huic
1866 4600 1997 4654 odas
2041 4611 2094 4655 et

523 4688 689 4743 melos
712 4690 873 4743 veluti
896 4689 1007 4761 lyra
1034 4691 1354 4759 prazcinunt,
1377 4690 1847 4760 gloriﬁcantesque
1874 4692 2089 4747 dicunt:

522 4780 661 4836 Ecce
684 4781 878 4837 civitas
908 4781 1111 4836 munita
1145 4790 1198 4836 et
1254 4781 1398 4836 salus
1433 4793 1638 4837 nostra.
1672 4782 1768 4837 Est
1797 4783 1939 4837 enim
1968 4798 2095 4838 vere

522 4881 775 4941 tanquam
831 4872 1022 4927 civitas
1067 4871 1314 4941 quadam
1364 4872 1531 4941 probe
1587 4873 1721 4926 turri
1767 4872 2007 4927 defensa
2042 4881 2097 4926 et

521 4978 743 5031 prorsus
791 4963 1111 5029 indelebilis,
1142 4962 1399 5018 Dominus
1433 4973 1617 5019 noster
1647 4962 1811 5018 Jesus-
1850 4964 2096 5018 Christus

527 5052 641 5108 sive
662 5068 785 5122 spes
821 5053 871 5105 in
908 5052 1078 5107 illum.
1109 5052 1322 5122 Accipit
1352 5055 1497 5108 enim
1531 5069 1624 5108 eos
1651 5056 1741 5123 qui
1768 5054 1966 5108 diaboli
1998 5064 2087 5123 ty-

525 5147 802 5199 rannidem
831 5144 1114 5214 ell‘ugiunt,
1153 5155 1511 5215 acceptosque
1531 5157 1836 5203 conservat.
1858 5144 2093 5216 Ideoque

526 5237 774 5291 dicebat:
812 5254 833 5289 ι
862 5238 1002 5293 Oves
1034 5252 1166 5292 meae
1194 5252 1380 5295 vocem
1408 5253 1581 5293 meam
1628 5238 1873 5303 audiunt,
1905 5249 1957 5290 et
2005 5253 2094 5292 se-

528 5337 769 5395 quuntur
798 5345 883 5384 me
907 5348 921 5393 ;
958 5339 1014 5384 et
1041 5344 1141 5401 ego
1167 5328 1235 5384 do
1260 5329 1365 5384 illis
1391 5331 1553 5383 vitam
1599 5340 1881 5395 :etemam,
1914 5339 1968 5384 et
1997 5344 2095 5384 ne-

528 5437 615 5476 mo
641 5436 734 5476 eas
766 5422 831 5477 de
872 5439 1032 5476 manu
1076 5436 1196 5477 mea
1248 5422 1420 5492 rapiet
1458 5421 1524 5475 ⁵⁸.
1569 5442 1587 5473 ι
1662 5420 1801 5477 Urbs
1849 5422 2098 5476 videlicet

530 5510 743 5564 munita
789 5519 842 5564 et
871 5513 1125 5568 salutaris
1157 5522 1238 5567 est
1268 5512 1528 5568 Servatur
1566 5513 1829 5580 omnium,
1872 5521 1927 5567 et
1967 5513 2096 5569 urbs

532 5618 745 5657 murum
776 5602 1001 5670 habens,
1034 5616 1088 5660 et
1115 5606 1597 5677 propugnaculum,
1640 5620 1854 5663 omnem
1885 5605 2093 5662 scilicet

598 5778 645 5813 ⁵³
665 5779 816 5839 Joan.
843 5799 895 5851 x,
916 5783 1004 5849 26,
1027 5782 1114 5836 ‘27.

2193 4627 2307 4681 ριον
2338 4608 2563 4677 Σωτῆρα
2592 4605 2687 4658 καὶ
2699 4601 3010 4672 Λυτρωτὴν,
3041 4600 3131 4653 τὸν
3159 4599 3226 4652 δι’
3256 4593 3317 4653 οὗ
3343 4599 3412 4651 τὰ
3442 4599 3639 4660 πάντα,
3672 4596 3768 4648 καὶ

2192 4702 2248 4753 ἐν
2281 4693 2325 4767 ᾧ
2354 4698 2422 4752 τά
2465 4698 2671 4754 πάντα,
2734 4694 2828 4747 τὸν
2869 4694 2937 4747 δι’
2976 4694 3121 4763 ἡμᾶς
3177 4689 3505 4759 καθιγμένον
3550 4689 3608 4739 ἐν
3655 4688 3767 4747 τοῖς

2193 4790 2313 4843 καθ’
2356 4790 2521 4859 ἡμᾶς.
2571 4786 2727 4858 ’ῼδὴν
2751 4787 2807 4839 δὲ
2837 4784 3007 4855 αὐτὴν
3057 4782 3149 4836 καὶ
3204 4781 3363 4853 μέλος
3408 4779 3657 4849 καθάπερ
3703 4778 3767 4827 ἐκ

2190 4883 2360 4951 λύρας
2409 4879 2831 4948 ἀνακρουόμενα
2883 4873 3288 4942 δοξολογοῦντες
3341 4871 3558 4943 ἐροῦσιν
3583 4888 3597 4901 ·
3636 4869 3765 4921 Ἰδοὺ

2194 4972 2346 5034 πόλις
2386 4970 2579 5041 ὀχυρὰ,
2632 4968 2725 5021 καὶ
2774 4968 3043 5037 σωτήριον
3098 4965 3274 5036 ἡμῶν.
3305 4964 3413 5016 Καὶ
3460 4963 3568 5031 γάρ
3621 4964 3766 5013 ἐστιν

2202 5058 2422 5129 ἀληθῶς
2473 5052 2562 5110 οἷά
2611 5073 2694 5118 τις
2731 5055 2883 5117 πόλις
2919 5051 3297 5123 εὐπυργοτάτη
3353 5050 3444 5102 καὶ
3491 5048 3765 5108 ἀνάλωτος

2198 5148 2495 5211 παντελῶς,
2526 5152 2553 5202 ὁ
2585 5147 2784 5218 Κύριος
2822 5145 2980 5216 ἡμῶν
3028 5143 3235 5214 Ἰησοῦς
3269 5142 3501 5210 Χριστὸς
3536 5141 3701 5211 ἤγουν
3731 5140 3765 5207 ὴ

2198 5245 2277 5304 εἰς
2322 5243 2483 5295 αὑτὸν
2516 5241 2686 5301 ἐλπίς.
2729 5239 2953 5308 Δέχεται
3006 5235 3115 5304 γὰρ
3157 5236 3281 5297 τοὺς
3321 5234 3621 5301 φεύγοντας
3668 5229 3768 5300 τὴν

2198 5330 2293 5383 τοῦ
2318 5331 2566 5385 διαϐόλου
2610 5328 2939 5392 πλεονεξίαν,
2966 5326 3057 5379 καὶ
3094 5324 3362 5387 ἀνασώζει
3390 5320 3591 5374 λαϐών.
3627 5319 3769 5374 Ταύ-

2200 5438 2268 5495 τῃ
2294 5440 2376 5475 τοι
2402 5426 2495 5475 καὶ
2520 5422 2776 5491 ἔφασκεν,
2797 5420 2878 5471 ὅτι
2910 5416 3021 5468 «Τά
3040 5415 3287 5485 πρόϐατα
3316 5415 3385 5465 τά
3411 5413 3519 5482 ἐμὰ
3541 5412 3639 5480 τῆς
3658 5428 3772 5476 φω-

2200 5516 2296 5585 νῆς
2328 5532 2429 5584 μου
2463 5514 2740 5574 ἀκούουσι,
2779 5512 2873 5564 καὶ
2908 5506 3262 5563 ἀκολουθοῦσί
3306 5522 3413 5575 μοι·
3446 5503 3599 5571 κάγὼ
3620 5502 3770 5554 δίδω-

2206 5623 2266 5677 μι
2294 5608 2476 5671 αὐτοῖς
2513 5607 2657 5677 ζωὴν
2691 5602 2927 5668 αἰώνιον,
2968 5602 3059 5655 καὶ
3090 5600 3149 5651 οὐ
3193 5597 3267 5668 μὴ
3294 5596 3530 5667 ἁρπάσει
3578 5611 3661 5655 τις
3705 5594 3766 5644 ἐκ
