4162 6406
412 420 515 476 569

1548 401 1614 457 IN
1656 396 1890 454 ISAIAM
1934 396 2060 450 LIB.
2100 391 2191 448 lll.
2234 384 2475 445 TOMUS
2514 385 2553 440 1.

3587 374 3693 429 570

415 535 508 605 τῆς
550 532 729 603 χειρός
766 544 867 599 μου
896 524 1056 580 αὐτά.
1080 542 1098 577 ι
1147 520 1311 584 Πόλις
1342 517 1634 590 τοιγαροῦν
1669 515 1864 586 ὀχυρὰ,
1906 514 1999 567 καὶ

2130 507 2551 564 incolumitatem.
2589 499 2729 555 Nam
2792 497 2955 555 urbes
2999 496 3206 565 optime
3258 495 3447 549 cincta:
3500 493 3691 556 mni-is,

416 626 702 695 σωτήριος,
727 620 756 671 ὁ
779 616 999 671 πάντων
1038 612 1251 684 Σωτὴρ,
1293 609 1449 673 πόλις
1487 608 1545 661 δὲ
1580 607 1781 678 ἔχουσα
1826 606 2004 673 τεῖχος

417 715 508 768 καὶ
538 711 871 782 περιέχουσα
899 709 1099 776 τεῖχος,
1132 702 1277 757 τοῦτ’
1307 700 1443 766 ἐστι,
1473 700 1655 753 πᾶσαν
1677 695 2001 766 ἀσφάλειαν.

419 810 483 861 Ai
512 808 623 877 γάρ
654 821 738 857 τοι
771 802 880 857 τῶν
920 800 1127 853 πόλεων
1157 792 1215 850 εὖ
1253 795 1399 867 μάλα
1429 790 1865 864 τετειχισμέναι,
1909 788 2006 840 καὶ

418 898 515 966 οὐχ
543 876 720 964 ἁπλῆν
753 892 935 964 ἔχουσι
960 889 1061 958 τὴν
1091 884 1406 958 περιϐολὴν,
1433 881 1761 954 ὼχύρωνται
1787 879 1844 933 δὲ
1868 876 2007 947 πρὸς

419 989 495 1058 τῷ
529 985 749 1057 μεγάλῳ
776 983 969 1052 τείχει,
1026 979 1121 1031 καὶ
1151 976 1324 1048 ὲτὲρῳ
1364 971 1807 1045 προτειχίσματι.
1845 966 2007 1030 Εἰκὸς

420 1082 477 1134 δὲ
518 1079 583 1149 δὴ
633 1077 796 1131 πάλιν
830 1074 957 1136 τοὺς
988 1070 1086 1142 τὴν
1114 1069 1257 1141 ᾠδὴν
1302 1066 1672 1137 ἀναφέροντας
1729 1062 1858 1133 περὶ
1906 1059 2006 1128 τῆς

420 1171 511 1226 τοῦ
542 1170 793 1239 Σωτῆρος
823 1165 981 1238 ἡμῶν
1009 1164 1305 1236 ἐκκλησίας
1347 1163 1542 1224 εἰπεῖν,
1571 1159 1658 1225 τὸ,
1685 1156 1815 1212 Ἰδοὺ
1854 1153 2007 1216 πόλις

422 1266 591 1337 ὀχυρά
616 1265 710 1317 καὶ
739 1262 1005 1331 σωτήριον
1044 1260 1221 1329 ἡμῶν.
1266 1256 1438 1312 Πύλαι
1471 1253 1581 1324 γάρ
1611 1250 1739 1324 ᾅδου
1778 1248 1840 1302 ού
1872 1264 2008 1301 κατ-

425 1357 735 1428 ισχύσουσιν
792 1355 984 1424 αὐτῆς,
1015 1350 1160 1407 κατά
1231 1348 1328 1421 τὴν
1378 1345 1471 1400 τοῦ
1510 1344 1759 1414 Σωτῆρος
1798 1340 2001 1410 φωνήν·

424 1450 705 1513 διέζωσται
763 1446 873 1518 γὰρ
919 1444 1174 1514 καθάπερ
1216 1439 1384 1510 τείχει
1421 1436 1528 1490 τινὶ
1564 1433 1738 1504 διπλῴ
1776 1434 1898 1494 ταῖς
1946 1447 2006 1483 τε

424 1542 574 1610 παρά
601 1541 708 1594 τῶν
738 1539 908 1609 ἁγίων
939 1537 1187 1607 ἀγγέλων
1223 1531 1569 1602 ἐπικουρίαις
1591 1544 1604 1557 ⁸
1652 1527 1745 1581 καὶ
1789 1526 1888 1597 μέν
1926 1540 2009 1576 τοι

426 1638 491 1705 τῇ
536 1631 742 1687 ἄνωθεν
780 1633 875 1685 καὶ
908 1629 1061 1703 παρὰ
1096 1626 1232 1682 Θεοῦ
1269 1626 1329 1689 ὃς
1373 1627 1491 1678 ἐστι
1530 1620 1855 1693 περίτειχος.
1900 1616 2011 1670 Καὶ

428 1726 532 1796 γὰρ
594 1721 774 1777 αὐτῶν
820 1726 973 1776 ἐστιν
1024 1723 1058 1792 ἡ
1105 1720 1260 1792 ἰσχὺς
1302 1717 1409 1771 τῶν
1449 1716 1619 1784 ἁγίων
1659 1710 2005 1781 πνευμάτων,

428 1813 654 1883 ἐπείπερ
688 1812 838 1864 ἐστὶν
874 1812 1041 1875 αὑτός
1067 1826 1126 1864 τε
1154 1810 1249 1863 καὶ
1290 1808 1453 1878 μόνος
1484 1810 1513 1860 ό
1538 1804 1649 1858 τῶν
1675 1803 1812 1857 ὅλων
1851 1800 2010 1853 δυνά-

428 1923 572 1976 μεων
608 1904 830 1975 Κύριος.
877 1903 1074 1957 Ἰστέον
1111 1902 1169 1955 δὲ
1200 1902 1281 1955 ὅτι
1306 1900 1457 1970 παρὰ
1493 1900 1604 1960 τοῖς
1634 1898 1799 1966 ἱεροῖς
1824 1892 2013 1965 Γράμ-

2116 618 2220 655 non
2278 598 2577 666 simplicem
2621 595 2823 650 habent
2851 591 3231 653 munitionem,
3270 597 3325 643 et
3352 597 3550 657 praater
3577 603 3695 640 tua-

2124 705 2536 764 gnummurum
2589 688 2754 742 etiam
2816 685 2988 739 altero
3049 680 3451 738 circummurali
3512 680 3695 734 muni-

2116 790 2298 837 mento
2332 779 2698 836 obvailantur.
2728 775 2897 847 358
2923 774 3126 844 Estque
3162 782 3428 843 pra-terea
3462 786 3691 826 consen-

2118 886 2331 929 taneum
2370 872 2585 929 veritati
2615 870 2737 926 illos
2766 871 2856 938 qui
2886 869 3027 923 hanc
3054 868 3214 922 odam
3271 868 3584 929 decantant,
3621 864 3691 919 de

2115 966 2353 1023 Ecclesia
2396 964 2703 1020 Servatoris
2742 961 2913 1017 nostri
2963 961 3143 1016 dicere
3182 959 3311 1013 illud
3344 976 3358 1012 :
3406 957 3544 1012 Ecce
3569 956 3698 1012 urbs

2117 1058 2318 1114 munita
2352 1067 2407 1111 et
2435 1054 2711 1110 salutaris.
2748 1052 2925 1107 Porta:
2953 1051 3096 1117 enim
3152 1049 3447 1105 inferorum
3506 1058 3698 1103 contra

2121 1165 2242 1206 eam
2286 1164 2395 1203 non
2438 1146 2800 1208 invalescent,
2853 1143 3007 1213 juxta
3061 1156 3247 1197 vocem
3296 1139 3603 1195 Servatoris
3627 1139 3695 1192 “.

2118 1243 2215 1300 Est
2244 1243 2393 1298 enim
2452 1240 2618 1295 veluti
2681 1237 2912 1309 quodam
2942 1236 3155 1307 gemino
3188 1249 3343 1289 muro
3377 1231 3702 1287 circumcin-

2115 1347 2222 1401 cta,
2244 1350 2366 1390 cum
2388 1342 2695 1389 sanctorum
2721 1328 3033 1398 angelorum
3069 1326 3335 1396 praesidio.
3365 1336 3478 1379 tum
3509 1314 3701 1394 super-

2117 1444 2187 1483 no
2220 1437 2275 1483 et
2304 1427 2420 1490 Dei,
2488 1424 2582 1494 qui
2629 1434 2714 1477 est
2774 1421 3258 1493 propugnaculum.
3310 1419 3406 1474 Est
3461 1420 3606 1474 enim
3646 1426 3703 1471 et

2117 1521 2354 1591 ipsorum
2397 1528 2705 1574 sanctorum
2765 1516 3051 1585 spirituum
3114 1514 3319 1568 robur:
3362 1513 3559 1584 quippe
3604 1512 3697 1581 qui

2117 1614 2263 1669 solus
2309 1622 2396 1669 est
2419 1622 2740 1667 cunctarum
2774 1611 3137 1680 potentiarum
3183 1607 3468 1662 Dominus.
3502 1607 3698 1662 Scien-

2118 1707 2246 1760 dum
2298 1714 2383 1760 est
2408 1707 2594 1770 etiam,
2627 1704 2679 1759 in
2710 1703 2883 1758 sacris
2908 1702 3134 1756 Litteris
3168 1699 3365 1755 Judam
3407 1698 3704 1769 aliquando

2119 1798 2301 1854 vocari
2341 1796 2642 1861 Christum,
2682 1794 2847 1851 veluti
2872 1803 3055 1848 natum
3086 1809 3154 1849 ex
3190 1793 3334 1848 tribu
3359 1790 3518 1855 Juda,
3550 1791 3703 1861 juxta

2120 1903 2306 1943 vocem
2348 1886 2533 1951 Iacob,
2565 1886 2824 1941 dicentis:
2856 1903 2875 1937 ι
2909 1883 3067 1952 Juda,
3099 1892 3153 1940 te
3178 1884 3475 1937 laudabunt
3506 1882 3705 1938 fratres

429 1974 560 2067 μασι
606 1974 805 2061 Ἰούδας
834 1995 951 2050 ἔσθ’
990 1997 1080 2050 ὅτε
1112 1994 1532 2064 κατωνόμασται
1564 1987 1817 2058 Χριστὸς,
1852 1987 1929 2049 ὡς
1950 1987 2015 2038 ὲκ

2130 1982 2197 2035 ιιιί
2237 1982 2307 2034 ⁸⁵.
2333 1999 2352 2033 ι
2388 1979 2441 2033 In
2476 1989 2618 2033 terra
2667 1979 2831 2048 igitur
2866 1977 3026 2042 Juda,
3063 1974 3237 2031 melos
3280 1983 3557 2031 cantatum
3590 1981 3696 2028 est.

426 2089 596 2159 φυλῆς
615 2087 856 2157 γεγονὼς
874 2088 976 2158 τῆς
1008 2086 1200 2149 Ἰούδα,
1228 2084 1371 2138 κατά
1393 2100 1458 2152 γε
1477 2082 1577 2152 τὴν
1610 2077 1804 2132 Ἰακὼϐ
1829 2076 2011 2145 φωνὴν

2119 2072 2325 2129 Christi
2371 2072 2513 2125 enim
2547 2071 2741 2125 civitas
2763 2079 2849 2123 est
2891 2067 3157 2123 Ecclesia.

427 2153 709 2251 λέγοντοςξ
763 2201 782 2234 ‹
847 2153 1035 2246 Ἰούδα,
1073 2179 1133 2231 σὲ
1171 2175 1476 2231 αἰνέσουσιν
1527 2174 1576 2227 oi
1623 2169 1841 2239 ἀδελφοί
1869 2185 1983 2221 σου.
2035 2186 2054 2218 ι
2094 2166 2217 2219 Ἐπὶ
2254 2165 2359 2235 γῆς
2391 2159 2484 2217 οὖν
2536 2161 2705 2215 Ἰούδα
2740 2161 2802 2214 τὸ
2861 2159 3289 2232 μελῳδούμενον.
3331 2154 3570 2228 Χριστοῦ
3599 2153 3710 2224 γὰρ

428 2279 581 2343 πόλις
603 2281 637 2350 ἡ
666 2276 984 2349 Ἐκκλησία.

511 2368 816 2432 Ἀνοίξατε
868 2368 1090 2433 πύλας.
1132 2362 1452 2420 εἰσελθέτω
1496 2359 1647 2426 λαός
1682 2354 2020 2428 φυλάσσων

2192 2345 2360 2401 Vens.
2416 2345 2533 2399 2-4.
2570 2342 2779 2413 Aperite
2810 2350 3035 2412 portas;
3071 2340 3401 2411 ingrediatur
3463 2339 3687 2409 papulas

434 2461 844 2529 δικαιοσύνην,
898 2458 1000 2513 καί
1062 2457 1406 2527 φυλάσσων
1464 2449 1773 2518 ἀλήθειαν,
1851 2446 2018 2499 ἀντι-

2130 2442 2419 2494 rmtodiem
2451 2438 2748 2507 justitiam,
2775 2446 2823 2489 et
2857 2434 3157 2489 custodiens
3174 2434 3464 2499 veritatem,
3519 2448 3705 2500 appre-

435 2526 879 2623 1ay6‘ardyeroc
897 2526 1206 2619 ἀληθείας,
1235 2547 1333 2600 καὶ
1360 2542 1703 2614 φυλάσσων
1728 2534 1981 2605 εἰρήνην
1999 2547 2013 2562 ·

2130 2535 2346 2588 iendens
2378 2539 2675 2594 veritatem,
2713 2538 2762 2583 et
2788 2528 3083 2582 custodiens
3113 2542 3293 2595 pacem
3325 2542 3344 2590 ;
3424 2526 3551 2595 quia
3582 2526 3636 2578 in
3663 2535 3712 2579 te

435 2620 517 2697 ὅτι
533 2642 631 2696 ἐπὶ
674 2620 774 2696 σοὶ
802 2640 1174 2708 ἠλπίσαμεν,
1208 2636 1409 2702 Κύριε,
1438 2632 1550 2695 ἕως
1576 2628 1683 2683 τοῦ
1710 2624 1945 2690 αἰῶνος.

2130 2624 2461 2694 speravimus,
2486 2621 2731 2685 Domine,
2767 2635 2929 2689 usque
2945 2620 3014 2672 ad
3029 2628 3356 2688 perpetuum.

511 2734 600 2797 Ὦς
632 2730 1024 2800 ὲπεγνωκότων
1053 2729 1155 2799 ἤδη
1195 2727 1302 2779 τῶν
1336 2724 1440 2777 ἀνά
1468 2724 1648 2775 πᾶσαν
1670 2717 1767 2788 τὴν
1789 2714 1893 2784 γῆν
1926 2713 2017 2765 τὸν

2194 2717 2327 2771 Cum
2362 2714 2686 2786 agnoverint
2711 2712 2823 2782 jam
2850 2728 2946 2782 per
2976 2712 3286 2767 universam
3335 2719 3539 2764 terram
3602 2708 3713 2762 Do-

436 2825 635 2896 Κύριον
676 2820 838 2894 ἡμῶν
885 2817 1094 2890 Ἰησοῦν
1132 2814 1366 2887 Χριστὸν
1409 2806 1893 2880 διωμολογηκότων
1934 2820 2016 2869 τε,

2130 2810 2329 2863 minutn
2398 2815 2642 2862 nostrum
2695 2802 2882 2859 Jesum
2932 2802 3233 2867 Christum,
3295 2817 3528 2869 eumque
3581 2816 3716 2856 con-

436 2893 706 2979 ὅτινπόλις
733 2914 886 2968 ἔσται
935 2909 1110 2982 ὀχυρά
1151 2908 1246 2961 καὶ
1288 2905 1575 2975 σωτήριος,
1618 2901 1794 2969 τεῖχος
1820 2896 2018 2967 ἔχουσα

2130 2901 2250 2955 fessi
2286 2899 2487 2955 fuerint
2527 2897 2716 2952 urbem
2767 2910 2889 2952 esse
2919 2898 3182 2950 munitam
3239 2904 3293 2950 et
3358 2893 3715 2957 salutiferam,

414 3012 526 3064 καὶ
559 3008 886 3081 περίτειχος,
925 3003 1111 3057 λοιπὸν
1126 2998 1439 3069 ἀναγκαίως
1461 2996 1574 3057 τοῖς
1608 2990 1783 3061 ἁγίοις
1807 3004 2018 3081 μυστα-

2130 3007 2337 3047 murum
2365 2991 2647 3046 habentem
2679 2998 2733 3045 et
2759 2988 3226 3059 pr0pugnaculnm
3267 3004 3280 3041 :
3318 2987 3572 3055 deinceps
3598 3002 3720 3054 per-

438 3078 654 3170 γωγοῖς,
696 3093 1016 3157 ἀποστόλοις
1045 3091 1105 3144 τέ
1138 3107 1279 3160 φημι
1319 3088 1414 3141 καὶ
1451 3079 1862 3152 εὐαγγελισταῖς
1898 3078 2015 3132 δια-

2130 3095 2423 3155 opportune
2484 3083 2690 3138 sanctis
2738 3080 3093 3151 mystagogis,
3138 3079 3415 3150 apostolis,
3472 3080 3716 3149 inquam,

439 3193 738 3257 κελεύεται,
795 3190 955 3257 λέγον
996 3188 1058 3240 τὸ
1090 3183 1316 3254 Πνεῦμα
1353 3180 1415 3234 τὸ
1459 3179 1613 3248 άγιον
1651 3176 1738 3230 διὰ
1776 3175 1876 3245 τῆς
1922 3171 2017 3227 τοῦ

2130 3188 2179 3231 et
2225 3176 2573 3246 evangelistis
2603 3175 2846 3246 praecipit
2901 3174 3138 3245 Spiritus
3181 3182 3407 3228 sanctus
3438 3186 3569 3226 voce
3596 3187 3721 3241 pro-

440 3245 738 3356 rrpotpﬁrou'
778 3245 996 3351 φωνῆς·
1062 3245 1335 3340 Ἀνοίξατε
1390 3245 1595 3335 πύλαςσ
1660 3267 1808 3322 τοῦτ’
1854 3266 2021 3330 ἔστιν,

2130 3274 2324 3343 phetaa,
2358 3273 2585 3326 dicens:
2615 3270 2833 3340 Aperite
2874 3279 3085 3339 portas,
3141 3268 3192 3321 id
3253 3277 3356 3333 εει,
3434 3266 3722 3335 patefacite

440 3375 765 3446 ἀνευρύνατε
794 3374 908 3434 τοῖς
936 3368 1181 3424 ἐθέλουσι
1212 3365 1311 3437 τὴν
1356 3363 1445 3420 διὰ
1476 3362 1712 3424 πίστεως
1754 3356 2022 3426 εἰσϐολὴν,

441 3472 537 3540 τὴν
584 3468 670 3521 διὰ
703 3467 802 3537 τῆς
848 3464 1150 3535 ἀμωμήτου
1179 3457 1572 3532 μυσταγωγίας
1629 3454 1857 3527 δρομὴν,
1932 3450 2026 3504 καὶ

442 3561 627 3615 εἰσίτω
667 3558 797 3622 λαὸς
828 3556 1121 3627 φυλάσσων
1165 3550 1537 3618 δικαιοσύνην,
1590 3548 1684 3601 καὶ
1736 3544 2027 3617 φυλάσσων

443 3652 719 3724 ἀλήθειαν.
754 3650 826 3703 Τὸ
858 3648 968 3718 γὰρ
990 3646 1134 3699 θεῖον
1164 3644 1257 3697 καὶ
1289 3639 1668 3709 εύαγγελικὸν,
1715 3638 1809 3690 καὶ
1848 3636 2028 3704 σωτή-

448 3760 559 3815 ριον
592 3743 855 3814 κήρυγμα
902 3738 1145 3792 διδάσκει
1200 3735 1299 3805 μὲν
1354 3733 1480 3795 τοὺς
1522 3728 1877 3791 πιστεύοντας
1928 3727 2030 3796 τὴν

446 3840 584 3909 ὑπὲρ
613 3838 776 3907 νόμον
809 3831 1177 3899 δικαιοσύνην,
1210 3826 1460 3900 βεϐαίους
1484 3824 1541 3877 δὲ
1571 3819 1712 3876 εἶναι
1736 3821 1873 3893 πρὸς
1894 3819 2030 3889 ἀλη-

447 3932 594 3994 θείας
631 3931 881 4000 τήρησιν.
916 3925 991 3979 Οὐ
1013 3922 1123 3995 γὰρ
1149 3921 1229 3975 ἔτι
1254 3919 1352 3991 τὴν
1394 3920 1452 3971 ὲν
1494 3916 1686 3978 τύποις
1716 3912 1810 3967 καὶ
1853 3914 2030 3976 σκιαῖς

448 4024 689 4093 εἰσφέρει
744 4018 1021 4088 λατρείαν,
1081 4014 1334 4083 καθάπερ
1367 4011 1558 4082 ἀμέλει
1591 4007 1688 4061 καὶ⁸
1730 4008 1759 4059 ό
1802 4004 2032 4067 παλαιὸς

449 4116 632 4185 νεμος,
659 4111 794 4166 ἀλλά
826 4109 925 4180 τὴν
964 4110 1021 4161 ἐν
1052 4105 1324 4175 πνεύματι
1355 4104 1449 4156 καὶ
1478 4099 1709 4172 ἀληθείᾳ
1741 4098 1837 4152 καὶ⁹
1876 4094 2035 4149 τοῦτό

451 4212 599 4263 ἐστιν
662 4208 695 4277 ἡ
767 4205 1015 4274 ἀλήθεια.
1113 4195 1576 4269 Ἐπιλαμϐάνεται
1628 4193 1686 4246 δὲ
1750 4189 2032 4258 ἀληθείας.

464 4304 705 4371 Ἐφεῖται
737 4299 864 4369 γὰρ,
898 4296 973 4359 ὼς
1002 4294 1161 4364 ἔφην,
1201 4292 1262 4345 ού
1292 4289 1399 4343 τῶν
1423 4290 1479 4341 ἐν
1515 4286 1714 4348 σκιαῖς,
1751 4280 1887 4336 ἀλλά
1927 4280 2036 4333 τῶν

452 4395 538 4449 διὰ
567 4389 804 4465 Χριστοῦ
836 4391 893 4453 ὃς
916 4390 1063 4442 ἐστιν
1093 4387 1127 4457 ἠ
1160 4383 1407 4454 ἀλήθεια.
1436 4379 1799 4433 Φυλάττονται
1841 4374 1899 4428 δὲ
1932 4373 2037 4465 καὶ

455 4464 698 4558 εἰρήνην.
742 4481 866 4546 Πῶς
904 4480 936 4551 ἢ
977 4480 1100 4533 τίνα
1144 4476 1382 4547 τρόπον;
1432 4469 1740 4541 Είσδεχθεὶς
1761 4466 1871 4538 γὰρ
1900 4464 2038 4528 ὅλως

455 4579 602 4649 παρά
642 4572 899 4647 Χριστοῦ,
944 4572 1037 4624 καὶ
1085 4568 1182 4640 τὴν
1211 4565 1445 4637 ἀρχαίαν
1480 4562 1692 4631 ἐκείνην
1735 4558 2037 4612 καταλῦσαι

458 4672 657 4743 ἔχθραν
680 4687 693 4700 ο
731 4667 1029 4735 διειστήκει
1063 4662 1171 4732 γὰρ
1198 4657 1363 4714 αὐτοῦ
1392 4653 1740 4724 πλανώμενος
1762 4668 1775 4682 ·
1808 4650 2038 4720 ἁκλόνη-

456 4742 547 4826 τος
584 4762 736 4815 ἔσται
766 4755 1175 4829 προσκυνητής.
1234 4751 1345 4805 Καὶ
1376 4748 1534 4801 τοῦτο
1563 4744 1804 4817 πληροῦν
1835 4744 1980 4813 ἡμᾶς
2009 4742 2037 4793 ὁ

462 4855 728 4927 μακάριος
765 4849 974 4911 Παῦλος
994 4843 1275 4901 ἀναπείθει
1305 4842 1558 4912 γράφων·
1594 4858 1612 4888 ι
1647 4834 2038 4896 Δικαιωθὲντες

458 4922 552 5001 οὖν
574 4922 639 4998 ὲκ
664 4945 897 5004 πίστεως
924 4940 1147 5009 εἰρήνην
1174 4935 1367 5006 ἔχομεν
1393 4932 1528 5004 πρὸς
1556 4930 1646 4983 τὸν
1668 4928 1800 4981 Θεὸν
1830 4926 1917 4979 διὰ
1944 4922 2040 4977 τοῦ

459 5037 666 5109 Κυρίου
700 5033 856 5105 ἡμῶν
895 5028 1069 5101 Ἰησοῦ
1096 5028 1356 5097 Χριστοῦ.
1389 5044 1408 5075 ι
1464 5017 1814 5109 Ἐμαχὸμεθα
1838 5013 2043 5109 γὰρτῷ

460 5105 580 5201 Θεῷ
614 5130 680 5199 τῇ
706 5125 880 5179 κτίσει
903 5120 1255 5193 λατρεύοντες
1276 5116 1370 5169 καὶ
1395 5114 1508 5177 τοῖς
1528 5112 1628 5182 τῆς
1657 5108 1855 5180 σαρκὸς
1878 5105 2045 5160 πάθε-

432 5212 545 5276 )σιν
587 5220 914 5290 ὲ-ιεχόμενοι.
947 5213 1092 5265 Φίλοι
1118 5210 1175 5264 δὲ
1203 5209 1298 5262 καὶ
1338 5204 1602 5278 είρηνικοὶ
1636 5201 2046 5272 χρηματίζομεν

462 5313 610 5383 αύτῷ
629 5313 728 5390 ’καὶ
762 5311 906 5381 μόνῳ
928 5306 1201 5374 λέγοντες
1232 5300 1427 5370 Κύριε,
1460 5296 1617 5359 ἐκτός
1642 5311 1733 5347 σου
1756 5292 1912 5346 ἀλλον
1945 5292 2047 5343 οὐκ

464 5384 704 5474 οἴδαμεν.
752 5400 825 5453 Τὸ
854 5398 1027 5466 ὄνομά
1079 5411 1174 5448 σου
1221 5390 1584 5460 ὀνομάζομεν,
1650 5386 1746 5438 καὶ
1801 5384 1937 5455 πρός
1981 5398 2045 5449 γε

464 5496 638 5566 τούτῳ
670 5494 770 5563 τῆς
797 5490 1073 5561 ἐξαιρέτου
1104 5485 1247 5557 ζωῆς
1266 5483 1359 5537 καὶ
1383 5479 1742 5549 εὐαγγελικῆς
1776 5476 2047 5538 πολιτείας

466 5583 554 5641 οἷά
583 5603 705 5639 τινα
745 5584 1006 5652 στέφανον
1042 5576 1470 5647 ἀναδησάμενοι,
1497 5573 1565 5625 τὰ
1590 5571 1889 5641 αὐχήματα
1917 5568 2047 5637 περὶ

465 5678 574 5731 τῶν
596 5676 853 5729 τοιούτων
877 5673 1103 5734 εἰκότως
1128 5668 1193 5723 ἂν
1221 5666 1432 5733 λέγοιτο
1476 5664 1566 5718 διὰ
1609 5665 1721 5741 τῆς·
1742 5661 1853 5714 τῶν
1875 5659 2045 5728 ἁγίων

536 5862 582 5892 ⁸³
607 5859 797 5915 Hatth.
826 5872 933 5925 xw,
964 5854 1047 5909 l8.
1126 5853 1170 5886 ⁸⁸
1194 5851 1326 5908 Cen.
1354 5865 1502 5913 sua,
1527 5849 1579 5904 8.
1657 5847 1699 5878 ⁸⁸
1726 5846 1883 5900 ltum.
1910 5855 1962 5908 ν,
1994 5840 2042 5895 1.

2124 3367 2327 3419 aditum
2358 3379 2454 3432 per
2486 3362 2644 3418 ﬁdem
2683 3362 2768 3416 his
2800 3361 2891 3430 qui
2924 3360 3136 3424 volunt,
3168 3368 3220 3413 et
3254 3374 3348 3428 per
3388 3358 3717 3427 inculpatam

2126 3458 2505 3530 mysteriorum
2547 3454 2977 3517 institutionem,
3023 3454 3373 3520 ingressum,
3433 3458 3488 3505 et
3543 3450 3724 3520 ingre-

2127 3551 2308 3604 diatur
2368 3546 2599 3618 populus
2633 3544 2946 3600 custodiens
2984 3542 3247 3613 justitiam
3308 3551 3362 3597 et
3414 3542 3724 3597 custodiens

2128 3642 2428 3695 veritatem.
2458 3638 2592 3694 Nam
2635 3637 2834 3700 divina,
2875 3645 2932 3691 et
2985 3634 3318 3705 evangelica,
3366 3643 3421 3688 et
3465 3633 3703 3688 salvitlca

2131 3732 2442 3805 praedicatio
2494 3732 2650 3786 docet
2690 3729 2973 3783 credentes
3026 3726 3294 3797 justitiam
3350 3742 3510 3795 supra
3544 3727 3715 3797 legem

2130 3839 2191 3883 ut
2222 3834 2540 3883 constanter
2575 3824 2863 3880 veritatem
2907 3822 3198 3878 retineant.
3238 3819 3346 3876 Nec
3399 3821 3543 3875 enim
3598 3822 3713 3891 jam

2134 3922 2370 3993 typicum
2402 3926 2498 3972 aut
2531 3916 2895 3980 umbratilem,
2936 3916 3079 3969 sicut
3112 3924 3263 3969 certe
3312 3915 3533 3983 antiqua
3612 3913 3720 3979 lex,

2132 4015 2225 4070 sed
2256 4008 2591 4080 spiritualem
2622 4016 2676 4062 et
2719 4021 2905 4063 verum
2937 4006 3141 4062 cultum
3202 4005 3406 4060 inducit
3443 4023 3456 4059 :
3485 4016 3541 4060 et
3590 4005 3708 4060 hanc

2133 4114 2218 4160 est
2249 4103 2466 4156 veritas.
2492 4097 2929 4171 Apprehendens
2960 4098 3272 4152 veritatem.
3325 4095 3597 4152 Nimirum
3621 4112 3723 4167 ap-

2133 4194 2290 4266 petit,
2320 4201 2378 4246 ut
2415 4192 2550 4257 dixi,
2589 4206 2694 4244 non
2721 4205 2781 4244 ea
2812 4203 2931 4260 qum
2957 4188 3009 4242 in
3046 4187 3257 4242 umbris
3286 4188 3390 4241 sita
3428 4198 3572 4252 sunt,
3627 4188 3724 4243 sed

2135 4300 2257 4355 qua:
2312 4292 2437 4338 sunt
2496 4292 2592 4352 per
2623 4279 2924 4344 Christum,
2981 4278 3071 4347 qui
3125 4288 3210 4333 est
3261 4278 3483 4333 veritas.
3542 4277 3731 4333 Custo-

2139 4377 2292 4433 diens
2348 4390 2557 4445 pacem.
2635 4372 2738 4439 Qui
2794 4380 2889 4425 aut
2963 4370 3275 4441 quomodo?
3321 4370 3456 4426 Nnn
3508 4372 3731 4427 omnino

2141 4477 2483 4537 susceptusa
2533 4463 2775 4529 Christo,
2807 4471 2862 4517 et
2916 4470 3103 4517 vetere
3164 4462 3253 4516 illa
3310 4461 3594 4517 inimicitia
3650 4465 3733 4517 di-

2069 4595 2113 4649 Β
2143 4571 2347 4630 rempta
2390 4562 2621 4629 (errans
2664 4557 2805 4611 enim
2848 4556 2916 4609 ab
2965 4555 3057 4610 illo
3088 4553 3436 4624 dissidebat).
3475 4555 3731 4611 immotus

2141 4654 2245 4708 erit
2272 4656 2570 4721 tlrmusque
2628 4651 2822 4705 cultor.
2858 4649 2971 4704 Hoc
3038 4650 3264 4717 implere
3342 4648 3489 4701 illum
3538 4649 3730 4704 beatus

2142 4742 2340 4798 Paulus
2392 4741 2547 4794 nobis
2598 4741 2757 4792 fidem
2825 4737 2974 4801 facit.
3024 4737 3268 4792 scribens
3314 4755 3327 4792 :
3367 4757 3385 4789 ι
3439 4730 3729 4793 Justiﬂcati

2145 4835 2307 4904 igitur
2340 4848 2408 4887 ex
2444 4833 2566 4897 fide,
2616 4847 2804 4901 pacem
2877 4830 3141 4885 habemus
3186 4830 3325 4900 apud
3388 4831 3552 4883 Deum
3584 4868 3603 4894 ,
3637 4844 3733 4898 per

2146 4926 2431 4980 Dominum
2459 4932 2705 4978 nostrum
2735 4921 2919 4976 Jesum
2951 4920 3232 4977 Christum
3262 4923 3338 4976 ⁸⁸.
3376 4939 3403 4974 ι
3436 4922 3730 4992 Repugna-

2150 5019 2344 5073 bamus
2370 5018 2513 5072 enim
2544 5017 2673 5082 Deo,
2722 5014 2889 5086 359
2918 5015 3043 5069 dum
3071 5024 3337 5070 creaturae
3378 5015 3732 5081 serviremus,

2153 5108 2441 5174 carnisque
2491 5105 2992 5176 perturbationibus
3035 5114 3365 5160 tenerentur.
3398 5104 3573 5160 Amici
3607 5121 3736 5161 vero

2153 5212 2205 5257 et
2226 5201 2399 5271 pacati
2428 5215 2705 5265 vocamur,
2729 5200 2775 5254 ei
2799 5199 2897 5254 soli
2927 5200 3203 5255 dicentes:
3228 5200 3471 5263 Domine,
3499 5211 3652 5253 extra
3683 5212 3737 5255 te

2154 5294 2320 5348 alium
2376 5309 2482 5347 non
2548 5293 2775 5355 scimus,
2856 5307 3051 5370 nomen
3128 5302 3287 5345 mum:
3369 5293 3733 5347 nominamus.

2154 5384 2418 5439 Praeterea
2446 5384 2573 5438 vitae
2616 5384 2941 5453 praestantis,
2986 5392 3042 5437 et
3078 5383 3410 5453 evangelicae
3443 5398 3735 5439 conversa-

2156 5476 2318 5530 tionis
2360 5486 2702 5539 ornameuto,
2742 5475 2887 5530 velut
2921 5490 3118 5530 corona
3178 5476 3433 5545 quadam,
3502 5476 3737 5530 redimiti

2154 5576 2299 5622 sunt.
2347 5567 2421 5621 De
2450 5568 2643 5638 quibus
2671 5569 2864 5623 merito
2896 5568 3003 5623 dici
3041 5568 3212 5637 possit
3268 5568 3397 5622 illud
3450 5568 3737 5639 jactatum,

2158 5663 2254 5715 hac
2285 5664 2757 5730 t'oceLsanctorum
2798 5660 2863 5716 ad
2896 5659 3104 5718 Deum‘:
3139 5661 3192 5717 lu
3224 5669 3295 5730 te,
3328 5660 3572 5727 Domine.
3609 5676 3738 5731 spe-
