4162 6406
390 321 478 380 $71

1409 317 1467 372 S.
1509 313 1786 372 CYRILIJ
1824 310 2297 370 ALEXANDRINI
2331 306 2648 365 APCHIEP.

3541 298 3644 353 57:!

390 447 825 510 ravimususque
878 440 932 495 in
993 438 1271 494 saeculum.
1329 435 1448 493 Non
1508 440 1653 493 enim
1721 441 2006 509 unquam]

2105 437 2243 507 ωνῆς
2280 432 2417 505 πρὸς
2462 429 2616 495 Θεὸν,
2675 428 2757 480 ὅτι
2790 424 2916 478 Ἐπὶ
2962 422 3045 475 σο¹ι
3082 420 3412 490 ἠλπίσαμεν,
3450 418 3645 489 Κύριε,

392 550 608 607 sperare
643 534 697 588 in
726 533 892 587 Deum
920 532 1205 596 desistent,
1240 529 1335 585 sed
1369 530 1550 601 potius
1580 533 1647 587 de
1678 546 1743 586 eo
1761 531 1967 601 jngiter

2105 546 2172 590 ως
2220 526 2311 580 τοῦ
2351 525 2565 586 αἰῶνος.
2608 519 2684 574 Οὐ
2720 517 2828 589 γὰρ
2862 513 3227 586 καταλήξουσι
3259 512 3357 581 τῆς
3388 513 3468 575 είς
3518 511 3649 565 Θεὸν

392 627 781 700 gloriabuntur.

467 804 608 859 Vens
651 804 704 867 5,
748 802 801 856 6.
834 800 974 853 Deus
1023 814 1229 868 magne,
1281 806 1491 863 a'terne,
1534 798 1625 867 qui
1686 798 1969 851 humilians

394 896 667 953 detraxisti
695 895 988 947 habitantes
1028 894 1082 946 iu
1105 891 1320 945 excelsis
1346 908 1364 954 ;
1394 891 1545 944 urbes
1576 893 1806 945 munitas
1874 892 1970 945 de-

400 1000 590 1054 strues,
627 996 673 1041 et
712 995 908 1039 sterne:
940 985 1010 1037 ad
1050 994 1243 1055 terram
1284 999 1460 1051 usque.
1495 983 1563 1036 Et
1594 984 1973 1053 proculcabunt

397 1099 484 1137 eos
507 1082 659 1147 pedes
680 1088 1096 1141 mansuetorum,
1132 1084 1181 1129 et
1210 1077 1488 1129 humilium
1515 1077 1753 1146 vestigia.

473 1265 547 1320 De
586 1264 746 1318 rebus
777 1262 931 1314 valde
970 1261 1383 1314 admirabilibus
1427 1257 1603 1311 solent
1638 1257 1811 1311 sancti
1852 1272 1979 1327 pro-

401 1357 576 1428 pheta:
600 1355 799 1427 gratias
829 1354 933 1407 Deo
957 1354 1196 1406 omnium
1256 1350 1579 1407 dominatori
1644 1349 1867 1411 referre,
1926 1360 1982 1403 et

406 1460 661 1519 tanquam
691 1447 912 1503 exsilire
956 1446 1174 1515 gaudio.
1207 1444 1374 1513 Cujus
1407 1442 1756 1512 ingenuitatis
1832 1456 1984 1496 sum-

406 1558 508 1597 ma:
546 1550 924 1611 argumentum
983 1538 1204 1592 evidens
1254 1537 1354 1589 hoc
1399 1550 1523 1589 esse
1573 1532 1793 1603 poterit.
1883 1531 1981 1586 Et-

408 1632 552 1687 enim
588 1631 858 1701 impendio
888 1631 1139 1700 gaudent,
1170 1628 1413 1682 videntes
1452 1624 1546 1679 Dei
1580 1624 1804 1695 gloriam
1870 1638 1987 1677 am-

408 1724 718 1796 pliﬁcatam,
744 1732 795 1778 et
817 1722 907 1792 qui
934 1723 982 1777 ei
1016 1722 1276 1784 invident,
1313 1720 1576 1789 impuros,
1604 1717 1847 1786 inquam,
1874 1716 1986 1769 da:-

2070 620 2303 683 ἐλπίδος,
2367 613 2631 687 διηνεκῶς
2694 611 2752 665 δὲ
2815 609 3013 681 μᾶλλον
3074 608 3160 659 ἐπ’
3230 604 3380 674 αὐτῷ
3443 604 3650 673 καυχή-

2074 730 2276 767 σονται.

2155 806 2209 858 '0
2262 802 2407 868 Θεὸς
2437 803 2469 855 ὁ
2511 798 2721 869 μέγας,
2777 797 2810 848 ό
2843 792 3102 857 αἰώνιος,
3153 789 3221 854 ὅς
3276 785 3652 850 ταπεινώσας

2075 896 2404 965 κατήγαγες
2429 892 2572 955 τοὺς
2602 887 2987 951 ἐνοικοῦντας
3019 884 3089 937 ὲν
3115 880 3406 951 ὑψηλοῖς·
3446 879 3653 943 πόλεις

2077 987 2299 1057 ὀχυρὰς
2319 978 2693 1045 καταϐαλεῖς,
2728 976 2825 1031 καὶ
2862 974 3137 1039 κατάξεις
3169 973 3354 1035 αὑτὰς
3378 969 3487 1035 ἕως
3523 968 3656 1022 ἐδά-

2077 1098 2250 1152 φους.
2284 1074 2392 1133 Καὶ
2418 1074 2803 1140 πατήσουσιν
2839 1068 3025 1134 αὐτὰς
3062 1068 3242 1133 πόδες
3272 1069 3526 1133 πραέων,
3557 1060 3656 1116 καὶ

2078 1169 2377 1228 ταπεινῶν
2414 1168 2579 1237 ἴχνη.

2162 1261 2285 1315 Ἐπὶ
2321 1260 2611 1330 πράγμασι
2636 1256 2747 1317 τοῖς
2775 1254 2913 1321 ἄγαν
2945 1247 3434 1320 τεθαυμασμένοις.
3462 1247 3657 1300 ἀνακο-

2086 1356 2261 1427 μίζειν
2287 1352 2407 1415 ἔθος
2432 1352 2543 1413 τοῖς
2577 1348 2752 1416 ἁγίοις
2791 1347 3101 1416 προφήταις
3130 1344 3197 1397 τά
3218 1341 3550 1415 χαριστήρια
3580 1337 3660 1408 τῷ

2084 1449 2302 1502 πάντων
2335 1443 2626 1519 κρατοῦντι
2644 1438 2784 1509 Θεῷ,
2818 1439 2911 1492 καὶ
2936 1434 3049 1492 οἷον
3071 1437 3405 1507 ἀνασκιρτᾷν
3425 1434 3488 1486 ὲκ
3512 1448 3661 1500 περι-

2084 1541 2329 1612 χαρείας.
2362 1538 2720 1608 Γνησιότητος
2734 1532 2790 1587 δὲ
2810 1535 2910 1603 τῆς
2936 1534 3015 1595 εἰς
3037 1532 3204 1602 ἄκρον
3227 1526 3485 1591 ἐπίδειξις
3507 1526 3663 1593 ἐναρ-

2086 1632 2187 1701 γὴς
2217 1630 2412 1699 γένοιτ’
2438 1628 2502 1682 ἂν
2531 1628 2591 1681 τὸ
2621 1627 2814 1699 χρῆμα
2841 1625 3045 1685 αὐτοῖς.
3084 1619 3352 1691 Χαίρουσι
3389 1614 3500 1685 γὰρ
3547 1614 3663 1666 λίαν

2088 1721 2558 1793 κατευρυνομένην
2608 1720 2842 1791 ὁρῶντες
2896 1717 2995 1788 τὴν
3045 1712 3139 1768 τοῦ
3181 1710 3316 1766 Θεοῦ
3368 1708 3523 1774 δόξαν
3556 1706 3662 1767 καὶ

411 1832 601 1873 monas
630 1831 661 1871 e
687 1816 863 1871 medio
895 1815 1155 1878 sublatos,
1189 1812 1255 1866 ad
1289 1788 1403 1867 haec
1459 1811 1716 1866 Satanam
1747 1823 1985 1879 quoque,

2105 1816 2213 1878 ιοὺς
2262 1788 2439 1886 ταύτῃ
2487 1788 2878 1882 βασκαίνοντας
2930 1811 2994 1860 ὲκ
3040 1806 3206 1876 μέσου
3239 1801 3662 1872 γεγενημένους·

410 1926 549 1981 quos
602 1910 822 1965 munitis
896 1909 1120 1963 urbibus
1171 1914 1482 1976 comparat,
1553 1912 1609 1959 et
1668 1902 1722 1956 in
1763 1900 1991 1956 excelsis

415 2006 662 2060 habitare
685 2004 982 2058 contendit.
1018 2001 1137 2055 Alta
1166 1998 1311 2054 enim
1343 1997 1580 2067 sapiunt,
1654 2002 1711 2050 et
1757 2001 1990 2057 tument,

416 2096 489 2150 ita
524 2105 581 2150 nt
634 2105 820 2151 contra
881 2108 1099 2148 manum
1149 2091 1243 2147 Dei
1281 2106 1341 2146 se
1390 2088 1639 2153 efferant,
1699 2096 1994 2159 putentqne

418 2186 727 2241 immaniter
766 2182 1085 2247 resistendo,
1122 2196 1180 2237 se
1248 2180 1381 2234 nihil
1455 2194 1715 2251 passuros
1789 2177 1991 2243 damni,

415 2278 510 2333 sed
561 2292 782 2349 regnum
824 2276 1021 2345 ubique
1061 2275 1114 2329 iu
1170 2282 1328 2329 terra:
1382 2273 1586 2329 incolas
1643 2272 1991 2327 obtenturus.

416 2370 615 2425 Verum
658 2377 733 2433 tu,
758 2368 948 2438 inquit,
989 2377 1044 2423 et
1068 2366 1215 2423 solus
1243 2367 1382 2422 Deus
1408 2382 1639 2437 magnus
1670 2381 1730 2421 es
1764 2376 1818 2420 et
1842 2373 2000 2419 reter-

418 2476 540 2527 nus,
592 2461 754 2531 idque
784 2460 920 2514 adeo
946 2476 1011 2515 ex
1043 2460 1202 2514 rebus
1234 2459 1367 2527 ipsis
1422 2457 1841 2521 demonstrasti;
1896 2456 2000 2510 hu-

422 2552 680 2607 miliando
717 2551 885 2615 enim,
918 2566 1011 2605 eos
1056 2551 1146 2620 qni
1183 2552 1233 2604 in
1258 2550 1489 2605 excelsis
1515 2557 1672 2604 erant
1701 2548 1997 2612 deduxisti,

420 2645 474 2701 id
514 2655 619 2710 est,
661 2645 1013 2716 superborum
1046 2643 1210 2699 robur
1249 2641 1647 2709 conquassasti,
1674 2640 1844 2696 elatos
1876 2639 2002 2694 licet

422 2746 479 2792 et
514 2746 832 2808 arrogantes
860 2737 925 2791 ad
950 2745 1149 2791 terram
1182 2736 1521 2805 depressisti,
1578 2742 1634 2790 et
1661 2733 1815 2804 quasi
1839 2734 2002 2787 urbes

426 2829 659 2883 munitas
709 2829 952 2881 excidisti
991 2826 1255 2881 funditus.
1307 2825 1419 2881 Hoc
1475 2826 1618 2881 enim
1677 2834 1781 2891 εει,
1833 2836 2003 2892 usque

424 2922 491 2977 ad
522 2931 745 2977 terram.
816 2919 1129 2989 Dedistique
1176 2934 1270 2973 eos
1332 2916 1719 2980 conculcando,
1778 2916 2003 2985 pedibus

428 3021 832 3068 mansuetorum
876 3021 930 3066 et
959 3012 1270 3066 humilium.
1307 3010 1406 3077 Qui
1438 3020 1617 3065 autem
1686 3017 1815 3063 sunt
1864 3005 2002 3060 isti?

428 3122 607 3163 annon
640 3106 982 3161 oraculorum
1025 3103 1329 3160 Servatoris
1368 3100 1656 3167 custodes,
1690 3100 1779 3170 qni
1819 3099 2005 3153 Domi-

2091 1908 2234 1979 φημὶ
2250 1905 2316 1976 δὴ
2341 1906 2468 1968 τοὺς
2495 1904 2839 1974 ἀκαθάρτους
2862 1899 3144 1970 δαίμονας,
3178 1897 3272 1951 καὶ
3300 1895 3437 1966 πρός
3467 1910 3529 1961 γε
3549 1890 3663 1944 τού-

2091 2018 2205 2064 τοις
2230 1999 2321 2053 τδν
2356 2000 2600 2052 Σατανᾶν
2620 2014 2633 2028 ·
2662 1995 2755 2060 οὒς
2787 1995 2882 2048 καὶ
2908 1992 3129 2046 πόλεσιν
3153 1989 3376 2060 ὀχυραῖς
3408 1984 3666 2057 παρεικά-

2094 2093 2198 2158 ζει,
2240 2093 2335 2145 καὶ
2374 2093 2649 2145 κατοικεῖν
2685 2091 2743 2143 ὲν
2794 2086 3016 2158 ὑψηλοῖς
3056 2079 3497 2138 διεϐεϐαιώσατο.
3537 2078 3673 2149 Φρό-

2093 2203 2158 2255 νη
2169 2202 2244 2255 μα
2266 2184 2375 2255 γὰρ
2404 2185 2462 2235 ὲν
2500 2182 2684 2244 αὑτοῖς
2715 2179 2921 2251 ὑψηλόν
2950 2193 3068 2239 πως
3108 2175 3195 2229 ἀεὶ
3221 2174 3316 2227 καὶ
3347 2171 3672 2242 ὑπέρογκον,

2094 2279 2237 2333 ὥστε
2272 2277 2366 2331 καὶ
2396 2275 2566 2346 αὑτῆς
2590 2275 2689 2345 τῆς
2722 2272 2816 2326 τοῦ
2839 2270 2974 2324 Θεοῦ
2996 2264 3425 2337 κατεπαίρεσθαι
3469 2265 3671 2334 χειρὸς,

2095 2367 2301 2424 οἴεσθαί
2332 2385 2393 2421 τε
2428 2364 2942 2438 προσκεκρουκότας
2978 2360 3204 2430 ἀγρίως,
3252 2356 3674 2426 ἀδικηθήσεσθαι

2103 2464 2202 2535 μὲν
2233 2462 2409 2527 οὐδὲν,
2443 2459 2746 2531 βασιλεύειν
2767 2458 2823 2512 δὲ
2839 2456 2929 2511 διὰ
2951 2454 3150 2519 παντὸς
3171 2454 3278 2507 τῶν
3306 2452 3400 2504 ἐπὶ
3427 2452 3525 2521 τῆς
3550 2451 3673 2519 γῆς.

2112 2553 2271 2608 Ἀλλὰ
2295 2555 2382 2618 σὺ,
2409 2552 2564 2624 φησὶ,
2595 2551 2687 2604 καὶ
2713 2550 2873 2620 μόνος
2903 2549 3034 2612 Θεὸς
3066 2550 3094 2601 ὁ
3118 2548 3288 2618 μέγας
3310 2544 3523 2606 αἰώνιος
3540 2560 3556 2574 ·
3584 2544 3679 2596 καὶ

2100 2647 2160 2712 ἐξ
2191 2646 2368 2700 αὑτῶν
2392 2643 2548 2697 τοῦτο
2565 2644 2804 2713 δέδειχας
2820 2641 2926 2695 τῶν
2950 2639 3317 2712 πραγμάτων
3340 2635 3679 2696 ταπεινώσας

2102 2740 2211 2812 γὰρ
2240 2738 2554 2808 κατήγαγες
2591 2735 2721 2797 τοὺς
2771 2732 3112 2793 ἐνοικοῦντας
3147 2732 3203 2783 ὲν
3243 2729 3484 2799 ὑψηλοῖς.
3526 2724 3681 2779 Τοῦτ’

2102 2833 2238 2897 ἐστι,
2263 2830 2588 2890 κατέσεισας
2611 2829 2709 2898 τὴν
2725 2826 2834 2879 τῶν
2862 2824 3224 2896 ὑπερηφάνων
3249 2823 3420 2891 ἰσχὺν,
3448 2817 3681 2889 ὑψηλοὺς

2104 2922 2283 2984 ὄντας,
2316 2918 2410 2973 καὶ
2457 2916 2723 2982 ἀλαζόνας
2767 2914 3136 2984 κατεκόμισας
3180 2910 3259 2973 εἰς
3296 2908 3419 2978 γῆν,
3464 2904 3557 2958 καὶ
3607 2902 3683 2962 ὡς
3738 2972 3750 2979 _

2104 3013 2289 3076 πόλεις
2318 3014 2478 3074 ὄντας
2502 3010 2703 3081 ὀχυρὰς
2741 3009 2802 3060 ὲκ
2839 3005 3054 3078 βάθρων
3086 3001 3351 3063 καθεῖλες.
3375 2996 3544 3050 Τοῦτο
3576 2993 3685 3062 7&9

2105 3107 2167 3160 τὸ
2191 3107 2295 3169 ἕως
2324 3104 2580 3173 ἐδάφους.
2622 3099 2873 3163 Δέδωκάς
2895 3115 2955 3150 τε
2984 3095 3182 3157 αὑτοὺς
3209 3095 3290 3155 είς
3317 3089 3688 3157 καταπάτημα

431 3214 559 3255 nnm
574 3214 729 3254 suum
749 3197 952 3253 imitari
970 3197 1209 3262 student,
1224 3195 1610 3251 acclamantem
1630 3202 1686 3248 et
1705 3193 2004 3247 dicentem:

2109 3199 2221 3260 τοῖς
2252 3194 2381 3248 ποσὶ
2412 3193 2518 3246 τῶν
2540 3191 2779 3262 πραέων,
2809 3189 2902 3242 καὶ
2932 3184 3219 3240 ταπεινῶν.
3257 3182 3413 3244 Τίνες
3454 3179 3512 3231 δὲ
3545 3173 3686 3232 οὗτοι

388 3324 391 3327 ‹
436 3311 455 3345 ι
480 3292 669 3348 Venite
691 3292 757 3348 ad
781 3307 885 3358 me,
909 3307 1100 3348 omnes
1119 3290 1208 3360 qui
1248 3289 1507 3343 laboratis
1529 3296 1582 3343 et
1612 3288 1823 3341 onerati
1850 3283 2005 3347 e5tis,

434 3394 491 3439 et
529 3400 629 3455 ego
669 3384 979 3441 refocillabo
1017 3399 1135 3440 vos.
1177 3383 1370 3438 Tollite
1408 3381 1594 3451 jugum
1637 3394 1814 3433 meum
1848 3390 2011 3442 super

433 3494 553 3543 vos,
584 3486 639 3532 et.
678 3477 871 3532 discite
899 3493 928 3530 a
966 3493 1070 3541 me,
1096 3476 1222 3546 quia
1295 3474 1442 3530 mitis
1483 3488 1602 3526 sum
1675 3478 1729 3524 et
1790 3466 2010 3522 humilis

435 3572 619 3635 corde,
650 3579 704 3627 et
742 3570 1033 3626 invenietis
1091 3569 1333 3639 requiem
1359 3566 1643 3621 animabus
1674 3563 1867 3618 vestris
1884 3563 1950 3615 ³⁷.
1986 3580 2006 3613 ι

438 3663 647 3720 Rursus
674 3678 947 3718 memores
1009 3678 1198 3717 sumus
1255 3662 1376 3730 ejus
1439 3658 1529 3727 qui
1589 3656 1760 3712 dixit:
1816 3673 1836 3707 ι
1874 3654 2013 3709 Ecce

438 3757 558 3811 dedi
590 3756 744 3811 vobis
774 3763 1094 3825 potestatem
1149 3753 1315 3824 360
1359 3750 1606 3805 calcandi
1671 3763 1833 3818 super
1899 3762 2015 3801 ser-

441 3856 630 3917 pentes
657 3857 711 3901 et
747 3847 1077 3915 scorpiones,
1117 3855 1172 3899 et
1202 3859 1365 3913 super
1410 3857 1627 3898 omnem
1668 3839 1873 3895 inimici
1918 3854 2015 3909 po-

445 3940 667 3993 tentiam
691 3940 757 3993 ”.
791 3957 809 3991 ι
867 3938 1119 3994 Calcatns
1147 3945 1231 3991 est
1282 3935 1426 3989 enim
1459 3935 1624 3987 draco
1653 3940 1915 4001 apostata,
1962 3939 2017 3984 et

444 4046 605 4099 super
628 4032 863 4100 aspidem
888 4039 942 4085 et
970 4028 1279 4083 basiliscum
1312 4025 1631 4088 incedimus,
1679 4023 1770 4093 qui
1804 4024 1857 4077 in
1913 4037 2019 4075 au-

445 4125 574 4179 xilio
593 4124 856 4177 Altissimi
887 4123 1130 4177 habitare
1161 4120 1427 4183 volumus,
1459 4133 1687 4187 esseque
1754 4117 1853 4171 sub
1900 4130 2019 4168 um-

447 4215 669 4271 braculo
695 4215 790 4270 Dei
824 4214 1083 4279 cmlestis,
1109 4212 1310 4268 Christi
1338 4210 1622 4275 videlicet;
1662 4223 1782 4263 nam
1803 4209 1857 4261 in
1882 4206 2021 4261 coelo

450 4311 730 4365 aduratur.
774 4326 793 4359 ι
824 4305 1051 4374 Quando
1103 4306 1270 4368 enim,
1348 4302 1543 4373 inquit,
1604 4300 2019 4370 primogenitum

446 4399 653 4456 inducit
683 4398 735 4453 in
762 4398 945 4453 orbem
992 4408 1282 4460 terrarum,
1332 4393 1439 4448 ait:
1489 4392 1557 4447 Et
1604 4392 1834 4446 adorent
1888 4403 2014 4445 eum

448 4502 635 4542 omnes
657 4485 830 4554 angeli
861 4485 953 4540 Dei
984 4485 1052 4538 '°.
1085 4502 1104 4538 ι

2111 3286 2295 3352 πάλιν;
2328 3285 2361 3355 ἦ
2391 3287 2439 3338 οί
2467 3283 2574 3336 τῶν
2607 3280 2701 3335 τοῦ
2749 3279 3001 3349 Σωτῆρος
3048 3275 3430 3346 θεσπισμάτων
3476 3273 3687 3341 γνήσιοι

2112 3378 2387 3448 φύλακες;
2446 3377 2495 3428 οἱ
2554 3374 2643 3427 τὸν
2695 3373 2901 3427 ἑαυτῶν
2953 3369 3220 3438 δεσπότην
3292 3362 3687 3448 ἀπομιμεῖσθαι

2114 3445 2500 3530 σπουδάζοντες
2532 3461 2888 3529 ὲπιφωνῶντα
2913 3458 3008 3512 καὶ
3033 3456 3258 3524 λέγοντα
3279 3469 3293 3483 ’
3320 3472 3337 3503 ι
3370 3449 3534 3503 Δεῦτε
3555 3445 3691 3519 πρὸς

2118 3557 2439 3629 μὲ,πάντες
2488 3557 2538 3608 οἱ
2586 3554 2883 3614 κοπιῶντες
2906 3549 3001 3603 καὶ
3045 3543 3486 3617 πεφορτισμένοι,
3539 3537 3694 3607 κάγὼ

2114 3650 2410 3705 ἀναπαύσω
2426 3648 2589 3719 ὑμᾶς.
2623 3647 2827 3716 ’Ἄρατε
2853 3643 2946 3696 τὸν
2967 3639 3130 3709 ζυγόν
3162 3656 3263 3708 μου
3293 3636 3377 3706 ἐφ’
3406 3634 3569 3704 ὑμᾶς,
3600 3630 3694 3684 καὶ

2119 3744 2316 3815 μάθετε
2349 3744 2443 3797 ἀπ’
2477 3738 2609 3811 ἐμοῦ
2654 3739 2735 3791 ὅτι
2789 3733 2966 3806 πρᾶός
3011 3733 3149 3802 εἰμι,
3202 3728 3297 3783 καὶ
3332 3724 3585 3787 ταπεινὸς
3626 3723 3694 3793 τῇ

2118 3837 2336 3908 καρδίᾳ,
2358 3834 2453 3888 καὶ
2481 3831 2740 3902 εὑρήσετε
2760 3828 3065 3881 ἀνάπαυσιν
3094 3824 3213 3885 ταῖς
3239 3820 3437 3890 ψυχαῖς
3467 3816 3638 3886 ὑμῶν.
3672 3832 3691 3864 ι

2118 3907 2462 3999 Μεμνήμεθα
2488 3923 2545 3976 δὲ
2578 3922 2741 3975 πάλιν
2772 3918 3016 3979 εἰπόντος
3047 3912 3211 3968 αὑτοῦ
3235 3928 3249 3947 ·
3290 3930 3307 3961 ι
3332 3910 3460 3963 Ἰδοὺ
3494 3907 3698 3999 δέδωκα

2120 4023 2248 4092 ὑμῖν
2301 4019 2492 4072 πατεῖν
2537 4013 2722 4067 ἐπάνω
2772 4010 2947 4079 ὄφεων
3003 4005 3097 4060 καὶ
3129 4000 3423 4072 σκορπίων,
3474 3994 3699 4092 καὶ-ἐπί

2122 4079 2300 4163 πᾶσαν
2337 4107 2434 4177 τὴν
2462 4103 2692 4172 δύναμιν
2720 4098 2813 4152 τοῦ
2859 4093 3076 4166 ἐχθροῦ.
3114 4111 3134 4144 ι
3162 4087 3500 4156 ζῐῐεπάτηται
3518 4080 3644 4177 7&9
3670 4079 3699 4131 ὁ

2120 4202 2336 4273 δράκων
2357 4173 2404 4251 ὁ⁷
2424 4193 2738 4262 ἀποστάτης
2763 4206 2775 4219 ⁸
2803 4188 2896 4242 καὶ
2922 4186 3008 4249 ἐπ’
3035 4182 3237 4237 ἀσπίδα
3269 4180 3362 4233 καὶ
3392 4173 3699 4269 βασιλίσκον

2123 4259 2421 4362 ἐπέϐημεν,
2470 4289 2518 4341 οἱ
2563 4259 2838 4339 κατοικεῖν
2882 4277 3158 4339 ἐθέλοντες
3222 4276 3279 4326 ὲν
3334 4266 3555 4340 βοηθείᾳ,
3574 4259 3698 4362 Ατοῦ

2135 4352 2409 4455 Ὑψίστου,
2442 4379 2537 4434 καὶ
2565 4377 2669 4430 ὑπὸ
2702 4373 2801 4444 τὴν
2852 4368 3062 4439 σκέπην
3095 4365 3377 4436 γεγονότες
3434 4360 3527 4411 τοῦ
3567 4352 3701 4455 Θεοῦ

2125 4444 2225 4531 τοῦ.
2245 4444 2496 4547 οὐρανοῦ,
2519 4469 2675 4541 δῆλον
2700 4466 2756 4520 δὲ
2788 4466 2870 4518 ὅτι
2891 4458 3153 4534 Χριστοῦ,
3187 4453 3572 4529 προσκυνεῖται
3595 4444 3703 4547 7&9

449 4580 508 4633 ὲν
543 4536 759 4651 οὐρανᾷ
781 4595 795 4610 ⁸
840 4598 859 4633 ι
912 4536 1095 4632 ζ’θτανή
1118 4576 1250 4649 γὰρ,
1291 4572 1765 4646 φησὶν,εἱσαγάγῃ
1790 4569 1882 4622 τὸν
1949 4569 2291 4639 πρωτότοκον
2314 4536 2399 4631 εἰς
2430 4566 2528 4634 τὴν
2572 4536 2921 4629 οἰκουμένην,
2956 4553 3125 4622 λέγει·
3172 4547 3282 4604 Καὶ
3325 4536 3705 4617 προσκυνησά-

448 4691 629 4729 τωσαν
651 4672 800 4745 αὑτῷ
826 4673 1024 4736 πάντες
1057 4671 1276 4740 ἄγγελοι
1310 4667 1467 4722 Θεοῦ.
1506 4687 1525 4719 ο

523 4769 684 4825 Vnus.
714 4768 768 4834 7,
795 4767 847 4823 8.
884 4768 981 4821 Via
1002 4767 1208 4835 piorum
1235 4777 1376 4819 recta
1441 4763 1592 4837 facta
1615 4772 1709 4824 est,
1736 4771 1782 4813 et
1816 4774 2023 4828 prwpa-
2052 4759 2103 4818 D

452 4873 567 4916 rata
597 4863 680 4917 uia
713 4862 943 4931 piorum.
1003 4857 1100 4911 Via
1130 4856 1266 4910 enim
1295 4852 1508 4908 Domini
1562 4850 1848 4919 judicium.
1891 4847 2020 4909 Spe-

454 4956 682 5008 ravimus
718 4954 773 5007 in
803 4952 1013 5007 nomine
1047 4958 1161 5015 tuo,
1185 4958 1230 5003 et
1268 4947 1324 5001 in
1367 4946 1617 4999 nienioria
1672 4958 1829 5012 quant
1877 4939 2015 4994 desi-

453 5047 658 5100 deravit
688 5047 866 5100 anima
896 5055 1095 5097 nostra.

533 5137 727 5192 Beatus
755 5138 1015 5206 pr0pbeta
1081 5132 1347 5189 Jeremias
1421 5126 1743 5197 evangelica:
1797 5138 2027 5180 conver-

2210 4750 2369 4815 Ὁδὸς
2417 4744 2685 4801 εὐσεϐῶν
2720 4738 2921 4795 εὐθεία
2946 4736 3202 4805 ἐγένετο,
3238 4728 3335 4782 καὶ
3369 4740 3704 4795 παρεσκευ-

2119 4842 2351 4913 ασμένη
2376 4842 2413 4908 ἡ
2433 4836 2571 4903 ὁδὸς
2594 4834 2710 4888 τῶν
2728 4828 3015 4885 εὐσεϐῶν.
3060 4826 3122 4880 Ἠ
3139 4823 3249 4894 γὰρ
3277 4819 3436 4913 Ῠόδὸς
3487 4817 3707 4913 Κυρίου

2128 4907 2347 5005 κρίσις..
2381 4907 2754 4995 Ἥλπίσαμεν
2794 4920 2894 4976 ἐπὶ
2924 4917 3005 4983 τῷ
3039 4912 3285 4984 ὀνόματι
3313 4927 3453 4975 σου,
3485 4909 3583 4962 καὶ
3608 4907 3707 4961 ἐπὶ

2128 5004 2203 5096 τῇ
2224 5025 2398 5096 μνείᾳ
2420 5014 2459 5093 ᾗ
2490 5017 2767 5085 ἐπεθύμει
2808 5012 2847 5081 ἡ
2890 5007 3061 5079 ψυχὴ
3094 5004 3285 5096 ἡμῶν.

2298 5088 2566 5185 μακάριος
2583 5104 2865 5178 προφήτης
2898 5097 3187 5169 Ἱερεμίας,
3215 5095 3313 5185 τῆς
3337 5088 3704 5185 εὑαγγελικῆς

534 5182 726 5192 ηψπ..-
757 5182 1015 5206 ,πνρηη
1083 5182 1343 5189 -..--_--___

459 5230 684 5284 sationis
736 5238 793 5285 et
847 5228 1071 5296 iustitia:
1147 5226 1202 5281 in
1245 5225 1463 5280 Christo
1521 5219 1799 5287 meminit,
1844 5216 2006 5271 dicen.

2132 5182 2426 5269 πολιτείας,
2455 5201 2550 5254 καὶ
2570 5200 2669 5265 τῆς
2703 5196 2760 5247 ἐν
2787 5190 3008 5264 Χριστῷ
3038 5184 3382 5253 δικαιοσύνης
3406 5182 3711 5254 διαμέμνη-

462 5320 703 5375 veritatis
750 5322 1123 5377 amatoribus:
1180 5338 1201 5372 ι
1245 5319 1398 5375 State
1427 5318 1478 5372 in
1507 5317 1632 5381 viis,
1670 5323 1726 5370 et
1791 5313 2027 5367 interro-

463 5420 584 5482 gate
606 5410 827 5465 semitas
857 5411 1063 5468 Domini
1088 5422 1339 5476 aeternas,
1388 5419 1442 5465 et
1496 5408 1673 5462 videte
1705 5421 1823 5475 qum
1859 5404 1926 5458 sit
1950 5404 2029 5455 via

466 5503 707 5562 bona,et
760 5500 993 5558 incedite
1034 5503 1088 5557 in
1117 5518 1200 5567 ea,
1232 5511 1288 5555 ct
1353 5497 1639 5555 invenietis
1708 5492 2036 5565 purificatio-

2135 5321 2245 5369 ται,
2271 5303 2446 5370 λέγων
2477 5301 2591 5362 τοῖς
2616 5292 2869 5365 ἀληθείας
2897 5288 3174 5359 ἐρασταῖς·
3206 5303 3224 5335 ι
3260 5282 3432 5351 Στῆτε
3466 5276 3561 5330 ἐπὶ
3597 5277 3714 5370 ταῖς

2138 5365 2297 5459 ὁδοῖς,
2326 5365 2423 5447 καὶ
2450 5390 2762 5461 ἐρωτήσατε
2802 5380 3023 5454 τρίϐους
3067 5376 3273 5447 Κυρίου
3315 5370 3589 5434 αἰωνίους,
3621 5365 3719 5420 καὶ

2143 5489 2280 5541 ἴδετε
2305 5484 2433 5537 ποία
2456 5459 2601 5535 ἐστὶν
2641 5480 2675 5549 ἡ
2728 5475 2843 5536 ὁδὸς
2896 5473 2930 5542 ή
2974 5469 3173 5537 ἀγαθὴ,
3220 5466 3314 5518 και
3345 5462 3600 5534 βαδίσατε
3661 5459 3720 5549 ὲν

469 5546 706 5562 .,---_,--
760 5546 993 5558 -----...-,,
1119 5546 1200 5567 νυ,
1234 5546 1288 5555 ν-
1354 5546 1637 5555 _,-w____-_-
1710 5546 1822 5565 ,,
1888 5546 1891 5547 ,

468 5606 590 5647 nem
631 5592 910 5646 animabus
966 5596 1156 5651 vestris
1180 5595 1250 5648 ⁸ο.
1282 5612 1301 5645 ι
1384 5590 1602 5647 Semita:
1649 5588 1883 5643 enimet
1939 5582 2006 5637 vi:

2143 5579 2300 5647 αὐτῇ,
2325 5574 2416 5628 καὶ
2436 5546 2695 5643 εὑρήσετέ
2721 5562 2982 5635 ἁγνισμὸν
3009 5562 3126 5622 ταῖς
3146 5558 3343 5628 ψυχαῖς
3363 5555 3392 5607 ὑ
3401 5550 3536 5625 μῶν.
3552 5569 3571 5602 ι
3590 5546 3721 5620 Τρί-

540 5769 588 5803 ⁵²
613 5768 797 5825 Matth.
823 5773 1001 5839 suits,
1027 5775 1116 5831 9.9.
1193 5776 1236 5809 ⁵⁸
1262 5775 1389 5831 Luc.
1419 5788 1472 5831 ι.
1504 5771 1583 5827 19.
1662 5769 1706 5801 ³⁹
1728 5767 1889 5823 llcbr.
1916 5764 2029 5831 1,6.

2108 5761 2149 5793 ⁸ο
2171 5756 2369 5815 Ιρῖῑεηι.
2395 5770 2467 5819 γι,
2498 5750 2580 5806 ιθ.
