4162 6406
417 364 526 421 575
1457 371 1513 427 S.
1552 368 1833 425 CYlilLLl
1874 368 2360 425 ALEXANDRINI
2396 368 2719 426 ARCHIEP.

3596 377 3701 433 576

419 490 511 544 illii
542 501 595 546 et
622 486 713 543 filii
743 489 850 543 diei
873 489 940 545 ”.
975 507 995 541 ι
1026 489 1329 544 lllustratur
1358 490 1622 562 siquidem
1650 492 1993 548 credentium

2135 507 2270 563 σμεν
2297 482 2512 559 νυκτὸς,
2534 492 2657 546 οὐδὲ
2684 508 2928 558 σκοτους,
2954 492 3090 548 ἀλλά
3116 494 3221 547 υἰοὶ
3245 496 3440 564 φωτὸς,
3473 497 3575 551 καὶ·
3598 499 3703 552 uio!

418 599 573 639 meus
601 581 1241 653 evangelicis’vaticiniis.
1268 581 1404 638 llinc
1434 585 1564 638 dicit
1588 586 1752 639 etiam
1783 585 1999 640 divinus

2132 584 2344 657 γμέρας.
2385 604 2403 638 ι
2440 584 2975 657 Καταλαμπρύνεται
3003 586 3113 659 γὰρ
3137 587 3245 641 τῶν
3280 589 3647 642 πιστευόντων
3676 591 3705 642 6

418 676 613 737 θάνω,
631 676 776 730 velut
803 676 868 729 ad
895 674 1176 729 Dominum
1208 687 1450 730 nostrum
1472 674 1653 732 Jesnm
1677 676 1952 732 Christum
1986 696 2005 748 ε

2132 675 2253 742 νοῦς,
2289 678 2403 738 τοῖς
2430 674 2803 743 εὐαγγελικοκ
2840 673 3192 746 θεσπίσμασι.
3219 677 3402 748 Ταύτῃ
3448 678 3531 731 τοί
3570 696 3703 749 φησι

424 786 443 819 ι
487 766 733 822 Lucerna
767 766 992 837 pedibus
1028 767 1161 822 meis
1196 767 1285 821 lex
1319 776 1440 833 tua,
1470 776 1526 823 et
1567 767 1747 823 lumen
1792 768 2004 824 semitis

2132 766 2205 819 ια).
2261 768 2291 820 6
2340 766 2627 827 θεσπέσιος
2674 765 2837 819 Δαϐὶδ
2883 767 2959 831 ὡς
2996 768 3134 840 πρὸς
3171 768 3266 822 τὸν
3312 770 3514 840 Κύριον
3550 769 3704 841 ἡμῶν

423 862 557 915 meis
580 859 647 915 “.
676 879 695 913 ι
731 859 972 930 Caligine
1003 861 1201 914 etenim
1232 859 1377 914 velut
1408 868 1463 916 et
1491 861 2004 917 obumbrationibus

2132 856 2332 928 Ἰησοῦν
2374 859 2635 930 Χριστόν·
2690 875 2715 911 ι
2750 858 2956 929 Λύχνος
2987 862 3099 923 τοῖς
3141 860 3267 913 ποσί
3312 878 3413 931 μου
3459 862 3487 913 6
3542 860 3703 931 νόμος

424 953 676 1007 nimirum
700 951 910 1018 litteraa,
929 952 1311 1021 sapientissimi
1336 951 1499 1008 Mosis
1522 953 1606 1008 lex
1632 953 1787 1023 quasi
1812 955 2012 1010 iucras-

2132 968 2236 1017 που,
2291 950 2385 1005 καὶ
2428 950 2545 1020 φῶς
2592 952 2705 1015 τοῖς
2753 951 2961 1024 τρίὅοις
2996 968 3121 1022 μου.
3151 970 3170 1003 ›
3229 952 3414 1023 ’Δχλύῖ
3463 953 3560 1023 μὲν
3596 951 3703 1023 γὰρ

424 1054 537 1099 sata
567 1053 671 1099 est.
703 1042 807 1098 Sed
842 1045 893 1099 in
926 1044 1250 1111 evangelicis
1284 1046 1599 1115 praeconiis,
1632 1046 1772 1101 nuda
1806 1055 1861 1102 et
1893 1047 2009 1118 pel-

2132 1040 2279 1096 ›ἰονεί
2308 1059 2428 1106 πως
2457 1042 2552 1095 καὶ
2575 1041 3021 1113 κατασκιάσμασι
3053 1044 3166 1107 τοῖς
3190 1041 3297 1096 ἀπό
3331 1043 3396 1112 γε
3435 1060 3575 1113 φημι
3609 1041 3703 1095 τοῦ

423 1137 595 1193 lucida
623 1138 866 1192 veritatis
896 1137 1069 1192 forma
1099 1147 1352 1207 apparet,
1383 1147 1438 1194 ct
1472 1147 1707 1193 mentem
1739 1139 2010 1194 exhilarat

2132 1137 2467 1209 γράμματος,
2499 1137 2528 1190 6
2555 1135 2647 1190 διὰ
2680 1135 2775 1190 τοῦ
2812 1136 3088 1206 πανσόφου
3120 1135 3367 1199 Μωσέως
3397 1134 3705 1205 κατεπαχύ-

422 1230 632 1297 piorum
659 1228 909 1284 sensibus
933 1228 1106 1284 instar
1130 1229 1353 1283 luminis
1382 1229 1639 1284 infusum.

2132 1246 2239 1283 ιετο
2300 1230 2486 1301 νόμος.
2555 1229 2645 1283 Ἐν
2710 1228 2767 1282 δέ
2846 1245 2910 1298 γε
2978 1230 3092 1292 τοῖς
3163 1227 3538 1295 εὐαγγελικοῖς
3603 1243 3704 1297 κη-

423 1320 669 1392 ρύγμασι
726 1322 931 1393 γυμνὸν
988 1322 1082 1376 καὶ
1140 1321 1395 1392 διαφανὲς
1438 1322 1501 1375 τὸ
1566 1323 1664 1394 τῆς
1747 1321 2005 1394 ἀληθείας
2086 1322 2407 1392 ὲκφαίνεται
2469 1321 2701 1389 κάλλος,
2762 1321 2857 1375 καὶ
2925 1320 3355 1393 καταφαιδρύνει
3422 1320 3516 1374 τὸν
3580 1320 3706 1374 νοῦν

435 1419 557 1481 ταῖς
595 1416 705 1470 τῶν
732 1417 1101 1471 εὐσεϐούντων
1128 1418 1391 1481 διανοίαις
1413 1418 1592 1486 φωτὸς
1629 1418 1787 1490 δίκην
1824 1418 2191 1489 εἰσχεόμενον.

499 1512 661 1567 Vens.
693 1513 779 1567 10.
806 1511 1086 1566 Justitiam
1119 1514 1304 1566 discite
1333 1514 1421 1581 qui
1452 1512 1765 1565 iulmbitatis
1797 1522 2013 1565 terram.

2194 1512 2595 1579 Δικαιοσύνην
2640 1510 2875 1581 μάθετε,
2926 1512 2979 1565 oi
3029 1508 3406 1573 ἐνοικοῦντες
3451 1508 3547 1562 ἐπὶ
3599 1507 3707 1572 τῆς

427 1605 664 1660 Cessavit
701 1607 836 1658 cuitu
873 1606 1085 1672 impius.
1110 1604 1293 1659 Omnis
1324 1607 1413 1673 qui
1448 1603 1609 1674 362
1646 1620 1745 1656 non
1778 1604 2018 1656 didicerit

2132 1603 2259 1675 γῆς.
2309 1602 2615 1657 Πέπαυται
2675 1605 2786 1673 γὰρ
2831 1606 2863 1657 ό
2926 1602 3172 1667 ἀσεϐής.
3225 1601 3348 1668 Πᾶς
3392 1600 3459 1667 ὃς
3504 1602 3575 1654 οὐ
3619 1598 3706 1668 μὴ

418 1698 689 1768 justitiam
724 1699 777 1751 in
808 1709 969 1761 terra,
1000 1701 1267 1752 veritatem
1299 1714 1401 1751 non
1436 1698 1613 1764 faciet.
1650 1694 1891 1749 Tollatur
1919 1701 2017 1749 im-

2132 1696 2284 1764 μάθῃ
2321 1695 2716 1762 δικαιοσύνην
2755 1695 2853 1748 ἐπὶ
2886 1693 2997 1762 τῆς
3032 1693 3165 1763 γῆς,
3198 1693 3488 1761 ἀλήθειαν
3518 1693 3599 1745 οὐ·
3618 1690 3704 1758 μὴ

430 1791 569 1859 pius,
598 1807 661 1844 ne
684 1791 853 1844 videat
883 1790 1112 1860 gloriam
1144 1789 1373 1843 Domini.

2132 1789 2375 1858 ποιήσῃ.
2437 1786 2690 1857 Ἀρθήτω
2751 1790 2784 1842 ὁ
2839 1786 3087 1853 ἀσεϐὴς,
3141 1785 3239 1838 ἵνα
3298 1783 3383 1853 μὴ
3436 1783 3534 1851 ἴδῃ
3594 1783 3709 1849 τὴν

2118 1882 2307 1947 δόξαν
2366 1882 2607 1950 Κυρίου.

505 1968 646 2023 Dixit
685 1967 881 2022 alicubi
926 1982 1061 2022 voce
1106 1966 1384 2038 prapbetze
1428 1965 1570 2020 Deus
1612 1982 1627 2019 :
1675 1982 1694 2017 ι
1747 1963 1814 2019 Et
1855 1970 2017 2020 erunt

2190 1974 2334 2043 Ἔφη
2362 1990 2466 2025 που
2497 1974 2524 2026 6
2546 1971 2679 2036 Θεὸς
2704 1971 2793 2025 διὰ
2822 1969 3008 2040 φωνῆς
3035 1968 3335 2039 προφήτου·
3374 1985 3393 2019 ι
3425 1967 3535 2019 Καὶ
3564 1965 3711 2019 ἔσον-

428 2075 621 2115 clunes
648 2058 791 2114 docti
826 2074 856 2114 a
887 2059 995 2115 Deo
1016 2059 1083 2113 “.
1123 2077 1142 2111 ι
1179 2056 1315 2113 Vide
1345 2071 1474 2128 ergo
1506 2071 1614 2127 quo
1648 2065 1806 2126 pacto
1842 2057 1897 2110 in
1932 2054 2018 2110 his

2132 2082 2209 2118 tat
2256 2064 2459 2128 πάντες
2502 2063 2744 2117 διδακτοὶ
2789 2061 2946 2116 Θεοῦ.
2986 2080 3004 2112 ι
3034 2062 3177 2131 Ὅρα
3221 2060 3285 2129 δὴ
3328 2054 3421 2111 οὖν
3462 2058 3609 2120 ὅπως
3653 2059 3711 2108 ἐν

430 2152 615 2207 Verbis
656 2167 835 2209 sermo
877 2152 1033 2208 nobis
1077 2150 1296 2206 inducat
1335 2149 1611 2205 Christum
1651 2147 1818 2203 fuisse
1852 2146 2015 2202 veluti

2132 2157 2331 2221 τούτοις
2356 2158 2488 2228 ἡμῖν
2520 2157 2548 2209 6
2578 2155 2738 2225 λόγος
2766 2152 3124 2225 μυσταγωγὸν
3147 2151 3336 2221 ὥσπερ
3364 2149 3483 2203 τινὰ
3511 2150 3623 2212 τοῖς
3654 2147 3711 2214 ἐξ

2047 1832 2092 1889 Β

435 2256 806 2316 myslagogum
840 2246 1124 2312 quemdam
1158 2243 1408 2314 gentibus
1444 2242 1497 2297 in
1536 2243 1708 2311 ipsum
1743 2241 2018 2296 credenti-

432 2336 557 2392 bus.
582 2334 713 2390 Nam
738 2336 830 2405 qui
853 2335 1019 2390 semel
1043 2344 1383 2405 agnoverunt
1408 2334 1524 2403 ejus
1546 2343 1815 2403 praecepta
1845 2331 2019 2387 lucem

429 2445 553 2486 esse
596 2444 759 2498 super
785 2439 982 2485 terram
1019 2429 1104 2484 bis
1151 2428 1431 2497 oportuit;
1467 2426 1728 2497 oportuit,
1772 2426 2017 2497 inquam,

433 2522 798 2591 cognitionem
840 2520 957 2589 ejus
983 2519 1126 2589 quod
1159 2529 1242 2575 est
1273 2519 1431 2584 utile,
1470 2518 1538 2573 ab
1572 2532 1638 2573 eo
1676 2518 1865 2573 inseri.
1910 2535 1931 2569 ι
1978 2516 2023 2573 Ο

433 2629 552 2680 vos,
588 2632 606 2666 ι
640 2614 832 2684 inquit,
865 2632 885 2664 ι
918 2614 1008 2683 qui
1046 2611 1363 2667 inhabitatis
1395 2621 1617 2677 terram,
1647 2610 1838 2666 discite
1864 2610 2025 2679 justi-

437 2705 590 2760 tiam.
631 2723 650 2757 ι
692 2704 898 2759 Similis
927 2712 1011 2759 est
1042 2703 1113 2757 illi
1144 2718 1247 2757 vox
1274 2703 1532 2759 Davidica
1572 2720 1585 2757 :
1630 2720 1650 2754 ι
1685 2703 1881 2758 Audite
1910 2703 2027 2759 base

433 2798 641 2859 Omnia,
666 2809 882 2865 gentes;
904 2811 1061 2850 aures
1078 2795 1359 2862 advertite,
1386 2810 1574 2851 omnes
1600 2796 1688 2865 qui
1712 2795 2028 2851 inhabitatis

434 2888 624 2941 orbem
657 2897 923 2941 terrarum
978 2885 1045 2940 “.
1081 2904 1098 2937 ι
1161 2885 1269 2940 Lex
1317 2886 1581 2957 siquidem
1611 2902 1731 2957 qua:
1759 2888 1811 2943 in
1846 2888 2028 2944 littera

435 2988 543 3045 est,
565 2978 884 3033 rudimentis
912 2977 1087 3033 solum
1116 2980 1389 3033 carnalem
1414 2977 1664 3034 lsraelem
1691 2979 2023 3034 informavit.

440 3069 706 3123 Dominus
738 3078 918 3123 autem
951 3078 1136 3125 noster
1161 3068 1320 3125 Jesus
1348 3069 1619 3133 Christus,
1654 3071 2029 3126 mansuetudi—

2122 2250 2291 2304 ὲθνῶν
2338 2248 2698 2303 πιστεύσασιν
2735 2247 2897 2302 αὐτὸν
2938 2243 3243 2315 εἰσκομίζει
3280 2244 3541 2312 γεγονότα
3576 2242 3711 2311 Χρι-

2124 2342 2267 2401 στόν.
2296 2342 2443 2397 Ἔδει
2469 2341 2598 2414 γὰρ,
2628 2340 2735 2395 ἔδει
2768 2343 2879 2403 τοῖς
2904 2337 3050 2403 ἅπαξ
3076 2335 3457 2405 ὲπεγνωκόσιν,
3482 2335 3564 2386 ὅτι
3598 2331 3712 2402 φῶς

2124 2436 2232 2489 εἰσι
2271 2434 2341 2489 τὰ
2375 2434 2777 2505 προστάγματα
2817 2430 2983 2485 αὑτοῦ
3036 2431 3131 2483 ἐπὶ
3170 2430 3268 2496 τῆς
3310 2429 3433 2498 γῆς,
3476 2426 3573 2492 τὴν
3619 2424 3712 2477 τοῦ

2126 2525 2495 2597 συμφέροντος
2517 2524 2723 2595 εἴδησιν
2751 2521 2987 2575 ἐνίεσθαι
3013 2521 3144 2592 παρ’
3171 2517 3356 2572 αὐτοῦ.
3391 2513 3491 2569 «Ὤ
3511 2516 3710 2579 τοίνυν,

2126 2618 2314 2689 φησὶν,
2343 2619 2394 2671 οἰ
2424 2616 2807 2678 κατοικοῦντες
2856 2614 2949 2667 ἐπὶ
2996 2613 3097 2683 τῆς
3144 2614 3247 2681 γῆς
3284 2609 3481 2681 μάθετε
3513 2608 3715 2659 δικαιο-

2134 2710 2354 2781 σύνην.»
2390 2711 2575 2764 Ἐοικε
2624 2710 2682 2764 δὲ
2744 2708 2903 2761 τοῦτο
2935 2705 3011 2777 τῷ
3042 2704 3130 2758 διὰ
3162 2703 3346 2773 φωνῆς
3386 2700 3481 2754 τοῦ
3531 2699 3713 2752 Δαδίδ·

2134 2820 2153 2853 ι
2191 2800 2482 2854 Ἀκούσατε
2507 2799 2700 2864 ταῦτα,
2729 2798 2907 2852 πάντα
2928 2795 2998 2849 τὰ
3027 2794 3174 2865 ἕθνη’
3194 2790 3546 2856 ἐνωτίσασθε,
3578 2790 3715 2843 πάν-

2132 2910 2223 2957 τες
2249 2895 2298 2947 οἰ
2328 2890 2708 2954 κατοικοῦντες
2736 2889 2834 2960 τὴν
2859 2887 3201 2959 οἰκουμένην.
3234 2905 3252 2937 ι
3302 2886 3361 2939 '0
3391 2884 3487 2955 μὲν
3519 2883 3624 2955 γὰρ
3658 2883 3716 2935 ὲν

2133 2985 2426 3057 γράμμασι
2480 2984 2644 3052 νόμος
2696 2977 3156 3049 πεπαιδαγώγηκε
3215 2977 3374 3049 μόνον
3434 2975 3526 3028 τὸν
3578 2972 3717 3025 κατά

2136 3078 2316 3149 σάρκα
2341 3075 2579 3148 Ἰσραὴλ,
2610 3077 2638 3128 6
2657 3074 2713 3127 δέ
2741 3090 2805 3143 γε
2833 3073 3037 3144 Κύριος
3059 3072 3214 3143 ἡμῶν
3252 3069 3456 3141 Ἰησοῦς
3485 3068 3717 3139 Χριστὸς

438 3161 526 3215 nis
556 3160 666 3214 Iino
695 3175 967 3230 expanso,
1003 3170 1202 3216 terram
1232 3164 1540 3216 universam
1570 3160 1671 3215 sub
1700 3162 1838 3218 coelo
1869 3164 2026 3233 quasi

2136 3167 2197 3220 τὸ
2232 3168 2332 3238 τῆς
2359 3166 2697 3237 ἡμερότητος
2731 3163 2987 3227 ἀπλὼσας
3016 3162 3158 3218 λίνον
3193 3162 3323 3234 ὃλην
3352 3162 3717 3232 σεσαγήνευκε

440 3252 774 3321 iliaqueavit.
805 3250 998 3306 Merito
1032 3251 1196 3321 igitur
1223 3253 1327 3307 illis
1353 3253 1443 3321 qui
1481 3253 1791 3308 universam
1824 3262 2026 3309 terram

438 3342 702 3408 incolunt,
730 3343 983 3409 consulit,
1013 3344 1201 3398 dicens
1235 3362 1249 3398 :
1279 3342 1555 3399 Justitiam
1584 3345 1651 3399 ab
1683 3345 1774 3401 illo
1803 3346 2025 3415 dictam,

439 3434 493 3491 id
522 3448 627 3499 est,
647 3434 1015 3503 evangelicam
1044 3436 1124 3490 eis
1160 3434 1470 3492 discendam
1496 3450 1636 3490 esse.
1661 3435 1812 3502 Quod
1845 3445 2026 3492 autem

437 3526 639 3581 damno
671 3542 777 3582 non
806 3535 1028 3593 careat,
1054 3526 1197 3582 illius
1230 3527 1577 3585 sermonibus
1613 3544 1718 3584 non
1755 3530 2032 3598 obtempe-

440 3634 597 3683 rare,
632 3618 883 3689 adiungit
910 3633 1072 3690 porro
1105 3628 1161 3672 et
1189 3618 1264 3673 ait
1301 3634 1317 3671 :
1353 3618 1597 3674 Cessavit
1633 3622 1778 3675 enim
1811 3620 2026 3689 impius.

441 3707 636 3765 Omnis
671 3711 761 3780 qui
798 3725 904 3765 non
938 3710 1097 3765 discit
1125 3709 1395 3777 justitiam
1440 3710 1492 3764 in
1542 3720 1721 3777 terra,
1746 3712 2029 3768 veritatem

440 3818 548 3858 non
578 3802 760 3857 faciet.
792 3801 979 3857 Abibit
1008 3802 1174 3865 enim,
1204 3801 1402 3870 inquit,
1431 3802 1485 3856 in
1521 3804 1744 3857 exitium
1780 3813 1834 3858 et
1863 3804 2031 3859 inter-

441 3895 599 3959 itum,
626 3909 690 3948 ac
716 3894 860 3949 velut
886 3893 1274 3962 exstinguetur.
1309 3892 1455 3948 Istud
1488 3896 1633 3948 enim
1669 3906 1795 3965 puto
1826 3896 2031 3963 signiﬁ-

441 4001 602 4051 care,
633 3985 900 4040 Cessavit.
943 3985 1134 4041 Omnis
1182 3984 1277 4053 qui
1328 3999 1433 4037 non
1478 3986 1762 4040 admiserit
1808 3986 2031 4053 justitite

442 4079 765 4145 evangelica:
784 4077 1167 4146 cognitionem,
1187 4086 1242 4130 et
1262 4076 1352 4145 qui
1375 4078 1658 4131 veritatem
1684 4094 1787 4132 non
1814 4078 2025 4133 fecerit.

444 4170 738 4224 Veritatem
765 4184 951 4224 rursus
1002 4169 1091 4222 hic
1122 4169 1228 4221 vim
1252 4167 1577 4223 Christianae
1600 4170 2032 4225 conversationis

448 4266 705 4331 appellat,
731 4261 1213 4329 adorationemqne
1240 4278 1304 4315 ac
1335 4261 1536 4314 cultum
1567 4261 1620 4315 in
1652 4262 1844 4329 spiritu
1871 4272 2033 4331 atque

444 4353 691 4407 veritate.
721 4351 974 4407 Umbram
1004 4352 1146 4405 enim
1175 4352 1377 4405 habens
1405 4352 1488 4406 lex
1518 4350 1823 4405 futurorum
1852 4354 2023 4409 bono-

444 4460 593 4511 rum,
624 4455 806 4499 etnon
838 4444 1008 4511 ipsam
1039 4458 1219 4497 rerum
1251 4443 1577 4513 imaginem,
1604 4458 1710 4497 non
1742 4454 1858 4498 erat
1888 4446 2028 4498 veri-

2136 3260 2235 3330 τὴν
2266 3260 2357 3312 ὑπ’
2384 3258 2634 3330 οὐρανόν.
2678 3256 2921 3319 Εἰκότως
2957 3251 3049 3311 οὖν
3079 3254 3187 3326 ἄρα
3219 3255 3448 3318 καὶτοῖς
3482 3254 3585 3307 ἀνὰ
3612 3254 3719 3305 πᾶ-

2132 3368 2232 3404 σαν
2264 3351 2363 3422 τὴν
2386 3350 2490 3420 γῆν
2518 3347 2894 3420 συμδονλεύει,
2932 3348 3126 3416 λέγων,
3156 3348 3238 3401 ὅτι
3267 3346 3387 3418 Χρὴ
3428 3343 3720 3416 μανθάνειν

2136 3441 2358 3504 αὐτοὺς,
2384 3440 2485 3511 τὴν
2529 3440 2598 3493 δι’
2632 3437 2797 3492 αὑτοῦ
2827 3437 3151 3507 λαληθεῖσαν
3174 3436 3541 3507 δικαιοσύνην,
3573 3434 3719 3488 τοῦτ’

2138 3530 2279 3593 ἔστι,
2311 3530 2411 3600 τὴν
2435 3528 2819 3600 εὐαγγελικήν.
2851 3529 2971 3582 Ὅτι
3004 3528 3061 3581 δὲ
3088 3527 3149 3580 τὸ
3181 3525 3427 3580 ἀπειθεῖν
3454 3527 3567 3588 τοῖς
3591 3525 3719 3593 παρ’

2131 3621 2298 3677 αὐτοῦ
2356 3623 2536 3691 λόγοις
2578 3622 2680 3675 οὐκ
2719 3620 2972 3691 ἀζήμιον,
3028 3619 3367 3689 προσεπάγει
3417 3617 3510 3671 καί
3552 3631 3710 3688 φησι·

2133 3716 2419 3768 Πέπαυται
2449 3716 2555 3786 γὰρ
2580 3716 2609 3767 6
2637 3713 2860 3784 ἀσεϐής.
2899 3714 3014 3776 Πᾶς
3039 3712 3097 3776 ὃς
3128 3713 3188 3765 οὐ
3224 3711 3297 3782 μὴ
3336 3710 3483 3783 μάθῃ
3513 3710 3721 3763 δικαιο-

2136 3806 2303 3875 σύνην
2333 3806 2425 3858 ἐπὶ
2451 3805 2551 3875 τῆς
2575 3805 2677 3875 γῆς
2706 3804 2962 3875 ἀλήθειαν
2985 3805 3043 3856 ού
3080 3803 3154 3875 μὴ
3189 3805 3413 3874 ποιήσῃ,
3442 3803 3724 3873 οἰχήσεται

2134 3900 2264 3969 γάρ,
2304 3899 2490 3969 φησὶν,
2517 3898 2596 3960 εἰς
2629 3897 2846 3969 ὀλεθρον
2874 3897 2969 3950 καὶ
3005 3894 3298 3959 ἀπώλειαν,
3325 3894 3417 3948 καί⁵
3448 3890 3558 3947 οἷον
3587 3894 3723 3946 ἀπο-

2134 3989 2512 4060 σϐεσθήσεται.
2545 3987 2715 4042 Τοῦτο
2749 3988 2855 4059 γὰρ
2883 3984 3036 4058 οἶμαι
3080 3987 3140 4039 τὸ
3168 3986 3449 4040 Πέπαυται
3489 3984 3705 4057 δηλοῦν,

2137 4082 2253 4145 Πᾶς
2271 4080 2419 4144 εἴτις
2444 4080 2520 4152 μὴ
2536 4080 2903 4151 προσδέξηται
2933 4082 3033 4151 τῆς
3059 4078 3403 4148 δικαιοσύνης
3428 4079 3526 4149 τῆς
3558 4078 3722 4145 εὐαγ-

2138 4172 2366 4243 γελικῆς
2409 4172 2508 4241 τὴν
2547 4170 2775 4241 εἴδησιν,
2808 4170 2902 4224 καὶ
2933 4168 2991 4233 ὃς
3024 4169 3088 4224 ἂν
3121 4170 3194 4241 μὴ
3225 4170 3426 4239 ποιήσῃ
3460 4168 3559 4239 τὴν
3591 4167 3726 4235 ἀλή-

2137 4261 2310 4317 θειαν.
2352 4261 2638 4332 Ἀλήθειαν
2680 4262 2737 4315 δὲ
2766 4262 2927 4317 πάλιν
2954 4263 3010 4314 ὲν
3038 4260 3251 4324 τούτοις
3287 4263 3386 4330 τῆς
3415 4261 3473 4313 ἐν
3508 4258 3727 4330 Χριστῷ

2137 4354 2408 4417 πολιτείας
2434 4354 2699 4407 ἀποκαλεῖ
2722 4354 2821 4424 τὴν
2848 4352 3096 4422 δύναμιν,
3120 4352 3215 4405 καὶ
3240 4352 3339 4422 τὴν
3368 4353 3427 4403 ὲν
3456 4350 3727 4419 πνεύματί

2135 4464 2194 4500 τε
2219 4448 2312 4500 καὶ
2335 4446 2566 4518 ἀληθείςι⁴
2584 4446 2979 4517 προσκύνησιν,
3004 4445 3099 4498 καὶ
3115 4444 3392 4515 λατρείαν.
3421 4443 3588 4496 Σκιὰν
3616 4443 3726 4513 γὰρ

446 4548 549 4591 tas.
586 4537 833 4591 Christus
867 4546 1081 4598 autem,
1114 4535 1360 4605 illiusque
1398 4534 1682 4600 vaticinia,
1715 4536 1926 4605 jnstitiu
1969 4549 2026 4593 et

2134 4538 2272 4608 ἔχων
2294 4541 2323 4591 6
2350 4538 2515 4609 νόμος
2545 4517 2653 4591 τῶν
2687 4537 2990 4609 μελλόντων
3024 4537 3269 4606 ἀγαθῶν,
3301 4536 3396 4589 καὶ
3424 4536 3524 4589 οὐκ
3554 4536 3727 4603 αὐτὴν

446 4628 643 4684 veritas
670 4643 775 4682 non
800 4629 1066 4682 immerito
1095 4627 1301 4697 possint
1324 4627 1567 4697 intelligi,
1590 4627 1847 4696 illudque,
1873 4639 2020 4697 puto,

447 4722 735 4775 dicendum
782 4730 865 4775 est
914 4739 926 4774 :
968 4716 1167 4775 Factus
1210 4731 1292 4774 est
1335 4720 1490 4774 nobis
1536 4735 1565 4773 a
1614 4718 1772 4775 Patre
1811 4718 2021 4788 justitia

445 4813 727 4879 Christus,
775 4822 965 4881 estque
1017 4820 1274 4881 praeterea
1328 4812 1545 4865 veritas.
1595 4811 1799 4866 Discite
1853 4813 2021 4883 igitur

442 4905 739 4974 justitiam,
771 4904 975 4975 inquit,
1004 4913 1061 4959 et
1090 4905 1374 4960 veritatem
1412 4923 1426 4958 :
1466 4904 1721 4959 nimirum
1743 4945 1758 4969 ,
1785 4920 1906 4959 eum
1939 4908 2026 4975 qui

448 5012 575 5051 vere
603 4996 773 5051 Filius
796 5006 914 5060 est,
944 5006 1001 5050 et
1033 4996 1402 5051 universorum
1433 4996 1609 5065 opifex
1640 5012 1702 5051 ac
1735 4996 2024 5061 Dominus,

451 5090 746 5157 agnoscite.
772 5087 1021 5142 Tolletur
1055 5088 1251 5158 quippe
1286 5096 1340 5140 et
1372 5088 1817 5141 exterminabitur
1848 5088 2025 5143 omnis

452 5180 674 5247 impius,
729 5195 797 5234 ne
846 5180 1024 5234 videat
1070 5180 1293 5246 gloriam
1345 5178 1575 5233 Domini.
1628 5179 1902 5247 Ejusmodi
1946 5190 2030 5234 est

453 5266 583 5319 illud
629 5283 736 5335 quo
778 5268 1027 5324 Christus
1068 5267 1348 5324 Iudaicum
1391 5270 1641 5340 populum
1685 5270 2022 5340 alloquitur:

460 5376 480 5407 ι
519 5358 721 5423 Amen,
748 5375 903 5415 amen
935 5361 1057 5416 dico
1092 5363 1271 5429 vobis,
1306 5363 1429 5431 quia
1464 5362 1506 5416 si
1544 5379 1651 5417 non
1692 5361 2026 5417 credideritis

2133 5364 2164 5415 6
2202 5362 2424 5433 ἀσεϐὴς,
2468 5362 2558 5414 ἵνα
2615 5360 2690 5432 μὴ
2736 5360 2818 5431 ῐδῃ
2868 5359 2968 5430 τὴν
2997 5358 3153 5425 δόξαν
3188 5360 3419 5431 Κυρέου.
3475 5359 3735 5412 Τοιοῦτόν

457 5449 598 5515 quod
623 5462 721 5517 ego
746 5464 883 5515 sum,
915 5452 966 5506 in
996 5455 1234 5522 peceatis
1259 5454 1458 5508 vestris
1491 5454 1793 5509 moriemini
1818 5454 1885 5508 ⁸⁷.
1919 5472 1937 5503 ι
1968 5452 2026 5506 Et

2138 5456 2255 5507 ἐστι
2299 5455 2359 5507 τὸ
2387 5454 2453 5507 δι’
2480 5453 2644 5507 αὑτοῦ
2685 5453 2777 5507 τοῦ
2812 5452 3050 5523 Χριστοῦ
3086 5446 3199 5515 τοῖς
3230 5452 3503 5505 Ἰουδαίων
3532 5452 3735 5521 δήμοις

462 5553 652 5593 rursus
686 5557 700 5592 :
741 5558 759 5591 ι
786 5541 886 5607 Qui
922 5548 1091 5600 credit
1121 5548 1172 5600 in
1205 5546 1398 5601 Filium
1426 5587 1440 5611 ,
1474 5564 1578 5602 non
1609 5550 1896 5618 judicatur.
1929 5547 2026 5613 Qui

2144 5546 2697 5616 προσπεφωνημένοψ
2731 5564 2749 5597 t
2790 5545 2979 5615 Ἀμὴν,
3035 5545 3184 5615 ἀμὴν
3234 5544 3379 5611 λέγω
3438 5544 3587 5613 ύμῖν,
3648 5543 3735 5595 ὃτι

461 5634 642 5681 autem
669 5644 772 5683 non
797 5635 1125 5705 credit,jam
1150 5637 1415 5693 iudicatus
1443 5648 1559 5707 est,
1584 5642 1707 5709 quia
1737 5657 1839 5696 non
1866 5641 2040 5695 credi-

540 5801 590 5833 "
620 5801 638 5855 ι
670 5802 855 5860 Thess.
885 5823 935 5875 v,
963 5810 1014 5865 5.
1091 5814 1134 5847 ⁵⁸
1159 5814 1298 5873 Psal.
1321 5830 1507 5884 cxvtn,
1538 5816 1655 5874 lOa‘E.
1734 5818 1777 5849 "
1826 5814 1924 5872 lsa.
1951 5832 2026 5871 ιιι

2132 5816 2180 5885 5;
2208 5814 2463 5887 εἰοιιιιηνι,
2488 5810 2575 5867 45.
2653 5811 2699 5841 ⁸⁸
2719 5808 2864 5866 Psal.
2888 5825 3073 5878 vanI,
3097 5808 3151 5864 ει.

2126 4634 2229 4700 τὴν
2256 4631 2438 4684 εἰκόνα
2461 4629 2567 4683 τῶν
2596 4631 2961 4701 πραγμάτων,
2995 4630 3096 4683 οὐκ
3119 4626 3188 4700 ἦν
3215 4628 3461 4699 ἀλήθεια,
3492 4626 3727 4697 Χριστὸς

2127 4720 2184 4773 δὲ
2208 4722 2299 4774 καὶ
2326 4720 2395 4774 τὰ
2423 4719 2589 4774 αύτοῦ
2620 4721 2962 4792 θεσπίσματα
2994 4721 3148 4775 νοοῖτ’
3182 4721 3247 4773 ἂν
3277 4721 3500 4783 εἰκότως
3524 4719 3729 4772 δικαιο-

2130 4813 2263 4883 σύνη
2295 4815 2390 4868 καὶ
2422 4814 2670 4885 ἀλήθεια.
2700 4808 2867 4883 Οἶμαι.
2905 4814 2961 4867 δὲ
2993 4815 3102 4867 δεῖν
3137 4815 3358 4867 κάκεῖνο
3396 4813 3591 4875 εἰπεῖν,
3623 4811 3725 4863 Γέ-

2135 4921 2289 4969 γονεν
2340 4904 2473 4974 ἡμῖν
2515 4902 2665 4974 παρά
2715 4902 2808 4955 τοῦ
2852 4903 3066 4974 Πατρὸς
3103 4902 3418 4973 δικαιοσύνη
3468 4900 3725 4973 Χριστὸς,

2130 4996 2246 5049 ἔστι
2282 4996 2338 5049 δὲ
2381 4995 2518 5067 πρὸς
2558 4996 2732 5066 τούτῳ
2762 4994 2856 5048 καὶ
2888 4995 3135 5065 ἀλήθεια.
3170 4993 3390 5048 Μὰθετε
3420 4994 3601 5047 τοίνυν
3628 4992 3729 5060 τὴν

2128 5087 2493 5158 δικαιοσύνην,
2514 5088 2666 5158 φησί,
2688 5088 2781 5140 καὶ
2805 5086 2902 5157 τὴν
2924 5086 3178 5156 ἀλήθειαν
3198 5103 3211 5118 ’
3236 5085 3380 5138 τοῦτ’
3410 5084 3575 5147 ἔστιν,
3605 5084 3727 5136 ἐπί-

2128 5196 2303 5247 γνωτε
2328 5179 2419 5231 τὸν
2445 5178 2658 5248 ἀληθῶς
2688 5178 2816 5231 Υἰὸν
2843 5178 2935 5231 καὶ
2966 5177 3055 5230 τὸν
3091 5177 3226 5230 ὅλων
3269 5176 3603 5247 δημιουργὸν
3635 5176 3731 5228 καὶ

2130 5268 2353 5339 Κύριον.
2393 5269 2713 5341 Ἀρθήσεται
2743 5267 2852 5338 γὰρ
2882 5267 2977 5320 καὶ
3014 5271 3076 5320 ἑκ
3105 5268 3273 5339 μέσου
3309 5268 3597 5337 γενήσεται
3621 5267 3731 5330 πᾶς

2149 5636 2243 5690 ἐὰν
2282 5637 2358 5708 μὴ
2408 5635 2734 5706 πιστεύσητε
2772 5636 2853 5689 ὅτι
2884 5634 2993 5703 ἐγώ
3028 5636 3165 5704 εἰμι,
3198 5635 3257 5687 ἐν
3283 5636 3403 5696 ταῖς
3431 5631 3734 5703 ἁμαρτίαις

3244 5810 3286 5841 ⁸⁷
3308 5809 3468 5868 Joan.
3494 5822 3614 5874 vnt,
3638 5806 3733 5861 24.

3742 286 3755 323 1
