4162 6406
470 394 582 464 577

1613 406 1677 461 IN
1719 404 1950 461 ISAIAM
1991 406 2121 462 LIB.
2156 405 2248 460 III.
2290 405 2529 463 TOMUS
2566 407 2607 463 I.

3649 417 3754 473 578

471 521 627 594 ὑμῶν
665 521 1047 576 ἀποθανεῖσθε.
1092 540 1110 573 ι
1148 520 1259 574 Καὶ
1288 520 1468 576 πάλιν·
1510 540 1529 573 ι
1580 521 1638 573 ’0
1679 520 1950 575 πιστεύων
1982 523 2056 586 είς

2165 521 2244 578 dit
2281 521 2334 574 in
2378 518 2540 591 363
2586 534 2782 575 nomen
2829 522 3089 591 umgenili
3125 521 3246 577 Filii
3286 522 3376 579 Dei
3414 523 3552 579 "°”.
3592 546 3609 578 ι
3651 526 3753 595 Qui

468 616 561 668 τὸν
604 614 733 668 Υἰὸν
771 614 833 667 οὐ
859 613 1124 685 κρίνεται,
1158 612 1187 666 6
1213 611 1270 667 δὲ
1301 612 1375 684 μὴ
1410 612 1698 675 πιστεύων,
1739 614 1842 684 ήδη
1873 612 2062 684 κέκρι-

470 726 577 765 ται.
604 709 684 760 ὅτι
721 706 797 777 μὴ
829 706 1195 759 πεπίστευκεν
1226 706 1307 769 είς
1335 704 1398 758 τὸ
1421 704 1592 776 όνομα
1616 704 1710 758 τοῦ
1738 704 2061 776 μονογενοῦς

2171 621 2353 668 autem
2386 611 2551 667 semel
2580 614 2970 669 condemnatus
2997 623 3110 681 est,
3143 616 3489 686 propriisque
3519 619 3756 685 peccatis

2170 706 2521 771 itnmortuus,
2545 706 2639 774 qui
2667 707 2866 776 poterit
2892 706 3116 776 gloriam
3148 708 3357 763 Domini
3394 707 3609 762 videre?
3636 711 3752 762 Non

471 800 604 854 Υίοῦ
642 801 738 854 τοῦ
772 799 930 853 Θεοῦ·
962 818 980 852 ι
1034 799 1092 853 '0
1134 798 1193 851 δὲ
1239 796 1388 863 ἅπαξ
1430 797 1917 868 κατακεκριμένος,
1969 799 2056 853 καὶ

2171 800 2315 853 enim
2350 802 2457 856 erit
2489 816 2611 855 cum
2646 798 2903 863 Christo,
2929 799 3156 870 ejusque
3189 802 3373 871 gloriae
3408 803 3557 856 nullo
3594 806 3754 858 modo

467 893 589 955 ταῖς
637 890 798 954 ἰδίαις
839 887 1189 943 ἐναποθανών
1234 888 1550 961 ἁμαρτίαις,
1587 888 1703 952 πῶς
1740 888 1807 941 ἂν
1838 887 1933 941 ἴδοι
1962 889 2056 958 τὴν

2170 891 2471 961 particeps.
2499 900 2808 946 sanctorum
2841 900 3043 944 sortem
3073 907 3177 946 non
3209 894 3432 949 videbit.

468 986 625 1049 δόξαν
649 985 878 1057 Κυρίου.
901 982 979 1039 Οὐ
1008 983 1118 1055 γὰρ
1144 983 1398 1037 συνέσται
1423 982 1663 1055 Χριστῷ,
1690 983 1783 1037 καὶ
1800 982 1901 1053 τῆς
1926 984 2055 1054 παρ’
2093 984 2259 1038 αὐτοῦ
2282 984 2440 1050 δόξης
2468 984 2589 1039 κατ’
2649 983 2838 1038 οὐδένα
2891 984 3093 1055 τρόπον
3125 985 3499 1057 μετεσχηκὼς,
3531 987 3621 1040 τὸν
3644 986 3752 1041 τῶν

469 1080 639 1149 ἁγίων
669 1080 769 1132 οὐκ
793 1077 983 1146 ὄψεται
1013 1075 1238 1146 κλῆρον.

539 1173 735 1241 Κύριε,
770 1171 1012 1239 ὑψηλός
1039 1184 1156 1224 σου
1211 1172 1244 1224 ὁ
1279 1170 1578 1239 βραχίων,
1617 1171 1717 1224 καὶ
1742 1172 1854 1225 οὐκ
1894 1170 2054 1241 ᾕδει-

468 1284 610 1321 σαν·
660 1267 908 1337 γνόντες
949 1263 1597 1333 δὲαίσχυνθήσονται.
1642 1265 1841 1335 Ζῆλος
1867 1264 2060 1334 λήψε-

467 1375 563 1412 ται
593 1360 747 1412 λαὸν
774 1355 1160 1420 ἀπαίδευτον,
1192 1356 1291 1410 καὶ
1320 1355 1438 1410 νῦν
1463 1356 1587 1427 πῦρ
1624 1357 1769 1423 τοὺς
1795 1360 2060 1412 ὑπενανο

470 1452 526 1504 τί
530 1467 638 1515 ους
668 1450 885 1504 ἔδεται.

553 1542 926 1605 ’Λπειλοῦντος
959 1541 1094 1596 Θεοῦ
1148 1543 1260 1605 τοῖς
1312 1540 1386 1612 μὴ
1417 1540 1745 1613 μανθάνουσι
1778 1538 2053 1593 δικαιοσύ-

468 1652 587 1704 νην,
619 1635 847 1697 καὶτοῖς
876 1634 951 1704 μὴ
984 1632 1195 1687 ποιοῦσι
1228 1634 1328 1704 τὴν
1362 1632 1639 1704 ἀλήθειαν·
1670 1632 1811 1686 κατά
1839 1648 1902 1700 γε
1930 1631 2055 1694 τοὺς

468 1726 670 1798 ἀρτίως
711 1728 841 1797 ἡμῖν
876 1725 1345 1797 προαποδοθέντας
1382 1725 1572 1793 λόγους
1603 1726 1683 1787 είς
1708 1724 1982 1793 ἀνάμησιν
2024 1721 2055 1773 6

469 1821 757 1891 προφήτης
786 1818 1003 1889 ἔρχεται
1046 1819 1144 1889 τῆς
1185 1815 1280 1871 τοῦ
1326 1816 1539 1888 Ἰσραὴλ
1574 1816 1797 1884 ἀγνοίας
1843 1831 1902 1867 τε
1942 1815 2058 1882 ἅμα

471 1913 563 1965 καὶ
592 1910 892 1973 ἀπειθείας.
932 1910 989 1964 '0
1025 1909 1123 1981 μὲν
1148 1908 1257 1980 γὰρ
1281 1909 1391 1963 τῶν
1418 1909 1554 1962 ὅλων
1576 1906 1905 1979 δημιουργὸς
1925 1905 2057 1968 Θεὸς

470 2005 661 2072 Λόγος,
708 2004 736 2056 6
776 2001 1052 2073 παναλκὴς
1094 2000 1189 2054 τοῦ
1226 2000 1441 2072 Πατρὸς
1489 2000 1748 2071 βραχίων,
1785 1999 1853 2051 δι’
1894 1992 1956 2051 οὗ
1988 1997 2057 2051 τά

470 2094 651 2147 πάντα
679 2092 931 2164 προήχθη
969 2092 1107 2163 πρὸς
1146 2092 1382 2160 γένεσιν,
1417 2092 1476 2143 ὲν
1515 2092 1694 2160 μορφῇ
1725 2087 1818 2142 καὶ
1849 2088 2055 2159 ἰσότητι

468 2184 562 2239 τοῦ
602 2185 816 2257 Πατρὸς
865 2184 1124 2256 ὑπάρχων
1166 2183 1359 2237 ἑαυτὸν
1401 2181 1641 2255 καθῆκεν
1689 2182 1768 2245 εἰς
1812 2182 2058 2235 ἑκούσιον

468 2276 721 2339 κένωσιν,
761 2277 856 2330 καὶ
878 2275 1278 2329 τεταπείνωκεν
1304 2274 1517 2339 ἑαυτὸν,
1546 2274 1690 2329 καθά
1726 2274 2054 2343 γέγραπται,

468 2369 758 2438 γενόμενος
786 2367 1091 2439 ἄνθρωπος,
1115 2368 1202 2421 ἵνα
1230 2365 1496 2439 δικαιώσῃ
1526 2366 1655 2429 τοὺς
1683 2366 1775 2419 ἐπὶ
1807 2365 1902 2436 τῆς
1927 2364 2053 2434 γῆς,

469 2460 555 2515 διὰ
580 2460 814 2523 πίστεως
843 2459 899 2513 δὲ
928 2458 1172 2530 δηλονότι
1195 2460 1294 2531 τῆς
1314 2460 1392 2523 εἰς
1415 2459 1627 2512 ἑαυτόν·
1653 2458 1747 2512 καὶ¹
1771 2456 2057 2529 εἰργάζετο

473 2554 572 2623 μὲν
605 2553 673 2608 τὰ
703 2552 845 2625 ὑπὲρ
874 2552 1049 2621 λόγον,
1078 2551 1174 2605 καὶ
1215 2551 1305 2605 διὰ
1341 2550 1443 2620 τῆς
1483 2551 1592 2604 τῶν
1625 2550 1919 2622 δρωμένων
1955 2565 2052 2619 με·

470 2644 890 2715 γαλοπρεπείας,
932 2645 1016 2698 ὅτι
1055 2644 1149 2697 καὶ
1179 2643 1310 2708 Θεὸς
1355 2644 1449 2697 καὶ
1476 2643 1540 2697 ἐκ
1564 2642 1700 2696 Θεοῦ
1728 2641 1868 2695 κατὰ
1895 2640 2056 2710 φύσιν

470 2736 637 2798 ἐστὶν,
676 2736 828 2806 ἠξίου
877 2732 1261 2806 γνωρίζεσθαι,
1303 2733 1498 2802 λέγων’
1535 2750 1554 2783 ι
1590 2733 1653 2785 El
1701 2731 1761 2785 οὐ
1809 2730 1950 2784 ποιῶ
1986 2730 2056 2783 τά

471 2827 605 2900 ἔργα
630 2827 722 2881 τοῦ
756 2826 966 2899 Πατρός
995 2845 1118 2898 μου,
1149 2827 1223 2898 μὴ
1252 2825 1538 2879 πιστεύετὲ
1577 2841 1689 2895 μοι’
1724 2825 1774 2877 εί
1808 2823 1865 2876 δὲ
1893 2820 2052 2886 ποιῶ,

471 2920 573 2973 κᾶν
600 2919 722 2989 ἐμοὶ
756 2919 831 2989 μὴ
871 2918 1186 2987 πιστεύητε,
1217 2920 1329 2981 τοῖς
1369 2917 1553 2988 ἔργοις
1594 2914 1899 2970 πιστεύετε.
1942 2933 1961 2967 ι
1990 2914 2055 2967 Εἰ

470 3012 525 3066 δὲ
551 3012 644 3065 καί
676 3029 760 3064 τοι
799 3011 908 3065 τῶν
938 3010 1079 3064 οὕτω
1106 3010 1573 3081 τεθαυμασμένων
1607 3009 1804 3080 θεωροὶ
1833 3007 2053 3077 γεγονό-

470 3119 580 3166 τες,
611 3103 705 3157 καὶ
748 3102 855 3156 τῶν
907 3104 1037 3173 παρ’
1069 3100 1240 3155 αὐτοῦ·
1280 3101 1451 3169 λόγων
1494 3102 1773 3171 αὐτήκοοι,
1825 3099 2053 3172 σκληροὶ

470 3197 563 3248 καὶ
592 3194 937 3265 ἀνουθέτητοι
961 3211 1025 3265 με
1035 3194 1321 3264 μενήκασι,
1353 3192 1553 3264 μᾶλλον
1571 3193 1628 3246 δὲ
1655 3193 1745 3247 καὶ
1770 3192 2052 3246 ἀπύλωτον

470 3288 738 3358 ἐσχήκασι
773 3288 965 3358 στόμα.
1001 3286 1383 3357 Τετολμήκασι
1414 3284 1523 3357 γὰρ
1563 3286 1929 3357 Σαμαρείτην,
1958 3286 2054 3339 καὶ

472 3378 704 3450 μέθυσον
728 3380 821 3432 καὶ
849 3378 1100 3442 τέκτονος
1132 3379 1268 3443 υἱὸν,
1295 3379 1391 3433 καὶ
1422 3379 1491 3433 τ⁹ἀ
1521 3378 1600 3431 ἔτι
1622 3377 1826 3431 τούτων
1853 3377 2055 3448 ἀπηχέ-

471 3487 639 3541 στερα
662 3470 1048 3534 δυσσεϐοῦντες
1074 3471 1269 3524 εἰπεῖν.
1298 3470 1483 3523 Ταῦτα
1507 3470 1688 3522 τοίνυν
1720 3468 1807 3521 διὰ
1835 3469 1936 3539 τῆς
1957 3466 2053 3521 τοῦ

469 3563 611 3617 Πνεύ
621 3581 786 3634 ματος
823 3563 1106 3635 δᾳδουχίας
1136 3560 1499 3634 προεγνωκὼς
1526 3563 1555 3614 6
1577 3562 1859 3633 προφήτης
1883 3562 2055 3614 ποιεῖ-

469 3672 558 3707 ται
583 3656 708 3717 τοὺς
732 3654 923 3722 λόγους
948 3655 1081 3725 πρὸς
1104 3654 1197 3707 τὸν
1225 3656 1282 3706 ὲν
1306 3657 1419 3716 τοῖς
1444 3653 1692 3723 οὐρανοῖς
1715 3651 1932 3722 Πατέρα
1961 3653 2056 3705 καὶ

470 3746 625 3810 Θεὸν,
656 3746 750 3800 καί
784 3764 939 3817 φησι,
972 3745 1167 3816 Κύριε,
1215 3745 1418 3816 ὑψηλός
1459 3762 1551 3798 σου
1597 3745 1628 3797 6
1672 3743 1929 3815 βραχίων,
1960 3743 2057 3797 καὶ

469 3838 571 3890 οὐκ
602 3838 843 3909 ᾔδεισαν.
887 3840 964 3909 Τῇ
1014 3838 1112 3909 μὲν
1142 3839 1250 3909 γάρ
1275 3838 1408 3929 ἀξίᾳ
1446 3837 1547 3907 τῆς
1589 3838 1722 3900 ἰδίας
1757 3839 2052 3907 ὑπεροχῆς,

471 3931 564 3983 καὶ
587 3934 661 3994 ὡς
690 3930 748 3982 ὲν
775 3930 901 4002 δόξῃ
936 3934 1002 4001 τῇ
1038 3931 1348 4001 θεοπρεπεῖ,
1381 3929 1554 4000 μέγας
1586 3931 1679 3983 καὶ
1710 3929 1933 4000 ὑψηλός·
1960 3931 2056 3983 καὶ

475 4023 573 4092 μέν
599 4039 681 4074 τοι
729 4022 823 4075 καὶ
852 4022 1130 4092 παναλκής
1162 4024 1307 4075 ἐστιν
1340 4024 1368 4074 6
1410 4020 1649 4091 βραχίων
1695 4020 1787 4073 τοῦ
1818 4021 2053 4091 Πατρὸς,

469 4112 613 4167 τοῦτ’
644 4114 810 4177 ἔστιν,
856 4116 884 4168 6
926 4114 993 4168 δι’
1031 4109 1092 4169 οὗ
1120 4114 1189 4168 τὰ
1236 4115 1415 4169 πάντα
1454 4116 1643 4184 γέγονε
1685 4114 1816 4177 Θεὸς
1860 4114 2053 4183 Λόγος.

484 4205 702 4276 Ἐπειδὴ
728 4205 785 4259 δὲ
818 4205 975 4276 ὤφθη
1010 4206 1147 4277 μετά
1174 4207 1375 4279 σαρκὸς
1404 4208 1738 4277 ἠγνοήκασιν
1765 4205 1930 4259 αὐτοῦ
1956 4205 2056 4278 τὴν

471 4296 649 4363 δόξαν.
703 4298 849 4368 Πλὴν
884 4298 1356 4369 αἰσχυνθήσονται,
1391 4298 1579 4368 φησὶν,
1619 4299 1669 4350 εί
1707 4296 1931 4367 μάθοιεν
1959 4297 2057 4351 αὐ-

471 4388 563 4441 τὸν
606 4389 736 4441 ὸντα
784 4389 1025 4460 δηλονότι
1077 4390 1168 4444 τὸν
1226 4390 1490 4454 ζωοποιὸν
1539 4388 1633 4442 τοῦ
1681 4387 1816 4441 Θεοῦ
1860 4388 2053 4456 Λόγον.

2251 1175 2409 1225 Vens.
2453 1171 2539 1224 II.
2577 1170 2834 1237 Domine,
2869 1173 3126 1226 excelsum
3171 1185 3318 1227 tuum
3363 1175 3666 1241 brat/tium,
3701 1189 3750 1232 et

2166 1279 2270 1316 non
2316 1274 2662 1331 cognoverunt
2712 1280 2731 1317 :
2776 1280 2891 1316 cum
2937 1281 3057 1318 tera
3105 1267 3376 1331 sciverint,
3428 1270 3748 1324 erubescent.

2164 1353 2463 1408 rEmulatio
2497 1356 2849 1423 apprehende:
2881 1357 3127 1426 populant
3161 1359 3509 1424 ineruditum,
3536 1370 3585 1415 et
3613 1379 3750 1417 nunc

2161 1447 2300 1515 ignis
2326 1446 2655 1499 adversarios
2684 1448 2934 1502 comedet.

2229 1534 2362 1591 Cum
2402 1536 2543 1590 Deus
2579 1537 2650 1591 sit
2680 1537 3039 1591 comminatus
3074 1538 3180 1592 illis
3214 1539 3306 1609 qui
3336 1539 3600 1609 justitiam
3641 1560 3747 1598 non

2160 1630 2405 1694 discunt,
2433 1641 2488 1684 et
2519 1629 2801 1685 veritatem
2839 1646 2943 1685 non
2982 1630 3218 1696 faciunt,
3247 1632 3402 1702 juxta
3436 1638 3597 1691 verba
3627 1637 3741 1706 jam

2161 1730 2288 1776 ante
2346 1738 2374 1775 a
2441 1722 2596 1777 nobis
2647 1725 2926 1793 exposita,
2974 1726 3238 1795 propheta
3300 1727 3352 1782 in
3412 1731 3745 1786 mentionem

2090 1803 2130 1857 Β
2162 1813 2476 1868 Israelitica:
2514 1814 2869 1882 ignorationis
2903 1818 3064 1872 simul
3098 1829 3152 1871 et
3187 1819 3566 1876 inobedientia:
3602 1824 3743 1878 inci-

2159 1905 2255 1959 dit.
2281 1904 2415 1959 Nam
2444 1907 2816 1962 universorum
2846 1907 3021 1976 opifex
3055 1910 3196 1966 Deus
3231 1912 3485 1973 Verbum.
3514 1912 3746 1969 fortissi.

2159 2012 2303 2051 mum
2344 1996 2523 2053 Patris
2564 1999 2868 2065 brachium,
2900 2016 2995 2070 per
3035 2018 3194 2070 quem
3239 2005 3421 2060 omnia
3465 2006 3515 2060 itt
3568 2006 3744 2061 lucem

2158 2098 2446 2159 ortumque
2503 2090 2906 2160 producuntur,
2965 2092 3021 2145 in
3077 2092 3254 2148 forma
3321 2104 3377 2150 et
3432 2096 3742 2166 mqualitate

2156 2177 2337 2234 Patris
2364 2179 2654 2246 exsistens,
2685 2196 2805 2236 sese
2832 2182 2898 2236 ad
2929 2182 3290 2239 voluntariam
3319 2186 3742 2244 exinanitionem

2156 2270 2404 2337 demisit,
2456 2286 2622 2341 seque
2669 2273 2783 2341 ipse
2825 2273 3158 2339 humiliavit,
3207 2285 3267 2330 ut
3314 2277 3576 2347 scriptum
3626 2288 3757 2355 est,_

2156 2359 2330 2413 fat-tus
2374 2361 2560 2427 homo,
2598 2371 2655 2416 ut
2694 2376 2787 2418 eos
2825 2363 2914 2433 qui
2961 2363 3015 2419 in
3053 2373 3196 2419 terra
3226 2377 3363 2434 sunt
3400 2368 3745 2438 iustificam,

2154 2467 2253 2522 per
2276 2450 2433 2506 fidem
2463 2453 2673 2509 scilicet
2697 2454 2749 2508 in
2778 2456 2951 2525 ipsum
2979 2474 2994 2511 :
3025 2471 3088 2511 ac
3113 2473 3232 2526 quae
3256 2460 3556 2514 orationem
3580 2478 3742 2517 exce-

2157 2542 2319 2607 dunt,
2346 2553 2598 2611 operatus
2630 2552 2745 2609 est,
2775 2554 2830 2599 et
2859 2560 2980 2601 cum
3013 2548 3186 2614 Deus,
3214 2558 3270 2604 et
3301 2563 3368 2603 ex
3402 2549 3512 2605 Deo
3544 2562 3739 2605 natura

2156 2643 2332 2700 esset,
2358 2649 2421 2689 ex
2456 2650 2636 2690 rerum
2668 2647 2941 2707 gestarum
2975 2641 3347 2712 magnitudine
3373 2642 3624 2711 dignatus
3651 2657 3740 2699 est

2158 2728 2528 2797 innotescere,
2558 2730 2809 2800 inquiens
2845 2749 2860 2786 :
2898 2752 2917 2784 ι
2953 2731 3010 2787 Si
3041 2748 3149 2788 non
3188 2732 3331 2790 facio
3361 2750 3522 2805 opera
3566 2736 3747 2792 Patris

2158 2821 2284 2886 mei,
2321 2822 2488 2877 nolite
2529 2824 2660 2877 mihi
2705 2825 2927 2880 credere
2968 2842 2983 2879 :
3026 2825 3073 2881 si
3119 2825 3280 2891 facio,
3313 2828 3415 2883 etsi
3440 2828 3585 2883 mihi
3631 2846 3742 2884 non

2156 2911 2408 2978 creditis,
2440 2914 2694 2982 operibus
2739 2916 3035 2971 credite".
3072 2935 3093 2969 ι
3143 2917 3214 2972 At
3260 2918 3349 2973 isti
3400 2935 3580 2975 rerum
3628 2929 3739 2974 tatu

2158 3001 2485 3056 mirabiliqu
2530 3015 2863 3072 Spectatores
2883 3048 2899 3074 ,
2936 3006 3160 3077 ejusque
3188 3024 3496 3064 sermonum
3528 3012 3745 3066 audito-

2159 3108 2245 3148 res
2279 3094 2559 3163 ipsissimi,
2584 3096 2853 3166 praefracti
2884 3107 3057 3153 tamen
3086 3106 3141 3155 et
3165 3101 3546 3158 admonitionis
3571 3104 3743 3172 impa-

2082 3156 2126 3218 (ί
2163 3187 2360 3241 tientes
2392 3198 2795 3255 remanserunt,
2824 3191 2931 3245 imo
2964 3192 3140 3259 potius
3169 3194 3281 3248 oris
3306 3197 3388 3249 sui
3415 3195 3560 3252 fores
3587 3212 3742 3267 patu-

2159 3278 2240 3334 Ias
2282 3278 2626 3349 eflrcnesque
2655 3282 2975 3337 habuerunt.
3002 3281 3135 3338 Nam
3169 3284 3563 3341 Samaritanum
3593 3303 3739 3352 euut,

2155 3382 2210 3428 et
2253 3374 2563 3437 ebriosum,
2596 3383 2649 3427 ct
2694 3373 2830 3428 fabri
2874 3375 3079 3440 filium,
3114 3385 3169 3431 et
3213 3378 3521 3433 nominibus
3565 3381 3744 3436 adhuc

2154 3464 2514 3520 odiosioribus
2544 3465 2691 3534 impii
2719 3466 2989 3520 audebant
3012 3466 3303 3537 appellare.
3328 3468 3461 3524 Cum
3489 3472 3600 3526 haec
3623 3472 3745 3528 face

2155 3558 2375 3626 spiritus
2403 3558 2763 3626 prmscivisset
2792 3559 3074 3627 propheta,
3101 3561 3265 3615 verba
3294 3561 3408 3616 haec
3434 3562 3498 3615 ad
3526 3561 3738 3617 Patrem

2156 3663 2219 3702 ac
2250 3648 2418 3703 Deum
2454 3651 2506 3703 in
2539 3650 2695 3703 caelis
2724 3649 2888 3718 facit,
2912 3661 2967 3705 et
2997 3651 3171 3722 inquit
3214 3670 3229 3706 :
3273 3653 3531 3721 Domine,
3559 3658 3741 3710 excel-

2154 3755 2273 3794 sum
2300 3750 2448 3794 tuum
2471 3753 2553 3796 est
2577 3741 2878 3806 brachium,
2901 3750 2957 3797 et
2980 3758 3084 3797 non
3109 3756 3499 3813 cognoverunt.
3524 3746 3741 3801 Etenim

2157 3848 2220 3885 ex
2282 3849 2391 3888 suae
2442 3834 2771 3904 prmslantite
2819 3834 3109 3904 dignitate,
3159 3845 3213 3890 et
3257 3837 3396 3892 velut
3442 3853 3510 3893 ex
3559 3840 3739 3896 divina

2156 3925 2320 3994 gloria
2351 3940 2575 3995 magnus
2603 3936 2654 3979 et
2680 3927 2930 3981 excelsus
2954 3938 3040 3983 est
3064 3967 3079 3992 ,
3104 3938 3157 3983 et
3183 3930 3530 3997 prmvalidum
3563 3932 3740 3988 Patris

2159 4014 2466 4078 brachium,
2513 4013 2763 4068 nimirum
2816 4031 2913 4085 per
2962 4032 3120 4086 quem
3173 4018 3309 4074 fiunt
3352 4024 3534 4076 omnia
3592 4024 3740 4080 Deus

2160 4104 2416 4160 Verbum.
2452 4104 2747 4175 Postquam
2791 4117 2973 4162 autem
3019 4109 3073 4165 in
3114 4126 3277 4167 carne
3322 4117 3589 4183 apparuit,
3622 4119 3744 4186 ejus

2159 4199 2541 4267 iguoraverunt
2581 4198 2832 4265 gloriam.
2879 4200 3076 4256 Verum
3120 4204 3483 4270 erubesceut,
3545 4208 3740 4277 inquit,

2158 4290 2247 4342 tthi
2275 4304 2396 4343 eum
2425 4289 2713 4344 didicerint
2742 4305 2886 4359 esse,
2912 4292 3162 4348 videlicet
3187 4296 3456 4351 vivificum
3490 4298 3581 4352 Dei
3611 4298 3738 4355 Ver-

2160 4382 2307 4436 bum.
2336 4381 2654 4437 Didicerunt
2687 4393 2869 4437 autem
2900 4385 3214 4453 quomodo?
3241 4386 3373 4442 Nam
3410 4389 3509 4457 ipsi
3538 4392 3743 4459 princi-

477 4479 718 4549 Ἐμαθον
748 4480 804 4533 δὲ
833 4480 955 4533 τίνα
981 4480 1216 4553 τρόπον;
1242 4481 1406 4534 Αὐτοὶ
1440 4481 1538 4552 μὲν
1564 4479 1674 4552 γὰρ
1697 4479 1789 4533 τὸν
1814 4481 2056 4551 ἀρχηγὸν

2161 4488 2279 4541 pem
2308 4472 2498 4528 salutis
2524 4474 2937 4540 interfecerunt,
2958 4484 3013 4530 et
3035 4486 3278 4532 sanctum
3306 4477 3474 4534 Israel
3504 4499 3738 4551 negave-

473 4569 571 4639 τῆς
599 4572 871 4641 σωτηρίας
897 4572 1271 4635 ἀπεκτείνασι,
1305 4573 1399 4625 καὶ
1424 4572 1517 4625 τὸν
1542 4571 1696 4641 ἅγιον
1716 4569 1811 4624 τοῦ
1841 4570 2055 4642 Ἰσραὴλ

474 4668 799 4739 ἠρνήσαντο,
866 4664 1118 4743 καθάπερ
1177 4666 1341 4735 φησιν
1401 4668 1429 4719 6
1485 4664 1773 4725 θεσπέσιος
1826 4663 2052 4734 Πέτρος.

491 4758 705 4828 Ἐπειδὴ
737 4758 793 4811 δὲ
824 4757 892 4811 τά
921 4756 1015 4810 τοῦ
1043 4756 1271 4810 θανάτου
1303 4755 1476 4827 δεσμὰ
1501 4755 1798 4828 διαρρήξας
1830 4758 2059 4825 τριήμε-

479 4869 571 4923 ρος
622 4850 823 4905 ἀνεϐίω
872 4848 1124 4920 Χριστὸς,
1168 4848 1263 4900 καὶ
1302 4847 1461 4901 τοῦτο
1504 4846 1808 4915 ἐγνώκασιν
1860 4845 1909 4897 οἱ
1947 4844 2057 4898 τῶν

490 4942 755 4996 Ἰουδαίων
788 4941 1019 5010 μάλιστα
1048 4939 1374 5009 καθηγηταὶ,
1407 4938 1528 4990 τότε
1556 4937 1643 5007 δὴ,
1670 4937 1790 4990 τότε
1815 4935 1906 4988 καὶ
1931 4952 2059 4989 κατ-

478 5032 841 5105 ῃσχύνοησαν,
870 5031 963 5084 καὶ
992 5029 1123 5099 γοῦν
1150 5030 1379 5094 δεδιότες
1409 5030 1485 5101 μὴ
1511 5029 1620 5100 ἄρα
1644 5045 1760 5089 πως
1790 5028 2058 5081 ἔκπυστον

480 5125 557 5186 είς
586 5122 832 5185 ἅπαντας
875 5122 935 5174 τὸ
974 5119 1077 5188 τῆς
1104 5120 1453 5180 ἀναστάσεως
1496 5119 1703 5188 γένοιτο
1738 5117 2055 5188 μυστήριον,

478 5214 717 5285 ἀργύρια
754 5212 914 5266 ἱκανὰ
943 5211 1206 5264 δεδώκασι
1236 5212 1349 5273 τοῖς
1379 5208 1758 5280 στρατιώταις,
1787 5207 1932 5260 καθὰ
1965 5207 2057 5274 γέ-

479 5322 739 5376 γραπται·
773 5306 860 5359 ἵνα
886 5303 1111 5358 εἴπωσιν
1137 5304 1221 5358 ὃτι
1255 5322 1272 5354 ι
1303 5301 1633 5372 υἱξμαθηταὶ
1666 5298 1832 5353 αὐτοῦ
1866 5299 2058 5362 νυκτὸς

479 5398 726 5460 ἐλθόντες
750 5396 985 5466 ἔκλεψαν
1010 5396 1193 5451 αὐτόν.
1220 5391 1714 5463 »Αίσχυνθήσονται
1734 5390 1790 5442 δὲ
1820 5389 1915 5443 καὶ
1939 5388 2057 5442 καθ’

479 5488 664 5558 ἓτερον
693 5488 915 5559 τρόπον.
940 5488 1108 5540 ’Ὅταν
1141 5485 1250 5557 γάρ
1284 5484 1468 5538 ἴδωσιν
1495 5481 1658 5535 αὐτὸν
1685 5484 1742 5535 ὲν
1773 5484 1836 5553 τῇ
1871 5496 2058 5534 συντε-

480 5576 600 5648 λείᾳ
643 5577 736 5629 τοῦ
782 5577 977 5639 αἰῶνος
1016 5576 1309 5647 ἐρχόμενον
1359 5575 1418 5627 ὲν
1456 5574 1523 5643 τῇ
1562 5569 1687 5642 δόξῃ
1722 5570 1817 5624 τοῦ
1850 5571 2061 5641 Πατρὸς

484 5666 624 5736 μετά
671 5667 780 5719 τῶν
827 5665 1091 5735 ἀγγέλων,
1134 5662 1397 5721 τότεκαὶ
1429 5662 1696 5733 ἐντροπὴν
1741 5661 1920 5727 ἕξουσι
1960 5660 2061 5729 τὴν

2160 4574 2306 4628 runt,
2347 4565 2489 4620 sicut
2512 4567 2588 4618 ait
2615 4565 2829 4619 divinus
2857 4565 3048 4622 Petrus
3070 4568 3139 4621 ".
3181 4568 3535 4641 Posteaquam
3560 4585 3742 4630 autem

2158 4655 2373 4710 vincula
2420 4654 2608 4709 mortis
2650 4656 2962 4726 dirttpisset,
2992 4659 3151 4713 tertia
3182 4660 3269 4714 die
3313 4665 3543 4719 revixit:
3576 4666 3745 4741 365

2161 4748 2303 4817 quod
2319 4746 2624 4802 Judaeorum
2654 4749 2887 4803 maxime
2913 4748 3163 4806 doctores
3198 4754 3741 4827 resciverunt.'l‘uuc,

2163 4849 2293 4895 tunc
2332 4853 2463 4894 sane
2506 4839 2860 4907 erubuerunt,
2892 4849 2946 4894 et
2974 4842 3130 4897 veriti
3174 4847 3457 4914 nequando
3496 4864 3739 4906 resurre-

2165 4934 2359 4987 ctionis
2404 4934 2718 5003 mysterium
2762 4934 2813 4988 in
2855 4935 3045 5005 vulgus
3083 4941 3565 5010 percelebraretur,
3599 4948 3735 5002 mul-

2170 5035 2277 5080 tum
2326 5036 2606 5094 argentum
2653 5028 2918 5083 dederunt
2961 5030 3256 5100 militibus,
3286 5035 3430 5090 sicut
3472 5038 3735 5107 scriptum

2164 5127 2266 5182 est,
2300 5126 2359 5170 ιιι
2399 5117 2642 5171 dicerent
2681 5136 2699 5173 :
2744 5138 2763 5170 ι
2814 5118 3072 5190 Discipuli
3113 5122 3229 5192 ejus
3271 5135 3430 5180 noctu
3459 5128 3739 5186 venientes

2168 5208 2324 5261 furati
2358 5216 2483 5262 sunt
2513 5208 2656 5263 illum
2682 5211 2748 5263 ⁷³.
2784 5228 2804 5262 ι
2853 5209 3188 5268 Erubesceut
3210 5217 3372 5269 etiam
3411 5216 3520 5271 alio
3557 5222 3735 5276 modo.

2165 5299 2391 5366 Quando
2444 5301 2585 5355 enim
2639 5301 2870 5354 viderint
2919 5303 2975 5356 in
3036 5307 3497 5361 consummatione
3552 5312 3733 5365 szeculi

2163 5389 2483 5452 venientem,
2508 5389 2558 5441 in
2589 5387 2753 5459 gloria
2782 5389 2959 5445 Patris
2985 5406 3105 5445 cum
3137 5394 3340 5448 sanctis
3364 5398 3586 5465 angelis,
3610 5408 3733 5457 tunc

2165 5479 2327 5532 etiam
2357 5479 2561 5549 pudore
2586 5478 2801 5534 infinito
2829 5480 3226 5537 sull’uudetttur.
3258 5483 3391 5539 Nam
3426 5487 3516 5541 lilii
3552 5492 3734 5559 sponsi

2167 5585 2286 5622 cum
2313 5578 2510 5632 essent,
2534 5580 2752 5639 propter
2780 5581 2983 5639 patres,
3006 5573 3239 5643 ipsorum
3266 5577 3411 5631 enim
3435 5588 3588 5633 erant
3613 5595 3732 5648 pro-
3798 5603 3805 5635 τ

2168 5661 2454 5716 missiones
2484 5671 2537 5715 et
2569 5661 2837 5733 Iegislatio
2864 5673 2918 5719 et
2944 5675 3350 5735 testamentum,
3371 5669 3520 5731 missi
3555 5682 3734 5727 tamen
3799 5681 3804 5693 '

555 5844 679 5875 '3'”
699 5843 855 5899 Joan.
878 5860 958 5910 ιιι,
985 5845 1077 5898 I8.
1152 5845 1198 5876 "°
1224 5842 1380 5897 Joan.
1403 5859 1459 5909 ι,
1481 5844 1570 5910 37,
1597 5842 1686 5897 58.
1761 5842 1806 5873 '“
1830 5841 1951 5896 Act.
1976 5854 2056 5901 ιιι,

2157 5838 2282 5901 ,Ib’.
2356 5840 2404 5871 ⁷³η
2425 5838 2615 5895 Matth.
2642 5857 2829 5905 3mm,
2860 5844 2943 5896 15.
3004 5859 3011 5864 ‘
