4162 6392
474 398 570 456 579

1495 390 1554 446 S.
1602 387 1880 448 CYRILLI
1917 386 2387 444 ALEXANDRINI
2424 386 2747 443 ARCHIEP.

3615 388 3719 449 580

471 523 596 573 sunt
623 513 676 568 in
705 510 960 567 tenebras
987 515 1279 565 extremas.
1309 504 1641 559 Ineruditum
1670 507 1849 575 itaque
1876 520 2043 575 popu—

2147 504 2448 575 ἀμήρυτον,
2476 505 2580 557 υἰοὶ
2606 505 2705 575 μὲν
2734 504 2884 567 ὄντες
2904 504 2998 558 τοῦ
3024 502 3309 576 νυμφῶνος
3339 505 3428 559 διὰ
3455 505 3580 570 τούς
3611 524 3716 562 πα-

470 627 575 665 tum
603 607 843 663 nominat
868 619 962 660 eos
991 602 1202 657 merito.
1228 601 1291 655 Et
1318 599 1609 661 mmttlatio,
1633 601 1827 670 inquit,
1850 614 2041 670 appre-

471 701 667 756 hendet
691 712 807 761 eos,
833 704 889 750 et
917 692 1056 764 ignis
1082 691 1423 745 adversarios
1448 677 1712 745 comedet.
1735 690 2037 746 Cumenim

471 789 659 860 abiecti
691 788 923 853 fuerint,
951 792 1005 838 et
1034 798 1131 851 spe
1158 784 1209 836 in
1239 781 1516 837 Christum
1551 781 1824 849 ejecti,’et
1852 781 2037 837 decla-

477 885 581 939 rati
631 898 660 937 a
708 877 1213 949 repromissionibus
1256 875 1445 941 alieni,
1478 885 1773 945 gentesque
1822 874 2039 930 fuerunt

469 984 783 1043 assumptre:
806 972 929 1027 hinc
948 968 1289 1023 mmulatione
1312 968 1694 1031 coniiciuntur,
1711 978 1764 1022 et
1784 977 2038 1037 tanquam

470 1083 590 1137 Igne
618 1065 847 1134 quodam
881 1059 1095 1115 invidiae
1115 1058 1364 1113 videlicet
1393 1058 1577 1112 miseri
1608 1058 1909 1126 consumpti
1935 1071 2041 1109 ma-

469 1169 616 1213 nent.
641 1156 772 1211 Tale
821 1155 948 1225 quid
979 1154 1239 1222 scriptum
1268 1160 1351 1205 est
1382 1151 1434 1204 in
1466 1150 1713 1212 canticis,
1742 1150 1806 1202 de
1831 1149 1913 1203 his
1948 1149 2038 1218 qui

469 1262 592 1306 sunt
623 1248 881 1320 sanguine
912 1246 1206 1301 Israelitico
1234 1245 1338 1298 orti
1369 1261 1384 1298 :
1417 1243 1515 1311 ipsi
1540 1241 1605 1295 ad
1644 1241 2036 1296 aemulationem

470 1348 835 1412 provocarunt
856 1355 940 1393 me
969 1339 1021 1391 in
1047 1353 1152 1392 non
1177 1336 1299 1402 diis,
1327 1337 1674 1389 irritaverunt
1704 1349 1788 1387 me
1812 1334 1862 1387 in
1887 1330 2042 1389 idolis

469 1434 579 1488 suis
603 1433 671 1485 ⁷³.
704 1433 769 1485 Et
810 1446 909 1500 ego
953 1427 1294 1484 mmulatione
1341 1427 1644 1496 provocabo
1692 1442 1785 1481 eos
1835 1428 1886 1481 in
1932 1440 2038 1481 non

468 1534 645 1595 gente,
674 1524 724 1576 in
759 1533 916 1592 gente
946 1521 1109 1575 stulta
1140 1522 1203 1573 ad
1237 1521 1367 1575 iram
1400 1521 1749 1575 commovebo
1777 1536 1890 1575 eos.

2143 595 2328 666 τέρας,
2363 597 2542 649 αὐτῶν
2566 596 2674 669 γὰρ
2717 599 2772 650 αἰ
2803 597 3143 665 ἐπαγγελίαι,
3196 599 3290 651 καὶ
3334 600 3367 671 ή
3403 601 3716 670 νομοθεσία,

2145 688 2239 742 καὶ
2270 690 2301 758 ή
2333 686 2588 759 διαθήκη,
2613 688 2954 759 πεμπόμενοι
2986 690 3042 743 δὲ
3073 690 3155 753 εἰς
3189 690 3250 744 τὸ
3279 692 3469 755 σκότος
3498 692 3558 746 τὸ
3586 693 3719 758 ἐξώ-

2144 797 2320 851 τερον.
2359 781 2705 834 Ἀπαίδευτον
2726 781 2903 834 τοίνυν
2924 782 3147 847 εἰκότως
3170 784 3423 853 ὀνομάζει
3447 782 3594 849 λαὸν,
3627 786 3720 839 καὶ

2144 876 2225 928 ὅτι
2261 874 2419 944 ζῆλος
2469 874 2663 937 αὐτοὺς
2711 874 2956 945 λήψεται,
2991 876 3146 945 φησὶ,
3190 876 3277 929 καὶ
3317 876 3398 929 ὅτι
3436 876 3545 948 πῦρ
3592 878 3719 941 τούς

2143 966 2495 1028 ὑπεναντίους
2538 965 2732 1018 ἔδεται.
2788 966 3001 1036 Ἐπειδὴ
3035 967 3143 1038 γὰρ
3184 968 3533 1040 ἀπόπεμπτοι
3560 970 3720 1038 γεγό-

2142 1074 2296 1111 νασιν
2326 1058 2499 1121 αὐτοὶ,
2540 1059 2633 1110 καὶ
2676 1058 3030 1130 ὲκϐέϐληνται
3066 1060 3165 1130 τῆς
3200 1061 3279 1122 εἰς
3304 1062 3541 1132 Χριστὸν
3566 1062 3720 1117 ἐλπί-

2143 1150 2251 1214 δος,
2306 1151 2399 1204 καὶ
2444 1150 2844 1221 ἀπεδείχθησαν
2895 1151 2992 1221 μὲν
3036 1152 3304 1223 ἀλλότριοι
3348 1151 3455 1205 τῶν
3480 1154 3721 1221 ἐπαγγε-

2144 1241 2294 1302 λιῶν,
2319 1241 2667 1311 προσελήφθη
2684 1243 2739 1295 δὲ
2764 1244 2832 1296 τὰ
2863 1243 3011 1312 ἔθνη,
3030 1247 3203 1315 ταύτῃ
3228 1261 3311 1297 τοι
3341 1241 3711 1316 κατατρύχον-

2144 1351 2232 1386 ται
2273 1334 2349 1405 τῷ
2382 1334 2547 1404 ζήλῳ,
2579 1340 2670 1387 καὶ
2702 1331 2812 1388 οἷον
2844 1336 2947 1389 ὑπὸ
2985 1336 3154 1406 πυρὸς
3191 1335 3588 1405 δαπανώμενοι,
3622 1335 3715 1389 τοῦ

2145 1427 2243 1496 τῆς
2280 1426 2571 1494 βασκανίας
2598 1426 2837 1495 δηλονότι
2881 1426 3211 1480 διατελοῦσιν
3256 1429 3306 1480 οἱ
3346 1427 3585 1480 δείλαιοι.
3620 1427 3718 1479 Γέ-

2140 1518 2380 1587 γραπταί
2411 1536 2463 1570 τι
2492 1518 2727 1571 τοιοῦτον
2761 1519 2855 1571 καὶ
2885 1520 2941 1573 ὲν
2964 1519 3125 1590 ᾠδαῖς
3165 1521 3289 1591 περὶ
3324 1520 3431 1572 τῶν
3465 1519 3522 1584 ἐξ
3555 1520 3718 1589 αἵμα-

469 1634 555 1678 τος
590 1614 825 1686 Ἰσραὴλ,
853 1614 935 1667 ὅτι
969 1612 1130 1665 Αὐτοὶ
1158 1612 1546 1684 παρεζήλωσάν
1581 1630 1646 1682 με
1675 1616 1759 1666 ἐπ’
1786 1613 1847 1666 οὐ
1885 1612 2045 1676 θεοῖς⁸
2122 1611 2443 1678 παρώξυνάν
2478 1628 2545 1682 με
2609 1613 2665 1664 ὲν
2698 1614 2809 1671 τοῖς
2838 1610 3073 1676 εἰδώλοις
3107 1613 3304 1667 αὐτῶν.
3340 1612 3510 1681 Κάγὼ
3542 1630 3719 1682 παρα.

468 1708 693 1777 ζηλώσω
731 1705 926 1768 αὐτοὺς
981 1704 1066 1756 ἐπ’
1110 1703 1209 1755 οὐκ
1255 1703 1415 1756 ἔθνει·
1456 1704 1540 1756 ἐπ’
1572 1703 1714 1756 ἔθνει
1754 1704 1997 1773 ἀσυνέτῳ
2035 1702 2319 1774 παροργιῶ
2348 1702 2563 1766 αὐτούς.

540 1799 697 1852 Vsus.
723 1798 809 1863 12,
834 1796 917 1850 I5.
946 1795 1163 1848 Domine
1195 1795 1330 1846 Deus
1358 1805 1549 1857 noster,
1576 1814 1751 1861 pacem
1779 1796 1847 1849 da
1875 1798 2039 1858 nobis,

2215 1797 2390 1864 Κύριε
2433 1799 2467 1849 ὀ
2500 1795 2643 1861 Θεὸς
2672 1795 2857 1864 ἡμῶν,
2888 1795 3134 1863 εἰρήνην
3170 1795 3275 1862 δὸς
3316 1797 3478 1867 ἡμῖν,
3522 1798 3717 1852 πάντα

467 1894 641 1945 omnia
687 1893 822 1943 enim
872 1888 1139 1941 tradidisti
1188 1887 1363 1948 nobis,
1402 1886 1616 1939 Domine
1665 1887 1801 1939 Dens
1848 1900 2039 1950 noster,

466 1986 670 2053 posside
717 2000 829 2036 nos.
867 1981 1107 2043 Domine,
1138 1989 1286 2033 extra
1334 1989 1381 2034 te
1427 1980 1589 2032 alium
1632 1996 1735 2033 non
1784 1981 2039 2043 novimus,

465 2093 653 2131 nomen
683 2088 828 2129 tuum
854 2074 1204 2127 nominamus.
1455 2119 1462 2125 .

536 2168 951 2223 Consueverunt
980 2166 1151 2220 sancti
1184 2164 1477 2236 prophetae,
1502 2179 1600 2234 pro
1631 2162 1825 2219 lsraele
1857 2177 2044 2234 preces

468 2261 710 2325 fundere,
741 2267 897 2313 erant
922 2258 1065 2312 enim
1095 2258 1252 2313 amici
1286 2256 1405 2322 Dei,
1432 2264 1485 2310 et
1515 2257 1728 2326 pietatis
1757 2270 2045 2310 ornamen-

468 2355 537 2407 tis
562 2350 783 2421 pulchre
807 2348 1071 2405 coronati.
1100 2347 1236 2402 Nam
1262 2363 1327 2401 ex
1355 2346 1536 2401 radice
1556 2345 1850 2400 Abrahami
1876 2346 2042 2401 semel

466 2460 590 2498 cum
619 2451 802 2498 essent
832 2442 968 2504 sati,
995 2450 1051 2496 et
1075 2456 1142 2494 ex
1172 2438 1435 2509 sanguine
1462 2449 1767 2493 sanctorum
1799 2448 2042 2505 patrum,

468 2536 723 2591 lsraclitis
759 2534 1002 2589 tribubus
1036 2532 1148 2587 suis
1182 2530 1422 2585 indolere
1459 2530 1694 2599 oportuit
1733 2548 1747 2584 :
1790 2545 1911 2584 cum
1951 2544 2046 2585 eos

465 2640 691 2701 propter
736 2626 1065 2695 impietatem
1118 2623 1172 2676 in
1224 2622 1501 2677 Christum
1553 2621 1729 2690 perire
1776 2622 2040 2675 viderent.

469 2721 607 2776 llinc
656 2733 796 2773 nunc
842 2730 1055 2786 quoque
1104 2716 1299 2769 beatus
1346 2714 1607 2783 propheta
1647 2713 1811 2767 Isaias
1848 2713 2042 2783 pergit,

468 2813 654 2866 dicens
698 2826 712 2863 :
761 2826 779 2859 ι
828 2807 1053 2862 Domine
1095 2806 1235 2859 Deus
1276 2814 1490 2866 noster,
1529 2818 1710 2872 pacem
1750 2803 1814 2856 da
1858 2804 2043 2868 nobis,

467 2904 649 2956 omnia
677 2900 820 2956 enim
852 2897 1120 2951 tradidisti
1154 2896 1306 2950 nobis
1328 2896 1396 2948 ⁷⁵.
1430 2915 1448 2947 ι
1480 2895 1535 2948 Si
1562 2896 1703 2948 enim
1732 2896 2041 2959 donaveris,

471 2995 676 3063 inquit,
732 3004 917 3061 pacem
979 2989 1162 3052 nobis,
1216 2988 1362 3043 omni
1418 2988 1559 3042 bono
1619 2988 2043 3052 abundabimus,

470 3086 821 3152 omniumque
855 3091 1067 3136 tuorum
1098 3080 1360 3133 donorum
1401 3080 1693 3149 participes
1729 3078 2040 3133 etliciemur.

476 3179 542 3233 Et
571 3191 730 3247 quam
775 3190 958 3244 pacem
1001 3173 1365 3228 necessarium
1413 3181 1498 3227 est
1537 3173 1739 3227 videre.
1768 3172 1875 3225 Aut
1900 3172 2040 3225 enim
2072 3172 2113 3202 ν

472 3271 649 3340 ipsum
686 3275 873 3337 petunt
899 3267 1175 3322 Christttm
1209 3283 1223 3320 :
1259 3266 1375 3336 ipse
1403 3276 1486 3320 est
1509 3266 1653 3320 enim
1688 3280 1790 3333 pax
1827 3272 2041 3326 nostra,

473 3363 768 3419 secundum
802 3361 1133 3430 Scripturas,
1178 3367 1232 3413 et
1254 3374 1349 3428 per
1373 3358 1522 3412 illum
1555 3354 1817 3426 spirituali
1843 3353 2049 3409 scilicet

470 3454 793 3523 cognatione
820 3452 981 3505 etiam
1015 3450 1159 3504 Patri
1194 3452 1529 3518 copulamur.
1556 3447 1653 3512 Vel
1685 3445 1811 3501 illud
1840 3446 2046 3499 dicunt.

470 3545 575 3611 Qui
622 3543 765 3597 enim
815 3540 1047 3595 nondum
1096 3540 1475 3602 crediderunt,
1521 3537 1683 3609 365
1739 3547 1794 3590 et
1842 3538 2046 3605 peccati

472 3636 737 3692 maculam
772 3632 1039 3702 abiectam
1074 3642 1445 3701 remotamque
1480 3647 1584 3685 non
1622 3632 1848 3694 habent,
1878 3644 1905 3681 a
1941 3628 2049 3681 Deo

472 3726 701 3797 sejuncti
736 3732 888 3786 sunt,
918 3730 971 3776 et
1000 3723 1052 3777 in
1089 3723 1328 3778 hostium
1360 3722 1475 3777 loco
1501 3721 1646 3790 juste
1674 3728 2046 3782 numerantur,

473 3831 528 3874 et
565 3818 793 3885 superba
830 3816 1039 3871 cervice
1077 3823 1237 3876 sunt,
1272 3823 1326 3866 et
1364 3812 1617 3866 adversus
1658 3813 1801 3879 ipsas
1840 3809 2047 3863 Domini

474 3913 620 3981 leges
657 3918 919 3978 pugnant.
946 3909 1015 3961 At
1049 3909 1141 3977 qui
1178 3906 1429 3976 morigeri
1464 3915 1618 3967 sunt,
1646 3913 1701 3957 et
1735 3904 1799 3955 ad
1839 3900 2048 3973 frenum

475 4003 701 4065 ﬂexiles,
728 4012 781 4056 et
811 4002 877 4054 ad
907 4000 1085 4056 omnia
1112 4014 1231 4068 qua:
1256 3998 1303 4051 ei
1334 3997 1543 4065 placent
1573 3995 1766 4063 parati,
1791 3991 2050 4045 amantis-

474 4096 597 4149 simi
629 4104 777 4159 sunt,
816 4106 1107 4163 pacemque
1140 4106 1260 4144 cum
1296 4104 1360 4143 eo
1396 4090 1611 4141 habent.
1639 4086 1899 4139 Cancrum
1931 4096 2053 4137 vere

479 4188 571 4241 Dei
602 4185 799 4239 donum
829 4194 929 4248 est,
953 4194 1004 4236 et
1030 4196 1094 4234 ex
1125 4195 1355 4247 superna
1384 4178 1527 4232 venit
1560 4175 1945 4229 rnuniﬂeentia.
1977 4173 2049 4226 Da

476 4279 643 4348 igitur
670 4277 843 4339 nohis,
868 4293 901 4329 ο
932 4274 1175 4338 Domine,
1204 4282 1260 4325 ut
1290 4284 1471 4340 pacem
1504 4270 1796 4322 habeamus
1819 4282 1943 4334 erga
1974 4276 2046 4331 te,

473 4381 529 4427 et
561 4368 787 4440 profano
815 4382 877 4421 ac
903 4364 1203 4421 detestabili
1232 4373 1457 4431 peccato
1484 4376 1514 4415 e
1542 4361 1719 4415 medio
1749 4359 2047 4429 proﬂigato,

477 4466 576 4520 tibi
603 4462 955 4533 spiritualitcr
977 4475 1072 4529 per
1097 4457 1444 4511 mediatorem
1475 4455 1745 4509 Christum
1776 4455 2043 4507 uniamur.

480 4555 795 4620 Cujusmodi
836 4564 921 4606 est
968 4550 1094 4604 illud
1138 4548 1360 4603 Paulina
1405 4561 1537 4600 voce
1580 4546 1782 4599 dictum
1832 4556 1978 4598 recte
2028 4561 2042 4596 :

482 4667 501 4700 ι
552 4645 845 4702 Justiticati
891 4643 1056 4711 igitur
1099 4657 1165 4695 ex
1216 4643 1351 4705 lide,
1384 4654 1571 4708 pacem
1622 4637 1877 4691 habemus
1919 4650 2045 4705 erga
2095 4634 2099 4637 ’

477 4740 644 4795 Deum
687 4752 781 4806 per
816 4735 1096 4789 Dominum
1130 4741 1183 4784 et
1218 4731 1560 4785 Servatorem
1594 4738 1835 4782 nostrum
1866 4724 2049 4780 Jesum

477 4832 757 4888 Christum
782 4830 850 4883 ".
886 4847 903 4879 ι
941 4826 1090 4891 Quod
1121 4839 1240 4877 cum
1272 4821 1469 4877 factum
1500 4819 1689 4883 fuerit,
1718 4820 1810 4873 Dei
1839 4832 2052 4886 posses-

477 4921 560 4975 sio
601 4929 655 4974 et
693 4932 811 4974 sors
854 4917 1075 4969 erimus.
1117 4912 1249 4967 llinc
1290 4911 1567 4980 sapienter
1600 4908 1829 4962 infertur
1864 4907 1991 4960 illud
2030 4923 2045 4960 :

480 5014 733 5075 Domine,
764 5008 979 5079 posside
1014 5020 1132 5061 nos.
1167 5004 1333 5057 Extra
1375 5011 1425 5054 te
1465 5001 1626 5053 alium
1669 5015 1772 5053 non
1816 5001 2048 5062 scimus,

480 5117 673 5157 nomen
708 5111 856 5152 tuum
888 5098 1249 5150 nominamus.
1278 5090 1511 5144 Moribus
1541 5090 1685 5143 enim
1716 5088 1918 5142 similes
1941 5088 2051 5141 sint

481 5200 721 5260 oportet,
751 5198 805 5243 et
836 5188 943 5242 Deo
974 5188 1073 5240 soli
1106 5184 1411 5254 conjuncti,
1444 5180 1532 5249 qui
1564 5195 1686 5234 cum
1715 5180 1831 5249 ipso
1863 5193 2047 5248 pacem

481 5284 685 5339 habent
727 5298 742 5336 ι
785 5283 860 5336 ita
898 5290 959 5333 ut
998 5279 1143 5331 illum
1188 5286 1243 5329 et
1284 5274 1457 5329 solum
1503 5273 1708 5336 sciant,
1739 5282 1793 5326 et
1831 5271 2049 5325 alterius

482 5372 837 5428 commentitii
861 5370 956 5425 Dei
982 5384 1174 5423 nomen
1202 5366 1421 5422 omnino
1449 5380 1515 5420 ne
1541 5365 1594 5420 in
1626 5364 1804 5432 lingua
1830 5362 2047 5432 quidem

483 5473 692 5536 gerant.
724 5463 911 5518 Solum
948 5463 1091 5517 enim
1126 5460 1306 5527 illum,
1334 5458 1458 5528 quia
1495 5456 1640 5511 solus
1670 5465 1754 5511 est
1783 5465 1966 5510 noster
1994 5465 2047 5508 et

485 5565 676 5609 natura
719 5563 774 5607 et
817 5554 1045 5607 veritate
1094 5552 1265 5615 Deus,
1301 5550 1580 5605 nominare
1618 5555 1847 5615 Oportet.
1882 5546 2051 5612 Quale

482 5655 568 5703 est
592 5645 742 5711 illud,
765 5658 869 5713 quo
888 5659 984 5698 nos
1012 5643 1096 5697 les
1128 5640 1513 5711 sapientissimi
1546 5638 1710 5693 Mosis
1736 5638 1894 5693 aliata
1923 5649 2005 5692 est
2032 5654 2046 5692 :

554 5821 601 5857 "
622 5820 762 5877 Psal.
785 5834 986 5884 uxm,
1009 5818 1097 5873 58.
1172 5817 1218 5849 "
1242 5817 1338 5872 lsa.
1366 5832 1512 5881 xxvi,
1541 5813 1625 5869 19.
1701 5815 1744 5845 "
1769 5814 1921 5869 Rom.
1951 5829 2000 5881 ν,
2028 5815 2079 5870 l.

2146 1887 2593 1957 γὰρξάπέδωκας
2618 1888 2778 1957 ἡμῖν’
2814 1890 2989 1956 Κύριε
3020 1892 3052 1941 ὁ
3094 1889 3237 1955 Θεὸς
3268 1889 3454 1959 ἡμῶν,
3497 1890 3715 1958 κτῆσαι

2146 1981 2321 2048 ἡμᾶς.
2363 1982 2559 2049 Κύριε,
2597 1980 2769 2045 ἐκτός
2803 1997 2919 2035 σου
2970 1981 3163 2036 ἅᾸλον
3198 1985 3308 2036 οὐκ
3338 1982 3615 2051 οἴδαμεν*
3651 1984 3716 2038 τὸ

2144 2073 2331 2142 ὄνομά
2352 2090 2467 2127 σου
2492 2072 2873 2142 ὀνομάζομεν.

2219 2166 2377 2229 Ἔθος
2426 2168 2537 2228 τοῖς
2583 2167 2755 2234 ἁγίοις
2804 2168 3130 2237 προφήταις,
3185 2166 3283 2230 τὰς
3324 2167 3464 2239 ὐπέρ
3511 2185 3573 2237 γε
3620 2164 3713 2220 τοῦ

2153 2259 2372 2330 Ἰσραὴλ
2396 2259 2664 2313 ποιεῖσθαι
2692 2258 2863 2323 λιτὰς,
2896 2255 3034 2330 ἦσαν
3064 2260 3163 2329 μὲν
3194 2260 3305 2330 γὰρ
3340 2260 3592 2329 φιλόθεοι,
3624 2263 3716 2315 καὶ

2142 2352 2255 2414 τοῖς
2297 2352 2376 2413 εἰς
2416 2350 2698 2403 εὐσέϐειαν
2728 2351 3041 2421 αὐχήμασιν
3069 2347 3125 2405 εὖ
3158 2351 3301 2422 μάλα
3341 2352 3717 2422 κατεστεμμέ-

2144 2459 2244 2495 νοι.
2298 2441 2512 2513 Ἐπειδὴ
2550 2442 2606 2495 δὲ
2641 2442 2787 2508 ἀπαξ
2832 2445 2895 2495 ὲκ
2931 2444 3086 2513 ῥίζης
3129 2445 3429 2514 πεφήνασιν
3468 2444 3717 2515 Ἀϐραὰμ

2145 2533 2239 2587 καὶ
2265 2534 2322 2599 ἐξ
2350 2535 2579 2603 αἵματος
2604 2533 2711 2587 τῶν
2739 2533 2907 2602 ἁγίων
2954 2535 3203 2605 πατέρων
3234 2536 3717 2603 ὲπιστυγνάζουσιν

2145 2625 2456 2693 ἀναγκαίως
2478 2626 2553 2685 ώς
2578 2626 2861 2695 ὀμογενέσι
2891 2627 3001 2688 τοῖς
3033 2627 3090 2692 ἐξ
3124 2625 3334 2697 Ἰσραὴλ
3357 2626 3589 2697 ὁρῶντες
3611 2627 3717 2679 dt-

2144 2717 2457 2787 ολλυμένοις
2489 2717 2578 2770 διά
2607 2735 2667 2786 γε
2695 2719 2795 2788 τὴν
2841 2719 2919 2781 εἰς
2948 2718 3181 2791 Χριστὸν
3212 2718 3548 2772 δυσσέϐειαν.
3576 2717 3717 2771 Ταύ-

2143 2826 2210 2879 τῃ
2249 2826 2331 2862 τοι
2362 2812 2455 2862 καὶ
2475 2808 2568 2861 νῦν
2599 2810 2626 2862 ὀ
2667 2808 2933 2880 μακάριος
2974 2811 3257 2879 προφήτης
3291 2810 3513 2871 Ἡσαΐας
3553 2808 3718 2878 πρόσο

2145 2918 2249 2953 εισι
2278 2900 2470 2969 λέγων·
2506 2920 2524 2951 ι
2566 2900 2738 2970 Κύριε
2768 2901 2796 2953 ὀ
2822 2901 2951 2965 Θεὸς
2988 2902 3163 2972 ἡμῶν,
3197 2901 3415 2973 εἰρήνην
3444 2901 3530 2963 δὺς
3561 2902 3713 2971 ἡμῖν·

2144 2992 2321 3045 πάντα
2350 2992 2460 3061 γὰρ
2490 2992 2776 3054 ἀπέδωκας
2802 2993 2955 3062 ήμῖν.
2992 3011 3009 3043 ι
3040 2993 3103 3046 Εἰ
3125 2993 3231 3063 γὰρ
3260 2991 3527 3062 χαρίσαιο,
3561 2990 3716 3059 φησι,

2144 3085 2242 3153 τὴν
2284 3085 2502 3155 εἰρήνην
2532 3086 2684 3153 ἡμῖν,
2725 3084 2925 3147 παντὸς
2953 3083 3189 3153 ἐσόμεθα
3233 3083 3460 3153 πλήρεις
3492 3082 3716 3152 ἀγαθοῦ,

2149 3175 2242 3227 καὶ
2270 3176 2661 3245 ἀπεσχήκαμεν
2683 3175 2787 3227 τῶν
2810 3172 2962 3245 παρά
2994 3172 3085 3226 σοῦ
3114 3175 3472 3244 χαρισμάτων
3501 3172 3720 3227 τελειω-

2148 3265 2314 3333 τάτην
2343 3268 2441 3335 τὴν
2469 3266 2708 3336 μέθεξιν.
2737 3267 2845 3320 Καὶ
2872 3266 3030 3319 ποίαν
3064 3264 3304 3319 αἰτοῦσιν
3323 3267 3566 3338 εἰρήνην,
3596 3265 3721 3318 ἰδεῖν

2148 3356 2463 3423 ἀναγκαῖον·
2503 3356 2534 3427 ἢ
2568 3358 2675 3426 γὰρ
2706 3356 2867 3410 αὐτὸν
2896 3356 3106 3410 αἰτοῦσι
3132 3357 3386 3426 Χριστόνο
3427 3356 3587 3420 αὐτὸς
3613 3357 3721 3428 γάρ

2148 3448 2294 3500 ἐστιν
2322 3450 2354 3519 ή
2386 3451 2571 3519 εἰρήνη
2599 3450 2773 3519 ήμῶν,
2801 3450 2940 3502 κατά
2965 3448 3061 3513 τὰς
3084 3448 3325 3519 Γραφάς,
3351 3452 3445 3502 καὶ
3469 3450 3534 3503 δι’
3557 3450 3719 3504 αὐτοῦ

2150 3541 2503 3611 συνήφθημεν
2549 3539 2625 3609 τῷ
2656 3541 2848 3611 Πατρὶ,
2901 3540 2966 3592 δι’
2998 3539 3331 3611 οἰκειότητος
3372 3541 3447 3605 δὲ,
3483 3542 3722 3612 δηλονότι

2148 3633 2247 3702 τῆς
2285 3632 2680 3700 πνευματικῆς.
2712 3632 2780 3684 ’Ὴ
2810 3631 2939 3701 γοῦν
2967 3633 3142 3685 ἐκεῖνό
3182 3650 3363 3701 φασιν.
3390 3635 3453 3686 Oi
3480 3635 3576 3705 μὲν
3614 3634 3722 3707 γὰρ

2148 3722 2299 3775 οὐπω
2338 3721 2746 3782 πιστεύσαντες,
2772 3722 2864 3773 καὶ
2894 3722 3263 3792 ἀναπόϐλητον
3293 3722 3505 3793 ἔχοντες
3532 3724 3627 3793 τὴν
3658 3727 3724 3778 ὲκ

2146 3814 2246 3884 τῆς
2290 3813 2561 3883 ἁμαρτίας
2596 3812 2805 3883 κηλῖδα,
2852 3812 3165 3883 διεστήκασι
3202 3814 3295 3867 τοῦ
3330 3816 3486 3878 Θεοῦ,
3528 3816 3620 3870 καὶ
3665 3820 3722 3870 ὲν

2147 3904 2358 3975 ἐχθρῶν
2387 3905 2537 3967 τάξει
2561 3904 2805 3957 νοοῦνται
2840 3904 3080 3968 δικαίως,
3112 3905 3313 3975 γαῦρόν
3338 3921 3395 3959 τε
3425 3906 3604 3977 έχουσι
3634 3909 3722 3961 τὸν

2148 3998 2370 4068 αὐχένα,
2408 3998 2501 4049 καὶ
2534 3998 2644 4059 τοῖς
2685 3996 2779 4049 τοῦ
2810 3996 3075 4049 Δεσπότου
3115 3999 3378 4069 μάχονται
3421 3999 3622 4069 νόμοις.
3659 4004 3722 4052 Οἰ

2147 4089 2203 4142 δὲ
2233 4087 2504 4150 εὐπειθεῖς
2529 4088 2621 4140 καὶ
2648 4088 2871 4156 εὐήνιοι,
2903 4090 2996 4141 καὶ
3023 4088 3154 4160 πρὸς
3182 4092 3287 4142 πᾶν
3321 4089 3494 4144 ὁτιοῦν
3519 4090 3722 4161 ἕτοιμοι

2148 4179 2255 4233 τῶν
2294 4180 2476 4242 αὐτοῖς
2506 4180 2851 4250 ἀρεσκόντων
2888 4180 3191 4248 φιλαίτατοί
3216 4183 3276 4236 τέ
3308 4185 3411 4238 εἰσι
3449 4184 3543 4238 καί⁵
3573 4187 3722 4257 εἰρή-

2149 4291 2246 4344 νην
2277 4274 2459 4344 ἔχουσι
2505 4272 2639 4343 πρὸς
2668 4273 2847 4324 αὐτόν.
2896 4274 3033 4325 Ἀλλ’
3067 4274 3180 4327 ἔστι
3209 4275 3267 4328 τὸ
3298 4278 3485 4349 χρῆμα
3511 4278 3720 4332 θεόσδο-

2149 4384 2237 4418 τον
2265 4366 2497 4436 ἀληθῶς,
2529 4366 2622 4417 καὶ
2648 4364 2737 4417 διὰ
2768 4365 2868 4434 τῆς
2902 4366 3106 4419 ἄνωθεν
3140 4367 3447 4439 φιλοτιμίας
3492 4372 3721 4443 ἐρχόμε-

2149 4474 2257 4511 νον.
2287 4458 2383 4518 Δὸς
2410 4456 2587 4509 τοίνυν
2623 4458 2773 4527 ἡμῖν,
2802 4450 2846 4508 ὦ
2874 4458 3137 4524 Δέσποτα,
3159 4460 3219 4512 τὸ
3251 4461 3560 4532 εἰρηνεῦσαι
3586 4464 3719 4534 πρὸς

2153 4549 2230 4611 σὲ,
2258 4550 2349 4601 καὶ
2377 4551 2439 4602 ὲκ
2468 4550 2632 4620 μέσου
2656 4551 2954 4621 γενομένης
2974 4552 3072 4618 τῆς
3100 4552 3324 4622 βεϐήλου
3353 4555 3443 4607 καὶ
3465 4554 3721 4626 βδελυροῖς

2152 4638 2423 4710 ἁμαρτίας
2485 4639 2749 4709 ένωθῆναί
2800 4657 2882 4692 σοι
2941 4644 3319 4716 πνευματικῶς
3371 4645 3457 4697 διὰ
3503 4648 3722 4715 μεσίτου

2152 4729 2410 4800 Χριστοῦ.
2436 4730 2686 4783 Τοιοῦτόν
2710 4732 2823 4783 ἐστι
2848 4732 2907 4785 τὸ
2932 4732 3017 4785 διὰ
3055 4734 3154 4802 τῆς
3181 4734 3272 4786 τοῦ
3307 4736 3515 4788 Παύλου
3544 4740 3722 4808 φωνῆς

2151 4820 2324 4891 ὀρθῶς
2386 4822 2695 4891 εἰρημένον·
2730 4842 2749 4874 ι
2791 4824 3178 4889 Δικαιωθέντες
3234 4822 3325 4879 οὖν
3371 4829 3434 4880 ἐκ
3467 4830 3721 4893 πίστεως,

2150 4914 2371 4984 εἰρήνην
2396 4914 2589 4983 ἔχομεν
2617 4916 2751 4986 πρὸς
2770 4916 2859 4969 τὸν
2876 4916 3006 4969 Θεὸν
3032 4917 3119 4971 διὰ
3145 4918 3238 4971 τοῦ
3271 4921 3475 4992 Κυρίου
3499 4922 3594 4975 καὶ
3621 4924 3721 4975 Σω⁹

2149 5002 2312 5072 τῆρος
2333 5004 2487 5073 ήμῶν
2516 5003 2689 5074 Ἰησοῦ
2716 5006 2975 5077 Χριστοῦ,
3008 5028 3026 5059 ι
3048 5001 3108 5061 οῦ
3131 5009 3192 5081 δὴ
3226 5013 3503 5079 γεγονότος
3536 5015 3723 5085 κτῆσις

2149 5094 2404 5164 ἐσόμεθα,
2434 5095 2529 5148 καὶ
2552 5097 2749 5167 κλῆρος
2773 5098 2926 5152 Θεοῦ.
2949 5100 3131 5175 Ταύτῃ
3156 5121 3236 5156 τοι
3266 5106 3443 5174 σοφῶς
3474 5110 3722 5180 ὲπενήνε-

2154 5201 2278 5236 κται
2306 5184 2384 5249 τὸ,
2414 5186 2582 5255 Κύριε
2606 5188 2802 5256 κτῆσαι
2834 5189 2998 5258 ἡμᾶς,
3026 5191 3182 5253 ἐκτός
3214 5209 3305 5244 σου
3328 5193 3484 5248 ἄλλον
3510 5197 3609 5249 οὐκ
3645 5196 3721 5248 οἴω

2153 5273 2344 5342 δαμεν,
2386 5273 2448 5327 τὸ
2475 5274 2646 5345 ὄνομά
2681 5293 2773 5329 σου
2801 5277 3158 5349 ὀνομάζομεν.
3201 5281 3584 5352 Μονοτρόπονς
3620 5284 3722 5355 γὰρ

2155 5361 2292 5418 εἶναι
2334 5366 2461 5436 χρὴ,
2491 5367 2585 5419 καὶ
2610 5367 2729 5437 Θεῷ
2760 5368 2904 5439 μόνῳ
2931 5371 3395 5441 κατεζευγμένους
3423 5375 3549 5439 τούς
3579 5378 3721 5447 sim}-

2155 5455 2405 5518 νεύοντας
2445 5458 2579 5528 πρὸς
2604 5458 2787 5519 αὐτὸν,
2816 5460 2956 5512 ὥστε
2997 5462 3089 5514 καὶ
3118 5463 3279 5516 αὐτὸν
3321 5464 3516 5519 εἰδέναι
3548 5466 3724 5535 μόνον,

2151 5549 2244 5601 καὶ
2296 5548 2483 5619 ἑτέρου
2528 5550 2808 5614 παντελῶς
2850 5550 3199 5623 ψευδωνύμου
3242 5554 3400 5617 Θεοῦ,
3454 5557 3588 5626 μηδὲ
3638 5558 3724 5608 ἐπὶ

2150 5637 2394 5709 γλώττης
2425 5639 2593 5710 ὄνομα
2626 5641 2829 5713 φέρειν.
2867 5644 2956 5696 Δεῖ
2976 5645 3083 5715 γάρ
3112 5644 3273 5699 αὐτὸν
3308 5647 3722 5719 ὀνομάξεινομό-
