4162 6406
422 419 539 475 581

1583 408 1647 462 ΙΝ
1689 404 1927 461 lSAlAM
1972 404 2101 461 LlB.
2145 404 2231 461 ΙΙΙ.
2274 402 2513 460 TOMUS
2551 402 2592 458 Ι.

3614 400 3725 457 582

440 549 549 595 νον,
574 529 658 583 ὅτι
704 529 799 581 και
826 526 989 597 μόνος
1018 523 1167 578 ἐστὶν
1195 521 1281 593 ἐφ’
1316 521 1464 592 ἡμᾶς
1490 519 1652 589 φύσει
1679 537 1739 572 τε
1774 519 1869 573 καὶ
1900 517 2031 589 ἀλη-

2151 535 2166 570 ι
2207 518 2503 573 Dominum
2535 515 2700 570 Deum
2738 523 2883 568 tuum
2915 511 3186 581 adorabis,
3212 520 3268 566 et
3290 511 3337 566 ei
3369 510 3467 566 soli
3498 513 3723 577 servies,

442 624 564 695 θείᾳ
598 620 750 685 Θεός.
782 619 1035 674 Τοιοῦτόν
1073 636 1126 672 τι
1163 615 1259 670 καὶ
1288 615 1317 667 ό
1345 613 1441 666 τοῦ
1469 612 1751 682 πανσόφου
1780 611 2025 673 Μωσέως

2136 620 2191 665 et
2229 611 2434 664 nomini
2466 606 2582 677 ejus
2604 608 2671 662 ⁷⁸.
2708 624 2728 659 ι

442 718 576 788 ἡμῖν
601 713 923 785 ἐπεφώνησε
951 714 1134 785 νόμος,
1172 732 1191 763 ‹
1238 709 1442 781 Κύριον
1477 707 1570 761 τὸν
1609 706 1741 760 Θεόν
1778 722 1873 759 σου
1909 705 2332 776 προσκυνήσεις,
2364 704 2482 775 ttat;
2509 700 2664 773 αύτῷ
2715 700 2863 773 μόνῳ
2896 700 3234 772 λατρεύσεις,
3264 698 3360 753 καὶ
3393 697 3470 769 τῷ
3501 696 3726 767 ὀνόματι

444 805 635 860 αὐτοῦ.
675 805 861 876 Ἀμήν.
907 824 925 856 ι

518 901 581 952 Οἱ
613 898 682 952 δὲ
739 895 939 965 νεκροὶ
993 892 1148 962 ζωὴν
1180 895 1252 947 οὐ
1278 892 1364 962 μὴ
1398 892 1609 945 ἴδωσιν
1628 929 1644 955 ,
1674 888 1818 944 οὐδὲ
1846 886 2034 957 ἰατροὶ

446 992 518 1045 οὐ
541 990 627 1061 μὴ
660 987 1073 1054 ἁναστήσωσι.
1096 986 1199 1039 Διὰ
1214 985 1389 1039 τοῦτο
1404 984 1720 1054 ἐπήγαγες,
1756 981 1856 1035 καὶ
1877 978 2037 1035 ἀπώ-

445 1087 656 1155 λεσας,
679 1082 776 1135 καὶ
794 1075 945 1152 ᾖρας
963 1076 1089 1133 πᾶν
1103 1076 1293 1146 ἄρσεν’
1306 1075 1522 1131 αὐτῶν.
1546 1075 1814 1144 Πρόσθες
1832 1070 2037 1137 αὐτοῖς

448 1180 623 1239 κακὰ,
661 1174 858 1242 Κύριε,
896 1172 1161 1241 πρόσθες
1209 1168 1364 1224 κακὰ
1412 1167 1564 1224 πᾶσι
1604 1167 1728 1234 τοῖς
1765 1164 2038 1231 ἐνδόξοις

450 1267 561 1335 τῆς
591 1264 722 1335 γῆς.

522 1357 586 1409 Οἱ
611 1356 771 1426 μόνον
796 1352 996 1415 εἰδότες
1014 1346 1291 1420 τὸνφύσει
1317 1367 1377 1401 τε
1406 1348 1502 1403 καὶ
1524 1346 1740 1417 ἀληθῶς
1760 1346 1888 1399 ὄντα
1905 1343 2037 1398 Θεὸν

451 1444 807 1519 ὀνομάζοντές
838 1463 898 1498 τε
946 1445 1006 1498 τὸ
1039 1443 1210 1513 ὄνομα
1239 1439 1426 1504 αὑτοῦ,
1474 1441 1566 1494 καὶ
1608 1436 2039 1508 ἐπαριθμοῦντες

454 1537 603 1608 αύτῷ
633 1535 913 1597 παντελῶς
934 1533 1147 1599 οὐδένα,
1168 1530 1416 1598 λέγοντές
1439 1547 1497 1584 τε
1524 1530 1612 1584 διὰ
1646 1529 1821 1593 τοῦτο,
1847 1528 2038 1597 Κύριε,

454 1631 612 1693 ἐκτός
642 1646 734 1682 σου
762 1627 919 1681 ἄλλον
946 1627 1044 1679 οὐκ
1065 1624 1311 1695 οἴδαμεν,
1338 1623 1675 1695 συνείρουσιν
1703 1620 2037 1690 ἀναγκαίως,

452 1721 537 1786 τὸ,
565 1722 647 1774 ὅτι
684 1721 746 1774 Οἱ
789 1718 972 1790 νεκροὶ
1006 1715 1149 1787 ζωὴν
1181 1716 1238 1768 οὺ
1287 1714 1361 1785 μή
1395 1714 1596 1777 ἴδωσιν,
1645 1712 1801 1774 ἐκτός
1848 1727 1940 1763 σου
1980 1708 2043 1780 δὴ

456 1811 639 1865 πάλιν.
672 1808 795 1881 Ζωὴ
819 1808 927 1879 γάρ
947 1805 1020 1860 ὢν
1054 1804 1199 1859 κατά
1230 1805 1435 1874 φύσινὸ
1455 1803 1565 1856 τῶν
1597 1802 1732 1855 ὅλων
1773 1801 2041 1870 δημιουρ-

457 1902 552 1971 γὸς
579 1901 671 1954 καὶ
696 1899 900 1970 Κύριος
932 1897 1189 1966 ζωογονεῖ
1208 1895 1278 1947 τά
1316 1894 1525 1959 πάντα,
1562 1893 1659 1946 καὶ
1697 1894 1754 1945 ἐν
1785 1888 1934 1960 αὐτῷ
1965 1906 2043 1942 κι-

457 1992 717 2063 νούμεθα,
760 1990 852 2045 καί
894 1992 1080 2060 ὲσμεν.
1116 1987 1253 2039 Ἀλλ’
1282 1985 1401 2039 οὐδὲ
1445 1985 1638 2056 ἰατροὶ,
1672 1984 1855 2053 φησὶν,
1878 1982 1937 2033 ού
1967 1980 2041 2051 μὴ

457 2087 837 2157 ἀναστήσωσιν
857 2100 870 2113 ·
898 2081 1167 2152 ἑπομένου
1192 2080 1288 2133 καὶ
1317 2078 1490 2149 τούτῳ
1518 2076 1613 2130 τοῦ
1643 2076 1800 2139 ἐκτός
1828 2092 1921 2127 σου
1944 2073 2041 2144 δη-

458 2178 652 2233 λονότι.
685 2176 873 2230 Πάντα
892 2174 1001 2244 γὰρ
1026 2174 1156 2244 ἡμῖν
1174 2170 1325 2240 παρά
1346 2169 1501 2232 Θεοῦ,
1525 2168 1617 2221 καὶ
1638 2168 1823 2229 αὐτοῖς
1856 2164 2045 2234 ἐποίη-

460 2286 555 2324 σεν
585 2269 653 2321 ὲκ
695 2265 798 2335 γῆς
828 2264 1118 2335 φάρμακα,
1160 2260 1303 2315 κατὰ
1335 2260 1396 2313 τὸ
1419 2255 1824 2328 γεγραμμένον.
1879 2255 2045 2306 Ὅσον

463 2361 563 2434 μὲν
584 2354 679 2413 οὖν
706 2354 841 2431 ἧκεν
865 2356 944 2419 εἷς
970 2372 1035 2424 γε
1068 2353 1129 2407 τὸ
1161 2353 1418 2425 γράμμα,
1454 2348 1618 2419 φημὶ,
1648 2346 1743 2400 καὶ
1768 2347 1860 2399 τὸν
1911 2344 2048 2417 πρό-

468 2455 650 2527 χειρόν
695 2469 755 2506 τε
798 2451 892 2505 καὶ
934 2450 1015 2513 εἰς
1057 2446 1367 2517 τούμφανὲς
1417 2442 1593 2511 λόγον,
1621 2442 1655 2510 ή
1689 2439 1798 2492 τῶν
1829 2438 2046 2493 ἐννοιῶν

462 2549 719 2610 ἀπόδοσις
770 2544 883 2615 ἔχοι
917 2542 983 2597 ἂν
1030 2539 1207 2613 ὀρθῶς
1244 2531 1348 2592 ὧδέ
1380 2552 1479 2606 γε,
1529 2534 1625 2588 καὶ
1685 2532 1785 2602 οὐχ
1823 2531 2043 2602 ἑτέρως.

475 2638 693 2711 Ἐπειδὴ
722 2637 779 2690 δὲ
806 2635 912 2707 χρὴ
944 2632 1087 2687 κατὰ
1126 2630 1250 2685 νοῦν
1290 2629 1427 2682 ἰέναι
1468 2626 1560 2680 τὸν
1594 2625 1752 2693 λόγον
1775 2662 1789 2686 θ
1822 2625 1917 2677 καὶ
1947 2623 2048 2691 τῆς

463 2732 808 2807 προφητικῆς
830 2727 1115 2801 ἀκριϐείας
1142 2720 1493 2793 ἀπογυμνοῦν
1512 2720 1603 2773 τὸν
1627 2718 1849 2781 σκοπὸν,
1874 2717 2048 2771 ἐκεῖνό

411 2873 415 2876 .
466 2843 651 2897 φαμεν
683 2821 1023 2891 ἀναγκαίως·
1049 2817 1234 2888 νεκροί
1259 2814 1402 2877 τινές
1432 2815 1537 2866 εἱσι
1558 2812 1653 2865 καὶ
1678 2811 1797 2880 οὐχὶ
1820 2809 1883 2881 δὴ
1908 2809 2047 2862 πάν-

464 2938 572 2983 τως
615 2917 758 2972 κατά
802 2917 904 2985 τὴν
951 2912 1152 2983 σάρκα,
1202 2906 1597 2979 νενεκρωμένοι
1619 2904 1675 2956 δὲ
1717 2902 1914 2974 μᾶλλον
1944 2902 2047 2954 ὑπὸ

468 3010 775 3084 φιληδονίας
802 3005 1094 3076 κοσμικῆς,
1116 3002 1210 3056 καὶ
1234 2999 1376 3070 ζωὴν
1405 3000 1504 3052 οὐκ
1526 2996 1739 3067 ἔχοντες
1759 2994 1859 3065 τὴν
1885 2993 2046 3061 ἁγίαν

2215 879 2379 935 Vens.
2422 879 2511 943 M,
2563 878 2650 933 15.
2688 876 2889 931 Mortui
2940 878 3099 931 vitam
3169 892 3272 929 non
3330 876 3522 943 vident,
3564 893 3726 948 neque

2141 974 2329 1028 medici
2360 970 2770 1027 resuscitabunt.
2818 968 3106 1040 Pr0pterea
3133 971 3412 1035 indusiati,
3464 981 3512 1025 et
3553 975 3727 1041 perdi-

2142 1067 2291 1133 disti,
2320 1076 2367 1119 et
2398 1064 2657 1118 sustulisti
2692 1081 2843 1118 omne
2870 1062 3162 1117 masculum
3204 1079 3401 1117 eorum.
3432 1064 3579 1117 Adde
3618 1065 3725 1118 illis

2144 1158 2311 1225 mala,
2341 1158 2586 1227 Domine,
2614 1159 2747 1212 adde
2778 1157 2917 1210 mala
2950 1156 3189 1211 omnibus
3223 1166 3376 1210 ιρι-ναι
3395 1157 3655 1227 gloriosis.

2207 1340 2310 1408 Qui
2346 1339 2519 1393 solum
2556 1348 2747 1393 natura
2784 1347 2839 1393 et
2875 1352 3001 1391 vere
3031 1336 3201 1391 Deum
3247 1347 3467 1401 norunt,
3497 1337 3722 1406 ejusque

2138 1447 2336 1488 nomen
2364 1430 2666 1494 nominant,
2699 1431 2820 1484 etei
2856 1431 3059 1484 nullum
3088 1431 3470 1496 adnumerant,
3501 1430 3727 1500 ideoque

2140 1524 2359 1579 dicunt:
2396 1522 2639 1584 Domine,
2674 1532 2827 1575 extra
2867 1531 2918 1575 te
2956 1520 3118 1573 aliutn
3149 1536 3253 1574 non
3289 1521 3510 1584 scimus,
3551 1522 3718 1574 adne-

2147 1628 2299 1671 ctunt
2325 1616 2455 1670 illttd
2492 1616 2801 1670 necessario
2827 1632 2840 1667 :
2874 1614 3066 1668 Μοτιηί
3097 1614 3261 1668 vitam
3282 1628 3386 1668 non
3418 1614 3676 1667 videbunt
3707 1652 3723 1674 ,

2149 1721 2300 1763 extra
2358 1718 2408 1762 te
2451 1708 2680 1767 Scilicet.
2707 1705 2827 1761 Vita
2874 1707 3017 1761 enim
3061 1707 3308 1760 omnium
3357 1722 3480 1762 cum
3529 1706 3601 1760 sit
3639 1706 3727 1759 ille

2147 1810 2337 1855 natura
2378 1800 2754 1853 universorum
2798 1799 2979 1868 opil'ex
3020 1808 3077 1853 et
3120 1797 3412 1863 Dominus,
3437 1797 3621 1852 omnia
3670 1798 3724 1850 in

2144 1892 2306 1945 vitam
2359 1892 2607 1959 producit
2652 1908 2665 1943 :
2720 1891 2862 1945 etin
2912 1905 2977 1944 eo
3031 1905 3316 1945 movemur
3353 1898 3407 1943 et
3437 1903 3623 1943 sumus
3656 1888 3723 1941 '".

2146 1984 2252 2038 Sed
2287 1999 2386 2038 nec
2424 1983 2641 2047 medici,
2682 1983 2874 2051 inquit,
2919 1981 3261 2037 suscitubuut
3299 1999 3313 2035 :
3355 1981 3445 2036 illo
3479 1981 3730 2034 videlicet

2142 2081 2526 2143 consequente,
2562 2084 2717 2126 extra
2742 2081 2812 2125 te.
2847 2071 3039 2126 Omnia
3072 2072 3218 2125 enim
3254 2071 3409 2125 nobis
3439 2086 3467 2125 a
3507 2072 3637 2133 Deo,
3672 2082 3729 2125 et

2147 2166 2258 2235 ipse
2286 2166 2411 2219 fecit
2434 2166 2499 2220 de
2526 2176 2666 2219 terra
2687 2165 3002 2234 pharmaca,
3028 2163 3180 2233 juxta
3210 2164 3263 2218 id
3295 2167 3439 2233 quod
3461 2167 3724 2233 scriptum

2145 2268 2248 2313 est.
2287 2257 2558 2323 Quantum
2593 2256 2781 2326 igitur,
2806 2255 3048 2325 inquam,
3084 2254 3149 2309 ad
3184 2254 3421 2309 litteram
3454 2255 3725 2324 pertinet,

2144 2357 2201 2402 et
2233 2348 2299 2401 ad
2332 2351 2560 2413 primam
2615 2349 2940 2417 obviamque
2968 2346 3115 2402 verbi
3152 2347 3414 2416 speciem,
3446 2348 3560 2402 haec
3603 2361 3729 2401 seno

2144 2439 2748 2506 tentiarumiexpusitio
2803 2439 2905 2493 hoc
2958 2442 3117 2495 modo
3150 2448 3298 2495 recte
3346 2454 3409 2495 se
3438 2441 3635 2504 habet,
3673 2451 3730 2494 et

2149 2547 2252 2586 non
2304 2532 2482 2616 aliter.
2526 2530 2660 2584 Cum
2708 2542 2887 2585 autem
2937 2547 3243 2587 sermonem
3276 2533 3424 2587 hunc
3468 2531 3633 2605 366
3660 2531 3730 2587 ad

2148 2634 2378 2677 utentem
2442 2623 2722 2692 prophetae
2795 2624 3093 2691 procedere
3151 2633 3444 2694 oporteat,
3497 2638 3730 2691 cumque

2149 2716 2475 2786 propltetit-ae
2522 2715 2839 2770 subtilitatis
2867 2730 3063 2785 scopus
3092 2716 3455 2772 deuudandus
3477 2718 3567 2780 sit,
3600 2716 3729 2771 illud

2145 2810 2453 2865 necessario
2484 2809 2751 2876 dicimus,
2803 2809 3065 2877 quosdam
3105 2809 3339 2862 nondum
3368 2824 3533 2863 carne
3574 2816 3730 2863 tenus

2146 2902 2319 2956 adhuc
2344 2916 2464 2956 esse
2511 2912 2772 2963 mortuos,
2820 2900 2913 2953 sed
2948 2913 3069 2953 esse
3116 2900 3386 2968 voluptate
3438 2898 3709 2951 mundana

2122 3004 2408 3059 .ntortuos,
2434 2994 2635 3064 quique
2660 2992 2767 3045 vita
2800 2998 3012 3055 sancta,
3040 2986 3351 3045 Christiana
3399 2997 3453 3043 et
3487 3004 3721 3058 evange-

467 3077 565 3176 τὴν
585 3077 652 3156 ῗὲν
682 3098 901 3172 Χριστῷ
923 3114 980 3149 τε
1000 3095 1095 3149 καὶ
1120 3092 1438 3161 ἀγγελικὴν.
1466 3089 1606 3141 Ἀλλ’
1632 3086 1786 3148 ἐκτός
1812 3103 1926 3147 σου,
1951 3102 2048 3155 φη.

2152 3089 2248 3145 liCn
2299 3106 2404 3143 non
2464 3087 2697 3159 praediti.
2756 3084 2860 3140 Sed
2894 3092 3048 3139 extra
3105 3091 3176 3147 te,
3204 3080 3411 3151 inquit,
3461 3077 3728 3149 ejusmodi

471 3200 574 3261 σιν,
599 3197 647 3248 oi
677 3193 931 3255 τοιοῦτοι,
964 3189 1064 3242 οὐκ
1090 3186 1154 3240 ἂν
1183 3184 1534 3256 μεταλάχοιεν
1564 3181 1665 3249 τῆς
1709 3178 1854 3249 ζωῆς
1878 3218 1894 3242 ,
1927 3179 2047 3250 ήτοι

2151 3192 2305 3248 sunt,
2351 3182 2441 3251 qui
2482 3182 2603 3235 vitae
2654 3180 2767 3234 sive
2798 3177 2983 3247 gratiae
3018 3176 3245 3230 viviﬁcze
3288 3184 3533 3228 exsortes
3579 3182 3725 3227 sunt.

469 3291 568 3361 τῆς
618 3283 987 3352 ζωοποιούσης
1032 3280 1276 3351 χάριτος.
1326 3274 1511 3337 Ἐκτός
1564 3289 1658 3326 σου
1708 3271 1765 3326 δὲ
1808 3271 1971 3325 πάλιν
1999 3272 2049 3324 οἱ

467 3358 577 3435 τῶν
599 3374 847 3448 ψυχικῶν
870 3374 1126 3445 ἀρῤωστη
1136 3368 1320 3439 μάτων
1337 3364 1698 3420 ἀπαλλάττειν
1718 3358 1899 3414 οἷοίτε
1925 3359 2051 3423 τοὺς

472 3471 755 3533 ὲναλόντας
793 3467 997 3529 αὐτοῖς,
1032 3464 1080 3517 οἱ
1119 3461 1213 3515 καὶ
1259 3458 1432 3529 ἰατροὶ
1474 3454 1832 3526 πνευματικοὶ
1864 3451 2053 3505 νοοῖντ’

474 3566 541 3619 ἂν
571 3562 792 3624 εἰκότως
812 3574 827 3590 ⁸
852 3557 955 3611 οὐκ
978 3556 1042 3611 ἀν
1070 3540 1191 3607 τινα
1212 3550 1322 3605 τῶν
1350 3544 1787 3620 ἡρῤωστηκότων
1819 3542 2053 3612 ἀναστή-

476 3672 645 3708 σειαν.
692 3650 931 3721 ’ἰατροὺς
971 3646 1029 3701 δέ
1067 3660 1247 3715 φαμεν
1283 3638 1682 3709 πνευματικοὺς
1715 3631 1855 3687 εἶναι
1878 3671 1894 3697 ,
1927 3631 2053 3694 τοὺς

475 3747 660 3815 ἁγίους
692 3743 999 3814 προφήτας,
1033 3735 1362 3796 ἀποστόλους
1390 3748 1448 3786 τε
1478 3730 1571 3783 καὶ
1629 3723 2015 3795 εὐαγγελιστάς
2036 3739 2050 3753 ·

474 3845 522 3897 οἳ
551 3839 763 3909 διὰ’τῆς
791 3837 994 3893 ἄνωθεν
1024 3834 1244 3905 χάριτος
1272 3872 1285 3896 ,
1318 3828 1412 3883 καὶ
1444 3827 1542 3898 τῆς
1578 3827 1635 3879 ὲν
1660 3823 1929 3893 πνεύματι
1958 3834 2052 3889 χο-

478 3936 673 4008 ρηγίας
705 3932 796 3987 τὸν
835 3926 1016 3984 ἰᾶσθαι
1048 3924 1343 3994 δυνάμενον
1373 3916 1870 3976 καταπλουτοῦντες
1898 3911 2054 3979 λόγον

477 4026 838 4099 θεραπεύουσι
904 4019 1032 4079 τοὺς
1072 4009 1644 4087 τετραυματισμένους
1695 4006 1799 4059 ὑπό
1847 4021 1908 4057 τε
1956 4004 2055 4073 τῆς

479 4092 768 4193 ἁμαρτίας,
790 4114 883 4168 καὶ
911 4114 1012 4183 τῆς
1034 4108 1128 4161 τοῦ
1154 4104 1401 4160 διαϐόλου
1433 4100 1774 4169 σκαιότητος.
1815 4092 1975 4157 Εἰκὸς
1998 4093 2056 4145 δὲ

477 4185 540 4283 δή
569 4185 620 4266 ττι
653 4211 745 4264 καὶ
774 4209 958 4276 ἕτερον
988 4201 1078 4257 τὸν
1102 4197 1438 4271 προφητικὸν
1476 4197 1606 4267 ήμῖν
1650 4185 2056 4246 ὑπαινίττεσθαι

479 4278 652 4371 λόγον·
685 4304 712 4353 ὁ
748 4300 858 4369 γάρ
883 4314 965 4350 τοι
1000 4292 1201 4362 Κύριος
1235 4287 1392 4360 ήμῶν
1432 4283 1637 4356 Ἰησοῦς
1677 4278 1910 4352 Χριστὸς
1954 4278 2057 4371 ἰσο-

483 4396 640 4466 σθενῆ
671 4392 765 4447 καὶ
820 4388 1040 4444 ίσοκλεᾶ
1073 4384 1151 4455 τῷ
1184 4382 1421 4435 Φύσαντι
1476 4375 1834 4435 καταδεικνὺς
1866 4369 2055 4423 ἑαυτὸν

2154 3278 2362 3331 Ιδιιτειιε
2406 3284 2559 3329 extra
2589 3284 2641 3327 te
2666 3273 2754 3342 qui
2786 3272 2948 3324 animi
2988 3267 3191 3322 morbis
3221 3281 3314 3321 eos
3343 3265 3433 3335 qui
3473 3266 3561 3319 his
3590 3264 3730 3319 deti-

2152 3377 2349 3423 nentur
2394 3366 2627 3421 libcrare
2654 3363 2925 3426 valebant,
2960 3362 3051 3431 qui
3083 3370 3138 3415 et
3184 3358 3496 3429 spirituales
3527 3358 3720 3411 medici

2153 3460 2347 3514 nerito
2377 3466 2579 3528 queant
2605 3455 2851 3524 intelligi,
2877 3454 3142 3508 neminem
3168 3466 3354 3506 eorum
3379 3450 3468 3519 qui
3495 3458 3724 3519 πει-οεδι-

2154 3560 2297 3616 runt,
2318 3558 2612 3619 potuerunt
2639 3547 2922 3603 suscitare.
2942 3543 3263 3612 Spirituales
3284 3553 3463 3597 autem
3486 3543 3728 3617 medicos

2151 3659 2271 3700 esse
2337 3643 2568 3696 dicimus
2637 3650 2854 3694 sanctos
2903 3637 3192 3707 pmpbetas
3255 3645 3311 3689 et
3355 3634 3625 3703 apostolos
3676 3641 3732 3687 et

2153 3734 2536 3805 evangelistas,
2587 3731 2679 3801 qui
2733 3743 2984 3786 sermone
3036 3728 3103 3782 ad
3160 3727 3459 3782 sanandum
3512 3733 3730 3793 potente

2155 3827 2331 3892 dilati,
2366 3842 2393 3879 a
2424 3832 2646 3895 peccato
2671 3832 2726 3878 et
2770 3821 2967 3876 diaboli
3011 3818 3249 3889 nequitia
3296 3817 3608 3872 vulneratos
3635 3832 3731 3871 cu-

2156 3927 2297 3973 rant.
2330 3915 2636 3973 Verisimile
2674 3924 2757 3970 est
2796 3914 2958 3967 etiam
3010 3909 3380 3980 propheticum
3420 3922 3725 3963 sermonem

2161 4010 2305 4064 aliud
2340 4009 2497 4064 nobis
2528 4007 2877 4061 subinnuere.
2910 4002 3168 4057 Dominus
3193 4000 3337 4055 enim
3369 4010 3552 4054 noster
3573 3999 3731 4054 Jesus

2156 4105 2435 4168 Christus,
2491 4099 2728 4174 potentia
2783 4107 2839 4154 et
2891 4096 3059 4166 gloria
3112 4110 3297 4165 parem
3375 4108 3434 4147 se
3485 4092 3728 4147 Geuitori

2155 4195 2476 4257 ostendens,
2518 4201 2761 4245 mortuos
2799 4202 2864 4243 ex
2924 4185 3287 4241 monumentis
3338 4184 3678 4237 resnscitavit
3705 4221 3721 4246 ,

2156 4285 2468 4353 morbisque
2491 4281 2748 4337 extremis
2766 4286 3047 4347 correptos
3089 4274 3315 4329 sanavit.
3349 4272 3727 4327 Verumtamen

2158 4378 2351 4432 harum
2423 4388 2601 4429 rerum
2655 4372 2788 4426 adeo
2844 4368 3168 4423 mirabilium
3229 4377 3283 4420 et
3338 4365 3727 4418 incredibilium

481 4456 671 4554 ἀνίστη
721 4484 819 4555 μὲν
870 4485 933 4534 ὲκ
976 4476 1273 4551 μνημάτων
1317 4473 1444 4534 τοὺς
1476 4469 1723 4539 νεκροὺς,
1753 4465 1877 4526 τοὺς
1908 4462 1963 4514 δὲ
1997 4463 2048 4515 ὲν

2158 4467 2396 4526 eﬂ‘ector,
2440 4465 2616 4519 abhis
2661 4463 2752 4531 qui
2782 4469 3095 4530 spectarunt
3122 4472 3228 4512 non
3274 4456 3575 4522 colebatur,
3634 4456 3729 4509 sed

483 4554 735 4648 ἐσχάταις
763 4575 919 4637 ὄντας
967 4574 1083 4626 ἰᾶτο
1107 4570 1301 4630 νόσοις.
1348 4563 1510 4617 Ἀλλά
1558 4561 1733 4614 καίτοι
1778 4556 1883 4609 τῶν
1914 4554 2055 4608 οὕτω

484 4644 798 4740 παραδόξων
829 4660 1194 4731 άποτελεστὴς
1221 4654 1460 4727 γεγονὼς
1505 4653 1563 4706 ού
1595 4649 1879 4720 τετίμηται
1906 4644 2055 4740 παρὰ

483 4760 588 4811 τῶν
624 4754 967 4826 τεθεαμένων
988 4768 1002 4783 ’
1028 4748 1250 4804 ὲδίωκόν
1286 4763 1345 4798 τε
1369 4744 1461 4797 καὶ
1484 4741 1656 4802 οὕτως
1694 4737 1854 4791 αὐτὸν
1878 4736 1927 4787 οἱ
1948 4733 2055 4786 τῶν

497 4850 760 4903 Ἰουδαίων
780 4824 1012 4918 μάλιστα
1027 4838 1356 4912 καθηγηταὶ,
1375 4834 1469 4887 καλ¹
1485 4828 1810 4885 διδάσκαλοι.
1833 4824 2054 4918 Ἐπειδὴ

483 4942 662 4994 τοίνυν
689 4937 844 5001 ὲκτὸς
865 4933 956 4989 σού
989 4948 1172 5004 φησιν,
1196 4930 1297 4983 οὐκ
1325 4926 1389 4979 ἂν
1418 4925 1572 4978 ῐδοιεν
1595 4920 1737 4991 ζωὴν
1761 4918 1810 4971 οἱ
1846 4916 2055 4986 νεκροὶ,

489 5034 552 5085 σὺ
581 5032 689 5100 γάρ
719 5025 768 5081 εἴ
806 5027 900 5080 καὶ
932 5027 1089 5097 μόνος
1118 5022 1146 5074 ὁ
1177 5019 1458 5085 ζωοποιεῖν
1493 5013 1808 5082 δυνάμενος,
1844 5008 1949 5062 οὐδ’
1990 5007 2055 5060 ἂν

488 5098 841 5189 ἀναστήσειεν
870 5117 934 5169 ἐκ
961 5112 1257 5185 μνημάτων
1287 5106 1489 5177 ἰατρὸς,
1514 5103 1606 5165 οὓς
1642 5101 1943 5172 ἀνέστησας
1968 5098 2061 5150 αύ-

485 5216 575 5277 τός
596 5231 610 5245 ο
639 5211 944 5282 ἠπίστησαν
964 5208 1021 5261 δὲ
1043 5207 1137 5261 καὶ
1167 5204 1305 5277 μετά
1322 5201 1476 5256 τοῦτο
1503 5199 1603 5262 ἐτι,
1625 5198 1719 5251 καὶ
1740 5195 2057 5258 ἀκαθέκτως

486 5303 901 5375 λελυττήκασιν,
929 5297 1023 5361 οὒς
1062 5293 1131 5369 ἦν
1162 5294 1329 5358 εἰκὸς,
1361 5292 1455 5347 καὶ
1499 5290 1605 5361 πρό
1653 5306 1715 5357 γε
1753 5286 1861 5340 τῶν
1883 5285 2057 5339 ἄλλων

489 5396 708 5450 ἔσεσθαι
737 5390 988 5455 πιστούς’
1012 5387 1100 5443 διὰ
1114 5387 1272 5442 τοῦτο
1289 5384 1587 5454 ἐπήγαγες,
1616 5382 1713 5435 καὶ
1744 5377 2052 5440 ἀπώλεσας,

490 5488 583 5540 καὶ
616 5483 755 5558 ἦρας
791 5484 901 5536 πᾶν
932 5481 1098 5550 ἄρσεν
1129 5476 1335 5532 abstitit;
1364 5474 1671 5545 Ἐπήγαγες
1692 5468 1802 5539 γὰρ
1839 5467 1939 5538 τὴν
1965 5468 2056 5558 dp-

490 5576 590 5644 γὴν
629 5556 808 5635 αὐτοῖς
830 5609 849 5637 ,
887 5571 922 5640 ἢ
963 5570 1058 5623 καὶ
1102 5569 1395 5635 ἀπέκειρεν
1424 5561 1733 5631 ἀναγκαίως
1766 5559 1863 5612 οὐκ
1887 5556 2056 5628 ἄρδην

491 5667 703 5719 ἅπαντα
742 5661 833 5717 τὸν
881 5659 1116 5731 Ἰσραήλ⁸
1150 5658 1414 5712 σέσωσται
1453 5655 1562 5725 γὰρ
1594 5652 1653 5705 τὸ
1684 5650 2051 5718 κιτάλειμμα·

562 5843 607 5875 ⁷⁸
635 5842 786 5898 Deut.
809 5855 884 5905 Vt,
913 5840 1003 5905 l5;
1042 5837 1225 5893 Matth.
1254 5853 1324 5902 tv,
1350 5835 1437 5899 10.
1512 5834 1556 5865 ’⁷⁷
1583 5833 1702 5886 Act.
1727 5844 1855 5894 xvu,
1882 5828 1975 5881 28.

2159 4556 2308 4609 illum
2354 4554 2489 4607 adeo
2519 4551 2786 4622 persecuti
2816 4559 2940 4604 sunt
2967 4547 3274 4602 Julzeorum
3310 4546 3543 4600 maxime
3594 4560 3732 4609 prte-

2157 4654 2406 4714 ceptores
2465 4654 2520 4697 et
2566 4645 2836 4697 doctores.
2895 4640 3158 4706 Quoniam
3219 4640 3386 4708 igitur
3433 4646 3588 4691 extra
3650 4648 3726 4701 te,

2159 4738 2353 4806 inquit,
2388 4751 2493 4790 non
2529 4743 2751 4803 possunt
2807 4734 2969 4786 vitam
3006 4732 3191 4785 videre
3238 4730 3463 4783 mortui:
3502 4737 3553 4781 ttt
3586 4728 3729 4781 enim

2158 4828 2302 4885 solus
2326 4842 2385 4881 es
2417 4828 2504 4895 qui
2542 4826 2607 4879 ad
2636 4826 2798 4877 vitam
2830 4823 3066 4877 excitare
3097 4832 3269 4889 potes,
3311 4835 3410 4875 nec
3452 4818 3733 4874 suSritabit

2158 4939 2188 4977 θ
2218 4920 2586 4976 monumentis
2628 4917 2889 4980 medicus,
2930 4930 3064 4982 quos
3093 4916 3206 4983 ipse
3259 4913 3534 4967 suscitasti
3564 4930 3577 4966 :
3608 4910 3729 4964 iuli-

2160 5013 2306 5069 deles
2335 5022 2513 5077 erant,
2540 5010 2761 5076 insuper
2777 5022 2908 5061 vero
2932 5008 3254 5075 impotenter
3268 5006 3431 5058 etiam
3459 5004 3510 5057 in
3525 5003 3730 5057 rabiem

2160 5106 2265 5159 acti
2295 5112 2440 5164 sunt,
2469 5117 2604 5171 quos
2631 5112 2756 5154 ante
2777 5100 2912 5153 alios
2938 5114 3036 5167 par
3061 5108 3179 5153 erat
3210 5096 3392 5151 tideles
3416 5096 3688 5151 exstitisse
3713 5113 3728 5149 :

2159 5205 2444 5263 propterea
2509 5190 2765 5245 iuduxisti
2801 5230 2816 5255 ,
2883 5197 2939 5243 et
2991 5187 3311 5257 perdidisti,
3360 5197 3416 5240 et
3468 5185 3728 5240 sustulisti

2161 5302 2320 5341 omne
2353 5300 2541 5341 eorum
2588 5283 2912 5337 masculum.
2941 5279 3199 5333 luduxisti
3241 5278 3384 5333 enim
3434 5276 3540 5331 illis
3570 5276 3728 5340 iram,

2158 5393 2277 5448 quae
2336 5385 2509 5433 totum
2563 5376 2813 5430 lsraelem
2864 5374 3106 5429 funditus
3161 5387 3267 5427 non
3303 5370 3503 5426 delevit
3555 5369 3730 5440 (nam

2162 5479 2387 5525 serrata:
2418 5478 2544 5524 sunt
2577 5464 2877 5537 reliquiae),
2902 5466 2995 5520 sed
3023 5479 3184 5520 omne
3205 5462 3499 5519 masculum
3518 5475 3728 5522 eorum,

2160 5561 2210 5615 id
2233 5568 2343 5626 est,
2374 5559 2687 5627 primarium
2725 5557 2992 5610 ordinem.
3025 5554 3118 5609 Est
3160 5554 3301 5608 enim
3350 5552 3586 5605 maxime
3617 5549 3731 5617 pri-

2162 5649 2413 5712 marium,
2434 5646 2476 5701 si
2503 5646 2754 5699 feminam
2780 5652 3012 5712 spectes,
3035 5643 3356 5698 tuasculum.
3378 5639 3553 5694 Mares
3569 5638 3736 5693 etiam
