  <div class='ocr_page' id='page_1' title='image "/cluster/home/n/w/nwhite01/storage/ocr_20150623/70/nnc1.0046980253/309.png"; bbox 0 0 4162 6406; ppageno 0'>
   <div class='ocr_carea' id='block_1_1' title="bbox 451 376 562 436">
    <p class='ocr_par' dir='ltr' id='par_1_1' title="bbox 451 376 562 436">
     <span class='ocr_line' id='line_1_1' title="bbox 451 376 562 436; baseline 0.009 -1"><span class='ocrx_word' id='word_1_1' title='bbox 451 376 562 436; x_wconf 75' lang='lat'><strong>583</strong></span> 
     </span>
    </p>
   </div>
   <div class='ocr_carea' id='block_1_2' title="bbox 1490 366 2741 429">
    <p class='ocr_par' dir='ltr' id='par_1_2' title="bbox 1490 366 2741 429">
     <span class='ocr_line' id='line_1_2' title="bbox 1490 366 2741 429; baseline -0.003 0"><span class='ocrx_word' id='word_1_2' title='bbox 1490 373 1551 429; x_wconf 88' lang='lat' dir='ltr'><strong>S.</strong></span> <span class='ocrx_word' id='word_1_3' title='bbox 1591 370 1869 429; x_wconf 79' lang='lat' dir='ltr'><strong>CYRILLI</strong></span> <span class='ocrx_word' id='word_1_4' title='bbox 1908 366 2385 425; x_wconf 77' lang='lat' dir='ltr'><strong>ALEXANDRINI</strong></span> <span class='ocrx_word' id='word_1_5' title='bbox 2422 368 2741 426; x_wconf 79' lang='lat' dir='ltr'><strong>ARCHIEP.</strong></span> 
     </span>
    </p>
   </div>
   <div class='ocr_carea' id='block_1_3' title="bbox 3631 372 3731 429">
    <p class='ocr_par' dir='ltr' id='par_1_3' title="bbox 3631 372 3731 429">
     <span class='ocr_line' id='line_1_3' title="bbox 3631 372 3731 429; baseline -0.02 0"><span class='ocrx_word' id='word_1_6' title='bbox 3631 372 3731 429; x_wconf 70' lang='grc'><strong>584</strong></span> 
     </span>
    </p>
   </div>
   <div class='ocr_carea' id='block_1_4' title="bbox 457 464 2050 563">
    <p class='ocr_par' dir='ltr' id='par_1_4' title="bbox 457 464 2045 563">
     <span class='ocr_line' id='line_1_4' title="bbox 457 464 2045 563; baseline -0.01 -9"><span class='ocrx_word' id='word_1_7' title='bbox 457 497 682 554; x_wconf 78' lang='lat' dir='ltr'><strong>forsitan</strong></span> <span class='ocrx_word' id='word_1_8' title='bbox 717 502 892 559; x_wconf 83' lang='lat' dir='ltr'><strong>vocat,</strong></span> <span class='ocrx_word' id='word_1_9' title='bbox 928 491 1065 563; x_wconf 88' lang='lat' dir='ltr'><strong>apud</strong></span> <span class='ocrx_word' id='word_1_10' title='bbox 1090 488 1569 559; x_wconf 69' lang='lat' dir='ltr'><strong>.lndaeosjuniores</strong></span> <span class='ocrx_word' id='word_1_11' title='bbox 1587 502 1650 543; x_wconf 89' lang='lat' dir='ltr'><strong>ac</strong></span> <span class='ocrx_word' id='word_1_12' title='bbox 1684 464 2045 549; x_wconf 82' lang='lat' dir='ltr'><strong>florentiores,</strong></span> 
     </span>
    </p>
   </div>
   <div class='ocr_carea' id='block_1_5' title="bbox 2152 464 3731 563">
    <p class='ocr_par' dir='ltr' id='par_1_5' title="bbox 2152 484 3731 558">
     <span class='ocr_line' id='line_1_5' title="bbox 2152 484 3731 558; baseline 0.003 -21"><span class='ocrx_word' id='word_1_13' title='bbox 2152 484 2286 538; x_wconf 85' lang='grc' dir='ltr'><strong>ἀλλά</strong></span> <span class='ocrx_word' id='word_1_14' title='bbox 2309 485 2419 539; x_wconf 80' lang='grc' dir='ltr'>πᾶν</span> <span class='ocrx_word' id='word_1_15' title='bbox 2444 484 2612 556; x_wconf 77' lang='grc' dir='ltr'>ἄρσεν</span> <span class='ocrx_word' id='word_1_16' title='bbox 2638 484 2837 548; x_wconf 78' lang='grc' dir='ltr'>αὐτῶν,</span> <span class='ocrx_word' id='word_1_17' title='bbox 2857 484 3003 539; x_wconf 82' lang='grc' dir='ltr'>τοῦτ’</span> <span class='ocrx_word' id='word_1_18' title='bbox 3028 484 3163 549; x_wconf 77' lang='grc' dir='ltr'>ἐστι,</span> <span class='ocrx_word' id='word_1_19' title='bbox 3199 484 3261 539; x_wconf 61' lang='grc' dir='ltr'>τὺ</span> <span class='ocrx_word' id='word_1_20' title='bbox 3300 485 3606 558; x_wconf 82' lang='grc' dir='ltr'>ἡγούμενον</span> <span class='ocrx_word' id='word_1_21' title='bbox 3633 489 3731 543; x_wconf 83' lang='grc' dir='ltr'><strong>τά·</strong></span> 
     </span>
    </p>
   </div>
   <div class='ocr_carea' id='block_1_6' title="bbox 454 580 2042 659">
    <p class='ocr_par' dir='ltr' id='par_1_6' title="bbox 454 580 2042 659">
     <span class='ocr_line' id='line_1_6' title="bbox 454 580 2042 659; baseline -0.009 -12"><span class='ocrx_word' id='word_1_22' title='bbox 454 607 564 647; x_wconf 89' lang='lat' dir='ltr'><strong>non</strong></span> <span class='ocrx_word' id='word_1_23' title='bbox 616 587 859 659; x_wconf 87' lang='lat' dir='ltr'><strong>corporis</strong></span> <span class='ocrx_word' id='word_1_24' title='bbox 929 586 1144 646; x_wconf 86' lang='lat' dir='ltr'><strong>robore,</strong></span> <span class='ocrx_word' id='word_1_25' title='bbox 1206 584 1300 637; x_wconf 86' lang='lat' dir='ltr'><strong>sed</strong></span> <span class='ocrx_word' id='word_1_26' title='bbox 1352 580 1603 652; x_wconf 77' lang='lat' dir='ltr'><strong>legalium</strong></span> <span class='ocrx_word' id='word_1_27' title='bbox 1648 589 2042 650; x_wconf 56' lang='lat' dir='ltr'><strong>praceptorum</strong></span> 
     </span>
    </p>
   </div>
   <div class='ocr_carea' id='block_1_7' title="bbox 454 672 2042 748">
    <p class='ocr_par' dir='ltr' id='par_1_7' title="bbox 454 672 2042 748">
     <span class='ocr_line' id='line_1_7' title="bbox 454 672 2042 748; baseline -0.009 -9"><span class='ocrx_word' id='word_1_28' title='bbox 454 682 706 739; x_wconf 89' lang='lat' dir='ltr'><strong>scientia.</strong></span> <span class='ocrx_word' id='word_1_29' title='bbox 733 678 904 748; x_wconf 84' lang='lat' dir='ltr'><strong>Quale</strong></span> <span class='ocrx_word' id='word_1_30' title='bbox 935 679 1098 733; x_wconf 87' lang='lat' dir='ltr'><strong>etiam</strong></span> <span class='ocrx_word' id='word_1_31' title='bbox 1133 676 1338 730; x_wconf 90' lang='lat' dir='ltr'><strong>dictum</strong></span> <span class='ocrx_word' id='word_1_32' title='bbox 1366 685 1450 729; x_wconf 87' lang='lat' dir='ltr'><strong>est</strong></span> <span class='ocrx_word' id='word_1_33' title='bbox 1479 688 1510 728; x_wconf 74' lang='grc' dir='ltr'><strong>ε</strong></span> <span class='ocrx_word' id='word_1_34' title='bbox 1541 672 1657 728; x_wconf 90' lang='lat' dir='ltr'><strong>Deo</strong></span> <span class='ocrx_word' id='word_1_35' title='bbox 1685 673 1830 741; x_wconf 89' lang='lat' dir='ltr'><strong>apud</strong></span> <span class='ocrx_word' id='word_1_36' title='bbox 1875 687 2042 727; x_wconf 87' lang='lat' dir='ltr'><strong>unum</strong></span> 
     </span>
    </p>
   </div>
   <div class='ocr_carea' id='block_1_8' title="bbox 456 765 2037 844">
    <p class='ocr_par' dir='ltr' id='par_1_8' title="bbox 456 765 2037 844">
     <span class='ocr_line' id='line_1_8' title="bbox 456 765 2037 844; baseline -0.01 -13"><span class='ocrx_word' id='word_1_37' title='bbox 456 791 488 831; x_wconf 88' lang='lat' dir='ltr'><strong>e</strong></span> <span class='ocrx_word' id='word_1_38' title='bbox 503 773 779 844; x_wconf 76' lang='lat' dir='ltr'><strong>prophetis</strong></span> <span class='ocrx_word' id='word_1_39' title='bbox 800 790 812 826; x_wconf 90' lang='lat'>:</span> <span class='ocrx_word' id='word_1_40' title='bbox 835 770 1065 825; x_wconf 70' lang='lat' dir='ltr'><strong>«Vadam</strong></span> <span class='ocrx_word' id='word_1_41' title='bbox 1092 768 1157 821; x_wconf 86' lang='lat' dir='ltr'><strong>ad</strong></span> <span class='ocrx_word' id='word_1_42' title='bbox 1172 767 1459 837; x_wconf 84' lang='lat' dir='ltr'><strong>optimates</strong></span> <span class='ocrx_word' id='word_1_43' title='bbox 1484 773 1541 821; x_wconf 89' lang='lat' dir='ltr'><strong>et</strong></span> <span class='ocrx_word' id='word_1_44' title='bbox 1563 765 1810 834; x_wconf 87' lang='lat' dir='ltr'><strong>alloquar</strong></span> <span class='ocrx_word' id='word_1_45' title='bbox 1829 765 1991 819; x_wconf 76' lang='lat' dir='ltr'><strong>eos&quot;.</strong></span> <span class='ocrx_word' id='word_1_46' title='bbox 2019 784 2037 815; x_wconf 77' lang='grc' dir='ltr'><strong>ι</strong></span> 
     </span>
    </p>
   </div>
   <div class='ocr_carea' id='block_1_9' title="bbox 455 858 2045 929">
    <p class='ocr_par' dir='ltr' id='par_1_9' title="bbox 455 858 2045 929">
     <span class='ocr_line' id='line_1_9' title="bbox 455 858 2045 929; baseline -0.01 -4"><span class='ocrx_word' id='word_1_47' title='bbox 455 870 595 925; x_wconf 85' lang='lat' dir='ltr'><strong>Ecce</strong></span> <span class='ocrx_word' id='word_1_48' title='bbox 646 880 749 920; x_wconf 89' lang='lat' dir='ltr'><strong>una</strong></span> <span class='ocrx_word' id='word_1_49' title='bbox 804 874 983 918; x_wconf 89' lang='lat' dir='ltr'><strong>mente</strong></span> <span class='ocrx_word' id='word_1_50' title='bbox 1045 862 1418 914; x_wconf 90' lang='lat' dir='ltr'><strong>contriverunt</strong></span> <span class='ocrx_word' id='word_1_51' title='bbox 1459 859 1685 929; x_wconf 89' lang='lat' dir='ltr'><strong>jngum,</strong></span> <span class='ocrx_word' id='word_1_52' title='bbox 1728 858 2045 927; x_wconf 87' lang='lat' dir='ltr'><strong>diruperunt</strong></span> 
     </span>
    </p>
   </div>
   <div class='ocr_carea' id='block_1_10' title="bbox 456 948 2039 1023">
    <p class='ocr_par' dir='ltr' id='par_1_10' title="bbox 456 948 2039 1023">
     <span class='ocr_line' id='line_1_10' title="bbox 456 948 2039 1023; baseline -0.006 -12"><span class='ocrx_word' id='word_1_53' title='bbox 456 958 665 1013; x_wconf 86' lang='lat' dir='ltr'><strong>vincula</strong></span> <span class='ocrx_word' id='word_1_54' title='bbox 698 976 711 1010; x_wconf 91' lang='lat'><strong>:</strong></span> <span class='ocrx_word' id='word_1_55' title='bbox 749 955 889 1023; x_wconf 89' lang='lat' dir='ltr'><strong>quod</strong></span> <span class='ocrx_word' id='word_1_56' title='bbox 932 962 1111 1006; x_wconf 88' lang='lat' dir='ltr'><strong>autem</strong></span> <span class='ocrx_word' id='word_1_57' title='bbox 1177 950 1584 1021; x_wconf 71' lang='lat' dir='ltr'><strong>prmstantiores</strong></span> <span class='ocrx_word' id='word_1_58' title='bbox 1639 960 1694 1005; x_wconf 88' lang='lat' dir='ltr'><strong>et</strong></span> <span class='ocrx_word' id='word_1_59' title='bbox 1736 948 2039 1003; x_wconf 78' lang='lat' dir='ltr'><strong>sanctiores</strong></span> 
     </span>
    </p>
   </div>
   <div class='ocr_carea' id='block_1_11' title="bbox 457 1038 2039 1112">
    <p class='ocr_par' dir='ltr' id='par_1_11' title="bbox 457 1038 2039 1112">
     <span class='ocr_line' id='line_1_11' title="bbox 457 1038 2039 1112; baseline -0.008 -9"><span class='ocrx_word' id='word_1_60' title='bbox 457 1049 595 1103; x_wconf 90' lang='lat' dir='ltr'><strong>inter</strong></span> <span class='ocrx_word' id='word_1_61' title='bbox 622 1047 859 1108; x_wconf 63' lang='lat' dir='ltr'><strong>Judaaos,</strong></span> <span class='ocrx_word' id='word_1_62' title='bbox 888 1045 1116 1099; x_wconf 87' lang='lat' dir='ltr'><strong>miseros</strong></span> <span class='ocrx_word' id='word_1_63' title='bbox 1137 1043 1258 1112; x_wconf 82' lang='lat' dir='ltr'><strong>jure</strong></span> <span class='ocrx_word' id='word_1_64' title='bbox 1286 1042 1483 1096; x_wconf 86' lang='lat' dir='ltr'><strong>merito</strong></span> <span class='ocrx_word' id='word_1_65' title='bbox 1506 1050 1681 1105; x_wconf 90' lang='lat' dir='ltr'><strong>vocet,</strong></span> <span class='ocrx_word' id='word_1_66' title='bbox 1712 1040 1956 1108; x_wconf 86' lang='lat' dir='ltr'><strong>iramque</strong></span> <span class='ocrx_word' id='word_1_67' title='bbox 1989 1038 2039 1091; x_wconf 93' lang='lat' dir='ltr'><strong>in</strong></span> 
     </span>
    </p>
   </div>
   <div class='ocr_carea' id='block_1_12' title="bbox 458 1130 2028 1201">
    <p class='ocr_par' dir='ltr' id='par_1_12' title="bbox 458 1130 2028 1201">
     <span class='ocr_line' id='line_1_12' title="bbox 458 1130 2028 1201; baseline -0.009 -6"><span class='ocrx_word' id='word_1_68' title='bbox 458 1142 574 1195; x_wconf 86' lang='lat' dir='ltr'><strong>illos</strong></span> <span class='ocrx_word' id='word_1_69' title='bbox 602 1137 970 1194; x_wconf 82' lang='lat' dir='ltr'><strong>vehementius</strong></span> <span class='ocrx_word' id='word_1_70' title='bbox 990 1134 1262 1198; x_wconf 75' lang='lat' dir='ltr'><strong>effuderit,</strong></span> <span class='ocrx_word' id='word_1_71' title='bbox 1285 1133 1501 1201; x_wconf 86' lang='lat' dir='ltr'><strong>planum</strong></span> <span class='ocrx_word' id='word_1_72' title='bbox 1528 1130 1689 1186; x_wconf 88' lang='lat' dir='ltr'><strong>faciet</strong></span> <span class='ocrx_word' id='word_1_73' title='bbox 1712 1132 1824 1199; x_wconf 87' lang='lat' dir='ltr'><strong>ipse</strong></span> <span class='ocrx_word' id='word_1_74' title='bbox 1862 1130 2028 1183; x_wconf 84' lang='lat' dir='ltr'><strong>Chri-</strong></span> 
     </span>
    </p>
   </div>
   <div class='ocr_carea' id='block_1_13' title="bbox 458 1221 2038 1296">
    <p class='ocr_par' dir='ltr' id='par_1_13' title="bbox 458 1221 2038 1296">
     <span class='ocr_line' id='line_1_13' title="bbox 458 1221 2038 1296; baseline -0.012 -8"><span class='ocrx_word' id='word_1_75' title='bbox 458 1244 596 1296; x_wconf 89' lang='lat' dir='ltr'><strong>stus,</strong></span> <span class='ocrx_word' id='word_1_76' title='bbox 619 1232 844 1286; x_wconf 90' lang='lat' dir='ltr'><strong>dicens:</strong></span> <span class='ocrx_word' id='word_1_77' title='bbox 889 1249 907 1280; x_wconf 79' lang='grc' dir='ltr'><strong>ι</strong></span> <span class='ocrx_word' id='word_1_78' title='bbox 943 1227 1033 1282; x_wconf 79' lang='lat' dir='ltr'><strong>Vae</strong></span> <span class='ocrx_word' id='word_1_79' title='bbox 1056 1228 1231 1291; x_wconf 80' lang='lat' dir='ltr'><strong>vobis,</strong></span> <span class='ocrx_word' id='word_1_80' title='bbox 1267 1226 1470 1280; x_wconf 81' lang='lat' dir='ltr'><strong>Scrihae</strong></span> <span class='ocrx_word' id='word_1_81' title='bbox 1496 1235 1550 1278; x_wconf 91' lang='lat' dir='ltr'><strong>et</strong></span> <span class='ocrx_word' id='word_1_82' title='bbox 1585 1223 1844 1278; x_wconf 69' lang='lat' dir='ltr'><strong>Pharisaei</strong></span> <span class='ocrx_word' id='word_1_83' title='bbox 1867 1221 2038 1292; x_wconf 78' lang='lat' dir='ltr'><strong>hypo-</strong></span> 
     </span>
    </p>
   </div>
   <div class='ocr_carea' id='block_1_14' title="bbox 458 1313 2041 1390">
    <p class='ocr_par' dir='ltr' id='par_1_14' title="bbox 458 1313 2041 1390">
     <span class='ocr_line' id='line_1_14' title="bbox 458 1313 2041 1390; baseline -0.008 -15"><span class='ocrx_word' id='word_1_84' title='bbox 458 1322 626 1385; x_wconf 62' lang='lat' dir='ltr'><strong>critae,</strong></span> <span class='ocrx_word' id='word_1_85' title='bbox 674 1320 798 1390; x_wconf 91' lang='lat' dir='ltr'><strong>quia</strong></span> <span class='ocrx_word' id='word_1_86' title='bbox 844 1320 1145 1390; x_wconf 77' lang='lat' dir='ltr'><strong>peragratis</strong></span> <span class='ocrx_word' id='word_1_87' title='bbox 1203 1332 1355 1372; x_wconf 87' lang='lat' dir='ltr'><strong>mare</strong></span> <span class='ocrx_word' id='word_1_88' title='bbox 1403 1316 1566 1388; x_wconf 78' lang='lat'><strong>367</strong></span> <span class='ocrx_word' id='word_1_89' title='bbox 1608 1324 1664 1369; x_wconf 90' lang='lat' dir='ltr'><strong>et</strong></span> <span class='ocrx_word' id='word_1_90' title='bbox 1718 1313 1950 1377; x_wconf 88' lang='lat' dir='ltr'><strong>aridam,</strong></span> <span class='ocrx_word' id='word_1_91' title='bbox 1983 1320 2041 1364; x_wconf 91' lang='lat' dir='ltr'><strong>nt</strong></span> 
     </span>
    </p>
   </div>
   <div class='ocr_carea' id='block_1_15' title="bbox 458 1403 2041 1482">
    <p class='ocr_par' dir='ltr' id='par_1_15' title="bbox 458 1403 2041 1482">
     <span class='ocr_line' id='line_1_15' title="bbox 458 1403 2041 1482; baseline -0.006 -16"><span class='ocrx_word' id='word_1_92' title='bbox 458 1414 669 1467; x_wconf 83' lang='lat' dir='ltr'><strong>faciatis</strong></span> <span class='ocrx_word' id='word_1_93' title='bbox 720 1426 885 1465; x_wconf 92' lang='lat' dir='ltr'><strong>unum</strong></span> <span class='ocrx_word' id='word_1_94' title='bbox 932 1409 1262 1482; x_wconf 84' lang='lat' dir='ltr'><strong>proselytum</strong></span> <span class='ocrx_word' id='word_1_95' title='bbox 1301 1418 1404 1463; x_wconf 88' lang='lat' dir='ltr'><strong>:et</strong></span> <span class='ocrx_word' id='word_1_96' title='bbox 1432 1408 1477 1458; x_wconf 89' lang='lat' dir='ltr'><strong>si</strong></span> <span class='ocrx_word' id='word_1_97' title='bbox 1508 1406 1819 1476; x_wconf 91' lang='lat' dir='ltr'><strong>contingat,</strong></span> <span class='ocrx_word' id='word_1_98' title='bbox 1863 1403 2041 1457; x_wconf 84' lang='lat' dir='ltr'><strong>facitis</strong></span> 
     </span>
    </p>
   </div>
   <div class='ocr_carea' id='block_1_16' title="bbox 466 1496 2033 1574">
    <p class='ocr_par' dir='ltr' id='par_1_16' title="bbox 466 1496 2033 1574">
     <span class='ocr_line' id='line_1_16' title="bbox 466 1496 2033 1574; baseline -0.006 -16"><span class='ocrx_word' id='word_1_99' title='bbox 466 1506 614 1559; x_wconf 89' lang='lat' dir='ltr'><strong>illum</strong></span> <span class='ocrx_word' id='word_1_100' title='bbox 644 1504 812 1558; x_wconf 82' lang='lat' dir='ltr'><strong>filium</strong></span> <span class='ocrx_word' id='word_1_101' title='bbox 837 1504 1096 1574; x_wconf 77' lang='lat' dir='ltr'><strong>gehenna:</strong></span> <span class='ocrx_word' id='word_1_102' title='bbox 1114 1500 1275 1571; x_wconf 90' lang='lat' dir='ltr'><strong>duplo</strong></span> <span class='ocrx_word' id='word_1_103' title='bbox 1292 1500 1463 1571; x_wconf 80' lang='lat' dir='ltr'><strong>magis</strong></span> <span class='ocrx_word' id='word_1_104' title='bbox 1477 1514 1639 1570; x_wconf 90' lang='lat' dir='ltr'><strong>quam</strong></span> <span class='ocrx_word' id='word_1_105' title='bbox 1662 1513 1757 1552; x_wconf 84' lang='lat' dir='ltr'><strong>vos</strong></span> <span class='ocrx_word' id='word_1_106' title='bbox 1784 1496 1984 1552; x_wconf 83' lang='lat' dir='ltr'><strong>estis&quot;.</strong></span> <span class='ocrx_word' id='word_1_107' title='bbox 2013 1514 2033 1548; x_wconf 70' lang='grc' dir='ltr'><strong>ι</strong></span> 
     </span>
    </p>
   </div>
   <div class='ocr_carea' id='block_1_17' title="bbox 459 1588 2031 1661">
    <p class='ocr_par' dir='ltr' id='par_1_17' title="bbox 459 1588 2031 1661">
     <span class='ocr_line' id='line_1_17' title="bbox 459 1588 2031 1661; baseline -0.005 -12"><span class='ocrx_word' id='word_1_108' title='bbox 459 1595 524 1649; x_wconf 80' lang='lat' dir='ltr'><strong>Et</strong></span> <span class='ocrx_word' id='word_1_109' title='bbox 554 1610 740 1650; x_wconf 89' lang='lat' dir='ltr'><strong>rursus</strong></span> <span class='ocrx_word' id='word_1_110' title='bbox 766 1594 928 1650; x_wconf 81' lang='lat' dir='ltr'><strong>etiam</strong></span> <span class='ocrx_word' id='word_1_111' title='bbox 968 1611 983 1647; x_wconf 89' lang='lat'><strong>:</strong></span> <span class='ocrx_word' id='word_1_112' title='bbox 1022 1610 1042 1645; x_wconf 79' lang='grc' dir='ltr'><strong>ι</strong></span> <span class='ocrx_word' id='word_1_113' title='bbox 1083 1593 1176 1647; x_wconf 63' lang='lat' dir='ltr'><strong>Va</strong></span> <span class='ocrx_word' id='word_1_114' title='bbox 1202 1591 1357 1647; x_wconf 84' lang='lat' dir='ltr'><strong>vobis</strong></span> <span class='ocrx_word' id='word_1_115' title='bbox 1390 1590 1741 1661; x_wconf 85' lang='lat' dir='ltr'><strong>legisperitis,</strong></span> <span class='ocrx_word' id='word_1_116' title='bbox 1774 1588 2031 1658; x_wconf 90' lang='lat' dir='ltr'><strong>quoniam</strong></span> 
     </span>
    </p>
   </div>
   <div class='ocr_carea' id='block_1_18' title="bbox 459 1679 2029 1752">
    <p class='ocr_par' dir='ltr' id='par_1_18' title="bbox 459 1679 2029 1752">
     <span class='ocr_line' id='line_1_18' title="bbox 459 1679 2029 1752; baseline -0.006 -11"><span class='ocrx_word' id='word_1_117' title='bbox 459 1688 880 1742; x_wconf 87' lang='lat' dir='ltr'><strong>tulistisclavem</strong></span> <span class='ocrx_word' id='word_1_118' title='bbox 909 1684 1178 1747; x_wconf 62' lang='lat' dir='ltr'><strong>scientiae,</strong></span> <span class='ocrx_word' id='word_1_119' title='bbox 1209 1684 1309 1752; x_wconf 87' lang='lat' dir='ltr'><strong>ipsi</strong></span> <span class='ocrx_word' id='word_1_120' title='bbox 1339 1698 1469 1739; x_wconf 87' lang='lat' dir='ltr'><strong>vero</strong></span> <span class='ocrx_word' id='word_1_121' title='bbox 1502 1696 1608 1737; x_wconf 92' lang='lat' dir='ltr'><strong>non</strong></span> <span class='ocrx_word' id='word_1_122' title='bbox 1656 1679 2029 1751; x_wconf 80' lang='lat' dir='ltr'><strong>ingredimini,</strong></span> 
     </span>
    </p>
   </div>
   <div class='ocr_carea' id='block_1_19' title="bbox 460 1774 2039 1848">
    <p class='ocr_par' dir='ltr' id='par_1_19' title="bbox 460 1774 2039 1848">
     <span class='ocr_line' id='line_1_19' title="bbox 460 1774 2039 1848; baseline -0.003 -16"><span class='ocrx_word' id='word_1_123' title='bbox 460 1789 511 1834; x_wconf 86' lang='lat' dir='ltr'><strong>et</strong></span> <span class='ocrx_word' id='word_1_124' title='bbox 537 1794 629 1835; x_wconf 86' lang='lat' dir='ltr'><strong>eos</strong></span> <span class='ocrx_word' id='word_1_125' title='bbox 650 1779 741 1848; x_wconf 86' lang='lat' dir='ltr'><strong>qui</strong></span> <span class='ocrx_word' id='word_1_126' title='bbox 776 1777 1075 1833; x_wconf 79' lang='lat' dir='ltr'><strong>introibant</strong></span> <span class='ocrx_word' id='word_1_127' title='bbox 1116 1776 1472 1846; x_wconf 85' lang='lat' dir='ltr'><strong>prohibuistis</strong></span> <span class='ocrx_word' id='word_1_128' title='bbox 1501 1776 1572 1828; x_wconf 84' lang='lat'><strong>&#39;°.</strong></span> <span class='ocrx_word' id='word_1_129' title='bbox 1606 1793 1627 1828; x_wconf 83' lang='grc'><strong>›</strong></span> <span class='ocrx_word' id='word_1_130' title='bbox 1654 1774 1845 1831; x_wconf 84' lang='lat' dir='ltr'><strong>Merito</strong></span> <span class='ocrx_word' id='word_1_131' title='bbox 1876 1775 2039 1843; x_wconf 80' lang='lat' dir='ltr'><strong>igitur</strong></span> 
     </span>
    </p>
   </div>
   <div class='ocr_carea' id='block_1_20' title="bbox 2147 572 3733 645">
    <p class='ocr_par' dir='ltr' id='par_1_20' title="bbox 2147 572 3733 645">
     <span class='ocr_line' id='line_1_20' title="bbox 2147 572 3733 645; baseline 0.001 -18"><span class='ocrx_word' id='word_1_132' title='bbox 2147 591 2285 645; x_wconf 86' lang='grc' dir='ltr'>γμα.</span> <span class='ocrx_word' id='word_1_133' title='bbox 2330 572 2839 644; x_wconf 81' lang='grc' dir='ltr'>Ἠγεμονικώτατον</span> <span class='ocrx_word' id='word_1_134' title='bbox 2879 572 2990 645; x_wconf 75' lang='grc' dir='ltr'>γὰρ</span> <span class='ocrx_word' id='word_1_135' title='bbox 3034 574 3111 638; x_wconf 83' lang='grc' dir='ltr'><strong>ὡς</strong></span> <span class='ocrx_word' id='word_1_136' title='bbox 3158 574 3296 645; x_wconf 79' lang='grc' dir='ltr'>πρός</span> <span class='ocrx_word' id='word_1_137' title='bbox 3318 591 3383 643; x_wconf 84' lang='grc' dir='ltr'><strong>γε</strong></span> <span class='ocrx_word' id='word_1_138' title='bbox 3412 574 3473 628; x_wconf 84' lang='grc' dir='ltr'><strong>τὸ</strong></span> <span class='ocrx_word' id='word_1_139' title='bbox 3510 574 3643 644; x_wconf 75' lang='grc' dir='ltr'>θῆλυ</span> <span class='ocrx_word' id='word_1_140' title='bbox 3669 575 3733 629; x_wconf 83' lang='grc' dir='ltr'>τὸ</span> 
     </span>
    </p>
   </div>
   <div class='ocr_carea' id='block_1_21' title="bbox 2145 666 3732 739">
    <p class='ocr_par' dir='ltr' id='par_1_21' title="bbox 2145 666 3732 739">
     <span class='ocr_line' id='line_1_21' title="bbox 2145 666 3732 739; baseline 0.001 -18"><span class='ocrx_word' id='word_1_141' title='bbox 2145 667 2334 739; x_wconf 89' lang='grc' dir='ltr'>ἄρσεν.</span> <span class='ocrx_word' id='word_1_142' title='bbox 2368 667 2639 738; x_wconf 75' lang='grc' dir='ltr'>’Δρῤενας</span> <span class='ocrx_word' id='word_1_143' title='bbox 2668 666 2727 719; x_wconf 87' lang='grc' dir='ltr'><strong>δέ</strong></span> <span class='ocrx_word' id='word_1_144' title='bbox 2754 667 3019 721; x_wconf 84' lang='grc' dir='ltr'><strong>ἀποκαλεῖ</strong></span> <span class='ocrx_word' id='word_1_145' title='bbox 3058 667 3188 731; x_wconf 73' lang='grc' dir='ltr'>ἴσως</span> <span class='ocrx_word' id='word_1_146' title='bbox 3214 668 3338 732; x_wconf 83' lang='grc' dir='ltr'>τοὺς</span> <span class='ocrx_word' id='word_1_147' title='bbox 3364 667 3528 723; x_wconf 86' lang='grc' dir='ltr'>οἰονεί</span> <span class='ocrx_word' id='word_1_148' title='bbox 3555 686 3732 723; x_wconf 82' lang='grc' dir='ltr'>νεανι-</span> 
     </span>
    </p>
   </div>
   <div class='ocr_carea' id='block_1_22' title="bbox 2145 757 3730 830">
    <p class='ocr_par' dir='ltr' id='par_1_22' title="bbox 2145 757 3730 830">
     <span class='ocr_line' id='line_1_22' title="bbox 2145 757 3730 830; baseline 0.001 -18"><span class='ocrx_word' id='word_1_149' title='bbox 2145 757 2418 828; x_wconf 83' lang='grc' dir='ltr'>κωτέρους</span> <span class='ocrx_word' id='word_1_150' title='bbox 2442 757 2549 811; x_wconf 88' lang='grc' dir='ltr'><strong>τῶν</strong></span> <span class='ocrx_word' id='word_1_151' title='bbox 2604 758 2893 821; x_wconf 81' lang='grc' dir='ltr'><strong>Ἰουδαίων,</strong></span> <span class='ocrx_word' id='word_1_152' title='bbox 2922 758 2984 811; x_wconf 78' lang='grc' dir='ltr'>οὐ</span> <span class='ocrx_word' id='word_1_153' title='bbox 3034 757 3173 813; x_wconf 80' lang='grc' dir='ltr'>κατὰ</span> <span class='ocrx_word' id='word_1_154' title='bbox 3204 758 3303 829; x_wconf 80' lang='grc' dir='ltr'>τὴν</span> <span class='ocrx_word' id='word_1_155' title='bbox 3353 758 3448 812; x_wconf 81' lang='grc' dir='ltr'>τοῦ</span> <span class='ocrx_word' id='word_1_156' title='bbox 3481 757 3730 830; x_wconf 86' lang='grc' dir='ltr'>σώματος</span> 
     </span>
    </p>
   </div>
   <div class='ocr_carea' id='block_1_23' title="bbox 2144 850 3730 922">
    <p class='ocr_par' dir='ltr' id='par_1_23' title="bbox 2144 850 3730 922">
     <span class='ocr_line' id='line_1_23' title="bbox 2144 850 3730 922; baseline 0 -17"><span class='ocrx_word' id='word_1_157' title='bbox 2144 851 2472 922; x_wconf 80' lang='grc' dir='ltr'>εὐρωστίαν,</span> <span class='ocrx_word' id='word_1_158' title='bbox 2514 850 2654 905; x_wconf 84' lang='grc' dir='ltr'>κατὰ</span> <span class='ocrx_word' id='word_1_159' title='bbox 2682 851 2781 922; x_wconf 85' lang='grc' dir='ltr'>τὴν</span> <span class='ocrx_word' id='word_1_160' title='bbox 2802 851 3002 919; x_wconf 87' lang='grc' dir='ltr'>γνῶσιν</span> <span class='ocrx_word' id='word_1_161' title='bbox 3036 851 3092 904; x_wconf 87' lang='grc' dir='ltr'><strong>δὲ</strong></span> <span class='ocrx_word' id='word_1_162' title='bbox 3124 851 3323 921; x_wconf 81' lang='grc' dir='ltr'>μᾶλλον</span> <span class='ocrx_word' id='word_1_163' title='bbox 3351 851 3461 905; x_wconf 80' lang='grc' dir='ltr'><strong>τῶν</strong></span> <span class='ocrx_word' id='word_1_164' title='bbox 3491 852 3730 921; x_wconf 77' lang='grc' dir='ltr'>νομικῶν</span> 
     </span>
    </p>
   </div>
   <div class='ocr_carea' id='block_1_24' title="bbox 2144 941 3729 1015">
    <p class='ocr_par' dir='ltr' id='par_1_24' title="bbox 2144 941 3729 1015">
     <span class='ocr_line' id='line_1_24' title="bbox 2144 941 3729 1015; baseline 0 -20"><span class='ocrx_word' id='word_1_165' title='bbox 2144 942 2517 1013; x_wconf 86' lang='grc' dir='ltr'>ἐνταλμάτων,</span> <span class='ocrx_word' id='word_1_166' title='bbox 2553 941 2794 995; x_wconf 77' lang='grc' dir='ltr'>τοιοῦτόν</span> <span class='ocrx_word' id='word_1_167' title='bbox 2813 943 2930 995; x_wconf 84' lang='grc' dir='ltr'>ἐστι</span> <span class='ocrx_word' id='word_1_168' title='bbox 2945 942 3008 995; x_wconf 77' lang='grc' dir='ltr'>τὸ</span> <span class='ocrx_word' id='word_1_169' title='bbox 3028 942 3164 1015; x_wconf 82' lang='grc' dir='ltr'>πρὸς</span> <span class='ocrx_word' id='word_1_170' title='bbox 3179 942 3277 996; x_wconf 74' lang='grc' dir='ltr'><strong>ἕνα</strong></span> <span class='ocrx_word' id='word_1_171' title='bbox 3302 942 3409 996; x_wconf 86' lang='grc' dir='ltr'><strong>τῶν</strong></span> <span class='ocrx_word' id='word_1_172' title='bbox 3435 944 3729 1014; x_wconf 84' lang='grc' dir='ltr'>προφητῶν</span> 
     </span>
    </p>
   </div>
   <div class='ocr_carea' id='block_1_25' title="bbox 2111 1021 3726 1107">
    <p class='ocr_par' dir='ltr' id='par_1_25' title="bbox 2111 1021 3726 1107">
     <span class='ocr_line' id='line_1_25' title="bbox 2111 1021 3726 1107; baseline 0.001 -20"><span class='ocrx_word' id='word_1_173' title='bbox 2111 1021 2431 1107; x_wconf 80' lang='grc' dir='ltr'>ἐἰρημένον</span> <span class='ocrx_word' id='word_1_174' title='bbox 2447 1036 2599 1106; x_wconf 74' lang='grc' dir='ltr'>παρὰ</span> <span class='ocrx_word' id='word_1_175' title='bbox 2615 1034 2750 1087; x_wconf 78' lang='grc' dir='ltr'>Θεοῦ</span> <span class='ocrx_word' id='word_1_176' title='bbox 2769 1051 2781 1064; x_wconf 93' lang='grc'><strong>·</strong></span> <span class='ocrx_word' id='word_1_177' title='bbox 2803 1053 2822 1086; x_wconf 78' lang='grc' dir='ltr'><strong>ι</strong></span> <span class='ocrx_word' id='word_1_178' title='bbox 2846 1034 3193 1105; x_wconf 83' lang='grc' dir='ltr'>Πορεύσομαι</span> <span class='ocrx_word' id='word_1_179' title='bbox 3216 1034 3352 1106; x_wconf 88' lang='grc' dir='ltr'>πρὸς</span> <span class='ocrx_word' id='word_1_180' title='bbox 3366 1034 3491 1098; x_wconf 82' lang='grc' dir='ltr'>τοὺς</span> <span class='ocrx_word' id='word_1_181' title='bbox 3510 1037 3726 1107; x_wconf 74' lang='grc' dir='ltr'>ἁδροὺς,</span> 
     </span>
    </p>
   </div>
   <div class='ocr_carea' id='block_1_26' title="bbox 2136 1126 3726 1198">
    <p class='ocr_par' dir='ltr' id='par_1_26' title="bbox 2136 1126 3726 1198">
     <span class='ocr_line' id='line_1_26' title="bbox 2136 1126 3726 1198; baseline -0.001 -17"><span class='ocrx_word' id='word_1_182' title='bbox 2136 1129 2237 1187; x_wconf 12' lang='grc' dir='ltr'>,καὶ</span> <span class='ocrx_word' id='word_1_183' title='bbox 2265 1127 2483 1197; x_wconf 80' lang='grc' dir='ltr'><strong>λαλήσω</strong></span> <span class='ocrx_word' id='word_1_184' title='bbox 2505 1127 2639 1198; x_wconf 79' lang='grc' dir='ltr'>πρὸς</span> <span class='ocrx_word' id='word_1_185' title='bbox 2668 1127 2887 1189; x_wconf 85' lang='grc' dir='ltr'>αὐτούς.</span> <span class='ocrx_word' id='word_1_186' title='bbox 2911 1146 2928 1177; x_wconf 77' lang='grc' dir='ltr'><strong>ι</strong></span> <span class='ocrx_word' id='word_1_187' title='bbox 2956 1127 3066 1182; x_wconf 81' lang='grc' dir='ltr'><strong>Καὶ</strong></span> <span class='ocrx_word' id='word_1_188' title='bbox 3092 1126 3200 1180; x_wconf 81' lang='grc' dir='ltr'>ἰδοὺ</span> <span class='ocrx_word' id='word_1_189' title='bbox 3228 1126 3568 1197; x_wconf 73' lang='grc' dir='ltr'>ὁμοθυμαδὸν</span> <span class='ocrx_word' id='word_1_190' title='bbox 3600 1144 3726 1180; x_wconf 82' lang='grc' dir='ltr'>συν-</span> 
     </span>
    </p>
   </div>
   <div class='ocr_carea' id='block_1_27' title="bbox 2143 1214 3724 1291">
    <p class='ocr_par' dir='ltr' id='par_1_27' title="bbox 2143 1214 3724 1291">
     <span class='ocr_line' id='line_1_27' title="bbox 2143 1214 3724 1291; baseline 0.001 -19"><span class='ocrx_word' id='word_1_191' title='bbox 2143 1219 2369 1291; x_wconf 80' lang='grc' dir='ltr'>έτριψαν</span> <span class='ocrx_word' id='word_1_192' title='bbox 2392 1218 2572 1287; x_wconf 79' lang='grc' dir='ltr'>ζυγὸν,</span> <span class='ocrx_word' id='word_1_193' title='bbox 2591 1218 2880 1290; x_wconf 76' lang='grc' dir='ltr'>διέρρηξαν</span> <span class='ocrx_word' id='word_1_194' title='bbox 2900 1218 3151 1289; x_wconf 83' lang='grc' dir='ltr'>δεσμοὺς,</span> <span class='ocrx_word' id='word_1_195' title='bbox 3166 1219 3248 1272; x_wconf 85' lang='grc' dir='ltr'><strong>ὅτι</strong></span> <span class='ocrx_word' id='word_1_196' title='bbox 3269 1219 3397 1273; x_wconf 82' lang='grc' dir='ltr'>δὲτὸ</span> <span class='ocrx_word' id='word_1_197' title='bbox 3419 1214 3648 1291; x_wconf 79' lang='grc' dir='ltr'>προῦχὸν</span> <span class='ocrx_word' id='word_1_198' title='bbox 3666 1238 3724 1273; x_wconf 86' lang='grc' dir='ltr'><strong>τε</strong></span> 
     </span>
    </p>
   </div>
   <div class='ocr_carea' id='block_1_28' title="bbox 2142 1310 3728 1383">
    <p class='ocr_par' dir='ltr' id='par_1_28' title="bbox 2142 1310 3728 1383">
     <span class='ocr_line' id='line_1_28' title="bbox 2142 1310 3728 1383; baseline -0.001 -16"><span class='ocrx_word' id='word_1_199' title='bbox 2142 1313 2237 1368; x_wconf 74' lang='grc' dir='ltr'>καί.</span> <span class='ocrx_word' id='word_1_200' title='bbox 2266 1310 2555 1383; x_wconf 77' lang='grc' dir='ltr'>ἱερώτερον</span> <span class='ocrx_word' id='word_1_201' title='bbox 2577 1312 2637 1363; x_wconf 91' lang='grc' dir='ltr'><strong>ἐν</strong></span> <span class='ocrx_word' id='word_1_202' title='bbox 2660 1314 2771 1375; x_wconf 87' lang='grc' dir='ltr'>τοῖς</span> <span class='ocrx_word' id='word_1_203' title='bbox 2801 1310 3076 1373; x_wconf 80' lang='grc' dir='ltr'><strong>Ἰουδαίοις</strong></span> <span class='ocrx_word' id='word_1_204' title='bbox 3090 1310 3435 1376; x_wconf 77' lang='grc' dir='ltr'>ταλανίζεται</span> <span class='ocrx_word' id='word_1_205' title='bbox 3466 1312 3562 1382; x_wconf 83' lang='grc' dir='ltr'>μὲν</span> <span class='ocrx_word' id='word_1_206' title='bbox 3582 1314 3728 1365; x_wconf 83' lang='grc' dir='ltr'>εἰκό-</span> 
     </span>
    </p>
   </div>
   <div class='ocr_carea' id='block_1_29' title="bbox 2140 1402 3722 1477">
    <p class='ocr_par' dir='ltr' id='par_1_29' title="bbox 2140 1402 3722 1477">
     <span class='ocr_line' id='line_1_29' title="bbox 2140 1402 3722 1477; baseline -0.001 -19"><span class='ocrx_word' id='word_1_207' title='bbox 2140 1422 2269 1469; x_wconf 90' lang='grc' dir='ltr'>τως,</span> <span class='ocrx_word' id='word_1_208' title='bbox 2312 1404 2704 1476; x_wconf 79' lang='grc' dir='ltr'>ῥαγδαιοτέραν</span> <span class='ocrx_word' id='word_1_209' title='bbox 2751 1402 2810 1456; x_wconf 83' lang='grc' dir='ltr'><strong>δέ</strong></span> <span class='ocrx_word' id='word_1_210' title='bbox 2840 1406 2938 1475; x_wconf 77' lang='grc' dir='ltr'>τὴν</span> <span class='ocrx_word' id='word_1_211' title='bbox 2981 1404 3151 1476; x_wconf 86' lang='grc' dir='ltr'>ὀργὴν</span> <span class='ocrx_word' id='word_1_212' title='bbox 3186 1404 3523 1477; x_wconf 82' lang='grc' dir='ltr'>ἐπήντλησεν</span> <span class='ocrx_word' id='word_1_213' title='bbox 3553 1405 3722 1477; x_wconf 84' lang='grc' dir='ltr'>αὐτῷ,</span> 
     </span>
    </p>
   </div>
   <div class='ocr_carea' id='block_1_30' title="bbox 2142 1493 3725 1567">
    <p class='ocr_par' dir='ltr' id='par_1_30' title="bbox 2142 1493 3725 1567">
     <span class='ocr_line' id='line_1_30' title="bbox 2142 1493 3725 1567; baseline 0.001 -20"><span class='ocrx_word' id='word_1_214' title='bbox 2142 1497 2396 1565; x_wconf 90' lang='grc' dir='ltr'>σαφηνιεῖ</span> <span class='ocrx_word' id='word_1_215' title='bbox 2423 1494 2595 1564; x_wconf 83' lang='grc' dir='ltr'>λέγων</span> <span class='ocrx_word' id='word_1_216' title='bbox 2618 1493 2778 1558; x_wconf 75' lang='grc' dir='ltr'>αὐτὸς</span> <span class='ocrx_word' id='word_1_217' title='bbox 2807 1496 2836 1547; x_wconf 86' lang='grc' dir='ltr'>ὁ</span> <span class='ocrx_word' id='word_1_218' title='bbox 2855 1493 3089 1565; x_wconf 84' lang='grc' dir='ltr'>Χριστός</span> <span class='ocrx_word' id='word_1_219' title='bbox 3106 1510 3122 1525; x_wconf 78' lang='grc' dir='ltr'><strong><em>ο</em></strong></span> <span class='ocrx_word' id='word_1_220' title='bbox 3158 1511 3178 1544; x_wconf 77' lang='grc' dir='ltr'><strong>ι</strong></span> <span class='ocrx_word' id='word_1_221' title='bbox 3206 1495 3344 1548; x_wconf 80' lang='grc' dir='ltr'>Οὐαὶ</span> <span class='ocrx_word' id='word_1_222' title='bbox 3368 1496 3517 1566; x_wconf 80' lang='grc' dir='ltr'>ὑμῖν,</span> <span class='ocrx_word' id='word_1_223' title='bbox 3542 1495 3581 1548; x_wconf 91' lang='grc' dir='ltr'><strong>Γ</strong></span> <span class='ocrx_word' id='word_1_224' title='bbox 3584 1513 3725 1567; x_wconf 76' lang='grc' dir='ltr'>ραμο</span> 
     </span>
    </p>
   </div>
   <div class='ocr_carea' id='block_1_31' title="bbox 2145 1584 3727 1659">
    <p class='ocr_par' dir='ltr' id='par_1_31' title="bbox 2145 1584 3727 1659">
     <span class='ocr_line' id='line_1_31' title="bbox 2145 1584 3727 1659; baseline -0.001 -18"><span class='ocrx_word' id='word_1_225' title='bbox 2145 1589 2355 1659; x_wconf 88' lang='grc' dir='ltr'>ματεῖς,</span> <span class='ocrx_word' id='word_1_226' title='bbox 2383 1587 2478 1642; x_wconf 79' lang='grc' dir='ltr'>καὶ</span> <span class='ocrx_word' id='word_1_227' title='bbox 2505 1587 2788 1659; x_wconf 77' lang='grc' dir='ltr'>Φαρισαῖοι</span> <span class='ocrx_word' id='word_1_228' title='bbox 2814 1584 3105 1658; x_wconf 79' lang='grc' dir='ltr'>ὑποκριταὶ</span> <span class='ocrx_word' id='word_1_229' title='bbox 3124 1627 3139 1653; x_wconf 91' lang='grc'><strong>,</strong></span> <span class='ocrx_word' id='word_1_230' title='bbox 3181 1586 3265 1641; x_wconf 84' lang='grc' dir='ltr'>ὅτι</span> <span class='ocrx_word' id='word_1_231' title='bbox 3302 1587 3598 1658; x_wconf 82' lang='grc' dir='ltr'>περιάγετε</span> <span class='ocrx_word' id='word_1_232' title='bbox 3627 1587 3727 1657; x_wconf 81' lang='grc' dir='ltr'>τὴν</span> 
     </span>
    </p>
   </div>
   <div class='ocr_carea' id='block_1_32' title="bbox 2111 1676 3725 1750">
    <p class='ocr_par' dir='ltr' id='par_1_32' title="bbox 2111 1676 3725 1750">
     <span class='ocr_line' id='line_1_32' title="bbox 2111 1676 3725 1750; baseline -0.001 -18"><span class='ocrx_word' id='word_1_233' title='bbox 2111 1692 2114 1695; x_wconf 74' lang='lat'><strong>‘</strong></span> <span class='ocrx_word' id='word_1_234' title='bbox 2142 1678 2438 1745; x_wconf 83' lang='grc' dir='ltr'>θάλασσαν,</span> <span class='ocrx_word' id='word_1_235' title='bbox 2466 1681 2561 1732; x_wconf 75' lang='grc' dir='ltr'><strong>καὶ</strong></span> <span class='ocrx_word' id='word_1_236' title='bbox 2584 1679 2684 1750; x_wconf 79' lang='grc' dir='ltr'><strong>τὴν</strong></span> <span class='ocrx_word' id='word_1_237' title='bbox 2713 1676 2910 1749; x_wconf 81' lang='grc' dir='ltr'>ξηρὰν,</span> <span class='ocrx_word' id='word_1_238' title='bbox 2959 1678 3186 1750; x_wconf 81' lang='grc' dir='ltr'>ποιῆσαι</span> <span class='ocrx_word' id='word_1_239' title='bbox 3219 1678 3315 1732; x_wconf 74' lang='grc' dir='ltr'>ἕνα</span> <span class='ocrx_word' id='word_1_240' title='bbox 3349 1678 3688 1750; x_wconf 81' lang='grc' dir='ltr'>προσήλυτον</span> <span class='ocrx_word' id='word_1_241' title='bbox 3709 1694 3725 1709; x_wconf 74' lang='grc' dir='ltr'><strong><em>ο</em></strong></span> 
     </span>
    </p>
   </div>
   <div class='ocr_carea' id='block_1_33' title="bbox 2143 1767 3728 1840">
    <p class='ocr_par' dir='ltr' id='par_1_33' title="bbox 2143 1767 3728 1840">
     <span class='ocr_line' id='line_1_33' title="bbox 2143 1767 3728 1840; baseline -0.001 -18"><span class='ocrx_word' id='word_1_242' title='bbox 2143 1768 2236 1822; x_wconf 73' lang='grc' dir='ltr'>καὶ</span> <span class='ocrx_word' id='word_1_243' title='bbox 2273 1768 2369 1823; x_wconf 81' lang='grc' dir='ltr'>ἐὰν</span> <span class='ocrx_word' id='word_1_244' title='bbox 2408 1769 2652 1840; x_wconf 82' lang='grc' dir='ltr'>γένηται,</span> <span class='ocrx_word' id='word_1_245' title='bbox 2682 1772 2887 1822; x_wconf 85' lang='grc' dir='ltr'>ποιεῖτε</span> <span class='ocrx_word' id='word_1_246' title='bbox 2917 1768 3081 1822; x_wconf 80' lang='grc' dir='ltr'>αὐτὸν</span> <span class='ocrx_word' id='word_1_247' title='bbox 3114 1768 3229 1822; x_wconf 82' lang='grc' dir='ltr'>υἰὸν</span> <span class='ocrx_word' id='word_1_248' title='bbox 3280 1767 3508 1839; x_wconf 81' lang='grc' dir='ltr'>γεέννης</span> <span class='ocrx_word' id='word_1_249' title='bbox 3541 1767 3728 1823; x_wconf 77' lang='grc' dir='ltr'>διπλό-</span> 
     </span>
    </p>
   </div>
   <div class='ocr_carea' id='block_1_34' title="bbox 462 1861 2050 1941">
    <p class='ocr_par' dir='ltr' id='par_1_34' title="bbox 462 1866 2033 1941">
     <span class='ocr_line' id='line_1_34' title="bbox 462 1866 2033 1941; baseline -0.002 -16"><span class='ocrx_word' id='word_1_250' title='bbox 462 1871 715 1941; x_wconf 88' lang='lat' dir='ltr'><strong>plectitur</strong></span> <span class='ocrx_word' id='word_1_251' title='bbox 740 1870 1068 1934; x_wconf 80' lang='lat' dir='ltr'><strong>masculum,</strong></span> <span class='ocrx_word' id='word_1_252' title='bbox 1107 1869 1156 1923; x_wconf 88' lang='lat' dir='ltr'><strong>id</strong></span> <span class='ocrx_word' id='word_1_253' title='bbox 1181 1878 1285 1935; x_wconf 89' lang='lat' dir='ltr'><strong>est,</strong></span> <span class='ocrx_word' id='word_1_254' title='bbox 1312 1868 1459 1940; x_wconf 88' lang='lat' dir='ltr'><strong>quod</strong></span> <span class='ocrx_word' id='word_1_255' title='bbox 1497 1867 1732 1930; x_wconf 75' lang='lat' dir='ltr'><strong>excellit,</strong></span> <span class='ocrx_word' id='word_1_256' title='bbox 1762 1877 1817 1922; x_wconf 92' lang='lat' dir='ltr'><strong>et</strong></span> <span class='ocrx_word' id='word_1_257' title='bbox 1853 1866 1906 1922; x_wconf 92' lang='lat' dir='ltr'><strong>in</strong></span> <span class='ocrx_word' id='word_1_258' title='bbox 1944 1868 2033 1922; x_wconf 88' lang='lat' dir='ltr'><strong>ho-</strong></span> 
     </span>
    </p>
   </div>
   <div class='ocr_carea' id='block_1_35' title="bbox 2152 1861 3727 1941">
    <p class='ocr_par' dir='ltr' id='par_1_35' title="bbox 2152 1861 3727 1934">
     <span class='ocr_line' id='line_1_35' title="bbox 2152 1861 3727 1934; baseline -0.001 -18"><span class='ocrx_word' id='word_1_259' title='bbox 2152 1880 2295 1934; x_wconf 73' lang='grc' dir='ltr'>τερον</span> <span class='ocrx_word' id='word_1_260' title='bbox 2326 1861 2499 1933; x_wconf 84' lang='grc' dir='ltr'>ὑμῶν.</span> <span class='ocrx_word' id='word_1_261' title='bbox 2541 1880 2560 1913; x_wconf 72' lang='grc' dir='ltr'><strong>ι</strong></span> <span class='ocrx_word' id='word_1_262' title='bbox 2612 1862 2723 1915; x_wconf 81' lang='lat' dir='ltr'><strong>Kal</strong></span> <span class='ocrx_word' id='word_1_263' title='bbox 2750 1861 2945 1915; x_wconf 80' lang='grc' dir='ltr'>πάλινο</span> <span class='ocrx_word' id='word_1_264' title='bbox 2988 1879 3008 1912; x_wconf 77' lang='grc' dir='ltr'><strong>ι</strong></span> <span class='ocrx_word' id='word_1_265' title='bbox 3052 1862 3164 1915; x_wconf 80' lang='grc' dir='ltr'><strong>Καὶ</strong></span> <span class='ocrx_word' id='word_1_266' title='bbox 3194 1862 3321 1930; x_wconf 82' lang='grc' dir='ltr'>ὑμῖν</span> <span class='ocrx_word' id='word_1_267' title='bbox 3343 1864 3457 1925; x_wconf 87' lang='grc' dir='ltr'>τοῖς</span> <span class='ocrx_word' id='word_1_268' title='bbox 3485 1863 3727 1932; x_wconf 80' lang='grc' dir='ltr'>νομικοῖς</span> 
     </span>
    </p>
   </div>
   <div class='ocr_carea' id='block_1_36' title="bbox 461 1952 2039 2030">
    <p class='ocr_par' dir='ltr' id='par_1_36' title="bbox 461 1952 2039 2030">
     <span class='ocr_line' id='line_1_36' title="bbox 461 1952 2039 2030; baseline -0.001 -16"><span class='ocrx_word' id='word_1_269' title='bbox 461 1976 593 2015; x_wconf 88' lang='lat' dir='ltr'><strong>nore</strong></span> <span class='ocrx_word' id='word_1_270' title='bbox 614 1969 728 2027; x_wconf 90' lang='lat' dir='ltr'><strong>est,</strong></span> <span class='ocrx_word' id='word_1_271' title='bbox 756 1952 811 2014; x_wconf 89' lang='lat' dir='ltr'><strong>et</strong></span> <span class='ocrx_word' id='word_1_272' title='bbox 831 1960 986 2030; x_wconf 84' lang='lat' dir='ltr'><strong>quasi</strong></span> <span class='ocrx_word' id='word_1_273' title='bbox 1014 1959 1333 2015; x_wconf 87' lang='lat' dir='ltr'><strong>fortitudine</strong></span> <span class='ocrx_word' id='word_1_274' title='bbox 1365 1960 1637 2030; x_wconf 83' lang='lat' dir='ltr'><strong>spirituali</strong></span> <span class='ocrx_word' id='word_1_275' title='bbox 1669 1961 1738 2015; x_wconf 89' lang='lat' dir='ltr'><strong>ad</strong></span> <span class='ocrx_word' id='word_1_276' title='bbox 1771 1959 2039 2027; x_wconf 89' lang='lat' dir='ltr'><strong>cognitio-</strong></span> 
     </span>
    </p>
   </div>
   <div class='ocr_carea' id='block_1_37' title="bbox 461 2046 2041 2119">
    <p class='ocr_par' dir='ltr' id='par_1_37' title="bbox 461 2046 2041 2119">
     <span class='ocr_line' id='line_1_37' title="bbox 461 2046 2041 2119; baseline -0.003 -17"><span class='ocrx_word' id='word_1_277' title='bbox 461 2064 581 2102; x_wconf 90' lang='lat' dir='ltr'><strong>nem</strong></span> <span class='ocrx_word' id='word_1_278' title='bbox 650 2048 873 2118; x_wconf 78' lang='lat' dir='ltr'><strong>legalem</strong></span> <span class='ocrx_word' id='word_1_279' title='bbox 930 2047 1221 2119; x_wconf 82' lang='lat' dir='ltr'><strong>pervenit:</strong></span> <span class='ocrx_word' id='word_1_280' title='bbox 1269 2048 1467 2117; x_wconf 85' lang='lat' dir='ltr'><strong>quibus</strong></span> <span class='ocrx_word' id='word_1_281' title='bbox 1525 2048 1690 2103; x_wconf 90' lang='lat' dir='ltr'><strong>etiam</strong></span> <span class='ocrx_word' id='word_1_282' title='bbox 1747 2047 1885 2101; x_wconf 90' lang='lat' dir='ltr'><strong>mala</strong></span> <span class='ocrx_word' id='word_1_283' title='bbox 1929 2046 2041 2099; x_wconf 89' lang='lat' dir='ltr'><strong>vult</strong></span> 
     </span>
    </p>
   </div>
   <div class='ocr_carea' id='block_1_38' title="bbox 461 2138 2041 2209">
    <p class='ocr_par' dir='ltr' id='par_1_38' title="bbox 461 2138 2041 2209">
     <span class='ocr_line' id='line_1_38' title="bbox 461 2138 2041 2209; baseline -0.002 -15"><span class='ocrx_word' id='word_1_284' title='bbox 461 2142 604 2195; x_wconf 85' lang='lat' dir='ltr'><strong>addi.</strong></span> <span class='ocrx_word' id='word_1_285' title='bbox 636 2139 748 2195; x_wconf 81' lang='lat' dir='ltr'><strong>Non</strong></span> <span class='ocrx_word' id='word_1_286' title='bbox 788 2139 961 2195; x_wconf 87' lang='lat' dir='ltr'><strong>solum</strong></span> <span class='ocrx_word' id='word_1_287' title='bbox 997 2141 1142 2194; x_wconf 91' lang='lat' dir='ltr'><strong>enim</strong></span> <span class='ocrx_word' id='word_1_288' title='bbox 1169 2154 1199 2193; x_wconf 84' lang='lat' dir='ltr'><strong>a</strong></span> <span class='ocrx_word' id='word_1_289' title='bbox 1228 2138 1609 2207; x_wconf 84' lang='lat' dir='ltr'><strong>conjunctione</strong></span> <span class='ocrx_word' id='word_1_290' title='bbox 1638 2155 1758 2209; x_wconf 80' lang='lat' dir='ltr'><strong>qua:</strong></span> <span class='ocrx_word' id='word_1_291' title='bbox 1779 2155 1902 2194; x_wconf 89' lang='lat' dir='ltr'><strong>cum</strong></span> <span class='ocrx_word' id='word_1_292' title='bbox 1928 2138 2041 2191; x_wconf 81' lang='lat' dir='ltr'><strong>Deo</strong></span> 
     </span>
    </p>
   </div>
   <div class='ocr_carea' id='block_1_39' title="bbox 462 2232 2042 2296">
    <p class='ocr_par' dir='ltr' id='par_1_39' title="bbox 462 2232 2042 2296">
     <span class='ocr_line' id='line_1_39' title="bbox 462 2232 2042 2296; baseline -0.002 -9"><span class='ocrx_word' id='word_1_293' title='bbox 462 2242 543 2287; x_wconf 87' lang='lat' dir='ltr'><strong>est</strong></span> <span class='ocrx_word' id='word_1_294' title='bbox 569 2233 912 2296; x_wconf 81' lang='lat' dir='ltr'><strong>exciderunt,</strong></span> <span class='ocrx_word' id='word_1_295' title='bbox 938 2246 1060 2287; x_wconf 88' lang='lat' dir='ltr'><strong>cum</strong></span> <span class='ocrx_word' id='word_1_296' title='bbox 1095 2243 1288 2287; x_wconf 90' lang='lat' dir='ltr'><strong>contra</strong></span> <span class='ocrx_word' id='word_1_297' title='bbox 1316 2232 1593 2287; x_wconf 83' lang='lat' dir='ltr'><strong>Christum</strong></span> <span class='ocrx_word' id='word_1_298' title='bbox 1642 2232 2042 2286; x_wconf 83' lang='lat' dir='ltr'><strong>debaccharen-</strong></span> 
     </span>
    </p>
   </div>
   <div class='ocr_carea' id='block_1_40' title="bbox 463 2323 2041 2396">
    <p class='ocr_par' dir='ltr' id='par_1_40' title="bbox 463 2323 2041 2396">
     <span class='ocr_line' id='line_1_40' title="bbox 463 2323 2041 2396; baseline -0.003 -17"><span class='ocrx_word' id='word_1_299' title='bbox 463 2335 570 2393; x_wconf 91' lang='lat' dir='ltr'><strong>tur,</strong></span> <span class='ocrx_word' id='word_1_300' title='bbox 590 2328 683 2381; x_wconf 89' lang='lat' dir='ltr'><strong>sed</strong></span> <span class='ocrx_word' id='word_1_301' title='bbox 710 2336 766 2381; x_wconf 92' lang='lat' dir='ltr'><strong>et</strong></span> <span class='ocrx_word' id='word_1_302' title='bbox 797 2326 939 2380; x_wconf 90' lang='lat' dir='ltr'><strong>fame</strong></span> <span class='ocrx_word' id='word_1_303' title='bbox 967 2325 1273 2396; x_wconf 88' lang='lat' dir='ltr'><strong>consumpti</strong></span> <span class='ocrx_word' id='word_1_304' title='bbox 1297 2334 1446 2391; x_wconf 89' lang='lat' dir='ltr'><strong>sunt,</strong></span> <span class='ocrx_word' id='word_1_305' title='bbox 1480 2334 1535 2380; x_wconf 92' lang='lat' dir='ltr'><strong>et</strong></span> <span class='ocrx_word' id='word_1_306' title='bbox 1564 2325 1690 2379; x_wconf 91' lang='lat' dir='ltr'><strong>hinc</strong></span> <span class='ocrx_word' id='word_1_307' title='bbox 1734 2325 1786 2377; x_wconf 92' lang='lat' dir='ltr'><strong>in</strong></span> <span class='ocrx_word' id='word_1_308' title='bbox 1815 2323 2041 2379; x_wconf 88' lang='lat' dir='ltr'><strong>calami-</strong></span> 
     </span>
    </p>
   </div>
   <div class='ocr_carea' id='block_1_41' title="bbox 464 2416 2039 2488">
    <p class='ocr_par' dir='ltr' id='par_1_41' title="bbox 464 2416 2039 2488">
     <span class='ocr_line' id='line_1_41' title="bbox 464 2416 2039 2488; baseline -0.001 -17"><span class='ocrx_word' id='word_1_309' title='bbox 464 2428 604 2473; x_wconf 89' lang='lat' dir='ltr'><strong>tates</strong></span> <span class='ocrx_word' id='word_1_310' title='bbox 633 2418 983 2484; x_wconf 87' lang='lat' dir='ltr'><strong>inciderunt,</strong></span> <span class='ocrx_word' id='word_1_311' title='bbox 1026 2419 1247 2488; x_wconf 86' lang='lat' dir='ltr'><strong>regione</strong></span> <span class='ocrx_word' id='word_1_312' title='bbox 1271 2432 1461 2472; x_wconf 88' lang='lat' dir='ltr'><strong>eorum</strong></span> <span class='ocrx_word' id='word_1_313' title='bbox 1487 2427 1701 2472; x_wconf 87' lang='lat' dir='ltr'><strong>vastata</strong></span> <span class='ocrx_word' id='word_1_314' title='bbox 1733 2425 1787 2471; x_wconf 92' lang='lat' dir='ltr'><strong>et</strong></span> <span class='ocrx_word' id='word_1_315' title='bbox 1813 2416 2039 2470; x_wconf 92' lang='lat' dir='ltr'><strong>omnino</strong></span> 
     </span>
    </p>
   </div>
   <div class='ocr_carea' id='block_1_42' title="bbox 461 2506 2037 2576">
    <p class='ocr_par' dir='ltr' id='par_1_42' title="bbox 461 2506 2037 2576">
     <span class='ocr_line' id='line_1_42' title="bbox 461 2506 2037 2576; baseline -0.003 -13"><span class='ocrx_word' id='word_1_316' title='bbox 461 2525 688 2564; x_wconf 84' lang='lat' dir='ltr'><strong>eversa.</strong></span> <span class='ocrx_word' id='word_1_317' title='bbox 737 2510 882 2576; x_wconf 81' lang='lat' dir='ltr'><strong>Quos</strong></span> <span class='ocrx_word' id='word_1_318' title='bbox 932 2518 1113 2562; x_wconf 86' lang='lat' dir='ltr'><strong>autem</strong></span> <span class='ocrx_word' id='word_1_319' title='bbox 1146 2507 1277 2562; x_wconf 74' lang='lat' dir='ltr'><strong>di’xit</strong></span> <span class='ocrx_word' id='word_1_320' title='bbox 1331 2521 1543 2570; x_wconf 88' lang='lat' dir='ltr'><strong>mares,</strong></span> <span class='ocrx_word' id='word_1_321' title='bbox 1593 2507 1808 2561; x_wconf 88' lang='lat' dir='ltr'><strong>eosdem</strong></span> <span class='ocrx_word' id='word_1_322' title='bbox 1869 2506 2037 2559; x_wconf 88' lang='lat' dir='ltr'><strong>etiam</strong></span> 
     </span>
    </p>
   </div>
   <div class='ocr_carea' id='block_1_43' title="bbox 463 2597 2044 2670">
    <p class='ocr_par' dir='ltr' id='par_1_43' title="bbox 463 2597 2044 2670">
     <span class='ocr_line' id='line_1_43' title="bbox 463 2597 2044 2670; baseline -0.001 -17"><span class='ocrx_word' id='word_1_323' title='bbox 463 2602 724 2669; x_wconf 73' lang='lat' dir='ltr'><strong>gloriosos</strong></span> <span class='ocrx_word' id='word_1_324' title='bbox 766 2601 999 2670; x_wconf 83' lang='lat' dir='ltr'><strong>appellat</strong></span> <span class='ocrx_word' id='word_1_325' title='bbox 1047 2618 1062 2657; x_wconf 90' lang='lat'><strong>:</strong></span> <span class='ocrx_word' id='word_1_326' title='bbox 1110 2610 1296 2669; x_wconf 90' lang='lat' dir='ltr'><strong>utpote</strong></span> <span class='ocrx_word' id='word_1_327' title='bbox 1351 2598 1757 2668; x_wconf 78' lang='lat' dir='ltr'><strong>przecellentes,</strong></span> <span class='ocrx_word' id='word_1_328' title='bbox 1816 2597 2044 2667; x_wconf 78' lang='lat' dir='ltr'><strong>aliisque</strong></span> 
     </span>
    </p>
   </div>
   <div class='ocr_carea' id='block_1_44' title="bbox 466 2691 2046 2761">
    <p class='ocr_par' dir='ltr' id='par_1_44' title="bbox 466 2691 2046 2761">
     <span class='ocr_line' id='line_1_44' title="bbox 466 2691 2046 2761; baseline -0.001 -16"><span class='ocrx_word' id='word_1_329' title='bbox 466 2703 819 2755; x_wconf 85' lang='lat' dir='ltr'><strong>antestantes,</strong></span> <span class='ocrx_word' id='word_1_330' title='bbox 851 2694 992 2761; x_wconf 88' lang='lat' dir='ltr'><strong>quod</strong></span> <span class='ocrx_word' id='word_1_331' title='bbox 1023 2691 1316 2746; x_wconf 84' lang='lat' dir='ltr'><strong>sacerdotii</strong></span> <span class='ocrx_word' id='word_1_332' title='bbox 1367 2691 1666 2760; x_wconf 84' lang='lat' dir='ltr'><strong>insignibus</strong></span> <span class='ocrx_word' id='word_1_333' title='bbox 1713 2705 2046 2744; x_wconf 88' lang='lat' dir='ltr'><strong>coronaren-</strong></span> 
     </span>
    </p>
   </div>
   <div class='ocr_carea' id='block_1_45' title="bbox 467 2777 2049 2846">
    <p class='ocr_par' dir='ltr' id='par_1_45' title="bbox 467 2777 2049 2846">
     <span class='ocr_line' id='line_1_45' title="bbox 467 2777 2049 2846; baseline 0 -14"><span class='ocrx_word' id='word_1_334' title='bbox 467 2790 572 2835; x_wconf 86' lang='lat' dir='ltr'><strong>tur.</strong></span> <span class='ocrx_word' id='word_1_335' title='bbox 602 2777 773 2834; x_wconf 90' lang='lat' dir='ltr'><strong>Omne</strong></span> <span class='ocrx_word' id='word_1_336' title='bbox 805 2780 1102 2834; x_wconf 87' lang='lat' dir='ltr'><strong>masculum</strong></span> <span class='ocrx_word' id='word_1_337' title='bbox 1128 2795 1337 2844; x_wconf 90' lang='lat' dir='ltr'><strong>eorum,</strong></span> <span class='ocrx_word' id='word_1_338' title='bbox 1361 2781 1617 2835; x_wconf 90' lang='lat' dir='ltr'><strong>divinitus</strong></span> <span class='ocrx_word' id='word_1_339' title='bbox 1670 2782 1961 2846; x_wconf 86' lang='lat' dir='ltr'><strong>traditum,</strong></span> <span class='ocrx_word' id='word_1_340' title='bbox 1992 2788 2049 2834; x_wconf 92' lang='lat' dir='ltr'><strong>et</strong></span> 
     </span>
    </p>
   </div>
   <div class='ocr_carea' id='block_1_46' title="bbox 467 2870 2047 2941">
    <p class='ocr_par' dir='ltr' id='par_1_46' title="bbox 467 2870 2047 2941">
     <span class='ocr_line' id='line_1_46' title="bbox 467 2870 2047 2941; baseline 0.001 -18"><span class='ocrx_word' id='word_1_341' title='bbox 467 2871 767 2935; x_wconf 78' lang='lat' dir='ltr'><strong>auxiliare;</strong></span> <span class='ocrx_word' id='word_1_342' title='bbox 807 2871 946 2924; x_wconf 87' lang='lat' dir='ltr'><strong>mala</strong></span> <span class='ocrx_word' id='word_1_343' title='bbox 1000 2885 1128 2941; x_wconf 70' lang='lat' dir='ltr'><strong>vero</strong></span> <span class='ocrx_word' id='word_1_344' title='bbox 1178 2886 1241 2926; x_wconf 89' lang='lat' dir='ltr'><strong>ea</strong></span> <span class='ocrx_word' id='word_1_345' title='bbox 1299 2873 1427 2927; x_wconf 86' lang='lat' dir='ltr'><strong>dicit</strong></span> <span class='ocrx_word' id='word_1_346' title='bbox 1472 2887 1592 2941; x_wconf 83' lang='lat' dir='ltr'><strong>qua:</strong></span> <span class='ocrx_word' id='word_1_347' title='bbox 1645 2870 1908 2941; x_wconf 85' lang='lat' dir='ltr'><strong>afﬂigendi</strong></span> <span class='ocrx_word' id='word_1_348' title='bbox 1940 2873 2047 2925; x_wconf 91' lang='lat' dir='ltr'><strong>vim</strong></span> 
     </span>
    </p>
   </div>
   <div class='ocr_carea' id='block_1_47' title="bbox 470 2939 2048 3033">
    <p class='ocr_par' dir='ltr' id='par_1_47' title="bbox 470 2939 2048 3033">
     <span class='ocr_line' id='line_1_47' title="bbox 470 2939 2048 3033; baseline 0 -16"><span class='ocrx_word' id='word_1_349' title='bbox 470 2965 697 3028; x_wconf 84' lang='lat' dir='ltr'><strong>habent,</strong></span> <span class='ocrx_word' id='word_1_350' title='bbox 727 2965 841 3019; x_wconf 88' lang='lat' dir='ltr'><strong>sive</strong></span> <span class='ocrx_word' id='word_1_351' title='bbox 898 2965 1007 3018; x_wconf 88' lang='lat' dir='ltr'><strong>iras</strong></span> <span class='ocrx_word' id='word_1_352' title='bbox 1054 2939 1316 3020; x_wconf 59' lang='lat' dir='ltr'><strong>divinitus</strong></span> <span class='ocrx_word' id='word_1_353' title='bbox 1358 2966 1556 3032; x_wconf 86' lang='lat' dir='ltr'><strong>illatas,</strong></span> <span class='ocrx_word' id='word_1_354' title='bbox 1604 2966 1797 3027; x_wconf 87' lang='lat' dir='ltr'><strong>fames,</strong></span> <span class='ocrx_word' id='word_1_355' title='bbox 1832 2973 2048 3033; x_wconf 86' lang='lat' dir='ltr'><strong>pestes,</strong></span> 
     </span>
    </p>
   </div>
   <div class='ocr_carea' id='block_1_48' title="bbox 469 3053 2044 3125">
    <p class='ocr_par' dir='ltr' id='par_1_48' title="bbox 469 3053 2044 3125">
     <span class='ocr_line' id='line_1_48' title="bbox 469 3053 2044 3125; baseline 0.002 -18"><span class='ocrx_word' id='word_1_356' title='bbox 469 3053 629 3119; x_wconf 85' lang='lat' dir='ltr'><strong>bella,</strong></span> <span class='ocrx_word' id='word_1_357' title='bbox 665 3063 721 3107; x_wconf 88' lang='lat' dir='ltr'><strong>et</strong></span> <span class='ocrx_word' id='word_1_358' title='bbox 768 3053 854 3108; x_wconf 79' lang='lat' dir='ltr'><strong>his</strong></span> <span class='ocrx_word' id='word_1_359' title='bbox 911 3053 1132 3108; x_wconf 85' lang='lat' dir='ltr'><strong>similia.</strong></span> <span class='ocrx_word' id='word_1_360' title='bbox 1184 3054 1464 3110; x_wconf 87' lang='lat' dir='ltr'><strong>Gloriosos</strong></span> <span class='ocrx_word' id='word_1_361' title='bbox 1497 3065 1711 3120; x_wconf 88' lang='lat' dir='ltr'><strong>autem,</strong></span> <span class='ocrx_word' id='word_1_362' title='bbox 1758 3055 1847 3125; x_wconf 88' lang='lat' dir='ltr'><strong>qui</strong></span> <span class='ocrx_word' id='word_1_363' title='bbox 1882 3054 2044 3110; x_wconf 85' lang='lat' dir='ltr'><strong>malis</strong></span> 
     </span>
    </p>
   </div>
   <div class='ocr_carea' id='block_1_49' title="bbox 470 3144 1463 3215">
    <p class='ocr_par' dir='ltr' id='par_1_49' title="bbox 470 3144 1463 3215">
     <span class='ocr_line' id='line_1_49' title="bbox 470 3144 1463 3215; baseline 0.002 -18"><span class='ocrx_word' id='word_1_364' title='bbox 470 3154 595 3197; x_wconf 80' lang='lat' dir='ltr'><strong>sum</strong></span> <span class='ocrx_word' id='word_1_365' title='bbox 623 3144 922 3214; x_wconf 90' lang='lat' dir='ltr'><strong>conspicui,</strong></span> <span class='ocrx_word' id='word_1_366' title='bbox 945 3155 1003 3200; x_wconf 91' lang='lat' dir='ltr'><strong>et</strong></span> <span class='ocrx_word' id='word_1_367' title='bbox 1034 3147 1275 3215; x_wconf 85' lang='lat' dir='ltr'><strong>potentia</strong></span> <span class='ocrx_word' id='word_1_368' title='bbox 1307 3145 1463 3202; x_wconf 84' lang='lat' dir='ltr'><strong>clari.</strong></span> 
     </span>
    </p>
   </div>
   <div class='ocr_carea' id='block_1_50' title="bbox 2140 1952 3726 2025">
    <p class='ocr_par' dir='ltr' id='par_1_50' title="bbox 2140 1952 3726 2025">
     <span class='ocr_line' id='line_1_50' title="bbox 2140 1952 3726 2025; baseline -0.002 -17"><span class='ocrx_word' id='word_1_369' title='bbox 2140 1954 2281 2020; x_wconf 81' lang='grc' dir='ltr'><strong>ούαί,</strong></span> <span class='ocrx_word' id='word_1_370' title='bbox 2321 1955 2404 2009; x_wconf 84' lang='grc' dir='ltr'>ὅτι</span> <span class='ocrx_word' id='word_1_371' title='bbox 2441 1953 2611 2025; x_wconf 75' lang='grc' dir='ltr'>ᾔρατε</span> <span class='ocrx_word' id='word_1_372' title='bbox 2654 1952 2753 2024; x_wconf 83' lang='grc' dir='ltr'>τὴν</span> <span class='ocrx_word' id='word_1_373' title='bbox 2787 1953 2969 2007; x_wconf 84' lang='grc' dir='ltr'>κλεῖδα</span> <span class='ocrx_word' id='word_1_374' title='bbox 3005 1952 3104 2024; x_wconf 84' lang='grc' dir='ltr'>τῆς</span> <span class='ocrx_word' id='word_1_375' title='bbox 3135 1952 3410 2021; x_wconf 83' lang='grc' dir='ltr'>γνώσεως,</span> <span class='ocrx_word' id='word_1_376' title='bbox 3432 1952 3583 2005; x_wconf 70' lang='grc' dir='ltr'>αὐτοὶ</span> <span class='ocrx_word' id='word_1_377' title='bbox 3626 1952 3726 2005; x_wconf 81' lang='grc' dir='ltr'><strong>οὐκ</strong></span> 
     </span>
    </p>
   </div>
   <div class='ocr_carea' id='block_1_51' title="bbox 2141 2044 3717 2117">
    <p class='ocr_par' dir='ltr' id='par_1_51' title="bbox 2141 2044 3717 2117">
     <span class='ocr_line' id='line_1_51' title="bbox 2141 2044 3717 2117; baseline -0.003 -16"><span class='ocrx_word' id='word_1_378' title='bbox 2141 2045 2477 2117; x_wconf 72' lang='grc' dir='ltr'>εἰσέρχεσθε,</span> <span class='ocrx_word' id='word_1_379' title='bbox 2532 2045 2786 2109; x_wconf 72' lang='grc' dir='ltr'>καὶτοὺς</span> <span class='ocrx_word' id='word_1_380' title='bbox 2845 2044 3266 2117; x_wconf 79' lang='grc' dir='ltr'>εἰσερχομένους</span> <span class='ocrx_word' id='word_1_381' title='bbox 3333 2044 3662 2099; x_wconf 83' lang='grc' dir='ltr'>ἐκωλύσατε.</span> <span class='ocrx_word' id='word_1_382' title='bbox 3696 2062 3717 2096; x_wconf 73' lang='grc' dir='ltr'><strong>ι</strong></span> 
     </span>
    </p>
   </div>
   <div class='ocr_carea' id='block_1_52' title="bbox 2142 2136 3727 2209">
    <p class='ocr_par' dir='ltr' id='par_1_52' title="bbox 2142 2136 3727 2209">
     <span class='ocr_line' id='line_1_52' title="bbox 2142 2136 3727 2209; baseline -0.002 -15"><span class='ocrx_word' id='word_1_383' title='bbox 2142 2138 2446 2204; x_wconf 77' lang='grc' dir='ltr'>Κολάζεται</span> <span class='ocrx_word' id='word_1_384' title='bbox 2483 2138 2669 2194; x_wconf 80' lang='grc' dir='ltr'>τοίνυν</span> <span class='ocrx_word' id='word_1_385' title='bbox 2701 2138 2926 2202; x_wconf 78' lang='grc' dir='ltr'>εἰκότως</span> <span class='ocrx_word' id='word_1_386' title='bbox 2954 2139 3014 2192; x_wconf 85' lang='grc' dir='ltr'><strong>τὸ</strong></span> <span class='ocrx_word' id='word_1_387' title='bbox 3042 2137 3230 2209; x_wconf 89' lang='grc' dir='ltr'>ἄρσεν,</span> <span class='ocrx_word' id='word_1_388' title='bbox 3256 2136 3399 2190; x_wconf 81' lang='grc' dir='ltr'>τοῦτ’</span> <span class='ocrx_word' id='word_1_389' title='bbox 3420 2136 3557 2201; x_wconf 79' lang='grc' dir='ltr'>ἐστι,</span> <span class='ocrx_word' id='word_1_390' title='bbox 3579 2138 3640 2189; x_wconf 84' lang='grc' dir='ltr'><strong>τὸ</strong></span> <span class='ocrx_word' id='word_1_391' title='bbox 3669 2138 3727 2191; x_wconf 86' lang='grc' dir='ltr'><strong>ἐν</strong></span> 
     </span>
    </p>
   </div>
   <div class='ocr_carea' id='block_1_53' title="bbox 2143 2229 3730 2302">
    <p class='ocr_par' dir='ltr' id='par_1_53' title="bbox 2143 2229 3730 2302">
     <span class='ocr_line' id='line_1_53' title="bbox 2143 2229 3730 2302; baseline -0.001 -18"><span class='ocrx_word' id='word_1_392' title='bbox 2143 2232 2384 2301; x_wconf 83' lang='grc' dir='ltr'>ὑπεροχῇ</span> <span class='ocrx_word' id='word_1_393' title='bbox 2416 2230 2510 2284; x_wconf 76' lang='grc' dir='ltr'><strong>καὶ</strong></span> <span class='ocrx_word' id='word_1_394' title='bbox 2538 2230 2742 2302; x_wconf 88' lang='grc' dir='ltr'>τίμιον.</span> <span class='ocrx_word' id='word_1_395' title='bbox 2790 2229 2894 2283; x_wconf 80' lang='grc' dir='ltr'>Καὶ</span> <span class='ocrx_word' id='word_1_396' title='bbox 2922 2230 2998 2294; x_wconf 86' lang='grc' dir='ltr'>ὡς</span> <span class='ocrx_word' id='word_1_397' title='bbox 3033 2231 3092 2283; x_wconf 91' lang='grc' dir='ltr'><strong>ἐν</strong></span> <span class='ocrx_word' id='word_1_398' title='bbox 3134 2230 3356 2301; x_wconf 77' lang='grc' dir='ltr'>ἀνδρείᾳ</span> <span class='ocrx_word' id='word_1_399' title='bbox 3375 2232 3453 2301; x_wconf 56' lang='grc' dir='ltr'><strong>ζτῇ</strong></span> <span class='ocrx_word' id='word_1_400' title='bbox 3484 2246 3730 2299; x_wconf 77' lang='grc' dir='ltr'>πνευμαοο</span> 
     </span>
    </p>
   </div>
   <div class='ocr_carea' id='block_1_54' title="bbox 2141 2315 3730 2395">
    <p class='ocr_par' dir='ltr' id='par_1_54' title="bbox 2141 2315 3730 2395">
     <span class='ocr_line' id='line_1_54' title="bbox 2141 2315 3730 2395; baseline -0.003 -19"><span class='ocrx_word' id='word_1_401' title='bbox 2141 2325 2267 2394; x_wconf 81' lang='grc' dir='ltr'>τικῇ</span> <span class='ocrx_word' id='word_1_402' title='bbox 2315 2322 2438 2375; x_wconf 88' lang='grc' dir='ltr'>τότε</span> <span class='ocrx_word' id='word_1_403' title='bbox 2459 2318 2594 2395; x_wconf 80' lang='grc' dir='ltr'>ἧκον</span> <span class='ocrx_word' id='word_1_404' title='bbox 2645 2323 2725 2386; x_wconf 84' lang='grc' dir='ltr'><strong>εἰς</strong></span> <span class='ocrx_word' id='word_1_405' title='bbox 2766 2322 2967 2393; x_wconf 75' lang='grc' dir='ltr'>εἴδησιν</span> <span class='ocrx_word' id='word_1_406' title='bbox 2999 2322 3099 2393; x_wconf 86' lang='grc' dir='ltr'>τὴν</span> <span class='ocrx_word' id='word_1_407' title='bbox 3129 2321 3272 2377; x_wconf 83' lang='grc' dir='ltr'>κατὰ</span> <span class='ocrx_word' id='word_1_408' title='bbox 3298 2322 3389 2375; x_wconf 82' lang='grc' dir='ltr'><strong>τὸν</strong></span> <span class='ocrx_word' id='word_1_409' title='bbox 3420 2321 3604 2391; x_wconf 88' lang='grc' dir='ltr'>νόμον,</span> <span class='ocrx_word' id='word_1_410' title='bbox 3646 2315 3730 2383; x_wconf 76' lang='grc' dir='ltr'>οἷς</span> 
     </span>
    </p>
   </div>
   <div class='ocr_carea' id='block_1_55' title="bbox 2144 2411 3722 2484">
    <p class='ocr_par' dir='ltr' id='par_1_55' title="bbox 2144 2411 3722 2484">
     <span class='ocr_line' id='line_1_55' title="bbox 2144 2411 3722 2484; baseline -0.003 -18"><span class='ocrx_word' id='word_1_411' title='bbox 2144 2414 2238 2469; x_wconf 76' lang='grc' dir='ltr'>καὶ</span> <span class='ocrx_word' id='word_1_412' title='bbox 2266 2413 2629 2484; x_wconf 82' lang='grc' dir='ltr'>προστεθῆναι</span> <span class='ocrx_word' id='word_1_413' title='bbox 2678 2412 2928 2482; x_wconf 87' lang='grc' dir='ltr'>βούλεται</span> <span class='ocrx_word' id='word_1_414' title='bbox 2961 2413 3127 2465; x_wconf 85' lang='grc' dir='ltr'>κακά.</span> <span class='ocrx_word' id='word_1_415' title='bbox 3157 2411 3232 2465; x_wconf 86' lang='grc' dir='ltr'><strong>Οὐ</strong></span> <span class='ocrx_word' id='word_1_416' title='bbox 3258 2411 3366 2482; x_wconf 85' lang='grc' dir='ltr'>γὰρ</span> <span class='ocrx_word' id='word_1_417' title='bbox 3391 2411 3552 2481; x_wconf 88' lang='grc' dir='ltr'>μόνον</span> <span class='ocrx_word' id='word_1_418' title='bbox 3587 2412 3722 2463; x_wconf 86' lang='grc' dir='ltr'>ἀπο-</span> 
     </span>
    </p>
   </div>
   <div class='ocr_carea' id='block_1_56' title="bbox 2146 2503 3726 2575">
    <p class='ocr_par' dir='ltr' id='par_1_56' title="bbox 2146 2503 3726 2575">
     <span class='ocr_line' id='line_1_56' title="bbox 2146 2503 3726 2575; baseline -0.003 -17"><span class='ocrx_word' id='word_1_419' title='bbox 2146 2505 2467 2558; x_wconf 86' lang='grc' dir='ltr'>πεπτώκασι</span> <span class='ocrx_word' id='word_1_420' title='bbox 2486 2504 2587 2575; x_wconf 83' lang='grc' dir='ltr'><strong>τῆς</strong></span> <span class='ocrx_word' id='word_1_421' title='bbox 2613 2503 2748 2574; x_wconf 88' lang='grc' dir='ltr'>πρὸς</span> <span class='ocrx_word' id='word_1_422' title='bbox 2769 2503 2902 2558; x_wconf 84' lang='grc' dir='ltr'>Θεὸν</span> <span class='ocrx_word' id='word_1_423' title='bbox 2923 2503 3253 2573; x_wconf 88' lang='grc' dir='ltr'>οἰκειότητος</span> <span class='ocrx_word' id='word_1_424' title='bbox 3287 2503 3726 2575; x_wconf 84' lang='grc' dir='ltr'>ἐμπαροινήσαν-</span> 
     </span>
    </p>
   </div>
   <div class='ocr_carea' id='block_1_57' title="bbox 2145 2592 3727 2666">
    <p class='ocr_par' dir='ltr' id='par_1_57' title="bbox 2145 2592 3727 2666">
     <span class='ocr_line' id='line_1_57' title="bbox 2145 2592 3727 2666; baseline -0.002 -18"><span class='ocrx_word' id='word_1_425' title='bbox 2145 2612 2237 2659; x_wconf 89' lang='grc' dir='ltr'><strong>τες</strong></span> <span class='ocrx_word' id='word_1_426' title='bbox 2266 2594 2344 2666; x_wconf 82' lang='grc' dir='ltr'>τῷ</span> <span class='ocrx_word' id='word_1_427' title='bbox 2387 2594 2630 2666; x_wconf 82' lang='grc' dir='ltr'>Χριστῷ,</span> <span class='ocrx_word' id='word_1_428' title='bbox 2679 2594 2815 2649; x_wconf 89' lang='grc' dir='ltr'><strong>ἀλλά</strong></span> <span class='ocrx_word' id='word_1_429' title='bbox 2847 2592 2957 2665; x_wconf 78' lang='grc' dir='ltr'><strong>γὰρ</strong></span> <span class='ocrx_word' id='word_1_430' title='bbox 2995 2592 3094 2647; x_wconf 73' lang='grc' dir='ltr'><strong>καὶ</strong></span> <span class='ocrx_word' id='word_1_431' title='bbox 3116 2592 3195 2661; x_wconf 82' lang='grc' dir='ltr'>τῷ</span> <span class='ocrx_word' id='word_1_432' title='bbox 3223 2592 3367 2664; x_wconf 87' lang='grc' dir='ltr'>λιμῷ</span> <span class='ocrx_word' id='word_1_433' title='bbox 3394 2593 3727 2663; x_wconf 85' lang='grc' dir='ltr'>δεδαπάνην-</span> 
     </span>
    </p>
   </div>
   <div class='ocr_carea' id='block_1_58' title="bbox 2145 2683 3726 2757">
    <p class='ocr_par' dir='ltr' id='par_1_58' title="bbox 2145 2683 3726 2757">
     <span class='ocr_line' id='line_1_58' title="bbox 2145 2683 3726 2757; baseline -0.001 -17"><span class='ocrx_word' id='word_1_434' title='bbox 2145 2705 2255 2754; x_wconf 92' lang='grc' dir='ltr'>ται,</span> <span class='ocrx_word' id='word_1_435' title='bbox 2302 2688 2398 2742; x_wconf 76' lang='grc' dir='ltr'><strong>καὶ</strong></span> <span class='ocrx_word' id='word_1_436' title='bbox 2447 2691 2573 2751; x_wconf 87' lang='grc' dir='ltr'>ταῖς</span> <span class='ocrx_word' id='word_1_437' title='bbox 2618 2685 2868 2740; x_wconf 82' lang='grc' dir='ltr'>ἐντεῦθεν</span> <span class='ocrx_word' id='word_1_438' title='bbox 2898 2683 3351 2757; x_wconf 76' lang='grc' dir='ltr'>περιπεπτώκασι</span> <span class='ocrx_word' id='word_1_439' title='bbox 3383 2686 3685 2756; x_wconf 82' lang='grc' dir='ltr'>συμφοραῖς</span> <span class='ocrx_word' id='word_1_440' title='bbox 3709 2723 3726 2748; x_wconf 91' lang='grc'><strong>,</strong></span> 
     </span>
    </p>
   </div>
   <div class='ocr_carea' id='block_1_59' title="bbox 2150 2776 3727 2853">
    <p class='ocr_par' dir='ltr' id='par_1_59' title="bbox 2150 2776 3727 2853">
     <span class='ocr_line' id='line_1_59' title="bbox 2150 2776 3727 2853; baseline -0.004 -19"><span class='ocrx_word' id='word_1_441' title='bbox 2150 2778 2595 2853; x_wconf 81' lang='grc' dir='ltr'>καταδῃωθείσης</span> <span class='ocrx_word' id='word_1_442' title='bbox 2635 2778 2814 2833; x_wconf 81' lang='grc' dir='ltr'>αὐτῶν</span> <span class='ocrx_word' id='word_1_443' title='bbox 2838 2779 2935 2849; x_wconf 82' lang='grc' dir='ltr'>τῆς</span> <span class='ocrx_word' id='word_1_444' title='bbox 2954 2777 3161 2849; x_wconf 86' lang='grc' dir='ltr'>χώρας,</span> <span class='ocrx_word' id='word_1_445' title='bbox 3193 2777 3288 2831; x_wconf 77' lang='grc' dir='ltr'><strong>καὶ</strong></span> <span class='ocrx_word' id='word_1_446' title='bbox 3311 2776 3727 2847; x_wconf 80' lang='grc' dir='ltr'>ἀνατετραμμὲ-</span> 
     </span>
    </p>
   </div>
   <div class='ocr_carea' id='block_1_60' title="bbox 2149 2868 3728 2945">
    <p class='ocr_par' dir='ltr' id='par_1_60' title="bbox 2149 2868 3728 2945">
     <span class='ocr_line' id='line_1_60' title="bbox 2149 2868 3728 2945; baseline -0.004 -18"><span class='ocrx_word' id='word_1_447' title='bbox 2149 2891 2247 2945; x_wconf 91' lang='grc' dir='ltr'><strong>νης</strong></span> <span class='ocrx_word' id='word_1_448' title='bbox 2274 2875 2355 2936; x_wconf 86' lang='grc' dir='ltr'><strong>εἰς</strong></span> <span class='ocrx_word' id='word_1_449' title='bbox 2388 2872 2554 2926; x_wconf 81' lang='grc' dir='ltr'>ἄπαν.</span> <span class='ocrx_word' id='word_1_450' title='bbox 2598 2871 2706 2935; x_wconf 84' lang='grc' dir='ltr'>Οὓς</span> <span class='ocrx_word' id='word_1_451' title='bbox 2742 2872 2801 2924; x_wconf 82' lang='grc' dir='ltr'>δὲ</span> <span class='ocrx_word' id='word_1_452' title='bbox 2843 2873 3063 2941; x_wconf 88' lang='grc' dir='ltr'>εῖρηκεν</span> <span class='ocrx_word' id='word_1_453' title='bbox 3083 2869 3335 2941; x_wconf 77' lang='grc' dir='ltr'>ἄρρενας,</span> <span class='ocrx_word' id='word_1_454' title='bbox 3365 2868 3585 2931; x_wconf 85' lang='grc' dir='ltr'>τούτους</span> <span class='ocrx_word' id='word_1_455' title='bbox 3632 2868 3728 2921; x_wconf 80' lang='grc' dir='ltr'><strong>καὶ</strong></span> 
     </span>
    </p>
   </div>
   <div class='ocr_carea' id='block_1_61' title="bbox 2152 2959 3730 3033">
    <p class='ocr_par' dir='ltr' id='par_1_61' title="bbox 2152 2959 3730 3033">
     <span class='ocr_line' id='line_1_61' title="bbox 2152 2959 3730 3033; baseline -0.004 -16"><span class='ocrx_word' id='word_1_456' title='bbox 2152 2964 2392 3029; x_wconf 77' lang='grc' dir='ltr'>ἐνδόξους</span> <span class='ocrx_word' id='word_1_457' title='bbox 2438 2963 2707 3017; x_wconf 80' lang='grc' dir='ltr'>ἀποκαλεῖ</span> <span class='ocrx_word' id='word_1_458' title='bbox 2743 2962 2819 3025; x_wconf 83' lang='grc' dir='ltr'>ὼς</span> <span class='ocrx_word' id='word_1_459' title='bbox 2862 2961 3266 3033; x_wconf 82' lang='grc' dir='ltr'>διαπρέποντας</span> <span class='ocrx_word' id='word_1_460' title='bbox 3330 2959 3588 3031; x_wconf 89' lang='grc' dir='ltr'>δηλονότι,</span> <span class='ocrx_word' id='word_1_461' title='bbox 3634 2960 3730 3012; x_wconf 76' lang='grc' dir='ltr'>καὶ</span> 
     </span>
    </p>
   </div>
   <div class='ocr_carea' id='block_1_62' title="bbox 2154 3051 3728 3127">
    <p class='ocr_par' dir='ltr' id='par_1_62' title="bbox 2154 3051 3728 3127">
     <span class='ocr_line' id='line_1_62' title="bbox 2154 3051 3728 3127; baseline -0.004 -18"><span class='ocrx_word' id='word_1_462' title='bbox 2154 3055 2585 3127; x_wconf 78' lang='grc' dir='ltr'>ὑπερκειμένους</span> <span class='ocrx_word' id='word_1_463' title='bbox 2604 3054 2715 3107; x_wconf 86' lang='grc' dir='ltr'><strong>τῶν</strong></span> <span class='ocrx_word' id='word_1_464' title='bbox 2745 3053 3125 3120; x_wconf 84' lang='grc' dir='ltr'>ἄλλων,διάτοι</span> <span class='ocrx_word' id='word_1_465' title='bbox 3148 3053 3208 3106; x_wconf 84' lang='grc' dir='ltr'><strong>τὸ</strong></span> <span class='ocrx_word' id='word_1_466' title='bbox 3237 3051 3598 3122; x_wconf 79' lang='grc' dir='ltr'>κατεστέφθαι</span> <span class='ocrx_word' id='word_1_467' title='bbox 3617 3054 3728 3111; x_wconf 87' lang='grc' dir='ltr'>τοῖς</span> 
     </span>
    </p>
   </div>
   <div class='ocr_carea' id='block_1_63' title="bbox 2151 3142 3730 3217">
    <p class='ocr_par' dir='ltr' id='par_1_63' title="bbox 2151 3142 3730 3217">
     <span class='ocr_line' id='line_1_63' title="bbox 2151 3142 3730 3217; baseline -0.003 -18"><span class='ocrx_word' id='word_1_468' title='bbox 2151 3146 2249 3217; x_wconf 82' lang='grc' dir='ltr'><strong>τῆς</strong></span> <span class='ocrx_word' id='word_1_469' title='bbox 2279 3146 2583 3217; x_wconf 79' lang='grc' dir='ltr'>ἱερωσύνης</span> <span class='ocrx_word' id='word_1_470' title='bbox 2607 3146 2946 3216; x_wconf 83' lang='grc' dir='ltr'>αὐχήμασιν.</span> <span class='ocrx_word' id='word_1_471' title='bbox 2980 3144 3054 3197; x_wconf 83' lang='grc' dir='ltr'>Τὸ</span> <span class='ocrx_word' id='word_1_472' title='bbox 3084 3147 3190 3198; x_wconf 83' lang='grc' dir='ltr'>πᾶν</span> <span class='ocrx_word' id='word_1_473' title='bbox 3218 3143 3384 3215; x_wconf 80' lang='grc' dir='ltr'>ἄρσεν</span> <span class='ocrx_word' id='word_1_474' title='bbox 3415 3142 3595 3197; x_wconf 83' lang='grc' dir='ltr'>αὐτῶν</span> <span class='ocrx_word' id='word_1_475' title='bbox 3616 3142 3730 3195; x_wconf 87' lang='grc' dir='ltr'>θεό-</span> 
     </span>
    </p>
   </div>
   <div class='ocr_carea' id='block_1_64' title="bbox 473 3226 3726 3313">
    <p class='ocr_par' dir='ltr' id='par_1_64' title="bbox 473 3226 3726 3313">
     <span class='ocr_line' id='line_1_64' title="bbox 473 3226 3726 3313; baseline -0.001 -20"><span class='ocrx_word' id='word_1_476' title='bbox 473 3239 649 3305; x_wconf 87' lang='grc' dir='ltr'>δοτον,</span> <span class='ocrx_word' id='word_1_477' title='bbox 688 3242 782 3293; x_wconf 82' lang='grc' dir='ltr'><strong>καί</strong></span> <span class='ocrx_word' id='word_1_478' title='bbox 824 3240 1107 3312; x_wconf 89' lang='grc' dir='ltr'>σύμμαχον</span> <span class='ocrx_word' id='word_1_479' title='bbox 1133 3284 1149 3308; x_wconf 89' lang='grc'><strong>,</strong></span> <span class='ocrx_word' id='word_1_480' title='bbox 1197 3242 1339 3296; x_wconf 85' lang='grc' dir='ltr'>κακὰ</span> <span class='ocrx_word' id='word_1_481' title='bbox 1364 3243 1421 3295; x_wconf 86' lang='grc' dir='ltr'><strong>δὲ</strong></span> <span class='ocrx_word' id='word_1_482' title='bbox 1452 3241 1523 3296; x_wconf 80' lang='grc' dir='ltr'><strong>τά</strong></span> <span class='ocrx_word' id='word_1_483' title='bbox 1548 3241 1834 3295; x_wconf 83' lang='grc' dir='ltr'>κακωτικά</span> <span class='ocrx_word' id='word_1_484' title='bbox 1901 3258 2086 3312; x_wconf 86' lang='grc' dir='ltr'>φησιν,</span> <span class='ocrx_word' id='word_1_485' title='bbox 2126 3242 2244 3313; x_wconf 82' lang='grc' dir='ltr'>ήτοι</span> <span class='ocrx_word' id='word_1_486' title='bbox 2272 3242 2371 3305; x_wconf 84' lang='grc' dir='ltr'>τὰς</span> <span class='ocrx_word' id='word_1_487' title='bbox 2388 3240 2679 3312; x_wconf 84' lang='grc' dir='ltr'>θεηλάτους</span> <span class='ocrx_word' id='word_1_488' title='bbox 2702 3240 2893 3311; x_wconf 72' lang='grc' dir='ltr'>ὀργὰς,</span> <span class='ocrx_word' id='word_1_489' title='bbox 2950 3239 3161 3310; x_wconf 77' lang='grc' dir='ltr'>λιμοὺς,</span> <span class='ocrx_word' id='word_1_490' title='bbox 3181 3238 3420 3310; x_wconf 78' lang='grc' dir='ltr'>λοιμοὺς,</span> <span class='ocrx_word' id='word_1_491' title='bbox 3439 3226 3726 3309; x_wconf 72' lang='grc' dir='ltr'>πολέμους,</span> 
     </span>
    </p>
   </div>
   <div class='ocr_carea' id='block_1_65' title="bbox 472 3333 3492 3408">
    <p class='ocr_par' dir='ltr' id='par_1_65' title="bbox 472 3333 3492 3408">
     <span class='ocr_line' id='line_1_65' title="bbox 472 3333 3492 3408; baseline -0.001 -18"><span class='ocrx_word' id='word_1_492' title='bbox 472 3337 567 3390; x_wconf 70' lang='grc' dir='ltr'><strong>καὶ</strong></span> <span class='ocrx_word' id='word_1_493' title='bbox 597 3335 665 3389; x_wconf 75' lang='grc' dir='ltr'>τὰ</span> <span class='ocrx_word' id='word_1_494' title='bbox 702 3336 910 3400; x_wconf 85' lang='grc' dir='ltr'>τούτοις</span> <span class='ocrx_word' id='word_1_495' title='bbox 961 3337 1143 3408; x_wconf 87' lang='grc' dir='ltr'>ὃμοια.</span> <span class='ocrx_word' id='word_1_496' title='bbox 1168 3337 1443 3404; x_wconf 80' lang='grc' dir='ltr'>Ἐνδόξους</span> <span class='ocrx_word' id='word_1_497' title='bbox 1494 3338 1551 3389; x_wconf 84' lang='grc' dir='ltr'><strong>δὲ</strong></span> <span class='ocrx_word' id='word_1_498' title='bbox 1600 3337 1726 3401; x_wconf 84' lang='grc' dir='ltr'>τοὺς</span> <span class='ocrx_word' id='word_1_499' title='bbox 1766 3339 1824 3389; x_wconf 87' lang='grc' dir='ltr'>ὲν</span> <span class='ocrx_word' id='word_1_500' title='bbox 1892 3341 2085 3403; x_wconf 85' lang='grc' dir='ltr'>κακοῖς</span> <span class='ocrx_word' id='word_1_501' title='bbox 2159 3338 2499 3407; x_wconf 85' lang='grc' dir='ltr'>περιφανεῖς,</span> <span class='ocrx_word' id='word_1_502' title='bbox 2528 3336 2625 3388; x_wconf 82' lang='grc' dir='ltr'><strong>καὶ</strong></span> <span class='ocrx_word' id='word_1_503' title='bbox 2655 3337 2714 3387; x_wconf 85' lang='grc' dir='ltr'><strong>ἐν</strong></span> <span class='ocrx_word' id='word_1_504' title='bbox 2744 3333 3083 3397; x_wconf 76' lang='grc' dir='ltr'>δυναστείαις</span> <span class='ocrx_word' id='word_1_505' title='bbox 3117 3333 3492 3404; x_wconf 74' lang='grc' dir='ltr'>περιὸοήτους.</span> 
     </span>
    </p>
   </div>
   <div class='ocr_carea' id='block_1_66' title="bbox 547 3428 2050 3503">
    <p class='ocr_par' dir='ltr' id='par_1_66' title="bbox 547 3429 2049 3503">
     <span class='ocr_line' id='line_1_66' title="bbox 547 3429 2049 3503; baseline 0 -20"><span class='ocrx_word' id='word_1_506' title='bbox 547 3429 709 3487; x_wconf 68' lang='lat' dir='ltr'><strong>Vens.</strong></span> <span class='ocrx_word' id='word_1_507' title='bbox 753 3432 839 3493; x_wconf 84' lang='lat' dir='ltr'><strong>l6,</strong></span> <span class='ocrx_word' id='word_1_508' title='bbox 872 3431 962 3485; x_wconf 75' lang='lat'><strong>17.</strong></span> <span class='ocrx_word' id='word_1_509' title='bbox 996 3431 1237 3497; x_wconf 80' lang='lat' dir='ltr'><strong>Domine,</strong></span> <span class='ocrx_word' id='word_1_510' title='bbox 1269 3433 1323 3485; x_wconf 83' lang='lat' dir='ltr'><strong>in</strong></span> <span class='ocrx_word' id='word_1_511' title='bbox 1357 3432 1633 3503; x_wconf 68' lang='lat' dir='ltr'><strong>afﬂictione</strong></span> <span class='ocrx_word' id='word_1_512' title='bbox 1666 3432 1929 3485; x_wconf 80' lang='lat' dir='ltr'><strong>recordati</strong></span> <span class='ocrx_word' id='word_1_513' title='bbox 1959 3449 2049 3485; x_wconf 81' lang='lat' dir='ltr'><strong>su-</strong></span> 
     </span>
    </p>
   </div>
   <div class='ocr_carea' id='block_1_67' title="bbox 2152 3428 3733 3503">
    <p class='ocr_par' dir='ltr' id='par_1_67' title="bbox 2222 3428 3733 3500">
     <span class='ocr_line' id='line_1_67' title="bbox 2222 3428 3733 3500; baseline -0.005 -14"><span class='ocrx_word' id='word_1_514' title='bbox 2222 3433 2426 3499; x_wconf 84' lang='grc' dir='ltr'>Κύριε,</span> <span class='ocrx_word' id='word_1_515' title='bbox 2450 3431 2521 3485; x_wconf 78' lang='grc' dir='ltr'><em>ὲν</em></span> <span class='ocrx_word' id='word_1_516' title='bbox 2547 3433 2749 3500; x_wconf 70' lang='grc' dir='ltr'>θλίψει</span> <span class='ocrx_word' id='word_1_517' title='bbox 2772 3428 3157 3499; x_wconf 71' lang='grc' dir='ltr'>ἐμνήσθημένν</span> <span class='ocrx_word' id='word_1_518' title='bbox 3175 3430 3392 3494; x_wconf 81' lang='grc' dir='ltr'>σου,ἐν</span> <span class='ocrx_word' id='word_1_519' title='bbox 3421 3430 3621 3497; x_wconf 73' lang='grc' dir='ltr'>θλίψει</span> <span class='ocrx_word' id='word_1_520' title='bbox 3639 3444 3733 3495; x_wconf 79' lang='grc' dir='ltr'>μι-</span> 
     </span>
    </p>
   </div>
   <div class='ocr_carea' id='block_1_68' title="bbox 474 3520 2049 3593">
    <p class='ocr_par' dir='ltr' id='par_1_68' title="bbox 474 3520 2049 3593">
     <span class='ocr_line' id='line_1_68' title="bbox 474 3520 2049 3593; baseline -0.001 -18"><span class='ocrx_word' id='word_1_521' title='bbox 474 3539 588 3576; x_wconf 71' lang='lat' dir='ltr'><strong>iuus</strong></span> <span class='ocrx_word' id='word_1_522' title='bbox 623 3524 721 3586; x_wconf 84' lang='lat' dir='ltr'><strong>tui,</strong></span> <span class='ocrx_word' id='word_1_523' title='bbox 752 3523 807 3575; x_wconf 84' lang='lat' dir='ltr'><strong>in</strong></span> <span class='ocrx_word' id='word_1_524' title='bbox 835 3522 1110 3592; x_wconf 81' lang='lat' dir='ltr'><strong>afﬂictione</strong></span> <span class='ocrx_word' id='word_1_525' title='bbox 1153 3539 1339 3593; x_wconf 81' lang='lat' dir='ltr'><strong>parva,</strong></span> <span class='ocrx_word' id='word_1_526' title='bbox 1379 3522 1607 3577; x_wconf 82' lang='lat' dir='ltr'><strong>eruditio</strong></span> <span class='ocrx_word' id='word_1_527' title='bbox 1645 3531 1739 3576; x_wconf 85' lang='lat' dir='ltr'><strong>tua</strong></span> <span class='ocrx_word' id='word_1_528' title='bbox 1787 3522 1957 3575; x_wconf 82' lang='lat' dir='ltr'><strong>nobis.</strong></span> <span class='ocrx_word' id='word_1_529' title='bbox 1985 3520 2049 3574; x_wconf 82' lang='lat' dir='ltr'><strong>Et</strong></span> 
     </span>
    </p>
   </div>
   <div class='ocr_carea' id='block_1_69' title="bbox 475 3612 2053 3684">
    <p class='ocr_par' dir='ltr' id='par_1_69' title="bbox 475 3612 2053 3684">
     <span class='ocr_line' id='line_1_69' title="bbox 475 3612 2053 3684; baseline -0.001 -17"><span class='ocrx_word' id='word_1_530' title='bbox 475 3624 533 3667; x_wconf 85' lang='lat' dir='ltr'><strong>ut</strong></span> <span class='ocrx_word' id='word_1_531' title='bbox 562 3615 862 3682; x_wconf 75' lang='lat' dir='ltr'><strong>parturiens</strong></span> <span class='ocrx_word' id='word_1_532' title='bbox 891 3615 1208 3684; x_wconf 81' lang='lat' dir='ltr'><strong>propinquat</strong></span> <span class='ocrx_word' id='word_1_533' title='bbox 1244 3619 1311 3668; x_wconf 84' lang='lat' dir='ltr'><strong>ad</strong></span> <span class='ocrx_word' id='word_1_534' title='bbox 1350 3614 1684 3683; x_wconf 84' lang='lat' dir='ltr'><strong>pariendum,</strong></span> <span class='ocrx_word' id='word_1_535' title='bbox 1714 3623 1763 3668; x_wconf 87' lang='lat' dir='ltr'><strong>et</strong></span> <span class='ocrx_word' id='word_1_536' title='bbox 1798 3615 1853 3667; x_wconf 79' lang='lat' dir='ltr'><strong>in</strong></span> <span class='ocrx_word' id='word_1_537' title='bbox 1874 3612 2053 3667; x_wconf 79' lang='lat' dir='ltr'><strong>dolore</strong></span> 
     </span>
    </p>
   </div>
   <div class='ocr_carea' id='block_1_70' title="bbox 476 3702 1657 3771">
    <p class='ocr_par' dir='ltr' id='par_1_70' title="bbox 476 3702 1657 3771">
     <span class='ocr_line' id='line_1_70' title="bbox 476 3702 1657 3771; baseline 0 -14"><span class='ocrx_word' id='word_1_538' title='bbox 476 3718 572 3757; x_wconf 79' lang='lat' dir='ltr'><strong>suo</strong></span> <span class='ocrx_word' id='word_1_539' title='bbox 601 3702 818 3767; x_wconf 80' lang='lat' dir='ltr'><strong>clamat,</strong></span> <span class='ocrx_word' id='word_1_540' title='bbox 849 3703 924 3756; x_wconf 79' lang='lat' dir='ltr'><strong>sic</strong></span> <span class='ocrx_word' id='word_1_541' title='bbox 952 3703 1085 3771; x_wconf 78' lang='lat' dir='ltr'><strong>facti</strong></span> <span class='ocrx_word' id='word_1_542' title='bbox 1116 3719 1294 3758; x_wconf 78' lang='lat' dir='ltr'><strong>sumus</strong></span> <span class='ocrx_word' id='word_1_543' title='bbox 1331 3703 1521 3758; x_wconf 80' lang='lat' dir='ltr'><strong>dilecto</strong></span> <span class='ocrx_word' id='word_1_544' title='bbox 1548 3716 1657 3759; x_wconf 85' lang='lat' dir='ltr'><strong>tuo.</strong></span> 
     </span>
    </p>
   </div>
   <div class='ocr_carea' id='block_1_71' title="bbox 545 3792 2053 3863">
    <p class='ocr_par' dir='ltr' id='par_1_71' title="bbox 545 3792 2053 3863">
     <span class='ocr_line' id='line_1_71' title="bbox 545 3792 2053 3863; baseline 0 -17"><span class='ocrx_word' id='word_1_545' title='bbox 545 3793 741 3847; x_wconf 83' lang='lat' dir='ltr'><strong>Beatus</strong></span> <span class='ocrx_word' id='word_1_546' title='bbox 766 3792 1028 3862; x_wconf 83' lang='lat' dir='ltr'><strong>propheta</strong></span> <span class='ocrx_word' id='word_1_547' title='bbox 1063 3807 1135 3847; x_wconf 79' lang='lat' dir='ltr'><strong>ex</strong></span> <span class='ocrx_word' id='word_1_548' title='bbox 1166 3793 1335 3848; x_wconf 91' lang='lat' dir='ltr'><strong>multo</strong></span> <span class='ocrx_word' id='word_1_549' title='bbox 1366 3794 1597 3848; x_wconf 80' lang='lat' dir='ltr'><strong>maxima</strong></span> <span class='ocrx_word' id='word_1_550' title='bbox 1635 3793 1833 3863; x_wconf 88' lang='lat' dir='ltr'><strong>pietate</strong></span> <span class='ocrx_word' id='word_1_551' title='bbox 1866 3800 2053 3847; x_wconf 89' lang='lat' dir='ltr'><strong>contra</strong></span> 
     </span>
    </p>
   </div>
   <div class='ocr_carea' id='block_1_72' title="bbox 478 3880 2054 3950">
    <p class='ocr_par' dir='ltr' id='par_1_72' title="bbox 478 3880 2054 3950">
     <span class='ocr_line' id='line_1_72' title="bbox 478 3880 2054 3950; baseline -0.001 -13"><span class='ocrx_word' id='word_1_552' title='bbox 478 3880 730 3937; x_wconf 88' lang='lat' dir='ltr'><strong>Judaicos</strong></span> <span class='ocrx_word' id='word_1_553' title='bbox 770 3897 934 3937; x_wconf 89' lang='lat' dir='ltr'><strong>ausus</strong></span> <span class='ocrx_word' id='word_1_554' title='bbox 968 3892 1292 3949; x_wconf 88' lang='lat' dir='ltr'><strong>commotus,</strong></span> <span class='ocrx_word' id='word_1_555' title='bbox 1350 3899 1474 3937; x_wconf 89' lang='lat' dir='ltr'><strong>cum</strong></span> <span class='ocrx_word' id='word_1_556' title='bbox 1546 3883 1745 3938; x_wconf 79' lang='lat' dir='ltr'><strong>dixerit</strong></span> <span class='ocrx_word' id='word_1_557' title='bbox 1779 3901 1794 3935; x_wconf 88' lang='lat'><strong>:</strong></span> <span class='ocrx_word' id='word_1_558' title='bbox 1831 3884 2054 3950; x_wconf 82' lang='lat' dir='ltr'><strong>Appone</strong></span> 
     </span>
    </p>
   </div>
   <div class='ocr_carea' id='block_1_73' title="bbox 483 3971 2053 4041">
    <p class='ocr_par' dir='ltr' id='par_1_73' title="bbox 483 3971 2053 4041">
     <span class='ocr_line' id='line_1_73' title="bbox 483 3971 2053 4041; baseline 0 -15"><span class='ocrx_word' id='word_1_559' title='bbox 483 3971 625 4026; x_wconf 88' lang='lat' dir='ltr'><strong>mala</strong></span> <span class='ocrx_word' id='word_1_560' title='bbox 654 3972 905 4027; x_wconf 88' lang='lat' dir='ltr'><strong>omnibus</strong></span> <span class='ocrx_word' id='word_1_561' title='bbox 935 3971 1189 4040; x_wconf 80' lang='lat' dir='ltr'><strong>gloriosis</strong></span> <span class='ocrx_word' id='word_1_562' title='bbox 1238 3981 1397 4028; x_wconf 65' lang='lat' dir='ltr'><strong>terra:</strong></span> <span class='ocrx_word' id='word_1_563' title='bbox 1437 3991 1453 4027; x_wconf 90' lang='lat'><strong>:</strong></span> <span class='ocrx_word' id='word_1_564' title='bbox 1485 3988 1553 4028; x_wconf 92' lang='lat' dir='ltr'><strong>ne</strong></span> <span class='ocrx_word' id='word_1_565' title='bbox 1586 3972 1707 4041; x_wconf 88' lang='lat' dir='ltr'><strong>quis</strong></span> <span class='ocrx_word' id='word_1_566' title='bbox 1740 3988 1865 4026; x_wconf 88' lang='lat' dir='ltr'><strong>eum</strong></span> <span class='ocrx_word' id='word_1_567' title='bbox 1894 3987 2053 4040; x_wconf 89' lang='lat' dir='ltr'><strong>aspe-</strong></span> 
     </span>
    </p>
   </div>
   <div class='ocr_carea' id='block_1_74' title="bbox 485 4062 2054 4135">
    <p class='ocr_par' dir='ltr' id='par_1_74' title="bbox 485 4062 2054 4135">
     <span class='ocr_line' id='line_1_74' title="bbox 485 4062 2054 4135; baseline -0.001 -17"><span class='ocrx_word' id='word_1_568' title='bbox 485 4080 605 4119; x_wconf 89' lang='lat' dir='ltr'><strong>rum</strong></span> <span class='ocrx_word' id='word_1_569' title='bbox 660 4062 1030 4132; x_wconf 86' lang='lat' dir='ltr'><strong>immitemque</strong></span> <span class='ocrx_word' id='word_1_570' title='bbox 1066 4080 1189 4120; x_wconf 90' lang='lat' dir='ltr'><strong>esse</strong></span> <span class='ocrx_word' id='word_1_571' title='bbox 1214 4074 1381 4135; x_wconf 89' lang='lat' dir='ltr'><strong>putet,</strong></span> <span class='ocrx_word' id='word_1_572' title='bbox 1418 4066 1507 4135; x_wconf 92' lang='lat' dir='ltr'><strong>qui</strong></span> <span class='ocrx_word' id='word_1_573' title='bbox 1539 4080 1643 4120; x_wconf 93' lang='lat' dir='ltr'><strong>non</strong></span> <span class='ocrx_word' id='word_1_574' title='bbox 1686 4075 1841 4134; x_wconf 83' lang='lat' dir='ltr'><strong>rogat</strong></span> <span class='ocrx_word' id='word_1_575' title='bbox 1880 4065 2054 4135; x_wconf 90' lang='lat' dir='ltr'><strong>utqui</strong></span> 
     </span>
    </p>
   </div>
   <div class='ocr_carea' id='block_1_75' title="bbox 485 4155 2057 4227">
    <p class='ocr_par' dir='ltr' id='par_1_75' title="bbox 485 4155 2057 4227">
     <span class='ocr_line' id='line_1_75' title="bbox 485 4155 2057 4227; baseline 0.002 -20"><span class='ocrx_word' id='word_1_576' title='bbox 485 4164 781 4225; x_wconf 88' lang='lat' dir='ltr'><strong>peccarunt</strong></span> <span class='ocrx_word' id='word_1_577' title='bbox 831 4155 1216 4224; x_wconf 87' lang='lat' dir='ltr'><strong>deplorentur,</strong></span> <span class='ocrx_word' id='word_1_578' title='bbox 1280 4157 1374 4211; x_wconf 81' lang='lat' dir='ltr'><strong>sed</strong></span> <span class='ocrx_word' id='word_1_579' title='bbox 1435 4157 1613 4227; x_wconf 89' lang='lat' dir='ltr'><strong>potius</strong></span> <span class='ocrx_word' id='word_1_580' title='bbox 1660 4158 1715 4211; x_wconf 94' lang='lat' dir='ltr'><strong>in</strong></span> <span class='ocrx_word' id='word_1_581' title='bbox 1772 4155 2057 4211; x_wconf 81' lang='lat' dir='ltr'><strong>afﬂictione</strong></span> 
     </span>
    </p>
   </div>
   <div class='ocr_carea' id='block_1_76' title="bbox 489 4248 2057 4317">
    <p class='ocr_par' dir='ltr' id='par_1_76' title="bbox 489 4248 2057 4317">
     <span class='ocr_line' id='line_1_76' title="bbox 489 4248 2057 4317; baseline 0 -16"><span class='ocrx_word' id='word_1_582' title='bbox 489 4248 749 4316; x_wconf 84' lang='lat' dir='ltr'><strong>malisque</strong></span> <span class='ocrx_word' id='word_1_583' title='bbox 775 4255 1059 4303; x_wconf 87' lang='lat' dir='ltr'><strong>versentur</strong></span> <span class='ocrx_word' id='word_1_584' title='bbox 1087 4266 1101 4303; x_wconf 91' lang='lat'><strong>:</strong></span> <span class='ocrx_word' id='word_1_585' title='bbox 1136 4248 1447 4303; x_wconf 82' lang='lat' dir='ltr'><strong>necessario</strong></span> <span class='ocrx_word' id='word_1_586' title='bbox 1474 4248 1814 4317; x_wconf 89' lang='lat' dir='ltr'><strong>intulitquod</strong></span> <span class='ocrx_word' id='word_1_587' title='bbox 1844 4248 2057 4303; x_wconf 90' lang='lat' dir='ltr'><strong>cunctis</strong></span> 
     </span>
    </p>
   </div>
   <div class='ocr_carea' id='block_1_77' title="bbox 486 4336 2058 4408">
    <p class='ocr_par' dir='ltr' id='par_1_77' title="bbox 486 4336 2058 4408">
     <span class='ocr_line' id='line_1_77' title="bbox 486 4336 2058 4408; baseline 0.003 -19"><span class='ocrx_word' id='word_1_588' title='bbox 486 4336 623 4390; x_wconf 88' lang='lat' dir='ltr'><strong>solet</strong></span> <span class='ocrx_word' id='word_1_589' title='bbox 672 4337 948 4403; x_wconf 83' lang='lat' dir='ltr'><strong>obvenire,</strong></span> <span class='ocrx_word' id='word_1_590' title='bbox 977 4339 1123 4408; x_wconf 89' lang='lat' dir='ltr'><strong>quod</strong></span> <span class='ocrx_word' id='word_1_591' title='bbox 1165 4339 1418 4393; x_wconf 87' lang='lat' dir='ltr'><strong>nimirum</strong></span> <span class='ocrx_word' id='word_1_592' title='bbox 1478 4340 1532 4393; x_wconf 91' lang='lat' dir='ltr'><strong>in</strong></span> <span class='ocrx_word' id='word_1_593' title='bbox 1583 4337 1960 4395; x_wconf 86' lang='lat' dir='ltr'><strong>afﬂictionibus</strong></span> <span class='ocrx_word' id='word_1_594' title='bbox 2005 4349 2058 4393; x_wconf 93' lang='lat' dir='ltr'><strong>et</strong></span> 
     </span>
    </p>
   </div>
   <div class='ocr_carea' id='block_1_78' title="bbox 485 4429 2059 4500">
    <p class='ocr_par' dir='ltr' id='par_1_78' title="bbox 485 4429 2059 4500">
     <span class='ocr_line' id='line_1_78' title="bbox 485 4429 2059 4500; baseline 0.003 -18"><span class='ocrx_word' id='word_1_595' title='bbox 485 4430 896 4484; x_wconf 85' lang='lat' dir='ltr'><strong>necessitatibus</strong></span> <span class='ocrx_word' id='word_1_596' title='bbox 919 4430 1229 4485; x_wconf 85' lang='lat' dir='ltr'><strong>meminisse</strong></span> <span class='ocrx_word' id='word_1_597' title='bbox 1250 4429 1344 4484; x_wconf 88' lang='lat' dir='ltr'><strong>Dei</strong></span> <span class='ocrx_word' id='word_1_598' title='bbox 1365 4431 1543 4484; x_wconf 82' lang='lat' dir='ltr'><strong>omnia</strong></span> <span class='ocrx_word' id='word_1_599' title='bbox 1568 4431 1803 4500; x_wconf 89' lang='lat' dir='ltr'><strong>potentis</strong></span> <span class='ocrx_word' id='word_1_600' title='bbox 1830 4444 2059 4487; x_wconf 75' lang='lat' dir='ltr'><strong>consue-</strong></span> 
     </span>
    </p>
   </div>
   <div class='ocr_carea' id='block_1_79' title="bbox 485 4521 2060 4589">
    <p class='ocr_par' dir='ltr' id='par_1_79' title="bbox 485 4521 2060 4589">
     <span class='ocr_line' id='line_1_79' title="bbox 485 4521 2060 4589; baseline -0.001 -15"><span class='ocrx_word' id='word_1_601' title='bbox 485 4522 685 4576; x_wconf 91' lang='lat' dir='ltr'><strong>verint.</strong></span> <span class='ocrx_word' id='word_1_602' title='bbox 717 4521 850 4576; x_wconf 80' lang='lat' dir='ltr'><strong>Nam</strong></span> <span class='ocrx_word' id='word_1_603' title='bbox 881 4538 1088 4577; x_wconf 89' lang='lat' dir='ltr'><strong>summa</strong></span> <span class='ocrx_word' id='word_1_604' title='bbox 1138 4532 1193 4579; x_wconf 88' lang='lat' dir='ltr'><strong>ct</strong></span> <span class='ocrx_word' id='word_1_605' title='bbox 1236 4522 1342 4577; x_wconf 89' lang='lat' dir='ltr'><strong>alta</strong></span> <span class='ocrx_word' id='word_1_606' title='bbox 1402 4521 1763 4589; x_wconf 84' lang='lat' dir='ltr'><strong>tranquillitas</strong></span> <span class='ocrx_word' id='word_1_607' title='bbox 1806 4522 2060 4576; x_wconf 85' lang='lat' dir='ltr'><strong>remissos</strong></span> 
     </span>
    </p>
   </div>
   <div class='ocr_carea' id='block_1_80' title="bbox 488 4613 2059 4683">
    <p class='ocr_par' dir='ltr' id='par_1_80' title="bbox 488 4613 2059 4683">
     <span class='ocr_line' id='line_1_80' title="bbox 488 4613 2059 4683; baseline -0.001 -17"><span class='ocrx_word' id='word_1_608' title='bbox 488 4613 635 4678; x_wconf 87' lang='lat' dir='ltr'><strong>facit,</strong></span> <span class='ocrx_word' id='word_1_609' title='bbox 683 4616 949 4668; x_wconf 91' lang='lat' dir='ltr'><strong>interdum</strong></span> <span class='ocrx_word' id='word_1_610' title='bbox 987 4616 1052 4667; x_wconf 86' lang='lat' dir='ltr'><strong>ad</strong></span> <span class='ocrx_word' id='word_1_611' title='bbox 1082 4623 1445 4682; x_wconf 87' lang='lat' dir='ltr'><strong>contemptum</strong></span> <span class='ocrx_word' id='word_1_612' title='bbox 1496 4629 1664 4683; x_wconf 87' lang='lat' dir='ltr'><strong>usque</strong></span> <span class='ocrx_word' id='word_1_613' title='bbox 1707 4614 1901 4667; x_wconf 84' lang='lat' dir='ltr'><strong>nedum</strong></span> <span class='ocrx_word' id='word_1_614' title='bbox 1951 4628 2059 4682; x_wconf 74' lang='lat' dir='ltr'><strong>prze</strong></span> 
     </span>
    </p>
   </div>
   <div class='ocr_carea' id='block_1_81' title="bbox 488 4703 2054 4775">
    <p class='ocr_par' dir='ltr' id='par_1_81' title="bbox 488 4703 2054 4775">
     <span class='ocr_line' id='line_1_81' title="bbox 488 4703 2054 4775; baseline -0.003 -14"><span class='ocrx_word' id='word_1_615' title='bbox 488 4707 651 4761; x_wconf 91' lang='lat' dir='ltr'><strong>nimia</strong></span> <span class='ocrx_word' id='word_1_616' title='bbox 684 4707 899 4775; x_wconf 85' lang='lat' dir='ltr'><strong>pigritia</strong></span> <span class='ocrx_word' id='word_1_617' title='bbox 932 4718 1275 4775; x_wconf 89' lang='lat' dir='ltr'><strong>peccatorum</strong></span> <span class='ocrx_word' id='word_1_618' title='bbox 1316 4721 1538 4762; x_wconf 88' lang='lat' dir='ltr'><strong>sensum</strong></span> <span class='ocrx_word' id='word_1_619' title='bbox 1585 4705 1796 4769; x_wconf 88' lang='lat' dir='ltr'><strong>adimit,</strong></span> <span class='ocrx_word' id='word_1_620' title='bbox 1845 4720 1967 4759; x_wconf 87' lang='lat' dir='ltr'><strong>cum</strong></span> <span class='ocrx_word' id='word_1_621' title='bbox 2001 4703 2054 4756; x_wconf 92' lang='lat' dir='ltr'><strong>in</strong></span> 
     </span>
    </p>
   </div>
   <div class='ocr_carea' id='block_1_82' title="bbox 490 4793 2060 4865">
    <p class='ocr_par' dir='ltr' id='par_1_82' title="bbox 490 4793 2060 4865">
     <span class='ocr_line' id='line_1_82' title="bbox 490 4793 2060 4865; baseline -0.005 -12"><span class='ocrx_word' id='word_1_622' title='bbox 490 4798 628 4855; x_wconf 88' lang='lat' dir='ltr'><strong>hanc</strong></span> <span class='ocrx_word' id='word_1_623' title='bbox 679 4807 913 4852; x_wconf 82' lang='lat' dir='ltr'><strong>mentem</strong></span> <span class='ocrx_word' id='word_1_624' title='bbox 969 4798 1403 4865; x_wconf 86' lang='lat' dir='ltr'><strong>sententiamque</strong></span> <span class='ocrx_word' id='word_1_625' title='bbox 1457 4793 1695 4864; x_wconf 88' lang='lat' dir='ltr'><strong>prolapsi</strong></span> <span class='ocrx_word' id='word_1_626' title='bbox 1729 4793 1949 4847; x_wconf 89' lang='lat' dir='ltr'><strong>fuerint.</strong></span> <span class='ocrx_word' id='word_1_627' title='bbox 1990 4795 2060 4845; x_wconf 81' lang='lat' dir='ltr'><strong>At</strong></span> 
     </span>
    </p>
   </div>
   <div class='ocr_carea' id='block_1_83' title="bbox 490 4872 2137 4954">
    <p class='ocr_par' dir='ltr' id='par_1_83' title="bbox 490 4872 2137 4954">
     <span class='ocr_line' id='line_1_83' title="bbox 490 4872 2137 4954; baseline -0.004 -12"><span class='ocrx_word' id='word_1_628' title='bbox 490 4890 711 4944; x_wconf 85' lang='lat' dir='ltr'><strong>afﬂictio</strong></span> <span class='ocrx_word' id='word_1_629' title='bbox 736 4890 803 4945; x_wconf 89' lang='lat' dir='ltr'><strong>ad</strong></span> <span class='ocrx_word' id='word_1_630' title='bbox 848 4889 1014 4943; x_wconf 86' lang='lat' dir='ltr'><strong>Deum</strong></span> <span class='ocrx_word' id='word_1_631' title='bbox 1063 4888 1230 4943; x_wconf 91' lang='lat' dir='ltr'><strong>veluti</strong></span> <span class='ocrx_word' id='word_1_632' title='bbox 1265 4887 1515 4952; x_wconf 86' lang='lat' dir='ltr'><strong>retrahit,</strong></span> <span class='ocrx_word' id='word_1_633' title='bbox 1544 4894 1599 4941; x_wconf 90' lang='lat' dir='ltr'><strong>et</strong></span> <span class='ocrx_word' id='word_1_634' title='bbox 1626 4887 1693 4940; x_wconf 91' lang='lat' dir='ltr'><strong>ad</strong></span> <span class='ocrx_word' id='word_1_635' title='bbox 1731 4884 2058 4954; x_wconf 80' lang='lat' dir='ltr'><strong>agnitionem</strong></span> <span class='ocrx_word' id='word_1_636' title='bbox 2094 4872 2137 4926; x_wconf 76' lang='grc' dir='ltr'><strong>Β</strong></span> 
     </span>
    </p>
   </div>
   <div class='ocr_carea' id='block_1_84' title="bbox 489 4974 2063 5045">
    <p class='ocr_par' dir='ltr' id='par_1_84' title="bbox 489 4974 2063 5045">
     <span class='ocr_line' id='line_1_84' title="bbox 489 4974 2063 5045; baseline -0.001 -15"><span class='ocrx_word' id='word_1_637' title='bbox 489 4980 818 5033; x_wconf 72' lang='lat' dir='ltr'><strong>ollettsarum</strong></span> <span class='ocrx_word' id='word_1_638' title='bbox 854 4978 1081 5033; x_wconf 85' lang='lat' dir='ltr'><strong>reducit.</strong></span> <span class='ocrx_word' id='word_1_639' title='bbox 1109 4977 1221 5033; x_wconf 83' lang='lat' dir='ltr'><strong>Hac</strong></span> <span class='ocrx_word' id='word_1_640' title='bbox 1270 4975 1495 5045; x_wconf 85' lang='lat' dir='ltr'><strong>proinde</strong></span> <span class='ocrx_word' id='word_1_641' title='bbox 1544 4975 1610 5029; x_wconf 88' lang='lat' dir='ltr'><strong>de</strong></span> <span class='ocrx_word' id='word_1_642' title='bbox 1652 4989 1818 5028; x_wconf 86' lang='lat' dir='ltr'><strong>causa</strong></span> <span class='ocrx_word' id='word_1_643' title='bbox 1848 4974 2063 5042; x_wconf 91' lang='lat' dir='ltr'><strong>inquit:</strong></span> 
     </span>
    </p>
   </div>
   <div class='ocr_carea' id='block_1_85' title="bbox 490 5066 2066 5141">
    <p class='ocr_par' dir='ltr' id='par_1_85' title="bbox 490 5066 2066 5141">
     <span class='ocr_line' id='line_1_85' title="bbox 490 5066 2066 5141; baseline -0.003 -16"><span class='ocrx_word' id='word_1_644' title='bbox 490 5074 714 5141; x_wconf 85' lang='lat' dir='ltr'><strong>Appone</strong></span> <span class='ocrx_word' id='word_1_645' title='bbox 741 5072 880 5125; x_wconf 87' lang='lat' dir='ltr'><strong>mala</strong></span> <span class='ocrx_word' id='word_1_646' title='bbox 903 5071 1149 5140; x_wconf 87' lang='lat' dir='ltr'><strong>gloriosis</strong></span> <span class='ocrx_word' id='word_1_647' title='bbox 1173 5081 1373 5138; x_wconf 61' lang='lat' dir='ltr'><strong>terra};</strong></span> <span class='ocrx_word' id='word_1_648' title='bbox 1413 5069 1666 5139; x_wconf 91' lang='lat' dir='ltr'><strong>quoniam</strong></span> <span class='ocrx_word' id='word_1_649' title='bbox 1694 5068 1795 5122; x_wconf 91' lang='lat' dir='ltr'><strong>hoc</strong></span> <span class='ocrx_word' id='word_1_650' title='bbox 1814 5066 2066 5122; x_wconf 88' lang='lat' dir='ltr'><strong>omnibus</strong></span> 
     </span>
    </p>
   </div>
   <div class='ocr_carea' id='block_1_86' title="bbox 491 5160 2063 5227">
    <p class='ocr_par' dir='ltr' id='par_1_86' title="bbox 491 5160 2063 5227">
     <span class='ocr_line' id='line_1_86' title="bbox 491 5160 2063 5227; baseline -0.004 -9"><span class='ocrx_word' id='word_1_651' title='bbox 491 5179 779 5219; x_wconf 88' lang='lat' dir='ltr'><strong>commune</strong></span> <span class='ocrx_word' id='word_1_652' title='bbox 809 5174 914 5227; x_wconf 86' lang='lat' dir='ltr'><strong>est,</strong></span> <span class='ocrx_word' id='word_1_653' title='bbox 954 5175 1066 5218; x_wconf 90' lang='lat' dir='ltr'><strong>tum</strong></span> <span class='ocrx_word' id='word_1_654' title='bbox 1104 5164 1339 5217; x_wconf 79' lang='lat' dir='ltr'><strong>maxime</strong></span> <span class='ocrx_word' id='word_1_655' title='bbox 1367 5171 1418 5216; x_wconf 90' lang='lat' dir='ltr'><strong>te</strong></span> <span class='ocrx_word' id='word_1_656' title='bbox 1442 5162 1642 5216; x_wconf 85' lang='lat' dir='ltr'><strong>habere</strong></span> <span class='ocrx_word' id='word_1_657' title='bbox 1676 5161 1729 5215; x_wconf 92' lang='lat' dir='ltr'><strong>in</strong></span> <span class='ocrx_word' id='word_1_658' title='bbox 1761 5160 2021 5215; x_wconf 89' lang='lat' dir='ltr'><strong>memoria</strong></span> <span class='ocrx_word' id='word_1_659' title='bbox 2047 5199 2063 5224; x_wconf 99' lang='lat'><strong>,</strong></span> 
     </span>
    </p>
   </div>
   <div class='ocr_carea' id='block_1_87' title="bbox 493 5252 2061 5327">
    <p class='ocr_par' dir='ltr' id='par_1_87' title="bbox 493 5252 2061 5327">
     <span class='ocr_line' id='line_1_87' title="bbox 493 5252 2061 5327; baseline -0.004 -16"><span class='ocrx_word' id='word_1_660' title='bbox 493 5268 548 5311; x_wconf 85' lang='lat' dir='ltr'><strong>et</strong></span> <span class='ocrx_word' id='word_1_661' title='bbox 576 5270 662 5311; x_wconf 92' lang='lat' dir='ltr'><strong>tua</strong></span> <span class='ocrx_word' id='word_1_662' title='bbox 700 5257 941 5327; x_wconf 87' lang='lat' dir='ltr'><strong>cogitare</strong></span> <span class='ocrx_word' id='word_1_663' title='bbox 989 5270 1053 5310; x_wconf 87' lang='lat' dir='ltr'><strong>ac</strong></span> <span class='ocrx_word' id='word_1_664' title='bbox 1102 5255 1337 5317; x_wconf 86' lang='lat' dir='ltr'><strong>sentire,</strong></span> <span class='ocrx_word' id='word_1_665' title='bbox 1371 5254 1585 5322; x_wconf 86' lang='lat' dir='ltr'><strong>quando</strong></span> <span class='ocrx_word' id='word_1_666' title='bbox 1610 5253 1663 5307; x_wconf 92' lang='lat' dir='ltr'><strong>in</strong></span> <span class='ocrx_word' id='word_1_667' title='bbox 1693 5252 2061 5307; x_wconf 85' lang='lat' dir='ltr'><strong>calamitatum</strong></span> 
     </span>
    </p>
   </div>
   <div class='ocr_carea' id='block_1_88' title="bbox 494 5344 2061 5414">
    <p class='ocr_par' dir='ltr' id='par_1_88' title="bbox 494 5344 2061 5414">
     <span class='ocr_line' id='line_1_88' title="bbox 494 5344 2061 5414; baseline -0.002 -14"><span class='ocrx_word' id='word_1_668' title='bbox 494 5349 741 5402; x_wconf 82' lang='lat' dir='ltr'><strong>venerint</strong></span> <span class='ocrx_word' id='word_1_669' title='bbox 783 5347 1240 5403; x_wconf 87' lang='lat' dir='ltr'><strong>communionem.</strong></span> <span class='ocrx_word' id='word_1_670' title='bbox 1284 5345 1343 5400; x_wconf 86' lang='lat' dir='ltr'><strong>In</strong></span> <span class='ocrx_word' id='word_1_671' title='bbox 1393 5344 1682 5400; x_wconf 88' lang='lat' dir='ltr'><strong>afﬂictione</strong></span> <span class='ocrx_word' id='word_1_672' title='bbox 1724 5346 1867 5399; x_wconf 90' lang='lat' dir='ltr'><strong>enim</strong></span> <span class='ocrx_word' id='word_1_673' title='bbox 1899 5359 2061 5414; x_wconf 87' lang='lat' dir='ltr'><strong>parva</strong></span> 
     </span>
    </p>
   </div>
   <div class='ocr_carea' id='block_1_89' title="bbox 497 5439 2063 5510">
    <p class='ocr_par' dir='ltr' id='par_1_89' title="bbox 497 5439 2063 5510">
     <span class='ocr_line' id='line_1_89' title="bbox 497 5439 2063 5510; baseline -0.005 -13"><span class='ocrx_word' id='word_1_674' title='bbox 497 5442 780 5497; x_wconf 89' lang='lat' dir='ltr'><strong>erudimur</strong></span> <span class='ocrx_word' id='word_1_675' title='bbox 805 5461 823 5497; x_wconf 91' lang='lat'><strong><em>:</em></strong></span> <span class='ocrx_word' id='word_1_676' title='bbox 848 5442 955 5498; x_wconf 88' lang='lat' dir='ltr'><strong>Deo</strong></span> <span class='ocrx_word' id='word_1_677' title='bbox 990 5457 1095 5497; x_wconf 92' lang='lat' dir='ltr'><strong>non</strong></span> <span class='ocrx_word' id='word_1_678' title='bbox 1115 5440 1336 5496; x_wconf 92' lang='lat' dir='ltr'><strong>nimium</strong></span> <span class='ocrx_word' id='word_1_679' title='bbox 1360 5455 1543 5510; x_wconf 82' lang='lat' dir='ltr'><strong>grave.</strong></span> <span class='ocrx_word' id='word_1_680' title='bbox 1575 5454 1678 5493; x_wconf 91' lang='lat' dir='ltr'><strong>non</strong></span> <span class='ocrx_word' id='word_1_681' title='bbox 1708 5439 1868 5493; x_wconf 88' lang='lat' dir='ltr'><strong>nimis</strong></span> <span class='ocrx_word' id='word_1_682' title='bbox 1889 5439 2063 5493; x_wconf 88' lang='lat' dir='ltr'><strong>dirum</strong></span> 
     </span>
    </p>
   </div>
   <div class='ocr_carea' id='block_1_90' title="bbox 493 5531 2064 5604">
    <p class='ocr_par' dir='ltr' id='par_1_90' title="bbox 493 5531 2064 5604">
     <span class='ocr_line' id='line_1_90' title="bbox 493 5531 2064 5604; baseline -0.003 -18"><span class='ocrx_word' id='word_1_683' title='bbox 493 5533 813 5601; x_wconf 81' lang='lat' dir='ltr'><strong>supplicium</strong></span> <span class='ocrx_word' id='word_1_684' title='bbox 839 5534 1121 5601; x_wconf 85' lang='lat' dir='ltr'><strong>inferente,</strong></span> <span class='ocrx_word' id='word_1_685' title='bbox 1163 5533 1330 5604; x_wconf 74' lang='lat'><strong>368</strong></span> <span class='ocrx_word' id='word_1_686' title='bbox 1361 5534 1454 5587; x_wconf 91' lang='lat' dir='ltr'><strong>sed</strong></span> <span class='ocrx_word' id='word_1_687' title='bbox 1497 5534 1630 5587; x_wconf 87' lang='lat' dir='ltr'><strong>iram</strong></span> <span class='ocrx_word' id='word_1_688' title='bbox 1685 5531 1862 5599; x_wconf 87' lang='lat' dir='ltr'><strong>potius</strong></span> <span class='ocrx_word' id='word_1_689' title='bbox 1908 5547 2064 5583; x_wconf 83' lang='lat' dir='ltr'><strong>umn-</strong></span> 
     </span>
    </p>
   </div>
   <div class='ocr_carea' id='block_1_91' title="bbox 496 5622 2066 5694">
    <p class='ocr_par' dir='ltr' id='par_1_91' title="bbox 496 5622 2066 5694">
     <span class='ocr_line' id='line_1_91' title="bbox 496 5622 2066 5694; baseline 0 -17"><span class='ocrx_word' id='word_1_690' title='bbox 496 5624 779 5679; x_wconf 87' lang='lat' dir='ltr'><strong>snetndine</strong></span> <span class='ocrx_word' id='word_1_691' title='bbox 819 5635 1175 5694; x_wconf 89' lang='lat' dir='ltr'><strong>temperante.</strong></span> <span class='ocrx_word' id='word_1_692' title='bbox 1205 5626 1319 5681; x_wconf 86' lang='lat' dir='ltr'><strong>Non</strong></span> <span class='ocrx_word' id='word_1_693' title='bbox 1351 5635 1470 5680; x_wconf 85' lang='lat' dir='ltr'><strong>erat</strong></span> <span class='ocrx_word' id='word_1_694' title='bbox 1492 5640 1621 5694; x_wconf 90' lang='lat' dir='ltr'><strong>ergo</strong></span> <span class='ocrx_word' id='word_1_695' title='bbox 1657 5623 1781 5677; x_wconf 91' lang='lat' dir='ltr'><strong>odio</strong></span> <span class='ocrx_word' id='word_1_696' title='bbox 1816 5622 2066 5677; x_wconf 83' lang='lat' dir='ltr'><strong>habentis</strong></span> 
     </span>
    </p>
   </div>
   <div class='ocr_carea' id='block_1_92' title="bbox 566 5801 1611 5870">
    <p class='ocr_par' dir='ltr' id='par_1_92' title="bbox 566 5801 1611 5870">
     <span class='ocr_line' id='line_1_92' title="bbox 566 5801 1611 5870; baseline -0.004 -6"><span class='ocrx_word' id='word_1_697' title='bbox 566 5801 612 5834; x_wconf 80' lang='grc'><strong>⁷⁸</strong></span> <span class='ocrx_word' id='word_1_698' title='bbox 632 5806 832 5863; x_wconf 73' lang='lat' dir='ltr'><strong>Jerem.</strong></span> <span class='ocrx_word' id='word_1_699' title='bbox 856 5823 908 5867; x_wconf 84' lang='grc' dir='ltr'><strong>ν,</strong></span> <span class='ocrx_word' id='word_1_700' title='bbox 933 5808 983 5861; x_wconf 72' lang='grc' dir='ltr'><strong>ὕ.</strong></span> <span class='ocrx_word' id='word_1_701' title='bbox 1062 5810 1105 5839; x_wconf 58' lang='grc' dir='ltr'><strong>τῖ’</strong></span> <span class='ocrx_word' id='word_1_702' title='bbox 1133 5807 1315 5860; x_wconf 76' lang='lat' dir='ltr'><strong>Matth.</strong></span> <span class='ocrx_word' id='word_1_703' title='bbox 1347 5824 1500 5870; x_wconf 70' lang='lat' dir='ltr'><strong>wn,</strong></span> <span class='ocrx_word' id='word_1_704' title='bbox 1534 5807 1611 5860; x_wconf 69' lang='lat' dir='ltr'><strong>l3.</strong></span> 
     </span>
    </p>
   </div>
   <div class='ocr_carea' id='block_1_93' title="bbox 1690 5805 2099 5865">
    <p class='ocr_par' dir='ltr' id='par_1_93' title="bbox 1690 5805 2099 5865">
     <span class='ocr_line' id='line_1_93' title="bbox 1690 5805 2099 5865; baseline 0 -8"><span class='ocrx_word' id='word_1_705' title='bbox 1690 5807 1734 5837; x_wconf 82' lang='lat'><strong>”</strong></span> <span class='ocrx_word' id='word_1_706' title='bbox 1763 5805 1889 5857; x_wconf 83' lang='lat' dir='ltr'><strong>Luc.</strong></span> <span class='ocrx_word' id='word_1_707' title='bbox 1920 5820 1990 5865; x_wconf 70' lang='lat' dir='ltr'><strong>XI,</strong></span> 
     </span>
    </p>
   </div>
   <div class='ocr_carea' id='block_1_94' title="bbox 2158 3519 3729 3592">
    <p class='ocr_par' dir='ltr' id='par_1_94' title="bbox 2158 3519 3729 3592">
     <span class='ocr_line' id='line_1_94' title="bbox 2158 3519 3729 3592; baseline -0.003 -16"><span class='ocrx_word' id='word_1_708' title='bbox 2158 3523 2272 3591; x_wconf 84' lang='grc' dir='ltr'>κρᾷ</span> <span class='ocrx_word' id='word_1_709' title='bbox 2303 3524 2341 3592; x_wconf 82' lang='grc' dir='ltr'><strong>ή</strong></span> <span class='ocrx_word' id='word_1_710' title='bbox 2375 3522 2610 3578; x_wconf 81' lang='grc' dir='ltr'>παιδεία</span> <span class='ocrx_word' id='word_1_711' title='bbox 2643 3538 2757 3576; x_wconf 84' lang='grc' dir='ltr'><strong>σου</strong></span> <span class='ocrx_word' id='word_1_712' title='bbox 2783 3522 2944 3592; x_wconf 75' lang='grc' dir='ltr'>ἡμῖν.</span> <span class='ocrx_word' id='word_1_713' title='bbox 2971 3522 3081 3576; x_wconf 79' lang='grc' dir='ltr'><strong>Καὶ</strong></span> <span class='ocrx_word' id='word_1_714' title='bbox 3130 3522 3210 3587; x_wconf 87' lang='grc' dir='ltr'>ὡς</span> <span class='ocrx_word' id='word_1_715' title='bbox 3245 3522 3283 3589; x_wconf 75' lang='grc' dir='ltr'><em>ἠ</em></span> <span class='ocrx_word' id='word_1_716' title='bbox 3303 3521 3602 3575; x_wconf 81' lang='grc' dir='ltr'>ὠδίνουσα</span> <span class='ocrx_word' id='word_1_717' title='bbox 3634 3519 3729 3588; x_wconf 77' lang='grc' dir='ltr'>ἐγ-</span> 
     </span>
    </p>
   </div>
   <div class='ocr_carea' id='block_1_95' title="bbox 2157 3612 3732 3685">
    <p class='ocr_par' dir='ltr' id='par_1_95' title="bbox 2157 3612 3732 3685">
     <span class='ocr_line' id='line_1_95' title="bbox 2157 3612 3732 3685; baseline -0.001 -18"><span class='ocrx_word' id='word_1_718' title='bbox 2157 3612 2296 3685; x_wconf 75' lang='grc' dir='ltr'>γίζει</span> <span class='ocrx_word' id='word_1_719' title='bbox 2322 3617 2428 3669; x_wconf 88' lang='grc' dir='ltr'>τοῦ</span> <span class='ocrx_word' id='word_1_720' title='bbox 2465 3613 2679 3678; x_wconf 81' lang='grc' dir='ltr'>τεκεῖν,</span> <span class='ocrx_word' id='word_1_721' title='bbox 2719 3614 2818 3667; x_wconf 83' lang='grc' dir='ltr'><strong>καί</strong></span> <span class='ocrx_word' id='word_1_722' title='bbox 2860 3613 2959 3668; x_wconf 77' lang='grc' dir='ltr'>ἐπὶ</span> <span class='ocrx_word' id='word_1_723' title='bbox 2988 3612 3062 3683; x_wconf 77' lang='grc' dir='ltr'>τῇ</span> <span class='ocrx_word' id='word_1_724' title='bbox 3082 3613 3247 3668; x_wconf 79' lang='grc' dir='ltr'>ὠδῖνι</span> <span class='ocrx_word' id='word_1_725' title='bbox 3281 3613 3471 3683; x_wconf 83' lang='grc' dir='ltr'>αὐτῆς</span> <span class='ocrx_word' id='word_1_726' title='bbox 3495 3614 3732 3682; x_wconf 49' lang='grc' dir='ltr'>ἐκέκρα.</span> 
     </span>
    </p>
   </div>
   <div class='ocr_carea' id='block_1_96' title="bbox 2159 3702 3485 3778">
    <p class='ocr_par' dir='ltr' id='par_1_96' title="bbox 2159 3702 3485 3778">
     <span class='ocr_line' id='line_1_96' title="bbox 2159 3702 3485 3778; baseline -0.001 -19"><span class='ocrx_word' id='word_1_727' title='bbox 2159 3724 2285 3778; x_wconf 58' lang='lat' dir='ltr'><strong>Ter,</strong></span> <span class='ocrx_word' id='word_1_728' title='bbox 2320 3706 2507 3772; x_wconf 80' lang='grc' dir='ltr'>οὕτως</span> <span class='ocrx_word' id='word_1_729' title='bbox 2536 3704 2903 3776; x_wconf 77' lang='grc' dir='ltr'>ἐγενήθημεν</span> <span class='ocrx_word' id='word_1_730' title='bbox 2929 3702 3009 3771; x_wconf 82' lang='grc' dir='ltr'>τῷ</span> <span class='ocrx_word' id='word_1_731' title='bbox 3035 3704 3320 3776; x_wconf 78' lang='grc' dir='ltr'>ἀγαπητῷ</span> <span class='ocrx_word' id='word_1_732' title='bbox 3347 3719 3485 3759; x_wconf 89' lang='grc' dir='ltr'>σου.</span> 
     </span>
    </p>
   </div>
   <div class='ocr_carea' id='block_1_97' title="bbox 2243 3796 3733 3868">
    <p class='ocr_par' dir='ltr' id='par_1_97' title="bbox 2243 3796 3733 3868">
     <span class='ocr_line' id='line_1_97' title="bbox 2243 3796 3733 3868; baseline -0.004 -15"><span class='ocrx_word' id='word_1_733' title='bbox 2243 3799 2339 3852; x_wconf 89' lang='grc' dir='ltr'>Ἐκ</span> <span class='ocrx_word' id='word_1_734' title='bbox 2368 3799 2569 3868; x_wconf 82' lang='grc' dir='ltr'>πολλῆς</span> <span class='ocrx_word' id='word_1_735' title='bbox 2594 3797 2732 3866; x_wconf 85' lang='grc' dir='ltr'>ἄγαν</span> <span class='ocrx_word' id='word_1_736' title='bbox 2764 3797 3037 3868; x_wconf 86' lang='grc' dir='ltr'>φιλοθείας</span> <span class='ocrx_word' id='word_1_737' title='bbox 3089 3799 3117 3851; x_wconf 86' lang='grc' dir='ltr'>ὁ</span> <span class='ocrx_word' id='word_1_738' title='bbox 3151 3797 3419 3868; x_wconf 85' lang='grc' dir='ltr'>μακάριος</span> <span class='ocrx_word' id='word_1_739' title='bbox 3448 3796 3733 3867; x_wconf 78' lang='grc' dir='ltr'>προφήτης</span> 
     </span>
    </p>
   </div>
   <div class='ocr_carea' id='block_1_98' title="bbox 2162 3889 3732 3961">
    <p class='ocr_par' dir='ltr' id='par_1_98' title="bbox 2162 3889 3732 3961">
     <span class='ocr_line' id='line_1_98' title="bbox 2162 3889 3732 3961; baseline -0.001 -19"><span class='ocrx_word' id='word_1_740' title='bbox 2162 3890 2518 3961; x_wconf 82' lang='grc' dir='ltr'>κεκινημένος</span> <span class='ocrx_word' id='word_1_741' title='bbox 2548 3890 2687 3943; x_wconf 86' lang='grc' dir='ltr'><strong>κατά</strong></span> <span class='ocrx_word' id='word_1_742' title='bbox 2710 3890 2816 3943; x_wconf 88' lang='grc' dir='ltr'><strong>τῶν</strong></span> <span class='ocrx_word' id='word_1_743' title='bbox 2853 3889 3159 3943; x_wconf 79' lang='grc' dir='ltr'>Ἰουδαϊκῶν</span> <span class='ocrx_word' id='word_1_744' title='bbox 3187 3889 3567 3959; x_wconf 83' lang='grc' dir='ltr'>τολμημάτων</span> <span class='ocrx_word' id='word_1_745' title='bbox 3584 3890 3732 3960; x_wconf 70' lang='grc' dir='ltr'>εἰρη-</span> 
     </span>
    </p>
   </div>
   <div class='ocr_carea' id='block_1_99' title="bbox 2162 3979 3733 4051">
    <p class='ocr_par' dir='ltr' id='par_1_99' title="bbox 2162 3979 3733 4051">
     <span class='ocr_line' id='line_1_99' title="bbox 2162 3979 3733 4051; baseline -0.001 -16"><span class='ocrx_word' id='word_1_746' title='bbox 2162 3980 2272 4045; x_wconf 85' lang='grc' dir='ltr'>κώς</span> <span class='ocrx_word' id='word_1_747' title='bbox 2304 3999 2362 4034; x_wconf 87' lang='grc' dir='ltr'><strong>τε</strong></span> <span class='ocrx_word' id='word_1_748' title='bbox 2387 3983 2467 4035; x_wconf 86' lang='grc' dir='ltr'>ὅτι</span> <span class='ocrx_word' id='word_1_749' title='bbox 2500 3981 2743 4051; x_wconf 86' lang='grc' dir='ltr'>Πρόσθες</span> <span class='ocrx_word' id='word_1_750' title='bbox 2768 3981 2913 4035; x_wconf 88' lang='grc' dir='ltr'><strong>κακά</strong></span> <span class='ocrx_word' id='word_1_751' title='bbox 2937 3982 3072 4035; x_wconf 79' lang='grc' dir='ltr'>πᾶσι</span> <span class='ocrx_word' id='word_1_752' title='bbox 3098 3982 3213 4043; x_wconf 87' lang='grc' dir='ltr'>τοῖς</span> <span class='ocrx_word' id='word_1_753' title='bbox 3234 3979 3463 4045; x_wconf 80' lang='grc' dir='ltr'>ἐνδόξοις</span> <span class='ocrx_word' id='word_1_754' title='bbox 3490 3982 3589 4047; x_wconf 83' lang='grc' dir='ltr'>τῆς</span> <span class='ocrx_word' id='word_1_755' title='bbox 3609 3981 3733 4049; x_wconf 71' lang='grc' dir='ltr'>γῆς,</span> 
     </span>
    </p>
   </div>
   <div class='ocr_carea' id='block_1_100' title="bbox 2166 4067 3733 4143">
    <p class='ocr_par' dir='ltr' id='par_1_100' title="bbox 2166 4067 3733 4143">
     <span class='ocr_line' id='line_1_100' title="bbox 2166 4067 3733 4143; baseline -0.003 -19"><span class='ocrx_word' id='word_1_756' title='bbox 2166 4071 2249 4125; x_wconf 82' lang='grc' dir='ltr'><strong>ἵνα</strong></span> <span class='ocrx_word' id='word_1_757' title='bbox 2284 4074 2356 4143; x_wconf 88' lang='grc' dir='ltr'><strong>μή</strong></span> <span class='ocrx_word' id='word_1_758' title='bbox 2385 4089 2469 4135; x_wconf 88' lang='grc' dir='ltr'><strong>τις</strong></span> <span class='ocrx_word' id='word_1_759' title='bbox 2491 4067 2629 4124; x_wconf 74' lang='grc' dir='ltr'>εἰναι</span> <span class='ocrx_word' id='word_1_760' title='bbox 2663 4072 2951 4142; x_wconf 78' lang='grc' dir='ltr'>νομίζηται</span> <span class='ocrx_word' id='word_1_761' title='bbox 2976 4070 3183 4142; x_wconf 86' lang='grc' dir='ltr'>τραχύς</span> <span class='ocrx_word' id='word_1_762' title='bbox 3211 4088 3271 4124; x_wconf 88' lang='grc' dir='ltr'><strong>τε</strong></span> <span class='ocrx_word' id='word_1_763' title='bbox 3308 4070 3404 4124; x_wconf 73' lang='grc' dir='ltr'><strong>καὶ</strong></span> <span class='ocrx_word' id='word_1_764' title='bbox 3426 4068 3640 4141; x_wconf 85' lang='grc' dir='ltr'>ἀπηνὴς</span> <span class='ocrx_word' id='word_1_765' title='bbox 3671 4071 3733 4121; x_wconf 78' lang='grc' dir='ltr'>οὐ</span> 
     </span>
    </p>
   </div>
   <div class='ocr_carea' id='block_1_101' title="bbox 2164 4159 3734 4234">
    <p class='ocr_par' dir='ltr' id='par_1_101' title="bbox 2164 4159 3734 4234">
     <span class='ocr_line' id='line_1_101' title="bbox 2164 4159 3734 4234; baseline -0.004 -16"><span class='ocrx_word' id='word_1_766' title='bbox 2164 4163 2627 4234; x_wconf 86' lang='grc' dir='ltr'>κατοικτείρεσθαι</span> <span class='ocrx_word' id='word_1_767' title='bbox 2656 4162 2853 4233; x_wconf 83' lang='grc' dir='ltr'>μᾶλλον</span> <span class='ocrx_word' id='word_1_768' title='bbox 2884 4161 3215 4233; x_wconf 86' lang='grc' dir='ltr'>παρακαλῶν</span> <span class='ocrx_word' id='word_1_769' title='bbox 3250 4162 3379 4224; x_wconf 82' lang='grc' dir='ltr'>τοὺς</span> <span class='ocrx_word' id='word_1_770' title='bbox 3420 4159 3734 4233; x_wconf 82' lang='grc' dir='ltr'>ἡμαρτηκό-</span> 
     </span>
    </p>
   </div>
   <div class='ocr_carea' id='block_1_102' title="bbox 2163 4245 3734 4323">
    <p class='ocr_par' dir='ltr' id='par_1_102' title="bbox 2163 4245 3734 4323">
     <span class='ocr_line' id='line_1_102' title="bbox 2163 4245 3734 4323; baseline -0.006 -14"><span class='ocrx_word' id='word_1_771' title='bbox 2163 4272 2287 4318; x_wconf 84' lang='grc' dir='ltr'>τας,</span> <span class='ocrx_word' id='word_1_772' title='bbox 2323 4254 2440 4307; x_wconf 86' lang='grc' dir='ltr'>ἀλλ’</span> <span class='ocrx_word' id='word_1_773' title='bbox 2469 4257 2527 4307; x_wconf 87' lang='grc' dir='ltr'><strong>ἐν</strong></span> <span class='ocrx_word' id='word_1_774' title='bbox 2567 4253 2743 4323; x_wconf 73' lang='grc' dir='ltr'>θλίψει</span> <span class='ocrx_word' id='word_1_775' title='bbox 2783 4253 3033 4322; x_wconf 82' lang='grc' dir='ltr'>γενέσθαι</span> <span class='ocrx_word' id='word_1_776' title='bbox 3063 4252 3159 4309; x_wconf 74' lang='grc' dir='ltr'><strong>καὶ</strong></span> <span class='ocrx_word' id='word_1_777' title='bbox 3185 4254 3393 4315; x_wconf 90' lang='grc' dir='ltr'>κακοῖς,</span> <span class='ocrx_word' id='word_1_778' title='bbox 3436 4245 3734 4322; x_wconf 72' lang='grc' dir='ltr'>ἐπήνεγκεν</span> 
     </span>
    </p>
   </div>
   <div class='ocr_carea' id='block_1_103' title="bbox 2165 4342 3734 4415">
    <p class='ocr_par' dir='ltr' id='par_1_103' title="bbox 2165 4342 3734 4415">
     <span class='ocr_line' id='line_1_103' title="bbox 2165 4342 3734 4415; baseline -0.004 -13"><span class='ocrx_word' id='word_1_779' title='bbox 2165 4345 2475 4415; x_wconf 80' lang='grc' dir='ltr'>ἀναγκαίως</span> <span class='ocrx_word' id='word_1_780' title='bbox 2502 4346 2562 4399; x_wconf 86' lang='grc' dir='ltr'><strong>τὸ</strong></span> <span class='ocrx_word' id='word_1_781' title='bbox 2588 4346 2830 4414; x_wconf 81' lang='grc' dir='ltr'>πεφυκὸς</span> <span class='ocrx_word' id='word_1_782' title='bbox 2864 4345 3033 4398; x_wconf 75' lang='grc' dir='ltr'>ἅπασι</span> <span class='ocrx_word' id='word_1_783' title='bbox 3057 4344 3396 4410; x_wconf 57' lang='grc' dir='ltr'>συμβαίνειν,</span> <span class='ocrx_word' id='word_1_784' title='bbox 3423 4361 3496 4414; x_wconf 90' lang='grc' dir='ltr'><strong>φη</strong></span> <span class='ocrx_word' id='word_1_785' title='bbox 3506 4343 3566 4414; x_wconf 76' lang='grc' dir='ltr'><strong>μὶ</strong></span> <span class='ocrx_word' id='word_1_786' title='bbox 3593 4343 3650 4396; x_wconf 82' lang='grc' dir='ltr'>δὲ</span> <span class='ocrx_word' id='word_1_787' title='bbox 3674 4342 3734 4395; x_wconf 73' lang='grc' dir='ltr'><strong>τὸ</strong></span> 
     </span>
    </p>
   </div>
   <div class='ocr_carea' id='block_1_104' title="bbox 2166 4429 3734 4505">
    <p class='ocr_par' dir='ltr' id='par_1_104' title="bbox 2166 4429 3734 4505">
     <span class='ocr_line' id='line_1_104' title="bbox 2166 4429 3734 4505; baseline -0.004 -17"><span class='ocrx_word' id='word_1_788' title='bbox 2166 4437 2222 4488; x_wconf 81' lang='grc' dir='ltr'><strong>ἐν</strong></span> <span class='ocrx_word' id='word_1_789' title='bbox 2250 4435 2424 4505; x_wconf 82' lang='grc' dir='ltr'>θλίψει</span> <span class='ocrx_word' id='word_1_790' title='bbox 2443 4435 2538 4488; x_wconf 83' lang='grc' dir='ltr'>καί.</span> <span class='ocrx_word' id='word_1_791' title='bbox 2556 4434 2818 4502; x_wconf 83' lang='grc' dir='ltr'>ἀνάγκαις</span> <span class='ocrx_word' id='word_1_792' title='bbox 2841 4430 3241 4503; x_wconf 81' lang='grc' dir='ltr'>διαμεμνῆσθαι</span> <span class='ocrx_word' id='word_1_793' title='bbox 3260 4430 3431 4501; x_wconf 83' lang='grc' dir='ltr'>φιλεῖν</span> <span class='ocrx_word' id='word_1_794' title='bbox 3449 4429 3542 4482; x_wconf 84' lang='grc' dir='ltr'><strong>τοῦ</strong></span> <span class='ocrx_word' id='word_1_795' title='bbox 3560 4429 3734 4483; x_wconf 80' lang='grc' dir='ltr'>πάντα</span> 
     </span>
    </p>
   </div>
   <div class='ocr_carea' id='block_1_105' title="bbox 2169 4520 3735 4597">
    <p class='ocr_par' dir='ltr' id='par_1_105' title="bbox 2169 4520 3735 4597">
     <span class='ocr_line' id='line_1_105' title="bbox 2169 4520 3735 4597; baseline -0.006 -16"><span class='ocrx_word' id='word_1_796' title='bbox 2169 4527 2439 4597; x_wconf 76' lang='grc' dir='ltr'>ἰσχύοντος</span> <span class='ocrx_word' id='word_1_797' title='bbox 2479 4526 2634 4580; x_wconf 83' lang='grc' dir='ltr'>Θεοῦ.</span> <span class='ocrx_word' id='word_1_798' title='bbox 2690 4525 2763 4578; x_wconf 83' lang='grc' dir='ltr'><strong>Τὸ</strong></span> <span class='ocrx_word' id='word_1_799' title='bbox 2817 4525 2914 4595; x_wconf 86' lang='grc' dir='ltr'><strong>μὲν</strong></span> <span class='ocrx_word' id='word_1_800' title='bbox 2946 4524 3056 4595; x_wconf 76' lang='grc' dir='ltr'><strong>γὰρ</strong></span> <span class='ocrx_word' id='word_1_801' title='bbox 3087 4524 3186 4595; x_wconf 81' lang='grc' dir='ltr'>τῆς</span> <span class='ocrx_word' id='word_1_802' title='bbox 3217 4521 3483 4592; x_wconf 82' lang='grc' dir='ltr'>εὐθυμίας</span> <span class='ocrx_word' id='word_1_803' title='bbox 3535 4520 3735 4582; x_wconf 82' lang='grc' dir='ltr'>πλάτος</span> 
     </span>
    </p>
   </div>
   <div class='ocr_carea' id='block_1_106' title="bbox 2166 4612 3735 4690">
    <p class='ocr_par' dir='ltr' id='par_1_106' title="bbox 2166 4612 3735 4690">
     <span class='ocr_line' id='line_1_106' title="bbox 2166 4612 3735 4690; baseline -0.006 -16"><span class='ocrx_word' id='word_1_804' title='bbox 2166 4621 2377 4690; x_wconf 85' lang='grc' dir='ltr'>ἀνίησιν</span> <span class='ocrx_word' id='word_1_805' title='bbox 2414 4619 2524 4671; x_wconf 83' lang='grc' dir='ltr'>ἔσθ’</span> <span class='ocrx_word' id='word_1_806' title='bbox 2552 4620 2641 4671; x_wconf 83' lang='grc' dir='ltr'>ὅτε</span> <span class='ocrx_word' id='word_1_807' title='bbox 2670 4616 2807 4688; x_wconf 84' lang='grc' dir='ltr'>πρὸς</span> <span class='ocrx_word' id='word_1_808' title='bbox 2840 4616 3247 4687; x_wconf 82' lang='grc' dir='ltr'>καταφρόνησιν</span> <span class='ocrx_word' id='word_1_809' title='bbox 3267 4654 3286 4679; x_wconf 89' lang='grc'><strong>,</strong></span> <span class='ocrx_word' id='word_1_810' title='bbox 3336 4614 3430 4667; x_wconf 78' lang='grc' dir='ltr'>καί.</span> <span class='ocrx_word' id='word_1_811' title='bbox 3460 4612 3574 4666; x_wconf 79' lang='grc' dir='ltr'>οὐδ’</span> <span class='ocrx_word' id='word_1_812' title='bbox 3615 4614 3735 4665; x_wconf 70' lang='grc' dir='ltr'>ὅσον</span> 
     </span>
    </p>
   </div>
   <div class='ocr_carea' id='block_1_107' title="bbox 2168 4704 3735 4778">
    <p class='ocr_par' dir='ltr' id='par_1_107' title="bbox 2168 4704 3735 4778">
     <span class='ocr_line' id='line_1_107' title="bbox 2168 4704 3735 4778; baseline -0.005 -15"><span class='ocrx_word' id='word_1_813' title='bbox 2168 4713 2342 4764; x_wconf 85' lang='grc' dir='ltr'>εἰπεῖν</span> <span class='ocrx_word' id='word_1_814' title='bbox 2382 4708 2735 4764; x_wconf 83' lang='grc' dir='ltr'>αἰσθάνεσθαι</span> <span class='ocrx_word' id='word_1_815' title='bbox 2785 4708 2894 4761; x_wconf 88' lang='grc' dir='ltr'><strong>τῶν</strong></span> <span class='ocrx_word' id='word_1_816' title='bbox 2937 4705 3425 4778; x_wconf 81' lang='grc' dir='ltr'>πλημμελημάτων</span> <span class='ocrx_word' id='word_1_817' title='bbox 3452 4704 3648 4766; x_wconf 78' lang='grc' dir='ltr'>αὐτοὺς</span> <span class='ocrx_word' id='word_1_818' title='bbox 3674 4704 3735 4755; x_wconf 79' lang='grc' dir='ltr'><strong>ἐκ</strong></span> 
     </span>
    </p>
   </div>
   <div class='ocr_carea' id='block_1_108' title="bbox 2169 4794 3734 4872">
    <p class='ocr_par' dir='ltr' id='par_1_108' title="bbox 2169 4794 3734 4872">
     <span class='ocr_line' id='line_1_108' title="bbox 2169 4794 3734 4872; baseline -0.006 -17"><span class='ocrx_word' id='word_1_819' title='bbox 2169 4802 2369 4872; x_wconf 82' lang='grc' dir='ltr'>πολλῆς</span> <span class='ocrx_word' id='word_1_820' title='bbox 2395 4802 2536 4869; x_wconf 85' lang='grc' dir='ltr'>ἄγαν</span> <span class='ocrx_word' id='word_1_821' title='bbox 2563 4798 2835 4870; x_wconf 75' lang='grc' dir='ltr'>ῥᾳθυμίας</span> <span class='ocrx_word' id='word_1_822' title='bbox 2868 4800 2947 4862; x_wconf 85' lang='grc' dir='ltr'><strong>είς</strong></span> <span class='ocrx_word' id='word_1_823' title='bbox 2978 4798 3137 4851; x_wconf 76' lang='grc' dir='ltr'>τοῦτο</span> <span class='ocrx_word' id='word_1_824' title='bbox 3163 4796 3388 4868; x_wconf 78' lang='grc' dir='ltr'>γνώμης</span> <span class='ocrx_word' id='word_1_825' title='bbox 3414 4794 3734 4863; x_wconf 78' lang='grc' dir='ltr'>κατολισθή-</span> 
     </span>
    </p>
   </div>
   <div class='ocr_carea' id='block_1_109' title="bbox 2167 4883 3735 4960">
    <p class='ocr_par' dir='ltr' id='par_1_109' title="bbox 2167 4883 3735 4960">
     <span class='ocr_line' id='line_1_109' title="bbox 2167 4883 3735 4960; baseline -0.006 -14"><span class='ocrx_word' id='word_1_826' title='bbox 2167 4910 2384 4956; x_wconf 84' lang='grc' dir='ltr'>σαντας.</span> <span class='ocrx_word' id='word_1_827' title='bbox 2416 4890 2735 4944; x_wconf 81' lang='grc' dir='ltr'>Συνελαύνει</span> <span class='ocrx_word' id='word_1_828' title='bbox 2762 4890 2819 4943; x_wconf 86' lang='grc' dir='ltr'><strong>δέ</strong></span> <span class='ocrx_word' id='word_1_829' title='bbox 2842 4889 3030 4960; x_wconf 81' lang='grc' dir='ltr'>ὥσπερ</span> <span class='ocrx_word' id='word_1_830' title='bbox 3049 4891 3083 4955; x_wconf 81' lang='grc' dir='ltr'><strong>ἡ</strong></span> <span class='ocrx_word' id='word_1_831' title='bbox 3108 4887 3285 4956; x_wconf 73' lang='grc' dir='ltr'>θλίψις</span> <span class='ocrx_word' id='word_1_832' title='bbox 3307 4887 3444 4959; x_wconf 84' lang='grc' dir='ltr'>πρὸς</span> <span class='ocrx_word' id='word_1_833' title='bbox 3466 4886 3621 4950; x_wconf 80' lang='grc' dir='ltr'>Θεὸν,</span> <span class='ocrx_word' id='word_1_834' title='bbox 3646 4883 3735 4938; x_wconf 70' lang='grc' dir='ltr'><strong>καί</strong></span> 
     </span>
    </p>
   </div>
   <div class='ocr_carea' id='block_1_110' title="bbox 2166 4974 3737 5054">
    <p class='ocr_par' dir='ltr' id='par_1_110' title="bbox 2166 4974 3737 5054">
     <span class='ocr_line' id='line_1_110' title="bbox 2166 4974 3737 5054; baseline -0.008 -16"><span class='ocrx_word' id='word_1_835' title='bbox 2166 4986 2247 5048; x_wconf 89' lang='grc' dir='ltr'><strong>εἰς</strong></span> <span class='ocrx_word' id='word_1_836' title='bbox 2277 4985 2569 5051; x_wconf 76' lang='grc' dir='ltr'>ἐπίγνωσιν</span> <span class='ocrx_word' id='word_1_837' title='bbox 2606 4982 2871 5054; x_wconf 81' lang='grc' dir='ltr'>ἀναφέρει</span> <span class='ocrx_word' id='word_1_838' title='bbox 2908 4981 3017 5035; x_wconf 88' lang='grc' dir='ltr'><strong>τῶν</strong></span> <span class='ocrx_word' id='word_1_839' title='bbox 3054 4979 3503 5048; x_wconf 83' lang='grc' dir='ltr'>διεπταισμένων.</span> <span class='ocrx_word' id='word_1_840' title='bbox 3532 4974 3737 5031; x_wconf 83' lang='grc' dir='ltr'>Οὐκοῦν</span> 
     </span>
    </p>
   </div>
   <div class='ocr_carea' id='block_1_111' title="bbox 2167 5067 3737 5146">
    <p class='ocr_par' dir='ltr' id='par_1_111' title="bbox 2167 5067 3737 5146">
     <span class='ocr_line' id='line_1_111' title="bbox 2167 5067 3737 5146; baseline -0.006 -16"><span class='ocrx_word' id='word_1_841' title='bbox 2167 5076 2368 5146; x_wconf 85' lang='grc' dir='ltr'>ταύτης</span> <span class='ocrx_word' id='word_1_842' title='bbox 2396 5076 2556 5129; x_wconf 73' lang='grc' dir='ltr'>ἕνεκα</span> <span class='ocrx_word' id='word_1_843' title='bbox 2575 5075 2675 5143; x_wconf 84' lang='grc' dir='ltr'><strong>τῆς</strong></span> <span class='ocrx_word' id='word_1_844' title='bbox 2697 5075 2893 5137; x_wconf 82' lang='grc' dir='ltr'>αἰτίας,</span> <span class='ocrx_word' id='word_1_845' title='bbox 2924 5074 3085 5144; x_wconf 73' lang='grc' dir='ltr'>φησὶν</span> <span class='ocrx_word' id='word_1_846' title='bbox 3105 5112 3119 5134; x_wconf 94' lang='grc'><strong>,</strong></span> <span class='ocrx_word' id='word_1_847' title='bbox 3165 5072 3302 5142; x_wconf 75' lang='grc' dir='ltr'>ἔφην</span> <span class='ocrx_word' id='word_1_848' title='bbox 3353 5071 3435 5123; x_wconf 83' lang='grc' dir='ltr'>ὅτι</span> <span class='ocrx_word' id='word_1_849' title='bbox 3458 5110 3473 5133; x_wconf 92' lang='grc'><strong>,</strong></span> <span class='ocrx_word' id='word_1_850' title='bbox 3502 5067 3737 5137; x_wconf 89' lang='grc' dir='ltr'>Πρόσθες</span> 
     </span>
    </p>
   </div>
   <div class='ocr_carea' id='block_1_112' title="bbox 2168 5158 3737 5235">
    <p class='ocr_par' dir='ltr' id='par_1_112' title="bbox 2168 5158 3737 5235">
     <span class='ocr_line' id='line_1_112' title="bbox 2168 5158 3737 5235; baseline -0.006 -16"><span class='ocrx_word' id='word_1_851' title='bbox 2168 5165 2314 5220; x_wconf 86' lang='grc' dir='ltr'><strong>κακά</strong></span> <span class='ocrx_word' id='word_1_852' title='bbox 2357 5168 2469 5229; x_wconf 84' lang='grc' dir='ltr'>τοῖς</span> <span class='ocrx_word' id='word_1_853' title='bbox 2540 5163 2769 5229; x_wconf 79' lang='grc' dir='ltr'>ἐνδόξοις</span> <span class='ocrx_word' id='word_1_854' title='bbox 2815 5167 2915 5235; x_wconf 80' lang='grc' dir='ltr'><strong>τῆς</strong></span> <span class='ocrx_word' id='word_1_855' title='bbox 2965 5164 3088 5235; x_wconf 85' lang='grc' dir='ltr'>γῆς,</span> <span class='ocrx_word' id='word_1_856' title='bbox 3147 5162 3378 5231; x_wconf 86' lang='grc' dir='ltr'>ἐπείπερ</span> <span class='ocrx_word' id='word_1_857' title='bbox 3418 5159 3535 5214; x_wconf 80' lang='grc' dir='ltr'><strong>ἐστί</strong></span> <span class='ocrx_word' id='word_1_858' title='bbox 3565 5158 3737 5213; x_wconf 64' lang='grc' dir='ltr'>κοινὸν</span> 
     </span>
    </p>
   </div>
   <div class='ocr_carea' id='block_1_113' title="bbox 2172 5253 3737 5327">
    <p class='ocr_par' dir='ltr' id='par_1_113' title="bbox 2172 5253 3737 5327">
     <span class='ocr_line' id='line_1_113' title="bbox 2172 5253 3737 5327; baseline -0.004 -15"><span class='ocrx_word' id='word_1_859' title='bbox 2172 5260 2342 5312; x_wconf 76' lang='grc' dir='ltr'>ἅπασι</span> <span class='ocrx_word' id='word_1_860' title='bbox 2366 5257 2486 5309; x_wconf 90' lang='grc' dir='ltr'>τότε</span> <span class='ocrx_word' id='word_1_861' title='bbox 2513 5258 2577 5327; x_wconf 82' lang='grc' dir='ltr'>δὴ</span> <span class='ocrx_word' id='word_1_862' title='bbox 2608 5256 2841 5327; x_wconf 86' lang='grc' dir='ltr'>μάλιστά</span> <span class='ocrx_word' id='word_1_863' title='bbox 2864 5274 2924 5309; x_wconf 85' lang='grc' dir='ltr'><strong>σε</strong></span> <span class='ocrx_word' id='word_1_864' title='bbox 2953 5254 3222 5308; x_wconf 85' lang='grc' dir='ltr'>ποιεῖσθαι</span> <span class='ocrx_word' id='word_1_865' title='bbox 3252 5254 3341 5311; x_wconf 78' lang='grc' dir='ltr'>διὰ</span> <span class='ocrx_word' id='word_1_866' title='bbox 3381 5254 3621 5324; x_wconf 86' lang='grc' dir='ltr'>μνήμης,</span> <span class='ocrx_word' id='word_1_867' title='bbox 3651 5253 3737 5305; x_wconf 61' lang='grc' dir='ltr'>καὶ</span> 
     </span>
    </p>
   </div>
   <div class='ocr_carea' id='block_1_114' title="bbox 2172 5347 3736 5419">
    <p class='ocr_par' dir='ltr' id='par_1_114' title="bbox 2172 5347 3736 5419">
     <span class='ocr_line' id='line_1_114' title="bbox 2172 5347 3736 5419; baseline -0.004 -16"><span class='ocrx_word' id='word_1_868' title='bbox 2172 5349 2239 5403; x_wconf 82' lang='grc' dir='ltr'>τὰ</span> <span class='ocrx_word' id='word_1_869' title='bbox 2266 5349 2335 5403; x_wconf 81' lang='grc' dir='ltr'><strong>σά</strong></span> <span class='ocrx_word' id='word_1_870' title='bbox 2359 5347 2725 5419; x_wconf 82' lang='grc' dir='ltr'>βουλεύεσθαι,</span> <span class='ocrx_word' id='word_1_871' title='bbox 2753 5349 2845 5403; x_wconf 76' lang='grc' dir='ltr'><strong>καὶ</strong></span> <span class='ocrx_word' id='word_1_872' title='bbox 2873 5352 3110 5418; x_wconf 86' lang='grc' dir='ltr'>φρονεῖν,</span> <span class='ocrx_word' id='word_1_873' title='bbox 3137 5347 3264 5400; x_wconf 82' lang='grc' dir='ltr'>ὅταν</span> <span class='ocrx_word' id='word_1_874' title='bbox 3297 5347 3601 5417; x_wconf 86' lang='grc' dir='ltr'>συμφοραῖς</span> <span class='ocrx_word' id='word_1_875' title='bbox 3629 5360 3736 5398; x_wconf 86' lang='grc' dir='ltr'>κοι-</span> 
     </span>
    </p>
   </div>
   <div class='ocr_carea' id='block_1_115' title="bbox 2166 5434 3737 5515">
    <p class='ocr_par' dir='ltr' id='par_1_115' title="bbox 2166 5434 3737 5515">
     <span class='ocr_line' id='line_1_115' title="bbox 2166 5434 3737 5515; baseline -0.006 -18"><span class='ocrx_word' id='word_1_876' title='bbox 2166 5443 2500 5515; x_wconf 86' lang='grc' dir='ltr'>νωνήσωσιν.</span> <span class='ocrx_word' id='word_1_877' title='bbox 2535 5442 2624 5497; x_wconf 85' lang='grc' dir='ltr'>Ἐν</span> <span class='ocrx_word' id='word_1_878' title='bbox 2654 5441 2763 5511; x_wconf 85' lang='grc' dir='ltr'><strong>γὰρ</strong></span> <span class='ocrx_word' id='word_1_879' title='bbox 2794 5441 2969 5510; x_wconf 82' lang='grc' dir='ltr'>θλίψει</span> <span class='ocrx_word' id='word_1_880' title='bbox 3004 5441 3176 5513; x_wconf 80' lang='grc' dir='ltr'>μικρᾷ</span> <span class='ocrx_word' id='word_1_881' title='bbox 3212 5437 3609 5509; x_wconf 79' lang='grc' dir='ltr'>παιδευόμεθα,</span> <span class='ocrx_word' id='word_1_882' title='bbox 3646 5434 3737 5488; x_wconf 73' lang='grc' dir='ltr'>οὐ)</span> 
     </span>
    </p>
   </div>
   <div class='ocr_carea' id='block_1_116' title="bbox 2168 5528 3738 5605">
    <p class='ocr_par' dir='ltr' id='par_1_116' title="bbox 2168 5528 3738 5605">
     <span class='ocr_line' id='line_1_116' title="bbox 2168 5528 3738 5605; baseline -0.006 -19"><span class='ocrx_word' id='word_1_883' title='bbox 2168 5532 2407 5605; x_wconf 88' lang='grc' dir='ltr'>ἄκρατον</span> <span class='ocrx_word' id='word_1_884' title='bbox 2433 5533 2554 5586; x_wconf 83' lang='grc' dir='ltr'><strong>οὑδέ</strong></span> <span class='ocrx_word' id='word_1_885' title='bbox 2576 5534 2656 5596; x_wconf 87' lang='grc' dir='ltr'>εἰς</span> <span class='ocrx_word' id='word_1_886' title='bbox 2692 5533 2836 5586; x_wconf 78' lang='grc' dir='ltr'>ἅπαν</span> <span class='ocrx_word' id='word_1_887' title='bbox 2866 5532 3053 5603; x_wconf 84' lang='grc' dir='ltr'>ἀπηνῆ</span> <span class='ocrx_word' id='word_1_888' title='bbox 3090 5531 3188 5601; x_wconf 86' lang='grc' dir='ltr'>τὴν</span> <span class='ocrx_word' id='word_1_889' title='bbox 3218 5530 3488 5601; x_wconf 79' lang='grc' dir='ltr'>τιμωρίαν</span> <span class='ocrx_word' id='word_1_890' title='bbox 3512 5528 3738 5593; x_wconf 84' lang='grc' dir='ltr'>ἐπάγον-</span> 
     </span>
    </p>
   </div>
   <div class='ocr_carea' id='block_1_117' title="bbox 2170 5619 3739 5695">
    <p class='ocr_par' dir='ltr' id='par_1_117' title="bbox 2170 5619 3739 5695">
     <span class='ocr_line' id='line_1_117' title="bbox 2170 5619 3739 5695; baseline -0.007 -17"><span class='ocrx_word' id='word_1_891' title='bbox 2170 5641 2260 5689; x_wconf 86' lang='grc' dir='ltr'><strong>τος</strong></span> <span class='ocrx_word' id='word_1_892' title='bbox 2293 5624 2384 5678; x_wconf 82' lang='grc' dir='ltr'>τοῦ</span> <span class='ocrx_word' id='word_1_893' title='bbox 2422 5624 2580 5690; x_wconf 82' lang='grc' dir='ltr'>Θεοῦ,</span> <span class='ocrx_word' id='word_1_894' title='bbox 2637 5622 3098 5695; x_wconf 83' lang='grc' dir='ltr'>συγκεραννύντος</span> <span class='ocrx_word' id='word_1_895' title='bbox 3142 5623 3199 5676; x_wconf 85' lang='grc' dir='ltr'><strong>δὲ</strong></span> <span class='ocrx_word' id='word_1_896' title='bbox 3228 5620 3427 5694; x_wconf 82' lang='grc' dir='ltr'>μᾶλλον</span> <span class='ocrx_word' id='word_1_897' title='bbox 3452 5619 3739 5691; x_wconf 79' lang='grc' dir='ltr'>ἡμερότητι</span> 
     </span>
    </p>
   </div>
  </div>
