  <div class='ocr_page' id='page_1' title='image "/cluster/home/n/w/nwhite01/storage/ocr_20150623/70/nnc1.0046980253/310.png"; bbox 0 0 4162 6392; ppageno 0'>
   <div class='ocr_carea' id='block_1_1' title="bbox 397 420 504 477">
    <p class='ocr_par' dir='ltr' id='par_1_1' title="bbox 397 420 504 477">
     <span class='ocr_line' id='line_1_1' title="bbox 397 420 504 477; baseline 0 0"><span class='ocrx_word' id='word_1_1' title='bbox 397 420 504 477; x_wconf 80' lang='lat'><strong>585</strong></span> 
     </span>
    </p>
   </div>
   <div class='ocr_carea' id='block_1_2' title="bbox 1552 415 2545 474">
    <p class='ocr_par' dir='ltr' id='par_1_2' title="bbox 1552 415 2545 474">
     <span class='ocr_line' id='line_1_2' title="bbox 1552 415 2545 474; baseline -0.001 -1"><span class='ocrx_word' id='word_1_2' title='bbox 1552 417 1621 473; x_wconf 81' lang='lat' dir='ltr'><strong>IN</strong></span> <span class='ocrx_word' id='word_1_3' title='bbox 1658 415 1888 472; x_wconf 78' lang='lat' dir='ltr'><strong>ISAIAM</strong></span> <span class='ocrx_word' id='word_1_4' title='bbox 1931 415 2062 472; x_wconf 85' lang='lat' dir='ltr'><strong>LIB.</strong></span> <span class='ocrx_word' id='word_1_5' title='bbox 2098 416 2188 472; x_wconf 89' lang='lat' dir='ltr'><strong>Ill.</strong></span> <span class='ocrx_word' id='word_1_6' title='bbox 2231 415 2467 474; x_wconf 82' lang='lat' dir='ltr'><strong>TOMUS</strong></span> <span class='ocrx_word' id='word_1_7' title='bbox 2505 419 2545 473; x_wconf 83' lang='lat' dir='ltr'><strong>l&#39;.</strong></span> 
     </span>
    </p>
   </div>
   <div class='ocr_carea' id='block_1_3' title="bbox 3547 431 3649 488">
    <p class='ocr_par' dir='ltr' id='par_1_3' title="bbox 3547 431 3649 488">
     <span class='ocr_line' id='line_1_3' title="bbox 3547 431 3649 488; baseline -0.01 0"><span class='ocrx_word' id='word_1_8' title='bbox 3547 431 3649 488; x_wconf 74' lang='lat'><strong>586</strong></span> 
     </span>
    </p>
   </div>
   <div class='ocr_carea' id='block_1_4' title="bbox 392 533 1956 610">
    <p class='ocr_par' dir='ltr' id='par_1_4' title="bbox 392 533 1951 610">
     <span class='ocr_line' id='line_1_4' title="bbox 392 533 1951 610; baseline -0.002 -17"><span class='ocrx_word' id='word_1_9' title='bbox 392 542 494 609; x_wconf 81' lang='grc' dir='ltr'><strong>τὴν</strong></span> <span class='ocrx_word' id='word_1_10' title='bbox 523 539 710 610; x_wconf 84' lang='grc' dir='ltr'>ὀργήν.</span> <span class='ocrx_word' id='word_1_11' title='bbox 746 536 955 591; x_wconf 82' lang='grc' dir='ltr'>Οὐκοῦν</span> <span class='ocrx_word' id='word_1_12' title='bbox 988 537 1048 590; x_wconf 80' lang='grc' dir='ltr'>οὐ</span> <span class='ocrx_word' id='word_1_13' title='bbox 1087 537 1368 608; x_wconf 75' lang='grc' dir='ltr'><strong>μισοῦντος</strong></span> <span class='ocrx_word' id='word_1_14' title='bbox 1397 533 1465 608; x_wconf 84' lang='grc' dir='ltr'>ἦν</span> <span class='ocrx_word' id='word_1_15' title='bbox 1497 540 1623 602; x_wconf 81' lang='grc' dir='ltr'>τοὺς</span> <span class='ocrx_word' id='word_1_16' title='bbox 1661 539 1951 610; x_wconf 81' lang='grc' dir='ltr'>ήμαρτηκό</span> 
     </span>
    </p>
   </div>
   <div class='ocr_carea' id='block_1_5' title="bbox 2061 533 3649 610">
    <p class='ocr_par' dir='ltr' id='par_1_5' title="bbox 2078 540 3649 610">
     <span class='ocr_line' id='line_1_5' title="bbox 2078 540 3649 610; baseline 0.008 -20"><span class='ocrx_word' id='word_1_17' title='bbox 2078 553 2171 591; x_wconf 89' lang='lat' dir='ltr'><strong>eos</strong></span> <span class='ocrx_word' id='word_1_18' title='bbox 2194 540 2287 608; x_wconf 90' lang='lat' dir='ltr'><strong>qui</strong></span> <span class='ocrx_word' id='word_1_19' title='bbox 2322 545 2636 608; x_wconf 87' lang='lat' dir='ltr'><strong>peccarunt,</strong></span> <span class='ocrx_word' id='word_1_20' title='bbox 2661 553 2854 610; x_wconf 85' lang='lat' dir='ltr'><strong>rogare</strong></span> <span class='ocrx_word' id='word_1_21' title='bbox 2887 548 2947 595; x_wconf 92' lang='lat' dir='ltr'><strong>ut</strong></span> <span class='ocrx_word' id='word_1_22' title='bbox 2983 540 3090 596; x_wconf 87' lang='lat' dir='ltr'><strong>illis</strong></span> <span class='ocrx_word' id='word_1_23' title='bbox 3121 541 3465 602; x_wconf 83' lang='lat' dir='ltr'><strong>alliictionem</strong></span> <span class='ocrx_word' id='word_1_24' title='bbox 3493 547 3649 604; x_wconf 86' lang='lat' dir='ltr'><strong>indu-</strong></span> 
     </span>
    </p>
   </div>
   <div class='ocr_carea' id='block_1_6' title="bbox 391 631 1973 700">
    <p class='ocr_par' dir='ltr' id='par_1_6' title="bbox 391 631 1973 700">
     <span class='ocr_line' id='line_1_6' title="bbox 391 631 1973 700; baseline -0.003 -13"><span class='ocrx_word' id='word_1_25' title='bbox 391 651 492 696; x_wconf 87' lang='grc' dir='ltr'><strong>τας</strong></span> <span class='ocrx_word' id='word_1_26' title='bbox 534 632 596 684; x_wconf 86' lang='grc' dir='ltr'><strong>τὸ</strong></span> <span class='ocrx_word' id='word_1_27' title='bbox 642 631 820 700; x_wconf 68' lang='grc' dir='ltr'>θλίψιν</span> <span class='ocrx_word' id='word_1_28' title='bbox 866 631 1166 700; x_wconf 78' lang='grc' dir='ltr'><strong>ἐπάγεσθαι</strong></span> <span class='ocrx_word' id='word_1_29' title='bbox 1216 631 1550 700; x_wconf 81' lang='grc' dir='ltr'><strong>παρακαλεῖν</strong></span> <span class='ocrx_word' id='word_1_30' title='bbox 1596 633 1802 694; x_wconf 74' lang='grc' dir='ltr'>αὐτοῖς,</span> <span class='ocrx_word' id='word_1_31' title='bbox 1837 633 1973 698; x_wconf 86' lang='grc' dir='ltr'>ἀγα-</span> 
     </span>
    </p>
   </div>
   <div class='ocr_carea' id='block_1_7' title="bbox 392 723 1972 794">
    <p class='ocr_par' dir='ltr' id='par_1_7' title="bbox 392 723 1972 794">
     <span class='ocr_line' id='line_1_7' title="bbox 392 723 1972 794; baseline -0.001 -17"><span class='ocrx_word' id='word_1_32' title='bbox 392 726 603 788; x_wconf 81' lang='grc' dir='ltr'>πῶντος</span> <span class='ocrx_word' id='word_1_33' title='bbox 638 725 694 777; x_wconf 79' lang='grc' dir='ltr'><strong>δὲ</strong></span> <span class='ocrx_word' id='word_1_34' title='bbox 743 725 943 794; x_wconf 83' lang='grc' dir='ltr'>μᾶλλον</span> <span class='ocrx_word' id='word_1_35' title='bbox 991 726 1085 778; x_wconf 71' lang='grc' dir='ltr'><strong>καὶ</strong></span> <span class='ocrx_word' id='word_1_36' title='bbox 1136 723 1491 777; x_wconf 81' lang='grc' dir='ltr'>παιδεύεσθαι</span> <span class='ocrx_word' id='word_1_37' title='bbox 1531 723 1972 792; x_wconf 78' lang='grc' dir='ltr'><strong>παρακαλοῦντος</strong></span> 
     </span>
    </p>
   </div>
   <div class='ocr_carea' id='block_1_8' title="bbox 390 815 1970 887">
    <p class='ocr_par' dir='ltr' id='par_1_8' title="bbox 390 815 1970 887">
     <span class='ocr_line' id='line_1_8' title="bbox 390 815 1970 887; baseline -0.003 -17"><span class='ocrx_word' id='word_1_38' title='bbox 390 816 618 880; x_wconf 79' lang='grc' dir='ltr'>αὐτούς·</span> <span class='ocrx_word' id='word_1_39' title='bbox 657 817 743 870; x_wconf 79' lang='grc' dir='ltr'><strong>ἵνα</strong></span> <span class='ocrx_word' id='word_1_40' title='bbox 784 815 1014 886; x_wconf 76' lang='grc' dir='ltr'>ἐπείπερ</span> <span class='ocrx_word' id='word_1_41' title='bbox 1059 818 1123 869; x_wconf 81' lang='grc' dir='ltr'>ἐκ</span> <span class='ocrx_word' id='word_1_42' title='bbox 1157 816 1536 887; x_wconf 80' lang='grc' dir='ltr'>προαιρέσεως</span> <span class='ocrx_word' id='word_1_43' title='bbox 1585 816 1719 877; x_wconf 83' lang='grc' dir='ltr'>ἰδίας</span> <span class='ocrx_word' id='word_1_44' title='bbox 1760 815 1970 885; x_wconf 76' lang='grc' dir='ltr'>καρπὸν</span> 
     </span>
    </p>
   </div>
   <div class='ocr_carea' id='block_1_9' title="bbox 389 906 1970 979">
    <p class='ocr_par' dir='ltr' id='par_1_9' title="bbox 389 906 1970 979">
     <span class='ocr_line' id='line_1_9' title="bbox 389 906 1970 979; baseline 0 -19"><span class='ocrx_word' id='word_1_45' title='bbox 389 909 489 961; x_wconf 78' lang='grc' dir='ltr'>οὐκ</span> <span class='ocrx_word' id='word_1_46' title='bbox 516 910 783 979; x_wconf 78' lang='grc' dir='ltr'>ἐσχήκασι</span> <span class='ocrx_word' id='word_1_47' title='bbox 813 909 912 978; x_wconf 80' lang='grc' dir='ltr'>τὴν</span> <span class='ocrx_word' id='word_1_48' title='bbox 938 907 1240 969; x_wconf 80' lang='grc' dir='ltr'>εὐσέϐειαν,</span> <span class='ocrx_word' id='word_1_49' title='bbox 1261 906 1362 960; x_wconf 80' lang='grc' dir='ltr'><strong>κᾶν</strong></span> <span class='ocrx_word' id='word_1_50' title='bbox 1391 907 1522 976; x_wconf 87' lang='grc' dir='ltr'>γοῦν</span> <span class='ocrx_word' id='word_1_51' title='bbox 1550 907 1624 970; x_wconf 86' lang='grc' dir='ltr'><strong>ὡς</strong></span> <span class='ocrx_word' id='word_1_52' title='bbox 1647 908 1704 972; x_wconf 79' lang='grc' dir='ltr'>ἐξ</span> <span class='ocrx_word' id='word_1_53' title='bbox 1725 907 1970 976; x_wconf 79' lang='grc' dir='ltr'>ἀνάγκης</span> 
     </span>
    </p>
   </div>
   <div class='ocr_carea' id='block_1_10' title="bbox 391 995 1968 1071">
    <p class='ocr_par' dir='ltr' id='par_1_10' title="bbox 391 995 1968 1071">
     <span class='ocr_line' id='line_1_10' title="bbox 391 995 1968 1071; baseline -0.001 -22"><span class='ocrx_word' id='word_1_54' title='bbox 391 999 805 1071; x_wconf 80' lang='grc' dir='ltr'>περι-τρέποιντο</span> <span class='ocrx_word' id='word_1_55' title='bbox 832 998 968 1066; x_wconf 84' lang='grc' dir='ltr'>πρὸς</span> <span class='ocrx_word' id='word_1_56' title='bbox 999 997 1155 1050; x_wconf 89' lang='grc' dir='ltr'>τοῦτο</span> <span class='ocrx_word' id='word_1_57' title='bbox 1183 999 1280 1066; x_wconf 80' lang='grc' dir='ltr'><strong>τῆς</strong></span> <span class='ocrx_word' id='word_1_58' title='bbox 1311 995 1460 1058; x_wconf 86' lang='grc' dir='ltr'>θείας</span> <span class='ocrx_word' id='word_1_59' title='bbox 1476 995 1645 1066; x_wconf 83' lang='grc' dir='ltr'>ὀργῆς</span> <span class='ocrx_word' id='word_1_60' title='bbox 1667 996 1745 1057; x_wconf 79' lang='grc' dir='ltr'>εἰς</span> <span class='ocrx_word' id='word_1_61' title='bbox 1776 995 1968 1063; x_wconf 74' lang='grc' dir='ltr'>αἴσθη-</span> 
     </span>
    </p>
   </div>
   <div class='ocr_carea' id='block_1_11' title="bbox 393 1081 1968 1157">
    <p class='ocr_par' dir='ltr' id='par_1_11' title="bbox 393 1081 1968 1157">
     <span class='ocr_line' id='line_1_11' title="bbox 393 1081 1968 1157; baseline -0.002 -18"><span class='ocrx_word' id='word_1_62' title='bbox 393 1105 478 1140; x_wconf 89' lang='grc' dir='ltr'><strong>σιν</strong></span> <span class='ocrx_word' id='word_1_63' title='bbox 499 1089 664 1157; x_wconf 88' lang='grc' dir='ltr'>κεκλη</span> <span class='ocrx_word' id='word_1_64' title='bbox 675 1086 1124 1156; x_wconf 83' lang='grc' dir='ltr'>μένοι.Τοιοῦτον,</span> <span class='ocrx_word' id='word_1_65' title='bbox 1144 1081 1316 1154; x_wconf 80' lang='grc' dir='ltr'>οἶμαι,</span> <span class='ocrx_word' id='word_1_66' title='bbox 1341 1085 1456 1137; x_wconf 74' lang='grc' dir='ltr'>ἐστὶ</span> <span class='ocrx_word' id='word_1_67' title='bbox 1496 1085 1556 1138; x_wconf 83' lang='grc' dir='ltr'><strong>τὸ</strong></span> <span class='ocrx_word' id='word_1_68' title='bbox 1571 1085 1657 1137; x_wconf 75' lang='grc' dir='ltr'>διὰ</span> <span class='ocrx_word' id='word_1_69' title='bbox 1674 1086 1855 1154; x_wconf 78' lang='grc' dir='ltr'>φωνῆς</span> <span class='ocrx_word' id='word_1_70' title='bbox 1875 1084 1968 1138; x_wconf 84' lang='grc' dir='ltr'><strong>τοῦ</strong></span> 
     </span>
    </p>
   </div>
   <div class='ocr_carea' id='block_1_12' title="bbox 390 1172 1969 1246">
    <p class='ocr_par' dir='ltr' id='par_1_12' title="bbox 390 1172 1969 1246">
     <span class='ocr_line' id='line_1_12' title="bbox 390 1172 1969 1246; baseline -0.001 -18"><span class='ocrx_word' id='word_1_71' title='bbox 390 1175 555 1228; x_wconf 73' lang='grc' dir='ltr'>Δαϐὶδ</span> <span class='ocrx_word' id='word_1_72' title='bbox 580 1174 755 1246; x_wconf 85' lang='grc' dir='ltr'>ὀρθῶς</span> <span class='ocrx_word' id='word_1_73' title='bbox 786 1175 1072 1244; x_wconf 79' lang='grc' dir='ltr'>εἰρημένον</span> <span class='ocrx_word' id='word_1_74' title='bbox 1094 1191 1107 1204; x_wconf 88' lang='grc'><strong>·</strong></span> <span class='ocrx_word' id='word_1_75' title='bbox 1149 1191 1167 1223; x_wconf 75' lang='grc' dir='ltr'><strong>ι</strong></span> <span class='ocrx_word' id='word_1_76' title='bbox 1204 1174 1290 1225; x_wconf 87' lang='grc' dir='ltr'>Ἐν</span> <span class='ocrx_word' id='word_1_77' title='bbox 1323 1172 1526 1244; x_wconf 79' lang='grc' dir='ltr'>χαλινῷ</span> <span class='ocrx_word' id='word_1_78' title='bbox 1563 1173 1657 1226; x_wconf 75' lang='grc' dir='ltr'><strong>καὶ</strong></span> <span class='ocrx_word' id='word_1_79' title='bbox 1698 1176 1756 1226; x_wconf 78' lang='grc' dir='ltr'><strong>ἐν</strong></span> <span class='ocrx_word' id='word_1_80' title='bbox 1805 1173 1969 1245; x_wconf 85' lang='grc' dir='ltr'>κημῷ</span> 
     </span>
    </p>
   </div>
   <div class='ocr_carea' id='block_1_13' title="bbox 388 1266 1968 1339">
    <p class='ocr_par' dir='ltr' id='par_1_13' title="bbox 388 1266 1968 1339">
     <span class='ocr_line' id='line_1_13' title="bbox 388 1266 1968 1339; baseline 0.003 -21"><span class='ocrx_word' id='word_1_81' title='bbox 388 1267 488 1330; x_wconf 75' lang='grc' dir='ltr'>τὰς</span> <span class='ocrx_word' id='word_1_82' title='bbox 520 1266 780 1334; x_wconf 81' lang='grc' dir='ltr'>σιαγόνας</span> <span class='ocrx_word' id='word_1_83' title='bbox 804 1266 984 1319; x_wconf 86' lang='grc' dir='ltr'>αὐτῶν</span> <span class='ocrx_word' id='word_1_84' title='bbox 1015 1266 1210 1335; x_wconf 84' lang='grc' dir='ltr'>ἄγξαις</span> <span class='ocrx_word' id='word_1_85' title='bbox 1235 1266 1342 1318; x_wconf 87' lang='grc' dir='ltr'><strong>τῶν</strong></span> <span class='ocrx_word' id='word_1_86' title='bbox 1373 1267 1446 1337; x_wconf 86' lang='grc' dir='ltr'>μὴ</span> <span class='ocrx_word' id='word_1_87' title='bbox 1475 1268 1802 1335; x_wconf 81' lang='grc' dir='ltr'>ἐγγιζόντων</span> <span class='ocrx_word' id='word_1_88' title='bbox 1834 1269 1968 1339; x_wconf 83' lang='grc' dir='ltr'>πρὸς</span> 
     </span>
    </p>
   </div>
   <div class='ocr_carea' id='block_1_14' title="bbox 389 1358 1967 1431">
    <p class='ocr_par' dir='ltr' id='par_1_14' title="bbox 389 1358 1967 1431">
     <span class='ocr_line' id='line_1_14' title="bbox 389 1358 1967 1431; baseline 0.002 -21"><span class='ocrx_word' id='word_1_89' title='bbox 389 1359 470 1411; x_wconf 80' lang='grc' dir='ltr'>σέ.</span> <span class='ocrx_word' id='word_1_90' title='bbox 512 1377 532 1407; x_wconf 74' lang='grc' dir='ltr'><strong>ι</strong></span> <span class='ocrx_word' id='word_1_91' title='bbox 581 1358 719 1410; x_wconf 82' lang='grc' dir='ltr'>Ἀλλ’</span> <span class='ocrx_word' id='word_1_92' title='bbox 759 1360 955 1412; x_wconf 77' lang='grc' dir='ltr'>ἐκεῖνοι</span> <span class='ocrx_word' id='word_1_93' title='bbox 1003 1359 1099 1428; x_wconf 82' lang='grc' dir='ltr'><strong>μὲν</strong></span> <span class='ocrx_word' id='word_1_94' title='bbox 1128 1358 1380 1428; x_wconf 83' lang='grc' dir='ltr'>ἀφόρητα</span> <span class='ocrx_word' id='word_1_95' title='bbox 1418 1359 1967 1431; x_wconf 84' lang='grc' dir='ltr'>πεπλημμεληκότες,</span> 
     </span>
    </p>
   </div>
   <div class='ocr_carea' id='block_1_15' title="bbox 385 1446 1965 1521">
    <p class='ocr_par' dir='ltr' id='par_1_15' title="bbox 385 1446 1965 1521">
     <span class='ocr_line' id='line_1_15' title="bbox 385 1446 1965 1521; baseline 0.003 -23"><span class='ocrx_word' id='word_1_96' title='bbox 385 1449 482 1500; x_wconf 77' lang='grc' dir='ltr'><strong>καὶ</strong></span> <span class='ocrx_word' id='word_1_97' title='bbox 505 1449 1008 1518; x_wconf 84' lang='grc' dir='ltr'>ὲμπαροινήσαντες</span> <span class='ocrx_word' id='word_1_98' title='bbox 1053 1447 1129 1517; x_wconf 79' lang='grc' dir='ltr'>τῷ</span> <span class='ocrx_word' id='word_1_99' title='bbox 1174 1446 1395 1516; x_wconf 80' lang='grc' dir='ltr'>Χριστῷ</span> <span class='ocrx_word' id='word_1_100' title='bbox 1448 1447 1868 1518; x_wconf 87' lang='grc' dir='ltr'>περιπεσοῦνται</span> <span class='ocrx_word' id='word_1_101' title='bbox 1901 1453 1965 1521; x_wconf 83' lang='grc' dir='ltr'>τῇ</span> 
     </span>
    </p>
   </div>
   <div class='ocr_carea' id='block_1_16' title="bbox 387 1537 1966 1610">
    <p class='ocr_par' dir='ltr' id='par_1_16' title="bbox 387 1537 1966 1610">
     <span class='ocr_line' id='line_1_16' title="bbox 387 1537 1966 1610; baseline 0.002 -18"><span class='ocrx_word' id='word_1_102' title='bbox 387 1537 586 1610; x_wconf 82' lang='grc' dir='ltr'>θλίψει.</span> <span class='ocrx_word' id='word_1_103' title='bbox 623 1541 810 1609; x_wconf 83' lang='grc' dir='ltr'>Ἡμεῖς</span> <span class='ocrx_word' id='word_1_104' title='bbox 835 1541 892 1593; x_wconf 84' lang='grc' dir='ltr'><strong>δὲ</strong></span> <span class='ocrx_word' id='word_1_105' title='bbox 921 1542 969 1592; x_wconf 77' lang='grc' dir='ltr'><strong>οἱ</strong></span> <span class='ocrx_word' id='word_1_106' title='bbox 992 1541 1074 1592; x_wconf 76' lang='grc' dir='ltr'><strong>σοὶ</strong></span> <span class='ocrx_word' id='word_1_107' title='bbox 1108 1541 1203 1593; x_wconf 70' lang='grc' dir='ltr'><strong>καὶ</strong></span> <span class='ocrx_word' id='word_1_108' title='bbox 1231 1541 1298 1592; x_wconf 71' lang='grc' dir='ltr'>τὰ</span> <span class='ocrx_word' id='word_1_109' title='bbox 1325 1539 1392 1592; x_wconf 81' lang='grc' dir='ltr'><strong>σά</strong></span> <span class='ocrx_word' id='word_1_110' title='bbox 1413 1540 1735 1610; x_wconf 77' lang='grc' dir='ltr'>φρονοῦντες</span> <span class='ocrx_word' id='word_1_111' title='bbox 1765 1543 1857 1594; x_wconf 76' lang='grc' dir='ltr'>καὶ</span> <span class='ocrx_word' id='word_1_112' title='bbox 1877 1541 1966 1595; x_wconf 88' lang='grc' dir='ltr'>λέ-</span> 
     </span>
    </p>
   </div>
   <div class='ocr_carea' id='block_1_17' title="bbox 386 1629 1963 1702">
    <p class='ocr_par' dir='ltr' id='par_1_17' title="bbox 386 1629 1963 1702">
     <span class='ocr_line' id='line_1_17' title="bbox 386 1629 1963 1702; baseline 0.002 -20"><span class='ocrx_word' id='word_1_113' title='bbox 386 1646 576 1699; x_wconf 80' lang='grc' dir='ltr'>γοντες</span> <span class='ocrx_word' id='word_1_114' title='bbox 603 1629 921 1700; x_wconf 83' lang='grc' dir='ltr'>διετέθημεν</span> <span class='ocrx_word' id='word_1_115' title='bbox 949 1630 1047 1698; x_wconf 77' lang='grc' dir='ltr'><strong>οὐχ</strong></span> <span class='ocrx_word' id='word_1_116' title='bbox 1081 1629 1285 1699; x_wconf 82' lang='grc' dir='ltr'>ἑτέρως</span> <span class='ocrx_word' id='word_1_117' title='bbox 1319 1631 1412 1682; x_wconf 69' lang='grc' dir='ltr'><strong>ἐπὶ</strong></span> <span class='ocrx_word' id='word_1_118' title='bbox 1438 1629 1515 1700; x_wconf 84' lang='grc' dir='ltr'>τῷ</span> <span class='ocrx_word' id='word_1_119' title='bbox 1541 1631 1816 1702; x_wconf 77' lang='grc' dir='ltr'>,ἀγαπητῷ</span> <span class='ocrx_word' id='word_1_120' title='bbox 1847 1649 1963 1696; x_wconf 89' lang='grc' dir='ltr'>σου,</span> 
     </span>
    </p>
   </div>
   <div class='ocr_carea' id='block_1_18' title="bbox 385 1723 1966 1794">
    <p class='ocr_par' dir='ltr' id='par_1_18' title="bbox 385 1723 1966 1794">
     <span class='ocr_line' id='line_1_18' title="bbox 385 1723 1966 1794; baseline 0.004 -19"><span class='ocrx_word' id='word_1_121' title='bbox 385 1723 528 1776; x_wconf 84' lang='grc' dir='ltr'>τοῦτ’</span> <span class='ocrx_word' id='word_1_122' title='bbox 554 1723 691 1786; x_wconf 73' lang='grc' dir='ltr'>ἔστι,</span> <span class='ocrx_word' id='word_1_123' title='bbox 721 1723 798 1792; x_wconf 83' lang='grc' dir='ltr'>τῷ</span> <span class='ocrx_word' id='word_1_124' title='bbox 839 1723 985 1792; x_wconf 76' lang='grc' dir='ltr'><strong>Υἱῴο</strong></span> <span class='ocrx_word' id='word_1_125' title='bbox 1034 1723 1283 1793; x_wconf 85' lang='grc' dir='ltr'>καθάπερ</span> <span class='ocrx_word' id='word_1_126' title='bbox 1317 1724 1529 1794; x_wconf 89' lang='grc' dir='ltr'>ἀμέλει,</span> <span class='ocrx_word' id='word_1_127' title='bbox 1583 1728 1675 1778; x_wconf 74' lang='grc' dir='ltr'><strong>καὶ</strong></span> <span class='ocrx_word' id='word_1_128' title='bbox 1701 1726 1966 1781; x_wconf 82' lang='grc' dir='ltr'>ὠδίνουσα</span> 
     </span>
    </p>
   </div>
   <div class='ocr_carea' id='block_1_19' title="bbox 385 1815 1964 1889">
    <p class='ocr_par' dir='ltr' id='par_1_19' title="bbox 385 1815 1964 1889">
     <span class='ocr_line' id='line_1_19' title="bbox 385 1815 1964 1889; baseline 0.004 -23"><span class='ocrx_word' id='word_1_129' title='bbox 385 1815 523 1885; x_wconf 85' lang='grc' dir='ltr'>γυνὴ</span> <span class='ocrx_word' id='word_1_130' title='bbox 580 1816 867 1887; x_wconf 77' lang='grc' dir='ltr'>μονονουχὶ</span> <span class='ocrx_word' id='word_1_131' title='bbox 913 1816 1390 1886; x_wconf 81' lang='grc' dir='ltr'>κατακεκραγότες</span> <span class='ocrx_word' id='word_1_132' title='bbox 1437 1817 1546 1870; x_wconf 89' lang='grc' dir='ltr'><strong>τῶν</strong></span> <span class='ocrx_word' id='word_1_133' title='bbox 1591 1817 1964 1889; x_wconf 81' lang='grc' dir='ltr'>ἀτιμαζόντων</span> 
     </span>
    </p>
   </div>
   <div class='ocr_carea' id='block_1_20' title="bbox 2074 631 3642 708">
    <p class='ocr_par' dir='ltr' id='par_1_20' title="bbox 2074 631 3642 708">
     <span class='ocr_line' id='line_1_20' title="bbox 2074 631 3642 708; baseline 0.008 -24"><span class='ocrx_word' id='word_1_134' title='bbox 2074 640 2181 695; x_wconf 88' lang='lat' dir='ltr'><strong>cat,</strong></span> <span class='ocrx_word' id='word_1_135' title='bbox 2229 632 2328 685; x_wconf 91' lang='lat' dir='ltr'><strong>sed</strong></span> <span class='ocrx_word' id='word_1_136' title='bbox 2359 631 2528 702; x_wconf 83' lang='lat' dir='ltr'><strong>magis</strong></span> <span class='ocrx_word' id='word_1_137' title='bbox 2563 633 2827 696; x_wconf 91' lang='lat' dir='ltr'><strong>amantis,</strong></span> <span class='ocrx_word' id='word_1_138' title='bbox 2861 641 2916 687; x_wconf 85' lang='lat' dir='ltr'><strong>et</strong></span> <span class='ocrx_word' id='word_1_139' title='bbox 2946 633 3146 688; x_wconf 87' lang='lat' dir='ltr'><strong>erudiri</strong></span> <span class='ocrx_word' id='word_1_140' title='bbox 3193 633 3310 690; x_wconf 91' lang='lat' dir='ltr'><strong>illos</strong></span> <span class='ocrx_word' id='word_1_141' title='bbox 3355 640 3594 708; x_wconf 78' lang='lat' dir='ltr'><strong>rogantis</strong></span> <span class='ocrx_word' id='word_1_142' title='bbox 3631 662 3642 696; x_wconf 95' lang='lat'>:</span> 
     </span>
    </p>
   </div>
   <div class='ocr_carea' id='block_1_21' title="bbox 2072 723 3650 793">
    <p class='ocr_par' dir='ltr' id='par_1_21' title="bbox 2072 723 3650 793">
     <span class='ocr_line' id='line_1_21' title="bbox 2072 723 3650 793; baseline 0.008 -18"><span class='ocrx_word' id='word_1_143' title='bbox 2072 730 2131 776; x_wconf 93' lang='lat' dir='ltr'><strong>ut</strong></span> <span class='ocrx_word' id='word_1_144' title='bbox 2161 723 2287 790; x_wconf 86' lang='lat' dir='ltr'><strong>quia</strong></span> <span class='ocrx_word' id='word_1_145' title='bbox 2331 733 2523 793; x_wconf 87' lang='lat' dir='ltr'><strong>sponte</strong></span> <span class='ocrx_word' id='word_1_146' title='bbox 2574 738 2640 779; x_wconf 90' lang='lat' dir='ltr'><strong>ac</strong></span> <span class='ocrx_word' id='word_1_147' title='bbox 2669 724 2948 780; x_wconf 84' lang='lat' dir='ltr'><strong>voluntate</strong></span> <span class='ocrx_word' id='word_1_148' title='bbox 3002 741 3096 780; x_wconf 91' lang='lat' dir='ltr'><strong>sua</strong></span> <span class='ocrx_word' id='word_1_149' title='bbox 3135 726 3369 783; x_wconf 81' lang='lat' dir='ltr'><strong>fructum</strong></span> <span class='ocrx_word' id='word_1_150' title='bbox 3415 747 3521 786; x_wconf 91' lang='lat' dir='ltr'><strong>non</strong></span> <span class='ocrx_word' id='word_1_151' title='bbox 3558 734 3650 787; x_wconf 61' lang='lat' dir='ltr'><strong>ha.</strong></span> 
     </span>
    </p>
   </div>
   <div class='ocr_carea' id='block_1_22' title="bbox 2071 815 3638 884">
    <p class='ocr_par' dir='ltr' id='par_1_22' title="bbox 2071 815 3638 884">
     <span class='ocr_line' id='line_1_22' title="bbox 2071 815 3638 884; baseline 0.007 -16"><span class='ocrx_word' id='word_1_152' title='bbox 2071 815 2304 869; x_wconf 84' lang='lat' dir='ltr'><strong>buerunt</strong></span> <span class='ocrx_word' id='word_1_153' title='bbox 2335 815 2589 884; x_wconf 85' lang='lat' dir='ltr'><strong>pietatem</strong></span> <span class='ocrx_word' id='word_1_154' title='bbox 2611 857 2624 878; x_wconf 91' lang='lat'><strong>,</strong></span> <span class='ocrx_word' id='word_1_155' title='bbox 2659 817 2824 870; x_wconf 90' lang='lat' dir='ltr'><strong>veluti</strong></span> <span class='ocrx_word' id='word_1_156' title='bbox 2849 831 2914 871; x_wconf 85' lang='lat' dir='ltr'><strong>ex</strong></span> <span class='ocrx_word' id='word_1_157' title='bbox 2933 819 3260 875; x_wconf 80' lang='lat' dir='ltr'><strong>necessitate</strong></span> <span class='ocrx_word' id='word_1_158' title='bbox 3280 824 3346 875; x_wconf 91' lang='lat' dir='ltr'><strong>ad</strong></span> <span class='ocrx_word' id='word_1_159' title='bbox 3372 823 3424 877; x_wconf 91' lang='lat' dir='ltr'><strong>id</strong></span> <span class='ocrx_word' id='word_1_160' title='bbox 3455 827 3638 879; x_wconf 86' lang='lat' dir='ltr'><strong>tradu-</strong></span> 
     </span>
    </p>
   </div>
   <div class='ocr_carea' id='block_1_23' title="bbox 2071 907 3642 986">
    <p class='ocr_par' dir='ltr' id='par_1_23' title="bbox 2071 907 3642 986">
     <span class='ocr_line' id='line_1_23' title="bbox 2071 907 3642 986; baseline 0.008 -27"><span class='ocrx_word' id='word_1_161' title='bbox 2071 915 2282 969; x_wconf 85' lang='lat' dir='ltr'><strong>cantur,</strong></span> <span class='ocrx_word' id='word_1_162' title='bbox 2314 907 2365 960; x_wconf 91' lang='lat' dir='ltr'><strong>in</strong></span> <span class='ocrx_word' id='word_1_163' title='bbox 2391 909 2486 961; x_wconf 65' lang='lat' dir='ltr'><strong>iraa</strong></span> <span class='ocrx_word' id='word_1_164' title='bbox 2512 908 2702 962; x_wconf 72' lang='lat' dir='ltr'><strong>divina:</strong></span> <span class='ocrx_word' id='word_1_165' title='bbox 2735 924 2952 963; x_wconf 86' lang='lat' dir='ltr'><strong>sensum</strong></span> <span class='ocrx_word' id='word_1_166' title='bbox 2979 913 3176 967; x_wconf 85' lang='lat' dir='ltr'><strong>vocati.</strong></span> <span class='ocrx_word' id='word_1_167' title='bbox 3203 913 3409 981; x_wconf 92' lang='lat' dir='ltr'><strong>Simile,</strong></span> <span class='ocrx_word' id='word_1_168' title='bbox 3430 919 3642 986; x_wconf 84' lang='lat' dir='ltr'><strong>opinor.</strong></span> 
     </span>
    </p>
   </div>
   <div class='ocr_carea' id='block_1_24' title="bbox 2071 995 3644 1057">
    <p class='ocr_par' dir='ltr' id='par_1_24' title="bbox 2071 995 3644 1057">
     <span class='ocr_line' id='line_1_24' title="bbox 2071 995 3644 1057; baseline 0.006 -9"><span class='ocrx_word' id='word_1_169' title='bbox 2071 1007 2155 1048; x_wconf 83' lang='lat' dir='ltr'><strong>eSt</strong></span> <span class='ocrx_word' id='word_1_170' title='bbox 2185 995 2316 1049; x_wconf 89' lang='lat' dir='ltr'><strong>illud</strong></span> <span class='ocrx_word' id='word_1_171' title='bbox 2347 1005 2494 1050; x_wconf 90' lang='lat' dir='ltr'><strong>recte</strong></span> <span class='ocrx_word' id='word_1_172' title='bbox 2525 995 2778 1049; x_wconf 89' lang='lat' dir='ltr'><strong>Davidica</strong></span> <span class='ocrx_word' id='word_1_173' title='bbox 2811 1011 2942 1051; x_wconf 88' lang='lat' dir='ltr'><strong>voce</strong></span> <span class='ocrx_word' id='word_1_174' title='bbox 2976 997 3179 1052; x_wconf 85' lang='lat' dir='ltr'><strong>dictum</strong></span> <span class='ocrx_word' id='word_1_175' title='bbox 3213 1021 3224 1055; x_wconf 93' lang='lat'><strong>:</strong></span> <span class='ocrx_word' id='word_1_176' title='bbox 3265 1019 3284 1052; x_wconf 73' lang='grc' dir='ltr'><strong>ι</strong></span> <span class='ocrx_word' id='word_1_177' title='bbox 3321 1001 3376 1055; x_wconf 94' lang='lat' dir='ltr'><strong>In</strong></span> <span class='ocrx_word' id='word_1_178' title='bbox 3405 1001 3556 1056; x_wconf 79' lang='lat' dir='ltr'><strong>freno</strong></span> <span class='ocrx_word' id='word_1_179' title='bbox 3587 1013 3644 1057; x_wconf 87' lang='lat' dir='ltr'><strong>et</strong></span> 
     </span>
    </p>
   </div>
   <div class='ocr_carea' id='block_1_25' title="bbox 2070 1089 3640 1167">
    <p class='ocr_par' dir='ltr' id='par_1_25' title="bbox 2070 1089 3640 1167">
     <span class='ocr_line' id='line_1_25' title="bbox 2070 1089 3640 1167; baseline 0.006 -25"><span class='ocrx_word' id='word_1_180' title='bbox 2070 1089 2252 1158; x_wconf 89' lang='lat' dir='ltr'><strong>lupato</strong></span> <span class='ocrx_word' id='word_1_181' title='bbox 2311 1089 2557 1144; x_wconf 79' lang='lat' dir='ltr'><strong>maxillas</strong></span> <span class='ocrx_word' id='word_1_182' title='bbox 2603 1104 2797 1145; x_wconf 88' lang='lat' dir='ltr'><strong>eorum</strong></span> <span class='ocrx_word' id='word_1_183' title='bbox 2830 1093 3102 1163; x_wconf 83' lang='lat' dir='ltr'><strong>stringas,</strong></span> <span class='ocrx_word' id='word_1_184' title='bbox 3147 1096 3237 1164; x_wconf 94' lang='lat' dir='ltr'><strong>qui</strong></span> <span class='ocrx_word' id='word_1_185' title='bbox 3272 1110 3376 1150; x_wconf 92' lang='lat' dir='ltr'><strong>non</strong></span> <span class='ocrx_word' id='word_1_186' title='bbox 3416 1099 3640 1167; x_wconf 80' lang='lat' dir='ltr'><strong>prOpiu-</strong></span> 
     </span>
    </p>
   </div>
   <div class='ocr_carea' id='block_1_26' title="bbox 2068 1181 3638 1253">
    <p class='ocr_par' dir='ltr' id='par_1_26' title="bbox 2068 1181 3638 1253">
     <span class='ocr_line' id='line_1_26' title="bbox 2068 1181 3638 1253; baseline 0.008 -22"><span class='ocrx_word' id='word_1_187' title='bbox 2068 1189 2240 1249; x_wconf 84' lang='lat' dir='ltr'><strong>quant</strong></span> <span class='ocrx_word' id='word_1_188' title='bbox 2288 1182 2356 1235; x_wconf 91' lang='lat' dir='ltr'><strong>ad</strong></span> <span class='ocrx_word' id='word_1_189' title='bbox 2388 1189 2439 1236; x_wconf 90' lang='lat' dir='ltr'><strong>te</strong></span> <span class='ocrx_word' id='word_1_190' title='bbox 2474 1181 2542 1237; x_wconf 67' lang='grc' dir='ltr'>εί.</span> <span class='ocrx_word' id='word_1_191' title='bbox 2570 1201 2588 1234; x_wconf 76' lang='grc' dir='ltr'><strong>ι</strong></span> <span class='ocrx_word' id='word_1_192' title='bbox 2628 1182 2736 1237; x_wconf 87' lang='lat' dir='ltr'><strong>Sed</strong></span> <span class='ocrx_word' id='word_1_193' title='bbox 2787 1183 2862 1238; x_wconf 90' lang='lat' dir='ltr'><strong>illi</strong></span> <span class='ocrx_word' id='word_1_194' title='bbox 2903 1185 3116 1253; x_wconf 84' lang='lat' dir='ltr'><strong>quidem</strong></span> <span class='ocrx_word' id='word_1_195' title='bbox 3146 1202 3266 1241; x_wconf 89' lang='lat' dir='ltr'><strong>cum</strong></span> <span class='ocrx_word' id='word_1_196' title='bbox 3300 1187 3638 1244; x_wconf 81' lang='lat' dir='ltr'><strong>intoleranda</strong></span> 
     </span>
    </p>
   </div>
   <div class='ocr_carea' id='block_1_27' title="bbox 2070 1271 3640 1345">
    <p class='ocr_par' dir='ltr' id='par_1_27' title="bbox 2070 1271 3640 1345">
     <span class='ocr_line' id='line_1_27' title="bbox 2070 1271 3640 1345; baseline 0.006 -21"><span class='ocrx_word' id='word_1_197' title='bbox 2070 1271 2259 1325; x_wconf 90' lang='lat' dir='ltr'><strong>delicta</strong></span> <span class='ocrx_word' id='word_1_198' title='bbox 2288 1272 2576 1342; x_wconf 89' lang='lat' dir='ltr'><strong>patrarint,</strong></span> <span class='ocrx_word' id='word_1_199' title='bbox 2609 1274 2931 1344; x_wconf 88' lang='lat' dir='ltr'><strong>Christoque</strong></span> <span class='ocrx_word' id='word_1_200' title='bbox 2963 1276 3282 1332; x_wconf 79' lang='lat' dir='ltr'><strong>obhaccliati</strong></span> <span class='ocrx_word' id='word_1_201' title='bbox 3325 1279 3550 1345; x_wconf 80' lang='lat' dir='ltr'><strong>fuerint,</strong></span> <span class='ocrx_word' id='word_1_202' title='bbox 3589 1282 3640 1335; x_wconf 91' lang='lat' dir='ltr'><strong>in</strong></span> 
     </span>
    </p>
   </div>
   <div class='ocr_carea' id='block_1_28' title="bbox 2069 1362 3644 1438">
    <p class='ocr_par' dir='ltr' id='par_1_28' title="bbox 2069 1362 3644 1438">
     <span class='ocr_line' id='line_1_28' title="bbox 2069 1362 3644 1438; baseline 0.004 -20"><span class='ocrx_word' id='word_1_203' title='bbox 2069 1362 2414 1419; x_wconf 78' lang='lat' dir='ltr'><strong>aﬂlictiouem</strong></span> <span class='ocrx_word' id='word_1_204' title='bbox 2469 1365 2726 1421; x_wconf 85' lang='lat' dir='ltr'><strong>incident.</strong></span> <span class='ocrx_word' id='word_1_205' title='bbox 2762 1366 2870 1422; x_wconf 83' lang='lat' dir='ltr'><strong>Nos</strong></span> <span class='ocrx_word' id='word_1_206' title='bbox 2898 1377 3098 1434; x_wconf 91' lang='lat' dir='ltr'><strong>autem,</strong></span> <span class='ocrx_word' id='word_1_207' title='bbox 3123 1371 3211 1436; x_wconf 84' lang='lat' dir='ltr'><strong>qui</strong></span> <span class='ocrx_word' id='word_1_208' title='bbox 3249 1371 3323 1424; x_wconf 91' lang='lat' dir='ltr'><strong>tui</strong></span> <span class='ocrx_word' id='word_1_209' title='bbox 3355 1385 3562 1438; x_wconf 88' lang='lat' dir='ltr'><strong>sumus,</strong></span> <span class='ocrx_word' id='word_1_210' title='bbox 3589 1383 3644 1427; x_wconf 92' lang='lat' dir='ltr'><strong>et</strong></span> 
     </span>
    </p>
   </div>
   <div class='ocr_carea' id='block_1_29' title="bbox 2073 1458 3639 1534">
    <p class='ocr_par' dir='ltr' id='par_1_29' title="bbox 2073 1458 3639 1534">
     <span class='ocr_line' id='line_1_29' title="bbox 2073 1458 3639 1534; baseline 0.005 -24"><span class='ocrx_word' id='word_1_211' title='bbox 2073 1465 2161 1512; x_wconf 92' lang='lat' dir='ltr'><strong>tua</strong></span> <span class='ocrx_word' id='word_1_212' title='bbox 2198 1458 2440 1526; x_wconf 88' lang='lat' dir='ltr'><strong>sapimus</strong></span> <span class='ocrx_word' id='word_1_213' title='bbox 2467 1473 2530 1512; x_wconf 92' lang='lat' dir='ltr'><strong>ac</strong></span> <span class='ocrx_word' id='word_1_214' title='bbox 2566 1459 2857 1527; x_wconf 88' lang='lat' dir='ltr'><strong>loquimur,</strong></span> <span class='ocrx_word' id='word_1_215' title='bbox 2892 1459 3049 1514; x_wconf 82' lang='lat' dir='ltr'><strong>aliter</strong></span> <span class='ocrx_word' id='word_1_216' title='bbox 3074 1459 3250 1516; x_wconf 69' lang='lat' dir='ltr'><strong>affecti</strong></span> <span class='ocrx_word' id='word_1_217' title='bbox 3287 1476 3475 1517; x_wconf 90' lang='lat' dir='ltr'><strong>sumus</strong></span> <span class='ocrx_word' id='word_1_218' title='bbox 3514 1479 3639 1534; x_wconf 74' lang='lat' dir='ltr'><strong>erga</strong></span> 
     </span>
    </p>
   </div>
   <div class='ocr_carea' id='block_1_30' title="bbox 2067 1548 3641 1624">
    <p class='ocr_par' dir='ltr' id='par_1_30' title="bbox 2067 1548 3641 1624">
     <span class='ocr_line' id='line_1_30' title="bbox 2067 1548 3641 1624; baseline 0.004 -21"><span class='ocrx_word' id='word_1_219' title='bbox 2067 1548 2322 1604; x_wconf 79' lang='lat' dir='ltr'><strong>dileCtum</strong></span> <span class='ocrx_word' id='word_1_220' title='bbox 2375 1560 2522 1604; x_wconf 91' lang='lat' dir='ltr'><strong>tuum</strong></span> <span class='ocrx_word' id='word_1_221' title='bbox 2552 1592 2567 1612; x_wconf 85' lang='lat'><em>.</em></span> <span class='ocrx_word' id='word_1_222' title='bbox 2611 1551 2662 1605; x_wconf 92' lang='lat' dir='ltr'><strong>id</strong></span> <span class='ocrx_word' id='word_1_223' title='bbox 2691 1559 2793 1617; x_wconf 86' lang='lat' dir='ltr'><strong>est,</strong></span> <span class='ocrx_word' id='word_1_224' title='bbox 2830 1551 3018 1606; x_wconf 86' lang='lat' dir='ltr'><strong>Filium</strong></span> <span class='ocrx_word' id='word_1_225' title='bbox 3049 1569 3216 1608; x_wconf 88' lang='lat' dir='ltr'><strong>:sane</strong></span> <span class='ocrx_word' id='word_1_226' title='bbox 3256 1554 3428 1609; x_wconf 89' lang='lat' dir='ltr'><strong>instar</strong></span> <span class='ocrx_word' id='word_1_227' title='bbox 3452 1565 3641 1624; x_wconf 87' lang='lat' dir='ltr'><strong>partu—</strong></span> 
     </span>
    </p>
   </div>
   <div class='ocr_carea' id='block_1_31' title="bbox 2068 1643 3637 1719">
    <p class='ocr_par' dir='ltr' id='par_1_31' title="bbox 2068 1643 3637 1719">
     <span class='ocr_line' id='line_1_31' title="bbox 2068 1643 3637 1719; baseline 0.004 -23"><span class='ocrx_word' id='word_1_228' title='bbox 2068 1643 2258 1698; x_wconf 91' lang='lat' dir='ltr'><strong>rientis</strong></span> <span class='ocrx_word' id='word_1_229' title='bbox 2281 1643 2492 1698; x_wconf 69' lang='lat' dir='ltr'><strong>femina:</strong></span> <span class='ocrx_word' id='word_1_230' title='bbox 2523 1654 2730 1700; x_wconf 89' lang='lat' dir='ltr'><strong>tantum</strong></span> <span class='ocrx_word' id='word_1_231' title='bbox 2761 1661 2866 1699; x_wconf 91' lang='lat' dir='ltr'><strong>non</strong></span> <span class='ocrx_word' id='word_1_232' title='bbox 2897 1645 3192 1700; x_wconf 86' lang='lat' dir='ltr'><strong>clamamus</strong></span> <span class='ocrx_word' id='word_1_233' title='bbox 3221 1657 3409 1702; x_wconf 90' lang='lat' dir='ltr'><strong>contra</strong></span> <span class='ocrx_word' id='word_1_234' title='bbox 3436 1663 3529 1704; x_wconf 89' lang='lat' dir='ltr'><strong>eos</strong></span> <span class='ocrx_word' id='word_1_235' title='bbox 3547 1652 3637 1719; x_wconf 90' lang='lat' dir='ltr'><strong>qui</strong></span> 
     </span>
    </p>
   </div>
   <div class='ocr_carea' id='block_1_32' title="bbox 2067 1735 3634 1807">
    <p class='ocr_par' dir='ltr' id='par_1_32' title="bbox 2067 1735 3634 1807">
     <span class='ocr_line' id='line_1_32' title="bbox 2067 1735 3634 1807; baseline 0.004 -20"><span class='ocrx_word' id='word_1_236' title='bbox 2067 1747 2188 1787; x_wconf 92' lang='lat' dir='ltr'><strong>eum</strong></span> <span class='ocrx_word' id='word_1_237' title='bbox 2215 1735 2475 1790; x_wconf 83' lang='lat' dir='ltr'><strong>dedecore</strong></span> <span class='ocrx_word' id='word_1_238' title='bbox 2501 1746 2814 1805; x_wconf 76' lang='lat' dir='ltr'><strong>aspergunt,</strong></span> <span class='ocrx_word' id='word_1_239' title='bbox 2841 1739 3182 1807; x_wconf 82' lang='lat' dir='ltr'><strong>graviterque</strong></span> <span class='ocrx_word' id='word_1_240' title='bbox 3205 1740 3274 1793; x_wconf 87' lang='lat' dir='ltr'><strong>oh</strong></span> <span class='ocrx_word' id='word_1_241' title='bbox 3295 1738 3349 1792; x_wconf 92' lang='lat' dir='ltr'><strong>id</strong></span> <span class='ocrx_word' id='word_1_242' title='bbox 3371 1739 3634 1801; x_wconf 70' lang='lat' dir='ltr'><strong>doleiuus.</strong></span> 
     </span>
    </p>
   </div>
   <div class='ocr_carea' id='block_1_33' title="bbox 2068 1824 3637 1899">
    <p class='ocr_par' dir='ltr' id='par_1_33' title="bbox 2068 1824 3637 1899">
     <span class='ocr_line' id='line_1_33' title="bbox 2068 1824 3637 1899; baseline 0.005 -21"><span class='ocrx_word' id='word_1_243' title='bbox 2068 1839 2130 1879; x_wconf 90' lang='lat' dir='ltr'><strong>ac</strong></span> <span class='ocrx_word' id='word_1_244' title='bbox 2156 1824 2445 1894; x_wconf 86' lang='lat' dir='ltr'><strong>plurimum</strong></span> <span class='ocrx_word' id='word_1_245' title='bbox 2474 1837 2664 1882; x_wconf 90' lang='lat' dir='ltr'><strong>contra</strong></span> <span class='ocrx_word' id='word_1_246' title='bbox 2693 1843 2786 1882; x_wconf 89' lang='lat' dir='ltr'><strong>eos</strong></span> <span class='ocrx_word' id='word_1_247' title='bbox 2827 1829 2916 1898; x_wconf 93' lang='lat' dir='ltr'><strong>qui</strong></span> <span class='ocrx_word' id='word_1_248' title='bbox 2948 1829 2997 1882; x_wconf 90' lang='lat' dir='ltr'><strong>ei</strong></span> <span class='ocrx_word' id='word_1_249' title='bbox 3036 1845 3140 1884; x_wconf 93' lang='lat' dir='ltr'><strong>non</strong></span> <span class='ocrx_word' id='word_1_250' title='bbox 3172 1841 3387 1899; x_wconf 84' lang='lat' dir='ltr'><strong>parent,</strong></span> <span class='ocrx_word' id='word_1_251' title='bbox 3429 1831 3637 1886; x_wconf 81' lang='lat' dir='ltr'><strong>vocife-</strong></span> 
     </span>
    </p>
   </div>
   <div class='ocr_carea' id='block_1_34' title="bbox 385 1906 1956 1991">
    <p class='ocr_par' dir='ltr' id='par_1_34' title="bbox 385 1907 1956 1981">
     <span class='ocr_line' id='line_1_34' title="bbox 385 1907 1956 1981; baseline 0.004 -22"><span class='ocrx_word' id='word_1_252' title='bbox 385 1907 564 1959; x_wconf 77' lang='grc' dir='ltr'>αὐτῶν</span> <span class='ocrx_word' id='word_1_253' title='bbox 604 1907 915 1976; x_wconf 86' lang='grc' dir='ltr'>ὀδυνόμενοί</span> <span class='ocrx_word' id='word_1_254' title='bbox 969 1923 1030 1959; x_wconf 84' lang='grc' dir='ltr'><strong>τε</strong></span> <span class='ocrx_word' id='word_1_255' title='bbox 1081 1907 1170 1960; x_wconf 79' lang='grc' dir='ltr'>διὰ</span> <span class='ocrx_word' id='word_1_256' title='bbox 1195 1908 1352 1960; x_wconf 89' lang='grc' dir='ltr'>τοῦτο</span> <span class='ocrx_word' id='word_1_257' title='bbox 1395 1908 1535 1972; x_wconf 90' lang='grc' dir='ltr'>λίαν,</span> <span class='ocrx_word' id='word_1_258' title='bbox 1573 1910 1668 1962; x_wconf 80' lang='grc' dir='ltr'>καὶ</span> <span class='ocrx_word' id='word_1_259' title='bbox 1701 1910 1956 1981; x_wconf 81' lang='grc' dir='ltr'>πλείστην</span> 
     </span>
    </p>
   </div>
   <div class='ocr_carea' id='block_1_35' title="bbox 2061 1906 3638 1991">
    <p class='ocr_par' dir='ltr' id='par_1_35' title="bbox 2064 1916 3638 1991">
     <span class='ocr_line' id='line_1_35' title="bbox 2064 1916 3638 1991; baseline 0.003 -22"><span class='ocrx_word' id='word_1_260' title='bbox 2064 1931 2270 1970; x_wconf 88' lang='lat' dir='ltr'><strong>ramur.</strong></span> <span class='ocrx_word' id='word_1_261' title='bbox 2311 1916 2515 1986; x_wconf 84' lang='lat' dir='ltr'><strong>Estque</strong></span> <span class='ocrx_word' id='word_1_262' title='bbox 2555 1933 2741 1973; x_wconf 84' lang='lat' dir='ltr'><strong>verum</strong></span> <span class='ocrx_word' id='word_1_263' title='bbox 2786 1920 2927 1989; x_wconf 90' lang='lat' dir='ltr'><strong>quod</strong></span> <span class='ocrx_word' id='word_1_264' title='bbox 2964 1919 3169 1974; x_wconf 90' lang='lat' dir='ltr'><strong>dicunt.</strong></span> <span class='ocrx_word' id='word_1_265' title='bbox 3197 1920 3404 1991; x_wconf 86' lang='lat' dir='ltr'><strong>Quippe</strong></span> <span class='ocrx_word' id='word_1_266' title='bbox 3451 1923 3638 1977; x_wconf 87' lang='lat' dir='ltr'><strong>beatus</strong></span> 
     </span>
    </p>
   </div>
   <div class='ocr_carea' id='block_1_36' title="bbox 383 1999 1963 2073">
    <p class='ocr_par' dir='ltr' id='par_1_36' title="bbox 383 1999 1963 2073">
     <span class='ocr_line' id='line_1_36' title="bbox 383 1999 1963 2073; baseline 0.002 -21"><span class='ocrx_word' id='word_1_267' title='bbox 383 2000 515 2071; x_wconf 80' lang='grc' dir='ltr'>ὅσην</span> <span class='ocrx_word' id='word_1_268' title='bbox 544 2000 656 2054; x_wconf 87' lang='grc' dir='ltr'><strong>τῶν</strong></span> <span class='ocrx_word' id='word_1_269' title='bbox 683 1999 1052 2054; x_wconf 77' lang='grc' dir='ltr'>ἀπειθούντων</span> <span class='ocrx_word' id='word_1_270' title='bbox 1076 1999 1224 2070; x_wconf 75' lang='grc' dir='ltr'><strong>αὑτῷ</strong></span> <span class='ocrx_word' id='word_1_271' title='bbox 1257 2000 1570 2072; x_wconf 76' lang='grc' dir='ltr'>ποιούμενοι</span> <span class='ocrx_word' id='word_1_272' title='bbox 1591 2001 1688 2073; x_wconf 81' lang='grc' dir='ltr'><strong>τὴν</strong></span> <span class='ocrx_word' id='word_1_273' title='bbox 1728 2003 1963 2056; x_wconf 78' lang='grc' dir='ltr'>καταϐο-</span> 
     </span>
    </p>
   </div>
   <div class='ocr_carea' id='block_1_37' title="bbox 383 2093 1961 2166">
    <p class='ocr_par' dir='ltr' id='par_1_37' title="bbox 383 2093 1961 2166">
     <span class='ocr_line' id='line_1_37' title="bbox 383 2093 1961 2166; baseline 0.001 -20"><span class='ocrx_word' id='word_1_274' title='bbox 383 2094 500 2166; x_wconf 87' lang='grc' dir='ltr'>λήν.</span> <span class='ocrx_word' id='word_1_275' title='bbox 523 2095 680 2147; x_wconf 87' lang='grc' dir='ltr'>Ἔστι</span> <span class='ocrx_word' id='word_1_276' title='bbox 714 2093 759 2146; x_wconf 87' lang='grc' dir='ltr'>δ’</span> <span class='ocrx_word' id='word_1_277' title='bbox 784 2093 978 2164; x_wconf 83' lang='grc' dir='ltr'>ἀληθὲς</span> <span class='ocrx_word' id='word_1_278' title='bbox 1010 2094 1038 2145; x_wconf 82' lang='grc' dir='ltr'><strong>ὃ</strong></span> <span class='ocrx_word' id='word_1_279' title='bbox 1069 2110 1224 2160; x_wconf 76' lang='grc' dir='ltr'>φασι,</span> <span class='ocrx_word' id='word_1_280' title='bbox 1253 2093 1347 2146; x_wconf 71' lang='grc' dir='ltr'><strong>καὶ</strong></span> <span class='ocrx_word' id='word_1_281' title='bbox 1380 2093 1511 2162; x_wconf 88' lang='grc' dir='ltr'>γοῦν</span> <span class='ocrx_word' id='word_1_282' title='bbox 1544 2094 1704 2157; x_wconf 82' lang='grc' dir='ltr'>αὐτὸς</span> <span class='ocrx_word' id='word_1_283' title='bbox 1726 2097 1754 2146; x_wconf 86' lang='grc' dir='ltr'><strong>ό</strong></span> <span class='ocrx_word' id='word_1_284' title='bbox 1783 2094 1961 2165; x_wconf 87' lang='grc' dir='ltr'>μακά-</span> 
     </span>
    </p>
   </div>
   <div class='ocr_carea' id='block_1_38' title="bbox 384 2185 1957 2256">
    <p class='ocr_par' dir='ltr' id='par_1_38' title="bbox 384 2185 1957 2256">
     <span class='ocr_line' id='line_1_38' title="bbox 384 2185 1957 2256; baseline 0.001 -18"><span class='ocrx_word' id='word_1_285' title='bbox 384 2203 500 2254; x_wconf 88' lang='grc' dir='ltr'>ριος</span> <span class='ocrx_word' id='word_1_286' title='bbox 529 2187 752 2249; x_wconf 83' lang='grc' dir='ltr'>Ἡσαΐας</span> <span class='ocrx_word' id='word_1_287' title='bbox 779 2188 900 2248; x_wconf 88' lang='grc' dir='ltr'>ταῖς</span> <span class='ocrx_word' id='word_1_288' title='bbox 929 2185 1190 2249; x_wconf 81' lang='grc' dir='ltr'>Ἰουδαίων</span> <span class='ocrx_word' id='word_1_289' title='bbox 1218 2185 1638 2255; x_wconf 83' lang='grc' dir='ltr'>ἀθυροστομίαις</span> <span class='ocrx_word' id='word_1_290' title='bbox 1671 2187 1957 2256; x_wconf 82' lang='grc' dir='ltr'>ἐπιτιμῶν,</span> 
     </span>
    </p>
   </div>
   <div class='ocr_carea' id='block_1_39' title="bbox 379 2277 1957 2349">
    <p class='ocr_par' dir='ltr' id='par_1_39' title="bbox 379 2277 1957 2349">
     <span class='ocr_line' id='line_1_39' title="bbox 379 2277 1957 2349; baseline -0.001 -17"><span class='ocrx_word' id='word_1_291' title='bbox 379 2279 448 2341; x_wconf 82' lang='grc' dir='ltr'><strong>ἂς</strong></span> <span class='ocrx_word' id='word_1_292' title='bbox 485 2279 812 2348; x_wconf 83' lang='grc' dir='ltr'>πεποίηνται</span> <span class='ocrx_word' id='word_1_293' title='bbox 842 2277 982 2331; x_wconf 89' lang='grc' dir='ltr'><strong>κατά</strong></span> <span class='ocrx_word' id='word_1_294' title='bbox 1014 2277 1251 2347; x_wconf 83' lang='grc' dir='ltr'>Χριστοῦ</span> <span class='ocrx_word' id='word_1_295' title='bbox 1276 2295 1289 2308; x_wconf 90' lang='grc'><strong>·</strong></span> <span class='ocrx_word' id='word_1_296' title='bbox 1339 2295 1358 2328; x_wconf 84' lang='grc'><em>‹</em></span> <span class='ocrx_word' id='word_1_297' title='bbox 1409 2278 1599 2348; x_wconf 80' lang='grc' dir='ltr'>Ὑμεῖς</span> <span class='ocrx_word' id='word_1_298' title='bbox 1631 2278 1707 2343; x_wconf 81' lang='grc' dir='ltr'><strong>δε,</strong></span> <span class='ocrx_word' id='word_1_299' title='bbox 1750 2298 1767 2329; x_wconf 77' lang='grc' dir='ltr'><strong>ι</strong></span> <span class='ocrx_word' id='word_1_300' title='bbox 1805 2279 1957 2349; x_wconf 63' lang='grc' dir='ltr'>φησι,</span> 
     </span>
    </p>
   </div>
   <div class='ocr_carea' id='block_1_40' title="bbox 387 2363 1958 2440">
    <p class='ocr_par' dir='ltr' id='par_1_40' title="bbox 387 2363 1958 2440">
     <span class='ocr_line' id='line_1_40' title="bbox 387 2363 1958 2440; baseline 0.002 -20"><span class='ocrx_word' id='word_1_301' title='bbox 387 2389 405 2420; x_wconf 77' lang='grc' dir='ltr'><strong>ι</strong></span> <span class='ocrx_word' id='word_1_302' title='bbox 430 2370 809 2440; x_wconf 87' lang='grc' dir='ltr'>προσαγάγετε</span> <span class='ocrx_word' id='word_1_303' title='bbox 844 2363 968 2432; x_wconf 82' lang='grc' dir='ltr'>ὦδε,</span> <span class='ocrx_word' id='word_1_304' title='bbox 999 2369 1105 2421; x_wconf 74' lang='grc' dir='ltr'>υἱοὶ</span> <span class='ocrx_word' id='word_1_305' title='bbox 1131 2367 1343 2438; x_wconf 66' lang='grc' dir='ltr'>ἄνομον</span> <span class='ocrx_word' id='word_1_306' title='bbox 1378 2372 1598 2439; x_wconf 82' lang='grc' dir='ltr'>σπέρμα</span> <span class='ocrx_word' id='word_1_307' title='bbox 1638 2371 1838 2439; x_wconf 83' lang='grc' dir='ltr'>μοιχῶν</span> <span class='ocrx_word' id='word_1_308' title='bbox 1863 2371 1958 2423; x_wconf 76' lang='grc' dir='ltr'><strong>καὶ</strong></span> 
     </span>
    </p>
   </div>
   <div class='ocr_carea' id='block_1_41' title="bbox 379 2460 1956 2532">
    <p class='ocr_par' dir='ltr' id='par_1_41' title="bbox 379 2460 1956 2532">
     <span class='ocr_line' id='line_1_41' title="bbox 379 2460 1956 2532; baseline 0.001 -19"><span class='ocrx_word' id='word_1_309' title='bbox 379 2461 604 2532; x_wconf 81' lang='grc' dir='ltr'>πόρνης,</span> <span class='ocrx_word' id='word_1_310' title='bbox 629 2462 686 2512; x_wconf 82' lang='grc' dir='ltr'>ὲν</span> <span class='ocrx_word' id='word_1_311' title='bbox 707 2460 811 2513; x_wconf 88' lang='grc' dir='ltr'>τίνι</span> <span class='ocrx_word' id='word_1_312' title='bbox 829 2461 1252 2531; x_wconf 82' lang='grc' dir='ltr'>ἐνετρυφήσατε,</span> <span class='ocrx_word' id='word_1_313' title='bbox 1276 2460 1369 2513; x_wconf 78' lang='grc' dir='ltr'><strong>καὶ</strong></span> <span class='ocrx_word' id='word_1_314' title='bbox 1399 2461 1488 2513; x_wconf 79' lang='grc' dir='ltr'><strong>ἐπὶ</strong></span> <span class='ocrx_word' id='word_1_315' title='bbox 1511 2461 1616 2514; x_wconf 89' lang='grc' dir='ltr'>τίνι</span> <span class='ocrx_word' id='word_1_316' title='bbox 1637 2461 1883 2532; x_wconf 77' lang='grc' dir='ltr'>ηνοίξατε</span> <span class='ocrx_word' id='word_1_317' title='bbox 1897 2463 1956 2516; x_wconf 85' lang='grc' dir='ltr'><strong>τὸ</strong></span> 
     </span>
    </p>
   </div>
   <div class='ocr_carea' id='block_1_42' title="bbox 381 2551 1957 2622">
    <p class='ocr_par' dir='ltr' id='par_1_42' title="bbox 381 2551 1957 2622">
     <span class='ocr_line' id='line_1_42' title="bbox 381 2551 1957 2622; baseline 0.001 -17"><span class='ocrx_word' id='word_1_318' title='bbox 381 2553 551 2622; x_wconf 85' lang='grc' dir='ltr'>στόμα</span> <span class='ocrx_word' id='word_1_319' title='bbox 601 2551 774 2622; x_wconf 85' lang='grc' dir='ltr'>ὑμῶν,</span> <span class='ocrx_word' id='word_1_320' title='bbox 808 2552 900 2605; x_wconf 75' lang='grc' dir='ltr'><strong>καὶ</strong></span> <span class='ocrx_word' id='word_1_321' title='bbox 934 2552 1026 2605; x_wconf 78' lang='grc' dir='ltr'>ἐπὶ</span> <span class='ocrx_word' id='word_1_322' title='bbox 1061 2553 1182 2605; x_wconf 91' lang='grc' dir='ltr'>τίνα</span> <span class='ocrx_word' id='word_1_323' title='bbox 1230 2551 1532 2622; x_wconf 80' lang='grc' dir='ltr'>ἐχαλάσατε</span> <span class='ocrx_word' id='word_1_324' title='bbox 1587 2551 1684 2622; x_wconf 82' lang='grc' dir='ltr'>τὴν</span> <span class='ocrx_word' id='word_1_325' title='bbox 1713 2553 1957 2620; x_wconf 87' lang='grc' dir='ltr'>γλῶτταν</span> 
     </span>
    </p>
   </div>
   <div class='ocr_carea' id='block_1_43' title="bbox 379 2643 1956 2713">
    <p class='ocr_par' dir='ltr' id='par_1_43' title="bbox 379 2643 1956 2713">
     <span class='ocr_line' id='line_1_43' title="bbox 379 2643 1956 2713; baseline 0.001 -17"><span class='ocrx_word' id='word_1_326' title='bbox 379 2643 566 2713; x_wconf 82' lang='grc' dir='ltr'>ὑμῶν;</span> <span class='ocrx_word' id='word_1_327' title='bbox 594 2644 705 2712; x_wconf 82' lang='grc' dir='ltr'>Οὐχ</span> <span class='ocrx_word' id='word_1_328' title='bbox 729 2643 886 2712; x_wconf 81' lang='grc' dir='ltr'>ὑμεῖς</span> <span class='ocrx_word' id='word_1_329' title='bbox 912 2644 1035 2695; x_wconf 76' lang='grc' dir='ltr'>ἐστε</span> <span class='ocrx_word' id='word_1_330' title='bbox 1064 2643 1226 2696; x_wconf 83' lang='grc' dir='ltr'>τέκνα</span> <span class='ocrx_word' id='word_1_331' title='bbox 1255 2643 1547 2705; x_wconf 85' lang='grc' dir='ltr'>ἀπωλείας,</span> <span class='ocrx_word' id='word_1_332' title='bbox 1587 2643 1807 2713; x_wconf 81' lang='grc' dir='ltr'>σπέρμα</span> <span class='ocrx_word' id='word_1_333' title='bbox 1835 2644 1956 2698; x_wconf 83' lang='grc' dir='ltr'>ἄνο-</span> 
     </span>
    </p>
   </div>
   <div class='ocr_carea' id='block_1_44' title="bbox 380 2735 1955 2806">
    <p class='ocr_par' dir='ltr' id='par_1_44' title="bbox 380 2735 1955 2806">
     <span class='ocr_line' id='line_1_44' title="bbox 380 2735 1955 2806; baseline -0.003 -17"><span class='ocrx_word' id='word_1_334' title='bbox 380 2752 501 2806; x_wconf 89' lang='grc' dir='ltr'>μον;</span> <span class='ocrx_word' id='word_1_335' title='bbox 539 2755 558 2788; x_wconf 70' lang='grc' dir='ltr'><strong>ι</strong></span> <span class='ocrx_word' id='word_1_336' title='bbox 607 2737 718 2790; x_wconf 71' lang='grc' dir='ltr'><strong>Καὶ</strong></span> <span class='ocrx_word' id='word_1_337' title='bbox 758 2735 862 2806; x_wconf 81' lang='grc' dir='ltr'><strong>μὴν</strong></span> <span class='ocrx_word' id='word_1_338' title='bbox 891 2736 984 2788; x_wconf 84' lang='grc' dir='ltr'><strong>καί</strong></span> <span class='ocrx_word' id='word_1_339' title='bbox 1035 2737 1064 2788; x_wconf 87' lang='grc' dir='ltr'>ὁ</span> <span class='ocrx_word' id='word_1_340' title='bbox 1109 2735 1373 2806; x_wconf 80' lang='grc' dir='ltr'>μακάριος</span> <span class='ocrx_word' id='word_1_341' title='bbox 1412 2735 1574 2786; x_wconf 77' lang='grc' dir='ltr'>Δαῦὶδ</span> <span class='ocrx_word' id='word_1_342' title='bbox 1607 2735 1735 2804; x_wconf 70' lang='grc' dir='ltr'>περὶ</span> <span class='ocrx_word' id='word_1_343' title='bbox 1778 2735 1955 2787; x_wconf 83' lang='grc' dir='ltr'>αὐτῶν</span> 
     </span>
    </p>
   </div>
   <div class='ocr_carea' id='block_1_45' title="bbox 378 2823 1954 2897">
    <p class='ocr_par' dir='ltr' id='par_1_45' title="bbox 378 2823 1954 2897">
     <span class='ocr_line' id='line_1_45' title="bbox 378 2823 1954 2897; baseline -0.001 -18"><span class='ocrx_word' id='word_1_344' title='bbox 378 2826 482 2880; x_wconf 83' lang='grc' dir='ltr'><strong>πού</strong></span> <span class='ocrx_word' id='word_1_345' title='bbox 516 2843 682 2897; x_wconf 85' lang='grc' dir='ltr'>φησιν</span> <span class='ocrx_word' id='word_1_346' title='bbox 704 2843 717 2857; x_wconf 79' lang='grc' dir='ltr'><strong>ο</strong></span> <span class='ocrx_word' id='word_1_347' title='bbox 760 2844 778 2876; x_wconf 77' lang='grc' dir='ltr'><strong>ι</strong></span> <span class='ocrx_word' id='word_1_348' title='bbox 812 2825 1261 2896; x_wconf 87' lang='grc' dir='ltr'>Σκοτισθήτωσαν</span> <span class='ocrx_word' id='word_1_349' title='bbox 1285 2826 1331 2877; x_wconf 86' lang='grc' dir='ltr'>οἱ</span> <span class='ocrx_word' id='word_1_350' title='bbox 1359 2823 1626 2894; x_wconf 71' lang='grc' dir='ltr'>ὀφθαλμοὶ</span> <span class='ocrx_word' id='word_1_351' title='bbox 1662 2824 1837 2877; x_wconf 83' lang='grc' dir='ltr'>αὐτῶν</span> <span class='ocrx_word' id='word_1_352' title='bbox 1863 2824 1954 2877; x_wconf 88' lang='grc' dir='ltr'><strong>τοῦ</strong></span> 
     </span>
    </p>
   </div>
   <div class='ocr_carea' id='block_1_46' title="bbox 381 2916 1957 2990">
    <p class='ocr_par' dir='ltr' id='par_1_46' title="bbox 381 2916 1957 2990">
     <span class='ocr_line' id='line_1_46' title="bbox 381 2916 1957 2990; baseline -0.002 -18"><span class='ocrx_word' id='word_1_353' title='bbox 381 2920 454 2990; x_wconf 81' lang='grc' dir='ltr'>μὴ</span> <span class='ocrx_word' id='word_1_354' title='bbox 482 2918 719 2989; x_wconf 83' lang='grc' dir='ltr'>βλέπειν,</span> <span class='ocrx_word' id='word_1_355' title='bbox 755 2918 849 2971; x_wconf 83' lang='grc' dir='ltr'><strong>καὶ</strong></span> <span class='ocrx_word' id='word_1_356' title='bbox 878 2917 940 2970; x_wconf 80' lang='grc' dir='ltr'><strong>τὸ</strong></span> <span class='ocrx_word' id='word_1_357' title='bbox 973 2918 1140 2970; x_wconf 87' lang='grc' dir='ltr'>νῶτον</span> <span class='ocrx_word' id='word_1_358' title='bbox 1174 2917 1354 2970; x_wconf 83' lang='grc' dir='ltr'>αὐτῶν</span> <span class='ocrx_word' id='word_1_359' title='bbox 1392 2916 1478 2969; x_wconf 76' lang='grc' dir='ltr'><strong>διὰ</strong></span> <span class='ocrx_word' id='word_1_360' title='bbox 1521 2916 1722 2979; x_wconf 84' lang='grc' dir='ltr'>παντὸς</span> <span class='ocrx_word' id='word_1_361' title='bbox 1751 2916 1957 2984; x_wconf 82' lang='grc' dir='ltr'>σύγκα-</span> 
     </span>
    </p>
   </div>
   <div class='ocr_carea' id='block_1_47' title="bbox 2066 2005 3634 2078">
    <p class='ocr_par' dir='ltr' id='par_1_47' title="bbox 2066 2005 3634 2078">
     <span class='ocr_line' id='line_1_47' title="bbox 2066 2005 3634 2078; baseline 0.001 -17"><span class='ocrx_word' id='word_1_362' title='bbox 2066 2006 2181 2075; x_wconf 88' lang='lat' dir='ltr'><strong>ipse</strong></span> <span class='ocrx_word' id='word_1_363' title='bbox 2228 2006 2395 2061; x_wconf 86' lang='lat' dir='ltr'><strong>Isaias</strong></span> <span class='ocrx_word' id='word_1_364' title='bbox 2420 2005 2726 2061; x_wconf 68' lang='lat' dir='ltr'><strong>Iudaeorum</strong></span> <span class='ocrx_word' id='word_1_365' title='bbox 2773 2007 3115 2063; x_wconf 88' lang='lat' dir='ltr'><strong>dicacitatem</strong></span> <span class='ocrx_word' id='word_1_366' title='bbox 3170 2012 3479 2078; x_wconf 87' lang='lat' dir='ltr'><strong>increpans,</strong></span> <span class='ocrx_word' id='word_1_367' title='bbox 3530 2025 3634 2078; x_wconf 87' lang='lat' dir='ltr'><strong>qua</strong></span> 
     </span>
    </p>
   </div>
   <div class='ocr_carea' id='block_1_48' title="bbox 2067 2096 3633 2169">
    <p class='ocr_par' dir='ltr' id='par_1_48' title="bbox 2067 2096 3633 2169">
     <span class='ocr_line' id='line_1_48' title="bbox 2067 2096 3633 2169; baseline 0.004 -19"><span class='ocrx_word' id='word_1_368' title='bbox 2067 2096 2150 2151; x_wconf 91' lang='lat' dir='ltr'><strong>usi</strong></span> <span class='ocrx_word' id='word_1_369' title='bbox 2181 2106 2309 2151; x_wconf 91' lang='lat' dir='ltr'><strong>sunt</strong></span> <span class='ocrx_word' id='word_1_370' title='bbox 2335 2107 2520 2151; x_wconf 57' lang='lat' dir='ltr'><strong>contra</strong></span> <span class='ocrx_word' id='word_1_371' title='bbox 2547 2098 2820 2154; x_wconf 85' lang='lat' dir='ltr'><strong>Christum</strong></span> <span class='ocrx_word' id='word_1_372' title='bbox 2853 2115 2867 2152; x_wconf 92' lang='lat'>:</span> <span class='ocrx_word' id='word_1_373' title='bbox 2903 2112 2922 2150; x_wconf 73' lang='grc' dir='ltr'><strong>ι</strong></span> <span class='ocrx_word' id='word_1_374' title='bbox 2959 2098 3083 2164; x_wconf 87' lang='lat' dir='ltr'><strong>Vos,</strong></span> <span class='ocrx_word' id='word_1_375' title='bbox 3122 2119 3141 2152; x_wconf 72' lang='grc' dir='ltr'><strong>ι</strong></span> <span class='ocrx_word' id='word_1_376' title='bbox 3181 2101 3383 2169; x_wconf 89' lang='lat' dir='ltr'><strong>inquit,</strong></span> <span class='ocrx_word' id='word_1_377' title='bbox 3419 2118 3438 2152; x_wconf 80' lang='grc' dir='ltr'>σ</span> <span class='ocrx_word' id='word_1_378' title='bbox 3477 2116 3633 2156; x_wconf 81' lang='lat' dir='ltr'><strong>acce-</strong></span> 
     </span>
    </p>
   </div>
   <div class='ocr_carea' id='block_1_49' title="bbox 2070 2187 3634 2257">
    <p class='ocr_par' dir='ltr' id='par_1_49' title="bbox 2070 2187 3634 2257">
     <span class='ocr_line' id='line_1_49' title="bbox 2070 2187 3634 2257; baseline 0.003 -17"><span class='ocrx_word' id='word_1_379' title='bbox 2070 2187 2181 2240; x_wconf 90' lang='lat' dir='ltr'><strong>dite</strong></span> <span class='ocrx_word' id='word_1_380' title='bbox 2217 2187 2357 2254; x_wconf 86' lang='lat' dir='ltr'><strong>huc;</strong></span> <span class='ocrx_word' id='word_1_381' title='bbox 2386 2187 2479 2241; x_wconf 79' lang='lat' dir='ltr'><strong>lilii</strong></span> <span class='ocrx_word' id='word_1_382' title='bbox 2519 2189 2727 2257; x_wconf 89' lang='lat' dir='ltr'><strong>iniqui,</strong></span> <span class='ocrx_word' id='word_1_383' title='bbox 2765 2204 2948 2244; x_wconf 87' lang='lat' dir='ltr'><strong>semen</strong></span> <span class='ocrx_word' id='word_1_384' title='bbox 2984 2188 3348 2246; x_wconf 88' lang='lat' dir='ltr'><strong>adulterorum</strong></span> <span class='ocrx_word' id='word_1_385' title='bbox 3375 2199 3432 2245; x_wconf 89' lang='lat' dir='ltr'><strong>et</strong></span> <span class='ocrx_word' id='word_1_386' title='bbox 3459 2206 3634 2246; x_wconf 75' lang='lat' dir='ltr'><strong>mere-</strong></span> 
     </span>
    </p>
   </div>
   <div class='ocr_carea' id='block_1_50' title="bbox 2065 2281 3637 2351">
    <p class='ocr_par' dir='ltr' id='par_1_50' title="bbox 2065 2281 3637 2351">
     <span class='ocr_line' id='line_1_50' title="bbox 2065 2281 3637 2351; baseline 0.001 -18"><span class='ocrx_word' id='word_1_387' title='bbox 2065 2281 2216 2335; x_wconf 92' lang='lat' dir='ltr'><strong>tricis</strong></span> <span class='ocrx_word' id='word_1_388' title='bbox 2247 2321 2264 2346; x_wconf 90' lang='lat'><strong>,</strong></span> <span class='ocrx_word' id='word_1_389' title='bbox 2318 2281 2405 2336; x_wconf 88' lang='lat' dir='ltr'><strong>cui</strong></span> <span class='ocrx_word' id='word_1_390' title='bbox 2452 2281 2793 2337; x_wconf 88' lang='lat' dir='ltr'><strong>insultastis?</strong></span> <span class='ocrx_word' id='word_1_391' title='bbox 2837 2282 2888 2336; x_wconf 91' lang='lat' dir='ltr'><strong>in</strong></span> <span class='ocrx_word' id='word_1_392' title='bbox 2920 2297 3079 2351; x_wconf 89' lang='lat' dir='ltr'><strong>quem</strong></span> <span class='ocrx_word' id='word_1_393' title='bbox 3124 2283 3416 2351; x_wconf 88' lang='lat' dir='ltr'><strong>aperuistis</strong></span> <span class='ocrx_word' id='word_1_394' title='bbox 3446 2297 3506 2337; x_wconf 88' lang='lat' dir='ltr'><strong>os</strong></span> <span class='ocrx_word' id='word_1_395' title='bbox 3543 2298 3637 2334; x_wconf 80' lang='lat' dir='ltr'><strong>vc-</strong></span> 
     </span>
    </p>
   </div>
   <div class='ocr_carea' id='block_1_51' title="bbox 2061 2373 3636 2445">
    <p class='ocr_par' dir='ltr' id='par_1_51' title="bbox 2061 2373 3636 2445">
     <span class='ocr_line' id='line_1_51' title="bbox 2061 2373 3636 2445; baseline -0.003 -17"><span class='ocrx_word' id='word_1_396' title='bbox 2061 2373 2270 2428; x_wconf 84' lang='lat' dir='ltr'><strong>strum?</strong></span> <span class='ocrx_word' id='word_1_397' title='bbox 2299 2373 2352 2428; x_wconf 90' lang='lat' dir='ltr'><strong>in</strong></span> <span class='ocrx_word' id='word_1_398' title='bbox 2385 2388 2543 2444; x_wconf 85' lang='lat' dir='ltr'><strong>quem</strong></span> <span class='ocrx_word' id='word_1_399' title='bbox 2599 2374 2821 2429; x_wconf 77' lang='lat' dir='ltr'><strong>laanIis</strong></span> <span class='ocrx_word' id='word_1_400' title='bbox 2865 2373 3099 2445; x_wconf 84' lang='lat' dir='ltr'><strong>linguam</strong></span> <span class='ocrx_word' id='word_1_401' title='bbox 3131 2373 3414 2430; x_wconf 85' lang='lat' dir='ltr'><strong>vestram?</strong></span> <span class='ocrx_word' id='word_1_402' title='bbox 3446 2373 3636 2427; x_wconf 79' lang='lat' dir='ltr'><strong>Nonne</strong></span> 
     </span>
    </p>
   </div>
   <div class='ocr_carea' id='block_1_52' title="bbox 2061 2465 3634 2536">
    <p class='ocr_par' dir='ltr' id='par_1_52' title="bbox 2061 2465 3634 2536">
     <span class='ocr_line' id='line_1_52' title="bbox 2061 2465 3634 2536; baseline -0.001 -19"><span class='ocrx_word' id='word_1_403' title='bbox 2061 2479 2158 2519; x_wconf 79' lang='lat' dir='ltr'><strong>vos</strong></span> <span class='ocrx_word' id='word_1_404' title='bbox 2185 2465 2275 2519; x_wconf 90' lang='lat' dir='ltr'><strong>lilii</strong></span> <span class='ocrx_word' id='word_1_405' title='bbox 2306 2466 2438 2520; x_wconf 80' lang='lat' dir='ltr'><strong>estis</strong></span> <span class='ocrx_word' id='word_1_406' title='bbox 2472 2467 2808 2536; x_wconf 89' lang='lat' dir='ltr'><strong>perditionis,</strong></span> <span class='ocrx_word' id='word_1_407' title='bbox 2840 2480 3026 2520; x_wconf 84' lang='lat' dir='ltr'><strong>semen</strong></span> <span class='ocrx_word' id='word_1_408' title='bbox 3050 2467 3290 2536; x_wconf 91' lang='lat' dir='ltr'><strong>iniquum</strong></span> <span class='ocrx_word' id='word_1_409' title='bbox 3310 2466 3382 2519; x_wconf 70' lang='grc' dir='ltr'><strong>εει</strong></span> <span class='ocrx_word' id='word_1_410' title='bbox 3415 2484 3434 2517; x_wconf 72' lang='grc' dir='ltr'><strong>ι</strong></span> <span class='ocrx_word' id='word_1_411' title='bbox 3463 2467 3634 2533; x_wconf 87' lang='lat' dir='ltr'><strong>Quin-</strong></span> 
     </span>
    </p>
   </div>
   <div class='ocr_carea' id='block_1_53' title="bbox 2061 2555 3632 2613">
    <p class='ocr_par' dir='ltr' id='par_1_53' title="bbox 2061 2555 3632 2613">
     <span class='ocr_line' id='line_1_53' title="bbox 2061 2555 3632 2613; baseline -0.001 -4"><span class='ocrx_word' id='word_1_412' title='bbox 2061 2555 2171 2610; x_wconf 91' lang='lat' dir='ltr'><strong>imo</strong></span> <span class='ocrx_word' id='word_1_413' title='bbox 2210 2566 2266 2609; x_wconf 89' lang='lat' dir='ltr'><strong>et</strong></span> <span class='ocrx_word' id='word_1_414' title='bbox 2305 2557 2494 2611; x_wconf 87' lang='lat' dir='ltr'><strong>beatus</strong></span> <span class='ocrx_word' id='word_1_415' title='bbox 2525 2558 2692 2612; x_wconf 88' lang='lat' dir='ltr'><strong>David</strong></span> <span class='ocrx_word' id='word_1_416' title='bbox 2736 2559 2803 2612; x_wconf 90' lang='lat' dir='ltr'><strong>de</strong></span> <span class='ocrx_word' id='word_1_417' title='bbox 2841 2559 2948 2613; x_wconf 90' lang='lat' dir='ltr'><strong>illis</strong></span> <span class='ocrx_word' id='word_1_418' title='bbox 2984 2559 3059 2612; x_wconf 91' lang='lat' dir='ltr'><strong>ait</strong></span> <span class='ocrx_word' id='word_1_419' title='bbox 3097 2576 3111 2613; x_wconf 91' lang='lat'><strong>:</strong></span> <span class='ocrx_word' id='word_1_420' title='bbox 3144 2577 3163 2610; x_wconf 73' lang='grc' dir='ltr'><strong>ι</strong></span> <span class='ocrx_word' id='word_1_421' title='bbox 3196 2557 3632 2613; x_wconf 78' lang='lat' dir='ltr'><strong>Obtenebrentur</strong></span> 
     </span>
    </p>
   </div>
   <div class='ocr_carea' id='block_1_54' title="bbox 2069 2647 3633 2713">
    <p class='ocr_par' dir='ltr' id='par_1_54' title="bbox 2069 2647 3633 2713">
     <span class='ocr_line' id='line_1_54' title="bbox 2069 2647 3633 2713; baseline -0.001 -13"><span class='ocrx_word' id='word_1_422' title='bbox 2069 2647 2209 2701; x_wconf 90' lang='lat' dir='ltr'><strong>oculi</strong></span> <span class='ocrx_word' id='word_1_423' title='bbox 2265 2661 2451 2701; x_wconf 90' lang='lat' dir='ltr'><strong>eorum</strong></span> <span class='ocrx_word' id='word_1_424' title='bbox 2479 2661 2546 2702; x_wconf 89' lang='lat' dir='ltr'><strong>ne</strong></span> <span class='ocrx_word' id='word_1_425' title='bbox 2578 2649 2817 2713; x_wconf 88' lang='lat' dir='ltr'><strong>videant,</strong></span> <span class='ocrx_word' id='word_1_426' title='bbox 2847 2657 2902 2704; x_wconf 89' lang='lat' dir='ltr'><strong>et</strong></span> <span class='ocrx_word' id='word_1_427' title='bbox 2930 2649 3148 2704; x_wconf 86' lang='lat' dir='ltr'><strong>dorsum</strong></span> <span class='ocrx_word' id='word_1_428' title='bbox 3181 2663 3366 2703; x_wconf 91' lang='lat' dir='ltr'><strong>eorum</strong></span> <span class='ocrx_word' id='word_1_429' title='bbox 3413 2650 3633 2702; x_wconf 89' lang='lat' dir='ltr'><strong>omnino</strong></span> 
     </span>
    </p>
   </div>
   <div class='ocr_carea' id='block_1_55' title="bbox 2062 2737 3632 2810">
    <p class='ocr_par' dir='ltr' id='par_1_55' title="bbox 2062 2737 3632 2810">
     <span class='ocr_line' id='line_1_55' title="bbox 2062 2737 3632 2810; baseline 0.001 -17"><span class='ocrx_word' id='word_1_430' title='bbox 2062 2737 2287 2793; x_wconf 86' lang='lat' dir='ltr'><strong>incurva</strong></span> <span class='ocrx_word' id='word_1_431' title='bbox 2321 2740 2385 2792; x_wconf 82' lang='grc'><strong>⁸³.</strong></span> <span class='ocrx_word' id='word_1_432' title='bbox 2424 2759 2443 2792; x_wconf 77' lang='grc' dir='ltr'><strong>ι</strong></span> <span class='ocrx_word' id='word_1_433' title='bbox 2471 2740 2606 2795; x_wconf 89' lang='lat' dir='ltr'><strong>Sunt</strong></span> <span class='ocrx_word' id='word_1_434' title='bbox 2634 2755 2762 2796; x_wconf 88' lang='lat' dir='ltr'><strong>vero</strong></span> <span class='ocrx_word' id='word_1_435' title='bbox 2793 2743 3048 2810; x_wconf 70' lang='lat' dir='ltr'><strong>praeterea</strong></span> <span class='ocrx_word' id='word_1_436' title='bbox 3072 2741 3377 2810; x_wconf 87' lang='lat' dir='ltr'><strong>complures</strong></span> <span class='ocrx_word' id='word_1_437' title='bbox 3413 2751 3632 2794; x_wconf 88' lang='lat' dir='ltr'><strong>sancto-</strong></span> 
     </span>
    </p>
   </div>
   <div class='ocr_carea' id='block_1_56' title="bbox 2068 2830 3633 2903">
    <p class='ocr_par' dir='ltr' id='par_1_56' title="bbox 2068 2830 3633 2903">
     <span class='ocr_line' id='line_1_56' title="bbox 2068 2830 3633 2903; baseline 0.002 -20"><span class='ocrx_word' id='word_1_438' title='bbox 2068 2844 2188 2884; x_wconf 85' lang='lat' dir='ltr'><strong>rum</strong></span> <span class='ocrx_word' id='word_1_439' title='bbox 2232 2833 2615 2901; x_wconf 82' lang='lat' dir='ltr'><strong>prOphetarum</strong></span> <span class='ocrx_word' id='word_1_440' title='bbox 2651 2847 2932 2888; x_wconf 87' lang='lat' dir='ltr'><strong>sermones</strong></span> <span class='ocrx_word' id='word_1_441' title='bbox 2960 2843 3148 2888; x_wconf 90' lang='lat' dir='ltr'><strong>contra</strong></span> <span class='ocrx_word' id='word_1_442' title='bbox 3176 2833 3452 2888; x_wconf 83' lang='lat' dir='ltr'><strong>Judaicam</strong></span> <span class='ocrx_word' id='word_1_443' title='bbox 3492 2830 3633 2903; x_wconf 87' lang='lat' dir='ltr'><strong>Syn-</strong></span> 
     </span>
    </p>
   </div>
   <div class='ocr_carea' id='block_1_57' title="bbox 2064 2921 3488 2992">
    <p class='ocr_par' dir='ltr' id='par_1_57' title="bbox 2064 2921 3488 2992">
     <span class='ocr_line' id='line_1_57' title="bbox 2064 2921 3488 2992; baseline 0.004 -21"><span class='ocrx_word' id='word_1_444' title='bbox 2064 2933 2308 2990; x_wconf 81' lang='lat' dir='ltr'><strong>agogam,</strong></span> <span class='ocrx_word' id='word_1_445' title='bbox 2335 2931 2556 2989; x_wconf 89' lang='lat' dir='ltr'><strong>propter</strong></span> <span class='ocrx_word' id='word_1_446' title='bbox 2581 2921 2718 2976; x_wconf 88' lang='lat' dir='ltr'><strong>hanc</strong></span> <span class='ocrx_word' id='word_1_447' title='bbox 2741 2923 2797 2976; x_wconf 90' lang='lat' dir='ltr'><strong>in</strong></span> <span class='ocrx_word' id='word_1_448' title='bbox 2831 2921 3109 2978; x_wconf 88' lang='lat' dir='ltr'><strong>Christum</strong></span> <span class='ocrx_word' id='word_1_449' title='bbox 3139 2923 3488 2992; x_wconf 88' lang='lat' dir='ltr'><strong>impietatem.</strong></span> 
     </span>
    </p>
   </div>
   <div class='ocr_carea' id='block_1_58' title="bbox 375 3011 3633 3090">
    <p class='ocr_par' dir='ltr' id='par_1_58' title="bbox 375 3011 3633 3090">
     <span class='ocr_line' id='line_1_58' title="bbox 375 3011 3633 3090; baseline 0.002 -25"><span class='ocrx_word' id='word_1_450' title='bbox 375 3013 495 3081; x_wconf 73' lang='grc' dir='ltr'>ψον.</span> <span class='ocrx_word' id='word_1_451' title='bbox 530 3032 547 3064; x_wconf 78' lang='grc' dir='ltr'><strong>ι</strong></span> <span class='ocrx_word' id='word_1_452' title='bbox 583 3013 833 3066; x_wconf 84' lang='grc' dir='ltr'>Πλεῖστοί</span> <span class='ocrx_word' id='word_1_453' title='bbox 856 3031 918 3066; x_wconf 88' lang='grc' dir='ltr'><strong>τε</strong></span> <span class='ocrx_word' id='word_1_454' title='bbox 945 3014 1058 3066; x_wconf 81' lang='grc' dir='ltr'>ὅσοι</span> <span class='ocrx_word' id='word_1_455' title='bbox 1097 3012 1236 3082; x_wconf 84' lang='grc' dir='ltr'>πρὸς</span> <span class='ocrx_word' id='word_1_456' title='bbox 1261 3011 1418 3064; x_wconf 83' lang='grc' dir='ltr'>τοῦτο</span> <span class='ocrx_word' id='word_1_457' title='bbox 1451 3012 1603 3082; x_wconf 76' lang='grc' dir='ltr'>παρὰ</span> <span class='ocrx_word' id='word_1_458' title='bbox 1643 3012 1750 3064; x_wconf 88' lang='grc' dir='ltr'><strong>τῶν</strong></span> <span class='ocrx_word' id='word_1_459' title='bbox 1779 3012 1952 3080; x_wconf 82' lang='grc' dir='ltr'>ἁγίων</span> <span class='ocrx_word' id='word_1_460' title='bbox 1992 3014 2284 3084; x_wconf 73' lang='grc' dir='ltr'>προφητῶν</span> <span class='ocrx_word' id='word_1_461' title='bbox 2351 3015 2605 3086; x_wconf 87' lang='grc' dir='ltr'>γεγόνασι</span> <span class='ocrx_word' id='word_1_462' title='bbox 2651 3018 2798 3087; x_wconf 87' lang='grc' dir='ltr'>λόγοι</span> <span class='ocrx_word' id='word_1_463' title='bbox 2845 3019 2985 3073; x_wconf 84' lang='grc' dir='ltr'><strong>κατά</strong></span> <span class='ocrx_word' id='word_1_464' title='bbox 3037 3018 3136 3090; x_wconf 83' lang='grc' dir='ltr'>τῆς</span> <span class='ocrx_word' id='word_1_465' title='bbox 3181 3017 3290 3072; x_wconf 86' lang='grc' dir='ltr'><strong>τῶν</strong></span> <span class='ocrx_word' id='word_1_466' title='bbox 3365 3016 3633 3071; x_wconf 82' lang='grc' dir='ltr'>Ἰουδαίων</span> 
     </span>
    </p>
   </div>
   <div class='ocr_carea' id='block_1_59' title="bbox 378 3106 1691 3180">
    <p class='ocr_par' dir='ltr' id='par_1_59' title="bbox 378 3106 1691 3180">
     <span class='ocr_line' id='line_1_59' title="bbox 378 3106 1691 3180; baseline 0.002 -20"><span class='ocrx_word' id='word_1_467' title='bbox 378 3108 722 3180; x_wconf 78' lang='grc' dir='ltr'>συναγωγῆς,</span> <span class='ocrx_word' id='word_1_468' title='bbox 753 3109 840 3163; x_wconf 80' lang='grc' dir='ltr'>διὰ</span> <span class='ocrx_word' id='word_1_469' title='bbox 870 3109 969 3180; x_wconf 87' lang='grc' dir='ltr'><strong>τὴν</strong></span> <span class='ocrx_word' id='word_1_470' title='bbox 993 3111 1073 3171; x_wconf 79' lang='grc' dir='ltr'><strong>εἰς</strong></span> <span class='ocrx_word' id='word_1_471' title='bbox 1100 3106 1333 3178; x_wconf 81' lang='grc' dir='ltr'>Χριστὸν</span> <span class='ocrx_word' id='word_1_472' title='bbox 1355 3107 1691 3163; x_wconf 78' lang='grc' dir='ltr'>δυσσέϐειαν.</span> 
     </span>
    </p>
   </div>
   <div class='ocr_carea' id='block_1_60' title="bbox 446 3221 1956 3302">
    <p class='ocr_par' dir='ltr' id='par_1_60' title="bbox 446 3226 1949 3298">
     <span class='ocr_line' id='line_1_60' title="bbox 446 3226 1949 3298; baseline -0.004 -15"><span class='ocrx_word' id='word_1_473' title='bbox 446 3229 541 3283; x_wconf 64' lang='grc' dir='ltr'><strong>(διὸ</strong></span> <span class='ocrx_word' id='word_1_474' title='bbox 566 3230 673 3283; x_wconf 77' lang='grc' dir='ltr'><strong>τὸν</strong></span> <span class='ocrx_word' id='word_1_475' title='bbox 699 3232 889 3298; x_wconf 68' lang='grc' dir='ltr'>φόϐον</span> <span class='ocrx_word' id='word_1_476' title='bbox 924 3244 1063 3294; x_wconf 86' lang='grc' dir='ltr'>σου,</span> <span class='ocrx_word' id='word_1_477' title='bbox 1086 3228 1279 3294; x_wconf 75' lang='grc' dir='ltr'>Κύριε,</span> <span class='ocrx_word' id='word_1_478' title='bbox 1312 3227 1379 3279; x_wconf 81' lang='grc' dir='ltr'><strong>ἐν</strong></span> <span class='ocrx_word' id='word_1_479' title='bbox 1400 3226 1610 3296; x_wconf 76' lang='grc' dir='ltr'>γαστρὶ</span> <span class='ocrx_word' id='word_1_480' title='bbox 1638 3227 1949 3295; x_wconf 77' lang='grc' dir='ltr'>ἐλάϐομεν,</span> 
     </span>
    </p>
   </div>
   <div class='ocr_carea' id='block_1_61' title="bbox 2061 3221 3630 3302">
    <p class='ocr_par' dir='ltr' id='par_1_61' title="bbox 2126 3221 3630 3294">
     <span class='ocr_line' id='line_1_61' title="bbox 2126 3221 3630 3294; baseline 0.003 -18"><span class='ocrx_word' id='word_1_481' title='bbox 2126 3222 2290 3278; x_wconf 73' lang='lat' dir='ltr'><strong>Vens.</strong></span> <span class='ocrx_word' id='word_1_482' title='bbox 2325 3223 2413 3278; x_wconf 84' lang='grc'><strong>18.</strong></span> <span class='ocrx_word' id='word_1_483' title='bbox 2460 3221 2686 3294; x_wconf 75' lang='lat' dir='ltr'><strong>Propter</strong></span> <span class='ocrx_word' id='word_1_484' title='bbox 2740 3226 2978 3279; x_wconf 81' lang='lat' dir='ltr'><strong>timorem</strong></span> <span class='ocrx_word' id='word_1_485' title='bbox 3027 3235 3209 3292; x_wconf 84' lang='lat' dir='ltr'><strong>tuum,</strong></span> <span class='ocrx_word' id='word_1_486' title='bbox 3261 3225 3503 3293; x_wconf 78' lang='lat' dir='ltr'><strong>Domine,</strong></span> <span class='ocrx_word' id='word_1_487' title='bbox 3539 3247 3630 3283; x_wconf 76' lang='lat' dir='ltr'><strong>nas</strong></span> 
     </span>
    </p>
   </div>
   <div class='ocr_carea' id='block_1_62' title="bbox 375 3318 1952 3390">
    <p class='ocr_par' dir='ltr' id='par_1_62' title="bbox 375 3318 1952 3390">
     <span class='ocr_line' id='line_1_62' title="bbox 375 3318 1952 3390; baseline -0.005 -12"><span class='ocrx_word' id='word_1_488' title='bbox 375 3325 472 3378; x_wconf 74' lang='grc' dir='ltr'>καὶ</span> <span class='ocrx_word' id='word_1_489' title='bbox 509 3321 906 3390; x_wconf 75' lang='grc' dir='ltr'>ῶδινήσαμεν,</span> <span class='ocrx_word' id='word_1_490' title='bbox 944 3323 1040 3373; x_wconf 76' lang='grc' dir='ltr'>καὶ</span> <span class='ocrx_word' id='word_1_491' title='bbox 1070 3319 1350 3386; x_wconf 78' lang='grc' dir='ltr'>ἐτέκομεν</span> <span class='ocrx_word' id='word_1_492' title='bbox 1374 3320 1610 3388; x_wconf 75' lang='grc' dir='ltr'>πνεῦμα</span> <span class='ocrx_word' id='word_1_493' title='bbox 1637 3318 1952 3385; x_wconf 78' lang='grc' dir='ltr'>σωτηρίας,</span> 
     </span>
    </p>
   </div>
   <div class='ocr_carea' id='block_1_63' title="bbox 376 3410 1206 3482">
    <p class='ocr_par' dir='ltr' id='par_1_63' title="bbox 376 3410 1206 3482">
     <span class='ocr_line' id='line_1_63' title="bbox 376 3410 1206 3482; baseline -0.002 -16"><span class='ocrx_word' id='word_1_494' title='bbox 376 3411 408 3466; x_wconf 87' lang='grc' dir='ltr'><strong>ὃ</strong></span> <span class='ocrx_word' id='word_1_495' title='bbox 432 3413 778 3482; x_wconf 73' lang='grc' dir='ltr'>ἐκυήσαμεν</span> <span class='ocrx_word' id='word_1_496' title='bbox 815 3414 912 3466; x_wconf 80' lang='grc' dir='ltr'><strong>ἐπὶ</strong></span> <span class='ocrx_word' id='word_1_497' title='bbox 939 3410 1044 3479; x_wconf 81' lang='grc' dir='ltr'>τῆς</span> <span class='ocrx_word' id='word_1_498' title='bbox 1080 3411 1206 3480; x_wconf 70' lang='grc' dir='ltr'>γῆς.</span> 
     </span>
    </p>
   </div>
   <div class='ocr_carea' id='block_1_64' title="bbox 449 3523 1955 3598">
    <p class='ocr_par' dir='ltr' id='par_1_64' title="bbox 449 3523 1955 3598">
     <span class='ocr_line' id='line_1_64' title="bbox 449 3523 1955 3598; baseline -0.005 -16"><span class='ocrx_word' id='word_1_499' title='bbox 449 3533 510 3582; x_wconf 83' lang='lat' dir='ltr'><strong>Ui</strong></span> <span class='ocrx_word' id='word_1_500' title='bbox 537 3530 806 3598; x_wconf 80' lang='grc' dir='ltr'>λέγοντες,</span> <span class='ocrx_word' id='word_1_501' title='bbox 840 3529 902 3581; x_wconf 81' lang='grc' dir='ltr'>ἐκ</span> <span class='ocrx_word' id='word_1_502' title='bbox 945 3528 1219 3596; x_wconf 80' lang='grc' dir='ltr'>φιλοθεΐας</span> <span class='ocrx_word' id='word_1_503' title='bbox 1261 3527 1512 3595; x_wconf 84' lang='grc' dir='ltr'>γενέσθαι</span> <span class='ocrx_word' id='word_1_504' title='bbox 1556 3525 1636 3596; x_wconf 82' lang='grc' dir='ltr'>τῷ</span> <span class='ocrx_word' id='word_1_505' title='bbox 1687 3523 1955 3595; x_wconf 86' lang='grc' dir='ltr'>ἀγαπητῷ</span> 
     </span>
    </p>
   </div>
   <div class='ocr_carea' id='block_1_65' title="bbox 375 3614 1956 3690">
    <p class='ocr_par' dir='ltr' id='par_1_65' title="bbox 375 3614 1956 3690">
     <span class='ocr_line' id='line_1_65' title="bbox 375 3614 1956 3690; baseline -0.004 -18"><span class='ocrx_word' id='word_1_506' title='bbox 375 3618 470 3672; x_wconf 87' lang='grc' dir='ltr'><strong>τοῦ</strong></span> <span class='ocrx_word' id='word_1_507' title='bbox 510 3618 720 3690; x_wconf 79' lang='grc' dir='ltr'>Πατρὸς</span> <span class='ocrx_word' id='word_1_508' title='bbox 741 3659 754 3682; x_wconf 92' lang='grc'><strong>,</strong></span> <span class='ocrx_word' id='word_1_509' title='bbox 784 3619 939 3687; x_wconf 75' lang='grc' dir='ltr'>δῆλον</span> <span class='ocrx_word' id='word_1_510' title='bbox 973 3619 1028 3670; x_wconf 80' lang='grc' dir='ltr'><strong>δὲ</strong></span> <span class='ocrx_word' id='word_1_511' title='bbox 1057 3619 1137 3670; x_wconf 80' lang='grc' dir='ltr'>ὅτι</span> <span class='ocrx_word' id='word_1_512' title='bbox 1158 3617 1234 3687; x_wconf 79' lang='grc' dir='ltr'>τῷ</span> <span class='ocrx_word' id='word_1_513' title='bbox 1265 3615 1399 3686; x_wconf 82' lang='grc' dir='ltr'>Υίῷ,</span> <span class='ocrx_word' id='word_1_514' title='bbox 1418 3615 1666 3686; x_wconf 87' lang='grc' dir='ltr'>καθάπερ</span> <span class='ocrx_word' id='word_1_515' title='bbox 1694 3614 1956 3666; x_wconf 83' lang='grc' dir='ltr'>ὠδίνουσα</span> 
     </span>
    </p>
   </div>
   <div class='ocr_carea' id='block_1_66' title="bbox 375 3705 1953 3782">
    <p class='ocr_par' dir='ltr' id='par_1_66' title="bbox 375 3705 1953 3782">
     <span class='ocr_line' id='line_1_66' title="bbox 375 3705 1953 3782; baseline -0.004 -19"><span class='ocrx_word' id='word_1_516' title='bbox 375 3712 512 3782; x_wconf 83' lang='grc' dir='ltr'>γυνὴ</span> <span class='ocrx_word' id='word_1_517' title='bbox 533 3715 598 3782; x_wconf 78' lang='grc' dir='ltr'>τῇ</span> <span class='ocrx_word' id='word_1_518' title='bbox 629 3710 724 3764; x_wconf 89' lang='grc' dir='ltr'><strong>τοῦ</strong></span> <span class='ocrx_word' id='word_1_519' title='bbox 754 3711 911 3778; x_wconf 88' lang='grc' dir='ltr'>λόγου</span> <span class='ocrx_word' id='word_1_520' title='bbox 943 3712 1116 3781; x_wconf 86' lang='grc' dir='ltr'>τροπῇ</span> <span class='ocrx_word' id='word_1_521' title='bbox 1153 3709 1415 3778; x_wconf 81' lang='grc' dir='ltr'>νουνεχῶς</span> <span class='ocrx_word' id='word_1_522' title='bbox 1449 3707 1798 3778; x_wconf 79' lang='grc' dir='ltr'>ἐμμένοντες,</span> <span class='ocrx_word' id='word_1_523' title='bbox 1826 3705 1953 3758; x_wconf 79' lang='grc' dir='ltr'>ὠδι-</span> 
     </span>
    </p>
   </div>
   <div class='ocr_carea' id='block_1_67' title="bbox 376 3798 1948 3874">
    <p class='ocr_par' dir='ltr' id='par_1_67' title="bbox 376 3798 1948 3874">
     <span class='ocr_line' id='line_1_67' title="bbox 376 3798 1948 3874; baseline -0.006 -16"><span class='ocrx_word' id='word_1_524' title='bbox 376 3804 536 3874; x_wconf 83' lang='grc' dir='ltr'>νῆσαί</span> <span class='ocrx_word' id='word_1_525' title='bbox 563 3804 622 3856; x_wconf 89' lang='grc' dir='ltr'><strong>τέ</strong></span> <span class='ocrx_word' id='word_1_526' title='bbox 652 3821 781 3872; x_wconf 85' lang='grc' dir='ltr'>φασι</span> <span class='ocrx_word' id='word_1_527' title='bbox 831 3804 924 3857; x_wconf 80' lang='grc' dir='ltr'><strong>καὶ</strong></span> <span class='ocrx_word' id='word_1_528' title='bbox 958 3803 1063 3874; x_wconf 83' lang='grc' dir='ltr'>μὴν</span> <span class='ocrx_word' id='word_1_529' title='bbox 1098 3805 1189 3856; x_wconf 72' lang='grc' dir='ltr'>καὶ</span> <span class='ocrx_word' id='word_1_530' title='bbox 1221 3801 1500 3870; x_wconf 78' lang='grc' dir='ltr'>εἰληφέναι</span> <span class='ocrx_word' id='word_1_531' title='bbox 1528 3799 1668 3852; x_wconf 80' lang='grc' dir='ltr'>κατὰ</span> <span class='ocrx_word' id='word_1_532' title='bbox 1695 3798 1948 3868; x_wconf 79' lang='grc' dir='ltr'>γαστρὸς,</span> 
     </span>
    </p>
   </div>
   <div class='ocr_carea' id='block_1_68' title="bbox 377 3888 1952 3966">
    <p class='ocr_par' dir='ltr' id='par_1_68' title="bbox 377 3888 1952 3966">
     <span class='ocr_line' id='line_1_68' title="bbox 377 3888 1952 3966; baseline -0.006 -17"><span class='ocrx_word' id='word_1_533' title='bbox 377 3898 470 3949; x_wconf 77' lang='grc' dir='ltr'><strong>καὶ</strong></span> <span class='ocrx_word' id='word_1_534' title='bbox 498 3897 596 3965; x_wconf 74' lang='grc' dir='ltr'>τῆς</span> <span class='ocrx_word' id='word_1_535' title='bbox 637 3897 908 3966; x_wconf 82' lang='grc' dir='ltr'>σωτηρίας</span> <span class='ocrx_word' id='word_1_536' title='bbox 937 3897 995 3948; x_wconf 85' lang='grc' dir='ltr'><strong>τὸ</strong></span> <span class='ocrx_word' id='word_1_537' title='bbox 1025 3894 1241 3964; x_wconf 83' lang='grc' dir='ltr'>πνεῦμα.</span> <span class='ocrx_word' id='word_1_538' title='bbox 1276 3895 1455 3945; x_wconf 83' lang='grc' dir='ltr'>τεκεῖν</span> <span class='ocrx_word' id='word_1_539' title='bbox 1484 3892 1576 3944; x_wconf 74' lang='grc' dir='ltr'><strong>ἐπὶ</strong></span> <span class='ocrx_word' id='word_1_540' title='bbox 1595 3891 1715 3960; x_wconf 83' lang='grc' dir='ltr'>γῆς.</span> <span class='ocrx_word' id='word_1_541' title='bbox 1745 3888 1952 3960; x_wconf 84' lang='grc' dir='ltr'>Πρέπει</span> 
     </span>
    </p>
   </div>
   <div class='ocr_carea' id='block_1_69' title="bbox 375 3984 1952 4057">
    <p class='ocr_par' dir='ltr' id='par_1_69' title="bbox 375 3984 1952 4057">
     <span class='ocr_line' id='line_1_69' title="bbox 375 3984 1952 4057; baseline -0.004 -15"><span class='ocrx_word' id='word_1_542' title='bbox 375 3988 422 4041; x_wconf 82' lang='grc' dir='ltr'>δ’</span> <span class='ocrx_word' id='word_1_543' title='bbox 451 3987 538 4051; x_wconf 80' lang='grc' dir='ltr'><strong>ἂν,</strong></span> <span class='ocrx_word' id='word_1_544' title='bbox 563 3988 637 4052; x_wconf 80' lang='grc' dir='ltr'>ὡς</span> <span class='ocrx_word' id='word_1_545' title='bbox 674 3988 830 4057; x_wconf 74' lang='grc' dir='ltr'>ἔφην,</span> <span class='ocrx_word' id='word_1_546' title='bbox 863 3991 890 4040; x_wconf 89' lang='grc' dir='ltr'>ὀ</span> <span class='ocrx_word' id='word_1_547' title='bbox 924 3988 1165 4050; x_wconf 87' lang='grc' dir='ltr'>τοιοῦτος</span> <span class='ocrx_word' id='word_1_548' title='bbox 1212 3987 1367 4055; x_wconf 84' lang='grc' dir='ltr'>λόγος</span> <span class='ocrx_word' id='word_1_549' title='bbox 1420 3987 1730 4056; x_wconf 82' lang='grc' dir='ltr'>προφήταις</span> <span class='ocrx_word' id='word_1_550' title='bbox 1777 4001 1837 4036; x_wconf 89' lang='grc' dir='ltr'><strong>τε</strong></span> <span class='ocrx_word' id='word_1_551' title='bbox 1858 3984 1952 4036; x_wconf 76' lang='grc' dir='ltr'><strong>καὶ</strong></span> 
     </span>
    </p>
   </div>
   <div class='ocr_carea' id='block_1_70' title="bbox 374 4073 1950 4148">
    <p class='ocr_par' dir='ltr' id='par_1_70' title="bbox 374 4073 1950 4148">
     <span class='ocr_line' id='line_1_70' title="bbox 374 4073 1950 4148; baseline -0.004 -15"><span class='ocrx_word' id='word_1_552' title='bbox 374 4079 553 4148; x_wconf 78' lang='grc' dir='ltr'>ἁγίοις</span> <span class='ocrx_word' id='word_1_553' title='bbox 576 4080 890 4141; x_wconf 84' lang='grc' dir='ltr'>ἀποστόλοις</span> <span class='ocrx_word' id='word_1_554' title='bbox 920 4095 979 4130; x_wconf 89' lang='grc' dir='ltr'><strong>τε</strong></span> <span class='ocrx_word' id='word_1_555' title='bbox 1028 4079 1121 4130; x_wconf 75' lang='grc' dir='ltr'>καὶ</span> <span class='ocrx_word' id='word_1_556' title='bbox 1142 4077 1548 4145; x_wconf 78' lang='grc' dir='ltr'>εὐαγγελισταῖς</span> <span class='ocrx_word' id='word_1_557' title='bbox 1567 4077 1616 4128; x_wconf 72' lang='lat' dir='ltr'><strong>oi.</strong></span> <span class='ocrx_word' id='word_1_558' title='bbox 1633 4075 1731 4143; x_wconf 81' lang='grc' dir='ltr'>τῆς</span> <span class='ocrx_word' id='word_1_559' title='bbox 1747 4073 1950 4129; x_wconf 87' lang='grc' dir='ltr'>ἄνωθεν</span> 
     </span>
    </p>
   </div>
   <div class='ocr_carea' id='block_1_71' title="bbox 379 4162 1950 4241">
    <p class='ocr_par' dir='ltr' id='par_1_71' title="bbox 379 4162 1950 4241">
     <span class='ocr_line' id='line_1_71' title="bbox 379 4162 1950 4241; baseline -0.003 -18"><span class='ocrx_word' id='word_1_560' title='bbox 379 4170 770 4241; x_wconf 86' lang='grc' dir='ltr'>μυσταγωγίας</span> <span class='ocrx_word' id='word_1_561' title='bbox 789 4169 1285 4232; x_wconf 85' lang='grc' dir='ltr'>καταπλουτοῦντες</span> <span class='ocrx_word' id='word_1_562' title='bbox 1303 4167 1402 4239; x_wconf 83' lang='grc' dir='ltr'>τὴν</span> <span class='ocrx_word' id='word_1_563' title='bbox 1435 4167 1694 4239; x_wconf 86' lang='grc' dir='ltr'>χορηγίαν</span> <span class='ocrx_word' id='word_1_564' title='bbox 1719 4166 1813 4220; x_wconf 73' lang='grc' dir='ltr'><strong>καὶ</strong></span> <span class='ocrx_word' id='word_1_565' title='bbox 1840 4162 1950 4219; x_wconf 81' lang='grc' dir='ltr'>οἷόν</span> 
     </span>
    </p>
   </div>
   <div class='ocr_carea' id='block_1_72' title="bbox 375 4260 1950 4333">
    <p class='ocr_par' dir='ltr' id='par_1_72' title="bbox 375 4260 1950 4333">
     <span class='ocr_line' id='line_1_72' title="bbox 375 4260 1950 4333; baseline -0.003 -17"><span class='ocrx_word' id='word_1_566' title='bbox 375 4280 530 4326; x_wconf 84' lang='grc' dir='ltr'>τινας</span> <span class='ocrx_word' id='word_1_567' title='bbox 585 4264 807 4332; x_wconf 79' lang='grc' dir='ltr'>νοητοὺς</span> <span class='ocrx_word' id='word_1_568' title='bbox 845 4263 1124 4332; x_wconf 86' lang='grc' dir='ltr'>δεχόμενοι</span> <span class='ocrx_word' id='word_1_569' title='bbox 1173 4263 1579 4333; x_wconf 82' lang='grc' dir='ltr'>σπερματικοὺς</span> <span class='ocrx_word' id='word_1_570' title='bbox 1634 4260 1950 4314; x_wconf 84' lang='grc' dir='ltr'>ὲκτετόκασι</span> 
     </span>
    </p>
   </div>
   <div class='ocr_carea' id='block_1_73' title="bbox 376 4352 1949 4427">
    <p class='ocr_par' dir='ltr' id='par_1_73' title="bbox 376 4352 1949 4427">
     <span class='ocr_line' id='line_1_73' title="bbox 376 4352 1949 4427; baseline -0.004 -17"><span class='ocrx_word' id='word_1_571' title='bbox 376 4361 488 4420; x_wconf 83' lang='grc' dir='ltr'>τοῖς</span> <span class='ocrx_word' id='word_1_572' title='bbox 507 4358 600 4410; x_wconf 72' lang='grc' dir='ltr'><strong>ἐπὶ</strong></span> <span class='ocrx_word' id='word_1_573' title='bbox 620 4356 720 4426; x_wconf 84' lang='grc' dir='ltr'>τῆς</span> <span class='ocrx_word' id='word_1_574' title='bbox 742 4358 846 4427; x_wconf 84' lang='grc' dir='ltr'>γῆς</span> <span class='ocrx_word' id='word_1_575' title='bbox 868 4354 1083 4425; x_wconf 86' lang='grc' dir='ltr'>πνεῦμα</span> <span class='ocrx_word' id='word_1_576' title='bbox 1115 4356 1409 4425; x_wconf 76' lang='grc' dir='ltr'>σωτηρίας,</span> <span class='ocrx_word' id='word_1_577' title='bbox 1431 4353 1574 4406; x_wconf 87' lang='grc' dir='ltr'>τοῦτ’</span> <span class='ocrx_word' id='word_1_578' title='bbox 1601 4352 1737 4416; x_wconf 84' lang='grc' dir='ltr'>ἔστι,</span> <span class='ocrx_word' id='word_1_579' title='bbox 1764 4353 1862 4423; x_wconf 80' lang='grc' dir='ltr'>τὴν</span> <span class='ocrx_word' id='word_1_580' title='bbox 1892 4354 1949 4405; x_wconf 86' lang='grc' dir='ltr'><strong>ὲν</strong></span> 
     </span>
    </p>
   </div>
   <div class='ocr_carea' id='block_1_74' title="bbox 375 4443 1949 4517">
    <p class='ocr_par' dir='ltr' id='par_1_74' title="bbox 375 4443 1949 4517">
     <span class='ocr_line' id='line_1_74' title="bbox 375 4443 1949 4517; baseline -0.003 -19"><span class='ocrx_word' id='word_1_581' title='bbox 375 4446 644 4517; x_wconf 78' lang='grc' dir='ltr'>πνεύματι</span> <span class='ocrx_word' id='word_1_582' title='bbox 675 4445 1038 4508; x_wconf 81' lang='grc' dir='ltr'>διδασκαλίαν,</span> <span class='ocrx_word' id='word_1_583' title='bbox 1065 4446 1098 4516; x_wconf 86' lang='grc' dir='ltr'><strong>ἥ</strong></span> <span class='ocrx_word' id='word_1_584' title='bbox 1147 4446 1240 4499; x_wconf 78' lang='grc' dir='ltr'>καὶ</span> <span class='ocrx_word' id='word_1_585' title='bbox 1279 4445 1422 4515; x_wconf 80' lang='grc' dir='ltr'>ζωῆς</span> <span class='ocrx_word' id='word_1_586' title='bbox 1450 4445 1566 4497; x_wconf 83' lang='grc' dir='ltr'>ἐστι</span> <span class='ocrx_word' id='word_1_587' title='bbox 1587 4444 1686 4514; x_wconf 78' lang='grc' dir='ltr'>τῆς</span> <span class='ocrx_word' id='word_1_588' title='bbox 1715 4445 1794 4506; x_wconf 85' lang='grc' dir='ltr'><strong>είς</strong></span> <span class='ocrx_word' id='word_1_589' title='bbox 1819 4443 1949 4495; x_wconf 77' lang='grc' dir='ltr'>αἰῶ-</span> 
     </span>
    </p>
   </div>
   <div class='ocr_carea' id='block_1_75' title="bbox 374 4534 1948 4610">
    <p class='ocr_par' dir='ltr' id='par_1_75' title="bbox 374 4534 1948 4610">
     <span class='ocr_line' id='line_1_75' title="bbox 374 4534 1948 4610; baseline -0.003 -20"><span class='ocrx_word' id='word_1_590' title='bbox 374 4557 470 4602; x_wconf 89' lang='grc' dir='ltr'><strong>νας</strong></span> <span class='ocrx_word' id='word_1_591' title='bbox 503 4539 778 4610; x_wconf 82' lang='grc' dir='ltr'>πρόξενος.</span> <span class='ocrx_word' id='word_1_592' title='bbox 802 4538 961 4602; x_wconf 79' lang='grc' dir='ltr'>Ἐθος</span> <span class='ocrx_word' id='word_1_593' title='bbox 986 4537 1094 4607; x_wconf 85' lang='grc' dir='ltr'><strong>γὰρ</strong></span> <span class='ocrx_word' id='word_1_594' title='bbox 1116 4541 1183 4608; x_wconf 81' lang='grc' dir='ltr'>τῇ</span> <span class='ocrx_word' id='word_1_595' title='bbox 1214 4539 1336 4607; x_wconf 76' lang='grc' dir='ltr'>θεία</span> <span class='ocrx_word' id='word_1_596' title='bbox 1361 4537 1549 4608; x_wconf 73' lang='grc' dir='ltr'>Γραφῇ</span> <span class='ocrx_word' id='word_1_597' title='bbox 1569 4534 1785 4605; x_wconf 87' lang='grc' dir='ltr'>πνεῦμα</span> <span class='ocrx_word' id='word_1_598' title='bbox 1804 4535 1948 4587; x_wconf 86' lang='grc' dir='ltr'>πλει-</span> 
     </span>
    </p>
   </div>
   <div class='ocr_carea' id='block_1_76' title="bbox 2059 3317 3630 3392">
    <p class='ocr_par' dir='ltr' id='par_1_76' title="bbox 2059 3317 3630 3392">
     <span class='ocr_line' id='line_1_76' title="bbox 2059 3317 3630 3392; baseline 0.004 -24"><span class='ocrx_word' id='word_1_599' title='bbox 2059 3326 2262 3369; x_wconf 82' lang='lat' dir='ltr'><strong>uterum</strong></span> <span class='ocrx_word' id='word_1_600' title='bbox 2314 3317 2567 3386; x_wconf 80' lang='lat' dir='ltr'><strong>gessimus</strong></span> <span class='ocrx_word' id='word_1_601' title='bbox 2601 3326 2650 3370; x_wconf 84' lang='lat' dir='ltr'><strong>et</strong></span> <span class='ocrx_word' id='word_1_602' title='bbox 2690 3319 3089 3386; x_wconf 80' lang='lat' dir='ltr'><strong>parturiuimus,</strong></span> <span class='ocrx_word' id='word_1_603' title='bbox 3121 3328 3169 3372; x_wconf 85' lang='lat' dir='ltr'><strong>et</strong></span> <span class='ocrx_word' id='word_1_604' title='bbox 3199 3321 3494 3387; x_wconf 71' lang='lat' dir='ltr'><strong>peperimus</strong></span> <span class='ocrx_word' id='word_1_605' title='bbox 3519 3326 3630 3392; x_wconf 75' lang='lat' dir='ltr'><strong>spi-</strong></span> 
     </span>
    </p>
   </div>
   <div class='ocr_carea' id='block_1_77' title="bbox 2057 3410 3401 3479">
    <p class='ocr_par' dir='ltr' id='par_1_77' title="bbox 2057 3410 3401 3479">
     <span class='ocr_line' id='line_1_77' title="bbox 2057 3410 3401 3479; baseline 0.004 -18"><span class='ocrx_word' id='word_1_606' title='bbox 2057 3413 2215 3462; x_wconf 79' lang='lat' dir='ltr'><strong>ritum</strong></span> <span class='ocrx_word' id='word_1_607' title='bbox 2244 3410 2452 3474; x_wconf 79' lang='lat' dir='ltr'><strong>salutis,</strong></span> <span class='ocrx_word' id='word_1_608' title='bbox 2483 3426 2581 3479; x_wconf 86' lang='lat' dir='ltr'><strong>quo</strong></span> <span class='ocrx_word' id='word_1_609' title='bbox 2599 3411 2802 3479; x_wconf 80' lang='lat' dir='ltr'><strong>gravidi</strong></span> <span class='ocrx_word' id='word_1_610' title='bbox 2820 3410 3019 3479; x_wconf 76' lang='lat' dir='ltr'><strong>fuimus</strong></span> <span class='ocrx_word' id='word_1_611' title='bbox 3057 3427 3212 3478; x_wconf 79' lang='lat' dir='ltr'><strong>super</strong></span> <span class='ocrx_word' id='word_1_612' title='bbox 3236 3422 3401 3467; x_wconf 81' lang='lat' dir='ltr'><strong>terra.</strong></span> 
     </span>
    </p>
   </div>
   <div class='ocr_carea' id='block_1_78' title="bbox 2127 3522 3627 3592">
    <p class='ocr_par' dir='ltr' id='par_1_78' title="bbox 2127 3522 3627 3592">
     <span class='ocr_line' id='line_1_78' title="bbox 2127 3522 3627 3592; baseline 0.004 -16"><span class='ocrx_word' id='word_1_613' title='bbox 2127 3523 2228 3589; x_wconf 79' lang='lat' dir='ltr'><strong>Qui</strong></span> <span class='ocrx_word' id='word_1_614' title='bbox 2256 3523 2440 3578; x_wconf 81' lang='lat' dir='ltr'><strong>dicunt</strong></span> <span class='ocrx_word' id='word_1_615' title='bbox 2469 3523 2685 3592; x_wconf 87' lang='lat' dir='ltr'><strong>pietatis</strong></span> <span class='ocrx_word' id='word_1_616' title='bbox 2735 3537 2896 3577; x_wconf 90' lang='lat' dir='ltr'><strong>causa</strong></span> <span class='ocrx_word' id='word_1_617' title='bbox 2931 3522 3096 3577; x_wconf 83' lang='lat' dir='ltr'><strong>fuisse</strong></span> <span class='ocrx_word' id='word_1_618' title='bbox 3122 3538 3180 3578; x_wconf 90' lang='lat' dir='ltr'><strong>se</strong></span> <span class='ocrx_word' id='word_1_619' title='bbox 3215 3524 3413 3580; x_wconf 87' lang='lat' dir='ltr'><strong>dilecto</strong></span> <span class='ocrx_word' id='word_1_620' title='bbox 3451 3525 3627 3582; x_wconf 77' lang='lat' dir='ltr'><strong>Patris</strong></span> 
     </span>
    </p>
   </div>
   <div class='ocr_carea' id='block_1_79' title="bbox 2054 3610 3627 3688">
    <p class='ocr_par' dir='ltr' id='par_1_79' title="bbox 2054 3610 3627 3688">
     <span class='ocr_line' id='line_1_79' title="bbox 2054 3610 3627 3688; baseline 0.006 -23"><span class='ocrx_word' id='word_1_621' title='bbox 2054 3610 2216 3678; x_wconf 87' lang='lat' dir='ltr'><strong>Filio,</strong></span> <span class='ocrx_word' id='word_1_622' title='bbox 2255 3614 2463 3668; x_wconf 88' lang='lat' dir='ltr'><strong>scilicet</strong></span> <span class='ocrx_word' id='word_1_623' title='bbox 2492 3615 2664 3666; x_wconf 85' lang='lat' dir='ltr'><strong>instar</strong></span> <span class='ocrx_word' id='word_1_624' title='bbox 2709 3613 2922 3668; x_wconf 77' lang='lat' dir='ltr'><strong>femina:</strong></span> <span class='ocrx_word' id='word_1_625' title='bbox 2956 3617 3330 3684; x_wconf 86' lang='lat' dir='ltr'><strong>parturientis,</strong></span> <span class='ocrx_word' id='word_1_626' title='bbox 3367 3618 3422 3672; x_wconf 87' lang='lat' dir='ltr'><strong>in</strong></span> <span class='ocrx_word' id='word_1_627' title='bbox 3457 3618 3627 3688; x_wconf 77' lang='lat' dir='ltr'><strong>ﬁgura</strong></span> 
     </span>
    </p>
   </div>
   <div class='ocr_carea' id='block_1_80' title="bbox 2054 3703 3628 3778">
    <p class='ocr_par' dir='ltr' id='par_1_80' title="bbox 2054 3703 3628 3778">
     <span class='ocr_line' id='line_1_80' title="bbox 2054 3703 3628 3778; baseline 0.006 -22"><span class='ocrx_word' id='word_1_628' title='bbox 2054 3703 2322 3758; x_wconf 80' lang='lat' dir='ltr'><strong>sermonis</strong></span> <span class='ocrx_word' id='word_1_629' title='bbox 2366 3705 2659 3773; x_wconf 89' lang='lat' dir='ltr'><strong>prudenter</strong></span> <span class='ocrx_word' id='word_1_630' title='bbox 2687 3718 3106 3770; x_wconf 89' lang='lat' dir='ltr'><strong>commorantes,</strong></span> <span class='ocrx_word' id='word_1_631' title='bbox 3151 3724 3209 3763; x_wconf 90' lang='lat' dir='ltr'><strong>se</strong></span> <span class='ocrx_word' id='word_1_632' title='bbox 3241 3711 3512 3778; x_wconf 86' lang='lat' dir='ltr'><strong>parturire</strong></span> <span class='ocrx_word' id='word_1_633' title='bbox 3543 3715 3628 3765; x_wconf 89' lang='lat' dir='ltr'><strong>di-</strong></span> 
     </span>
    </p>
   </div>
   <div class='ocr_carea' id='block_1_81' title="bbox 2053 3799 3625 3872">
    <p class='ocr_par' dir='ltr' id='par_1_81' title="bbox 2053 3799 3625 3872">
     <span class='ocr_line' id='line_1_81' title="bbox 2053 3799 3625 3872; baseline 0.004 -21"><span class='ocrx_word' id='word_1_634' title='bbox 2053 3805 2201 3854; x_wconf 86' lang='lat' dir='ltr'><strong>cunt.</strong></span> <span class='ocrx_word' id='word_1_635' title='bbox 2248 3806 2302 3850; x_wconf 89' lang='lat' dir='ltr'><strong>et</strong></span> <span class='ocrx_word' id='word_1_636' title='bbox 2349 3807 2560 3852; x_wconf 88' lang='lat' dir='ltr'><strong>uterum</strong></span> <span class='ocrx_word' id='word_1_637' title='bbox 2589 3799 2798 3861; x_wconf 86' lang='lat' dir='ltr'><strong>tulisse,</strong></span> <span class='ocrx_word' id='word_1_638' title='bbox 2848 3808 2904 3853; x_wconf 89' lang='lat' dir='ltr'><strong>et</strong></span> <span class='ocrx_word' id='word_1_639' title='bbox 2936 3799 3183 3868; x_wconf 85' lang='lat' dir='ltr'><strong>spiritum</strong></span> <span class='ocrx_word' id='word_1_640' title='bbox 3225 3801 3418 3858; x_wconf 89' lang='lat' dir='ltr'><strong>salutis</strong></span> <span class='ocrx_word' id='word_1_641' title='bbox 3464 3819 3625 3872; x_wconf 74' lang='lat' dir='ltr'><strong>super</strong></span> 
     </span>
    </p>
   </div>
   <div class='ocr_carea' id='block_1_82' title="bbox 2057 3889 3623 3962">
    <p class='ocr_par' dir='ltr' id='par_1_82' title="bbox 2057 3889 3623 3962">
     <span class='ocr_line' id='line_1_82' title="bbox 2057 3889 3623 3962; baseline 0.005 -22"><span class='ocrx_word' id='word_1_642' title='bbox 2057 3895 2202 3941; x_wconf 90' lang='lat' dir='ltr'><strong>terra</strong></span> <span class='ocrx_word' id='word_1_643' title='bbox 2233 3889 2528 3957; x_wconf 84' lang='lat' dir='ltr'><strong>peperisse.</strong></span> <span class='ocrx_word' id='word_1_644' title='bbox 2564 3891 2862 3956; x_wconf 76' lang='lat' dir='ltr'><strong>Quadrare,</strong></span> <span class='ocrx_word' id='word_1_645' title='bbox 2907 3901 2967 3944; x_wconf 88' lang='lat' dir='ltr'><strong>ut</strong></span> <span class='ocrx_word' id='word_1_646' title='bbox 2990 3891 3623 3962; x_wconf 66' lang='lat' dir='ltr'><strong>dixi,potesthaecoratio</strong></span> 
     </span>
    </p>
   </div>
   <div class='ocr_carea' id='block_1_83' title="bbox 2052 3979 3621 4056">
    <p class='ocr_par' dir='ltr' id='par_1_83' title="bbox 2052 3979 3621 4056">
     <span class='ocr_line' id='line_1_83' title="bbox 2052 3979 3621 4056; baseline 0.006 -28"><span class='ocrx_word' id='word_1_647' title='bbox 2052 3979 2356 4047; x_wconf 86' lang='lat' dir='ltr'><strong>prophetis,</strong></span> <span class='ocrx_word' id='word_1_648' title='bbox 2408 3991 2462 4033; x_wconf 85' lang='lat' dir='ltr'><strong>et</strong></span> <span class='ocrx_word' id='word_1_649' title='bbox 2492 3981 2695 4034; x_wconf 88' lang='lat' dir='ltr'><strong>sanctis</strong></span> <span class='ocrx_word' id='word_1_650' title='bbox 2723 3981 3001 4050; x_wconf 86' lang='lat' dir='ltr'><strong>apostolis.</strong></span> <span class='ocrx_word' id='word_1_651' title='bbox 3036 3988 3091 4035; x_wconf 81' lang='lat' dir='ltr'><strong>e‘t</strong></span> <span class='ocrx_word' id='word_1_652' title='bbox 3133 3983 3497 4053; x_wconf 83' lang='lat' dir='ltr'><strong>evangelistis,</strong></span> <span class='ocrx_word' id='word_1_653' title='bbox 3530 3988 3621 4056; x_wconf 89' lang='lat' dir='ltr'><strong>qui</strong></span> 
     </span>
    </p>
   </div>
   <div class='ocr_carea' id='block_1_84' title="bbox 2051 4072 3623 4143">
    <p class='ocr_par' dir='ltr' id='par_1_84' title="bbox 2051 4072 3623 4143">
     <span class='ocr_line' id='line_1_84' title="bbox 2051 4072 3623 4143; baseline 0.005 -20"><span class='ocrx_word' id='word_1_654' title='bbox 2051 4085 2296 4141; x_wconf 69' lang='lat' dir='ltr'><strong>supernae</strong></span> <span class='ocrx_word' id='word_1_655' title='bbox 2329 4072 2671 4143; x_wconf 70' lang='lat' dir='ltr'><strong>mystagogire</strong></span> <span class='ocrx_word' id='word_1_656' title='bbox 2701 4072 2981 4143; x_wconf 85' lang='lat' dir='ltr'><strong>largitione</strong></span> <span class='ocrx_word' id='word_1_657' title='bbox 3015 4075 3190 4141; x_wconf 82' lang='lat' dir='ltr'><strong>(litati,</strong></span> <span class='ocrx_word' id='word_1_658' title='bbox 3247 4085 3302 4130; x_wconf 90' lang='lat' dir='ltr'><strong>et</strong></span> <span class='ocrx_word' id='word_1_659' title='bbox 3342 4077 3485 4131; x_wconf 87' lang='lat' dir='ltr'><strong>velut</strong></span> <span class='ocrx_word' id='word_1_660' title='bbox 3542 4079 3623 4131; x_wconf 82' lang='lat' dir='ltr'><strong>in-</strong></span> 
     </span>
    </p>
   </div>
   <div class='ocr_carea' id='block_1_85' title="bbox 2053 4163 3622 4235">
    <p class='ocr_par' dir='ltr' id='par_1_85' title="bbox 2053 4163 3622 4235">
     <span class='ocr_line' id='line_1_85' title="bbox 2053 4163 3622 4235; baseline 0.005 -20"><span class='ocrx_word' id='word_1_661' title='bbox 2053 4163 2309 4234; x_wconf 82' lang='lat' dir='ltr'><strong>telligibili</strong></span> <span class='ocrx_word' id='word_1_662' title='bbox 2355 4166 2562 4219; x_wconf 89' lang='lat' dir='ltr'><strong>semine</strong></span> <span class='ocrx_word' id='word_1_663' title='bbox 2598 4177 2849 4234; x_wconf 87' lang='lat' dir='ltr'><strong>accepto,</strong></span> <span class='ocrx_word' id='word_1_664' title='bbox 2915 4167 3162 4235; x_wconf 87' lang='lat' dir='ltr'><strong>spiritum</strong></span> <span class='ocrx_word' id='word_1_665' title='bbox 3186 4167 3379 4223; x_wconf 85' lang='lat' dir='ltr'><strong>salutis</strong></span> <span class='ocrx_word' id='word_1_666' title='bbox 3423 4170 3473 4222; x_wconf 93' lang='lat' dir='ltr'><strong>in</strong></span> <span class='ocrx_word' id='word_1_667' title='bbox 3515 4179 3622 4223; x_wconf 86' lang='lat' dir='ltr'><strong>ter-</strong></span> 
     </span>
    </p>
   </div>
   <div class='ocr_carea' id='block_1_86' title="bbox 2055 4258 3617 4328">
    <p class='ocr_par' dir='ltr' id='par_1_86' title="bbox 2055 4258 3617 4328">
     <span class='ocr_line' id='line_1_86' title="bbox 2055 4258 3617 4328; baseline -0.001 -18"><span class='ocrx_word' id='word_1_668' title='bbox 2055 4271 2113 4310; x_wconf 90' lang='lat' dir='ltr'><strong>ra</strong></span> <span class='ocrx_word' id='word_1_669' title='bbox 2179 4268 2521 4325; x_wconf 85' lang='lat' dir='ltr'><strong>pepererunt,</strong></span> <span class='ocrx_word' id='word_1_670' title='bbox 2577 4259 2829 4310; x_wconf 89' lang='lat' dir='ltr'><strong>nimirum</strong></span> <span class='ocrx_word' id='word_1_671' title='bbox 2900 4258 3202 4312; x_wconf 84' lang='lat' dir='ltr'><strong>doctrinam</strong></span> <span class='ocrx_word' id='word_1_672' title='bbox 3259 4261 3617 4328; x_wconf 82' lang='lat' dir='ltr'><strong>spiritualem,</strong></span> 
     </span>
    </p>
   </div>
   <div class='ocr_carea' id='block_1_87' title="bbox 2050 4348 3614 4420">
    <p class='ocr_par' dir='ltr' id='par_1_87' title="bbox 2050 4348 3614 4420">
     <span class='ocr_line' id='line_1_87' title="bbox 2050 4348 3614 4420; baseline 0.005 -21"><span class='ocrx_word' id='word_1_673' title='bbox 2050 4361 2168 4413; x_wconf 63' lang='lat' dir='ltr'><strong>quae</strong></span> <span class='ocrx_word' id='word_1_674' title='bbox 2230 4348 2352 4401; x_wconf 67' lang='lat' dir='ltr'><strong>vitm</strong></span> <span class='ocrx_word' id='word_1_675' title='bbox 2397 4357 2612 4402; x_wconf 66' lang='lat' dir='ltr'><strong>aeternae</strong></span> <span class='ocrx_word' id='word_1_676' title='bbox 2657 4348 2995 4403; x_wconf 79' lang='lat' dir='ltr'><strong>conciliatrix</strong></span> <span class='ocrx_word' id='word_1_677' title='bbox 3036 4360 3120 4403; x_wconf 89' lang='lat' dir='ltr'><strong>est</strong></span> <span class='ocrx_word' id='word_1_678' title='bbox 3161 4361 3216 4406; x_wconf 91' lang='lat' dir='ltr'><strong>et</strong></span> <span class='ocrx_word' id='word_1_679' title='bbox 3257 4356 3614 4420; x_wconf 65' lang='lat' dir='ltr'><strong>procuratrix.</strong></span> 
     </span>
    </p>
   </div>
   <div class='ocr_carea' id='block_1_88' title="bbox 2053 4440 3615 4512">
    <p class='ocr_par' dir='ltr' id='par_1_88' title="bbox 2053 4440 3615 4512">
     <span class='ocr_line' id='line_1_88' title="bbox 2053 4440 3615 4512; baseline 0.005 -21"><span class='ocrx_word' id='word_1_680' title='bbox 2053 4440 2201 4492; x_wconf 87' lang='lat' dir='ltr'><strong>Solet</strong></span> <span class='ocrx_word' id='word_1_681' title='bbox 2234 4441 2375 4492; x_wconf 92' lang='lat' dir='ltr'><strong>enim</strong></span> <span class='ocrx_word' id='word_1_682' title='bbox 2427 4440 2702 4509; x_wconf 87' lang='lat' dir='ltr'><strong>Scriptura</strong></span> <span class='ocrx_word' id='word_1_683' title='bbox 2751 4441 2968 4505; x_wconf 89' lang='lat' dir='ltr'><strong>divina,</strong></span> <span class='ocrx_word' id='word_1_684' title='bbox 3005 4443 3250 4510; x_wconf 77' lang='lat' dir='ltr'><strong>Spiritum</strong></span> <span class='ocrx_word' id='word_1_685' title='bbox 3308 4459 3450 4512; x_wconf 69' lang='lat' dir='ltr'><strong>saepe</strong></span> <span class='ocrx_word' id='word_1_686' title='bbox 3516 4463 3615 4499; x_wconf 93' lang='lat' dir='ltr'><strong>no-</strong></span> 
     </span>
    </p>
   </div>
   <div class='ocr_carea' id='block_1_89' title="bbox 2051 4531 3609 4601">
    <p class='ocr_par' dir='ltr' id='par_1_89' title="bbox 2051 4531 3609 4601">
     <span class='ocr_line' id='line_1_89' title="bbox 2051 4531 3609 4601; baseline 0.001 -17"><span class='ocrx_word' id='word_1_687' title='bbox 2051 4531 2256 4586; x_wconf 89' lang='lat' dir='ltr'><strong>minare</strong></span> <span class='ocrx_word' id='word_1_688' title='bbox 2299 4531 2464 4601; x_wconf 82' lang='lat'><strong>369</strong></span> <span class='ocrx_word' id='word_1_689' title='bbox 2508 4531 2807 4600; x_wconf 91' lang='lat' dir='ltr'><strong>aliquorum</strong></span> <span class='ocrx_word' id='word_1_690' title='bbox 2864 4533 3083 4600; x_wconf 88' lang='lat' dir='ltr'><strong>scripta.</strong></span> <span class='ocrx_word' id='word_1_691' title='bbox 3140 4551 3159 4584; x_wconf 85' lang='grc'><strong><em>‹</em></strong></span> <span class='ocrx_word' id='word_1_692' title='bbox 3189 4533 3253 4588; x_wconf 84' lang='grc' dir='ltr'>Ει</span> <span class='ocrx_word' id='word_1_693' title='bbox 3301 4537 3544 4600; x_wconf 84' lang='lat' dir='ltr'><strong>probate,</strong></span> <span class='ocrx_word' id='word_1_694' title='bbox 3591 4556 3609 4586; x_wconf 77' lang='grc' dir='ltr'><strong>ι</strong></span> 
     </span>
    </p>
   </div>
   <div class='ocr_carea' id='block_1_90' title="bbox 376 4597 1956 4702">
    <p class='ocr_par' dir='ltr' id='par_1_90' title="bbox 376 4597 1945 4702">
     <span class='ocr_line' id='line_1_90' title="bbox 376 4597 1945 4702; baseline -0.006 -16"><span class='ocrx_word' id='word_1_695' title='bbox 376 4597 565 4695; x_wconf 71' lang='grc' dir='ltr'>στάκις</span> <span class='ocrx_word' id='word_1_696' title='bbox 594 4631 876 4702; x_wconf 78' lang='grc' dir='ltr'>ὀνομάζειν</span> <span class='ocrx_word' id='word_1_697' title='bbox 900 4631 1001 4692; x_wconf 85' lang='grc' dir='ltr'><strong>τάς</strong></span> <span class='ocrx_word' id='word_1_698' title='bbox 1033 4597 1194 4682; x_wconf 74' lang='grc' dir='ltr'>τινων</span> <span class='ocrx_word' id='word_1_699' title='bbox 1245 4597 1585 4696; x_wconf 76' lang='grc' dir='ltr'>συγγραφάς.</span> <span class='ocrx_word' id='word_1_700' title='bbox 1620 4647 1638 4678; x_wconf 77' lang='grc' dir='ltr'><strong>ι</strong></span> <span class='ocrx_word' id='word_1_701' title='bbox 1670 4627 1780 4679; x_wconf 75' lang='grc' dir='ltr'><strong>Καὶ</strong></span> <span class='ocrx_word' id='word_1_702' title='bbox 1815 4625 1945 4694; x_wconf 90' lang='grc' dir='ltr'>γοῦν</span> 
     </span>
    </p>
   </div>
   <div class='ocr_carea' id='block_1_91' title="bbox 2061 4597 3614 4702">
    <p class='ocr_par' dir='ltr' id='par_1_91' title="bbox 2061 4597 3614 4692">
     <span class='ocr_line' id='line_1_91' title="bbox 2061 4597 3614 4692; baseline 0.003 -18"><span class='ocrx_word' id='word_1_703' title='bbox 2061 4622 2244 4690; x_wconf 89' lang='lat' dir='ltr'><strong>inquit,</strong></span> <span class='ocrx_word' id='word_1_704' title='bbox 2285 4597 2571 4690; x_wconf 41' lang='lat' dir='ltr'><strong>{spiritus</strong></span> <span class='ocrx_word' id='word_1_705' title='bbox 2599 4597 2668 4674; x_wconf 80' lang='lat' dir='ltr'><strong>an</strong></span> <span class='ocrx_word' id='word_1_706' title='bbox 2706 4636 2771 4675; x_wconf 78' lang='lat' dir='ltr'><strong>ex</strong></span> <span class='ocrx_word' id='word_1_707' title='bbox 2792 4623 2900 4676; x_wconf 90' lang='lat' dir='ltr'><strong>Deo</strong></span> <span class='ocrx_word' id='word_1_708' title='bbox 2941 4597 3050 4675; x_wconf 84' lang='lat' dir='ltr'><strong>sint</strong></span> <span class='ocrx_word' id='word_1_709' title='bbox 3085 4623 3150 4677; x_wconf 68' lang='grc'><strong>⁸⁸.</strong></span> <span class='ocrx_word' id='word_1_710' title='bbox 3179 4642 3198 4674; x_wconf 76' lang='grc' dir='ltr'><strong>ι</strong></span> <span class='ocrx_word' id='word_1_711' title='bbox 3236 4623 3366 4676; x_wconf 85' lang='lat' dir='ltr'><strong>Nam</strong></span> <span class='ocrx_word' id='word_1_712' title='bbox 3404 4625 3456 4678; x_wconf 93' lang='lat' dir='ltr'><strong>iu</strong></span> <span class='ocrx_word' id='word_1_713' title='bbox 3491 4597 3614 4692; x_wconf 79' lang='lat' dir='ltr'><strong>spi-</strong></span> 
     </span>
    </p>
   </div>
   <div class='ocr_carea' id='block_1_92' title="bbox 371 4718 1944 4797">
    <p class='ocr_par' dir='ltr' id='par_1_92' title="bbox 371 4718 1944 4797">
     <span class='ocr_line' id='line_1_92' title="bbox 371 4718 1944 4797; baseline -0.005 -17"><span class='ocrx_word' id='word_1_714' title='bbox 371 4725 716 4797; x_wconf 77' lang='grc' dir='ltr'>δοκιμάζετε,</span> <span class='ocrx_word' id='word_1_715' title='bbox 750 4743 768 4774; x_wconf 75' lang='grc' dir='ltr'><strong>ι</strong></span> <span class='ocrx_word' id='word_1_716' title='bbox 817 4723 972 4794; x_wconf 72' lang='grc' dir='ltr'>φησὶ,</span> <span class='ocrx_word' id='word_1_717' title='bbox 1021 4743 1037 4773; x_wconf 81' lang='grc' dir='ltr'><strong>ι</strong></span> <span class='ocrx_word' id='word_1_718' title='bbox 1067 4722 1136 4774; x_wconf 73' lang='grc' dir='ltr'>τὰ</span> <span class='ocrx_word' id='word_1_719' title='bbox 1175 4721 1456 4790; x_wconf 78' lang='grc' dir='ltr'>πνεύματα</span> <span class='ocrx_word' id='word_1_720' title='bbox 1498 4721 1546 4772; x_wconf 86' lang='grc' dir='ltr'>εἰ</span> <span class='ocrx_word' id='word_1_721' title='bbox 1581 4721 1644 4772; x_wconf 83' lang='grc' dir='ltr'>ὲκ</span> <span class='ocrx_word' id='word_1_722' title='bbox 1688 4719 1781 4771; x_wconf 88' lang='grc' dir='ltr'><strong>τοῦ</strong></span> <span class='ocrx_word' id='word_1_723' title='bbox 1810 4718 1944 4772; x_wconf 88' lang='grc' dir='ltr'>Θεοῦ</span> 
     </span>
    </p>
   </div>
   <div class='ocr_carea' id='block_1_93' title="bbox 372 4809 1944 4887">
    <p class='ocr_par' dir='ltr' id='par_1_93' title="bbox 372 4809 1944 4887">
     <span class='ocr_line' id='line_1_93' title="bbox 372 4809 1944 4887; baseline -0.005 -17"><span class='ocrx_word' id='word_1_724' title='bbox 372 4819 542 4870; x_wconf 73' lang='grc' dir='ltr'>ἐστιν.</span> <span class='ocrx_word' id='word_1_725' title='bbox 568 4836 586 4866; x_wconf 71' lang='grc' dir='ltr'><strong>ι</strong></span> <span class='ocrx_word' id='word_1_726' title='bbox 617 4817 730 4869; x_wconf 75' lang='grc' dir='ltr'>Ἀεὶ</span> <span class='ocrx_word' id='word_1_727' title='bbox 756 4817 861 4887; x_wconf 80' lang='grc' dir='ltr'>γὰρ</span> <span class='ocrx_word' id='word_1_728' title='bbox 890 4817 946 4866; x_wconf 83' lang='grc' dir='ltr'><strong>ὲν</strong></span> <span class='ocrx_word' id='word_1_729' title='bbox 977 4815 1114 4882; x_wconf 84' lang='grc' dir='ltr'>ἁγίῳ</span> <span class='ocrx_word' id='word_1_730' title='bbox 1141 4811 1418 4881; x_wconf 81' lang='grc' dir='ltr'>Πνεύματι</span> <span class='ocrx_word' id='word_1_731' title='bbox 1450 4810 1510 4862; x_wconf 85' lang='grc' dir='ltr'><strong>τὸ</strong></span> <span class='ocrx_word' id='word_1_732' title='bbox 1544 4809 1808 4880; x_wconf 82' lang='grc' dir='ltr'>σωτήριον</span> <span class='ocrx_word' id='word_1_733' title='bbox 1849 4809 1944 4862; x_wconf 84' lang='grc' dir='ltr'>λα-</span> 
     </span>
    </p>
   </div>
   <div class='ocr_carea' id='block_1_94' title="bbox 370 4899 1941 4979">
    <p class='ocr_par' dir='ltr' id='par_1_94' title="bbox 370 4899 1941 4979">
     <span class='ocr_line' id='line_1_94' title="bbox 370 4899 1941 4979; baseline -0.008 -16"><span class='ocrx_word' id='word_1_734' title='bbox 370 4910 542 4963; x_wconf 85' lang='grc' dir='ltr'>λείται</span> <span class='ocrx_word' id='word_1_735' title='bbox 564 4909 845 4979; x_wconf 86' lang='grc' dir='ltr'>κήρυγμα,</span> <span class='ocrx_word' id='word_1_736' title='bbox 869 4908 1035 4977; x_wconf 69' lang='grc' dir='ltr'>ἤγουν</span> <span class='ocrx_word' id='word_1_737' title='bbox 1063 4909 1119 4958; x_wconf 83' lang='grc' dir='ltr'>ὲν</span> <span class='ocrx_word' id='word_1_738' title='bbox 1148 4901 1416 4973; x_wconf 79' lang='grc' dir='ltr'>πνεύματι</span> <span class='ocrx_word' id='word_1_739' title='bbox 1446 4901 1694 4972; x_wconf 86' lang='grc' dir='ltr'>κοσμικῷ</span> <span class='ocrx_word' id='word_1_740' title='bbox 1723 4899 1792 4952; x_wconf 75' lang='grc' dir='ltr'>τὰ</span> <span class='ocrx_word' id='word_1_741' title='bbox 1815 4901 1941 4953; x_wconf 78' lang='grc' dir='ltr'>ὅσα·</span> 
     </span>
    </p>
   </div>
   <div class='ocr_carea' id='block_1_95' title="bbox 371 4991 1942 5072">
    <p class='ocr_par' dir='ltr' id='par_1_95' title="bbox 371 4991 1942 5072">
     <span class='ocr_line' id='line_1_95' title="bbox 371 4991 1942 5072; baseline -0.006 -19"><span class='ocrx_word' id='word_1_742' title='bbox 371 5004 476 5072; x_wconf 84' lang='grc' dir='ltr'><strong>πέρ</strong></span> <span class='ocrx_word' id='word_1_743' title='bbox 499 5003 612 5054; x_wconf 79' lang='grc' dir='ltr'>ἐστι</span> <span class='ocrx_word' id='word_1_744' title='bbox 635 5002 700 5071; x_wconf 84' lang='grc' dir='ltr'>τῇ</span> <span class='ocrx_word' id='word_1_745' title='bbox 720 4999 943 5070; x_wconf 80' lang='grc' dir='ltr'>ἀληθείᾳ</span> <span class='ocrx_word' id='word_1_746' title='bbox 975 4998 1273 5068; x_wconf 85' lang='grc' dir='ltr'>μαχόμενα.</span> <span class='ocrx_word' id='word_1_747' title='bbox 1306 4995 1511 5065; x_wconf 81' lang='grc' dir='ltr'>Γράφει</span> <span class='ocrx_word' id='word_1_748' title='bbox 1543 4992 1674 5060; x_wconf 85' lang='grc' dir='ltr'>γοῦν</span> <span class='ocrx_word' id='word_1_749' title='bbox 1702 4996 1729 5045; x_wconf 83' lang='grc' dir='ltr'>ὁ</span> <span class='ocrx_word' id='word_1_750' title='bbox 1745 4991 1942 5045; x_wconf 81' lang='grc' dir='ltr'>θεσπέ-</span> 
     </span>
    </p>
   </div>
   <div class='ocr_carea' id='block_1_96' title="bbox 372 5082 1938 5159">
    <p class='ocr_par' dir='ltr' id='par_1_96' title="bbox 372 5082 1938 5159">
     <span class='ocr_line' id='line_1_96' title="bbox 372 5082 1938 5159; baseline -0.006 -17"><span class='ocrx_word' id='word_1_751' title='bbox 372 5109 487 5154; x_wconf 82' lang='grc' dir='ltr'>σιος</span> <span class='ocrx_word' id='word_1_752' title='bbox 516 5091 727 5153; x_wconf 88' lang='grc' dir='ltr'>Παῦλος</span> <span class='ocrx_word' id='word_1_753' title='bbox 762 5089 890 5159; x_wconf 73' lang='grc' dir='ltr'>περὶ</span> <span class='ocrx_word' id='word_1_754' title='bbox 941 5086 1134 5140; x_wconf 78' lang='grc' dir='ltr'>ἑαυτοῦ</span> <span class='ocrx_word' id='word_1_755' title='bbox 1163 5103 1222 5138; x_wconf 86' lang='grc' dir='ltr'><strong>τε</strong></span> <span class='ocrx_word' id='word_1_756' title='bbox 1257 5086 1348 5137; x_wconf 74' lang='grc' dir='ltr'><strong>καὶ</strong></span> <span class='ocrx_word' id='word_1_757' title='bbox 1395 5084 1502 5136; x_wconf 87' lang='grc' dir='ltr'><strong>τῶν</strong></span> <span class='ocrx_word' id='word_1_758' title='bbox 1535 5083 1710 5135; x_wconf 84' lang='grc' dir='ltr'>ἄλλων</span> <span class='ocrx_word' id='word_1_759' title='bbox 1740 5082 1905 5149; x_wconf 84' lang='grc' dir='ltr'>ἁγίων</span> <span class='ocrx_word' id='word_1_760' title='bbox 1925 5097 1938 5110; x_wconf 90' lang='grc'><strong>·</strong></span> 
     </span>
    </p>
   </div>
   <div class='ocr_carea' id='block_1_97' title="bbox 376 5173 1942 5254">
    <p class='ocr_par' dir='ltr' id='par_1_97' title="bbox 376 5173 1942 5254">
     <span class='ocr_line' id='line_1_97' title="bbox 376 5173 1942 5254; baseline -0.006 -20"><span class='ocrx_word' id='word_1_761' title='bbox 376 5201 395 5234; x_wconf 71' lang='grc' dir='ltr'><strong>ι</strong></span> <span class='ocrx_word' id='word_1_762' title='bbox 417 5184 608 5254; x_wconf 82' lang='grc' dir='ltr'>Ἡμεῖς</span> <span class='ocrx_word' id='word_1_763' title='bbox 635 5181 692 5234; x_wconf 82' lang='grc' dir='ltr'>δὲ</span> <span class='ocrx_word' id='word_1_764' title='bbox 715 5180 773 5234; x_wconf 80' lang='grc' dir='ltr'><strong>οὐ</strong></span> <span class='ocrx_word' id='word_1_765' title='bbox 799 5181 859 5233; x_wconf 81' lang='grc' dir='ltr'><strong>τὸ</strong></span> <span class='ocrx_word' id='word_1_766' title='bbox 883 5179 1098 5249; x_wconf 79' lang='grc' dir='ltr'>πνεῦμα</span> <span class='ocrx_word' id='word_1_767' title='bbox 1114 5177 1208 5230; x_wconf 89' lang='grc' dir='ltr'><strong>τοῦ</strong></span> <span class='ocrx_word' id='word_1_768' title='bbox 1229 5176 1435 5245; x_wconf 87' lang='grc' dir='ltr'>κόσμου</span> <span class='ocrx_word' id='word_1_769' title='bbox 1451 5173 1640 5226; x_wconf 83' lang='grc' dir='ltr'>τούτου</span> <span class='ocrx_word' id='word_1_770' title='bbox 1658 5173 1942 5241; x_wconf 72' lang='grc' dir='ltr'>ἐλάϐομεν,</span> 
     </span>
    </p>
   </div>
   <div class='ocr_carea' id='block_1_98' title="bbox 371 5262 1945 5341">
    <p class='ocr_par' dir='ltr' id='par_1_98' title="bbox 371 5262 1945 5341">
     <span class='ocr_line' id='line_1_98' title="bbox 371 5262 1945 5341; baseline -0.008 -15"><span class='ocrx_word' id='word_1_771' title='bbox 371 5273 508 5327; x_wconf 82' lang='grc' dir='ltr'>ἀλλὰ</span> <span class='ocrx_word' id='word_1_772' title='bbox 536 5273 597 5325; x_wconf 79' lang='grc' dir='ltr'><strong>τὸ</strong></span> <span class='ocrx_word' id='word_1_773' title='bbox 622 5270 837 5341; x_wconf 86' lang='grc' dir='ltr'>πνεῦμα</span> <span class='ocrx_word' id='word_1_774' title='bbox 871 5269 931 5322; x_wconf 79' lang='grc' dir='ltr'>τὸ</span> <span class='ocrx_word' id='word_1_775' title='bbox 974 5271 1038 5322; x_wconf 81' lang='grc' dir='ltr'>ἐκ</span> <span class='ocrx_word' id='word_1_776' title='bbox 1079 5267 1172 5320; x_wconf 81' lang='grc' dir='ltr'><strong>τοῦ</strong></span> <span class='ocrx_word' id='word_1_777' title='bbox 1220 5264 1377 5328; x_wconf 85' lang='grc' dir='ltr'>Θεοῦ,</span> <span class='ocrx_word' id='word_1_778' title='bbox 1412 5264 1500 5317; x_wconf 82' lang='grc' dir='ltr'><strong>ἵνα</strong></span> <span class='ocrx_word' id='word_1_779' title='bbox 1526 5264 1722 5333; x_wconf 75' lang='grc' dir='ltr'>ἴδωμεν</span> <span class='ocrx_word' id='word_1_780' title='bbox 1747 5263 1814 5315; x_wconf 77' lang='grc' dir='ltr'>τὰ</span> <span class='ocrx_word' id='word_1_781' title='bbox 1842 5262 1945 5314; x_wconf 80' lang='grc' dir='ltr'><strong>ὑπὸ</strong></span> 
     </span>
    </p>
   </div>
   <div class='ocr_carea' id='block_1_99' title="bbox 370 5353 1945 5435">
    <p class='ocr_par' dir='ltr' id='par_1_99' title="bbox 370 5353 1945 5435">
     <span class='ocr_line' id='line_1_99' title="bbox 370 5353 1945 5435; baseline -0.007 -20"><span class='ocrx_word' id='word_1_782' title='bbox 370 5365 462 5418; x_wconf 76' lang='grc' dir='ltr'><strong>τοῦ</strong></span> <span class='ocrx_word' id='word_1_783' title='bbox 495 5365 630 5418; x_wconf 76' lang='grc' dir='ltr'>Θεοῦ</span> <span class='ocrx_word' id='word_1_784' title='bbox 650 5363 978 5435; x_wconf 87' lang='grc' dir='ltr'>χαρισθέντα</span> <span class='ocrx_word' id='word_1_785' title='bbox 997 5362 1150 5430; x_wconf 86' lang='grc' dir='ltr'>ἡμῖν.</span> <span class='ocrx_word' id='word_1_786' title='bbox 1176 5377 1194 5410; x_wconf 75' lang='grc' dir='ltr'><strong>ι</strong></span> <span class='ocrx_word' id='word_1_787' title='bbox 1221 5357 1446 5427; x_wconf 84' lang='grc' dir='ltr'>Πνεῦμα</span> <span class='ocrx_word' id='word_1_788' title='bbox 1465 5356 1644 5409; x_wconf 89' lang='grc' dir='ltr'>τοίνυν</span> <span class='ocrx_word' id='word_1_789' title='bbox 1673 5353 1945 5425; x_wconf 85' lang='grc' dir='ltr'>σωτηρίας</span> 
     </span>
    </p>
   </div>
   <div class='ocr_carea' id='block_1_100' title="bbox 2053 4714 3614 4786">
    <p class='ocr_par' dir='ltr' id='par_1_100' title="bbox 2053 4714 3614 4786">
     <span class='ocr_line' id='line_1_100' title="bbox 2053 4714 3614 4786; baseline 0.003 -19"><span class='ocrx_word' id='word_1_790' title='bbox 2053 4714 2156 4767; x_wconf 87' lang='lat' dir='ltr'><strong>ritu</strong></span> <span class='ocrx_word' id='word_1_791' title='bbox 2189 4723 2376 4768; x_wconf 91' lang='lat' dir='ltr'><strong>sancto</strong></span> <span class='ocrx_word' id='word_1_792' title='bbox 2414 4714 2670 4768; x_wconf 86' lang='lat' dir='ltr'><strong>salutaris</strong></span> <span class='ocrx_word' id='word_1_793' title='bbox 2705 4716 3017 4784; x_wconf 61' lang='lat' dir='ltr'><strong>praedicatio</strong></span> <span class='ocrx_word' id='word_1_794' title='bbox 3064 4726 3298 4782; x_wconf 86' lang='lat' dir='ltr'><strong>resonat,</strong></span> <span class='ocrx_word' id='word_1_795' title='bbox 3321 4727 3375 4771; x_wconf 90' lang='lat' dir='ltr'><strong>et</strong></span> <span class='ocrx_word' id='word_1_796' title='bbox 3424 4720 3475 4772; x_wconf 87' lang='lat' dir='ltr'><strong>in</strong></span> <span class='ocrx_word' id='word_1_797' title='bbox 3505 4721 3614 4786; x_wconf 86' lang='lat' dir='ltr'><strong>spi-</strong></span> 
     </span>
    </p>
   </div>
   <div class='ocr_carea' id='block_1_101' title="bbox 2050 4806 3610 4880">
    <p class='ocr_par' dir='ltr' id='par_1_101' title="bbox 2050 4806 3610 4880">
     <span class='ocr_line' id='line_1_101' title="bbox 2050 4806 3610 4880; baseline 0.003 -20"><span class='ocrx_word' id='word_1_798' title='bbox 2050 4806 2154 4860; x_wconf 88' lang='lat' dir='ltr'><strong>ritu</strong></span> <span class='ocrx_word' id='word_1_799' title='bbox 2212 4807 2434 4869; x_wconf 89' lang='lat' dir='ltr'><strong>muudi,</strong></span> <span class='ocrx_word' id='word_1_800' title='bbox 2489 4822 2825 4876; x_wconf 68' lang='lat' dir='ltr'><strong>quaecunque</strong></span> <span class='ocrx_word' id='word_1_801' title='bbox 2874 4817 2992 4861; x_wconf 87' lang='lat' dir='ltr'><strong>sunt</strong></span> <span class='ocrx_word' id='word_1_802' title='bbox 3041 4810 3250 4862; x_wconf 87' lang='lat' dir='ltr'><strong>veritati</strong></span> <span class='ocrx_word' id='word_1_803' title='bbox 3299 4813 3610 4880; x_wconf 80' lang='lat' dir='ltr'><strong>pugnantia.</strong></span> 
     </span>
    </p>
   </div>
   <div class='ocr_carea' id='block_1_102' title="bbox 2049 4889 3615 4974">
    <p class='ocr_par' dir='ltr' id='par_1_102' title="bbox 2049 4889 3615 4974">
     <span class='ocr_line' id='line_1_102' title="bbox 2049 4889 3615 4974; baseline 0.004 -22"><span class='ocrx_word' id='word_1_804' title='bbox 2049 4898 2251 4954; x_wconf 85' lang='lat' dir='ltr'><strong>Scribit</strong></span> <span class='ocrx_word' id='word_1_805' title='bbox 2298 4900 2547 4952; x_wconf 88' lang='lat' dir='ltr'><strong>nimirum</strong></span> <span class='ocrx_word' id='word_1_806' title='bbox 2595 4901 2808 4954; x_wconf 82' lang='lat' dir='ltr'><strong>divinus</strong></span> <span class='ocrx_word' id='word_1_807' title='bbox 2835 4889 3030 4954; x_wconf 80' lang='lat' dir='ltr'><strong>Paulus</strong></span> <span class='ocrx_word' id='word_1_808' title='bbox 3062 4903 3128 4955; x_wconf 86' lang='lat' dir='ltr'><strong>de</strong></span> <span class='ocrx_word' id='word_1_809' title='bbox 3178 4901 3357 4971; x_wconf 85' lang='lat' dir='ltr'><strong>seipso</strong></span> <span class='ocrx_word' id='word_1_810' title='bbox 3386 4904 3615 4974; x_wconf 87' lang='lat' dir='ltr'><strong>aliisque</strong></span> 
     </span>
    </p>
   </div>
   <div class='ocr_carea' id='block_1_103' title="bbox 2046 4991 3612 5062">
    <p class='ocr_par' dir='ltr' id='par_1_103' title="bbox 2046 4991 3612 5062">
     <span class='ocr_line' id='line_1_103' title="bbox 2046 4991 3612 5062; baseline 0.005 -18"><span class='ocrx_word' id='word_1_811' title='bbox 2046 4992 2284 5045; x_wconf 88' lang='lat' dir='ltr'><strong>sanctis:</strong></span> <span class='ocrx_word' id='word_1_812' title='bbox 2317 5008 2336 5042; x_wconf 77' lang='grc' dir='ltr'><strong>ι</strong></span> <span class='ocrx_word' id='word_1_813' title='bbox 2364 4991 2471 5046; x_wconf 85' lang='lat' dir='ltr'><strong>Nos</strong></span> <span class='ocrx_word' id='word_1_814' title='bbox 2487 4999 2664 5045; x_wconf 86' lang='lat' dir='ltr'><strong>autem</strong></span> <span class='ocrx_word' id='word_1_815' title='bbox 2689 5008 2796 5046; x_wconf 91' lang='lat' dir='ltr'><strong>non</strong></span> <span class='ocrx_word' id='word_1_816' title='bbox 2825 4992 3130 5062; x_wconf 89' lang='lat' dir='ltr'><strong>accepimus</strong></span> <span class='ocrx_word' id='word_1_817' title='bbox 3153 4995 3401 5059; x_wconf 87' lang='lat' dir='ltr'><strong>spiritum</strong></span> <span class='ocrx_word' id='word_1_818' title='bbox 3427 4999 3612 5051; x_wconf 88' lang='lat' dir='ltr'><strong>mundi</strong></span> 
     </span>
    </p>
   </div>
   <div class='ocr_carea' id='block_1_104' title="bbox 2054 5079 3616 5152">
    <p class='ocr_par' dir='ltr' id='par_1_104' title="bbox 2054 5079 3616 5152">
     <span class='ocr_line' id='line_1_104' title="bbox 2054 5079 3616 5152; baseline 0.003 -17"><span class='ocrx_word' id='word_1_819' title='bbox 2054 5080 2232 5148; x_wconf 90' lang='lat' dir='ltr'><strong>hujus,</strong></span> <span class='ocrx_word' id='word_1_820' title='bbox 2269 5082 2359 5136; x_wconf 89' lang='lat' dir='ltr'><strong>sed</strong></span> <span class='ocrx_word' id='word_1_821' title='bbox 2385 5082 2632 5150; x_wconf 83' lang='lat' dir='ltr'><strong>Spiritum</strong></span> <span class='ocrx_word' id='word_1_822' title='bbox 2662 5095 2728 5136; x_wconf 82' lang='lat' dir='ltr'><strong>ex</strong></span> <span class='ocrx_word' id='word_1_823' title='bbox 2757 5079 2868 5134; x_wconf 91' lang='lat' dir='ltr'><strong>Deo</strong></span> <span class='ocrx_word' id='word_1_824' title='bbox 2903 5099 2914 5134; x_wconf 96' lang='lat'>:</span> <span class='ocrx_word' id='word_1_825' title='bbox 2950 5089 3008 5134; x_wconf 91' lang='lat' dir='ltr'><strong>ut</strong></span> <span class='ocrx_word' id='word_1_826' title='bbox 3044 5082 3320 5137; x_wconf 86' lang='lat' dir='ltr'><strong>videamus</strong></span> <span class='ocrx_word' id='word_1_827' title='bbox 3341 5099 3461 5152; x_wconf 67' lang='lat' dir='ltr'><strong>quae</strong></span> <span class='ocrx_word' id='word_1_828' title='bbox 3490 5097 3616 5139; x_wconf 81' lang='lat' dir='ltr'><strong>sunt</strong></span> 
     </span>
    </p>
   </div>
   <div class='ocr_carea' id='block_1_105' title="bbox 2054 5171 3614 5244">
    <p class='ocr_par' dir='ltr' id='par_1_105' title="bbox 2054 5171 3614 5244">
     <span class='ocr_line' id='line_1_105' title="bbox 2054 5171 3614 5244; baseline 0.003 -20"><span class='ocrx_word' id='word_1_829' title='bbox 2054 5187 2084 5224; x_wconf 92' lang='lat' dir='ltr'><strong>a</strong></span> <span class='ocrx_word' id='word_1_830' title='bbox 2106 5171 2214 5227; x_wconf 87' lang='lat' dir='ltr'><strong>Deo</strong></span> <span class='ocrx_word' id='word_1_831' title='bbox 2240 5172 2392 5226; x_wconf 89' lang='lat' dir='ltr'><strong>nobis</strong></span> <span class='ocrx_word' id='word_1_832' title='bbox 2432 5174 2628 5226; x_wconf 88' lang='lat' dir='ltr'><strong>donata</strong></span> <span class='ocrx_word' id='word_1_833' title='bbox 2659 5172 2724 5225; x_wconf 77' lang='grc'><strong>⁸⁵.</strong></span> <span class='ocrx_word' id='word_1_834' title='bbox 2755 5191 2774 5224; x_wconf 73' lang='grc' dir='ltr'><strong>ι</strong></span> <span class='ocrx_word' id='word_1_835' title='bbox 2822 5173 3083 5241; x_wconf 83' lang='lat' dir='ltr'><strong>Spiritum</strong></span> <span class='ocrx_word' id='word_1_836' title='bbox 3124 5189 3253 5244; x_wconf 79' lang='lat' dir='ltr'><strong>ergo</strong></span> <span class='ocrx_word' id='word_1_837' title='bbox 3284 5175 3476 5229; x_wconf 86' lang='lat' dir='ltr'><strong>salutis</strong></span> <span class='ocrx_word' id='word_1_838' title='bbox 3519 5192 3614 5228; x_wconf 83' lang='lat' dir='ltr'><strong>vo-</strong></span> 
     </span>
    </p>
   </div>
   <div class='ocr_carea' id='block_1_106' title="bbox 2051 5264 3615 5334">
    <p class='ocr_par' dir='ltr' id='par_1_106' title="bbox 2051 5264 3615 5334">
     <span class='ocr_line' id='line_1_106' title="bbox 2051 5264 3615 5334; baseline 0.002 -18"><span class='ocrx_word' id='word_1_839' title='bbox 2051 5272 2138 5316; x_wconf 89' lang='lat' dir='ltr'><strong>cat</strong></span> <span class='ocrx_word' id='word_1_840' title='bbox 2179 5264 2542 5334; x_wconf 75' lang='lat' dir='ltr'><strong>evangelicam</strong></span> <span class='ocrx_word' id='word_1_841' title='bbox 2609 5264 3043 5332; x_wconf 56' lang='lat' dir='ltr'><strong>praedicationem</strong></span> <span class='ocrx_word' id='word_1_842' title='bbox 3075 5282 3086 5317; x_wconf 94' lang='lat'>:</span> <span class='ocrx_word' id='word_1_843' title='bbox 3117 5264 3332 5319; x_wconf 80' lang='lat' dir='ltr'><strong>deducit</strong></span> <span class='ocrx_word' id='word_1_844' title='bbox 3363 5267 3505 5319; x_wconf 81' lang='lat' dir='ltr'><strong>cnim</strong></span> <span class='ocrx_word' id='word_1_845' title='bbox 3551 5271 3615 5320; x_wconf 78' lang='lat' dir='ltr'><strong>ad</strong></span> 
     </span>
    </p>
   </div>
   <div class='ocr_carea' id='block_1_107' title="bbox 2055 5353 3195 5423">
    <p class='ocr_par' dir='ltr' id='par_1_107' title="bbox 2055 5353 3195 5423">
     <span class='ocr_line' id='line_1_107' title="bbox 2055 5353 3195 5423; baseline -0.001 -15"><span class='ocrx_word' id='word_1_846' title='bbox 2055 5354 2444 5422; x_wconf 81' lang='lat' dir='ltr'><strong>Sempiteruam</strong></span> <span class='ocrx_word' id='word_1_847' title='bbox 2474 5365 2527 5406; x_wconf 89' lang='lat' dir='ltr'><strong>ct</strong></span> <span class='ocrx_word' id='word_1_848' title='bbox 2547 5353 2840 5423; x_wconf 66' lang='lat' dir='ltr'><strong>longmvam</strong></span> <span class='ocrx_word' id='word_1_849' title='bbox 2899 5356 3066 5407; x_wconf 76' lang='lat' dir='ltr'><strong>vitam</strong></span> <span class='ocrx_word' id='word_1_850' title='bbox 3097 5355 3195 5422; x_wconf 82' lang='lat' dir='ltr'><strong>(-l).</strong></span> 
     </span>
    </p>
   </div>
   <div class='ocr_carea' id='block_1_108' title="bbox 371 5443 3311 5524">
    <p class='ocr_par' dir='ltr' id='par_1_108' title="bbox 371 5443 3311 5524">
     <span class='ocr_line' id='line_1_108' title="bbox 371 5443 3311 5524; baseline -0.004 -15"><span class='ocrx_word' id='word_1_851' title='bbox 371 5455 430 5509; x_wconf 85' lang='grc' dir='ltr'><strong>τὸ</strong></span> <span class='ocrx_word' id='word_1_852' title='bbox 463 5455 816 5524; x_wconf 75' lang='grc' dir='ltr'>εὐαγγελικὸν</span> <span class='ocrx_word' id='word_1_853' title='bbox 842 5451 1175 5507; x_wconf 84' lang='grc' dir='ltr'>ἀποκαλοῦσι</span> <span class='ocrx_word' id='word_1_854' title='bbox 1209 5451 1490 5522; x_wconf 84' lang='grc' dir='ltr'>κήρυγμα.</span> <span class='ocrx_word' id='word_1_855' title='bbox 1535 5445 1950 5516; x_wconf 74' lang='grc' dir='ltr'>Ἀποφέρειγὰρ</span> <span class='ocrx_word' id='word_1_856' title='bbox 1991 5446 2070 5508; x_wconf 88' lang='grc' dir='ltr'>εἰς</span> <span class='ocrx_word' id='word_1_857' title='bbox 2107 5445 2384 5515; x_wconf 80' lang='grc' dir='ltr'>ἀμήρυτον</span> <span class='ocrx_word' id='word_1_858' title='bbox 2422 5443 2568 5513; x_wconf 77' lang='grc' dir='ltr'>ζωὴν</span> <span class='ocrx_word' id='word_1_859' title='bbox 2601 5445 2695 5496; x_wconf 74' lang='grc' dir='ltr'><strong>καὶ</strong></span> <span class='ocrx_word' id='word_1_860' title='bbox 2721 5446 2800 5508; x_wconf 85' lang='grc' dir='ltr'><strong>είς</strong></span> <span class='ocrx_word' id='word_1_861' title='bbox 2834 5445 3152 5516; x_wconf 83' lang='grc' dir='ltr'>μακραίωνα</span> <span class='ocrx_word' id='word_1_862' title='bbox 3177 5444 3311 5515; x_wconf 83' lang='grc' dir='ltr'>βίον.</span> 
     </span>
    </p>
   </div>
   <div class='ocr_carea' id='block_1_109' title="bbox 450 5647 1486 5718">
    <p class='ocr_par' dir='ltr' id='par_1_109' title="bbox 450 5647 1486 5718">
     <span class='ocr_line' id='line_1_109' title="bbox 450 5647 1486 5718; baseline -0.006 -9"><span class='ocrx_word' id='word_1_863' title='bbox 450 5654 492 5685; x_wconf 83' lang='grc'><strong>⁸¹</strong></span> <span class='ocrx_word' id='word_1_864' title='bbox 525 5653 668 5709; x_wconf 84' lang='lat' dir='ltr'><strong>l’sal.</strong></span> <span class='ocrx_word' id='word_1_865' title='bbox 693 5669 844 5718; x_wconf 77' lang='lat' dir='ltr'><strong>xm,</strong></span> <span class='ocrx_word' id='word_1_866' title='bbox 869 5652 924 5706; x_wconf 85' lang='lat'><strong>9.</strong></span> <span class='ocrx_word' id='word_1_867' title='bbox 1001 5652 1045 5681; x_wconf 67' lang='grc' dir='ltr'>δ’</span> <span class='ocrx_word' id='word_1_868' title='bbox 1072 5648 1168 5703; x_wconf 70' lang='lat' dir='ltr'><strong>lsa.</strong></span> <span class='ocrx_word' id='word_1_869' title='bbox 1197 5663 1327 5714; x_wconf 79' lang='lat' dir='ltr'><strong>Lvtt,</strong></span> <span class='ocrx_word' id='word_1_870' title='bbox 1352 5648 1410 5713; x_wconf 81' lang='lat'><strong>5,</strong></span> <span class='ocrx_word' id='word_1_871' title='bbox 1432 5647 1486 5703; x_wconf 70' lang='grc'><strong>4.</strong></span> 
     </span>
    </p>
   </div>
   <div class='ocr_carea' id='block_1_110' title="bbox 443 5845 2370 5929">
    <p class='ocr_par' dir='ltr' id='par_1_110' title="bbox 443 5845 2370 5929">
     <span class='ocr_line' id='line_1_110' title="bbox 443 5845 2370 5929; baseline -0.006 -18"><span class='ocrx_word' id='word_1_872' title='bbox 443 5856 524 5929; x_wconf 88' lang='lat' dir='ltr'><strong>(l)</strong></span> <span class='ocrx_word' id='word_1_873' title='bbox 553 5855 752 5911; x_wconf 83' lang='lat' dir='ltr'><strong>Catena</strong></span> <span class='ocrx_word' id='word_1_874' title='bbox 798 5850 1039 5905; x_wconf 80' lang='lat' dir='ltr'><strong>Corderii</strong></span> <span class='ocrx_word' id='word_1_875' title='bbox 1075 5846 1182 5918; x_wconf 81' lang='lat' dir='ltr'><strong>(Ill,</strong></span> <span class='ocrx_word' id='word_1_876' title='bbox 1213 5847 1339 5916; x_wconf 70' lang='lat'><strong>922)</strong></span> <span class='ocrx_word' id='word_1_877' title='bbox 1382 5850 1496 5904; x_wconf 67' lang='lat' dir='ltr'><strong>haec</strong></span> <span class='ocrx_word' id='word_1_878' title='bbox 1535 5846 1684 5903; x_wconf 87' lang='lat' dir='ltr'><strong>addit</strong></span> <span class='ocrx_word' id='word_1_879' title='bbox 1738 5846 1838 5902; x_wconf 84' lang='lat' dir='ltr'><strong>sul)</strong></span> <span class='ocrx_word' id='word_1_880' title='bbox 1885 5845 2100 5902; x_wconf 88' lang='lat' dir='ltr'><strong>nomine</strong></span> <span class='ocrx_word' id='word_1_881' title='bbox 2135 5845 2320 5917; x_wconf 81' lang='lat' dir='ltr'><strong>Cyrilli</strong></span> <span class='ocrx_word' id='word_1_882' title='bbox 2357 5865 2370 5899; x_wconf 89' lang='lat'><strong><em>:</em></strong></span> 
     </span>
    </p>
   </div>
   <div class='ocr_carea' id='block_1_111' title="bbox 728 5945 1413 6008">
    <p class='ocr_par' dir='ltr' id='par_1_111' title="bbox 728 5945 1413 6008">
     <span class='ocr_line' id='line_1_111' title="bbox 728 5945 1413 6008; baseline -0.001 -1"><span class='ocrx_word' id='word_1_883' title='bbox 728 5948 1004 6007; x_wconf 72' lang='grc' dir='ltr'>Ρηιιοι..</span> <span class='ocrx_word' id='word_1_884' title='bbox 1053 5947 1168 6008; x_wconf 72' lang='lat' dir='ltr'><strong>(in.</strong></span> <span class='ocrx_word' id='word_1_885' title='bbox 1219 5945 1413 6006; x_wconf 73' lang='lat' dir='ltr'><strong>LXX.</strong></span> 
     </span>
    </p>
   </div>
   <div class='ocr_carea' id='block_1_112' title="bbox 1562 5643 2095 5712">
    <p class='ocr_par' dir='ltr' id='par_1_112' title="bbox 1562 5643 2095 5712">
     <span class='ocr_line' id='line_1_112' title="bbox 1562 5643 2095 5712; baseline -0.006 -13"><span class='ocrx_word' id='word_1_886' title='bbox 1562 5646 1607 5677; x_wconf 84' lang='grc'><strong>⁸³</strong></span> <span class='ocrx_word' id='word_1_887' title='bbox 1632 5644 1772 5700; x_wconf 86' lang='lat' dir='ltr'><strong>Psal.</strong></span> <span class='ocrx_word' id='word_1_888' title='bbox 1797 5659 1985 5712; x_wconf 78' lang='lat' dir='ltr'><strong>vam,</strong></span> <span class='ocrx_word' id='word_1_889' title='bbox 2006 5643 2095 5696; x_wconf 69' lang='grc'><strong>24.</strong></span> 
     </span>
    </p>
   </div>
   <div class='ocr_carea' id='block_1_113' title="bbox 2172 5642 3119 5712">
    <p class='ocr_par' dir='ltr' id='par_1_113' title="bbox 2172 5642 3119 5712">
     <span class='ocr_line' id='line_1_113' title="bbox 2172 5642 3119 5712; baseline 0.004 -16"><span class='ocrx_word' id='word_1_890' title='bbox 2172 5643 2254 5696; x_wconf 73' lang='grc'><strong>⁸⁸1</strong></span> <span class='ocrx_word' id='word_1_891' title='bbox 2291 5642 2443 5696; x_wconf 84' lang='lat' dir='ltr'><strong>Joan.</strong></span> <span class='ocrx_word' id='word_1_892' title='bbox 2468 5661 2541 5711; x_wconf 80' lang='lat' dir='ltr'><strong>tv,</strong></span> <span class='ocrx_word' id='word_1_893' title='bbox 2566 5647 2616 5699; x_wconf 83' lang='grc'><strong>1.</strong></span> <span class='ocrx_word' id='word_1_894' title='bbox 2691 5645 2735 5676; x_wconf 77' lang='grc'><strong>⁸⁸</strong></span> <span class='ocrx_word' id='word_1_895' title='bbox 2763 5648 2775 5698; x_wconf 97' lang='lat' dir='ltr'><strong>l</strong></span> <span class='ocrx_word' id='word_1_896' title='bbox 2805 5644 2928 5698; x_wconf 86' lang='lat' dir='ltr'><strong>Cur.</strong></span> <span class='ocrx_word' id='word_1_897' title='bbox 2956 5646 3119 5712; x_wconf 60' lang='grc' dir='ltr'>11,¹ἳ.</span> 
     </span>
    </p>
   </div>
   <div class='ocr_carea' id='block_1_114' title="bbox 2414 5841 3619 5918">
    <p class='ocr_par' dir='ltr' id='par_1_114' title="bbox 2414 5841 3619 5918">
     <span class='ocr_line' id='line_1_114' title="bbox 2414 5841 3619 5918; baseline -0.001 -19"><span class='ocrx_word' id='word_1_898' title='bbox 2414 5843 2528 5901; x_wconf 85' lang='grc' dir='ltr'>Τοῦ</span> <span class='ocrx_word' id='word_1_899' title='bbox 2560 5845 2766 5901; x_wconf 82' lang='grc' dir='ltr'>αὑτοῦ.</span> <span class='ocrx_word' id='word_1_900' title='bbox 2822 5845 3140 5915; x_wconf 85' lang='grc' dir='ltr'>Ἔγκαρπον</span> <span class='ocrx_word' id='word_1_901' title='bbox 3187 5841 3476 5916; x_wconf 79' lang='grc' dir='ltr'>ἀποφαίνει</span> <span class='ocrx_word' id='word_1_902' title='bbox 3517 5841 3619 5918; x_wconf 72' lang='grc' dir='ltr'><strong>τὴν</strong></span> 
     </span>
    </p>
   </div>
   <div class='ocr_carea' id='block_1_115' title="bbox 3149 5938 3218 6004">
    <p class='ocr_par' dir='ltr' id='par_1_115' title="bbox 3149 5938 3218 6004">
     <span class='ocr_line' id='line_1_115' title="bbox 3149 5938 3218 6004; baseline -0.058 0"><span class='ocrx_word' id='word_1_903' title='bbox 3149 5938 3218 6004; x_wconf 90' lang='grc'><strong>19</strong></span> 
     </span>
    </p>
   </div>
  </div>
