4162 6392
564 404 669 461 587

1598 396 1656 451 S.
1696 392 1970 452 CYRILLI
2009 390 2478 447 ALEXANDRINI
2515 391 2839 451 ARCIIIEP.

3704 393 3808 446 588

634 515 801 572 Vens.
846 513 929 568 l9.
990 512 1111 566 Non
1144 511 1417 572 cademus,
1464 513 1552 564 sed
1597 514 1782 563 cadent
1841 509 2136 562 habitantes

2303 510 2385 562 Οὐ
2413 510 2775 576 πεσούμεθα,
2794 506 2955 562 ἀλλὰ
2989 507 3312 559 πεσοῦνται
3343 509 3396 559 οἱ
3432 506 3809 573 ἐνοικοῦντες

562 614 618 665 in
685 620 843 663 terra.
906 604 1188 674 Resurgent
1254 604 1476 668 mortui,
1533 613 1579 655 et
1624 603 1992 657 excitabuntur
2050 602 2141 670 qui

564 711 685 755 sunt
743 701 799 752 in
870 698 1239 759 monumentis,
1289 704 1337 747 et
1378 694 1693 749 la'tabuntur
1730 695 1821 762 qui
1876 693 1932 745 in
1995 701 2138 745 terra

562 802 707 845 sunt.
748 789 890 843 Nam
913 806 997 842 ros
1045 789 1135 857 qui
1174 804 1206 839 a
1245 798 1292 839 te
1321 796 1417 851 est,
1458 786 1654 839 sanitas
1698 785 1807 839 illis
1837 794 1948 847 est;
2000 795 2139 837 terra

565 885 841 955 impiorum
867 884 1034 936 cadet.

638 1058 1011 1114 Admiratione
1044 1071 1173 1111 sane
1204 1056 1361 1125 digna
1386 1064 1473 1109 est
1503 1062 1809 1109 sanctorum
1842 1052 2135 1121 vigilantia.

570 1151 876 1219 intelligunt
908 1148 1053 1212 enim
1101 1162 1315 1215 semper
1352 1146 1532 1200 verbis
1569 1160 1688 1215 quae
1731 1145 1871 1215 apud
1914 1159 2011 1198 nos
2058 1142 2139 1196 fa-

569 1247 741 1308 ciunt,
773 1242 984 1297 occurri
1023 1239 1214 1295 solere.
1250 1239 1433 1307 Itaque
1456 1253 1577 1290 cum
1603 1237 1883 1300 dixissent,
1931 1251 1989 1290 se
2036 1235 2140 1290 illis

567 1337 658 1406 qui
701 1335 755 1389 in
802 1345 942 1388 terra
990 1341 1115 1386 sunt
1165 1331 1410 1400 spiritum
1447 1328 1638 1383 salutis
1673 1328 1963 1398 peperisse,
1998 1342 2142 1380 moro

569 1439 677 1481 tem
721 1436 899 1479 tamen
932 1431 1119 1477 contra
1152 1430 1308 1475 terra:
1340 1419 1543 1474 incolas
1574 1417 1826 1485 deinceps
1849 1417 2138 1469 etiamnum

570 1517 905 1572 invalescere
938 1513 1177 1576 videant,
1206 1512 1361 1582 quasi
1415 1510 1641 1565 dixisset
1669 1509 1935 1578 quispiam
1964 1526 1976 1560 :
2014 1507 2141 1573 Quae

568 1611 722 1666 nobis
753 1609 956 1662 utilitas
1000 1606 1303 1660 divinorum
1354 1602 1785 1673 l’trazconiorum?
1830 1601 1916 1655 ubi
1954 1600 2141 1655 salutis

568 1703 788 1772 spiritus
815 1701 837 1754 ’ἶ
868 1701 1065 1755 eadunt
1092 1699 1235 1752 enim
1264 1697 1355 1765 qui
1386 1706 1510 1750 sunt
1537 1696 1587 1748 in
1621 1704 1761 1749 terra
1797 1712 1809 1746 :
1840 1693 2140 1747 necessario

570 1805 752 1850 contra
779 1802 1054 1863 opponunt
1082 1791 1400 1861 apologiam,
1430 1804 1494 1843 ae
1527 1789 1779 1858 inquiunt
1804 1807 1815 1842 :
1840 1786 2142 1856 Resurgeut

2239 599 2336 653 ἐπὶ
2360 600 2470 667 τῆς
2506 599 2639 668 γῆς.
2672 598 3145 665 Ἀναστήσονται
3174 601 3227 651 οὶ
3269 600 3485 667 νεκροὶ,
3524 599 3623 653 καὶ
3650 600 3810 669 ἐτερ-

2240 691 2529 757 θήσονται
2556 693 2608 744 oi
2637 692 2707 744 ἐν
2735 689 2858 756 τοῖς
2882 692 3212 759 μνημείοις,
3242 691 3337 743 καὶ
3365 691 3811 760 εὐφρανθήσον-

2241 800 2333 837 ται
2366 786 2421 837 οὶ
2458 784 2528 836 ἐν
2563 781 2639 850 τῇ
2667 782 2762 853 γῇ.
2806 782 2866 837 Ἠ
2889 783 2996 851 γὰρ
3029 782 3249 849 δρόσος·
3272 783 3310 849 ἠ
3340 783 3497 850 παρὰ
3522 783 3637 837 σοῦ
3672 785 3813 853 ἴαμα

2239 875 2445 942 αὐτοῖς
2476 876 2668 928 ἐστιν.
2704 876 2773 928 Ἡ
2794 873 2862 926 δὲ
2897 872 2973 942 γῆ
3002 872 3120 927 τῶν
3145 872 3382 928 ἀσεϐῶν
3418 874 3705 928 πεσεῖται.

2322 1050 2674 1117 Ἀξιάγαστος
2695 1050 2907 1119 ἀληθῶς
2931 1050 3040 1102 τῶν
3070 1050 3294 1118 ἁγίωνή
3327 1050 3506 1119 νῆψις.
3544 1050 3812 1103 Ἐννοοῦσι

2240 1137 2347 1207 γὰρ
2381 1139 2465 1190 ἀεί
2501 1156 2619 1201 πως
2644 1139 2703 1191 τὸ
2750 1137 3133 1208 ἀντιτετάχθαι
3187 1138 3399 1205 δοκοῦν,
3449 1136 3529 1202 οἷς
3571 1138 3636 1193 ἂν
3678 1140 3812 1210 πρὸς

2241 1232 2385 1299 ἡμᾶς
2434 1234 2666 1283 ποιοῖντο
2722 1230 2919 1297 λόγοις.
2976 1228 3185 1283 Οὐκοῦν
3245 1231 3539 1302 ἐπειδήπερ
3596 1229 3813 1300 πνεῦμα

2242 1323 2505 1393 σωτήριον
2528 1323 2812 1375 ἀποτεκεῖν
2860 1324 3096 1390 ἔφασκον
3136 1324 3247 1385 τοῖς
3283 1323 3375 1375 ἐπὶ
3407 1324 3507 1393 τῆς
3533 1325 3653 1394 γῆς,
3681 1341 3813 1377 κατ-

2245 1410 2495 1480 ισχύοντα
2522 1411 2575 1463 δὲ
2598 1412 2691 1463 καὶ
2721 1412 2855 1481 μετὰ
2883 1411 3039 1463 τοῦτο
3066 1410 3143 1464 ἔτι
3170 1412 3275 1464 τῶν
3298 1414 3389 1465 ἐπὶ
3414 1413 3518 1482 γῆς
3538 1413 3704 1485 ὁρῶσι
3723 1414 3811 1466 τὸν

2242 1501 2490 1565 Θάνατον,
2541 1505 2702 1557 οίονεί
2763 1522 2906 1567 τινος
2956 1505 3224 1573 λέγοντος·
3277 1506 3373 1568 Τίς
3416 1507 3448 1575 ὴ
3495 1505 3679 1576 ὄνησις
3704 1506 3810 1559 τῶν

2242 1593 2401 1646 Οείων
2429 1596 2559 1664 ἡμῖν
2581 1595 2985 1666 κηρυγμάτων;
3036 1597 3139 1649 ποῦ
3184 1597 3241 1649 δὲ
3276 1597 3377 1665 τῆς
3427 1597 3703 1667 σωτηρίας
3750 1598 3811 1649 τὸ

2242 1685 2477 1756 πνεῦμα;
2510 1685 2767 1740 πίπτουσι
2787 1687 2894 1759 γάρ
2924 1690 2972 1740 oi
3005 1688 3097 1740 ἐπὶ
3123 1687 3223 1756 τῆς
3250 1688 3355 1756 γῆς
3374 1706 3387 1719 υ
3417 1688 3810 1756 ἁντεπάτουσιν

2241 1778 2551 1845 ἀναγκαίως
2563 1778 2657 1849 τὴν
2683 1779 2995 1846 ἀπολογίαν,
3019 1781 3112 1832 καὶ
3127 1779 3189 1849 δὴ
3209 1779 3301 1832 καί
3331 1797 3517 1849 φασιν,
3549 1781 3811 1850 Ἀναστή-

570 1889 797 1955 mortui,
862 1887 1032 1957 gratia
1086 1884 1302 1954 quidem
1360 1881 1490 1941 Dei,
1558 1880 2003 1950 quemadmodum
2064 1877 2136 1931 ait

2243 1887 2421 1924 σονται
2452 1871 2501 1922 οἱ
2535 1871 2734 1940 νεκροὶ,
2764 1870 2946 1941 χάριτι
2984 1871 3079 1941 μὲν
3102 1871 3258 1935 Θεοῦ,
3291 1872 3434 1925 καθά
3464 1889 3627 1943 φησιν
3654 1873 3682 1924 ό
3714 1888 3807 1940 μα-

570 1982 758 2033 beatus
811 1977 1087 2031 Paulus“.
1120 1974 1378 2029 Dominus
1412 1972 1761 2028 nosterJesus
1777 1971 2024 2026 Christus
2044 1984 2140 2038 pro

568 2070 817 2123 omnibus
845 2068 1079 2138 gustavit
1113 2074 1360 2126 mortem,
1392 2079 1578 2119 verum
1607 2062 1805 2117 revixit
1836 2061 1923 2115 die
1956 2062 2138 2123 tertio,

568 2172 621 2215 et
655 2161 826 2215 factus
854 2170 937 2213 est
968 2157 1215 2227 primitize
1243 2171 1433 2211 eorum
1459 2154 1550 2224 qui
1582 2154 1940 2219 dormierunt,
1972 2163 2025 2207 et
2056 2168 2141 2205 ra-

568 2256 657 2305 dix
682 2266 869 2307 eorum
896 2251 989 2319 qui
1037 2263 1129 2316 per
1155 2248 1328 2317 ipsum
1363 2248 1428 2299 ad
1463 2246 1630 2299 vitam
1663 2244 2139 2306 transformamur,

567 2354 619 2395 et
669 2342 821 2410 quasi
875 2339 1195 2409 principium
1249 2338 1501 2391 humanae
1552 2344 1781 2401 naturae,
1822 2350 1943 2404 qua:
1995 2336 2141 2387 exuit

568 2433 999 2501 corruptionem,
1042 2442 1244 2498 speque
1296 2428 1617 2482 inconcussa
1666 2427 1832 2481 vitam
1884 2435 2138 2479 aeternam

567 2524 927 2593 possidemus.
1005 2520 1188 2588 Itaque
1247 2532 1469 2586 prorsus
1525 2532 1590 2571 ac
1653 2516 1875 2571 omnino
1943 2515 2139 2569 revivi-

567 2624 721 2666 scent
766 2612 984 2673 tnnrlui,
1023 2620 1077 2662 et
1120 2609 1308 2663 mortis
1351 2608 1631 2676 imperium
1664 2608 1716 2661 in
1751 2616 1919 2662 totum
1959 2607 2141 2661 abole-

568 2705 711 2757 bitur
744 2722 756 2755 :
794 2717 977 2754 verum
1032 2716 1149 2753 cum
1185 2708 1393 2767 tempus
1430 2712 1537 2764 quo
1586 2697 1912 2751 resurrectio
1958 2696 2139 2750 futura

566 2804 649 2849 est
698 2795 931 2847 nondum
967 2792 1138 2853 adsit,
1202 2800 1392 2844 natura
1424 2789 1657 2843 hominis
1703 2788 1918 2842 interim
1960 2787 2141 2841 subci-

568 2886 695 2947 dit“
725 2899 788 2935 eo
826 2885 965 2950 quod
1005 2880 1336 2934 moriendum
1372 2890 1495 2939 est.
1547 2889 1598 2931 et
1640 2888 1866 2932 mortem
1908 2876 2033 2930 olim
2087 2875 2139 2929 in

566 2969 785 3023 Christo
820 2966 1169 3023 debilitatam.
1200 2973 1255 3018 et
1301 2964 1353 3017 in
1389 2964 1544 3018 nobis
1573 2975 1787 3031 quoque
1818 2961 1949 3029 ipsis
1998 2960 2142 3013 futu-

568 3076 681 3113 ram
704 3059 951 3120 debilem,
974 3067 1212 3125 tempore
1234 3069 1352 3117 suo,
1374 3056 1596 3123 perl'ert.
1625 3053 1705 3105 Att
1737 3052 1918 3120 igitur,
1944 3051 2137 3129 inquit,

570 3152 711 3205 istud
746 3150 946 3203 nostris
974 3148 1310 3203 sermonibus
1346 3145 1683 3215 repugnabit,
1716 3143 2140 3209 salutaribusque

2242 1961 2432 2030 κάριος
2473 1960 2715 2024 Παῦλος’
2784 1962 2841 2014 '0
2878 1961 3079 2032 Κύριος
3118 1962 3275 2032 ἡμῶν
3317 1962 3521 2033 Ἰησοῦς
3576 1962 3807 2033 Χριστὸς

2241 2054 2383 2123 ὑπὲρ
2404 2053 2602 2115 παντὸς
2638 2052 2899 2121 ἐγεύσατο
2928 2054 3180 2115 θανάτου,
3198 2054 3333 2125 πλὴν
3356 2055 3556 2108 ἀνεϐίω
3583 2055 3810 2124 τριήμε-

2243 2163 2356 2217 ρος,
2407 2146 2502 2198 καὶ
2550 2144 2772 2213 γέγονεν
2825 2145 3049 2216 ἀπαρχὴ
3092 2146 3199 2198 τῶν
3251 2148 3687 2216 κεκοιμημένων,
3718 2148 3811 2200 καὶ

2243 2235 2366 2307 ῥίζα
2386 2236 2494 2288 τῶν
2520 2236 2587 2289 δι’
2626 2236 2788 2289 αὑτοῦ
2851 2237 3379 2307 μεταπλαττομένων
3407 2240 3485 2301 είς
3513 2239 3678 2309 ζωὴν,
3719 2240 3813 2291 καὶ

2240 2323 2349 2380 οἷον
2378 2328 2519 2398 ἀρχὴ
2567 2328 2665 2398 τῆς
2713 2327 2998 2399 ἀνθρώπου
3034 2327 3249 2397 φύσεως
3296 2329 3668 2400 ἀποδυομένης
3713 2331 3812 2399 τὴν

2242 2418 2464 2488 φθορὰν·
2492 2418 2586 2471 uoti.
2614 2418 3065 2489 πεπλουτήκαμεν
3104 2418 3205 2489 μὲν
3257 2421 3316 2473 ὲν
3364 2420 3677 2491 ἀκλονήτοις
3722 2420 3810 2473 ἐλ-

2242 2511 2360 2561 πίσι
2386 2510 2484 2580 τὴν
2518 2511 2597 2572 είς
2625 2510 2795 2562 αἰῶνα
2864 2510 3032 2580 ζωήν.
3074 2512 3281 2582 Ἀραρε
3319 2512 3375 2564 δὲ
3410 2513 3492 2565 ὅτι
3539 2514 3713 2583 πάντη
3752 2530 3810 2565 τε

2242 2602 2336 2655 καὶ
2362 2601 2577 2664 πάντως
2604 2600 3001 2654 ἀναϐιώσονται
3035 2602 3132 2672 μὲν
3160 2604 3207 2655 οἱ
3233 2604 3439 2672 νεκροὶ,
3464 2602 3809 2674 καταργηθή-

2244 2710 2393 2745 σεται
2413 2693 2468 2745 ὃὲ
2501 2694 2737 2746 είσάπαν
2767 2692 2860 2746 τοῦ
2892 2693 3122 2746 Θανάτου
3157 2695 3217 2747 τὺ
3242 2694 3459 2765 κράτος·
3490 2695 3630 2764 πλὴν
3659 2694 3811 2748 οὔπω

2243 2786 2507 2856 παρόντος
2536 2785 2627 2838 τοῦ
2663 2784 2853 2856 καιροῦ
2883 2786 3003 2839 καθ’
3034 2786 3093 2837 ὃν
3121 2787 3154 2855 ὴ
3180 2786 3489 2849 ἀνάστασις·
3521 2786 3812 2840 ὑποπίπτει

2240 2876 2376 2937 τέως
2406 2877 2746 2947 ήὰνθρὼπου
2787 2876 2966 2945 φύσις,
3002 2876 3081 2947 τῷ
3126 2878 3376 2931 τεθνάναι
3404 2878 3533 2932 δεῖν.
3582 2878 3690 2930 Καὶ
3723 2878 3811 2930 τὸν

2240 2968 2297 3020 ἐν
2320 2968 2539 3040 Χριστῷ
2574 2968 2712 3031 τέως
2739 2969 3099 3039 ὴσθενηκότα,
3152 2971 3245 3023 καὶ
3288 2972 3346 3023 ἐν
3390 2973 3522 3041 ἡμῖν
3548 2988 3605 3023 τε
3632 2972 3812 3035 αὐτοῖς

2241 3061 2495 3130 ἐσόμενον
2526 3060 2722 3131 ἀσθενῆ
2783 3060 2923 3113 κατὰ
2971 3061 3195 3133 καιροὺς
3248 3061 3507 3131 ὑπομένει
3565 3061 3809 3115 θάνατον.

2241 3148 2365 3223 Ἆρ’
2388 3148 2479 3205 οὖν
2506 3154 2701 3217 ἐκεῖνο,
2730 3153 2882 3223 φησὶ,
2908 3154 3019 3216 τοῖς
3059 3153 3189 3223 παρ’
3225 3153 3379 3223 ἡμῶν
3409 3153 3811 3218 ἀντιτετάξεται

567 3240 1057 3311 praedicationibus,
1077 3239 1218 3307 quod
1246 3237 1297 3290 in
1328 3245 1465 3291 terra
1488 3237 1579 3305 qui
1605 3244 1731 3289 sunt
1754 3234 1969 3288 cadant?
1983 3232 2136 3287 Certe

2243 3245 2439 3312 λόγοις,
2468 3245 2631 3314 ἤγουν
2664 3244 2951 3315 σωτηρίοις
2990 3245 3332 3316 κηρύγμασι,
3369 3244 3428 3298 τὸ
3479 3245 3695 3298 πίπτειν
3731 3244 3811 3298 ἔτι

567 3333 667 3387 hoc
684 3333 901 3386 omnino
916 3331 1046 3385 nihil
1061 3340 1160 3384 est.
1178 3328 1478 3401 Resurgent
1491 3329 1631 3383 enim
1654 3327 1871 3392 mortui,
1886 3338 1939 3380 et
1956 3341 2072 3396 quae
2085 3324 2137 3378 in

569 3441 711 3481 terra
734 3442 796 3479 ac
816 3423 1175 3479 monumentis
1193 3431 1317 3477 sunt
1344 3437 1592 3491 corpora,
1609 3422 1660 3473 in
1683 3421 1845 3474 vitam
1866 3420 2134 3472 redibunt.

565 3518 683 3570 Jam
722 3532 907 3571 rursus
943 3515 1101 3584 hujus
1124 3514 1246 3582 quis
1279 3512 1489 3567 tandem
1520 3512 1625 3566 erit
1657 3509 1882 3564 modus?
1913 3509 2018 3562 Bos
2047 3508 2137 3576 qui

566 3627 593 3660 τι
625 3621 674 3660 te
696 3618 777 3661 est
798 3647 811 3669 ,
844 3606 1046 3660 sanitas
1074 3605 1176 3657 illis
1209 3614 1312 3658 est.
1353 3602 1419 3657 Et
1449 3616 1624 3656 rorem
1653 3602 1705 3655 in
1739 3601 1822 3655 his
1847 3600 2010 3670 370
2042 3614 2136 3653 vo—

565 3719 691 3756 eare
729 3717 849 3755 eum
893 3700 1131 3754 sentiunt
1171 3696 1435 3750 viviﬁcam
1484 3695 1707 3763 spiritus
1758 3693 2131 3748 eﬂicacitatetn

566 3806 620 3846 et
673 3793 989 3862 potentiam,
1039 3804 1135 3857 per
1178 3802 1337 3856 quam
1386 3786 1700 3841 excitandos
1729 3799 1849 3840 esse
1897 3793 2136 3838 mortuos

571 3886 759 3938 beatus
795 3883 957 3936 David
996 3884 1089 3934 ait.
1122 3880 1306 3935 Psallit
1329 3879 1472 3931 enim
1518 3879 1581 3931 ad
1627 3878 1815 3941 Deum,
1861 3885 1916 3929 et
1960 3876 2131 3929 dicit:

574 3996 592 4027 ι
632 3980 919 4029 Averteute
950 3973 1093 4027 enim
1138 3982 1189 4026 te
1219 3972 1429 4035 faciem,
1462 3968 1836 4035 turbabuntur,
1858 3978 1911 4022 et
1940 3969 1991 4022 in
2020 3967 2137 4037 pul-

570 4082 749 4121 verem
794 4081 946 4119 suum
990 4072 1345 4118 revertentur.
1387 4062 1613 4115 Emittes
1654 4060 1913 4129 Spiritum
1960 4074 2132 4124 tuum,

566 4154 979 4215 etcreabuntur,
1001 4163 1055 4205 et
1078 4152 1364 4206 renovabis
1385 4150 1572 4205 faciem
1599 4159 1753 4203 terra:
1768 4149 1834 4202 ⁸⁷.
1859 4168 1876 4200 ι
1902 4148 2135 4218 Estergo

572 4262 660 4299 ros
683 4245 926 4298 viviticus
956 4240 1190 4310 Spiritus
1224 4256 1251 4293 a
1280 4242 1439 4295 Patre
1474 4256 1568 4309 per
1610 4240 1825 4303 Filium,
1859 4255 1952 4308 per
1978 4255 2132 4307 quem

572 4332 1254 4400 terrestribuscorporibus
1284 4333 1609 4398 incorruptio
1644 4331 1900 4383 tribuitur
1925 4346 1938 4383 :
1964 4342 2017 4383 at
2045 4330 2133 4396 qui

568 4425 779 4480 interra
800 4423 1015 4487 cadent,
1044 4424 1359 4487 reviviscent
1381 4423 1479 4493 (1).
1501 4421 1666 4475 Terra
1692 4436 1817 4475 vero
1836 4436 2021 4475 eorum
2044 4421 2131 4491 qui

637 4602 682 4633 ⁸⁸
710 4599 730 4654 ι
769 4598 895 4657 Cor.
931 4615 1019 4665 xv,
1058 4599 1148 4654 55.
1221 4598 1263 4629 ³⁷
1297 4595 1443 4652 Psal.
1476 4612 1591 4660 cut,
1625 4596 1715 4661 ἓξ),
1745 4595 1834 4651 50.

2238 3335 2364 3398 τοὺς
2399 3336 2488 3388 ἐπὶ
2512 3336 2611 3404 τῆς
2630 3335 2754 3405 γῆς;
2790 3336 2897 3388 Καὶ
2927 3336 2978 3389 τί
3030 3335 3187 3389 τοῦτό
3210 3338 3322 3389 ἐστι
3354 3354 3368 3403 ;
3409 3336 3687 3399 παντελῶς
3718 3336 3809 3389 οὗ-

2241 3425 2348 3480 δέν.
2387 3426 2802 3480 Ἀναόιώσονται
2825 3426 2934 3497 γὰρ
2956 3430 3002 3480 οἱ
3042 3428 3244 3498 νεκροὶ,
3280 3428 3373 3480 καὶ
3398 3428 3466 3481 τὰ
3516 3430 3574 3481 ἐν
3614 3430 3682 3499 γῇ
3719 3428 3812 3481 καὶ

2244 3516 2529 3585 μνημείοις
2558 3515 2789 3586 σώματα
2823 3516 3252 3587 παλινδρομήσει
3286 3516 3423 3587 πρὸς
3480 3517 3645 3586 ζωήν.
3702 3518 3811 3570 Καὶ

2241 3605 2327 3667 τίς
2351 3606 2415 3659 ἀν
2444 3605 2650 3673 γένοιτο
2670 3605 2820 3657 τοῦδε
2843 3606 2905 3676 δὴ
2930 3606 3090 3659 πάλιν
3120 3608 3148 3658 ὁ
3178 3607 3377 3678 τρόπος
3401 3625 3415 3673 ;
3458 3609 3520 3661 Ἢ
3550 3608 3736 3679 δρόσος
3775 3610 3810 3679 ἡ

2242 3697 2392 3767 παρὰ
2418 3696 2511 3749 σοῦ
2535 3697 2671 3767 ἴαμα
2696 3698 2876 3761 αὐτοῖς
2926 3699 3062 3752 ἐστι.
3123 3700 3233 3751 Καὶ
3274 3699 3462 3770 δρόσον
3502 3701 3561 3751 ἐν
3603 3699 3811 3763 τούτοις

2242 3790 2535 3843 ἀποκαλεῖν
2583 3788 2853 3857 ἐγνώκασι
2904 3790 3001 3860 τὴν
3057 3791 3318 3854 ζωοποιὸν
3372 3790 3463 3844 τοῦ
3504 3791 3809 3862 πνεύματος

2241 3882 2526 3953 ὲνέργειάν
2551 3899 2611 3934 τε
2643 3883 2737 3934 καὶ
2765 3881 3013 3951 δύναμιν,
3047 3881 3114 3934 δι’
3142 3878 3208 3951 ἧς
3239 3882 3631 3953 ὲγερθήσεσθαι
3684 3884 3812 3947 τοὺς

2239 3972 2464 4043 νεκροὺς
2488 3972 2515 4023 ὁ
2545 3971 2809 4042 μακάριος
2841 3971 2944 4041 ἔφη
2972 3973 3154 4025 Δαὸίδ.
3176 3972 3382 4025 Ψάλλει
3406 3974 3514 4042 γάρ
3545 3990 3647 4025 που
3678 3972 3811 4043 πρὸς

2241 4063 2394 4126 Θεὸν,
2428 4063 2519 4115 καί
2554 4078 2738 4133 φησιν’
2772 4081 2790 4114 ι
2828 4064 3289 4133 Ἀποστρέψαντος
3315 4065 3421 4134 γάρ
3446 4080 3539 4116 σου
3560 4062 3620 4116 τὸ
3643 4066 3810 4133 πρόσ-

2240 4170 2407 4216 ωπον,
2435 4152 2888 4222 ταραχθήσονται,
2940 4154 3033 4205 καὶ
3063 4154 3141 4214 εἰς
3168 4152 3258 4205 τὸν
3302 4152 3429 4223 χοῦν
3470 4151 3651 4205 αὐτῶν
3692 4154 3811 4205 ἐπι-

2245 4242 2582 4312 στρέφουσιν.
2620 4241 3026 4306 Ἐξαποστελεῖς
3047 4243 3108 4296 τὸ
3140 4244 3367 4313 Πνεῦμα
3399 4260 3512 4307 σου,
3554 4244 3649 4297 καὶ
3695 4260 3809 4296 κτι-

2244 4332 2554 4402 σθήσονται,
2585 4334 2680 4384 κα)⁵
2708 4335 3038 4396 ἀνακαινιεῖς
3070 4334 3129 4385 τὸ
3155 4334 3444 4403 πρόσωπον
3473 4333 3573 4403 τῆς
3622 4332 3745 4401 γῆς.
3784 4351 3803 4383 ν

2242 4423 2441 4494 Δρόσος
2468 4418 2559 4475 οῦν
2585 4423 2691 4493 ἄρα
2716 4423 2978 4487 ζωοποιὸς
3004 4425 3064 4477 τὸ
3086 4425 3307 4496 Πνεῦμα
3329 4426 3477 4496 παρά
3500 4424 3708 4494 Πατρὸς
3742 4423 3808 4476 δι’

560 4804 657 4841 του
709 4785 1011 4867 ἀνθρώπουλ
1030 4782 1205 4865 dum;
1261 4783 1425 4867 6‘19?
1469 4781 1601 4867 Θεοῦ
1656 4780 1847 4867 Λόγος,
1888 4776 2131 4867 καὶιτῶν
2162 4790 2205 4843 ι)
2236 4778 2611 4867 ΚΥΡΙΛᾼΟἙ.
2647 4780 2847 4867 Δρόσον
2881 4782 2942 4859 ἐν
2969 4779 3183 4867 τούτοις
3215 4778 3603 4867 ἀποκαλεῖσθαι
3642 4779 3809 4867 ὲγνώὶ⁵

567 4849 1460 4930 σαρκικῶνὲηπιθύμίῷν·κολᾲζει
1502 4853 1605 4930 τὴν
1654 4852 1887 4930 κίνησιεξ
1934 4849 2132 4930 Μήτρα

606 4918 880 4999 ἀρ-ἔοικεν
908 4926 936 4976 ὁ
968 4918 1095 4999 νοῦς
1196 4918 1642 4999 ἅνθρώπινοςζὸς
1692 4922 1740 4972 εί
1781 4918 1933 4999 λάὅοι
1984 4920 2132 4987 παρὰ

610 4989 698 5050 εὸῦ
726 4996 793 5048 τὰ
815 4996 911 5065 τῆς
936 4993 1212 5065 εὐσεϐείας
1238 4989 1543 5065 σπέρματα,
1566 4995 1734 5065 τίκτει
1753 4989 1973 5065 πάντως
2009 5003 2139 5065 καρ-

563 5068 698 5130 ποὺς
733 5057 989 5133 ἀγαθούς.
1027 5064 1233 5117 Οὐκοῦν
1268 5057 1532 5134 ἐγκαρποι
1559 5064 1609 5114 οἱ
1643 5064 1700 5113 ὲν
1748 5058 1971 5134 Χριστῴ
2012 5074 2025 5087 ·
2054 5057 2136 5109 τί-

562 5154 750 5190 κτουσι
784 5131 897 5205 γὰρ
924 5134 998 5197 ὡς
1028 5134 1136 5205 ἀπὸ
1160 5134 1390 5205 γαστρὸς
1409 5131 1508 5186 ’καὶ
1542 5134 1750 5203 μήτρας
1785 5131 1977 5199 νοητῆς
1998 5144 2134 5196 καρ-

566 5208 721 5268 ποὺς,
760 5206 833 5268 ὡς
866 5203 1021 5319 ἕφγέν,
1047 5203 1299 5271 ἀγαθούς.

639 5276 895 5319 Funerum-
974 5273 1171 5319 ’erlmm
1224 5274 1295 5319 De

636 5272 916 5329 Ewsomt.‘
953 5272 1171 5325 Verbum
1221 5274 1318 5326 Dei
1369 5272 1642 5339 fecundam
1700 5273 1866 5327 reddit
1908 5272 2131 5326 hominis

568 5348 820 5405 anintam,
838 5357 883 5398 et
907 5344 1197 5397 carnalium
1220 5343 1594 5397 desideriorum
1611 5354 1804 5395 malum
1832 5346 2125 5409 compescit.

566 5413 804 5467 Mulieris
849 5416 985 5468 enint
1033 5425 1176 5467 utero
1214 5414 1401 5467 similis
1434 5422 1507 5467 est
1544 5429 1684 5465 mens
1714 5417 1975 5477 humana,
2014 5428 2131 5481 quia

564 5485 772 5552 quidem
805 5486 851 5537 si
885 5503 915 5537 a
949 5484 1056 5538 Deo
1092 5485 1299 5552 pietatis
1330 5486 1528 5536 semina
1554 5484 1818 5550 receperit,
1850 5487 1986 5552 parit
2017 5500 2127 5534 om-

566 5550 689 5606 nino
724 5554 881 5607 bonos
917 5550 1142 5623 fructus.
1183 5552 1353 5621 Igitur
1392 5554 1599 5619 fecundi
1629 5566 1744 5606 sunt
1789 5569 1877 5622 qut
1919 5550 2126 5605 Christo

566 5625 829 5676 adhwrent
855 5637 873 5675 :
900 5625 1114 5691 pariunt
1145 5627 1281 5677 enim
1317 5624 1464 5692 quasi
1513 5639 1576 5676 ex-
1615 5632 1762 5677 utero
1811 5635 1857 5676 et
1911 5623 2127 5675 matrice

567 5694 793 5762 spiritali
816 5693 1037 5761 fructus,
1062 5703 1117 5745 ut
1147 5694 1281 5755 diri,
1312 5692 1491 5745 bonos.

639 5764 713 5833 (1)
746 5760 870 5833 Haec
924 5766 974 5817 in
1000 5773 1185 5833 catena
1218 5764 1455 5833 μονάδι-ἥ
1481 5762 1588 5833 "sic
1627 5771 1973 5833 exponuntur
2007 5779 2019 5813 :
2066 5760 2126 5812 Ἡ

566 5831 948 5905 γὰρ’δρόσος
996 5832 1034 5899 ἠ
1091 5832 1248 5901 παρὰ
1308 5831 1429 5885 σοῦ
1477 5832 1617 5901 ἴαμα
1678 5831 1878 5895 αὐτοῖς
1932 5831 2121 5882 ἐστιν.

2234 4866 2408 4921 καμεν
2436 4850 2533 4921 τὴν
2567 4849 2825 4921 quotam
2850 4850 2944 4921 τοῦ
2969 4851 3282 4921 Πνεύματος
3322 4852 3600 4921 ἐνέργειαν
3627 4868 3687 4903 τε
3717 4852 3809 4903 καὶ

2234 4915 2584 4991 δύναμιν,”δι’
2610 4915 2676 4991 ἦς
2709 4915 3259 4991 ὲγερθήσεσθαίτοῦς
3297 4915 3519 4991 νεκροῦς
3562 4923 3590 4974 ό
3633 4922 3809 4990 μακά-

2240 4989 2698 5079 ριος-,Δαϐίᾱ
2720 4989 2942 5079 "rana
2972 4992 3080 5079 γαρ
3111 4989 3404 5079 πουῖπρὸς
3423 4991 3556 5044 Θεὸν
3588 4989 3681 5044 καί
3706 5008 3810 5061 φη-

2240 5076 2362 5131 σιν·
2400 5077 2419 5110 t
2472 5060 2934 5130 Ἀποστρέψαντος
2977 5060 3160 5113 δέσου
3194 5062 3253 5114 τὸ
3294 5060 3585 5130 πρόσωπον
3626 5060 3809 5131 ταραέ-

2238 5129 2527 5198 χθήσονται
2546 5147 2558 5160 ·
2592 5129 2686 5185 καὶ
2711 5129 2789 5194 είς
2816 5132 2903 5185 τὸν
2933 5132 3061 5201 χοῦν
3095 5132 3271 5183 αὐτῶν
3298 5129 3809 5201 ἐπιστρέφουσικαὶ

2238 5201 2609 5264 ἐξαποστελεῖς
2650 5202 2709 5253 τὸ
2748 5200 2970 5270 Πνεῦμά
3006 5218 3120 5261 σου,
3155 5204 3248 5255 καὶ
3284 5200 3688 5270 κτισθήσονται,
3717 5202 3809 5253 καὶ

2237 5270 2567 5341 ἀνακαινιεῖς
2602 5272 2661 5323 τὸ
2689 5268 2978 5341 πρόσωπον
3007 5272 3105 5341 τῆς
3134 5272 3258 5340 γῆς.
3299 5292 3317 5323 ι
3349 5268 3549 5339 Δρόσος
3578 5268 3671 5324 οῦν
3700 5271 3807 5339 ἄρα

2236 5339 2495 5411 (manu;
2522 5341 2584 5411 fro
2614 5339 2839 5411 Πνεῦμα
2860 5343 3011 5411 παρά
3046 5339 3278 5410 Πατρός,
3308 5342 3340 5410 ἡ
3370 5342 3464 5393 καὶ
3492 5341 3676 5403 αὐτοῖς
3696 5345 3807 5401 τοῖς

2236 5412 2299 5461 ὲκ
2328 5410 2437 5482 γῆς
2466 5410 2713 5482 σώμασιν
2737 5410 2953 5466 ἐνιεῖσαί
2970 5412 3065 5482 τὴν
3094 5412 3422 5482 ἀφθαρσίαν.
3456 5412 3564 5463 Καὶ
3594 5411 3799 5482 πάλιν·

2233 5477 2434 5550 Δρόσον
2459 5477 2611 5549 οἶμαι
2643 5481 2820 5549 λέγειν
2842 5482 2938 5550 τὴν
2962 5477 3221 5546 ζώοποιὺν
3247 5477 3344 5532 τοῦ
3374 5480 3531 5546 ἁγίου
3561 5480 3807 5549 Πνεύμα-

2234 5566 2323 5621 τος
2351 5549 2597 5621 ᾷύναμιν,
2625 5554 2722 5604 καὶ
2748 5553 2844 5620 τὴν
2870 5549 2961 5604 τοῦ
2992 5551 3221 5621 θανάτου
3252 5550 3473 5621 λυτικὴν
3503 5551 3801 5621 ἐνέργειαν·

2233 5619 2309 5681 ὡς
2355 5619 2615 5691 Θεοῦκαὶ
2649 5619 2815 5691 ζωῆςς
2849 5622 2955 5674 Καὶ
3008 5619 3448 5691 πάυὶιιᾷχΔρόσον
3496 5622 3562 5691 ἐνΔ
3599 5619 3806 5691 τούτοις

2229 5691 2329 5762 οὐχ
2358 5690 2541 5762 ξτερόν
2568 5709 2618 5742 τι
2659 5687 2809 5762 παρά
2838 5692 2896 5742 τὸ
2926 5690 3149 5759 Πνεῦμα
3178 5687 3372 5757 λὲγών,
3406 5690 3522 5762 ἦτοι
3547 5687 3805 5752 ζωοποιὸν

2228 5761 2322 5832 τοῦ
2372 5759 3038 5832 Πνεύματοςένὲργειαν,
3068 5763 3101 5831 ἡ
3148 5762 3250 5832 διὰ,
3284 5759 3521 5832 Χριστοῦ
3563 5761 3805 5832 atde-mi;

2230 5831 2331 5901 ἤδη
2365 5829 3153 5901 κατεφθαρμένοιςἐκχεομένη
3190 5829 3402 5901 σώμασι
3436 5830 3532 5900 τὴν
3566 5829 3804 5900 ὀλέθριον
