4162 6392
357 414 463 471 589

1485 414 1552 471 IN
1592 413 1823 470 [SAIAM
1864 416 1992 471 LIB.
2032 417 2119 475 Ill.
2162 417 2398 477 TOMUS
2436 422 2477 478 Ι.

3508 431 3611 491 590

356 538 505 604 Υίοῦ,
542 536 635 589 καὶ
686 534 870 597 αὐτοῖς
913 536 1026 599 τοῖς
1066 537 1129 588 ἐκ
1158 536 1265 606 γῆς
1304 536 1553 608 σώμασιν
1605 510 1805 591 ὲνιεῖσα
1830 536 1928 609 τὴν

2033 538 2281 595 vixerunt
2326 541 2493 612 impie
2529 540 2705 599 cadet.
2746 544 2899 612 Quod
2934 562 3031 603 usu
3081 548 3229 603 venit
3266 548 3469 619 regioni
3516 550 3605 603 Ju-

355 626 681 698 ἀφθαρσίαν.
709 625 848 678 Ἀλλ’
869 627 916 678 οἱ
949 627 1047 696 μὲν
1073 627 1129 679 ὲν
1151 630 1221 699 γῇ
1242 627 1499 692 πεσόντες
1522 627 1933 692 ἀναϐιώσονται,

354 720 464 789 ἠδέ
484 736 547 787 γε
576 719 686 772 τῶν
720 718 1193 789 δεδυσσεϐηκότων
1230 721 1300 790 γῆ
1346 725 1609 787 πεσεῖται,
1653 722 1746 774 καὶ
1778 721 1935 774 τοῦτο

359 811 546 863 παθεῖν
575 810 773 881 συνέϐη
797 813 863 879 τῇ
888 810 997 864 τῶν
1048 812 1316 865 Ἰουδαίων
1366 812 1519 884 χώρᾳ
1537 829 1551 840 ·
1602 814 1932 884 πεπαρῳνή-

2043 629 2247 685 daicze:
2289 633 2485 702 quippe
2506 634 2594 703 qui
2632 635 2685 688 in
2717 634 2989 691 Christum
3024 638 3339 693 debacchati
3375 638 3611 699 fuerunt,

2042 732 2367 794 sanctosque
2399 727 2778 795 mysteriorum
2822 729 3112 794 antistites,
3139 730 3481 799 quantumvis
3503 731 3609 797 spio

2041 813 2200 867 ritum
2226 814 2415 870 salutis
2448 816 2502 869 in
2530 826 2670 871 terra
2696 819 3009 889 degentibus
3033 821 3380 891 peperissent.

354 924 483 960 κασι
515 907 624 978 γὰρ
650 909 732 971 είς
784 907 1039 975 Χριστὸν,
1084 909 1177 961 καὶ
1251 912 1330 972 είς
1388 910 1516 973 τοὺς
1557 910 1745 978 ἁγίους
1818 912 2231 979 μυσταγωγοὺς,
2292 911 2471 965 καίτοι
2507 913 2570 966 τὸ
2634 915 2730 984 τῆς
2770 915 3045 987 σωτηρίας
3092 917 3349 980 τεκόντας
3396 915 3610 986 πνεῦμα

352 1007 464 1067 τοῖς
489 1005 583 1057 ἐπὶ
610 1005 711 1074 τῆς
761 1004 885 1075 γῆς.

425 1098 648 1164 Βάδιζε,
673 1098 821 1165 λαός
850 1116 992 1167 μου.
1044 1100 1283 1155 εἴσελθε
1311 1101 1398 1166 εἷς
1423 1100 1497 1154 τὰ
1522 1099 1751 1170 ταμιεῒά
1792 1118 1930 1166 σου,

351 1190 720 1244 ἀπόκλεισον
756 1192 872 1257 τὴν
903 1193 1089 1259 θύραν
1141 1208 1289 1257 σου,
1323 1193 1691 1261 ἀποκρύϐηθι
1716 1196 1934 1262 μικρὸν

352 1280 503 1334 ὅσον
520 1281 690 1347 ὅσον,
704 1281 813 1347 ἕως
824 1281 900 1335 ἂν
910 1280 1174 1350 παρέλθῃ
1194 1282 1231 1347 ἢ
1251 1281 1395 1350 ὀργὴ
1411 1283 1646 1350 Κυρίου.
1668 1282 1809 1337 Ἰδοὺ
1826 1283 1934 1352 γὰρ

351 1374 566 1439 Κύριος
601 1372 720 1426 ἀπὸ
765 1371 870 1425 τοῦ
903 1372 1075 1439 ἁγίου
1109 1373 1295 1426 τόπου
1328 1372 1531 1441 ἐπάτει
1576 1371 1692 1441 τὴν
1747 1374 1934 1442 ὀργὴν

350 1464 447 1516 ἐπὶ
473 1464 616 1529 τοὺς
646 1464 1031 1530 ἐνοικοῦντας
1062 1464 1161 1517 ἐπὶ
1190 1463 1302 1533 τῆς
1350 1464 1484 1535 γῆς.
1519 1466 1594 1535 (1)
1632 1466 1743 1520 Καὶ
1789 1468 1931 1521 ἀνα-

353 1556 614 1623 καλύψει
645 1557 683 1623 ἡ
720 1554 795 1624 γῆ
829 1556 895 1609 τὸ
920 1556 1062 1625 αἷμα
1089 1554 1299 1623 αὐτῆς,
1348 1556 1448 1609 καὶ
1496 1559 1568 1611 οὐ
1604 1560 1939 1613 κατακαλύ-

350 1649 453 1715 ψει
479 1646 622 1712 τοὺς
653 1647 804 1718 ἁνῃρ
812 1664 893 1716 ημ
901 1646 1100 1714 ένους.

424 1738 497 1790 Τὸ
519 1736 614 1791 τοῦ
644 1740 778 1792 Θεοῦ
818 1739 1107 1809 πρόσωπον
1136 1741 1193 1792 ὲν
1235 1740 1445 1804 τούτοις
1469 1742 1605 1812 ἡμῖν
1629 1743 1936 1813 εἰσκομίζε-

351 1846 441 1883 ται
477 1829 583 1881 τῶν
611 1830 779 1895 ἁγίων
813 1828 1061 1883 τὸνονοῦν
1103 1829 1488 1899 ὲπαλείφοντος
1516 1832 1593 1893 εἰς
1642 1831 1701 1883 τὸ
1725 1831 1934 1902 θληπα-

2111 1100 2276 1155 Vens.
2307 1099 2401 1165 ΞΟ,
2429 1099 2518 1155 21.
2566 1098 2732 1163 Vade,
2762 1102 2946 1169 popule
2974 1104 3066 1165 mi,
3105 1103 3373 1173 ingredere
3399 1103 3453 1158 in
3481 1121 3606 1158 con-

2040 1194 2208 1251 clavia
2235 1205 2348 1262 tua,
2377 1194 2563 1249 claude
2586 1196 2778 1248 ostium
2806 1206 2976 1262 tuum,
3008 1194 3321 1250 abscondere
3345 1201 3605 1251 modicum

2038 1287 2586 1357 quantulumcunque,
2640 1285 2803 1340 donec
2863 1298 3186 1353 pertranseat
3237 1288 3321 1341 ira
3374 1287 3603 1343 Domini.

2038 1376 2176 1432 Ecce
2206 1378 2345 1433 enim
2374 1376 2631 1431 Dominus
2660 1395 2690 1431 a
2718 1388 2899 1432 sancto
2936 1378 3134 1432 inducit
3164 1380 3299 1431 iram
3328 1381 3382 1432 in
3406 1396 3490 1433 eos
3516 1383 3605 1450 qui

2038 1472 2273 1525 habitant
2296 1487 2452 1539 super
2480 1481 2695 1523 terram.
2740 1467 2808 1523 Et
2838 1471 3082 1525 revelabit
3123 1481 3262 1526 terra
3299 1474 3602 1542 sanguinem

2033 1578 2207 1627 suum,
2238 1572 2285 1615 et
2319 1578 2421 1616 non
2449 1561 2727 1616 abscondet
2762 1562 3085 1631 interfectos.

2104 1734 2193 1789 Dei
2237 1750 2462 1805 persona
2504 1737 2659 1791 nobis
2697 1737 2847 1793 hisce
2878 1740 3057 1794 verbis
3098 1752 3406 1797 sanctorum
3452 1761 3601 1799 men-

2034 1836 2139 1880 tem
2172 1828 2239 1882 ad
2266 1827 2579 1897 patientiam
2612 1831 2979 1897 exhortantis,
3004 1843 3057 1887 et
3089 1826 3240 1903 quasi
3273 1835 3595 1905 inungentis,

351 1920 461 1983 θές.
490 1920 707 1991 Ἐπειδὴ
728 1920 837 1991 γὰρ
861 1920 1104 1992 ἔμελλον,
1124 1920 1352 1984 καὶτοῖς
1374 1919 1432 1985 ἐξ
1447 1921 1675 1991 αἵματος
1693 1921 1928 1993 Ἰσραὴλ,

2035 1917 2326 1973 inducitur.
2352 1918 2485 1973 Cum
2513 1920 2657 1974 enim
2696 1929 2806 1975 tum
2839 1924 3105 1993 sanguine
3134 1925 3422 1982 Israelitico
3444 1930 3596 1993 ortis,

350 2012 578 2075 καὶτοῖς
610 2012 712 2065 ἀνά
745 2014 925 2066 πᾶσαν
956 2011 1051 2083 τὴν
1086 2013 1177 2065 ὑπ’
1195 2012 1420 2083 οὐρανὸν
1445 2013 1506 2066 τὸ
1529 2015 1627 2085 τῆς
1656 2017 1930 2084 σωτηρίας

352 2104 634 2168 ποιοῦντες
661 2103 899 2175 πνεῦμα,
926 2105 1075 2157 τοῦτ’
1092 2104 1229 2169 ἐστι,
1253 2105 1313 2159 τὸ
1336 2106 1688 2175 εὑαγγελικὸν
1721 2106 1931 2177 ἱερουρ-

349 2198 572 2266 γοῦντες
597 2199 860 2269 κήρυγμα
879 2198 1071 2260 δεινοῖς
1088 2214 1147 2250 τε
1165 2199 1259 2251 καὶ
1280 2198 1578 2268 ἀφορήτοις
1606 2199 1928 2269 πειρασμοῖς

350 2290 785 2361 περιπεσεῖσθαι,
820 2291 916 2343 καὶ
947 2290 1110 2344 αὑτὸν
1142 2291 1195 2344 δὲ
1220 2291 1310 2344 τὸν
1328 2291 1420 2343 ἐπὶ⁵
1445 2292 1589 2362 ψυχῇ
1622 2292 1717 2343 καὶ
1739 2290 1929 2361 αἵματι

350 2384 590 2436 κίνδυνον
615 2383 931 2454 ὑπομεῖναι·
960 2383 1215 2455 ταύτῃτοι
1252 2384 1348 2437 καὶ
1400 2383 1543 2453 μάλα
1575 2383 1796 2446 εἰκότως
1832 2401 1929 2436 κα-

348 2474 788 2528 τανεανιεύεσθαι
820 2476 991 2543 φιλεῖν
1022 2476 1128 2529 τῶν
1161 2477 1417 2534 τοιούτων
1470 2480 1665 2541 αὐτοὺς
1695 2478 1925 2533 ἀναπεί-

349 2566 451 2631 θει,
491 2566 684 2635 λέγων·
720 2567 931 2632 Βάδιζε,
964 2568 1091 2633 λαός
1124 2586 1250 2639 μου,
1278 2568 1484 2622 εἴσελθε
1506 2571 1586 2632 εἰς
1616 2570 1682 2622 τὰ
1704 2568 1927 2639 ταμιεῖά

352 2674 468 2710 σου.
501 2658 856 2726 Εὑφυέστατα
890 2658 945 2711 δὲ
969 2659 1063 2711 καὶ⁸
1097 2660 1360 2729 εὐφήμως
1391 2658 1530 2727 ἄγαν
1572 2658 1837 2712 ἀποκαλεῖ
1860 2658 1926 2710 τὰ

346 2750 572 2817 ταμιεῖα
596 2750 736 2818 τάχα
759 2765 860 2800 που
876 2748 941 2801 τὰ
969 2750 1025 2802 ὲν
1048 2751 1112 2818 τῇ
1147 2751 1214 2818 γῇ
1248 2750 1523 2819 μνήματα·
1548 2749 1642 2800 καὶ
1672 2747 1734 2819 δὴ
1756 2749 1848 2800 καὶ
1869 2749 1926 2800 ὲν

352 2839 450 2910 ῐσῳ
469 2843 580 2903 τοῖς
607 2840 822 2910 ἀληθῶς
859 2840 1363 2911 ἀποκρυπτομένοις
1396 2839 1672 2892 ἀποκλείει
1700 2840 1799 2902 τὰς
1834 2839 1929 2892 θύ-

351 2950 477 3002 ρας,
510 2933 601 2985 καὶ
627 2932 958 2985 διαλανθάνει
984 2932 1267 3002 ἀνέχεσθαι
1318 2931 1508 3002 βραχὺ,
1540 2931 1643 2993 ἕως
1688 2930 1753 2983 ἂν
1785 2948 1927 3002 παρ-

350 3027 479 3097 έλθῃ
534 3029 567 3097 ἡ
619 3026 756 3097 ὀργὴ
793 3026 1021 3097 Κυρίου.
1067 3027 1295 3096 Εἴρηται
1349 3026 1447 3095 μὲν
1476 3025 1583 3095 γὰρ
1606 3027 1671 3095 τῇ
1711 3024 1805 3077 τοῦ
1836 3024 1926 3093 γέ-

349 3136 472 3182 νους
504 3119 669 3189 ἀρχῇ,
702 3117 844 3171 τοῦτ’
881 3118 1016 3180 ἐστι,
1047 3117 1124 3187 τῷ
1170 3117 1378 3187 Ἀδάμ’
1421 3119 1445 3167 ι’
1472 3116 1546 3187 Γῆ
1589 3113 1659 3179 εἷ,
1709 3115 1802 3169 καὶ
1848 3119 1927 3179 εἰς

348 3213 451 3281 γῆν
487 3211 786 3283 ἀπελεύσῃ·
815 3229 833 3261 ι
860 3213 954 3264 καὶ
979 3211 1252 3281 ἐπάρατος
1283 3206 1351 3281 ἦν
1375 3209 1461 3263 διὰ
1483 3210 1580 3278 τὴν
1615 3208 1926 3279 παράϐασιν

2035 2020 2142 2065 tum
2175 2026 2272 2081 per
2308 2020 2473 2067 totum
2514 2021 2784 2069 terrarum
2828 2017 3013 2071 orbem
3060 2019 3401 2087 degentibus,
3440 2022 3596 2090 spiri-

2031 2110 2143 2156 tum
2196 2102 2388 2158 salutis
2434 2104 2911 2171 administrantes,
2955 2108 3006 2161 id
3045 2118 3146 2174 est,
3197 2122 3595 2166 sacrosanctam

2028 2193 2303 2264 Evangelii
2342 2197 2775 2264 prauiicationem
2818 2198 2870 2252 in
2904 2214 3093 2268 graves
3133 2211 3188 2255 et
3235 2201 3598 2259 intolerabiles

2028 2289 2209 2342 casuri
2238 2298 2421 2343 essent
2448 2289 2802 2357 calamitates,
2831 2292 3070 2361 adeoque
3094 2294 3215 2347 vita:
3247 2307 3300 2348 et
3321 2296 3597 2363 sanguinis

2029 2379 2319 2433 discrimen
2353 2380 2579 2434 subituri
2605 2397 2621 2436 ι
2652 2382 2776 2436 huic
2803 2392 2856 2436 et
2876 2384 3086 2452 quidem
3114 2384 3460 2440 meritissimo
3480 2393 3598 2442 s‘ua-

2029 2473 2119 2523 det
2165 2473 2425 2525 adversus
2472 2487 2559 2526 res
2594 2472 2862 2543 ejusmodi
2910 2474 3075 2529 fortes
3126 2477 3334 2531 animos
3384 2494 3592 2547 gerere,

2029 2562 2212 2617 dicens
2254 2584 2267 2617 :
2309 2562 2476 2627 Vade,
2526 2567 2720 2636 pepule
2768 2568 2861 2633 mi,
2891 2567 3176 2635 ingredere
3219 2569 3269 2622 in
3321 2570 3593 2625 conclavia

2029 2661 2138 2707 tua.
2200 2652 2493 2721 Aptissimo
2532 2664 2585 2708 et
2632 2657 2808 2711 fausto
2855 2659 3068 2712 nomine
3107 2659 3380 2715 conclavia
3418 2672 3592 2727 vocat,

2028 2743 2276 2798 fortassis
2322 2745 2375 2799 in
2427 2755 2568 2800 terra
2620 2758 3009 2802 monumenta:
3054 2765 3116 2803 ac
3166 2752 3388 2819 perinde
3436 2755 3591 2822 quasi

2027 2837 2222 2891 detecti
2248 2849 2446 2899 essent,
2485 2840 2676 2894 suadet
2703 2849 2758 2893 ut
2787 2840 2933 2895 fores
2966 2842 3239 2910 claudant,
3271 2846 3598 2901 sustineant-

2026 2944 2131 2993 que
2154 2944 2440 2999 parumper
2462 2930 2651 2995 latere,
2686 2932 2856 2987 donec
2891 2934 2967 2986 ira
3003 2935 3209 2988 Domini
3234 2947 3588 3004 pertranseat.

2028 3021 2236 3075 Dictum
2275 3023 2417 3076 enim
2449 3033 2531 3077 est
2565 3023 2828 3093 principio
2859 3028 3093 3095 generis,
3128 3027 3177 3081 id
3212 3037 3311 3089 est.
3340 3030 3545 3084 Adamo
3577 3048 3591 3084 :

2034 3129 2053 3162 ι
2087 3109 2250 3164 Terra
2277 3125 2356 3175 es,
2388 3121 2442 3165 et
2475 3112 2527 3165 in
2566 3121 2765 3165 terram
2796 3114 3081 3168 reverteris
3109 3114 3190 3180 "3;
3228 3134 3245 3165 ι
3281 3131 3345 3168 ae
3378 3115 3593 3183 quidem

2027 3202 2309 3257 maledicta
2369 3203 2490 3269 fuit,
2532 3214 2750 3273 propter
2801 3206 3285 3275 transgressionem
3337 3206 3596 3271 hominis,

349 3302 382 3371 ἡ
434 3299 721 3371 ἀνθρώπου
763 3300 943 3368 φύσις·
1001 3298 1258 3369 ταύτῃτοι
1311 3299 1405 3351 καὶ
1454 3299 1810 3369 ὑπενήνεκται
1859 3300 1923 3369 τῇ

2028 3309 2242 3361 natura,
2279 3298 2418 3351 unde
2456 3297 2787 3365 corruptioni
2835 3298 3096 3364 subiecta.
3148 3298 3271 3353 llaec
3310 3309 3487 3354 autem
3527 3315 3596 3353 ex

351 3392 545 3463 φθορᾷ.
566 3390 873 3461 Λυθήσεται
890 3390 946 3443 δὲ
972 3390 1038 3444 τὰ
1061 3392 1123 3443 ὲκ
1144 3391 1293 3454 θείας
1309 3391 1476 3462 ὀργῆς
1503 3390 1931 3460 ὲπενηνεγμένα.

350 3485 460 3537 Καὶ
485 3484 643 3536 τοῦτο
667 3486 747 3547 εἰς
780 3484 921 3536 ἆπαν
950 3484 1090 3537 κατὰ
1124 3482 1215 3535 τὸν
1244 3486 1342 3553 τῆς
1396 3481 1703 3544 συντελείας
1741 3480 1929 3551 καιρὸν

353 3576 798 3647 καταργουμένου
826 3576 1078 3636 θανάτου,
1098 3576 1192 3626 καὶ
1220 3575 1317 3643 τῆς
1344 3574 1436 3626 τοῦ
1467 3573 1711 3627 διαϐόλου
1738 3590 1931 3643 τυραν⁹

350 3665 492 3728 νίδος
514 3666 879 3736 ἀνῃρημένης,
895 3666 1100 3735 καὶτῆς
1130 3665 1403 3736 ἁμαρτίας
1421 3664 1922 3735 ἐκϐεϐοθρωμένης.

351 3754 560 3808 Οὐκοῦν
584 3754 949 3827 ἁποκρύϐηθι,
985 3757 1169 3826 φησὶν,
1200 3751 1244 3809 ὦ
1277 3757 1401 3819 λαός
1421 3748 1553 3826 μου,⁶
1576 3756 1669 3809 καὶ
1693 3756 1926 3825 ἀνάσχου

354 3847 527 3917 βραχὺ
552 3851 646 3900 καὶ
671 3850 793 3901 ὅσον
822 3849 966 3913 ὅσον,
986 3849 1088 3911 ἓως
1112 3848 1178 3902 ἂν
1205 3850 1232 3901 ὁ
1256 3848 1317 3912 ἐξ
1340 3848 1507 3918 ὀργῆς
1529 3848 1733 3918 Κυρίου
1763 3846 1917 3901 θάνα-

350 3958 441 4005 τος
469 3940 771 4013 παρελάσῃ,
806 3942 898 3995 καὶ
920 3944 948 3995 ὁ
980 3943 1077 4012 τῆς
1115 3943 1368 3997 ἁπάντων
1413 3942 1757 4004 ἀναστάσεως
1788 3943 1916 3996 ἀνα-

424 4115 468 4147 ⁸⁸
494 4115 630 4171 Gen.
668 4132 750 4182 ιιι,
788 4116 873 4170 l9.

356 4273 456 4344 μὲν
490 4274 767 4363 ἐξελαύνει
800 4274 1569 4363 φθοράν,Μάντικρίνεσθαικδξ
1604 4278 1791 4363 ὥσπερ
1822 4294 1924 4357 πα-

356 4345 683 4417 ρασκευάζει
717 4346 817 4417 τὴν
844 4346 1010 4416 ζωήν.
1046 4345 1252 4416 Ὥσπερ
1278 4348 1385 4417 γὰρ
1413 4350 1444 4417 ἡ
1476 4347 1661 4417 δρόσος
1688 4345 1779 4401 ἐπὶ
1821 4346 1924 4415 γῆς

353 4414 614 4487 κατιοῦσα
633 4414 815 4485 ἡρέμα
838 4419 931 4467 καὶ
945 4414 1141 4485 πράως
1164 4414 1443 4487 ἐκτρέφειν
1462 4414 1553 4469 καὶ
1574 4416 1754 4482 αὕξειν
1780 4417 1925 4469 ποιεῖ

352 4485 419 4559 τά
446 4486 851 4559 ὲναποκείῌμενα-
874 4487 1014 4559 αὐτῇ,
1057 4485 1345 4559 σπέρματα
1368 4487 1503 4559 ’-τὸν
1529 4487 1688 4540 αὑτὸν
1721 4487 1923 4559 τρόπον

354 4556 387 4624 ή
419 4555 567 4655 παρὰ
625 4542 719 4607 eoi}
763 4556 951 4624 δρόσος
983 4542 1130 4625 ’ίαμα
1162 4542 1267 4643 ι³έαί
1308 4556 1453 4655 Euripi
1500 4559 1595 4610 καὶ
1650 4542 1922 4655 σωτηρίαν
1955 4580 1997 4635 D

356 4627 493 4655 ιιι-ρειαί
534 4643 572 4655 ρ.
608 4629 720 4655 ...τι
752 4629 862 4655 ρλτρ
896 4630 1108 4655 ..ι-..Αλῖρ
1174 4645 1215 4655 ,ι
1239 4644 1246 4655 ι
1273 4645 1301 4655 -
1374 4627 1595 4655 -.',..---
1627 4643 1727 4655 ...κ-
1800 4644 1887 4655 υ...

356 4620 578 4698 παρέξει
608 4629 720 4698 τοῖς
752 4620 862 4698 σοῖς
896 4620 1128 4698 νεκροῖς,
1173 4620 1246 4678 ὧν
1267 4620 1339 4698 .τά
1362 4620 1598 4698 σῶματα
1627 4620 1920 4698 stata-ica:-

356 4694 447 4766 ρρν
472 4698 563 4766 ἐπὶ
588 4697 686 4766 τῆς
724 4696 827 4763 γῆς
855 4694 1088 4766 ἐσπάρη.
1114 4699 1226 4749 Οὐκ
1252 4696 1316 4749 ἂν
1354 4697 1409 4749 δὲ
1449 4694 1921 4765 ἀμάρτοις,ἀύτὸν

358 4761 495 4837 εἶναι
522 4761 697 4837 λέγων
726 4761 917 4837 δρόσον
938 4761 1030 4837 τὸν
1057 4761 1316 4837 μονογενῆ
1339 4765 1433 4819 τοῦ
1465 4761 1597 4819 Θεοῦ
1630 4767 1799 4832 Λόγον
1822 4784 1833 4795 ·
1865 4766 1922 4828 ὃς

354 4836 648 4899 ἐπιστάξας
682 4836 779 4898 τὰς
812 4836 1006 4888 ἑαυτοῦ
1042 4836 1336 4900 ζωοποιοὺς
1364 4837 1626 4904 σταγόνας
1660 4839 1773 4897 τοῖς
1804 4838 1926 4887 ἐαυ-

355 4906 445 4977 cci
500 4909 711 4974 νεκροῖς
749 4907 882 4973 ὁμοῦ
904 4923 962 4958 τε
1014 4908 1156 4959 ἴασιν
1183 4908 1617 4977 ἁμαρτημάτων,
1647 4906 1700 4977 εἴ
1741 4905 1841 4957 πού
1871 4924 1922 4977 τι

357 4976 539 5037 αὐτοῖς
566 4978 705 5027 κατὰ
734 4977 1015 5037 ἄνθρωπον
1050 4975 1477 5060 πεπλημμέλητο
1499 4976 1756 5060 παρέξει·
1787 4975 1922 5059 ιδμοῦ

355 5061 412 5125 τε
442 5047 737 5098 ἀνάστασιν
768 5047 860 5097 καὶ
891 5047 1183 5117 σωτηρίαν,
1212 5047 1305 5099 καὶ
1334 5048 1477 5125 Ct;qu
1502 5047 1716 5124 αἰώνιον
1743 5047 1923 5108 αὐτοῖς

355 5114 677 5186 δωρήσεται.
726 5116 863 5168 Ἀλλ’
893 5114 1116 5186 οὐχιτὰ
1148 5117 1254 5168 τῶν
1284 5114 1495 5168 ἀσεϐῶν
1520 5116 1764 5186 τοιαῦτα.

425 5141 427 5158 ι
469 5132 677 5184 ησεται.
730 5132 845 5168 AM
893 5132 1012 5186 ουχι
1049 5132 1116 5168 τα
1148 5134 1254 5168 των
1284 5132 1495 5168 ασεοων
1520 5132 1764 5171 τοιαυτα.

425 5132 527 5237 Eos
566 5187 702 5257 enim
743 5189 829 5253 qui
871 5199 991 5257 ate,
1028 5188 1231 5257 sanatio
1247 5188 1330 5257 fcis
1360 5198 1434 5257 est
1458 5185 1753 5257 [Vulgata:
1790 5185 1921 5257 Quia

362 5270 447 5307 ros
484 5256 618 5308 lucis
669 5271 759 5307 ros
802 5256 986 5327 tuus].
1030 5256 1325 5327 (lYlillLl.
1367 5254 1710 5324 (leg—novimus
1753 5256 1804 5305 iu
1843 5254 1922 5307 liis

361 5340 529 5375 rorem
558 5327 811 5393 appellari
841 5326 1094 5393 rivi/imm
1124 5326 1352 5391 Spiritus
1381 5329 1730 5394 operationent
1762 5336 1920 5392 atque

359 5396 619 5454 virtutem,
644 5412 734 5459 per
766 5412 921 5463 quam
975 5408 1206 5449 mortuos
1240 5397 1571 5449 suscitandas
1604 5411 1713 5447 esse
1756 5394 1924 5446 David

359 5464 514 5525 dixit,
552 5466 807 5532 siquidem
840 5467 967 5517 alibi
988 5466 1056 5517 ad
1090 5466 1252 5517 Deum
1276 5466 1473 5532 psallit,
1502 5478 1547 5517 et
1579 5467 1690 5518 ait:
1720 5482 1738 5514 ι
1770 5467 1927 5515 Aver—

358 5543 493 5585 tente
516 5546 686 5586 autem
716 5544 764 5585 te
806 5536 989 5605 faciem
1026 5538 1371 5587 turbabuntur
1399 5550 1416 5587 :
1442 5536 1645 5602 auferes
1688 5535 1924 5600 spiritum

356 5618 557 5673 eorum,
593 5605 930 5673 “deﬁcient,
967 5618 1012 5657 et
1042 5607 1093 5657 in
1115 5606 1371 5672 pulverem
1400 5622 1550 5657 suum
1586 5613 1922 5657 revertentur.

362 5671 584 5725 Emittes
637 5671 888 5741 Spiritum
915 5688 1082 5738 tuum,
1108 5671 1155 5727 et
1195 5674 1530 5739 creabantur,
1562 5686 1611 5729 et
1657 5673 1925 5727 renovabis

359 5743 553 5813 [aciem
586 5752 737 5797 teme
783 5743 972 5813 (Psal.
1010 5761 1122 5807 cm,
1164 5744 1290 5811 29).
1324 5765 1341 5795 ι
1395 5745 1497 5798 Ros
1548 5746 1711 5813 igitur
1753 5745 1926 5795 vitalis

358 5820 437 5863 est
462 5810 695 5876 Spiritus
736 5831 768 5867 a
793 5810 958 5867 Patre
981 5818 1188 5874 missus,
1223 5810 1311 5875 per
1340 5832 1489 5882 quem
1522 5810 1678 5867 etiam
1708 5814 1925 5882 terrenis

360 5882 663 5951 corporibus
687 5883 914 5954 impertit
950 5881 1411 5939 immortalizatem.
1456 5883 1521 5940 Et
1563 5886 1790 5943 iterum:
1823 5881 1927 5936 Ro-

2032 3390 2110 3443 ira
2151 3388 2326 3442 divina
2359 3389 2501 3442 illata
2540 3388 2837 3451 solventur,
2873 3390 3031 3459 idque
3066 3390 3117 3443 in
3162 3390 3420 3455 solidum,
3463 3406 3596 3445 con-

2029 3479 2406 3533 summationis
2440 3488 2680 3548 tempore
2706 3495 2719 3532 :
2745 3479 3019 3533 exinanita
3059 3490 3264 3543 morte,
3302 3489 3356 3535 et
3398 3481 3592 3535 diaboli

2029 3572 2311 3641 tyrannide
2360 3571 2594 3637 sublata,
2642 3580 2970 3641 peccatoque
3018 3570 3210 3625 obruto
3256 3586 3319 3625 ac
3362 3572 3589 3641 sepulto.

2026 3662 2372 3717 Abscondere
2414 3663 2595 3732 igitur,
2651 3663 2854 3732 inquit,
2898 3680 2933 3719 ο
2978 3663 3171 3733 popule
3212 3664 3308 3729 mi,
3369 3664 3594 3720 subinde

2022 3752 2292 3806 modicum
2315 3754 2866 3822 quantulumcunque,
2898 3754 3067 3808 donee
3108 3770 3251 3809 mors
3280 3769 3346 3808 ex
3383 3756 3460 3809 ira
3498 3755 3590 3809 Dei

2023 3846 2220 3903 inﬂicta
2249 3854 2607 3915 pertranseat,
2630 3846 2975 3914 omniumque
2997 3845 3154 3915 371
3184 3846 3593 3905 resurrectionis

2025 3947 2233 4008 tempus
2256 3937 2580 3993 declaretur.
2624 3937 2846 3993 Etiamsi
2878 3937 3018 3993 enim
3039 3977 3055 4003 ,
3102 3938 3297 4008 inquit,
3324 3938 3593 4007 perpetia-

2026 4291 2134 4328 rem
2161 4284 2283 4342 puto
2313 4272 2569 4342 appellari
2602 4273 2806 4327 vitalem
2837 4273 3076 4326 virtutem
3124 4274 3357 4340 Spiritus
3400 4278 3591 4341 sancti,

2026 4355 2178 4415 atque
2203 4345 2551 4415 operationem
2582 4360 2699 4412 qua:
2729 4356 2946 4415 mortem
2972 4343 3239 4408 destruat;
3277 4356 3450 4415 utpote
3476 4364 3593 4415 quw

2026 4414 2123 4466 Dei
2150 4416 2213 4465 sit
2239 4431 2299 4466 ac
2325 4416 2458 4466 vilic.
2482 4414 2545 4465 Et
2582 4429 2768 4466 rursus
2792 4431 2803 4464 :
2841 4412 3027 4465 liorem
3050 4416 3145 4466 hoc
3174 4414 3290 4467 loco
3314 4412 3416 4468 non
3443 4412 3589 4469 aliud

2025 4501 2179 4552 quam
2197 4486 2436 4548 spiritum
2465 4484 2662 4543 dicens,
2686 4485 2763 4534 vel
2787 4483 2989 4534 vitalem
3019 4482 3253 4550 Spiritus
3278 4488 3447 4537 sancti
3469 4504 3591 4552 ope-

2026 4556 2304 4613 rationem,
2331 4568 2447 4621 qua:
2472 4568 2563 4619 per
2603 4552 3076 4623 Christuntinfusa
3105 4556 3261 4606 etiam
3290 4557 3593 4623 corporibus

2017 4624 2134 4693 jam
2178 4624 2378 4689 pridem
2424 4623 2679 4689 corruptis
2721 4621 2929 4693 expellit
2979 4624 3249 4676 mortalem
3301 4621 3593 4691 corruptio.

2025 4689 2162 4754 nem,
2184 4704 2229 4744 et
2259 4708 2352 4759 pro
2375 4709 2435 4744 ea
2460 4695 2613 4744 vitam
2641 4692 2829 4744 reddit.
2859 4689 3309 4754 Quemadmodum
3342 4689 3475 4746 enim
3510 4711 3592 4748 ros

2023 4764 2075 4815 in
2100 4774 2289 4815 terram
2315 4762 2556 4826 delapsus
2589 4771 2664 4813 est
2697 4778 2757 4813 ea
2796 4777 2956 4813 causa
2996 4774 3049 4814 ut
3092 4764 3279 4815 sensim
3319 4774 3367 4818 et
3410 4766 3594 4817 leniter

2024 4833 2220 4884 semina
2250 4832 2304 4883 in
2332 4832 2443 4896 ipsa
2474 4832 2744 4883 recondita
2790 4843 3083 4897 augeantur
3105 4844 3151 4884 et
3184 4844 3416 4886 crescant
3452 4849 3470 4885 .·
3506 4851 3592 4887 eo-

2024 4904 2139 4955 dem
2182 4902 2335 4953 modo
2381 4918 2463 4953 ros
2503 4916 2534 4952 a
2574 4911 2623 4951 te
2658 4899 2865 4952 stillans
2905 4905 3213 4956 medicinam
3253 4914 3299 4954 et
3337 4905 3491 4956 ritum
3529 4921 3591 4957 ac

2022 4974 2243 5024 salutem
2292 4970 2537 5035 praebebit
2593 4970 2850 5034 delunclis
2915 4973 3049 5033 tuis,
3104 4989 3323 5040 quorum
3372 4986 3591 5039 corpora

2023 5057 2177 5107 super
2207 5048 2399 5113 terram
2422 5056 2526 5113 pro
2541 5050 2765 5113 tempore
2786 5055 2968 5113 sparsa
3000 5042 3227 5107 fuerunt.
3264 5040 3591 5113 Neritiquam

2025 5121 2197 5163 tamen
2221 5110 2439 5164 errabis.
2481 5110 2527 5161 si
2561 5111 2756 5163 dixeris
2796 5112 2967 5174 ipsum
3007 5129 3174 5163 rorem
3212 5128 3320 5163 esse
3342 5110 3591 5177 Uniiaeni-

2026 5190 2135 5233 tum
2176 5179 2267 5231 Dei
2306 5178 2564 5231 Verbum:
2604 5185 2741 5248 quod
2786 5180 2989 5248 quidem
3026 5198 3148 5232 suas
3195 5182 3374 5235 vitales
3421 5184 3590 5235 stillas

2025 5253 2260 5302 emittens
2292 5252 2511 5301 mortuis
2535 5252 2642 5301 suis
2685 5248 2842 5302 simul
2884 5252 3199 5303 curationem
3248 5252 3436 5318 afferet
3472 5269 3591 5319 pec-

2026 5328 2296 5378 catorum,
2345 5320 2389 5369 si
2432 5321 2559 5387 quid
2602 5318 2665 5370 ab
2706 5321 2832 5385 ipsis
2869 5322 3148 5372 secundum
3186 5322 3439 5374 hominem
3473 5338 3592 5388 pec-

2027 5401 2199 5441 catum
2251 5388 2451 5460 fuerit;
2486 5400 2640 5455 atque
2684 5391 2894 5457 insuper
2938 5405 2970 5440 a
3022 5392 3240 5442 mortuis
3289 5395 3589 5460 resurgeudi

2026 5462 2214 5529 tribuet
2234 5459 2563 5525 facultatem,
2591 5470 2636 5509 et
2668 5460 2888 5512 salutent
2913 5475 2973 5509 ac
2995 5462 3155 5511 vitam
3196 5459 3585 5529 sempiternam.

2027 5527 2286 5582 Cazterum
2320 5543 2399 5579 res
2435 5530 2713 5593 impiorum
2743 5545 2844 5581 non
2875 5530 2949 5581 sic
2983 5545 3036 5582 se
3064 5530 3269 5583 habent.

2100 5598 2174 5665 (1)
2203 5598 2254 5650 lu
2285 5598 2575 5665 exemplari
2604 5596 2855 5651 Vaticano
2889 5599 3000 5651 hinc
3029 5600 3403 5666 reperiuntur:
3440 5599 3590 5653 Ἐπι-

2029 5666 2328 5741 σκέψασθαι
2363 5668 2461 5741 τὴν
2494 5667 2723 5741 ἀνομίαν
2771 5668 2878 5720 τῶν
2928 5668 3324 5741 κατοικοιῦ-ντων
3362 5671 3460 5741 τὴν
3487 5671 3588 5741 γῆν

2027 5741 2145 5792 κατ’
2179 5737 2356 5791 αὐτῶν
2391 5736 2749 5803 οὖτωςρρυιε
2770 5755 2889 5793 cum
2920 5755 3017 5793 nec
3062 5741 3113 5792 in
3152 5736 3428 5795 Huml'redi
3469 5736 3590 5795 ver-

2028 5813 2197 5873 sione,
2224 5824 2321 5862 nec
2345 5809 2396 5880 in
2424 5806 2565 5880 LXX
2591 5808 2856 5879 legantur,
2886 5809 3141 5867 credibile
3161 5820 3243 5867 est
3264 5826 3331 5867 ex
3352 5811 3591 5880 margine

2027 5881 2079 5936 in
2117 5887 2316 5934 textum
2358 5878 2658 5937 irreosisse.
