4162 6392
572 427 671 484 591

1591 420 1651 478 S.
1688 418 1960 476 CYRILL-l
1996 417 2468 476 ALEXANDRINI
2507 423 2828 481 ARCHIEP.
3735 421 3830 476 59‘}

575 547 649 600 ris
677 543 812 598 forte
834 549 1084 604 mortem,
1108 535 1379 608 protervia
1402 534 1638 590 hostium
1664 535 1828 592 etiam
1853 537 1907 590 in
1932 543 2140 590 sanctos

2246 536 2482 606 δειχθείη
2505 539 2716 609 καιρός.
2746 539 2810 592 Εἰ
2839 546 2947 608 γάρ
2971 540 3062 590 καὶ
3092 535 3288 608 πάθῃς,
3314 535 3468 605 φησὶ,
3497 532 3556 588 τὸ
3587 537 3828 593 τεθνάναι

573 631 955 705 mysteriorum
988 628 1260 683 antistites
1291 626 1587 692 assiliente,
1635 637 1868 681 attamen
1901 627 2146 682 omnium

575 728 740 780 herus
760 721 1081 792 supplicium
1106 720 1188 774 bis
1215 719 1305 789 qui
1335 729 1554 773 sanctos
1579 720 1914 773 suStulerunt
1933 718 2146 775 inferet.

573 815 797 868 inducet
818 813 961 866 enim
1005 824 1034 862 a
1081 817 1269 862 sancto
1297 807 1554 862 Dominus
1582 809 1715 862 iram
1751 824 1912 876 super
1935 823 2028 862 eos
2057 808 2147 877 qui

573 905 818 959 habitant
863 902 915 954 in
971 911 1136 954 terra.
1191 900 1380 954 Simile
1425 908 1510 953 est
1553 900 1656 954 hoc
1699 899 1774 953 illi
1812 917 1823 952 :
1868 918 1886 950 ι
1920 900 1985 953 Et
2017 899 2150 968 plttit

577 996 830 1048 Domintts
866 1009 895 1046 a
945 994 1167 1047 Domino
1203 1006 1364 1061 super
1416 991 1651 1046 Sodoma
1703 991 1880 1061 ignem
1936 1002 1991 1045 et
2040 991 2152 1045 sul-

573 1089 712 1158 phur
733 1087 820 1140 εν.
855 1103 874 1137 ‹
907 1084 1073 1157 igitur
1100 1084 1268 1139 Filius
1295 1099 1322 1138 a
1354 1094 1539 1138 sancto
1566 1083 1746 1138 Patris
1780 1083 1972 1138 inferet
2016 1083 2150 1135 iram

572 1178 939 1233 habitantibus
961 1191 1122 1244 super
1148 1186 1313 1230 terra.
1347 1173 1414 1228 Ut
1441 1174 1583 1230 enim
1616 1175 1732 1243 ipse
1762 1173 1924 1228 dixit:
1949 1193 1966 1226 ι
1992 1174 2152 1228 Pater

572 1286 678 1325 non
723 1269 926 1338 iudicat
972 1285 1317 1339 quemquam,
1361 1271 1456 1326 sed
1509 1269 1770 1338 judicium
1812 1284 1972 1325 omne
2005 1269 2152 1322 dedit

571 1361 729 1426 Filio,
761 1372 820 1415 ut
868 1378 1056 1416 omnes
1091 1363 1272 1417 colant
1315 1362 1533 1426 Filium,
1567 1363 2017 1432 Quemadmodum
2059 1376 2150 1416 co-

573 1455 690 1509 lunt
735 1453 948 1508 Patrem
977 1454 1042 1507 3’.
1082 1473 1101 1505 ι
1167 1453 1406 1508 Instante
1455 1468 1583 1508 vero
1625 1464 1866 1524 tempore
1913 1470 2018 1523 quo
2071 1456 2148 1507 ira

573 1544 844 1614 inﬂigetur
873 1545 960 1614 qui
992 1555 1178 1599 c0ntra
1209 1546 1582 1600 sanctificatos
1623 1546 1984 1615 deliquerunt,
2019 1560 2148 1600 san-

579 1638 792 1706 guinem
852 1652 1006 1691 stnnn
1055 1635 1316 1690 revelabit
1373 1647 1539 1699 terra,
1593 1647 1647 1692 et
1703 1654 1808 1691 non
1861 1638 2150 1692 abscondet

573 1726 920 1787 interfectos.
963 1727 1015 1781 id
1065 1735 1178 1792 est,
1227 1727 1404 1781 omnis
1453 1729 1670 1798 sanguis
1709 1729 1800 1798 qui
1855 1728 2053 1784 cecidit
2091 1729 2145 1782 in

569 1829 770 1871 terram
802 1818 906 1873 erit
932 1819 1272 1884 manifestus,
1319 1835 1584 1886 neruoque
1638 1821 2017 1884 occultabitur,
2046 1835 2141 1873 seu

2252 631 2429 700 τυχὸν,
2456 631 2553 700 τῆς
2584 632 2693 684 τῶν
2717 631 3017 702 μισούντων
3048 623 3363 698 σκαιότητος
3411 631 3832 704 ἐπιρῤιπτούσης

2251 720 2344 770 καὶ
2379 719 2534 772 τοῦτο
2567 723 2680 784 τοῖς
2712 722 2885 789 ἁγίοις
2922 724 3318 792 μυσταγωγοῖς,
3364 721 3477 774 ἀλλ’
3506 718 3597 774 οῦν
3643 723 3670 774 ὀ
3702 725 3837 777 πάν-

2250 829 2357 863 των
2389 813 2664 880 Δεσπότης
2694 814 2900 865 ἐποίσει
2927 814 3023 883 τὴν
3065 814 3284 866 κόλασιν
3333 815 3444 876 τοῖς
3505 815 3837 886 ἀνῃρηκόσιν

2260 902 2468 968 ἁγίους.
2519 904 2742 972 Ἐπάγει
2777 905 2884 976 γὰρ
2917 906 3025 958 ἀπὸ
3047 905 3140 957 τοῦ
3172 904 3328 973 ἁγίου
3359 905 3563 975 Κύριος
3590 907 3690 977 τὴν
3739 909 3834 979 ὀρ-

2250 990 2354 1062 γὴν
2394 992 2485 1044 ἐπὶ
2537 995 2662 1055 τοὺς
2708 995 3094 1056 κατοικοῦντας
3141 994 3236 1045 ἐπὶ
3289 993 3391 1063 τῆς
3437 995 3561 1063 γῆς.
3606 995 3832 1065 ’Ὅμοιον

2249 1083 2408 1138 τοῦτό
2436 1085 2586 1136 ἐστιν
2616 1087 2825 1157 ἐκείνῳ·
2858 1106 2876 1136 ι
2913 1085 3024 1139 Καὶ
3064 1084 3249 1156 ἔϐρεξε
3295 1085 3402 1156 γὰρ
3439 1084 3642 1155 Κύριος
3681 1086 3831 1156 παρά

2252 1180 2453 1251 Κυρίου
2491 1177 2581 1230 ἐπὶ
2613 1179 2837 1248 Σόδωμα
2883 1177 2994 1248 πῦρ
3036 1178 3132 1230 καὶ
3171 1177 3330 1229 Θείον.
3363 1196 3380 1227 ι
3417 1175 3624 1231 Οὐκοῦν
3649 1180 3676 1231 ό
3703 1177 3832 1240 Υἱὸς

2249 1268 2357 1320 ἀπὸ
2384 1267 2476 1320 τοῦ
2513 1267 2664 1336 ἁγίου
2695 1265 2996 1338 [Humfred.
3022 1266 3260 1339 Πατρὺς]
3285 1266 3602 1338 Πνεύματος
3626 1266 3832 1320 ἐποίσει

2249 1359 2346 1431 τὴν
2376 1361 2542 1431 όργὴν
2570 1359 2662 1412 ἐπὶ
2693 1360 2819 1422 τοὺς
2850 1358 3240 1422 κατοικοῦντας
3274 1359 3366 1411 ἐπὶ
3419 1359 3518 1428 τῆς
3579 1360 3702 1430 γῆς.
3745 1361 3828 1421 Ὦς
3885 1406 3898 1422 ,

2249 1453 2358 1523 γὰρ
2386 1453 2544 1516 αὐτός
2593 1450 2696 1504 πού
2759 1468 2947 1521 φησιν·
2995 1469 3014 1503 t
3063 1451 3120 1504 Ὀ
3168 1450 3359 1521 Πατὴρ
3394 1452 3569 1520 κρίνει
3611 1451 3826 1512 οὐδένα,

2249 1545 2386 1599 ἀλλά
2414 1546 2510 1617 τὴν
2543 1547 2724 1618 κρίσιν
2768 1547 2948 1597 πᾶσαν
2990 1542 3188 1596 δέδωκε
3216 1543 3294 1613 τῷ
3333 1541 3464 1612 Υἱῷ,
3514 1542 3601 1594 ἵνα
3632 1541 3830 1603 πάντες

2249 1639 2448 1709 τιμῶσι
2493 1638 2582 1692 τὸν
2616 1637 2764 1703 Υἱὸν,
2793 1636 2976 1700 καθὼς
3017 1635 3217 1705 τιμῶσι
3254 1635 3344 1687 τὸν
3377 1635 3613 1705 Πατέρα.
3645 1653 3662 1684 ›
3711 1634 3829 1686 Ἑν-

2255 1735 2478 1796 στάντος
2517 1733 2572 1786 δὲ
2604 1731 2699 1784 τοῦ
2729 1729 2950 1801 καιροῦ,
2983 1729 3105 1782 καθ’
3155 1726 3265 1797 ὂνή
3295 1726 3432 1798 ὀργὴ
3486 1729 3597 1788 τοῖς
3643 1725 3830 1778 ἀνόσια

2253 1825 2749 1896 πεπλημμεληκόσι
2781 1822 2923 1876 κατά
2949 1821 3057 1874 τῶν
3081 1821 3426 1890 ἠγιασμένων
3464 1817 3826 1888 ὲπενεχθήσε-

569 1911 622 1963 in
652 1910 978 1965 oblivionem
1015 1913 1194 1966 veniet
1224 1926 1408 1965 eorum
1438 1913 1528 1981 qui
1564 1921 1688 1965 sunt
1718 1913 1955 1981 oppressi
2001 1912 2140 1981 inju-

2248 1932 2362 1976 ται,
2404 1915 2466 1966 τὸ
2498 1910 2638 1984 αἷμα
2661 1913 2829 1981 αὐτῆς
2860 1909 3194 1978 ἀνακαλύψει
3240 1912 3273 1977 ἡ
3311 1909 3404 1978 γῆ,
3437 1908 3530 1960 καὶ
3560 1910 3620 1960 οὐ
3663 1924 3826 1960 κατα-

571 2003 674 2060 ria.
749 2002 1142 2058 Recordabitur
1217 2004 1422 2058 etenim
1480 2005 1717 2058 omnium
1759 2005 1976 2074 opifex,
2041 2019 2139 2058 nec

569 2091 706 2146 ullus
756 2093 975 2146 omnino
1016 2093 1122 2147 erit
1174 2093 1385 2147 illorum
1435 2095 1540 2161 qui
1593 2092 1788 2160 injuste
1833 2094 2138 2164 interempti

566 2192 713 2247 sunt,
748 2184 837 2256 qui
867 2200 970 2238 non
1000 2184 1105 2239 erit
1130 2193 1312 2252 notus,
1335 2183 1597 2254 cujusque
1633 2185 1773 2240 Deus
1806 2202 1910 2241 non
1949 2188 2138 2241 memi-

567 2275 727 2335 »ει-ει.

635 2555 764 2612 CAP.
792 2555 1007 2614 XXVII.
1035 2556 1201 2610 Vens.
1221 2558 1270 2611 Ι.
1299 2557 1397 2612 Die
1412 2557 1503 2611 illo
1523 2558 1729 2611 inducet
1751 2556 1892 2612 Deus
1906 2560 2141 2630 gladium

567 2662 827 2717 sanctum,
863 2661 913 2704 et
945 2667 1215 2720 magnum,
1241 2662 1288 2706 et
1311 2653 1518 2721 fortem,
1547 2669 1703 2721 super
1730 2655 2006 2708 draconem
2031 2669 2142 2707 ser-

566 2754 765 2810 pentem
814 2742 1123 2812 fugientem,
1172 2760 1328 2809 super
1373 2745 1654 2800 draconem
1704 2756 1988 2815 serpentem
2031 2756 2140 2798 tor-

569 2845 797 2898 tuosum,
830 2845 877 2888 et
906 2833 1179 2902 interﬁciet
1213 2835 1508 2891 draconem.

643 3008 999 3063 lnducendam
1031 3009 1168 3064 iram
1198 3010 1280 3064 bis
1306 3011 1395 3079 qui
1429 3011 1588 3081 impie
1616 3022 1860 3080 egerunt,
1901 3024 2141 3068 sanctos-

570 3117 676 3170 que
699 3102 1046 3167 occiderunt,
1074 3115 1193 3155 cum
1223 3103 1540 3172 perpulcbre
1565 3103 1928 3171 disseruisset,
1967 3105 2138 3172 ipsum

569 3207 784 3264 quoque
812 3192 1065 3247 Satanam
1091 3193 1249 3258 dixit,
1284 3208 1405 3247 cum
1447 3193 1570 3247 filiis
1597 3197 1710 3248 suis
1741 3209 1846 3248 una
1881 3210 2003 3250 esse
2041 3195 2140 3250 tol-

570 3283 806 3350 lendum,
837 3280 992 3351 cujus
1035 3281 1434 3351 strategematis
1460 3285 1734 3348 cedentes,
1757 3297 2138 3353 oppugnarunt

567 3383 805 3438 sanctos,
863 3373 1076 3427 illorum
1131 3374 1447 3436 resistentes
1498 3375 1989 3442 praedicationibus.
2052 3375 2146 3430 lllo

567 3465 734 3529 enim,
762 3465 956 3532 inquit,
1001 3473 1261 3532 tempore,
1285 3478 1391 3534 quo
1417 3473 1619 3534 releget
1655 3475 1795 3520 terra
1829 3467 2142 3536 sanguinem

568 3573 746 3623 suum,
769 3567 1011 3612 sanctum
1039 3557 1297 3627 gladium,
1319 3564 1374 3611 et
1401 3557 1767 3612 acutissimum
1796 3567 1849 3612 et
1869 3573 2142 3627 magnum,

569 3651 915 3720 praevalidum
961 3660 1016 3705 et
1052 3651 1330 3716 invictum,
1360 3649 1724 3720 Unigcnitum,
1767 3650 1973 3706 scilicet
2015 3650 2145 3706 Ver-

568 3745 736 3811 bum,
788 3743 1005 3798 inducet
1057 3741 1220 3796 Pater
1275 3758 1438 3811 super
1495 3745 1784 3798 draconem
1839 3753 2142 3811 serpentem

569 3835 899 3906 fugientem,
931 3849 1093 3903 super
1135 3838 1422 3891 draconem
1475 3843 1781 3904 serpentem
1819 3843 2139 3898 tortuosum,

568 3937 622 3983 et
651 3926 940 3982 interficiet
973 3927 1287 3982 draconem.
1325 3927 1624 3982 Draconem
1664 3942 1794 3982 vero
1822 3936 1877 3982 et
1920 3942 2144 3996 serpen-

567 4027 675 4072 tem
707 4018 951 4071 nominat
986 4017 1266 4072 Satanam.
1311 4018 1556 4073 Acerbus
1593 4019 1735 4072 enim
1769 4029 1853 4073 est
1877 4026 1929 4072 et
1951 4017 2140 4072 veneni

569 4107 852 4176 iaculator;
882 4117 936 4164 et
958 4109 1024 4162 ad
1058 4109 1172 4164 haec
1205 4110 1440 4163 timidus.
1477 4107 1702 4178 Semper
1736 4111 1879 4163 enim
1907 4110 1954 4162 ei
1990 4110 2140 4162 fami—

571 4201 706 4252 liare
731 4207 815 4253 est
843 4199 1048 4269 fugere.
1084 4200 1244 4254 Dirus
1271 4208 1354 4254 est
1383 4201 1545 4254 etiam
1582 4209 1636 4254 et
1685 4201 1966 4256 maleficiis
2009 4215 2140 4270 gau-

570 4297 722 4348 dens.
749 4293 934 4347 Cnrrit
963 4293 1104 4346 enim
1127 4301 1364 4348 tortuose
1395 4292 1568 4346 instar
1598 4293 1800 4358 bestiae;
1825 4303 1882 4346 at
1905 4292 2136 4355 tolletur,

571 4384 770 4453 quippe
806 4384 895 4452 qui
945 4384 998 4437 in
1053 4396 1327 4454 posterum
1375 4382 1507 4437 nihil
1549 4382 1762 4448 efficiet,
1815 4384 1922 4438 imo
1967 4387 2136 4452 magis

571 4477 854 4530 \erborum
900 4474 1232 4544 impietatem
1266 4473 1409 4538 luet,
1470 4488 1680 4544 ptenaut
1733 4474 1973 4528 ultimam
2016 4489 2136 4542 per-

2245 2005 2444 2076 κρύψει
2477 2006 2604 2068 τοῦς
2633 2005 3032 2078 ἀνῃρημένους,
3068 2001 3210 2054 τοῦτ’
3252 2001 3387 2063 ἐστι,
3414 2002 3520 2053 πᾶν
3548 2001 3683 2070 ὅπερ
3727 2001 3822 2051 πέ-

2243 2113 2460 2148 πτωκεν
2491 2097 2570 2158 εἰς
2601 2095 2704 2163 γῆν
2743 2089 2880 2163 αἷμα
2906 2092 3064 2144 τοῦτο
3091 2092 3239 2143 ἔσται
3265 2091 3493 2161 φανερὸν
3520 2089 3830 2160 ἀποκρυϐή,

2245 2205 2396 2241 σεται
2431 2189 2625 2250 οὐδεὶς,
2655 2188 2822 2257 ἦγουν
2849 2186 2930 2248 είς
2964 2184 3223 2254 ἀλήθειαν
3261 2185 3543 2253 οἰχήσεται
3573 2182 3682 2234 τῶν
3713 2183 3827 2250 ἠδι-

2244 2298 2312 2349 κη
2324 2279 2521 2350 μένων.
2571 2278 2926 2348 Μεμνήσεται
2959 2279 3069 2344 γάρ
3123 2275 3376 2328 ἁπάντων
3399 2275 3425 2328 ό
3451 2273 3787 2344 Δημιουργὸς
3806 2313 3822 2335 ,

2243 2373 2338 2425 καὶ
2368 2371 2540 2434 οὐδεὶς
2577 2369 2730 2422 ἔσται
2761 2367 3040 2430 παντελῶς
3064 2365 3171 2419 τῶν
3197 2364 3395 2427 ἀδίκως
3434 2351 3818 2434 ἀνῃρημένωῖι,

2243 2464 2300 2528 ὃς
2335 2464 2435 2516 οῦκ
2464 2463 2616 2516 ἔσται
2647 2460 2944 2530 γνώριμος,
2980 2459 3075 2512 καὶ
3105 2459 3162 2511 ἐν
3190 2459 3376 2527 μνήμῃ
3411 2455 3568 2508 Θεοῦ.

2320 2554 2399 2623 Τῇ
2434 2555 2622 2624 ἡμέρᾳ
2647 2554 2846 2624 ἐκείνῃ
2872 2554 3082 2617 ἐπάξει
3131 2555 3162 2605 ό
3205 2549 3343 2614 Θεὸς
3387 2551 3502 2616 τὴν
3524 2547 3822 2617 μάχαιραν

2244 2648 2358 2712 τὴν
2396 2647 2592 2716 ἁγίαν,
2624 2645 2724 2698 καὶ
2769 2644 2884 2713 τὴν
2921 2642 3216 2713 μεγάλην,
3271 2643 3366 2694 καὶ
3395 2639 3508 2707 τὴν
3545 2639 3819 2705 ἰσχυρὰν,

2242 2738 2340 2792 ἐπὶ
2387 2739 2494 2790 τὸν
2545 2737 2842 2805 δράκοντα
2881 2737 2989 2788 τόν
3033 2736 3172 2804 ὅφιν
3218 2734 3533 2802 φεύγοντα,
3573 2731 3671 2781 ἐπὶ
3717 2731 3821 2782 τὸν

2243 2830 2536 2899 δράκοντα
2573 2830 2678 2883 τὸν
2707 2829 2850 2898 ὅφιν
2885 2828 2991 2881 τὸν
3015 2828 3292 2892 σκολιὸν,
3339 2823 3435 2878 καί
3476 2822 3682 2878 ἀνελεῖ
3718 2823 3820 2875 τὸν

2244 2923 2557 2991 δράκοντα.

2326 3010 2812 3083 Ἐπενεχθήσεσθαι
2864 3010 2962 3077 τὴν
3006 3007 3174 3078 ὀργὴν
3208 3011 3319 3070 τοῖς
3358 3005 3692 3076 ἠσεϐηκόσι,
3727 3008 3818 3062 καὶ

2244 3105 2597 3159 ἀπεκτονόσιν
2622 3103 2836 3168 αὐτοὺς,
2885 3098 2943 3154 εὖ
2981 3101 3125 3172 μάλα
3171 3098 3456 3171 διειρηκὼς
3506 3115 3814 3168 συναναιρε-

2244 3195 2502 3266 Θήσεσθαι
2545 3196 2657 3256 τοῖς
2713 3191 2910 3246 ἑαυτοῦ
2954 3191 3186 3254 τέκνοις,
3239 3189 3331 3242 καὶ
3388 3187 3552 3242 αὐτὸν
3595 3186 3698 3258 ἔφη
3731 3186 3818 3239 τὸν

2247 3287 2507 3340 Σατανᾶν’
2531 3279 2590 3339 οῦ
2625 3287 2735 3348 τοῖς
2763 3284 3211 3354 στρατηγήμασιν
3240 3281 3481 3342 εἴκοντες
3517 3280 3815 3350 κατεστρά-

2244 3396 2398 3432 τευον
2448 3378 2558 3431 τῶν
2612 3377 2782 3445 ἁγίων
2838 3379 2885 3429 οἱ
2917 3379 3029 3440 τοῖς
3072 3375 3203 3446 παρ’
3249 3373 3426 3427 αὐτῶν
3470 3372 3817 3444 κηρύγμασιν

2244 3471 2646 3538 ἀντεξάγοντες.
2669 3469 2805 3522 Κατ’
2826 3467 3136 3538 ἐκεῖνογὰρ,
3162 3467 3314 3537 φησὶ,
3338 3464 3434 3519 τοῦ
3448 3464 3659 3536 καιροῦ,
3693 3463 3814 3518 καθ’

2242 3563 2301 3614 ὃν
2329 3559 2660 3629 ἀνακαλύψει
2692 3561 2726 3629 ἡ
2755 3560 2828 3628 γῆ
2856 3560 2915 3612 τὸ
2943 3553 3081 3628 αἷμα
3115 3559 3282 3628 αὐτῆς
3309 3557 3407 3630 τὴν
3437 3558 3598 3626 ἁγίαν
3639 3574 3698 3609 τε
3723 3558 3816 3610 καὶ

2241 3651 2583 3721 τομωτάτην,
2645 3651 2738 3702 καὶ
2791 3649 3031 3719 μεγάλην
3091 3649 3383 3719 μάχαιραν,
3421 3647 3513 3698 τὸν
3566 3645 3816 3714 παναλκῆ

2243 3746 2336 3798 καὶ
2363 3741 2826 3811 ἀκαταγώνιστον,
2854 3741 2998 3809 τοῦτ’
3033 3740 3170 3806 ἔστι,
3205 3740 3294 3794 τὸν
3331 3737 3590 3809 μονογενῆ
3622 3737 3812 3805 Λόγον,

2243 3836 2429 3901 ἐπάξει
2459 3837 2488 3888 ό
2511 3834 2694 3904 Πατὴρ
2732 3834 2824 3886 ἐπὶ
2851 3832 2944 3886 τὸν
2972 3831 3236 3903 δράκοντα
3266 3830 3354 3882 τὸν
3377 3830 3498 3898 ὅφιν
3521 3827 3810 3897 φεύγονταο

2244 3933 2335 3983 ἐπὶ
2361 3929 2451 3983 τὸν
2474 3928 2740 3999 δράκοντα
2768 3927 2891 3995 ὅφιν
2926 3925 3154 3988 σκολιὸν,
3194 3924 3286 3977 καὶ
3335 3922 3513 3976 ἀνελεῖ
3554 3921 3643 3976 τὸν
3681 3921 3811 3990 δρά-

2243 4037 2425 4074 κοντα.
2454 4017 2731 4090 Δράκοντά
2767 4033 2826 4068 τε
2885 4016 2980 4068 καὶ
3007 4015 3125 4084 ὅφιν
3145 4013 3396 4084 ὀνομάζει
3434 4013 3526 4066 τὸν
3551 4012 3810 4065 Σατανᾶν.

2242 4112 2443 4182 Πικρὸς
2470 4109 2579 4178 γὰρ
2627 4108 2721 4161 καὶ
2779 4106 2998 4171 ίοϐόλος,
3036 4106 3130 4158 καὶ
3177 4105 3312 4175 πρός
3339 4121 3402 4172 γε
3433 4105 3590 4156 τοῦτο
3621 4101 3812 4164 δειλός.

2253 4205 2364 4256 ’Λεὶ
2411 4202 2516 4272 γὰρ
2562 4199 2780 4269 φεύγειν
2839 4197 2957 4260 ἔθος
3016 4197 3181 4265 αύτῷ.
3231 4197 3410 4258 Δεινὺς
3465 4195 3520 4247 δέ
3562 4195 3677 4247 ἐστι
3720 4195 3811 4247 καὶ

2239 4293 2686 4365 φιλοκακοῦργος.
2738 4288 3119 4359 Σκολιοδρομεί
3162 4287 3268 4360 γὰρ
3300 4286 3488 4358 ὥσπερ
3518 4286 3578 4338 τὸ
3604 4285 3809 4356 θηρίον,

2237 4387 2374 4457 πλὴν
2417 4385 2852 4456 ἀναιρεθήσεταιο
2913 4381 3006 4433 καὶ
3041 4381 3148 4451 γὰρ
3201 4380 3541 4449 ἀπρακτήσει
3607 4376 3809 4436 λοιπὸν,

2239 4480 2435 4551 μᾶλλον
2483 4479 2539 4530 δὲ
2588 4478 2714 4540 τοὺς
2755 4477 2856 4544 τῆς
2911 4475 3254 4541 ἀνοσιότητος
3309 4470 3554 4523 ἀποτίσει
3597 4467 3805 4535 λόγους,

567 4584 776 4638 pessus,
827 4579 875 4622 et
937 4567 988 4620 in
1036 4567 1204 4635 portis
1249 4565 1538 4620 inferorum
1583 4567 1863 4631 detentus,
1921 4576 2131 4620 aeterna:

2243 4571 2428 4640 ποινὴν
2461 4568 2696 4630 ἀνατλὰς
2729 4567 2828 4638 τὴν
2879 4567 3134 4635 ἐσχάτην,
3177 4564 3272 4615 καὶ
3315 4564 3433 4621 ταῖς
3462 4560 3586 4629 ᾅδου
3617 4558 3810 4620 πύλαις

565 4659 728 4732 372
762 4658 988 4712 ﬂammae
1033 4657 1259 4711 materia
1303 4672 1367 4711 ac
1393 4673 1548 4726 opus,
1577 4658 1887 4712 diuturnum
1936 4674 1999 4713 ac
2041 4659 2128 4712 ins

567 4754 771 4807 finitum
809 4751 1082 4804 sustinens
1113 4747 1452 4817 supplicium.

642 4842 802 4897 Vens.
831 4842 889 4905 2,
920 4843 972 4896 ’5.
1017 4841 1109 4893 Die
1143 4841 1234 4893 illo
1267 4842 1414 4894 vinea
1449 4843 1580 4893 bona
1601 4881 1616 4907 ,
1644 4841 1956 4894 desiderium
1994 4841 2129 4893 inci-

561 4951 680 5006 pere
707 4945 889 4988 contra
927 4950 1062 4987 eam.
1107 4931 1220 5001 Ego
1268 4933 1445 4986 civitas
1492 4935 1717 4998 munita,
1755 4933 1932 4986 civitas
1971 4948 2132 5000 appu-

563 5038 760 5097 gnata;
785 5025 986 5094 frustra
1015 5034 1188 5089 potum
1219 5022 1353 5075 dabo
1383 5022 1483 5074 illi.
1511 5021 1761 5090 Capietur
1792 5023 1927 5075 enim
1963 5033 2126 5083 nocte,

563 5119 649 5172 die
679 5132 796 5170 vero
829 5115 978 5168 cadet
1005 5129 1207 5166 murus.

631 5210 764 5264 Cum
806 5207 1098 5262 absolverit
1149 5204 1526 5275 percommode
1573 5220 1874 5260 sermonem
1928 5207 1995 5260 de
2048 5205 2132 5259 bis

567 5295 659 5364 qui
699 5310 794 5364 per
834 5295 994 5349 fidem
1035 5293 1191 5362 quasi
1234 5294 1506 5363 illaqueati
1548 5305 1694 5358 sunt,
1729 5299 2132 5363 ostenderitque

563 5388 924 5457 apertissime,
957 5389 1231 5458 ungendos
1263 5397 1556 5457 unguento,
1590 5397 1643 5440 et
1683 5393 1808 5440 vino
1847 5393 2128 5458 potaudos,

563 5479 618 5534 in
647 5489 826 5534 monte
848 5491 1033 5536 sancto
1053 5481 1291 5535 omnium
1317 5492 1558 5534 nostrum
1583 5483 1886 5534 Servatoris
1903 5480 2130 5545 Christi,

564 5587 795 5639 cumque
841 5572 1113 5642 (montem
1149 5583 1328 5627 autem
1362 5572 1593 5626 dicimus
1635 5587 1754 5625 esse
1796 5572 2128 5636 Ecclesium)

566 5664 857 5735 adiecisset
873 5664 1130 5725 ultionem
1153 5665 1270 5720 fore
1297 5680 1483 5719 eorum
1509 5664 1601 5734 qui
1632 5664 1896 5719 interfecti
1917 5665 2128 5719 fuerant

631 5842 701 5876 ⁸³·
737 5842 873 5902 Gen.
904 5858 1018 5911 nx,
1046 5842 1137 5897 24.
1212 5843 1254 5874 ⁸⁸
1285 5841 1441 5897 Joan.
1475 5859 1530 5908 ν,
1560 5841 1650 5906 2‘2,
1687 5842 1776 5896 QG.

2235 4663 2459 4731 κάτοχος
2481 4659 2758 4728 γεγονὼς,
2813 4657 2970 4728 ἔργον
3005 4674 3062 4708 τε
3109 4654 3207 4723 τῆς
3263 4655 3342 4716 εἰς
3390 4651 3564 4704 αἰῶνα
3615 4649 3806 4719 φλογὸς

2232 4759 2445 4829 μακράν
2469 4773 2525 4808 τε
2569 4755 2660 4807 καὶ
2695 4751 3046 4821 ἀτελεύτητον
3075 4748 3359 4816 ὑπομένων
3389 4745 3627 4798 κόλασιν.

2309 4847 2387 4916 Τῇ
2436 4845 2625 4914 ἡμέρᾳ
2675 4844 2876 4909 ἐκείνῃ
2911 4841 3195 4909 ἀμπελὼν
3235 4837 3441 4903 καλὸς,
3469 4835 3804 4904 ἐπιθύμημα

2229 4938 2509 5008 ἐξάρχειν
2539 4935 2668 4989 κατ’
2719 4935 2925 4988 αὑτοῦ.
2965 4933 3114 5000 Ἐγὼ
3160 4932 3339 4994 πόλις
3392 4927 3598 4997 ὀχυρὰ,
3631 4928 3804 4991 πόλις

2229 5026 2724 5096 πολιορκουμένη·
2759 5024 2958 5094 μάτην
3003 5019 3184 5074 ποτιῶ
3233 5017 3446 5083 αὑτήν.
3491 5016 3804 5070 Ἀλώσεται

2230 5120 2338 5187 γὰρ
2379 5117 2617 5180 νυκτὸς,
2652 5116 2874 5184 ἡμέρας
2904 5115 2971 5166 δὲ
2995 5113 3259 5166 πεσεῖται
3286 5109 3500 5178 τεῖχος.

2300 5207 2643 5278 Διαπεράνας
2673 5203 2729 5260 εὖ
2769 5207 2912 5275 μάλα
2962 5205 3051 5256 τὸν
3094 5203 3184 5255 ἐπί
3218 5218 3280 5269 γε
3313 5202 3423 5262 τοῖς
3447 5197 3535 5252 διὰ
3573 5197 3804 5257 πίστεως

2231 5298 2716 5369 σεσαγηνευμένοις
2743 5299 2917 5363 λόγον,
2949 5297 3041 5350 καὶ
3063 5297 3146 5348 ότι
3177 5295 3453 5366 χρίσονται
3509 5290 3684 5361 μύρῳ,
3712 5289 3805 5342 καὶ

2233 5393 2445 5445 πίονται
2478 5388 2618 5444 οἶνον
2648 5394 2704 5444 ἐν
2734 5390 2808 5460 τῷ
2844 5391 2960 5460 ὄρει
2997 5389 3074 5458 τῷ
3106 5389 3244 5457 ἁγίῳ
3276 5385 3368 5439 τοῦ
3405 5384 3619 5438 πάντων
3649 5381 3803 5451 ἡμῶν

2231 5485 2478 5554 Σωτῆρος
2507 5482 2744 5554 Χριστοῦ
2779 5483 3086 5550 σαφέστατα
3141 5477 3382 5533 διειπώνο
3429 5476 3554 5547 ὅρος
3579 5473 3635 5528 δὲ
3666 5469 3801 5524 εἷναί

2232 5593 2408 5645 φαμεν
2438 5574 2534 5646 τὴν
2597 5574 2940 5645 Ἐκκλησίανο
2998 5567 3434 5644 προσεπαγαγών
3486 5584 3547 5620 τε
3598 5566 3679 5618 ὅτι
3709 5562 3798 5616 καὶ

2230 5667 2508 5741 ἐκδίκησις
2528 5665 2808 5720 ἐπαιτῶν
2845 5664 3204 5736 ἀνῃρημένων
3257 5661 3325 5714 δι’
3373 5657 3678 5722 εὐσέϐειαν,
3703 5651 3802 5709 καὶ
