4162 6392
388 384 492 440 595

1522 394 1588 448 ΙΝ
1631 395 1880 490 ISAIAMl
1903 398 2031 455 LIB.
2073 399 2160 454 ill.
2203 400 2439 459 TUMUS
2475 407 2518 459 1.

3519 395 3631 460 594

389 500 496 571 μὴν
516 501 598 552 ὅτι
628 503 692 570 τῇ
722 501 872 572 ἁγία,
911 505 1004 557 καὶ
1046 508 1253 578 μεγάλῃ
1292 511 1535 582 μαχαίρᾳ
1575 514 1748 586 πάντη
1779 534 1838 569 τε
1863 519 1957 570 καὶ

2062 518 2335 587 religionis
2350 535 2505 590 ergo,
2527 529 2578 573 et
2604 517 2781 589 gladio
2810 527 2996 572 sancto
3020 527 3074 572 et
3105 533 3302 588 magno
3331 519 3620 575 draconem

380 591 598 654 πάντως
624 594 650 644 ό
688 593 995 666 ἀποστάτης
1041 599 1318 654 ἀπολεῖται
1363 602 1598 672 δράκων,
1631 607 1952 679 ἀνακομίζει

378 681 470 734 τὸν
504 683 658 751 λόγον
686 685 777 736 ἐπὶ
815 689 924 748 τοῖς
957 705 1016 739 συ
1027 689 1356 760 μϐεϐηκόσιν
1384 694 1443 758 ἐξ
1471 697 1706 767 ἀμαθίας
1731 701 1846 763 τοῖς
1893 698 1954 765 ἐξ

379 773 609 841 αἵματος
631 774 725 828 τοῦ
751 776 982 847 Ἰσραήλ.
1018 780 1156 833 Κατ’
1182 783 1357 854 ἐκεῖνο
1384 787 1512 857 γὰρ,
1537 790 1690 858 φησὶ,
1713 790 1805 843 τοῦ
1829 808 1954 845 και⁸

384 863 497 931 ροῦ,
517 863 711 918 καθ’ὂν
739 866 1116 936 ἀπαράδεκτον
1143 871 1242 942 τὴν
1272 875 1352 938 είς
1380 877 1614 946 Χριστὸν
1638 881 1954 950 ποιήσονται

379 958 582 1010 πίστιν·
623 959 764 1026 Ἐγὼ
788 962 817 1013 6
845 962 1104 1031 ἀμπελὼν
1137 968 1164 1019 ό
1194 968 1376 1033 καλὸς,
1427 964 1488 1024 οὗ
1520 973 1613 1025 καὶ
1651 974 1712 1027 τὸ
1751 977 1955 1046 κατάρα

377 1062 493 1113 χειν
514 1047 839 1136 ἐπιθύμημα
896 1053 1029 1124 φαίη
1060 1071 1144 1117 τις
1180 1057 1264 1110 ἄν·
1311 1057 1422 1126 ἐγὼ
1451 1062 1483 1131 ή
1515 1062 1666 1126 πόλις
1695 1066 1727 1134 ή
1762 1065 1952 1136 ὀχυρά·

381 1135 674 1206 πεποίηται
706 1138 813 1209 γὰρ
843 1139 1011 1204 οὕτως
1051 1142 1127 1206 ὡς
1154 1145 1261 1197 ἀπό
1292 1163 1355 1215 γε
1401 1148 1500 1218 τῆς
1541 1135 1892 1222 Ἰερουσαλὴμ
1926 1154 1956 1204 6

379 1225 555 1293 λόγος·
603 1229 837 1300 Ἔσομαι
897 1232 1050 1296 πόλις
1111 1234 1560 1310 πολιορκουμένη.
1609 1237 1742 1295 Εἶτα
1771 1242 1831 1295 τὸ
1860 1240 1954 1295 τοῦ

380 1316 516 1370 Θεοῦ
543 1319 830 1388 πρόσωπον
871 1324 900 1375 ὁ
931 1327 1213 1398 προφήτης
1238 1331 1369 1399 ήμίν
1404 1331 1725 1401 εἰσκομίζει,
1757 1332 1952 1401 λέγων,

382 1409 465 1461 ὅτι
506 1411 702 1484 Μάτην
735 1415 904 1468 ποτιῶ
930 1418 1119 1488 αὑτήν.
1152 1418 1216 1472 El
1245 1419 1352 1492 γὰρ
1399 1423 1491 1476 καὶ
1517 1423 1730 1491 γέγονε,
1771 1425 1954 1496 φησὶν,

383 1502 627 1570 ἄμπελος
661 1506 1078 1579 εὐκληματοῦσα
1117 1514 1145 1565 6
1189 1513 1430 1585 Ἰσραὴλ,
1472 1515 1614 1570 κατά
1651 1517 1749 1586 τὴν
1795 1517 1957 1588 Ἱερε-

385 1592 509 1660 μίου
548 1595 750 1666 φωνὴν,
804 1599 920 1652 ἀλλ’
949 1602 1202 1673 ἐποίησεν
1258 1605 1518 1669 ἀκάνθας,
1579 1608 1673 1660 καὶ
1703 1609 1959 1679 ἀνόνητον

382 1685 468 1752 ἐφ’
497 1687 663 1758 ἑαυτῇ
694 1690 789 1759 τὴν
811 1692 900 1746 διὰ
935 1695 1026 1747 τοῦ
1061 1695 1224 1766 νόμου
1273 1699 1617 1771 παράκλησιν
1645 1703 1956 1772 ἐποιήσατο.

382 1776 577 1848 Μάτην
619 1777 712 1834 οῦν
753 1782 860 1854 ἄρα
909 1787 1177 1840 πεπότικέ
1211 1807 1271 1842 τε
1321 1791 1491 1862 αὐτὴν
1531 1793 1620 1846 διὰ
1663 1795 1756 1847 τοῦ
1789 1797 1958 1850 πάλαι

2056 609 2380 666 defeetorem
2415 626 2634 679 prorsus
2672 609 2996 680 penitusque
3027 611 3380 680 perdendum.
3410 627 3620 666 sermo-

2055 717 2178 755 nem
2205 703 2536 771 rcdintegrat
2559 702 2624 752 de
2652 703 2734 755 his
2766 717 2885 771 quae
2913 703 3222 774 obtigerunt
3251 718 3348 771 per
3371 703 3624 772 ignorau-

2059 793 2183 845 tiatn
2230 795 2490 863 sanguine
2534 793 2828 847 Israelitico
2881 794 3176 863 prognatis.
3234 793 3344 848 Sub
3383 795 3433 848 id
3475 796 3620 849 enim

2061 893 2289 950 tempus,
2335 886 2526 955 inquit,
2579 900 2685 954 quo
2727 885 2882 938 fidem
2937 885 2989 937 in
3028 884 3303 940 Christum
3339 901 3443 939 non
3485 887 3616 939 reci-

2055 976 2206 1042 picnt
2235 993 2248 1029 :
2277 975 2386 1045 Ego
2416 977 2540 1030 vitis
2567 975 2811 1044 pulchra,
2852 973 3004 1042 cujus
3034 975 3356 1028 desiderium
3387 976 3623 1045 incipere

2059 1067 2324 1134 quispiam
2354 1066 2588 1120 dixerit:
2613 1081 2711 1134 ego
2739 1065 2930 1119 civitas
2959 1067 3186 1119 munita.
3216 1065 3452 1120 llabetnr
3475 1068 3620 1120 enim

2057 1157 2174 1212 haec
2205 1156 2382 1211 oratio
2429 1156 2574 1211 velut
2607 1157 2673 1210 ab
2699 1154 2994 1210 Jerusalem
3026 1174 3038 1208 :
3070 1155 3177 1210 Ero
3219 1157 3409 1210 civitas
3456 1173 3624 1225 oppu-

2061 1262 2243 1316 gnata.
2273 1249 2472 1300 Deinde
2507 1261 2793 1315 personam
2823 1246 2912 1300 Dei
2948 1246 3100 1300 nobis
3129 1246 3335 1299 inducit
3363 1248 3620 1315 prepheta

2059 1339 2243 1393 dicens
2268 1357 2280 1391 :
2308 1338 2532 1393 Frustra
2565 1337 2705 1392 dabo
2732 1337 2809 1391 illi
2840 1347 3046 1405 potum.
3093 1337 3205 1392 Etsi
3235 1338 3401 1400 enim,
3431 1336 3622 1404 inquit,

2057 1429 2221 1484 fuerit
2242 1429 2366 1484 vitis
2391 1428 2668 1492 frondosa,
2685 1428 2835 1496 juxta
2851 1443 3037 1482 vocem
3065 1427 3311 1482 Jeremize
3333 1427 3528 1500 [Oscae]
3552 1429 3621 1491 9°,

2059 1522 2242 1587 Israel,
2281 1530 2461 1576 tamen
2483 1521 2704 1591 protulit
2733 1520 2934 1589 spinas.
2958 1531 3012 1574 et
3041 1520 3173 1589 legis
3193 1521 3632 1574 exhortationem

2058 1613 2161 1668 sibi
2180 1613 2407 1668 reddidit
2423 1612 2688 1666 inutilem.
2703 1611 3094 1681 Frustraigitur
3111 1611 3225 1681 lege
3241 1612 3460 1678 antiqua
3479 1611 3632 1663 illam.

2061 1705 2264 1774 potavit
2295 1722 2307 1758 :
2343 1713 2399 1758 et
2432 1703 2478 1758 si
2519 1703 2829 1772 evangelica
2871 1701 3256 1772 praedicatione
3282 1715 3400 1754 eam
3435 1702 3634 1753 etiam-

2063 1810 2190 1849 num
2222 1803 2455 1864 potaret,
2482 1802 2536 1846 et
2566 1792 2693 1846 illud
2725 1806 2938 1861 quoque
2971 1790 3209 1845 manebit
3237 1789 3445 1844 inutile.
3483 1788 3624 1855 Quid

383 1869 567 1938 νόμου,
598 1873 701 1925 κᾶν
731 1877 780 1927 εἰ
809 1877 1078 1932 ποτίσειεν
1101 1879 1182 1932 ἔτι
1209 1881 1647 1951 διέὐαγγελικοῦ
1671 1887 1960 1960 κηρύγμα-

2063 1901 2193 1957 ergo
2235 1886 2359 1940 inde
2396 1884 2652 1939 eveniet?
2693 1883 2947 1953 Capietur
2989 1893 3169 1946 nocte,
3201 1882 3286 1936 die
3315 1896 3443 1936 vero
3472 1880 3630 1935 cadet-

383 1977 494 2028 τος,
537 1965 878 2039 ἀνωφέλητος
933 1973 1026 2024 καὶ
1071 1973 1242 2038 οὕτως
1264 1976 1541 2046 ὑπομενεῖ.
1572 1979 1637 2031 Τί
1662 1981 1836 2036 τοίνυν
1870 1986 1953 2036 ἐν·

383 2054 572 2110 τεῦθεν
631 2061 826 2132 συνέϐη
893 2064 1085 2118 παθεῖν
1139 2067 1344 2138 αὑτήν;
1410 2069 1704 2125 Ἀλὼσεται
1743 2075 1955 2139 νυκτὸς,

384 2147 600 2218 ἡμέρας
620 2150 674 2203 δέ
699 2156 942 2208 πεσεῖται
967 2158 1162 2226 τεῖχος.
1204 2159 1419 2230 Ἐπειδὴ
1471 2161 1580 2236 γάρ
1609 2163 1778 2235 αὐτὴν
1804 2167 1959 2220 πόλιν

382 2237 662 2308 ὠνόμασεν
707 2243 955 2316 ἰσχυράν,
992 2248 1086 2300 καὶ
1121 2248 1303 2318 μέντοι
1339 2251 1802 2327 πολιορκουμένην
1827 2257 1960 2310 ἀνα-

383 2329 556 2397 λόγως
578 2334 642 2403 τῇ
667 2334 774 2387 τῶν
797 2337 1080 2406 νοημάτων
1129 2341 1445 2414 ἀκολουθείᾳ
1467 2344 1669 2398 ἁλῶναί
1703 2347 1761 2400 τέ
1795 2365 1960 2419 φησιν

385 2423 574 2511 αὐτὴν,
603 2427 697 2480 καὶ
722 2427 828 2498 μὴν
857 2430 939 2484 ὅτι
971 2433 1065 2484 καὶ
1091 2433 1154 2484 τὸ
1189 2437 1366 2503 τεῖχος
1415 2439 1660 2491 πεσεῖται
1690 2439 1957 2511 διισχυρί-

386 2509 529 2573 ζετο.
571 2513 644 2565 Τὸ
676 2514 732 2567 δέ
760 2533 821 2584 γε
849 2519 1042 2584 νυκτὸς
1101 2520 1199 2590 μὲν
1230 2521 1429 2576 ἁλῶναι
1458 2526 1552 2579 καὶ
1602 2529 1660 2579 ἐν
1691 2509 1960 2601 ἡμέρᾳ-δὲ

386 2603 670 2658 πεσεῖσθαι
713 2611 889 2679 τεῖχος
931 2610 1078 2666 ἔοικέ
1127 2632 1180 2668 τι
1228 2618 1466 2672 τοιοῦτον
1511 2621 1828 2690 ὑποδηλοῦν.
1871 2625 1961 2677 EE-

386 2694 590 2787 ληπται
645 2700 743 2768 μὲν
790 2703 920 2774 γὰρ,
991 2707 1109 2776 ἤτοι
1170 2709 1543 2782 πεπόρθηται,
1587 2714 1840 2787 καθάπερ
1903 2719 1961 2770 ἐν

389 2785 550 2856 ἁχλύῖ
578 2791 672 2843 καὶ
696 2793 875 2848 σκότει
905 2801 1245 2872 γεγενημένη
1281 2803 1371 2856 διά
1401 2823 1483 2858 τοι
1531 2805 1590 2859 τὸ
1627 2808 1699 2878 μὴ
1733 2785 1962 2878 ἀνασχέο

393 2881 517 2933 σθαι
561 2881 810 2952 λέγοντος
862 2888 955 2942 τοῦ
1008 2891 1273 2962 Χριστοῦε
1328 2915 1346 2946 ι
1375 2896 1517 2960 Ἕως
1548 2899 1609 2950 τὸ
1643 2899 1758 2966 φῶς
1787 2899 1962 2970 ἔχετε,

392 2980 743 3044 περιπατεῖτε
783 2980 841 3031 ἐν
889 2979 966 3050 τῷ
1018 2984 1179 3050 φωτὶ,
1225 2985 1311 3038 ἵνα
1366 2989 1442 3058 μὴ
1497 2991 1529 3058 ή
1591 2992 1780 3044 σκοτία
1821 2994 1963 3063 ὑμᾶς

390 3071 725 3144 καταλάϐῃ.»
767 3074 984 3147 Ἐπειδὴ
1024 3075 1080 3129 δὲ
1104 3077 1212 3132 τῶν
1233 3082 1364 3150 παρ’
1394 3082 1558 3134 αὑτοῦ
1607 3083 1779 3152 λόγων
1811 3086 1965 3155 ὀλίγα

391 3163 813 3232 πεφροντικότες
836 3165 1292 3233 διατετελέκασιν,
1323 3174 1370 3224 οί
1395 3173 1594 3227 δείλαοι
1620 3176 1961 3247 κατελήφθη-

2060 1994 2266 2034 murus.
2317 1978 2602 2048 Postquam
2635 1977 2778 2030 enim
2824 1975 3096 2030 civitatem
3144 1973 3335 2027 fortem
3381 1973 3627 2026 nornina-

2058 2071 2159 2135 vit,
2188 2080 2243 2124 et
2274 2079 2453 2123 tamen
2485 2069 2787 2144 obsessam,
2830 2064 3195 2120 consecutioui
3240 2062 3626 2123 sententiarum

2060 2161 2462 2215 accommodate
2509 2159 2640 2213 dicit
2685 2173 2900 2227 quoque
2946 2171 3066 2211 eam
3119 2155 3259 2224 capi,
3316 2165 3372 2209 et
3428 2155 3626 2208 "nenia

2061 2264 2253 2304 casura
2292 2245 2542 2302 ailirmat.
2566 2245 2700 2300 lllud
2729 2255 2932 2309 autem,
2966 2254 3128 2299 noctu
3160 2245 3302 2313 capi,
3323 2242 3626 2298 etinterdiu

2061 2355 2253 2396 casura
2305 2340 2538 2405 moenia,
2600 2339 2708 2392 tale
2754 2337 2885 2408 quid
2936 2336 3148 2391 videtur
3193 2335 3624 2390 submonstrare.

2062 2430 2334 2498 Occupata
2367 2429 2510 2483 enim
2542 2427 2644 2482 fuit
2681 2437 2733 2481 et
2781 2435 3015 2489 vastata,
3062 2434 3121 2478 ut
3147 2438 3267 2494 quae
3309 2421 3474 2476 fuerit
3507 2430 3626 2475 tan-

2061 2535 2221 2589 quam
2251 2520 2303 2572 iu
2339 2519 2568 2586 caligine
2605 2531 2669 2570 ac
2699 2515 2936 2572 tenebris
2973 2523 3224 2577 versata,
3246 2526 3311 2565 eo
3338 2510 3483 2578 quod
3517 2523 3624 2564 non

2062 2613 2380 2668 sustinuerit
2434 2609 2714 2664 Christum
2783 2607 3049 2661 dicentem
3095 2622 3109 2658 :
3156 2622 3175 2655 ι
3225 2603 3402 2657 Donec
3454 2601 3629 2655 lucem

2063 2706 2297 2769 habetis,
2328 2702 2602 2756 ambulate
2636 2700 2688 2753 in
2720 2699 2870 2763 luce,
2910 2712 2977 2750 ne
3005 2695 3237 2750 tenebrm
3267 2709 3358 2748 vos
3385 2707 3637 2762 compre-

2065 2797 2300 2852 hendant
2324 2796 2390 2849 9‘.
2422 2814 2441 2846 ›
2474 2794 2715 2861 Cumque
2753 2804 3031 2845 sermones
3053 2789 3169 2857 ejus
3202 2801 3414 2856 semper
3448 2785 3630 2857 parvi-

2065 2889 2352 2955 duxerint,
2410 2885 2597 2940 miseri
2651 2882 2816 2938 veluti
2855 2883 2907 2935 in
2964 2882 3200 2935 tenebris
3250 2877 3641 2948 comprehensi

2065 2990 2208 3037 sunt.
2261 2977 2603 3033 Dominatum
2635 2976 2778 3028 enim
2830 2981 2916 3028 est
2961 2971 3015 3025 in
3067 2985 3162 3025 eos
3215 2979 3516 3039 peccatum.
3573 2968 3636 3024 ld-

2066 3074 2206 3142 quod
2236 3084 2368 3124 voce
2393 3067 2590 3122 Christi
2625 3065 2692 3120 ad
2727 3080 2818 3120 eos
2859 3065 3058 3118 dictum
3093 3072 3218 3118 est:
3255 3063 3478 3116 «Amen
3511 3060 3641 3116 dico

2065 3164 2237 3228 vobis,
2275 3162 2378 3215 nisi
2413 3158 2748 3214 credideritis
2776 3156 2938 3227 373
2969 3156 3110 3225 quod
3148 3170 3247 3222 ego
3275 3154 3486 3218 sim,_in
3516 3169 3641 3224 pec-

391 3269 489 3306 σαν
523 3253 598 3317 ὡς
630 3256 687 3309 ἐν
719 3257 914 3328 σκότῳ.
945 3260 1334 3332 Κατεκράτησε
1384 3263 1490 3335 γάρ
1515 3266 1695 3319 αὐτῶν
1727 3270 1760 3338 ή

2066 3257 2201 3313 catis
2226 3257 2420 3310 vestris
2453 3251 2756 3307 moriemini
2781 3251 2847 3304 θ’.
2884 3269 2901 3300 ι
2935 3247 3101 3319 Capta
3135 3259 3220 3303 est
3253 3249 3442 3318 igitur,
3471 3263 3634 3302 man-

389 3343 498 3399 τία.
542 3345 652 3400 Καὶ¹
675 3347 832 3401 τοῦτο
866 3345 935 3422 ἦν
976 3351 1084 3421 ἄρα
1134 3353 1194 3406 τὸ
1238 3353 1326 3407 διὰ
1360 3355 1544 3426 φωνῆς
1593 3358 1686 3410 τοῦ
1723 3359 1960 3430 Χριστοῦ

390 3435 528 3506 πρὸς
557 3437 756 3502 αὐτοὺς
784 3441 1092 3512 εἰρημένονο
1138 3465 1155 3495 ι
1180 3445 1350 3516 Ἀμὴν
1407 3445 1550 3514 λέγω
1581 3448 1728 3518 ὑμῖν,
1765 3449 1860 3502 ἐὰν
1885 3453 1960 3522 μὴ

391 3526 717 3600 πιστεύσητε
763 3531 843 3584 ὃτι
891 3531 1002 3600 ἐγώ
1032 3536 1168 3603 εἰμι,
1207 3537 1264 3588 ἐν
1297 3539 1418 3600 ταῖς
1476 3539 1771 3610 ἁμαρτίαις
1809 3541 1962 3612 ὑμῶν

391 3618 769 3676 ἀποθανεῖσθε.
800 3640 821 3675 ι
844 3621 995 3676 Ἦλω
1012 3624 1317 3696 τοιγαροῦν,
1345 3628 1438 3680 καὶ
1459 3628 1877 3702 ἀπομεμένηκεν
1903 3632 1961 3683 ἐν

391 3715 708 3785 ἁμαρτίαις·
744 3716 1001 3770 πέπτωκε
1033 3717 1089 3770 δὲ
1117 3721 1292 3789 τεῖχος
1348 3721 1424 3784 ὡς
1472 3722 1528 3773 ἐν
1578 3722 1781 3794 ἡμέρα,
1816 3722 1961 3777 τοῦτ’

391 3805 562 3874 ἔστιν,
590 3809 838 3880 ἐναργῶς
868 3827 928 3862 τε
952 3811 1046 3863 καὶ
1078 3811 1357 3882 ἐμφανῶς,
1385 3812 1484 3882 τῆς
1515 3814 1663 3887 παρά
1687 3814 1824 3868 Θεοῦ
1853 3833 1963 3868 πε-

395 3897 618 3970 ριϐολῆς
647 3900 958 3971 ἐστέρηται.
991 3900 1242 3954 Τοιοῦτόν
1270 3902 1322 3955 τί
1342 3921 1474 3974 φησι
1504 3905 1598 3958 καὶ
1634 3906 1692 3961 ἐν
1720 3907 1916 3977 ἀρχαῖς
1939 3909 1966 3960 ό

396 3993 664 4062 μακάριος
701 3995 986 4063 προφήτης
1025 3993 1270 4056 Ἡσαΐας.
1297 4013 1316 4044 ι
1351 3995 1408 4048 Ὀ
1435 3994 1543 4068 γὰρ
1575 3996 1830 4066 ἀμπελὼν
1856 3999 1966 4052 Κυ-

395 4085 514 4154 ρίου
548 4084 795 4148 Σαϐαὼθ,
824 4085 1108 4157 ἄνθρωπος
1143 4087 1235 4140 τοῦ
1276 4087 1444 4139 Ἰούδα
1469 4088 1722 4156 νεόφυτον
1748 4091 1965 4160 ἠγαπη-

347 4247 350 4249 Α
395 4176 575 4247 μένον.
632 4179 862 4248 Ἔμεινα
902 4178 996 4231 τοῦ
1053 4179 1276 4250 ποιῆσαι
1307 4179 1601 4250 σταφυλὴν,
1645 4181 1866 4252 ἐποίησε
1908 4181 1968 4235 δὲ

392 4269 652 4332 ἀκάνθας.
679 4288 697 4321 ›
727 4267 860 4324 Εἶτα
885 4272 1242 4342 προσεπάγει·
1279 4291 1298 4322 ι
1317 4271 1431 4325 Νῦν
1458 4272 1515 4325 δὲ
1536 4272 1816 4341 ἀναγγελῶ
1839 4273 1967 4343 ὑμῖν

392 4362 446 4412 τί
476 4365 687 4431 ποιήσω
722 4361 796 4432 τῷ
837 4363 1120 4433 ἀμπελῶνί
1173 4381 1298 4433 μουο
1346 4363 1531 4432 ἀφελῶ
1559 4365 1649 4416 τὸν
1709 4365 1966 4436 φραγμὸν

393 4452 578 4519 αὐτοῦ,
604 4455 697 4507 καὶ
722 4453 873 4508 ἐσται
899 4457 978 4519 εἰς
1005 4456 1334 4526 διαρπαγήνσ
1376 4458 1469 4509 καὶ
1499 4456 1711 4510 καθελῶ
1737 4458 1827 4510 τὸν
1859 4460 1968 4510 τοῖ-

394 4563 487 4616 χον
517 4547 702 4615 αύτοῦ,
726 4549 818 4601 καὶ
839 4548 991 4602 ἔσται
1015 4550 1093 4613 είς
1122 4549 1512 4620 καταπάτημα,
1551 4550 1643 4603 καὶ
1662 4551 1847 4621 ἀνήσω
1875 4549 1965 4603 τὸν

2064 3349 2241 3418 sitque
2267 3349 2318 3401 iu
2347 3347 2615 3418 peccatis;
2636 3343 2831 3400 cecidit
2859 3358 3042 3396 murus
3071 3343 3212 3396 velut
3235 3342 3287 3395 in
3312 3341 3419 3407 die,
3447 3342 3498 3395 id
3527 3352 3638 3404 est,

2063 3441 2353 3509 conspicue
2396 3453 2460 3493 ac
2502 3434 2787 3491 manifeste
2826 3435 3005 3488 divino
3049 3433 3378 3488 munimento
3425 3434 3644 3502 privata

2063 3542 2169 3590 est.
2215 3530 2530 3601 Cujusmodi
2578 3531 2742 3584 etiam
2791 3527 2844 3580 in
2893 3525 3156 3596 principio
3201 3524 3332 3578 dicit
3371 3525 3645 3594 propheta

2065 3629 2255 3681 beatus
2307 3625 2528 3678 lsaias:
2579 3639 2598 3673 ι
2655 3620 2821 3673 Vinea
2879 3617 3025 3670 enim
3093 3616 3299 3670 Domini
3362 3613 3650 3678 Sabaoth,.

2066 3721 2228 3774 homo
2261 3716 2430 3778 Juda,
2475 3713 2720 3776 novella,
2753 3711 2966 3765 dilecta.
3028 3709 3348 3777 Exspectavi
3412 3718 3470 3761 ut
3507 3723 3634 3776 pro-

2067 3811 2237 3866 ferret
2269 3825 2449 3874 uvam,
2486 3816 2541 3861 at
2562 3804 2783 3876 protulit
2815 3804 3000 3872 spinas
3029 3803 3098 3856 ³³.
3138 3821 3157 3852 ι
3187 3799 3316 3854 Dein
3343 3799 3587 3868 adjunxit
3615 3817 3631 3853 :

2072 3924 2091 3957 ι
2133 3905 2285 3959 Nunc
2313 3911 2494 3957 autem
2529 3898 2864 3954 annuntiabo
2905 3895 3057 3950 vobis
3095 3894 3224 3964 quid
3255 3894 3496 3950 facturus
3529 3893 3646 3948 sim~

2067 3998 2236 4052 vinea:
2263 4010 2395 4050 mea:
2420 4013 2433 4048 :
2458 3992 2714 4047 Auferam
2745 4005 2925 4060 sepem
2954 3989 3097 4058 ejus,
3119 3997 3176 4044 et
3193 3988 3295 4043 erit
3316 3987 3643 4057 direptioni,

2067 4107 2122 4152 et
2173 4093 2356 4150 tollam
2389 4104 2604 4146 murum
2656 4089 2804 4158 ejus,
2842 4096 2897 4141 et
2948 4086 3052 4142 erit
3102 4081 3514 4141 conculcationi.
3570 4082 3638 4134 Et

2067 4189 2280 4243 demam
2332 4183 2546 4238 vineam
2595 4195 2804 4244 meam,
2863 4192 2920 4234 et
2967 4193 3073 4233 non
3130 4176 3408 4246 pulabitur
3456 4188 3656 4243 neque-

2068 4279 2338 4344 fodietur;
2373 4285 2429 4330 et
2457 4274 2752 4329 ascendent
2779 4272 2834 4326 in
2873 4269 3020 4324 illam
3051 4280 3109 4324 ut
3141 4269 3194 4323 in
3225 4277 3424 4322 terram
3461 4265 3641 4320 incul—

2070 4381 2175 4423 tam
2201 4369 2392 4437 spinae.
2422 4366 2487 4420 Et
2508 4363 2739 4419 nubibus
2767 4363 3030 4417 mandabo
3067 4375 3134 4415 ne
3164 4361 3393 4430 pluviam
3425 4359 3638 4412 ineant

2017 4511 2026 4520 .
2071 4463 2325 4531 depluant
2365 4459 2435 4514 ".
2485 4477 2504 4510 ι
2550 4458 2744 4521 Vides,
2791 4471 2900 4526 quo
2941 4465 3100 4525 pacto
3147 4469 3334 4508 verum
3381 4452 3454 4506 sit
3492 4450 3637 4520 quod

2071 4551 2213 4617 dixi,
2242 4550 2497 4604 nimirum
2527 4566 2541 4602 :
2573 4547 2797 4601 Frustra
2829 4554 3013 4615 potum
3046 4542 3117 4596 illi
3151 4543 3310 4598 dabo.
3340 4540 3458 4595 Non
3488 4537 3634 4593 enim

391 4643 689 4712 ἀμπελῶνα
725 4661 824 4714 μου
858 4645 952 4697 καὶ
973 4643 1034 4696 οὑ
1069 4643 1144 4715 μὴ
1173 4642 1377 4714 τμηθῇ,
1407 4643 1513 4696 οὐδ’
1535 4643 1596 4696 οὐ
1636 4642 1712 4715 μὴ
1743 4647 1923 4714 σκαφῇ
1946 4682 1960 4707 ,

2068 4643 2300 4713 amplius
2337 4641 2573 4711 pluviam
2605 4637 2993 4706 intelligibilem
3033 4635 3292 4691 lsraelitis
3334 4631 3504 4697 dedit,
3542 4629 3656 4683 sed».

392 4737 488 4788 καὶ
518 4736 849 4806 ἀναϐήσεται
879 4737 958 4798 εἰς
989 4735 1148 4788 αὐτὸν
1181 4735 1256 4798 ὡς
1277 4737 1358 4798 είς
1386 4735 1580 4806 χέρσον
1604 4735 1834 4801 ἄκανθα,
1872 4736 1968 4789 καὶ

391 4830 512 4892 ταῖς
545 4828 794 4898 νεφέλαις
825 4826 1144 4897 ἐντελοῦμαι
1189 4825 1282 4880 τοῦ
1333 4826 1408 4898 μὴ
1459 4826 1642 4897 βρέξαι
1694 4829 1775 4890 είς
1803 4827 1966 4880 αὑτὸν

394 4921 569 4976 ὑετόν.
607 4939 626 4972 ι
671 4921 837 4992 Ὀρᾶς
877 4920 1024 4984 ὅπως
1047 4919 1194 4972 ἐστὶν
1226 4918 1426 4988 ἀληθὲς
1455 4918 1590 4990 ὅπερ
1622 4918 1779 4990 ἔφην,
1819 4919 1963 4972 τοῦτ’

393 5011 530 5078 ἔστι,
561 5013 623 5066 τὸ
650 5013 826 5084 μάτην
851 5009 1023 5065 ποτιῶ
1042 5011 1234 5081 αὑτήν.
1261 5010 1336 5063 Οὐ
1361 5009 1470 5080 γὰρ
1497 5009 1726 5064 δέδωκεν
1765 5009 1847 5063 ἔτι
1874 5010 1964 5063 τὸν

392 5105 582 5175 νοητὸν
604 5103 757 5158 ὑετὸν
777 5107 890 5168 τοῖς
923 5105 982 5170 ἐξ
1011 5102 1245 5174 Ἰσραήλ·
1275 5101 1489 5155 καθεῖλε
1514 5101 1570 5154 δὲ
1597 5102 1688 5154 τὸν
1711 5103 1964 5172 φραγμὸν

393 5197 581 5263 αὐτοῦ,
612 5198 709 5251 καὶ
737 5196 874 5268 πρός
894 5213 959 5264 γε
983 5196 1159 5266 τούτῳ
1198 5195 1290 5248 τὸν
1327 5197 1525 5264 τοῖχον.
1581 5195 1690 5248 Καὶ
1715 5195 1964 5266 φραγμὸν

395 5287 494 5356 μὲν
515 5289 644 5350 ἴσως
671 5287 770 5350 τὰς
804 5287 870 5340 ἐκ
896 5285 1002 5339 τῶν
1044 5286 1294 5354 ἀγγέλων
1334 5285 1651 5356 ἐπικουρίας
1678 5284 1962 5338 ἀποκαλεῖ·

391 5378 569 5448 τοῖχόν
601 5393 665 5446 γε
696 5379 803 5449 μὴν
828 5378 1066 5449 ἄληπτόν
1103 5395 1166 5431 τε
1213 5378 1308 5432 καὶ
1358 5377 1645 5446 πεπηγότα
1695 5378 1794 5447 τῆς
1834 5377 1964 5446 παρ’

392 5469 587 5523 ἐαυτοῦ
609 5469 890 5540 δυνάμεως
920 5471 1016 5541 τὴν
1041 5469 1354 5542 περιϐολήν.
1382 5470 1521 5540 Ὀρη
1546 5467 1674 5539 γὰρ,
1699 5470 1852 5540 φησὶ,
1870 5469 1964 5522 κύ-

2064 4735 2181 4804 ejus
2236 4746 2443 4800 sepem,
2493 4737 2654 4798 atque
2705 4728 2868 4781 etiam
2927 4741 3137 4780 murum
3186 4723 3373 4780 diruit.
3443 4719 3636 4790 Sepem

2065 4827 2283 4897 quidem
2315 4820 2562 4876 fortassis
2603 4818 2914 4890 angelorum
2950 4817 3148 4871 auxilia
3191 4826 3383 4879 vocat;
3424 4828 3656 4867 murum.

2063 4913 2534 4985 inexpugnabilem
2564 4921 2620 4967 et
2643 4913 2803 4965 ﬁxam
2829 4912 2947 4977 ejus
2973 4909 3225 4978 potentiae
3255 4905 3634 4960 munitionem.

2065 5010 2277 5068 Montes
2303 5009 2470 5073 enim,
2511 5005 2712 5076 inquit,
2743 5005 2794 5057 in
2827 5002 3056 5057 circuitu
3090 5001 3229 5070 ejus.
3265 5000 3332 5053 Et
3379 4997 3656 5054 Dominus.

2067 5103 2124 5158 iu
2171 5101 2398 5156 circuitu
2439 5099 2589 5169 ejus;
2631 5107 2686 5152 et
2736 5095 2996 5151 Dominus
3048 5093 3101 5148 in
3160 5092 3392 5146 circuitu
3454 5089 3634 5159 populi

2067 5194 2175 5252 sui.
2209 5192 2342 5248 Etsi
2368 5192 2533 5258 dicat,
2568 5209 2587 5243 ι
2612 5189 2829 5254 cecidit,
2855 5206 2874 5238 ι
2905 5202 3009 5241 non
3033 5184 3302 5256 significat
3327 5197 3457 5237 sane
3487 5179 3637 5247 deje-

2068 5297 2240 5351 ctum,
2271 5284 2362 5340 sed
2393 5283 2570 5354 potius
2603 5281 2871 5338 sublatum
2895 5293 3033 5334 esse.
3067 5277 3264 5330 Mansit
3292 5275 3436 5329 enim
3467 5271 3632 5328 Israel

2069 5379 2355 5434 destitutus
2381 5374 2652 5446 praesidio,
2690 5383 2745 5426 et
2787 5385 3008 5441 prorsus
3030 5382 3227 5439 expers
3260 5379 3507 5436 supernae
3536 5363 3640 5418 mi-

2069 5468 2380 5524 sericordia:
2407 5475 2568 5535 atque
2594 5463 2814 5518 amoris.

393 5566 508 5636 κλῳ
540 5565 726 5628 αὐτοῦ,
754 5567 850 5620 καὶ
880 5566 1086 5638 Κύριος
1107 5541 1293 5636 κύκλῳ
1315 5565 1410 5618 τοῦ
1450 5564 1578 5617 λαοῦ
1600 5564 1786 5618 αὑτοῦ.
1823 5566 1954 5619 Ἔαν
1983 5564 2039 5618 δὲ
2076 5565 2211 5638 λέγῃ
2243 5564 2321 5630 τὸ,
2360 5583 2378 5614 ι
2411 5561 2718 5623 πέπτωκεν,
2743 5579 2760 5612 ι
2791 5559 2910 5628 ούχὶ
2946 5555 3161 5621 πάντως
3184 5557 3266 5610 ὅτι
3293 5556 3386 5610 καί⁵
3408 5541 3638 5608 advexe-

397 5662 566 5733 μίσθη
589 5662 760 5734 δηλοῖ,
790 5663 903 5718 ἀλλ’
937 5666 1018 5719 ὅτι
1061 5664 1262 5734 μᾶλλον
1313 5661 1611 5733 ἀφῄρηται.
1674 5661 1963 5732 Μεμένηκε
2002 5663 2109 5734 γὰρ
2164 5660 2594 5732 ἀνεπικούρητος
2633 5661 2662 5713 6
2689 5656 2925 5728 Ἰσραὴλ,
2951 5655 3044 5710 καλ⁸
3064 5654 3162 5727 τῆς
3193 5654 3397 5710 ἀνωθεν
3425 5648 3637 5723 φειδοῦς

394 5756 489 5812 καὶ
510 5759 728 5844 ἀγάπης
753 5759 1018 5831 ἀμέτοχος
1037 5758 1334 5821 παντελῶς.

468 5873 515 5906 ’⁸
553 5871 753 5946 Ose.x,
782 5877 834 5930 1.
907 5877 948 5909 ³³
985 5875 1138 5933 Joan.
1163 5891 1271 5944 xu,
1300 5874 1388 5931 55.
1465 5876 1509 5908 ⁵³
1541 5874 1698 5931 Joan.
1729 5873 1960 5943 “11,21.

2067 5874 2208 5931 'lsa.
2245 5887 2300 5942 ν,
2335 5872 2387 5928 7..
2461 5870 2508 5935 ’ξ
2532 5868 2694 5938 lbid.,
2730 5868 2782 5936 5,
2817 5869 2878 5924 6.-
2940 5904 2945 5909 -
