4162 6406
510 391 621 452 595

513 620 594 658 me
621 610 776 671 ponet
811 611 868 654 ut
909 600 1173 655 custodem
1208 601 1415 667 stipula:
1455 601 1509 652 in
1537 603 1705 669 agro?
1739 597 1959 667 Propter
1986 599 2081 651 hu-

512 696 690 749 stilem
725 695 861 747 hanc
893 694 1149 763 regionem
1186 702 1491 759 aspernatus
1520 708 1631 743 sum
1666 709 1801 745 eam.

587 787 818 843 Obsessa
855 786 953 839 fuit
998 783 1302 839 Judzeorum
1357 787 1503 851 regio
1551 794 1673 852 post
1731 782 2076 837 Servatorem

518 879 665 934 cruci
701 878 936 940 affixum,
974 887 1029 931 et
1059 892 1127 931 ex
1162 875 1413 930 omnibus
1442 876 1694 944 gentibus
1746 878 2081 946 congregati,

520 971 907 1039 potentissimae
954 983 1146 1035 nempe
1194 967 1555 1021 Romanorum
1600 968 1789 1036 copiae.
1830 968 2085 1020 adversus

520 1071 730 1131 gentem
777 1058 1055 1114 Judaicam
1102 1059 1313 1113 fortiter
1342 1069 1820 1113 consurrexerunt.
1861 1059 1998 1125 Quin
2030 1068 2086 1113 et

520 1154 626 1207 alio
657 1152 816 1206 modo
851 1160 1060 1207 vastata
1091 1159 1196 1216 est,
1226 1152 1588 1220 intelligenter
1628 1151 1881 1204 nimirum
1913 1160 1965 1205 et
1998 1167 2082 1204 re-

521 1244 754 1298 condite.
801 1241 1022 1296 Tradita
1066 1242 1208 1296 enim
1243 1251 1325 1295 est
1377 1242 1428 1295 in
1478 1240 1933 1295 conculcationem
1982 1241 2086 1294 im-

528 1335 740 1389 mundis
774 1334 1071 1404 spiritibus.
1111 1333 1167 1388 Si
1206 1334 1349 1389 enim
1396 1335 1694 1405 sepimento
1736 1337 1804 1389 sit
1852 1337 2083 1402 privata,

525 1435 579 1479 et
609 1440 794 1480 murus
821 1426 911 1495 qui
957 1425 1100 1479 illam
1133 1436 1313 1479 servat
1346 1425 1555 1480 dirutus
1589 1428 1680 1491 sit,
1713 1427 1897 1495 ecquis
1934 1426 2091 1480 dubi-

526 1528 642 1571 tare
677 1526 848 1587 potest
899 1518 1026 1586 quin
1058 1517 1344 1586 direptioni
1378 1517 1614 1571 ferarum
1647 1518 2085 1573 intellectualium

524 1611 596 1663 sit
641 1599 922 1677 exposita?
966 1607 1079 1663 Hoc
1126 1609 1391 1678 siquidem
1440 1623 1571 1661 voce
1616 1608 1831 1662 Davidis
1886 1610 2088 1662 dictum

527 1704 627 1757 fuit
664 1705 731 1759 de
764 1703 873 1767 illa,
907 1704 973 1758 ad
1005 1706 1373 1758 universorum
1409 1711 1738 1757 servatorem
1768 1702 2042 1756 Christum
2074 1721 2088 1756 :

531 1815 549 1846 ι
596 1795 776 1862 Quare
807 1796 1122 1851 destruxisti
1155 1811 1335 1865 sepem
1368 1795 1504 1864 ejus,
1537 1803 1589 1848 et
1614 1794 1946 1849 vindemiant
1971 1810 2090 1848 eam

525 1903 714 1941 omnes
744 1887 834 1958 qui
871 1888 1386 1958 prastergrediuntur
1422 1889 1562 1941 viam
1587 1887 1672 1940 ’5?
1705 1906 1723 1938 ι
1762 1886 2091 1956 Depopulata

527 1990 608 2035 est
643 1996 759 2035 eam
813 1997 904 2035 sus
958 1997 1025 2034 ex
1084 1981 1252 2047 silva,
1310 1990 1365 2035 et
1417 1981 1601 2035 asinus
1651 1980 1797 2034 ferus
1837 1981 2092 2047 depastus

525 2084 607 2126 est
637 2087 777 2127 eam.
826 2073 1035 2127 Etenim
1084 2088 1178 2142 per
1212 2075 1325 2128 haec
1348 2112 1363 2137 ,
1395 2083 1581 2128 vastas
1632 2072 2091 2143 perturbationes,

524 2163 689 2235 37h,
715 2165 906 2232 quibus
929 2178 1080 2220 mens
1107 2163 1410 2219 Iudaeorum
1446 2165 1728 2235 subjugata
1762 2174 1866 2229 est,
1889 2163 2096 2232 signiﬁ-

525 2266 637 2322 cat,
668 2258 820 2312 asino
849 2266 1148 2312 extremam
1179 2257 1405 2311 rationis
1440 2256 1691 2324 inopiam,
1724 2270 1819 2309 sue
1845 2269 1971 2308 vero
1994 2269 2093 2307 vo-

527 2350 785 2420 luptatem
817 2350 1173 2421 significante.
1211 2350 1360 2416 Quod
1408 2349 1569 2419 igitur
1602 2351 1669 2404 ab
1696 2347 1842 2402 omni
1882 2347 2094 2415 deprae-

528 2445 641 2498 dari
675 2444 882 2501 volente
915 2446 1032 2516 capi
1066 2446 1234 2517 possit
1282 2446 1457 2508 facile,
1496 2444 1673 2508 docet,
1706 2459 1827 2497 cum
1874 2442 2091 2513 inquit:

529 2536 643 2591 Non
699 2547 780 2593 est
827 2555 947 2608 qua:
990 2539 1133 2593 illam
1176 2552 1282 2593 non
1329 2539 1695 2608 apprehendet
1739 2557 1752 2591 :
1802 2553 1907 2591 non
1951 2537 2094 2591 enim

529 2642 614 2687 est
653 2648 878 2697 manus,
929 2648 1030 2686 non
1078 2634 1191 2697 vis,
1234 2632 1315 2684 vel
1363 2629 1782 2697 hominum,vel
1831 2628 2093 2682 malorum

531 2725 849 2793 spirituum,
908 2740 1026 2793 qua:
1066 2724 1211 2777 illam
1254 2738 1357 2777 non
1410 2722 1840 2792 comprehendit.
1889 2720 2028 2785 Sed,
2065 2735 2098 2774 ο

532 2813 778 2879 Domine,
805 2813 1001 2868 dixerit
1030 2814 1169 2868 forte
1199 2812 1462 2882 quispiam
1498 2831 1509 2864 :
1543 2811 1653 2864 Non
1691 2812 1917 2866 servasti
1948 2822 2094 2865 tuum

533 2905 807 2973 populum,
841 2920 945 2958 non
970 2906 1330 2971 custodivisti,
1354 2920 1461 2959 non
1491 2920 1676 2961 murus
1699 2906 1745 2959 ei
1776 2904 2098 2974 praevalidus

534 2996 806 3051 exstitisti.
843 2996 1020 3060 Certe,
1055 2997 1262 3067 inquit,
1291 2997 1579 3060 custodivi,
1614 3009 1668 3051 et
1695 2998 1863 3067 gratia
1898 3012 2015 3052 mea
2046 3006 2100 3052 et

534 3089 772 3157 potentia
815 3089 1250 3153 circumvallari,
1297 3089 1427 3158 quin
1462 3098 1515 3143 et
1556 3090 1812 3143 custodiri
1860 3091 2099 3157 oportuit

1535 388 1592 445 S.
1633 385 1903 444 CYRILLI
1944 380 2411 442 ALEXANDRINI
2450 388 2765 446 ARCHIEP.

584 510 749 564 Vens.
783 509 837 563 ι.
882 506 1004 562 Non
1032 514 1107 561 est
1132 523 1247 575 qute
1285 523 1384 560 non
1412 507 1753 575 appreltendet
1783 522 1918 561 eam.
1950 505 2079 569 Quis
2107 507 2157 564 Α

3646 395 3749 454 596
3778 358 3791 379 ’

2259 509 2378 560 Uine
2438 509 2625 572 ἐστιν,
2672 509 2710 577 ἡ
2761 510 2869 563 οὐκ
2922 511 3241 564 ἐπελάϐετο
3294 512 3501 580 αὐτῆς.
3544 515 3635 580 Τίς
3675 534 3751 584 με

2183 595 2359 663 θήσει
2405 597 2751 665 φυλάσσειν
2807 600 3084 666 καλάμην
3134 600 3203 652 ἐν
3260 601 3452 670 Lippa");
3494 603 3595 656 Διὰ
3637 607 3752 673 τὴν

2184 688 2478 756 πολεμίαν
2500 690 2723 756 ταύτην
2750 689 3010 757 ήθέτηκα
3038 690 3249 755 αὑτήν.
3782 696 3787 733 ἐ

2258 779 2688 849 Πεπολιόρκηται
2732 780 2830 849 μὲν
2868 782 2901 849 ἡ
2936 779 3044 832 τῶν
3094 780 3363 834 Ἰουδαίων
3404 780 3555 852 χώρα
3616 784 3752 852 μετά

2184 871 2273 925 τὸν
2305 870 2399 925 τοῦ
2444 873 2691 943 Σωτῆρος
2738 873 2986 943 σταυρόν.
3020 873 3126 926 Καὶ
3158 874 3208 925 oi
3240 874 3303 925 ἐκ
3338 875 3535 935 παντὸς
3571 875 3754 940 ἔθνους

2188 964 2671 1035 συναγηγερμένοι,
2700 964 2841 1018 τοῦτ’
2876 966 3044 1028 ἐστιν,
3085 968 3119 1036 ή
3152 966 3451 1037 πανσθενὴς
3479 966 3586 1019 τῶν
3625 968 3756 1021 Ῥω-

2190 1056 2363 1126 μαίων
2411 1057 2637 1127 στρατιά
2682 1056 3151 1129 κατεξανέστησαν
3200 1059 3463 1130 ἀνδρικῶς
3511 1059 3604 1113 τοῦ
3651 1061 3755 1113 τῶν

2200 1149 2464 1203 Ἰουδαίων
2490 1149 2694 1211 ἔθνους.
2723 1150 3067 1221 Πεπὸρθηται
3098 1150 3155 1203 δὲ
3182 1151 3276 1204 καὶ
3301 1153 3522 1222 ἑτέρως,
3554 1153 3758 1223 νοητῶς

2188 1242 2448 1312 δηλονότι,
2490 1243 2581 1295 καὶ
2626 1244 3021 1314 κεκρυμμένως
3045 1260 3058 1275 ·
3102 1243 3307 1297 δέδοται
3340 1245 3448 1314 γὰρ
3480 1246 3559 1308 είς
3595 1262 3760 1297 κατα-

2190 1335 2416 1403 πάτημα
2445 1340 2553 1397 τοῖς
2595 1333 2920 1405 ἀκαθάρτοις
2949 1333 3269 1405 πνεύμασιν.
3301 1336 3365 1388 Εἰ
3403 1336 3510 1405 γὰρ
3537 1336 3761 1406 ἐστέρησ

2189 1443 2280 1479 ται
2321 1425 2415 1479 τοῦ
2465 1425 2742 1497 φραγμοῦ,
2791 1425 2885 1479 καὶ
2931 1427 2991 1479 τὸ
3037 1425 3208 1489 σῶζον
3270 1428 3436 1497 αὐτὴν
3486 1428 3761 1498 ἀφῄρηται

2191 1522 2388 1588 τεῖχος,
2434 1518 2551 1581 πῶς
2590 1518 2655 1572 ἂν
2685 1518 2975 1572 ἐνδοιάσειὲ
3006 1536 3091 1581 τις
3119 1518 3199 1571 ὅτι
3249 1519 3438 1587 γέγονε
3470 1520 3609 1590 νομὴ
3654 1518 3761 1571 τῶν

2193 1614 2397 1684 νοητῶν
2430 1614 2661 1686 θηρίων;
2699 1614 2807 1666 Καὶ
2836 1613 2992 1667 τοῦτο
3014 1611 3081 1685 ἦν
3112 1614 3217 1685 ἄρα
3250 1614 3310 1666 τὸ
3340 1614 3427 1666 διὰ
3457 1613 3640 1683 φωνῆς
3669 1613 3761 1665 τοῦ

2194 1707 2359 1761 Δαϐὶδ
2388 1708 2516 1777 περὶ
2543 1708 2713 1776 αὐτῆς
2744 1707 3032 1778 εἰρημένον
3066 1707 3202 1777 πρὸς
3228 1707 3319 1759 τὸν
3346 1706 3454 1759 τῶν
3485 1707 3621 1759 ὅλων
3649 1706 3763 1758 Σω-

2198 1800 2338 1871 τῆρα
2372 1800 2630 1869 Χριστόν·
2664 1819 2682 1850 ι
2713 1801 2830 1854 Ἵνα
2866 1800 2919 1852 τί
2966 1798 3217 1863 καθεῖλες
3258 1798 3349 1852 τὸν
3392 1798 3644 1869 φραγμὸν
3677 1800 3767 1850 αὑ-

2197 1895 2324 1964 τῆς,
2366 1892 2459 1945 καὶ
2509 1891 2817 1962 τρυγῶντες
2860 1890 3027 1962 αὐτὴν
3073 1890 3270 1953 πάντες
3304 1893 3351 1943 οἱ
3393 1890 3768 1962 παραπορευό-

2198 2003 2346 2056 μενοι
2378 1986 2476 2056 τὴν
2515 1984 2630 2038 ὁδόν
2651 2003 2665 2051 ;
2687 2004 2704 2036 ι
2744 1984 3079 2053 Ἐλυμήνατο
3131 1985 3298 2055 αὐτὴν
3330 1974 3392 2047 ὗς
3425 1984 3487 2035 ὲκ
3523 1980 3728 2053 δρυμοῦ
3749 1998 3762 2010 ·

2195 2079 2286 2131 κα)⁵
2336 2077 2453 2141 ὖνος
2505 2078 2694 2147 ἄγριος
2730 2077 3137 2147 κατενεμήσατο
3177 2074 3368 2145 αὐτήν.
3410 2069 3488 2125 Ἦ
3541 2072 3651 2142 γὰρ
3699 2072 3765 2124 τά

2196 2170 2506 2242 πολύτροπα
2531 2171 2619 2223 διά
2646 2169 2848 2223 τούτων
2880 2168 3135 2238 σημαίνει
3169 2167 3313 2237 πάθη
3344 2165 3433 2234 ὑφ’
3464 2160 3535 2218 ὧν
3568 2163 3767 2233 κεκράυ

2193 2282 2351 2334 τηται
2378 2264 2485 2317 τῶν
2518 2263 2781 2316 Ἰουδαίων
2809 2264 2836 2315 ὁ
2862 2262 2983 2325 νοῦς
3001 2278 3015 2291 ·
3040 2260 3259 2328 ἀλογίαν
3285 2260 3380 2329 μὲν
3409 2259 3506 2329 τὴν
3533 2256 3768 2326 ἐσχάτην

2194 2357 2285 2410 τοῦ
2316 2357 2437 2409 ὄνου
2488 2354 2869 2425 σημαίνοντος·
2900 2354 3095 2425 ἡδονήν
3117 2369 3180 2421 γε
3220 2350 3324 2421 μὴν
3370 2348 3461 2401 τοῦ
3497 2348 3610 2410 ὑός.
3646 2347 3769 2398 Ὀτι

2194 2446 2288 2503 οὖν
2320 2449 2539 2518 γέγονεν
2572 2447 2838 2509 εὐάλωτος
2876 2446 3037 2499 παντὶ
3067 2443 3145 2514 τῷ
3187 2440 3489 2511 καταδηοῦν
3534 2439 3769 2491 ἐθέλοντι

2195 2541 2353 2594 τοῦτο
2394 2540 2654 2605 διδάσκει,
2693 2538 2900 2607 λέγων’
2947 2538 3060 2591 Οὐκ
3101 2536 3247 2588 ἔστιν
3279 2536 3312 2604 ἢ
3347 2534 3444 2586 οὐκ
3477 2530 3770 2584 ἐπελάϐετο

2197 2634 2391 2705 αὐτῆς,
2418 2634 2479 2687 οὐ
2513 2632 2621 2703 γάρ
2651 2634 2765 2684 ἐστι
2802 2631 2919 2701 χεὶρ
2965 2630 3082 2700 ἦτοι
3128 2627 3373 2696 δύναμις,
3471 2622 3770 2691 ἀνθρώπων

2197 2728 2230 2797 ἢ
2276 2724 2527 2797 πονηρῶν
2569 2722 2892 2793 πνευματῶν
2941 2722 3061 2791 ἥτις
3100 2720 3200 2772 οὐκ
3244 2716 3536 2771 ἐπελάϐετο
3579 2713 3766 2781 αὐτῆς.

2210 2817 2370 2883 Ἀλλ’,
2393 2811 2437 2869 ὧ
2469 2816 2733 2881 Δέσποτα,
2762 2814 2896 2884 φαίη
2925 2830 3008 2875 τις
3040 2812 3103 2865 ἂν
3146 2812 3300 2873 ἴσως
3330 2809 3390 2860 οὐ
3423 2807 3531 2876 γὰρ
3571 2803 3773 2865 ἕσωζες

2199 2910 2275 2972 ὡς
2304 2909 2394 2961 σὸν
2431 2908 2557 2961 ὄντα
2590 2905 2737 2970 λαὸν,
2781 2905 2879 2957 οὐκ
2911 2902 3201 2973 ἐφρούρεις
3249 2898 3436 2967 αὐτὴν,
3469 2896 3561 2949 καὶ
3597 2897 3772 2962 τεῖχος

2197 2996 2340 3071 ἦσθα
2375 3001 2437 3052 τὸ
2469 2997 2763 3060 παναλκές.
2797 2995 2924 3059 Ναὶ,
2978 2996 3131 3064 φησὶ,
3185 2988 3547 3061 πεφρούρηκά
3582 3004 3641 3038 τε
3679 2986 3772 3037 καὶ

2202 3092 2576 3165 περιϐέϐληκα
2620 3093 2686 3162 τῇ
2729 3090 2856 3159 παρ’
2885 3085 3123 3158 ἐμαυτοῦ
3154 3082 3333 3157 χάριτί
3372 3100 3431 3135 τε
3474 3082 3567 3134 καὶ
3597 3077 3774 3132 εὐσθε-

539 3192 665 3234 tunc
708 3194 830 3233 cum
877 3177 1009 3248 legis
1043 3179 1276 3233 fructum
1316 3176 1557 3231 haberet.
1608 3177 1678 3229 At
1718 3192 1863 3238 vero,
1900 3177 2097 3245 inquit,

2209 3188 2356 3256 νεία’
2386 3184 2500 3239 ἀλλ’
2549 3180 2617 3255 ἦν
2664 3184 2958 3251 ἀναγκαῖον
3009 3177 3361 3249 φρουρεῖσθαι
3390 3175 3511 3228 τότε
3566 3170 3773 3243 καρπὸν

535 3285 659 3325 cum
689 3285 753 3325 eo
784 3270 1117 3337 infelicitatis
1150 3270 1379 3324 deducta
1417 3279 1580 3334 esset,
1617 3284 1680 3322 eo
1716 3268 1983 3337 spirituali
2022 3268 2104 3323 la-

536 3363 684 3418 boris
726 3363 851 3418 odio
901 3334 1201 3429 laboraret,
1244 3371 1301 3415 ut
1343 3362 1544 3415 nullum
1596 3361 1813 3415 virtutis
1868 3362 2103 3417 fructum

536 3453 741 3517 ederet,
802 3453 1185 3523 videreturque
1233 3451 1443 3522 stipulze
1486 3453 1629 3506 inani
1665 3465 1719 3508 et
1756 3455 2105 3509 infructuosae

540 3544 730 3600 similis
752 3558 766 3598 :
790 3545 910 3614 quis
942 3562 1025 3601 me
1049 3549 1341 3601 constituet
1368 3557 1425 3601 ut
1448 3549 1753 3602 custodiam
1796 3565 1914 3602 eam
1934 3548 1956 3602 ?
1976 3549 2104 3614 Qua:

537 3637 682 3690 enim
709 3645 791 3690 est
825 3652 890 3692 ex
928 3637 1027 3691 hac
1054 3653 1167 3692 mea
1200 3639 1489 3693 securitate
1516 3648 1569 3693 et
1603 3641 1845 3694 custodia
1876 3641 2104 3704 utilitas,

541 3730 585 3782 si
633 3729 788 3783 bonis
847 3729 1112 3784 fructibus
1169 3746 1334 3785 vacua
1388 3732 1588 3786 fuerit?
1636 3733 1766 3799 Quis
1824 3733 1955 3786 mihi
2005 3733 2109 3788 hoc

541 3822 1055 3891 persuadebitilloc
1082 3824 1223 3878 enim
1251 3826 1492 3891 denotat,
1532 3843 1550 3875 ι
1591 3826 1947 3891 Constituere,
1984 3844 2003 3877 ι
2041 3827 2108 3881 ad

544 3913 956 3969 custodiendum
1003 3915 1254 3983 stipulam
1292 3915 1343 3968 in
1380 3931 1528 3984 agro.
1583 3916 1686 3970 Sed
1732 3917 2002 3987 quomodo
2044 3932 2111 3972 eo

546 4003 874 4057 infelicitatis
915 4004 1151 4069 devenit,
1196 4004 1460 4058 rationem
1512 4006 1713 4071 reddit,
1762 4022 1883 4059 cum
1932 4006 2108 4061 dicit:

545 4095 772 4164 Propter
817 4096 957 4149 hanc
1009 4096 1256 4149 hostilem
1315 4097 1584 4163 regionem
1645 4098 1920 4165 repudiavi
1966 4112 2108 4152 eam.

542 4185 946 4242 Commonstrat
973 4187 1057 4243 his
1082 4188 1258 4242 verbis
1286 4197 1488 4241 tantum
1520 4196 1574 4243 et
1600 4187 1765 4256 digito
1786 4187 2110 4243 Jerusalem.

546 4280 871 4349 Postquam,
937 4281 1140 4350 inquit,
1196 4282 1326 4336 mihi
1398 4280 1537 4336 facta
1592 4291 1675 4336 est
1738 4281 2112 4347 infestissima,

546 4381 828 4441 propterea
882 4382 936 4428 ct
983 4374 1196 4442 quidem
1252 4373 1555 4442 justissime
1606 4372 1753 4428 illam
1811 4374 2113 4444 repudiavi.

546 4464 661 4519 Non
701 4467 845 4519 enim
881 4465 1040 4531 aliam
1096 4466 1345 4522 hostilem
1380 4480 1501 4522 esse
1546 4465 1679 4521 dicit
1723 4465 1847 4531 hic,
1897 4481 2110 4520 rursum

2206 3281 2396 3351 ἔχοντα
2422 3279 2512 3332 τὸν
2547 3279 2610 3330 ὲκ
2641 3278 2828 3346 νόμου.
2866 3273 3082 3344 Ἐπειδὴ
3106 3272 3161 3325 δὲ
3190 3271 3375 3323 λοιπὸν
3407 3262 3771 3335 κατεκομίσθη

2207 3374 2284 3434 εἰς
2309 3372 2482 3434 τοῦτο,
2511 3370 2693 3439 φησὶν,
2723 3368 3058 3437 ἀθλιότητος,
3077 3366 3169 3418 καὶ
3190 3361 3508 3432 ἀφιλεργίας
3539 3372 3775 3426 πνευμα-

2206 3466 2382 3534 τικῆς,
2413 3462 2487 3523 ὡς
2516 3461 2724 3531 καρπὸν
2753 3458 2894 3531 ὴειν
2936 3459 3026 3511 τὸν
3056 3456 3115 3521 ἐξ
3160 3455 3357 3526 ἀρετῆς
3386 3452 3605 3505 οὐδένα·
3631 3449 3776 3502 ἔοικε

2206 3555 2262 3607 δὲ
2287 3556 2504 3626 καλάμῃ
2529 3553 2655 3624 ψιλῇ
2685 3555 2775 3606 καὶ
2800 3551 3034 3623 ἀκάρπῳ
3053 3567 3066 3581 ·
3099 3547 3180 3611 τίς
3213 3564 3279 3616 με
3306 3546 3459 3615 θήσει
3486 3542 3778 3612 φυλάσσειν

2207 3648 2402 3712 adadv;
2448 3648 2604 3699 Ποῖον
2636 3647 2743 3714 γάρ
2783 3635 2991 3696 ἐστι’τὸ
3023 3643 3087 3693 ἐκ
3114 3642 3213 3708 τῆς
3243 3634 3540 3703 ἀσφαλείας
3570 3631 3778 3699 ὄφελος,

2209 3743 2257 3794 εί
2289 3740 2514 3809 καρπῶν
2538 3740 2715 3808 ἐρήμη
2746 3736 2964 3803 γέγονεν
2990 3730 3243 3800 ἀγαθῶν;
3275 3728 3353 3790 τίς
3382 3723 3474 3780 οὖν
3500 3722 3783 3777 ἀναπείσει

2214 3851 2302 3905 με;
2329 3832 2496 3886 Τοῦτο
2517 3830 2623 3901 γάρ
2640 3829 2700 3882 τὸ
2723 3828 2943 3897 «Θὴσειι
2965 3825 3112 3895 δηλοῖ
3134 3821 3424 3892 φυλάσσειν
3453 3816 3702 3886 καλάμην
3726 3814 3783 3865 ἐν

2210 3926 2387 3996 ἀγρῷ.
2424 3922 2583 3975 Ἀλλὰ
2615 3921 2723 3992 γὰρ
2762 3919 2878 3982 πῶς
2915 3919 2994 3981 είς
3020 3915 3178 3969 τοῦτο
3220 3910 3593 3981 ταλαιπωρίας
3631 3906 3785 3959 ἐκϐἐο

2212 4017 2381 4086 δηκεν
2417 4015 2765 4081 ἀπολογεῖται
2792 4010 2965 4078 λέγων
2987 4027 2998 4038 ·
3034 4005 3263 4077 Διά·τὴν
3293 4002 3555 4072 πολεμίαν
3582 3999 3785 4069 ταύτην

2212 4107 2453 4177 ἡθέτηκα
2496 4104 2688 4173 αὐτήν.
2719 4099 3149 4153 Καταδείκνυσιν
3176 4100 3234 4150 ὲν
3264 4094 3471 4155 τούτοις
3510 4089 3786 4161 μονονουχὶ

2214 4199 2306 4251 καὶ
2332 4195 2577 4263 δακτύλῳ
2609 4192 2706 4263 τὴν
2741 4189 3111 4260 Ἰερουσαλήμ.
3144 4188 3253 4239 Καὶ
3283 4184 3599 4254 ἐπειδήπερ,
3632 4181 3785 4249 φησὶ,

2214 4288 2404 4356 γέγονέ
2434 4304 2521 4357 μοι
2553 4282 2954 4353 πολεμιωτάτη,
2984 4278 3239 4349 ταύτῃτοι
3269 4277 3361 4329 καὶ
3396 4273 3539 4345 μάλα
3565 4271 3788 4331 εἰκότως

2215 4380 2455 4449 ἠθέτηκα
2502 4377 2692 4445 αὐτήν.
2743 4374 2854 4443 Οὐχ
2908 4372 3099 4443 ἑτέραν
3150 4369 3329 4421 τοίνυν
3404 4364 3662 4434 πολεμίαν
3730 4363 3789 4412 ἐν

2220 4471 2396 4542 ἐαυτῷ
2444 4468 2716 4538 γενέσθαι,
2751 4467 2934 4537 φησὶν,
2970 4462 3231 4533 ἀθετῆσαί
3278 4478 3338 4513 τε
3374 4460 3534 4513 πάλιν
3574 4456 3785 4526 ἑτέραν,

546 4555 706 4610 aliam
736 4570 794 4610 se
824 4556 1154 4625 repudiasse,
1184 4558 1275 4611 sed
1312 4559 1554 4612 eamdem
1585 4557 1762 4626 potius
1791 4556 2101 4623 Jerusalem,

2218 4533 2383 4634 αὐτὴν
2417 4533 2473 4617 δὲ
2505 4560 2701 4633 μᾶλλον
2738 4533 2835 4629 τὴν
2869 4554 3240 4627 Ἰερουσαλὴμ,
3268 4553 3343 4616 ὡς
3378 4548 3642 4619 πολεμίαν
3686 4564 3787 4599 κα·-

547 4658 685 4703 etut
716 4649 967 4703 hostilem
1004 4648 1361 4713 demonstrat,
1388 4658 1442 4703 et
1482 4649 1797 4718 repudiasse
1837 4648 1986 4714 dicit,
2019 4652 2115 4702 de-

544 4742 745 4809 jectam
774 4741 1028 4795 videlicet
1059 4742 1328 4810 spirituali
1364 4757 1486 4795 cum
1515 4741 1631 4809 ipso
1662 4742 1944 4797 societate.
1972 4742 2119 4796 Dixit

548 4835 689 4888 enim
733 4836 780 4888 ei
820 4851 834 4887 :
881 4852 899 4885 ι
953 4833 1175 4900 Quoties
1216 4834 1356 4888 volui
1403 4849 1735 4905 congregare
1788 4835 1925 4889 ﬁlios
1974 4847 2116 4899 tuos,

549 4925 1003 4993 quemadmodum
1053 4924 1250 4994 gallina
1296 4934 1587 4995 congregat
1633 4923 1806 4991 pullos
1851 4940 1979 4980 suos
2019 4925 2119 4979 sub

548 5018 678 5081 alis,
716 5028 766 5072 et
818 5017 1102 5071 noluistis?
1151 5016 1291 5071 Ecce
1348 5016 1671 5086 relinquitur
1725 5017 1876 5071 vobis
1928 5018 2117 5071 domus

550 5120 728 5162 vestra
766 5106 982 5163 deserta
1006 5108 1092 5160 η’.
1107 5127 1125 5159 ι

620 5201 787 5255 Vens.
819 5202 872 5255 5.
916 5200 1141 5269 PrOpter
1172 5201 1267 5254 Itoc
1308 5202 1473 5269 igitur
1517 5202 1636 5270 fecit
1681 5201 1937 5257 Dominus
1979 5203 2118 5257 Deus

551 5294 724 5344 omnia
757 5309 1076 5362 quiscunque
1107 5294 1390 5346 ordinavit.
1420 5291 1701 5348 Combusta
1737 5310 1873 5361 sum,
1915 5295 2116 5349 clama-

553 5383 675 5435 bunt
707 5400 881 5438 omnes
909 5385 1205 5439 habitantes
1237 5387 1292 5438 in
1327 5402 1408 5440 ea.

622 5473 757 5528 Cum
789 5478 955 5543 enim,
987 5479 1180 5548 inquit,
1212 5478 1421 5535 hostilis
1449 5480 1588 5537 facta
1623 5481 1716 5546 sit,
1750 5493 1803 5537 et
1831 5499 2122 5541 conserva~

554 5564 661 5618 tori
709 5568 987 5633 restiterit,
1032 5578 1087 5623 et
1125 5571 1340 5626 voeanti
1390 5576 1456 5627 ad
1502 5574 1666 5628 vitam
1709 5575 1854 5629 velut
1898 5576 2117 5635 inimico

556 5654 754 5715 bellum
798 5661 1062 5732 intuleiit,
1095 5677 1377 5739 propterea
1415 5671 1593 5724 omnia
1635 5685 1967 5739 quaecunque
2023 5686 2113 5724 or-

631 5837 836 5897 "Psal.
871 5859 1132 5910 muttit,
1164 5846 1253 5913 41,
1296 5845 1383 5901 42.

1460 5846 1527 5879 ’⁸⁸
1559 5845 1746 5904 Matth.
1776 5862 1933 5914 xxm,
1965 5847 2053 5911 57,
2092 5845 2181 5901 38.

2214 4657 2555 4716 ταδείκνυσι,
2606 4654 2698 4706 καὶ
2747 4648 3054 4720 ὴθετεῖσθαί
3108 4662 3299 4716 φησιν,
3352 4639 3790 4711 ἀποϐεϐλημένος

2214 4748 2454 4821 δηλονότι
2495 4747 2595 4815 τῆς
2634 4744 2769 4814 πρὸς
2815 4741 2974 4796 αὑτὸν
3029 4738 3357 4806 οἰκειότητος
3392 4733 3785 4805 πνευματικῆς.

2220 4845 2363 4913 Ἔφη
2424 4839 2533 4911 γὰρ
2585 4837 2719 4908 πρὸς
2746 4835 2947 4904 αὐτήν-
2991 4829 3254 4891 «Ποσάκις
3283 4826 3524 4896 ἠθέλησα
3571 4827 3788 4876 ἐπισυν-

2218 4934 2445 5001 αγαγεῖν
2473 4930 2542 4982 τὰ
2583 4929 2750 4981 τέκνα
2785 4942 2897 4989 σου,
2940 4923 2996 4975 ὃν
3037 4920 3237 4988 τρόπον
3279 4917 3425 4987 ὅρνις
3472 4914 3791 4980 ἐπισυνάγει

2223 5025 2291 5077 τὰ
2323 5023 2510 5075 νοσσία
2548 5019 2716 5087 αὐτῆς
2752 5018 2855 5070 ὑπὸ
2883 5016 2979 5079 τὰς
3013 5016 3305 5085 πτέρυγας,
3336 5017 3429 5068 καὶ
3462 5015 3561 5066 οὐκ
3592 5011 3792 5081 ἠθελὴ-

2226 5133 2373 5169 σατε.
2414 5114 2543 5167 Ἰδοὺ
2575 5112 2790 5181 ἀφίεται
2816 5111 2941 5179 ὑμῖν
2972 5110 2999 5160 ὁ
3027 5106 3171 5170 οἶκος
3200 5108 3227 5158 ὑ
3238 5107 3352 5176 μῶν
3381 5107 3602 5175 ἕρημος.
3628 5125 3645 5155 ι

2300 5208 2508 5261 Τοίνυν
2534 5205 2628 5257 διὰ
2653 5203 2826 5256 τοῦτο
2854 5201 3101 5267 ἐποίησε
3131 5200 3339 5266 Κύριος
3366 5202 3398 5251 ό
3426 5198 3559 5262 Θεὸς
3598 5195 3794 5248 πάντα

2223 5303 2340 5356 ὅσα
2370 5296 2685 5361 συνέταξε.
2714 5293 3183 5362 Κατακέκαυμιιι,
3204 5291 3538 5360 βοήσονται
3569 5287 3793 5350 πάντες

2226 5399 2279 5448 οἱ
2310 5391 2723 5455 κατοικοῦντες
2750 5388 2819 5441 ἐν
2851 5387 3024 5453 αὐτῇ.

2306 5486 2520 5554 Ἐπειδὴ
2552 5484 2658 5554 γὰρ
2698 5482 2885 5550 γέγονε
2922 5480 3182 5550 πολεμία,
3232 5478 3384 5546 φησὶ,
3426 5474 3517 5527 καὶ
3559 5471 3787 5539 ἀντέστη

2222 5580 2299 5651 τῷ
2324 5578 2567 5643 σῶζοντι,
2602 5578 2692 5630 καὶ
2721 5572 3105 5643 πεπολέμηκεν
3134 5572 3207 5634 ὡς
3238 5567 3414 5640 ἐχθρῷ
3437 5565 3515 5636 τῷ
3539 5562 3792 5617 καλοῦντι

2226 5671 2360 5742 πρὸς
2413 5671 2575 5741 ζωὴν,
2622 5667 2709 5720 διὰ
2757 5666 2910 5719 τοῦτο
2949 5665 3123 5718 πάντα
3174 5663 3271 5715 ὅσα
3326 5657 3609 5723 συνέταξε,
3646 5654 3775 5709 τοῦν
