4054 6376
290 422 428 478 1355

1407 419 1473 475 ΙΝ
1506 419 1733 476 ΙΞΑΙΑΜ
1770 418 1894 473 LIB.
1934 418 1996 474 ν.
2040 420 2277 479 TOMUS
2313 422 2378 479 γ.

3395 424 3534 480 1354

286 534 478 598 δεκτὸς
515 532 613 605 μὲν
642 532 905 597 ἐνιαυτὸς,
935 532 1057 587 καθ’
1089 532 1147 587 δν
1173 532 1492 604 ἐσταυρώθη
1527 532 1665 603 ὑπὲρ
1698 530 1855 603 ήμῶν

1976 530 2231 587 Ξιίιθτιιηι
2265 554 2277 588 :
2314 553 2332 586 ι
2370 535 2592 602 Quando
2622 536 2687 591 de
2723 547 2864 590 terra
2893 539 3159 591 exaltatus
3190 536 3362 601 fuero,
3411 545 3529 593 om"

289 628 545 700 Χριστός.
594 626 784 680 Δεκτοὶ
811 626 919 697 γάρ
955 626 1076 679 τότε
1121 626 1423 696 γεγόναμεν
1471 625 1547 695 τῷ
1596 625 1716 695 Θεῷ
1765 625 1860 677 καὶ

290 720 490 791 Πατρὶ,
544 719 638 773 καὶ
690 716 1200 788 καρποφορηθέντες
1228 715 1295 770 δι’
1328 714 1514 781 αὐτοῦ,
1558 717 1653 769 καὶ
1703 714 1861 768 τοῦτο

289 810 452 873 αὐτὸς
503 809 653 879 ἡμᾶς
680 807 939 871 ἐδίδαξεν,
967 804 1169 871 είπὼν,
1228 826 1245 857 ι
1301 805 1492 877 Ἀμὴν,
1543 806 1690 876 ἀμὴν
1715 803 1861 873 λέγω

290 901 440 971 ὑμῖν,
462 900 560 954 ὲάν
600 900 676 971 μὴ
704 902 732 954 ό
758 901 955 962 κόκκος
983 899 1075 952 τοῦ
1112 899 1261 952 σίτου
1312 898 1495 952 πεσὼν
1533 899 1613 961 είς
1641 899 1738 964 τὴν
1758 899 1861 968 γῆν

290 995 557 1068 ἀποθάνῃ,
580 992 744 1056 αὐτὸς
773 992 930 1063 μόνος
954 991 1123 1062 μένειο
1162 989 1257 1043 έάν
1279 990 1337 1043 δὲ
1366 989 1633 1060 ἀποθάνῃ,
1653 990 1861 1059 καρπὸν

292 1085 511 1139 πλείονα
544 1084 722 1155 φέρει.
757 1102 776 1135 ι
824 1082 933 1135 Καὶ
957 1081 1138 1145 πάλιν,
1180 1099 1197 1132 ι
1231 1083 1397 1135 Ὅταν
1426 1081 1625 1151 ὑψωθῶ
1654 1082 1717 1133 ὲκ
1762 1081 1862 1151 τῆς

291 1180 417 1249 γῆς,
472 1178 681 1242 πάντας
743 1176 954 1230 ἑλκύσω
1010 1175 1148 1247 πρὸς
1212 1176 1473 1247 ἐμαυτόν.
1514 1194 1535 1229 ι
1596 1175 1704 1228 Καὶ
1732 1174 1862 1243 γοῦν

292 1270 493 1325 ἀνεϐίω
543 1271 838 1341 τριήμερος
889 1271 1132 1339 πατήσας
1149 1266 1244 1320 τοῦ
1282 1266 1513 1320 θανάτου
1544 1266 1605 1318 τὸ
1638 1265 1857 1335 κράτος.

294 1360 429 1418 Εἶτα
487 1364 601 1426 τοϊς
669 1362 845 1431 ἁγίοις
916 1360 1186 1432 μαθηταῖς
1249 1358 1619 1430 προσεφώνει.
1664 1357 1858 1425 λέγων·

300 1475 320 1508 ι
361 1455 546 1526 Ἐδόθη
578 1472 669 1525 μοι
712 1455 863 1507 πᾶσα
919 1453 1133 1518 ἐξουσία
1159 1454 1215 1505 ὲν
1242 1452 1455 1522 οὐρανῷ
1495 1452 1589 1504 καλ⁵
1616 1452 1708 1505 ἐπὶ
1735 1451 1857 1521 γῆς·

294 1547 652 1620 πορευθέντες
682 1545 1051 1616 μαθητεύσατε
1069 1545 1247 1599 πάντα
1262 1544 1329 1598 τά
1348 1544 1494 1615 ἔθνη,
1515 1544 1863 1615 βαπτίζοντες

296 1636 492 1700 αὐτοὺς
518 1637 599 1699 εἰς
628 1635 689 1688 τὸ
715 1635 884 1706 δνομα
908 1635 1002 1688 τοῦ
1030 1636 1261 1704 Πατρὸς,
1294 1635 1389 1688 καὶ
1442 1634 1534 1688 τοῦ
1560 1633 1712 1700 Υίοῦ,
1768 1634 1863 1687 καὶ

294 1727 388 1781 τοῦ
423 1728 579 1796 ἁγίου
606 1725 942 1797 Πνεύματος.
982 1745 1000 1777 ι
1031 1727 1226 1789 Δεκτδς
1248 1722 1341 1780 οὖν
1392 1726 1630 1788 ἐνιαυτὸς
1655 1725 1861 1789 ἐκεῖνός

294 1836 399 1872 που
430 1820 666 1883 πάντως,
697 1819 818 1873 καθ’
847 1820 907 1873 ὃν
954 1819 1339 1890 εἰσεδέχθημεν
1390 1818 1488 1889 τὴν
1538 1818 1674 1889 πρὸς
1700 1816 1861 1872 αὑτὸν

295 1910 552 1981 λαχόντες
570 1910 865 1975 οἱκείωσιν,
901 1911 1291 1981 ἀπονιψάμενοι
1329 1910 1427 1982 τὴν
1484 1910 1757 1981 ἁμαρτίαν
1778 1910 1869 1963 διὰ

296 2003 391 2056 τοῦ
419 2003 573 2072 ἁγίου
604 2002 996 2073 βαπτίσματος,
1025 2004 1119 2056 καὶ
1144 2003 1244 2073 τῆς
1281 2002 1427 2066 θείας
1460 2001 1623 2055 αὑτοῦ
1655 2001 1868 2070 φύσεως

298 2094 578 2165 γενόμενοι
603 2092 848 2146 κοινωνοὶ
876 2092 964 2146 διὰ
988 2094 1218 2164 μετοχῆς
1236 2093 1329 2147 τοῦ
1352 2095 1505 2163 ἁγίου
1533 2094 1671 2147 Πνεύ
1680 2112 1866 2165 ματος.

301 2186 510 2254 Ἥγουν
541 2184 727 2247 δεκτὸς
770 2184 1036 2247 ἐνιαυτὸς,
1090 2185 1211 2238 καθ’
1262 2184 1321 2237 δν
1379 2185 1731 2256 πεφανέρωκε
1771 2185 1869 2255 τὴν

202 2352 203 2355 η
295 2279 457 2345 δόξαν
491 2277 657 2331 αὑτοῦ
684 2277 772 2331 διά
796 2278 895 2347 τῆς
947 2277 1089 2349 ὑπὲρ
1120 2278 1277 2347 λόγον
1306 2277 1648 2349 θεοσημείας·
1690 2278 1872 2343 ἐδεξάη

302 2369 444 2441 μεθα
470 2369 577 2439 γὰρ
632 2368 885 2439 ἁσμένως
928 2365 1021 2420 τὸν
1058 2368 1157 2439 τῆς
1205 2369 1333 2439 παρ’
1385 2368 1548 2422 αὑτοῦ
1600 2369 1871 2440 σωτηρίας

299 2462 507 2535 καιρὸν,
537 2462 596 2515 ὃν
628 2460 693 2532 δὴ
722 2462 817 2515 καὶ
845 2463 874 2515 ό
901 2461 1178 2531 πάνσοφος
1204 2460 1418 2526 Παῦλος
1445 2463 1871 2534 καταμεμήνυκε

300 2552 497 2621 λέγων·
550 2570 570 2603 ι
608 2552 741 2605 Ἰδοὺ
787 2551 881 2604 νῦν
931 2550 1119 2620 καιρὸς
1170 2551 1584 2622 εὐπρόσδεκτος,
1638 2553 1745 2606 ἰδοὺ
1778 2551 1875 2605 νῦν

299 2643 483 2713 ἡμέρα
528 2640 824 2712 σωτηρίας.
858 2659 878 2693 ι
925 2640 1137 2711 ἡμέραν
1192 2658 1255 2709 γε
1312 2642 1417 2713 μὴν
1472 2642 1876 2705 ἀνταποδόσεως

302 2729 443 2786 εἷναί
473 2749 651 2803 φαμεν
684 2732 837 2785 οὐδὲν
887 2726 1048 2803 ἦττον
1092 2731 1252 2786 αὑτὸν
1283 2732 1376 2784 τὸν
1426 2734 1526 2802 τῆς
1582 2732 1876 2802 ἐπιδημίας

302 2826 515 2897 καιρὸν,
565 2824 688 2878 καθ’
735 2824 795 2877 ὃν
834 2826 868 2895 ή
906 2826 1262 2889 ἁνταπόδοσις
1307 2824 1514 2879 δέδοται
1562 2828 1689 2895 παρ’
1710 2824 1876 2879 αὑτοῦ

300 2917 413 2977 τοῖς
439 2915 794 2968 πιστεύσασιν
828 2918 908 2979 είς
941 2916 1104 2970 αὑτὸν
1136 2916 1226 2969 διὰ
1249 2916 1349 2987 τῇς
1379 2920 1435 2970 ἐν
1469 2916 1681 2970 ἐλπίσιν
1705 2917 1878 2985 ἐπαγ-

302 3002 511 3072 γελίας·
535 2998 644 3056 οἷον
674 3004 733 3057 δὲ
753 3004 816 3077 δή
846 3022 901 3058 τι
936 3007 1098 3076 φημϋ
1140 3007 1203 3059 Ἦ
1233 3006 1375 3060 κατὰ
1400 3007 1491 3061 τὸν
1519 3007 1763 3071 Μωσέως
1792 3006 1879 3059 v6-

306 3112 408 3166 μον
428 3096 666 3149 πολιτεία
689 3098 1053 3168 ἐπαινουμένη
1072 3098 1324 3169 πρόξενος
1344 3094 1412 3169 ἦν
1426 3101 1535 3160 τοῖς
1560 3100 1880 3170 ἀμωμήτως

1967 639 2064 677 nes
2083 625 2290 679 traham
2318 626 2382 680 ad
2406 627 2669 695 meipsum
2695 627 2759 679 “.
2779 647 2796 677 ι
2831 626 3107 695 Siquidem
3141 629 3338 683 revixit
3369 632 3529 685 tertio

1967 715 2073 781 die,
2109 715 2316 770 calcato
2361 718 2550 771 mortis
2597 717 2841 786 imperio.
2896 715 3098 771 Deinde
3151 726 3367 773 sanctos
3420 720 3529 774 dis-

1968 806 2175 877 cipulos
2208 808 2469 863 allocutus
2516 809 2590 862 ait
2632 828 2645 863 :
2688 826 2705 859 ι
2748 807 2878 879 Data
2913 816 2995 863 est
3046 807 3174 863 tnihi
3217 810 3393 864 omnis
3443 827 3531 879 po-

1967 909 2135 954 testas
2168 899 2218 953 in
2247 900 2383 955 cmlo
2412 909 2467 955 et
2496 901 2546 955 in
2583 911 2748 955 terra.
2782 878 2880 965 lle:
2913 904 3100 956 docete
3120 918 3305 956 omnes
3321 914 3528 973 gentes,

1966 989 2300 1059 baptizantes
2328 1008 2420 1047 eos
2444 992 2495 1047 in
2535 1010 2726 1047 nomen
2766 991 2962 1056 Patris,
2997 1004 3051 1048 et
3083 992 3229 1058 Filii,
3264 1005 3318 1048 et
3361 994 3531 1062 Spiri-

1969 1090 2055 1136 tus
2095 1084 2267 1137 sancti
2310 1082 2375 1135 “.
2413 1103 2431 1135 ι
2473 1084 2739 1153 Acceptus
2770 1099 2854 1139 est
2890 1085 3050 1154 igitur
3097 1087 3315 1139 omnino
3361 1101 3534 1142 anuus

1971 1174 2078 1240 ille,
2105 1190 2214 1245 quo
2263 1176 2484 1231 admissi
2545 1193 2750 1244 smnus,
2806 1178 2981 1247 adepti
3040 1179 3352 1233 sacietatem
3408 1194 3531 1232 cum

1969 1264 2105 1333 ipso,
2135 1266 2316 1320 abluto
2341 1274 2685 1336 peccato-per
2719 1276 2962 1321 sanctum
2994 1267 3280 1334 baptisma,
3309 1275 3363 1321 ct
3397 1269 3533 1321 divi-

1968 1373 2049 1411 nas
2078 1356 2221 1410 illius
2270 1368 2475 1411 natura:
2521 1358 2649 1412 facti
2704 1358 2996 1429 participes
3045 1360 3533 1415 communicatione

1968 1449 2137 1501 sancti
2169 1446 2419 1516 Spiritus.
2451 1449 2542 1505 Vel
2570 1466 2740 1505 annus
2772 1460 3025 1519 acceptus
3068 1462 3172 1514 est,
3216 1467 3322 1520 quo
3368 1452 3533 1505 mani-

1968 1540 2183 1594 festavit
2213 1540 2437 1609 gloriam
2472 1557 2621 1596 suam
2675 1543 2931 1598 miraculo
2978 1542 3253 1599 ineﬂabili.
3282 1543 3536 1598 Libenter

1968 1631 2109 1685 enim
2159 1631 2484 1701 arripuimus
2537 1632 2726 1688 salutis
2765 1649 2860 1704 per
2895 1634 3067 1702 ipsum
3115 1643 3352 1705 tempus,
3392 1635 3532 1704 quod

1967 1723 2397 1791 sapientissimus
2453 1724 2778 1795 signiﬁcavit
2808 1724 3027 1791 Paulus,
3072 1728 3256 1783 dicens
3288 1744 3305 1783 :
3348 1747 3366 1779 ι
3398 1730 3533 1782 Ecce

1970 1830 2111 1886 nunc
2141 1825 2350 1886 tempus
2376 1818 2720 1886 acceptabile,
2740 1833 2866 1873 ecce
2887 1834 3029 1873 nunc
3056 1818 3172 1873 dies
3198 1818 3386 1873 salutis
3411 1818 3475 1871 ⁸⁷.
3511 1838 3531 1871 ι

1901 1885 2367 1964 Βιὶέιτὶὺυιίοιιῑε
2417 1909 2560 1963 diem
2617 1923 2738 1964 esse
2791 1908 2956 1964 nihilo
3017 1910 3193 1964 serius
3269 1910 3534 1976 dicimus,

1976 2001 2152 2071 ipsum
2185 2003 2448 2055 adventus
2478 2011 2705 2071 tempus,
2734 2016 2841 2069 quo
2884 2002 3168 2057 retributio
3205 2001 3324 2055 data
3357 2012 3438 2057 est
3469 2002 3537 2057 ab

1974 2092 2092 2163 ipso
2119 2094 2462 2147 credentibus
2512 2094 2562 2145 in
2610 2093 2808 2162 ipsum,
2848 2108 2915 2147 ex
2970 2093 3326 2163 promissione
3376 2107 3559 2167 quam

1971 2199 2096 2254 spes
2123 2184 2481 2254 amplectitur.
2526 2183 2677 2251 Quod
2719 2185 2859 2247 dico,
2905 2184 2978 2239 ita
3025 2199 3085 2238 se
3151 2185 3350 2239 habet:
3380 2182 3538 2254 Legis

1972 2275 2222 2331 Mosaicm
2250 2276 2434 2345 politia
2468 2276 2703 2343 laudata,
2752 2286 2898 2330 recte
2941 2285 2995 2331 et
3042 2273 3313 2342 inculpate
3360 2273 3540 2329 facere

1973 2368 2301 2431 volentibus,
2354 2366 2625 2422 felicitatis
2676 2366 2955 2437 praesentis
3002 2364 3335 2419 conciliatrix
3385 2375 3538 2430 erat;

1973 2459 2415 2529 pollicitationem
2448 2474 2577 2513 vero
2609 2459 2872 2512 bonorum
2905 2455 3209 2510 futurorum
3235 2455 3539 2523 adiunctam

1975 2566 2081 2605 non
2118 2550 2370 2616 habebat,
2404 2552 2497 2605 sed
2543 2549 2877 2603 solummodo
2930 2546 3337 2619 prosperitatem
3381 2545 3541 2615 hujus

1974 2643 2096 2696 vita:
2136 2643 2303 2713 860
2345 2642 2696 2711 praedicabat;
2738 2641 2959 2711 juliebat
3004 2642 3147 2695 enim
3190 2640 3463 2695 abstinere
3509 2656 3541 2694 a

1976 2733 2209 2796 delictis,
2241 2733 2545 2787 acclamans
2584 2748 2599 2785 :
2636 2751 2655 2783 ι
2690 2732 2764 2786 Ne
2796 2732 3047 2787 moriaris
3077 2731 3128 2786 in
3158 2739 3395 2799 tempore
3437 2745 3540 2783 non

1979 2834 2069 2878 tuo
2109 2824 2175 2879 ”.
2235 2843 2253 2875 ι
2306 2822 2517 2878 Liberis
2558 2835 2737 2877 autem
2771 2824 2989 2876 ait-bat:
3028 2840 3046 2872 ι
3082 2818 3302 2876 Honora
3334 2828 3542 2890 patrem

1977 2922 2126 2967 tuum
2154 2922 2207 2968 et
2239 2924 2464 2966 matrem
2490 2922 2655 2978 tuam,
2690 2922 2746 2965 ut
2774 2912 2908 2965 bene
2940 2911 3032 2964 tibi
3062 2911 3151 2977 sit,
3183 2921 3238 2965 et
3272 2911 3543 2979 Ιοιιεεονυε

1977 3004 2052 3060 sis
2078 3004 2129 3058 in
2166 3013 2309 3058 terra
2333 3004 2399 3058 δ’.
2445 3024 2463 3057 ι
2516 3004 2788 3058 Interdum
2830 3004 2993 3058 etiam
3038 3003 3389 3071 promittebat
3427 3000 3543 3055 fru-

1978 3108 2160 3153 ctuum
2186 3099 2505 3163 ubertatem,
2534 3108 2588 3151 et
2618 3097 2852 3165 quietem
2883 3110 2913 3149 a
2950 3093 3111 3163 bello,
3140 3110 3202 3148 ac
3236 3095 3387 3165 pacis
3430 3110 3545 3148 am-

302 3188 478 3260 αὐτὴν
508 3188 749 3242 ἐθέλουσι
775 3188 1073 3258 κατορθοῦν
1122 3190 1221 3259 τῆς
1249 3189 1482 3243 ἐνταῦθα
1528 3191 1833 3262 εὐπραγίας
1855 3233 1869 3257 ,

1981 3191 2320 3262 plitudlnem,
2354 3198 2407 3244 et
2443 3190 2564 3243 inde
2597 3188 2759 3242 animi
2794 3189 3258 3258 tranquillitatem.
3295 3187 3435 3240 Dixit
3480 3187 3547 3240 si-

306 3279 597 3349 ὓπόσχεσιν
631 3278 687 3332 δὲ
734 3277 912 3349 γερῶν
949 3278 1057 3331 τῷν
1103 3282 1184 3341 εἰς
1237 3279 1298 3331 τὸ
1358 3280 1548 3349 μέλλον
1590 3281 1689 3335 οὐκ
1735 3279 1868 3351 εἶχε.

305 3368 489 3438 Μόνης
514 3367 570 3421 δὲ
590 3369 730 3438 τάχα
755 3385 857 3421 που
883 3369 982 3437 τῆς
1002 3369 1143 3422 κατὰ
1162 3369 1311 3422 τόνδε
1331 3371 1422 3424 τὸν
1446 3370 1557 3441 βίον
1577 3372 1877 3444 εὐημερίας

304 3458 542 3511 ἐποιεῖτο
579 3463 820 3529 μνήμηνο
851 3459 1071 3512 ἐκέλευε
1095 3459 1196 3530 μὲν
1226 3460 1334 3532 γὰρ
1366 3462 1665 3531 ἀπέχεσθαι
1693 3463 1877 3534 πλημ-

312 3549 661 3620 μελημάτων,
718 3551 1029 3620 ἑπιφωνῷν,
1084 3552 1173 3605 ίνα
1222 3569 1240 3603 ι
1267 3552 1358 3622 Μὴ
1383 3552 1659 3625 ἀποθάνῃς
1717 3556 1775 3607 ὲν
1815 3556 1877 3607 οὐ

309 3642 486 3712 καιρῷ
516 3659 629 3698 σου.
663 3662 683 3695 ι
704 3643 1002 3713 Ἐπεφιὲηει
1034 3644 1090 3697 δὲ
1143 3646 1238 3699 καὶ
1281 3645 1524 3708 τέκνοις·
1571 3663 1593 3697 ι
1617 3646 1762 3715 Τίμα
1787 3646 1879 3700 τὸν

312 3732 522 3802 πατέρα
551 3750 645 3787 σου
678 3735 773 3787 καὶ
818 3733 918 3805 τὴν
976 3734 1209 3805 μητέρα,
1267 3735 1352 3788 ἵνα
1401 3732 1460 3788 εὖ
1516 3753 1597 3789 σοι
1629 3736 1877 3807 γένηται,

310 3824 408 3876 καὶ
434 3822 535 3896 ἔσῃ
564 3825 958 3895 μακροχρόνιος
992 3826 1084 3878 ἐπὶ
1132 3828 1228 3897 τῆς
1268 3828 1391 3897 γῆς.
1423 3846 1441 3879 ι
1486 3827 1882 3898 Ἐπηγγέλλετο

310 3914 368 3967 δὲ
409 3917 503 3968 καὶ
550 3917 778 3989 καρπῶν
828 3918 1109 3986 ἀφθονίαν,
1173 3918 1283 3971 ἐσθ’
1338 3920 1448 3983 ὅτε,
1502 3922 1594 3974 καὶ
1644 3920 1879 3991 πολέμου

316 4004 548 4070 παῦλαν,
597 4009 691 4060 καὶ
746 4011 970 4080 εἰρήνης
1017 4008 1237 4074 πλάτος,
1294 4010 1391 4063 καὶ
1437 4011 1537 4081 τὴν
1580 4013 1670 4064 ἐπ’
1714 4012 1882 4083 αὐτῆς

314 4099 601 4169 εὐθυμίαν.
638 4102 782 4170 Ἔφη
808 4101 941 4165 γοῦν
977 4102 1067 4155 διὰ
1101 4104 1281 4173 φωνῆς
1314 4104 1614 4175 Ζαχαρίου·
1660 4124 1676 4155 ι
1701 4108 1884 4160 Κατα-

315 4190 543 4261 κάρπως
581 4192 1036 4261 κατοικηθήσεται
1083 4191 1434 4263 Ἰερουσαλὴμ
1488 4193 1597 4247 ἀπὸ
1646 4194 1884 4265 πλήθους

315 4279 621 4351 ἀνθρώπων
672 4282 767 4334 aut
798 4280 1013 4352 κτηνῶν
1043 4281 1153 4334 τῶν
1178 4284 1238 4335 ὲν
1263 4281 1424 4354 αὐτῇ,
1452 4283 1547 4336 καὶ
1561 4282 1672 4352 ἐγὼ
1688 4283 1884 4355 ἔσομαι

317 4374 478 4445 αἰτῇ,
510 4374 656 4441 λέγει
686 4373 909 4445 Κύριος,
941 4374 1118 4443 τεῖχος
1146 4372 1316 4444 πυρὸς
1353 4373 1635 4439 κυκλόθεν,
1683 4377 1777 4431 καὶ
1806 4380 1886 4442 εις

315 4464 472 4529 δόξαν
515 4463 710 4533 ἔσομαι
751 4465 810 4515 ὲν
854 4464 1006 4535 μέσῳ
1055 4464 1244 4534 αὐτῆς,
1304 4484 1324 4516 ο
1353 4465 1461 4518 Καὶ
1492 4466 1670 4523 πάλιν·
1708 4487 1725 4520 ‹
1763 4470 1886 4523 Ἔτι

1978 3284 2195 3354 quidem
2222 3298 2353 3338 voce
2395 3281 2669 3337 Zacharia:
2706 3301 2720 3337 :
2761 3299 2778 3333 ι
2819 3280 3117 3336 Fructuose
3159 3280 3545 3335 inhabitabitur

1976 3373 2276 3429 Jerusalem
2310 3389 2339 3427 a
2376 3374 2717 3427 multitudine
2749 3372 3024 3426 hominum
3058 3381 3111 3426 et
3152 3371 3542 3439 iumentorum,

1978 3482 2099 3537 qua:
2123 3477 2257 3520 sunt
2283 3466 2334 3520 in
2364 3480 2447 3521 ea.
2476 3465 2543 3519 Et
2564 3480 2663 3535 ego
2687 3480 2783 3519 ero
2812 3463 2905 3527 illi,
2941 3463 3071 3517 dicit
3105 3461 3381 3525 Dominus,
3424 3479 3543 3515 llltl-

1977 3572 2071 3611 rus
2116 3557 2256 3627 ignis
2325 3556 2723 3621 circumcirca,
2789 3564 2844 3608 et
2890 3553 3057 3623 gloria
3121 3567 3215 3606 ero
3262 3553 3313 3606 in
3371 3552 3546 3605 medio

1979 3648 2095 3717 ejus
2121 3647 2188 3701 ⁸⁸.
2223 3666 2242 3700 ι
2279 3647 2343 3702 Et
2377 3648 2569 3700 iterum
2600 3665 2613 3700 :
2647 3665 2666 3697 ι
2718 3646 2907 3701 Adhuc
2940 3642 3201 3699 sedebunt
3229 3644 3470 3699 seniores
3492 3644 3543 3696 in

1978 3740 2170 3809 plateis
2193 3737 2516 3798 Jerusalem.
2561 3739 2789 3808 quisque
2834 3738 3038 3806 virgam
3069 3753 3221 3791 suam
3255 3737 3458 3791 habens
3490 3736 3543 3791 iu

1981 3846 2163 3897 manu,
2201 3846 2230 3884 a
2274 3832 2613 3885 multitudine
2669 3831 2897 3885 dierum.
2949 3826 3019 3883 Et
3070 3828 3258 3898 platea:
3308 3827 3547 3881 civitatis

1980 3924 2344 3992 implebuntur
2371 3924 2608 3994 puerulis
2629 3931 2682 3977 et
2716 3921 2907 3991 puellis
2940 3920 3245 3976 ludentibus
3275 3922 3326 3974 in
3354 3919 3547 3991 plateis

1980 4017 2097 4084 ejus
2115 4016 2182 4071 “.
2226 4034 2243 4068 ι
2289 4014 2690 4085 Temporariam
2724 4016 2902 4084 itaque
2932 4015 3273 4084 praemiorum
3319 4014 3547 4083 perfrui-

1979 4109 2180 4163 tionem
2211 4106 2442 4161 Mosaica
2481 4106 2561 4161 lex
2596 4107 2939 4178 promittebat
2973 4106 3277 4170 veteribus;
3329 4116 3383 4160 at
3406 4106 3546 4159 divi-

1981 4216 2049 4254 na
2075 4208 2128 4254 et
2160 4198 2419 4253 salutaris
2463 4199 2792 4267 praadicatio,
2843 4196 3225 4251 retributiones
3264 4195 3315 4249 in
3369 4194 3547 4249 futuro

1985 4302 2245 4362 tempore.
2282 4310 2301 4342 ι
2334 4290 2485 4345 Beati
2539 4292 2706 4354 enim,
2782 4289 2976 4358 inquit,
3022 4302 3285 4358 pauperes
3332 4288 3546 4357 spiritu,

1984 4384 2108 4453 quia
2136 4383 2372 4451 ipsorum
2408 4388 2490 4434 est
2522 4394 2741 4450 regnum
2776 4380 3039 4434 cmlorum
3069 4380 3135 4433 “.
3175 4397 3193 4431 ι
3229 4378 3316 4446 Ει,
3348 4380 3391 4433 si
3419 4394 3551 4433 con-

1985 4483 2271 4544 sequentes
2306 4471 2671 4526 beatitudines
2708 4471 2827 4539 quis
2854 4472 3109 4541 indagare
3155 4470 3280 4524 velit
3326 4470 3551 4542 diligen-

318 4553 629 4608 καθίσονται
654 4554 1011 4626 πρεσσὸτεροι
1039 4558 1098 4608 ὲν
1138 4559 1257 4619 ταῖς
1298 4556 1578 4622 πλατείαις
1620 4559 1874 4628 Ἱερουσα·

1990 4574 2093 4628 ter,
2147 4562 2532 4618 retributiones
2569 4574 2689 4630 quae
2726 4559 3003 4630 promissa:
3042 4571 3186 4624 sunt,
3234 4560 3467 4614 inveniet
3519 4576 3550 4613 α

318 4642 451 4713 λήμ.
488 4644 755 4708 Ἕκαστος
781 4645 881 4717 τὴν
923 4646 1117 4716 ῥάϐδον
1154 4647 1322 4702 αὐτοῦ
1360 4650 1419 4701 ὲν
1441 4652 1510 4720 τῇ
1567 4652 1711 4721 χειρὶ
1750 4651 1888 4721 ἔχων

317 4732 431 4786 ἀπὸ
460 4733 696 4805 πλήθους
730 4736 975 4807 ήμερῶν,
1026 4739 1120 4791 καὶ
1152 4741 1209 4792 αἱ
1234 4739 1482 4793 πλατεῖαι
1536 4742 1633 4813 τῆς
1680 4743 1889 4806 πόλεως

321 4824 721 4897 πλησθήσονται
749 4826 1049 4897 παιδαρίων
1083 4831 1178 4883 καὶ
1211 4834 1479 4902 κορασίων
1502 4832 1805 4898 παιζόντων
1831 4837 1890 4888 ὲν

320 4917 438 4980 ταῖς
463 4917 744 4981 πλατείαις
779 4917 971 4986 αὐτῆς.
1004 4937 1023 4969 υ
1058 4921 1415 4992 Προσκαίρων
1444 4920 1538 4977 οὖν
1564 4924 1672 4997 ἄρα
1711 4924 1889 4996 γερῶν

320 5007 615 5062 ἀπόλαυσιν
640 5010 672 5061 ό
698 5008 787 5064 διά
834 5012 1075 5075 Μωσέως
1103 5014 1265 5082 νόμος
1309 5013 1614 5085 ὑπισχνεῖτο
1641 5018 1753 5080 τοῖς
1781 5018 1886 5071 πά-

323 5103 433 5157 λαι·
470 5104 533 5156 τὸ
562 5104 619 5156 δὲ
653 5104 795 5158 θεῖον
844 5106 937 5158 καὶ
997 5108 1262 5177 σωτήριον
1292 5110 1553 5180 κήρυγμα
1580 5108 1679 5172 τὰς
1720 5114 1799 5174 εἰς
1824 5112 1884 5164 τδ

323 5196 513 5265 μέλλον
564 5196 966 5261 ἀνταποδόσεις
1004 5217 1026 5250 ι
1054 5200 1328 5271 Μακάριοι
1388 5205 1516 5274 γὰρ,
1576 5204 1769 5272 φησὶν,
1840 5208 1891 5259 οί

322 5289 524 5358 πτωχοὶ
581 5288 661 5359 τῷ
708 5290 1002 5360 πνεύματι,
1041 5293 1124 5345 ὅτι
1161 5292 1340 5345 αὐτῶν
1373 5294 1518 5345 ἐστιν
1554 5296 1589 5365 ή
1640 5294 1885 5364 βασιλεία

319 5376 428 5429 τῶν
458 5379 724 5449 οὐρανῶν·
762 5400 781 5432 ο
833 5383 930 5434 καὶ
975 5384 1103 5445 τοὺς
1152 5382 1349 5453 ἐφεξῆς
1386 5384 1668 5451 κειμένους
1715 5403 1890 5456 μακα-

324 5472 551 5539 ρισμοὺς
602 5472 657 5525 εί
699 5490 783 5536 τις
810 5474 985 5527 ’ἐλοιτο
1021 5475 1492 5545 πολυπραγμονεῖν
1539 5477 1889 5532 ἀνταποδόσει

322 5558 759 5631 ἐπηγγελμένας,
789 5564 1046 5635 λαμπρὰς
1081 5565 1175 5616 καὶ
1210 5565 1449 5634 μεγάλας
1494 5566 1717 5636 εὑρήσει
1738 5569 1888 5640 παρά

396 5756 443 5789 ⁸⁵
477 5757 635 5815 Joan.
674 5775 775 5824 xit,
811 5761 900 5814 52.

1003 5761 1051 5792 ⁸⁸
1090 5760 1281 5817 Matth.
1327 5777 1516 5824 xxviii,
1544 5762 1633 5825 18,
1667 5762 1755 5816 19.
1831 5761 1872 5792 ⁸⁷

1976 5758 2100 5813 Cor.
2147 5759 2335 5829 νηὶ.
2410 5759 2457 5791 ⁵³
2484 5759 2660 5817 Eccle.
2713 5774 2808 5829 vn,
2841 5756 2929 5814 18.

1988 4650 2117 4713 Deo,
2144 4659 2199 4704 et
2226 4648 2470 4703 illustres
2495 4659 2549 4702 et
2574 4662 2817 4721 magnas.
2843 4648 2939 4703 Sin
2968 4649 3072 4703 alio
3098 4652 3255 4703 modo
3278 4650 3448 4704 visqu
3479 4649 3552 4703 sit

1986 4738 2164 4803 alicui,
2198 4739 2607 4793 retributionem
2642 4754 2670 4790 a
2716 4738 2934 4793 Christo
2963 4735 3160 4790 factam
3197 4737 3263 4791 de
3291 4738 3551 4793 adventus

1989 4840 2230 4897 tempore
2255 4828 2629 4899 interpretari,
2661 4842 2766 4882 non
2812 4827 3088 4882 aberrabit
3120 4840 3149 4879 a
3195 4840 3375 4896 scopo.
3412 4828 3549 4883 Olim

1986 4921 2130 4977 enim
2170 4920 2462 4976 insolenter
2487 4921 2648 4989 gessit
2676 4935 2734 4975 se
2765 4930 2949 4974 contra
2982 4917 3236 4973 mortales
3286 4916 3555 4987 profanis-

1992 5014 2161 5068 simus
2190 5013 2378 5077 Satan,
2404 5021 2458 5067 et
2483 5013 2666 5066 orbem
2694 5011 2993 5081 occupavit,
3012 5025 3043 5064 a
3076 5024 3201 5063 vera
3224 5011 3553 5079 cognitione,

1996 5107 2110 5169 Dei,
2150 5106 2388 5174 inquam,
2443 5103 2700 5157 naturalis
2755 5116 3090 5173 segregatum
3139 5116 3203 5155 ac
3261 5101 3551 5168 divulsum,

1992 5210 2046 5253 et
2067 5200 2119 5252 in
2155 5206 2370 5266 puteum
2397 5194 2548 5265 quasi
2576 5194 2774 5263 peccati
2801 5194 3211 5263 praecipitatum,
3248 5206 3308 5245 ac
3335 5193 3415 5245 sui
3444 5208 3555 5244 ma.

1990 5290 2273 5358 larumque
2299 5304 2478 5343 secum
2508 5297 2830 5357 potestatum
2869 5284 3101 5339 reddidit
3126 5284 3413 5339 cultorem.
3444 5283 3552 5337 lta-

1989 5396 2094 5451 que
2123 5378 2260 5433 dixit
2304 5397 2320 5433 :
2362 5398 2381 5430 ‹
2417 5378 2608 5432 Totum
2656 5376 2839 5432 orbem
2885 5376 3335 5445 comprehendam
3393 5390 3549 5428 manu

1988 5484 2047 5525 ut
2072 5473 2277 5537 nidum,
2310 5480 2364 5525 et
2391 5482 2448 5525 ut
2495 5470 2748 5524 derelicta
2787 5484 2886 5524 ova
2918 5469 3101 5523 tollant
3134 5482 3150 5521 :
3184 5481 3281 5521 nec
3325 5475 3412 5520 est
3460 5467 3550 5534 qui

1986 5566 2155 5635 possit
2182 5580 2267 5619 me
2296 5563 2547 5634 ell‘ugere,
2596 5562 2679 5617 vel
2717 5562 2808 5631 qui
2848 5562 3182 5617 contradicat
3219 5559 3347 5615 mihi
3396 5556 3463 5611 ⁵⁸.
3526 5576 3544 5608 ι

3008 5824 3011 5827 η
3046 5756 3092 5787 ⁸⁸
3120 5751 3289 5813 Exod.
3327 5767 3420 5820 xx,
3458 5748 3549 5805 12.

324 5831 372 5863 '°
401 5827 568 5885 Zaclt.
605 5846 665 5895 ll,
705 5833 759 5885 4.
833 5832 875 5861 ³⁸
908 5830 1072 5887 Zaclt.
1103 5847 1217 5900 vttt,
1244 5834 1299 5888 4.
1371 5834 1418 5865 ⁵¹
1449 5833 1635 5889 Matth.
1671 5848 1719 5897 v,
1757 5831 1811 5887 5.

1976 5832 2063 5885 lsa.
2101 5843 2156 5897 ι,
2198 5828 2287 5885 ﬂ.

562 5927 827 5982 unum-
861 5927 972 5983 Gn.
1022 5929 1191 5984 LXX.

3036 5922 3126 5987 43.
