4054 6376
512 370 653 439 {55‘s

1478 364 1561 425 's.
1601 355 1871 425 c‘intLLt
1911 356 2378 423 ALEXANBRINI
2414 361 2732 422 ancump.

3615 375 3772 429 +656

488 484 621 555 "Sed
645 495 1016 565 deprehensus
1045 496 1489 560 est'vanasspcs
1524 491 1626 545 hac
1676 491 1743 545 de
1799 504 1858 545 re
1901 502 2091 543 conce-

2198 489 2356 545 Θεοῦ.
2392 490 2455 542 Εἰ
2479 489 2536 543 δε
2565 490 2629 561 δή
2668 506 2755 553 τις
2798 488 3039 557 βούλοιτο
3082 488 3178 543 καὶ
3214 490 3337 544 καθ’
3360 491 3547 564 ἕτερον
3574 493 3773 562 τρόπον

510 592 679 662 pisse.
710 585 990 644 Excitatus
1015 583 1160 640 enim
1185 594 1269 639 est
1297 582 1485 637 contra
1524 582 1789 647 Christus,
1834 590 1891 636 et
1936 580 2093 636 oblu-

510 695 691 740 ctatus
720 692 802 738 est
834 696 932 752 pro
983 678 1162 744 nobis,
1210 686 1265 732 et
1315 690 1508 747 pmnas
1550 674 1847 743 impietatis
1893 673 2094 752 in_nos

511 777 584 829 ab
605 790 671 830 eo
686 772 899 842 exegit.
929 770 1157 824 Omnem
1192 766 1337 821 enim
1363 765 1506 819 illius
1527 762 1827 821 demolitus
1856 770 1941 817 est
1960 746 2096 816 “for-

514 862 819 925 titudinem,
863 860 919 914 et
954 856 1320 930 tyrannide‘in
1353 870 1452 909 nos
1486 855 1819 919 exturbavit,
1858 870 1877 902 ι
1919 862 1974 909 et
2001 868 2093 907 ru-

511 951 765 1006 dentibus
801 948 995 1004 itil‘erni
1032 948 1307 1003 detractos
1340 944 1393 999 in
1434 944 1749 1009 Tartarum,
1792 962 1810 994 ι
1857 952 1915 997 ιιι
1956 944 2094 999 scri-

506 1050 661 1111 ptum
688 1048 842 1104 est,'t
875 1039 1094 1093 tradidit
1132 1037 1457 1093 cruciandos
1497 1038 1550 1092 in
1597 1036 1862 1103 judicium
1914 1036 2092 1107 magni

515 1134 618 1189 diei
649 1133 915 1187 reservari
948 1130 1018 1194 “,
1059 1150 1078 1183 ι
1130 1140 1238 1185 tam
1287 1130 1461 1199 ipsum
1501 1144 1665 1199 quam
1706 1139 1953 1191 caeteros,
1999 1127 2094 1196 qui

514 1240 637 1279 cum
702 1226 820 1295 ipso
865 1232 1125 1292 apostatae
1174 1222 1521 1278 exstiterunt.
1576 1220 1762 1275 Psallit
1829 1220 2093 1289 siquidem

512 1318 727 1371 divinus
772 1315 962 1381 David,
1005 1314 1287 1369 velut'sub
1319 1328 1552 1383 persona
1585 1314 2008 1382 redemptorum,
2042 1322 2097 1366 et

510 1409 672 1480 861
705 1409 877 1478 inquit
918 1424 934 1462 :
971 1425 989 1457 ι
1042 1405 1357 1461 Conﬁtebor
1397 1405 1514 1470 tibi,
1561 1403 1807 1467 Domine,
1859 1402 1913 1456 in
1982 1412 2096 1457 toto

512 1500 676 1554 corde
721 1512 866 1561 meo,
898 1496 1135 1551 narrabo
1168 1494 1350 1549 omnia
1392 1492 1661 1547 mirabilia
1702 1502 1813 1545 tua.
1846 1491 2097 1546 Laetabor

511 1603 568 1648 et
599 1592 883 1647 exsultabo
913 1590 965 1643 in
1005 1599 1077 1655 te,
1105 1588 1328 1659 psallam
1374 1586 1578 1643 nomini
1618 1594 1736 1649 tuo,
1767 1584 2055 1640 'Altissime
2076 1624 2091 1651 ,

511 1684 639 1754 quia
675 1683 848 1738 fecisti
879 1681 1141 1750 judicium
1177 1692 1354 1733 mcum
1381 1688 1434 1733 et
1478 1692 1693 1732 causam
1745 1687 1940 1732 meam.
1992 1668 2092 1733 Se-

2196 582 2294 652 τὴν
2344 580 2701 635 ἀνταπόδοσιν
2746 580 2847 650 τὴν
2914 582 3286 653 γεγενημένην
3336 583 3488 654 παρά
3536 584 3772 656 Χριστοῦ

2195 672 2336 726 κατά
2363 671 2453 725 τὸν
2489 672 2590 743 τῆς
2625 670 2918 741 ἐπιδημίας
2970 678 3180 743 καιρδν,
3233 673 3335 726 ούκ
3391 673 3459 727 ἂν
3492 673 3594 738 ἔξω
3622 674 3772 745 βάλοι

2197 764 2426 822 σκοποῦ.
2462 764 2639 819 Πάλαι
2670 764 2894 836 μὲνγὰρ
2924 764 3382 836 κατηλαζονεύετο
3409 766 3517 820 τῶν
3550 768 3640 819 ἐπὶ
3670 769 3771 837 τῆς

2195 857 2297 928 γῆς
2316 858 2345 909 ὁ
2373 856 2725 928 παμϐέϐηλος
2766 858 3026 922 Σατανᾶς
3070 859 3505 929 πεπλεονέκτηκε
3539 858 3645 929 γὰρ
3669 858 3772 930 τὴν

2196 950 2289 1003 ὑπ’
2334 950 2564 1020 οὐρανὸν
2641 949 3087 1019 ἀποϐουκολήσας
3141 950 3310 1020 αὐτὴν
3377 950 3477 1020 τῆς
3540 949 3773 1021 ἀληθοῦς

2196 1038 2450 1107 γνώσεως
2477 1038 2576 1109 τῆς
2604 1038 2695 1091 ἐπί
2728 1039 2793 1106 γέ
2823 1056 2966 1110 φημι
2996 1038 3073 1108 τῷ
3105 1041 3247 1094 κατά
3286 1039 3446 1108 φύσιν
3479 1040 3618 1111 Θεῷ,
3648 1041 3772 1093 τέλ-

2199 1150 2336 1203 μασι
2382 1130 2439 1185 δὲ
2469 1131 2659 1201 ὥσπερ
2686 1134 2799 1195 τοῖς
2826 1132 2927 1202 τῆς
2975 1132 3246 1203 ἁμαρτίας
3271 1132 3546 1202 ⁴ἒμϐαλὼν,
3579 1132 3774 1187 ἑαυτοῦ

2200 1241 2261 1276 τε
2291 1225 2385 1277 καὶ
2441 1224 2548 1277 τῶν
2603 1226 2699 1278 σὺν
2735 1225 2882 1294 αὐτῷ
2906 1225 3186 1297 δυνάμεων
3232 1225 3481 1295 πονηρῶν
3525 1226 3775 1295 ἀπέφηνε

2196 1317 2603 1387 προσκυνητάς.
2644 1318 2893 1386 Ἔφασκε
2925 1316 3089 1386 γοῦν,
3133 1318 3213 1371 ὅτι
3253 1335 3272 1369 ι
3295 1318 3407 1386 Τὴν
3453 1306 3776 1389 οἰκουμένην

2193 1406 2324 1476 ὅλην
2385 1406 2775 1478 καταλήψομαι
2832 1410 2897 1477 τῇ
2951 1407 3115 1477 χειρὶ,
3168 1407 3244 1471 ὡς
3280 1406 3519 1472 νοσσιὰν,
3570 1409 3663 1461 καὶ
3698 1408 3777 1470 ὡς

2196 1499 2671 1570 καταλελειμμένα
2704 1502 2785 1555 oar
2816 1500 2955 1572 ἀρῶ,
2988 1500 3081 1553 καὶ
3113 1500 3213 1553 οὐκ
3239 1500 3386 1553 ἔστιν
3417 1500 3474 1563 ὃς
3493 1498 3776 1567 διαφεύξε-

2184 1582 2284 1641 ταί
2318 1606 2406 1660 με,
2454 1584 2493 1659 νὴ
2531 1582 2759 1660 ἀντείπῃ
2792 1598 2903 1660 μοι’
2940 1608 2959 1640 ι
2997 1578 3112 1642 ἀλλ’
3143 1588 3259 1659 ἥλω
3301 1590 3465 1651 κενὰς
3515 1591 3652 1659 ἔχων
3678 1588 3776 1641 ἐπ’

2198 1680 2347 1754 αὐτῷ
2375 1677 2440 1755 δὴ
2470 1682 2644 1753 τούτῳ
2668 1674 2762 1738 καὶ
2783 1683 2884 1747 τὰς
2908 1683 3145 1743 ἐλπίδας.
3174 1672 3605 1753 Ἅντεγήιγερται
3640 1689 3774 1753 γὰρ,

512 1762 637 1830 disti
660 1786 822 1842 super
858 1772 1135 1832 thronum,
1164 1770 1267 1839 qui
1300 1762 1815 1838 Iudicas'jnstitiam,
1850 1769 2091 1837 increpa-

2196 1777 2291 1830 καὶ
2323 1777 2647 1849 ἀντείρηκεν
2680 1778 2819 1846 ὑπὲρ
2849 1776 3007 1847 ἡμῶν
3045 1777 3074 1829 ὁ
3118 1775 3372 1847 Χριστὸς,
3422 1774 3780 1844 εἰσεπράξατο

506 1866 580 1921 sti
605 1873 819 1938 gentes,
848 1862 1096 1932 et'periit
1120 1861 1341 1931 impius.
1369 1859 1575 1915 Nomen
1603 1861 1719 1927 ejus
1766 1859 2010 1915 deleviSti
2041 1860 2091 1914 in

2197 1868 2254 1921 δὲ
2286 1870 2380 1923 καὶ⁵
2408 1842 2564 1933 δίκας
2581 1869 2749 1923 ἀὑτὸν
2770 1842 3018 1938 τῆς-καθ’
3049 1842 3208 1938 ἡμῶν
3249 1867 3523 1930 ἀσεϐείας,
3562 1842 3778 1920 καθεῖλε

508 1956 767 2012 sarculum
823 1953 1005 2009 saculi
1056 1950 1126 2008 ⁵⁸.
1173 1965 1213 2003 ἰ
1278 1951 1420 2007 Alibi
1470 1960 1659 2005 rursus
1714 1950 1793 2005 sic
1847 1951 1915 2006 de
1958 1966 2025 2006 eo
2076 1967 2092 2007 :

502 2062 538 2100 ει
575 2049 881 2116 Quaeretur,
937 2044 1131 2114 inquit,
1192 2053 1473 2113 peccatum
1522 2042 1638 2109 c-jus
1708 2052 1762 2097 et
1825 2058 1929 2098 non
2008 2043 2094 2096 in-

512 2142 761 2198 venietur
802 2140 870 2191 ".
904 2156 923 2189 ι
962 2137 1105 2192 Dixit
1136 2149 1351 2205 quoque
1382 2136 1495 2206 ipse
1518 2136 1782 2191 Servator
1815 2154 1830 2190 :
1874 2154 1894 2188 ι
1941 2134 2095 2191 Nunc

490 2235 769 2306 “judicium
799 2242 884 2287 est
914 2230 1097 2285 mundi
1124 2230 1317 2299 hujus;
1344 2229 1763 2298 nunc'princeps
1786 2228 1968 2282 mundi
1996 2229 2095 2282 hu-

508 2327 600 2395 jus
633 2326 885 2397 ejicietur
918 2323 1062 2377 foras
1090 2322 1174 2375 "7.
1218 2340 1237 2372 ι
1266 2319 1501 2391 Tempus
1529 2322 1692 2391 igitur
1726 2312 2095 2375 retributionis

505 2423 677 2477 'etiam
704 2419 806 2474 hoc
842 2417 1001 2471 modo
1040 2424 1126 2470 est
1173 2430 1279 2483 quo
1330 2412 1507 2469 illuxit
1565 2413 1763 2467 mundo
1820 2412 2090 2467 Christus.

503 2513 741 2570 Venisse
768 2519 946 2566 autem
984 2523 1106 2563 eum
1135 2507 1287 2571 dicit,
1333 2516 1391 2561 ut
1435 2505 1744 2561 coiisoletur
1779 2520 1968 2559 omnes
2012 2503 2093 2558 Iu-

507 2613 703 2671 ‘gentes
733 2602 887 2667 Sion,
916 2608 975 2654 ut
1006 2600 1095 2654 det
1124 2599 1231 2653 illis
1262 2597 1483 2668 glOriam
1516 2603 1611 2666 pro
1654 2595 1857 2661 c‘inere,
1905 2606 1959 2650 et
1988 2612 2091 2649 un-

518 2698 755 2753 ctionem
792 2694 1028 2758 laetitiae,
1090 2704 1146 2747 et
1215 2692 1470 2746 amictum
1524 2688 1712 2760 gloriae
1754 2704 1852 2759 pro
1901 2688 2091 2756 spiritu

510 2790 790 2847 maeroris.
822 2787 1160 2842 Exstiterunt
1188 2784 1332 2839 enim
1387 2783 1659 2853 quondam
1701 2782 1840 2851 apud
1879 2780 2093 2836 Judeeos

516 2883 691 2939 sancti
719 2880 824 2936 viri
855 2890 908 2935 et
937 2870 1145 2947 in'lege
1183 2876 1351 2942 docti,
1380 2892 1444 2931 ac
1472 2875 1909 2946 prdpheticorttm
1955 2888 2094 2945 prae-

498 2976 796 3029 coniorum
831 2981 1167 3027 scrutatores
1208 2980 1266 3026 et
1315 2968 1491 3039 gnari.
1548 2968 1611 3021 Hi
1669 2982 1791 3021 cum
1850 2967 2093 3021 viderent

500 3068 778 3137 sanguine
822 3058 1131 3119 Israelitico
1181 3061 1461 3125 oriundos,
1518 3054 1757 3115 Mosaica
1823 3070 2089 3128 pratcepta

517 3160 666 3232 parvi
697 3157 939 3222 duxisse,
964 3168 1018 3210 et
1056 3156 1121 3209 ad
1150 3162 1244 3210 Sua
1273 3152 1468 3224 placita
1510 3158 1826 3214 cenversos,
1870 3152 2091 3207 docere-

514 3259 623 3323 'qne
654 3249 931 3306 doctrinas
978 3256 1243 3316 praecepta
1302 3245 1602 3308 hominum,
1661 3259 1726 3298 ac
1778 3245 1941 3296 vitam
1986 3241 2086 3311 legi

519 3342 753 3397 maxime
802 3339 1131 3394 contrariam
1157 3331 1559 3409 et'ﬂagitiosam
1612 3336 1814 3399 vivere,
1867 3333 2088 3389 tristitia

515 3449 635 3503 qua
664 3442 887 3489 sanctos
932 3430 1091 3486 decet
1132 3427 1310 3483 aﬂecti
1352 3435 1497 3491 sunt,
1551 3441 1616 3481 ac
1667 3426 2088 3495 redemptionem

516 3542 612 3595 per
643 3524 918 3580 Christum
941 3519 1349 3591 exspectabant.
1377 3516 1495 3573 Non
1519 3517 1719 3573 etenim
1752 3518 2090 3587 ignorarunt,

514 3634 639 3673 cum
667 3616 871 3686 Spiritu
908 3613 1068 3669 amati
1110 3621 1314 3678 essent,
1362 3625 1509 3678 eum,
1560 3611 1650 3681 qui
1694 3610 1797 3668 [ide
1830 3612 2093 3681 justiﬁeat

516 3709 771 3780 impium,
803 3718 858 3763 et
886 3708 977 3777 qui
1012 3706 1188 3777 gratia
1220 3703 1540 3774 injuriarum
1591 3704 1918 3770 immemori,
1963 3719 2095 3759 con-

518 3802 808 3857 taminatos
833 3799 1115 3869 abstergit.
1151 3796 1284 3852 Nam
1310 3796 1529 3852 Simeon
1564 3795 1656 3850 ille
1683 3795 1884 3864 justus,
1930 3795 2092 3852 Chri-

516 3902 601 3946 sto
629 3890 836 3945 infante
887 3886 1029 3942 ulnis
1081 3894 1327 3955 excepto,
1385 3895 1633 3956 precatus
1681 3896 1787 3953 est,
1839 3885 2027 3941 dicens
2074 3904 2089 3942 :

522 4001 541 4033 ι
576 3980 730 4036 Nunc
754 3980 985 4035 dimittis
1012 3993 1229 4033 servum
1279 3986 1449 4041 tuum,
1498 3976 1746 4043 Domine,
1798 3979 2090 4033 secundum

517 4074 739 4128 verbum
769 4083 917 4127 tuum
952 4070 1007 4125 in
1054 4078 1206 4140 pace.
1234 4068 1371 4135 Quia
1409 4068 1662 4123 viderunt
1687 4069 1827 4125 oculi
1864 4070 1967 4125 mei
2006 4086 2094 4125 sa-

518 4167 691 4221 lutare
722 4174 895 4229 tuum,
932 4163 1072 4233 quod
1102 4162 1304 4233 parasti
1353 4171 1478 4215 ante
1508 4160 1700 4216 faciem
1732 4164 1971 4218 omnium
1999 4179 2094 4233 po-

516 4252 1023 4328 pulorum.'Lumen
1053 4254 1119 4308 ad
1157 4252 1537 4307 reve’lationem
1585 4253 1825 4322 gentium
1868 4262 1924 4310 et
1973 4254 2091 4325 glo-

517 4352 652 4405 riam
680 4347 859 4419 p0pull
895 4347 969 4402 ttti
1002 4345 1166 4401 Israel
1195 4345 1263 4400 ³⁸.
1301 4364 1321 4398 ›
1360 4345 1702 4401 Inveniemus
1749 4347 1910 4402 etiam
1955 4349 2093 4402 divi-

516 4457 643 4495 num
684 4433 1027 4502 Zachariam,
1050 4430 1287 4492 'Joannis
1313 4448 1544 4507 patrem,
1577 4436 1761 4493 dicere
1797 4458 1811 4494 :
1849 4457 1869 4490 ι
1902 4438 2091 4495 'Dene-

2111 3215 2159 3272 C
2186 3242 2189 3243 ,

2197 1962 2306 2033 γὰρ
2345 1962 2509 2016 αὐτοῦ
2539 1964 2719 2016 πᾶσαν
2771 1962 2944 2032 ἰσχὺν,
2989 1960 3314 2031 ὲκϐέϐληται
3351 1959 3451 2029 τῆς
3478 1958 3595 2014 καθ’
3617 1958 3780 2029 ἡμῶν

2183 2054 2528 2126 τυραννίδος,
2572 2073 2590 2106 ι
2625 2054 2736 2107 Καὶ
2796 2054 3004 2125 σειραῖς
3076 2053 3242 2122 ζόφου
3306 2050 3660 2123 ταρταρώσας
3696 2092 3711 2116 ,
3748 2068 3770 2101 ο

2195 2134 2424 2199 κατὰτὸ
2450 2145 2853 2218 γεγραμμένον,
2911 2164 2930 2196 t
2968 2146 3281 2217 παρέδωκεν
3335 2148 3415 2208 είς
3463 2144 3637 2216 κρίσιν
3679 2161 3780 2214 με-

2195 2236 2369 2309 γάλης
2412 2238 2627 2307 ἡμέρας
2675 2236 3173 2307 κολασθησομένους
3226 2238 3414 2307 τηρεῖν
3449 2255 3467 2287 ι
3517 2236 3678 2289 αὐτόν
3714 2251 3779 2288 τε

2194 2328 2288 2382 καὶ
2319 2329 2445 2391 τοὺς
2472 2328 2711 2399 ἑτέρους,
2747 2328 2796 2381 οἲ
2843 2328 3243 2382 συναποστάται
3290 2328 3575 2396 γεγόνασιν
3604 2327 3777 2397 αὐτῷ.

2182 2412 2404 2475 ’Ψάλλει
2435 2421 2567 2491 γοῦν
2594 2422 2689 2474 καὶ
2732 2422 2761 2473 ὁ
2784 2420 3069 2486 θεσπέσιος
3096 2420 3258 2474 Δαϐὶδ
3283 2420 3359 2483 ὡς
3391 2421 3455 2473 ὲκ
3485 2418 3785 2490 προσώπου

2192 2512 2303 2565 τῶν
2338 2512 2578 2585 λελυτρω
2586 2512 2783 2584 μένων,
2801 2512 3093 2583 καίφησιν⁸
3114 2532 3132 2564 ι
3157 2510 3649 2584 Ἐξομολογήσομαί
3674 2528 3783 2576 σοι,

2197 2607 2394 2679 Κύριε,
2449 2608 2507 2660 έν
2559 2606 2657 2679 ὅλῃ
2689 2606 2885 2678 καρδίᾳ
2946 2614 3067 2677 μου,
3114 2606 3448 2677 διηγήσομαι
3504 2604 3787 2657 πάντατὰ

2198 2699 2482 2771 θαυμάσιά
2509 2716 2624 2753 σου.
2662 2697 3142 2770 Εὑφρανθήσομαι,
3167 2698 3262 2751 καὶ
3294 2695 3691 2766 ἀγαλλιάσομαι
3719 2697 3784 2747 ὲν

2183 2788 2302 2843 σοί.
2335 2788 2507 2842 Ψαλῶ
2571 2789 2650 2861 τῷ
2700 2789 2923 2860 ὀνόματί
2957 2804 3050 2841 σου
3071 2831 3085 2854 ,
3122 2786 3375 2856 Ὕψιστε,
3409 2789 3491 2841 ὅτι
3520 2787 3783 2858 ἐποίησας

2195 2881 2295 2953 τὴν
2325 2899 2504 2953 κρισιν
2537 2898 2662 2953 μου,
2712 2882 2807 2935 καὶ
2853 2882 2952 2951 τὴν
3001 2881 3153 2951 δίκην
3200 2898 3324 2951 μου.
3362 2880 3654 2942 Ἐκάθισας
3687 2879 3786 2931 ἐπὶ

2197 2975 2412 3046 θρόνου,
2440 2978 2468 3028 ὁ
2489 2976 2688 3046 κρίνων
2712 2972 3073 3044 δικαιοσύνην·
3095 2973 3433 3044 ἐπετίμησας
3462 2971 3662 3039 ἔθνεσι,
3686 2972 3789 3025 καὶ

2196 3066 2447 3120 ἀπώλετο
2472 3067 2500 3119 ὁ
2521 3064 2746 3132 ἀσεϐής·
2778 3065 2839 3117 τὸ
2872 3063 3044 3134 ὄνομα
3058 3061 3222 3116 αὐτοῦ
3256 3061 3544 3131 ὲξήλειψας
3577 3062 3659 3124 εἰς
3686 3060 3786 3112 τον

2193 3157 2386 3224 αἰῶνα,
2412 3157 2505 3211 καὶ
2535 3157 2613 3220 είς
2632 3155 2723 3208 τὸν
2743 3154 2918 3209 αίῶνα
2963 3154 3056 3208 τοῦ
3089 3154 3302 3217 αἰῶνος.
3341 3174 3359 3206 ι
3398 3154 3507 3207 Ναὶ
3549 3153 3657 3224 μὴν
3685 3152 3786 3206 καὶ

2192 3250 2419 3323 ἑτέρωθί
2444 3266 2544 3303 που
2574 3248 2736 3303 πάλιν
2752 3248 2885 3318 φησι
2914 3247 3045 3316 περὶ
3083 3245 3246 3300 αὐτοῦ
3281 3238 3408 3299 ὧδε.
3432 3264 3450 3297 ι
3472 3245 3785 3315 Ζητηθήσε-

2191 3360 2280 3395 ται
2309 3344 2341 3413 ἡ
2377 3338 2617 3412 ἁμαρτία
2664 3337 2852 3404 αὐτοῦ,
2882 3337 2975 3391 καὶ
3001 3337 3060 3389 οὐ
3095 3338 3169 3407 μὴ
3195 3335 3393 3407 εὑρεθῇ
3448 3336 3515 3388 δι’
3537 3336 3779 3406 αύτήν.¹›

2188 3425 2341 3505 Ἔφη
2386 3434 2443 3486 δὲ
2475 3432 2569 3487 καὶ
2598 3431 2758 3493 αὐτὸς
2780 3431 2809 3483 ὁ
2840 3430 3053 3500 Σωτήρο
3083 3448 3100 3479 t
3131 3426 3245 3481 Νῦν
3290 3428 3473 3498 κρίσις
3517 3426 3634 3479 ἐστὶ
3683 3426 3784 3479 τοῦ

2193 3527 2401 3597 κόσμου
2443 3524 2657 3588 τούτου,
2719 3524 2814 3578 νῦν
2864 3524 3046 3595 ἄρχων
3094 3520 3188 3575 τοῦ
3226 3520 3439 3591 κόσμου
3474 3520 3662 3573 τούτου
3687 3520 3784 3572 ὲκ-

2195 3618 2531 3689 ϐληθήσεται
2578 3615 2748 3683 ἔξω.)
2808 3613 3009 3684 Καιρὸς
3039 3605 3132 3664 οὖν
3198 3610 3632 3675 ἀνταποδόσεως,
3682 3610 3786 3664 καὶ

2195 3711 2335 3763 κατὰ
2355 3707 2542 3761 τοῦτον
2575 3706 2667 3759 τὸν
2701 3704 2921 3776 τρόπον,
2962 3700 3081 3755 καθ’
3098 3700 3155 3753 ὃν
3181 3699 3464 3770 ἐπέλαμψε
3486 3698 3566 3769 τῷ
3587 3698 3787 3769 κόσμῳ

2193 3800 2449 3872 Χριστός·
2484 3796 2801 3868 ἐληλυθέναι
2855 3795 2915 3849 δέ
2966 3810 3153 3864 φησιν,
3203 3791 3348 3844 ὥστε
3394 3790 3789 3861 παρακαλέσαι

2194 3895 2404 3956 πάντας
2434 3893 2560 3955 τοὺς
2607 3887 2934 3951 πενθοῦντας
2967 3888 3127 3951 Σιὼν,
3166 3884 3350 3938 δοῦναι
3403 3885 3585 3946 αὐτοῖς
3620 3882 3790 3947 δόξαν

2194 3986 2316 4041 ἀντὶ
2348 3982 2567 4048 σποδοῦ,
2620 3980 2715 4036 καὶ
2766 3979 3009 4050 ἄλειμμα
3056 3977 3413 4048 εὐφροσύνης,
3452 3975 3558 4028 καὶ.
3609 3991 3792 4026 κατα.-

2196 4077 2388 4148 στο).ὴν
2413 4075 2571 4146 δόξης
2610 4073 2731 4128 ἀντὶ
2760 4071 3073 4142 πνεύματος
3101 4069 3349 4140 ἀκηδίας.
3385 4067 3651 4135 Γεγόνασι
3684 4066 3790 4135 μὲν

2193 4168 2304 4243 γὰρ
2334 4168 2478 4223 κατά
2504 4166 2728 4237 καιροὺς
2750 4162 2902 4235 παρά
2922 4165 3032 4225 τοῖς
3074 4161 3350 4223 Ἰουδαίοις
3378 4160 3571 4229 ἄνδρες
3606 4158 3786 4224 ἅγιοι,

2194 4263 2288 4316 καὶ
2309 4259 2658 4331 νομομαθεῖς,
2675 4258 2770 4311 καὶ
2792 4253 3144 4327 προφητικῶν
3161 4251 3534 4323 κηρυγμάτων
3562 4252 3793 4320 ἐρευνη-

2192 4353 2304 4419 ταὶ,
2357 4352 2450 4405 καὶ
2499 4350 2881 4419 ἐπιστήμονες.
2941 4341 3097 4400 Οὗτοι
3160 4342 3494 4413 θεωροῦντες
3549 4340 3684 4403 τοῦς
3722 4338 3789 4404 ἐξ

2193 4442 2424 4513 αἵματος
2483 4438 2696 4511 Ἰσραὴλ
2746 4432 2847 4507 τῆς
2892 4435 2981 4489 διὰ
3028 4433 3277 4495 Μωσέως
3338 4430 3564 4500 ἐντολῆς
3620 4428 3789 4497 ὀλίγα.

514 4533 693 4588 ιιίοιυε
726 4532 984 4588 Dominus
1011 4529 1154 4585 Deus
1180 4530 1369 4595 Israel,
1405 4530 1532 4600 quia
1576 4532 1834 4597 visitavit,
1867 4539 1922 4586 et
1961 4529 2091 4587 fecit

2196 4533 2644 4606 πεφροντικότας,
2672 4529 3046 4601 τραπομένους
3079 4525 3369 4596 δὲμᾶλλον
3404 4524 3484 4585 εἰς
3511 4524 3572 4576 τὸ
3588 4522 3790 4585 αὐτοῖς

518 4624 939 4692 redemptionem
973 4620 1112 4692 plebi
1146 4636 1278 4675 suae.
1330 4610 1398 4675 Et
1449 4622 1624 4676 erexit
1673 4636 1838 4677 cornu
1901 4623 2091 4678 salutis

516 4714 674 4771 nabis
716 4712 787 4770 ".
834 4734 854 4769 ι
910 4714 1316 4783 Evangelizavit
1373 4714 1501 4767 item
1538 4702 1833 4783 Philippus
1886 4713 2091 4769 Natha-

499 4807 680 4873 'naeli,
718 4806 800 4861 sic
826 4807 1016 4861 dicens
1053 4824 1068 4859 :
1108 4823 1128 4856 ι
1182 4809 1352 4871 Quem
1385 4804 1605 4874 scripsit
1638 4803 1810 4859 Moses
1849 4805 1901 4858 in
1951 4805 2087 4876 lege,

515 4907 569 4952 et
598 4897 895 4967 prophetae,
948 4894 1251 4949 invenimus
1306 4886 1489 4947 Jesum
1547 4893 1713 4949 lilium
1760 4884 2008 4965 'Josephi,
2056 4910 2085 4947 a

518 4984 783 5039 Nazareth
811 4982 877 5035 ‘°.
909 5002 927 5035 ι
957 4981 1172 5037 Scribit
1203 4983 1368 5037 etiam
1393 4982 1820 5052 sapientissimus
1848 4982 2042 5041 Paulus
2070 5002 2083 5039 :

521 5095 541 5128 ε
574 5074 811 5130 Tristitia
846 5074 976 5128 Inibi
1010 5088 1203 5144 magna
1237 5082 1341 5138 'est,
1368 5084 1422 5127 et
1468 5076 1757 5130 continuus
1786 5075 1939 5130 dolor
1965 5093 2086 5133 cor-

515 5168 591 5233 di,
628 5182 725 5236 pro
748 5160 1003 5220 Fratribus
1041 5166 1194 5232 meis,
1222 5166 1312 5235 qui
1344 5177 1469 5220 sunt
1496 5167 1707 5236 cognati
1748 5170 1851 5222 mei
1896 5184 2088 5223 secun-

516 5260 644 5313 dum
678 5272 895 5313 carnem
926 5250 992 5311 “.
1022 5276 1052 5310 ν»
1084 5286 1154 5299 —-
1176 5251 1353 5311 (Data
1384 5266 1469 5312 est
1494 5258 1837 5330 ἰδίω-’862
1860 5261 2085 5332 lugenti-

516 5350 615 5407 bus
631 5348 784 5413 Sion,
816 5347 1129 5413 consolatio,
1156 5366 1175 5400 ι
1208 5362 1303 5419 per
1333 5347 1628 5415 Christum,
1651 5366 1671 5400 ι
1699 5361 1754 5405 et
1770 5365 1869 5419 pro
1906 5352 2087 5406 cinere

517 5440 705 5509 gloria.
747 5457 766 5493 ι
804 5438 1086 5495 Desierunt
1106 5440 1252 5494 enim
1280 5438 1423 5493 illam
1460 5439 1643 5509 lugere
1664 5448 1720 5495 et
1751 5439 1969 5509 deﬂere,
1991 5458 2085 5498 ce-

520 5539 816 5599 peruntun
849 5543 946 5599 per
990 5529 1266 5585 Christum
1308 5531 1586 5601 gaudium,
1626 5530 1985 5602 praedicantes
2029 5544 2084 5589 et

2188 4626 2406 4693 δοκοῦν,
2429 4628 2523 4681 καὶ
2541 4624 2886 4686 διδάσκοντας
2930 4621 3029 4689 μὲν
3074 4617 3425 4672 διδασκαλίαν
3459 4614 3791 4686 ἐντάλματα

2188 4718 2532 4789 ἀνθρώπων,
2579 4714 2966 4786 έκνομωτάτην
3030 4711 3088 4764 δὲ
3148 4711 3244 4764 καὶ
3314 4709 3793 4779 φιλαμαρτήμονι

2186 4808 2526 4871 διαϐιοῦντας
2548 4807 2715 4877 ζωὴν,
2760 4806 2859 4875 τὴν
2903 4803 3081 4872 ἁγίοις
3115 4801 3433 4871 πρέπουσαν
3470 4799 3557 4851 ἐπ’
3595 4801 3791 4862 αὐτοῖς

2188 4902 2437 4972 ἐδέχοντο
2491 4900 2689 4971 λύπην.
2736 4898 3110 4969 Προσεδόκουν
3161 4896 3219 4948 δὲ
3270 4897 3371 4966 τὴν
3416 4893 3508 4948 διὰ
3538 4895 3793 4962 Χριστῷ

2191 4992 2478 5064 λύτρωσιν.
2512 4993 2586 5046 Οὐ
2615 4992 2721 5060 γὰρ
2742 4990 3016 5060 ἠγνόησαν
3042 4988 3196 5049 ὄντες
3222 4987 3671 5057 πνευματοφόροι
3698 4987 3797 5064 τὸν

2191 5054 2503 5135 δικαιοῦντα
2531 5054 2712 5134 πίστει
2741 5054 2832 5133 τόν
2861 5054 3056 5147 ἀσεϐῆ,
3081 5078 3173 5131 καὶ
3192 5054 3565 5148 ἀμνησικάκῴ
3586 5054 3801 5148 *χάριτῖ

2192 5175 2558 5246 διασμήχοντα
2590 5175 2715 5236 τοὺς
2766 5171 3230 5244 μεμολυσμένους.
3283 5171 3395 5223 Καὶ
3448 5169 3587 5238 γοῦν
3623 5173 3653 5223 ὁ
3692 5172 3797 5241 μὲν

2189 5265 2398 5328 δίκαιος
2462 5264 2685 5334 Συμεὼν
2738 5263 2937 5333 βρέφος
2969 5262 3099 5315 ὄντα
3138 5260 3374 5331 Χριστὸν
3422 5261 3481 5312 ὲν
3510 5260 3799 5328 ἀγκάλαις

2188 5356 2370 5408 λαϐὼν
2395 5355 2738 5427 προσηύχετο
2765 5354 2957 5421 λέγων’
2993 5371 3011 5404 ι
3031 5348 3147 5405 Νῦν
3177 5349 3437 5412 ἀπολύεις
3464 5349 3562 5402 τὸν
3600 5349 3799 5403 δοῦλόν

2189 5463 2306 5511 σου,
2340 5448 2605 5511 Δέσποτα,
2638 5446 2778 5500 κατὰ
2801 5446 2861 5498 τὸ
2887 5445 3041 5515 ῥῆμά
3059 5461 3175 5510 σου,
3200 5444 3259 5496 ὲν
3285 5444 3501 5514 εἰρήνῃ,
3526 5442 3618 5495 ὅτι
3650 5438 3799 5496 εἶδον

2186 5538 2236 5589 οἱ
2261 5536 2527 5609 ὀφθαλμοί
2559 5553 2664 5609 μου
2684 5536 2746 5591 τὸ
2778 5536 3042 5605 σωτήριόν
3069 5552 3188 5599 σου,
3230 5534 3261 5587 ὃ
3294 5531 3616 5605 ἡτοίμασας
3651 5535 3801 5590 κατά

585 5748 627 5779 ³⁸
662 5750 700 5802 ΙΙ
724 5749 866 5803 Petr.
893 5766 953 5814 Il,
977 5752 1029 5805 4.
1110 5753 1157 5784 ⁸⁸
1181 5751 1322 5807 Psal.
1352 5767 1427 5815 lx,
1452 5752 1569 5811 2-6.
1644 5757 1690 5791 ⁸⁸
1716 5755 1859 5817 Psal,
1897 5773 1952 5829 χ,
1988 5758 2074 5816 15,

589 5816 717 5853 Ιηα..
784 5833 799 5853 ι
856 5820 923 5853 1r:
1019 5824 1062 5853 ιι
1096 5820 1230 5853 ιιι...
1298 5838 1347 5853 ..ρ
1396 5822 1430 5853 ο
1557 5846 1572 5853 _
1866 5838 1887 5841 η
1918 5842 1943 5843 η

2192 5760 2194 5769 ⁷
2224 5757 2381 5819 Joan.
2406 5775 2513 5849 an,
2540 5761 2665 5851 ὅρη
2700 5757 2979 5847 "{Lucqr,
3002 5753 3198 5814 29-32.
3276 5751 3321 5787 ⁸ο
3352 5751 3549 5819 Luc.t,
3582 5754 3678 5823 68,
3704 5757 3797 5818 6.9.

512 5815 741 5874 "Joau.
784 5833 823 5885 1,
853 5820 942 5876 45.
1003 5824 1062 5897 ,⁸⁸
1093 5820 1254 5880 Rom.
1297 5838 1372 5889 ιι,
1396 5822 1451 5880 2.
