4054 6376
345 359 477 411 1537

1471 358 1536 412 IN
1580 358 1809 416 ISAIAM
1852 362 1978 417 LIB.
2025 364 2088 421 ν.
2137 366 2374 425 TOMUS
2413 372 2471 426 ν.

3463 376 3593 430 1358

339 476 630 544 πρόσωπον
672 492 890 529 παντων
931 475 1039 530 τῶν
1088 477 1255 539 λαῶν,
1297 476 1413 545 φῶς
1459 479 1536 540 εἰς
1579 478 1918 548 ἀποκάλυψιν

2026 487 2412 542 annuntiantes
2437 488 2806 558 Evangelium.
2861 511 2877 542 ι
2931 491 3061 545 Data
3097 501 3180 547 est
3198 491 3304 547 illis
3332 506 3427 560 pro
3450 492 3593 548 luctu

338 565 532 629 ἐθνῶν,
558 568 653 620 καὶ⁵
681 566 839 631 δόξαν
893 568 1024 621 λαοῦ
1069 586 1162 622 σου
1202 569 1438 640 Ἰσραήλ.
1470 589 1486 620 ι
1522 570 1840 640 Εύρήσομεν
1864 572 1920 624 δὲ

336 657 431 709 καὶ
457 657 545 709 τὸν
574 657 860 710 θεσπέσιον
895 661 1165 730 Ζαχαρίαν
1197 661 1289 713 τὸν
1334 661 1576 715 Ἰωάννου
1602 663 1814 733 πατέρα
1832 662 1921 714 λέ-

336 766 520 818 γοντα·
567 770 583 801 ι
607 750 913 820 Εὐλογητὸς
946 753 1150 823 Κύριος
1200 755 1228 806 6
1261 753 1392 816 Θεὸς
1447 753 1540 806 τοῦ
1578 755 1814 828 Ἰσραὴλ,
1839 756 1922 808 ὅτι

335 841 694 911 ἐπισκέψαιτο,
737 844 832 895 κα)⁵
865 844 1090 913 ἐποίησε
1137 845 1408 916 λύτρωσιν
1461 845 1539 915 τῷ
1570 845 1686 915 λαῷ
1723 846 1920 910 αὑτοῦ,

335 934 429 988 καὶ
455 935 644 1006 ἤγειρε
675 935 843 1004 κέρας
877 937 1148 1007 σωτηρίας
1189 938 1339 1006 ἡμῖν.
1371 956 1389 989 ι
1435 937 1834 1005 Εύηγγελίζετο
1866 938 1922 992 δὲ

335 1030 429 1080 καὶ
442 1027 704 1090 Φίλιππος
721 1027 798 1098 τῷ
816 1027 1105 1098 Ναθαναὴλ
1125 1027 1266 1080 οῦτω
1285 1027 1480 1095 λέγων’
1524 1046 1542 1079 ι
1573 1030 1670 1080 Ὃν
1715 1028 1920 1101 ἔγραψε

335 1119 543 1190 Μωσῆς
577 1119 634 1171 ἐν
667 1118 746 1189 τῷ
780 1119 953 1190 νόμῳ,
977 1122 1070 1174 καὶ
1094 1121 1144 1173 οἱ
1168 1121 1471 1191 προφῆται,
1519 1120 1767 1192 ηῦραμεν
1819 1123 1922 1193 Ἰη-

337 1213 466 1266 σοῦν
495 1212 585 1266 τὸν
607 1213 720 1266 υἱὸν
757 1214 956 1284 Ἰωσὴφ
992 1215 1082 1267 τὸν
1130 1213 1237 1266 ἀπὸ
1266 1211 1540 1284 Ναζάρετ.
1583 1233 1600 1264 ι
1628 1215 1834 1283 Γράφει
1864 1215 1921 1268 δέ

337 1322 437 1358 που
457 1305 550 1358 καὶ
572 1306 890 1374 όπάνσοφος
912 1305 1143 1368 Παῦλος,
1183 1307 1263 1360 ὅτι
1292 1324 1310 1356 ι
1347 1306 1506 1376 Λύπη
1541 1307 1630 1376 μοί
1659 1309 1772 1360 ἐστι
1827 1311 1921 1362 καὶ

333 1397 675 1460 ἀδιάλειπτος
709 1398 866 1468 ὀδύνη
893 1400 957 1469 τῇ
989 1399 1205 1469 καρδίᾳ,
1239 1398 1378 1470 ὑπὲρ
1407 1398 1514 1450 τῶν
1543 1399 1786 1468 ἀδελφῶν
1817 1417 1918 1470 μου

332 1489 442 1542 τῶν
474 1491 748 1558 συγγενῶν
786 1506 885 1560 μου
911 1491 1050 1544 κατὰ
1071 1491 1271 1562 σάρκα.
1308 1511 1325 1542 ι
1349 1519 1418 1530 --
1447 1510 1464 1540 ι
1495 1491 1712 1544 Δέδοται
1739 1491 1919 1545 τοίνυν

333 1582 447 1641 τοῖς
485 1580 888 1634 πενθοῦσιΣιὼν
910 1581 1308 1651 παράκλησις,›
1333 1581 1469 1651 ήδιὰ
1500 1581 1760 1651 Χριστοῦ,
1787 1602 1803 1634 ι
1826 1584 1920 1635 καὶ

335 1672 456 1724 ἀντί
481 1671 677 1724 σποδοῦ
708 1672 854 1736 δόξα.
888 1690 906 1723 ι
945 1672 1261 1743 Κατέληξαν
1292 1674 1388 1742 μὲν
1413 1671 1632 1744 γὰρ’τοῦ
1666 1673 1883 1727 πενθεῖν
1904 1717 1918 1739 ,

335 1766 431 1818 καὶ
459 1765 665 1818 κλαίειν
702 1765 890 1835 αὐτὴν,
925 1764 1169 1834 ἐδέχοντο
1195 1765 1252 1816 δὲ
1294 1764 1392 1834 τὴν
1439 1766 1526 1818 διὰ
1557 1765 1792 1838 Χριστοῦ
1822 1767 1918 1837 χά-

2028 577 2212 631 unctio
2240 578 2458 645 laetitiaz,
2492 589 2545 632 et
2589 584 2819 637 amictus
2860 582 3042 652 gloria:
3089 597 3185 651 pro
3229 584 3418 651 spiritu
3464 599 3596 638 mm-

2026 668 2189 722 roris.
2233 687 2252 720 ι
2295 669 2610 725 Unctionem
2646 683 2823 728 autem
2869 675 2955 728 hic
2999 683 3173 737 vocat,
3230 674 3370 742 quod
3430 675 3598 730 hilare

2027 768 2131 824 est,
2172 775 2265 813 seu
2291 760 2617 817 hilaritatem
2654 773 2708 819 et
2737 764 2974 818 la2titiam
3016 781 3110 835 pro
3145 765 3286 819 luctu
3332 775 3386 820 et
3421 764 3543 820 ﬂetu
3579 784 3592 818 :

2025 860 2078 903 et
2104 852 2459 924 καταστολὴν,
2491 857 2540 908 id
2575 865 2677 920 est,
2705 857 2980 922 amictum,
3017 860 3128 912 sive
3155 859 3368 924 stolam,
3410 868 3465 912 et
3505 873 3596 910 ve-

2025 943 2350 1022 stimentum
2371 961 2470 1016 pro
2513 947 2704 1016 spiritu
2743 949 2990 1020 ἀκηδίας,
3038 950 3090 1003 id
3139 958 3242 1012 est,
3291 965 3389 1019 pro
3428 951 3594 1003 vetcri

2027 1035 2115 1089 illa
2139 1037 2303 1091 animi
2331 1037 2632 1106 dejectione
2663 1049 2718 1094 et
2748 1044 3134 1096 contractione.
3165 1041 3297 1094 Nam
3330 1042 3597 1113 gloriﬁca-

2026 1125 2062 1178 ti
2090 1135 2238 1190 sunt,
2267 1130 2358 1196 qui
2400 1128 2526 1184 olim
2566 1129 2916 1199 deplorabant
2949 1146 3091 1195 eam,
3133 1140 3188 1184 et
3226 1132 3317 1200 qui
3363 1145 3598 1185 mter-ore

2023 1232 2122 1287 pro
2152 1233 2215 1272 ea
2237 1218 2940 1275 alliciebantur.‘Glorilicati
2964 1237 3093 1276 vero
3114 1230 3260 1289 sunt,
3293 1223 3596 1291 quomodo?

2025 1310 2158 1362 Nam
2196 1311 2474 1364 constituti
2514 1321 2638 1365 sunt
2670 1311 2784 1380 ejus
2812 1324 3172 1381 praeceptores
3223 1323 3277 1368 et
3325 1317 3592 1370 doctores.

2022 1401 2200 1467 Atque
2227 1400 2330 1455 hoc
2359 1410 2443 1454 est
2472 1404 2615 1470 quod
2656 1403 2705 1456 ei
2738 1403 2941 1456 dictum
2977 1415 3056 1458 est
3093 1404 3202 1474 lyra
3241 1403 3528 1458 Psallcntis
3575 1421 3590 1454 :

2028 1506 2047 1538 ‹
2086 1486 2191 1541 Pro
2221 1489 2464 1558 patribus
2492 1492 2596 1545 tuis
2629 1493 2740 1545 nati
2770 1502 2895 1546 sunt
2921 1494 3012 1547 tibi
3067 1495 3158 1547 lilii
3207 1495 3273 1548 ⁸⁸.
3333 1513 3353 1545 ι
3413 1493 3592 1548 Liberi

2021 1579 2164 1633 enim
2205 1578 2444 1634 Judaicae
2483 1578 2778 1651 Synagogze
2807 1597 2929 1635 cum
2977 1593 3159 1636 essent
3211 1581 3592 1651 sapientissimi

2022 1671 2292 1740 discipuli,
2334 1671 2461 1726 facti
2504 1682 2628 1726 sunt
2676 1683 2874 1742 patres.
2913 1673 3111 1728 Scribit
3137 1675 3347 1728 scilicet
3377 1675 3594 1742 sapien-

2025 1765 2270 1821 tissimus
2302 1765 2498 1819 Paulus
2526 1784 2538 1820 :
2573 1783 2592 1816 ι
2625 1764 2680 1819 1η
2721 1763 2938 1819 Christo
2968 1767 3110 1820 enim
3137 1765 3260 1820 Jesu
3293 1765 3592 1835 per'Evan—

337 1875 443 1927 ριν,
475 1858 948 1931 εὐαγγελιζόμενοι
973 1879 1030 1914 τε
1054 1863 1148 1915 καὶ
1196 1863 1644 1931 ἐπαγγέλλοντεςο
1676 1882 1693 1915 ι
1727 1862 1912 1935 Ἐδόθη

2021 1859 2216 1929 geliqu
2247 1874 2348 1928 ego
2379 1874 2472 1913 vos
2507 1858 2664 1926 genui
2697 1859 2760 1912 ⁸³.
2817 1876 2836 1910 ι
2895 1858 3183 1914 Constituti
3231 1862 3424 1929 quippe
3467 1870 3595 1914 sunt

333 1951 391 2002 δὲ
441 1951 620 2015 αὐτοῖς
669 1951 913 2023 ἄλειμμα
960 1954 1298 2025 εὐφροσύνης
1335 1954 1453 2008 ἀντὶ
1506 1954 1770 2017 πένθους,
1821 1957 1916 2008 καὶ

336 2042 638 2112 καταστολὴ
673 2043 850 2112 δόξης,
882 2042 1003 2096 ἀντὶ
1031 2042 1341 2114 πνεύματος
1370 2043 1625 2112 ἀκηδίας.
1657 2062 1674 2094 ι
1700 2044 1925 2114 ’Λλειμ-

338 2147 414 2198 μα
444 2130 500 2182 δέ
523 2148 690 2199 φησιν
712 2133 770 2184 ἐν
792 2131 999 2196 τούτοις
1030 2133 1090 2185 τὸ
1115 2132 1318 2203 ἱλαρὸν,
1342 2135 1458 2204 ἦτοι
1479 2135 1579 2206 τὴν
1611 2134 1920 2205 ἱλαρότητα,

335 2225 431 2274 καὶ
461 2223 558 2293 τὴν
587 2223 949 2294 εὐφροσύνην,
985 2226 1108 2278 ἀντὶ
1150 2224 1243 2278 τοῦ
1276 2225 1516 2288 πενθεῖν,
1543 2228 1638 2280 καὶ
1673 2226 1881 2280 κλαίειν
1901 2266 1916 2288 ,

333 2315 427 2367 καὶ
458 2314 614 2386 δόξης
642 2316 998 2385 καταστολὴν,
1046 2318 1312 2383 τουτέστι,
1371 2317 1685 2388 περίὸλημα
1708 2359 1720 2382 ,
1750 2319 1920 2388 ῆγουν

2020 1961 2237 2020 patrum
2266 1949 2403 2014 loco,
2437 1951 2526 2018 qui
2561 1950 2778 2004 fuerunt
2811 1949 2930 2020 ejus
2962 1951 3078 2008 ﬁlii.
3117 1949 3383 2007 Habuisse
3412 1963 3590 2006 autem

2021 2042 2232 2096 divinos
2264 2040 2558 2110 discipulos
2590 2041 2846 2095 amictum
2895 2040 3076 2110 gloriae
3121 2058 3149 2095 a
3203 2041 3330 2107 Deo,
3387 2044 3591 2097 clarum

2018 2147 2140 2188 esse
2180 2141 2379 2202 potest,
2415 2133 2625 2186 dicente
2672 2133 2889 2187 Christo
2941 2134 3043 2187 illis
3097 2133 3339 2189 alicubi:
3373 2153 3391 2184 ‹
3435 2133 3593 2187 Inﬁr-

2020 2241 2138 2280 mos
2168 2234 2376 2287 curate,
2409 2224 2670 2279 daatiionia
2696 2225 2892 2293 ejicite,
2931 2236 3171 2278 mortuos
3199 2228 3431 2280 excitate
3461 2227 3536 2288 “;
3571 2246 3589 2272 ι

2020 2332 2208 2371 rursus
2243 2317 2408 2369 alibi:
2450 2335 2469 2366 ι
2502 2314 2609 2370 Vos
2639 2316 2773 2369 estis
2803 2315 2892 2368 lux
2927 2316 3109 2368 mundi
3154 2316 3220 2368 ".
3250 2335 3268 2368 ι

334 2405 546 2475 στολὴν,
581 2408 672 2459 καὶ
699 2407 899 2477 ἄμφιον
924 2408 1044 2461 ἀντὶ
1112 2409 1423 2479 πνεύματος
1468 2411 1723 2478 ἁκηδίας,
1762 2410 2060 2472 τουτέστιν,
2088 2409 2212 2462 ἀντὶ⁵
2271 2410 2371 2478 τῆς
2396 2409 2564 2463 πάλαι
2628 2408 3011 2479 μικροψυχίας.
3049 2408 3454 2478 Ἐδοξάσθησαν
3481 2406 3591 2476 γὰρ

328 2503 379 2552 οξ
422 2503 591 2554 παλαι
623 2502 947 2574 θρηνοῦντες
979 2506 1168 2576 αὐτὴν·
1205 2508 1299 2559 καὶ
1337 2506 1670 2569 ἁκηδιῶντες
1707 2505 1846 2576 ὑπὲρ
1903 2507 2096 2577 αὐτῆς·
2130 2504 2494 2574 ἐδοξάσθησαν
2521 2504 2579 2557 δὲ
2613 2505 2759 2568 πῶςς
2784 2505 3048 2556 τέθεινται
3080 2503 3187 2574 γὰρ
3235 2503 3406 2572 αὐτῆς
3453 2502 3590 2555 καθα

328 2594 534 2663 ηγηταὶ
578 2596 670 2647 καὶ
716 2594 1055 2659 διδάσκαλοι,
1091 2599 1183 2650 καὶ
1228 2599 1384 2652 τοῦτο
1434 2594 1501 2668 ἦν
1528 2599 1637 2670 ἄρα
1674 2599 1736 2652 τὸ
1763 2599 1896 2669 πρὸς
1935 2600 2105 2669 αὐτὴν
2162 2599 2450 2669 εἰρημένον
2479 2599 2566 2652 διὰ
2594 2599 2693 2668 τῆς
2709 2597 2802 2650 τοῦ
2828 2597 3135 2659 Ψάλλοντος
3175 2596 3360 2666 λύρας·
3395 2614 3413 2646 ι
3449 2597 3591 2648 Ἀντὶ

327 2690 438 2742 τῶν
471 2691 718 2762 πατέρων
760 2709 874 2757 σου,
907 2693 1241 2764 ἐγενήθησάν
1270 2711 1350 2747 σοι
1387 2695 1508 2748 υίοί.
1538 2715 1556 2745 ι
1591 2695 1768 2750 Τέκνα
1797 2695 1904 2766 γὰρ
1941 2695 2091 2758 ὅντες
2151 2697 2250 2766 τῆς
2309 2694 2414 2746 τῶν
2451 2693 2717 2747 Ἰουδαίων
2749 2692 3074 2761 Συναγωγῆς
3100 2692 3148 2743 οί
3197 2694 3460 2759 πάνσοφοι
3488 2706 3592 2759 μα-

330 2780 510 2851 θηταὶ,
583 2781 840 2851 γεγόνασι
914 2785 1168 2854 πατέρες.
1213 2786 1415 2857 Γράφει
1478 2786 1608 2852 γοῦν
1640 2788 1834 2840 τισινὸ
1906 2788 2182 2857 πάνσοφος
2233 2787 2478 2852 Παῦλος,
2537 2805 2555 2837 ‹
2601 2785 2690 2838 Ἐν
2734 2787 2843 2858 γὰρ
2890 2784 3110 2857 Χριστῷ
3153 2784 3326 2853 Ἰησοῦ
3366 2784 3452 2836 διὰ
3497 2780 3590 2836 τοῦ

329 2878 663 2947 Εύαγγελίου
710 2878 820 2947 ἐγὼ
863 2880 1008 2950 ὑμᾶς
1059 2881 1345 2953 ἐγέννησα.
1389 2882 1668 2936 Τέθεινται
1704 2879 1797 2936 οῦν
1856 2883 1914 2935 ἐν
1987 2882 2418 2954 τάξειπατέρων
2452 2884 2500 2935 οἱ
2547 2885 2828 2950 γεγονότες
2890 2882 3057 2951 αὐτῆς
3095 2880 3223 2943 υἱοὶ,
3257 2881 3338 2932 ὃτι
3390 2879 3446 2931 δὲ
3490 2880 3588 2948 τῆς

331 2973 482 3043 παρὰ
540 2973 676 3026 Θεοῦ
737 2973 897 3044 δόξης
951 2977 1251 3046 ἐσχήκασιν
1310 2977 1410 3048 τὴν
1476 2978 1803 3049 περιστολὴν
1855 2979 1904 3031 οἱ
1945 2979 2224 3032 θεσπέσιοι
2283 2979 2541 3050 μαθηταὶ,
2569 2979 2736 3046 σαφὲς
2758 2979 2822 3031 ἂν
2849 2978 3080 3047 γένοιτο,
3148 2974 3384 3047 Χριστοῦ
3408 2973 3589 3042 λέγον-

330 3085 422 3130 τος
493 3069 708 3132 αὐτοῖς,
755 3071 886 3122 ποτὲ

329 3162 461 3214 ποτὲ
493 3161 549 3213 δὲ
577 3159 758 3213 πόλιν·
795 3182 811 3212 ι
856 3162 1043 3232 Ὑμεῖς
1069 3163 1192 3215 ἐστε
1245 3164 1306 3216 τὸ
1345 3164 1458 3232 φῶς
1491 3166 1585 3218 τοῦ
1629 3165 1853 3236 κόσμου.
1884 3183 1904 3218 ι

404 3256 514 3309 Καὶ
580 3255 989 3323 κληθήσονται
1055 3256 1253 3324 γενεαὶ
1314 3257 1736 3324 δικαιοσύνης,
1798 3259 1912 3327 591’)—
1941 3265 1982 3321 (ᾖ

331 3364 518 3417 rerum
576 3349 796 3416 Κυρίου
865 3351 950 3412 είς
1001 3347 1209 3412 δόξαν.
1275 3349 1386 3402 Καὶ
1442 3349 1911 3419 οἰκοδομήσουσι

330 3442 542 3504 πόλεις
596 3439 856 3507 ἐρήμους
896 3438 1158 3503 αἱωνίας,
1208 3436 1658 3506 ἐξερημωμένας
1702 3439 1912 3504 πρότε-

324 3549 438 3600 ρον
453 3528 966 3595 ὲξαναστήσουσι,
992 3528 1091 3582 καὶ
1109 3529 1410 3582 καινιοῦσι
1430 3529 1636 3594 πόλεις
1654 3528 1914 3597 ἐρήμους

330 3619 780 3692 ἐξερημωμένάς
799 3625 886 3688 είς
913 3620 1143 3690 γενεάς.

405 3713 819 3786 Χρηματίζουσι
849 3713 956 3782 γὰρ
991 3708 1042 3764 οἶ
1064 3714 1122 3764 ἐν
1145 3710 1366 3782 Χριστῷ
1396 3729 1415 3762 ι
1438 3711 1598 3768 Γένος
1634 3710 1911 3774 ἐκλεκτὸν,

335 3807 486 3869 ἔθνος
512 3805 686 3868 ἆγιον,
715 3802 839 3865 λαδς
865 3804 946 3865 εις
970 3802 1339 3873 περιποίησιν,
1368 3819 1386 3852 ι
1413 3801 1503 3853 διά
1523 3818 1602 3853 τοι
1630 3801 1691 3853 τὸ
1718 3801 1913 3864 κάλλος

332 3899 431 3967 τῆς
463 3895 688 3965 ἐνούσης
714 3894 895 3957 αὐτοῖς
926 3893 1292 3964 δικαιοσύνης,
1330 3893 1425 3945 καὶ
1473 3891 1588 3946 οῦτι
1632 3893 1736 3945 πού
1768 3910 1911 3963 φημι

333 3989 432 4058 τῆς
461 3986 602 4040 κατὰ
624 3988 808 4055 νόμον,
843 3985 1054 4056 ἐκείνης
1087 3984 1144 4036 δὲ
1189 3985 1410 4054 μᾶλλον,
1445 3984 1512 4056 ἣν
1550 3984 1638 4036 διὰ
1675 3984 1783 4038 τῶν
1817 3984 1912 4038 τοῦ

334 4080 586 4149 Σωτῆρος
612 4079 875 4147 ἐσχήκασι
897 4077 1303 4146 θεσπισμάτωνο
1330 4077 1567 4146 ἀμείνων
1591 4077 1914 4148 δ’ίάσυγκρί-

335 4186 442 4232 τως
467 4172 499 4238 η
538 4167 628 4221 διὰ
652 4165 890 4238 Χριστοῦ
917 4167 1016 4237 τῆς
1044 4168 1106 4220 ἐν
1149 4166 1316 4237 νόμῳ·
1362 4169 1456 4219 καὶ
1482 4166 1613 4234 γοῦν
1661 4166 1767 4237 ἔφη
1802 4169 1913 4230 τοῖς

334 4260 510 4329 ἁγίοις
571 4259 909 4323 ἀποστόλοιςο
967 4277 988 4310 ι
1059 4259 1232 4329 ’Δμὴν
1282 4258 1424 4327 λέγω
1476 4259 1644 4328 ὑμῖν,
1701 4259 1796 4312 ἐὰν
1838 4260 1913 4331 μὴ

335 4351 734 4426 περισσεύσῃή
784 4351 1104 4423 δικαιοσύνη
1151 4351 1304 4420 ὑμῶν
1355 4352 1536 4406 πλεῖον
1587 4351 1700 4404 τῶν
1727 4353 1912 4424 Γραμ-

339 4445 552 4515 ματέων
597 4446 692 4498 καὶ
725 4445 1054 4516 Φαρισαίων,
1085 4444 1146 4496 ού
1179 4445 1254 4515 μὴ
1286 4445 1562 4514 εἰσέλθητε
1584 4447 1662 4507 εἰς
1690 4445 1789 4515 τὴν
1813 4443 1910 4515 βα-

338 4536 540 4590 σιλείαν
568 4537 674 4589 τῶν
691 4536 954 4607 ούρανῶν.
971 4555 1068 4589 ι-
1092 4557 1110 4589 ι
1132 4537 1502 4608 Κεκλήσονται
1525 4537 1726 4600 τοίνυν,
1753 4537 1909 4607 φησὶ,

990 3071 1125 3140 μὲν,
1184 3071 1266 3122 ὅτι
1332 3091 1349 3122 ι
1398 3072 1779 3135 Ἀσθενοῦντας
1828 3073 2193 3144 θεραπεύετε,

2282 3074 2534 3144 δαιμόνια
2595 3072 2924 3137 ἐκϐάλλετε,
2973 3071 3198 3142 νεκροὺς
3258 3069 3529 3139 ἐγείρετε·
3564 3087 3582 3117 ι

2088 3256 2250 3311 Vens.
2276 3256 2328 3310 4.
2369 3256 2433 3309 Et
2465 3256 2788 3310 vocabuntur
2810 3257 3078 3324 progenies
3103 3255 3354 3324 justitiw,
3379 3255 3589 3323 planta-

2017 3351 2089 3402 tio
2131 3347 2338 3401 Domini
2365 3349 2418 3400 in
2467 3347 2715 3415 gloriam.
2779 3343 2845 3397 Et
2895 3346 3230 3414 a'diﬁcabunt
3281 3345 3588 3399 solitudines

2015 3451 2259 3502 wlernas,
2280 3450 2508 3491 vastatas
2534 3438 2680 3505 prius
2708 3436 3094 3498 excitabunt,et
3113 3436 3432 3489 innovabunt
3458 3436 3586 3489 civi-

2014 3541 2145 3584 tates
2177 3529 2433 3592 desertas,
2460 3537 2690 3580 vastatas
2721 3528 2775 3579 in
2798 3527 3176 3595 generationes.

2087 3708 2480 3774 Nuncupantur
2517 3704 2662 3758 enim
2709 3703 2800 3772 qui
2840 3706 2894 3757 in
2919 3702 3139 3757 Christo
3184 3712 3312 3757 sunt
3347 3721 3366 3754 ι
3419 3718 3588 3774 genus

2015 3796 2271 3859 electum,
2303 3810 2436 3864 gens
2486 3803 2694 3855 sancta,
2724 3792 2949 3861 p0pulus
2980 3791 3276 3860 acquisitus
3314 3792 3412 3858 “,i
3463 3806 3587 3861 pro-

2014 3902 2133 3960 pter
2152 3889 2379 3958 iustitiae
2395 3902 2514 3956 qua:
2532 3885 2634 3938 illis
2657 3884 2797 3938 inest
2817 3883 3292 3954 pulchritudinem.
3313 3882 3584 3937 Justitiam

2015 3982 2137 4036 dico
2169 3996 2272 4036 non
2304 3978 2551 4044 legalem,
2589 3977 2681 4033 sed
2717 3979 2892 4045 putius
2935 3990 3078 4038 eam,
3109 3989 3271 4043 quam
3297 3990 3360 4029 ex
3390 3975 3586 4030 Serva-

2016 4073 2152 4127 toris
2181 4071 2420 4126 oraculis
2452 4071 2777 4125 habuerunt.
2809 4067 2940 4132 Quae
2974 4067 3026 4119 in
3058 4065 3276 4120 Christo
3297 4076 3399 4131 est,
3430 4063 3585 4136 legali

2009 4161 2224 4230 justitia
2256 4159 2448 4214 melior
2469 4168 2553 4213 est
2594 4156 3109 4225 incomparabiliter.
3146 4154 3424 4224 Siquidem
3460 4171 3586 4210 san-

2013 4263 2128 4308 ctos
2149 4250 2422 4318 apostolos
2441 4250 2703 4304 allocutus
2730 4255 2814 4303 est
2836 4266 2850 4301 :
2891 4267 2910 4300 ι
2934 4249 3105 4303 Amen
3129 4248 3251 4302 dico
3272 4249 3449 4314 vobis,
3482 4248 3585 4302 nisi

2014 4344 2369 4398 abundaverit
2396 4343 2607 4410 iustitia
2640 4353 2814 4396 vestra
2863 4341 3145 4411 plusquam
3194 4341 3506 4396 Scribarum
3530 4350 3588 4396 et

2014 4437 2428 4496 Pharisaeorum.
2451 4451 2558 4488 non
2623 4434 2996 4503 ingrediemini
3042 4434 3094 4486 in
3154 4448 3374 4502 regnum
3420 4437 3585 4490 caelo-

2018 4545 2132 4583 rum
2165 4530 2232 4583 ⁵⁷.
2259 4547 2277 4580 ι
2302 4559 2372 4569 -—
2404 4546 2422 4578 ι
2449 4527 2798 4581 Vocabuntur
2831 4525 3018 4592 igitur,
3055 4524 3250 4591 inquit,
3294 4525 3580 4593 progenies

338 4627 683 4696 δικαιοσύνης
732 4629 935 4695 γενεαὶ,
987 4628 1081 4680 καὶ
1115 4627 1338 4697 προσέτι
1373 4627 1622 4696 φύτευμα
1643 4626 1902 4696 Κυρίου.)

2020 4620 2252 4688 iustitiaa,
2290 4629 2340 4674 et
2371 4627 2628 4686 praeterea
2658 4614 2916 4684 plantatio
2943 4611 3179 4666 Domini.
3216 4629 3234 4662 ι
3264 4611 3468 4664 Etenim
3494 4628 3583 4665 su-

341 4720 448 4772 Kal.
481 4719 591 4789 γάρ
644 4722 809 4788 ἐσμεν
866 4718 1081 4787 ἀληθῶς
1144 4717 1280 4771 Θεοῦ
1333 4717 1620 4788 γεώργιον,
1647 4719 1738 4770 καὶ
1788 4705 1916 4788 περὶ

2016 4726 2137 4764 mus
2170 4725 2297 4763 vere
2327 4709 2419 4763 Dei
2447 4708 2866 4777 agricultura,et
2898 4704 2964 4758 de
2996 4704 3149 4757 nobis
3178 4703 3394 4756 divinus
3421 4705 3585 4756 David

337 4811 496 4880 ἡμῶν
519 4812 546 4863 6
565 4812 848 4874 θεσπέσιος
875 4812 1040 4865 Δαϐίδ
1070 4828 1221 4882 φησι·
1259 4829 1278 4862 ι
1317 4811 1720 4882 Πεφυτευμένοι
1759 4809 1816 4864 ἐν
1841 4809 1918 4879 τῷ

2020 4804 2124 4856 ait:
2165 4800 2441 4855 «Plantati
2499 4802 2550 4854 in
2609 4801 2766 4853 domo
2829 4797 3061 4860 Domini,
3114 4794 3166 4848 in
3228 4794 3586 4848 tabernaculis

338 4905 470 4975 οἴκῳ
498 4905 725 4974 Κυρίου,
758 4907 814 4958 ἐν
837 4908 956 4969 ταῖς
987 4905 1172 4968 αὐλαῖς
1202 4905 1296 4958 τοῦ
1329 4905 1463 4958 Θεοῦ
1514 4905 1668 4974 ἡμῶν
1690 4903 1918 4972 ἐξανθή-

2020 4895 2109 4951 Dei
2146 4895 2314 4950 nostri
2361 4892 2624 4947 ﬂorebunt
2651 4892 2718 4944 ⁶⁸.
2753 4909 2772 4941 ι
2805 4889 3081 4957 Siquidem
3129 4885 3323 4939 Paulus
3368 4886 3585 4953 sapiun-

345 5014 512 5052 σουσι.
550 5016 568 5046 ι
605 4997 712 5049 Καὶ
734 4997 865 5064 γοῦν
899 5000 926 5050 6
953 4998 1226 5065 πάνσοφος
1261 4996 1470 5060 Παῦλος
1489 4996 1623 5048 Θεοῦ
1655 4995 1918 5065 γεώργιον

2020 4989 2259 5042 tissimus
2316 4985 2407 5038 Dei
2458 4983 2838 5050 agriculturam
2901 4981 3145 5034 nominat
3172 4978 3236 5040 ⁸³,
3285 4975 3447 5048 863
3495 4975 3586 5044 qui

338 5089 596 5158 ὀνομάζει
617 5091 742 5152 τοὺς
767 5089 1135 5158 κεκλημένους
1164 5088 1251 5141 διὰ
1280 5089 1511 5151 πίστεως
1548 5088 1645 5157 τῆς
1692 5089 1749 5139 ἐν
1778 5089 1912 5156 Χρι-

2020 5093 2112 5148 per
2153 5076 2312 5130 [idem
2376 5074 2430 5128 in
2479 5073 2694 5128 Christo
2734 5072 2904 5126 vocati
2938 5079 3083 5126 sunt.
3141 5069 3346 5123 Rursus
3407 5068 3583 5120 dixit:

342 5179 470 5251 στῷ.
499 5181 645 5248 Ἔφη
685 5179 741 5232 δὲ
773 5180 952 5243 πάλιν,
983 5182 1064 5232 ὃτι
1098 5197 1115 5228 ι
1160 5178 1298 5247 Ἐγὼ
1327 5177 1614 5246 ἐφύτευσα,
1643 5174 1911 5237 Ἀπολλὼς

2024 5187 2042 5220 ι
2072 5168 2180 5236 Ego
2209 5165 2467 5235 plantavi,
2503 5163 2691 5232 Apollo
2724 5163 2937 5231 rigavit,
2966 5163 3058 5215 sed
3099 5162 3237 5214 Deus
3280 5162 3586 5212 incremen-

340 5272 609 5332 ἐπότισεν,
640 5273 669 5323 6
705 5271 761 5323 δὲ
800 5271 930 5333 Θεὸς
954 5268 1175 5340 ηῦξανε.
1224 5289 1242 5320 ι
1299 5269 1538 5338 Γεωργεῖ
1581 5267 1690 5335 γὰρ
1714 5267 1863 5335 ἡμᾶς
1887 5267 1935 5317 ὁ·

342 5359 554 5434 Σωτὴρ
580 5362 669 5416 διὰ
725 5361 832 5415 τῶν
887 5363 1058 5430 ἁγίων
1111 5360 1498 5430 μυσταγωγῶνο
1532 5359 1786 5429 ταύτητοι
1821 5358 1915 5410 καὶ

346 5453 490 5523 μάλα
528 5458 751 5520 εἰκότως
802 5457 964 5527 φασὶν
1030 5457 1251 5517 ἑαυτοὺς
1313 5454 1606 5524 συνεργοὺς
1664 5449 1915 5518 γενέσθαι

344 5543 508 5626 Θεοῦᾷ
528 5549 757 5626 ’Ψάλλει
807 5550 863 5603 δὲ
920 5549 1014 5602 καὶ
1051 5551 1080 5602 6
1121 5547 1392 5614 πάνσοφος
1426 5543 1610 5599 Δαϐίδο
1641 5562 1659 5594 ι
1698 5541 1914 5603 Δίκαιος

2023 5271 2135 5314 tum
2163 5258 2308 5313 dedit
2331 5259 2399 5310 ⁷ο.
2431 5275 2449 5308 ι
2475 5256 2614 5310 Colit
2643 5255 2784 5309 enim
2816 5269 2914 5308 nos
2941 5253 3093 5322 Quasi
3118 5251 3373 5322 agricola‘
3400 5251 3588 5304 Serva-

2021 5360 2129 5415 tor,
2178 5365 2273 5420 per
2313 5359 2530 5404 sanctos
2568 5356 2929 5416 mystagogos.
2969 5343 3120 5398 Unde
3153 5350 3206 5395 et
3240 5340 3454 5408 quidem
3500 5339 3584 5407 jn-

2022 5443 2258 5497 stissime
2279 5440 2463 5494 dicunt
2489 5452 2546 5492 se
2574 5436 2666 5489 Dei
2700 5450 2818 5490 esse
2842 5432 3204 5502 cooperarios.
3240 5430 3428 5485 Psallit
3454 5446 3586 5498 quo-

2022 5550 2127 5605 que
2155 5533 2321 5587 David
2343 5529 2801 5601 sapientissimus:
2829 5545 2847 5579 ι
2867 5525 3054 5582 Justus
3077 5533 3133 5579 ut
3157 5523 3327 5594 palma
3352 5521 3580 5583 ﬂorebit,

416 5733 462 5764 “
485 5732 628 5792 Psal.
659 5753 806 5799 xuv,
838 5737 922 5793 Π.
997 5737 1042 5768 ⁸³
1076 5734 1243 5790 lCor.
1277 5749 1350 5796 iv,
1377 5734 1463 5788 15.
1540 5735 1585 5765 “
1612 5733 1800 5787 Matth.
1827 5749 1882 5799 κ,
1917 5768 1918 5774 η

2049 5734 2093 5766 ⁸⁵
2131 5732 2317 5787 Matth.
2354 5748 2405 5798 ν,
2436 5732 2521 5788 H.
2600 5731 2643 5763 “
2681 5729 2856 5784 IPetr.
2897 5745 2955 5795 ll,
2994 5730 3046 5783 9.
3123 5727 3163 5758 ⁸⁷
3196 5725 3381 5780 Matth.
3409 5739 3455 5785 v,
3487 5722 3580 5778 20.

347 5803 394 5836 "
428 5803 570 5861 Psal.
598 5823 705 5875 xei,
731 5808 813 5862 14.
890 5811 933 5840 ⁸³
967 5807 1136 5862 lCnr.
1171 5822 1247 5871 ltl,
1280 5807 1331 5860 9.
1409 5807 1455 5837 ⁷ο
1509 5804 1636 5860 ibid.
1671 5807 1723 5856 6.
