4054 6376
483 329 516 385 ’1
527 326 632 385 339

1471 304 1527 361 S.
1569 298 1842 360 CYRILLI
1882 292 2357 352 ALEXANDRINI
2400 288 2719 349 ARCHIEP.

3607 282 3751 339 1360

488 445 644 519 quasi
677 442 870 498 cedrus
908 437 960 492 in
997 433 1201 489 Libano
1245 423 1763 497 multiplicahitur".
1804 443 1823 475 ι
1861 421 2057 478 Sumus

2165 413 2233 481 ὦς
2250 416 2422 488 φοῖνιξ
2449 417 2692 485 ἀνθήσει,
2711 413 2840 466 ὡσεὶ
2858 411 3046 483 κέδρος
3067 413 3169 482 ήέν
3192 412 3268 482 τῷ
3287 410 3501 481 Λιϐάνῳ
3516 408 3756 480 πληθυν-

491 509 670 606 itaque
688 528 946 605 plantatio
960 522 1205 587 Domini,
1233 528 1286 572 et
1313 518 1365 571 in
1393 515 1618 586 gloriam
1646 528 1780 582 ejus.
1822 531 1838 563 ι
1870 509 2058 565 ΑΞιΙΗί-

486 603 934 682 οεδυιιινιιιιιειιι,
983 612 1176 681 inquit,
1222 608 1471 663 civitates
1512 603 1755 658 desertas
1803 608 2055 659 aeternas,

485 729 544 775 et
603 711 935 770 innovabunt
972 705 1234 759 civitates
1290 698 1549 752 desertas.
1582 712 1601 746 ι
1655 691 1879 747 Videtur
1937 689 2060 743 inde

487 810 629 865 velle
654 798 1081 877 signiﬁcare,ve|
1112 792 1509 850 multitudinem
1535 788 1897 843 vocandornm
1940 793 2058 838 tan-

491 910 598 954 tam
628 896 835 960 fore,ut
865 901 917 946 et
944 888 1079 943 alias
1105 885 1376 948 civitates,
1406 888 1605 949 praeter
1635 892 1727 931 eas
1761 891 1878 945 quae
1913 883 2059 934 sunt,

490 995 754 1061 quaerant,
787 991 841 1036 et
876 996 994 1051 qme
1026 986 1247 1032 vastata:
1284 982 1410 1026 sunt
1445 967 1734 1039 aliquando
1773 965 2013 1021 reﬁciant
2044 981 2058 1029 ;

494 1058 575 1138 vel
602 1078 730 1135 illud
759 1072 1037 1131 fortassis:
1060 1071 1112 1125 lu
1138 1066 1418 1137 angustias
1445 1064 1588 1117 enim
1624 1062 1847 1124 rcdactl,
1867 1058 2061 1128 inquit,

491 1182 708 1246 propter
747 1164 1168 1229 multitudinem,
1206 1159 1467 1215 ecclesias
1513 1154 1684 1209 nudas
1723 1154 1847 1207 licet
1879 1159 1933 1204 et
1970 1149 2064 1202 de-

490 1241 663 1322 sertas
685 1264 836 1327 olim,
868 1259 972 1314 tale
997 1257 1251 1325 quiddam
1281 1250 1537 1311 ellicient,
1565 1246 1725 1317 quale
1768 1245 1943 1299 solent
1979 1241 2062 1294 l‘a-

490 1369 637 1417 cere,
669 1351 758 1422 qui
807 1350 1056 1405 civitates
1096 1329 1332 1398 vastatas
1366 1338 1657 1400 aediﬁcant,
1693 1344 1747 1389 et
1772 1335 1861 1404 qui
1916 1331 2063 1385 humi

483 1447 726 1515 jacentes
773 1438 1172 1514 quodammodo
1227 1436 1465 1489 excitare
1509 1437 1782 1499 satagunt.
1854 1426 2064 1481 Dictum

490 1513 571 1588 est
613 1532 757 1586 enim
793 1513 1058 1584 Ecclesia:
1092 1545 1106 1581 :
1152 1544 1171 1577 ι
1204 1523 1374 1581 Dilata
1425 1524 1599 1578 locum
1640 1515 1858 1572 tentorii
1893 1513 1970 1568 tui
2014 1521 2067 1567 et

488 1623 793 1677 aulatorum
839 1630 1083 1681 tuorum,
1136 1616 1257 1685 ﬁge,
1306 1628 1373 1668 ne
1433 1624 1627 1684 parcas
1660 1608 1727 1658 "'.
1766 1604 1956 1658 Adhuc
2012 1603 2065 1657 in

487 1714 693 1768 dextris
729 1722 781 1765 et
816 1711 868 1764 in
900 1709 1132 1765 sinistris
1154 1706 1417 1776 expande.
1456 1723 1474 1755 ι
1506 1702 1700 1756 Veram
1730 1711 1851 1753 esse
1883 1697 1949 1749 de
1969 1695 2069 1748 hac

2162 514 2405 583 θήσεται.
2437 531 2454 562 ι
2489 509 2681 580 Ἐσμέν
2710 505 2773 578 δὴ
2819 500 2912 559 οὖν
2956 506 3063 576 ἄρα
3116 503 3367 574 φύτευμα
3401 502 3625 573 Κυρίου,
3660 499 3756 554 καὶ

2162 606 2240 668 εἰς
2293 604 2448 671 δόξαν
2483 601 2670 658 αὑτοῦ.
2718 618 2737 650 ι
2778 597 3200 667 Οἰκοδομήσουσι
3252 595 3327 659 δὲ,
3375 594 3527 664 φησι,
3570 592 3757 654 πόλεις

2161 697 2400 768 ἐρήμους
2442 693 2688 756 αἰωνίας,
2745 690 2841 743 καὶ
2890 688 3156 741 καινιοῦσι
3206 687 3388 749 πόλεις
3440 686 3695 755 ἐρήμους.
3726 702 3747 733 ι

2166 792 2349 843 Ἐοικε
2380 785 2661 858 βούλεσθαι
2690 785 2779 838 διὰ
2803 784 2992 837 τούτου
3014 781 3225 854 δηλοῦν,
3252 780 3285 850 ἢ
3314 778 3374 831 τὸ
3404 778 3602 847 πλῆθος
3643 777 3759 829 τῶν

2163 880 2613 952 κληθησομένων,
2629 878 2703 940 ὡς
2718 876 2868 930 ἐσται
2892 872 3308 934 τοσοῦτον,ῶστε
3332 870 3426 921 καὶ
3443 867 3621 928 πόλεις
3638 866 3758 918 ἐτέ-

2168 991 2269 1045 ρας
2298 973 2449 1043 παρὰ
2477 970 2574 1034 τὰς
2620 972 2786 1029 οὔσας
2825 968 3125 1039 ἐπιζητεῖν,
3152 965 3245 1018 καὶ
3289 959 3548 1016 ἀνανεοῦν
3584 957 3757 1018 αὐτας

2164 1064 2528 1135 ἐρημωμένας
2566 1062 2903 1135 ποτὲ“ᾕγουν
2947 1058 3121 1112 ἐκεῖνό
3171 1074 3274 1110 που
3303 1054 3758 1124 τάχαθΣτενοχω-

2170 1152 2395 1226 ροῦντες
2425 1153 2557 1223 γὰρ,
2582 1153 2735 1223 φησι,
2766 1151 2844 1222 τῷ
2870 1150 3065 1221 πλήθει
3092 1149 3189 1210 τὰς
3224 1144 3538 1216 ἐκκλησίας,
3577 1143 3756 1194 καίτοι

2166 1247 2379 1318 γυμνὰς
2412 1245 2578 1309 οὔσας
2616 1246 2709 1299 καὶ
2736 1245 2977 1315 ἐρήμους
3008 1242 3157 1308 ποτὲ,
3212 1238 3470 1310 δράσουσί
3502 1254 3553 1289 τι
3582 1234 3759 1288 τοιοῦ-

2167 1355 2280 1401 τον,
2335 1338 2519 1390 ὁποῖον
2578 1335 2833 1388 εἰώθασιν
2878 1335 3010 1405 δρᾷν
3048 1335 3097 1385 οἱ
3155 1332 3337 1394 πόλεις
3381 1327 3758 1400 ἠρημωμένας

2168 1428 2477 1499 οἰκοδομεῖν
2502 1426 2797 1489 ἐθέλοντες,
2821 1427 2914 1478 καὶ
2929 1420 3039 1478 οἷον
3057 1423 3230 1494 χαμαὶ
3245 1422 3503 1491 κειμένας
3522 1419 3758 1490 ἐγείρειν

2172 1517 2584 1581 σπουδάζοντες.
2615 1517 2841 1587 Είρηται
2885 1515 3016 1584 γοῦν
3065 1515 3201 1585 πρὸς
3245 1514 3342 1584 τὴν
3396 1510 3753 1578 Ἐκκλησίαν·

2181 1631 2198 1662 ι
2231 1610 2509 1664 Πλάτυνον
2537 1610 2629 1663 τὸν
2657 1609 2821 1661 τόπον
2849 1608 2947 1679 τῆς
2978 1608 3182 1677 σκηνῆς
3228 1622 3344 1667 σου,
3395 1604 3489 1657 καὶ
3516 1602 3758 1657 αὑλαιῶν

2173 1717 2266 1753 σου
2297 1699 2485 1770 πῆξον,
2537 1699 2610 1769 μὴ
2656 1697 2841 1768 φείσῃο
2888 1698 2967 1750 ἔτι
3028 1699 3106 1759 εἰς
3160 1695 3228 1747 τά
3263 1692 3411 1757 δεξιὰ
3458 1694 3549 1745 καὶ
3581 1693 3659 1752 είς
3688 1690 3759 1743 τά

488 1821 548 1861 re
579 1803 1004 1876 praedictionem,
1036 1801 1151 1870 ipse
1179 1814 1356 1853 rerum
1383 1805 1607 1852 eventus
1637 1790 1875 1848 ostendit
1906 1786 2058 1841 facil-

2165 1793 2421 1864 ἀριστερὰ
2453 1791 2773 1844 ἐκπέτασον.
2802 1810 2819 1841 ι
2846 1788 3045 1859 Ἀληθῆ
3070 1787 3127 1839 δέ
3169 1782 3331 1839 οὖσαν
3359 1786 3457 1854 τὴν
3490 1783 3615 1853 περὶ
3634 1783 3757 1835 τού-

486 1903 636 1957 lime.

557 2082 722 2136 Vsus.
764 2079 879 2136 5-7.
917 2076 985 2132 Ει
1038 2076 1234 2131 venient
1284 2071 1588 2141 alienigena:
1636 2074 1903 2135 pascentes
1949 2078 2062 2114 oves

478 2183 629 2237 etuas,
663 2181 707 2223 et
751 2169 939 2223 aliena:
968 2166 1136 2236 gentis
1170 2174 1404 2216 aratores
1433 2170 1479 2213 et
1527 2158 1800 2212 vinitores.
1835 2150 1935 2204 Vos
1969 2166 2064 2203 au-

488 2275 589 2318 tem
612 2262 906 2316 sacerdotes
936 2257 1147 2311 Domini
1172 2252 1503 2316 vocabimini,
1528 2249 1758 2304 ministri
1786 2246 1895 2300 Dei.
1927 2241 2065 2296 For-

488 2355 766 2411 titudinem
791 2353 1020 2422 gentium
1047 2347 1344 2411 comedetis,
1373 2354 1421 2399 et
1448 2347 1500 2398 in
1532 2343 1727 2397 divitiis
1750 2354 1928 2394 eorum
1959 2336 2065 2390 eri—

487 2448 554 2500 tis
589 2444 948 2499 admirabiles.
987 2439 1092 2494 Pro
1122 2438 1427 2504 confusione
1452 2444 1621 2488 vestra
1646 2432 1864 2498 duplici,
1897 2440 1942 2483 et
1970 2443 2063 2494 pro

488 2537 677 2589 rubore
710 2533 974 2587 lwtabitnr
1017 2544 1140 2597 pars
1171 2541 1372 2590 eorum,
1422 2534 1467 2578 et
1492 2523 1567 2577 sic
1598 2531 1790 2575 terram
1835 2518 2062 2573 secundo

486 2625 847 2696 possidebunt.
876 2621 953 2675 -Ει
987 2622 1235 2693 gaudium
1260 2618 1629 2687 sempiternum
1659 2614 1755 2669 erit
1786 2627 1941 2681 super
1972 2625 2063 2663 ca-

480 2731 579 2787 put
609 2734 811 2773 eorum.

558 2894 769 2951 Diserte
799 2892 901 2948 ‘hic
935 2890 1081 2959 ‘legis
1118 2896 1173 2943 et
1226 2885 1513 2943 sacerdotii
1579 2884 1630 2938 in
1676 2897 1746 2938 ea
1807 2877 2064 2950 descripti

490 2986 897 3042 translationem
924 2983 1038 3037 fore
1060 2980 1210 3036 dicit.
1233 2979 1349 3034 Non
1383 2978 1524 3034 enim
1551 2977 1662 3047 jam
1690 2974 1950 3028 Leviticis
1978 2987 2064 3026 sa-

488 3076 900 3140 criﬁcium,non
932 3072 1216 3127 ministerii
1242 3084 1437 3126 nomen
1466 3079 1559 3123 aut
1580 3083 1668 3122 res
1695 3063 2060 3137 quadraverit;

489 3169 583 3225 sed
617 3168 821 3223 exclusi
844 3173 969 3221 snnt
1006 3164 1196 3230 isti,ac
1230 3163 1350 3217 data
1376 3171 1460 3216 est
1494 3162 1607 3215 Iure
1636 3158 1805 3228 gloria
1833 3156 1938 3210 illis
1971 3155 2060 3224 qui

486 3277 551 3315 ex
584 3258 835 3329 gentibus
866 3270 963 3328 per
995 3254 1151 3308 ﬁdem
1181 3252 1355 3307 vocati
1382 3260 1528 3306 sunt.
1558 3250 1653 3304 Dei
1678 3248 1820 3303 enim
1856 3245 2063 3300 calculo

486 3351 731 3408 coronati
768 3359 916 3407 sunt.
945 3358 1002 3403 et
1023 3347 1122 3415 ipsi
1155 3345 1429 3400 constituti
1465 3353 1592 3399 sunt
1617 3340 1851 3396 ministri
1886 3353 1946 3393 ac
1978 3352 2064 3390 sa-

486 3449 752 3503 cerdotes.
786 3462 806 3497 ι
844 3442 1073 3497 Venient
1130 3440 1295 3503 enim,
1343 3437 1542 3505 inquit,
1596 3433 1911 3504 alienigena:
1971 3446 2064 3501 pa-

486 3554 698 3599 scentes
724 3553 854 3594 oves
880 3547 1055 3591 tuas»
1083 3531 1324 3587 Habetur
1356 3539 1540 3582 autem
1578 3526 1695 3580 haec
1718 3524 1892 3580 oratio
1919 3522 2065 3576 velut

486 3637 554 3691 ad
583 3632 913 3694 Ecclesiam,
934 3629 1099 3698 cujus
1138 3638 1265 3679 oves
1291 3620 1511 3691 intelligi
1538 3627 1782 3689 possunt,
1816 3624 2062 3671 servatu-

486 3742 605 3782 rum
635 3740 730 3796 per
757 3724 913 3778 fidem
951 3728 1137 3775 saneta
1169 3711 1615 3769 multitudoﬂmc
1654 3713 1720 3765 ab
1746 3708 2062 3777 alienigenis

486 3816 744 3888 pascitur.
763 3814 902 3868 Olim
926 3812 1070 3867 enim
1110 3806 1313 3862 Scriba:
1338 3813 1393 3858 et
1421 3802 1703 3865 Pharisaei,
1722 3801 1810 3869 qui
1837 3798 2059 3853 docendi

484 3907 652 3981 86h
676 3921 872 3961 munus
904 3901 1045 3972 apud
1071 3898 1345 3955 lsraelitas
1365 3895 1540 3950 sortiti
1569 3890 1986 3958 sunt,socordes
2008 3896 2063 3943 et

489 4002 693 4057 resides
721 4015 784 4053 ac
812 3990 1202 4065 imperitissimi
1232 3998 1481 4058 pastores
1510 3985 1859 4040 exstiterunt.
1896 3981 2061 4037 Periit

488 4096 651 4163 igitur
677 4091 822 4161 ipsis
871 4086 1112 4153 subjecta
1160 4079 1465 4141 multitudo,
1497 4076 1931 4147 quilndnquidem
1974 4089 2060 4128 ar-

484 4192 705 4257 gentum
745 4180 1030 4248 reprobum
1076 4174 1365 4235 habebant,
1397 4179 1452 4225 et
1482 4170 1745 4224 docebant
1785 4166 2060 4221 doctrinas

486 4274 737 4334 mandata
773 4271 1073 4331 hominum,
1104 4275 1159 4321 et
1188 4281 1215 4320 a
1243 4263 1446 4319 Christi
1482 4262 1791 4332 cognitione
1815 4260 2059 4313 subditos

2164 1902 2260 1937 του
2287 1883 2685 1954 προαγόρευσιν
2708 1923 2723 1948 ,
2757 1880 2892 1951 αὐτὴ
2920 1879 3027 1933 τῶν
3067 1878 3405 1951 πραγμάτων
3458 1879 3493 1947 η
3533 1875 3758 1935 ἔκϐασις

2165 1974 2456 2038 ἐκδείξειεν
2487 1973 2573 2038 ἂν,
2608 1974 2701 2025 καὶ
2735 1971 2879 2041 μάλα
2914 1969 3131 2041 ῥᾳδίως.

2237 2067 2346 2119 Καὶ
2384 2065 2644 2134 ἥξουσιν
2680 2062 3033 2133 ἀλλογενεῐς
3066 2062 3486 2129 ποιμαίνοντες
3518 2057 3588 2111 τὰ
3608 2074 3755 2125 προ-

2164 2159 2310 2214 ϐατὰ
2356 2174 2508 2223 σου,
2538 2157 2636 2211 καὶ
2676 2158 3020 2225 ἀλλόφυλοι
3062 2152 3349 2221 ἀροτῆρες
3374 2193 3387 2215 ,
3430 2150 3528 2203 καὶ
3571 2150 3759 2219 ἀμπε-

2163 2254 2443 2323 λοιεργοίο
2509 2250 2676 2321 ὑμεῖς
2722 2249 2792 2303 δὲ
2841 2249 3015 2317 ἱερεῖς
3062 2247 3282 2315 Κυρίου
3327 2243 3755 2311 κληθήσεσθε,

2162 2344 2493 2413 ,λειτουργοὶ
2519 2344 2689 2398 Θεοῦ.
2736 2342 2942 2412 Ἰσχὺν
2983 2340 3174 2395 ἐθνῶν
3199 2336 3539 2401 κατέδεσθε,
3562 2335 3662 2389 καὶ
3689 2336 3763 2388 ἐν

2162 2436 2242 2501 τῷ
2274 2436 2513 2501 πλούτῳ
2558 2434 2756 2489 αὐτῶν
2798 2430 3320 2501 θαυμασθήσεσθε.
3344 2424 3610 2498 1(1)Ἀντί
3647 2422 3759 2491 τῆς

2163 2528 2466 2596 αἰσχύνης
2481 2523 2646 2595 ὑμῶν
2666 2522 2774 2589 τῆς
2792 2519 3030 2588 διπλῆς,
3061 2518 3158 2572 καὶ
3176 2519 3308 2571 ἀντὶ
3332 2516 3443 2582 τῆς
3464 2511 3762 2582 ἐντροπῆς

2162 2616 2593 2686 ἁγαλλιάσεται
2626 2616 2665 2683 ἡ
2683 2613 2851 2683 μερὶς
2903 2608 3119 2674 αὐτῶν,
3153 2608 3249 2662 καὶ
3280 2604 3487 2677 οὕτως]
3513 2607 3581 2658 ἐκ
3618 2604 3758 2658 δευ-

2164 2709 2336 2777 τέρας
2378 2705 2909 2776 κληρονομήσουσι
2949 2704 3066 2772 τὴν
3096 2700 3229 2773 γῆν.
3264 2700 3373 2754 Καὶ
3404 2699 3755 2768 εὐφροσύνη

2164 2801 2400 2866 αἰώνιος
2428 2797 2580 2867 ὑπὲρ
2612 2797 2884 2867 κεφαλῆς
2914 2795 3136 2850 αὐτῶν.

2250 2891 2513 2946 Ἐνταῦθα
2564 2891 2750 2961 σαφῶς
2801 2888 2894 2942 τοῦ
2942 2888 3108 2957 νόμου
3163 2884 3453 2957 μετάθεσιν
3514 2881 3606 2934 καὶ
3652 2878 3757 2947 τῆς

2167 2985 2287 3036 κατ’
2322 2983 2482 3037 αὑτὸν
2512 2982 2817 3052 ἱερωσύνης
2846 2977 3063 3031 ἔσεσθαί
3094 2993 3277 3046 φησιν.
3314 2975 3389 3028 Οὐ
3411 2974 3516 3045 γὰρ
3538 2972 3615 3024 ἔτι
3644 2974 3758 3032 τοῖς

2165 3078 2397 3148 αἵματος
2438 3074 2532 3128 τοῦ
2566 3074 2697 3129 Λευῒ
2726 3074 2785 3127 τὸ
2816 3074 3117 3143 ἱερουργεῖν
3148 3072 3403 3142 ἁρμόσει,
3438 3069 3533 3123 καὶ
3559 3068 3618 3121 τὸ
3656 3067 3759 3136 τῆς

2170 3168 2508 3240 λειτουργίας
2530 3166 2701 3237 δνομά
2733 3182 2791 3218 τε
2821 3165 2915 3217 καὶ
2936 3163 3145 3234 χρῆμα,
3174 3162 3288 3216 ἀλλ’
3313 3160 3625 3231 ἐξώσθησαν
3653 3159 3756 3228 μὲν

2169 3262 2387 3321 ἐκεῖνοι,
2422 3259 2632 3312 δέδοται
2652 3256 2707 3309 δέ
2738 3259 2849 3318 τοῖς
2881 3254 2939 3319 ἐξ
2965 3254 3132 3307 ἐθνῶν
3155 3252 3511 3322 κεκλημένοις
3538 3250 3624 3303 διὰ
3656 3250 3755 3316 τῆς

2168 3354 2400 3415 πίστεως
2443 3354 2476 3422 ή
2522 3350 2615 3402 ἐπὶ
2662 3348 2802 3419 τῷδε
2833 3346 2982 3410 δόξα.
3014 3346 3198 3414 Ψήφῳ
3222 3343 3332 3415 γὰρ
3366 3340 3756 3411 στεφανοῦνται

2164 3444 2322 3509 Θεοῦ,
2350 3444 2442 3495 καὶ
2479 3441 2632 3494 αὐτοὶ
2659 3439 2949 3508 τετάχαται
2979 3434 3280 3505 λειτουργοί
3323 3450 3385 3485 τε
3429 3434 3523 3485 καὶ
3559 3434 3752 3502 ἱερεῖς·

2170 3556 2189 3589 ι
2232 3536 2455 3601 ’Ἡξουσι
2495 3535 2623 3606 γὰρ,
2660 3533 2845 3603 φησιν,
2886 3530 3191 3598 άλλογενεῖς
3257 3527 3631 3597 ποιμαίνοντες
3687 3525 3760 3576 τά

2166 3628 2415 3699 πρόϐατά
2468 3644 2583 3679 σου.
2616 3627 2807 3678 »Ἐστι
2854 3622 2911 3675 δέ
2960 3624 2988 3675 ὁ
3030 3622 3205 3688 λόγος,
3238 3618 3313 3682 ὠς
3366 3619 3501 3689 πρός
3547 3632 3609 3683 γε
3656 3615 3762 3683 τὴν

2174 3719 2519 3790 Ἐκκλησίαν,
2550 3713 2615 3788 ἧς
2644 3716 2707 3770 ἂν
2738 3715 2978 3787 νοηθεῖεν
3007 3713 3253 3784 πρόϐατα
3275 3710 3383 3763 τῶν
3405 3709 3494 3762 διὰ
3516 3707 3757 3768 πίστεως

2166 3810 2525 3881 σεσωσμένων
2568 3813 2601 3878 ἡ
2651 3807 2782 3877 ἁγία
2835 3806 3065 3877 πληθύς·
3106 3803 3244 3874 αὓτη
3297 3801 3641 3872 ποιμαίνεται
3687 3798 3757 3850 δι’

2162 3902 2483 3971 ἀλλογενῶν.
2518 3901 2579 3953 Oi
2629 3900 2727 3971 μέν
2777 3900 2887 3970 γάρ
2939 3898 3107 3951 πάλαι
3153 3896 3509 3967 Γραμματεῖς
3545 3909 3603 3945 τε
3656 3893 3755 3945 καὶ

2160 3996 2464 4065 Φαρισαῖοι,
2491 3996 2538 4046 οἱ
2561 3993 2622 4046 τὸ
2649 3992 3005 4063 καθηγεῖσθαι
3032 3990 3287 4060 λαχόντες
3310 3988 3418 4040 τῶν
3441 3985 3499 4050 ἐξ
3520 3984 3756 4054 αἵματος

2184 4086 2424 4158 Ἰσραὴλ,
2453 4084 2685 4157 ρᾁυμοί
2714 4101 2770 4137 τε
2802 4084 2895 4136 καὶ
2919 4080 3394 4143 ἀναπεπτωκότες,
3424 4078 3517 4130 καὶ
3541 4074 3761 4143 ἀτεχνέ-

2164 4191 2345 4229 στατοι
2370 4177 2625 4245 γεγόνασι
2651 4173 2929 4245 ποιμένες.
2947 4172 3217 4225 Ἀπόλωλε
3249 4169 3429 4240 γοῢνή
3458 4168 3546 4221 ὑπ’
3572 4166 3761 4227 αὐτοῖς

2160 4268 2464 4337 τεταγμένη
2496 4266 2725 4337 πληθὺς,
2761 4264 3059 4335 ἐπειδήπερ
3098 4258 3167 4335 ἦν
3197 4263 3382 4325 αὐτοῖς
3412 4258 3672 4327 ἀδόκιμον
3699 4256 3761 4309 τὸ

485 4366 849 4429 abducebant,
866 4361 1023 4415 modo
1058 4362 1332 4415 dicentes:
1372 4375 1390 4406 ι
1422 4354 1529 4408 Nos
1560 4352 1761 4409 scimus
1797 4351 1958 4423 Moysi
1989 4349 2060 4404 lo-

2165 4354 2774 4427 αργύριον.Ἐδίδασκον
2817 4354 2873 4407 δέ
2925 4355 3019 4406 xui.
3065 4352 3415 4406 διδασκαλίαν
3442 4349 3760 4417 ἐντάλματα

484 4470 667 4516 cutum
692 4471 819 4513 esse
850 4454 1187 4520 Deutn,hunc
1224 4460 1403 4504 autem
1436 4449 1703 4501 nescimus
1735 4442 2059 4508 undesit";p

486 4552 645 4606 modo
696 4549 929 4604 iterum:
960 4565 977 4596 ε
1010 4543 1338 4599 ῡωιηοιιίιιιη
1390 4540 1552 4594 habet
1593 4545 1649 4592 et
1686 4537 1907 4597 insanit,
1936 4533 2061 4603 quid

486 4644 635 4698 illam
657 4640 856 4694 auditis
882 4636 968 4690 7"?
994 4654 1012 4688 ι
1031 4633 1282 4689 Testatus
1301 4641 1386 4686 est
1409 4630 1591 4698 itaque
1613 4642 1743 4681 voce
1768 4628 2061 4695 propheta-

483 4750 603 4789 rum
658 4732 1030 4786 universorum
1083 4724 1361 4787 Dominus,
1402 4721 1481 4775 sic
1509 4719 1730 4774 dicens:
1763 4735 1781 4768 ι
1812 4715 2062 4770 Pastores

486 4825 632 4880 stulti
665 4821 789 4876 facti
814 4828 959 4885 sunt,
987 4828 1039 4872 et
1074 4817 1359 4872 Dominum
1392 4827 1494 4865 non
1542 4810 1888 4878 quaesierunt.
1937 4805 2062 4859 Pro-

486 4927 669 4986 pterea
695 4930 800 4969 non
824 4910 1089 4967 intellexit
1117 4922 1268 4979 grex,
1297 4917 1350 4961 et
1374 4904 1600 4974 dispersi
1628 4901 1843 4957 sunt".
1874 4918 1897 4951 ι
1931 4900 2057 4952 Item

485 5022 616 5064 voce
640 5003 974 5061 Ezechielis:
1011 5020 1033 5053 ι
1060 4999 1105 5056 0
1128 5008 1369 5068 pastores
1397 4994 1578 5060 Israel,
1614 5007 1739 5049 ecce
1766 4992 1849 5047 lac
1874 5006 2049 5045 come-

485 5102 635 5167 ditis,
676 5106 732 5154 et
761 5111 890 5152 oves
925 5108 1074 5149 meas
1113 5106 1217 5145 non
1264 5088 1483 5159 pascitis
1517 5086 1597 5153 ";
1624 5105 1643 5137 ι
1677 5094 1730 5138 et
1775 5083 1840 5136 ad
1893 5084 2007 5136 haec
2038 5102 2051 5136 :

487 5213 508 5246 ι
537 5192 767 5248 Pulchra
802 5201 996 5258 pascua
1024 5183 1349 5245 devorastis,
1378 5188 1433 5235 et
1482 5178 1738 5247 reliquias
1780 5175 2057 5229 conculca-

484 5284 582 5338 stis
605 5281 829 5351 pedibus
845 5278 1057 5333 vestris.
1091 5274 1155 5328 Et
1184 5273 1471 5327 collectam
1503 5282 1700 5337 aquam
1741 5266 1973 5330 bibistis,
2001 5274 2056 5318 et

488 5374 743 5445 reliquias
775 5369 1032 5426 turbastis
1055 5366 1282 5439 pedibus
1313 5362 1528 5418 vestris.
1548 5362 1689 5416 Oves
1716 5367 1893 5412 autem
1924 5372 2054 5412 meae

2165 4446 2490 4518 ἀνθρώπων,
2527 4448 2622 4500 καὶ
2648 4445 2746 4500 τοῦ
2776 4446 2971 4499 εἰδέναι
3001 4446 3237 4517 Χριστὸν
3268 4442 3602 4512 ἀπεκόμιζον
3628 4440 3761 4499 τοὺς

2165 4537 2624 4609 ὑπεζευγμένους,
2653 4538 2783 4591 ποτὲ
2830 4540 2927 4609 μὲν
2957 4538 3227 4606 λέγοντες’
3272 4554 3291 4587 ι
3314 4530 3499 4603 Ἡμεῖς
3528 4532 3761 4601 οἴδαμεν

2162 4629 2245 4682 ὅτι
2276 4629 2502 4681 Μωῡσεί
2542 4627 2835 4698 λελάληκεν
2863 4630 2891 4681 ὁ
2922 4628 3075 4692 Θεὸς,
3101 4625 3290 4679 τοῦτον
3318 4624 3375 4677 δέ
3398 4623 3495 4675 οὐκ
3528 4621 3761 4691 οἴδαμεν

2165 4719 2329 4773 πόθεν
2368 4720 2505 4773 ἐστί’
2542 4738 2561 4769 ι
2601 4720 2730 4771 ποτέ
2780 4719 2837 4771 δέ
2889 4719 3071 4773 πάλιν·
3116 4735 3135 4767 ι
3163 4716 3446 4787 Δαιμόνιον
3488 4712 3623 4782 ἔχει,
3661 4710 3760 4763 καὶ

2167 4808 2437 4880 μαίνεται,
2490 4809 2543 4862 τί
2599 4807 2765 4861 αὐτοῦ
2817 4808 3088 4871 ἁκούετες
3123 4827 3142 4860 ι
3176 4803 3585 4876 Διεμαρτύρατο
3620 4803 3761 4870 γοῦν

2167 4900 2254 4953 διὰ
2300 4902 2482 4971 φωνῆς
2531 4900 2823 4971 προφητῶν
2851 4903 2878 4953 ό
2906 4901 3015 4952 τῶν
3055 4899 3192 4951 ὅλων
3232 4897 3387 4959 Θεὸς,
3412 4895 3509 4947 ὡδὶ
3554 4894 3757 4960 λέγων,

2157 4992 2238 5044 ὅτι
2293 5010 2311 5042 ι
2348 4991 2411 5043 Οἱ
2442 4991 2696 5061 ποιμένες
2719 4991 3144 5061 ήιρρονεύσαντο,
3184 4988 3392 5040 καὶτὸν
3426 4984 3632 5054 Κύριον
3655 4985 3764 5036 οὐκ

2164 5083 2517 5154 ἐξεζήτησαν.
2554 5082 2652 5137 Διά
2688 5083 2846 5136 τοῦτο
2869 5084 2969 5137 οὐκ
2997 5083 3185 5153 ἐνόησε
3215 5082 3363 5133 πᾶσα
3399 5080 3433 5148 ή
3461 5075 3621 5146 νομὴ,
3658 5074 3762 5127 καί¹

2162 5174 2655 5245 διεσκορπίσθησαν
2673 5191 2687 5206 ·
2715 5194 2733 5226 ι
2764 5176 2857 5228 καὶ
2887 5175 2991 5246 μὴν
3018 5174 3105 5227 διὰ
3126 5173 3312 5243 φωνῆς
3336 5170 3429 5223 τοῦ
3464 5165 3759 5235 Ἰεξεχιήλ·

2168 5261 2267 5317 ιτΩ
2303 5266 2559 5336 ποιμένες
2598 5264 2691 5318 τοῦ
2728 5266 2963 5337 Ἰσραὴλ,
2996 5264 3071 5335 μὴ
3103 5264 3387 5335 βόσκουσιν
3417 5262 3465 5313 οἱ
3496 5257 3763 5326 ποιμένες

2162 5360 2388 5422 ἑαυτοὺς
2412 5400 2426 5422 ,
2460 5359 2580 5428 οὐχὶ
2628 5358 2697 5412 τὰ
2746 5358 2993 5427 πρόϐατα
3034 5358 3321 5428 βόσκουσιν
3361 5356 3411 5407 οἱ
3462 5350 3762 5420 ποιμένεςς

564 5549 605 5582 "
629 5549 770 5605 Psal.
800 5563 907 5613 scr,
938 5546 1025 5601 15.
1098 5544 1143 5575 ⁷²
1168 5540 1271 5597 lsa.
1296 5553 1412 5605 Liv,
1434 5538 1490 5591 2.
1563 5535 1610 5569 "
1638 5534 1795 5591 Joan.
1819 5550 1894 5598 ix,
1916 5534 2009 5589 29.

2165 5534 2316 5592 Joan.
2352 5536 2515 5604 x,20.
2592 5540 2638 5570 ⁷³
2674 5538 2785 5593 Jer.
2820 5554 2872 5603 χ,
2901 5538 2992 5592 21.
3067 5537 3114 5570 ⁷⁸
3144 5536 3342 5591 Ezech.
3377 5546 3565 5595 xsxnv,
3605 5526 3664 5591 2,
3690 5526 3761 5579 '5.

557 5708 632 5775 (ι)
667 5706 799 5772 Qum
830 5703 982 5762 uncis
1028 5700 1415 5770 comprehensa
1449 5699 1595 5758 sunt,
1624 5699 1782 5761 negat
1816 5688 1873 5745 S.
1923 5688 2287 5761 Hieronymus
2327 5692 2379 5747 in
2414 5690 2556 5746 LXX
2593 5690 2803 5748 haberi.
2845 5689 2951 5748 Sed
2974 5700 3028 5747 et
3051 5692 3104 5747 in
3176 5686 3459 5745 Bumlredi
3501 5682 3763 5741 versione

474 5775 697 5836 desunt.
