4054 6376
309 451 439 507 BG!

1439 464 1503 519 IN
1537 466 1769 523 [SAIA‘M
1804 467 1930 524 LIB.
1974 471 2036 526 ν.
2081 471 2315 531 TOMUS
2354 476 2398 532 ν

3435 484 3458 538 1
3469 484 3573 540 562

317 574 449 628 Ἰδοὺ
482 576 541 629 τὸ
574 577 712 645 γάλα
754 578 1236 659 κατεσθίετε,.καὶ
1279 584 1347 637 τά
1398 588 1645 658 πρόϐατά
1696 608 1795 661 μου
1831 608 1864 644 οη

1966 597 2497 655 ,conculcationibus
2534 603 2729 670 pedum
2771 608 3067 655 vestrorum
3114 603 3492 671 pascebantur,
3517 614 3571 659 et

305 663 528 731 βόσκετε
551 681 563 693 ⁸
602 688 620 719 ι
666 668 744 721 ἔτι
784 686 842 722 τε
886 670 1023 740 πρὸς
1053 673 1284 737 τούτοις·
1330 694 1348 727 t
1379 677 1490 750 Τὴν
1520 680 1690 751 καλὴν
1722 682 1893 753 νομὴν

302 758 587 826 ὲνέμεσθε,
632 761 727 814 καὶ
773 762 841 815 τὰ
894 763 1160 817 ὑπόλοιπα
1196 774 1547 825 κατεπατεῖτε
1592 777 1703 838 τοῖς
1736 778 1891 828 ποσὶν

303 850 480 919 ὑμῶν,
517 853 609 905 καὶ
652 853 711 906 τὸ
741 855 1076 927 καθεστηκὸς
1111 857 1254 932 ὕδωρ
1289 863 1520 929 ὲπίνετε,
1552 867 1645 920 καὶ
1683 869 1741 920 τὸ
1772 869 1891 921 ἐπί-

301 942 489 995 λοιπον
521 945 854 1014 ὲταράσσετε
888 952 1002 1013 τοῖς
1031 951 1185 1005 ποσὶν
1217 952 1392 1023 ὑμῶν,
1422 957 1604 1011 καὶτὰ
1644 960 1892 1030 πρόϐατά

207 1048 218 1055 ·
304 1050 406 1102 μου
432 1034 499 1088 τά
534 1038 833 1108 πατήματα
862 1040 970 1093 τῶν
1001 1042 1177 1096 ποδῶν
1207 1045 1360 1114 ὑμῶν
1391 1048 1665 1119 ἐνέμοντο.
1702 1052 1795 1105 καὶ
1826 1053 1889 1105 τὸ

299 1127 708 1196 τεταραγμένον
745 1129 887 1203 ὕδωρ
923 1133 1027 1186 ὑπὸ
1059 1134 1164 1187 τῶν
1194 1136 1372 1189 ποδῶν
1421 1139 1575 1209 ὑμῶν
1624 1142 1828 1197 ἔπινον.
1862 1164 1879 1195 ι

303 1220 486 1291 ’Υδωρ
526 1221 625 1291 μὲν
657 1222 766 1294 γὰρ
797 1226 1135 1296 καθεστηκὸς
1160 1231 1257 1300 τὴν
1289 1230 1377 1285 διὰ
1404 1234 1569 1303 νόμου
1606 1236 1885 1292 παίδευσιν

298 1312 578 1383 ὀνομάζει,
613 1317 705 1369 καὶ
732 1317 961 1389 ἀρίστην
988 1326 1157 1392 νομήν
1179 1339 1192 1353 ο
1229 1326 1275 1376 οί
1310 1325 1365 1378 δὲ
1391 1327 1567 1380 πάντα
1598 1328 1882 1400 φύροντες,

299 1408 395 1459 καὶ
424 1408 849 1475 καταθολοῦντες
878 1413 1047 1484 αὐτὴν
1070 1414 1160 1467 διὰ
1189 1417 1283 1469 τοῦ
1310 1418 1384 1489 μὴ
1413 1420 1685 1475 διδάσκειν
1707 1423 1883 1494 ὀρθῶς

297 1499 424 1560 τοὺς
467 1497 572 1552 ὑπὸ
628 1503 784 1570 χεῖρα
830 1501 1008 1567 λαοὺς,
1040 1508 1452 1576 παρεσκεύαζον
1504 1511 1649 1582 ὕδωρ
1694 1513 1883 1584 ὥσπερ

298 1590 542 1642 ἐκπίνειν
570 1591 629 1643 οὐ
662 1590 919 1664 καθαρὸν,
952 1594 1073 1648 οὔτε
1113 1596 1219 1669 μὴν
1262 1600 1457 1672 ένανθῆ
1486 1602 1751 1673 νέμεσθαι
1792 1624 1883 1659 νο-

300 1682 425 1750 μήν.
446 1681 789 1753 Ἐξώσθησαν
831 1687 1139 1758 τοιγαροῦν,
1167 1691 1261 1744 καὶ
1310 1693 1456 1761 μάλα
1507 1696 1753 1764 εἰκότως,
1785 1699 1879 1753 τοῦ

294 1772 605 1841 ποιμαίνειν
629 1773 710 1827 ἔτι
742 1775 832 1828 τὸν
876 1777 970 1831 τοῦ
1004 1780 1209 1851 Κυρίου
1242 1781 1388 1839 λαόν.
1424 1785 1738 1857 Κέκληνται
1770 1791 1878 1863 γὰρ

295 1863 432 1934 πρὸς
463 1863 622 1918 τοῦτο
668 1866 994 1936 ἀλλογενεῖς.
1043 1873 1363 1929 Διδάσκαλοι
1403 1877 1512 1949 γάρ
1542 1880 1878 1954 Ἐκκλησιῶν

294 1955 724 2026 χειροτονοῦνται
746 1960 897 2035 παρὰ
932 1962 1169 2031 Χριστοῦ
1203 1968 1373 2034 σοφοὶ,
1400 1970 1493 2022 καὶ
1522 1972 1755 2042 ἀγχίνοι,
1784 1976 1877 2028 καὶ

290 2046 633 2117 δογματικῆς
661 2049 940 2120 εὐτεχνίας
963 2054 1253 2124 έπίμεστον
1277 2057 1493 2129 ἔχοντες
1516 2062 1662 2127 νοῦν,
1686 2064 1878 2134 ἄνδρες

289 2136 348 2202 ἐξ
376 2138 579 2209 ἀγέλης
617 2139 921 2213 ὲλληνικῆς,
967 2144 1060 2197 καὶ
1086 2147 1185 2200 οὐκ
1231 2148 1289 2214 ἐξ
1319 2150 1548 2221 αἵματος
1575 2153 1728 2220 ὄντες
1777 2158 1877 2211 Ἰσ-

292 2227 449 2319 ραὴλ,
475 2224 619 2283 οῦτοι
648 2234 904 2301 γεγόνασι
929 2237 1022 2289 καὶ
1048 2238 1336 2309 ἀροτῆρες,
1356 2242 1451 2294 καὶ
1479 2244 1870 2319 ἀμπελουργοί.

303 2317 520 2411 Ἐπειδὴ
556 2322 663 2393 γὰρ
696 2324 925 2396 ἐκλεκτὴ
960 2327 1029 2398 γῆ
1064 2328 1359 2400 κέκληνται
1409 2317 1740 2407 πλεισταχοῦ
1773 2340 1874 2411 τῆς

288 2409 642 2466 θεοπνεύστου
671 2416 893 2486 Γραφῆς
932 2420 980 2471 oi
1012 2420 1423 2491 πιστεύσαντες,
1462 2427 1558 2478 καὶ
1586 2409 1870 2497 ἀμπελὼν,

288 2501 383 2592 καὶ
424 2504 635 2592 κῆπος*
672 2507 930 2579 ταύτῃτοί
982 2527 1148 2581 φησιν
1190 2515 1218 2565 ὁ
1266 2512 1442 2582 λόγος.
1471 2516 1546 2581 ὡς
1597 2521 1871 2592 ἀροτῆρας

286 2588 525 2656 ἔσεσθαι,
560 2592 653 2645 καὶ
686 2593 1125 2666 ἀμπελουργοὺς,
1157 2603 1284 2665 τοὺς
1329 2604 1488 2677 οἵπερ
1527 2607 1593 2659 ἂν
1631 2588 1872 2676 γένοιντο

286 2680 429 2768 κατά
456 2684 681 2751 καιροὺς
712 2686 875 2756 ἱερεῖς
902 2690 1105 2761 Κυρίου
1134 2693 1229 2746 καὶ
1253 2694 1557 2768 λειτουργοὶ
1584 2700 1744 2767 Θεοῦ,
1776 2704 1868 2755 τὶν

402 2768 669 2859 ἀληθείας
696 2773 1117 2846 ὀρθοτομοῦντες
1138 2780 1315 2849 λόγον,
1340 2766 1445 2839 καὶὴ
1460 2766 1868 2859 ἱερουργοῦντες

283 2856 344 2909 τὸ
372 2858 708 2929 Εύαγγέλιον
722 2864 815 2917 τοῦ
842 2867 1103 2940 Χριστοῦ,
1132 2873 1277 2927 καθὰ
1304 2856 1867 2947 γέγραπται-’νούκοῦν

282 2948 380 3043 οὐχ
409 2952 625 3017 ἑαυτοῖς
660 2956 966 3028 ἁρπάζουσι
991 2960 1088 3032 τὴν
1106 2964 1290 3037 τιμὴν,
1328 2968 1621 3039 κέκληνται
1648 2972 1703 3024 δὲ
1737 2975 1868 3043 μείξι-

282 3039 371 3093 λον
400 3044 548 3114 παρὰ
578 3046 733 3112 Θεοῦ,
769 3050 950 3114 καθὼς
975 3054 1067 3105 καὶ
1093 3056 1120 3107 ό
1145 3057 1423 3127 πάνσοφός
1465 3078 1599 3132 φησι
1631 3039 1860 3127 Παῦλος.

281 3134 472 3226 Καίτοι
502 3136 609 3208 γὰρ
639 3140 812 3212 φυλῆς
850 3144 1109 3216 ὑπάρχων
1145 3148 1422 3220 Βενιαμὶν,
1458 3154 1739 3226 ίερουργὸν
1768 3158 1865 3209 αὑ-

1995 704 2189 758 aquam
2232 692 2501 746 turbatam
2542 708 2571 746 a
2621 693 2849 762 pedibus
2890 695 3089 750 vestris
3150 697 3404 752 bibebant
3449 698 3516 752 ".
3542 718 3563 750 ι

1993 782 2203 847 Aquam
2251 784 2396 837 enim
2446 783 2727 839 collectam
2776 798 2931 841 vocat
2981 788 3282 842 doctrinam
3333 788 3463 858 legis
3514 801 3571 844 et

1993 885 2248 938 pascuum
2303 873 2588 941 optimum.
2645 874 2746 941 Qui
2797 887 2975 931 autem
3045 878 3458 949 corrumpebant
3512 891 3568 937 et

1991 968 2433 1023 contaminahant
2468 985 2610 1033 eam,
2663 986 2729 1026 eo
2770 974 2912 1041 quod
2955 989 3111 1027 suum
3153 977 3403 1044 pupulum
3458 993 3563 1032 non

1993 1066 2138 1110 recte
2188 1057 2476 1123 docerent,
2531 1075 2723 1126 aquam
2771 1078 2873 1115 non
2925 1077 3112 1129 puram
3152 1064 3217 1117 ad
3274 1064 3561 1120 bibendum

1988 1146 2367 1214 propinabant,
2396 1163 2493 1201 nec
2542 1146 2734 1202 ﬂorida
2760 1163 2955 1216 pascua
3015 1151 3330 1216 pascebant.
3362 1150 3561 1215 Dejeeti

1987 1245 2113 1292 sunt
2137 1238 2317 1307 itaque
2346 1239 2412 1292 ab
2436 1237 2611 1294 ollicio
2641 1243 2893 1309 pascendi
2929 1244 3184 1309 deinceps
3221 1242 3432 1296 Domini
3466 1259 3562 1311 po-

1987 1330 2192 1398 pulum,
2225 1330 2386 1400 idque
2410 1330 2533 1397 jure
2558 1332 2773 1388 merito.
2809 1334 2994 1386 Vocati
3027 1344 3152 1387 sunt
3178 1334 3322 1387 enim
3366 1334 3431 1387 ad
3461 1335 3562 1390 hoc

1985 1420 2321 1489 alienigenae,
2336 1424 2531 1492 quippe
2542 1426 2631 1492 qui
2647 1426 2896 1479 doctores
2918 1424 3279 1481 Ecclesiarum
3294 1439 3323 1479 a
3341 1422 3559 1479 Christo

1984 1515 2244 1583 designati
2275 1517 2705 1584 sunt,sapientes
2735 1525 2789 1571 et
2818 1518 3045 1591 cordati,
3087 1526 3142 1571 et
3171 1532 3301 1572 sana
3335 1518 3559 1585 dogma-

1985 1614 2094 1658 tnm
2124 1605 2475 1676 intelligentia
2488 1606 2740 1660 cumulati
2763 1618 2817 1659 et
2838 1607 3164 1671 instrncti,et
3179 1607 3277 1661 viri
3291 1622 3353 1662 ex
3370 1608 3558 1661 Graeco

1982 1712 2161 1767 grege,
2190 1713 2294 1752 non
2341 1715 2408 1753 ex
2455 1699 2716 1769 sanguine
2763 1697 2929 1754 Israel
2956 1699 3193 1766 oriundi,
3225 1698 3279 1752 hi
3332 1699 3557 1754 exstite-

1981 1802 2104 1844 runt
2135 1792 2296 1845 etiam
2325 1801 2568 1848 aratores
2593 1801 2646 1847 et
2674 1792 2952 1848 vinitores.
2987 1792 3122 1847 Cum
3155 1792 3301 1847 enim
3332 1792 3558 1848 creden-

1982 1892 2064 1938 tes
2090 1899 2231 1952 sazpe
2257 1883 2309 1938 in
2335 1883 2630 1954 Scripturis
2646 1885 2901 1940 divinitus
2933 1882 3416 1953 inspiratis,vocati
3447 1883 3558 1936 sint

1979 1973 2151 2028 electa
2185 1985 2349 2041 terra,
2381 1988 2436 2030 et
2474 1979 2649 2043 vinea,
2679 1986 2734 2031 et
2763 1979 2974 2042 hortus,
3008 1976 3207 2031 idcirco
3233 1975 3429 2030 dicitur
3452 1975 3554 2030 bac

1978 2066 2245 2126 oratione.
2316 2065 2432 2119 fore
2475 2079 2571 2121 eos
2617 2075 2863 2120 aratores
2908 2074 2963 2119 et
3007 2066 3265 2120 vinitores
3288 2064 3379 2132 qui
3423 2063 3550 2119 olim

1978 2158 2336 2212 constituendi
2365 2158 2474 2212 sint
2505 2158 2817 2213 sacerdotes
2842 2157 3053 2211 Domini
3089 2166 3142 2210 et
3166 2156 3399 2211 ministri
3431 2156 3548 2221 Dei,

1976 2252 2197 2305 verbum
2250 2251 2495 2305 veritatis
2530 2258 2676 2305 recte
2710 2258 2981 2305 sectantes
3008 2249 3075 2313 ⁷⁸,
3104 2257 3154 2304 et
3204 2248 3549 2320 Evangelinm

1974 2339 2172 2396 Christi
2217 2341 2608 2406 ministrantes,
2648 2342 3103 2410 quemadmodum
3152 2341 3412 2408 scriptum
3441 2349 3546 2395 est.

1973 2430 2157 2499 Itaque
2182 2446 2286 2485 non
2315 2430 2415 2485 sibi
2454 2443 2716 2499 usurpant
2748 2431 3031 2496 honorem,
3052 2432 3147 2485 sed
3178 2429 3351 2483 vocati
3373 2438 3497 2484 sunt
3517 2444 3549 2484 ι

1972 2524 2085 2577 Deo
2118 2524 2295 2591 potius
2326 2523 2393 2589 τ’,
2421 2523 2579 2577 sicuti
2629 2523 2827 2577 Paulus
2869 2523 3324 2592 sapientissimus,
3352 2522 3451 2577 etsi
3481 2536 3547 2577 ex

1973 2613 2113 2665 tribu
2152 2611 2427 2678 Benjatnin
2466 2614 2757 2677 exstiterit,
2791 2629 2849 2667 se
2881 2625 3058 2668 tamen
3098 2615 3211 2682 ipse
3239 2614 3543 2669 ministrum

1970 2712 2025 2756 et
2053 2713 2301 2756 vocatum
2352 2703 2653 2773 apostolum
2684 2703 2848 2775 865
2878 2702 3006 2759 Jesn
3044 2703 3246 2760 Christi
3278 2706 3542 2758 nominat.

1975 2812 1993 2845 ι
2023 2792 2127 2847 Vos
2156 2794 2318 2863 igitur
2346 2797 2659 2865 omnes,qui
2702 2797 2987 2851 ministerii
3017 2796 3330 2867 dignitatem
3365 2797 3544 2854 sortiti

1968 2885 2121 2951 estis,
2158 2886 2528 2939 fortitudinem
2563 2886 2801 2957 gentium
2834 2887 3225 2953 comedetis,et
3254 2887 3307 2941 in
3342 2886 3544 2942 divitiis

1967 2992 2154 3030 eorum
2205 2978 2552 3033 admirabiles
2600 2980 2773 3034 eritis.
2805 2998 2825 3033 ι
2864 2979 3258 3034 Fortitudinem
3301 2979 3540 3049 gentium

1966 3069 2116 3132 dicit,
2134 3069 2217 3121 vel
2248 3070 2477 3124 honores
2506 3071 3006 3141 potentissimorum
3040 3071 3447 3139 bominum,qui
3473 3087 3540 3126 ex

1964 3161 2214 3231 gentibus
2230 3163 2405 3217 vocati
2434 3172 2584 3227 sunt,
2610 3162 2692 3217 vel
2719 3163 2825 3218 alio
2852 3164 3009 3219 modo
3038 3162 3322 3232 intelliges.
3343 3162 3541 3218 «Nemo

280 3224 370 3333 ιις’ὸν
395 3225 652 3327 ὀνομάζει
680 3234 979 3304 πανταχοῦ,
1013 3238 1107 3290 καὶ
1132 3239 1332 3311 κλητὸν
1356 3224 1653 3301 ἀπόστολον
1687 3250 1859 3318 Ἰησοῦ

1966 3254 2106 3306 enim
2152 3266 2409 3319 vestrum,
2455 3254 2652 3323 inquit,
2696 3252 2911 3324 ell‘ugiet
2953 3270 3036 3319 os,
3100 3273 3118 3307 ι
3158 3253 3220 3308 id
3257 3261 3363 3321 est,
3418 3267 3540 3309 ser-

279 3313 538 3411 X-pt6?05.
578 3337 595 3369 ι
620 3320 807 3392 Ὑμεῖς
843 3324 906 3397 δὴ
943 3321 1036 3380 οὖν
1074 3327 1314 3396 ἅπαντες
1347 3336 1396 3387 oi
1434 3336 1493 3388 τὸ
1523 3340 1623 3408 τῆς
1650 3313 1861 3411 ἱερουρ-

276 3406 403 3475 γίας
430 3408 681 3480 λαχόντες
703 3414 943 3487 ἀξίωμα,
978 3421 1131 3490 ἰσχὺν
1160 3422 1327 3475 ἐθνῶν
1344 3406 1655 3493 κατέδεσθε,
1680 3406 1771 3483 καὶ
1801 3406 1859 3485 έν

276 3497 354 3568 τῷ
382 3499 598 3574 πλούτῳ
629 3505 809 3559 αὐτῶν
841 3508 1321 3584 θαυμασθήσεσθε.
1357 3534 1375 3567 ι
1400 3519 1573 3588 ’ἰσχὺν
1605 3521 1663 3573 δέ
1694 3540 1859 3593 φησιν

276 3588 462 3686 εθνῶ-ν,
500 3594 664 3686 ἥντάς
697 3599 861 3667 τιμάς
897 3602 995 3665 τὰς
1024 3604 1087 3655 ὲκ
1124 3604 1232 3657 τῶν
1261 3607 1669 3677 δυνατωτάτων,
1700 3588 1860 3686 οἵπερ

278 3680 344 3733 ἂν
376 3680 484 3736 εἷεν
508 3685 565 3752 ἐξ
592 3687 760 3741 ἐθνῶν
794 3692 1142 3764 κεκλημένοι,
1173 3698 1207 3767 ἢ
1247 3698 1368 3750 καθ’
1393 3701 1576 3771 ἕτερον
1608 3680 1858 3774 συνήσεις

275 3774 494 3843 τρόπον.
552 3794 570 3826 ι
601 3778 787 3844 Οὐδεὶς
812 3783 920 3853 γὰρ
976 3786 1147 3855 ὑμῶν,
1197 3789 1349 3859 φησὶ,
1389 3791 1736 3861 διαφεύξεται
1798 3800 1857 3853 τὸ

278 3865 474 3957 στόμα.
503 3886 541 3957 »Α
556 3871 809 3957 τουτέστι
841 3874 932 3927 τὸν
967 3874 1145 3945 λόγον,
1177 3880 1297 3932 ἀντὶ
1327 3880 1436 3951 γὰρ
1467 3883 1562 3937 τοῦ
1607 3886 1765 3957 λόγου
1797 3892 1857 3944 τὸ

277 3953 449 4046 στόμα
490 3955 669 4027 τίθησι
713 3965 989 4035 πανταχοῦ
1032 3967 1092 4019 τὸ
1126 3968 1365 4041 Γράμμα
1403 3973 1464 4026 τὸ
1512 3953 1690 4046 ίερὸν,
1720 3974 1853 4045 οἷον,

281 4037 409 4098 «Ὧν
454 4046 515 4098 τὸ
568 4050 740 4119 στόμα
768 4054 907 4123 ἀρᾶς
940 4058 1033 4110 καὶ
1061 4037 1489 4133 πικρίας-γέμει.
1523 4037 1856 4125 »έ-ιῖΚαταξ

276 4136 643 4231 νεμηθήσεσθε
704 4147 1024 4215 τοιγαροῦν,
1090 4153 1264 4223 φησὶ,
1352 4159 1451 4228 τὴν
1529 4160 1681 4231 ἰσχὺν
1745 4165 1854 4218 τῶν

275 4227 464 4330 ἐθνῶν.
494 4233 807 4330 »ΑἘθνῶνν
829 4238 1077 4313 δύναμιν,
1106 4245 1138 4315 ἢ
1166 4249 1288 4311 τοὺς
1315 4227 1444 4320 παρ’
1469 4227 1700 4321 ἐκεί-νοις
1721 4259 1855 4330 λαμ-

275 4323 464 4391 προὺς,
516 4324 682 4394 ἤγουν
724 4328 1202 4401 ἐλλογιμωτάτους,
1252 4343 1344 4394 καὶ
1392 4345 1582 4413 σοφίαν
1630 4348 1852 4419 ἔχοντας

272 4414 541 4485 κοσμικὴν
591 4416 873 4487 ὀνομάζειν
905 4427 932 4476 ό
962 4424 1116 4494 λόγος
1152 4428 1326 4485 ἔοικεν
1380 4435 1438 4487 ὲν
1486 4437 1712 4502 τούτοις.
1745 4441 1850 4494 Εὐ-

276 4503 512 4601 ρήσομεν
541 4506 598 4561 δὲ
631 4513 722 4564 καὶ
765 4514 928 4568 αὐτὸν
974 4517 1064 4571 τὸν
1108 4521 1217 4577 τῶν
1270 4524 1440 4592 ἁγίων
1473 4534 1846 4601 μυσταγωγῶν

1968 3359 2202 3398 nionem.
2240 3344 2344 3399 Pro
2374 3359 2623 3400 sermone
2645 3345 2790 3399 enim
2832 3360 3203 3414 saepenumero
3233 3359 3298 3400 os
3331 3352 3540 3415 ponunt

1964 3451 2133 3490 sacrae
2164 3436 2401 3499 Litterae,
2420 3435 2650 3505 exempli
2675 3451 2836 3490 causa
2858 3453 2873 3490 :
2898 3455 2917 3488 ι
2947 3436 3187 3502 Quorum
3219 3451 3283 3489 os
3316 3435 3541 3489 maledi-

1962 3526 2140 3579 ctione
2155 3534 2208 3577 et
2234 3540 2350 3577 ama
2361 3524 2583 3578 rulentia
2602 3524 2816 3593 plenum
2837 3535 2918 3580 est
2929 3526 2994 3578 ⁸ο.
3025 3544 3045 3576 ι
3060 3554 3131 3567 --
3156 3541 3177 3575 ι
3203 3522 3539 3578 Devorabilis

1961 3615 2126 3678 enim,
2158 3616 2350 3683 inquit,
2393 3614 2764 3670 fortitudinem
2806 3618 3065 3685 gentium,
3089 3637 3110 3670 ι
3146 3617 3197 3673 id
3220 3626 3324 3685 est,
3347 3617 3537 3673 Oratio

1960 3717 2138 3761 vestra
2185 3708 2361 3761 vincet
2388 3709 2624 3778 gentium
2661 3709 2974 3778 potentiam.
3009 3708 3312 3765 Potentiam
3355 3720 3532 3765 autem

1960 3798 2198 3868 gentium
2235 3799 2317 3853 vel
2354 3799 2595 3855 illustres
2622 3800 2768 3856 viros
2798 3801 2937 3870 apud
2970 3817 3083 3865 eas,
3121 3802 3206 3855 vel
3245 3801 3531 3856 disertissi-

1961 3904 2075 3943 mos
2104 3900 2158 3944 et
2203 3890 2386 3943 tuundi
2425 3889 2707 3959 prudentia
2744 3889 2987 3944 valentes
3015 3891 3299 3945 nominare
3320 3891 3532 3943 videtur

1960 3983 2047 4037 hic
2073 3982 2270 4036 oratio.
2287 3981 2625 4038 Inveniemus
2648 3990 2828 4037 autem
2857 3990 3165 4036 sanctorum
3191 3990 3530 4053 mystagogo-

1959 4088 2076 4126 rum
2107 4074 2405 4127 orationem
2435 4072 2800 4141 prtevaluisse,
2827 4082 2883 4127 et
2920 4071 3011 4140 qui
3035 4085 3223 4126 eorum
3248 4073 3530 4126 vocatione

1956 4165 2109 4219 ditati
2144 4174 2292 4231 sunt,
2316 4165 2486 4234 gloria
2515 4174 2642 4219 sunt
2674 4163 2877 4218 allecti.
2906 4162 3050 4217 Laus
3088 4177 3319 4233 namque
3345 4166 3531 4219 docto-

1957 4273 2075 4311 rum
2108 4268 2162 4311 et
2186 4273 2383 4313 corona
2425 4267 2477 4310 et
2514 4257 2684 4325 gloria
2716 4265 2844 4312 sunt
2887 4255 2976 4324 qui
3011 4254 3221 4311 illorum
3260 4256 3530 4311 iliumina-

1955 4352 2097 4406 tione
2132 4351 2328 4405 servati
2362 4358 2505 4403 sunt.
2536 4350 2826 4418 Propterea
2851 4348 2926 4403 ait
2952 4366 2966 4403 :
2989 4367 3007 4400 ι
3033 4348 3088 4402 In
3110 4348 3310 4403 divitiis
3338 4363 3525 4403 earum

1953 4444 2298 4499 admirabiles
2338 4442 2508 4497 eritis.
2543 4463 2562 4496 ι
2598 4443 2750 4509 Quod
2782 4450 2961 4496 autem
2993 4441 3171 4494 divina
3215 4440 3527 4510 praedicatio

1952 4537 2017 4589 ad
2051 4537 2297 4606 regiones
2325 4535 2590 4604 pertinget
2618 4544 2671 4589 et
2698 4538 2763 4588 ad
2786 4549 3001 4590 omnem
3038 4542 3349 4603 gentem,et
3381 4533 3524 4601 quod

271 4596 674 4667 κατισχύσαντα
705 4602 881 4671 λόγον,
913 4609 1006 4659 καὶ
1033 4610 1131 4679 τὴν
1178 4612 1356 4666 αὐτῶν
1388 4596 1580 4687 κλῆσιν
1609 4596 1842 4695 πλουτή-

1966 4628 2194 4681 amredes
2227 4626 2375 4681 orbis
2406 4636 2669 4679 terrarum
2697 4626 2861 4680 futuri
2886 4636 3015 4681 sunt
3050 4626 3177 4679 olim
3206 4633 3518 4680 sanctarum

272 4703 463 4751 σαντες
488 4690 865 4766 ἐδοξάσθησαν.
897 4700 1177 4773 Καύχημα
1210 4704 1317 4777 γὰρ
1342 4706 1696 4780 διδασκάλων,
1734 4690 1854 4772 στέ-

270 4780 437 4846 φανός
458 4798 515 4834 τε
545 4786 637 4837 καὶ
669 4784 811 4852 δόξα,
835 4789 884 4841 oi
910 4788 999 4841 διὰ
1018 4792 1114 4861 τῆς
1134 4794 1313 4847 αὐτῶν
1344 4802 1678 4871 σεσωσμένοι
1709 4822 1853 4874 φωτ-

268 4873 531 4941 αγωγίας.
578 4876 675 4930 Διὰ
704 4879 861 4933 τοῦτό
893 4899 1075 4953 φησιν,
1115 4884 1194 4937 ὅτι
1238 4905 1258 4936 ι
1296 4887 1381 4940 Ἐν
1407 4890 1486 4961 τῷ
1518 4873 1732 4967 πλούτῳ
1766 4901 1856 4951 αὑ-

266 4962 374 5015 τῶν
406 4964 875 5060 θαυμασθήσεσθε.
907 4975 1057 5027 »Ὅτι
1095 4975 1151 5029 δὲ
1186 4978 1247 5030 τὸ
1276 4977 1561 5037 θεσπέσιον
1592 4962 1852 5060 κήρυγμα

266 5055 660 5124 καταδράξεται
711 5062 817 5115 τῶν
867 5064 1079 5134 χωρῶν,
1116 5069 1208 5121 καὶ
1256 5070 1456 5136 παντὸς
1484 5055 1710 5142 "alvo-sc},
1748 5055 1846 5133 καὶ

267 5151 550 5219 μονονουχὶ
577 5151 899 5223 κληρονόμοι
942 5159 1041 5226 τῆς
1072 5159 1168 5210 ὑπ’
1192 5160 1421 5231 οὐρανὸν
1465 5164 1675 5221 ἔσονται
1705 5171 1845 5225 κατά

264 5242 489 5331 καιροὺς
511 5243 558 5295 oi
582 5243 690 5296 τῶν
717 5246 885 5313 ἁγίων
923 5248 1254 5319 Ἐκκλησιῶν
1285 5253 1602 5326 ἡγούμενοι,
1625 5260 1843 5331 Χριστῷ

264 5328 363 5398 τὴν
409 5331 568 5398 δόξαν
616 5335 968 5402 ἀνάπτοντες,
996 5341 1349 5412 ὑπεμφαίνει,
1382 5346 1571 5416 λέγων·
1603 5367 1621 5400 ι
1655 5328 1840 5415 όῦτως

264 5418 328 5512 ὲκ
368 5420 624 5495 δευτέρας
659 5428 1126 5502 κληρονομήσουσι
1173 5434 1271 5503 τὴν
1321 5436 1445 5504 γῆν.
1476 5456 1493 5488 ι
1530 5439 1705 5493 Πάλαι
1745 5443 1843 5512 μὲν

262 5508 372 5578 γάρ
415 5515 909 5590 κατεκληροδότησε
960 5525 1073 5586 τοῖς
1120 5524 1180 5589 ἐξ
1214 5526 1426 5598 Ἰσραὴλ
1463 5528 1668 5599 Ἰησοῦς
1700 5508 1841 5585 ὁτοῦ

262 5599 420 5696 Ναυῆ
465 5603 564 5669 τὰς
612 5611 723 5666 τῶν
773 5614 941 5666 ἐθνῶν
979 5616 1192 5687 χώραςο
1224 5618 1414 5674 ἔλαϐον
1443 5621 1551 5692 γάρ
1591 5625 1690 5695 τὴν
1740 5626 1841 5696 γῆν

261 5694 372 5750 τῶν
408 5699 766 5773 Ἀμορραίων,
814 5710 905 5762 καὶ
940 5710 1269 5782 Ἰδουμαίων,
1324 5715 1417 5767 καὶ
1465 5716 1704 5786 Εὐαίων,
1747 5720 1841 5773 καὶ

1952 4720 2312 4774 Ecclesiarum
2346 4719 2607 4788 praefecti,
2629 4720 2718 4787 qui
2747 4720 2966 4774 Christo
2993 4720 3222 4790 gloriam
3255 4720 3519 4785 tribuunt,

1948 4809 2276 4871 subindicat,
2312 4808 2493 4862 dicens
2536 4829 2547 4861 :
2577 4828 2596 4859 ι
2625 4807 2716 4862 Sic
2763 4818 2960 4862 terram
3005 4809 3241 4864 secundo
3277 4809 3519 4879 posside-

1949 4902 2136 4954 bunt.»
2163 4900 2302 4955 Olim
2329 4900 2527 4969 quippe
2552 4902 2745 4955 sortito
2773 4900 2953 4955 divisit
2984 4900 3240 4956 lsraelitis
3266 4899 3441 4965 Jesus,
3459 4903 3523 4954 li-

1950 4992 2053 5048 lius
2085 4992 2253 5054 Nave,
2283 4992 2535 5063 regiones
2562 4993 2801 5062 gentium
2830 5010 2846 5061 ;
2876 5003 3205 5063 acceperunt
3234 4995 3380 5048 enim
3410 5004 3520 5049 ter-’

1948 5097 2063 5137 ram
2087 5083 2544 5148 Amorrltaorunt,
2576 5082 2954 5150 ldumaeorum,
2986 5084 3266 5141 Eurorum
3311 5094 3362 5140 et
3385 5084 3517 5140 alio-

1948 5188 2087 5226 rum.
2116 5171 2249 5227 Cum
2300 5182 2477 5227 autem
2514 5174 2713 5227 mundo
2757 5174 3020 5230 illuxisset
3057 5175 3327 5238 Christus,
3360 5176 3517 5243 cujus

1946 5261 2114 5334 ﬁgura
2144 5272 2264 5317 erat
2302 5263 2461 5319 Jesus
2496 5264 2584 5318 ille
2613 5263 2890 5333 antiquus,
2927 5280 3032 5321 non
3070 5266 3238 5322 solam
3273 5264 3510 5321 Judasam

1942 5352 2055 5406 suis
2088 5354 2347 5407 ministris
2379 5354 2671 5419 distribuit,
2703 5357 2796 5409 sed
2848 5364 2904 5409 et
2942 5364 3141 5409 terram
3178 5359 3509 5410 universam.

1942 5445 2006 5498 Et
2035 5449 2147 5500 haec
2178 5448 2412 5501 secunda
2450 5446 2551 5501 fuit
2582 5455 2700 5515 post
2740 5447 2971 5516 primam
2999 5449 3191 5503 divisio
3224 5450 3509 5507 haeredita-

1941 5537 2031 5590 tis.
2066 5537 2341 5607 Dispartiti
2384 5547 2509 5593 sunt
2561 5539 2704 5593 enim
2743 5539 2949 5597 calculo
2984 5552 3040 5597 et
3089 5541 3295 5612 judicio
3339 5542 3508 5611 ipsius

1942 5628 2183 5693 regiones
2210 5644 2273 5683 ac
2304 5630 2553 5687 civitates
2591 5636 2885 5706 myslagogi
2912 5646 2968 5690 et
3003 5635 3252 5690 doctores
3275 5650 3291 5687 :
3317 5634 3507 5689 etiam-

1942 5737 2064 5773 mun
2092 5723 2328 5791 gaudent
2353 5724 2403 5777 itt
2430 5725 2671 5795 Christo,
2703 5738 2753 5784 et
2784 5730 2976 5801 gaudio
3007 5728 3238 5802 quodam
3274 5727 3504 5802 spiritali

333 5877 378 5909 "
408 5880 605 5939 Ezcclt.
641 5901 821 5955 xxxn’,
862 5890 940 5961 l8,
974 5893 1052 5950 19.
1131 5897 1175 5927 ⁷³
1214 5896 1252 5950 ΙΙ
1282 5898 1419 5954 Tim.
1456 5917 1517 5969 tt,
1558 5902 1642 5959 15.
1719 5905 1762 5935 ⁷⁸
1790 5904 1945 5959 Rom.
1977 5919 2017 5971 ι,
2053 5903 2102 5957 6.
2183 5904 2227 5936 ⁸⁰
2260 5903 2399 5961 Psal.
2431 5908 2621 5975 xtt1,5.
