4054 6376
532 416 671 472 1565
1514 422 1572 479 S.
1613 421 1887 485 CYRILLI
1925 419 2133 479 ΔΗΕΧέ

2168 418 2391 475 NDRIN’I
2431 418 2752 474 ARCHIEP.
3644 410 3769 466 1³564

526 534 683 604 quasi
728 549 926 590 corona
953 543 1078 591 sunt
1124 536 1380 593 redimiti.
1407 537 1610 609 Estque
1642 538 1905 609 gaudium
1939 546 2099 591 aeter-

2168 583 2175 598 ,
2202 536 2302 599 τάς
2329 534 2436 589 τῶν
2471 535 2692 605 ἑτέρων.
2713 532 3058 602 Ἐπιλάμψας
3090 531 3147 584 δὲ
3179 530 3256 603 τῷ
3298 530 3488 601 κόσμῳ
3529 528 3769 599 Χριστὸς,

530 641 679 680 num.
722 625 854 682 Nam
902 629 955 683 in
1005 630 1343 698 temporariis
1385 631 1547 686 rebus
1585 646 1691 685 non
1724 641 2101 700 exspectamus

2205 621 2266 679 οὗ
2299 626 2389 677 καὶ
2417 628 2495 689 εἰς
2520 628 2688 677 τύπον
2709 618 2776 694 ἦν
2813 621 3017 693 Ἰησοῦς
3040 624 3068 675 ὁ
3090 622 3257 676 πάλαι
3286 619 3772 689 κατεκληροδότήσε

528 716 644 771 fore
680 720 1189 787 remunerationem,
1212 723 1309 777 sed
1331 724 1383 777 in
1412 738 1506 792 spe
1532 722 1688 793 longa
1729 732 1783 778 et
1811 724 1929 777 vita.
1952 736 2102 776 sem-

2204 718 2318 780 τοῖς
2367 716 2518 779 ίδίοις
2562 716 2887 785 ίερουργοῖς,
2920 714 3042 783 οὐχὶ
3071 712 3133 784 δή
3168 730 3273 773 που
3320 712 3479 782 μόνον
3522 712 3621 782 τὴν
3657 712 3774 765 Ἰου-

529 806 759 872 piterna.
790 816 843 861 et
884 809 937 861 in
970 810 1125 864 bouis
1156 812 1537 881 cogitationem
1569 822 1625 868 et
1660 811 1962 867 orationem
2001 826 2098 866 ex-

2202 805 2378 867 δαίαν,
2410 804 2544 857 ἀλλὰ
2573 804 2682 875 γὰρ
2714 804 2932 864 ἃπασαν
2965 802 3064 873 τὴν
3088 803 3215 873 γῆν.
3248 802 3359 862 Καὶ
3390 801 3619 879 δευτέρα
3649 800 3775 872 μετά

526 896 860 950 cedentibus.
2201 895 2299 965 τὴν
2320 895 2543 965 πρώτην
2572 894 2927 970 κληροδοσίαν
2953 893 3163 961 γέγονε.
3189 892 3539 962 Διενείμαντο
3559 889 3666 961 γὰρ
3681 890 3774 953 τάς

525 1004 583 1040 ’τε
616 988 797 1060 Χώρας
845 993 939 1044 καὶ
969 992 1153 1057 πόλεις
1207 993 1372 1065 ψήφῳ
1391 998 1457 1066 τῇ
1487 998 1618 1067 παρ’
1679 994 1844 1052 αὐτοῦ
1911 974 2261 1065 μυσταγωγοὶ
2302 990 2396 1042 καὶ
2431 988 2759 1051 διδάσκαλοι,
2794 989 2888 1048 καὶ
2948 988 3086 1049 εἰσὶν
3117 988 3205 1049 είς,
3227 986 3388 1056 δεῦρο
3418 985 3697 1055 χαίροντες
3722 985 3775 1035 ὲν

524 1084 763 1153 Χριστῷ,
805 1087 895 1138 καὶ
922 1088 1118 1158 νοητὴν
1152 1089 1509 1161 εὐφροσύνην,
1542 1090 1729 1163 ὥσπερ
1758 1090 1879 1143 τινὰ
1935 1088 2197 1157 στέφανον
2228 1084 2447 1154 ἔχοντες
2516 1081 2609 1134 ἐπὶ
2669 1080 2929 1150 κεφαλῆς.
2963 1078 3189 1143 Alcime;
3224 1078 3281 1131 δὲ
3306 1076 3693 1149 ἡεύφροσύνηο
3717 1077 3783 1128 οὺ

525 1178 634 1247 γὰρ
668 1180 725 1230 ὲν
756 1179 1109 1250 προσκαίροις
1144 1182 1431 1251 πράγμασι
1492 1183 1882 1253 προσδοκῶμεν
1907 1180 2124 1235 ἔσεσθαι
2164 1177 2262 1248 τὴν
2296 1173 2667 1245 ἀντιμισθίαν,
2730 1173 2845 1231 ἀλλ’
2873 1175 2931 1226 ὲν
2960 1172 3136 1225 ἐλπίδι
3173 1173 3382 1242 μακρᾷ,
3420 1172 3517 1223 καὶ
3561 1166 3790 1222 ἀτελευο.

523 1274 666 1345 τήτῳ
705 1274 825 1342 βίῳ,
856 1275 950 1328 καὶ
1000 1277 1065 1329 ὲν
1108 1279 1220 1340 τοίς
1272 1278 1413 1352 ὑπὲρ
1444 1279 1583 1334 νοῦνι
1607 1281 1702 1334 καὶ
1747 1280 1904 1349 λόγον
1945 1278 2193 1346 ἀγαθοῖς-

596 1364 755 1421 Vens.
789 1367 839 1430 8,
871 1367 921 1424 9.
944 1366 1056 1439 Ego
1080 1370 1217 1424 enim
1241 1388 1355 1425 sum
1389 1372 1667 1434 Dominus.
1687 1372 1908 1442 diligens
1925 1373 2093 1443 justi-

2284 1364 2431 1435 Ἐγὼ
2460 1363 2571 1432 γάρ
2608 1365 2726 1432 εἰμι
2768 1363 2984 1430 Κύριος
3027 1363 3061 1415 o'
3100 1358 3345 1430 ἀγαπῶν
3367 1358 3777 1425 δικαιοσύνην,

526 1457 653 1509 tiam
682 1469 730 1510 et
770 1460 891 1512 odio
923 1462 1116 1514 habens
1144 1464 1361 1531 rapinas
1392 1480 1456 1518 ex
1499 1465 1787 1534 injustitia.
1842 1463 1908 1517 Et
1956 1464 2099 1516 dabo

2201 1457 2297 1511 καὶ
2327 1454 2524 1525 μισῶν
2554 1454 2907 1523 ἁρπάγματα
2934 1451 3002 1517 ἐξ
3041 1452 3309 1516 ἀδικίας·
3342 1448 3441 1502 καὶ
3474 1448 3642 1502 δώσω
3677 1450 3794 1502 τὸν

526 1548 753 1603 laborem
789 1554 1123 1620 eorumaliis,
1157 1568 1204 1610 et
1242 1567 1605 1612 testamentum
1655 1557 2098 1623 wternumdispo-

2195 1549 2428 1617 μόχθον
2474 1545 2671 1602 αὐτῶν
2719 1544 3003 1610 δικαίοις,
3053 1543 3151 1600 καὶ
3211 1541 3506 1609 διαθήκην
3545 1540 3784 1594 αἰώνιον

525 1655 645 1695 nam
679 1645 771 1699 eis.
803 1647 871 1699 Et
897 1658 1233 1718 cognoscatur
1263 1651 1319 1703 in
1370 1651 1606 1720 gentibus
1647 1667 1818 1705 semen
1879 1665 2106 1714 eorum,_

2201 1638 2556 1707 διαθήσομαι
2592 1636 2816 1703 αὐτοῖς.
2841 1635 2950 1690 Καὶ
2982 1634 3317 1704 γνώσονται
3340 1634 3409 1685 ἐν
3435 1632 3559 1698 τοῖς
3577 1631 3777 1685 ἔθνεσι

522 1737 688 1809 866
715 1749 762 1791 et
781 1750 983 1808 nepotes
1027 1758 1207 1795 eorum
1247 1743 1301 1795 in
1318 1744 1487 1797 medio
1530 1744 1861 1811 populorum.
1912 1740 2095 1796 Omnis

2202 1731 2268 1785 τὸ
2290 1728 2768 1799 σπέρμα-αὐτῶν.
2802 1727 2911 1782 Καί
2945 1726 3015 1781 τὰ
3042 1726 3261 1796 ἔκγονα
3296 1723 3497 1779 αὐτῶν
3521 1725 3590 1777 ἐν
3617 1723 3794 1793 μέσῳ

524 1831 614 1897 qui
642 1830 822 1883 viderit
842 1844 1209 1901 eos,agnoscet
1231 1850 1342 1898 eos,
1378 1836 1501 1905 quia
1528 1835 1611 1887 illi
1662 1844 1781 1889 sunt
1827 1850 1998 1889 semen
2030 1833 2113 1887 be-

2181 1864 2184 1900 ι
2210 1823 2331 1876 τῶν
2360 1822 2547 1877 λαῶν.
2582 1820 2708 1886 Πᾶς
2751 1824 2784 1875 ὀ
2828 1820 2984 1890 ὀρῶν
3014 1818 3236 1884 αὐτοὺς
3257 1816 3646 1886 ἐπιγνώσεται
3673 1819 3782 1869 αὺ-

524 1920 783 1973 nedirtum
808 1938 839 1975 ο
865 1921 991 1986 Deo,
1021 1924 1267 1980 lartitiam-
1310 1926 1629 1981 lwtabuntur
1699 1941 1855 1991 super
1916 1923 2099 1978 Domi-

2212 1916 2386 1981 τοὺς,
2423 1915 2513 1968 ὅτι
2559 1912 2727 1971 οὗτοί
2771 1916 2888 1967 εἱσι
2933 1912 3172 1981 σπέρμα
3214 1909 3621 1979 εὐλογημένον
3664 1910 3788 1963 ὐπό

525 2028 668 2066 num.
2203 2007 2374 2073 Θεοῦ,
2407 2007 2759 2076 εὐφροσύνῃ
2789 2005 3314 2075 εὐφρανθήσονται
3346 2003 3443 2056 ἐπὶ
3469 2005 3705 2071 Κύριον.

592 2105 723 2159 Cum
766 2107 961 2162 dixerit
994 2126 1008 2162 :
1039 2128 1061 2160 ι
1093 2110 1421 2181 Alienigena:
1467 2110 1680 2166 venturi
1738 2118 1864 2165 sunt
1888 2110 1977 2180 qui
2008 2124 2100 2178 pa-

2272 2099 2477 2163 Εἰπὼν,
2506 2100 2589 2152 ὅτι
2623 2098 2916 2164 «Ἥξουσιν
2949 2095 3250 2164 ἀλλογενεῐς
3299 2095 3672 2164 ποιμαίνοντες
3713 2094 3786 2148 τὰ

522 2209 675 2251 scant
697 2214 826 2255 oves
857 2210 993 2264 tuas,
1022 2210 1076 2257 et
1109 2202 1485 2272 alienaagentis
1520 2211 1766 2258 aratores
1797 2213 1851 2257 et
1905 2203 2101 2257 vinito-

2201 2190 2450 2262 πρόϐατά
2475 2205 2590 2254 σου,
2617 2188 2710 2249 καὶ
2735 2185 3024 2255 ἀλλόφυλοι
3051 2185 3338 2256 ἀροτῆρες,
3360 2183 3453 2237 καὶ
3477 2182 3787 2255 ἀμπελουρ-

523 2306 629 2355 res,
660 2310 679 2343 ι
708 2291 895 2360 ejectis
927 2294 1178 2350 videlicet
1208 2296 1425 2365 primis,
1464 2305 1519 2350 et
1563 2295 1865 2350 deturbatis
1924 2294 2101 2350 domi-

2198 2283 2306 2351 γοὶ,
2342 2302 2360 2335 ι
2394 2282 2469 2345 ὡς
2494 2278 2838 2348 ἐξωσθέντων
2874 2278 3117 2349 δηλονότι
3147 2276 3255 2333 τῶν
3299 2275 3550 2347 πρώτων,
3577 2276 3671 2329 καὶ
3690 2276 3791 2329 τοῦ

523 2393 649 2438 natu
684 2400 847 2455 quem
885 2388 937 2441 in
971 2389 1224 2457 populum
1259 2390 1648 2453 obtinuerunt,
1704 2404 1801 2444 cur
1824 2389 1926 2443 hoc
1954 2388 2098 2457 passi

2199 2373 2558 2446 καθηγεῖσθαι
2585 2371 2727 2426 λαῶν
2743 2370 3189 2447 ἐκσεσοὸημένων
3208 2369 3566 2435 ,διαδείκνυσι
3583 2368 3682 2433 τὰς
3702 2370 3789 2421 αε-

520 2476 629 2529 sint
661 2487 847 2533 sancto
874 2479 1079 2535 calculo
1112 2495 1173 2534 ac
1191 2480 1399 2552 judicio
1429 2482 1545 2548 eius
1579 2481 1669 2547 qui
1696 2480 1844 2550 juste
1864 2479 2097 2548 judicat,

2197 2467 2340 2530 τίας.
2392 2467 2478 2535 ἐφ’
2532 2460 2621 2529 αἷς
2664 2465 2823 2521 τοῖιτο
2884 2462 3236 2528 πεπόνθασιν,
3288 2462 3410 2534 ὁσία
3460 2461 3627 2538 ψήφῳ
3688 2461 3784 2514 τοῦ

522 2583 715 2623 causas
774 2571 1025 2626 ostendit.
1095 2551 1231 2638 Quia
1300 2573 1480 2640 enim,
1565 2573 1777 2642 inquit,
1833 2588 1956 2627 amo
2009 2573 2097 2643 ju-

2196 2557 2266 2612 τά
2322 2556 2507 2615 δίκαια
2558 2555 2872 2627 κρίνοντος.,
2919 2553 3136 2624 Ἐπειδὴ
3181 2552 3289 2623 γὰρ
3348 2551 3563 2620 ἀγαπῶ,
3610 2552 3794 2621 φησὶ,

522 2659 743 2725 stitiam,
791 2662 1114 2731 rapinasque
1153 2677 1217 2717 ex
1249 2662 1511 2732 injustitia
1560 2661 1820 2718 conﬂatas
1873 2663 1983 2727 odi,
2042 2670 2097 2718 et

2196 2649 2295 2720 τὴν
2362 2648 2752 2719 δικαιοσύνην,
2820 2646 3162 2718 ἁρπάγματα
3213 2646 3270 2699 δὲ
3330 2644 3399 2698 τά
3451 2644 3510 2709 ἐξ
3570 2644 3788 2708 ἀδικίας

519 2751 647 2819 quia
668 2752 751 2806 isti
776 2751 1011 2809 Iudaica:
1062 2754 1360 2825 Synagogae
1393 2754 1633 2824 praefecti
1688 2754 1823 2809 tales
1854 2754 2094 2819 l'ucmnt,

2200 2741 2366 2813 μισῶ,
2398 2741 2657 2810 γεγόνασι
2686 2740 2743 2794 δὲ
2774 2739 3005 2794 τοιοῦτοι
3032 2739 3129 2810 τῆς
3161 2736 3424 2792 Ἰουδαίων
3454 2737 3790 2815 Συναγωγῆς

521 2844 699 2897 dimisi
731 2859 827 2899 eos
859 2855 917 2899 et
942 2846 1142 2916 expuli.
1194 2844 1538 2915 Rapientium
1570 2847 1713 2901 enim
1752 2846 1981 2914 injustas
2004 2863 2094 2901 ra-

2196 2833 2247 2885 ol
2299 2831 2661 2904 προεστῶτες,
2697 2832 2947 2903 παρῆκα,
3000 2831 3156 2901 φησι,
3195 2829 3288 2883 καὶ
3336 2828 3656 2899 ὲξεωσάμην
3682 2829 3791 2881 αὖ-

522 2939 675 3002 pinas
704 2943 757 2989 et
785 2935 1022 2991 laborem
1056 2938 1195 2992 dabo
1219 2937 1357 2992 aliis.
1394 2936 1493 3004 Qui
1522 2938 1664 2992 enim
1718 2937 1914 3007 injuste
1953 2937 2094 2993 dite-

2196 2924 2339 2989 τούς.
2374 2924 2505 2977 Τῶν.
2528 2923 2635 2996 γὰρ
2684 2923 3038 2994 ἁρπαζόντων
3078 2923 3419 2994 ἁρπάγματα
3462 2919 3522 2986 ἐξ
3567 2921 3792 2985 ἀδικίας

521 3034 701 3089 scunt,
732 3036 809 3089 et,
845 3026 1183 3095 utpropheta
1211 3027 1308 3094 ait,
1360 3027 1620 3096 colligunt
1649 3036 1704 3082 et
1751 3028 2095 3083 accumulant

2194 3015 2285 3069 τὸν
2314 3014 2512 3085 μόχθον
2557 3015 2763 3087 ἑτέροις
2790 3015 2999 3084 δίδωμι.
3028 3016 3091 3067 Οἱ
3117 3014 3226 3084 γὰρ
3255 3013 3453 3074 ἀδίκως
3496 3012 3795 3066 πλουτοῦν-

521 3115 621 3168 sibi
644 3115 773 3182 ipsis
803 3116 1131 3185 impietatem
1164 3132 1228 3172 ac
1245 3117 1540 3182 miseriam,
1566 3120 1632 3173 ad
1662 3118 1796 3173 alios
1815 3132 1877 3174 ea
1910 3129 2091 3175 trans-

2195 3124 2305 3171 τες,
2329 3107 2447 3169 καὶ,
2465 3106 2610 3161 καθά
2637 3123 2800 3178 φησιν
2822 3109 2850 3160 ὁ
2872 3107 3175 3178 προφήτης,
3207 3105 3625 3177 θησαυρίζοντες
3654 3108 3796 3157 ἑαυ,

523 3207 757 3261 mittunt.
796 3207 930 3262 Hinc
986 3208 1238 3262 Solomon
1274 3226 1289 3263 :
1327 3227 1353 3260 ι
1386 3208 1613 3274 Divitim,
1666 3210 1864 3281 inquit,
1952 3210 2124 3280 inju—t

2197 3203 2311 3264 τοῖς
2364 3200 2621 3254 ἀσέϐειαν
2668 3200 2764 3253 καὶ
2814 3199 3207 3270 θαλαιπωρίαν,
3255 3200 3335 3261 είς
3380 3199 3595 3268 ἐτέρους
3643 3198 3795 3251 αὑτὰ

522 3310 602 3354 ste
638 3311 907 3368 congestae
940 3312 1283 3367 evomentur,
1319 3318 1350 3357 e
1380 3305 1538 3359 domo
1567 3304 1685 3367 ejus
1740 3304 1918 3357 trahet
1970 3303 2093 3359 illas

2196 3294 2833 3366 παραπέμπουσιν.”Εφη
2864 3293 2998 3363 γοῦν
3029 3295 3057 3346 δ
3090 3292 3361 3363 Σολομὼν,
3392 3292 3473 3345 ὅτι
3502 3310 3519 3342 ι
3548 3291 3794 3354 Πλοῦτος

521 3393 760 3461 angelus.
801 3412 823 3445 ι.
857 3392 920 3447 Et
951 3393 1145 3448 iterum
1177 3415 1191 3451 :
1231 3413 1251 3446 ‹
1292 3393 1392 3462 Qui
1415 3396 1659 3464 congerit
1690 3396 1907 3449 divitias
1964 3409 2093 3451 suas

2194 3388 2395 3450 ἀδίκως
2437 3388 2805 3457 συναγόμενος
2854 3386 3264 3458 ἐξεμεθήσεται,
3295 3385 3353 3452 ἐξ
3395 3385 3571 3447 οἰκίας
3621 3384 3793 3436 αὑτοῦ

522 3498 616 3550 per
650 3498 842 3537 usuras
869 3485 1245 3551 etavaritiam,
1264 3494 1318 3539 et
1349 3487 1439 3555 qui
1466 3487 1755 3540 miseretur
1774 3501 2091 3555 pauperum,

2197 3475 2408 3535 ἑλκύσει
2434 3478 2594 3531 αὐτὸν
2621 3478 2869 3547 ἄγγελος.
2902 3495 2919 3528 ι
2952 3479 3062 3531 Καὶ
3090 3476 3392 3536 πάλιν·ι.⁹0
3425 3476 3671 3543 συνάγων
3696 3476 3798 3527 τὸν

520 3574 784 3644 relinquet
811 3589 932 3637 eas;
968 3591 1065 3630 nec
1100 3576 1283 3644 utique
1313 3574 1468 3631 bonis
1502 3576 1634 3631 viris
1670 3586 1726 3629 et
1782 3576 2093 3631 misericor-

2196 3570 2425 3629 πλοῦτον
2458 3570 2620 3625 αὑτοῦ
2654 3570 2791 3641 μετά
2814 3570 2999 3632 τόκου,
3047 3570 3140 3628 καὶ
3182 3567 3555 3638 πλεονασμῶν,
3597 3566 3657 3620 τὺ
3704 3567 3797 3619 ἐλ-

520 3664 694 3728 dibus,
733 3664 825 3718 sed
869 3665 1045 3733 potius
1102 3664 1479 3719 decoctoribus
1516 3663 1584 3718 ⁸¹.
1618 3682 1637 3716 ι
1687 3662 1885 3733 Lepide
1946 3664 2091 3719 enim

2196 3661 2373 3716 εοῢντι
2408 3662 2655 3733 πτωχοὺς
2668 3661 2984 3732 καταλείψει
3015 3661 3319 3726 adtenuat
3338 3660 3489 3729 0661‘;
3522 3676 3625 3712 που
3650 3659 3797 3717 πάντ

520 3756 769 3810 dixiteos
790 3755 1031 3810 misereri
1063 3770 1375 3825 pauperum.
1411 3753 1543 3809 Nam
1603 3756 1693 3826 qui
1735 3754 1954 3824 profuse
2010 3756 2093 3811 vi.-

2194 3771 2302 3818 ⁸’.ἱως
2335 3754 2560 3823 ἀγαθοῖς
2598 3754 2846 3824 ἀνδράσι,
2877 3754 2970 3813 καὶ
3002 3752 3455 3824 φιλοικτίρμοσιν,
3477 3752 3616 3805 ἀλλά
3637 3752 3795 3813 dati;-

520 3856 669 3911 vunt,
705 3847 788 3901 his
814 3847 1117 3916 complures
1144 3847 1563 3917 agglutinantur,
1588 3856 1642 3901 et
1689 3862 1793 3900 una
1819 3861 1941 3901 cum
1986 3846 2093 3902 illis

2194 3862 2305 3909 τοις
2339 3845 2558 3916 μᾶλλον.
2593 3864 2610 3896 ι
2645 3845 2920 3916 Εὑφήμως
2966 3844 3074 3914 γὰρ
3123 3845 3249 3907 τοὺς
3293 3842 3564 3905 τοιούτους
3609 3842 3795 3903 ἐλεεῖν

520 3945 843 3990 consumunt
872 3951 991 4006 quae
1038 3937 1223 3991 multis
1252 3937 1543 3992 sudoribus
1573 3951 1669 4005 per
1691 3934 1949 4006 unciasque
1968 3945 2093 3990 sunt

2193 3938 2296 4011 ἔφη
2336 3939 2606 4010 πτωχούς.
2630 3939 2754 4001 Τοῖς
2797 3938 2906 4008 γὰρ
2958 3936 3126 4000 ζῶσιν
3177 3937 3234 3988 ὲν
3282 3935 3490 4005 ἀσωτίᾳ
3536 3934 3794 3988 πλεῖστοι

519 4037 855 4080 coacervata.
895 4029 968 4081 De
996 4026 1285 4083 illiusmodi
1311 4029 1621 4085 hominibus
1668 4028 1849 4100 psalllt
1880 4029 2092 4084 divinus

2196 4029 2313 4088 λίαν
2354 4031 2403 4084 oi
2445 4028 2809 4100 κολλώμενοι,
2847 4029 2937 4082 καὶ
2987 4027 3432 4089 συνδαπανῶντες
3483 4026 3675 4089 αὐτοῖς
3723 4027 3797 4079 τὰ

524 4111 714 4175 David,
767 4125 821 4169 et
854 4115 1031 4184 inquit
1063 4134 1077 4170 :
1112 4133 1132 4168 ι
1170 4117 1241 4171 At
1283 4116 1481 4172 frustra
1532 4118 1920 4184 tumultuatur;
1976 4120 2095 4174 the-

2199 4122 2408 4185 πολλοῖς
2436 4121 2658 4193 ἱδρῶσιν
2689 4120 2889 4183 ἀδίκως
2923 4118 3325 4191 σεσωρευμένα.
3365 4116 3569 4175 Ψάλλει
3598 4117 3659 4170 δὲ
3695 4119 3800 4171 καὶ

519 4205 780 4271 saurizat,
814 4216 866 4260 et
905 4209 1079 4261 nescit
1112 4209 1196 4263 cui
1249 4218 1544 4281 oongreget
1568 4224 1631 4264 ea
1661 4211 1728 4263 θ’.
1765 4229 1785 4262 s
1826 4210 2091 4265 Praeterea

2193 4213 2219 4264 δ
2267 4212 2551 4275 θεσπέσιος
2601 4210 2765 4264 Δαόὶδ
2810 4211 2939 4280 περὶ
2994 4209 3104 4264 τῶν
3146 4208 3420 4272 τοιούτων,
3472 4208 3568 4261 καί
3621 4225 3794 4280 φησι·

519 4296 624 4349 alio
659 4298 819 4352 modo
847 4311 861 4349 :
887 4296 1064 4352 Labor
1084 4314 1176 4354 seu
1203 4313 1335 4355 cura
1369 4300 1685 4356 Scribarum
1706 4309 1761 4355 et
1788 4298 2092 4355 Pharisaeo-

2198 4325 2222 4361 ι
2247 4306 2390 4370 Πλὴν
2418 4306 2594 4376 μάτην
2622 4306 2971 4376 ταράσσεται·
3004 4303 3340 4375 θησαυρίζει,
3374 4303 3465 4356 καὶ
3506 4304 3575 4356 οὐ
3612 4305 3799 4375 γινώ-

521 4404 636 4441 rmn
668 4388 797 4443 aliis.
827 4389 949 4442 data
1006 4399 1124 4456 est,
1160 4390 1416 4445 videlicet
1455 4391 1695 4461 gentium
1753 4390 2088 4448 doctoribus.

2198 4413 2314 4450 σκει
2347 4395 2451 4449 τίνι
2483 4395 2701 4462 συνάξει
2739 4395 2878 4449 αὐτά
2900 4412 2913 4424 ·
2962 4413 2981 4447 ι
3009 4396 3117 4447 Καὶ
3146 4394 3265 4449 καθ’
3286 4395 3469 4465 ἕτερον
3490 4395 3550 4447 δὲ
3579 4397 3799 4465 τρόπον

517 4479 764 4534 Christus
801 4482 984 4551 itaque
1015 4481 1131 4534 ait:
1168 4500 1189 4532 ι
1248 4481 1415 4535 Amen
1467 4483 1592 4536 dico
1644 4482 1818 4549 vobis,
1873 4482 2090 4538 tolletur

2199 4488 2226 4544 5~
2270 4486 2483 4558 μόχθος,
2536 4487 2700 4558 ήγουν
2748 4487 2781 4558 ή
2820 4485 3038 4558 φροντὶς
3085 4485 3203 4539 τῶν.
3233 4484 3620 4557 Γραμματέων
3695 4489 3800 4547 καὶ

519 4586 738 4641 regnum
766 4572 865 4625 Dei
891 4586 920 4625 a
949 4571 1181 4633 vobis,et
1208 4572 1427 4626 dabitur
1455 4573 1601 4641 genti
1625 4572 1843 4627 facienti
1876 4572 2088 4630 fructus

2197 4557 2498 4650 Ιιαρισαίων
2527 4557 2733 4651 ἑτέροις
2763 4557 2943 4649 ἐδόθη,
2972 4578 3129 4654 δῆλον
3156 4578 3213 4631 δὲ
3241 4578 3322 4631 δτι
3353 4575 3429 4649 (1)
3470 4595 3489 4628 ι
3514 4577 3798 4651 Ἀρθήσε-

518 4666 634 4732 ejus
667 4664 732 4718 ⁸³.
769 4683 787 4715 ι
821 4663 960 4733 Ergo
993 4664 1089 4732 illi,
1120 4664 1317 4735 inquit,
1355 4664 1564 4733 expulsi
1607 4673 1752 4719 sunt.
1789 4666 1856 4719 At
1902 4666 2085 4733 vobis,

2197 4689 2276 4727 ται
2328 4672 2421 4739 ἀφ’
2449 4669 2604 4740 ὑμῶν
2656 4673 2691 4741 ἡ
2737 4669 2985 4740 βασιλεία
3026 4668 3119 4726 τοῦ
3173 4668 3328 4731 Θεοῦ,
3363 4668 3457 4721 καὶ
3487 4668 3798 4741 δοθήσεται

519 4758 606 4825 qui
631 4771 696 4810 ex
721 4756 969 4825 gentibus
996 4758 1170 4811 vocati
1211 4757 1344 4811 estis
1373 4756 1438 4809 ad
1466 4771 1678 4810 sacrum
1704 4756 2086 4823 ministerium,

2197 4761 2331 4814 ἔθνει
2356 4760 2597 4814 ποιοῦντι
2630 4761 2755 4823 τοὺς
2784 4760 3030 4825 καρποὺς
3058 4759 3246 4829 αὐτῆς.
3278 4777 3297 4811 s
3330 4756 3545 4819 Οὐκοῦν
3575 4760 3798 4815 ἐκεῖνος

520 4855 897 4901 testamentum
921 4854 1177 4900 aeternum
1208 4846 1491 4915 disponam,
1518 4861 1533 4897 :
1575 4846 1699 4900 inde
1729 4846 2090 4915 velprzedica-

2197 4854 2290 4923 μὲν
2319 4852 2654 4922 ἐξώσθησαν,
2681 4851 2868 4921 φησὶν,
2896 4853 3028 4922 ἡμῖν
3073 4851 3128 4903 δὲ
3169 4853 3283 4914 τοῖς
3324 4850 3496 4922 κεκλη
3507 4853 3712 4922 μένοις
3740 4856 3798 4919 ἐξ

522 4938 721 4990 tionem
752 4936 1140 5005 evangelicum,
1172 4936 1257 4991 vel
1288 4952 1439 5007 spem
1483 4938 1866 5007 sempiternam
1899 4938 2089 4993 intelli-

2195 4942 2357 4997 ὲθνῶν
2389 4944 2469 5005 είς
2503 4941 2811 5014 ἱερουργίαν
2857 4942 3121 5013 διαθήκην
3164 4942 3380 4995 αἰώνιον
3415 4943 3796 5016 διαθήσομαι,

516 5045 646 5099 gens
677 5046 690 5082 :
737 5047 761 5079 ι
797 5026 851 5081 In
878 5030 1200 5097 gentibush
1240 5030 1434 5098 inquit,
1469 5047 1491 5081 ι
1526 5041 1880 5100 cognoscetur
1901 5045 2083 5085 semen

2198 5034 2225 5104 ἢ
2254 5034 2314 5086 τὸ
2346 5035 2608 5105 κήρυγμα
2628 5033 2697 5087 τὸ,
2716 5032 3068 5102 εὐαγγελικὸν
3094 5033 3180 5086 διὰ
3204 5034 3360 5087 τοῦτο
3383 5035 3591 5104 δηλῶν,
3615 5039 3799 5109 ἤγουν

515 5133 724 5182 eorum,
769 5127 822 5172 et
852 5120 1132 5189 progenies
1157 5134 1365 5174 eorum.
1389 5119 1535 5186 Quos
1568 5121 1661 5189 qui
1690 5119 1882 5175 viderit
1916 5136 2084 5191 agno-

2196 5123 2381 5177 ἐλπίδα
2413 5124 2510 5177 τὴν
2532 5123 2907 5195 ἀτελεύτητον.
2945 5142 2964 5174 ι
2988 5124 3074 5179 Ἐν
3103 5124 3160 5177 δὲ
3180 5127 3299 5189 τοῖς,
3316 5124 3495 5179 ἔθνεσι
3527 5131 3797 5200 γνωσθῇς

515 5223 627 5264 scet
662 5210 786 5279 quia
817 5209 870 5264 bi
903 5222 1027 5265 sunt
1050 5227 1231 5266 semen
1281 5212 1618 5267 benedictum
1645 5226 1682 5265 α
1713 5212 1840 5268 Deo.
1874 5232 1896 5266 ι
1948 5214 2082 5268 Nam

2197 5230 2355 5279 σεται,
2389 5233 2407 5266 ι
2448 5215 2602 5286 φησὶ,
2652 5231 2671 5265 ι
2702 5213 2764 5267 τὸ
2812 5213 3035 5285 σπέρμα
3086 5215 3286 5280 αὐτῶν,
3317 5217 3411 5269 καὶ
3454 5218 3531 5271 τὰ
3582 5222 3798 5288 ἔκγονα

513 5302 605 5369 qui
653 5301 987 5357 institutione
1015 5312 1068 5356 et
1101 5302 1346 5357 doctrina
1376 5301 1477 5355 lilii
1529 5312 1841 5358 sanctorum
1879 5315 2084 5375 mysta-

2195 5307 2361 5362 ιὺτῶν
2416 5309 2523 5371 πᾶς
2568 5308 2597 5359 ὁ
2645 5306 2787 5377 ὁρῶν
2821 5306 3018 5370 αὐτοὺς
3044 5307 3410 5377 ἐπιγνώσεται
3444 5311 3689 5377 αὐτοὺς,
3719 5316 3796 5366 ὅτι

514 5410 770 5465 gngorum
818 5396 1146 5449 exstiterunt
1174 5405 1394 5465 propter
1453 5396 1722 5464 insignem
1759 5397 2081 5466 probitatem

2194 5394 2324 5453 >510!
2352 5400 2457 5451 είσι
2492 5398 2712 5468 σπέρμα
2756 5397 3120 5470 εὐλογημένον
3167 5400 3273 5455 ὑπὸ
3321 5400 3481 5455 Θεοῦ.
3513 5422 3536 5455 s
3569 5405 3643 5460 Oi
3690 5408 3795 5477 γὰρ

515 5496 568 5537 et
591 5486 713 5540 vitae
751 5486 1025 5555 pietatem,
1053 5486 1303 5541 omnibus
1322 5495 1450 5541 sunt
1480 5487 1768 5551 notissimi,
1802 5486 1927 5557 quia
1956 5502 2081 5557 pro-

2192 5490 2320 5543 κατὰ
2354 5489 2652 5562 μαθητείαν
2680 5488 2784 5543 υίοί
2811 5489 2921 5545 τῶν
2947 5490 3116 5562 ἁγίων
3147 5495 3534 5565 μυσταγωγῶν
3558 5499 3631 5554 ἐκ
3661 5500 3793 5553 πο).-

584 5663 627 5696 ⁸¹
658 5664 816 5718 Prov.
849 5680 1042 5731 xxvm,
1067 5667 1121 5723 8.
1197 5668 1243 5700 "
1270 5666 1407 5721 Psal.
1437 5682 1664 5733 xxxviii,
1688 5667 1741 5720 7.
1817 5668 1862 5698 ⁸³
1896 5665 2087 5721 Matth.
2122 5682 2237 5732 xxi,
2268 5668 2337 5720 45

580 5841 660 5913 (l)
696 5841 752 5895 In
806 5844 1096 5914 exemplari
1141 5842 1326 5900 Graeco
1377 5844 1732 5915 praetermissa
1792 5852 1917 5901 sunt
1974 5845 2077 5901 duo
2119 5844 2284 5901 triave
2316 5845 2599 5910 vocabula...
