4054 6376
346 313 485 370 13δὸ

1480 320 1545 377 ΙΝ
1582 321 1815 379 ISAIAM
1853 322 1983 379 LIB.
2024 324 2090 379 ν.
2133 319 2475 383 TOMUS'V.

3456 321 3479 375 Ι
3492 320 3593 375 360

342 429 441 503 λῆς
466 433 612 501 ἄγαν
641 434 1026 506 ἀγαθουργίας,
1057 438 1152 491 καὶ
1176 441 1274 511 τῆς
1299 441 1420 493 κατ’
1447 442 1731 500 εὐσέϐειαν
1755 441 1920 514 ζωῆς,

2031 447 2210 517 genies
2240 455 2551 501 sanctorum
2582 442 2706 499 lacti
2758 452 2884 499 sunt
2930 441 3266 498 institutione
3322 450 3378 498 et
3430 442 3595 496 disci-

341 526 755 597 γνωριμώτατοι
788 528 951 582 πᾶσίν
982 530 1139 593 εἰσιν,
1162 531 1244 584 ὅτι
1279 533 1375 593 καὶ
1407 534 1577 601 ἁγίων
1611 534 1805 604 ἔκγονα
1830 553 1923 605 γε·

2024 539 2188 607 plina,
2227 547 2284 590 ut
2311 537 2444 599 dixi,
2475 554 2494 587 s
2532 536 2738 605 et-quia
2765 550 2947 590 semen
2972 536 3314 590 benedictum
3346 532 3531 589 aDeo:
3571 552 3588 584 ι

344 616 534 684 γόνασι
569 618 711 672 κατά
748 619 1067 690 μαθητείαν,
1099 622 1175 684 ὡς
1204 621 1360 693 ἔφην,
1395 642 1413 674 ι
1442 625 1552 678 Καὶ
1582 625 1662 678 ὅτι
1705 627 1925 696 σπέρμα

2031 635 2188 705 367
2213 646 2357 704 puta,
2390 644 2699 689 sanctorum
2734 633 3119 688 monachorum
3173 643 3367 701 ccetus,
3392 633 3457 688 de
3483 633 3598 702 qui-

344 710 481 763 είσὶν
521 710 881 782 εὐλογημένον
930 712 1034 764 ὑπὸ
1081 712 1236 776 Θεοῦ,
1268 732 1286 766 ι
1326 710 1437 769 οἷον
1485 717 1553 769 τά
1607 718 1715 771 τῶν
1754 719 1924 784 ἁγίων

344 804 626 872 μοναστῶν
659 805 998 875 συστήματα,
1030 807 1158 877 περὶ
1186 800 1260 861 ὧν
1285 827 1450 880 φησιν
1482 811 1517 862 ὁ
1541 811 1750 876 Παῦλος
1771 829 1783 840 ·
1814 833 1832 864 ι
1862 815 1922 866 Oi

337 893 394 944 δὲ
435 890 528 945 τοῦ
562 892 798 962 Χριστοῦ
833 893 1007 963 Ἰησοῦ
1062 894 1162 964 τὴν
1212 897 1389 967 σάρκα
1432 899 1782 970 ἐσταύρωσαν
1829 902 1925 954 σὺν

336 985 449 1046 τοῖς
480 981 767 1053 παθήμασι
798 984 892 1037 καὶ
943 987 1063 1048 ταῖς
1087 970 1423 1057 ἐπιθυμίαις,
1456 1008 1475 1043 ι
1512 991 1561 1043 oi
1587 991 1677 1045 τὸν
1708 993 1933 1063 ἐπιεικῆ

338 1072 433 1126 καὶ
471 1073 756 1142 φιλόπονον
801 1074 1092 1140 διαζῶντες
1139 1076 1273 1147 βίονο
1297 1079 1404 1132 τῶν
1449 1082 1507 1133 ἐν
1552 1082 1817 1155 παρθενίᾳ
1856 1086 1924 1137 τὰ

341 1163 529 1235 στίφη,
548 1166 640 1218 καὶ¹
658 1167 808 1239 χοροῖι
825 1167 1086 1236 γέμοντες
1107 1167 1352 1237 εὐλογίας
1366 1170 1523 1237 Θεοῦ,
1542 1164 1686 1226 οῦτοι
1704 1175 1925 1246 σπέρμα

343 1255 480 1307 είσὶν
510 1255 869 1327 εὐλογημένον
893 1257 999 1311 ὐπὸ
1032 1257 1189 1324 Θεοῦ,
1224 1252 1369 1314 οῦτοι
1409 1262 1680 1333 χαίρουσι,
1711 1267 1805 1319 καὶ
1838 1266 1926 1318 εὐ-

344 1344 783 1416 φραίνονταιέπὶ
808 1347 1047 1420 Κύριον⁸
1079 1349 1138 1401 οὐ
1170 1350 1279 1421 γὰρ
1312 1352 1596 1420 ἐφήδονται
1636 1355 1925 1426 πράγμασι

344 1440 646 1507 κοσμικοῖς,
669 1440 1018 1510 ἐμπίμπλασι
1042 1441 1098 1493 δὲ
1125 1442 1323 1511 μᾶλλον
1347 1444 1445 1506 τὰς
1466 1445 1675 1499 ἑαυτῶν
1698 1448 1926 1517 καρδίας

345 1530 564 1600 ἀγάπης
588 1533 685 1609 τῆς
714 1534 793 1595 εἰς
819 1532 1078 1604 Χριστὸν,
1113 1537 1381 1607 σωτήριον
1401 1536 1456 1590 δὲ
1483 1537 1544 1591 τὸ
1570 1538 1760 1609 χρῆμά
1784 1541 1921 1604 ἐστι,

345 1623 440 1676 καὶ
472 1623 740 1695 θυμηδίας
772 1625 990 1695 ἀπάσης
1017 1628 1393 1699 ἐμποιητικόν.

426 1716 825 1787 Ἁγαιιιιίσθω
854 1717 893 1785 ἡ
921 1720 1090 1787 ψυχή
1116 1738 1236 1790 μου
1268 1720 1365 1774 ἐπὶ
1410 1719 1491 1787 τῷ
1528 1724 1723 1791 Κιιρίῳ
1752 1742 1765 1755 ·
1835 1726 1929 1779 ἐν.

2025 727 2123 779 bus
2164 725 2360 779 Paulus
2398 744 2414 779 :
2452 743 2479 775 ιν
2512 726 2611 791 Qui
2645 734 2821 779 autem
2855 724 3060 779 Christi
3112 723 3238 780 Jesu
3299 734 3445 789 sunt,
3478 740 3597 779 car-

2027 829 2147 868 nem
2205 814 2593 870 crucillxerunt
2658 830 2779 871 cum
2831 815 3112 869 aﬂ‘ectibus
3181 823 3238 868 et
3285 814 3597 881 cupiditati-

2025 905 2123 959 bus
2147 904 2215 969 ⁸⁸,
2250 924 2268 957 ι
2293 906 2385 976 qui
2419 907 2638 975 probam
2663 916 2715 961 et
2740 905 3064 961 laboriosam
3102 906 3385 961 traducunt
3409 907 3593 962 vitam:

2024 1005 2077 1049 et
2128 996 2179 1049 in
2209 996 2518 1066 virginitate
2548 997 2853 1066 degentium
2883 998 3138 1053 cohortes
3182 1007 3236 1053 et
3276 998 3442 1053 chori
3504 999 3593 1069 qui

2027 1086 2119 1141 Dei
2138 1087 2509 1142 benedictione
2543 1086 2866 1141 abundant:
2913 1087 2965 1141 hi
3021 1097 3147 1143 sunt
3198 1101 3383 1141 semen
3437 1086 3599 1141 bene-

2024 1176 2227 1230 dictum
2261 1191 2291 1230 a
2328 1174 2460 1241 Deo,
2497 1175 2549 1230 hi
2577 1174 2812 1247 gaudent
2848 1185 2917 1230 et-
2943 1175 3196 1230 laetantur
3235 1176 3289 1229 iu
3348 1173 3594 1230 Domino.

2026 1266 2141 1322 Non
2176 1268 2322 1323 enim
2353 1270 2641 1323 mundanis
2661 1268 2970 1323 adiciuntur
3004 1268 3252 1338 negotiis,
3297 1267 3391 1321 sed
3437 1268 3597 1322 corda

2026 1375 2120 1416 sua
2150 1364 2330 1432 potius
2358 1362 2623 1416 charitate
2653 1360 2854 1416 Christi
2888 1361 3177 1429 complent.
3228 1359 3351 1415 llaec
3389 1374 3477 1415 res
3508 1374 3599 1414 sa-

2025 1454 2215 1509 lutaris
2245 1461 2345 1519 est,
2365 1463 2429 1519 ~ct
2459 1452 2645 1508 munis
2666 1452 2954 1522 voluptatis
2982 1451 3246 1507 ell‘ectrix.

2096 1716 2261 1779 Vens.
2305 1714 2391 1781 10,
2428 1717 2514 1770 Η.
2582 1714 2825 1770 Exsultet
2862 1716 3040 1770 anima
3084 1732 3199 1770 mea
3253 1733 3309 1769 tn
3338 1715 3599 1784 Domino;

342 1802 526 1860 ἐδυσε
558 1807 669 1876 γάρ
690 1824 767 1877 με
806 1807 1041 1877 ίμὰτιον
1079 1811 1396 1879 σωτηρίου,
1450 1812 1549 1866 καί
1590 1813 1809 1892 χιτῶνα
1834 1818 1929 1869 εὐ-

2031 1808 2201 1862 induit
2225 1808 2361 1862 enim
2386 1823 2466 1860 me
2494 1817 2628 1861 veste
2669 1806 2857 1861 salutis
2900 1818 2947 1860 et
2995 1809 3175 1861 tunica
3205 1808 3421 1873 ltetitite,
3473 1818 3587 1862 tan-

343 1901 672 1969 φροσύνης,
700 1901 779 1966 ὼς
811 1904 1047 1971 νυμφίῳ
1077 1902 1390 1975 περιέθηκέ
1420 1922 1523 1973 μοι
1546 1907 1785 1974 μίτραν,
1830 1907 1929 1961 καὶ

342 1995 424 2059 ὡς
449 1994 692 2063 νύμφην
742 1997 1162 2063 κατεκόσμησέ
1203 2013 1277 2066 με
1308 1999 1534 2065 κόσμῳ,
1571 1999 1667 2052 καὶ
1704 2000 1785 2066 ὡς
1812 2000 1932 2069 γῆν

342 2082 659 2147 αὔξουσαν
700 2082 765 2135 τὸ
824 2081 1004 2149 ἄνθος
1050 2084 1258 2154 αὐτῆς,
1329 2087 1426 2140 καὶ
1486 2089 1567 2153 ὡς
1612 2088 1815 2159 κῆπον
1859 2090 1932 2145 τὰ

343 2178 655 2243 σπέρματα
701 2176 907 2240 αὐτοῦ,
937 2176 1124 2244 οὕτως
1157 2177 1442 2232 (ir-arenis?
1458 2180 1674 2249 Κύριος
1706 2182 1929 2237 δικαιο-

343 2268 564 2334 σύνην,
617 2268 715 2321 καὶ
776 2268 1123 2340 ἁγαλλίαμα
1184 2270 1462 2325 ἐναντίον
1527 2274 1769 2329 πάντων
1813 2275 1935 2331 τῶν

342 2354 553 2410 ἐθνῶν.

414 2448 698 2519 Φιλότιμον
731 2449 815 2501 ἐπ’
849 2450 1033 2513 αὐτοῖς
1081 2450 1336 2516 ἀπλώσας
1386 2454 1486 2523 τὴν
1547 2457 1723 2526 χεῖρα,
1781 2456 1934 2510 πλείε-

347 2556 490 2604 στοις
532 2558 591 2594 τε
635 2541 780 2604 ὅσοις
811 2541 904 2595 καὶ
936 2540 1276 2613 άξιοκτήτοις
1316 2546 1613 2615 χαρίσμασι
1664 2549 1933 2617 στεφανώ-

347 2650 461 2686 σειν
522 2633 726 2687 είπών’
791 2652 808 2685 ι
848 2634 967 2696 Πᾶς
1021 2636 1130 2706 γὰρ
1175 2639 1203 2690 6
1252 2638 1431 2709 ὁρῶν,
1479 2639 1642 2708 φησὶν
1671 2684 1685 2705 ,
1736 2641 1933 2705 αὐτοὺς

344 2724 728 2792 ἐπιγνώσεται,
762 2725 844 2778 ὅτι
866 2717 1018 2779 οὗτοί
1055 2728 1163 2779 είσι
1186 2728 1407 2799 σπέρμα
1442 2728 1804 2802 εὐλογημένον
1826 2731 1932 2786 ὐπὸ

344 2814 500 2879 Θεοῦ,
550 2834 569 2867 ι
617 2811 738 2870 εἶτα
779 2818 1238 2887 προσεπενεγκὼν
1290 2821 1370 2873 ὅτι
1408 2840 1426 2872 ‹
1471 2822 1580 2875 Καὶ
1630 2823 1934 2895 εὐφρανθή-

346 2925 527 2962 σονται
565 2908 658 2961 ἐπὶ
701 2908 930 2981 Κύριον,
966 2929 984 2962 ι
1022 2910 1236 2965 δίδωσιν
1280 2911 1439 2976 εὐθὺς
1466 2914 1564 2983 τὴν
1595 2914 1933 2986 εὐφροσύνην

344 3001 544 3064 αὐτοῖς.
568 3000 835 3072 Ταύτῃτοι
856 3001 951 3055 καὶ
990 3002 1136 3071 μάλα
1162 3002 1385 3067 εἰκότως
1406 3004 1466 3057 τὸ
1486 3004 1586 3070 τῆς
1609 3006 1933 3077 Ἑκκλησίας

344 3090 691 3161 εἰσεκομίσθη
708 3091 993 3161 πρόσωπον
1007 3092 1071 3143 ἐκ
1084 3093 1438 3165 περιχαρείας
1451 3094 1549 3164 τῆς
1567 3096 1701 3163 ἄγαν
1716 3097 1933 3165 ἀναφω-

344 3183 490 3247 νοῦν,
514 3202 531 3234 ι
554 3182 973 3253 Ἀγαλλιάσθωή
990 3183 1131 3253 ψυχή
1154 3201 1254 3254 μου
1274 3185 1365 3237 ἐπὶ
1388 3184 1463 3255 τῷ
1484 3186 1693 3257 Κυρίῳ,
1714 3188 1930 3242 ἐνέδυσε

344 3275 451 3353 γάρ
471 3292 534 3345 με
552 3274 764 3345 ἱμάτιον
784 3276 1069 3345 σωτηρίου,
1089 3276 1183 3328 καὶ
1203 3276 1403 3346 χιτῶνα
1425 3277 1783 3348 εὐφροσύνης.
1813 3281 1934 3331 »Χι-

342 3367 490 3420 τῶνα
527 3366 860 3437 εὐφροσύνης
895 3368 985 3421 τὸν
1014 3366 1219 3439 Κύριον
1257 3368 1414 3438 ἡμῶν
1454 3371 1665 3440 Ἰησοῦν
1697 3372 1935 3442 Χριστόν

344 3474 498 3529 φησι.
518 3457 724 3528 Γράφει
747 3457 875 3526 γοῦν
888 3458 981 3510 καὶ
994 3459 1022 3510 6
1039 3460 1311 3525 πάνσοφος
1327 3458 1539 3523 Παῦλος
1553 3463 1665 3522 τοῖς
1678 3462 1757 3523 είς
1770 3460 1931 3513 αὐτὸν

345 3546 697 3600 πιστεύσασιν
722 3562 737 3577 '
772 3566 790 3598 ι
815 3546 1134 3600 Ἐνδύσασθε
1171 3548 1263 3600 τὸν
1284 3548 1487 3618 Κύριον
1525 3551 1681 3620 ἡμῶν
1719 3550 1931 3620 Ἰησοῦν

343 3636 435 3691 τὸν
468 3639 722 3708 Χριστὸν,
757 3639 852 3690 καὶ
884 3637 982 3706 τῆς
1016 3640 1216 3709 σαρκὸς
1253 3640 1509 3708 πρόνοιαν
1559 3641 1632 3711 μὴ
1690 3642 1930 3696 ποιεῖσθε

344 3731 424 3791 εἰς
453 3729 762 3798 ἐπιθυμίαν.
801 3749 820 3781 ι
859 3730 927 3783 Οἵ
960 3746 1023 3798 γε
1071 3730 1176 3799 μὴν
1208 3731 1413 3799 ἀμφίου
1449 3732 1605 3803 δίκην
1635 3736 1931 3805 ἐσχηκότες

344 3821 507 3873 αὐτὸν
536 3821 673 3891 πρὸς
708 3822 774 3891 τῇ
810 3821 1054 3891 σωτηρίᾳ
1094 3821 1437 3892 κερδαίνουσι
1501 3822 1563 3875 τὸ
1614 3826 1927 3897 εὐημερεῖν,

347 3914 440 3967 καὶ
470 3912 531 3965 τὸ
568 3914 625 3966 ἐν
655 3911 1015 3983 εὐφροσύναις
1046 3908 1184 3966 εἶναι
1207 3917 1467 3983 μακραῖς.
1505 3914 1647 3985 Ἔφη
1674 3916 1804 3984 γοῦν
1831 3918 1928 3970 αὐ-

344 4004 438 4069 τὸς
464 4005 493 4059 6
522 4003 736 4075 Σωτήρο
766 4023 784 4055 ι
833 4004 891 4057 ’0
943 4004 1182 4074 κλέπτης
1220 4006 1321 4059 οὐκ
1367 4004 1603 4076 ἔρχεται,
1656 4009 1703 4059 εί
1739 4006 1813 4077 μὴ
1844 4007 1931 4062 ἵνα

347 4095 525 4169 κλέψῃ
553 4097 646 4149 καὶ
676 4095 836 4167 θύσῃ,
866 4096 961 4148 καὶ
989 4096 1252 4167 ἀπολέσῃ.
1306 4097 1447 4164 Ἐγὼ
1469 4092 1635 4166 ἦλθον
1673 4097 1762 4151 ἵνα
1786 4097 1931 4170 ζωὴν

347 4188 536 4258 ἔχωσι,
566 4188 659 4240 καὶ
685 4187 946 4257 περισσὸν
983 4186 1199 4257 ἔχωσιν.
1238 4208 1255 4237 ι
1296 4189 1370 4241 Οὐ
1401 4190 1510 4260 γὰρ
1557 4187 1719 4251 σώζει
1747 4187 1928 4259 μόνον,

345 4280 422 4343 ὠς
473 4278 630 4350 ἔφην,
683 4277 818 4331 ἀλλά
855 4280 962 4348 γὰρ
1014 4280 1108 4332 καὶ
1144 4277 1482 4350 ἀτελευτήτῳ
1542 4279 1929 4351 κατευφραίνει

345 4373 520 4443 χαρᾷ·
562 4373 657 4425 καὶ
703 4370 861 4425 τοῦτό
894 4374 1014 4424 ἐστι
1043 4372 1105 4424 τὸ
1140 4373 1392 4443 περιττὸν
1421 4372 1929 4444 προστεθησόμενον

2030 1915 2187 1970 quam
2217 1914 2457 1965 sponsum
2482 1898 2828 1953 circumdedit
2853 1914 2933 1953 me
2962 1901 3142 1963 mitra,
3169 1907 3219 1953 et
3243 1900 3393 1969 quasi
3446 1915 3603 1967 spon-

2031 2008 2145 2046 sam
2169 1992 2370 2045 ornavit
2392 2006 2473 2045 me
2492 1992 2685 2043 mundo
2716 1990 2957 2045 muliebri
2974 2006 2994 2054 ;
3019 2001 3067 2044 et
3090 1991 3223 2043 sicut
3247 2000 3385 2043 terra
3401 1991 3597 2059 profert

2030 2086 2211 2153 ﬂorem
2243 2098 2417 2145 suum,
2439 2092 2486 2135 et
2522 2092 2579 2135 ut
2604 2082 2788 2136 hortus
2838 2083 3037 2136 semina
3063 2098 3181 2147 sua,
3211 2083 3286 2136 sic
3309 2083 3600 2152 germinare

2033 2175 2189 2243 faciet
2210 2174 2463 2228 Dominus
2479 2174 2743 2244 justitiam
2773 2184 2820 2228 et
2849 2172 3254 2229 exsultationem
3287 2190 3462 2227 coram
3493 2190 3604 2228 om-

2033 2268 2186 2321 nibus
2212 2266 2475 2337 gentibus.

2103 2442 2508 2498 Muniﬁcamin
2543 2440 2659 2496 illos
2692 2443 3196 2509 manumlcxtendit,
3249 2452 3303 2497 et
3361 2440 3604 2511 plurimis

2033 2545 2088 2592 et
2106 2536 2403 2606 insignibus
2425 2535 2577 2589 donis
2599 2544 2982 2591 coronaturum
3010 2549 3069 2588 se
3100 2535 3220 2590 illos
3237 2534 3399 2593 dixit:
3431 2551 3455 2587 ι
3470 2532 3599 2589 Om-

2037 2630 2120 2683 nis
2173 2628 2337 2693 cuim,
2396 2626 2591 2695 inquit,
2632 2628 2722 2695 qui
2768 2628 2915 2682 videt
2963 2644 3074 2693 eos,
3129 2634 3424 2697 cognoscet
3482 2641 3605 2683 esse

2035 2720 2155 2775 illos
2181 2734 2365 2774 semen
2406 2718 2746 2773 benedictum
2784 2734 2813 2771 a
2848 2718 2983 2774 Deo.
3018 2718 3358 2785 rSubjuuxit
3382 2718 3598 2777 deinde;

2039 2833 2058 2865 s
2088 2814 2148 2868 Et
2182 2813 2507 2867 laetabuntur
2551 2813 2603 2866 in
2655 2812 2901 2868 Domino.
2942 2832 2960 2865 ι
3002 2814 3193 2866 Statim
3232 2813 3339 2866 illis
3357 2813 3603 2869 datlaeti-

2034 2908 2185 2959 tiam.
2225 2903 2361 2959 llinc
2384 2920 2490 2959 non
2542 2905 2810 2961 immerito
2846 2904 3101 2960 Ecclesia:
3143 2920 3397 2975 persona.
3431 2906 3603 2963 intro-

2034 2997 2192 3051 ducta
2214 3007 2319 3060 est,
2346 3012 2457 3066 pra:
2486 2998 2682 3069 insigni
2718 2998 2913 3067 gaudio
2964 2998 3017 3051 in
3072 2999 3169 3052 has
3220 3013 3396 3055 voces.
3426 3013 3605 3053 enun-

2035 3102 2199 3157 pens:
2237 3107 2256 3140 ι
2288 3089 2527 3145 Exsultet
2553 3092 2732 3144 anima
2757 3105 2872 3144 mea
2900 3089 2952 3144 iu
2982 3089 3208 3145 Domino
3226 3089 3442 3156 Linduit
3461 3090 3604 3145 enim

2035 3195 2120 3233 me
2155 3189 2302 3234 veste
2322 3180 2512 3235 salutis
2531 3190 2583 3235 et
2620 3183 2805 3237 tunica
2832 3182 3049 3239 lzetititr.
3088 3202 3106 3234 ι
3143 3182 3402 3239 Tunicam
3452 3193 3608 3236 vocat

2035 3269 2319 3325 Dominum
2351 3280 2593 3326 nostrum
2618 3270 2799 3328 Jesum
2824 3274 3123 3329 Christum.
3161 3274 3366 3328 Scribit
3425 3275 3606 3343 itaque

2034 3364 2473 3430 sapientissimus
2490 3364 2686 3420 Paulus
2717 3366 2802 3425 his
2830 3368 2921 3436 qui
2947 3368 3001 3421 in
3024 3368 3198 3437 ipsqu
3224 3368 3565 3423 crediderunt
3588 3387 3600 3421 :

2036 3472 2056 3506 ι
2092 3455 2302 3511 lnduite
2325 3454 2615 3510 Dominum
2669 3467 2911 3510 nostrmu
2961 3457 3145 3512 Jesum
3202 3459 3499 3526 Christum,
3551 3472 3607 3514 ct

2030 3549 2213 3603 carnis
2271 3563 2455 3605 curam
2496 3564 2563 3603 ne
2593 3551 2765 3617 gerite
2820 3550 2880 3608 in
2921 3549 3305 3618 cupiditatibus
3344 3550 3412 3603 ⁸⁸.
3452 3568 3471 3601 ι
3502 3550 3602 3619 Qui

2031 3653 2211 3693 autem
2266 3638 2416 3693 illum
2470 3648 2724 3708 tanquam
2781 3647 2984 3712 vestem
3029 3641 3353 3707 habuerunt,
3410 3654 3606 3712 praeter

2031 3731 2260 3785 salutem
2283 3731 2564 3786 lucramur
2588 3730 3123 3802 lelicitateuqitaque
3135 3732 3392 3787 diuturno
3419 3733 3606 3790 fruun—

2034 3830 2122 3874 tur
2149 3821 2363 3891 gaudio.
2396 3820 2486 3878 Ait
2530 3820 2716 3887 itaque
2768 3819 2885 3883 ipse
2942 3819 3240 3876 Servator:
3276 3840 3295 3873 ι
3336 3821 3447 3876 Fur
3496 3838 3601 3880 non

2031 3913 2179 3966 venit
2206 3911 2305 3966 nisi
2337 3920 2392 3966 ut
2413 3910 2644 3976 foretur,
2668 3921 2721 3965 et
2748 3920 2946 3965 mactet
2966 3922 3021 3968 et
3040 3914 3260 3982 perdat;
3285 3928 3386 3983 ego
3406 3914 3525 3969 veni
3548 3926 3604 3967 ιιι

2032 4002 2195 4056 vitam
2228 4003 2482 4070 habeant,
2538 4015 2615 4059 et.
2651 4005 3012 4058 abundantem
3057 4004 3294 4061 habeant
3329 4005 3397 4061 ⁸⁸.
3430 4024 3449 4058 ι
3488 4004 3601 4061 Non

2030 4095 2232 4149 etenim
2259 4107 2440 4153 servat
2466 4097 2646 4161 modo,
2669 4106 2727 4152 ut
2755 4097 2888 4164 dixi,
2921 4099 3012 4151 sed
3030 4097 3194 4151 etiam
3229 4098 3450 4168 perenni
3481 4113 3606 4169 gau»

2031 4189 2120 4243 dio
2156 4188 2338 4243 allicit.
2369 4190 2434 4245 Et
2475 4192 2577 4245 hoc
2598 4200 2682 4245 est
2710 4190 2841 4244 illud
2881 4189 3166 4245 abundans
3211 4204 3304 4244 seu
3345 4191 3603 4245 eximium

2031 4277 2175 4344 quod
2194 4275 2480 4343 adiicietur
2502 4278 2710 4334 sanctis
2734 4279 2866 4334 vita.
2900 4279 3151 4334 Christus
3183 4280 3347 4349 igitur
3399 4290 3483 4335 est
3515 4282 3604 4336 illa

2036 4367 2277 4426 celestis
2304 4379 2360 4425 et
2386 4385 2620 4439 superna
2644 4369 2925 4434 vestis,illa
2949 4370 3370 4441 incorruptiouis
3402 4372 3601 4436 tunica,

345 4468 379 4536 ἠ
411 4468 525 4529 τοῖς
554 4466 730 4536 ἁγίοις
754 4463 888 4535 ζωή.
922 4465 1162 4536 Χριστὸς
1200 4460 1296 4520 οῦν
1338 4467 1446 4539 ἄρα
1483 4465 1545 4519 τὸ
1575 4467 1633 4533 ἐξ
1674 4466 1925 4537 οὐρανοῦ,

2031 4475 2193 4530 quam
2224 4464 2272 4516 si
2304 4462 2427 4532 quis
2461 4462 2774 4533 sumpserit,
2808 4463 2953 4518 omni
2981 4472 3177 4517 ornatu
3237 4464 3604 4525 coronabitur.

345 4555 441 4607 καὶ
471 4553 675 4607 ἄνωθεν
696 4553 897 4625 ἄμφιον
925 4557 953 4607 6
989 4555 1086 4623 τῆς
1114 4555 1423 4627 ἀφθαρσίας
1456 4555 1644 4626 χιτὼν,
1681 4557 1741 4609 ὃν
1767 4554 1820 4608 εί
1842 4573 1929 4619 τις

344 4646 499 4700 λάϐοι
526 4648 1001 4717 στεφανωθήσεται
1036 4648 1225 4718 κόσμῳ
1251 4649 1433 4713 παντὶ,
1458 4647 1634 4720 νοητῷ
1665 4647 1929 4718 δηλονότι,

345 4740 573 4803 καὶτοῖς
600 4738 659 4803 ἐξ
686 4737 1058 4808 ἀγαθουργίας
1098 4740 1430 4809 αὐχήμασιν.
1464 4740 1660 4793 Ἔσται
1707 4741 1817 4811 γάρ
1857 4741 1933 4803 ώς

342 4833 597 4903 νυμφίος,
628 4833 703 4896 ώς
729 4833 924 4903 μίτραν
956 4832 1336 4903 διεζωσμένος,
1381 4834 1473 4886 καὶ
1516 4832 1592 4897 ὡς
1620 4834 1805 4904 νύμφη
1843 4833 1935 4887 κός

345 4942 469 4996 σμῳ
500 4926 661 4979 παντὶ
692 4925 1089 4995 διαπρέπουσα.
1124 4924 1245 4977 Εἰσὶ
1289 4924 1419 4996 γὰρ,
1452 4926 1590 4978 εἰσὶν
1618 4927 1665 4978 οἱ
1699 4926 1757 4978 ἐν
1801 4926 1936 4996 Χρι-

344 5017 456 5089 στῷ
508 5018 671 5072 δεινοὶ
728 5019 848 5090 μὲν,
886 5018 981 5072 καὶ
1010 5016 1399 5087 ἀλκιμώτατοι,
1444 5019 1580 5089 πρός
1619 5034 1683 5085 γε
1724 5019 1783 5071 τὸ
1823 5018 1934 5071 δεῖν

341 5107 689 5179 ἀνδρίζεσθαι
731 5107 955 5179 νοητῶς,
1008 5106 1446 5162 καταπλουτοῦσι
1500 5107 1556 5160 δὲ
1599 5107 1720 5161 λίαν
1749 5107 1932 5161 καὶτὸ

343 5200 619 5271 εὐπρεπὲς
668 5202 748 5262 είς
798 5200 945 5253 ἅπαν
973 5194 1112 5260 εἶδος
1152 5198 1371 5271 ἀρετῆς.
1435 5200 1682 5252 Ἐοίκασι
1730 5199 1788 5252 δὲ
1836 5198 1932 5251 καὶ

344 5292 585 5363 νύμφαις
630 5292 718 5346 διὰ
743 5292 802 5345 τὸ
835 5291 1171 5361 καρπογόνον
1213 5291 1351 5361 μετά
1393 5290 1486 5343 τοῦ
1516 5290 1757 5344 ποικίλον
1785 5289 1929 5361 ἔχειν

346 5383 422 5446 ὡς
468 5385 526 5436 ἐν
567 5381 777 5455 ἀρετῶν
832 5383 1147 5453 φαιδρότητι
1197 5380 1411 5445 κάλλος.
1472 5382 1614 5453 Ἔφη
1669 5381 1799 5450 γοῦν
1845 5398 1929 5444 τις

346 5473 455 5527 τῶν
496 5474 664 5542 ἁγίων
704 5474 1017 5545 προφητῶν,
1054 5475 1367 5545 ὲγκάρπους
1400 5473 1559 5536 ὂντας
1608 5473 1930 5536 ἀποδεικνὺς

348 5565 473 5628 τοὺς
500 5566 588 5617 τὸν
627 5566 797 5635 εὐαγῆ
832 5565 1229 5637 κατορθοῦντας
1263 5565 1397 5635 βίον·
1441 5583 1459 5616 ι
1509 5564 1599 5617 Διὸ
1627 5564 1718 5617 τὸν
1767 5562 1930 5633 φόϐον

421 5738 468 5772 ⁸⁴
504 5739 678 5801 Galat.
709 5757 761 5809 v,
792 5740 880 5798 24.
960 5744 1003 5775 ⁸⁵
1035 5741 1190 5803 Rom.
1223 5759 1341 5810 xttt,
1374 5743 1457 5803 li.

1538 5745 1582 5777 ⁸⁶
1612 5742 1765 5800 Joau.
1804 5758 1856 5811 x,
1892 5740 1974 5795 l0.

2034 4554 2284 4609 videlicet
2307 4555 2398 4623 qui
2436 4555 2534 4609 sub
2574 4553 2982 4625 intelligentiam
3010 4553 3156 4609 cadit
3186 4562 3239 4607 et
3266 4555 3480 4610 virtutis
3519 4570 3607 4610 or-

2032 4645 2248 4699 nabitur
2273 4644 2721 4716 insignibus.Erit
2747 4648 2890 4700 enim
2910 4656 3163 4716 tanquam
3185 4660 3416 4715 sponsus
3447 4648 3607 4702 mitra

2031 4738 2257 4803 cinctus,
2288 4746 2344 4791 et
2374 4746 2628 4807 tanquam
2659 4753 2856 4807 sponsa
2881 4739 3030 4792 oumi
3078 4747 3275 4794 ornatu
3311 4737 3602 4794 excellens.

2031 4830 2201 4901 868
2248 4830 2386 4886 Sunt
2419 4833 2586 4897 enim,
2614 4845 2742 4887 sunt
2767 4831 3064 4887 Christiani
3082 4841 3328 4902 potentes
3355 4843 3409 4887 ct
3430 4831 3609 4888 fortis-

2033 4923 2178 4990 simi,
2205 4933 2261 4978 et
2290 4923 2613 4994 intelligibili
2634 4925 2826 4979 robore
2847 4924 3079 4994 praediti,
3102 4924 3357 4995 omnique
3412 4939 3609 4996 genere

2035 5012 2248 5070 decoris
2274 5031 2338 5070 ac
2370 5016 2587 5071 virtutis
2618 5026 2744 5071 sunt
2789 5016 3125 5085 locupletati.
3164 5014 3381 5072 Similes
3429 5025 3608 5072 autem

2034 5116 2159 5160 sunt
2180 5106 2344 5160 etiam
2383 5107 2596 5176 sponsis
2653 5117 2874 5177 propter
2922 5107 3420 5175 fecunditatem,»
3466 5110 3607 5179 quod

2033 5199 2187 5253 vario
2223 5198 2509 5267 splendore
2564 5199 2824 5254 virtutum
2857 5201 3095 5256 decorati
3140 5201 3271 5256 sint.
3314 5200 3356 5254 E
3404 5201 3609 5255 sanetis

2034 5290 2198 5359 igitur
2222 5290 2501 5359 prephetis
2523 5289 2741 5360 quidam
2765 5290 2921 5358 dixit,
2950 5306 3070 5346 cum
3103 5291 3224 5346 illos
3244 5291 3333 5361 qui
3365 5301 3605 5347 sanctam

2037 5383 2205 5436 vitam
2239 5382 2528 5437 instituunt
2556 5383 2819 5441 fecundos
2849 5400 2913 5440 ac
2933 5383 3237 5439 fructuosos
3272 5399 3391 5441 esse
3420 5385 3610 5441 innue-

2038 5480 2154 5526 ret:
2212 5492 2231 5524 ι
2270 5474 2562 5542 Propterea
2609 5476 2853 5530 timorem
2898 5475 2994 5537 tui,
3053 5473 3297 5541 Domine,
3357 5476 3411 5530 in
3458 5486 3610 5531 utero

2039 5566 2408 5636 concepimus,
2437 5577 2490 5623 et
2513 5567 2916 5638 parturivimus,
2951 5576 3005 5625 ct
3028 5569 3334 5639 peperimus
3361 5568 3609 5638 spiritqu
