4054 6376
520 354 662 415 5567

1526 358 1587 413 S.
1626 356 1903 413 CYBILLI
1941 355 2411 417 ALEXANDRINI
2446 356 2762 412 ARCIIIEP.

3642 360 3786 416 1368

523 472 736 537 salutis,
757 486 918 543 quem
933 472 1126 529 dedisti
1158 489 1321 545 super
1346 483 1542 532 terram
1567 476 1636 529 ⁸⁷.
1663 496 1681 528 ι
1708 476 1894 548 Itaque
1923 478 2086 532 sancti

2200 494 2314 541 σου,
2337 476 2531 548 Κύριε,
2565 476 2622 528 ἐν
2649 476 2847 547 γαστρὶ
2866 475 3149 545 ἐλάϐομεν,
3173 475 3266 528 καὶ
3295 474 3654 545 ὡδινήσαμεν,
3688 474 3788 528 καὶ

523 566 871 632 comparandi
898 576 1027 621 sunt
1052 582 1253 636 sponso
1273 577 1331 623 et
1362 584 1594 637 sponsae,
1629 579 1848 638 propter
1885 569 2101 625 fortitu-

522 656 727 724 dinem,
754 667 808 712 et
837 668 1095 727 praeterea
1127 660 1198 713 ob
1228 658 1636 716 Rcunditatem.
1718 658 1911 716 Verum
1972 664 2100 717 illud

521 749 749 803 observa
772 764 985 818 semper
1013 752 1114 805 hoc
1142 751 1247 806 illis
1290 752 1490 819 inesse,
1533 764 1594 807 ut
1626 764 1908 809 venustate
1930 766 1985 810 et
2005 756 2100 809 de—

521 857 648 894 core
671 842 904 909 quodam
933 843 1263 898 enitescant.
1301 844 1670 914 Servaturque
1706 846 1809 901 hoc
1848 847 1927 901 ab
1967 847 2099 909 illis,

525 943 638 986 tum
667 932 719 986 in
754 934 1269 1001 edendisprzeclaris
1306 935 1659 1000 facinoribus,
1692 948 1807 992 tum
1829 941 1994 992 etiam
2043 938 2100 993 in

522 1026 740 1080 fortiter
774 1026 1107 1082 debellandis
1128 1026 1431 1083 aﬂectibus.
1466 1027 1618 1095 Quod
1653 1038 1834 1083 autem
1850 1032 2102 1099 gentibus

517 1117 1016 1188 Christojustitiam
1034 1130 1090 1173 et
1113 1120 1532 1176 exsultationem
1559 1122 1976 1186 elucente,velut
1999 1122 2099 1178 ﬂo-

517 1209 630 1262 rida
644 1212 887 1279 quaedam
902 1212 1063 1265 herba
1081 1222 1301 1268 coronat
1316 1214 1522 1278 orbem,
1540 1217 1794 1281 ostendit,
1817 1218 2062 1286 inquiens
2081 1237 2093 1271 :

520 1315 538 1349 ι
577 1298 641 1351 Ει
686 1310 743 1353 ιιι
795 1311 936 1354 terra
975 1301 1181 1370 profert
1229 1302 1414 1358 ﬂorem
1462 1320 1645 1372 suum,
1684 1316 1739 1361 et
1786 1316 1843 1361 ut
1909 1309 2099 1363 hortus

515 1390 721 1444 semina
752 1407 877 1455 sua,
898 1394 976 1448 sic
998 1396 1305 1464 germinare
1332 1394 1496 1451 faciet
1535 1395 1795 1453 Dominus
1828 1399 2095 1468 justitiam

513 1489 569 1534 et
590 1481 1006 1537 exsultationem
1039 1484 1091 1537 in
1143 1495 1437 1555 conspectu
1483 1488 1725 1542 omnium
1761 1490 2025 1558 gentium.
2072 1510 2090 1542 ι

515 1574 742 1630 Videtur
793 1586 972 1630 autem
1009 1578 1098 1633 hic
1123 1580 1433 1647 germinans
1460 1582 1542 1634 vel
1594 1582 1847 1637 exoriens
1908 1598 2093 1638 semen

514 1682 580 1721 ac
603 1666 789 1722 ﬂorem
838 1683 1023 1722 coram
1054 1670 1305 1738 gentibus
1357 1670 1538 1725 dicere
1584 1671 1759 1739 ipsum
1809 1673 2093 1727 Dominum

515 1776 759 1819 nostrum
783 1764 968 1821 Jesum
988 1767 1287 1822 Christum.
1322 1765 1467 1820 Dixit
1491 1767 1747 1821 nimirum
1782 1767 1834 1821 in
1867 1766 2091 1822 Cantico

512 1856 896 1911 canticorum:
962 1875 981 1909 ι
1040 1855 1151 1927 Ego
1226 1856 1326 1911 ﬂos
1394 1857 1591 1924 campi,
1659 1856 1828 1911 lilium
1869 1856 2092 1910 conval-

512 1947 735 2014 lium";
773 1967 795 2001 ι
814 1950 895 2003 vel
933 1950 1298 2020 evangelicam
1328 1958 1386 2003 et
1416 1948 1708 2002 salutarem
1749 1948 2093 2018 praedicatio—

512 2053 659 2103 nem,
682 2040 902 2108 ejusque
950 2039 1394 2107 jnstiticationem
1446 2039 1600 2110 legali
1630 2040 2086 2108 prastantiorem,

511 2144 672 2199 quam
698 2146 911 2200 semper
937 2134 1230 2187 comitatur
1259 2132 1535 2201 gaudium,
1558 2132 1607 2185 id
1632 2141 1736 2197 est,
1768 2132 2087 2187 exsultatio.

513 2220 614 2288 Qui
643 2222 785 2275 enim
816 2230 965 2276 recte
988 2236 1106 2275 eam
1137 2223 1542 2287 administrant,
1571 2223 1654 2277 his
1681 2237 1711 2276 a
1745 2222 1865 2277 Deo
1888 2225 2090 2279 tribue-

512 2322 601 2366 tur
660 2321 719 2365 ttt
772 2314 1021 2367 diuturna
1066 2313 1341 2382 voluptate
1396 2316 1814 2385 pet-fundantur.
1855 2316 2094 2370 Audient

509 2404 655 2458 enim
686 2405 926 2458 omnium
956 2414 1197 2460 nostrum
1231 2404 1571 2459 Servatorem
1604 2405 1879 2461 Christum
1906 2408 2090 2463 dicen»

512 2504 619 2549 tem
653 2512 669 2549 :
700 2513 723 2547 ι
753 2496 918 2566 Euge,
945 2513 1102 2552 serve
1119 2498 1254 2553 bone
1287 2508 1341 2551 et
1370 2498 1562 2565 ﬁdelis,
1594 2500 1644 2552 in
1712 2514 1880 2568 pauca
1937 2500 2086 2553 inisti

510 2587 708 2656 ﬁdelis,
730 2605 888 2659 supra
918 2592 1154 2645 multate
1186 2594 1535 2646 constituam.
1575 2594 1715 2646 Intra
1748 2594 1800 2647 in
1832 2594 2089 2664 gaudium

510 2682 720 2735 Domini
762 2684 834 2736 tui
864 2683 930 2737 ⁸³.
965 2702 985 2737 ι
1022 2686 1325 2741 Exsultatio
1370 2695 1574 2749 autem,
1598 2685 1859 2741 salutaris
1893 2688 2089 2756 przedi-

505 2776 650 2830 catio
672 2776 779 2831 alio
811 2779 969 2832 modo
994 2789 1171 2846 potest
1222 2779 1470 2849 intelligi.
1538 2778 1645 2832 Lex
1696 2780 1840 2833 enim
1891 2780 2091 2834 vindex

504 2874 625 2919 erat
651 2875 704 2919 et
733 2867 888 2921 valde
913 2882 1125 2922 severa.
1178 2867 1235 2923 Si
1267 2869 1389 2937 quis
1410 2869 1554 2922 enim
1597 2869 1768 2938 legem
1796 2867 2086 2923 Mosaicam

506 2959 778 3023 violasset,
810 2960 928 3014 sine
962 2960 1331 3015 misericordia
1361 2964 1460 3015 sub
1505 2962 1713 3016 duobus
1775 2971 1869 3014 aut
1915 2961 2088 3015 tribus

504 3052 733 3104 testibus
768 3054 996 3107 moritur
1016 3054 1104 3108 3".
1135 3054 1201 3105 At
1228 3054 1597 3122 evangelicum
1624 3052 1902 3109 oraculum
1932 3055 2087 3108 nobis

2205 570 2464 637 ἐτέκομεν
2519 566 2742 637 πνεῦμα
2787 566 3081 637 σωτηρίας,
3122 566 3149 619 ὃ
3189 568 3525 636 ἐποιήσαμεν
3560 566 3655 618 ἐπὶ
3682 564 3789 636 τῆς

2203 663 2323 731 γῆς.
2365 681 2384 713 ι
2413 661 2623 714 Οὐκοῦν
2650 658 2868 730 νυμφίῳ
2919 660 3013 713 καὶ
3039 659 3225 730 νύμφη
3246 660 3371 723 τοὺς
3392 660 3578 723 ἁγίους
3599 675 3790 728 παρει-

2203 750 2452 814 καστέον,
2490 750 2660 803 διάτοι
2706 750 2768 803 τὸ
2800 749 3073 813 εὐσθενὲς,
3112 751 3206 803 καὶ
3248 751 3385 822 πρός
3413 768 3476 819 γε
3506 751 3678 820 τούτῳ
3719 750 3788 803 τὸ

2203 844 2575 914 καρπογόνον·
2620 842 2760 913 πλὴν
2794 844 2968 895 ἐκεῖνο
2999 843 3176 911 ἄθρει,
3219 843 3494 913 πανταχοῦ
3534 842 3641 913 γάρ
3680 842 3787 894 αὐ-

2200 938 2313 999 τοῖς
2342 936 2517 989 ἔνεστι
2558 934 2628 987 τὰ
2656 935 2731 997 ὡς
2760 935 2817 986 ἐν
2858 934 3046 987 κάλλει
3086 932 3424 1003 διαπρέπειν.
3456 931 3688 995 Σώζεται
3721 930 3784 983 δὲ

2200 1027 2359 1080 τοῦτο
2380 1028 2512 1098 παρ’
2542 1029 2745 1092 αὐτοῖς,
2776 1027 2871 1079 καὶ
2901 1028 2959 1078 ἐν
2987 1025 3065 1096 τῷ
3090 1025 3451 1097 καρπογονεῖν
3472 1024 3540 1076 τά
3570 1022 3785 1093 ἐξαίρεε⁹

2200 1137 2269 1172 τα
2291 1119 2396 1172 τῶν
2426 1118 2953 1190 ἀνδραγαθημάτων,
3000 1118 3095 1172 καὶ
3133 1118 3190 1169 ἐν
3324 1114 3781 1187 κατανδρίζεσθαι

2201 1211 2409 1264 παθῶν.
2444 1212 2567 1265 ’Ότι
2611 1211 2667 1263 δὲ
2696 1214 2805 1274 τοῖς
2840 1210 3046 1262 ἔθνεσιν
3089 1207 3495 1278 ἐπιλάμψαντος
3521 1205 3611 1260 τοῦ
3643 1207 3781 1277 Χρι-

2201 1304 2331 1357 στοῦ
2353 1304 2720 1373 δικαιοσύνην,
2747 1306 2842 1357 καὶ
2869 1302 3196 1373 ἀγαλλίαμα,
3232 1301 3483 1369 καθάπερ
3518 1316 3601 1361 τις
3622 1300 3781 1351 εὐαν-

2200 1396 2297 1467 θής
2320 1396 2426 1450 πόα
2456 1400 2715 1466 στεφανοῖ
2747 1398 2845 1468 τὴν
2895 1397 2987 1448 ὑπ’
3017 1394 3265 1466 οὐρανὸν,
3301 1391 3554 1457 διέδειξεν
3584 1391 3778 1445 εἰπών’

2206 1508 2225 1540 ι
2284 1490 2371 1552 Ὠς
2394 1489 2495 1559 γῆν
2523 1489 2858 1554 αὑξὰνουσαν
2886 1489 2947 1541 τὸ
2985 1487 3141 1551 ἀνθος
3168 1487 3363 1556 αὐτῆς,
3387 1486 3479 1539 καὶ
3503 1486 3577 1547 ὡς
3602 1484 3784 1553 κῆπον

2196 1582 2264 1635 τά
2297 1582 2589 1653 σπέρματα
2620 1580 2805 1644 αὑτοῦ,
2836 1580 3009 1645 οὕτως
3050 1579 3299 1633 ἀνατελεῖ
3337 1580 3543 1651 Κύριος
3570 1576 3782 1629 δικαιο-

2199 1673 2384 1744 σύνην.
2416 1673 2509 1725 καὶ
2547 1672 2858 1743 ἀγαλλίαμα
2871 1672 3116 1725 ἐναντίον
3136 1673 3352 1725 πάντων
3388 1668 3497 1723 τῶν
3531 1668 3717 1723 ἐθνῶν.
3751 1687 3779 1720 s

2200 1763 2385 1816 Ἔοικε
2417 1762 2474 1814 δέ
2518 1762 2607 1816 διά
2652 1760 2856 1815 τούτων
2888 1760 2950 1813 τὸ
2980 1760 3220 1830 ἀνίσχον,
3262 1762 3429 1829 ήγουν
3468 1756 3785 1821 ἀνατέλλον,

2195 1855 2417 1925 σπέρμα
2450 1871 2509 1907 τε
2535 1855 2629 1908 καὶ
2654 1853 2813 1915 ἄνθος
2852 1854 3094 1907 ἐναντίον
3128 1852 3237 1908 τῶν
3273 1851 3467 1912 ἐθνῶν,
3487 1850 3647 1903 αὐτὸν
3684 1848 3783 1900 τὸν

2193 1948 2398 2019 Κύριον
2430 1947 2587 2017 ἡμῶν
2647 1946 2853 2017 Ἰησοῦν
2890 1946 2981 1998 τὸν
3016 1944 3247 2017 Χριστὸν
3294 1941 3606 2015 ὀνομάζειν.
3630 1941 3781 2010 Ἔφη

2192 2042 2301 2112 γὰρ
2324 2039 2474 2110 ἐνντῷ
2497 2039 2735 2111 ’ᾼσματι
2765 2039 2873 2093 τῶν
2912 2039 3195 2111 ᾀσμάτων*
3241 2058 3260 2089 ι
3320 2035 3463 2105 Ἐγὼ
3488 2034 3644 2097 ἄνθος
3678 2032 3781 2085 τοῦ

2192 2133 2401 2193 πεδίου,
2434 2132 2618 2202 κρίνον
2653 2130 2762 2184 τῶν
2794 2131 3057 2186 κοιλάδων
3078 2147 3091 2160 ·
3143 2148 3161 2181 ι
3216 2130 3384 2199 ήγουν
3410 2126 3471 2180 τδ
3492 2124 3781 2193 εὐαγγελι-

2191 2226 2286 2279 κὸν
2326 2228 2419 2279 καὶ
2476 2226 2742 2295 σωτήριον
2786 2224 3069 2294 κήρυγμα,
3105 2222 3199 2276 καὶ
3236 2221 3334 2291 τὴν
3366 2219 3528 2273 αὑτοῦ
3556 2217 3784 2270 δικαίωο

2192 2334 2280 2372 σιν
2319 2317 2771 2388 προφερεστέραν
2821 2310 2987 2368 οὖσαν
3047 2315 3144 2384 τῆς
3204 2312 3347 2367 κατά
3393 2312 3482 2364 τὸν
3518 2310 3699 2379 νόμον,
3741 2308 3779 2377 ἥ

2193 2410 2366 2478 πάντη
2393 2424 2453 2459 τε
2484 2408 2580 2459 καὶ
2621 2407 2837 2467 πάντως
2879 2405 2941 2458 τὸ
2978 2406 3189 2475 χαίρειν
3218 2400 3521 2464 ἀκολουθεῖ,
3564 2400 3590 2452 ὃ
3623 2400 3785 2450 ἐστιν

2192 2500 2525 2569 ἀγαλλίαμα.
2560 2498 2684 2561 Τοῖς
2712 2497 2821 2569 γὰρ
2857 2498 2995 2560 ὅλως
3048 2495 3468 2567 κατωρθωκόσιν
3511 2490 3679 2562 αὐτὴν
3714 2490 3782 2543 τὸ

2192 2597 2249 2648 ἐν
2272 2593 2561 2664 θυμηδίαις
2580 2586 2717 2644 εἶναι
2751 2592 2988 2661 μακραῖς
3023 2589 3394 2661 νεμηθῆσεται
3427 2586 3576 2656 παρά
3614 2583 3777 2637 Θεοῦ.

2205 2687 2559 2741 ’Λκούσονται
2596 2684 2705 2754 γὰρ
2741 2684 2992 2750 λέγοντος
3028 2683 3121 2735 τοῦ
3151 2684 3371 2736 πάντων
3407 2680 3561 2752 ήμῶν
3593 2678 3782 2749 Σωτῆ-

2192 2798 2286 2851 ρος
2328 2777 2595 2849 Χριστοῦι
2614 2795 2633 2827 ι
2664 2772 2760 2840 Εὖ,
2784 2775 2936 2828 δοῦλε
2964 2774 3134 2843 ἀγαθέ
3169 2775 3263 2829 καὶ
3294 2774 3471 2835 πιστὲ,
3511 2772 3600 2825 ἐπὶ
3619 2771 3780 2839 ὀλίγα

2187 2868 2255 2941 ἧς
2288 2868 2497 2932 πιστὸς,
2536 2868 2627 2919 ἐπὶ
2670 2866 2881 2921 πολλῶν
2925 2882 2987 2918 σε
3022 2865 3367 2933 καταστήσω.
3422 2861 3644 2916 Εἵσελθε
3694 2864 3781 2924 εἰς

2188 2964 2287 3033 τὴν
2326 2960 2499 3033 χαρὰν
2528 2959 2620 3013 τοῦ
2659 2958 2860 3030 Κυρίου
2893 2975 3011 3012 σουο
3060 2976 3079 3009 ι
3131 2955 3448 3025 ἀγαλλίαμα
3482 2954 3538 3007 δέ
3570 2953 3630 3005 τὸ
3667 2969 3778 3005 σω-

2188 3058 2378 3125 τήριον
2408 3054 2691 3124 κήρυγμα,
2726 3052 2823 3105 καὶ⁵
2848 3050 2970 3104 καθ’
3010 3050 3197 3118 ἕτερον
3218 3048 3420 3119 τρόπον
3448 3045 3663 3117 νοηθείη
3684 3047 3775 3099 ἀν,

504 3142 660 3197 alI'ert
687 3144 937 3210 vitam,et
962 3147 1302 3213 przemiorum
1326 3146 1791 3215 pollicitationem,
1826 3156 1881 3201 et
1899 3161 2082 3199 veram

2200 3149 2269 3201 '0.
2296 3148 2397 3220 μὲν
2430 3147 2539 3219 γὰρ
2582 3146 2745 3216 νόμος
2773 3141 2842 3215 ἦν
2882 3144 3173 3213 κολαστὴς,
3207 3143 3303 3195 καὶ
3350 3140 3486 3193 πολὺ
3514 3139 3573 3191 τὸ
3605 3154 3779 3206 κατη-

501 3251 650 3304 spem
682 3238 945 3291 bonorum
976 3254 1095 3307 quat
1126 3249 1382 3307 superant
1419 3240 1624 3295 mentis
1639 3249 1856 3309 captum
1909 3250 1964 3293 et
1992 3240 2077 3292 in-

506 3326 860 3396 telligentiam
891 3328 957 3379 ”.

2189 3238 2287 3308 φὲς
2328 3238 2466 3308 ἔχων
2489 3252 2502 3266 ·
2534 3235 2807 3305 ἀθετήσας
2841 3235 2948 3305 γάρ
2986 3251 3072 3297 τις
3119 3233 3284 3302 νόμον
3324 3231 3564 3291 Μωσέως
3605 3228 3779 3298 χωρὶς

2188 3328 2510 3400 οἰκτιρμῶν,
2552 3328 2646 3380 ἐπὶ
2672 3327 2821 3379 δυσὶν
2852 3325 2886 3395 ἢ
2929 3325 3076 3396 τρισὶ
3118 3325 3388 3395 μάρτυσιν
3414 3320 3773 3390 ἀποθνήσκει,

502 3419 653 3492 ζωὴν
672 3422 728 3475 δέ
765 3422 859 3476 καὶ
906 3423 1089 3494 γερῶν
1123 3425 1438 3496 ὑπόσχεσιν,
1462 3428 1557 3481 καὶ
1589 3426 1847 3499 ἀληθινὴν
1889 3427 2081 3481 ἐλπίδα
2120 3426 2237 3480 τῶν.
2255 3426 2403 3498 ὑπὲρ.
2456 3426 2580 3481 νοῦν
2616 3424 2838 3494 ἀγαθῶν
2862 3423 2922 3476 τὸ
2950 3421 3311 3493 εύαγγελικδν.
3333 3424 3464 3495 ήμῖν
3526 3418 3780 3488 εἰσκομί-

503 3516 585 3580 ζει
619 3517 922 3589 θέσπισμα.

569 3612 699 3667 Car.
732 3611 892 3667 LXII.
927 3614 1087 3670 Vens.
1131 3618 1183 3670 5.
1225 3617 1444 3686 Propter
1503 3619 1636 3673 Sion
1685 3636 1785 3673 non
1808 3621 2009 3683 tacebo,
2035 3628 2081 3671 et

499 3714 710 3771 propter
736 3702 1033 3759 Jerusaiem
1085 3724 1188 3761 non
1230 3709 1546 3777 relinquam,
1584 3711 1748 3764 donec
1782 3712 2085 3779 egrediatur

499 3794 630 3846 sicut
658 3794 971 3863 lucrjustitia
1001 3809 1207 3864 mea,“
1226 3801 1459 3855 salutare
1497 3818 1667 3855 meum
1701 3805 1835 3856 sicut
1880 3804 2083 3872 lampas

497 3884 721 3938 ardebit.
748 3885 817 3937 Et
846 3888 1084 3942 videbunt
1120 3900 1294 3959 gentes
1328 3893 1793 3960 jnstitiamtuam,
1836 3904 1883 3946 et
1939 3910 2083 3963 reges

499 3976 722 4043 gloriam
748 3977 916 4048 869
942 3990 1084 4032 tuam
1111 3998 1129 4035 :
1154 3995 1200 4035 et
1239 3982 1444 4035 vocabit
1465 3996 1512 4036 te
1537 3998 1720 4036 nomen
1742 3999 1926 4035 novum
1944 3985 2082 4052 quod

497 4066 754 4120 Dominus
787 4069 1075 4124 nominabit
1104 4072 1269 4137 illud;
1292 4074 1495 4143 erisque
1520 4090 1711 4128 corona
1731 4073 2085 4141 pulchritudi-

498 4160 579 4210 nis
608 4158 669 4210 in
690 4177 847 4213 manu
874 4160 1106 4225 Domini,
1139 4174 1187 4216 et
1222 4165 1471 4218 diadema
1500 4165 1645 4234 regni
1690 4168 1745 4219 in
1771 4183 1935 4220 manu
1990 4167 2081 4219 Dei

497 4251 595 4302 tui.

576 4342 706 4398 Sion
730 4353 888 4399 vocat
914 4345 1236 4409 Ecclesium,
1263 4348 1414 4417 cujus
1446 4350 1701 4419 primitia:
1752 4353 2079 4407 exstiterunt

2253 3616 2354 3669 Διὰ
2377 3616 2531 3667 Σιὼν
2553 3616 2625 3668 οὺ
2660 3614 3065 3684 σιωπήσομαι,
3101 3611 3203 3667 καὶ
3238 3614 3339 3667 διὰ
3386 3608 3777 3679 Ἰερουσαλὴμ

2181 3708 2291 3759 οὐκ
2322 3705 2551 3772 ἀνήσω,
2582 3706 2691 3770 ἓως
2716 3707 2793 3759 ἂν
2832 3706 3050 3775 ἐξέλθῃ
3078 3707 3160 3773 ὡς
3190 3705 3317 3774 φῶς
3348 3707 3387 3774 ἡ
3414 3704 3775 3771 δικαιοσύνη

2175 3815 2317 3866 μου,
2348 3800 2415 3852 τὸ
2443 3797 2511 3851 δὲ
2531 3797 2829 3867 σωτήριόν
2854 3817 2975 3869 μου
3001 3800 3080 3865 ὠς
3102 3800 3351 3869 λαμπὰς
3380 3797 3774 3866 καυθήσεται,

2181 3890 2280 3943 καὶ
2315 3889 2567 3958 ὄψονται
2596 3889 2741 3957 ἔθνη
2776 3890 2893 3959 τὴν
2910 3890 3320 3959 δικαιοσύνην
3347 3906 3491 3956 σου,
3520 3891 3622 3945 καὶ
3653 3892 3779 3955 βα-

2180 3983 2375 4049 σιλεῖς
2409 3982 2524 4051 τὴν
2553 3983 2744 4047 δόξαν
2771 3998 2910 4045 σου,
2946 3985 3045 4038 καὶ
3080 3984 3330 4039 καλέσει
3363 4000 3440 4038 σε
3486 3984 3552 4038 τὸ
3582 3984 3778 4054 6ιόμά

2181 4091 2299 4128 σου
2342 4074 2412 4127 τὸ
2473 4075 2705 4139 καινὸν,
2744 4074 2775 4128 ὃ
2801 4078 2834 4129 ό
2863 4078 3080 4145 Κύριος
3129 4077 3415 4145 ὀνομάσει
3454 4078 3626 4139 αὐτὸ,
3672 4078 3774 4131 καὶ

2177 4163 2293 4231 ἔσῃ
2330 4162 2631 4231 στέφανος
2652 4163 2924 4231 κάλλους
2954 4167 3025 4219 ἐν
3047 4167 3195 4235 χειρὶ
3225 4168 3471 4236 Κυρίου,
3504 4168 3603 4221 και
3640 4167 3777 4222 διάο

2177 4253 2335 4322 δημα
2348 4256 2673 4322 ,ϐασιλείας
2690 4257 2760 4309 ἐν
2781 4258 2933 4328 χειρὶ·
2952 4260 3101 4313 Θεοῦ
3131 4275 3267 4313 σου.

2248 4352 2390 4407 Σιὼν
2453 4356 2509 4407 ἐν
2555 4355 2765 4420 τούτοις
2826 4356 2927 4426 τὴν
2992 4357 3319 4427 Ἐκκλησίαν
3371 4358 3644 4413 ἀποκαλεῖ
3704 4354 3777 4433 ἦς

495 4445 550 4489 et
573 4434 664 4492 ﬁlii
701 4437 1045 4509 primogeniti
1076 4440 1241 4494 divini
1274 4441 1546 4513 discipuli,
1598 4454 1653 4498 et
1679 4445 1771 4515 qui
1805 4460 1900 4514 per
1933 4446 2076 4514 ipsos

2192 4446 2468 4511 γεγόνασιν
2517 4447 2609 4499 ἀπ’
2649 4447 2824 4517 ἀρχῆς
2868 4448 2962 4501 καὶ
3000 4449 3166 4502 τέκνα
3234 4450 3553 4522 πρωτόγονα
3600 4454 3652 4505 οἱ
3681 4452 3777 4506 θε-

496 4528 561 4581 ad
577 4530 905 4599 agnitionem
934 4529 1138 4587 Christi
1164 4535 1340 4587 vocati
1366 4545 1515 4602 sunt,
1538 4545 1591 4589 et
1619 4547 1745 4590 ante
1799 4537 1934 4591 alios
1985 4538 2076 4607 qui

493 4618 703 4673 oriundi
726 4630 851 4675 sunt
876 4636 943 4674 ex
978 4623 1241 4692 sanguine
1269 4624 1448 4679 Israel.
1489 4627 1730 4681 Servata:
1770 4637 1897 4681 sunt
1933 4630 2075 4682 enim

494 4712 758 4781 reliquiae,
781 4723 835 4766 et
865 4716 1171 4783 complures
1195 4731 1263 4771 ex
1290 4717 1395 4773 illis
1421 4719 1512 4787 qui
1562 4720 1932 4775 crediderunt.
1970 4723 2075 4776 Ita-

492 4818 595 4870 que
625 4820 728 4859 non
762 4805 1084 4875 relinquam,
1111 4809 1302 4878 inquit,
1326 4809 1378 4863 ιιι
1406 4820 1512 4876 est,
1534 4826 1637 4865 non
1668 4813 1947 4878 desistam,
1974 4814 2075 4865 do-

492 4907 590 4945 nec
617 4894 682 4947 ad
714 4893 877 4947 linem
912 4898 1215 4965 perduxero
1266 4914 1386 4968 qua:
1432 4899 1585 4955 Sioni
1633 4900 1905 4970 pollicitus
1933 4919 2074 4959 sunt.

492 4986 747 5042 Promisit
775 4996 954 5043 autem
983 4990 1122 5045 Deus
1150 5001 1205 5045 et
1233 4991 1393 5047 Pater
1421 4995 1650 5049 salutem
1681 5011 1776 5065 per
1794 4995 2071 5052 Christum

489 5077 686 5134 Jutlatis
710 5089 765 5134 et
792 5078 1308 5152 Gratcis.Siquidem
1337 5104 1357 5137 t
1387 5102 1527 5141 unus
1563 5088 1704 5142 Deus
1731 5097 1836 5155 est,
1858 5108 1881 5141 ι
1912 5090 2071 5143 siculi

488 5170 692 5227 Paulus
724 5174 1161 5242 sapientissimus
1205 5178 1354 5246 dicit,
1390 5199 1411 5231 ι
1461 5180 1551 5250 qui
1589 5180 1909 5249 justiﬁeabit
1956 5182 2068 5237 cir-

493 5263 879 5317 cumcisionem
937 5279 1001 5318 ex
1051 5266 1189 5326 ﬁde.
1231 5276 1287 5321 et
1332 5271 1649 5338 przeputium
1688 5285 1785 5340 per
1832 5270 2013 5325 tidem.
2048 5290 2066 5322 ι

490 5352 699 5406 Etenim
725 5369 827 5407 non
868 5358 1025 5411 modo
1057 5356 1364 5412 Judazornm
1399 5359 1538 5415 Deus
1563 5370 1666 5427 est,
1704 5360 1798 5416 sed
1847 5371 1903 5416 et
1938 5377 2070 5432 gen-

491 5444 619 5493 tium
636 5443 704 5496 ".
722 5444 911 5514 Itaque
937 5463 1041 5501 non
1064 5447 1387 5518 relinquam,
1411 5450 1605 5519 inquit,
1631 5452 1803 5505 donec
1820 5452 2069 5521 egredia-

2178 4533 2390 4587 σπέσιοι
2443 4534 2704 4605 μαθηταὶ,
2751 4536 2845 4590 καὶ
2877 4537 2925 4589 οἱ
2954 4536 3019 4589 δι’
3049 4538 3228 4591 αὐτῶν
3262 4539 3593 4609 κεκλημένοι
3634 4544 3777 4611 πρὸς

2175 4625 2471 4693 ἐπίγνωσιν
2509 4626 2604 4679 τοῦ
2631 4628 2889 4697 Χριστοῦ,
2922 4628 3018 4682 καὶ
3063 4630 3171 4698 πρό
3199 4646 3262 4697 γε
3286 4630 3395 4683 τῶν
3422 4631 3603 4684 ἀλλων
3632 4635 3683 4685 οἱ
3718 4635 3777 4701 ἐξ

2174 4718 2408 4787 αἵματος
2452 4720 2691 4790 Ἰσραήλ.
2727 4720 3001 4774 Σέσωσται
3032 4722 3143 4792 γὰρ
3171 4721 3233 4773 τὸ
3266 4723 3645 4793 κατάλημμα,
3680 4728 3779 4779 καὶ

2173 4810 2417 4862 πλεῖστοι
2436 4809 2554 4863 λίαν
2574 4813 2623 4862 oi
2659 4810 2753 4863 ἀπ’
2786 4811 2966 4864 αὐτῶν
2986 4812 3399 4878 πιστεύσαντες.
3426 4816 3642 4871 Οὐκοῦν
3672 4820 3779 4873 οὐκ

2174 4901 2380 4970 ἀνήσω,
2437 4902 2591 4969 φησὶ,
2634 4903 2934 4971 τουτέστιν,
2969 4905 3071 4958 οὐκ
3115 4904 3191 4958 ἂν
3227 4909 3651 4979 καταπαύσαιμι
3678 4910 3778 4965 τοῦ

2179 4991 2377 5061 χρῆναι
2414 4993 2547 5062 πρὸς
2594 4995 2770 5065 πέρας
2801 4994 3105 5065 ἐξενεγκεῖν
3159 4996 3301 5069 ἂπερ
3327 4999 3681 5071 ἐπήγγελμαι
3710 5005 3779 5075 τῇ

2178 5080 2340 5137 Σιών.
2381 5082 2675 5153 ’Υπέσχετο
2703 5085 2759 5138 δέ
2798 5088 2827 5141 ὀ
2855 5086 2989 5149 Θεὸς
3044 5087 3141 5142 καὶ
3172 5089 3361 5160 Πατὴρ
3388 5091 3490 5161 τὴν
3522 5091 3614 5145 διὰ
3645 5094 3780 5164 Χρι-

2180 5174 2306 5227 στοῦ
2360 5176 2632 5246 σωτηρίαν
2693 5178 2965 5243 Ἰουδαίοις
3012 5196 3072 5233 τε
3122 5182 3217 5234 καὶ
3263 5181 3545 5253 Ἕλλησιν,
3613 5188 3780 5257 εἰπερ

2181 5284 2202 5318 r
2242 5264 2337 5331 Εἷς
2382 5271 2411 5321 ὀ
2463 5268 2615 5332 Θεὸς.
2655 5287 2677 5320 s
2704 5269 2848 5324 καθά
2897 5289 3061 5342 φησιν
3113 5276 3143 5327 ὁ
3194 5276 3473 5344 πάνσοφος
3531 5277 3778 5345 Παῦλος,

2181 5377 2205 5409 «η
2230 5359 2290 5421 ὃς
2314 5359 2594 5413 δικαιώσει
2630 5363 2933 5434 περιτομὴν
2972 5367 3037 5419 ἐκ
3090 5366 3349 5432 πίστεως,
3382 5368 3481 5421 καὶ
3520 5369 3780 5442 ἀκροϐυ-

2179 5450 2335 5502 στίαν
2366 5450 2455 5502 διὰ
2512 5451 2611 5520 τῆς
2645 5452 2904 5519 πίστεως.
2957 5458 3030 5510 Οὐ
3083 5458 3195 5529 γάρ
3240 5458 3511 5514 Ἰουδαίων
3542 5462 3713 5533 μόνον
3751 5467 3780 5517 ὁ

493 5534 579 5575 tur
601 5528 740 5583 sicut
768 5529 1083 5600 qujustitia
1107 5551 1251 5601 mea,
1298 5548 1352 5592 et
1406 5538 1641 5593 salutare
1680 5555 1859 5595 meum
1931 5542 2069 5597 sicut

2192 5542 2325 5605 θεὸς,
2340 5541 2474 5595 ἀλλά
2501 5542 2598 5596 καὶ
2618 5542 2805 5601 ἐθνῶν.
2821 5548 3076 5603 ιὈὐκοῦν
3098 5528 3201 5605 οὐκ
3217 5551 3423 5620 ἀνήσω,
3446 5528 3640 5623 φησὶν,
3664 5555 3782 5619 ἓως

491 5613 692 5682 lampas
726 5624 955 5680 ardebit.
989 5627 1203 5685 Iustitia
1241 5642 1294 5685 et
1347 5631 1495 5685 salus
1561 5634 1811 5701 apparuit
1862 5643 1918 5689 et
1969 5633 2069 5689 fuit

2192 5632 2237 5683 ὶν
2267 5632 2454 5703 ἐξέλθῃ
2480 5633 2556 5697 ὡς
2585 5634 2699 5703 φῶς
2728 5637 2761 5706 ή
2790 5636 3104 5711 δικαιοσύνη
3147 5659 3269 5712 μου.
3302 5613 3377 5696 ἶΐὸ
3399 5613 3472 5697 δὲ.

560 5724 733 5829 "olsa.
766 5747 911 5801 sxw,
956 5742 1040 5796 18.
1148 5747 1193 5775 ⁸⁸
1228 5746 1381 5801 Cant.
1419 5764 1478 5813 ll,
1518 5748 1562 5803 I.
1674 5752 1717 5782 '”
1755 5749 1943 5805 Matth.
1990 5767 2086 5804 xxv

496 5806 579 5855 ut,
610 5796 701 5861 .9,
733 5799 828 5852 30.

2192 5754 2229 5805 ι.
2335 5749 2403 5783 '9'
2436 5750 2597 5807 Ilebr.
2638 5772 2692 5818 χ,
2730 5755 2816 5810 28.
2930 5758 2976 5789 '°
3008 5757 3240 5829 Philipp.
3284 5776 3356 5827 tv,
3389 5762 3443 5816 7.
3520 5762 3569 5794 ⁸⁸
3604 5763 3777 5821 Rom.
