4054 6376
328 373 470 434 {569

1466 374 1534 430 ΙΝ
1568 375 1800 433 ιεΑιΑιί
1839 378 1969 437 LIB.
1995 379 2062 436 ν.
2102 377 2340 435 τοιιυε
2375 376 2443 433 ν.

3440 372 3579 430 15Ἱο

335 504 435 558 μου
475 486 552 551 ὼς
587 484 813 556 λαμπὰς
848 484 1203 556 καυθήσεται.
1242 487 1566 561 Δικαιοσύνη
1600 508 1660 543 τε
1686 495 1778 546 καὶ
1810 509 1909 545 σω-

2018 493 2333 550 mortalibus
2355 489 2623 547 Christus.
2648 486 3074 544 Justilicatenim
3096 488 3578 557 etservat,quippe

330 579 518 649 τήριον
541 581 653 642 τοῖς
676 577 769 630 ἐπὶ
793 579 892 648 τῆς
916 577 1017 649 γῆς
1041 576 1194 649 ὤφθη
1217 595 1275 631 τε
1304 578 1398 633 καὶ
1426 580 1615 649 γέγονε
1647 583 1904 652 Χριστὸς,

330 668 531 722 δικαιοῖ
559 668 687 739 γὰρ.
728 668 822 722 καὶ
853 666 1036 734 σώζει,
1071 668 1186 738 φῶς
1216 669 1474 741 ὑπάρχων
1505 671 1665 735 αὐτὸς
1689 672 1752 724 τὸ
1779 673 1910 744 άλη-

334 758 499 821 θινὸν,
519 758 611 811 καὶ
637 751 725 812 οἷά
753 774 837 820 τις
867 758 925 810 ὲν
962 758 1136 829 σκότῳ
1172 757 1411 829 λαμπάς.
1462 761 1604 832 Ἔφη
1639 762 1769 830 γοῦν
1807 765 1909 816 αύ-

333 849 441 915 τὸς,
480 850 561 904 ὅτι
588 867 607 900 ι
648 850 814 902 Ὅταν
845 842 890 903 ὧ
916 850 973 901 ὲν
999 848 1075 920 τῷ
1118 848 1327 921 κόσμῳ,
1355 850 1470 921 φῶς
1508 854 1622 924 εἰμι
1667 852 1761 906 τοῦ
1814 854 1907 906 κό-

336 959 494 1012 σμου.
564 959 583 993 t
643 940 826 1010 Ἀχλύῖ
883 942 982 1011 μὲν
1044 940 1151 1013 γάρ
1215 942 1309 994 καὶ
1386 944 1561 1012 σκότῳ
1610 943 1677 996 τὰ
1731 944 1909 998 πάντα

334 1033 683 1102 κατείληπτο,
743 1033 859 1095 τὰς’
890 1032 1142 1086 ἁπάντων
1214 1033 1443 1103 καρδίας
1505 1034 1601 1087 τοῦ
1663 1035 1909 1089 διαϐόλου

335 1124 840 1193 καταμελαίνοντος,
870 1124 963 1177 καὶ
999 1124 1173 1186 οὐδεὶς
1192 1119 1260 1195 ἦν
1288 1127 1317 1178 6
1347 1124 1517 1178 ποιῶν
1542 1126 1910 1197 χρηστότητα,

336 1212 432 1267 καὶ
488 1213 835 1285 δικαιοσύνην
888 1213 1061 1277 είδὼς,
1113 1214 1281 1285 ἤγουν
1323 1214 1421 1285 τὴν
1455 1216 1772 1285 ἀπάγουσαν
1811 1216 1909 1287 [αι.

335 1301 673 1373 ἐπάγουσαν]
699 1302 791 1355 ἐπὶ
830 1301 891 1354 τὸ
936 1302 1202 1366 σώζεσθαι
1243 1304 1443 1375 τρίϐον.
1497 1304 1635 1357 Ἀλλ’
1687 1305 1809 1357 οὐδὲ
1842 1301 1911 1375 ἦν

336 1394 364 1444 6
392 1392 507 1460 φῶς
540 1391 681 1461 ἔχων
718 1392 779 1445 τὸ
807 1392 947 1446 θεῖον
981 1394 1058 1457 είς
1089 1393 1233 1461 νοῦν,
1267 1395 1361 1448 καὶ
1388 1398 1500 1459 τοῖς
1544 1396 1642 1466 τῆς
1673 1396 1913 1460 διανοίας

336 1486 548 1556 ὄμμασι
575 1484 917 1557 καταθρῆσαι
942 1486 1255 1556 δυνάμενος,
1296 1487 1380 1551 τίς
1414 1491 1442 1541 ὁ
1470 1487 1647 1557 φύσει’
1666 1490 1758 1543 καὶ
1782 1489 1915 1561 ἀλη-

339 1577 449 1640 θῶς
476 1579 590 1631 ἐστι
630 1576 782 1641 Θεὸς,
810 1578 905 1631 καὶ
928 1577 1037 1631 τῶν
1062 1578 1197 1631 ὅλων
1224 1579 1624 1649 γενεσιουργὸς,
1664 1580 1760 1633 καὶ
1801 1582 1915 1634 Κύ-

341 1684 475 1739 ριοςο
504 1670 626 1722 ἐπεὶ
649 1668 705 1724 δὲ
726 1670 802 1733 ὡς
829 1669 943 1739 φῶς
958 1670 1173 1741 ἀνέσχε,
1206 1672 1299 1724 καὶ
1331 1671 1407 1733 ῶς
1434 1671 1654 1742 λαμπάς
1676 1673 1913 1745 ἁνέλαμ⁹

336 1761 436 1830 ψεν
459 1763 487 1815 ό
516 1762 726 1834 Σωτὴρ,
754 1762 1130 1832 κατεφωτίσθη
1164 1762 1348 1816 λοιπὸν
1371 1765 1405 1834 ἡ
1428 1764 1519 1816 ὑπ’
1538 1764 1787 1835 οὐρανὸν,
1820 1768 1916 1820 καὶ

337 1854 434 1925 τὴν
463 1853 563 1924 τῆς
599 1855 664 1909 δι’
692 1855 856 1909 αὐτοῦ
888 1855 1165 1926 σωτηρίας
1196 1855 1503 1926 τεθεάμεθα
1544 1856 1750 1926 τρίϐον.
1784 1853 1916 1909 Εἶτα
1946 1845 1988 1901 Β

312 1947 475 2018 ,πρὸς
506 1946 605 2019 τὴν
628 1947 952 2019 Ἐκκλησίαν
984 1950 1117 2019 φησὶ
1155 1948 1255 2020 τὴν
1283 1950 1391 2002 ἀπό
1421 1965 1485 2017 γε
1510 1949 1609 2019 τῆς
1642 1948 1915 2003 Ἰουδαίων

338 2037 557 2109 ἀγέλης,
607 2041 697 2091 καὶ
719 2039 789 2102 ὡς
813 2038 965 2093 οὔπω
998 2043 1096 2111 τῆς
1124 2040 1232 2094 τῶν
1260 2039 1431 2093 ἐθνῶν
1465 2040 1705 2112 πληθύος
1749 2058 1914 2094 σεσα-

338 2132 698 2200 γηνευμένης,
729 2132 811 2184 ὄτι
832 2150 850 2183 ι
884 2133 1141 2201 Ὄψονται
1160 2131 1288 2203 ἔθνη
1304 2133 1401 2203 τὴν
1430 2131 1774 2203 δικαιοσύνην
1795 2149 1912 2197 σου,

338 2227 432 2279 καὶ
462 2225 698 2296 βασιλεῖς
716 2226 815 2298 τὴν
832 2226 989 2292 δόξαν
1017 2245 1132 2282 σου.
1162 2247 1180 2279 t
1209 2227 1567 2299 Δικαιοσύνην
1598 2228 1655 2281 δὲ
1674 2226 1837 2281 πάλιν
1858 2230 1916 2281 ἐν

337 2319 566 2382 τούτοις,
620 2320 715 2374 καὶ
753 2318 856 2392 μέν
886 2337 969 2374 τοι
1013 2320 1109 2375 καὶ
1146 2320 1323 2387 δόξαν,
1367 2321 1520 2375 οὐδὲν
1552 2321 1740 2392 ἓτερον
1775 2316 1917 2375 εἶναί

341 2428 473 2481 φησι
527 2412 662 2483 πλὴν
690 2412 769 2465 ὅτι
790 2413 880 2467 τὸν
900 2412 1103 2483 Κύριον
1126 2414 1283 2485 ἡμῶν
1318 2412 1524 2485 Ἰησοῦν
1545 2414 1638 2468 τὸν
1658 2415 1911 2487 Χριστόν.

338 2503 741 2572 Δεδικαιὼμεθα
766 2504 876 2575 γὰρ
910 2505 966 2557 ὲν
995 2503 1165 2573 αὐτῷ,
1198 2507 1294 2558 καὶ
1330 2505 1430 2577 τὴν
1461 2507 1588 2575 παρ’
1624 2506 1789 2559 αὑτοῦ
1819 2523 1919 2558 πε-

339 2595 723 2665 πλουτήκαμεν
769 2594 946 2660 δόξαν.
969 2594 1145 2648 Αὐτοῦ
1169 2595 1278 2667 γὰρ
1306 2595 1635 2667 γεγόναμεν,
1667 2597 1761 2649 καὶ
1785 2596 1919 2665 κλῆ-

340 2703 433 2757 ρος
486 2686 647 2740 αὑτοῦ
695 2687 1124 2758 χρηματίζομεν.
1171 2686 1498 2757 Τετάγμεθα
1540 2686 1597 2740 δὲ
1669 2687 1763 2740 καὶ
1814 2688 1921 2741 ὑπὸ

339 2778 482 2846 ξυγά
514 2779 609 2831 καὶ
639 2778 910 2849 σκῆπτρα,
944 2777 1041 2848 τὴν
1064 2776 1160 2832 τοῦ
1188 2777 1308 2830 καθ’
1343 2777 1499 2848 ἡμῶν
1550 2780 1917 2850 τυραννήσαν-

336 2886 428 2932 τος
456 2868 764 2934 πλεονεξίαν
793 2870 1184 2939 ἀπονιψάμενοι
1208 2887 1221 2901 ο
1252 2870 1333 2922 ὃτι
1366 2869 1423 2923 δὲ
1449 2869 1549 2938 τῆς
1580 2869 1725 2922 κατά
1754 2870 1919 2940 νόμον

337 2960 591 3032 λατρείας
620 2962 1055 3031 ἁποφοιτήσασα,
1080 2961 1175 3014 καὶ
1220 2954 1332 3014 οἷον
1363 2960 1745 3031 μεταϐαλοῦσα
1786 2962 1921 3033 πρὸς

338 3052 630 3122 καινότητα
663 3053 808 3124 ζωῆς
850 3053 1231 3123 εὐαγγελικῆς,
1258 3054 1352 3105 καὶ
1380 3052 1477 3123 τὴν
1520 3052 1755 3124 ἀρχαίαν
1787 3052 1921 3123 κλῆ-

2012 586 2100 641 lux
2125 601 2248 641 vera
2285 600 2412 639 cum
2446 584 2519 638 sit
2538 582 2673 652 ipse,
2704 590 2758 636 et
2784 596 2885 635 ceu
2907 580 3110 648 lampas
3135 578 3398 649 qua-piam
3425 579 3480 632 in
3500 590 3579 633 te-

2010 677 2215 733 nebris.
2258 676 2534 746 Siquidem
2582 675 2697 743 ipse
2751 672 2889 728 dixit
2924 689 2939 725 :
2986 691 3005 724 ι
3044 671 3270 738 Quando
3292 672 3349 725 in
3378 669 3583 726 mundo

2008 786 2151 836 sum,
2181 769 2268 823 lux
2291 784 2409 823 sum
2442 765 2709 821 mundi”.
2753 784 2775 816 ›
2806 764 3049 833 Caligine
3088 778 3320 833 namque
3348 773 3402 817 et
3431 772 3582 818 tene-

2009 861 2122 916 bris
2147 860 2327 917 omnia
2348 858 2738 927 comprehensa
2771 866 2947 921 erant,
3006 855 3221 910 diabolo
3267 859 3430 910 corda
3464 869 3579 910 om-

2012 954 2158 1006 nium
2186 951 2505 1007 oll'uscante.
2528 948 2698 1005 Nemo
2720 959 2838 1004 erat
2903 948 2993 1018 qtti
3040 948 3243 1002 faceret
3275 948 3500 1012 bonum,
3528 957 3589 1003 et

2005 1043 2268 1113 justitiam
2294 1050 2491 1105 nosset,
2523 1047 2617 1094 aut
2639 1040 2782 1094 viam
2810 1053 2928 1108 quas
2948 1038 3096 1094 ducit
3115 1038 3180 1092 ad
3206 1037 3455 1103 salutem;
3485 1038 3593 1094 sed;

2012 1149 2112 1189 nec
2144 1134 2425 1203 quisquam
2464 1142 2580 1188 erat
2606 1136 2696 1202 qui
2725 1132 2965 1186 divinam
2989 1130 3166 1185 lucem
3192 1133 3247 1185 in
3279 1140 3459 1186 mente
3481 1130 3585 1184 ha-

2012 1226 2185 1288 beret,
2214 1234 2269 1278 et
2309 1225 2399 1293 qui
2430 1233 2611 1292 posset
2658 1223 2823 1276 animi
2856 1222 3027 1278 oculis
3082 1221 3287 1287 videre,
3336 1220 3595 1289 quisnam;

2011 1316 2186 1370 sitille
2216 1325 2405 1370 natura
2435 1324 2488 1369 et
2508 1330 2630 1368 vere
2651 1315 2814 1377 Dens,
2841 1323 2893 1368 et
2913 1314 3287 1368 universorum
3329 1310 3599 1367 Conditor

2012 1415 2067 1459 et
2085 1405 2359 1459 Dominus.
2386 1404 2677 1473 Postquam
2712 1419 2840 1458 vero
2879 1402 3137 1457 Servator
3159 1417 3257 1456 ceu
3306 1400 3395 1455 lux
3424 1415 3589 1456 exor-

2013 1508 2098 1552 tus
2117 1507 2221 1563 est,
2253 1508 2308 1551 et
2331 1512 2428 1551 ceu
2462 1496 2669 1564 lampas
2699 1493 3159 1563 illuxit,deittceps
3188 1491 3485 1546 illustratus
3505 1500 3593 1546 est

2012 1591 2162 1647 orbis
2196 1599 2483 1653 terrarum,
2505 1597 2561 1641 et
2587 1588 2779 1642 salutis
2807 1586 2947 1639 viam
2970 1601 3066 1651 per
3095 1586 3268 1655 ipsum
3291 1584 3468 1638 intuiti
3496 1598 3591 1637 su-

2016 1699 2153 1739 mus.
2206 1681 2409 1736 Deinde
2476 1679 2764 1749 alloquitur
2820 1677 3116 1733 Ecclesiam
3160 1692 3228 1732 ex
3283 1676 3590 1732 .Ittdteorum

2016 1789 2197 1847 grege,
2221 1772 2611 1843 perindequasi
2671 1771 2907 1827 nondum
2950 1770 3163 1824 irretita
3207 1776 3354 1825 esset
3400 1767 3587 1821 multi-

2018 1869 2145 1922 tudo
2167 1866 2430 1938 gentium.
2467 1884 2487 1917 ι
2524 1864 2786 1918 Videbunt
2822 1871 3010 1933 gentes
3048 1861 3313 1931 justitiam
3338 1868 3509 1922 tuam,
3536 1868 3594 1914 et

2019 1972 2175 2027 reges
2207 1955 2431 2026 gloriam
2457 1964 2626 2008 tuam.
2668 1972 2686 2005 ι
2714 1951 2984 2008 Justitiam
3014 1966 3200 2006 rursus
3259 1960 3315 2006 et
3363 1950 3593 2019 gloriam

2016 2048 2105 2104 hic
2134 2048 2276 2103 aliud
2308 2047 2437 2101 ttihil
2463 2062 2583 2100 esse
2633 2046 2789 2111 dicit,
2863 2054 3221 2114 praeterquam
3304 2043 3592 2097 Dominum

2019 2147 2259 2193 nostrum
2286 2135 2466 2192 Jesnm
2490 2135 2781 2191 Christum.
2842 2133 2900 2189 In
2958 2136 3075 2205 ipso
3124 2134 3268 2188 enim
3310 2132 3595 2203 iustiﬁcati

2018 2243 2225 2294 sumus,
2255 2236 2309 2282 et
2330 2227 2499 2297 gloria
2530 2228 2598 2281 ab
2630 2227 2745 2296 ipso
2771 2226 2926 2282 ditati
2944 2239 3152 2280 sumus.
3173 2224 3347 2295 Ipsius
3366 2238 3599 2292 namque

2019 2336 2228 2384 smnus,
2253 2329 2306 2375 et
2343 2333 2461 2375 sors
2485 2318 2602 2387 ejus
2631 2333 3025 2387 nuncupamnr.
3045 2317 3215 2388 Ipsius
3240 2316 3370 2386 jugo
3397 2325 3453 2369 et
3473 2329 3594 2370 sce-

2020 2423 2139 2483 ptro
2166 2412 2468 2482 paruimus,
2527 2411 2778 2467 abdicato
2811 2408 3044 2464 violento
3067 2407 3186 2477 ejus
3245 2406 3471 2477 imperio
3504 2405 3596 2475 qui

2020 2506 2072 2559 in
2105 2520 2203 2560 nos
2230 2504 2565 2576 tyrannidem
2616 2503 2879 2559 exercuit.
2935 2502 3087 2569 Quod
3146 2509 3326 2556 autem
3380 2514 3410 2553 a
3462 2498 3604 2570 legis

2018 2598 2164 2653 cultu
2189 2596 2466 2662 recedens,
2492 2604 2549 2650 et
2595 2594 2742 2650 velut
2790 2593 2859 2649 ad
2915 2593 3213 2649 novitatem
3268 2591 3438 2661 870
3466 2591 3592 2645 vita:

2020 2690 2341 2760 evangelica:
2370 2696 2753 2752 transmutata,
2776 2696 3017 2741 veterem
3046 2683 3205 2738 simul
3255 2683 3475 2751 abjiciet
3502 2696 3601 2737 vo-

2021 2786 2315 2848 cationem,
2336 2792 2391 2836 et
2414 2795 2551 2836 novo
2580 2780 2835 2848 deinceps
2876 2775 3321 2833 denominabitnr
3361 2774 3598 2836 nomine,

2021 2876 2287 2931 arbitratu
2320 2883 2374 2929 et
2402 2873 2684 2928 voluntate
2716 2870 2809 2926 Dei
2845 2870 3090 2925 omnium
3116 2865 3376 2934 supremi,
3417 2872 3602 2920 osten-

2022 2968 2119 3032 dit,
2152 2967 2375 3021 dicens:
2415 2984 2433 3016 ι
2467 2964 2760 3019 Vocabitur
2804 2962 2900 3016 tibi
2952 2975 3142 3016 nomen
3180 2972 3398 3023 novum,
3456 2953 3603 3025 quod

2024 3060 2282 3115 Dominus
2309 3056 2623 3112 nominabit.
2684 3073 2703 3107 ι
2756 3054 2870 3109 Νοιι
2925 3053 3069 3109 enim
3115 3052 3256 3105 ultra
3319 3049 3463 3104 dicta
3508 3055 3598 3103 est

338 3156 425 3194 σιν
463 3140 847 3209 συναποϐαλεῖ,
902 3142 1429 3214 μετονομασθήσεται
1476 3142 1533 3196 δὲ
1578 3143 1766 3197 λοιπὸν
1802 3144 1918 3196 ὀνό-

2025 3154 2331 3222 Synagoga,
2356 3148 2450 3202 sed
2482 3145 2722 3201 Ecclesia
2751 3144 2847 3199 Dei
2886 3142 3141 3206 viventis,
3191 3140 3385 3196 civitas
3410 3153 3476 3192 ac
3497 3137 3600 3193 do-

340 3248 471 3300 ματι
502 3232 693 3303 καινῷ,
738 3233 880 3287 κατά
906 3232 966 3286 τὸ
1014 3234 1203 3287 δοκοῦν
1257 3235 1335 3304 τῷ
1376 3235 1471 3287 ἐπὶ
1524 3235 1734 3299 πάντας
1778 3235 1919 3306 Θεῷ,

335 3324 661 3377 διαδείκνυσι
695 3327 900 3394 λέγων⁸
946 3345 962 3377 ι
996 3326 1232 3379 Καλέσει
1261 3326 1322 3379 τὸ
1357 3325 1529 3398 ὄνομά
1560 3345 1651 3381 σου
1686 3328 1749 3381 τὸ
1793 3344 1921 3381 και-

337 3416 446 3480 νὸν,
468 3418 496 3470 ὅ
528 3419 556 3471 6
584 3416 785 3488 Κύριος
813 3416 1069 3487 ὁνομάσει
1090 3416 1237 3470 αὐτό*
1262 3436 1281 3469 t
1310 3416 1572 3489 κέκληται
1599 3419 1709 3491 γάρ
1735 3419 1921 3473 οὐκέτι

338 3509 628 3579 συναγωγὴ
653 3508 872 3579 μᾶλλον,
913 3509 1027 3563 ἀλλ’
1062 3508 1359 3579 Ἐκκλησία
1401 3509 1537 3563 Θεοῦ
1575 3509 1798 3574 ζῶντος,
1833 3511 1923 3563 πό-

342 3602 424 3665 λις
449 3619 508 3654 τε
540 3602 635 3655 καὶ
674 3597 822 3665 οἶκος
844 3600 1033 3657 αὐτοῦ.
1064 3601 1442 3673 Διαμέμνηται
1470 3602 1580 3674 γὰρ
1608 3603 1780 3673 αὐτῆς
1827 3604 1922 3657 καὶ

337 3696 366 3747 6
395 3694 678 3756 θεσπέσιος
702 3693 883 3759 Δαϐὶδ,
904 3692 1045 3746 οὕτω
1073 3692 1248 3759 λέγων
1270 3710 1282 3723 ·
1323 3711 1341 3744 ι
1391 3693 1764 3763 Δεδοξασμένα
1799 3694 1923 3747 έλα-

337 3784 474 3856 λήθη
505 3784 634 3854 περὶ
662 3783 756 3836 σοῦ
790 3785 823 3853 ὴ
854 3782 1006 3847 πόλις
1038 3783 1134 3835 τοῦ
1155 3782 1311 3837 Θεοῦ.
1353 3803 1371 3835 ι
1402 3784 1596 3838 Ἔσται
1626 3784 1683 3837 δὲ
1715 3784 1801 3838 ὅτι
1829 3785 1923 3839 καὶ

336 3875 617 3947 εὐπρεπὴς
656 3876 816 3944 ἄγαν,
848 3875 943 3928 καὶ
980 3874 1356 3946 ἀπαραϐλήτῳ
1393 3876 1580 3929 κάλλει
1627 3894 1922 3948 κατεστεμ-

341 3967 480 4038 μένη
506 4008 522 4033 ,
544 3967 787 4021 διδάσκει
812 3966 986 4036 λέγων
1005 3984 1019 3997 ·
1062 3984 1081 4018 ι
1114 3968 1252 4040 Ἐσῃ
1281 3968 1546 4039 στέφανος
1585 3968 1814 4033 κάλλους
1863 3972 1922 4023 ἐν

337 4059 481 4131 χειρὶ
511 4058 737 4131 Κυρίου,
769 4058 864 4112 καὶ
908 4057 1144 4128 διάδημα
1179 4058 1459 4132 βασιλείας
1514 4062 1573 4113 έν
1611 4060 1754 4131 χειρὶ
1784 4058 1920 4113 Θεοῦ

338 4166 451 4205 σου.
486 4170 505 4201 t
547 4150 815 4221 Ἐκάστην
834 4149 942 4223 γάρ
966 4149 1127 4218 ἁγίαν
1148 4148 1347 4220 ψυχὴν,
1376 4150 1470 4203 καὶ
1493 4149 1797 4222 συλλήϐδην
1822 4148 1922 4221 τὴν

348 4241 693 4313 Ἐκκλησίαν,
756 4241 1021 4307 τουτέστι,
1079 4241 1149 4294 τά
1203 4241 1525 4309 τῶνξάγίων
1562 4242 1920 4313 συστήματα,

337 4335 587 4405 στεφάνῳ
616 4332 1013 4405 παρεικαστέον
1033 4334 1110 4402 ςὲκ
1145 4331 1355 4386 πολλῶν
1387 4331 1595 4387 ἀνθέων
1646 4334 1922 4388 συντεθει-

339 4426 504 4497 μένῳ,
556 4426 723 4497 ἡγουν
777 4424 1065 4496 διαδήματι
1115 4422 1401 4495 βασιλικῷ,
1457 4422 1623 4487 λίθοις
1680 4426 1923 4490 Ἰνδικοῖς

2025 3257 2144 3297 mus
2171 3242 2309 3310 ejus.
2358 3236 2523 3307 Cujus
2566 3236 2812 3293 meminit
2855 3235 3017 3291 etiam
3078 3234 3293 3288 divinus
3327 3230 3495 3285 David
3546 3230 3605 3284 itt

2023 3335 2163 3388 hanc
2185 3330 2511 3386 sententiam
2553 3345 2565 3381 :
2594 3346 2613 3379 ι
2648 3328 2891 3383 Gloriosa
2922 3328 3064 3383 dicta
3101 3335 3226 3381 sunt
3257 3326 3323 3378 de
3356 3334 3429 3388 te,
3469 3322 3606 3377 civi-

2023 3433 2106 3478 tas
2131 3422 2219 3476 Dei
2260 3422 2327 3476 ”.
2368 3439 2387 3472 ι
2414 3419 2554 3475 Fore
2584 3433 2798 3489 quoque
2834 3418 2976 3472 illam
3019 3417 3177 3472 valde
3203 3415 3507 3487 speciosam
3551 3422 3608 3467 et

2023 3512 2431 3584 incomparabili
2492 3511 2665 3582 gloria
2721 3521 3035 3567 coronatam
3094 3508 3276 3573 docet,
3301 3508 3601 3578 inquiens:

2030 3624 2049 3657 ι
2084 3605 2205 3660 Eris
2235 3619 2436 3660 corona
2497 3601 2916 3673 pulchritudinis
2967 3600 3018 3655 in
3081 3614 3244 3653 manu
3290 3595 3528 3662 Domini,
3551 3606 3606 3650 et

2021 3696 2266 3751 diadema
2283 3694 2428 3765 regni
2449 3694 2501 3748 itt
2524 3709 2680 3747 manu
2706 3692 2797 3747 Dei
2827 3692 2922 3746 ttti.
2940 3711 2957 3743 t
2990 3690 3433 3760 Unamquamque
3459 3688 3605 3742 enim

2022 3788 2259 3844 animam
2288 3795 2553 3851 sanctam,
2581 3794 2636 3839 et
2667 3784 2973 3839 universam
3033 3782 3258 3837 omnino
3286 3780 3603 3842 Ecclesiant,

2023 3879 2074 3933 id
2096 3887 2199 3943 est,
2224 3882 2533 3931 sanctorum
2556 3886 2780 3941 emtum,
2825 3889 3038 3929 coronat
3062 3887 3384 3941 comparare
3455 3871 3603 3935 licet,

2021 3983 2088 4022 ex
2120 3966 2305 4021 multis
2324 3964 2579 4031 ﬂosculis,
2616 3964 2949 4033 compositae,
2979 3963 3063 4016 vel
3114 3962 3263 4034 regio
3308 3962 3611 4017 diademati

2022 4057 2289 4128 lapidibus
2347 4056 2545 4111 Indicis
2625 4055 2887 4125 fulgenti,
2951 4064 3006 4111 et
3068 4054 3211 4125 quod
3258 4053 3615 4122 multiplicem.

2024 4149 2183 4205 habet
2212 4157 2265 4203 et
2295 4147 2499 4201 variam
2556 4144 2904 4213 elegantiam.
2964 4143 3215 4198 Plurimae
3270 4153 3398 4199 sunt
3440 4145 3617 4199 etiam.

2024 4249 2334 4295 sanctorum
2370 4237 2601 4309 egregiae
2626 4236 2878 4301 virtutes,
2908 4244 2964 4289 et
2990 4251 3094 4290 non
3134 4251 3299 4289 unum
3326 4243 3411 4290 est
3441 4250 3619 4289 ornat

2023 4340 2325 4387 mentorum
2364 4344 2556 4399 genus,
2576 4328 2672 4383 sed
2705 4325 2984 4397 multiplex
3015 4336 3070 4381 et
3098 4327 3392 4381 diversum.
3424 4325 3617 4394 Siqui...

2022 4424 2143 4477 dem
2181 4431 2234 4476 et
2263 4422 2479 4477 divinus
2527 4419 2696 4473 David
2725 4418 3021 4473 Ecclesium
3052 4417 3252 4473 Christi
3320 4419 3374 4472 in
3406 4419 3619 4475 vestita.

336 4516 693 4587 ἐκλάμποντι,
744 4517 841 4569 καὶ
889 4515 1180 4578 πολυειδῶς
1233 4515 1410 4585 ἔχοντι
1468 4515 1529 4568 τὸ
1582 4515 1904 4587 διαπρεπές·

2018 4512 2684 4580 deauratofuircumdatam
2714 4526 2780 4565 ac
2805 4511 3133 4579 variegatam
3165 4509 3368 4563 inducit
3391 4508 3457 4561 9‘.
3488 4526 3506 4560 ι
3538 4510 3596 4562 ltt

335 4608 561 4661 πλεῖστα
583 4607 639 4661 δὲ
664 4608 764 4677 ὅσα
813 4608 908 4660 καὶ
958 4606 1026 4659 τά
1054 4605 1163 4658 τῶν
1208 4605 1380 4673 ἁγίων
1426 4604 1917 4676 ἀνδραγαθήματα,

2026 4621 2189 4661 manu
2215 4604 2449 4670 Domini,
2483 4622 2502 4654 ι
2551 4602 2743 4672 inquit,
2780 4602 2830 4657 id
2875 4612 2978 4667 est,
3033 4602 3368 4671 protertione
3413 4614 3623 4653 manus

335 4699 429 4754 καὶ
456 4700 553 4770 οὐχ
581 4694 661 4762 εἷς
700 4698 899 4769 μᾶλλον
935 4697 1043 4751 τῶν
1066 4696 1400 4767 αὐχημάτων
1439 4696 1468 4748 6
1499 4695 1723 4766 τρόπος,
1753 4696 1918 4760 πολὺς

2026 4713 2157 4752 mea:
2187 4707 2464 4767 protegam
2491 4705 2563 4751 te.
2591 4697 2657 4751 Et
2687 4697 2799 4767 ipse
2823 4709 3039 4764 quoque
3090 4693 3339 4750 Christus
3368 4692 3438 4747 de
3490 4692 3621 4747 suis.

333 4794 392 4851 δὲ
430 4792 524 4846 καὶ
565 4791 839 4861 διάφορος.
894 4790 1005 4842 Καὶ
1046 4788 1177 4857 γοῦν
1210 4790 1238 4841 6
1271 4787 1559 4850 θεσπέσιος
1602 4786 1767 4839 Δαϐιδ
1821 4786 1918 4858 τὴν

2024 4792 2215 4846 ovibus
2263 4790 2346 4844 vel
2369 4790 2436 4844 de
2490 4804 2651 4861 grege
2691 4788 3030 4844 credentium
3084 4787 3139 4841 in
3195 4786 3369 4854 ipsum
3432 4784 3566 4839 dicit
3587 4802 3616 4844 ε.

348 4884 676 4955 Ἐκκλησίαν
694 4882 787 4936 τοῦ
813 4880 1048 4953 Χριστοῦ
1077 4882 1135 4933 ὲν
1157 4879 1435 4951 ἱματισμῷ
1453 4879 1730 4950 διαχρύσῳ
1760 4896 1918 4949 περι-

2032 4896 2050 4930 ι
2079 4877 2250 4932 Nemo
2275 4879 2465 4948 eripiet
2486 4893 2579 4933 eas
2606 4878 2670 4932 de
2695 4892 2854 4931 manu
2897 4877 3072 4931 Patris
3100 4876 3206 4929 mei
3229 4876 3299 4929 9‘.
3338 4893 3358 4927 ι

335 4980 676 5052 ϐεϐλημένην
740 4975 1165 5048 πεποικιλμένην
1231 4974 1491 5046 εἰσφέρει,
1544 4976 1605 5029 τὸ
1654 4974 1711 5027 δὲ
1743 4994 1761 5025 ι
1817 4975 1906 5027 Ἐν
1977 4975 2122 5046 χειρὶ
2169 4973 2398 5043 Κυρίου,
2458 4993 2476 5024 ›
2517 4975 2671 5044 φησὶ,
2738 4972 3035 5037 τουτέστιν,
3109 4972 3215 5026 ὑπὸ
3264 4972 3473 5042 σκέπην
3510 4972 3621 5041 τῆς

333 5073 511 5148 χειρός
555 5090 658 5142 μου
709 5069 965 5124 σκεπάσω
996 5082 1077 5122 σε·
1116 5068 1212 5121 καὶ
1236 5068 1397 5131 αὐτὸς
1424 5068 1483 5121 δέ
1529 5085 1632 5120 που
1677 5067 1911 5138 Χριστὸς
1949 5069 2079 5138 περὶ
2134 5067 2244 5120 τῶν
2287 5066 2429 5120 ἰδίων
2456 5067 2808 5140 θρεμμάτων,
2866 5066 3098 5137 καὶήτοι
3124 5066 3223 5138 τῆς
3258 5064 3367 5119 τῶν
3393 5080 3611 5121 πιστευ..

334 5164 544 5218 σάντων
568 5164 648 5224 είς
677 5160 838 5214 αὐτὸν
869 5159 1070 5229 ἀγέλης
1102 5160 1288 5230 φησιν,
1335 5159 1416 5212 ὅτι
1455 5176 1474 5209 ι
1515 5157 1702 5221 Οὐδεὶς
1732 5158 1967 5229 ἁρπάσει
1990 5157 2130 5210 αὺτά
2161 5159 2225 5210 ἐκ
2255 5159 2356 5228 τῆς
2391 5159 2574 5229 χειρὸς
2612 5157 2705 5210 τοῦ
2738 5159 2948 5230 Πατρός
2977 5175 3100 5229 μου.
3126 5176 3145 5207 ι

403 5252 513 5307 Καὶ
539 5249 740 5306 οὐκέτι
769 5249 1051 5319 κληθήσῃ
1081 5249 1616 5317 καταλελειμμένῃ,
1644 5247 1743 5301 καὶ
1778 5247 1816 5315 ἡ
1840 5246 1915 5317 γῆ

2100 5246 2260 5302 Vens.
2285 5248 2347 5303 4.
2384 5248 2454 5302 Et
2494 5266 2823 5319 nequaquam
2866 5248 3007 5302 ultra
3032 5248 3298 5301 vocaberis
3327 5246 3607 5311 derelicta,

332 5360 449 5398 σου
496 5345 569 5398 οὺ
607 5340 976 5410 κληθήσεται
1004 5341 1242 5409 ἕρημος·
1276 5340 1375 5393 σοὶ
1408 5340 1517 5407 γὰρ
1545 5338 1916 5408 κληθήσεται

2026 5355 2117 5393 nec
2148 5349 2287 5393 terra
2323 5352 2416 5393 tua
2468 5344 2735 5395 vocabitur
2759 5343 2981 5395 deserta.
3016 5340 3131 5395 Tibi
3166 5341 3303 5395 enim
3337 5341 3609 5397 vocabitur;

334 5434 564 5503 θέλημα
599 5434 769 5503 ἐμὸν,
801 5432 900 5486 καὶ
928 5429 1004 5500 τῇ
1032 5429 1109 5502 γῇ
1143 5446 1260 5485 σου
1299 5427 1618 5498 οἰκουμένη
1652 5429 1753 5500 (1).

2022 5430 2265 5485 voluntas
2292 5447 2426 5497 utea,
2454 5440 2503 5485 et
2536 5442 2688 5486 terrae
2711 5442 2816 5487 tute
2854 5434 3115 5489 habitata.

405 5591 451 5624 ”
487 5591 644 5649 Joan.
676 5608 752 5659 tx,
784 5592 836 5646 ὅ.
910 5592 956 5625 θ’
980 5588 1120 5646 Psal.
1145 5604 1366 5653 tum,
1394 5588 1449 5645 5.
1523 5586 1570 5619 ’⁵
1602 5584 1746 5640 Psal.
1823 5600 1909 5639 xu

2018 5584 2089 5640 |0.
2167 5587 2213 5619 ⁸⁸
2248 5585 2404 5644 Joan.
2439 5602 2494 5652 ι,
2529 5585 2619 5642 29.

409 5730 486 5799 (1)
518 5728 774 5798 Sequitur
801 5727 854 5781 in
877 5728 1006 5783 edit.
1255 5726 1336 5805 ξ’)τι
1362 5723 1622 5805 εὐδόκησε
1685 5721 1884 5793 Κύριος
1910 5725 1918 5776 ἑ

2018 5726 2111 5790 τοὶ,
2155 5726 2247 5779 καὶ
2303 5725 2451 5797 ἡγῆ,
2471 5741 2562 5779 σου
2630 5723 3121 5799 συνοικισθησεται,
3185 5739 3304 5795 qua:
3333 5720 3602 5781 latttcttsa

339 5795 697 5872 {Hieronymus
728 5808 887 5871 negat
914 5798 1055 5869 apud
1089 5795 1234 5852 LXX
1255 5795 1458 5851 haberi.
