4054 6376
464 368 592 425 1571

1454 384 1511 440 S.
1552 386 1829 443 CYRILLI
1870 390 2341 447 ALEXANDRINI
2380 394 2703 450 ARCHIEP.
2736 452 2751 463 δ

3586 393 3724 449 1'57?

529 486 743 543 Rursus
768 488 926 546 docet
956 490 1326 562 depositurum
1381 513 1439 553 se
1472 512 1626 557 vetus
1673 505 1881 573 odium,
1932 524 2028 575 quo

2214 509 2554 564 Διαδιδάσκει
2582 511 2765 575 πάλιν,
2808 511 2889 565 ὅτι
2922 510 3021 581 τῆς
3072 509 3309 582 ἀρχαίας
3347 509 3730 581 ἀποστροφῆςι

458 594 601 649 sape
648 592 964 650 prosecutus
987 596 1069 641 est
1093 584 1372 645 Judaicam
1428 592 1792 668 Synagogam.
1852 602 1921 655 ab
1954 604 2033 656 ira

458 673 784 729 destiturum
809 715 825 741 ,
859 675 1128 733 facturum
1162 694 1280 735 eam
1312 684 1667 745 voluntariam
1703 703 1757 747 et
1786 695 2037 751 fructuo-

456 778 599 832 sam,
647 784 711 823 ac
767 769 1106 827 multitudine
1152 778 1484 834 credentium
1528 794 1868 842 ornaturum.
1906 789 2035 843 Sion

453 857 621 924 enim,
651 861 930 925 repudiato
973 863 1198 921 Domino
1226 879 1413 927 nostro
1453 872 1579 928 Jesu
1636 875 1877 943 Christo,
1946 895 2035 934 τε·-

452 948 607 1001 dacta
638 959 724 1004 est
745 950 797 1005 in
828 956 1153 1018 vastitatem.
1185 969 1240 1013 et
1271 962 1557 1018 multitudo
1594 968 1887 1023 infidelium
1914 986 2035 1039 per-

453 1037 533 1091 iit.
589 1038 946 1112 Posteaquam
974 1062 1099 1101 vero
1129 1053 1371 1119 reliquiae
1394 1055 1549 1109 iidem
1607 1073 1946 1127 receperunt,
1979 1074 2045 1117 et

450 1144 614 1197 porro
648 1144 837 1189 vocata
866 1148 949 1191 est
998 1139 1287 1197 multitudo
1326 1148 1591 1215 gentium,
1628 1165 1692 1203 ac
1747 1153 1800 1206 in
1864 1169 2029 1209 unum

447 1223 703 1291 populum
745 1228 797 1280 hi
825 1230 932 1281 duo
961 1233 1163 1287 conditi
1188 1246 1338 1303 sunt,
1362 1248 1418 1292 et
1443 1256 1547 1294 una
1574 1242 1787 1299 demum
1815 1260 1881 1300 ex
1914 1263 2031 1300 am-

449 1311 619 1369 bobus
636 1316 777 1373 dicta
802 1330 885 1374 est
918 1322 1180 1395 Ecclesia,
1230 1328 1457 1398 largitur
1492 1332 1539 1387 ei
1585 1334 1754 1401 Deus,
1790 1347 1850 1391 ut
1886 1338 2031 1395 Imllo

448 1406 606 1460 tundo
630 1410 872 1476 pristinis
896 1414 1050 1471 malis
1082 1417 1408 1485 implicetur,
1437 1437 1537 1478 nec
1584 1425 1840 1482 derelicta
1873 1445 2031 1485 voce-

448 1506 537 1550 tur
567 1500 651 1553 vel
680 1503 915 1570 deserta,
957 1512 1049 1563 sed
1075 1519 1133 1563 ut
1159 1513 1335 1580 potius
1366 1514 1417 1569 ei
1441 1517 1706 1587 morigera
1742 1529 1798 1575 et
1838 1523 2029 1577 volun-

446 1591 582 1644 taria
610 1592 701 1647 fiat
729 1612 744 1648 :
771 1597 933 1667 871
962 1610 1015 1654 et
1044 1617 1149 1655 non
1184 1606 1420 1674 amplius
1456 1609 1690 1677 deserta,
1726 1616 1820 1667 sed
1869 1615 2026 1671 babi-

447 1691 558 1736 tata
582 1686 883 1745 vocabitur.
937 1690 1050 1747 Hoc
1097 1706 1277 1751 autem
1330 1714 1395 1754 ex
1420 1703 1581 1756 rebus
1614 1705 1746 1773 ipsis
1775 1706 2024 1765 videmus

444 1777 780 1845 usuvenisse,
813 1791 867 1834 et
902 1783 1168 1843 Ecclesias
1195 1790 1397 1860 ubique
1441 1793 1492 1847 in
1555 1798 2026 1865 tranquillitateet

2139 594 2207 671 ἧς
2242 601 2537 672 πεποίηται
2590 602 2852 667 πολλάκις
2896 604 2987 655 ἐπὶ
3023 604 3094 673 τῇ
3138 601 3247 655 τῶν
3289 602 3559 655 Ἰουδαίων
3590 602 3722 655 Συν-

2138 697 2351 765 αγωγῇ,
2371 694 2662 766 καταλήξει
2685 695 2892 759 λοιπὸν,
2915 694 3011 748 καὶ
3030 694 3373 749 πεπαύσεται
3392 693 3492 763 τῆς
3526 692 3716 765 ὀργῆς,

2138 786 2369 858 θελητὴν
2398 788 2455 841 δὲ
2477 790 2782 858 ποιήσεται,
2810 787 2905 840 καὶ⁸
2938 786 3163 857 προσέτι
3195 785 3371 857 τούτῳ
3396 785 3491 839 καὶ
3517 784 3715 856 έγκαρέ

2138 897 2259 941 πον,
2295 878 2498 949 καὶτῷ
2542 878 2739 949 πλήθει
2787 879 2896 932 τῶν
2928 879 3372 932 πεπιστευκότων
3420 894 3715 945 στεφανου-

2140 972 2306 1041 μένην
2347 973 2632 1041 ἀποφανεῖ.
2698 970 3038 1041 Ἀθετήσασα
3078 972 3175 1042 μὲν
3212 970 3323 1044 γὰρ
3366 972 3399 1041 η
3458 969 3593 1033 Σιῲν
3624 970 3713 1023 τὸν

2136 1063 2341 1132 Κύριον
2372 1062 2526 1133 ἡμῶν
2570 1062 2776 1132 Ἰησοῦν
2802 1064 3059 1135 Χριστὸν,
3088 1062 3298 1116 δέδοται
3322 1063 3459 1134 πρὸς
3494 1063 3713 1132 ὲρήμωφ

2136 1167 2241 1211 σιν,
2264 1152 2356 1203 καὶ⁸
2380 1151 2413 1220 ὴ
2439 1150 2546 1203 τῶν
2569 1151 2987 1222 ἀπιστησάντων
3009 1150 3226 1205 διόλωλε
3257 1148 3487 1222 πληθύς.
3535 1152 3711 1204 Ἐπει-

2131 1241 2197 1313 δὴ
2228 1243 2284 1296 δὲ
2315 1243 2645 1313 παρεδέξατο
2664 1244 2762 1315 τὴν
2791 1243 2975 1306 πίστιν
2994 1243 3449 1315 τδκατάλειμμα,
3474 1236 3592 1296 εἶτα
3626 1242 3707 1296 κέ-

2133 1336 2328 1407 κληται
2358 1337 2495 1407 πρὸς
2522 1336 2671 1413 αύτῷ
2702 1337 2808 1391 τῶν
2838 1336 3009 1390 ἐθνῶν
3038 1338 3071 1408 η
3106 1336 3335 1406 πληθὺς,
3378 1336 3471 1388 καὶ
3497 1336 3577 1399 είς
3613 1336 3709 1388 ἕνα

2130 1428 2261 1481 λαὸν
2276 1428 2601 1500 ἐκτίσθησαν
2625 1430 2675 1482 oi
2702 1429 2814 1492 δύο,
2846 1429 2947 1499 μία
2981 1445 3039 1480 τε
3065 1427 3247 1481 λοιπὸν
3280 1426 3339 1491 ἐξ
3372 1427 3573 1497 ἀμφοῖν
3613 1442 3703 1477 κε-

2140 1520 2485 1592 χρημάτικεν
2509 1521 2827 1591 Ἐκκλησία,
2858 1521 3137 1591 χαρίζεται
3157 1519 3289 1583 Θεὸς
3319 1520 3455 1589 αὐτῇ
3479 1518 3539 1570 τὸ
3570 1517 3707 1571 κατά
3812 1550 3817 1557 ς

2133 1613 2335 1685 μηδένα
2351 1613 2549 1685 τρόπον
2568 1616 2682 1676 τοῖς
2701 1613 2948 1684 ἀρχαίοις
2967 1612 3167 1666 ἁλῶναι
3200 1614 3411 1674 κακοῖς,
3435 1612 3571 1681 μήτε
3600 1609 3702 1679 μὴν

2131 1703 2470 1775 κληθήσεσθε
2495 1702 2655 1776 [Ι.αι]
2680 1703 3203 1775 καταλελειμμένην,
3240 1702 3274 1773 ἢ
3327 1700 3552 1773 ἔρημον,
3592 1700 3724 1754 ἀλλ’-

2130 1796 2212 1849 ὅτι
2262 1796 2463 1864 μᾶλλον
2507 1795 2703 1867 θελητὴ
2730 1797 3017 1867 γενήσεται
3046 1794 3215 1865 αὐτῷ,
3248 1794 3345 1847 καὶ
3373 1794 3577 1864 ἔρημος
3608 1792 3703 1862 μέν

444 1868 739 1923 serenitate
761 1873 1079 1942 collocatas,
1101 1889 1157 1935 et
1198 1882 1381 1939 lideles
1418 1886 1486 1940 ad
1522 1889 1841 1943 immensam
1889 1894 2025 1947 mul-

2129 1889 2333 1952 οὐκέτι,
2358 1888 2757 1959 κατοικουμένη
2779 1887 2834 1940 δὲ
2860 1887 3059 1958 μᾶλλον
3083 1886 3432 1957 κληθήσεται.
3464 1884 3704 1957 ὀρῶμεν

446 1955 730 2015 titudinem
754 1978 1092 2037 propagatos,
1124 1983 1178 2026 et
1207 1972 1373 2029 Deum
1421 1989 1644 2046 propter
1709 1982 1828 2037 illos
1882 1984 2023 2040 cele-

445 2043 614 2101 brari.
643 2047 1056 2112 Persecutiones
1077 2061 1220 2115 enim
1254 2075 1410 2120 mota:
1442 2078 1569 2123 sunt
1600 2070 1763 2137 olim,
1798 2075 1893 2127 sed
1919 2091 2022 2130 non

442 2133 534 2189 diu
568 2153 585 2193 :
640 2148 694 2191 et
724 2142 915 2200 breves
941 2160 1117 2214 erant,
1152 2162 1208 2207 et
1243 2158 1570 2214 exercebant
1613 2164 1783 2232 magis
1808 2176 2028 2221 sanctos

439 2239 604 2293 quam
632 2232 1031 2300 opprimebant.
1092 2240 1310 2299 Prohati
1363 2264 1596 2319 namque
1634 2262 1759 2307 sunt
1810 2267 2028 2324 propter

440 2315 779 2386 patientiam,
814 2334 868 2378 et
889 2338 1111 2397 pr0pter
1134 2332 1470 2391 tolerantiam
1504 2315 1775 2410 germanae
1798 2315 1847 2398 in
1868 2315 2028 2402 Chri-

442 2412 556 2458 tum
586 2408 707 2465 ﬁdei
751 2428 1011 2471 coronam
1046 2432 1345 2492 reportant,
1394 2438 1451 2482 et
1514 2408 1764 2504 martyrii
1800 2435 2025 2505 gloriam

442 2493 775 2555 uberrimam
812 2508 1111 2573 possident.

2130 1978 2188 2031 δὲ
2212 1976 2371 2031 τοῦτο
2400 1978 2487 2033 διὰ
2521 1978 2863 2049 πραγμάτων
2886 1977 3066 2031 αὐτῶν
3094 1980 3173 2042 είς
3192 1978 3364 2048 πέρας
3386 1976 3697 2045 ὲκδεῦηκός.

2144 2072 2231 2125 Ἐν
2261 2072 2412 2143 εὑδίᾳ
2444 2070 2553 2142 γὰρ
2600 2072 2695 2125 καὶ
2732 2070 2941 2143 γαλήνῃ
2970 2071 3067 2135 τὰς
3098 2069 3413 2141 ἅπανταχοῦ
3448 2069 3703 2140 κειμένας

2138 2164 2466 2235 Ἐκκλησίας
2487 2164 2727 2235 ὁρῶμεν,
2758 2165 2852 2218 καὶ
2875 2166 2955 2228 εἰς
2980 2163 3189 2235 πληθὺν
3217 2164 3303 2216 ἀεὶ
3322 2163 3421 2235 τὴν
3454 2161 3707 2215 ἐπέκεινα

2128 2255 2329 2327 μέτρου
2375 2256 2500 2319 τοὺς
2547 2256 2905 2321 πιστεύοντας
2949 2256 3379 2326 έκτεινομένους,
3425 2255 3516 2308 καὶ
3556 2252 3702 2306 εὐδο-

2126 2347 2327 2401 κοῦντα
2347 2348 2481 2401 Θεὸν
2503 2349 2589 2402 ἐπ’
2628 2348 2830 2413 αὐτοῖς.
2865 2350 3107 2419 Διωγμοὶ
3148 2348 3246 2419 μὲν
3269 2347 3378 2418 γὰρ
3400 2344 3705 2415 κεκίνηνται

2123 2440 2267 2493 κατά
2303 2440 2551 2510 καιροὺς,
2602 2440 2715 2493 ἀλλ’
2744 2442 2844 2497 οὐκ
2866 2442 2923 2493 έν
2952 2442 3129 2512 χρόνῳ
3158 2438 3392 2510 μακρῷ,-

2126 2530 2278 2601 μένοι
2306 2529 2384 2595 δὲ,
2416 2533 2511 2584 καὶ
2548 2531 2930 2603 γυμνάσαντες
2976 2530 3175 2602 μᾶλλον
3220 2531 3433 2600 ἁγίους,
3463 2527 3705 2599 η’ἀδική-

443 2608 668 2659 σαντεςο
706 2600 983 2673 εὐδόκιμοι
1018 2607 1127 2680 γάρ
1162 2613 1418 2681 γεγόνασι
1447 2616 1538 2671 διὰ
1571 2624 1887 2694 καρτερίας,
1932 2627 2029 2679 καὶ
2065 2626 2365 2699 ὑπομονῆς,
2393 2627 2483 2681 τὸν
2534 2600 2734 2699 τῆςήείς
2763 2600 2997 2700 Χριστὸν
3061 2627 3413 2699 γνησιότητος
3452 2624 3708 2695 ἀράμενοι

443 2683 725 2754 στέφανον,
754 2694 849 2747 καὶ
868 2696 964 2767 τὴν
989 2698 1086 2752 τοῦ
1119 2706 1419 2776 μαρτυρίου
1449 2709 1609 2776 δόξαν
1639 2683 2209 2790 καταπλῄουτήσαντες.

516 2780 677 2837 Vens.
721 2786 775 2843 5.
824 2786 893 2842 Et
924 2803 977 2845 ut
1020 2796 1223 2852 habitat
1268 2801 1479 2871 juvenis
1532 2822 1651 2859 cum
1699 2812 1917 2879 virgine,
1948 2780 2025 2867 sic

440 2871 753 2931 habitabant
790 2880 889 2947 ﬁlii
923 2887 1000 2938 tui
1029 2896 1199 2943 tecum
1221 2907 1239 2944 :
1266 2903 1312 2945 et
1335 2896 1432 2946 erit
1456 2900 1719 2965 quomodo
1750 2871 2026 2961 [relabitur

441 2979 664 3031 sponsus
700 2987 858 3039 super
891 2992 1084 3045 sponsa
1110 3021 1125 3045 ,
1166 2984 1244 3037 sic
1300 2987 1571 3042 (celabitur
1606 3008 1764 3060 super
1823 3004 1871 3050 te
1915 2996 2023 3051 Da:-

515 3150 781 3224 Deinceps
808 3159 875 3213 ad
914 3162 1214 3222 Ecclesiam
1259 3172 1564 3229 orationem
1616 3178 1800 3245 habet,
1838 3191 2029 3251 utpote

443 3263 512 3303 ex
551 3248 794 3309 Judaicis
846 3255 1096 3313 tribubus
1150 3264 1388 3331 primum
1436 3270 1817 3334 constitutam,
1870 3248 2027 3343 cujus

440 3340 536 3394 lilii
568 3343 790 3413 quidem
826 3346 1049 3405 fuerunt
1081 3358 1265 3411 carnis
1290 3359 1502 3413 ratione
1528 3362 1696 3415 divini
1728 3340 1977 3436 discipuli
2008 3385 2024 3423 :

441 3434 535 3486 sed
566 3443 743 3491 tamen
785 3438 839 3493 in
871 3440 957 3494 illa
992 3445 1369 3512 prastiterunt
1418 3459 1473 3505 et
1509 3451 1843 3520 praefuerunt
1871 3434 2025 3512 ﬁreli-

440 3526 587 3593 quis,
621 3536 808 3598 utpote
836 3536 1134 3603 apostolica
1171 3542 1509 3598 auctoritate
1545 3547 1778 3614 praediti.
1823 3549 2024 3607 Verum

440 3632 715 3675 summum
768 3637 1010 3680 amorem
1052 3643 1181 3700 erga
1224 3632 1370 3688 illam
1414 3644 1470 3691 et
1522 3636 1779 3695 affectum
1816 3644 2027 3701 retine—

442 3709 596 3777 bant,
630 3714 766 3769 adeo
794 3725 853 3769 ut
878 3733 940 3772 ea
971 3719 1249 3777 videretur
1267 3741 1391 3782 esse
1421 3728 1552 3783 talis
1584 3730 1638 3784 in
1673 3746 1794 3787 eam
1827 3733 2022 3802 pietas,

442 3804 621 3870 qualis
656 3806 912 3875 juvenem
954 3812 1111 3869 decet
1176 3815 1509 3874 habitantem
1543 3838 1666 3878 cum
1711 3826 1942 3896 virgine,
1975 3829 2027 3883 id

442 3905 546 3958 est,
578 3912 698 3965 qua:
728 3915 851 3953 cum
883 3916 949 3956 eo
974 3919 1003 3956 a
1030 3907 1346 3977 virginitate
1384 3913 1634 3981 copulata
1671 3927 1778 3971 est.
1831 3920 2027 3975 Dicunt

441 3996 626 4041 autem
659 4004 755 4044 eos
793 3993 861 4046 ad
890 4010 1163 4051 summum
1206 4001 1423 4069 pietatis
1459 4006 1686 4074 gradum
1720 4010 2023 4079 pervenire,

441 4078 535 4147 qui
584 4096 650 4134 eo
698 4085 914 4139 vinculo
954 4096 1160 4143 tantum
1216 4110 1320 4149 non
1353 4098 1631 4153 constricti
1672 4112 1820 4159 sunt.
1852 4102 2021 4159 Nimi-

444 4187 563 4225 rum
610 4185 666 4228 et
724 4179 1166 4246 sapientissimus
1218 4185 1455 4243 Paulus:
1525 4210 1549 4243 ι
1590 4190 1835 4249 Tristitia
1892 4198 2025 4256 mihi

442 4276 549 4329 est,
591 4286 610 4318 ι
653 4269 849 4339 inquit,
885 4292 903 4323 ι
946 4283 1000 4329 et
1034 4277 1187 4332 dolor
1234 4279 1573 4350 irremissus,
1616 4286 1667 4340 in
1708 4289 1893 4355 corde,
1926 4305 2027 4360 pro

442 4357 704 4417 fratribus
752 4365 889 4420 meis
947 4372 1196 4437 cognatis
1245 4373 1455 4431 ratione
1510 4380 1716 4446 carnis,
1765 4382 1856 4450 qui
1900 4391 2028 4441 sunt

2197 2814 2309 2871 Kal
2350 2815 2429 2881 ὠς
2472 2813 2776 2869 συνοικῶν
2822 2815 3145 2881 νεανίσκος
3178 2812 3473 2881 παρθένῳ,
3520 2808 3705 2873 οὕτως

2127 2904 2603 2971 κατοικήσουσιν
2639 2908 2694 2959 οὶ
2738 2906 2858 2959 vlo!
2897 2922 3014 2960 σου
3045 2903 3198 2975 μετὰ
3233 2902 3373 2967 σοῦ,
3417 2900 3511 2954 καὶ
3543 2899 3707 2953 ἔσται

2128 2998 2203 3051 ὃν
2245 2998 2471 3067 τρόπον
2519 2996 2999 3068 εὐφρανθήσεται
3047 2997 3308 3067 νυμφίος
3344 2994 3443 3048 ἐπὶ
3487 2992 3705 3060 νύμφη.

2127 3087 2317 3155 οὕτως
2349 3089 2824 3158 εὐφρανθήσεται
2860 3087 2960 3141 ἐπὶ
2990 3087 3090 3141 σοὶ
3121 3087 3358 3185 Κύριος.
3426 3176 3435 3183 .
3463 3171 3476 3185 '
3648 3168 3662 3185 ι

2200 3175 2332 3231 Εἶτα
2356 3178 2495 3248 πρὸς
2526 3179 2626 3248 τὴν
2642 3176 2969 3248 Ἐκκλησίαν
3001 3177 3236 3229 ποιεῖται
3265 3173 3393 3235 τοὺς
3421 3171 3607 3240 λόγους
3633 3171 3709 3230 ὡς

2126 3269 2235 3323 ἀπό
2266 3287 2329 3337 γε
2372 3269 2480 3323 τῶν
2512 3268 2821 3323 Ἰουδαϊκῶν
2864 3267 3158 3338 ταγμάτων
3205 3268 3480 3319 συστᾶσαν
3528 3264 3583 3315 ἐν
3612 3262 3712 3332 άρ-

2127 3362 2269 3431 χαῖς.
2295 3361 2513 3430 Ταύτης
2538 3361 2831 3429 γεγόνασιν
2858 3360 2965 3412 υἱοὶ
2992 3358 3133 3413 κατά
3162 3358 3341 3429 σάρκα
3364 3360 3418 3417 οἱ,
3442 3355 3727 3414 θεσπέσιοι,

2131 3450 2391 3523 μαθηταὶ,
2418 3453 2533 3505 ἀλλ’
2567 3448 2707 3523 ἦσαν
2736 3454 2796 3506 ὲν
2819 3453 2957 3524 αὐτῇ
2993 3449 3321 3523 προῦχοντες
3353 3451 3450 3521 μὲν
3475 3448 3583 3505 τῶν
3619 3446 3712 3501 άλ-

2126 3541 2257 3607 λων,
2287 3543 2379 3597 καὶ
2405 3544 2849 3615 ἡγεμονεύοντες,
2872 3544 2948 3609 ὼς
2981 3546 3039 3597 έν
3072 3543 3379 3614 ἀξιώμασιν
3410 3543 3560 3606 ὄντες
3585 3543 3713 3595 ἀποο

2129 3636 2394 3702 πολικοῖς
2416 3677 2431 3699 ,
2475 3638 2616 3708 πλὴν
2654 3637 2754 3709 τὴν
2788 3641 2867 3701 είς
2900 3637 3069 3709 άκρον
3108 3638 3245 3709 αύτῇ
3279 3636 3543 3700 σώζοντες
3578 3633 3713 3702 ἀγά-

2128 3747 2238 3801 πην
2303 3732 2398 3784 καὶ
2434 3730 2693 3795 διάθεσιν,
2746 3730 2887 3784 ὥστε
2933 3732 3030 3788 καὶ
3077 3732 3256 3787 δοκεῖν
3288 3729 3544 3798 τοιαύτην
3577 3724 3729 3787 εἶναι⁶

2126 3821 2225 3892 τὴν
2269 3824 2357 3875 ἐπ’
2404 3823 2543 3895 αὐτῇ
2580 3824 2881 3895 γενομένην
2933 3824 3341 3895 φιλοστοργίαν,
3385 3818 3474 3878 οἷά
3511 3839 3613 3892 περ
3646 3822 3715 3874 ἀν

2128 3914 2332 3989 πρέποι
2361 3915 2627 3986 νεανίσκῳ
2658 3916 2997 3992 συνῳκηκότι
3028 3916 3307 3987 παρθένῳ,
3339 3916 3585 3969 τουτέστι
3643 3917 3711 3985 τῇ

2128 4005 2194 4059 ὲκ
2226 4005 2521 4076 παρθενίας
2570 4007 2721 4078 αύτῷ
2770 4007 3124 4080 συνημμένη·
3172 4007 3307 4076 φασὶ
3338 4007 3395 4060 δὲ
3425 4008 3505 4071 είς
3556 4006 3708 4076 λῆξιν

2127 4094 2347 4168 ἁπάσης
2394 4096 2583 4152 ἐλάσαι
2624 4097 3003 4169 φιλοστοργίας
3069 4098 3194 4162 τοὺς
3249 4097 3341 4151 ἐπὶ
3386 4096 3465 4169 τῷ
3529 4097 3714 4167 τοιῷδε

2126 4189 2313 4263 δεσμῷ
2348 4191 2627 4260 μονονουχὶ
2668 4191 3158 4263 κατεσφιγμένους.
3204 4193 3314 4244 Καὶ
3346 4191 3477 4259 γοῦν
3506 4194 3535 4244 ὁ
3576 4190 3714 4244 πάν-

2129 4262 2289 4350 σοφος
2321 4282 2562 4347 Παῦλος
2594 4301 2612 4334 ι
2636 4284 2794 4355 Λύπη
2825 4262 2990 4355 μοιβ
3025 4285 3210 4355 φησὶν,
3246 4305 3263 4337 ι
3297 4284 3413 4337 ἔστι
3436 4286 3529 4339 καὶ
3552 4284 3714 4355 ὀδύνη

2128 4372 2471 4439 ἀδιάλειπτος
2498 4377 2556 4427 ὲν
2581 4377 2647 4446 τῇ
2678 4375 2873 4447 καρδίᾳ
2903 4393 3004 4447 μου
3034 4375 3176 4445 ὑπὲρ
3202 4375 3312 4428 τῶν
3335 4376 3578 4445 ἀδελφῶν
3609 4393 3713 4445 μου

443 4450 701 4508 Israelita!
733 4457 858 4515 ⁸⁸⁵.»
902 4458 1229 4533 Optavitque
1264 4473 1552 4525 anathema
1588 4472 1703 4526 lieri
1738 4488 1836 4544 pro
1866 4473 2020 4543 ipsis.

2129 4465 2237 4519 τῶν
2272 4466 2548 4539 συγγενῶν
2589 4467 2731 4521 κατά
2772 4467 2984 4540 σάρκα,
3026 4468 3223 4532 οἵτινές
3271 4470 3409 4521 εἰσιν
3448 4467 3716 4538 Ἰσραηλῖ-

449 4540 647 4597 Verum
680 4560 874 4619 magna
910 4566 1093 4607 rerum
1120 4558 1360 4623 novatio,
1387 4569 1443 4613 et.
1470 4562 1607 4616 mira
1638 4563 1885 4629 mutatio,
1924 4565 2025 4621 hac

440 4640 726 4706 prophetia
794 4643 952 4699 nobis
1003 4650 1277 4717 proposita
1341 4653 1708 4723 significatur.
1787 4656 2023 4727 Antiqua

440 4728 585 4781 enim
620 4730 902 4806 Synagoga
931 4750 986 4792 et
1016 4747 1226 4794 tantum
1264 4758 1371 4796 non
1422 4746 1715 4803 inveterata
1778 4760 2025 4822 tempore

435 4816 741 4885 juvenculzn
784 4841 1155 4897 comparatur.
1210 4850 1232 4887 ι
1289 4834 1622 4894 Habitabth
1679 4842 1849 4897 veluti
1896 4860 2020 4899 cum

441 4910 673 4981 virgine,
715 4933 733 4965 ι
772 4916 964 4987 inquit,
997 4939 1017 4972 ι
1050 4923 1143 4977 lilii
1177 4924 1272 4979 tui.
1312 4944 1330 4977 ι
1364 4927 1477 4983 Hoc
1506 4940 1611 4995 est,
1636 4933 1850 5000 opinor,
1877 4935 2021 5003 quod

441 5001 496 5055 in
551 5004 779 5063 Psalmis
854 5011 1198 5070 decantatum
1253 5030 1376 5074 est:
1445 5040 1464 5072 ι
1536 5001 1909 5079 Renovabitur
1963 5038 2023 5080 ut

442 5097 639 5165 aquilae
661 5100 921 5168 juventus
949 5113 1040 5159 tua
1067 5108 1136 5160 ".
1177 5128 1196 5161 ι
1232 5110 1560 5168 Habitarunt
1588 5130 1711 5169 cum
1740 5116 1877 5186 ipsa,
1904 5133 2021 5172 ma-

440 5191 781 5250 nuducentes
800 5211 943 5266 eam,
971 5210 1226 5271 tanquam
1259 5209 1525 5263 nutricem
1560 5211 1933 5278 consolantes,
1967 5224 2023 5269 et

441 5291 502 5335 nt
537 5294 765 5339 matrem
803 5302 984 5344 rerum
1026 5293 1456 5352 umbraticarum
1492 5310 1550 5354 et
1581 5302 1888 5373 typicarum
1929 5319 2020 5358 sa-

441 5377 655 5443 pienter
685 5380 1039 5451 adducentes,
1068 5396 1126 5439 ut
1170 5402 1267 5456 pro
1302 5388 1476 5444 inutili
1517 5395 1705 5447 umbra
1734 5395 2019 5451 veritatem

441 5468 727 5539 eligerent.
767 5474 1083 5543 Cuiusmodi
1112 5489 1195 5534 est
1228 5482 1371 5551 quod
1403 5483 1452 5538 ei
1505 5483 1643 5538 dixit
1675 5486 1839 5540 etiam
1882 5487 2022 5542 divi-

444 5576 549 5614 nus
568 5561 735 5619 David
763 5584 777 5620 :
807 5587 826 5619 ι
856 5567 962 5625 Pro
984 5574 1233 5641 patribus
1262 5575 1497 5630 tuisnati
1522 5586 1653 5632 sunt
1677 5580 1772 5633 tibi
1805 5580 2013 5634 ﬁlii’7.»

443 5648 580 5704 Nam
613 5652 665 5707 hi
691 5670 813 5710 cum
852 5658 968 5727 ejus
998 5664 1325 5719 exsisterent
1362 5666 1478 5733 ﬁlii,
1514 5670 1655 5736 quod
1688 5669 1755 5724 ad
1794 5685 2013 5725 carnem

2132 4575 2243 4612 ται.
2273 4578 2292 4612 ι
2328 4558 2537 4630 Ηῦχετο
2564 4559 2627 4617 δὲ,
2655 4561 2748 4614 καὶ
2774 4560 3022 4631 ἀνάθεμα
3050 4560 3303 4624 γενέσθαι
3341 4560 3481 4632 ὑπὲρ
3514 4559 3716 4622 αὐτῶν,

2134 4650 2274 4723 πλὴν
2302 4651 2384 4705 δτι
2415 4652 2580 4717 πολὺς
2624 4652 2733 4707 τῶν
2762 4652 3101 4724 πραγμάτων
3129 4653 3158 4705 ό
3199 4653 3486 4724 καινισμὸς
3510 4651 3597 4706 διὰ
3616 4652 3719 4721 τῆς

2132 4745 2501 4817 προκειμένης
2527 4744 3025 4816 ημῖν.προφητείας
3064 4744 3411 4814 σημαίνεται,
3446 4745 3539 4798 καὶ
3566 4743 3723 4809 ἀξιοο⁴

2134 4836 2448 4909 θαύμαστος
2469 4840 2502 4907 ή
2531 4838 2799 4909 μεταϐολή
2821 4856 2832 4868 ·
2859 4840 2891 4908 ἡ
2920 4838 3026 4910 γάρ
3049 4837 3256 4909 ἀρχαία
3280 4838 3595 4908 Συναγωγὴ,
3620 4840 3716 4891 καὶ

2123 4928 2323 4999 τρόπον
2361 4930 2483 4984 τινὰ
2517 4930 2903 5001 πεπολιωμένη
2952 4928 3059 5001 [aL
3114 4930 3544 5000 πεπαλαιωμένη
3564 4929 3604 5001 ],
3628 4929 3733 4989 διὰ,

2124 5020 2214 5074 τὸν
2238 5021 2428 5092 χρόνον
2450 5022 2651 5076 νεάνιδι
2679 5022 3090 5092 παρεικάξεται·
3126 5040 3143 5072 ι
3171 5023 3575 5091 Κατοικήσουσι
3606 5025 3719 5093 γὰρ

2123 5111 2199 5175 ὡς
2250 5113 2391 5183 μετά
2432 5114 2734 5185 παρθένου,
2776 5134 2795 5167 ι
2840 5114 3025 5184 φησιν,
3085 5132 3103 5165 ι
3140 5114 3190 5166 οί
3238 5116 3345 5168 υἱοί
3386 5132 3505 5168 σοιν
3534 5134 3551 5166 ι
3603 5117 3720 5168 Καὶ

2123 5204 2302 5269 τοῦτο,
2319 5202 2492 5276 οἶμαι,
2528 5206 2643 5259 ἐστι
2680 5205 2741 5259 τὸ
2768 5208 2824 5259 ὲν
2844 5207 3093 5279 Ψαλμοῖς
3124 5209 3461 5280 ὑμνούμενον
3480 5226 3494 5239 ·
3523 5226 3541 5258 ι
3565 5208 3723 5261 Ἀναρ-

2125 5298 2572 5371 καινισθήσεται,
2621 5300 2695 5364 ὡς
2733 5300 2893 5353 ἀετοῦ
2931 5303 2965 5373 ἡ
3011 5304 3200 5373 νεότης
3254 5320 3412 5367 σου,›
3458 5303 3722 5373 κατῳκή-

2124 5391 2254 5445 κασί
2298 5409 2362 5461 γε
2413 5392 2519 5463 μὴν
2564 5395 2621 5446 έν
2662 5394 2797 5464 αὐτῇ
2851 5393 3322 5465 χειραγωγοῦντες
3364 5395 3440 5459 ὡς
3489 5396 3717 5473 τροφὸν,

2124 5484 2568 5555 παρακαλοῦντες
2598 5484 2674 5549 ὡς
2708 5484 2941 5555 μητέρα,
2988 5487 3095 5539 τῶν
3159 5488 3219 5539 έν
3259 5491 3438 5551 σκιαῖς
3485 5490 3579 5541 καὶ
3616 5488 3718 5540 τύ-

2124 5593 2249 5640 ποις
2294 5577 2754 5648 ἀποκομίξοντες,
2801 5578 3222 5644 ἀναϐιϐάζοντές
3254 5597 3330 5639 τε,
3354 5581 3537 5649 σοφῶς
3576 5583 3721 5652 πρός

2123 5687 2187 5740 γε
2220 5669 2281 5724 τὸ
2309 5670 2421 5725 δεῖν
2448 5670 2547 5741 τῆς
2581 5672 2838 5743 ἀνονήτου
2882 5673 3041 5736 σκιᾶς
3074 5672 3398 5728 ἀνθελέσθαι
3438 5673 3538 5746 τὴν
3583 5674 3721 5747 dli,-

517 5826 582 5857 "'
611 5827 765 5886 Rom.
797 5849 869 5899 Ix,
905 5837 956 5903 ὅ,
986 5838 1037 5893 αἰ.
1116 5843 1159 5873 ⁹⁶
1182 5839 1328 5897 Psal.
1366 5859 1457 5911 uti,
1493 5845 1544 5900 5.
1621 5847 1664 5881 ’⁷
1700 5847 1839 5905 Psal.
1868 5864 2013 5918 λων,
2055 5850 2137 5905 l7.
