4054 6376
376 428 525 487 i575.

1516 419 1583 476 ΙΝ
1622 420 1858 477 lSAIAM
1893 422 2025 479 LIB.
2064 423 2131 480 ν.
2171 423 2409 481 TOMUS
2450 425 2511 481 Ἰ.

3501 432 3642 491 1⁸574

372 544 544 602 θειανο
584 537 689 610 ἔφη
717 555 773 591 τι
813 534 1062 592 τοιοῦτον.
1086 534 1191 588 καὶ.
1228 533 1258 587 ὁ
1300 533 1590 599 Θεσπέσιος
1630 535 1795 589 Δαὸὶδ
1824 537 1960 606 πρὸς

2071 536 2282 604 attinet,
2333 537 2459 592 facti
2507 546 2639 594 sunt
2668 538 2717 593 ei
2760 551 2968 610 patres,
3019 539 3342 614 initiumque
3375 558 3651 602 novorum

372 635 563 705 αὐτήν·
616 650 635 683 t
678 630 826 684 ’Δντὶ
878 629 987 683 τῶν
1044 628 1299 699 πατέρων
1350 642 1445 679 σου
1490 626 1829 697 ἐγενήθησάν
1876 644 1960 680 σοι

370 728 496 781 υίοί.
530 745 548 779 ι
583 727 645 779 Oi
692 724 802 794 γὰρ
834 723 1004 792 αὐτῆς
1049 721 1200 785 ὄντες
1249 720 1356 772 υίοὶ
1389 719 1535 773 κατά
1579 719 1758 791 σάρκα
1802 719 1962 788 γεγό-

369 835 527 877 νασιν
568 815 737 884 αὐτῆς
782 811 1047 883 πατέρες,
1085 809 1229 881 ἀρχὴ
1276 809 1385 862 τῶν
1417 809 1551 862 νέων
1592 810 1764 879 αὐτῆς
1807 808 1960 873 ὄντες

369 912 599 975 τέκνων,
631 909 741 961 τῶν
788 905 879 959 διὰ
907 905 1145 967 πίστεως
1190 901 1429 974 δηλονότι
1482 901 1835 971 κεκλημένων
1881 902 1965 964 είς

370 1004 669 1070 ἐπίγνωσιν
715 999 812 1052 τοῦ
871 998 1092 1052 πάντων
1146 994 1306 1067 ἡμῶν
1371 994 1625 1064 Σωτῆρος
1682 993 1955 1063 Χριστοῦ·

370 1095 584 1153 τούτων
609 1094 666 1147 δὲ
701 1091 875 1155 οὕτως
919 1090 1173 1161 ἐχόντων,
1214 1087 1402 1159 φησίνο
1439 1106 1458 1138 ι
1489 1085 1677 1151 Οὕτως
1719 1086 1960 1157 εὐφραν-

373 1188 599 1258 θήσεται
659 1184 865 1256 Κύριος
898 1183 992 1235 ἐπὶ
1032 1180 1135 1247 σοὶ,
1168 1180 1419 1249 καθάπερ
1452 1178 1644 1250 ἀμέλει
1683 1179 1776 1231 καὶ
1831 1195 1963 1248 νυμ-

373 1279 493 1347 φίος
520 1278 614 1331 ἐπὶ
655 1276 862 1348 νύμφῃ.
892 1295 910 1327 ι
946 1273 1219 1327 Καθίκετο
1244 1270 1353 1342 γὰρ
1377 1270 1437 1335 ἐξ
1467 1268 1715 1341 οὐρανῶν
1738 1270 1767 1321 ὁ
1803 1286 1961 1339 μονο-

372 1370 537 1441 γενὴς
576 1368 672 1422 τοῦ
701 1368 836 1421 Θεοῦ
872 1366 1074 1433 Λόγος,
1112 1364 1200 1417 ἵνα
1244 1364 1522 1433 ἔγκαρπον
1566 1362 1818 1432 ἀποφήνῃ
1860 1361 1961 1431 τὴν

386 1462 729 1533 Ἐκκλησίαν,
777 1461 843 1531 ἢν
894 1458 1057 1519 αὐτὸς
1096 1455 1275 1526 ἑαυτῷ
1330 1453 1643 1527 παρέστησε
1688 1451 1959 1523 παρθένον

373 1553 567 1624 ἁγνὴν,
603 1551 679 1624 μὴ
707 1551 936 1623 ἔχουσαν
973 1547 1162 1602 σπίλον
1190 1546 1224 1617 ἢ
1254 1544 1462 1617 ῥυτίδα,
1488 1538 1725 1613 ἀγίανρδε
1759 1541 1958 1613 μᾶλλον

374 1646 469 1699 καὶ
500 1643 751 1714 ἀμωμον.
783 1640 1063 1712 Δεξαμένη
1101 1638 1282 1692 τοίνυν
1320 1638 1451 1709 παρ’
1474 1635 1641 1690 αὑτοῦ
1677 1634 1960 1705 εὐαγγελι-

374 1737 477 1806 κῆς
519 1734 797 1799 πολιτείας
842 1733 914 1786 τά
963 1732 1290 1803 σπέρματα,
1342 1728 1721 1799 κεκυοφόρηκέ
1756 1744 1817 1780 τε
1867 1728 1960 1781 καὶ

372 1829 617 1891 τέτοκεν,
665 1828 767 1880 οὐκ
805 1826 885 1880 ἔτι
922 1825 1022 1896 τὴν
1068 1824 1133 1877 δι’
1161 1823 1407 1894 αἱμάτων
1449 1821 1545 1875 καὶ
1602 1821 1825 1874 καπνῶν
1862 1820 1956 1875 λα-

2065 628 2231 699 872
2262 627 2378 697 ejus
2414 630 2732 698 liberorum,
2783 632 2875 701 qui
2935 647 3033 702 per
3092 634 3251 689 [idem
3312 635 3524 692 scilicet
3570 642 3651 693 ad.

2064 721 2397 790 agnitionem
2455 722 2698 776 omnium
2759 732 3010 779 nostrum
3074 723 3383 782 Servatoris
3439 728 3640 785 Christi

2064 814 2240 868 vocati
2285 822 2433 868 sunt.
2477 813 2574 869 His
2608 815 2681 869 ita
2717 830 2779 871 se
2831 816 3173 881 habentibus,
3217 819 3439 888 inquit:
3477 839 3498 874 ο
3552 822 3654 879 Sie-

2062 901 2337 957 laatabitur
2373 901 2630 958 Dominus
2680 914 2903 975 propter
2952 914 3025 970 te,
3070 909 3525 975 quemadmodum
3564 913 3653 966 vi-

2062 995 2260 1050 delicet
2286 1010 2520 1066 sponsus
2554 1007 2774 1066 propter
2799 1013 3080 1067 sponsam.
3121 1018 3141 1053 ι
3180 1000 3468 1058 Descendit
3495 1006 3639 1059 enim

2063 1087 2400 1156 unigenitum
2463 1088 2556 1143 Dei
2607 1088 2881 1157 Verbum,
2935 1103 2994 1146 ut
3043 1068 3357 1149 fecundam.
3391 1096 3645 1152 redderet

2061 1176 2387 1243 Ecclesiam,
2428 1192 2589 1248 quam
2640 1179 2758 1249 ipse
2801 1180 2905 1234 sibi
2952 1181 3202 1237 exhibuit
3245 1183 3508 1252 virginem
3544 1200 3651 1253 pu-

2061 1283 2208 1335 ram,
2231 1284 2339 1324 non
2380 1271 2667 1325 habentem
2700 1272 2969 1326 maculam
3007 1284 3100 1326 aut
3150 1288 3362 1342 rugam,
3399 1274 3492 1328 sed
3520 1289 3643 1345 qua:

2060 1372 2250 1417 sancta
2292 1361 2473 1432 potius
2500 1361 2646 1417 [oret
2682 1373 2738 1417 et
2768 1364 3116 1418 immaculata
3132 1364 3221 1419 "'.
3256 1366 3516 1436 Acceptis
3543 1365 3655 1436 igi-u

2063 1463 2150 1508 tur
2167 1454 2236 1509 ab
2254 1454 2373 1523 ipso
2393 1453 2714 1526 evangelica:
2732 1455 3163 1511 conversationis
3184 1456 3497 1521 seminibus,
3515 1472 3644 1527 gra-

2060 1542 2184 1596 vida
2219 1540 2362 1597 facta
2396 1553 2503 1606 est,
2531 1553 2587 1598 et
2618 1558 2725 1598 non
2750 1542 2863 1612 jam
2901 1544 3108 1599 cultum
3143 1547 3351 1617 peperit
3385 1562 3485 1617 per
3513 1563 3643 1602 san-

2061 1633 2253 1703 guines
2301 1643 2357 1689 et
2403 1632 2603 1701 fumos,
2655 1634 2749 1689 sed
2807 1634 2955 1689 illum
3016 1636 3190 1706 magis
3254 1651 3360 1704 quo
3407 1638 3659 1692 maxime-

2062 1725 2309 1780 veritatis
2356 1726 2709 1795 pulchritudo
2755 1736 3075 1781 exornatur.
3130 1726 3267 1782 llinc
3317 1728 3552 1795 laetatur,
3590 1737 3647 1782 et

2060 1818 2281 1886 quidem
2315 1819 2530 1882 merito,
2555 1834 2681 1873 cum
2714 1820 2899 1874 videat.
2925 1819 3059 1889 legis
3090 1829 3245 1891 typos
3280 1820 3333 1874 in
3359 1821 3645 1874 veritate-tt

372 1921 580 1993 τρείαν,
625 1919 841 1990 ἐκείνην
885 1918 943 1971 δὲ
984 1917 1203 1989 μᾶλλον,
1336 1913 1401 1986 δὴ
1455 1914 1692 1986 μάλιστα
1744 1914 1805 1966 τὸ
1856 1914 1958 1984 τῆς

2071 1909 2430 1978 evangelicam
2466 1921 2725 1975 mutatos,
2758 1922 2814 1965 et
2846 1926 3104 1981 sponsam
3137 1910 3518 1980 spiritualihus
3546 1926 3640 1965 sa-

373 2011 634 2083 ἀληθείας
672 2010 1078 2081 ὲντετόρνευται
1117 2007 1331 2071 κάλλος.
1370 2005 1640 2077 Ταύτῃτοι
1687 2006 1780 2059 καὶ
1817 2004 1961 2075 μάλα

2067 2001 2291 2057 criﬂciis
2316 2012 2372 2057 et
2401 2017 2530 2057 vere
2579 2004 2789 2057 sanctis
2821 2003 3115 2058 virtutibus
3152 2003 3568 2059 enitescentem.

374 2104 599 2167 εἰκότως
646 2102 1003 2174 εὐφραίνεται
1046 2100 1505 2171 μετατιθεμένους
1542 2098 1684 2167 ὁρῶν
1730 2099 1855 2162 τοὺς
1903 2096 1994 2150 τοῦ
2037 2097 2204 2167 νόμου
2243 2096 2449 2159 τύπους
2511 2098 2593 2159 είς
2638 2095 2896 2166 ἀλήθειαν
2943 2096 3327 2168 εὐαγγελικὴν,
3358 2097 3455 2150 καὶ⁸
3487 2114 3659 2152 πνευ-

377 2197 633 2266 ματικαϊς
662 2193 894 2258 θυσίαις,
923 2195 1020 2247 καὶ
1050 2192 1442 2264 ἀγιοπρεπέσιν
1485 2191 1701 2263 ἀληθῶς
1747 2190 2173 2262 κατορθώμασιν
2199 2190 2302 2261 τὴν.
2328 2189 2551 2261 νύμφην
2581 2189 2993 2261 ὲκλάμπουσαν.

444 2328 554 2383 Καὶ
605 2327 704 2381 ἐπὶ
731 2327 853 2381 τῶν
895 2326 1139 2395 τειχέων
1182 2341 1323 2391 σου,
1362 2325 1776 2394 Ἰερουσαλὴμ,
1812 2341 1954 2379 κατ-

2126 2323 2289 2379 Vnus.
2319 2323 2371 2379 6.
2402 2324 2468 2379 Et
2500 2340 2658 2395 super
2682 2341 2859 2379 muros
2892 2335 3031 2391 tuos,
3052 2324 3376 2393 Jerusalem,
3395 2326 3647 2381 constitui

375 2418 609 2487 ἐστησα
638 2421 915 2488 φύλακας
960 2416 1118 2485 ὅλην
1165 2416 1280 2482 τὴν
1312 2416 1565 2485 ἡμέραν,
1637 2416 1737 2469 καὶ
1802 2415 1960 2485 ὅλην

2071 2418 2322 2483 :ustodes,
2355 2427 2466 2471 toto
2516 2418 2603 2472 die
2632 2429 2680 2471 et
2708 2427 2819 2472 tota
2849 2428 3022 2482 nocte,
3053 2417 3143 2488 qui
3192 2434 3461 2488 nunquam
3506 2427 3660 2472 ιαοεα

377 2513 491 2580 τὴν
535 2514 763 2576 νύκτα,
804 2512 863 2566 οἳ
908 2510 1006 2565 διὰ
1045 2509 1260 2577 τέλους
1293 2512 1365 2564 οὐ
1404 2508 1821 2572 σιωπήσονται
1860 2528 1957 2580 μι-

374 2605 785 2674 μνησκόμεναι
814 2604 1057 2673 Κυρίου.
1095 2604 1218 2656 Οὐκ
1262 2603 1393 2657 ἐστι
1424 2600 1535 2673 γὰρ
1558 2602 1703 2671 ὑμῖν
1734 2601 1953 2671 ὅμοιος.

463 2738 553 2802 Ὠς
584 2736 719 2810 πρὸς
754 2738 908 2791 πόλιν
950 2737 1258 2808 διαλέγεται
1290 2735 1572 2807 λαμπρὰν,
1602 2736 1697 2790 καὶ
1726 2753 1961 2807 συνῳκι-

386 2830 625 2901 σμένην·
657 2832 744 2884 ἀεὶ
767 2831 824 2884 δέ
855 2848 973 2894 πως
1007 2831 1109 2895 τὰς
1152 2831 1261 2884 τῶν
1298 2830 1507 2883 πόλεων
1538 2830 1963 2901 διαφανεστέρας

385 2919 625 2973 πλεῖστοί
666 2937 727 2973 τε
758 2921 872 2973 ὅσοι
922 2920 1016 2973 καὶ
1061 2918 1311 2989 νηφάλιοι
1341 2920 1661 2991 περιέπουσι
1691 2920 1929 2990 φύλακες
1948 2960 1964 2986 ,

389 3009 465 3081 μὴ
506 3010 615 3081 ἀρα
654 3026 739 3073 τις
770 3010 1047 3082 ἀδοκήτως
1082 3009 1193 3063 τῶν
1227 3008 1503 3080 πολεμίων
1549 3008 1794 3080 ὲμϐἀληο
1825 3008 1968 3063 οῦτω

2055 2510 2179 2565 bunt
2213 2511 2548 2565 recordantes
2592 2510 2826 2566 Domini.
2880 2510 3007 2565 Non
3056 2511 3197 2566 enim
3248 2521 3327 2566 est
3386 2512 3540 2566 vestri
3582 2510 3662 2565 sim

2060 2604 2226 2658 milis.

2138 2736 2450 2807 Alloquitur
2470 2736 2622 2791 velut
2648 2736 2924 2792 civitatem
2956 2737 3223 2794 illustrem
3252 2748 3307 2795 et
3330 2738 3661 2795 habitatas)-

2072 2825 2299 2895 Semper
2331 2826 2477 2882 enim
2513 2829 2765 2883 civitates
2814 2829 3147 2901 insigniores
3172 2832 3385 2901 plurimi
3418 2842 3475 2887 et
3520 2832 3659 2900 vigi-

2071 2918 2150 2974 les
2193 2919 2448 2974 custodes
2502 2926 2718 2983 curant,
2773 2934 2842 2974 ne
2878 2920 3004 2990 quis
3034 2921 3209 2976 hostis
3259 2921 3329 2977 de
3356 2921 3665 2991 improviso

2077 3011 2357 3067 adoriatur
2386 3029 2400 3065 :
2434 3012 2513 3065 sic
2545 3020 2603 3065 et
2643 3010 3026 3065 universorum
3073 3010 3337 3067 Servator
3363 3020 3419 3065 et
3474 3011 3659 3065 Domi-

387 3103 481 3156 καὶ
507 3106 534 3157 ὁ
563 3102 673 3156 τῶν
718 3103 854 3156 ὅλων
884 3102 1073 3174 Σωτὴρ
1113 3103 1207 3156 καὶ
1262 3102 1469 3174 Κύριος
1510 3104 1774 3174 ἀφράστῳ
1812 3101 1968 3155 δυνά-

2079 3117 2202 3164 nus,
2248 3098 2510 3155 ineffabili
2548 3102 2789 3171 potentia
2818 3110 2874 3156 et
2899 3100 3216 3168 angelorum
3248 3102 3512 3173 praesidiis
3537 3117 3660 3155 nm-

390 3212 479 3266 μει
537 3195 632 3249 καὶ
680 3190 804 3257 ταῖς
850 3194 960 3247 τῶν
998 3194 1242 3262 ἀγγέλων
1291 3194 1633 3264 ἐπικουρίαις
1669 3192 1967 3263 πυργώσας

383 3286 483 3358 τὴν
519 3285 852 3357 Ἐκκλησίαν
900 3285 1347 3356 κεχειροτόνηκεν
1392 3287 1529 3357 αὐτῇ
1580 3284 1829 3354 φύλακας
1880 3301 1967 3337 σο-

389 3378 525 3451 φοὺς
566 3378 659 3430 καὶ
709 3376 1115 3448 ἐγρηγορότας,
1165 3378 1258 3431 καὶ
1292 3376 1698 3431 ἀκατεύναστον
1745 3375 1967 3447 ἔχοντας

385 3468 628 3541 ὲπάὐτῇ
666 3468 763 3541 τὴν
796 3469 1077 3539 φροντίδα,
1130 3470 1256 3533 τοὺς
1295 3470 1484 3537 ἁγίους
1518 3469 1762 3540 δηλονότι
1800 3485 1969 3538 μυστ-

384 3562 664 3630 αγωγοὺς,
684 3561 734 3615 οἳ
764 3562 883 3615 κατ’
912 3561 1101 3615 οὐδένα
1117 3562 1316 3633 τρόπον
1340 3561 1711 3632 καταλήγουσι
1730 3558 1826 3613 τοῦ
1856 3559 1969 3612 δια-

389 3653 695 3733 μεμνῆσθαι
717 3654 816 3725 τῆς
841 3653 1000 3725 δόξης
1034 3653 1222 3716 αὐτοῦ,
1249 3652 1346 3707 καὶ
1374 3653 1482 3706 τῶν
1520 3653 1838 3723 θαυμασίων
1871 3650 1968 3703 αῦ-

384 3744 501 3807 τοῦ,
530 3743 672 3797 καθά
704 3745 1030 3814 γέγραπται.
1063 3741 1470 3812 Κατειθίσμεθα
1514 3741 1623 3813 γάρ
1670 3743 1728 3794 ἐν
1770 3740 1967 3811 ἐκκλη-

389 3834 533 3897 σίαις
574 3835 687 3895 τοῖς
717 3833 821 3884 ὑπὸ
848 3848 1007 3903 χειρα
1046 3831 1195 3894 λαοῖς
1223 3829 1605 3903 διακηρύττειν
1633 3831 1719 3885 ἀεὶ
1747 3830 1846 3893 τάς
1870 3830 1965 3883 τοῦ

388 3927 637 3997 Σωτῆρος
686 3924 1118 4001 μεγαλουργίας,
1148 3923 1244 3978 καὶ
1287 3922 1383 3995 τῆς
1420 3921 1758 3994 θεοπρεποῦς
1797 3923 1967 3995 ὑπερ-

385 4016 520 4093 οχῆς
557 4016 656 4087 τὴν
686 4013 1039 4087 ἐνδειξιιν,,ῖνα
1067 4013 1360 4075 κάντεῦθεν
1388 4014 1602 4085 ἀσφαλῆ
1666 4015 1760 4070 καὶ
1796 4014 1969 4085 ἀκρά-

384 4107 572 4167 δαντον
605 4104 774 4175 ἔχωσι
826 4105 954 4175 περὶΙ
1006 4104 1173 4158 αὑτοῦ
1202 4104 1303 4181 τὴν
1334 4105 1538 4163 πίστιν.
1573 4105 1643 4156 Ἦ
1680 4105 1825 4174 τάχα
1860 4121 1965 4157 που

388 4192 794 4265 μνησθήσεσθαι
837 4210 969 4264 φησι
1010 4193 1104 4247 τοῦ
1152 4195 1360 4265 Κυρίου
1390 4196 1516 4257 τοὺς
1550 4194 1796 4267 φύλακας
1843 4196 1965 4248 ἐπι-

386 4285 696 4361 φωνοῦντάς
751 4303 811 4341 τε
858 4288 952 4340 καὶ
1006 4287 1264 4357 λέγοντας
1288 4327 1303 4351 ,
1342 4288 1426 4342 ὃτι
1458 4308 1476 4340 ι
1515 4289 1629 4342 Οὐκ
1658 4287 1805 4342 ἐστιν
1837 4289 1972 4359 ὑμῖν.

385 4379 587 4448 ὅμοιος.
619 4398 638 4431 ›
680 4379 753 4433 Οὐ
796 4378 906 4451 γάρ
930 4381 1046 4434 ὲστι
1080 4380 1203 4435 καθ’
1225 4382 1396 4453 ἡμᾶς,
1435 4380 1553 4434 ἀλλ’
1581 4381 1705 4434 ὅσον
1728 4381 1965 4453 ὑπερνή-

387 4488 543 4543 χεται
584 4471 651 4525 τὰ
685 4472 1001 4542 ἀνθρώπινα
1034 4477 1113 4547 τῇ.
1130 4474 1228 4544 τῆς
1270 4473 1521 4537 εὐκλείας
1561 4476 1838 4546 ὑπεροχῇ,
1873 4475 1969 4528 καὶ
1997 4460 2044 4517 Ῐ)

386 4567 463 4645 τῇ
492 4565 589 4635 τῆς
622 4564 875 4635 θεότητος
904 4565 1051 4637 δόξῃ,
1082 4564 1306 4619 τοσοῦτο
1342 4568 1466 4636 νικᾷ
1494 4566 1589 4625 καὶ
1631 4568 1774 4622 κατά
1805 4584 1869 4635 γε
1906 4567 1968 4620 τὸ

387 4652 526 4710 εἶναι
554 4657 787 4729 χρηστὸς
838 4656 930 4711 καὶ
981 4657 1378 4729 φιλάνθρωπος.
1424 4658 1511 4721 Ὠς
1538 4658 1647 4729 γὰρ
1671 4660 1699 4711 ὁ
1732 4658 1973 4717 Ψάλλων.

390 4749 554 4820 φησίν
573 4766 587 4779 ο
614 4734 637 4801 ἢ(
669 4751 743 4803 Οὐ
780 4749 922 4803 κατά
950 4751 1050 4813 τὰς
1078 4750 1307 4820 ἀνομίας
1333 4748 1491 4820 ἡμῶν
1524 4750 1780 4820 ὲποίησεν
1809 4751 1962 4821 ἡμῖν,

388 4838 507 4896 οὐδὲ
537 4838 679 4892 κατά
723 4838 822 4901 τὰς
868 4838 1141 4915 ἁμαρτίας
1171 4838 1329 4910 ἡμῶν
1357 4840 1737 4893 ἀνταπέδωκεν
1765 4841 1916 4911 ἡμῖν.
1938 4859 1956 4892 t

389 4928 605 4981 Σέσωκε
638 4928 749 4998 γὰρ
791 4928 951 4991 ὄντας
994 4929 1386 5001 ἁμαρτωλοὺς,
1438 4929 1533 4981 καὶ
1580 4930 1976 4999 προσηγάγετο,

391 5018 787 5089 φιλανθρώπως
814 5018 915 5072 οὐκ
949 5018 1105 5082 ὄντας
1144 5017 1326 5083 ἀξίους
1360 5016 1455 5071 τοῦ
1493 5017 1782 5077 σώζεσθαι.
1820 5020 1965 5091 Ἔφη

390 5127 445 5163 τι
473 5110 712 5163 τοιοῦτον
743 5110 837 5163 καὶ
866 5109 930 5163 δι’
952 5110 1465 5189 ἐτέρουπροφήτου⁶
1497 5129 1515 5161 ι
1540 5110 1604 5162 Τί
1635 5127 1716 5163 σοι
1735 5111 1965 5182 ποιήσω,

405 5204 677 5281 Ἐφραῖμ;
732 5203 799 5256 Τί
827 5220 907 5256 σοι
937 5204 1172 5276 ποιήσω,
1208 5202 1409 5270 Ἰούδα;
1452 5203 1528 5268 ὼς
1568 5203 1851 5275 ἀδάμαντα
1891 5202 1968 5275 (1)

394 5296 631 5368 θήσομαι
677 5313 757 5361 σε,
809 5297 903 5349 καὶ
941 5295 1017 5360 ὡς
1059 5294 1275 5366 Σεὸωῗμ
1307 5296 1657 5367 μετεστράφη
1699 5298 1734 5367 ἡ
1774 5295 1971 5367 καρδία

398 5405 501 5459 μου
538 5391 597 5442 ὲν
622 5386 701 5458 τῷ
739 5388 887 5459 αὑτῷ
914 5389 1013 5459 (2),
1043 5390 1102 5442 οὑ
1140 5388 1215 5459 μὴ
1244 5390 1456 5459 ποιήσω
1494 5388 1635 5442 κατά
1674 5388 1773 5458 τὴν
1801 5387 1973 5465 ὀργὴν

395 5479 490 5534 τοῦ
518 5480 692 5551 θυμοῦ
724 5497 858 5552 μουο
891 5480 950 5533 οὺ
990 5480 1064 5551 μὴ
1104 5478 1497 5549 ὲγκαταλείπω.
1523 5478 1618 5532 τοῦ
1651 5462 1972 5551 ὲξαλειφθῆζ-

2072 3195 2185 3249 nita
2224 3193 2493 3261 Ecclesia,
2522 3193 2727 3266 delegit
2770 3195 2822 3249 ei
2852 3195 3108 3251 custodes
3138 3195 3415 3263 sapientes
3442 3204 3498 3249 et
3530 3208 3661 3264 per-

2069 3286 2284 3356 vigiles,
2315 3294 2368 3339 et
2394 3289 2513 3355 ejus
2536 3300 2728 3340 curam
2762 3285 3064 3341 insomnem
3108 3286 3385 3350 habentes,
3428 3297 3650 3341 sanctos

2075 3376 2323 3432 videlicet
2353 3386 2724 3448 mystagogos,
2748 3376 2839 3445 qni
2876 3376 3024 3431 nullo
3056 3378 3218 3433 modo
3247 3377 3510 3432 desinunt
3542 3377 3665 3448 glo-

2072 3468 2207 3522 riam
2266 3468 2385 3538 ejus
2422 3478 2477 3524 et
2517 3468 2787 3523 mirabilia
2825 3469 2943 3537 ejus
2994 3483 3453 3536 commemorare,
3492 3469 3656 3524 sicuti

2069 3560 2333 3630 scriptum
2358 3570 2465 3617 est.
2490 3559 2888 3617 Consuevimus
2928 3561 3075 3615 enim
3117 3562 3170 3615 in
3202 3560 3432 3616 ecclesia
3486 3575 3665 3631 popu-

2070 3652 2137 3708 lis
2185 3653 2418 3709 subditis
2460 3668 2679 3722 semper
2736 3652 3198 3725 magniﬁcentiam
3252 3653 3659 3709 Servatoris‘et

2068 3746 2266 3801 divinze
2316 3746 2645 3815 praestantia:
2685 3745 3011 3801 documenta
3064 3746 3387 3814 praedicare,
3424 3754 3485 3799 ut
3528 3745 3652 3799 inde

2070 3836 2350 3892 immotam
2384 3848 2439 3893 et
2489 3838 2869 3893 inconcussam
2905 3838 2973 3893 de
2998 3852 3066 3893 eo
3104 3837 3263 3891 ﬁdem
3313 3837 3650 3905 concipiant.

2069 3926 2168 3983 Vel
2202 3928 2587 3985 recordaturos
2631 3928 2765 3983 dicit
2809 3929 3064 3985 custodes
3094 3927 3307 3983 Domini
3354 3925 3664 3981 clamantes

2069 4035 2134 4075 ac
2174 4018 2460 4075 dicentes:
2517 4039 2536 4072 ι
2576 4019 2694 4075 Non
2746 4029 2832 4075 est
2877 4019 3041 4075 vestri
3091 4018 3310 4073 similis.
3350 4035 3370 4068 ι
3411 4015 3527 4071 Non
3560 4028 3645 4072 est

2070 4112 2213 4167 enim
2254 4112 2412 4167 nobis
2437 4111 2651 4176 similis,
2688 4113 2785 4167 sed
2822 4123 3083 4181 quantum
3120 4111 3412 4165 humanam
3446 4119 3664 4166 sortem

2068 4214 2123 4259 et
2162 4204 2462 4259 nobilitatis
2503 4204 2816 4274 praestantia
2859 4214 2914 4259 et
2957 4203 3259 4258 divinitatis
3327 4203 3499 4274 gloria
3562 4219 3654 4258 su-

2070 4304 2245 4366 perat,
2294 4304 2505 4350 tantum
2563 4295 2806 4351 bonitate
2864 4295 3031 4351 vincit
3075 4306 3133 4351 et
3165 4296 3522 4353 humanitate.
3587 4296 3656 4353 Ut

2069 4387 2243 4456 enim!
2277 4387 2485 4443 Psaltes
2547 4386 2622 4443 ait
2669 4400 2686 4441 :
2757 4406 2778 4440 ς
2838 4386 2957 4443 Non
3000 4387 3296 4443 secundum
3337 4388 3655 4459 iniquitates

2076 4488 2294 4533 nostras
2323 4476 2453 4534 fecit
2479 4479 2661 4547 nobis,
2689 4494 2866 4550 neque
2888 4478 3191 4535 secundum
3217 4489 3440 4552 peccata
3466 4491 3651 4536 nostra

2076 4572 2331 4627 retribuit
2371 4572 2529 4627 nobis
2564 4573 2633 4626 ”.
2688 4591 2708 4625 ι
2757 4572 3011 4630 Servavit
3059 4575 3207 4629 enim
3241 4590 3366 4629 cum
3412 4589 3655 4628 essemus

2074 4673 2418 4731 peccatores,
2453 4662 2618 4734 873
2663 4673 2721 4719 et
2774 4664 3088 4720 humaniter
3127 4680 3191 4719 ac
3228 4664 3527 4719 clementer
3573 4664 3656 4716 in-

2076 4752 2273 4822 dignos
2319 4753 2493 4808 salute
2537 4754 2778 4810 admisit.
2822 4754 3014 4810 Simile
3046 4765 3132 4811 est
3175 4755 3320 4825 quod
3371 4754 3531 4808 dixit“
3560 4768 3667 4822 per.

2073 4844 2238 4900 alium
2262 4848 2611 4915 prophetam:
2635 4865 2654 4897 ι
2680 4845 2818 4914 Quid
2835 4848 2929 4903 tibi
2955 4848 3172 4912 faciam,
3199 4846 3489 4916 Ephraim?
3513 4844 3654 4913 Quid

2074 4938 2169 4993 tibi
2211 4939 2403 4995 faciam
2427 4980 2443 5005 ,
2481 4939 2663 4995 Juda?
2709 4940 2866 4996 Sicut
2886 4942 3076 4997 adama
3108 4957 3305 5011 ponam
3336 4949 3409 5007 te,
3439 4949 3493 4994 et
3513 4942 3658 4995 sicut

2074 5029 2291 5085 Seboim
2316 5045 2633 5085 conversum
2658 5039 2738 5086 est
2760 5046 2858 5086 cor
2880 5046 3057 5086 meum
3091 5031 3145 5085 in
3164 5031 3302 5101 ipso,
3332 5044 3437 5084 non
3463 5030 3653 5084 faciam

2076 5136 2179 5190 pro
2208 5123 2287 5176 ira
2322 5122 2523 5178 furoris
2579 5124 2707 5178 ntei.
2739 5122 2856 5178 Non
2916 5124 3214 5194 relinquam
3278 5133 3339 5179 ut
3412 5122 3661 5177 deleatur

2074 5212 2358 5283 Ephraim.
2387 5214 2655 5283 Quoniam
2707 5215 2853 5271 Deus
2892 5229 2994 5283 ego
3032 5231 3175 5279 sum,
3224 5227 3278 5270 et
3322 5229 3428 5269 non
3468 5213 3655 5272 homo,

2074 5303 2129 5359 in
2169 5311 2219 5359 te
2262 5314 2485 5360 sanctus
2505 5307 2574 5363 ”.
2615 5325 2635 5360 ›
2680 5306 2818 5374 Quia
2882 5306 3051 5373 enim,
3112 5306 3308 5375 inquit,
3370 5319 3476 5359 non
3534 5319 3663 5358 sunt

2076 5394 2259 5459 homo,
2319 5398 2416 5453 sed
2473 5398 2651 5467 potius
2687 5409 2907 5453 sanctus
2943 5399 2997 5453 in
3047 5408 3099 5453 te
3150 5397 3314 5464 Deus,
3368 5405 3656 5468 propterea

2078 5499 2185 5541 non
2228 5486 2531 5559 relinquam
2573 5499 2632 5545 ut
2679 5489 2921 5546 deleatur
2960 5489 3242 5562 Ephraim.

469 5666 535 5696 ιτ·
562 5665 758 5737 Ephes.
790 5683 851 5733 ν,
875 5668 970 5723 27.
1047 5668 1093 5701 ’⁸
1122 5667 1263 5723 Psal.
1292 5685 1387 5734 cu,
1422 5669 1507 5723 10.
1584 5671 1628 5701 ’³
1660 5668 1789 5727 Ose.
1819 5686 1895 5736 xl,
1922 5670 1987 5739 8,,
2006 5670 2059 5728 9.

472 5819 834 5907 (1-)‘9XXL-ri
878 5840 937 5907 σε
977 5823 1270 5907 διαθςιμαι,
1314 5826 1582 5907 ᾚφλραΐμ
1639 5828 1962 5901 ὑπερασπιῶ

402 5905 521 5957 σου,
564 5892 807 5964 Ίσραήλ;
843 5895 976 5969 eius
1006 5892 1171 5951 διαθῶ
1193 5895 1310 5965 ,ὡς
1331 5892 1532 5967 ἁδάμαζ

2144 5830 2221 5904 (2)
2253 5829 2402 5889 LXX
2419 5832 2644 5901 addunt,
2676 5832 3050 5906 συνεταράχθη
3088 5834 3120 5905 ἡ
3154 5828 3492 5905 μεταμέλειά
3518 5844 3646 5904 μοι).
