4022 6400
409 382 548 439 5575

1398 383 1456 437 S.
1498 379 1775 437 CYRILLI
1814 376 2285 435 ALEXANDRINI
2324 372 2645 431 ARCHIEP.

3546 369 3700 423 137

395 521 487 560 ναι
516 505 608 559 τὸν
644 501 904 573 Ἐφρατμ,
945 500 1078 554 διότι
1115 499 1275 563 Θεός]
1310 500 1423 570 εἰμι
1482 501 1615 568 ἐγὼ,
1680 499 1775 553 καὶ
1819 500 1919 553 οὐκ
1961 498 2283 568 ἄνθρωπος,
2330 495 2388 547 ἐν
2420 494 2505 545 σοὶ
2575 492 2746 559 ἅγιος.
2776 508 2793 541 ι
2835 490 3054 561 Ἐπειδὴ
3090 488 3197 562 γὰρ
3238 489 3339 543 οὐκ
3374 487 3753 560 ἀνθριυπός

397 603 534 670 ειμι,
580 596 763 666 φησιν,
804 594 957 661 άγιος
984 593 1039 645 δὲ
1073 592 1270 663 μᾶλλον
1304 595 1361 645 ἐν
1384 593 1465 645 σοὶ
1487 592 1652 656 Θεὸς,
1697 591 1786 646 διὰ
1840 591 1998 645 τοῦτο
2036 593 2098 645 οὐ
2129 591 2202 662 μὴ
2234 586 2611 658 ἐγκαταλεξπω
2634 583 2728 635 τοῦ
2790 580 3166 651 ἐξαλειφθῆναι
3188 582 3276 635 τὸν
3310 581 3619 655 Ἐφραῖμη

474 687 634 741 Vsus.
677 685 798 738 7-9.
840 682 899 737 Si
945 684 1255 746 correxeris,
1305 692 1352 735 et
1393 681 1600 751 feceris,
1651 681 1970 750 Jerusalem,
2006 692 2050 745 Α

400 773 607 826 laudem
633 787 790 838 super
812 781 1029 824 terram.
1065 770 1281 825 Iurat-it
1324 770 1576 825 Dominus
1612 789 1702 839 per
1726 772 1970 842 gloriam,

401 882 572 927 suam,
605 873 655 916 et
691 880 782 931 per
812 863 1173 932 fortitudinem
1206 865 1404 917 brachii
1434 866 1539 928 sui,
1560 863 1621 918 Si
1651 865 1791 919 ultra
1820 866 1977 918 dede-

403 976 460 1010 ro
497 958 731 1009 triticum
758 967 927 1018 tuum,
970 966 1018 1009 et
1060 957 1202 1009 cibos
1251 966 1369 1011 tuos
1416 956 1645 1010 inimicis
1685 957 1808 1023 luis,
1844 967 1890 1009 et
1930 958 1976 1010 si

402 1051 547 1103 ultra
581 1048 802 1101 biberint
835 1049 935 1117 ﬁlii
985 1048 1142 1101 alieni
1180 1049 1355 1101 viuum
1400 1060 1569 1111 tuum,
1604 1049 1659 1101 in
1694 1065 1796 1119 quo
1826 1048 1976 1102 labo-

407 1143 562 1201 rasti.
597 1141 684 1195 sed
716 1142 805 1211 qui
839 1140 1112 1207 colligunt,
1139 1139 1288 1193 edent
1324 1140 1441 1204 illa,
1466 1152 1511 1195 et
1539 1142 1833 1195 laudabunt
1867 1140 1978 1194 Do-

405 1232 627 1296 minum,
666 1242 716 1285 et
761 1230 1057 1300 colligentes
1107 1230 1278 1283 bibent
1346 1231 1438 1283 illa
1490 1231 1542 1284 in
1591 1232 1744 1285 atriis
1784 1230 1977 1285 sanctis

404 1340 555 1379 mets.

488 1501 640 1557 Velut
684 1518 750 1557 ex
815 1501 1170 1557 similitudine
1217 1516 1401 1555 rerum
1446 1501 1561 1556 sive
1611 1500 1980 1556 calamitatum

408 1610 527 1662 qua:
554 1608 695 1661 saepe
722 1594 937 1648 inﬂicta:
967 1601 1093 1647 sunt
1129 1592 1406 1657 lsraelitis,
1432 1594 1579 1649 utilis
1596 1595 1858 1649 simarum
1893 1610 1985 1649 no-

410 1688 494 1741 bis
536 1686 1034 1741 eonsiderationum
1076 1686 1315 1740 contexit
1359 1690 1746 1740 narrationem.
1782 1686 1985 1741 Pecca-

411 1780 590 1833 vimus
634 1779 779 1832 euim
835 1777 1208 1842 multifariam,
1270 1779 1642 1847 relinquentes
1692 1788 1886 1833 natura
1931 1788 1986 1834 et

412 1886 538 1926 vere
598 1870 802 1933 Deum,
866 1871 1313 1938 adluerentesque
1388 1869 1654 1923 idolorum
1729 1871 1984 1927 cultibus.

413 1963 590 2030 Opera
616 1976 853 2032 namque
899 1977 1155 2015 manuum
1200 1976 1420 2015 suarum
1459 1961 1779 2028 adorarunt,
1809 1972 1864 2016 et
1898 1981 1983 2020 re-

2159 681 2293 734 Ἐὰν
2321 678 2641 747 ὄιορθὼσῃ.
2669 674 2770 727 καὶ
2800 673 3492 742 ποίησῃ,”1εροκσαλῖυι,
3540 690 3751 742 rav—

2073 774 2259 841 ρίαμα
2288 770 2386 824 ἐπὶ
2425 768 2536 837 τῆς
2575 766 2708 837 γῆς,
2740 764 2937 835 ὤμοσε
2972 766 3188 831 Κύριος
3225 764 3375 817 κατὰ
3419 762 3553 831 τῆς
3610 762 3751 815 δό-

2084 867 2119 933 ε
2128 886 2198 934 ης
2225 864 2433 927 αὐτοῦ,
2476 861 2573 914 καὶ
2614 860 2764 914 κατὰ
2798 856 2907 925 τῆς
2942 858 3155 926 ἰσχύος
3198 856 3304 910 τοῦ
3330 856 3743 923 ,ϐραχίονος

2082 958 2290 1021 αὐτοῦ,
2318 959 2386 1010 El
2428 955 2511 1008 ἔτι
2541 952 2714 1006 δώσω
2746 951 2853 1004 τὸν
2884 950 3059 1003 σῖτόν
3091 964 3229 1015 σου,
3274 950 3370 1002 καὶ
3398 948 3475 1001 τὰ
3506 946 3738 1013 βρώ-

2078 1050 2239 1121 ματά
2267 1066 2382 1103 σου
2429 1047 2555 1113 τοῖς
2590 1044 2824 1114 ἐχθροῖς
2865 1059 3003 1107 σου,
3046 1042 3147 1096 καί
3181 1044 3235 1096 εί
3274 1042 3361 1095 ἔτι
3412 1041 3737 1093 eximar.

2085 1143 2387 1208 ἀλλότριοι
2422 1139 2528 1192 τὸν
2555 1134 2723 1190 οἶνόν
2749 1152 2887 1197 σου,
2926 1135 3019 1203 ἐφ’
3044 1127 3092 1199 ᾧ
3128 1133 3496 1202 ἐμόχθησας,
3536 1128 3733 1183 ἀλλ’

2086 1231 2125 1299 ἢ
2171 1234 2224 1284 οἱ
2261 1227 2637 1297 συνάγοντες
2668 1225 2955 1295 φάγονται
2988 1223 3159 1283 αὐτὰ.
3205 1224 3302 1276 καί
3344 1221 3729 1275 αὶνέσουσι

2086 1324 2325 1390 Κύριον,
2364 1319 2462 1373 καὶ
2487 1321 2540 1372 οὶ
2573 1316 2947 1386 συνάγοντες
2985 1315 3231 1368 πίων-ται
3259 1312 3409 1368 αὐτὰ
3438 1313 3512 1366 ἐν
3550 1309 3733 1375 ταῖς

2087 1416 2382 1468 ἐπαύλεσι
2420 1411 2547 1477 ταῖς
2584 1411 2780 1480 ἁγίαις
2817 1426 2959 1478 μου.

2170 1510 2258 1572 Ὠς
2304 1507 2363 1572 ἐξ
2410 1506 2731 1577 ὁμοιότητος
2790 1503 3158 1575 πραγμάτων,
3205 1502 3324 1572 ῆτοι
3371 1496 3732 1569 angipopr

2090 1598 2536 1670 ἐπενηνεγμένων
2584 1595 2901 1656 πλειστάκις
2944 1596 3055 1653 τοῖς
3100 1592 3157 1657 ἐξ
3193 1589 3408 1661 Ἰσραὴλ
3457 1592 3727 1655 ἐπωφε-

2090 1694 2362 1747 λεστάτων
2419 1693 2550 1763 ἡμῖν
2611 1689 2988 1760 θεωρημάτων
3051 1687 3325 1756 ἐξυφαίνει
3388 1685 3717 1753 διήγησιν.

2103 1786 2446 1856 Ἠμάρτανον
2491 1784 2588 1854 μέν
2618 1782 2727 1853 γὰρ
2757 1781 3127 1852 πολυτρόπως,
3160 1779 3291 1832 Θεὸν
3319 1777 3563 1846 ἀφέντες
3600 1774 3719 1827 τὸν

2093 1875 2253 1944 φύσει
2293 1877 2386 1928 καὶ
2428 1873 2662 1945 ἀληθῶς,
2700 1874 2794 1926 καὶ
2839 1875 2958 1935 ταῖς
2988 1871 3096 1923 τῶν
3127 1868 3357 1922 είδώλων
3391 1864 3717 1936 λατρείαις

2095 1969 2509 2040 προσκείμενον
2560 1965 2971 2038 προσεκύνησαν
3007 1963 3114 2033 γὰρ
3161 1964 3271 2024 τοῖς
3326 1960 3513 2031 ἔργοις
3574 1956 3711 2009 τῶν

415 2056 763 2111 calcitrantcs
792 2054 945 2122 quasi
977 2062 1167 2107 contra
1201 2052 1426 2123 legalem
1456 2053 1646 2116 vitam,
1673 2054 1739 2107 ad
1773 2054 1823 2106 id
1846 2055 1985 2122 quod

2108 2059 2289 2130 (ειρῶν
2314 2057 2515 2119 αὐτῶν,
2542 2055 3008 2116 ἀπολακτίσαντες
3033 2052 3090 2106 δέ
3117 2052 3303 2121 ὥσπερ
3333 2049 3427 2102 καὶ
3458 2048 3569 2117 τῆς
3606 2048 3712 2098 ὲν-

418 2147 521 2201 sibi
572 2147 746 2200 visum
778 2154 861 2200 est
902 2144 1269 2212 rapiebantur.
1309 2142 1420 2198 Hac
1449 2144 1515 2198 de
1551 2159 1711 2198 causa
1746 2146 1988 2215 percussi

417 2248 542 2295 sunt
587 2254 615 2292 a
666 2238 771 2292 Deo
807 2236 1114 2300 sterilitate,
1176 2251 1559 2305 nonnunquam
1595 2236 1816 2291 interitu
1871 2254 1993 2293 cor-

417 2347 629 2400 porum.
661 2329 1379 2397 hostiumimpressiouibus,
1417 2329 1530 2397 qui,
1567 2344 1780 2384 omnem
1806 2345 1991 2384 eorum

417 2422 692 2491 regionem
732 2422 1103 2483 devastantes,
1136 2420 1188 2473 in
1235 2419 1380 2487 agris
1420 2420 1585 2473 etiam
1628 2420 1836 2489 pmdas
1867 2436 1993 2491 ege-

419 2523 565 2567 runt.
611 2513 822 2567 Dictum
875 2514 1021 2566 enim
1088 2521 1173 2565 est
1205 2511 1357 2565 illis:
1406 2530 1424 2561 ι
1474 2511 1552 2565 Tu
1594 2526 1765 2575 seres,
1805 2522 1861 2566 at
1891 2528 1994 2565 nou

420 2614 631 2670 metes;
668 2614 722 2657 tu
774 2619 990 2673 premes
1023 2603 1220 2667 olivas,
1261 2616 1316 2656 et
1354 2618 1460 2655 non
1503 2604 1722 2671 ungeris
1758 2602 1910 2666 oleo,
1942 2614 1998 2658 et

418 2700 603 2753 vinum
636 2713 742 2752 non
780 2697 933 2751 bibes
963 2698 1002 2748 ⁸.
1039 2714 1058 2747 ι
1083 2727 1155 2737 -
1191 2714 1210 2747 ι
1247 2696 1304 2750 Si
1364 2696 1566 2764 itaque,
1605 2696 1799 2765 inquit,
1852 2710 1884 2747 ο
1910 2695 1998 2749 .Ie-

420 2788 675 2853 rusalem,
724 2786 1051 2853 correxeris,
1105 2805 1122 2837 ι
1160 2786 1210 2839 id
1245 2794 1350 2850 est,
1384 2786 1427 2839 si
1462 2786 1809 2840 transtuleris
1844 2794 1894 2838 te
1933 2785 1997 2837 ad

421 2882 625 2935 cultum
660 2880 1018 2949 spiritualem,
1049 2879 1092 2933 si
1129 2877 1383 2949 ell'ugeris
1420 2878 1641 2947 ﬁguras,
1676 2889 1729 2933 et
1768 2891 1999 2946 agnove-

425 2972 500 3025 ris
532 2971 600 3025 de
628 2985 713 3025 me
757 2970 1042 3038 scripsisse
1090 2969 1328 3039 Moysen,
1364 2968 1409 3024 si
1462 2970 1738 3037 acceperis
1770 2970 1998 3039 gratiam

424 3076 525 3129 per
549 3059 729 3124 ﬁdem;
776 3076 795 3108 ι
836 3070 893 3112 et
924 3056 1121 3112 feceris
1152 3056 1362 3110 laudem
1401 3056 1494 3111 tibi
1524 3072 1686 3125 super
1716 3067 1940 3121 terram,
1977 3077 1995 3110 ι

426 3152 479 3206 id
502 3160 608 3214 est,
629 3150 887 3205 illustrem
913 3149 1162 3220 gloriam,
1182 3150 1238 3204 in
1267 3148 1486 3205 Christo
1513 3150 1789 3217 videlicet;
1817 3168 1836 3201 ι
1854 3151 2003 3219 jura-

425 3241 505 3295 vit
538 3240 798 3295 Dominus
836 3253 932 3309 per
969 3238 1194 3308 gloriam
1236 3254 1413 3303 suam,
1460 3257 1478 3290 ι
1521 3254 1619 3294 uec
1651 3240 1795 3293 enim
1829 3249 2005 3309 potest

428 3348 526 3402 per
552 3332 716 3386 alium
743 3346 1068 3402 quemquam
1098 3334 1353 3397 majorem
1378 3329 1587 3398 jurare,
1625 3349 1643 3382 ι
1681 3342 1735 3386 et
1763 3346 1857 3399 per
1877 3332 2002 3384 bra-

429 3423 612 3477 citium
659 3439 839 3489 suum,
896 3440 915 3473 ι
954 3426 1099 3492 quod
1150 3422 1282 3476 nihil
1330 3438 1519 3477 eorum
1568 3438 1689 3491 qua:
1736 3424 1831 3476 tibi
1879 3423 2005 3476 olim
2034 3414 2075 3470 C

431 3525 652 3585 propter
675 3516 897 3568 multam
915 3512 1334 3567 iuobedienliam
1360 3515 1723 3582 contigerunt,
1746 3514 1887 3567 ultra
1906 3514 2003 3567 ob-

431 3612 637 3666 veniet.
671 3609 789 3664 Non
818 3610 963 3665 enim
1013 3608 1269 3663 tolerabis
1300 3610 1442 3663 hunc
1474 3605 1881 3678 agricolationis
1911 3621 2006 3659 su-

434 3711 619 3762 dorem
671 3706 789 3760 siue
827 3704 1049 3775 praemio
1079 3702 1247 3775 874
1293 3703 1587 3774 (intelliges
1627 3710 1809 3754 autem
1847 3700 2009 3769 Spiri-

436 3799 703 3865 tualiter),
746 3799 842 3853 sed
873 3808 931 3850 ut
961 3797 1175 3849 divinus
1201 3794 1366 3849 David
1398 3796 1513 3850 ait:
1551 3812 1571 3846 ι
1600 3794 1831 3849 Fructus
1863 3793 2011 3848 labo-

436 3907 554 3947 rum
583 3899 799 3945 tuorum
828 3888 1082 3943 comedes
1099 3889 1172 3949 ’.ι
1203 3895 1257 3942 et
1286 3897 1338 3940 ut
1368 3886 1564 3941 Paulus
1596 3887 1801 3955 inquit:
1835 3903 1853 3935 ι
1882 3885 2011 3951 Quae

436 3983 790 4038 seminaverit
834 3980 1017 4044 homo,
1071 3982 1185 4036 btec
1226 3991 1279 4034 et
1327 3989 1512 4033 metet.
1550 3979 1614 4033 Et
1659 3978 1749 4048 qui
1793 3978 1924 4032 serit.
1958 3979 2008 4030 iu

436 4074 656 4143 spiritu,
692 4072 757 4127 de
797 4072 989 4142 spiritu
1027 4079 1197 4127 metet
1234 4072 1397 4124 vitam
1434 4081 1687 4125 mternam
1716 4071 1757 4124 ³.
1795 4090 1813 4121 ι
1851 4070 2004 4137 Quod

437 4164 599 4233 igitur
649 4162 752 4217 sibi
808 4162 1081 4219 cumulate
1136 4163 1468 4234 spiritualem
1524 4162 1852 4216 fertilitatem
1918 4178 2011 4216 co-

439 4256 736 4319 acervabit,
765 4256 915 4311 hisce
943 4257 1122 4311 verbis
1155 4256 1477 4311 subiudieat.
1511 4276 1529 4308 ι
1574 4257 1676 4323 Qui
1739 4273 1868 4310 vero
1912 4258 2015 4311 hoc

437 4345 713 4399 consecuti
752 4353 881 4399 sunt
911 4345 1161 4414 gloriose,
1196 4347 1389 4413 inquit,
1419 4347 1785 4411 {celebrabant
1831 4346 2015 4401 Domi-

441 4452 591 4499 num,
624 4447 676 4491 et
705 4435 798 4505 qui
829 4436 1110 4507 colligunt,
1141 4437 1330 4492 bibent
1352 4452 1418 4491 ea
1455 4439 1509 4491 in
1547 4437 1702 4492 atriis
1731 4438 1955 4493 sanctis.
1988 4457 2007 4489 ι

441 4527 844 4582 Deliciabuntur
864 4528 1007 4583 enim
1042 4530 1094 4584 in
1126 4545 1379 4598 supremo
1402 4529 1735 4593 liabitaculo,
1758 4530 1851 4599 qui
1881 4545 2017 4600 prae-

441 4621 633 4674 stantis
689 4622 810 4674 vitai
842 4621 1231 4690 decerpserunt
1271 4633 1615 4694 ornamenta,
1646 4634 1811 4681 recta:
1844 4636 1901 4680 et
1934 4625 2019 4679 iu.-

444 4711 673 4781 culpata!
708 4712 829 4767 lidei
862 4713 1069 4769 fructus
1095 4722 1507 4785 congregantes.

523 4989 689 5045 Vsus.
732 4990 821 5044 i0.
862 4988 943 5044 Ite
972 5008 1062 5054 per
1089 5003 1270 5061 portas
1290 5011 1459 5060 meas,
1499 5005 1545 5047 et
1582 4996 1715 5048 viam
1758 4995 1917 5062 facile
1937 5014 2026 5066 po—

448 5081 573 5153 pulo
601 5099 733 5147 meo,
760 5092 807 5136 et
846 5083 1044 5151 lapides
1090 5086 1152 5137 de
1187 5086 1271 5138 via
1299 5085 1559 5155 projicite.
1602 5086 1772 5140 tollite
1816 5089 2023 5156 signum

451 5174 519 5227 ad
560 5186 755 5243 gentes.
808 5174 941 5228 Ecce
984 5178 1121 5229 enim
1178 5175 1434 5230 Dominus
1482 5178 1600 5245 fecit
1668 5188 1722 5230 ut
1773 5178 2028 5232 audiatur

452 5283 615 5336 usque
638 5269 705 5320 ad
731 5277 1021 5321 extremum
1056 5279 1229 5323 terrm.

527 5444 802 5515 lpsosjam
827 5448 1079 5502 custodes
1114 5464 1207 5503 seu
1238 5449 1493 5505 doctores
1523 5450 1834 5519 compellat.
1867 5449 2029 5505 Jubet

456 5536 599 5589 enim
628 5537 872 5603 pateﬁeri
905 5550 1108 5594 sauctm
1134 5541 1372 5595 civitatis
1411 5541 1613 5606 aditus,
1650 5550 1705 5597 et.
1749 5556 2028 5596 accessum

458 5626 676 5698 planum
700 5638 756 5683 et
788 5632 1101 5699 expeditqu
1131 5633 1331 5698 facere,
1372 5634 1601 5689 remoris
1648 5644 1704 5689 et
1722 5634 2032 5691 oﬂensioni-

532 5811 551 5845 ¹
580 5812 739 5870 Mich.
774 5830 847 5880 v1,
890 5815 971 5870 15.
1055 5817 1071 5846 ²
1105 5814 1245 5872 Psa..
1275 5833 1476 5886 cxxvn,
1516 5817 1571 5874 2.

1649 5819 1667 5851 ³
1703 5818 1876 5873 Galul.
1916 5834 1986 5887 Vl,
2023 5820 2075 5873 8.

2089 2153 2257 2222 νόμου
2296 2148 2441 2219 ζωῆς
2470 2148 2603 2219 πρὸς
2632 2147 2695 2199 τὸ
2720 2147 2903 2208 αὐτοῖς
2928 2141 3121 2197 δοκοῦν
3148 2138 3510 2211 ἀπεφέροντο.
3539 2134 3716 2189 Ταύ-

2090 2262 2190 2315 της
2229 2244 2389 2296 ἕνεκα
2432 2242 2529 2311 τῆς
2578 2240 2758 2303 αἰτίας
2808 2238 3135 2308 ἐπλήττοντο
3178 2234 3327 2305 παρὰ
3365 2230 3502 2285 Θεοῦ
3542 2231 3721 2299 ἀφο-

2095 2336 2239 2408 ρίαις
2284 2334 2394 2386 ἔσθ’
2421 2335 2531 2395 ὅτε,
2580 2331 2847 2400 σωμάτων
2896 2328 3253 2398 καταφοραῖς,
3289 2322 3545 2392 πολέμων
3587 2322 3713 2388 ὲμ-

2095 2426 2308 2490 ϐολαῖς,
2350 2424 2400 2477 οἳ
2453 2425 2631 2475 πᾶσαν
2664 2420 2843 2475 αὐτῶν
2890 2417 3287 2488 καταδῃοῦντες
3345 2412 3442 2483 τὴν
3492 2409 3712 2480 χώραν

2096 2520 2369 2591 ἐληΐζοντο
2400 2519 2492 2572 καὶ
2514 2516 2579 2570 τὰ
2603 2519 2661 2569 ἐν
2691 2516 2901 2585 ἀγροῖς.
2922 2512 3151 2584 Εἴρηται
3172 2510 3279 2579 γὰρ
3305 2507 3438 2577 πρὸς
3460 2502 3709 2566 αὐτούς’

2103 2634 2120 2664 ι
2151 2614 2220 2665 Σὺ
2253 2612 2493 2681 σπερεῖς,
2529 2608 2625 2662 καὶ¹
2655 2608 2715 2660 οὐ
2746 2606 2820 2678 μὴ
2850 2607 3099 2677 ἁμήσῃς,
3131 2604 3195 2657 σὺ
3234 2602 3441 2663 πιέσεις
3473 2595 3706 2659 ἐλαίας,

2098 2705 2190 2758 καὶ
2226 2703 2286 2755 οὗ
2329 2702 2402 2773 μὴ
2436 2700 2633 2771 ἀλείφῃ
2669 2698 2864 2764 ἔλαιον,
2897 2698 2990 2750 καὶ
3027 2693 3169 2749 οἶνον
3216 2694 3277 2746 οὐ
3321 2691 3396 2762 μὴ
3442 2688 3642 2754 πίητε.
3677 2705 3699 2737 ι

2100 2826 2171 2837 -
2198 2816 2216 2846 ι
2250 2797 2347 2848 Ἂν
2384 2793 2562 2846 τοίνυν
2593 2790 2881 2862 διορθώσῃ,
2932 2789 3117 2860 φησιν,
3159 2780 3204 2839 ὦ
3237 2779 3601 2853 Ἰερουσαλὴμ.
3624 2816 3642 2841 ,
3676 2796 3698 2826 ι

2099 2889 2399 2951 τουτέστιν,
2441 2886 2535 2939 ἐὰν
2574 2883 2885 2955 μεταϐάλῃς
2914 2885 2992 2945 εἰς
3028 2879 3285 2952 λατρείαν
3316 2877 3413 2946 τὴν
3440 2890 3711 2942 πνευμα-

2101 2983 2281 3050 τικὴν,
2321 2981 2388 3033 ἂν
2432 2977 2757 3049 ἀποδράμῃς
2786 2974 2893 3029 τῶν
2937 2973 3143 3036 τύπων,
3185 2971 3278 3025 κει)⁵
3324 2967 3565 3037 ἐπιγνῷς
3614 2967 3710 3019 ὅτι

2104 3074 2232 3144 περὶ
2265 3070 2400 3141 ἐμοῦ
2432 3071 2709 3141 γέγραφεν
2735 3070 2764 3122 ὁ
2793 3068 3019 3136 Μωσῆς,
3050 3068 3145 3119 ἐὰν
3171 3061 3444 3134 παραδέξῃ
3474 3061 3578 3130 τὴν
3606 3059 3711 3111 διὰ

2104 3162 2343 3225 πίστεως
2373 3161 2534 3232 χάριν
2559 3201 2573 3223 ,
2610 3180 2628 3211 ι
2662 3161 2756 3213 καὶ
2800 3159 3033 3229 ποιήσῃς
3064 3155 3345 3226 γαυρίαμα
3388 3153 3563 3220 σαυτῇ
3600 3150 3709 3201 ἐπὶ

2105 3253 2240 3322 γῆς,
2270 3268 2287 3301 ι
2337 3251 2620 3314 τουτέστι,
2656 3248 2917 3319 καύχημα
2962 3246 3235 3319 λαμπρὸν,
3270 3244 3330 3297 τὸ
3362 3244 3420 3295 ἐν
3464 3238 3707 3311 Χριστῷ

2109 3346 2373 3417 δηλονότι,
2413 3363 2431 3395 ι
2456 3344 2637 3414 ὤμοσε
2683 3342 2887 3413 Κύριος
2930 3340 3071 3395 κατά
3111 3341 3206 3409 τῆς
3247 3338 3403 3408 δόξης
3446 3331 3646 3396 αὐτοῦ,
3678 3351 3697 3382 ι

2111 3438 2229 3492 κατ’
2272 3436 2483 3499 οὐδενὸς
2530 3436 2638 3505 γὰρ
2681 3434 2793 3504 ἔχει
2832 3433 3078 3505 μείζονος
3110 3430 3335 3501 ὀμόσαι,
3373 3448 3393 3477 ί
3420 3428 3513 3478 καὶ
3547 3426 3707 3478 κατὰ

2110 3530 2205 3585 τοῦ
2236 3530 2516 3601 βραχίονος
2544 3527 2729 3592 αὑτοῦ,
2757 3546 2775 3577 ι
2808 3528 2889 3579 ὅτι
2910 3525 3018 3578 τῶν
3047 3524 3214 3577 πάλαι
3243 3539 3345 3585 σοι,
3366 3519 3451 3573 διὰ
3490 3517 3707 3583 πολλὴν

2112 3622 2393 3677 ἀπείθειαν
2424 3619 2890 3691 ἐπενηνεγμένων,
2931 3616 3084 3670 οὐδὲν
3117 3616 3196 3669 ἐτι
3231 3613 3588 3683 συμϐήσεται.
3619 3608 3704 3661 Οὐ

2114 3716 2221 3786 γὰρ
2247 3714 2472 3784 ἄμισθον
2497 3711 2637 3777 ἕξεις
2662 3712 2752 3764 τὸν
2783 3711 2880 3780 τῆς
2897 3709 3163 3780 γηπονίας
3188 3706 3404 3776 ἱδρῶτα·
3446 3702 3705 3770 συνήσεις

2114 3807 2171 3859 δὲ
2214 3806 2373 3859 τοῦτο
2416 3802 2801 3875 πνευματικῶς
2824 3820 2837 3834 ·
2870 3802 2986 3856 ἀλλ’
3023 3801 3098 3864 ὥς
3149 3815 3316 3870 φησιν
3343 3797 3371 3847 ὁ
3407 3792 3704 3854 θεσπέσιος

2116 3898 2298 3951 Δαϐίδ·
2347 3918 2364 3948 ι
2396 3898 2533 3961 Τοὺς
2577 3897 2823 3965 καρποὺς
2865 3893 2973 3948 τῶν
3016 3893 3192 3945 πόνων
3243 3906 3337 3943 σου
3386 3886 3645 3957 φάγεσαι.
3675 3903 3693 3933 ι

2119 3991 2229 4042 Καὶ
2259 3989 2332 4053 ὡς
2376 3992 2405 4043 ὁ
2452 3988 2661 4050 Παῦλὸς
2710 4004 2895 4057 φησιν,
2942 3987 3026 4040 ὅτι
3083 4003 3099 4035 ι
3136 3986 3199 4037 Ὀ
3234 3982 3329 4035 ἐὰν
3364 3977 3558 4049 σπείρῃ
3598 3977 3701 4031 άν-

2120 4081 2361 4149 θρωπος,
2406 4078 2562 4132 τοῦτο
2607 4079 2700 4131 καὶ
2744 4077 2986 4148 θερίσει,
3034 4076 3127 4128 καὶ
3172 4075 3200 4126 ὁ
3244 4070 3480 4141 σπείρων
3525 4067 3601 4129 εἰς
3636 4065 3703 4119 τὸ

2120 4170 2357 4239 πνεῦμα,
2394 4170 2460 4221 ἐκ
2489 4167 2591 4235 ,τοῦ
2629 4166 2939 4237 πνεύματος
2972 4163 3177 4233 θερίσει
3211 4161 3353 4232 ζωὴν
3396 4156 3640 4212 αίώνιονο
3673 4176 3691 4205 ι

2119 4263 2201 4315 ὃτι
2230 4262 2407 4314 τοίνυν
2453 4261 2620 4330 ἐαυτῇ
2662 4256 3070 4328 κατασωρεύσει
3102 4254 3369 4315 πλουσίως
3393 4250 3461 4303 τὰ
3496 4251 3557 4301 ἐκ
3594 4247 3700 4317 τῆς

2122 4351 2500 4422 πνευματικῆς
2538 4348 2973 4422 εὐκαρπίας,διά
3010 4347 3117 4401 τῶν
3161 4344 3533 4417 προκειμένων
3565 4342 3697 4394 ὑπο-

2122 4444 2289 4516 δηλοίο
2319 4463 2337 4496 ι
2361 4446 2424 4497 Οἱ
2466 4444 2523 4496 δὲ
2554 4441 2759 4496 τούτων
2786 4445 3040 4512 τυχόντες
3067 4437 3475 4508 δοξολογήσουσι
3494 4479 3507 4499 ,
3541 4436 3696 4505 φησὶ,

2123 4537 2214 4590 τὸν
2262 4536 2488 4607 Κύριον,
2538 4537 2632 4588 καὶ
2683 4537 2731 4588 οἱ
2781 4533 3107 4602 συνάγοντες
3167 4530 3382 4583 πίονται
3444 4526 3578 4581 αὐτὰ
3634 4526 3697 4577 ἐν

2124 4631 2243 4691 ταῖς
2284 4628 2545 4682 ἐπαύλεσι
2589 4629 2709 4690 ταῖς
2751 4625 2955 4694 ἁγίαις.
3018 4643 3037 4676 ι
3104 4623 3525 4693 Ἐντρυφήσουσι
3587 4618 3696 4689 γὰρ

2129 4722 2247 4783 ταῖς
2278 4719 2391 4774 άνω
2442 4722 2630 4791 μοναῖς
2668 4721 2715 4772 oi
2754 4719 2851 4789 τῆς
2894 4715 3173 4788 ἐξαιρέτου
3208 4713 3351 4781 ζωῆς
3395 4711 3696 4782 ἀποτρυγή·

2060 4784 2103 4840 D
2135 4828 2327 4873 σαντες
2374 4784 2455 4863 τὰ,
2493 4784 2819 4881 αὐχήματα,
2866 4810 2963 4862 καὶ
3001 4784 3126 4871 τοὺς
3169 4806 3269 4876 τῆς
3302 4804 3469 4877 ὀρθῆς
3503 4819 3560 4854 τε
3602 4804 3694 4855 καὶ

2127 4903 2428 4974 ἀμωμήτου
2456 4902 2688 4964 πίστεως
2717 4900 2962 4968 καρποὺς
2994 4899 3429 4969 συναγείροντες.

2198 4996 2534 5063 Πορεύεσθε
2562 4993 2661 5047 διὰ
2700 4992 2819 5047 τῶν
2862 4993 3075 5046 πυλῶν
3120 5009 3264 5060 μου,
3299 4991 3396 5043 καὶ
3436 4987 3691 5053 ὁδοποιή-

2129 5103 2278 5141 dare
2318 5084 2398 5150 τῷ
2429 5084 2556 5151 λαῷ
2591 5103 2732 5154 μου,
2763 5084 2860 5138 καὶ
2892 5084 3038 5149 τοὺς
3069 5085 3280 5148 λίθους
3315 5082 3456 5147 τοὺς
3491 5080 3555 5132 ἐκ
3592 5076 3693 5147 τῆς

2131 5179 2276 5232 ὀδοῦ
2304 5178 2679 5246 διαρῤίψατε,
2706 5176 2957 5245 ἐξάρατε
2982 5179 3310 5243 σύσσημον
3335 5176 3422 5239 εἰς
3448 5174 3518 5227 τὰ
3542 5174 3687 5238 ἔθνη.

2140 5270 2285 5325 Ἰδοὺ
2321 5271 2432 5337 γὰρ
2466 5271 2682 5338 Κύριος
2716 5269 3009 5337 ἐποίησεν
3034 5266 3361 5330 ἀκουστὸν,
3396 5266 3505 5332 ἕως
3531 5265 3693 5333 ἐσχά-

2130 5379 2235 5415 του
2278 5358 2385 5427 τῆς
2426 5359 2561 5427 τῆς.

2201 5453 2393 5516 Αὑτοῖς
2425 5452 2525 5523 ἤδη
2564 5454 2674 5515 τοῖς
2712 5452 2959 5522 φύλαξιν,
3004 5452 3172 5521 ῆγουν
3214 5448 3551 5512 διδασκάλοις
3588 5450 3693 5501 ἐπι-

2134 5544 2335 5609 φωνεῖο
2382 5539 2718 5612 προστέταχε
2766 5541 2874 5612 γὰρ
2924 5541 3209 5611 ἀνοιγῆναι
3261 5540 3359 5610 μὲν
3405 5539 3500 5608 τῆς
3549 5537 3689 5604 ἁγίας

2134 5636 2339 5698 πόλεως
2369 5634 2466 5698 τὰς
2504 5633 2773 5701 εἰσϐολὰς,
2798 5635 2959 5706 ψιλὴν
2987 5634 3044 5689 δὲ
3093 5634 3187 5689 καὶ
3214 5633 3495 5705 εὐήλατον,
3528 5633 3609 5683 καὶ
3630 5629 3688 5701 δὴ
