4022 6400
285 356 427 412 1377

1412 354 1482 409 ΙΝ
1524 352 1754 409 ιεΑιΑΜ
1796 352 1925 409 LIB.
1968 353 2035 409 ν.
2077 349 2316 407 TOMUS
2358 349 2423 405 γ.

3420 350 3557 404 1578

287 474 649 546 πταισμάτων
720 473 1013 544 ἐλευθέραν
1061 474 1172 536 τοῖς
1228 472 1530 528 εἰσϐάλλειν
1605 472 1878 527 ἐθέλουσιν

1985 473 2084 526 bus
2132 485 2387 533 vacuum,
2438 468 2522 523 his
2561 468 2652 538 qui
2698 468 2882 522 volunt
2932 468 3179 539 ingredi;
3219 483 3313 537 per
3353 467 3557 533 lapides

289 566 566 636 ἀποφῆναι
601 563 698 635 τὴν
728 564 1051 635 είσδρομήνο
1077 562 1165 616 διὰ
1190 564 1297 634 γάρ
1325 580 1406 617 τοι
1422 563 1530 616 τῶν
1559 562 1720 617 λίθων
1747 564 1877 616 ὑπο-

291 658 542 730 δηλοῖτά
588 656 880 711 σκάνδαλα.
927 656 992 709 Ei
1046 655 1147 726 μὲν
1194 657 1304 727 γάρ
1348 673 1434 720 τις
1479 657 1561 727 εἴη
1606 655 1768 727 τυχὸν
1812 656 1877 707 ἐκ

291 752 391 822 τῆς
423 750 689 805 Ἰουδαίων
733 749 935 820 ἀγέλης
976 748 1337 819 κεκλημένος,
1379 749 1705 819 προσπταίει
1747 749 1877 801 πολ-

292 844 450 907 λάκις
472 846 583 907 τοῖς
610 844 850 913 νομικοῖς
873 840 1221 912 ἐντάλμασιν,
1246 841 1615 911 ἐμφιλοχωρεῖ
1642 841 1749 911 γὰρ
1767 842 1879 903 τοῖς

292 938 506 1002 τύποις,
545 936 640 990 καὶ
665 932 778 989 οἷον
817 935 1074 1005 ἐνιςήσας
1109 939 1230 999 ταῖς
1278 937 1458 995 σκιαῖς
1504 935 1878 1006 ἀπαράδεκτον

296 1035 530 1086 ποιεῖται
569 1031 669 1101 τὴν
704 1030 982 1101 ἀλήθειαν.
1026 1030 1089 1083 Εἰ
1128 1030 1184 1083 δέ
1216 1030 1278 1099 δή
1315 1025 1459 1100 τιςῇ
1503 1028 1611 1082 τῶν
1649 1030 1712 1081 ἐκ
1739 1028 1878 1098 πλη-

290 1125 423 1189 θύος
484 1124 806 1195 ἐλληνικῆς,
882 1122 1213 1195 προσπταίει
1274 1123 1369 1177 καὶ
1410 1118 1565 1186 οὗτος
1622 1122 1701 1193 τῷ
1742 1122 1879 1193 ξένῳ

298 1218 395 1288 τῆς
439 1217 804 1280 διδασκαλίας,
850 1216 1071 1287 θορυϐεῖ
1109 1233 1167 1268 τε
1205 1215 1324 1269 λίαν
1357 1215 1518 1268 αὐτὸν
1550 1215 1611 1269 τὸ
1648 1214 1879 1284 σύνηθες

297 1311 399 1380 τῆς
437 1310 709 1382 λατρείας,
749 1309 782 1380 ἦ
816 1309 956 1379 τάχα
986 1326 1089 1363 που
1118 1311 1214 1363 καὶ
1248 1310 1523 1379 μέμνηται
1553 1308 1748 1376 λόγων,
1787 1305 1879 1371 οὓς

298 1404 391 1456 ἐπί
419 1420 481 1471 γε
517 1405 629 1465 τοῖς
658 1401 806 1471 σφῶν
838 1401 1017 1455 αὐτῶν
1046 1401 1325 1455 ποιοῦνται
1362 1401 1502 1462 θεοῖς
1532 1402 1579 1453 oi
1617 1399 1748 1471 παρ’
1784 1400 1881 1453 αύ-

298 1498 410 1560 τοῖς
447 1494 689 1563 λογάδες.
728 1493 1000 1557 Παλαιοὺς
1044 1493 1154 1564 γὰρ
1201 1493 1295 1546 καὶ
1328 1491 1710 1562 γεγηρακότας
1747 1506 1879 1558 συγ-

299 1588 611 1656 γεγράφασι
650 1585 851 1656 μύθους
880 1585 1212 1650 πλανῶντες,
1243 1585 1337 1638 καὶ
1378 1582 1747 1654 πλανώμενοι,
1788 1583 1880 1635 καὶ

296 1678 609 1748 διαϐολικῆς
646 1678 844 1749 ἀχλύος
874 1678 1323 1749 ἀναπιμπλάντες
1361 1678 1460 1750 τὴν
1493 1677 1617 1747 γῆν.
1660 1675 1800 1728 Ἀλλ’
1829 1677 1879 1729 οἱ

299 1773 548 1844 νηφάλιοι
578 1772 835 1841 φύλακες,
867 1773 961 1825 καὶ
999 1771 1349 1842 μυσταγωγοὶ
1378 1771 1479 1833 τὰς
1510 1770 1617 1823 τῶν
1653 1768 1881 1823 σκανδά-

1977 564 2126 618 enim
2178 561 2462 617 subinnuit
2492 560 2772 614 scandala.
2834 559 2892 613 Si
2955 561 3078 629 quis
3127 560 3270 614 enim
3323 558 3558 627 evetupli

1977 672 2165 722 causa,
2192 671 2255 709 ex
2300 655 2724 724 congregatione
2756 652 3064 708 .ludreorum
3096 662 3318 708 vocatus
3346 652 3437 717 sit,
3474 649 3559 704 of-

1978 749 2149 804 feudit
2195 747 2421 803 subinde
2477 747 2545 800 ad
2600 745 2735 816 legis
2779 754 3085 815 praecepta,
3132 753 3187 799 et
3240 745 3560 798 immoratur

1980 840 2187 913 figuris,
2219 854 2283 894 ac
2322 839 2470 893 velut
2493 838 2704 892 umbris
2732 837 3002 900 assidens,
3043 852 3151 890 non
3194 837 3432 890 admittit
3464 850 3557 890 ve-

1981 936 2227 987 ritatetn.
2256 929 2348 984 Sin
2382 928 2544 982 fuerit
2573 928 2840 997 quispiam
2864 944 2935 982 ex
2972 927 3314 981 multitudine
3340 924 3561 980 Graeco-

1982 1040 2123 1087 rum,
2170 1022 2421 1091 impingit
2464 1021 2627 1075 etiam
2662 1020 2750 1073 hic
2782 1020 2848 1072 ad
2895 1020 3156 1073 doctrinae
3197 1017 3558 1087 peregrinita-

1983 1127 2086 1172 tem
2117 1126 2173 1171 et
2205 1116 2382 1169 cultus
2432 1116 2778 1169 inconsuetus
2811 1115 2958 1169 illum
3011 1113 3165 1167 valde
3211 1110 3412 1176 turbat,
3449 1124 3561 1165 me-

1981 1221 2207 1276 morque
2258 1216 2343 1260 est
2385 1207 2678 1260 verborum
2746 1220 2865 1273 quae
2915 1204 3153 1273 ipsorum
3199 1215 3454 1270 proceres
3495 1201 3562 1254 de

1979 1300 2093 1353 suis
2119 1299 2221 1353 diis
2250 1298 2476 1351 faciunt.
2515 1297 2648 1351 Nam
2681 1296 2807 1351 olim
2840 1296 3096 1350 fallentes
3119 1305 3173 1349 et
3206 1292 3350 1357 falsi,
3376 1308 3440 1346 ac
3468 1306 3561 1346 ca-

1980 1394 2145 1463 ligine
2173 1390 2436 1447 diabolica
2478 1391 2747 1461 replentes
2773 1400 2998 1449 terram.
3035 1389 3246 1442 fabulas
3274 1385 3473 1441 seniles
3505 1393 3563 1438 et

1981 1484 2154 1539 aniles
2194 1483 2661 1551 conscripserunt.
2724 1480 2993 1537 Caeterum
3034 1480 3224 1550 vigiles
3273 1482 3331 1534 et
3391 1476 3561 1532 sobrii

1982 1574 2235 1630 custodes
2284 1574 2608 1645 mystagogi,
2655 1572 3016 1627 offensionum
3070 1581 3128 1626 et
3175 1569 3557 1627 scandalorum

1980 1666 2294 1721 occasiones
2321 1676 2629 1733 amputant,
2663 1665 2875 1729 singula
2921 1664 3219 1719 artificiose
3257 1663 3562 1719 dissolven-

1984 1767 2085 1822 tes,
2106 1774 2226 1827 qum
2247 1758 2519 1813 traditioni
2548 1758 2669 1812 fidei
2703 1758 2756 1813 in
2789 1755 3076 1811 Dominum
3105 1765 3353 1810 nostrum
3378 1752 3561 1808 Jesum

299 1866 407 1920 λων
433 1864 857 1936 περικόπτουσιν
883 1864 1160 1935 ἀφορμάς,
1197 1864 1405 1917 ἕκαστα
1436 1862 1656 1925 λύοντες
1702 1861 1878 1932 εὐτέχ-

1993 1851 2267 1906 Christum
2317 1852 2569 1906 videntur
2617 1852 2915 1908 adversari.
2967 1849 3080 1905 Hoc
3143 1847 3371 1915 faciunt,
3416 1856 3564 1901 recte

294 1976 408 2023 uno;
441 1959 508 2011 τὰ
536 1957 863 2011 ἀνθεστᾶναι
907 1956 1169 2010 δοκοῦντα
1202 1958 1268 2026 τῇ
1309 1954 1605 2027 παραδόσει
1648 1956 1747 2024 τῆς
1788 1955 1880 2007 πί-

304 2069 493 2115 στεως,
521 2050 620 2120 τῆς
640 2051 719 2113 είς
743 2049 833 2102 τὸν
860 2047 1065 2119 Κύριον
1089 2046 1246 2118 ἡμῶν
1276 2045 1482 2117 Ἰησοῦν
1504 2045 1594 2098 τὸν
1617 2045 1877 2116 Χριστόνο

299 2141 460 2195 τοῦτο
502 2140 700 2210 δρῶσιν
741 2138 947 2210 ὀρθῶς,
991 2136 1287 2205 λογισμοὺς
1336 2134 1753 2206 καθαιροῦντες,
1788 2135 1882 2188 καὶ

303 2234 411 2287 πᾶν
464 2231 665 2303 ὕψωμα
719 2229 1082 2302 ἐπαιρόμενον
1139 2228 1283 2282 κατά
1342 2227 1440 2298 τῆς
1489 2226 1741 2295 γνώσεως
1786 2226 1880 2279 τοῦ

294 2326 457 2389 Θεοῦ,
501 2326 594 2379 καὶ
623 2321 1113 2395 αἰχμαλωτίζοντες
1148 2322 1256 2374 πᾶν
1301 2320 1477 2391 νόημα
1520 2322 1599 2383 είς
1628 2320 1728 2389 τὴν
1775 2319 1880 2371 ὑπ-

298 2419 469 2488 ακοὴν
515 2416 704 2470 αὐτοῦ.
751 2416 1072 2486 Εὐρήσομεν
1101 2412 1161 2466 δὲ
1198 2412 1289 2466 τὸν
1323 2411 1611 2483 ἱερώτατον
1648 2409 1878 2473 Παῦλον,

310 2509 602 2572 Ἰουδαίους
663 2508 761 2578 μὲν
831 2503 1320 2567 σκανδαλισθέντας
1380 2502 1879 2574 ἐπανορθούμενον,

302 2602 699 2673 ἐπιπλήττοντα
743 2599 798 2652 δέ
842 2601 953 2661 τοῖς
990 2596 1051 2661 ἐξ
1087 2595 1258 2650 ἐθνῶν
1297 2594 1538 2649 τοιοῦτόν
1584 2610 1642 2646 τι
1680 2609 1882 2646 πεπον-

298 2694 466 2747 θόσιν.
494 2693 639 2762 Ἔφη
674 2691 773 2761 μὲν
809 2690 919 2761 γάρ
949 2691 1062 2751 τοῖς
1098 2685 1159 2752 ἐξ
1196 2687 1427 2757 αἵματος
1470 2684 1719 2756 Ἰσραήλ²
1756 2701 1776 2734 ‹
1817 2682 1880 2736 Ἦ

300 2783 575 2855 περιτομὴ
602 2782 762 2836 οὐδέν
791 2783 931 2845 ἐστι,
961 2781 1056 2835 καὶ
1085 2781 1119 2850 ἡ
1152 2778 1486 2849 ἀκροϐυστία
1524 2776 1676 2830 οὐδέν
1708 2778 1879 2841 ἐστιν,

299 2873 437 2927 ἀλλὰ
465 2874 696 2945 τήρησις
718 2872 946 2925 ἐντολῶν
980 2871 1134 2924 Θεοῦ.
1151 2889 1169 2922 ι
1198 2871 1309 2924 Καὶ
1335 2868 1517 2923 πάλιν*
1547 2886 1566 2919 ι
1591 2868 1748 2935 Λέγω
1774 2868 1882 2936 γὰρ

294 2967 453 3039 ὑμῖν,
504 2966 583 3018 ὅτι
626 2964 722 3018 ἐάν
775 2962 1211 3034 περιτέμνησθε,
1262 2961 1494 3031 Χριστὸς
1540 2961 1685 3028 ὑμᾶς
1729 2959 1882 3012 οὐδὲν

296 3037 599 3131 ὧφελήσει.
652 3055 1156 3127 Ἀπηλλοτριὼθητε
1201 3054 1309 3107 ἀπὸ
1356 3051 1592 3123 Χριστοῦ
1622 3090 1636 3116 ,
1687 3052 1882 3112 οἵτινες

299 3154 359 3206 ἐν
384 3150 530 3221 νόμῳ
559 3148 890 3211 δικαιοῦσθε,
916 3149 1014 3219 τῆς
1045 3148 1267 3218 χάριτος
1300 3146 1644 3213 ἐξεπέσατε.»
1692 3144 1881 3213 Ἡμεῖς

1984 1945 2221 1999 tollendo
2263 1945 2577 2012 ratiocinia,
2609 1955 2664 1999 et
2710 1960 2927 2000 omnem
2976 1944 3351 1998 celsitudinem
3392 1939 3564 1995 extol-

1983 2038 2181 2093 lentem
2228 2051 2289 2091 se
2335 2048 2525 2091 contra
2592 2037 2958 2107 cognitionem
3004 2036 3098 2090 Dei
3159 2034 3476 2095 evertendo,
3509 2041 3566 2086 ct

1981 2147 2195 2186 omnem
2224 2130 2555 2185 intellectum
2581 2136 2647 2185 ad
2678 2132 3039 2185 obedientiam
3069 2130 3190 2199 ejus
3212 2128 3559 2200 captivando.

1982 2223 2325 2278 Inveniemus
2380 2234 2560 2277 autem
2625 2224 3031 2279 sanctissimum
3074 2223 3298 2278 Paulum
3348 2220 3564 2276 Iudaeos

1982 2316 2220 2373 offensos
2247 2318 2635 2386 corrigentem,
2663 2328 2716 2372 et
2748 2328 2937 2387 gentes
2967 2318 3163 2387 quibus
3197 2316 3371 2371 simile
3402 2316 3563 2386 quid-

1983 2414 2106 2468 dam
2139 2412 2337 2467 accidit
2372 2410 2883 2481 reprehendentem.
2912 2411 3059 2466 Dixit
3084 2410 3229 2464 enim
3264 2408 3563 2463 Israelitico

1982 2505 2245 2575 sanguine
2280 2504 2559 2559 orinndis:
2592 2522 2610 2555 ι
2650 2503 3009 2558 Circumcisio
3040 2503 3173 2557 nihil
3200 2514 3304 2569 est,
3337 2515 3391 2556 et
3422 2516 3561 2572 prae-

1984 2598 2191 2667 putium
2221 2596 2352 2649 nihil
2379 2605 2481 2661 est,
2514 2594 2680 2665 875
2711 2595 2803 2649 sed
2840 2593 3147 2651 observatio
3170 2605 3562 2663 praceptorum

1986 2689 2077 2743 Dei
2110 2688 2153 2741 ⁸.
2191 2706 2209 2739 ι
2257 2687 2322 2741 Et
2355 2703 2585 2742 rursus:
2623 2706 2642 2739 ι
2688 2686 2818 2741 Dico
2851 2689 2995 2743 enim
3035 2689 3209 2753 vobis,
3257 2687 3302 2740 si
3332 2688 3564 2742 circnm-

1985 2781 2264 2845 cidamiui,
2329 2781 2580 2835 Christus
2637 2779 2791 2834 vobis
2836 2781 2969 2834 nihil
3024 2781 3284 2851 proderit.
3332 2779 3563 2834 Alienati

1983 2874 2115 2927 estis
2143 2888 2171 2925 a
2201 2872 2456 2939 Christo;
2483 2872 2793 2941 quicunque
2823 2874 2874 2926 in
2925 2872 3042 2943 lege
3073 2871 3356 2939 justitlcati
3406 2870 3559 2931 estis,

1984 2981 2012 3018 a
2046 2963 2216 3031 gratia
2249 2965 2535 3019 excidistis
2556 2965 2640 3017 ’.ι
2686 2963 2796 3019 Nos
2828 2964 2972 3019 enim
3002 2980 3097 3034 per
3129 2964 3285 3018 fidem
3311 2979 3459 3033 spem
3478 2964 3565 3031 jn-

1983 3056 2144 3110 Stitim
2211 3056 2528 3124 accipimus.
2585 3055 2899 3111 Grazcorutn
2976 3066 3158 3110 autem
3210 3055 3563 3117 multitudini,

1988 3167 2006 3200 ι
2042 3149 2190 3213 Dies,
2232 3169 2250 3200 ι
2284 3149 2484 3218 inquit,
2519 3167 2537 3202 ι
2582 3151 2885 3203 observatis
2939 3160 2992 3205 et
3036 3166 3268 3216 menses,
3319 3161 3564 3221 tempora

302 3245 414 3317 γάρ
461 3243 552 3297 διά
594 3242 693 3311 τῆς
741 3240 978 3304 πίστεως
1032 3238 1223 3294 ἐλπίδα
1268 3236 1615 3306 δικαιοσύνης
1669 3234 1878 3305 ἐκδεχό-

1987 3248 2042 3294 et
2086 3255 2277 3295 annos.
2319 3240 2500 3295 Metuo
2535 3241 2710 3307 vobis,
2750 3257 2818 3296 ne
2865 3241 3064 3297 frustra
3114 3243 3469 3299 laboraverim
3511 3245 3564 3297 in

304 3336 461 3408 μεθαο
486 3336 585 3405 τῆς
604 3332 714 3405 [τον.
741 3331 878 3403 τοῖς]
908 3348 971 3401 γε
1002 3332 1108 3403 μὴν
1125 3333 1188 3384 ἐκ
1207 3331 1308 3401 τῆς
1335 3330 1601 3401 Ἐλλήνων
1622 3326 1879 3398 πληθύοςο

302 3450 325 3483 ε
368 3428 623 3500 Ἡμέρας·
651 3424 1076 3497 παρατηρεῖσθε,
1126 3424 1219 3476 καὶ
1265 3422 1459 3491 μῆνας,
1490 3421 1586 3473 καὶ
1624 3420 1880 3490 καιροὺς,

300 3522 395 3577 καὶ⁸
422 3519 719 3582 ἐνιαυτοὺς,
751 3517 1023 3587 φοϐοῦμαι
1058 3516 1237 3586 ὑμᾶς,
1294 3516 1504 3584 μήποτε
1537 3512 1662 3582 εἰκῆ
1718 3528 1881 3565 κεκο-

298 3614 474 3667 πίακα
512 3614 591 3674 είς
629 3612 797 3682 ὑμᾶς.
826 3628 845 3661 ι
882 3609 1045 3679 Ὁρᾷς
1095 3606 1373 3676 πανταχοῦ
1428 3603 1882 3676 διαρριπτοῦντας

297 3710 422 3767 τοὺς
452 3704 653 3769 λίθους,
680 3704 776 3758 καὶ
806 3704 872 3756 ἐκ
910 3703 1076 3771 μέσου
1105 3701 1351 3763 τιθέντας
1379 3699 1448 3752 τὰ
1484 3699 1686 3769 ἀμφοῖν
1715 3698 1880 3750 σκάν-

298 3799 454 3852 δαλα.
482 3797 677 3859 Λίθους
714 3795 770 3847 δέ
801 3790 939 3847 εἷναί
969 3809 1150 3865 φαμεν
1192 3792 1284 3844 καὶ
1318 3791 1540 3861 ἐτέρως,
1569 3785 1651 3852 οἷς
1682 3790 1747 3843 ἂν
1767 3788 1879 3841 ἔσθ’

296 3890 386 3943 ὅτε
423 3885 853 3960 προσπταίσειάν
891 3901 1053 3948 τινες,
1088 3885 1156 3937 τά
1186 3883 1295 3935 τῶν
1326 3882 1555 3935 ἀνοσίων
1588 3879 1879 3946 αἱρετικῶν

301 3981 506 4055 βέϐηλά
550 3998 609 4034 τε
670 3979 765 4033 καὶ
802 3977 1018 4048 μυσαρὰ
1064 3976 1450 4047 τερετίσματα.
1498 3973 1877 4043 Κενοφωνοῦσι

297 4076 406 4147 γάρ
439 4073 757 4128 οἱ¹δείλαιοι
808 4073 921 4134 τοῖς
963 4068 1347 4141 ὀρθοποδοῦσιν
1398 4067 1873 4132 ἐπιϐουλεύοντες,

297 4168 393 4222 καὶ
423 4165 532 4220 τῶν
559 4166 658 4235 τῆς
686 4162 945 4233 ἀληθείας
976 4161 1261 4231 δογμάτων
1287 4158 1735 4231 ἀποκομίζοντες,
1767 4160 1876 4213 τῶν

294 4258 759 4330 εὐσυναρπάστων
780 4255 933 4319 τινάς
952 4272 966 4285 ·
993 4253 1130 4308 ἀλλά
1153 4253 1247 4307 καὶ
1268 4252 1441 4307 ταῦτα
1464 4252 1875 4323 διαρῤίπτουσιν

296 4356 361 4406 ἐκ
412 4351 577 4423 μέσου
627 4349 739 4403 τῶν
777 4348 876 4418 τῆς
913 4346 1237 4417 Ἐκκλησίας
1281 4346 1473 4416 τειχῶν
1516 4348 1565 4399 oi
1611 4347 1870 4418 φύλακες.

295 4444 461 4514 Τείχη
498 4443 557 4497 δέ
604 4442 773 4512 αὐτῆς
802 4437 940 4494 εἷναί
984 4456 1168 4510 φαμεν
1212 4439 1309 4493 καὶ¹
1340 4439 1450 4493 τῶν
1482 4440 1581 4510 τῆς
1615 4440 1871 4511 ἀληθείας

1984 3331 2140 3387 vobis
2176 3334 2217 3387 °.
2251 3352 2269 3385 ι
2309 3333 2472 3389 Vides
2518 3348 2736 3405 semper
2777 3335 2898 3389 illos
2936 3351 3190 3391 amovere
3237 3337 3465 3407 lapides,
3512 3348 3568 3390 et

1984 3424 2268 3479 amborum
2302 3425 2559 3480 scandala
2593 3427 2661 3482 de
2701 3428 2878 3482 medio
2913 3428 3121 3482 tollere.
3151 3428 3385 3499 Lapides
3412 3432 3567 3484 aliter

1983 3530 2199 3585 quoque
2229 3516 2481 3585 dicimus,
2516 3518 2583 3572 ad
2616 3533 2752 3588 quos
2792 3520 3059 3575 interdum
3093 3533 3315 3590 possent
3343 3523 3563 3591 quidam

1982 3607 2278 3673 oﬂ'endere,
2312 3610 2601 3679 impiorum
2634 3612 3020 3668 haereticorum
3058 3630 3212 3683 nugae
3248 3624 3298 3669 et
3327 3614 3567 3686 profana:

1981 3710 2038 3757 et
2087 3703 2478 3759 exsecrabiles.
2537 3703 2781 3760 lnaniter
2833 3706 2978 3760 enim
3032 3707 3282 3776 garriunt
3334 3708 3561 3771 miseri,

1982 3802 2131 3849 recto
2162 3795 2295 3864 pede
2356 3795 2733 3851 incedentibus
2771 3808 3153 3866 comparantes
3207 3798 3434 3853 insidias
3457 3839 3472 3864 ,
3504 3809 3564 3855 et

1980 3888 2244 3957 quosdam
2284 3887 2373 3955 qui
2416 3887 2575 3942 facile
2626 3889 2797 3942 averti
2852 3898 3081 3958 possunt
3123 3906 3153 3945 a
3184 3890 3430 3946 veritatis
3467 3893 3564 3947 do-

1979 3977 2249 4049 gmatibus
2298 3978 2593 4034 abducunt.
2658 3976 2765 4034 Sed
2796 3989 2851 4034 et
2891 3980 3006 4035 haec
3046 3981 3239 4037 tollunt
3278 3985 3345 4039 de
3382 3986 3564 4041 medio

1979 4085 2255 4123 murorum
2318 4069 2577 4124 Ecclesia:
2626 4072 2902 4125 custodes.
2971 4072 3154 4128 Muros
3211 4085 3392 4128 autem
3444 4076 3563 4145 ejus

1978 4160 2231 4224 dicimus,
2296 4162 2540 4215 veritatis
2591 4161 2901 4233 dOgmatutn
2949 4165 3328 4231 stabilitatem,
3364 4178 3556 4222 contra

1977 4267 2096 4316 quae
2144 4268 2243 4307 nec
2290 4253 2588 4308 inferorum
2636 4264 2808 4325 porta:
2858 4257 3041 4313 valere
3089 4270 3333 4327 possunt.
3372 4280 3391 4313 ‹
3432 4261 3560 4315 Tol-

1975 4343 2070 4397 lite
2126 4344 2292 4407 enim,
2351 4346 2547 4415 inquit,
2595 4346 2811 4416 signum
2843 4351 2908 4402 ad
2940 4360 3152 4419 gentes.
3221 4352 3360 4408 Ecce
3414 4355 3558 4408 enim

1976 4433 2240 4489 Dominus
2266 4435 2392 4490 fecit
2433 4444 2489 4489 ut
2527 4438 2781 4492 audiatur
2809 4455 2978 4509 usque
3007 4443 3072 4494 ad
3103 4451 3381 4498 extremos
3423 4445 3560 4499 lines

293 4535 580 4605 δογμάτων
620 4534 720 4604 τὴν
760 4532 1107 4604 ἑδραιότητα,
1151 4525 1227 4584 ὧν
1258 4533 1358 4585 οὐκ
1384 4531 1451 4584 ἂν
1489 4534 1871 4604 κατισχύσαιεν

1980 4536 2158 4580 teme.
2182 4546 2200 4578 ›
2222 4527 2287 4581 Et
2311 4528 2569 4597 quidnam
2596 4530 2698 4584 hoc
2714 4530 2830 4585 est?
2846 4530 2912 4586 Ut
2934 4534 3185 4587 audiatur
3204 4536 3304 4590 hoc
3321 4536 3554 4606 signum,

294 4628 351 4681 αί
386 4627 513 4698 ᾅδου
568 4625 754 4679 πύλαι.
783 4642 803 4675 ι
830 4625 1032 4695 Ἀρατε
1070 4622 1179 4694 γὰρ
1226 4622 1528 4695 σύσσημον,
1562 4625 1747 4695 φησὶν,
1790 4626 1869 4689 εἰς

1980 4619 2120 4687 quod
2151 4619 2215 4672 ad
2247 4631 2434 4689 gentes
2474 4631 2528 4675 et
2556 4622 2622 4675 ad
2652 4634 2895 4678 extrema
2936 4634 3094 4681 terra:
3123 4627 3416 4682 tollendmn
3454 4632 3554 4694 ait,

290 4718 363 4772 τὰ
386 4717 538 4789 ἔθνη.
585 4717 716 4770 Ἰδοὺ
750 4714 860 4786 γὰρ
907 4714 1115 4785 Κύριος
1152 4715 1417 4768 ἀκουστὸν
1461 4715 1716 4785 ἐποίησεν
1765 4716 1870 4780 ἕως

1981 4711 2031 4765 id
2084 4721 2172 4765 est
2229 4712 2620 4779 extollendum,
2674 4724 2729 4769 et
2775 4718 2977 4785 passim
3025 4719 3410 4787 divulgandum
3453 4723 3558 4778 hoc

291 4808 522 4877 ἐσχάτου
585 4805 684 4875 τῆς
738 4804 860 4875 γῆς.
890 4821 909 4854 ι
952 4803 1063 4857 Καὶ
1107 4804 1259 4855 ποῖον
1304 4801 1413 4872 ἄρα
1452 4800 1596 4854 τοῦτ’
1642 4801 1757 4854 ἐστι
1807 4802 1869 4855 τὸ

1980 4803 2205 4858 verbum
2240 4804 2386 4870 fidei,
2411 4806 2557 4874 quod
2590 4810 2973 4877 praedicamus,
3006 4826 3099 4865 seu
3126 4812 3266 4867 forte
3289 4814 3561 4882 passionis

290 4898 555 4952 ἀκουστὸν
592 4897 893 4967 σύσσημον,
917 4895 947 4948 ὃ
976 4895 1071 4949 καὶ
1093 4896 1206 4958 τοῖς
1232 4892 1435 4958 ἔθνεσι,
1465 4895 1560 4949 καὶ
1583 4894 1686 4960 ἔως
1712 4896 1870 4966 ἐσχά-

1980 4897 2231 4953 salutaris
2278 4900 2814 4971 symbolum,.atque
2878 4904 2929 4958 id
2976 4912 3060 4960 est
3097 4904 3219 4960 fidei
3261 4906 3553 4963 confessio.

289 5007 387 5044 του
413 4990 513 5060 τῆς
544 4989 647 5058 γῆς
676 4988 911 5059 ἀρθῆναι
940 4986 1051 5039 δεῖν
1076 4985 1201 5055 ἔφη,
1233 4984 1533 5049 τουτέστιν,
1563 4985 1869 5058 ἐπαρθῆναί

1980 4989 2208 5060 Oportet
2260 4993 2404 5045 enim
2473 4992 2655 5048 dicere
2718 4997 3004 5051 Dominum
3055 5013 3175 5053 esse
3227 4998 3449 5065 Jesum,
3490 5018 3558 5056 ac

290 5099 350 5135 τε
373 5082 469 5136 καὶ
491 5079 747 5149 γενέσθαι
773 5076 1200 5149 γνωριμώτατον
1220 5077 1279 5130 τὸ
1310 5077 1464 5149 ῥῆμα
1486 5078 1584 5147 τῆς
1609 5079 1867 5143 πίστεως,

1980 5084 2199 5137 credere
2240 5082 2405 5138 Deum
2445 5087 2715 5142 excitasse
2760 5090 2934 5160 ipsum
2968 5105 2999 5144 e
3044 5093 3293 5147 mortuis.
3360 5093 3555 5149 Servat

287 5173 317 5224 ὃ
348 5170 720 5241 κηρύσσομεν,
750 5168 783 5239 ἢ
820 5169 964 5238 τάχα
992 5185 1095 5222 που
1117 5170 1214 5222 καὶ
1243 5168 1337 5220 τοῦ
1372 5168 1637 5239 σωτηρίου
1663 5169 1870 5232 πάθους

1980 5184 2151 5228 autem
2182 5176 2285 5229 hoc
2310 5192 2337 5228 a
2368 5188 2543 5233 morte
2570 5188 2623 5234 et
2650 5193 2891 5248 peccato.
2914 5182 3082 5252 Igitur
3115 5201 3219 5239 non
3244 5184 3553 5242 Judzeorum

287 5264 350 5317 τὸ
383 5262 674 5334 σύμϐολον.
704 5261 940 5315 Ἔστιδέ
970 5262 1066 5315 atati.
1099 5261 1255 5314 τοῦτο
1276 5262 1377 5332 τῆς
1412 5262 1648 5325 πίστεως
1675 5262 1867 5333 ὁμολο-

290 5355 401 5423 γία.
447 5357 540 5408 Δεῖ
570 5355 680 5425 γὰρ
713 5355 909 5417 εἰπεῖν,
943 5353 1026 5406 ὅτι
1058 5352 1260 5424 Κύριος
1300 5354 1538 5425 Ἰησοῦς,
1588 5354 1877 5408 πιστεῦσαί

288 5464 370 5511 τε,
414 5448 497 5501 ὅτι
536 5449 565 5499 ὁ
600 5446 737 5510 Θεὸς
780 5446 941 5499 αὑτὸν
981 5446 1202 5515 ήγειρεν
1247 5447 1311 5498 ἐκ
1355 5446 1586 5516 νεκρῶν.
1619 5445 1788 5512 Σώζει
1821 5446 1877 5501 δέ

290 5538 445 5592 τοῦτο
473 5540 566 5593 καὶ
591 5540 655 5592 ἐκ
677 5537 932 5603 θανάτου,
960 5539 1054 5591 καὶ
1085 5536 1376 5608 ἁμαρτίας.
1406 5536 1615 5590 Οὐκοῦν
1649 5538 1710 5591 οὐ
1745 5540 1875 5592 ’1ου-

287 5622 453 5676 δαίων
488 5624 669 5694 μόνον,
698 5625 835 5679 ἀλλά
878 5624 971 5679 καὶ
1004 5624 1193 5680 ἐθνῶν.
1235 5626 1463 5696 Αἵρεται
1496 5626 1604 5697 γὰρ
1637 5627 1697 5680 τὸ
1744 5628 1873 5680 σύσ-

359 5804 384 5837 δ
417 5802 592 5858 Galat.
626 5819 675 5872 v,
711 5806 801 5861 ll;
875 5806 896 5840 ³
931 5806 1087 5873 ibid.,
1112 5805 1146 5859 Ξ
1175 5806 1227 5861 4.
1290 5808 1327 5890 ’⁸
1361 5806 1536 5863 Galat.
1570 5821 1644 5876 tv,
1675 5806 1885 5873 10,5”.

1975 5268 2157 5333 modo,
2184 5270 2279 5324 sed
2311 5280 2363 5323 et
2385 5272 2647 5341 gentium.
2671 5270 2904 5329 Tollitur
2927 5277 3068 5330 enim
3092 5278 3326 5348 signum,
3356 5295 3463 5334 non
3482 5283 3554 5335 ad

1974 5357 2150 5412 solum
2183 5361 2466 5417 credentes
2495 5377 2562 5416 ex
2604 5366 2867 5434 sanguine
2891 5365 3082 5432 Israel,
3107 5368 3203 5424 sed
3246 5371 3314 5424 ad
3360 5386 3551 5427 omnes

1975 5449 2175 5518 ubique
2208 5452 2472 5521 gentium.
2500 5452 2660 5510 Orbis
2693 5432 2927 5528 namque
2954 5467 3097 5515 totus
3127 5460 3229 5517 sub
3245 5463 3371 5517 caeli
3395 5432 3548 5520 com-

1972 5540 2129 5610 plexu
2156 5545 2462 5616 evangelica
2482 5549 2888 5618 praedicatione,
2917 5561 3174 5623 tanquam
3205 5557 3325 5624 reti,
3354 5564 3547 5628 captus

1971 5642 2071 5689 est.
