4022 6400
458 321 594 377 i579
1438 304 1495 357 ὃ.
1536 296 1812 357 εγηιιιιιι
1851 295 2046 353 ΑΕΕΧ

2210 291 2321 349 “NI
2363 286 2683 348 ARCHIEP.
2726 370 2739 375 -
3604 270 3798 327 1580

460 460 637 515 σημον
673 438 795 508 οὐχὶ
836 436 1016 509 μόνοις
1044 434 1155 494 τοῖς
1212 427 1572 482 πιστεύσασιν
1611 424 1669 489 ἐξ
1705 422 1937 493 αἵματος
1984 419 2220 490 Ἰσραὴλ,
2263 415 2399 471 ἀλλά
2464 413 2574 484 γὰρ
2616 409 2712 463 καὶ
2743 408 2855 472 τοῖς
2894 402 3236 473 ἁπανταχόσε
3300 400 3444 470 γῆς’
3478 396 3803 463 casuri)-

459 509 648 591 νεῦται
680 531 789 602 γὰρ
816 528 905 583 διὰ
941 526 1050 579 τῶν
1079 517 1452 590 εὐαγγελικῶν
1478 514 1852 586 κηρυγμάτων
1884 512 1920 581 ή
1946 510 2037 564 ὑπ’
2074 509 2321 581 οὐρανόν.

540 574 1160 683 λίέιὶείῂῐιῖῖὶνῖὶίοῖιε
1192 574 1328 681 'fi'lia:
1354 606 1489 662 Sion
1720 604 1813 656 tibi
1844 574 2032 655 Seioa-
2061 619 2107 674 Α

2211 600 2422 652 Εἶπατε
2470 594 2547 663 τῇ
2592 592 2833 661 θυγατρί
2887 587 3057 643 Σιὼγδ
3099 584 3244 639 Ἰδού
3291 598 3389 637 σοι
3437 582 3474 633 ὁ
3516 574 3799 642 Σωτὴρ

466 730 552 774 tor
602 715 771 776 venit,
818 709 1012 763 habens
1057 719 1209 758 suam
1260 701 1583 760 "incedam,
1651 704 1699 749 et
1759 710 1889 763 opus
1920 705 2040 746 ante

2208 686 2548 757 ipa'pérorsr
2590 683 2746 751 ἔχων
2798 680 2906 733 τὸν
2959 674 3174 731 ἑαυτοῦ
3216 670 3462 743 μισθὸν,
3503 668 3637 721 καὶ
3702 665 3796 719 τὸ

463 810 659 879 faciem
705 818 876 859 suam.
934 797 1002 852 Et
1034 794 1236 850 vocabit
1287 807 1405 845 eum
1455 788 1706 855 papulum
1749 758 1989 839 tunctum
2023 823 2039 848 ,

2210 796 2319 848 γον
2358 776 2472 844 πρὸ
2511 772 2837 843 προσώπου
2873 766 3078 823 αὐτοῦ*
3116 765 3214 819 καὶ
3247 762 3500 818 καλέσει
3548 758 3796 814 αὐτὸν

2238 868 2248 879 .
2362 866 2384 879 ρ.
2604 869 2621 879 ..
2676 868 2696 879 -
2910 860 3040 879 ια---
3082 857 3194 879 1-1
3251 855 3490 879 u.--l..--
3547 851 3648 879 λη’.
3704 850 3794 879 λδ

462 850 791 967 Lede-optant
819 911 852 946 a
883 890 1131 945 Domino.
1190 884 1271 939 Tu
1307 880 1760 937 autemoocaberis
1796 876 2043 941 requisita

2205 868 2296 922 τὸν
2347 866 2542 935 ἅγιον,
2584 860 3042 930 λελυτρωμένον
3077 857 3195 911 ὑπὸ
3244 855 3490 923 Κυρίου·
3542 851 3649 905 σὺ
3700 850 3793 902 δὲ

467 995 660 1048 civitas
683 1030 702 1056 ,
728 998 777 1043 et
802 1002 906 1041 non
939 980 1212 1038 derelicta.

2203 960 2428 1029 ῑηθήσῃ
2456 956 2878 1025 ἐπιξιιτουμένη
2904 955 3102 1017 πόλις,
3136 948 3236 1002 καί
3264 951 3374 1001 οὐκ
3399 947 3791 1015 ἐγκαταλε-

544 1160 885 1220 Pmuntiat
928 1144 1221 1212 adventum
1251 1147 1584 1211 Servatoris,
1617 1155 1675 1201 et
1705 1156 2049 1215 quaecunque

2201 1074 2237 1109 ει
2440 1091 2453 1105 .

2218 1052 2661 1218 ῐίιριέῗπῖγορεῠει
2680 1138 2739 1193 δὲ
2771 1136 2865 1191 τοῦ
2895 1135 3143 1205 Σωτῆρος
3166 1132 3264 1203 τὴν
3291 1131 3496 1199 ἄφιξιν,
3534 1130 3662 1182 ὅσα
3710 1144 3789 1179 τε

477 1259 606 1312 inde
658 1252 850 1308 lucrati
892 1263 1118 1313 sumus,
1155 1260 1219 1299 ac
1262 1242 1484 1297 divitias
1531 1238 1737 1294 dandas
1777 1238 1829 1291 in
1864 1236 2039 1303 ipsum

2200 1242 2214 1262 ’
2243 1239 2411 1308 αὐτῆς
2443 1234 2876 1306 κεκερδήκαμεν,
2900 1230 2993 1283 καὶ
3011 1228 3102 1281 τὸν
3128 1226 3488 1295 δοθησόμενον
3514 1224 3659 1284 τοῖς
3683 1224 3788 1283 εἰς

476 1347 845 1403 credentibus.
882 1342 1075 1397 Filiam
1111 1336 1355 1392 nominat
1392 1334 1547 1388 Sion.
1591 1330 1720 1385 Sive
1751 1338 1930 1382 autem
1961 1340 2052 1380 ve-

2198 1331 2314 1385 ὒτδν
2335 1327 2649 1383 πιστεύουσι
2678 1324 2927 1377 πλοῦτον.
2941 1319 3237 1389 ’Θυγατέρα
3258 1333 3322 1386 γε
3346 1316 3452 1387 μὴν
3470 1313 3786 1383 ὀνομάζει

482 1442 543 1494 lit
568 1439 691 1509 quis
711 1438 1002 1503 antiquam
1030 1432 1175 1484 illam
1204 1424 1520 1496 utpotejam
1553 1424 1804 1489 adeptam
1832 1419 2051 1473 miseri—

2197 1421 2249 1487 ην
2272 1416 2428 1471 Σιών.
2447 1416 2557 1468 Καὶ
2582 1417 2629 1467 εἰ
2667 1413 2763 1483 μὲν
2794 1410 3033 1482 βούλοιτό
3062 1426 3144 1472 τις
3163 1407 3261 1478 τὴν
3285 1404 3520 1477 ἀρχαίαν
3548 1404 3785 1455 νοείτω

484 1494 755 1592 cordiam,
808 1494 991 1581 et'lide
1021 1494 1395 1592 justiﬁcatam,
1426 1517 1542 1569 sive
1595 1527 1817 1578 novam,
1866 1511 1918 1564 id
1961 1518 2053 1564 est

2192 1528 2226 1574 ις
2276 1508 2584 1581 ήλεημένην
2632 1506 2766 1576 ήδηι,
2802 1504 2900 1557 καὶ
2948 1499 3371 1569 δεδικαιωμένην
3418 1497 3478 1548 ἐν
3530 1494 3780 1547 πίστει.

483 1586 786 1680 Ecclesiain
815 1658 830 1682 ,
872 1586 1173 1683 intelligere
1207 1630 1220 1665 :
1256 1626 1361 1665 non
1399 1606 1633 1663 absurde
1665 1604 1886 1666 dixerit,
1909 1601 2054 1670 quod

2204 1603 2219 1653 ἰ
2249 1601 2305 1654 δὲ
2332 1601 2395 1669 δὴ
2431 1600 2533 1671 τήν
2570 1599 2717 1661 νέαν,
2739 1594 2985 1649 τουτέστι
3012 1592 3109 1662 τὴν
3139 1589 3487 1658 Ἐκκλησίαν,
3522 1586 3785 1653 λέγοιτο

487 1717 605 1771 haec
645 1713 716 1767 sit
768 1711 913 1765 illius
942 1706 1126 1761 Sionis
1187 1702 1316 1757 lilia.
1371 1699 1541 1770 876
1598 1695 1763 1750 Primi
1797 1693 1942 1747 enim
1987 1706 2056 1744 ex

2194 1713 2222 1746 ν
2245 1695 2343 1747 οὐκ
2368 1691 2673 1754 ἀπεικότως
2694 1688 2790 1743 καὶ
2822 1686 2963 1757 αῦτη
2995 1684 3240 1753 θυγάτηρ
3273 1677 3411 1734 εἶναι
3436 1678 3549 1748 τῆς
3585 1677 3781 1730 Σιών.

482 1805 749 1877 sanguine
783 1800 999 1855 lsraelis
1027 1794 1243 1851 oriundi
1276 1793 1625 1846 crediderunt
1667 1804 1682 1839 :
1720 1795 1775 1839 et
1814 1784 2054 1853 gentium

2195 1785 2373 1858 [ρῶτοι
2393 1782 2501 1852 γὰρ
2524 1783 2575 1834 oi.
2604 1782 2664 1847 ἐξ
2693 1780 2924 1850 αἵματος
2956 1774 3172 1847 Ἰσραὴλ
3194 1770 3636 1831 πεπιστεύκασι,
3666 1768 3783 1822 καὶ

490 1862 731 1953 Ecciesta
766 1895 915 1948 velut
972 1891 1078 1945 ﬁlia
1110 1888 1356 1957 quaedam
1382 1885 1526 1937 dicta
1553 1891 1640 1935 est
1670 1876 1790 1946 ejus
1824 1890 1942 1943 quae
1990 1874 2057 1928 a-b

2192 1875 2274 1933 ίόν
2308 1894 2389 1939 τις
2413 1873 2656 1944 Θυγάτηρ
2688 1872 2787 1942 τῆς
2815 1869 2909 1923 ἀπ’
2933 1868 3111 1922 αὐτῶν
3142 1863 3411 1931 συστάσης
3440 1863 3497 1913 έν
3541 1862 3780 1930 ἀρχαῖς

490 1990 646 2044 initio
675 1986 743 2040 ab
769 1985 872 2038 illis
899 1952 1190 2036 constitit-ta
1220 1986 1325 2031 est.
1364 1977 1431 2027 At
1479 1973 1676 2043 quibus
1708 1968 1963 2031 mandat,
2002 1975 2059 2019 ttt

2190 1971 2494 2042 Εκκλησίας
2527 1969 2561 2038 ή
2605 1966 2663 2032 ἐξ
2691 1961 2860 2016 ὲθνῶν
2901 1958 3246 2030 ὀνομάζεται.
3282 1955 3405 2007 Τίσι
3439 1953 3496 2006 δὲ
3526 1952 3778 2005 κελεύει

486 2078 841 2149 Evangelium
870 2073 1192 2128 annuntient
1213 2069 1367 2124 Sinni
1391 2066 1415 2119 ?
1467 2065 1659 2119 Annon
1685 2061 1905 2116 omnino
1930 2074 2060 2113 sau-

2192 2066 2220 2117 δ
2241 2058 2699 2131 εὐαγγελίσασθαι
2721 2058 2786 2125 τῇ
2810 2052 2979 2118 Σιών;
3007 2051 3041 2121 ἢ
3066 2050 3281 2111 πάντως
3304 2064 3406 2099 που
3430 2048 3549 2108 τοῖς
3574 2044 3778 2112 ἁγίοις

492 2136 598 2227 etis
619 2136 947 2240 niystagogis
966 2165 1058 2235 qui
1082 2159 1413 2231 praefuerunt
1439 2155 1720 2218 Ecclesiis,
1742 2167 1877 2222 quos
1896 2154 2059 2205 etiam

2188 2154 2545 2221 ιυσταγωγοῖς
2577 2152 2690 2212 τοῖς
2716 2142 3075 2214 καθηγεῖσθαι
3101 2138 3353 2211 λαχοῦσιν
3380 2136 3776 2206 Ἐκκλησιῶν,

488 2260 652 2333 jussit
675 2228 899 2329 'apetdre
928 2228 1133 2326 portas,
1168 2263 1224 2308 et
1249 2251 1455 2321 lapides
1488 2248 1778 2318 diligenter
1801 2260 1833 2300 e
1886 2244 2063 2298 medio

2189 2240 2245 2310 νίς
2267 2245 2363 2298 καὶ⁵
2389 2240 2697 2311 ἀνοιγνύναι
2722 2238 2823 2300 τὰς
2850 2235 3042 2297 πύλας,
3065 2234 3161 2286 καὶ
3187 2233 3312 2294 τοὺς
3337 2229 3518 2292 λίθους
3548 2230 3625 2281 ὲκ
3664 2228 3777 2297 μὲ-

496 2321 896 2418 ἱοιιοτεὶρυίιι
917 2321 1001 2402 est
1028 2347 1190 2414 igitur
1232 2344 1375 2414 quod
1413 2338 1784 2409 praedicatur?
1847 2355 1865 2387 ι
1924 2336 2065 2388 Ecce

2188 2356 2262 2393 που
2293 2335 2635 2406 διαρρίπτειν
2656 2326 2713 2385 εὖ
2743 2328 2888 2401 μάλα
2916 2323 3309 2396 παρεκελεύετο
3335 2340 3349 2387 ;
3375 2322 3439 2374 Τί
3466 2321 3522 2374 δὲ
3544 2321 3622 2389 δὴ
3648 2321 3776 2390 ἄρα

499 2444 597 2499 tibi
632 2416 890 2497 Servator
922 2434 1145 2490 advenit
1208 2431 1415 2486 habens
1452 2427 1750 2481 mercedem
1802 2438 1976 2483 suam,
2012 2429 2066 2471 et

2186 2433 2227 2486 τὸ
2261 2429 2700 2502 κηρυττόμενον;
2727 2442 2746 2475 t
2783 2421 2913 2477 Ἰδού
2950 2436 3031 2473 σοι
3064 2420 3093 2472 ὁ
3137 2417 3328 2488 Σωτὴρ
3361 2416 3774 2488 παραγέγονεν

496 2553 634 2608 opus
669 2541 797 2588 ante
826 2531 1020 2585 faciem
1050 2540 1225 2580 suam.
1266 2542 1284 2575 ι
1327 2521 1440 2574 Duo
1468 2517 1629 2573 simul
1669 2516 1842 2585 ponit,
1886 2512 2066 2567 divina

2188 2522 2306 2593 Ξχων
2335 2521 2427 2574 τὸν
2458 2516 2654 2571 ἑαυτοῦ
2684 2513 2895 2585 μισθὸν,
2921 2512 3016 2565 καὶ
3034 2511 3095 2564 τὸ
3121 2508 3280 2581 ἔργον
3316 2507 3422 2580 πρὸ
3449 2505 3776 2575 «posuimus;

500 2597 557 2682 ei
597 2625 823 2686 eximia,
855 2622 999 2675 unde
1049 2613 1336 2671 manifesta
1390 2612 1484 2665 iiat
1522 2606 1832 2663 Servatoris
1873 2602 2066 2675 gloria.

2180 2611 2358 2667 αὐτοῦ.
2384 2628 2401 2661 ι
2423 2608 2526 2663 Δύο
2559 2608 2771 2677 τίθησιν
2798 2603 2934 2675 ὁμοῦ
2962 2601 3243 2671 θεοπρεπῆ
3268 2616 3327 2652 τε
3351 2599 3444 2651 καὶ
3468 2597 3768 2667 ἐξαίρετα,

503 2719 677 2774 Divini
708 2716 852 2771 enim
894 2710 1179 2782 prophetae
1210 2703 1648 2760 exhortabautur
1677 2714 1794 2753 eam
1832 2698 1899 2751 ad
1944 2694 2069 2748 vita:

2184 2707 2235 2760 it‘
2262 2697 2337 2758 ὧν
2370 2701 2436 2756 ἂν
2469 2700 2677 2769 γένοιτο
2710 2695 3025 2766 καταφανής
3054 2692 3146 2745 τοῦ
3174 2691 3473 2761 Σωτῆροςή
3508 2688 3671 2752 δόξα.
3696 2689 3772 2740 οι

502 2810 851 2882 probitatem,
878 2780 934 2857 et
963 2780 1031 2855 ad
1052 2795 1520 2855 conversationem
1553 2791 1655 2861 legi
1681 2795 2068 2859 congruentem

2182 2798 2273 2869 μὲν
2294 2795 2403 2865 γάρ
2429 2792 2707 2848 θεσπέσιοι
2733 2789 3009 2860 προφῆται
3036 2783 3378 2855 παρεκάλουν
3402 2783 3483 2843 εἰς
3514 2780 3770 2843 εὐζωϊαν

502 2872 559 2957 et
614 2903 919 2956 honestam.
1000 2892 1203 2948 Deinde
1283 2887 1648 2943 meminerant
1728 2879 2070 2950 przntniorunt

2180 2887 2362 2958 αὐτὴν,
2393 2887 2487 2940 καὶ
2516 2886 2594 2947 είς
2625 2881 2846 2951 ἑννομόν
2879 2896 2940 2932 τε
2972 2878 3067 2931 καὶ
3105 2876 3418 2946 εὐσχήμονα
3450 2872 3768 2926 πολιτείαν.

505 3009 626 3064 quat
650 2988 921 3059 accepturi
954 2992 1112 3041 erant
1140 2981 1270 3036 olim
1303 2995 1332 3031 a
1369 2978 1498 3040 Deo,
1550 2974 1751 3043 quibus
1785 2985 1930 3025 cura:
1953 2976 2073 3022 erat

2182 2976 2241 3034 Εἴ
2260 2997 2329 3033 τα
2343 2977 2702 3049 διεμέμνηντο
2724 2972 2831 3026 τῶν
2861 2969 3061 3041 γερῶν,
3086 2970 3123 3023 ἃ
3152 2969 3303 3038 παρὰ
3331 2965 3466 3019 Θεοῦ
3492 2965 3770 3035 λήψονται

509 3056 655 3142 recte
690 3056 955 3136 faciormn
975 3074 1186 3146 gloria;
1242 3070 1336 3125 sed
1368 3084 1474 3123 non
1523 3072 1681 3121 erant
1726 3061 1827 3132 ipsi
1860 3062 2075 3115 datores

2180 3072 2322 3127 κατὰ
2353 3070 2601 3141 καιροὺς,
2630 3061 2713 3129 οἷς
2750 3064 2816 3119 ἂν
2842 3063 3054 3131 γένοιτο
3086 3061 3147 3113 τδ
3172 3060 3478 3127 εὐδοκιμεῖν
3502 3058 3560 3109 ὲν
3590 3056 3768 3125 λόγῳ,

507 3173 870 3248 spiritualium
888 3168 1303 3226 charismatum,
1334 3159 1427 3215 sed
1447 3155 1837 3227 pranlicebant,
1859 3152 2073 3217 ut,dixi,

2182 3164 2292 3218 ἀλλ’
2318 3164 2419 3215 οὐκ
2448 3162 2601 3214 αὐτοὶ
2640 3155 2999 3227 χαρισμάτων
3023 3152 3245 3222 δοτῆρες
3276 3146 3414 3221 ἦσαν
3439 3149 3547 3201 τῶν
3590 3164 3770 3200 πνευ-

509 3265 903 3342 promissiones
954 3260 1069 3314 Dei.
1133 3256 1523 3312 Universorum
1562 3259 1743 3304 autem
1797 3246 2074 3307 Senator,

2184 3253 2449 3325 ματικῶν.
2504 3250 2882 3322 Προηγόρευον
2935 3246 3028 3309 δὲ,
3079 3245 3154 3307 ὡς
3198 3243 3371 3313 έφην,
3431 3240 3771 3310 ὑποσχέσεις

511 3335 702 3431 utpote
736 3359 898 3419 Deus,
925 3353 1095 3408 habet
1121 3357 1444 3420 potestatem
1485 3342 1645 3398 dandi
1681 3338 2005 3401 mercedem,
2028 3344 2082 3390 et

2185 3347 2342 3401 Θεοῦ.
2386 3346 2444 3399 '0
2479 3345 2536 3399 δέ
2570 3361 2631 3412 γε
2673 3343 2783 3396 τῶν
2826 3342 2963 3396 ὅλων
2992 3338 3202 3411 Σωτὴρ,
3239 3338 3333 3392 am
3370 3336 3435 3409 δὴ
3483 3335 3623 3398 Θεὸς
3663 3337 3770 3389 ὑπ-

511 3428 776 3525 ιιτπιοτοο
827 3443 1144 3514 dispiciendi
1175 3479 1192 3504 ,
1238 3438 1329 3507 qui
1378 3436 1568 3490 modus
1597 3432 1794 3501 cuique
1849 3438 1903 3483 et
1940 3429 2081 3496 quod

2184 3441 2393 3509 άρχων,
2423 3436 2536 3506 ἔχει
2566 3436 2627 3488 τὸ
2653 3434 2916 3488 δύνασθαι
2952 3431 3149 3486 διδόναι
3182 3429 3403 3501 μισθοὺς
3421 3468 3437 3492 ,
3471 3428 3568 3481 καὶ
3591 3444 3772 3498 προσ·-

511 3519 649 3617 opus
690 3539 1027 3596 tribuendum
1061 3535 1151 3589 sit.
1184 3531 1280 3587 Est
1305 3531 1448 3584 enim
1476 3528 1577 3581 hoc
1613 3526 1854 3578 divinum
1883 3560 1897 3574 .
1931 3520 2081 3575 Scri-

2184 3529 2453 3600 επιτούτῳ
2489 3528 2551 3579 τὸ
2598 3528 2801 3598 ὲφορᾷν
2840 3526 3053 3594 ἑκάστῳ
3102 3522 3194 3575 τὸν
3241 3521 3470 3592 τρόπον,
3519 3519 3647 3588 ἢτοι
3700 3519 3772 3571 τὸ

510 3647 665 3708 ptum
690 3646 922 3699 namque
942 3637 1024 3681 est
1054 3642 1070 3677 :
1100 3643 1117 3675 ι
1144 3622 1338 3678 Coram
1362 3619 1534 3673 oculis
1562 3617 1651 3671 Dei
1687 3623 1811 3670 sunt
1839 3614 1938 3666 viae
1962 3610 2083 3674 viri,

2185 3622 2344 3693 ἔργον
2367 3638 2378 3649 ·
2404 3620 2703 3692 θεοπρεπὲς
2726 3618 2836 3690 γὰρ
2856 3618 2952 3671 καὶ
2978 3616 3155 3670 τοῦτο.
3178 3614 3491 3684 Γέγραπται
3517 3611 3653 3682 γὰρ,
3681 3612 3769 3664 ὅτι

512 3703 812 3794 omnesque
856 3721 1078 3776 semitas
1116 3716 1230 3784 ejus
1265 3713 1577 3769 considerat
1602 3710 1647 3763 ⁷.
1689 3727 1709 3762 ι
1734 3738 1805 3747 -
1836 3724 1855 3758 ι
1899 3705 2087 3760 Veniet

2192 3732 2210 3765 ι
2250 3712 2510 3767 Ἐνὼπιόν
2541 3713 2647 3764 είσι
2669 3710 2777 3763 τῶν
2801 3708 2895 3763 τοῦ
2917 3706 3053 3762 Θεοῦ
3076 3705 3372 3776 ὀφθαλμῶν
3400 3704 3509 3757 ὁδοὶ
3541 3703 3762 3773 ἀνδρὸς,

516 3819 702 3890 igitur.
742 3834 761 3867 ι
805 3813 976 3884 inquit
1000 3850 1016 3873 ,
1042 3827 1065 3861 ι
1100 3808 1305 3862 habens
1323 3818 1477 3858 suum
1512 3802 1838 3863 mercedem,
1869 3816 1887 3849 ι
1912 3798 1963 3852 id
1981 3809 2082 3863 est,

2187 3808 2266 3870 εἰς
2290 3807 2348 3860 δὲ
2375 3807 2553 3869 πάσας
2587 3804 2686 3867 τὰς
2709 3802 2933 3875 τροχιὰς
2959 3800 3125 3855 αὑτοῦ
3145 3799 3419 3853 σκοπεύει.
3451 3814 3575 3849 ι-ι
3600 3795 3767 3860 Ἥξει

515 3888 739 3980 praemia
776 3906 909 3959 dans
947 3902 1030 3955 his
1085 3913 1222 3968 quos
1254 3910 1353 3964 par
1378 3906 1466 3949 est
1502 3892 1769 3962 accipere.
1807 3889 2085 3959 Siquidem

2186 3899 2386 3961 τοίνυν,
2418 3916 2436 3949 ι
2480 3897 2665 3968 φησὶν,
2712 3914 2731 3947 ι
2766 3896 2906 3965 έχων
2947 3892 3038 3947 τὸν
3066 3890 3259 3945 ἑαυτοῦ
3301 3888 3511 3961 μισθὸν,
3541 3907 3561 3940 ι
3603 3905 3767 3942 τουτ-

516 3976 702 4053 divino
731 3996 891 4049 Petro
936 4000 1084 4046 recte
1130 3988 1291 4043 [idem
1338 3985 1646 4049 conﬁtenti,
1678 4001 1696 4034 ι
1744 3983 1910 4045 Daho,
1946 3999 1966 4033 ι
2004 3980 2089 4035 in-

2190 3986 2360 4048 έστιν,
2390 3986 2554 4049 αὐτὸς
2581 3984 2650 4038 τὰ
2675 3983 2815 4055 γέρα
2840 3982 3035 4045 διδοὺς,
3052 3976 3134 4045 οἷς
3162 3980 3229 4035 ἂν
3246 3980 3443 4050 πρέποι
3468 3978 3529 4031 τὸ
3551 3978 3762 4032 λαϐεῖν.

524 4089 671 4156 quit,
711 4105 730 4138 ι
772 4084 866 4140 tibi
912 4083 1093 4137 claves
1115 4079 1267 4150 regni
1310 4078 1594 4133 caelorum.
1642 4072 1710 4129 Et
1757 4086 2091 4142 quaecunque

2189 4080 2299 4134 Καὶ
2336 4078 2469 4147 γοῦν
2508 4077 2904 4149 ὁμολογήσαντι
2956 4074 3054 4145 μὲν
3095 4074 3195 4142 τὴν
3233 4073 3413 4125 πίστιν
3461 4069 3635 4141 ὀρθῶς
3680 4072 3766 4141 τῷ

518 4178 778 4251 ligaveris
804 4189 968 4245 super
1020 4183 1221 4227 terram
1255 4208 1271 4235 ,
1320 4177 1482 4223 erunt
1525 4167 1689 4237 ligata
1732 4164 1786 4219 in
1821 4164 1995 4219 ctelis.
2025 4162 2092 4218 Et

2190 4171 2461 4242 θεσπεσίῳ
2504 4170 2713 4241 Πέτρῳ,
2753 4186 2772 4219 ι
2795 4166 2963 4221 Δώσω
3000 4184 3103 4229 σοι.
3128 4184 3149 4218 ι
3183 4166 3335 4236 φησὶ,
3376 4183 3394 4215 ι
3415 4163 3514 4227 τὰς
3546 4162 3766 4227 κλεῖδας

519 4282 858 4344 quaecunque
890 4263 1120 4321 solveris
1171 4275 1333 4330 super
1366 4269 1590 4324 terram,
1639 4266 1801 4311 erunt
1824 4255 2001 4311 soluta
2035 4255 2089 4309 in

2190 4266 2291 4330 τῆς
2309 4261 2585 4331 βασιλείας
2598 4258 2706 4313 τῶν
2718 4257 2987 4330 οὐρανῶν,
3016 4256 3112 4309 καὶ
3124 4257 3227 4310 ὅσα
3241 4255 3337 4308 ἐὰν
3353 4255 3521 4326 δήσῃς
3546 4254 3639 4306 ἐπὶ
3660 4254 3764 4325 τῆς

521 4363 678 4421 caelis
706 4362 750 4416 '.
785 4377 806 4413 ι
842 4357 1004 4413 Dedit
1030 4364 1208 4408 autem
1238 4353 1292 4407 in
1334 4352 1648 4405 universum
1678 4348 1931 4403 omnibus
1963 4363 2092 4402 saa-

2192 4354 2317 4424 γῆς,
2350 4352 2503 4406 ἔσται
2538 4351 2800 4419 δεδεμένα
2844 4351 2905 4403 ὲν
2929 4351 3041 4413 τοῖς
3083 4348 3351 4420 οὐρανοῖς,
3393 4350 3487 4401 καὶ
3524 4346 3628 4400 ὅσα
3664 4347 3761 4399 ἐὰν

523 4457 630 4511 ctis
662 4451 920 4525 apostolis
956 4455 1277 4519 potestatem
1327 4454 1518 4497 contra
1564 4440 1874 4495 immundos
1926 4438 2091 4509 spiri-

2192 4446 2362 4517 λύσῃς
2388 4444 2481 4497 ἐπὶ
2507 4446 2605 4514 τῆς
2634 4444 2759 4514 γῆς,
2776 4442 2930 4496 έσται
2950 4441 3219 4513 λελυμένα
3239 4443 3299 4495 ὲν
3323 4442 3434 4503 τοῖς
3458 4440 3716 4511 οὕρανοῖς.
3733 4458 3755 4491 ι

526 4558 635 4611 tus,
669 4556 722 4598 et
752 4553 809 4596 ut
836 4546 1054 4612 possent
1077 4550 1269 4591 curare
1284 4550 1502 4589 omnem
1519 4534 1765 4588 morbum
1793 4542 1847 4587 et
1875 4546 2093 4587 omnem

2207 4534 2526 4606 Ἐχαρίζετο
2552 4533 2607 4585 δὲ
2642 4533 2738 4586 καὶ
2768 4532 3067 4605 συλλήϐδην
3089 4532 3262 4587 ἅπασι
3289 4534 3401 4596 τοῖς
3429 4530 3599 4600 ἁγίοις
3625 4532 3758 4585 ἀπο-

525 4637 898 4694 ioiirmitatem
934 4635 986 4686 in
1017 4631 1218 4701 populo
1243 4630 1288 4683 ’.
1321 4628 1483 4684 Certe
1513 4636 1568 4680 et
1597 4625 1791 4679 latroni
1838 4622 2093 4695 pendenti

2199 4625 2405 4689 στόλοις
2440 4623 2579 4677 κατὰ
2626 4625 2953 4695 πνευμάτων
2998 4623 3324 4696 ἀκαθάρτων
3356 4622 3626 4688 ἐξουσίαν,
3665 4624 3757 4677 καὶ

527 4747 632 4785 una
668 4744 791 4783 cum
824 4727 940 4795 ipso
973 4724 1113 4777 dixit
1135 4722 1294 4777 [idem
1339 4736 1446 4774 non
1487 4723 1780 4773 carituram
1810 4731 1909 4771 suo
1953 4729 2092 4784 pra:-

2168 4712 2170 4729 ’
2198 4718 2260 4771 τὸ
2284 4716 2607 4788 θεραπεύειν
2638 4715 2895 4769 δύνασθαι
2925 4718 3105 4769 πᾶσαν
3130 4716 3303 4779 νόσον,
3338 4716 3431 4768 καὶ
3456 4716 3627 4768 πᾶσαν
3655 4732 3756 4783 μα-

529 4824 679 4877 mio:
723 4837 742 4869 ι
783 4817 953 4870 Amen
998 4814 1117 4867 dico
1146 4812 1261 4876 tibi,
1316 4810 1473 4865 hodie
1508 4824 1718 4864 mecum
1759 4808 1868 4863 eris
1902 4807 1954 4861 in
2000 4822 2095 4876 pa-

2200 4807 2394 4861 λακίαν
2428 4807 2486 4858 ὲν
2516 4805 2591 4876 τῷ
2632 4805 2765 4876 λαῷ.
2804 4806 2916 4860 Ναὶ
2960 4805 3064 4877 μὴν
3101 4804 3196 4859 καὶ
3221 4804 3300 4875 τῷ
3333 4806 3753 4876 συγκρεμαμένῳ

531 4912 710 4967 radiso
738 4908 808 4962 ¹⁰.
846 4925 864 4958 ι
890 4904 1027 4959 Cum
1060 4916 1193 4972 ergo
1216 4902 1427 4956 venerit
1449 4940 1465 4967 ,
1498 4918 1519 4951 ο
1554 4898 1766 4968 inquit,
1812 4916 1830 4949 ι
1868 4913 1963 4952 eos
2002 4899 2093 4967 qui

2200 4897 2370 4968 λῃστῇ
2420 4894 2518 4967 τήν
2579 4896 2759 4949 πίστιν
2809 4897 2910 4949 οὐκ
2967 4895 3198 4966 ἄμισθον
3230 4894 3398 4949 εἰπὼν
3448 4896 3748 4966 ἀπέφηνεν

529 5003 760 5058 credunt
820 4998 873 5052 in
907 4997 1104 5063 ipsum,
1137 5011 1155 5045 ι
1190 4992 1403 5046 vocabit
1457 4988 1708 5060 populum
1749 4998 1994 5043 sanctum
2042 4997 2097 5042 et

2209 5007 2228 5039 ι
2266 4985 2437 5058 Ἀμὴν
2479 4986 2623 5055 λέγω
2671 5002 2772 5053 σοι,
2825 4988 3064 5058 σήμερον
3099 4987 3217 5058 μετ’
3256 4986 3391 5056 ἐμοῦ
3424 4986 3519 5057 ἔσῃ
3574 4989 3628 5038 ἐν
3675 4987 3750 5059 τῷ

531 5094 863 5162 redemptum
891 5103 921 5142 a
956 5086 1207 5141 Domino.
1245 5103 1265 5136 ι
1297 5081 1410 5137 Non
1439 5082 1582 5136 enim
1602 5079 1829 5152 legatus,
1862 5094 1967 5133 non
2003 5094 2102 5132 an-

2208 5078 2538 5151 παραδείσῳ.
2563 5097 2583 5130 ι
2614 5078 2937 5150 Ἀφιγμένος
2965 5079 3029 5150 δὴ
3062 5074 3176 5146 οὖν,
3213 5081 3367 5149 φησὶ,
3396 5080 3518 5143 τοὺς
3556 5078 3649 5148 μὲν
3675 5081 3750 5143 είς

531 5186 701 5256 gelus,
738 5182 830 5237 sed
862 5182 975 5250 ipse
1010 5176 1272 5233 Dominus
1313 5174 1554 5230 servavit
1603 5189 1721 5239 nos,
1768 5171 1927 5227 sicuti
1962 5172 2099 5225 scri-

2211 5171 2373 5225 αὑτὸν
2414 5170 2765 5234 πιστεύοντας
2803 5188 2823 5221 ι
2852 5171 3070 5224 καλέσει
3115 5171 3243 5225 λαὸν
3270 5170 3446 5240 άγιον,
3489 5171 3575 5225 καὶ
3607 5171 3750 5225 λελυ-

532 5285 680 5345 ptum
704 5271 881 5327 est”.
904 5288 922 5321 ι
951 5268 1031 5325 Tu
1048 5276 1248 5334 autem,
1270 5281 1303 5321 ο
1325 5265 1477 5329 Sion,
1504 5283 1521 5315 ι
1546 5266 1659 5319 sive
1681 5262 1941 5325 Ecclesia,
1962 5281 1980 5313 ι
2006 5278 2100 5316 vo-

2201 5262 2482 5333 τρωμένον
2508 5262 2617 5316 άπὸ
2652 5261 2877 5333 Κυρίου.
2906 5281 2925 5313 ι
2952 5262 3027 5315 Οὐ
3055 5262 3162 5333 γὰρ
3193 5262 3455 5333 πρέσϐυς,
3479 5264 3575 5315 οὐκ
3599 5262 3749 5331 ἀγγε-

534 5363 749 5419 caberis
788 5362 1048 5430 requisita
1079 5359 1274 5414 civitas
1302 5367 1357 5412 et
1392 5372 1497 5410 non
1526 5354 1805 5410 derelicta.
1853 5372 1871 5403 ι
1900 5352 2105 5421 Requi-

2202 5351 2315 5417 λος,
2349 5349 2462 5404 ἀλλ’
2496 5351 2656 5413 αὐτὸς
2684 5352 2713 5402 ὁ
2739 5350 2941 5421 Κύριος
2970 5350 3175 5405 ἔσωσεν
3202 5354 3370 5423 ἡμᾶς,
3394 5352 3535 5406 καθὰ
3561 5353 3748 5425 γέγρα-

536 5457 695 5511 sitam
752 5453 912 5521 dicit,
964 5461 1019 5508 et
1056 5451 1315 5506 memoria
1362 5450 1596 5519 dignam.
1665 5446 1901 5501 Tenetur
1958 5447 2102 5500 enim

2205 5458 2369 5498 πταιο
2396 5462 2415 5495 ι
2444 5443 2518 5496 Συ
2549 5443 2626 5507 δὲ,
2665 5442 2824 5509 Σιὼν,
2861 5464 2879 5495 ι
2913 5445 3080 5515 ήγουν
3116 5446 3431 5513 Ἐκκλησία,
3466 5465 3486 5497 ι
3524 5446 3743 5518 κληθήσῃ

539 5547 799 5603 memoria
822 5545 964 5616 quod
1011 5545 1290 5614 quaeritur.
1343 5505 1559 5595 Etunon
1585 5538 1860 5604 derelicta,
1903 5546 1961 5591 ut
1994 5538 2105 5606 pri-

2206 5505 2621 5605 émgqtoupévq
2653 5505 2840 5600 πόλις,
2872 5505 2974 5588 καὶ,
3010 5536 3110 5589 οὐκ
3155 5505 3740 5611 ἐγκαταλελειμμένη’·;

613 5716 638 5751 '
672 5716 833 5774 Prov.
859 5732 912 5787 v,
945 5717 1037 5772 21.
1111 5718 1133 5750 ⁸
1174 5716 1363 5773 Matth.
1396 5728 1505 5785 xw,
1540 5715 1621 5770 l9.
1698 5716 1718 5749 ⁹
1758 5714 1949 5769 Matth.
1984 5729 2058 5783 tv,
2092 5714 2183 5771 25.

1758 5714 1949 5769 Matth.
1984 5729 2058 5783 tv,
2092 5714 2183 5771 25.
2222 5791 2232 5800 _
2261 5715 2303 5747 ¹⁰
2335 5713 2466 5770 Luc.
2503 5730 2654 5784 χχιιι,
2688 5717 2777 5772 45.
2874 5717 3063 5791 "'_lsa.
3101 5732 3257 5786 unt,
3289 5719 3322 5773 9
