4022 6400
288 374 436 429 4381
1417 371 1499 426 ἸΝ
1539 370 1772 427 ISAIAM
1811 369 1889 424 LII

1994 371 2043 425 θ’.
2086 370 2323 427 TOMUS
2364 370 2428 424 ν.
3418 361 3557 417 1382

301 492 365 544 eo
395 490 474 554 δὲ,
509 487 932 560 ὲπιζητουμένη,
953 489 1274 559 manant
1301 489 1416 554 τοῦ,
1439 490 1659 560 μνήμης
1693 488 1875 552 ἀξιου-

1994 504 2068 543 na
2104 490 2217 553 illa,
2243 490 2293 544 id
2326 499 2409 543 est
2444 485 2736 541 inﬁdelium
2765 482 3072 538 multitudo.
3106 480 3315 561 Dictum
3345 488 3428 535 est
3455 479 3557 548 igi-

303 582 465 652 μένη.
493 579 907 650 Μνημονεύεται
942 581 1049 651 γὰρ
1080 580 1141 635 τὸ
1168 581 1527 651 ζητούμενον·
1558 581 1652 633 καὶ
1676 581 1736 632 οὐ
1775 597 1876 633 κα-

1994 597 2067 635 .ιιι·
2096 596 2126 634 a
2169 583 2446 645 Deo,voce
2466 578 2713 635 Jeremiae
2739 593 2752 629 :
2783 577 2947 648 877
2995 596 3012 628 ι
3045 574 3310 644 Dereliqui
3340 573 3560 627 domum

301 673 720 744 ταλελειμμὲνη,
754 671 898 726 καθὰ
947 672 1042 727 καὶ
1076 674 1107 744 ἡ
1148 672 1361 744 πρώτη,
1403 672 1679 725 τουτέστιν
1707 674 1741 740 ἡ
1772 672 1879 724 τῶν

1994 689 2177 739 meam,
2214 674 2391 729 dimisi
2435 672 2801 727 luereditatem
2832 686 3027 725 meam.
3072 686 3091 720 ι
3128 668 3450 733 Dictumque
3472 671 3561 719 est

304 765 723 842 ἀπιστησάντων
753 763 983 835 πληθύς.
1021 763 1251 835 Εἴρηται
1280 765 1379 834 μὲν
1421 758 1514 817 οῦν
1557 763 1709 834 παρὰ
1741 764 1879 832 Χρι-

1994 781 2076 831 per
2106 766 2278 835 ipsum
2307 766 2544 821 oumium
2578 775 2820 820 nostrum
2853 761 3201 817 Servatoretn
3233 758 3508 813 Christum
3540 770 3556 808 :

306 855 545 933 στοῦδιὰ
586 856 684 926 μὲν
712 855 813 925 τῆς
845 855 1107 926 Ἰερεμίου
1141 859 1342 926 φωνῆς,
1367 873 1386 905 ι
1412 854 1879 923 Ἐγκαταλέλοιπα

1994 874 2001 906 ι
2032 857 2169 912 Ecce
2205 858 2528 927 relinquitur
2548 859 2701 912 vobis
2747 856 2938 909 doums
2970 853 3219 907 vestra“.
3262 870 3280 903 ι

296 946 396 1000 ’τὸν
431 941 577 1001 οἶκόν
623 964 744 1018 μου,
777 946 962 1016 ἀφῆκα
997 947 1094 1019 τὴν
1146 948 1509 1019 κληρονομίαν
1550 965 1673 1019 μου,
1722 965 1741 998 ι
1779 947 1867 1000 διὰ
1896 948 1953 1001 δὲ
1989 950 2091 1020 τῆς
2140 950 2306 1005 αὐτοῦ
2364 950 2458 1005 τοῦ
2516 951 2730 1004 πάντων
2779 946 2936 1020 ἡμῶν
2985 947 3237 1016 Σωτῆρος
3285 937 3557 1013 Χριστοῦ*

311 1057 331 1092 ι
366 1039 496 1093 Ἰδοὺ
519 1038 736 1107 ἀφίεται
760 1039 789 1090 ὁ
815 1033 961 1100 οἶκος
995 1036 1149 1107 ὑμῶν
1178 1038 1325 1108 ὑμῖν.
1354 1056 1373 1088 ι

366 1134 476 1199 -Τίς
505 1128 683 1199 οὗτος
715 1135 749 1186 ὁ
776 1133 1254 1202 παραγενόμενος
1277 1132 1347 1197 ἐξ
1378 1131 1593 1202 Ἑδώμῖ
1620 1134 1884 1202 ἐρύθημα

292 1219 549 1297 λίματίων
567 1224 754 1279 αὑτοῦ
771 1224 839 1277 ἐκ
868 1216 1095 1291 Βοσόρ;
1128 1220 1317 1289 Οὗτος
1338 1224 1549 1292 ὡραῖος
1565 1225 1637 1278 ἐν
1663 1224 1880 1295 στολῇ,

280 1315 424 1383 ,βοᾷ
462 1317 614 1386 μετὰ
650 1315 863 1382 ἰσχύος
880 1332 895 1345 ο
921 1312 1071 1384 Ἐγὼ
1092 1314 1437 1385 διαλέγομαι
1463 1315 1878 1385 δικαιοσύνην,

305 1415 402 1468 καὶ
454 1414 659 1483 κρίσιν
688 1413 1004 1480 σωτηρίου.
1042 1412 1206 1466 Διατί
1231 1428 1356 1467 σου
1388 1414 1606 1481 ἐρυθρὰ
1642 1414 1714 1468 τὰ
1753 1413 1879 1483 lad-

307 1522 423 1565 τια.
441 1506 540 1560 καὶ
570 1505 644 1559 τὰ
670 1503 970 1572 ἐνδύματά
1000 1520 1136 1565 σου,
1164 1504 1245 1568 ὡς
1267 1504 1384 1558 ἀπὸ
1406 1506 1672 1571 ποτητοῦ
1690 1506 1883 1573 ληνοῦ

288 1598 580 1667 πλήρους
620 1594 1222 1664 καταπεπατημένηςς
1254 1595 1365 1650 Kal
1396 1596 1525 1649 τῶν
1552 1595 1742 1650 ἐθνῶν
1773 1599 1881 1650 οὐκ

305 1691 479 1747 ἐστιν
503 1689 657 1758 ἀνὴρ
673 1688 800 1758 μετ’
826 1687 992 1757 ἐμοῦ.
1021 1686 1131 1741 Καὶ
1157 1686 1547 1755 κατεπάτησα
1570 1689 1789 1754 αὐτοὺς
1814 1688 1884 1740 ἐν

2064 1130 2195 1186 Cn.
2244 1125 2425 1182 LXIII.
2460 1127 2626 1182 Vsus.
2661 1126 2775 1181 1-7.
2813 1125 2945 1192 Quis
2984 1135 3059 1179 est
3090 1128 3188 1179 iste
3217 1125 3308 1195 qui
3330 1127 3465 1179 venit
3496 1143 3563 1181 ex

1992 1219 2377 1285 Edom,rnbor
2426 1218 2644 1274 uestium
2695 1232 2760 1270 ea:
2802 1216 2973 1270 Bosor
2999 1215 3025 1268 ?
3057 1215 3156 1268 llic
3204 1216 3467 1285 formosus
3506 1218 3563 1269 in

1988 1313 2145 1375 stola,
2182 1311 2433 1365 violenter
2466 1311 2661 1364 clamat
2696 1324 2813 1362 cum
2843 1306 3151 1376 fortitudine
3180 1323 3197 1361 :
3234 1304 3346 1377 Ego
3374 1307 3563 1375 loquor

1983 1402 2252 1473 justitiam
2282 1413 2331 1455 et
2377 1402 2642 1471 judicium
2686 1402 2958 1455 salutaris.
3017 1398 3195 1464 Quare
3236 1402 3396 1452 rubra
3440 1409 3561 1454 sunt

1995 1506 2089 1549 tua
2130 1496 2438 1547 vestimenta
2466 1494 2537 1562 [et
2566 1493 2883 1546 indumenta
2929 1502 3044 1558 tua,
3093 1493 3227 1546 sicut
3259 1492 3323 1544 de
3356 1491 3563 1545 calcato

1991 1588 2244 1641 torculori
2274 1587 2425 1654 plena
2450 1587 2746 1652 percalcato
2776 1585 2801 1637 1'
2848 1582 2916 1637 Et
2973 1600 3039 1638 ea:
3069 1584 3302 1653 gentibus
3347 1598 3451 1637 non
3485 1592 3564 1637 est

1990 1681 2069 1733 uir
2101 1695 2327 1732 mecum.
2360 1676 2429 1730 Et
2459 1676 2767 1731 conculcari
2791 1692 2875 1729 eos
2908 1676 2961 1729 in
2988 1676 3167 1745 furore
3195 1691 3330 1738 meo,
3362 1685 3410 1729 et
3432 1691 3567 1728 cott-

308 1780 494 1851 θυμῷ.
517 1780 612 1834 καί
635 1778 978 1833 natea/Iaca
1002 1777 1223 1843 αὐτοὺς
1240 1778 1321 1843 ὡς
1347 1777 1483 1846 γῆν.
1510 1777 1617 1832 Kal
1638 1778 1889 1847 κατήγα.

1995 1774 2132 1842 fregi
2185 1788 2274 1826 eos
2320 1773 2475 1841 quasi
2507 1781 2722 1825 terram.
2765 1769 2834 1822 Et
2883 1768 3079 1822 deduxi
3133 1767 3438 1837 sanguinem
3480 1782 3567 1821 eo-

296 1891 418 1943 .7or
449 1870 514 1925 τὸ
546 1867 688 1940 αἷμα
720 1867 919 1924 αὐτῶν
946 1870 1033 1935 εὶς
1064 1867 1182 1936 γῆν
1207 1868 1306 1939 (I),
1344 1869 1441 1923 καὶ
1470 1868 1667 1923 πάντα
1695 1870 1765 1923 τὰ
1788 1870 1883 1923 ἐν·

290 1962 538 2033 copam
552 1980 671 2032 μου
701 1962 985 2030 ἐμόλυνα.
1031 1959 1249 2031 Ἡμέρα
1285 1962 1395 2030 γὰρ
1429 1961 1890 2028 ἀνταποδόσεως

300 2048 577 2117 emi-.1057
622 2048 862 2115 αὐτοῖς,
902 2050 1002 2103 καὶ
1041 2049 1319 2115 ἐνιαυτὸς
1356 2049 1709 2119 λυτρὼσεως
1743 2050 1890 2120 πάρ-

290 2154 459 2194 Δεονινι.
488 2140 594 2195 Kal
623 2138 952 2208 ἐπέὅλεψα,
970 2138 1071 2194 καὶ
1093 2140 1295 2204 οὐδεὶς
1314 2141 1561 2208 βοηθός.
1579 2142 1688 2196 Kal
1712 2156 1891 2211 προσ-

290 2234 572 2303 ·ενόησα,
614 2233 714 2287 καὶ
754 2233 954 2300 οὐδεὶς
1001 2232 1399 2299 ἀντελάϐετο,
1452 2235 1553 2288 καί
1594 2235 1889 2303 ἐρρύσατο

290 2324 531 2392 αὐτοὺς
564 2329 596 2379 ὀ
617 2325 890 2395 βραχίων
914 2342 1062 2393 μου,
1089 2323 1190 2377 καὶ
1220 2327 1253 2379 ό
1281 2325 1467 2394 θυμός
1485 2343 1612 2395 μου
1637 2325 1886 2394 ἐπέστη.

308 2418 420 2475 Kal
445 2416 834 2485 κατεπάτησα
876 2417 1098 2483 αὐτοὺς
1138 2415 1217 2487 τῇ
1262 2416 1410 2487 ὀργῇ
1436 2435 1578 2487 μου,
1627 2417 1727 2472 καί
1752 2418 1889 2486 ἐμέ-

290 2514 469 2565 οθυσα
495 2508 716 2576 αὐτοὺς
739 2509 809 2563 ἐν
832 2508 912 2575 τῷ
952 2508 1118 2578 θυμῷ
1140 2526 1261 2579 μου
1291 2510 1391 2580 (‘2),
1422 2508 1524 2563 καὶ
1549 2510 1892 2581 κατήγαγον

309 2603 377 2655 τὸ
403 2596 547 2671 αἷμα
572 2600 771 2654 αὐτῶν
790 2602 881 2666 εὶς
903 2599 1041 2669 γῆν.

383 2693 571 2765 Σοφῶς
611 2693 705 2747 καὶ
734 2692 1000 2763 ἐντέχνως
1033 2690 1136 2761 τῆς
1165 2692 1503 2764 προφητείας
1533 2694 1562 2745 ὁ
1603 2694 1760 2762 λόγος
1797 2710 1892 2763 μο·

1996 1880 2112 1916 runt
2162 1864 2218 1917 in
2275 1877 2509 1925 terram,
2562 1871 2607 1915 et
2660 1861 2833 1913 omnia
2884 1860 3183 1913 vestimenta
3228 1875 3338 1911 ηιειι
3389 1858 3567 1925 inqui-

1991 1957 2131 2008 navi.
2182 1954 2304 2007 Dies
2334 1955 2481 2007 enim
2536 1951 2892 2005 retributionis
2940 1951 3071 2004 venit
3117 1951 3228 2013 eis,
3285 1960 3335 2003 et
3392 1964 3565 2002 annus

1992 2041 2364 2109 redemptionis
2400 2042 2568 2094 adest.
2594 2037 2663 2092 Et
2688 2038 2912 2106 respexi,
2964 2048 3013 2092 et
3041 2055 3144 2091 non
3181 2048 3293 2091 erat
3323 2037 3566 2107 adjutor;

1991 2131 2318 2184 consideravi
2343 2169 2359 2193 ,
2391 2138 2439 2183 et
2481 2128 2660 2181 nullus
2684 2138 2794 2180 erat
2828 2128 2918 2197 qui
2963 2126 3218 2196 pra-heret
3279 2126 3564 2178 auxilium.

1991 2211 2060 2274 Et
2096 2222 2453 2275 Iiberauiteos
2509 2219 2779 2275 brachium
2814 2234 2992 2272 meum
3025 2227 3071 2270 et
3106 2216 3257 2286 furor
3286 2232 3429 2269 meus
3470 2214 3569 2267 ad-

1992 2315 2126 2367 venit
2148 2330 2169 2379 ;
2209 2323 2258 2367 et
2308 2311 2611 2367 conculcavi
2656 2328 2743 2367 eos
2794 2312 2878 2365 ira
2917 2325 3065 2375 mea,
3100 2319 3158 2363 et
3198 2308 3451 2363 inebriovi
3479 2324 3567 2362 eos

1984 2405 2171 2471 furore
2228 2419 2368 2469 meo,
2400 2403 2712 2475 deduxique
2766 2400 3074 2471 sanguinem
3116 2415 3298 2455 eorum
3352 2399 3406 2452 in
3460 2408 3567 2452 ter-

1992 2512 2106 2550 ram

2065 2697 2356 2769 Sapienter
2395 2705 2452 2752 et
2502 2694 2800 2752 artiﬁciose
2827 2692 3147 2764 prophetica
3179 2690 3356 2745 oratio
3420 2690 3567 2744 redi-

304 2787 523 2857 νονουχὶ
550 2786 832 2857 ζωγραφεῖ
855 2785 955 2856 τὴν
994 2785 1075 2847 είς
1112 2785 1377 2856 οὐρανοὺς
1405 2786 1759 2857 ἀναφοίτησιν
1794 2786 1889 2840 τοῦ

1994 2791 2184 2846 tumin
2225 2788 2395 2844 caelos
2435 2789 2675 2842 omnium
2739 2795 2985 2840 nostrum
3022 2781 3333 2839 Servatoris
3364 2780 3567 2835 Christi

302 2878 532 2932 πάντων
565 2877 723 2949 ἡμῶν
763 2877 1013 2948 Σωτῆρος
1036 2876 1277 2948 Χριστοῦ
1300 2894 1314 2908 ·
1339 2878 1627 2946 ἐξαγαγεῖν
1663 2878 1772 2948 γὰρ
1812 2880 1889 2942 εἰς

1995 2893 2201 2937 tantum
2224 2896 2331 2935 non
2386 2879 2648 2948 depingit.
2683 2876 2898 2932 Virtute
2952 2876 3097 2930 enim
3144 2871 3567 2943 dispensationis

313 2972 486 3044 πέρας
525 2972 627 3043 τῆς
678 2970 817 3041 μετὰ
877 2970 1079 3042 σαρκὸς
1120 2970 1431 3042 οἰκονομίας
1478 2971 1576 3043 τὴν
1628 2971 1889 3041 δύναμιν,

1995 2978 2047 3030 in
2070 2990 2234 3031 carne
2258 2975 2324 3028 ad
2350 2974 2512 3029 linem
2539 2975 2825 3044 perducta,
2858 2970 2923 3025 ad
2948 2970 3221 3025 caelestem
3261 2966 3475 3021 Patrem
3506 2980 3573 3019 ac

294 3064 482 3134 -ἀνὲδη
514 3063 651 3136 πρὸς
682 3063 773 3117 τὸν
820 3064 878 3116 ὲν
904 3064 1017 3126 τοῖς
1055 3062 1305 3134 οὐρανοῖς
1330 3062 1572 3134 Πατέρα,
1613 3063 1704 3116 καὶ
1736 3062 1888 3116 Θεόν.

1994 3069 2165 3123 Deum
2195 3069 2458 3132 ascendit,
2500 3066 2856 3136 apparuitque
2882 3063 3157 3133 supremis
3189 3059 3569 3131 potcStatibus,

318 3155 493 3227 Ὠφθη
524 3172 586 3224 γε
616 3156 723 3225 μὴν
749 3157 868 3217 ταῖς
892 3154 1002 3209 ἄνω
1029 3153 1323 3225 δυνάμεσιν
1354 3155 1455 3208 οὐκ
1489 3156 1546 3208 ὲν
1566 3154 1696 3207 εῖδει
1732 3154 1889 3225 μόνον

1997 3175 2103 3213 ιιοιι
2133 3157 2306 3214 solum
2345 3159 2397 3211 in
2432 3157 2615 3226 specie
2659 3167 2865 3220 nostra,
2897 3154 2947 3207 id
2981 3161 3086 3216 est,
3128 3162 3184 3205 ut
3222 3151 3421 3215 homo,
3472 3150 3570 3204 sed

312 3250 391 3320 τῷ
422 3251 542 3303 καθ’
577 3250 745 3318 ἡμᾶς,
792 3247 1069 3300 τουτέστιν
1091 3287 1104 3310 ,
1136 3246 1211 3309 ὡς
1254 3246 1572 3319 ἅνθρωπος,
1609 3246 1745 3300 ἀλλὰ
1783 3247 1889 3317 γὰρ

1996 3249 2159 3304 etiam
2192 3251 2463 3320 passionis
2493 3249 2645 3319 signa
2694 3254 3021 3301 monstrans.
3076 3242 3268 3313 Neque
3319 3256 3449 3296 vero
3488 3241 3572 3295 di-

304 3340 411 3394 atal.
442 3338 513 3392 τὰ
554 3337 649 3391 τοῦ
697 3337 903 3400 πάθους
943 3338 1145 3407 σημεῖα
1188 3335 1437 3400 δεικνύς·
1488 3336 1580 3389 καὶ
1624 3335 1741 3389 οῦτι
1788 3336 1891 3389 πού

313 3444 501 3499 φαμεν
535 3428 610 3492 ὼς
646 3425 786 3498 μετὰ
815 3426 916 3496 τὴν
942 3426 1007 3478 ὲκ
1039 3424 1249 3497 νεκρῶν
1276 3425 1572 3479 ἀναϐίωσιν
1596 3428 1651 3479 al
1678 3426 1896 3497 διατρή-

317 3538 430 3584 σεις
451 3520 559 3574 τῶν
584 3519 753 3590 ἥλων,
780 3519 877 3571 καὶ
900 3517 968 3571 τὰ
1000 3516 1163 3586 ἔτερα
1187 3516 1296 3569 τῶν
1317 3518 1636 3587 στιγμάτων
1664 3519 1899 3589 ὲνυπῆρ-

304 3631 410 3684 ,χον
429 3612 512 3666 ἔτι
537 3615 602 3682 τῇ
634 3609 767 3679 ἁγίᾳ
802 3609 985 3679 σαρκὶ,
1017 3609 1194 3661 ἐκεῖνο
1226 3608 1282 3660 δὲ
1315 3608 1514 3677 μᾶλλον
1534 3624 1546 3635 ’
1572 3607 1759 3681 ὥσπερ
1786 3610 1894 3679 γὰτρ

310 3706 678 3774 ἀπιστήσαντι
721 3699 799 3771 τῷ
832 3699 1005 3769 Θωμᾶ
1031 3702 1144 3762 τοῖς
1201 3699 1376 3766 ἁγίοις
1424 3699 1741 3763 ἀποστόλοις
1788 3701 1894 3770 φά-

318 3813 560 3858 σκουσιν,
595 3796 676 3849 ὅτι
704 3792 988 3847 τεθέανται
1020 3791 1111 3844 τὸν
1158 3792 1365 3863 Κύριον
1409 3793 1780 3864 ἐγηγερμένον
1830 3797 1896 3849 ἐκ

315 3887 528 3960 νεκρῶν
574 3884 814 3951 ἐπέδειξε
866 3883 992 3947 τοὺς
1037 3882 1241 3947 τύπους
1277 3883 1387 3936 τῶν
1432 3884 1613 3955 ἥλων,
1652 3887 1747 3939 καὶ
1796 3887 1895 3957 τὴν

318 3979 578 4050 πλευρὰν,
600 3977 744 4031 οὓτω
780 3977 1034 4047 συνίεμεν
1067 3976 1151 4029 ὅτι
1179 3975 1266 4030 ἵνα
1306 3976 1584 4048 γνωρισθῇ
1625 3978 1723 4032 νῦν
1774 3983 1897 4045 ταῖς

310 4072 534 4144 ἀρχαῖς,
569 4069 665 4122 καὶ
694 4070 813 4132 ταῖς
854 4066 1126 4130 ἐξουσίαις
1166 4068 1225 4120 ὲν
1267 4070 1379 4130 τοῖς
1416 4069 1762 4140 ἐπουρανίοις
1807 4071 1898 4125 διὰ

314 4164 416 4234 τῆς
445 4159 772 4228 Ἐκκλησίας
813 4159 847 4229 ἡ
882 4156 1264 4221 πολυποίκιλος
1305 4158 1467 4227 σοφία
1505 4158 1600 4212 τοῦ
1638 4160 1795 4227 Θεοῦ,
1829 4162 1897 4233 ἢν

316 4256 571 4325 ἐποίησεν
596 4256 655 4306 ὲν
675 4253 751 4324 τῷ
772 4249 995 4323 Χριστῷ
1023 4250 1162 4319 μετα
1180 4250 1288 4303 τῶν
1311 4250 1406 4305 τοῦ
1433 4251 1637 4316 πάθους
1656 4255 1898 4325 σημείων

316 4344 644 4415 ἀναφοιτῶν,
674 4344 831 4411 ξένον
869 4344 964 4396 καὶ
1013 4341 1281 4413 ἀσύνηθες
1314 4344 1595 4408 παντελῶς
1635 4349 1754 4410 ταῖς
1787 4347 1899 4400 ἄνω

313 4438 611 4509 δυνάμεσιν
641 4436 878 4490 ἐποιεῖτο
903 4433 1103 4502 θέαμα.
1122 4433 1547 4505 Κατατεθήπασι
1569 4436 1700 4505 γοῦν
1716 4438 1899 4493 ἀνιόν-

1996 3344 2188 3407 ciums,
2223 3351 2347 3413 post
2378 3341 2833 3396 resurrectionem
2863 3353 2895 3392 e
2922 3337 3152 3391 mortuis
3168 3333 3572 3405 penetrationes

1995 3431 2269 3486 clavorum
2299 3441 2351 3485 et
2383 3441 2576 3485 caetera
2611 3430 2861 3497 stigmata
2892 3427 2946 3480 iu
2978 3434 3165 3479 sancta
3202 3439 3366 3478 carne
3396 3424 3571 3477 adhuc

1996 3520 2198 3585 fuisse,
2235 3522 2328 3575 sed
2381 3521 2513 3575 illud
2556 3520 2735 3591 potius
2775 3535 2789 3571 :
2836 3514 3285 3587 quemadmodum
3328 3512 3568 3578 Thouue,

1998 3628 2188 3681 parum
2220 3612 2459 3667 credenti
2511 3610 2716 3665 sanctis
2751 3608 3009 3678 apostolis
3048 3606 3354 3663 dicentibus
3396 3620 3456 3660 se
3494 3607 3573 3661 vi-

1996 3706 2142 3759 disse
2172 3704 2456 3758 Dominum
2487 3718 2559 3758 ex
2595 3703 2849 3767 mortuis,
2882 3702 3267 3772 impressiones
3296 3701 3570 3756 clavorum

1996 3807 2050 3851 et
2085 3797 2227 3851 latus
2254 3796 2494 3850 ostendit
2520 3796 2563 3826 "
2596 3812 2610 3849 :
2650 3795 2723 3849 ita
2751 3795 3101 3862 intelligimus
3121 3810 3229 3862 quo
3252 3810 3394 3848 nunc
3421 3794 3571 3862 prin-

1998 3884 2265 3953 cipatibus
2313 3892 2365 3938 et
2401 3884 2819 3939 auctoritatibus
2848 3925 2865 3951 ,
2927 3884 2979 3938 in
3023 3884 3359 3947 caelestibus,
3424 3884 3572 3938 varia

1996 3988 2052 4035 et
2086 3978 2369 4047 multiplex
2425 3976 2518 4032 Dei
2547 3978 2835 4047 sapientia,
2864 3993 3028 4047 quam
3071 3980 3123 4031 in
3181 3977 3399 4032 Christo
3448 3990 3574 4045 pro-

2000 4078 2117 4142 pter
2152 4071 2452 4127 Ecclesiam
2486 4071 2801 4135 declaravit,
2832 4069 3223 4133 innotesceret,
3254 4086 3376 4125 cum
3403 4070 3572 4139 signis

1999 4162 2269 4233 passionis
2303 4163 2550 4227 rediisse,
2582 4163 2899 4217 inusitatum
2945 4171 3002 4217 et
3035 4162 3312 4217 insolitum
3346 4164 3572 4218 omnino

2002 4254 2273 4324 siipremis
2329 4256 2694 4324 potestatibus
2768 4254 3090 4311 exhibuisse
3170 4254 3561 4323 spectaculum.

2001 4345 2301 4415 Stupebant
2341 4347 2486 4401 enim
2514 4360 2640 4400 cum
2680 4345 2936 4401 viderent
2983 4361 3107 4400 eum
3164 4347 3481 4413 adventare,
3518 4356 3575 4401 et

1990 4436 2308 4492 dicebant”
2334 4436 2465 4504 Quis
2480 4437 2570 4493 hic
2583 4447 2685 4503 est,
2704 4438 3029 4507 quiadvenit
3047 4452 3109 4492 ex
3131 4437 3365 4493 Edom?»
3383 4435 3571 4493 Graeca

316 4549 385 4585 τα
406 4531 719 4602 βλέπουσαι,
742 4529 837 4582 καὶ
854 4528 919 4596 δὴ
947 4529 1041 4581 καὶ
1060 4526 1324 4596 ἔφασκονο
1348 4528 1476 4591 «Τίς
1503 4522 1658 4592 οὗτος
1676 4532 1704 4583 ὁ
1730 4547 1889 4601 παρα-

2002 4540 2182 4584 autem
2202 4529 2378 4599 lingua
2393 4530 2439 4585 si
2453 4531 2572 4599 quis
2590 4530 2757 4586 Edoni
2772 4532 3176 4597 interpretetur,
3198 4549 3217 4582 ι
3244 4531 3420 4601 ignem
3442 4549 3461 4583 ι
3485 4531 3572 4585 vel

315 4624 604 4695 γενόμενος
640 4622 700 4687 ἐξ
741 4621 947 4689 Ἑδώμς
993 4640 1013 4674 ι
1059 4620 1480 4693 Διερμηνεύεται
1523 4621 1580 4674 δὲ
1611 4622 1673 4676 τὸ
1713 4622 1889 4694 Ἐὁὼμ

316 4716 497 4771 ἑλλάδι
517 4717 667 4785 φωνῇ
698 4732 717 4766 ι
750 4715 999 4785 πύρινον,
1034 4732 1055 4766 s
1080 4713 1113 4783 ἢ
1143 4732 1161 4763 ι
1198 4716 1403 4785 γήϊνονο
1441 4732 1460 4765 ι
1480 4713 1541 4767 τὸ
1561 4714 1617 4767 δὲ
1644 4716 1886 4789 Βοσὸρ,ἢ

321 4828 342 4861 ι
368 4807 590 4879 σαρκὸς,
612 4825 631 4859 ι
658 4805 692 4877 ἢ
718 4824 737 4857 ι
761 4804 1035 4876 σάρκινος.
1064 4822 1083 4856 ι
1118 4804 1214 4868 Τίς
1242 4800 1334 4857 οὖν
1363 4804 1491 4877 ἄρα,
1519 4807 1703 4877 φησὶν,
1737 4802 1889 4871 οὗτός

315 4902 462 4953 ἐστιν
488 4900 517 4952 ὁ
535 4899 599 4951 ὲκ
623 4898 747 4967 γῆς,
779 4897 902 4967 ἦτοι
923 4898 1126 4967 γήϊνος,
1155 4915 1173 4947 ι
1198 4895 1450 4967 ἐρύθημά
1476 4914 1534 4949 τε
1569 4896 1797 4967 ἱματίων
1824 4899 1891 4950 ἐκ

314 4992 511 5062 Βοσὸρ,
548 5009 565 5043 ι
605 4990 871 5054 τουτέστι,
903 4989 1322 5059 πεφοινιγμὲνος
1350 4989 1412 5043 τὸ
1438 4989 1640 5061 ἄμφιον
1668 4990 1746 5054 ὼς
1785 4991 1892 5045 ἀπὸ

315 5082 537 5156 σαρκὸς,
568 5082 737 5152 ἧγουν
770 5079 1035 5150 αἰματοςς
1072 5099 1091 5131 ι
1119 5074 1287 5142 Οὗτος
1328 5078 1530 5152 ὡραῖος
1561 5082 1618 5133 ὲν
1663 5080 1842 5153 στολῇ.
1867 5100 1885 5134 ι

324 5176 410 5240 Ὠς
438 5175 547 5247 γὰρ
585 5173 762 5244 ίσχναὶ
794 5172 892 5227 καὶ
926 5173 1088 5242 σοφαὶ
1119 5171 1394 5243 δυνάμεις,
1435 5172 1529 5226 καὶ
1557 5171 1893 5245 θεοπρεποῦς

392 5353 431 5384 “
456 5352 644 5406 Matth.
686 5364 845 5413 χχιιι,
877 5349 966 5406 58.
1046 5352 1088 5385 “
1116 5351 1271 5407 loan.
1300 5366 1392 5418 xx,
1418 5349 1511 5406 25.

388 5525 463 5598 (l)
497 5524 691 5579 Verbis
725 5525 786 5579 τὸ
822 5521 962 5597 αἷμα
1015 5525 1194 5579 αὐτῶν
1227 5527 1306 5598 εἰς
1344 5527 1448 5598 γῆν
1496 5526 1548 5598 in
1593 5527 1883 5598 exemplari

314 5593 576 5684 Vaticano
611 5598 818 5684 adnexa
850 5593 1043 5684 erant‘:
1076 5598 1177 5684 ,Ἐν
1209 5593 1415 5684 ἄλλοις,
1446 5597 1542 5651 καὶ
1562 5593 1778 5669 ἐρρἀη
1804 5597 1887 5684 τῷ

315 5666 716 5786 κατακινίγματι
758 5666 923 5720 αὑτοῦ
968 5666 1038 5721 τὰ
1076 5666 1266 5738 ἱμάτιὰ
1313 5684 1436 5737 μου,
1486 5666 1604 5736 (ιιιιέ
1632 5666 1675 5721 ’δ
1732 5666 1886 5723 nobis

316 5737 446 5806 ideo
464 5736 565 5790 sub
587 5745 678 5806 ata
704 5746 829 5790 sunt
858 5736 988 5806 quia
1018 5739 1069 5792 in
1099 5747 1302 5791 textum
1328 5737 1612 5805 irrepsisse
1647 5753 1752 5792 non
1783 5737 1885 5792 im-

315 5804 508 5865 meritc
537 5805 796 5876 suspicati
822 5804 1030 5866 sumus.
1066 5808 1195 5876 Quae
1223 5818 1403 5865 autem
1436 5804 1757 5880 Sequuntur,
1788 5809 1881 5864 καὶ

2002 4639 2021 4673 ι
2053 4631 2314 4677 terrestre
2339 4641 2357 4673 ι
2391 4622 2682 4691 signiﬁcat.
2704 4622 2894 4690 Bosor,
2929 4643 2947 4676 ι
2975 4623 3160 4679 carnis
3190 4643 3207 4675 ι
3229 4623 3313 4677 vel
3336 4643 3355 4676 ι
3381 4638 3573 4679 carna-

1996 4714 2114 4769 lis.»
2136 4714 2269 4781 Quis
2284 4724 2370 4770 est
2388 4715 2552 4784 igitur
2565 4715 2674 4780 hic,
2692 4716 2887 4786 inquit,
2908 4731 2974 4771 ex
2989 4726 3131 4771 terra
3151 4717 3233 4771 vel
3254 4716 3571 4771 terrestris?

2001 4826 2021 4860 ι
2064 4806 2252 4863 Rubor
2286 4807 2519 4863 vestium
2548 4823 2615 4863 ex
2648 4807 2859 4863 Bosor?
2898 4827 2916 4860 ι
2947 4808 3001 4863 Id
3025 4818 3129 4873 est,
3157 4810 3357 4865 tinctus
3389 4821 3568 4875 veste,

1995 4899 2164 4970 878
2195 4900 2350 4970 quasi
2405 4914 2471 4954 ex
2514 4914 2681 4956 carne
2717 4910 2811 4953 aut
2841 4901 3128 4971 sanguine.
3181 4920 3199 4953 ι
3239 4900 3336 4957 Hic
3364 4903 3571 4959 formo-

1998 5007 2091 5048 sus
2123 4992 2177 5047 in
2208 4992 2369 5048 stola.
2404 5011 2423 5043 ι
2453 4990 2588 5047 Nam
2637 5002 2959 5063 potestates,
3022 5004 3205 5063 utpote
3255 4996 3483 5051 subtiles
3517 5008 3571 5051 et

1999 5085 2305 5153 sapientes,
2340 5099 2407 5139 ac
2446 5085 2627 5139 divina
2669 5086 2838 5156 gloria
2880 5087 3068 5156 plenae,
3121 5087 3375 5143 viderunt
3407 5089 3571 5145 Chri-

2004 5186 2167 5243 stum,
2199 5176 2550 5246 quantumvis
2578 5187 2723 5233 esset
2755 5177 2810 5233 in
2844 5193 3033 5244 carne,
3065 5179 3262 5235 robore
3301 5190 3451 5236 certe
3486 5181 3570 5235 iu-

1995 5531 2170 5608 πάντα
2197 5533 2265 5587 τὰ
2299 5534 2575 5608 ἐνδύματα
2626 5552 2729 5608 μου
2766 5535 3023 5607 ἐμόλυνα,
3053 5536 3211 5591 etiam
3248 5538 3387 5608 apud
3442 5538 3577 5593 Pro-

1993 5605 2449 5687 copiumnmnine
2472 5605 2863 5687 Theodotionis
2891 5618 2947 5662 et
2983 5605 3299 5678 Symmachi
3340 5612 3569 5684 margini

1993 5683 2119 5728 sunt
2150 5683 2393 5743 apposita
2429 5690 2554 5731 cum
2589 5683 2875 5732 asterisco.

2063 5743 2139 5816 (2)
2170 5745 2280 5802 Kal.
2305 5744 2507 5817 ὲμέθ...
2546 5762 2647 5818 μου
2679 5746 2871 5806 desunt
2901 5747 2953 5805 in
2981 5746 3143 5804 LXX.
