4022 6400
458 389 602 448 ⁸1583

1445 388 1505 443 S.
1541 387 1816 444 CYRILLI
1856 384 2325 444 ALEXANDRINI
2365 388 2687 448 ARCHIEP.

3586 394 3748 449 1384

466 504 613 557 victo
656 502 961 572 prteditum.
1032 499 1145 555 lloc
1204 515 1442 570 namque
1491 503 1656 558 credo
1700 503 2018 557 subindicar:

2144 503 2301 573 δόξης
2340 502 2566 573 ἔμπλεοι
2615 508 2951 563 κατεθεῶντο
3002 508 3271 581 Χριστὸν.
3320 510 3368 562 εί
3415 508 3509 563 καὶ
3544 504 3622 581 ἦν
3675 512 3745 564 ἐν

463 596 858 663 spectaculum.
909 592 1376 662 lnterrogantibus
1434 594 1614 663 itaque
1667 595 1892 665 angelis,
1952 594 2036 649 vel

462 690 602 745 inter
633 703 752 741 sese
792 684 1193 754 quaerentibus:
1225 702 1245 737 ι
1282 683 1416 752 Quis
1448 698 1533 739 est
1560 686 1691 740 hic?
1734 706 1752 738 ο
1792 700 2022 755 respon-

460 783 550 837 det
581 790 635 835 et
672 778 848 847 inquit
886 794 900 829 :
954 795 972 828 ι
1010 774 1120 847 Ego
1145 776 1338 846 loquor
1361 778 1625 847 justitiam
1665 786 1721 831 et
1765 777 2033 847 judicium

460 876 668 931 salutis.
713 891 732 924 ι
770 870 1045 927 Justitiam
1081 881 1257 935 vocat,
1289 872 1372 925 vel
1411 872 1780 939 evangelicam
1813 881 1869 926 et
1898 873 2035 927 divi-

455 982 584 1020 nam
646 963 1115 1035 prmdicationem,
1174 964 1253 1019 vel
1309 965 1452 1034 quod
1504 967 1680 1021 omnis
1725 966 1817 1021 Dei
1858 966 2035 1021 oratio

449 1055 595 1124 justa
631 1056 717 1108 sit.
756 1053 955 1108 Salutis
983 1054 1247 1123 judicium
1292 1056 1548 1125 appellat,
1587 1060 1728 1127 quod
1764 1059 1834 1113 de
1878 1060 2034 1116 nobis

456 1157 543 1201 est
587 1145 873 1216 judicium.
912 1145 1173 1201 lndicavit
1229 1148 1374 1201 enim
1425 1148 1614 1203 orbem
1668 1160 1722 1204 et
1772 1151 2030 1206 Satanam

453 1239 544 1307 qui
577 1254 699 1292 eum
738 1238 931 1305 injuria
958 1250 1324 1309 oppresserat,
1360 1244 1706 1312 servavitque
1766 1244 2031 1299 intolera-

454 1330 548 1383 bili
581 1330 863 1400 tyrannide
888 1341 1167 1398 gravatos,
1204 1339 1260 1384 et
1288 1332 1517 1399 imperio
1549 1333 1599 1385 in
1635 1333 1753 1387 illos
1804 1349 1904 1389 suo
1938 1337 2032 1389 de-

448 1420 581 1490 iecit
613 1430 913 1490 apostatam
952 1434 1007 1475 et
1038 1422 1301 1476 alienum.
1352 1421 1543 1493 Itaque
1581 1426 1715 1479 dixit
1750 1444 1765 1483 :
1807 1446 1825 1478 ι
1870 1426 2028 1482 Judi-

453 1514 594 1569 cium
638 1530 779 1568 nunc
809 1522 891 1567 est
920 1514 1077 1579 hujus
1111 1517 1323 1568 mundi.
1364 1514 1516 1569 Nunc
1560 1519 1812 1588 princeps
1844 1519 2029 1573 mundi

448 1605 612 1675 hujus
644 1604 895 1673 ejicietur
920 1604 1086 1661 foras.
1138 1606 1201 1659 Et
1240 1621 1338 1675 ego
1376 1608 1419 1661 si
1453 1608 1732 1661 exaltatns
1779 1608 1933 1663 fuero
1960 1609 2030 1663 de

452 1705 620 1761 terra,
655 1711 844 1751 omnes
880 1699 1093 1749 trahant
1118 1698 1184 1751 ad
1214 1700 1476 1767 meipsum
1510 1700 1577 1752 “.
1624 1720 1641 1752 ι
1693 1700 1819 1756 llzec
1850 1701 2031 1771 itaque

449 1788 667 1842 Christo
716 1788 951 1853 dicente,
996 1804 1185 1843 rursus
1223 1803 1672 1859 percunctantur,
1722 1800 1777 1847 et
1817 1793 1969 1846 aiunt
2008 1808 2021 1844 :

2141 594 2325 665 σαρκὶ,
2355 597 2443 649 ναὶ
2486 598 2593 667 μὴν
2628 598 2723 651 καὶ
2755 599 2937 669 ἰσχύος
2967 601 3097 654 ὅντα
3129 603 3323 671 μεστὸν
3348 600 3446 669 τῆς
3476 601 3739 671 ἀμάχου,

2136 685 2294 737 τοῦτο
2323 687 2452 757 γὰρ,
2479 683 2652 758 οἶμαι,
2682 690 2779 761 τὴν
2811 690 2960 744 θείαν
2986 691 3061 762 (Ι)
3093 691 3377 763 ὑπεδήλου.
3412 691 3741 762 Ἐρομένων

2135 776 2199 846 δὴ
2225 774 2319 830 οὖν
2352 778 2459 831 τῶν
2490 780 2757 849 ἀγγέλων,
2790 782 2822 854 ἢ
2852 784 2993 853 τάχα
3022 801 3126 837 που
3161 784 3255 837 καὶ
3292 782 3425 852 πρὸς
3449 784 3740 855 ἀλλήλους

2134 866 2196 919 τὸ
2222 887 2239 919 ι
2260 868 2356 932 Τίς
2384 864 2575 937 οὗτος
2600 889 2617 921 ι
2644 872 3073 942 διηγορευκότων
3094 873 3464 945 ἀποκρίνεται,
3486 875 3583 925 καί
3620 891 3738 944 φη-

2137 976 2223 1013 σιν
2245 977 2262 991 ’
2298 979 2318 1011 ‹
2356 960 2500 1030 Ἐγὼ
2532 963 2852 1034 διαλέγομαι
2883 962 3249 1033 δικαιοσύνην,
3279 965 3372 1017 καὶ
3406 964 3586 1033 κρίσιν
3617 982 3738 1017 σω-

2132 1051 2357 1122 τηρίου·
2397 1072 2415 1103 ι
2461 1053 2805 1125 δικαιοσύνην
2846 1054 2909 1107 δέ
2942 1072 3128 1125 φησιν,
3179 1055 3212 1124 ἢ
3256 1054 3317 1106 τὸ
3358 1054 3736 1133 εὐαγγελικὸν

2133 1145 2230 1197 καὶ
2254 1144 2551 1199 θεσπέσιον
2585 1149 2868 1219 κήρυγμα,
2910 1148 3078 1217 ήγουν
3119 1147 3201 1199 ὅτι
3233 1145 3366 1199 Θεοῦ
3412 1149 3521 1210 πᾶς
3555 1148 3735 1215 λόγος

2131 1237 2372 1299 δίκαιοςο
2408 1237 2678 1309 σωτηρίου
2724 1239 2779 1291 δὲ
2810 1240 2992 1310 κρίσιν
3034 1239 3175 1309 τάχα
3215 1256 3316 1290 που
3364 1238 3423 1289 τὸ
3460 1237 3545 1306 ἐφ’
3581 1239 3733 1308 ἡμῖν

2131 1328 2389 1399 ὀνομάζει
2421 1334 2616 1402 κρῖμα,
2660 1330 2907 1384 δεδίκακε
2936 1331 3043 1401 γὰρ
3075 1333 3173 1401 τὴν
3203 1330 3294 1383 ὑπ’
3324 1330 3576 1401 οὐρανὸν,
3622 1331 3733 1383 καὶ

2129 1417 2207 1489 τῷ
2234 1420 2438 1492 ταύτην
2472 1421 2787 1490 ἀδικήσαντι
2821 1422 3055 1493 Σατανᾷ,
3078 1421 3174 1475 καὶ
3202 1422 3329 1484 τοὺς
3359 1423 3479 1484 ταῖς
3502 1423 3694 1492 άφορή
3710 1450 3730 1461 -

2129 1527 2242 1573 τοις
2262 1510 2597 1576 πλεονεξίαις
2622 1512 3089 1583 κατηχθισμένους
3119 1512 3379 1565 σέσωκεν·
3408 1511 3726 1581 ἐκϐέϐληκε

2127 1599 2184 1653 δέ
2221 1600 2319 1671 τῆς
2351 1604 2471 1654 κατ’
2503 1600 2679 1654 αὐτῶν
2726 1601 2901 1671 ἀρχῆς
2936 1601 3027 1654 τὸν
3059 1602 3394 1670 ἀποστάτην,
3430 1601 3525 1654 καὶ
3550 1600 3728 1653 ἁλλό-

2127 1708 2308 1762 τριον·
2341 1691 2444 1762 ἔφη
2476 1692 2606 1761 γοῦν
2638 1692 2732 1746 νῦν
2781 1693 2863 1745 ὅτι
2903 1711 2921 1744 ι
2964 1692 3163 1763 Κρίσις
3210 1690 3327 1743 ἐστὶ
3368 1688 3461 1743 τοῦ
3499 1690 3725 1760 κόσμου

2126 1784 2337 1838 τούτου.
2384 1783 2501 1840 Νῦν
2534 1786 2562 1837 ό
2605 1784 2789 1855 ἅρχων
2821 1783 2917 1837 τοῦ
2957 1784 3163 1853 κόσμου
3203 1782 3392 1835 τούτου
3431 1780 3724 1852 ἐκϐληθή-

451 1899 473 1931 ‹
498 1880 696 1952 _Qnare
724 1883 886 1934 rubra
926 1888 1054 1934 sunt
1089 1883 1415 1936 vestimenta
1458 1894 1546 1937 tua
1599 1896 1652 1937 et
1705 1884 2018 1939 indumenta

2129 1893 2281 1930 σεται
2333 1875 2456 1942 ἔξω,
2492 1875 2649 1945 κάγὼ
2694 1876 2788 1930 ἐὰν
2826 1875 3024 1947 ὑψωθῶ
3056 1879 3118 1929 ἐκ
3171 1875 3269 1946 τῆς
3325 1874 3456 1945 γῆς,
3496 1876 3725 1938 πάντας

440 1979 539 2026 tua
562 2012 578 2039 ,
615 1974 759 2026 velut
803 1987 867 2026 ex
922 1973 1177 2027 torculari
1217 1973 1374 2042 pleno
1403 1974 1664 2029 calcato?
1705 1994 1722 2026 ι
1761 1975 1856 2030 Hic
1893 1976 2023 2029 mihi

447 2072 635 2131 repete
702 2064 960 2117 memoria
1010 2063 1153 2130 quod
1207 2065 1513 2132 patriarcha
1560 2062 1796 2119 Jacobus
1844 2065 2020 2119 dixit:

448 2171 472 2204 4
506 2153 734 2208 Lavabit
767 2154 818 2207 in
856 2155 982 2208 vino
1013 2156 1213 2210 stolam
1250 2172 1428 2220 suam,
1450 2166 1505 2210 et
1538 2157 1590 2209 in
1621 2158 1879 2226 sanguine
1909 2172 2025 2210 uva:

445 2244 703 2296 amictum
752 2259 906 2297 suum
937 2245 1002 2299 l‘.
1063 2265 1082 2297 ι
1128 2245 1321 2301 Tincta
1351 2248 1496 2301 enim
1552 2249 1814 2317 sanguine
1867 2247 2025 2301 indu-

446 2346 628 2389 menta
660 2337 1021 2407 apparebant,
1054 2346 1109 2391 et
1147 2349 1398 2407 tanquam
1430 2348 1608 2393 musto
1657 2338 1897 2393 colorata
1929 2356 2022 2393 ru-

444 2428 598 2483 bore.
638 2429 843 2483 Deinde
895 2429 1089 2482 iterum
1126 2429 1392 2483 Servator
1429 2448 1442 2484 :
1503 2448 1521 2480 ι
1554 2430 1621 2484 ΕΙ.
1666 2446 1731 2484 ex
1770 2432 2020 2501 gentibus

439 2536 603 2574 nemo
623 2518 731 2575 fuit
760 2536 992 2575 mecum.
1038 2541 1063 2574 θ
1096 2521 1386 2577 (ΣοΙιιει-ειιι
1432 2538 1556 2578 cum
1608 2524 1853 2577 oratione
1883 2524 2016 2590 haec,

435 2623 919 2668 etconnectuntnr
964 2629 1086 2668 cum
1144 2614 1539 2682 superioribus.
1614 2633 1632 2664 ι
1697 2614 1806 2685 Ego
1845 2616 2018 2679 enim,

438 2704 640 2774 inquit,
670 2705 866 2773 loquor
897 2706 1165 2773 justitiam
1190 2706 1525 2773 etjudicium
1562 2705 1838 2773 salutaris,
1872 2716 1927 2761 et
1951 2723 2018 2761 ex

441 2798 699 2867 gentibus
740 2812 848 2851 non
883 2805 968 2852 est
999 2797 1084 2850 vir
1116 2812 1350 2852 mecum.
1400 2815 1418 2848 ι
1461 2796 1649 2865 Nemo,
1680 2798 1880 2869 inquit,
1914 2794 2015 2867 pa-

443 2888 597 2941 tienti
646 2888 776 2941 mihi
820 2886 1014 2942 adfuit.
1061 2887 1232 2943 Nemo
1271 2903 1335 2941 ex
1374 2888 1478 2942 ulla
1525 2900 1686 2959 gente
1717 2891 2015 2945 condoluit.

440 2977 508 3032 Et
536 2989 793 3048 quantum
824 2981 888 3033 ad
921 2980 1167 3034 homines
1195 2981 1410 3043 attinet,
1432 2983 1578 3035 omni
1608 2997 1831 3051 prorsus
1856 2987 2015 3037 auxi-

441 3071 515 3124 lio
545 3072 837 3126 destitutus
869 3070 993 3135 fuit,
1027 3072 1250 3126 cohorte
1283 3073 1514 3126 militum
1566 3084 1622 3129 et
1671 3076 2015 3132 immanitate

442 3160 810 3214 ministrorum
858 3162 1149 3215 insultante
1189 3180 1204 3215 :

440 3248 565 3303 lista
595 3260 801 3315 narrat,
832 3250 977 3303 illum
1017 3250 1082 3303 ad
1122 3250 1379 3322 Caipham
1419 3254 1776 3307 adduxerunt.
1814 3272 1835 3305 ‹
1879 3253 2018 3309 Tum

439 3355 633 3396 omnes
689 3341 961 3410 discipuli,
998 3343 1192 3411 inquit,
1227 3358 1293 3397 eo
1344 3342 1551 3410 relicto,
1593 3343 1847 3416 fugerunt
1884 3347 1948 3401 ".
1991 3365 2013 3401 ι

439 3429 639 3485 Verum
668 3430 798 3484 illud
835 3434 998 3485 etiam
1028 3434 1278 3501 praedixit
1305 3431 1589 3488 Christus:
1616 3452 1634 3485 ι
1667 3436 1803 3490 Ecce
1846 3440 2015 3502 enim,

436 3522 660 3592 inquit,
732 3522 878 3577 venit
931 3524 1060 3579 hora
1104 3534 1161 3577 et
1206 3526 1381 3588 adest,
1434 3534 1489 3578 ut
1552 3525 1781 3596 quisque
1814 3527 2018 3596 disper-

434 3614 642 3684 gatnini
674 3614 742 3667 ad
788 3628 883 3668 sua
911 3654 927 3679 ,
976 3624 1031 3669 et
1069 3630 1155 3669 me
1193 3615 1370 3669 solum
1407 3616 1750 3685 relinquatis.
1797 3617 1863 3671 Et
1911 3634 2014 3673 non

433 3722 557 3763 sum
592 3707 762 3773 solus,
794 3708 918 3778 quia
951 3707 1118 3763 Pater
1151 3724 1360 3764 mecum
1385 3719 1469 3764 est
1490 3710 1559 3763 “.
1596 3728 1615 3763 ι
1669 3710 1815 3764 Dixit
1845 3710 2012 3766 etiam

432 3798 551 3870 lyra
581 3797 866 3854 Psallentis
905 3815 920 3851 :
972 3817 991 3851 ι
1035 3800 1430 3870 lmproperium
1470 3802 1805 3871 exspectavit
1835 3804 2011 3856 anima

438 3907 578 3957 mea,
633 3900 688 3945 et
725 3892 1038 3955 miseriam;
1075 3901 1131 3947 et
1165 3894 1476 3963 eXSpectavi
1532 3894 1624 3962 qui
1675 3893 1834 3947 simul
1881 3909 2014 3948 con-

434 3982 770 4049 tristaretur,
804 3992 861 4038 et
881 3998 986 4037 non
1012 3983 1133 4048 luit,
1162 3995 1221 4037 et
1249 3986 1339 4053 qui
1365 3986 1763 4051 consolaretur,
1819 3997 1879 4041 et
1901 4002 2010 4042 non

436 4075 640 4129 inveni.
677 4075 949 4128 Dederunt
988 4074 1039 4127 in
1067 4089 1250 4129 escam
1278 4092 1451 4131 meam
1488 4077 1580 4143 l'el,
1609 4087 1665 4133 et
1692 4078 1743 4132 in
1775 4079 1862 4133 siti
1892 4094 2010 4134 mea

432 4173 759 4234 putaverunt
798 4179 883 4219 me
921 4164 1088 4235 879
1141 4177 1293 4221 aceto
1325 4167 1388 4221 ¹⁷.
1428 4186 1447 4219 ι
1499 4166 1686 4238 Itaque
1730 4186 1751 4219 ε
1802 4168 2008 4235 Nemo,

434 4255 632 4324 inquit,
666 4269 874 4309 mecum
902 4267 1023 4310 erat
1053 4271 1120 4311 ex
1168 4258 1420 4312 omnibus
1436 4259 1704 4329 gentibus.
1745 4278 1764 4311 ι
1796 4260 1878 4313 An
1912 4260 2010 4330 igi-

432 4360 545 4410 tur,
578 4362 700 4401 cum
732 4346 881 4401 solus
910 4362 1060 4403 esses
1110 4358 1166 4403 et
1219 4348 1561 4418 adjutoribus
1610 4352 2007 4418 destituereris,

434 4454 594 4493 manu
627 4439 809 4492 hostili
834 4439 1006 4493 victus
1028 4440 1121 4494 es?
1148 4440 1283 4494 Num
1309 4452 1657 4511 superarunt,
1678 4451 1733 4497 et
1765 4444 1869 4498 tuis
1899 4444 2010 4499 vir-

1264 3164 1353 3232 qui
1408 3165 1608 3230 etiam,
1670 3175 1727 3219 ut
1781 3182 2086 3250 evange-c

2124 1968 2337 2021 ἐλκύσω
2365 1969 2502 2039 πρὸς
2540 1968 2796 2038 ἐμαυτόν.
2831 1986 2849 2021 ι
2890 1968 3074 2021 Ταῦτα
3099 1968 3155 2021 δὲ
3185 1969 3425 2031 εἰπόντος
3452 1966 3545 2020 τοῦ
3571 1969 3723 2038 Χρι-

2127 2061 2281 2125 στοῦ,
2320 2060 2482 2113 πάλιν
2513 2060 2997 2123 ἀναπυνθάνονται,
3030 2061 3128 2113 καί
3168 2076 3320 2130 φασι’
3354 2079 3371 2111 ι
3414 2060 3568 2113 Διατί
3612 2077 3718 2112 σου

2124 2153 2330 2225 ἐρυθρά
2361 2155 2430 2207 τὰ
2460 2154 2677 2226 ἱμάτια,
2702 2156 2795 2208 καὶ
2822 2156 2890 2208 τά
2927 2154 3198 2224 ἐνδύματά
3242 2171 3332 2207 σου
3365 2155 3439 2217 ὠς
3462 2154 3571 2207 ἀπὸ
3604 2172 3721 2207 πα-

2121 2244 2284 2313 τητοῦ
2309 2243 2470 2315 ληνοῦ
2504 2244 2747 2317 πλήρους
2779 2246 3345 2316 καταπεπατημένης;
3376 2264 3415 2324 γῇ
3436 2244 3719 2301 Ἐνταῦθεὶ

2125 2353 2215 2406 μοι
2266 2314 2517 2408 μέμνησο
2564 2314 2658 2390 τοῦ
2704 2339 3045 2409 πατριάρχου
3083 2314 3334 2406 λέγοντος
3374 2314 3566 2389 ξῙακὼὸ
3610 2338 3712 2389 τό·

2127 2449 2146 2481 ι
2173 2431 2367 2483 move}:
2391 2431 2447 2482 ἐν
2461 2430 2586 2501 οἴνῳ
2606 2430 2707 2502 τὴν
2733 2430 2925 2500 στολὴν
2955 2428 3143 2492 αὑτοῦ,
3164 2429 3259 2481 καὶ
3283 2430 3341 2482 ἐν
3369 2428 3559 2498 αἵματι
3575 2445 3715 2481 στα-

2120 2522 2294 2593 φυλῆς
2327 2522 2424 2592 τὴν
2453 2521 2743 2593 περιϐολὴν
2770 2520 2954 2575 αὐτοῦ.
2994 2539 3018 2573 ο
3047 2521 3444 2591 Πεφοινιγμένα
3475 2520 3585 2591 γὰρ
3628 2519 3714 2591 τῷ

2120 2612 2311 2684 αἵματι
2354 2617 2422 2667 τά
2454 2612 2726 2683 ἐνδύματα
2756 2613 3130 2681 κατεφαίνετο,
3188 2613 3281 2665 καὶ
3319 2629 3429 2666 οιον
3457 2612 3514 2678 ἐξ
3538 2614 3710 2666 οἴνου

2120 2705 2582 2776 κατακεχωσμένα
2614 2706 2749 2776 πρὸς
2776 2705 2836 2758 τὺ
2865 2705 3113 2776 ἐρυθρόν.
3140 2702 3270 2759 Εἶτα
3290 2705 3453 2759 πάλιν
3483 2704 3653 2769 εὐθὺς
3679 2708 3710 2759 ὀ

2119 2797 2331 2867 Σωτήρ·
2367 2818 2386 2847 ι
2411 2797 2522 2851 Καὶ
2549 2796 2656 2850 τῶν
2687 2796 2856 2850 ἐθνῶν
2886 2798 2986 2849 οὐκ
3007 2797 3152 2850 ἐστιν
3179 2797 3319 2869 ἀνὴρ
3354 2797 3469 2866 μετ’
3504 2798 3705 2867 ἐμοῦη

2119 2887 2300 2957 ἔχεται
2339 2887 2430 2941 τοῦ
2479 2888 2660 2956 λόγου,
2707 2889 2798 2941 καὶ
2834 2889 3091 2941 συνάπτει
3125 2890 3353 2942 κατόπιν
3380 2891 3473 2941 καὶ
3497 2888 3707 2942 ταῦτα’

2126 2999 2144 3029 ι
2179 2978 2319 3047 Ἐγὼ
2358 2978 2488 3050 γάρ,
2518 2979 2646 3048 ἔφη,
2686 2979 3005 3048 διαλέγομαι
3056 2979 3418 3050 δικαιοσύνην,
3460 2981 3551 3033 καὶ
3578 2982 3711 3050 κρί-

2123 3087 2207 3123 σιν
2241 3071 2531 3141 σωτηρίου,
2575 3071 2669 3124 κα)⁵
2712 3072 2822 3123 τῶν
2863 3069 3033 3123 ἐθνῶν
3062 3071 3162 3124 οὐκ
3206 3071 3352 3123 ἐστιν
3390 3072 3528 3141 ἀνὴρ
3577 3075 3707 3141 μετ’

2119 3160 2276 3230 ἐμοῦ.
2311 3181 2327 3213 ο
2355 3161 2544 3224 Οὐδεὶς
2576 3162 2684 3232 γάρ
2706 3178 2800 3232 μοι
2840 3162 3101 3232 πάσχοντι
3137 3163 3396 3234 παρίστη,
3420 3165 3608 3234 φησὶν,
3644 3167 3707 3231 ἐξ

2118 3248 2329 3312 οὐδενὸς
2364 3245 2433 3320 ἦν
2474 3250 2710 3314 ἐθνουςό
2755 3251 3059 3321 συναλγῶν,
3103 3254 3198 3305 καὶ
3223 3254 3285 3306 τό
3331 3271 3393 3322 γε
3443 3250 3579 3327 ἧκον
3622 3259 3705 3321 είς

2116 3343 2457 3415 ἀνθρώπους,
2480 3347 2912 3419 ἀνεπικούρητος
2929 3345 2997 3421 ἦν
3018 3350 3315 3414 παντελῶς,
3342 3350 3704 3422 ἐπιπηδώσης

2117 3436 2263 3507 αὐτῷ
2288 3440 2388 3508 τῆς
2425 3455 2485 3490 τε
2519 3439 2749 3510 σπείρας
2780 3440 2889 3493 τῶν
2927 3442 3293 3511 στρατιωτῶν,
3330 3444 3423 3495 καὶ
3451 3443 3551 3512 τῆς
3579 3444 3703 3496 τῶν

2116 3526 2403 3597 ὑπηρετῶν
2429 3528 2771 3601 ἀγριότητος,
2806 3549 2825 3582 ι
2851 3532 2900 3583 οἶ
2932 3532 3025 3584 καὶ
3055 3532 3341 3603 ἀπήγαγον
3372 3534 3535 3587 αύτὺν
3555 3537 3701 3606 πρὸς

2114 3616 2388 3685 Καϊάφαν,
2424 3618 2568 3673 καθά
2596 3636 2760 3691 φησιν
2806 3622 2835 3673 ό
2875 3623 3285 3695 εὐαγγελιστὴς,
3327 3623 3451 3678 τότε
3489 3626 3699 3689 πάντες

2115 3707 2343 3776 ἀφέντες
2371 3710 2535 3763 αὐτὸν
2558 3712 2608 3764 oi
2652 3712 2896 3782 μαθηταὶ
2922 3713 3145 3783 ἔφυγον,
3179 3734 3198 3766 ›
3243 3716 3381 3788 πλὴν
3406 3718 3502 3771 καὶ
3528 3718 3699 3772 τοῦτο

2115 3800 2518 3871 προηγόρευσεν
2562 3804 2590 3856 ό
2622 3804 2885 3874 Χριστός·
2917 3805 3022 3876 ἔφη
3062 3807 3171 3879 γάρ
3193 3823 3208 3838 '
3242 3827 3261 3860 ι
3293 3809 3423 3863 Ἰδοᾷ
3467 3810 3697 3881 ἔρχεται

2113 3887 2253 3959 ὥρα,
2288 3892 2379 3944 καὶ
2410 3890 2685 3961 ἐλήλυθεν,
2724 3894 2809 3947 ἵνα
2842 3894 3072 3960 ἕκαστος
3106 3897 3468 3970 σκορπισθῆτε
3506 3903 3588 3963 είς
3623 3903 3697 3956 τὰ

2112 3980 2243 4046 ῐδια,
2283 3982 2427 4052 κάμὲ
2469 3984 2629 4053 μόνον
2664 3984 2863 4054 ἀφῆτε,
2893 3988 2986 4040 καὶ
3035 3989 3134 4042 ούκ
3170 3990 3286 4059 εἰμὶ
3331 3992 3508 4061 μόνος,
3536 3994 3623 4046 ὅτι
3664 3998 3695 4047 ὁ

2112 4070 2301 4141 Πατὴρ
2348 4073 2463 4141 μετ’
2506 4071 2639 4142 ἐμοῦ
2672 4074 2838 4126 ἐστιν.
2876 4092 2895 4125 ι
2929 4074 3074 4145 Ἔφη
3112 4075 3170 4129 δὲ
3201 4077 3295 4129 καὶ
3327 4076 3414 4130 διὰ
3446 4078 3545 4148 τῆς
3587 4078 3694 4132 τοῦ

2111 4163 2418 4226 Ψάλλοντος
2446 4164 2637 4235 λύρας⁶
2664 4184 2683 4217 ι
2708 4167 3037 4238 Ὀνειδισμδν
3059 4169 3456 4239 προσεδόκησεν
3478 4173 3513 4242 ή
3536 4170 3690 4244 ψυχή

2114 4271 2237 4324 μου,
2257 4255 2353 4307 καὶ
2382 4254 2777 4327 ταλαιπωρίαν,
2797 4258 2892 4310 καὶ
2925 4257 3193 4325 ὑπέμεινα
3222 4259 3687 4329 συλλυπούμενον,

2110 4344 2204 4396 καὶ
2233 4345 2331 4415 οὐχ
2376 4345 2608 4416 ὑπῆρξε,
2639 4348 2733 4400 καὶ
2762 4349 3181 4420 παρακαλοῦντα
3229 4352 3326 4404 καὶ
3373 4353 3470 4423 οὐχ
3502 4348 3688 4427 εὗρον,

2109 4434 2203 4488 καὶ
2247 4435 2455 4489 ἔδωκαν
2492 4439 2574 4501 εἰς
2605 4439 2667 4491 τὸ
2720 4437 2917 4509 βρῶμά
2965 4458 3068 4511 μου
3108 4442 3290 4513 χολὴν,
3327 4443 3421 4497 καὶ
3466 4446 3547 4507 είς
3580 4447 3691 4514 τὴν

436 4531 646 4584 tatibus
706 4532 1033 4600 expugnatis
1079 4539 1340 4602 tanquam
1388 4533 1613 4587 victoria
1665 4534 1819 4602 potiti
1877 4549 2006 4604 gau-

2120 4524 2267 4595 Βίψαν
2300 4542 2402 4595 μου
2432 4526 2689 4580 ἐπότισόω
2740 4545 2807 4598 με
2853 4528 2993 4593 ὅξος.
3020 4548 3041 4581 ι
3084 4529 3292 4584 Οὐκοῦν
3332 4548 3353 4581 ι
3382 4531 3569 4594 Οὐδεὶς
3613 4526 3689 4603 ἦν

428 4620 611 4674 dent?
650 4618 1027 4690 Nequaquam,
1093 4622 1288 4691 inquit.
1364 4622 1480 4677 Etsi
1536 4626 1682 4677 enim
1726 4626 1996 4680 neminem

2120 4616 2225 4686 μετ’
2248 4616 2405 4686 ἐμοῦ,
2441 4618 2626 4688 φησὶν,
2661 4621 2725 4672 ἐκ
2756 4621 2974 4674 οτι-,άντων
2992 4620 3105 4675 τῶν
3133 4620 3325 4674 ἐθνῶν.
3358 4641 3377 4674 ι
3397 4618 3521 4692 Ἆρ’
3558 4618 3683 4687 οὖν,

428 4712 690 4768 haberem
751 4728 1087 4768 assessorem
1137 4723 1194 4768 et
1226 4714 1641 4783 opitulawrem,
1684 4718 1998 4773 conculcavi

2120 4706 2230 4760 ἐπεὶ
2272 4706 2433 4775 μόνος
2475 4704 2657 4778 ἦσθα,
2706 4710 2800 4762 καὶ⁵
2833 4709 2941 4763 τῶν
2984 4710 3386 4766 συναθλούντων
3435 4712 3685 4783 ἕρημος,

430 4812 612 4855 tamen
640 4801 782 4865 illos,
816 4817 879 4857 ac
910 4813 969 4856 ut
1012 4812 1214 4858 terram
1240 4804 1506 4875 confregi,
1533 4808 1835 4877 deduxique
1867 4822 1997 4863 san-

2103 4800 2280 4869 ἧττων
2308 4798 2538 4868 γέγονας
2580 4802 2679 4872 τῆς
2722 4802 2833 4855 τῶν
2858 4803 3240 4873 πολεμούντων
3276 4806 3493 4877 χειρός;
3528 4800 3686 4877 ’Δρα

429 4891 649 4958 guinem
676 4904 866 4945 eorum
891 4892 946 4946 in
964 4901 1187 4948 terram.
1221 4893 1348 4947 Post
1377 4894 1607 4949 reditum
1631 4897 1772 4949 enim
1791 4896 2000 4953 Christi

2120 4889 2501 4959 ιεκρατήκασι,
2520 4890 2734 4960 καὶτῆς
2758 4891 2860 4962 σῆς
2876 4892 3058 4965 ίσχύος
3082 4896 3681 4968 κατευμεγεθήσαντες,

429 4983 484 5035 iu
519 4982 722 5047 caelos,
772 4997 932 5037 omne
976 4998 1146 5053 genus
1178 4984 1526 5040 intoleranda:
1570 4986 1897 5042 calamitatis
1931 5003 1996 5042 ex

2107 4978 2357 5049 χαίρουσι
2380 4997 2441 5034 τε
2468 4982 2673 5047 λοιπὸν,
2706 4982 2783 5046 ὡς
2806 4987 3183 5056 νενικηκότες;
3210 4988 3493 5059 οὐδαμῶς,
3521 4990 3680 5060 φησί.

428 5071 610 5125 divina
642 5072 721 5126 ira
744 5070 974 5128 Iudaico
1000 5074 1195 5143 populo
1220 5075 1482 5131 inﬂictum
1511 5084 1612 5132 est.
1644 5096 1664 5129 ι
1706 5078 1831 5133 Dies
1855 5079 2001 5135 enim

2120 5072 2291 5126 {ai-cor.
2321 5073 2435 5143 γὰρ
2474 5074 2613 5145 ἔχων
2642 5074 2835 5129 οὐδένα
2888 5076 2981 5130 τὸν
3023 5080 3402 5151 παραστάτην,
3438 5082 3684 5135 κατεπά-

426 5164 842 5231 retributionis,
920 5166 1142 5235 inquit,
1188 5169 1408 5222 advenit
1463 5168 1589 5223 illis.
1627 5187 1648 5220 ι
1685 5168 1817 5223 Nam
1872 5172 2000 5240 qui-

2095 5179 2241 5232 τησα
2294 5165 2493 5228 αὐτοὺς
2525 5169 2583 5219 ἐν
2638 5166 2836 5237 θυμῷ,
2870 5170 2966 5222 καὶ
3005 5170 3317 5224 κατέθλασα
3349 5173 3546 5236 αὐτοὺς
3598 5173 3682 5237 ὡς

427 5256 529 5311 bus
563 5256 713 5312 licuit
765 5256 923 5312 iidem
956 5259 1216 5327 arripere,
1244 5269 1297 5313 et
1338 5275 1435 5329 per
1482 5276 1603 5315 eam
1682 5261 1997 5331 locupletari

2120 5260 2223 5329 νῆν,
2251 5260 2566 5329 κατήγαγον
2587 5260 2649 5313 τὸ
2674 5256 2812 5331 αἷμα
2840 5262 3020 5318 αὐτῶν
3048 5266 3127 5329 είς
3148 5266 3279 5335 γῆν·
3303 5267 3441 5337 μετά
3469 5267 3574 5337 γάρ
3589 5284 3682 5320 τοι

425 5349 625 5415 gratia,
658 5363 779 5402 cum
821 5359 998 5403 tamen
1025 5349 1150 5404 facti
1184 5361 1365 5405 essent
1402 5350 1562 5421 pigri,
1590 5352 1699 5407 imo
1736 5368 1999 5423 arrogan-

2120 5351 2192 5421 τὴν
2219 5353 2296 5415 εἰς
2332 5351 2594 5423 οὐρανοὺς
2620 5353 2972 5424 ἀναφοίτησιν
2994 5355 3087 5409 τοῦ
3107 5357 3369 5428 Χριστοῦ,
3399 5358 3507 5410 πᾶν
3534 5351 3680 5421 εἶδος

425 5448 508 5495 tes
539 5450 592 5496 et
623 5440 944 5507 insolentes,
1000 5451 1057 5497 et
1082 5456 1249 5513 prope
1282 5438 1390 5497 Deo
1413 5443 1613 5498 bellum
1641 5444 1948 5500 indicerent
1979 5461 1992 5496 :

2094 5444 2369 5515 ἀφορήτου
2417 5446 2703 5515 συμφορᾶς
2729 5449 2841 5511 τοῖς
2894 5446 3169 5501 Ἰουδαίων
3195 5447 3389 5519 δήμοις
3417 5450 3481 5501 ἐκ
3526 5447 3683 5513 θείας

492 5617 539 5651 '5
558 5616 714 5674 Joan.
746 5635 843 5688 ιιι,
869 5620 956 5687 51,
988 5620 1079 5677 '52.
1156 5622 1200 5654 “
1230 5621 1365 5677 Gen.
1398 5636 1544 5685 ηις,
1581 5619 1671 5674 Η.
1746 5621 1791 5653 ⁸⁸
1818 5619 2003 5675 Mattn.

2120 5638 2185 5687 vl,
2214 5622 2302 5687 56,
2330 5622 2420 5677 57.
2496 5623 2541 5655 “
2561 5622 2716 5681 Joan.
2743 5642 2855 5697 xvi,
2879 5627 2971 5685 52.
3003 5630 3068 5683 ".
3099 5629 3238 5687 Psal.
3266 5627 3547 5696 uvmﬂi,
3576 5626 3675 5685 ἓν..

488 5793 567 5867 (l)
599 5792 861 5855 llunl'red.
894 5797 1088 5869 legisse
1111 5799 1324 5859 videtur
1349 5800 1497 5869 θέαν,
1524 5808 1577 5857 et
1606 5800 1745 5857 infra
1769 5801 1986 5871 lin.‘,l2,

2120 5800 2266 5874 θριον
2299 5816 2396 5873 pro
2427 5800 2729 5873 ἀλλότριον.
