4022 6400
311 439 452 495 1585
1418 440 1486 497 ΙΝ
1526 440 1764 497 ISAIAM
1808 441 1887 496 LI]

1992 442 2043 497 ν.
2088 440 2327 497 TUMUS
2370 439 2433 493 ν.
3430 439 3568 499 1386

306 557 480 629 ὀργῆς
524 556 880 630 ἐπενήνεκται
905 597 919 612 .
949 556 1200 631 «Ἡμέρα
1250 560 1358 632 γὰρ
1403 561 1833 625 ἀνταποδόσεως,
1874 581 1887 613 ι

2002 562 2187 631 quidni
2219 561 2272 615 in
2309 572 2470 615 omne
2491 572 2663 629 genus
2688 556 2951 612 malorum
2976 556 3291 613 devenirent
3316 558 3339 612 ?
3368 558 3567 614 Verum

306 648 495 717 φησιν,
521 667 539 699 ι
559 648 793 718 ἐπῆλθεν
822 650 1025 721 αὐτοῖς.
1053 669 1072 702 ›
1101 644 1197 714 Οἷς
1222 651 1331 723 γάρ
1360 650 1482 717 ἐξὸν
1518 653 1762 724 ἁρπάσαι
1792 652 1887 724 τὴν

1996 652 2367 707 retributionis
2420 659 2635 720 tempus
2692 650 2820 716 illis,
2861 658 2979 705 erat
3031 650 3419 720 redemptionis
3455 652 3572 709 dies

312 739 513 803 πίστιν,
551 740 645 791 καὶ
665 740 763 812 τὴν
785 740 854 793 δι’
884 742 1057 812 αὐτῆς
1084 743 1530 814 καταπλουτῆσαι
1559 747 1739 817 χάριν,
1774 740 1887 798 εἶτα

1995 744 2081 799 ltis
2144 743 2234 813 qui
2271 743 2389 812 ejus
2420 743 2812 813 apparitionem
2846 752 3202 811 agnoverunt.
3231 742 3569 799 Simulenim

311 831 544 904 ῥᾴθυμοι
578 833 893 902 γεγονότες,
940 834 1140 905 μᾶλλον
1173 833 1229 887 δέ
1278 834 1537 900 ἀλαζόνες
1557 876 1570 899 ,
1614 838 1707 890 καὶ
1740 836 1893 909 ὑϐρι-

312 923 455 985 σταὶ,
488 924 583 976 καὶ
625 923 787 995 μέχρι
839 925 1040 988 παντὸς
1078 924 1372 996 θεομάχοι,
1408 925 1527 991 πῶς
1574 928 1635 979 οῦ
1689 927 1893 999 σφόδρα

311 1014 537 1078 εἰκότως
570 1015 769 1077 παντὸς
816 1014 948 1069 εῖσω
989 1016 1247 1085 γεγόνασι
1295 1016 1505 1082 κακοῦ;
1542 1018 1690 1089 Πλὴν
1738 1021 1767 1071 6
1793 1020 1893 1089 τῆς

310 1106 516 1158 ἐκείνου
566 1105 974 1171 ἀνταποδόσεως
1026 1108 1255 1178 καιρὸς,
1303 1107 1626 1180 λυτρώσεως
1674 1106 1743 1181 ἦν
1780 1112 1894 1175 τοῖς

310 1197 648 1266 ἐπεγνωκόσι
681 1199 780 1268 τὴν
813 1200 1136 1267 ἐπιφάνειαν
1171 1200 1355 1254 αὑτοῦ.
1396 1202 1484 1256 Ἐν
1508 1202 1691 1274 ταυτῷ
1728 1204 1836 1276 γὰρ
1864 1206 1895 1259 6

312 1289 411 1361 μὲν
440 1289 649 1361 ἐξήνιος
676 1291 986 1356 ἐκολάζετο,
1014 1294 1043 1345 6
1075 1292 1133 1345 δὲ
1168 1293 1425 1365 εὐπειθὴς
1474 1296 1567 1348 καὶ
1601 1296 1895 1366 ὑφειμένος

310 1382 587 1455 ἐλυτρώθη
632 1384 783 1456 παρά
830 1384 1095 1455 Χριστοῦ.
1126 1403 1144 1436 t
1182 1384 1487 1455 Ἐπέῦλεψα
1514 1385 1645 1459 γὰρ,
1684 1406 1702 1439 ι
1738 1388 1891 1458 φησὶ,

316 1494 335 1527 ι
367 1476 461 1529 καὶ
490 1476 590 1530 οὑκ
618 1471 685 1548 ἦν
721 1480 749 1530 6
781 1476 977 1548 βοηθός
998 1493 1011 1507 ’
1044 1478 1410 1549 προσενόησα,
1442 1480 1537 1532 καὶ
1567 1480 1741 1542 οὐδεὶς
1769 1480 1896 1533 ἀντ-

312 1568 533 1623 ελάὁετο
555 1586 568 1600 ·
600 1589 618 1621 ι
655 1570 748 1624 καὶ
777 1570 1046 1643 ἐρρύσατο
1074 1571 1273 1635 αὐτοὺς
1302 1574 1330 1625 6
1361 1570 1599 1644 βραχίων
1646 1590 1767 1642 μου,
1801 1573 1894 1627 καὶ

309 1657 339 1709 6
369 1657 538 1730 θυμός
579 1676 682 1731 μου
718 1660 943 1731 ἐπέστη.
985 1679 1003 1711 ι
1037 1661 1147 1714 Καὶ
1175 1662 1537 1733 κατεπάτησα
1580 1664 1777 1728 αὐτοὺς
1824 1667 1892 1735 τῇ

310 1751 445 1822 ὀργῇ
482 1768 605 1821 μου.
634 1770 651 1802 ι
679 1751 894 1805 Ἔοικεν
920 1753 977 1805 ἐν
1002 1751 1211 1815 τούτοις
1237 1752 1339 1823 τῆς
1370 1752 1479 1807 τῶν
1515 1754 1893 1826 Γραμματείων

311 1843 405 1895 καί
434 1843 746 1914 Φαρισαίων
788 1843 1063 1915 ῥᾳθυμίας
1095 1844 1363 1899 ποιεῖσθαι
1399 1847 1694 1918 καταϐολὴν,
1733 1847 1782 1900 οἳ
1814 1864 1897 1901 τε·

1992 846 2048 892 ει
2082 837 2171 891 hic
2196 834 2415 890 ell‘renis
2446 836 2668 905 punitus
2701 844 2822 899 est,
2866 843 2922 888 et
2949 833 3037 888 ille
3065 835 3323 891 obediens
3346 852 3411 891 ac
3441 837 3571 891 sub-

1996 931 2191 986 missus
2215 945 2244 983 a
2268 928 2485 985 Christo
2520 928 2829 996 redemptus
2857 936 2962 980 est.
3002 946 3021 978 ι
3055 926 3290 996 Respexi
3336 929 3504 992 enim,
3545 946 3567 980 ι

1994 1021 2185 1090 inquit,
2217 1038 2237 1072 ι
2265 1030 2319 1075 et
2356 1035 2460 1074 non
2495 1017 2841 1085 eratadjutor
2870 1033 2884 1082 ;
2913 1019 3275 1082 consideravi,
3310 1029 3364 1073 et
3410 1033 3571 1073 nemo

1994 1124 2119 1169 erat
2152 1112 2245 1182 qui
2277 1111 2548 1182 praeberet
2575 1108 2854 1163 auxilium.
2893 1127 2912 1160 ι
2961 1108 3028 1163 Et
3054 1108 3306 1164 liberavit
3324 1124 3419 1163 eos
3446 1109 3573 1164 bra-

1996 1204 2175 1260 chium
2233 1219 2431 1267 meum,
2470 1211 2525 1257 et
2550 1202 2702 1257 furor
2729 1216 2880 1255 meus
2908 1201 3107 1256 invasit
3135 1216 3251 1257 eos.
3287 1219 3307 1252 ι
3344 1201 3415 1255 At
3440 1216 3572 1256 oon-

1995 1297 2202 1352 culcavi
2228 1296 2349 1351 illos
2390 1297 2468 1349 ira
2524 1309 2661 1350 mea.
2700 1312 2719 1347 ι
2777 1293 3000 1349 Videtur
3038 1294 3122 1349 his
3159 1293 3340 1348 verbis
3378 1303 3573 1349 contra

1996 1392 2297 1447 socordiam
2319 1389 2632 1446 Scribarum
2649 1399 2705 1446 et
2725 1388 3117 1444 Pharisaeorum
3141 1386 3454 1453 vociferari,
3478 1386 3572 1456 qui

1995 1484 2274 1541 constituti
2304 1492 2429 1539 sunt
2463 1493 2521 1538 ut
2551 1491 2849 1554 praeessent
2876 1481 3095 1552 papulo,
3122 1490 3177 1536 et
3207 1480 3273 1535 ad
3291 1477 3563 1548 justitiam

1997 1575 2316 1645 dirigerent,
2348 1586 2401 1630 et
2432 1574 2499 1628 ad
2531 1572 2627 1629 Dei
2663 1573 2919 1644 placitum
2989 1572 3160 1643 probe
3200 1570 3571 1626 instituerent.

1999 1666 2106 1722 Sed
2128 1666 2265 1721 adeo
2293 1664 2552 1721 socordes
2578 1673 2734 1719 erant
2753 1679 2817 1719 ac
2846 1664 3082 1727 desides,
3133 1669 3192 1715 ut
3219 1661 3302 1715 his
3325 1660 3415 1729 qui
3441 1658 3576 1714 sub-

1998 1758 2091 1814 diti
2116 1758 2244 1829 jugo
2270 1757 2487 1812 fuerunt
2517 1756 2718 1810 nullam
2744 1771 2903 1826 opem
2933 1754 3214 1818 aﬂerrent,
3261 1752 3424 1807 nullis
3458 1766 3575 1804 mu-

1996 1848 2127 1902 nitis
2152 1848 2486 1916 corrigerent
2515 1864 2529 1900 :
2559 1846 2652 1901 sed
2684 1861 2715 1901 e
2738 1845 3033 1911 contrario,
3058 1846 3222 1899 etiam
3245 1844 3311 1897 ad
3337 1841 3572 1897 inﬁdeli-

309 1936 544 2007 τάχαντο
570 1937 669 2006 μὲν
693 1937 771 2000 εἰς
795 1936 855 1989 τὸ
880 1936 1235 2007 καθηγεῖσθαι
1259 1937 1425 2000 λαῶν,
1450 1938 1544 1991 καὶ
1570 1937 1887 1994 ἀπευθύνειν

1998 1948 2160 1994 tatem
2189 1939 2541 1993 abducerent.
2561 1937 2691 1993 Ausi
2716 1940 3002 1993 suntenim
3034 1939 3215 1993 dicere
3246 1936 3312 1991 de
3331 1934 3571 1990 omnium

310 2028 510 2092 αὐτοὺς
548 2029 629 2092 είς
675 2026 1056 2098 δικαιοσύνην,
1092 2028 1185 2080 καὶ
1232 2027 1600 2097 παιδαγωγεῖν
1646 2024 1704 2083 εὖ
1744 2030 1889 2101 μάλα

310 2119 449 2191 πρὸς
494 2118 554 2172 τὸ
601 2118 721 2190 Θεῷ
744 2119 955 2173 δοκοῦν.
1003 2120 1269 2191 Ῥᾁθυμοι
1308 2118 1365 2171 δέ
1407 2116 1546 2190 ἦσαν
1587 2119 1749 2185 οὕτω,
1795 2122 1890 2175 καὶ

310 2210 784 2274 ἀναπεπτωκότες,
823 2209 897 2274 ὡς
927 2210 1242 2281 ἐπικουρεῖν
1288 2210 1387 2281 μὲν
1420 2212 1595 2265 οὐδενὶ
1636 2213 1743 2265 τῶν
1780 2213 1887 2264 ὑπ-

310 2302 674 2373 εζευγμένων,
707 2303 802 2356 καὶ
829 2304 949 2366 ταῖς
993 2302 1299 2367 νουθεσίαις
1339 2303 1693 2375 ἐπανορθοῦν,
1736 2306 1801 2359 ἐκ
1833 2305 1890 2359 δέ

308 2394 417 2449 τῶν
449 2395 709 2450 ἐναντίων
743 2396 834 2449 καὶ
874 2394 1234 2467 ἀποκομίζειν
1266 2397 1344 2460 εἰς
1382 2397 1657 2451 ἀπιστίαν.
1692 2396 1889 2452 Τετολ-

311 2488 520 2559 μήκασι
552 2490 663 2561 γὰρ
694 2490 869 2545 εἰπεῖν
906 2492 1033 2562 περὶ
1068 2491 1163 2544 τοῦ
1204 2494 1422 2546 πάντων
1452 2494 1610 2564 ἡμῶν
1642 2495 1894 2566 θυτῆρος

308 2579 546 2653 Χριστοῦ
570 2598 584 2611 ο
621 2599 640 2632 ι
676 2581 870 2647 Ἡμεῖς
917 2582 1141 2653 οἴδαμεν
1187 2582 1268 2636 ὃτι
1302 2585 1491 2637 Μωσεῖ
1534 2584 1830 2654 λελάληκεν
1868 2588 1897 2641 6

308 2668 663 2733 Θεὸς,τοῦτον
684 2672 741 2724 δὲ
777 2672 877 2726 οὐκ
910 2672 1132 2744 οἴδαμεν
1154 2672 1319 2727 πόθεν
1345 2674 1514 2727 ἐστί.»
1550 2675 1660 2727 Καὶ
1693 2675 1857 2730 πάλιν
1877 2694 1891 2707 ·

314 2779 333 2811 ι
358 2762 643 2832 Δαιμόνιον
688 2763 801 2833 ἔχει
845 2764 938 2818 καὶ
975 2764 1250 2833 μαίνεται,
1280 2764 1333 2818 τί
1382 2765 1547 2820 αὐτοῦ
1580 2767 1843 2836 ἀκούετες
1870 2788 1890 2822 ι

308 2853 519 2907 Οὐκοῦν
568 2856 865 2927 ἐπειδήπερ
898 2857 1075 2921 οὐδεὶς
1112 2853 1216 2929 ἦν,
1255 2859 1456 2929 φησὶν,
1509 2862 1537 2913 6
1584 2860 1829 2930 βοηθῶν,
1859 2861 1894 2933 ἢ

1998 2040 2240 2085 nostrum
2265 2031 2553 2087 Servatore
2582 2028 2802 2084 Christo
2828 2046 2841 2083 :
2876 2049 2892 2081 ι
2922 2026 3033 2082 Νοε
3076 2029 3291 2099 quidem
3317 2026 3568 2081 novimus

1996 2122 2163 2195 Moysi
2187 2122 2421 2176 locutum
2447 2135 2567 2177 esse
2589 2121 2784 2189 Deum;
2806 2120 2948 2175 hunc
2962 2131 3141 2175 autem
3160 2117 3299 2173 haud
3328 2117 3577 2171 novimus

1997 2215 2140 2269 unde
2162 2214 2233 2269 sit
2261 2214 2323 2267 η.
2368 2231 2386 2265 ι
2422 2212 2489 2268 Ει
2528 2213 2721 2267 iterum
2750 2228 2763 2265 :
2799 2229 2817 2263 ι
2856 2212 3191 2266 υιεηιοιιίωι]
3227 2209 3390 2264 habet
3408 2218 3463 2263 et
3493 2208 3578 2261 iu-

1999 2306 2164 2370 sanit,
2194 2305 2319 2374 quid
2355 2304 2502 2359 illum
2544 2304 2743 2358 auditis
2771 2304 2813 2335 ¹⁹
2847 2304 2871 2357 ?
2910 2321 2929 2354 ι
2989 2302 3176 2370 Itaque
3209 2302 3335 2371 quia
3389 2316 3572 2365 nemo,

1998 2398 2193 2469 inquit,
2216 2408 2334 2453 erat
2355 2398 2445 2467 qui
2476 2407 2841 2460 succurreret,
2870 2395 2949 2451 vel
2974 2395 3234 2448 auxilium
3272 2393 3557 2462 praherel,

1995 2494 2237 2547 servavit
2261 2506 2355 2547 eos
2372 2491 2652 2545 brachium
2682 2504 2884 2552 meum,
2909 2490 2959 2543 id
2998 2495 3103 2553 est,
3126 2487 3387 2556 potentia.
3412 2484 3575 2539 Cam-

1994 2586 2177 2655 plures
2227 2587 2395 2649 enim,
2425 2595 2482 2638 ut
2530 2584 2665 2649 dixi,
2701 2598 2767 2637 ex
2808 2581 3008 2637 Judaeis
3066 2578 3435 2633 crediderunt.
3471 2574 3571 2640 Qui

1992 2693 2123 2733 vero
2154 2676 2409 2732 nolebant
2438 2690 2761 2731 succurrere
2790 2689 2907 2741 eos,
2968 2672 3121 2726 furor
3150 2684 3304 2723 meus
3354 2668 3572 2730 invasit,

1993 2768 2230 2840 factique
2261 2777 2388 2823 sunt
2411 2768 2752 2824 conculcatio
2783 2769 2898 2822 iraa.
2946 2765 3070 2819 Mali
3099 2765 3243 2819 enim
3270 2762 3409 2815 male
3443 2775 3574 2831 per-

1994 2863 2192 2924 ierunt,
2225 2871 2280 2916 et
2308 2862 2498 2931 dignus
2519 2860 2818 2916 sceleribus
2851 2873 3041 2926 pmnas
3073 2856 3361 2911 dederunt.

308 2944 861 3017 ἀντιλαμϐανόμενος,
900 2948 1105 3001 σέσωκε
1144 2949 1241 3019 μὲν
1272 2950 1514 3013 ἐκείνους
1543 2952 1571 3004 6
1598 2951 1729 3021 ἐμὸς
1756 2950 2017 3023 βραχίων,
2067 2950 2339 3017 τουτέστι,
2397 2950 2646 3021 δύναμις,
2722 2949 2966 3002 πλεῖστοι
3032 2945 3163 3017 γὰρ,
3208 2944 3283 3008 ὡς
3317 2944 3478 3014 ἔφην,
3518 2945 3575 3013 ἐξ

320 3038 587 3091 Ἰουδαίων
617 3039 1041 3097 πεπιστεύκασι.
1068 3042 1193 3105 Τοῖς
1227 3060 1291 3110 γε
1334 3042 1439 3114 μὴν
1471 3045 1571 3097 οὐκ
1599 3044 1889 3116 ἐθελήσασι
1930 3046 2145 3117 βοηθεῖν
2174 3047 2202 3099 6
2233 3044 2404 3115 θυμός
2449 3061 2549 3116 μου
2597 3045 2823 3115 ἐπέστη,
2888 3042 3147 3111 γεγόνασι
3189 3038 3571 3110 κατωτάτημα

305 3129 403 3199 τῆς
441 3130 622 3203 δργῆς.
651 3133 827 3185 Κακοὶ
854 3132 964 3205 γὰρ
990 3134 1179 3197 κακῶς
1220 3133 1528 3198 διολώλασι,
1556 3138 1649 3189 καὶ
1679 3138 2000 3209 ἱσορρόπους
2034 3140 2149 3201 τοῖς
2181 3137 2502 3207 αἰτιάμασιν
2530 3134 2818 3206 ἐξῄτηνται
2848 3134 3023 3197 δίκας.

382 3223 496 3276 Τὸν
535 3224 713 3277 ἔλεον
744 3226 965 3293 Κυρίου
1006 3224 1338 3293 ἐμνήσθην,
1382 3225 1486 3293 τὰς
1518 3228 1731 3296 ἀρετὰς
1770 3233 1884 3283 Κυ-

2062 3227 2224 3282 Vens.
2260 3227 2315 3280 7.
2381 3226 2762 3280 Misericordia
2817 3224 3031 3278 Domini
3083 3222 3389 3276 recordatus
3432 3236 3573 3281 sum,

299 3314 435 3384 ρίου
464 3315 533 3368 ἐν
568 3314 776 3381 πᾶσιν,
810 3311 901 3382 οἷς
941 3319 974 3369 ὁ
1004 3319 1217 3386 Κύριος
1249 3318 1392 3388 ἡμῖν
1422 3319 1887 3376 ἀνταποδίδωσι.

306 3406 522 3475 Κύριος
566 3407 774 3474 κριτὴς
814 3408 1037 3476 ἀγαθὸς
1076 3407 1155 3474 τῷ
1197 3411 1341 3475 οἴκῳ
1382 3412 1647 3481 Ἰσραὴλ,
1682 3412 1889 3482 ἐπάγει

305 3498 451 3567 ἡμῖν
482 3497 752 3552 καὶκατὰ
774 3500 1041 3565 τὸ·ἕλεος
1069 3501 1277 3565 αὑτοῦ,
1309 3502 1406 3555 καὶ
1446 3504 1596 3559 κατὰ
1628 3505 1692 3556 τὸ
1732 3504 1889 3572 πλῆ-

304 3595 409 3658 θος
431 3591 541 3660 τῆς
570 3591 961 3658 δικαιοσύνης
981 3592 1186 3647 αὑτοῦ.

374 3681 508 3735 Θεοῦ
553 3682 807 3750 λέγοντος
845 3681 920 3745 ὡς
952 3681 1153 3751 ἐπέστη
1199 3683 1299 3753 μέν
1329 3686 1439 3747 τοῖς
1468 3684 1829 3755 ἀπειθήσασιν
1859 3686 1888 3737 6

306 3774 496 3846 θυμὸς,
541 3775 887 3843 κατεπάτησε
932 3773 988 3825 δέ
1040 3774 1240 3839 αὐτοὺς
1268 3778 1300 3846 ἡ
1327 3776 1484 3847 ὀργὴ,
1518 3778 1609 3830 καὶ
1637 3779 1717 3831 ὅτι
1751 3795 1885 3830 κατ-

303 3866 569 3937 εκομίσθη
602 3866 663 3919 τὸ
688 3861 825 3936 αἷμα
857 3866 1033 3919 αὐτῶν
1061 3869 1141 3930 είς
1168 3868 1289 3938 γῆν,
1319 3868 1405 3921 διὰ
1442 3870 1607 3940 μέσου
1638 3870 1884 3940 κεχώρη-

306 3978 402 4014 κεν
434 3962 461 4014 ό
490 3962 800 4031 προφήτης,
824 3961 918 4013 καὶ
947 3961 1350 4029 ἀπογινώσκειν
1377 3963 1476 4016 οὐκ
1510 3965 1573 4033 ἐᾷ
1602 3965 1727 4026 τοῦς
1761 3963 1885 4018 καθ’

303 4048 378 4107 ὧν
406 4054 455 4106 οἱ
486 4052 654 4121 λόγοι,
691 4052 902 4121 μέτεισι
926 4052 984 4106 δὲ
1012 4053 1073 4106 τὸ
1094 4054 1303 4125 χρῆμα,
1330 4054 1423 4107 καὶ
1456 4055 1575 4107 λίαν
1595 4056 1881 4127 εὐτέχνως.

316 4143 625 4216 Ἑμνήσθην
677 4144 807 4214 γὰρ,
838 4145 992 4215 φησὶ,
1021 4147 1141 4198 κατ’
1194 4146 1451 4215 ἐμαυτὸν,
1501 4147 1572 4209 ὡς
1607 4146 1752 4199 ἔστιν
1785 4148 1885 4200 οῦκ

300 4236 516 4307 ἀπηνὴς
540 4234 695 4288 ὁτῶν
726 4236 862 4288 ὅλων
911 4236 1124 4307 κριτής.
1162 4232 1292 4289 Οἶδα
1335 4237 1443 4307 γὰρ
1475 4237 1567 4290 τὸν
1606 4238 1753 4290 ἔλεον
1793 4240 1885 4291 καὶ

301 4328 399 4392 τάς
424 4328 624 4400 ἀρετὰς
640 4327 829 4393 αὐτοῦ,
852 4328 1122 4391 τουτέστι,
1150 4329 1249 4393 τὰς
1271 4329 1588 4393 δυναστείας
1613 4332 1671 4384 ἐν
1698 4332 1880 4397 πᾶσιν,

300 4417 381 4484 οἷς
430 4420 853 4474 ἀνταποδίδωσιν
892 4423 1041 4493 ἡμῖν.
1088 4423 1151 4475 Et
1190 4422 1298 4493 γὰρ
1347 4425 1438 4477 καὶ
1477 4424 1879 4495 ἀπέστραπται,

302 4512 457 4583 φησὶ,
497 4512 936 4583 πεπαρῳνηκότα
959 4513 1047 4566 τὸν
1087 4513 1323 4585 Ἰσραὴλ,
1365 4514 1457 4567 καὶ
1483 4514 1725 4568 ἀπειθεῖν
1752 4518 1882 4587 ᾑρη-

1995 3321 2240 3372 virtutum
2281 3316 2525 3381 Domini,
2569 3318 2625 3369 in
2668 3317 2906 3370 omnibus
2953 3331 3071 3384 qua:
3121 3314 3267 3369 nobis
3312 3313 3573 3368 retribuit.

1998 3410 2250 3464 Dominus
2309 3409 2479 3477 judea:
2534 3408 2696 3462 bonus
2729 3408 2910 3459 domui
2954 3405 3125 3461 Israel
3183 3407 3397 3459 adducit
3427 3406 3573 3460 nobis

1989 3505 2276 3557 secundum
2332 3501 2747 3555 misericordiam
2817 3499 2986 3569 880
3011 3516 3185 3566 suam,
3210 3510 3259 3552 et
3287 3499 3572 3552 secundum

1990 3592 2376 3644 multitudinem
2403 3590 2630 3658 justitia:
2661 3604 2789 3642 sum.

2064 3682 2171 3737 Deo
2220 3683 2433 3736 dicente
2486 3680 2771 3733 advenisse
2851 3676 3145 3732 incredulis
3195 3676 3467 3740 furorem,
3517 3684 3573 3730 et

1990 3775 2111 3829 illos
2150 3774 2230 3829 ira
2276 3773 2652 3833 couculcatos.
2694 3772 3125 3839 sanguinemque
3164 3784 3350 3822 eorum
3396 3771 3571 3823 dedu-

1988 3877 2135 3920 ctum
2171 3867 2223 3920 in
2259 3875 2489 3926 terram,
2526 3864 2815 3917 intervenit
2850 3862 3107 3932 propheta
3129 3898 3145 3925 ,
3180 3875 3280 3916 nec
3312 3860 3444 3915 sinit
3476 3875 3570 3915 eos

1988 3958 2226 4010 animum
2266 3956 2619 4024 despondere,
2656 3962 2843 4008 contra
2885 3968 3022 4022 quos
3064 3952 3179 4007 haec
3218 3953 3381 4007 verba
3425 3952 3567 4007 dicta

1988 4060 2136 4105 sunt.
2173 4048 2389 4120 Resque
2428 4049 2542 4104 hac
2576 4047 2733 4102 valde
2772 4044 3066 4100 artiﬁciose
3107 4046 3427 4115 interposita
3463 4055 3567 4100 est.

1989 4143 2321 4199 Recordatus
2364 4158 2481 4199 sum
2524 4141 2693 4208 enim,
2733 4140 2925 4210 inquit,
2962 4140 3103 4209 apud
3149 4153 3259 4201 me,
3297 4154 3402 4193 non
3445 4154 3570 4194 esse

1989 4235 2367 4292 inclementem
2412 4236 2788 4291 universorum
2828 4231 3090 4288 .ludicem.
3126 4229 3263 4286 Novi
3297 4230 3561 4299 siquidem

1989 4329 2419 4385 misericordiam
2460 4338 2516 4384 et
2552 4328 2782 4382 virtutes
2824 4325 2965 4394 ejus,
3004 4325 3057 4379 id
3102 4333 3205 4388 est,
3244 4324 3561 4394 potentiam,

1990 4423 2041 4476 in
2076 4421 2326 4477 omnibus
2358 4436 2479 4492 quae
2513 4421 2669 4476 nobis
2701 4421 2970 4477 retribuit.
3008 4418 3117 4473 Etsi
3163 4417 3328 4483 enim,
3365 4417 3563 4485 inquit,

1987 4511 2241 4567 lsraelem
2290 4512 2680 4568 debacchatum
2727 4522 2781 4566 et
2832 4510 3234 4566 inobedientem
3284 4518 3563 4563 aversatus

304 4603 483 4673 μένον,
518 4604 610 4657 καὶ
655 4599 767 4656 οἷον
806 4605 1229 4659 ἀνταποδίδωσιν
1268 4608 1397 4677 ἡμῖν
1451 4607 1520 4661 τά
1570 4606 1628 4672 ἐξ
1691 4609 1881 4681 ὀργῆς,

1992 4606 2080 4668 sit,
2107 4614 2160 4657 et
2187 4604 2329 4658 velut
2362 4603 2610 4658 retribuit
2640 4602 2795 4657 nobis
2826 4601 2984 4666 iram,
3014 4616 3119 4654 non
3148 4600 3367 4670 quidem
3396 4599 3566 4669 impu-

299 4696 399 4747 οὐκ
432 4696 672 4766 ἀκράτου
704 4695 923 4767 μᾶλλυν,
965 4697 1080 4750 ἀλλ’
1108 4698 1412 4769 ήμερότητι
1443 4700 1881 4771 κεκρατημένης,

300 4789 413 4843 ἀλλ’
449 4786 543 4843 οὖν
588 4786 646 4844 εὖ
686 4792 981 4861 ἐπίσταμαι
1020 4791 1119 4855 τάς
1152 4794 1353 4863 ἀρετάς
1389 4793 1575 4857 αὑτοῦ,
1615 4795 1881 4861 τουτέστι,

298 4886 395 4949 τὰς
440 4882 756 4945 δυναστείας
802 4884 1173 4954 γεγενημένας
1238 4884 1380 4938 κατά
1420 4886 1644 4956 καιροὺς
1685 4886 1779 4939 επὶ
1814 4891 1881 4959 τῇ

299 4976 564 5050 λυτρὼσει
630 4975 724 5028 τοῦ
801 4976 1036 5047 Ἰσραήλ.
1107 4977 1346 5031 «Ἔσται
1386 4976 1628 5041 τοίνυν,ι
1695 4979 1881 5048 φησὶν,

305 5092 321 5122 ι
350 5075 378 5126 6
425 5070 630 5143 Κύριος
682 5069 876 5140 κριτὴς
913 5069 1116 5138 ἀγαθὸς
1142 5068 1217 5139 τῷ
1266 5070 1400 5140 οἴκῳ
1440 5070 1675 5141 Ἰσραὴλ,
1707 5090 1725 5121 ι
1779 5072 1880 5125 οῦκ

298 5163 531 5235 ἀκριὸὴς
562 5162 781 5234 μᾶλλον,
821 5161 961 5216 ἀλλά
980 5161 1233 5233 χρηστὸς,
1267 5163 1434 5234 ἤγουν
1457 5162 1680 5230 ἀγαθός.
1722 5165 1885 5217 Δικα-

301 5254 427 5308 στοῦ
479 5255 577 5327 μὲν
618 5253 727 5325 γάρ
766 5252 1027 5324 ἀκρισοῦς
1062 5253 1223 5325 ἔργον
1255 5253 1320 5307 ἂν
1347 5254 1573 5323 γένοιτο,
1613 5254 1673 5307 τὸ
1727 5254 1884 5318 δίκας

298 5354 468 5405 αἰτεῖν
532 5352 658 5415 τοὺς
710 5349 1101 5422 ἡμαρτηκότας
1147 5348 1423 5417 ἀναλόγως
1476 5348 1707 5418 ἐχούσας
1770 5352 1883 5412 τοῖς

298 5445 637 5515 αἰτιάμασιν
662 5441 867 5512 ἀγαθοῦ
884 5458 949 5510 γε
982 5440 1111 5511 μὴν,
1132 5440 1196 5494 τὸ
1213 5440 1381 5495 ἐλεεῖν
1403 5440 1478 5504 ὡς
1493 5441 1882 5511 ἠσθενηκότας.

297 5534 508 5588 Οὐκοῦν
544 5534 842 5606 ἐπειδήπερ
863 5534 1059 5604 κριτὴς
1092 5532 1317 5601 ἀγαθὸς,
1352 5534 1545 5601 ἐπάγει
1583 5536 1715 5605 ἡμῖν
1742 5535 1884 5589 κατά

296 5626 358 5677 τὸ
386 5624 532 5688 ἔλεος
556 5626 746 5691 αὐτοῦ,
778 5626 1048 5689 τουτέστι,
1082 5625 1459 5695 συμμετρήσει
1498 5624 1568 5677 τὰ
1597 5624 1655 5689 ἐξ
1690 5625 1881 5697 ὀργῆς,

298 5718 393 5772 καὶ
440 5719 644 5789 ἀναμὶξ
678 5718 811 5789 ἐλέῳ
843 5718 1060 5789 ποιήσει
1099 5717 1198 5787 τὴν
1227 5717 1617 5790 ἀγανάκτησιν.
1668 5717 1881 5790 Πλῆθος

371 5891 418 5927 ³³
452 5891 604 5949 Joau.
638 5909 716 5955 rx,
750 5894 842 5949 29.
921 5894 962 5925 ”
993 5893 1149 5948 Jnan-
1187 5910 1242 5959 Χ.
1267 5894 1360 5951 9οο

569 5989 840 6050 ΡΑΤιιυι..
888 5989 1005 6049 Gn.
1052 5990 1224 6049 LXX.

1988 4705 2186 4751 tentem
2212 4705 2266 4751 et
2294 4696 2723 4759 immoderatam,
2750 4696 2842 4749 sed
2869 4694 3154 4749 clementia
3183 4699 3563 4763 temperatam,

1987 4791 2102 4846 scio
2146 4800 2324 4845 tamen
2366 4790 2592 4843 virtutes
2633 4787 2774 4857 ejus,
2818 4788 2870 4842 id
2913 4795 3016 4852 est,
3064 4784 3359 4855 potentiam
3396 4783 3564 4836 variis

1986 4882 2321 4954 temporibus
2358 4885 2409 4938 in
2446 4882 2763 4937 liberatione
2793 4881 3007 4936 lsraelis
3036 4878 3354 4934 exhibitatn.
3392 4894 3412 4929 ι
3450 4877 3565 4931 Erit

1987 4976 2193 5045 itaque,
2232 4994 2251 5027 ι
2287 4976 2484 5046 inquit,
2522 4993 2541 5026 ι
2581 4974 2841 5029 Dominus
2864 4974 3033 5042 judex
3070 4972 3247 5028 bonus
3275 4970 3455 5025 domui
3488 4968 3566 5024 lso

1986 5069 2120 5133 rael,
2163 5088 2182 5121 ι
2220 5084 2330 5124 non
2364 5082 2612 5133 severus,
2651 5078 2706 5121 at
2740 5067 3005 5135 benignus
3039 5075 3093 5119 et
3127 5066 3317 5119 bonus.
3356 5061 3564 5117 Judiris

1984 5161 2130 5216 enim
2174 5160 2349 5216 severi
2390 5158 2625 5215 ollicium
2669 5169 2754 5214 est
2814 5171 2972 5227 poma
3020 5156 3318 5211 sceleribus
3362 5169 3561 5208 conve-

1985 5254 2169 5308 niente
2205 5252 2419 5308 aﬂicere
2460 5262 2748 5322 peccantes
2788 5291 2803 5313 ,
2840 5249 2966 5305 boni
3007 5259 3208 5311 autem,
3249 5248 3562 5302 misericor-

1982 5346 2126 5400 diam
2144 5360 2360 5416 capere,
2383 5357 2440 5399 ut
2460 5344 2814 5398 inﬁrmorum.
2837 5343 3024 5411 Itaque
3049 5341 3220 5396 bonus
3242 5340 3407 5410 judex
3436 5353 3559 5392 cum

1979 5438 2081 5505 sit,
2106 5438 2314 5493 inducit
2340 5438 2497 5492 nobis
2525 5451 2620 5507 pro
2648 5435 3016 5491 misericordia
3043 5448 3172 5501 sua,
3199 5433 3251 5488 id
3280 5440 3395 5495 est,
3424 5432 3559 5486 iram

1980 5531 2372 5596 moderabitur,
2425 5539 2480 5585 et
2532 5529 2957 5600 indignationem
3012 5540 3135 5583 cum
3189 5526 3562 5580 misericordia

1979 5623 2324 5693 temperabit.
2354 5621 2499 5679 Inest
2526 5622 2670 5677 enim
2702 5621 2751 5675 ei
2782 5619 3072 5676 multitudo
3098 5618 3343 5689 justitim,
3372 5617 3424 5673 id
3452 5625 3559 5681 est,

1977 5716 2043 5772 ad
2060 5730 2329 5774 summam
2355 5717 2533 5773 omnis
2554 5714 2780 5785 justitia:
2806 5723 3005 5771 sortem
3028 5712 3296 5784 pervenit.
3322 5710 3484 5778 Hinc,
3507 5714 3563 5764 et

3158 5984 3236 6048 44
