4022 6400
484 396 648 456 ’1587

1503 386 1556 439 S.
1600 382 1869 439 CYRILLI
1910 384 2379 440 ALEXANDle
2419 382 2739 441 ARCHIEP.

3638 381 3793 439 4583

510 514 725 583 quidem
759 526 861 566 non
896 510 1191 574 immerito,
1241 521 1347 559 non
1385 506 1609 557 omnino
1644 505 1964 573 impunitmn
2006 505 2076 555 ιιι-

2191 504 2299 574 γάρ
2336 504 2545 557 ἔνεστιν
2580 502 2730 572 αὐτῷ
2757 500 3121 571 δικαιοσύνης,
3154 501 3453 566 τουτέστιν,
3489 515 3577 563 εις
3623 500 3793 571 λῆξιν

512 606 688 658 mittet
738 601 1026 663 israelem,
1075 599 1169 653 sed
1219 598 1500 650 clementia
1551 596 1766 664 potius,
1826 597 1902 648 uti
1949 596 2082 659 dixi,

521 698 654 749 iram
693 691 1036 762 temperabit.
1064 690 1304 744 Servatae
1336 696 1461 741 sunt
1492 687 1635 741 enim
1670 686 1929 756 reliquiae.

585 979 977 1035 Vms.8-i0.Et
1006 981 1138 1031 dixit
1171 979 1458 1031 Dominus:
1484 975 1671 1030 Nonne
1699 978 1916 1045 populus
1942 994 2085 1029 mens

510 1079 628 1131 est?
697 1075 799 1143 ﬁlii
873 1075 971 1127 mei
1012 1089 1113 1125 non
1152 1073 1521 1138 reprobabunt.
1560 1068 1625 1121 Et
1662 1070 1770 1136 ipse
1806 1068 1976 1137 factus
2012 1078 2087 1121 est

508 1169 581 1221 eis
648 1167 830 1226 saluti,
896 1180 959 1217 ex
985 1164 1125 1216 omni
1157 1161 1445 1229 afﬂictione
1477 1174 1678 1212 eorum.
1711 1157 1831 1211 Non
1862 1158 2083 1227 legatus,

508 1273 611 1310 non
668 1256 904 1325 angelus,
966 1257 1056 1307 sed
1084 1256 1189 1321 ipse
1216 1253 1466 1305 Dominus
1492 1252 1709 1304 servavit
1734 1267 1840 1317 eos,
1864 1266 1923 1303 eo
1948 1252 2085 1320 quod

508 1348 747 1415 diligeret
812 1363 918 1407 eos,
944 1356 990 1399 et
1060 1354 1290 1410 parceret
1318 1345 1416 1396 eis.
1444 1340 1564 1410 Ipse
1598 1341 1807 1395 redemit
1838 1357 1946 1405 eos,
1969 1356 2087 1394 sus-

508 1431 672 1505 cepit,
756 1440 916 1491 evexit
1001 1437 1238 1490 omnibus
1284 1436 1464 1487 diebus
1509 1434 1710 1488 sirculi.
1756 1434 1823 1485 Αι
1861 1432 1939 1486 illi
1983 1449 2085 1485 non

507 1534 855 1595 crediderunt,
932 1540 978 1583 et
1061 1530 1498 1583 exacerbaverunt
1544 1526 1800 1595 Spiritum
1844 1536 2083 1579 sanctum

506 1625 649 1692 ejus;
709 1632 756 1677 et
823 1637 1097 1675 conversus
1139 1631 1212 1674 est
1252 1622 1324 1675 eis
1359 1622 1413 1673 in
1446 1620 1799 1683 inimicitiam,
1832 1617 2085 1672 Dominus

508 1718 617 1783 ipse
650 1714 959 1783 oppugnavit
993 1728 1099 1766 eos.

581 1893 786 1947 Rursus
827 1893 953 1947 mihi
998 1902 1179 1963 specta
1224 1892 1314 1946 Dei
1357 1905 1644 1960 personam
1686 1889 1868 1945 statim
1913 1889 2083 1944 intro-
2115 1877 2156 1931 Β

507 1985 756 2049 ductam,
794 1993 997 2037 tantum
1036 2000 1138 2038 non
1177 1983 1500 2037 clamantem
1539 1991 1726 2037 contra
1767 1982 2079 2036 inobedien-

509 2078 636 2128 tiam
672 2073 899 2128 lsraelis.
934 2074 1078 2127 Dixit
1109 2075 1286 2135 enim,
1323 2074 1527 2141 inquit,
1560 2072 1848 2137 Dominus,
1880 2074 1932 2127 id
1964 2081 2078 2138 est,

507 2167 621 2232 ipse
657 2166 1027 2218 universorum
1065 2164 1202 2218 Deus
1234 2182 1247 2218 :
1281 2162 1467 2217 Nonne
1502 2178 1599 2232 pro
1634 2164 1755 2217 liliis
1792 2165 1951 2219 habui
1988 2180 2082 2232 po-

508 2257 721 2327 pulum?
750 2258 882 2310 Cum
920 2266 1098 2309 autem
1130 2256 1232 2308 hoc
1256 2271 1443 2309 verum
1478 2257 1547 2308 sit
1570 2273 1581 2307 :
1605 2256 1739 2309 dixit
1770 2255 1913 2310 enim
1947 2272 1961 2308 :
1993 2255 2080 2309 Fi-

506 2350 608 2403 lius
630 2349 1016 2418 primogenitns
1039 2361 1187 2400 meus
1211 2345 1374 2400 Israel
1397 2364 1409 2400 :
1443 2360 1597 2400 nemo
1620 2347 1815 2414 poterit
1836 2348 2081 2401 dubitare

506 2445 633 2510 quin
664 2442 831 2495 durus
864 2438 1023 2491 fuerit
1051 2446 1104 2493 et
1135 2440 1533 2507 itnmorigerus.
1560 2439 1725 2509 881
1760 2438 1864 2493 Sed
1899 2450 2077 2493 tamen

508 2535 672 2589 lilium
713 2533 1013 2601 ablegatum
1070 2532 1311 2600 recipiet.
1347 2532 1452 2584 Sed
1498 2546 1677 2584 nonne
1720 2536 1820 2585 hoc
1864 2533 2076 2585 tandem

506 2626 707 2687 evenit,
729 2639 825 2677 nec
845 2624 1132 2676 frustratus
1148 2630 1231 2676 est
1248 2636 1340 2691 Spe
1356 2623 1445 2690 qui
1464 2623 1641 2674 omnia
1664 2623 1847 2675 novit?
1865 2622 2079 2676 Sciebat

505 2718 648 2771 enim
678 2714 877 2778 futura,
910 2714 1148 2782 nihilque
1179 2729 1299 2766 enm
1330 2728 1551 2782 prorsus
1582 2713 1730 2767 latet.
1756 2712 1950 2766 Verum
1982 2714 2080 2766 hn-

506 2825 667 2863 mano
712 2822 862 2861 more
909 2806 1172 2860 formatur
1214 2806 1476 2860 orationis
1523 2805 1758 2859 habitus.
1800 2805 1926 2859 Haec
1969 2804 2078 2859 Deo

506 2901 736 2960 dicente,
770 2905 996 2964 occupat
1037 2897 1319 2963 propheta,
1355 2905 1408 2947 et
1451 2896 1782 2963 stupiditatis
1822 2897 1981 2949 simul
2024 2908 2079 2951 et

507 2989 907 3059 ingratitudinis
953 2998 1173 3041 accusat
1215 2987 1487 3053 lsraelem,
1540 2985 1881 3059 ostenditque
1928 2992 2075 3045 illum

506 3083 768 3134 honorum
811 3080 912 3134 sibi
957 3078 1274 3131 collaturum
1323 3093 1541 3141 prorsus
1586 3079 1752 3133 fuisse
1796 3082 2075 3135 immemo—

505 3190 641 3229 rem.
681 3192 699 3224 ι
739 3172 930 3226 Factus
962 3182 1043 3225 est
1073 3171 1247 3234 enim,
1288 3190 1305 3221 ι
1347 3172 1549 3237 inquit.
1590 3192 1608 3222 ι
1647 3173 1753 3225 illis
1790 3174 1977 3236 saluti,
2010 3190 2077 3229 ex

504 3270 650 3321 onmi
705 3266 991 3320 alilictione
1037 3281 1242 3319 eorum.
1301 3284 1318 3315 ι
1365 3264 1641 3334 Nemoque
1688 3276 1943 3334 praeterea
1988 3283 2080 3321 eos

506 3359 762 3422 servavit,
792 3372 895 3411 non
923 3357 1147 3425 legatus,
1174 3374 1276 3409 non
1304 3358 1545 3424 angelus,
1571 3357 1663 3409 sed
1691 3357 1803 3423 ipse
1829 3357 2081 3411 Dominus

507 3466 600 3520 per
621 3451 875 3515 seipsnm.
902 3447 1158 3502 Miracula
1183 3448 1326 3500 enim
1354 3453 1609 3514 operatus
1634 3457 1717 3501 est
1744 3450 1797 3501 in
1825 3447 2078 3519 JEgypto,

504 3522 783 3612 sequestre
806 3541 1024 3610 quidem
1052 3539 1258 3609 Moyse,
1285 3549 1655 3593 verumtamen
1684 3541 1797 3610 ipse
1824 3552 1961 3604 erat,
1990 3542 2078 3610 qui

502 3636 589 3688 illa
631 3635 935 3704 Opinionem
979 3641 1323 3701 mentemque
1366 3634 1681 3687 excedentia
1725 3636 2076 3703 operabatur.

508 3727 657 3779 Unde
699 3742 820 3779 cum
866 3725 1090 3777 vitulum
1138 3724 1460 3779 fabricasset
1506 3725 1693 3788 Israel,
1736 3726 2079 3796 olIensusque

501 3827 645 3872 esset
682 3819 845 3883 Deus,
882 3833 944 3870 ac
987 3818 1355 3871 denuntiasset
1396 3834 1455 3872 se
1495 3821 1742 3885 angelum
1785 3835 1904 3872 cum
1952 3821 2080 3889 ipsis

503 3909 825 3970 missurum,
866 3907 1088 3959 moleste
1123 3907 1241 3959 tulit
1274 3906 1512 3978 Moyses,
1549 3908 1733 3962 dicens
1765 3926 1777 3960 :
1818 3928 1835 3960 ι
1876 3909 1985 3964 Nisi
2025 3923 2077 3963 tu

501 4002 615 4069 ipse
646 4013 849 4067 praseas
882 3998 1035 4061 mihi,
1068 4012 1133 4050 ne
1166 4000 1364 4052 educas
1396 4014 1482 4052 me
1512 3999 1637 4053 hinc
1665 4000 1729 4052 ’°.
1767 4019 1785 4051 ι
1822 4000 1940 4068 Ipse
1977 4002 2071 4054 ita-

498 4105 604 4158 que
632 4103 725 4157 per
750 4088 985 4154 seipsum
1013 4088 1246 4140 servavit
1274 4102 1387 4150 eos,
1422 4102 1524 4140 non
1558 4088 1680 4155 quia
1711 4088 1762 4141 in
1792 4090 1895 4143 illis
1925 4090 2079 4156 quid-

497 4197 657 4250 quam
692 4179 975 4243 inveniret,
1006 4179 1098 4232 sed
1132 4177 1501 4230 tantummodo
1532 4178 1676 4246 quod
1709 4179 1957 4248 diligeret
1982 4195 2077 4233 eos

502 4286 799 4341 curamque
833 4285 1021 4325 eorum
1067 4268 1308 4322 haberet.
1345 4267 1496 4333 Quod
1536 4272 1754 4324 evidens
1790 4286 2075 4339 argumen-

501 4376 611 4417 tum
638 4375 719 4417 est
753 4360 1187 4430 incomparabilis
1217 4360 1591 4424 humanitatis,
1619 4370 1672 4413 et
1699 4362 2075 4428 placabilitatis

496 4456 710 4507 divinae.
746 4453 1020 4506 Liberavit
1055 4467 1183 4521 ergo
1219 4452 1338 4504 illos
1375 4466 1403 4505 e
1436 4453 1594 4506 domo
1626 4454 1925 4517 servitutis,
1958 4470 2075 4509 sus-

2190 596 2406 665 dtrco'to'q;
2439 594 2723 665 διελήλακε
2752 593 3115 663 δικαιοσύνης.
3156 592 3448 663 Ταύτῃτοι,
3492 591 3593 645 καὶ
3632 592 3794 661 μάλα

2188 688 2436 751 εἰκότως,
2471 689 2570 741 οὐκ
2638 686 2813 739 ἀθῶον
2859 688 3089 740 εἰσάπαν
3144 686 3342 756 ἀφήσει
3386 685 3479 738 τὸν
3533 684 3787 754 Ἰσραὴλ,

2187 780 2484 850 ήμερὸτητι
2523 779 2579 831 δέ
2614 778 2834 849 μᾶλλον,
2860 778 2934 841 ὡς
2961 779 3116 849 ἔφην,
3150 779 3372 847 κεράσει
3398 778 3466 830 τά
3498 777 3562 843 ἐξ
3585 778 3786 847 ὀργῆς.

2186 873 2462 925 Σέσωσται
2501 872 2608 942 γὰρ
2638 873 2698 924 τὸ
2731 870 3100 941 κατάλειμμα.

2258 965 2367 1018 Kal
2399 962 2531 1017 εἷπε
2569 966 2808 1033 Κύριος.
2846 966 2969 1031 Οὐχ
3008 966 3039 1017 ὀ
3071 964 3221 1029 λαός
3247 980 3395 1031 μους
3439 962 3631 1017 τέκνα
3664 981 3788 1031 μου

2190 1058 2260 1110 οὺ
2280 1057 2366 1126 μὴ
2387 1056 2776 1123 ἀθετήσουσι.
2808 1057 2916 1110 Καὶ
2950 1056 3187 1123 ἐγένετο
3218 1055 3422 1121 αὐτοῖς
3460 1058 3553 1120 εἰς
3588 1070 3793 1121 σωτηο

2181 1149 2323 1216 ρίαν
2354 1149 2421 1200 ἐκ
2448 1147 2653 1214 πάσης
2669 1148 2930 1215 θλίψεως
2955 1146 3153 1200 αὐτῶν
3177 1163 3189 1175 ·
3231 1147 3302 1199 οὺ
3336 1146 3637 1212 πρέσϐυς,
3674 1147 3792 1197 οὐκ

2186 1240 2457 1309 ἅγγελος,
2511 1240 2647 1294 ἀλλ’
2689 1240 2871 1304 αὐτὸς
2905 1242 2936 1291 ὀ
2971 1240 3183 1305 Κύριος
3233 1236 3471 1289 ἔσωσεν
3528 1235 3790 1300 αὐτοὺς,

2189 1332 2288 1385 διὰ
2338 1332 2405 1385 τὸ
2458 1331 2698 1401 ἀγαπᾷν
2734 1330 2981 1396 αὐτοὺς,
3037 1330 3135 1383 καὶ
3176 1329 3485 1398 φείδεσθαι
3535 1328 3788 1381 uenar-

2186 1424 2369 1489 αὐτὸς
2402 1422 2781 1490 ἐλυτρώσατο
2808 1422 3051 1486 αὐτοὺς,
3074 1421 3171 1474 καὶ
3201 1420 3493 1474 ἀνέλαϐεν
3527 1422 3789 1487 αὐτοὺς,

2187 1516 2288 1569 καὶ
2344 1516 2595 1584 ὕψωσεν
2660 1514 2883 1579 αὐτοὺς
2946 1513 3149 1579 πάσας
3216 1512 3325 1579 τὰς
3386 1512 3623 1580 ἡμέρας
3682 1514 3793 1567 τοῦ

2185 1607 2418 1673 αἰῶνος.
2455 1606 2634 1661 Αὐτοὶ
2673 1605 2741 1658 δὲ
2774 1606 3133 1673 ἠπείθησαν,
3175 1606 3273 1660 καὶ
3306 1605 3689 1674 παρώξυναν
3725 1609 3789 1659 τὸ

2188 1700 2431 1769 Πνεῦμα
2468 1700 2532 1753 τὸ
2559 1699 2734 1768 ἅγιον
2767 1698 2951 1752 αὑτοῦ
2974 1715 2988 1729 ⁸
3034 1700 3133 1752 καὶ
3163 1698 3427 1767 ἐστράφη
3459 1700 3682 1765 αὐτοῖς
3705 1703 3793 1766 εὶς

2187 1793 2429 1861 ἔχθραν,
2466 1793 2679 1860 Κύριος
2705 1792 2887 1857 αὐτὸς
2909 1791 3287 1859 ἐπολέμησεν
3314 1793 3558 1859 αὐτούς.

2260 1886 2451 1956 Ἀθρει
2481 1886 2543 1955 δή
2582 1902 2673 1954 μοι
2704 1883 2867 1937 πάλιν
2894 1884 2954 1937 τὸ
2987 1883 3079 1936 τοῦ
3102 1883 3235 1937 Θεοῦ
3267 1884 3564 1955 πρόσωπον
3600 1887 3791 1939 eicite-

2186 1976 2520 2048 κομισμένον
2548 1975 2727 2038 εὐθὺς,
2754 1973 3040 2045 μονονουχὶ
3082 1973 3499 2043 κατακεκραγὸς
3548 1973 3652 2043 τῆς
3692 1975 3789 2027 τοῦ

2196 2065 2412 2136 Ἰσραὴλ
2466 2063 2771 2128 ἀπειθείας.
2825 2060 2960 2117 Eine
2990 2064 3119 2134 γὰρ,
3174 2065 3328 2134 φησι,
3362 2064 3593 2134 Κύριος,
3624 2082 3789 2117 τουτ-

2184 2159 2354 2222 έστιν,
2389 2157 2549 2220 αὐτὸς
2584 2158 2613 2209 6
2646 2157 2754 2209 τῶν
2787 2157 2924 2210 ὅλων
2962 2157 3115 2219 θεός·
3145 2157 3258 2209 Οὐκ
3281 2159 3337 2209 ἐν
3370 2155 3525 2220 τάξει
3569 2157 3791 2209 τέκνων

2182 2252 2622 2322 κατελογισάμην
2672 2252 2762 2303 τὸν
2819 2245 2984 2315 λαόν;
3044 2249 3264 2320 Ἐπειδὴ
3320 2248 3379 2301 δὲ
3426 2249 3591 2303 τοῦτο
3629 2250 3790 2302 ἐστὶν

2181 2344 2397 2413 ἀληθές
2423 2343 2527 2413 ἔφη
2547 2344 2672 2416 γὰρ,
2688 2345 2769 2397 ὃτι
2793 2343 2919 2405 Υἱὸς
2942 2342 3280 2413 πρωτότοκος
3298 2359 3399 2413 μου
3418 2342 3665 2412 Ἰσραήλο
3686 2344 3790 2396 οὐκ

2180 2435 2244 2488 ἂν
2268 2435 2557 2489 ἐνδοιάσειέ
2579 2453 2687 2498 τις,
2708 2436 2781 2498 ὡς,
2803 2434 2904 2488 οὐκ
2933 2434 3085 2487 ἔσται
3118 2434 3372 2505 σκληρὸς,
3392 2435 3485 2488 καὶ
3517 2434 3784 2507 ἀπειθὴς.

2182 2526 2540 2596 Προσδέξεται
2572 2527 2626 2580 δὲ
2660 2526 2859 2596 μᾶλλον
2886 2527 3262 2580 ἀποσταλέντα
3295 2527 3386 2580 τὸν
3420 2527 3576 2581 Υἰόν.
3635 2517 3789 2580 Ἀλλ’

2179 2620 2277 2673 οὐκ
2323 2620 2589 2690 ἐκϐέϐηκε
2634 2621 2790 2673 τοῦτο
2837 2620 2973 2691 πρὸς
3015 2620 3206 2690 πέρας,
3257 2623 3351 2673 καὶ
3382 2621 3480 2691 οὐχ
3525 2622 3790 2693 ἥμαρτεν

2181 2710 2394 2773 ἐλπίδος
2426 2712 2453 2762 6
2489 2711 2665 2765 πάντα
2711 2712 2866 2776 εἰδώς
2893 2731 2906 2744 ·
2961 2713 3233 2782 ἠπίστατο
3266 2712 3375 2783 γὰρ
3407 2714 3475 2766 τά
3515 2713 3785 2785 ἐσόμενα.

2180 2804 2445 2858 Λανθάνει
2490 2805 2545 2858 δὲ
2587 2806 2748 2859 αὐτὸν
2792 2807 3072 2870 παντελῶς
3115 2807 3289 2860 οὐδέν.
3348 2806 3679 2859 Πέπλασται
3730 2808 3787 2859 δὲ

2179 2895 2532 2964 ἀνθρωπίνως
2555 2897 2648 2950 τοῦ
2678 2898 2837 2965 λόγου
2870 2898 2930 2951 τὸ
2955 2901 3157 2971 σχῆμα.
3194 2898 3377 2951 Ταῦτα
3399 2897 3540 2951 Θεοῦ
3585 2899 3782 2967 λέγον-

2180 3005 2271 3051 τος
2313 2989 2579 3042 διαλαϐὼν
2607 2991 2635 3042 ὁ
2682 2992 2967 3062 προφήτης
3003 2990 3357 3061 ἀναισθησίας
3389 3006 3450 3042 τε
3496 2990 3642 3059 ὁμοῦ
3690 2992 3786 3043 καὶ

2178 3082 2495 3152 ἀχαριστίας
2537 3084 2803 3153 γράφεται
2841 3084 2931 3137 τὸν
2980 3084 3213 3156 Ἰσραὴλ,
3251 3084 3547 3151 ἀποφαίνει
3586 3084 3647 3137 δὲ
3689 3084 3784 3137 καὶ

2182 3177 2645 3247 ἀμνημονήσαντα
2679 3178 2957 3241 παντελῶς
3001 3179 3108 3231 τῶν
3150 3178 3542 3248 ὑπαρχθέντων
3590 3179 3784 3242 αὐτοῖς

2183 3268 2422 3335 ἀγαθῶν.
2459 3287 2477 3319 ι
2508 3270 2756 3337 Ἐγένετο
2784 3270 2893 3342 γάρ
2927 3271 3129 3334 αὐτοῖς,
3161 3288 3179 3322 ι
3214 3270 3397 3340 φησιν,
3436 3290 3454 3322 ι
3485 3271 3570 3333 εἰς
3598 3288 3783 3342 σωτη-

2184 3359 2302 3429 ρίαν
2358 3362 2419 3412 ἐκ
2485 3361 2664 3430 πάσης
2725 3362 2958 3432 θλίψεως
3022 3362 3237 3415 αὐτῶν
3272 3383 3290 3413 ι
3332 3362 3519 3433 ἔτερος
3552 3363 3610 3416 δὲ
3644 3365 3781 3435 παρ’

2182 3450 2340 3503 αὑτὸν
2364 3452 2537 3514 οὐδεὶς
2561 3452 2797 3506 σέσωκεν
2829 3455 3047 3517 αὐτοὺς,
3083 3455 3142 3507 οὐ
3176 3454 3436 3525 πρέσϐυς,
3465 3456 3568 3507 οὐκ
3606 3455 3782 3525 ἄγγει-

2181 3543 2288 3605 λοςθ
2326 3544 2438 3596 ἀλλ’
2478 3545 2636 3607 αὐτὸς
2660 3546 2860 3617 Κύριος
2884 3548 2949 3599 δι’
2983 3548 3194 3601 ἐαυτοῦ.
3229 3546 3780 3620 Τεθαυματούργηκε

2181 3638 2288 3707 γὰρ
2334 3639 2391 3707 ἐν
2444 3636 2706 3707 Αἰγύπτῳ
2761 3637 3182 3707 μεσολαϐοῦντος
3218 3637 3315 3707 μὲν
3357 3639 3454 3692 τοῦ
3497 3641 3777 3705 Μωσέως,

2182 3728 2320 3799 πλὴν
2359 3730 2598 3799 ἐνεργῶν
2622 3729 2782 3793 αὐτὸς
2809 3730 2876 3783 τὰ
2913 3731 3208 3801 παράδοξα.
3256 3732 3365 3785 Καὶ
3386 3730 3519 3800 γοῦν
3549 3733 3642 3786 ὅτε
3683 3751 3781 3803 με-

2185 3821 2580 3889 μοσχοποίηκεν
2606 3822 2633 3872 6
2676 3822 2911 3890 Ἰσραὴλ,
2963 3818 3079 3875 εἶτα
3118 3822 3254 3892 πρὸς
3282 3824 3438 3877 τοῦτο
3465 3823 3781 3896 λελύπηται

2179 3912 2329 3974 Θεὸς,
2364 3915 2456 3966 καὶ
2482 3914 2882 3982 συνεκπέμψειν
2910 3914 3090 3976 αὐτοῖς
3122 3915 3350 3985 ἄγγελον
3374 3916 3777 3987 ἐπηγγέλλετο,

2178 4002 2579 4072 δεδυσφόρηκεν
2614 4005 2643 4055 6
2694 4004 2899 4073 Μωσῆς
2945 4004 3119 4074 λέγων
3149 4023 3162 4037 ·
3197 4024 3213 4057 ι
3247 4007 3308 4059 ΕΞ
3363 4007 3437 4079 μὴ
3482 4010 3551 4061 σὺ
3602 4010 3778 4074 αὐτὸς

2179 4094 2423 4167 πορεύσῃ
2466 4095 2582 4165 μετ’
2637 4096 2794 4167 ἐμοῦ,
2856 4098 2929 4167 μή
2983 4115 3049 4167 με
3101 4099 3382 4172 ἀναγάγῃς
3429 4101 3715 4156 ἐντεῦθεν.
3751 4122 3771 4155 ι

2178 4188 2347 4250 Αὐτὸς
2381 4185 2471 4241 οὖν
2506 4188 2615 4259 ἄρα
2646 4190 2711 4241 δι’
2738 4189 2929 4243 ἐαυτοῦ
2983 4191 3219 4243 σέσωκεν
3249 4193 3466 4255 αὐτοὺς,
3508 4193 3777 4265 ἐσχηκὼς

2180 4280 2276 4347 μὲν
2324 4282 2451 4351 παρ’
2483 4282 2661 4335 αὐτῶν
2707 4282 2768 4334 τὸ
2800 4282 3020 4352 σύμπαν
3073 4282 3246 4347 οὐδὲν,
3289 4285 3446 4353 μόνον
3482 4284 3540 4337 δὲ
3581 4286 3675 4340 διὰ
3711 4289 3776 4342 τὸ

2177 4372 2396 4440 ἀγαπᾷν
2433 4372 2648 4436 αὐτοὺς,
2690 4374 2784 4426 καὶ
2818 4373 3076 4443 κήδεσθαι
3106 4375 3303 4429 αὐτῶν.
3330 4376 3496 4430 Τοῦτο
3527 4377 3586 4431 δέ
3613 4381 3775 4437 ἐστιν

2176 4458 2452 4525 ἀπόδειξις
2480 4464 2713 4534 ἐναργὴς
2751 4468 2848 4535 τῆς
2895 4466 3283 4537 ἀπαραϐλήτου
3324 4468 3770 4541 φιλανθρωπίας,

495 4552 667 4619 repit,
714 4550 912 4603 evexit.
956 4549 1152 4615 quue,
1200 4548 1411 4616 Opinor,
1462 4557 1572 4608 est,
1625 4548 1765 4615 quod
1810 4550 2073 4618 principio

2181 4557 2272 4608 καὶ
2298 4555 2658 4626 γαληνότητος
2688 4557 2786 4626 τῆς
2812 4558 3147 4627 θεοπρεποῦς
3167 4578 3178 4588 '
3218 4560 3560 4631 ἐλυτρώσατο
3580 4567 3772 4621 τοίνυν

493 4645 631 4696 dixit
667 4661 680 4695 :
725 4660 741 4692 ι
785 4640 949 4695 Filios
992 4639 1150 4709 genui
1214 4650 1268 4691 et
1311 4640 1487 4701 eventi,
1529 4658 1549 4690 ι
1590 4639 1641 4691 id
1685 4650 1787 4704 est,
1827 4640 2069 4703 educavi,

494 4734 577 4786 vel
609 4734 844 4800 insignes
877 4732 1079 4785 reddidi
1107 4749 1119 4784 :
1158 4748 1176 4781 ι
1221 4731 1312 4785 sed
1346 4730 1418 4784 illi
1456 4745 1539 4783 me
1569 4733 1914 4799 repudiarunt
1945 4734 2007 4785 ".
2046 4754 2063 4783 ι

490 4826 645 4890 Illud,
678 4826 930 4879 omnibus
960 4824 1148 4877 diebus
1179 4824 1380 4885 saeculi,
1419 4823 1725 4890 signiﬁcare
1757 4832 1953 4891 potest,
1984 4826 2069 4895 ju:

493 4920 632 4986 giter
658 4930 711 4972 et
738 4926 1015 4985 perpetuo.
1048 4916 1194 4969 Adeo
1226 4916 1397 4969 bonus
1430 4915 1480 4967 in
1507 4915 1632 4969 illos
1660 4915 1761 4968 fuit
1788 4917 2066 4971 universo-

494 5028 613 5063 rmn
644 5010 784 5063 Deus
813 5027 825 5062 :
856 5010 946 5062 sed
980 5007 1051 5060 illi
1084 5007 1459 5060 inobetlientes
1484 5007 1836 5073 exstiterunt,
1862 5019 1915 5062 et
1940 5025 2067 5062 san-

491 5114 639 5158 etum
679 5102 795 5169 ejus
832 5101 1095 5169 Spiritum
1136 5100 1352 5152 irritare
1389 5114 1493 5152 non
1531 5100 1873 5154 destiterunt.
1911 5100 2061 5166 Quod

490 5198 648 5250 docet
678 5194 887 5248 divinus
919 5191 1104 5252 David,
1134 5190 1383 5256 inquiens
1412 5207 1424 5241 :
1464 5207 1481 5238 ι
1521 5190 1740 5254 Quoties
1769 5192 2062 5246 exacerba-

492 5299 615 5344 runt
647 5304 768 5343 eum
810 5285 864 5338 in
902 5282 1151 5336 deserto?
1188 5282 1253 5332 ad
1294 5282 1427 5332 iram
1469 5282 1806 5336 concitarunt
1849 5300 1968 5335 eum
2009 5287 2059 5337 in

488 5394 630 5435 terra
669 5376 940 5433 siticulosa
967 5374 1052 5425 ”?
1102 5392 1119 5424 ι
1166 5369 1262 5424 Vel
1307 5371 1768 5425 exacerbaverunt
1796 5372 2054 5442 Spiritum

485 5473 708 5534 Christi,
742 5468 859 5523 duri
906 5476 959 5521 et
1000 5465 1258 5528 immites,
1294 5462 1527 5517 elirenes
1567 5474 1622 5517 et
1666 5464 2051 5521 inobedientes.

488 5561 601 5613 Non
631 5560 774 5613 enim
803 5557 1125 5612 obedierunt
1154 5554 1225 5607 illi
1256 5553 1321 5606 ad
1352 5553 1577 5609 salutem
1608 5558 1837 5609 vocanti.
1872 5575 1889 5607 ι
1931 5559 2055 5611 Ver-

483 5670 573 5707 sus
611 5663 695 5706 est
742 5670 759 5701 )
807 5651 969 5719 igitur
1008 5668 1025 5699 ι
1073 5648 1175 5703 illis
1218 5648 1269 5701 in
1313 5646 1673 5713 inimicitiam,
1711 5658 1764 5702 et
1800 5651 2057 5717 pugnavit

550 5834 597 5870 1°
624 5831 789 5888 Exod.
833 5847 1022 5893 χχχιιι,
1056 5832 1139 5885 ίὸ.
1222 5832 1263 5861 ¹¹
1295 5831 1397 5885 Isa.
1434 5847 1466 5895 ι,
1498 5831 1548 5885 2.

2169 4649 2365 4709 αὐτοὺς
2411 4648 2469 4711 ἐξ
2519 4648 2669 4701 οἴκου
2728 4650 2988 4714 δουλείας,
3043 4653 3321 4717 ἀνέλαϐεν,
3371 4651 3594 4721 iich
3668 4660 3771 4712 καὶ

2170 4740 2345 4804 τοῦτο,
2370 4735 2544 4809 οἶμαι,
2572 4741 2718 4793 ἐστὶν
2757 4743 2894 4812 ὅπερ
2921 4744 2978 4794 ἐν
2997 4744 3193 4812 ἀρχαῖς
3223 4743 3347 4813 ἔφη,
3377 4763 3397 4794 ι
3417 4744 3583 4808 Υἰοῦς
3607 4747 3770 4815 ἐγέν-

2165 4848 2323 4899 νησα,
2367 4832 2460 4882 καὶ
2493 4830 2704 4899 ὖψωσα,
2734 4852 2750 4883 ι
2786 4833 3083 4899 τουτέστιν,
3117 4834 3395 4903 ἐξέθρεψα,
3428 4835 3598 4905 ήγουν
3638 4840 3767 4891 ἐπι·-

2166 4924 2229 4992 σή
2241 4941 2370 4991 μους
2389 4924 2660 4993 ἀπέφηνα,
2686 4944 2703 4975 ι
2731 4926 2882 4978 αὐτοὶ
2900 4926 2955 4979 δέ
2975 4944 3043 4996 με
3064 4926 3349 4997 ἠθέτησαν.
3376 4948 3393 4978 ι
3419 4929 3492 4981 Τὸ
3507 4930 3768 4995 δὲπάσας

2161 5017 2258 5077 τὰς
2295 5017 2509 5086 ἡμέρας
2545 5017 2641 5070 τοῦ
2682 5018 2877 5081 αἰῶνος
2905 5023 3341 5089 κατασημήνειεν
3383 5022 3470 5087 ἂν,
3503 5021 3586 5083 τὸ,
3614 5024 3767 5076 ἀκα-

2168 5108 2471 5178 ταλήκτως,
2527 5111 2618 5162 καὶ
2672 5110 2955 5181 διηνεκῶς,
3006 5112 3120 5164 ἀλλ’
3170 5107 3237 5182 ἦν
3285 5113 3383 5182 μὲν
3426 5114 3569 5165 οῦτω
3625 5119 3767 5187 περὶ

2168 5200 2363 5263 αὐτοὺς
2398 5201 2600 5269 ἀγαθὸς
2638 5203 2665 5254 6
2696 5203 2802 5254 τῶν
2831 5204 2965 5257 ὅλων
3000 5205 3150 5267 Θεὸς,
3192 5205 3346 5259 αὐτοὶ
3371 5205 3426 5257 δὲ
3460 5208 3767 5274 γεγόνασιν

2167 5291 2411 5355 ἀπειθεῖς
2494 5295 2587 5347 καὶ
2650 5297 3079 5366 παροτρύνοντες
3142 5300 3202 5351 οὐ
3256 5299 3625 5354 διαλελοίπασι
3700 5307 3767 5359 τὸ

2168 5380 2391 5451 Πνεῦμα
2429 5385 2489 5435 τὸ
2520 5386 2671 5451 ἅγιον
2707 5387 2891 5439 αὐτοῦ.
2927 5389 3036 5441 Καὶ
3068 5389 3224 5443 τοῦτο
3266 5390 3467 5455 διδάξει
3508 5392 3694 5460 λέγων
3736 5401 3767 5451 ὁ

2165 5472 2452 5536 θεσπέσιος
2490 5474 2655 5528 Δαϐίδ
2677 5492 2689 5503 ·
2732 5495 2749 5526 ι
2782 5479 3020 5543 Ποσάκις
3049 5482 3467 5553 παρεπίκραναν
3502 5485 3675 5539 αὐτὸν
3706 5492 3765 5544 ἐν

2162 5567 2228 5635 τῇ
2264 5565 2475 5635 ἐρήμῳ,
2522 5565 2879 5638 παρώργισαν
2923 5571 3084 5625 αὐτὸν
3124 5574 3182 5625 ἐν
3226 5575 3296 5644 γῇ
3338 5573 3625 5645 ἀνύδρῳ;ι
3692 5583 3763 5634 Ἰ]

2164 5658 2299 5725 τάχα
2330 5656 2654 5729 παρώξυναν
2686 5660 2746 5713 τὸ
2785 5662 3008 5736 Πνεῦμα
3058 5665 3317 5736 Χριστοῦ,
3361 5666 3593 5737 σκληροὶ⁷
3663 5674 3761 5729 καὶ

1629 5832 1671 5860 ²²
1698 5827 1839 5884 Psal.
1872 5845 2072 5895 tum,
2104 5830 2193 5884 40.
