4022 6400
303 422 438 477 1589
1444 420 1487 473 Ν
1528 420 1756 475 ISAIAM
1800 423 1925 476 LIB.
1972 422 2033 477 V.
2080 420 2316 477 TOMUS
2361 420 2419 477 V.
3400 422 3541 480 1590

299 535 600 607 ἁμείλικτοι
643 535 944 603 γεγονότες,
988 534 1191 607 ἐξήνιοί
1231 553 1288 588 τε
1356 536 1449 589 καὶ
1484 536 1762 601 ἀπειθεῖς;
1799 538 1870 590 Οὐ

1978 546 2162 592 contra
2189 552 2302 592 eos.
2327 555 2345 587 ι
2376 534 2803 602 Oportuitenim,
2834 537 3066 605 oportuit
3091 550 3204 602 eos,
3233 536 3323 606 qui
3350 536 3543 592 horum

298 629 408 697 γάορ
443 628 714 696 ὑτήγκουον
750 627 910 696 αὐτῷ,
937 627 1187 680 καλοῦντι
1214 626 1349 697 πρὸς
1375 628 1665 698 σωτηρίαν.
1709 648 1727 678 ι
1764 629 1870 681 Ἐσ-

1979 627 2302 681 mirabilium
2348 626 2645 680 facinorum
2697 627 3041 681 immemores
3081 637 3255 693 erant,
3304 627 3544 697 nihilque

298 720 478 789 τράφη
508 738 525 770 ι
558 718 735 771 τοίνυν
782 738 800 768 ‹
820 720 1001 780 αὐτοῖς
1027 721 1106 782 είς
1130 719 1347 789 ἔχθραν,
1376 719 1468 773 καὶ
1503 720 1870 790 πεπολέμηκεη¹

1976 719 2227 773 utilitatis
2253 733 2316 772 ex
2347 718 2412 772 iis
2440 726 2713 786 ceperant,
2745 733 2840 786 per
2864 734 2983 787 qua:
3009 719 3074 773 ad
3101 734 3289 773 omnes
3320 720 3543 773 virtutes

300 810 549 873 αὐτούς’»
578 811 686 864 ἔδει
718 810 845 881 γὰρ,
863 812 967 864 ἔδει
994 813 1120 873 τοὺς
1152 813 1257 865 τῶν
1283 812 1598 882 παραδόξων
1630 814 1870 883 ἀμνήμο-

1974 826 2068 866 eos
2097 810 2317 881 perduci
2341 825 2551 878 aequum
2580 809 2708 873 fuit,
2734 824 2763 863 a
2791 810 3157 865 misericordia
3183 820 3237 865 et
3260 809 3545 864 dilectione

299 921 417 966 νας,
457 905 548 957 καί
577 906 697 956 κατ’
724 904 910 957 οὐδένα
940 905 1140 975 τρόπον
1172 904 1578 974 ὠφελημένους.
1608 905 1675 957 δι’
1702 899 1776 958 ὧν
1810 900 1870 974 ἦν

1974 904 2090 973 ejus
2156 904 2246 972 qui
2282 916 2503 957 scrvare
2533 900 2675 965 vult,
2707 900 2983 967 excidere,
3021 915 3252 971 eumque
3288 902 3392 956 illis
3429 914 3547 954 tan-

299 996 445 1058 εἰκὸς
482 999 561 1058 εἰς
604 997 710 1048 πᾶν
751 996 929 1048 ὁτιοῦν
967 996 1157 1049 ἐλάσαι
1200 996 1309 1049 τῶν
1346 996 1870 1066 ἀνδραγαθημάτων,

1974 1012 2131 1066 quam
2165 995 2408 1050 hostibus
2439 994 2692 1062 deinceps
2724 992 2999 1047 resistere.

299 1094 394 1145 καὶ
419 1091 655 1159 φειδοῦς,
688 1092 782 1144 καὶ
821 1092 1041 1162 ἀγάπης
1085 1092 1394 1145 ἀπολισθεῖν
1442 1092 1541 1162 τῆς
1581 1092 1732 1161 παρὰ
1774 1092 1867 1147 τοῦ
1908 1091 2100 1155 σώζειν
2169 1090 2462 1157 ἐθέλοντος,
2493 1089 2633 1142 ὥστε
2663 1088 2755 1142 xui.
2778 1090 2836 1143 ἐν
2894 1086 3041 1153 τάξει
3072 1088 3327 1159 πολεμίου
3362 1088 3545 1142 λοιπὸν

298 1185 477 1238 δοκεῖν
510 1185 695 1248 αὐτοῖς
727 1186 1167 1239 άντανίστασθαι.

383 1281 686 1349 Ἐμνήσθη
719 1280 955 1349 ἡμερῶν
980 1284 1250 1337 αἰωνίων.
1292 1283 1416 1336 Ποῦ
1446 1286 1478 1336 ό
1506 1284 1873 1350 ἀναϐιϐάσας

298 1371 365 1423 ἐκ
394 1370 496 1438 τῆς
532 1370 642 1440 γῆς
678 1371 751 1441 (l)
796 1374 900 1424 τὸν
935 1372 1186 1441 ποιμένα
1222 1372 1337 1425 τῶν
1377 1376 1717 1441 προϐάτων;
1756 1375 1873 1428 ποῦ

299 1463 470 1516 ἐστιν
500 1467 532 1516 ό
572 1464 694 1530 θεὶς
736 1466 805 1518 ἐν
841 1467 1042 1531 αὺτοῖς
1086 1466 1152 1519 τὸ
1194 1467 1435 1535 Πνεῦμα
1478 1468 1543 1520 τὸ
1588 1468 1788 1537 (irier;
1841 1470 1873 1521 ό

299 1554 615 1622 ἀναγαγὼν
633 1556 706 1623 τῇ
722 1556 889 1623 δεξιᾷ
908 1557 1175 1624 Μωσῆν;
1211 1559 1266 1610 '0
1282 1560 1555 1626 βραχίων
1570 1559 1679 1628 τῆς
1691 1560 1872 1627 δόξης

299 1648 485 1701 αὑτοῦ
525 1651 899 1717 κατίσχυσεν
937 1650 1092 1719 ὕδωρ
1130 1649 1250 1705 ἀπὸ
1293 1652 1616 1720 προσώπου
1662 1653 1867 1718 αὐτοῦ,

301 1738 550 1806 ποιῆσαι
604 1740 763 1805 αὐτῷ
815 1741 1002 1810 ὄνομα
1052 1742 1324 1796 αἰώνιον·
1380 1743 1605 1813 ἤγαγεν
1653 1743 1873 1809 αὐτοὺς

300 1830 397 1883 διὰ
428 1829 536 1897 τῆς
574 1832 870 1897 ἀϐύσσου,
911 1835 991 1899 ὠς
1021 1835 1209 1887 ἵππον
1245 1834 1320 1887 δι’
1350 1835 1593 1903 ἐρήμου,
1625 1836 1722 1889 καὶ
1763 1838 1873 1889 οὐκ

299 1920 654 1983 ἐκοπίασαν,
710 1922 810 1974 καὶ
853 1923 933 1985 ὡς
993 1923 1183 1992 κτήνη
1232 1923 1329 1977 διὰ
1375 1924 1614 1979 πεδίουο
1660 1926 1875 1993 κατέϐη

304 2013 542 2081 πνεῦμα
610 2014 770 2081 παρὰ
816 2016 1057 2082 Κυρίου,
1106 2016 1204 2068 καὶ
1237 2016 1554 2083 ὡδήγησεν
1617 2020 1874 2083 αὐτούς’

300 2104 486 2168 οὕτως
503 2104 724 2176 ἤγαγες
752 2107 858 2159 τὸν
880 2108 1034 2161 λαόν
1059 2122 1198 2175 σου,
1226 2108 1332 2162 τοῦ
1363 2108 1612 2177 ποιῆσαι
1646 2108 1879 2175 σεαυτῷ

302 2194 489 2267 ὄνομα
525 2197 729 2265 δόξης.
1538 2192 1554 2213 ’

372 2288 466 2349 Ei;
488 2288 688 2360 ἔχθραν
727 2292 908 2354 αὐτοῖς
950 2291 1351 2364 μεταϐληθῆναι
1384 2294 1554 2361 λέγων
1586 2294 1675 2348 τὸν
1710 2295 1881 2362 φειδοῖ

302 2379 397 2429 καὶ
440 2379 626 2449 ἀγάπῃ
658 2381 718 2433 τὸ
756 2384 887 2452 πρὶν
926 2385 1408 2456 κατευφραίνοντα,
1453 2385 1550 2449 τὰς
1592 2385 1683 2439 τοῦ
1733 2386 1877 2457 πρά·

301 2484 509 2536 γματος
544 2470 722 2532 αἰτίας
755 2471 1030 2541 ἐξηγεῖται
1077 2475 1382 2545 χρησίμως.
1441 2475 1876 2545 Διεμνημόνευσε

301 2553 433 2623 γὰρ,
466 2556 650 2625 φησὶν,
689 2557 854 2626 ἤγουν
897 2559 1195 2631 ἁνεπόλησε
1236 2563 1334 2625 τὰς
1368 2552 1578 2633 ἡμέρας
1619 2564 1718 2627 τὰς
1744 2568 1877 2619 αίω-

301 2645 468 2709 νίους,
530 2648 798 2713 τουτέστι,
858 2651 957 2713 τὰς
1014 2654 1535 2724 ἁειμνημονεύτους,
1596 2656 1774 2710 διὰτὸ
1820 2661 1877 2711 ἐν

303 2738 496 2802 αὑταῖς
524 2740 751 2795 πλεῖστά
782 2759 841 2794 τε
883 2743 983 2795 ὅσα
1030 2745 1123 2797 καὶ
1162 2745 1413 2815 ἐξαίρετα
1445 2748 1697 2815 γενέσθαι
1744 2749 1876 2803 θαύ-

305 2847 469 2899 ματα.
514 2830 608 2894 Τίς
645 2831 699 2883 δὲ
730 2834 758 2885 6
798 2836 1214 2903 μνημονεύσας;
1248 2840 1275 2890 6
1308 2838 1642 2901 dtvu6t6a'tauc;
1681 2841 1745 2893 ἐκ
1778 2842 1877 2911 τῆς

301 2922 406 2990 γῆς
447 2922 539 2974 τὸν
580 2924 811 2992 ποιμένα
836 2924 944 2977 τῶν
972 2927 1292 2997 προϐάτων;
1323 2932 1539 2983 Ἔοικεν
1570 2934 1628 2983 ἐν
1669 2933 1878 2996 τούτοις

300 3012 397 3080 τῆς
424 3012 769 3076 ἀναστάσεως
802 3017 1071 3069 ποιεῖσθαι
1104 3020 1324 3090 μνήμην
1352 3020 1444 3072 τοῦ
1472 3022 1683 3075 πάντων
1718 3023 1877 3093 ἡμῶν

302 3102 551 3172 Σωτῆρος
595 3105 831 3174 Χριστοῦ
857 3124 869 3134 ’
918 3110 946 3160 6
991 3110 1098 3179 γὰρ
1137 3112 1494 3175 ἀναϐιϐάσας,
1534 3115 1714 3184 φησὶν,
1758 3115 1877 3167 ἀντὶ

2045 1279 2211 1348 882
2238 1275 2400 1331 Vnus.
2432 1275 2612 1329 H-M.
2646 1275 2710 1327 Et
2741 1277 3039 1329 recordatus
3064 1286 3138 1330 est
3168 1276 3369 1331 dierum
3395 1289 3547 1333 teter-

1979 1386 2183 1424 norum.
2229 1367 2329 1421 Ubi
2384 1379 2456 1421 est
2475 1368 2562 1437 qui
2577 1368 2755 1419 eduxit
2774 1368 2837 1419 de
2869 1374 3007 1419 terra
3038 1378 3294 1435 pastorem
3332 1371 3547 1422 ovium?

1981 1463 2078 1517 Ubi
2104 1474 2176 1515 est
2206 1462 2298 1531 qui
2327 1463 2497 1529 posuit
2530 1462 2582 1513 in
2611 1462 2684 1513 eis
2717 1459 2971 1528 Spiritum
3004 1462 3283 1515 sanctum?
3308 1464 3397 1530 qui
3419 1466 3546 1517 edu-

1978 1555 2052 1605 xit
2083 1554 2297 1605 dextera
2336 1550 2590 1620 Moysen?
2626 1550 2910 1604 Brachium
2932 1552 3114 1621 gloriae
3135 1568 3245 1605 sua:
3283 1556 3546 1622 superavit

1979 1662 2167 1713 aquam
2221 1664 2253 1698 a
2311 1647 2447 1712 facie
2480 1646 2611 1714 ejus,
2667 1657 2722 1698 ut
2764 1644 2956 1713 faceret
2999 1645 3097 1698 sibi
3134 1661 3319 1699 nomen
3355 1646 3545 1715 sempi-

1980 1747 2203 1791 ternum.
2277 1736 2441 1791 Duxit
2516 1754 2599 1790 eos
2637 1755 2727 1806 per
2761 1739 3029 1807 abyssum,
3068 1748 3314 1808 tanquam
3354 1755 3545 1810 equum

1978 1845 2069 1896 per
2089 1828 2444 1894 solitudinem,
2465 1838 2511 1881 et
2530 1828 2913 1894 laboraverunt,
2947 1841 2993 1882 et
3027 1830 3159 1881 sicut
3183 1829 3425 1899 jumenta
3454 1847 3546 1897 per

1980 1935 2239 1988 campum.
2275 1918 2546 1971 Descendit
2580 1919 2792 1984 spiritus
2828 1936 2860 1970 a
2889 1917 3133 1980 Domino,
3164 1928 3210 1971 et
3231 1920 3339 1971 dux
3361 1935 3539 1973 eorum

1980 2011 2099 2080 fuit.
2136 2010 2224 2066 Sic
2262 2012 2459 2064 duxisti
2498 2010 2743 2081 populum
2791 2021 2957 2077 tuum,
2994 2021 3047 2063 ut
3083 2010 3279 2079 faceres
3311 2012 3402 2066 tibi
3447 2029 3542 2067 no-

1980 2120 2095 2157 men
2124 2105 2322 2174 glorias.

2046 2282 2179 2337 Cum
2229 2284 2426 2336 dixerit
2471 2296 2529 2335 se
2575 2295 2891 2336 conversum
2941 2298 3059 2338 esse
3104 2283 3156 2338 in
3204 2284 3540 2340 inimicitiam

1978 2376 2113 2437 illis,
2142 2376 2232 2442 qui
2266 2376 2414 2443 prius
2447 2390 2541 2429 eos
2577 2376 2945 2430 misericordia
2978 2386 3028 2429 et
3064 2379 3332 2432 charitate
3364 2379 3545 2433 suble-

1977 2470 2127 2522 vavit
2168 2479 2221 2522 et
2263 2469 2604 2534 exhilaravit,
2647 2485 2839 2524 causas
2882 2469 3101 2537 hujusce
3145 2472 3223 2526 rei
3265 2475 3544 2529 commode

1978 2558 2213 2627 exponit.
2247 2557 2302 2611 In
2335 2559 2647 2611 memoriam
2680 2559 2953 2613 revocavit
2981 2559 3122 2613 enim
3143 2600 3157 2625 ,
3194 2561 3397 2630 inquit,
3428 2563 3545 2617 ani-

1978 2664 2173 2718 moque
2196 2647 2454 2703 volutavit
2478 2648 2593 2701 dies
2620 2659 2872 2711 aeternos,
2898 2648 2948 2701 id
2978 2658 3077 2712 eSt,
3105 2663 3317 2718 semper
3342 2663 3545 2704 memo-

1977 2743 2195 2806 rabiles,
2245 2753 2463 2812 propter
2504 2743 2670 2796 multa
2716 2752 2769 2795 et
2814 2742 3010 2795 eximia
3057 2742 3110 2795 in
3158 2741 3263 2797 illis
3305 2744 3543 2812 praestita

1980 2834 2258 2889 miracula.
2291 2835 2422 2900 Quis
2457 2842 2635 2887 autem
2678 2835 2990 2892 recordatus
3020 2834 3139 2888 est?
3168 2834 3299 2901 Quis
3334 2836 3420 2890 ille
3451 2836 3541 2906 qui

1976 2926 2163 2979 eduxit
2195 2925 2261 2978 de
2297 2934 2437 2978 terra
2476 2933 2743 2992 pastorem
2778 2924 3055 2978 omnium?
3085 2922 3306 2979 Videtur
3333 2926 3421 2980 hic
3456 2943 3542 2982 re-

1977 3015 2330 3070 surrectionis
2346 3016 2584 3069 omnium
2602 3025 2843 3069 nostrum
2864 3016 3375 3071 ServatorisChristi
3396 3034 3544 3073 men-

1980 3112 2178 3162 tionem
2224 3108 2424 3162 l'acere.
2466 3107 2565 3173 Qui
2612 3109 2829 3171 eduxit,
2876 3108 3083 3177 inquit,
3126 3108 3209 3163 vel
3253 3112 3543 3167 ascendere

300 3193 416 3257 τοῦ,
437 3198 465 3247 6
491 3198 799 3268 ἀναστήσας
842 3200 950 3251 ἀπὸ
978 3201 1083 3269 γῆς
1112 3203 1201 3256 τὸν
1231 3205 1448 3257 πάντων
1487 3208 1870 3281 ἁρχιποιμένα,

1979 3198 2140 3265 fecit,
2174 3214 2271 3269 pro
2303 3217 2316 3253 :
2353 3198 2451 3265 Qui
2484 3197 2740 3251 excitavit
2768 3214 2798 3252 e
2832 3208 2973 3251 terra
3005 3199 3241 3251 omnium
3272 3215 3541 3255 summum

300 3285 610 3354 uxuctﬁau;
633 3287 687 3340 δὲ
708 3290 829 3359 οὐχὶ
859 3292 1076 3355 πάντως
1114 3294 1178 3346 ἐκ
1207 3295 1434 3365 νεκρῶν,
1475 3298 1589 3351 ἀλλ’
1614 3296 1724 3354 οἷον
1746 3303 1875 3356 ἀνα-

297 3374 478 3438 δείξας
507 3377 566 3442 se
606 3378 938 3450 ἀνθρώπων·
964 3385 1154 3451 γέγονε
1191 3386 1298 3458 γὰρ
1336 3388 1411 3451 ὡς
1457 3384 1537 3451 εἷς
1584 3390 1641 3457 ἐξ
1699 3393 1871 3461 ἡμῶν,

300 3467 556 3537 γέννησιν
603 3470 904 3539 ὑπομείνας
951 3474 1049 3543 τὴν
1090 3476 1231 3528 κατὰ
1263 3478 1440 3546 σάρκα
1478 3481 1541 3531 ἐκ
1570 3482 1874 3547 γυναικὸςό

303 3561 598 3630 μονογενὴς
629 3561 722 3612 τοῦ
765 3563 974 3633 Πατρὸς
1011 3565 1204 3633 Λόγος.
1258 3569 1476 3639 Ἐπειδὴ
1507 3571 1581 3633 δέ,
1607 3571 1681 3635 ὼς
1716 3572 1870 3642 ἔφην,

298 3651 688 3721 ἀμνημόνευτα
721 3654 952 3706 εἰσάπαν
983 3656 1080 3724 τῆς
1113 3657 1262 3723 παρὰ
1290 3657 1425 3710 Θεοῦ
1469 3660 1872 3733 μεγαλουργίας

299 3742 489 3794 ἐθεᾶτο
512 3744 603 3796 τὸν
657 3745 889 3815 Ἰσραὴλ,
939 3749 1218 3818 μονονουχὶ
1256 3753 1630 3823 κατατέθηπεν
1669 3757 1696 3807 6
1739 3772 1872 3827 προ-

300 3834 495 3902 φήτης,
527 3836 619 3885 καὶ
641 3836 721 3898 εἰς
744 3836 901 3889 τοῦτο
933 3838 1196 3903 πεσόντας
1234 3842 1585 3912 ἀναισθησίας
1616 3846 1872 3917 ὀλοφύρε-

298 3940 388 3975 ται
424 3923 595 3989 λέγων
625 3939 638 3951 ·
680 3943 697 3974 ι
732 3924 839 3977 Ποῦ
870 3926 1015 3979 ἔστιν
1052 3930 1079 3980 6
1105 3927 1218 3991 θεὶς
1254 3932 1310 3982 ἐν
1344 3932 1525 3995 αὐτοῖς
1563 3933 1623 3985 τὸ
1651 3935 1870 4004 Πνεῦμα

298 4016 570 4082 τὸοᾶγιον,
596 4036 615 4067 ι
641 4019 935 4082 τουτέστιν,
960 4024 987 4072 6
1016 4022 1314 4092 ἐπιστήσας
1346 4026 1402 4076 ἐν
1427 4026 1608 4087 αὐτοῖς
1637 4026 1697 4077 τὸ
1730 4026 1869 4080 θεῖον

301 4106 464 4160 αὑτοῦ
509 4110 604 4163 xui.
648 4112 915 4179 σωτήριον
959 4110 1198 4181 Πνεῦμα.
1231 4114 1451 4182 Κατέὀη
1489 4116 1598 4185 γάρ
1645 4115 1869 4185 Πνεῦμα

301 4200 452 4271 παρά
480 4201 707 4270 Κυρίου,
758 4203 848 4254 καὶ
876 4202 1156 4273 ὡδήγησεν
1191 4206 1403 4269 αὐτοὺς,
1433 4207 1614 4275 φησίν.
1648 4208 1789 4277 Ἔφη
1812 4207 1869 4260 δὲ

299 4295 395 4348 καὶ
424 4295 453 4346 6
480 4293 758 4358 θεσπέσιος
791 4296 973 4359 Δαῦὶδ,
996 4298 1077 4349 ὃτι
1119 4317 1137 4347 ι
1176 4298 1550 4362 Ἐξαπὲστειλε
1574 4297 1666 4351 τὸν
1698 4300 1869 4368 Λόγον

298 4386 485 4450 αὑτοῦ,
515 4387 608 4440 καὶ
641 4388 829 4441 ἰάσατο
857 4388 1071 4451 αὐτούς.
1101 4409 1118 4440 ι
1161 4390 1219 4442 'O
1242 4390 1297 4443 δέ
1325 4390 1526 4461 Κύριος
1556 4393 1617 4445 τὸ
1655 4394 1869 4464 πνεῦμα

297 4477 465 4541 ἐστὶν,
518 4481 732 4551 ἐνεργεῖ
771 4480 877 4553 γὰρ
926 4481 1014 4533 διὰ
1065 4481 1159 4535 τοῦ
1213 4483 1494 4552 ὁμοουσίου
1534 4485 1865 4555 Πνεῦματος.

1977 3302 2270 3360 pastorem,
2297 3291 2388 3361 qui
2417 3291 2690 3353 excitavit,
2718 3290 2954 3357 inquam,
2983 3305 3084 3343 non
3109 3290 3277 3343 solum
3300 3305 3365 3345 ex
3395 3309 3541 3348 mor-

1980 3383 2116 3448 tuis,
2156 3383 2248 3436 scd
2293 3381 2441 3435 velut
2481 3381 2694 3450 erigens
2736 3396 2802 3434 ex
2849 3380 3175 3434 hominibus.
3220 3381 3416 3437 Factus
3458 3393 3543 3440 est

1974 3478 2114 3529 enim
2148 3483 2396 3542 tanquam
2430 3489 2568 3527 unus
2599 3488 2663 3525 ex
2695 3473 2870 3538 nobis,
2899 3482 3073 3527 ortum
3104 3474 3307 3530 habens
3333 3478 3541 3534 ratione

1973 3568 2151 3623 carnis
2181 3568 2244 3621 de
2277 3567 2523 3632 muliere,
2552 3567 2782 3634 unigena
2812 3566 2988 3620 Patris
3018 3566 3229 3622 Sermo.
3256 3569 3357 3624 Sed
3390 3573 3538 3641 quia,

1974 3671 2027 3713 ut
2067 3658 2203 3722 dixi,
2241 3660 2583 3727 conspicatus
2617 3669 2701 3712 est
2738 3658 2995 3726 propheta
3034 3658 3283 3715 lsraelem
3320 3664 3540 3718 omnino

1970 3753 2193 3805 oblitum
2226 3752 2418 3805 divina:
2456 3751 2898 3821 magniﬁcentiae,
2937 3761 3140 3805 tantum
3180 3768 3283 3807 non
3321 3763 3540 3826 stupore

1972 3841 2228 3897 ροιιΐυειιε
2262 3852 2372 3907 est,
2405 3854 2458 3896 et
2490 3857 2553 3895 eo
2584 3843 2910 3909 stupidilatis
2942 3842 3122 3911 lapsos
3154 3844 3423 3913 deplorat,
3457 3848 3539 3902 di-

1970 3947 2099 3987 cens
2139 3950 2153 3986 :
2200 3950 2218 3983 ι
2264 3931 2363 3987 Ubi
2402 3942 2485 3987 est
2521 3932 2610 4001 qui
2654 3933 2830 4001 posuit
2867 3933 2921 3987 in
2968 3933 3072 3987 illis
3114 3932 3370 4002 Spiritum
3411 3950 3539 3993 san-

1969 4025 2150 4079 ctum?
2185 4043 2203 4076 ι
2240 4024 2291 4077 id
2330 4033 2439 4088 est,
2469 4025 2559 4093 qui
2599 4024 2823 4078 inseruit
2862 4024 2965 4077 illis
2999 4024 3239 4078 divinum
3280 4041 3435 4081 suum
3473 4043 3538 4084 ac

1970 4118 2258 4175 salutarem
2289 4116 2582 4187 Spiritum?
2615 4117 2900 4173 Descendit
2937 4117 3078 4171 enim
3114 4116 3345 4188 Spiritus
3375 4135 3403 4173 a
3437 4121 3539 4177 Do-

1969 4212 2135 4275 mino,
2165 4219 2218 4264 et
2245 4210 2398 4264 duxit
2423 4225 2535 4263 eos.
2562 4208 2726 4263 Porro
2750 4208 2962 4264 divinus
2990 4212 3152 4266 David
3181 4212 3257 4266 ait
3286 4230 3302 4268 :
3335 4232 3354 4264 ι
3388 4213 3537 4268 Emi-

1969 4306 2041 4358 sit
2070 4304 2299 4359 Verbum
2335 4318 2511 4365 suum,
2543 4311 2596 4354 et
2628 4303 2837 4355 sanavit
2869 4318 2963 4358 eos
2982 4304 3046 4357 ³³.
3085 4322 3104 4356 ι
3143 4304 3400 4361 Dominus
3434 4321 3537 4360 au-

1971 4403 2076 4448 tem
2111 4394 2333 4463 spiritus
2366 4403 2443 4447 est
2465 4392 2530 4445 ”⁵.
2555 4390 2821 4460 Operatur
2848 4394 2990 4447 enim
3025 4409 3120 4462 per
3148 4393 3407 4464 Spiritum
3444 4398 3535 4467 qui

1970 4485 2191 4553 a‘qualis
2228 4494 2310 4538 est
2352 4484 2689 4538 substantiae.
2731 4483 2827 4539 Ubi
2873 4495 2953 4539 est
2993 4486 3157 4555 ergo?
3189 4501 3285 4554 pro
3311 4526 3327 4551 ,
3377 4488 3535 4543 Ohliti

299 4570 407 4622 Ποῦ
443 4572 620 4624 τοίνυν
675 4573 851 4640 ἐστίν;
890 4574 1009 4627 ἀντὶ
1055 4574 1172 4637 τοῦ,
1223 4576 1576 4640 ἐπελάθοντο,
1627 4579 1722 4630 καὶ
1767 4579 1866 4632 οὐκ

1974 4586 2114 4640 sunt,
2146 4585 2200 4629 et
2234 4592 2336 4628 non
2372 4576 2735 4643 quaesiverunt
2766 4591 2912 4639 eum,
2968 4578 3301 4631 recordando
3332 4579 3538 4634 scilicet
3569 4623 3575 4646 ,

297 4661 629 4734 ἐξεζήτησαν
654 4666 836 4729 αὑτὸν,
872 4667 959 4720 διὰ
995 4666 1090 4719 τοῦ
1125 4668 1431 4738 μεμνῆσθαι
1468 4668 1729 4739 δηλονότι,
1772 4671 1866 4724 καὶ

295 4757 511 4827 ἀγαπᾷν
543 4758 723 4814 αὐτόν.
748 4760 856 4811 Ποῦ
884 4762 911 4813 ὁ
940 4761 1229 4829 ἀναγαγὼν
1250 4764 1314 4832 τῇ
1342 4760 1490 4833 δεξιᾷ
1510 4762 1600 4815 τὸν
1628 4763 1860 4832 Μωσῆν;

296 4848 484 4914 Μέγας
521 4846 589 4918 ἦν
629 4852 657 4902 6
695 4852 900 4921 Μωσῆς
943 4854 971 4904 6
1015 4852 1296 4921 διαϐόητός
1344 4870 1400 4904 τε
1436 4853 1527 4906 καὶ
1574 4853 1770 4921 ὑψηλὸς
1804 4854 1862 4905 ἐν

295 4938 546 5010 εὐκλείᾳο
592 4941 921 5010 ὑπεμφαίνει
968 4943 1024 4996 δὲ
1068 4943 1223 4995 τοῦτο
1256 4943 1334 5009 τὸ,
1378 4944 1686 5012 ἀναγαγὼν,
1714 4947 1864 5013 ἐνερ-

293 5028 493 5098 γούσης
516 5029 582 5081 δι’
605 5032 767 5085 αὐτοῦ
780 5033 876 5103 τῆς
900 5034 993 5086 τοῦ
1021 5034 1156 5087 Θεοῦ
1180 5035 1377 5101 δεξιᾶς.
1401 5055 1419 5087 ι
1452 5035 1750 5107 Ὀβραχίων
1766 5038 1863 5105 τῆς

292 5121 450 5191 δόξης
493 5122 840 5192 κατίσχυσεν,
877 5144 896 5176 ι
939 5126 970 5196 ἢ
1023 5128 1451 5196 κατηγωνίσατο,
1492 5130 1583 5180 καὶ
1618 5129 1863 5197 νενίκηκε

293 5212 392 5279 τὴν
413 5212 522 5264 τῶν
548 5213 753 5266 ὑδάτων
790 5213 947 5282 φύσιν
987 5217 1273 5287 συμπήξας
1302 5218 1458 5269 αὐτά.
1505 5218 1729 5285 Ἐπάγει
1758 5220 1864 5289 γὰρ

293 5303 424 5354 ὡσεὶ
453 5306 629 5373 τεῖχος
654 5304 722 5356 τὰ
760 5304 948 5369 ὕδατα,
980 5308 1165 5378 φησὶν,
1201 5310 1366 5378 ἤγουν
1394 5309 1532 5362 αὐτὰ
1570 5312 1861 5380 κατίσχυσε

289 5392 358 5445 τά
389 5393 574 5455 ὕδατα,
619 5395 757 5448 ὥστε
798 5398 888 5449 καὶ
930 5398 1090 5467 πῆξιν
1134 5399 1439 5468 ὑπομεῖναι,
1490 5402 1663 5454 καίτοι
1703 5402 1863 5470 φύσιν

289 5485 482 5555 ἔχοντα
510 5488 609 5557 τὴν
645 5489 837 5559 ὑγράν.
873 5486 1204 5561 Πεπλήρωκε
1241 5492 1298 5545 δὲ
1338 5495 1431 5548 καὶ
1472 5495 1647 5561 τοῦτο,
1677 5497 1859 5564 φησιν,

360 5657 405 5689 ’³
431 5659 570 5712 Psal.
600 5677 710 5726 ονε,
740 5663 828 5717 20.
907 5666 951 5696 "
980 5664 1134 5722 Joan.
1172 5684 1247 5730 tv,
1277 5668 1365 5723 24.

357 5834 435 5906 (Ι)
466 5836 753 5911 θαλάσσης
792 5841 950 5899 LXX.

1970 4677 2024 4720 et
2050 4666 2318 4736 diligendo
2345 4683 2487 4721 eum.
2520 4665 2616 4721 Ubi
2644 4678 2724 4721 est
2748 4668 2835 4735 qui
2860 4668 3044 4722 eduxit
3068 4668 3257 4723 dextra
3285 4669 3537 4739 Moysen?
3570 4665 3575 4675 ⁸

1968 4758 2191 4827 Magnus
2226 4759 2326 4812 fuit
2360 4759 2588 4829 Moyses,
2628 4761 2952 4828 percelebris
2988 4769 3042 4814 et
3079 4762 3333 4831 dignitate
3368 4762 3536 4814 suhIi-
3570 4776 3577 4831 ;

1968 4852 2089 4905 mis.
2123 4851 2285 4918 quue
2321 4851 2624 4904 subindicat
2656 4867 2670 4905 :
2701 4849 2918 4915 Eduxit,
2951 4862 3208 4921 operante
3240 4866 3334 4920 per
3363 4850 3532 4919 ipsum
3564 4841 3575 4923 λ’

1968 4944 2147 4997 divina
2183 4943 2421 4997 dextera.
2462 4961 2480 4993 ι
2521 4942 2805 4997 Brachium
2841 4943 3024 5013 gloriae
3058 4944 3356 5014 superavit,
3394 4960 3413 4994 ι
3451 4942 3535 4998 \el

1968 5034 2313 5105 expugnavit,
2349 5044 2403 5089 et
2434 5035 2563 5088 vicit
2595 5046 2839 5087 naturam
2875 5049 3134 5102 aquarum
3157 5034 3385 5098 ,sistens
3417 5048 3531 5089 eas.

1969 5126 2175 5181 lnducit
2208 5128 2349 5181 enim
2381 5129 2525 5181 velut
2560 5142 2769 5179 murum
2808 5141 2993 5194 aquas,
3033 5126 3225 5195 inquit.
3260 5123 3351 5181 Vel
3388 5125 3534 5194 ipsas

1972 5234 2139 5289 aquas
2197 5220 2424 5288 repulit,
2482 5217 2648 5288 883
2700 5232 2763 5271 ac
2818 5219 3111 5286 superavit,
3164 5217 3236 5270 ita
3305 5225 3364 5270 ut
3414 5216 3532 5269 sisti

1972 5324 2029 5363 se
2062 5320 2395 5379 paterentur,
2432 5312 2641 5365 etiamsi
2677 5318 2923 5363 naturam
2960 5310 3195 5363 habeant
3232 5309 3529 5364 humidam.

1970 5399 2213 5469 Implevit
2258 5403 2378 5468 hoc,
2423 5403 2612 5471 inquit,
2655 5412 2714 5455 ut
2754 5402 2857 5456 sibi
2903 5416 3097 5456 nomen
3144 5402 3530 5471 sempiternum

1968 5496 2293 5565 acquireret.
2332 5495 2455 5550 Sive
2497 5494 2641 5549 enim
2682 5495 2784 5549 hoc
2824 5492 3023 5549 factum
3064 5500 3169 5561 est,
3209 5491 3323 5549 sive
3368 5491 3531 5547 etiam
