4022 6400
466 360 613 417 ⁸1591
1463 344 1521 400 S.
1562 344 1829 401 CYRILLI
1870 344 2080 400 ALEXA

2183 346 2334 401 IRINI
2374 338 2689 398 ARCIIIEP.
3600 324 3634 379 1
3651 322 3794 380 39?.

480 475 915 533 adruinistralum
953 470 1118 524 fuerit
1175 482 1267 538 per
1299 465 1755 534 sapientissimum
1826 463 2080 534 Moysen,

2183 482 2235 517 θα
2263 460 2436 531 ἑαυτῷ
2459 456 2788 528 περιποιήσῃ
2818 450 2988 520 δνομα
3010 445 3224 501 αἰώνιον
3242 460 3255 475 ο
3290 440 3343 494 εἴ
3360 458 3413 494 τι
3441 437 3555 508 γὰρ
3586 437 3790 538 γετο-

482 568 585 622 hoc
611 566 662 620 in
690 563 915 635 gloriam
946 562 1039 617 Dei
1060 532 1262 613 factum
1286 532 1387 612 est.
1414 556 1645 621 Sistcns,
1672 554 1862 625 inquit,
1884 532 2052 625 aquas

2183 574 2266 619 sv,
2295 557 2458 625 ἧγουν
2491 552 2582 605 καὶ
2611 544 2884 618 ἐνηργήθη
2914 543 3000 595 διὰ
3024 539 3117 593 τοῦ
3161 536 3435 603 πανσόφου
3467 532 3783 635 Μωσέως,

481 675 579 713 Ceu
611 673 833 727 equum,
860 654 943 709 vel
975 669 1075 708 ceu
1107 650 1347 717 iumenta
1380 649 1534 704 duxit
1566 663 1661 716 per
1690 662 1860 711 mare,
1892 646 2053 701 veluti

2183 622 2419 707 obtusi;
2438 642 2592 706 δόξαν
2620 642 2930 709 πέπρακται
2953 632 3108 687 Θεοῦ.
3139 628 3322 700 Πήξας
3355 627 3413 679 δὲ
3442 624 3515 678 τὰ
3544 622 3782 684 ὕδατα,

482 766 581 821 per
615 717 885 813 campum.
922 745 1034 799 Hoc
1074 744 1199 797 item
1244 741 1556 797 Psalmodus
1595 740 1775 803 docet,
1809 756 1929 795 cum
1972 740 2056 795 in—

2183 741 2339 812 >ησὶν,
2362 738 2437 800 ὡς
2463 737 2648 797 ἵππον,
2673 734 2705 803 ἢ
2732 731 2806 793 ὡς
2836 730 3027 797 κτήνη,
3050 724 3301 793 ὼδήγησε
3322 719 3410 772 διὰ
3433 717 3779 784 Θαλάσσης,

485 806 603 910 quit
633 861 647 893 :
689 858 708 890 ι
741 806 812 891 Ἐι
846 837 1031 892 eduxit
1064 846 1314 901 tanquam
1346 848 1474 887 oves
1507 832 1758 902 populum
1792 847 1967 896 suum,
2000 839 2057 886 et

2183 806 2229 896 .5
2278 830 2365 884 διὰ
2422 825 2625 880 πεδίου.
2676 821 2846 875 Τοῦτο
2899 818 2993 871 καὶ
3043 818 3071 868 ὁ
3120 811 3422 882 Ψαλμῳδὸς
3464 806 3781 910 esse“?

489 933 637 987 duxit
668 947 762 987 eos
793 942 1046 999 tanquam
1078 943 1293 997 gregem
1326 927 1378 981 in
1409 928 1624 981 deserto
1647 926 1713 980 ".
1753 944 1773 977 ι
1812 925 1925 980 θυι
1955 942 2051 979 au-

2183 926 2328 993 .έγων
2355 938 2368 952 ·
2399 940 2416 971 ι
2444 920 2553 973 Καὶ
2581 918 2853 985 ἀνήγαγεν
2886 912 2960 975 ὡς
2992 907 3239 979 πρόϐατα
3278 902 3369 955 τὸν
3391 900 3524 954 λαὸν
3551 899 3781 957 αὐτοῦ,

490 1030 594 1074 tem
628 1034 813 1073 eorum
851 993 979 1082 fuit,
1011 993 1105 1070 uti‘
1124 993 1267 1080 diiti,
1300 1016 1535 1085 Spiritus
1567 1014 1800 1070 Domini.
1834 1013 1926 1070 Sic
1960 1017 2057 1069 du-

2183 1015 2253 1067 :al.
2310 1012 2587 1082 ὡδήγησεν
2637 1007 2835 1067 αὐτοὺς
2898 1003 2974 1065 ὡς
3027 1000 3274 1068 ποίμνιον
3335 997 3392 1047 ὲν
3466 993 3717 1063 ἐρήμῳ.
3751 1008 3771 1039 ι

486 1110 612 1163 xisli
638 1110 892 1178 populum
924 1115 1068 1160 tttntn
1090 1146 1106 1169 ,
1133 1116 1192 1160 ut
1218 1084 1561 1173 comparares
1592 1104 1685 1158 tibi
1716 1106 1829 1173 ipse
1859 1119 2053 1159 nomen

2185 1105 2431 1175 Ωδήγησε
2459 1101 2515 1154 δὲ
2543 1100 2758 1160 αὐτοὺς,
2783 1097 2857 1158 ὼς
2880 1094 3037 1163 ἔσην,
3062 1091 3286 1159 Πνεῦμα
3301 1086 3529 1157 Κυρίου.
3555 1084 3783 1178 (DS-sus;

487 1174 797 1271 gloriosum.
824 1197 936 1251 Duo
958 1198 1101 1253 enim
1127 1196 1267 1252 facta
1293 1206 1419 1251 sunt
1439 1197 1628 1250 eodem
1655 1206 1914 1264 tempore.
1937 1196 2054 1251 Non

2183 1174 2363 1265 ιγαγες
2378 1192 2469 1245 τὸν
2506 1190 2631 1243 λαόν
2667 1206 2786 1252 σου,
2812 1184 2905 1238 τοῦ
2934 1182 3156 1250 ποιῆσαι
3181 1179 3328 1249 αὐτῷ
3356 1178 3530 1247 ὄνομα
3559 1174 3775 1241 δόξης.

487 1292 633 1345 enim
660 1290 819 1344 modo
844 1297 1086 1343 servatus
1110 1297 1192 1340 est
1217 1286 1401 1353 Israel,
1428 1298 1482 1341 et
1507 1302 1536 1342 e
1566 1301 1724 1339 manu
1748 1288 2057 1355 opprimen-

2183 1287 2260 1339 ιύο
2290 1284 2398 1354 γὰρ
2433 1282 2731 1353 ἐπράττετο
2754 1278 2893 1330 κατὰ
2923 1275 3137 1328 ταυτόν.
3192 1272 3265 1325 Οῦ
3314 1269 3421 1339 γὰρ
3470 1269 3779 1321 σέσωσται

490 1385 622 1437 tium
663 1382 921 1435 liberatus
954 1389 1039 1433 est
1076 1397 1090 1432 :
1126 1381 1220 1433 sed
1262 1380 1423 1433 etiam
1461 1394 1638 1432 rerum
1673 1376 2059 1433 admirabiliter

2183 1379 2321 1431 ιόνον
2353 1378 2381 1429 6
2421 1373 2657 1444 Ἰσραὴλ,
2706 1371 2800 1424 καὶ
2838 1368 2938 1437 τῆς
2970 1365 3075 1417 τῶν
3115 1359 3594 1417 πλεονεκτούντων
3641 1356 3780 1409 ἐλυ-

490 1484 763 1545 geslarum
807 1474 926 1525 linis
974 1473 1347 1524 universorum
1406 1472 1729 1526 dominatori
1774 1472 1879 1524 Deo
1941 1469 2057 1537 glo-

2183 1469 2338 1542 ςρώθη
2360 1466 2559 1538 χειρὸς,
2592 1462 2727 1517 ἀλλὰ
2779 1460 2887 1529 γὰρ
2921 1456 3146 1511 καὶτῶν
3181 1452 3501 1525 παραδόξως
3532 1448 3779 1502 τετελε-

492 1566 628 1620 ΐίδω
659 1564 1068 1620 εοηνθυίθιηθιιδ
1104 1561 1334 1631 peperit.
2162 1541 2371 1630 σμένων
2397 1559 2458 1610 τὸ
2490 1557 2661 1627 πέρας
2707 1552 2783 1623 τῷ
2811 1551 2918 1604 τῶν
2954 1551 3089 1602 ὅλων
3138 1545 3424 1618 κρατοῦντι
3466 1542 3595 1611 Θεῷ

2159 1652 2308 1722 αύτῷ
2338 1652 2650 1721 πρέπουσαν
2676 1645 2831 1710 δόξαν
2857 1642 3324 1713 ἐπραγματεύετο.

566 1740 731 1793 Vsus.
756 1738 946 1793 iii-i7.
990 1738 1298 1790 Convertere
1331 1737 1394 1789 de
1422 1736 1569 1800 caelo,
1600 1746 1647 1789 et
1678 1736 1794 1789 vide
1823 1736 1885 1788 de
1906 1737 2060 1788 domo

2248 1742 2649 1807 Ἑπίστρεψογ
2686 1737 2755 1789 ἐκ
2799 1732 2904 1787 τοῦ
2936 1730 3217 1797 οὐρανοῦ,
3258 1728 3354 1780 καί
3400 1724 3493 1778 ῐδε
3535 1725 3615 1778 ἐκ
3654 1723 3774 1777 τοῦ

494 1842 677 1886 sancta
726 1842 849 1897 tua,
883 1841 928 1883 et
959 1830 1143 1898 gloria:
1177 1841 1318 1882 tute.
1369 1827 1469 1881 Ubi
1511 1838 1583 1882 est
1623 1829 1764 1881 zelus
1808 1840 1961 1887 tuus.
2013 1836 2061 1881 et

2183 1832 2331 1885 )lxov
2366 1831 2468 1884 τοῦ
2506 1831 2677 1899 ἁγίου
2707 1844 2843 1889 σου,
2881 1826 2979 1877 καὶ
3009 1823 3195 1889 δόξης
3236 1836 3373 1874 σου.
3420 1817 3550 1873 Ποῦ
3574 1819 3774 1871 ἐστιν

497 1924 751 1993 fortitudo
782 1922 913 1975 tua?
940 1920 1040 1975 Ubi
1086 1928 1161 1974 est
1204 1919 1487 1973 muttitudo
1518 1920 1895 1973 misericordia:
1934 1928 2061 1982 tute,

2183 1930 2196 1978 5
2227 1925 2403 1993 ζῆλός
2431 1941 2566 1987 σου,
2593 1921 2690 1975 καί
2718 1920 2754 1987 ὴ
2778 1918 2955 1988 ἰσχύς
2988 1929 3142 1977 σου;
3172 1913 3295 1966 Ποῦ
3322 1911 3454 1963 ἐστι
3491 1908 3562 1962 τὸ
3591 1906 3771 1974 ,πλῆ-

495 2027 543 2070 et
591 2016 985 2069 miserationum
1021 2023 1266 2075 tuarunt,
1305 2011 1429 2080 quia
1471 2011 1769 2064 sustinuisti
1812 2011 1949 2065 nos?
1986 2008 2062 2061 Tu

2183 2022 2273 2081 90c
2310 2014 2417 2068 τοῦ
2456 2014 2667 2077 ἐλέους
2694 2027 2832 2075 σου,
2867 2007 2966 2061 καὶ
3004 2004 3122 2059 τῶν
3150 2000 3461 2070 οἰκτιρμῶν
3487 2014 3641 2065 σου,
3673 1999 3771 2052 ὅτι

496 2111 633 2162 enim
664 2124 715 2160 es
749 2105 913 2159 Pater
944 2116 1137 2168 noster,
1179 2104 1303 2172 quia
1335 2104 1598 2156 Abraham
1638 2120 1739 2157 non
1783 2103 1917 2156 novit
1947 2117 2061 2165 nos,

2183 2108 2428 2176 ἱνέσχου
2446 2104 2643 2175 ἠμῶνς
2666 2103 2747 2157 Σὺ
2764 2104 2873 2171 γὰρ
2886 2096 2941 2153 εἷ
2954 2097 3123 2167 ἡμῶν·
3137 2096 3360 2163 Πατὴρ,
3373 2093 3463 2146 ὅτι
3488 2090 3770 2159 Ἀϐραὰμ

496 2210 545 2254 et
575 2198 745 2252 Israel
779 2213 880 2251 non
919 2199 1126 2266 agnovit
1164 2212 1278 2249 nos.
1312 2196 1356 2249 A
1390 2198 1647 2262 principio
1694 2211 1879 2249 nomen
1916 2204 2065 2246 tuum

2183 2203 2275 2255 >ὐκ
2298 2200 2451 2268 ἔγνω
2471 2200 2647 2267 ἡμᾶς,
2664 2196 2763 2249 καὶ
2798 2193 3045 2261 Ἰσραὴλ
3072 2194 3183 2245 οὐκ
3213 2187 3442 2257 ἐπέγνω
3458 2183 3632 2253 ἡμᾶς
3658 2182 3765 2254 (1).

496 2309 651 2361 super
689 2307 801 2345 nos.
849 2287 958 2344 Cur
993 2290 1248 2343 seduxisti
1293 2305 1407 2353 nos,
1438 2287 1675 2352 Domine,
1717 2306 1747 2341 a
1797 2289 1879 2342 via
1924 2298 2064 2354 tua;

2183 2292 2292 2347 Ἀπ’
2335 2289 2523 2361 ἀρχῆς
2586 2290 2653 2343 τὸ
2697 2286 2884 2355 ὄνομά
2933 2300 3049 2339 σου
3103 2283 3196 2351 ἐφ’
3254 2278 3413 2348 ἡμᾶς
3460 2277 3624 2329 ἐστι.
3704 2274 3769 2329 τί

501 2383 772 2438 obdurasti
797 2385 957 2436 corda
986 2392 1189 2444 nostra,
1224 2397 1285 2433 ne
1312 2382 1613 2434 timeremus
1649 2380 1734 2434 te?

2183 2383 2511 2451 ίπλάνησας
2532 2379 2709 2450 ἡμᾶς,
2725 2380 2921 2446 Κύριε,
2934 2376 3052 2431 ἀπὸ
3078 2374 3183 2442 τῆς
3202 2372 3345 2427 ὀδοῦ
3366 2386 3507 2431 σου,
3521 2367 3764 2433 ἐσκλή-

2160 2494 2356 2545 ρυνας
2401 2473 2570 2545 ἡμῶν
2614 2474 2721 2537 τὰς
2758 2470 3003 2539 καρδίας
3042 2468 3147 2521 τοῦ
3183 2465 3269 2535 μὴ
3299 2462 3619 2532 φοϐεῖσθαι
3648 2476 3733 2514 σε
3746 2476 3766 2523 ;

575 2562 672 2617 llic
706 2562 957 2629 deinceps
984 2560 1243 2629 propheta
1279 2574 1375 2627 pro
1408 2556 1654 2610 universa
1686 2566 1847 2625 gente
1877 2570 2068 2626 preces

2252 2568 2511 2623 Ἐνταῦθα
2544 2566 2727 2620 λοιπὸν
2750 2566 2777 2616 6
2805 2564 3089 2635 προφήτης
3116 2561 3214 2621 τὰς
3245 2558 3384 2627 ὑπὲρ
3411 2553 3626 2618 παντὸς
3665 2554 3765 2606 τοῦ

502 2654 700 2717 fundit,
735 2663 788 2707 et
829 2651 930 2706 sub
973 2667 1201 2720 persona
1242 2650 1605 2703 lsraclitarum
1645 2658 1804 2717 rogat
1849 2659 1903 2703 et
1940 2664 2068 2717 sup.

2183 2660 2353 2723 ἔθνους
2383 2662 2614 2712 ποιεῖται
2644 2656 2816 2719 λιτὰς,
2861 2655 2956 2707 καὶ
2985 2655 3049 2705 ὲκ
3077 2649 3369 2721 προσώπου
3400 2648 3510 2701 τῶν
3544 2645 3607 2710 ὲξ
3659 2646 3766 2698 Ἱσ-

506 2751 690 2820 plicat.
723 2745 853 2802 Orat
882 2744 1023 2799 enim
1063 2755 1119 2797 ut
1150 2744 1217 2796 ab
1251 2744 1327 2796 ira
1362 2743 1414 2795 in
1450 2743 1569 2798 illos
1601 2758 1699 2798 sua
1746 2744 1991 2806 desistat,
2017 2755 2071 2796 et

2183 2752 2311 2824 ραὴλ
2342 2750 2609 2804 ἀνατείνει
2636 2748 2730 2818 τὴν
2760 2745 3036 2817 ἱκετηρίαν
3055 2760 3069 2773 ·
3100 2738 3401 2809 καταλῆξαι
3431 2739 3543 2806 γὰρ
3575 2752 3766 2807 παραι-

503 2840 629 2894 odio
660 2836 1032 2905 supersedeal,
1065 2844 1120 2888 et
1152 2834 1217 2887 ad
1256 2834 1397 2901 ipsos
1425 2834 1576 2903 quasi
1622 2844 1945 2896 revertatur,
1977 2835 2067 2902 qui

2183 2845 2324 2897 καλεῖ
2346 2843 2445 2913 τῆς
2472 2844 2556 2893 ἐπ’
2584 2841 2761 2901 αὐτοῖς
2786 2839 2973 2909 ὀργῆς,
3001 2834 3206 2889 παῦσαί
3233 2849 3294 2885 τε
3339 2832 3438 2901 τὴν
3480 2831 3765 2899 ἀποστρο-

504 2934 573 2986 ab
606 2931 711 2984 illis
743 2931 1065 2982 discesserat
1098 2944 1111 2979 :
1152 2936 1209 2979 ut
1237 2925 1327 2993 qui
1361 2940 1464 2978 non
1497 2924 1565 2979 sit
1605 2924 1880 2977 terrestris
1916 2925 2070 2992 quis-

2183 2938 2302 3008 φῆν,
2332 2937 2425 2990 καὶ
2451 2930 2561 2987 οἷον
2597 2932 2964 3001 ύπονοστῆσαι
2995 2927 3130 2999 πρὸς
3163 2926 3355 2987 αὐτοὺς
3384 2924 3475 2975 τὸν
3516 2923 3764 2989 ἀποφοι-

506 3024 672 3093 piam,
709 3020 804 3073 sed
842 3019 982 3072 Deus
1011 3031 1190 3080 verus,
1232 3027 1285 3069 et
1322 3014 1515 3069 caelum
1562 3024 1821 3084 tauquam
1854 3016 2069 3068 domum

2183 3032 2412 3101 εήσαντα
2443 3025 2641 3089 αὐτῶν,
2677 3026 2772 3079 ἄτε
2805 3022 2868 3092 δὴ
2916 3021 3009 3073 καὶ
3052 3018 3150 3087 οὐχ
3201 3017 3298 3070 ἕνα
3334 3014 3456 3067 τινὰ
3502 3013 3598 3065 τὸν
3642 3011 3759 3082 [ιον.

508 3113 796 3182 gloriosam
844 3108 1071 3162 habens.
1109 3106 1220 3160 Etsi
1250 3116 1428 3159 autem
1465 3105 1675 3159 dicatur
1715 3106 1767 3159 in
1802 3108 1939 3160 caelo
1976 3107 2070 3160 ha-

2183 3118 2306 3191 τῶν]
2348 3120 2440 3171 ἐπὶ
2465 3117 2563 3186 γῆς
2591 3116 2739 3177 ὄντα,
2772 3112 2903 3165 Θεὸν
2930 3110 2985 3163 δὲ
3017 3107 3215 3179 μᾶλλον
3244 3104 3517 3174 ἀληθινὸν,
3553 3103 3652 3156 καὶ
3687 3102 3763 3165 ὡς

507 3203 681 3259 hilare
709 3198 874 3263 Deus,
914 3197 1047 3251 nihil
1078 3207 1252 3250 tamen
1282 3197 1334 3250 in
1365 3210 1430 3249 eo
1458 3197 1740 3266 corporale
1774 3198 2075 3266 intelligen-

2183 3204 2323 3263 οἷκον
2352 3207 2508 3275 δόξης
2546 3206 2735 3274 ἔχοντα
2777 3202 2868 3255 τὸν
2900 3200 3144 3270 οὐρανόν.
3193 3198 3256 3249 Ei
3300 3195 3356 3248 δὲ
3388 3194 3603 3262 λέγοιτο
3658 3210 3763 3245 που

508 3292 635 3347 dum
679 3298 785 3344 est.
837 3286 953 3341 Non
1003 3286 1147 3340 enim
1198 3286 1251 3339 in
1305 3286 1423 3339 loco
1469 3298 1525 3341 et
1575 3287 2076 3355 circumscriptione

508 3383 849 3437 divinitatem
894 3392 1014 3433 esse
1052 3378 1306 3443 dicimus,
1337 3379 1480 3445 quod
1524 3392 1585 3431 ea
1630 3377 1853 3447 simplex
1907 3378 1975 3432 sit
2021 3388 2076 3431 et

510 3478 864 3545 incorporea,
921 3488 984 3527 ac
1039 3471 1305 3541 compleat
1344 3471 1547 3525 omnia.
1602 3468 1737 3537 Quia
1790 3480 1970 3525 autem
2022 3472 2075 3524 ia

509 3568 779 3638 supremis
822 3564 1101 3638 spiritibus
1148 3572 1403 3631 tanquam
1449 3564 1654 3617 sanctis
1698 3562 2072 3632 conquiescit,

510 3661 639 3715 hinc
685 3660 917 3713 dicimus
961 3656 1151 3711 solium
1187 3664 1239 3707 et
1283 3656 1499 3709 domum
1534 3654 1649 3723 ejus
1699 3669 1817 3710 esse
1857 3656 2076 3708 cmlum.

512 3751 840 3807 Convertere
887 3750 1069 3817 igitur,
1107 3748 1359 3816 inquiunt
1392 3765 1405 3801 :
1443 3765 1460 3798 ι
1502 3746 1598 3799 Ubi
1636 3746 1779 3798 etiim
1811 3754 1894 3799 est
1929 3745 2078 3799 zelus

516 3854 663 3907 tuus,
696 3853 748 3897 et
780 3843 1038 3898 fortitudo
1070 3841 1200 3895 tua?
1235 3860 1252 3891 ι
1288 3840 1396 3894 Nec
1424 3840 1642 3902 dixerit,
1683 3840 1897 3908 opinor,
1929 3840 2079 3906 quis-

511 3937 655 4005 piam
720 3936 806 3990 his
851 3934 1095 3993 caruisse
1143 3933 1515 3985 universorum
1566 3930 1773 3995 Deum;
1829 3931 1922 3986 sed
1955 3931 2077 3998 quia

505 4026 620 4099 jam
663 4025 766 4079 illis
799 4038 903 4078 non
951 4022 1282 4087 fruerentur,
1316 4022 1431 4075 hazc
1456 4020 1659 4075 dicunt.
1687 4020 1814 4075 Zelo
1850 4034 2081 4089 namque

514 4126 569 4171 et
607 4116 786 4169 divina
823 4114 1141 4167 fortitudine
1171 4128 1298 4167 usus
1328 4113 1565 4167 servavit
1597 4112 1872 4167 lsraelem.
1901 4112 2032 4165 Puta
2063 4130 2076 4166 :

511 4208 817 4266 servierunt
844 4205 1013 4278 884
1035 4205 1331 4277 ᾸΕεγριίἰε,
1360 4206 1450 4276 qui
1481 4206 1644 4259 vitam
1672 4220 1860 4259 eorum
1888 4205 2000 4259 luto
2027 4215 2083 4259 et

522 4298 693 4354 latere
738 4298 1069 4365 afﬂixerunt,
1104 4309 1158 4353 et
1194 4307 1505 4353 exactorum
1556 4296 1874 4350 crudelitate
1920 4311 2081 4350 vexa-

513 4401 660 4447 rnnl.
692 4392 763 4444 At
795 4390 913 4445 zelo
941 4405 1202 4444 accensus
1233 4399 1317 4445 est
1349 4390 1723 4444 universorum
1754 4388 1913 4444 Deus.
1937 4389 2083 4443 Dixit

2176 3304 2447 3354 κατοικεῖν
2473 3300 2530 3350 ὲν
2558 3294 2773 3366 ούρανῷ
2808 3293 2961 3356 Θεὸς,
2994 3290 3159 3362 μηδὲν
3183 3286 3410 3341 νοείσθω
3441 3285 3763 3354 σωματικὸν

2176 3391 2261 3444 ἐπ’
2286 3389 2471 3445 αὐτοῦ.
2507 3389 2581 3441 υὺ
2616 3389 2723 3456 γὰρ
2756 3387 2813 3436 ὲν
2837 3385 3005 3451 τόπῳ,
3038 3381 3132 3435 καὶ
3167 3379 3480 3449 περιγραφῇ
3512 3377 3577 3428 τὸ
3600 3377 3763 3428 Θείον

2177 3480 2315 3537 εἶναι
2361 3481 2560 3551 φαμὲν,
2602 3479 2683 3531 ὅτι
2733 3477 2826 3531 καὶ
2878 3473 3082 3528 ἁπλοῦν
3124 3475 3241 3525 ἐστι
3292 3471 3385 3523 καὶ
3436 3470 3758 3538 ἀσώματον,

2178 3575 2271 3630 καὶ
2305 3575 2481 3628 πάντα
2508 3570 2766 3642 πληροῦν.
2815 3568 3032 3639 Ἐπειδὴ
3058 3566 3115 3619 δὲ
3141 3568 3254 3628 τοῖς
3279 3564 3391 3619 ἄνω
3422 3562 3761 3632 πνεύμασιν,

2177 3652 2252 3729 ὡς
2293 3664 2466 3731 ἁγίοις
2492 3660 2924 3721 ὲπαναπαύεται,
2955 3655 3212 3727 ταύτῃτοί
3256 3670 3433 3724 φαμεν
3465 3652 3661 3723 θρόνον
3702 3668 3762 3704 τε

2179 3759 2271 3811 καὶ
2293 3753 2441 3810 οἶκον
2461 3754 2624 3808 αὐτοῦ
2656 3754 2747 3807 τὸν
2765 3751 3013 3823 οὐρανόν.
3053 3746 3408 3817 Ἑπίστρεψον
3425 3744 3629 3807 τοίνυν,
3659 3762 3765 3812 φα-

2181 3852 2265 3904 σίν
2288 3866 2299 3879 ·
2341 3870 2358 3901 ι
2398 3848 2507 3902 Ποῦ
2552 3847 2658 3916 γάρ
2690 3846 2837 3898 ἐστιν
2864 3847 2891 3897 6
2918 3843 3076 3913 ζῆλος
3105 3858 3223 3903 σου,
3248 3841 3343 3893 καὶ
3375 3837 3528 3907 ἰσχύς
3572 3854 3704 3901 σου;
3738 3857 3757 3888 ι

2180 3944 2290 3997 Καὶ
2326 3942 2387 3993 οὐ
2422 3941 2484 4011 δή
2528 3957 2630 3992 που
2662 3939 2793 4009 φαίη
2827 3937 2914 4001 ἂν,
2938 3931 3112 4006 οἶμαι,
3144 3934 3247 3997 τὶς,
3271 3926 3433 4002 ὡςῆν
3460 3933 3517 3983 ὲν
3563 3932 3762 3983 σπάνει

2178 4033 2285 4086 τῶν
2306 4031 2560 4085 τοιούτων
2591 4032 2619 4083 6
2642 4031 2751 4084 τῶν
2782 4029 2919 4083 ὅλων
2942 4028 3097 4092 Θεὸς,
3141 4024 3255 4079 ἀλλ’
3282 4023 3357 4087 ὡς
3384 4021 3571 4075 οὐκέτι
3630 4037 3765 4092 μετ-

2183 4126 2399 4195 έχοντες
2447 4124 2624 4178 αὐτῶν
2652 4121 2720 4176 τὰ
2750 4122 2930 4176 τοιάδε
2977 4119 3128 4189 φασί.
3164 4118 3318 4189 Ζήλῳ
3359 4117 3467 4187 γὰρ
3515 4116 3623 4179 ἀεὶ,
3670 4118 3763 4169 καὶ

2187 4217 2329 4286 ίσχύῖ
2374 4218 2439 4287 τῇ
2486 4215 2783 4286 θεοπρεπεῖ
2812 4213 3092 4285 χρώμενος
3132 4211 3337 4264 σέσωκε
3377 4207 3467 4260 τὸν
3520 4205 3758 4277 Ἰσραήλ.

2183 4303 2308 4360 Οίόν
2333 4306 2384 4360 τί
2413 4323 2573 4376 φημι,
2607 4304 3012 4358 δεδουλεύκασιν
3039 4299 3356 4369 Αἰγυπτίοις
3379 4298 3427 4350 οἱ
3479 4297 3575 4350 καὶ
3624 4313 3761 4349 κατ-

2185 4397 2479 4460 ωδύνοντες
2506 4396 2683 4449 αὐτῶν
2721 4396 2819 4467 τὴν
2856 4394 2999 4465 ζωὴν
3028 4392 3124 4464 [αι.
3169 4389 3469 4446 κατώδυνον
3487 4388 3586 4457 τὴν
3616 4385 3762 4457 ζωὴν

512 4483 736 4551 itaque:
770 4500 788 4532 ι
823 4479 1135 4535 Αῐιιιυιιιιυε
1184 4496 1301 4535 sum
1344 4479 1640 4535 Jerusalem
1684 4492 1738 4536 et
1786 4480 1914 4534 Sion
1964 4483 2080 4536 zelo

2184 4487 2382 4561 αὐτῶν]
2446 4486 2619 4559 πηλῷ,
2656 4488 2749 4541 καὶ
2803 4485 3089 4556 πλινθείᾳ,
3137 4484 3232 4536 καὶ
3271 4484 3337 4552 τῇ
3379 4480 3487 4533 τῶν
3529 4480 3759 4549 ἑργοκη-

510 4590 728 4644 magno,
768 4584 822 4627 et
872 4574 1053 4627 furore
1106 4589 1299 4643 magno
1346 4574 1548 4627 irascor
1587 4574 1832 4644 gentibus
1862 4576 2078 4643 conspi-

512 4668 783 4721 ranlibus.
851 4683 871 4718 s
911 4665 1015 4720 Pro
1067 4680 1133 4720 eo
1168 4667 1307 4735 quod
1339 4679 1439 4733 ego
1481 4681 1671 4734 parum
1724 4665 1893 4719 iratus
1936 4681 2077 4731 sum,

512 4757 587 4810 illi
623 4757 1002 4825 conspirarunl
1037 4756 1197 4811 simul
1248 4755 1312 4808 ad
1364 4755 1501 4807 mala
1525 4754 1587 4807 ".
1645 4754 1849 4809 Deinde
1897 4772 2085 4812 rursus

514 4843 786 4897 mirabilia
827 4853 1084 4913 Operatus
1127 4856 1230 4897 est.
1277 4842 1694 4913 Babyloniorum
1724 4844 1869 4898 enim
1903 4847 2085 4916 regio-

513 4946 667 5001 nem,
701 4934 827 4988 licet
862 4935 1113 4987 invictam
1145 4944 1199 4987 et
1236 4932 1587 5000 insuperabili
1614 4935 1848 5002 patentia
1895 4937 2086 5004 praedi-

516 5030 648 5086 tam,
691 5022 931 5074 vastitati
964 5022 1202 5074 tradidit.
1236 5020 1460 5074 Immisit
1499 5022 1640 5074 enim
1681 5022 1735 5075 in
1760 5038 1853 5077 eos
1881 5023 2079 5092 Cyrum

515 5113 798 5185 Cambysis
833 5114 1021 5167 filium.
1062 5114 1171 5169 Hac
1210 5114 1581 5168 misericordia
1617 5114 1720 5167 frui
1754 5116 2035 5183 cupientes
2066 5135 2079 5170 :

520 5224 539 5258 ι
586 5206 684 5261 Ulli
739 5217 898 5271 est,s
935 5208 1232 5273 iuquinul,t
1262 5207 1411 5260 zelus
1453 5216 1674 5270 tuus,et
1731 5207 1880 5261 furor
1921 5209 2085 5262 tuus?

515 5298 620 5355 Ubi
668 5309 751 5356 est
796 5300 1079 5355 multitudo
1138 5302 1523 5357 misericordiae
1576 5311 1701 5365 tuae,
1760 5311 1814 5354 et
1857 5302 2083 5355 misera-

517 5391 721 5448 tionum
789 5402 1034 5460 tuarum,
1079 5393 1205 5463 quia
1255 5392 1559 5448 sustinuisti
1614 5393 1756 5447 nos?
1808 5412 1827 5447 ι
1880 5395 2099 5450 δίιίυιιιν

587 5569 633 5600 ’⁸
674 5568 813 5624 Psal.
862 5586 1065 5638 Lxsvn,
1099 5572 1185 5626 52.
1266 5574 1310 5605 ’⁸
1340 5572 1571 5629 Zachar.
1606 5589 1644 5641 ι,
1684 5572 1769 5627 id.

2185 4580 2387 4634 δεστῶν
2412 4580 2657 4649 ὠμότητι
2687 4578 3139 4650 κατατρύχοντες,
3169 4575 3283 4629 ἀλλ’
3306 4572 3575 4643 ἐζήλωσεν
3598 4572 3626 4623 6
3652 4572 3759 4623 τῶν

2186 4672 2321 4724 ὅλων
2346 4670 2497 4733 Θεός.
2538 4671 2680 4741 Ἔφη
2723 4668 2851 4738 γοῦν
2878 4685 2891 4699 ο
2922 4688 2940 4720 ι
2972 4666 3250 4737 Ἐζήλωκα
3273 4662 3369 4733 τὴν
3411 4658 3759 4732 Ἰερουσαλὴμ

2186 4762 2280 4817 καὶ
2320 4761 2418 4832 τὴν
2465 4760 2602 4814 Σιὼν
2630 4761 2789 4832 ζῆλον
2826 4763 3019 4831 μέγαν,
3058 4760 3151 4812 καὶ
3180 4755 3335 4827 θυμῷ
3379 4752 3600 4825 μεγάλῳ
3646 4750 3757 4819 ἐγὼ

2196 4850 2491 4923 ὀργίζομαι
2516 4854 2610 4906 ἐπὶ
2637 4854 2813 4907 πάντα
2854 4852 2923 4905 τὰ
2970 4852 3097 4921 ἔθνη
3141 4850 3211 4903 τὰ
3255 4844 3749 4914 συνεπιτιθέμενα.»

2199 4944 2337 4997 Ἀνθ’
2383 4939 2457 4997 ὧν
2486 4944 2597 5013 ἐγὼ
2629 4944 2726 5014 μὲν
2758 4942 3036 5013 ὠργίσθην
3090 4940 3268 5008 ὀλίγα,
3298 4937 3451 4992 αὐτοὶ
3481 4936 3535 4988 δὲ
3566 4951 3757 4987 συνεπ-

2184 5032 2367 5088 έθεντο
2397 5036 2475 5097 είς
2505 5033 2668 5087 κακά’
2699 5029 2814 5086 εἶτα
2848 5032 3010 5086 πάλιν
3037 5029 3321 5101 εἰργάζετο
3360 5031 3427 5080 τὰ
3460 5024 3752 5095 παράδοξα.

2188 5124 2379 5177 Καίτοι
2425 5125 2532 5195 γὰρ
2571 5124 2876 5195 ἄθραυστον
2907 5120 3070 5177 οὖσαν
3115 5122 3214 5191 τὴν
3245 5118 3616 5179 Βαϐυλωνίων,
3665 5117 3755 5168 καὶ

2191 5213 2507 5285 δυσαντήτῳ
2533 5215 2760 5285 δυνάμει
2780 5215 3085 5285 χρωμένην,
3109 5211 3337 5266 δέδωκεν
3362 5211 3439 5271 είς
3456 5207 3749 5276 ἐρήμωσιν.

2200 5304 2479 5377 Ἐπαφῆκε
2534 5308 2643 5378 γὰρ
2691 5308 2873 5369 αὐτοῖς
2930 5306 3021 5359 τὸν
3068 5302 3365 5374 Καμϐύσου
3409 5298 3605 5369 Κῦρον.
3645 5297 3755 5369 Τῆς

2185 5398 2440 5470 τοιαύτης
2494 5398 2709 5469 φειδοῦς
2762 5397 3068 5455 ἀπολαῦσαι
3134 5394 3442 5466 γλιχόμενοι
3493 5391 3622 5461 φασὶ
3662 5390 3783 5459 τόε

589 5749 666 5819 (l)
714 5746 848 5801 Lxx
905 5748 1125 5816 addunt,
1162 5750 1296 5805 ἀλλὰ
1345 5752 1432 5817 σὺ,
1467 5751 1648 5822 Κύριε,
1686 5751 1875 5822 Πατὴρ
1898 5750 2054 5824 ἡμῶν

2183 5766 2255 5803 ται
2284 5750 2450 5821 ἡμᾶς.
