4022 6400
322 384 460 444 1395

1446 383 1513 439 IN
1554 383 1785 440 ISAIAM
1824 381 1951 437 LIB.
1992 382 2055 437 V.
2098 380 2333 439 TOMUS
2372 381 2434 436 V.

3429 386 3563 445 1394

322 524 344 558 t
392 502 499 557 Ποῦ
537 501 653 555 ἐστι
680 502 709 556 ὁ
737 500 898 572 ζῆλός
932 518 1050 567 σου,
1085 502 1177 555 καὶ
1201 503 1230 556 ὁ
1263 502 1433 573 θυμός
1463 518 1590 568 σου;
1629 501 1739 555 Ποῦ
1774 500 1879 554 ἐστι

1991 500 2168 555 denuo
2201 499 2651 566 misericordiam,
2691 508 2747 555 et
2798 501 2852 555 in
2901 500 3083 556 multis
3114 501 3326 560 delictis
3352 505 3565 562 exhibi-

314 597 379 650 τὸ
418 594 625 666 πλῆθος
670 593 764 647 τοῦ
806 593 987 657 ἐλέους
1017 610 1131 657 σου,
1165 595 1259 647 καὶ
1292 595 1399 648 τῶν
1424 593 1724 667 οἰκτιρμῶν
1774 608 1890 655 σου,

314 689 400 742 ὅτι
433 687 661 759 ἀνέσχου
711 688 903 757 ήμῶνς
957 706 975 739 ι
1026 687 1233 756 Διψῶσι
1274 688 1331 741 δὲ
1370 689 1533 741 πάλιν
1583 688 1671 740 τὸν
1722 686 1891 748 ἔλεον,

316 776 412 830 καὶ
456 776 554 847 τὴν
596 774 687 827 ἐπὶ
721 775 939 838 πολλοῖς
992 775 1399 846 παραπτώμασι
1430 776 1675 830 δοθεῖσαν
1708 776 1892 838 αὐτοῖς

315 868 649 940 ἡμερότητα,
704 868 796 921 καὶ
828 868 1255 939 φιλανθρωπίαν.
1306 870 1591 939 Ἦνέσχετο
1638 868 1746 939 γὰρ
1793 868 1893 919 ab-

312 960 442 1025 τῶν,
480 962 574 1013 καὶ
600 960 661 1013 ob
696 959 945 1031 φορητῶς
970 958 1080 1012 ἔσθ’
1111 960 1199 1012 ὅτε
1228 961 1675 1031 παροτρυνὸντων
1715 962 1893 1015 αὐτῶν

312 1052 477 1105 αὑτὸν
522 1050 896 1121 κατελὰλησαν
943 1052 1003 1103 ἐν
1049 1053 1115 1121 τῇ
1156 1052 1367 1121 ἐρήμῳ,
1403 1052 1493 1103 καὶ
1534 1052 1891 1121 ἐξεπείρασαν

312 1143 474 1195 αὐτὸν
497 1144 553 1195 έν
574 1145 694 1206 ταῖς
716 1143 962 1213 καρδίαις
985 1142 1161 1195 αὐτῶν
1188 1142 1457 1209 λέγοντες,
1479 1143 1567 1213 Μὴ
1605 1143 1890 1214 δυνήσεται

311 1235 341 1286 ὁ
373 1234 504 1298 Θεὸς
546 1235 831 1304 ἑτοιμάσαι
877 1234 1154 1305 τράπεζαν
1197 1237 1254 1287 ὲν
1299 1236 1509 1306 ἐρήμῳ,
1544 1237 1624 1288 ὅτι
1653 1238 1888 1304 ἐπάταξε

317 1325 545 1395 πέτραν,
597 1325 690 1377 καὶ
740 1324 1011 1395 ἐρρύησαν
1044 1325 1230 1389 ὕδατα,
1264 1326 1358 1379 καὶ
1407 1326 1696 1397 χείμαρροι
1756 1347 1887 1383 κατ-

310 1416 678 1486 εκλύσθησαν;
703 1416 793 1486 Μὴ
825 1421 918 1469 καὶ
941 1417 1104 1487 ἄρτον
1128 1419 1347 1472 δύναται
1372 1418 1555 1471 δοῦναι
1578 1437 1591 1485 ;
1624 1420 1729 1473 Καὶ¹
1753 1422 1887 1491 πρὸς

308 1505 520 1569 τούτοις
541 1505 621 1558 ἔτι
653 1523 718 1576 με
728 1508 1188 1577 μοσχοποιήκασιν
1218 1507 1444 1570 ἀπόντος
1469 1507 1730 1572 Μωσέως,
1750 1510 1886 1579 πλὴν

307 1597 565 1667 ἠλέηνται
623 1599 1068 1669 παρακαλοῦντος
1130 1600 1316 1654 αὐτοῦ.
1392 1602 1641 1673 Ἀνέσχου
1708 1605 1885 1658 τοίνυν

310 1689 677 1759 ἡμῶν,φασὶ,
744 1690 918 1743 καίτοι
971 1692 1289 1756 πλειστάκις
1344 1697 1882 1764 προσκεκρουκότων.

314 1803 332 1833 ‹
371 1785 442 1836 Συ
474 1784 583 1853 γὰρ
621 1778 670 1836 εἷ
711 1786 898 1856 Πατὴρ
943 1785 1119 1855 ἡμῶν,
1174 1788 1253 1838 ὅτι
1311 1787 1561 1860 ’Δδραάμ
1594 1790 1694 1842 οὐκ
1744 1790 1885 1858 ἔγνω

1996 599 2103 644 tam
2160 591 2261 646 sibi
2315 591 2659 645 clementiam
2711 599 2765 645 et
2820 592 3234 647 humanitatem.
3294 595 3563 651 Sustinuit

1992 680 2133 731 enim
2163 694 2255 733 eos
2281 698 2292 733 ε
2319 681 2480 733 etiam
2506 695 2626 733 cum
2656 695 3041 751 nonnunquam
3076 681 3250 750 ipsum
3282 685 3561 740 irritarent

1993 770 2418 827 intolerabiliter.
2453 771 2697 826 Oblocuti
2740 781 2863 826 sunt
2897 774 2948 825 in
2984 773 3290 838 solitudine,
3350 787 3405 830 et
3442 786 3561 831 teu—

1993 867 2176 913 tarunt
2218 861 2394 929 ipsum
2440 862 2492 915 iu
2527 864 2779 917 cordibus
2809 864 2944 927 suis,
2975 865 3218 919 dicentes
3249 884 3262 919 :
3294 866 3427 919 Num
3463 882 3560 937 po-

1992 949 2121 1003 terit
2150 950 2289 1005 Deus
2328 966 2520 1018 parare
2550 968 2788 1005 mensam
2833 953 2886 1005 in
2919 954 3245 1011 solitudine?
3278 960 3402 1026 quia
3436 975 3557 1027 per-

1990 1042 2162 1096 cussit
2218 1051 2461 1111 petram,
2508 1053 2562 1098 et
2616 1042 2887 1098 ﬂuxerunt
2942 1060 3133 1115 aquae,
3185 1060 3239 1103 et
3290 1060 3557 1108 torrentes

1990 1136 2404 1192 inundaverunt.
2423 1136 2559 1191 Num
2578 1146 2627 1191 et
2649 1154 2838 1207 panem
2864 1142 3063 1209 poterit
3083 1143 3246 1197 dare?
3265 1143 3551 1211 Pranerea,

1989 1227 2172 1298 Moyse
2190 1229 2431 1295 absente,
2454 1228 2682 1283 vitulum
2714 1229 3134 1296 fabricaveram,
3158 1246 3551 1303 verumtamen,

1988 1334 2052 1373 eo
2085 1329 2323 1389 rogante,
2362 1319 2790 1374 misericordiam
2830 1324 3106 1378 consecuti
3148 1335 3296 1380 sunt.
3335 1327 3554 1385 Sustine

1989 1410 2154 1476 igitur
2180 1425 2295 1475 nos,
2316 1410 2586 1477 inquiunt,
2615 1412 2824 1466 etiamsi
2852 1414 3125 1469 multoties
3149 1415 3549 1473 offenderimus.

1991 1519 2010 1551 ι
2052 1499 2130 1553 Tu
2180 1502 2323 1554 enim
2365 1517 2421 1555 es
2453 1500 2615 1555 Pater
2661 1512 2869 1569 noster,
2917 1506 3041 1573 quia
3090 1506 3363 1583 Abraham
3413 1511 3551 1564 haud

1987 1592 2137 1644 novit
2169 1608 2288 1655 nos,
2324 1601 2378 1645 et
2408 1592 2571 1647 Israel
2601 1608 2705 1647 non
2736 1597 2983 1664 cognovit
3006 1611 3123 1652 nos.
3161 1616 3179 1649 ι
3208 1597 3323 1653 Non
3356 1610 3553 1669 negant

1987 1689 2185 1750 patres.
2223 1681 2417 1736 Parum
2455 1699 2687 1752 namque
2727 1687 2938 1753 prolicit
2974 1688 3076 1743 hoc
3120 1691 3185 1742 ad
3232 1692 3553 1759 resipiscen-

1987 1774 2114 1826 tiam
2144 1791 2159 1827 :
2194 1789 2297 1828 non
2337 1775 2480 1829 enim
2514 1776 2671 1846 ejecti
2714 1786 2839 1831 sunt
2868 1788 3088 1847 propter
3133 1781 3279 1845 illos,
3315 1784 3407 1836 sed
3449 1784 3550 1838 tri-

304 1876 475 1945 ἡμᾶς,
510 1852 603 1928 καὶ
642 1852 976 1946 Ἰσραὴλ-ὀὑκ
999 1877 1213 1945 ἐπέγνω
1247 1852 1421 1948 ἡμᾶς..
1455 1899 1471 1930 ι
1517 1852 1629 1933 ὸύκ
1659 1852 1879 1952 ἀρνοῦν-

1987 1864 2157 1917 buunt
2185 1866 2366 1935 potius
2404 1867 2514 1920 Deo
2546 1873 2749 1922 amanti
2782 1869 3067 1937 bonorum,
3095 1873 3237 1941 quod
3270 1874 3472 1941 pietate
3494 1882 3552 1929 et

304 1983 395 2018 ται
423 1967 545 2027 τοὺς
577 1968 836 2038 πατέρας.
872 1970 1185 2031 Ἀσυντελὲς
1215 1971 1321 2041 γὰρ
1351 1970 1509 2024 τοῦτο
1536 1974 1720 2036 αὐτοῖς
1750 1974 1884 2045 πρὸς

309 2054 669 2124 μετάγνωσιν.
704 2058 778 2109 Οὐ
818 2057 925 2129 τάρ
954 2057 1316 2128 ὲκόέόληνται
1347 2060 1413 2114 δι’
1444 2062 1659 2129 αὐτοὺς,
1693 2065 1882 2118 ἀπονέ-

308 2162 469 2212 μουσι
503 2145 559 2197 δὲ
593 2145 790 2215 μᾶλλον
815 2147 894 2217 τῷ
944 2148 1227 2220 φιλαγάθῳ
1274 2150 1392 2222 Θεῷ
1432 2154 1493 2205 τὸ
1545 2153 1883 2207 πλεονεκτεῖν

304 2234 386 2295 εἰς
423 2233 823 2304 φιλοστοργίαν,
870 2236 963 2289 καὶ
1011 2237 1135 2300 τοὺς
1189 2239 1327 2291 κατὰ
1375 2240 1553 2311 σάρκα
1600 2242 1880 2313 πατέρας’

313 2324 502 2396 Πατὴρ
559 2326 669 2396 γάρ
722 2328 836 2380 ἐστι
891 2329 1142 2399 πατέρων
1180 2330 1277 2401 (1).
1326 2332 1633 2403 Γεγόναμεν
1677 2335 1785 2406 γὰρ
1824 2336 1885 2400 ἐξ

304 2418 502 2484 αὐτῶν,
553 2421 709 2489 φασὶ,
734 2424 873 2493 πλὴν
916 2425 975 2475 ob
1028 2424 1312 2477 τεθέανται
1360 2427 1524 2495 ἡμᾶς.
1559 2427 1631 2478 Σύ
1672 2444 1735 2495 γε
1777 2429 1881 2499 μὴν

302 2510 363 2561 ob
394 2510 738 2576 διαλέλοιπας
775 2516 871 2585 τὴν
917 2516 1091 2585 Πατρὶ
1134 2516 1211 2585 τῷ
1242 2516 1512 2585 φιλόπαιδι
1566 2519 1882 2589 πρέπουσαν

304 2602 382 2662 είς
413 2602 560 2671 ἡμᾶς
586 2604 903 2669 ἀποσώζων,
940 2607 1034 2659 καὶ
1069 2607 1254 2675 φειδῶ,
1288 2609 1381 2660 καὶ
1407 2609 1645 2679 ἀγάπην.
1695 2610 1880 2663 Ῥύσαι

302 2692 485 2745 τοίνυν
518 2695 697 2764 ἡμᾶς’
735 2697 1006 2768 ἐπεκλήθη
1052 2698 1158 2769 γὰρ
1193 2701 1324 2769 ἡμῖν
1361 2700 1422 2753 τὸ
1455 2699 1621 2769 ὄνομα
1656 2701 1716 2754 τὸ
1749 2701 1837 2753 σόν
1865 2719 1877 2732 ·

303 2786 505 2857 κλῆρος
540 2788 649 2859 γάρ
696 2807 809 2853 σου,
864 2793 959 2844 καὶ
1006 2791 1131 2855 λαὸς
1178 2795 1607 2865 χρηματίζομεν.
1659 2795 1879 2866 Ἐπειδὴ

301 2877 356 2929 δὲ
390 2878 478 2931 διὰ
516 2880 713 2951 πολλὴν
742 2881 1042 2947 ἀπείθειαν,
1078 2883 1172 2935 καὶ
1217 2886 1507 2951 σκαιότητα
1537 2886 1752 2957 τρόπων
1778 2890 1878 2959 ἐμ-

306 2969 717 3037 παροινίσαντες
762 2971 839 3041 τῷ
899 2974 1117 3043 Χριστῷ
1165 2975 1554 3028 ἐκπεπτώκασι
1600 2976 1701 3046 τῆς
1744 2979 1881 3047 πρὸς

305 3059 466 3112 αὑτὸν
494 3062 842 3132 οἰκειότητος,
877 3067 1249 3136 πνευματικῆς
1267 3066 1526 3136 δηλονότι,
1564 3067 1657 3120 καὶ
1686 3067 1883 3137 ἀμέτο-

1986 1958 2315 2027 indulgentia
2404 1960 2571 2014 etiam
2626 1960 2873 2015 carnales
2929 1972 3112 2031 patres
3167 1975 3403 2033 superet.
3456 1965 3552 2020 Est

1983 2052 2124 2104 enim
2160 2050 2321 2105 Pater
2349 2061 2585 2121 patrum.
2635 2052 2757 2107 Nati
2785 2055 2998 2123 quidem
3039 2070 3246 2121 sumus,
3280 2058 3549 2127 inquiunt,

1982 2157 2047 2197 ex
2079 2142 2223 2196 illis:
2255 2149 2312 2196 at
2350 2158 2454 2195 non
2487 2144 2736 2197 viderunt
2765 2160 2883 2200 nos.
2913 2145 2991 2200 Tu
3026 2156 3203 2203 autem
3242 2165 3346 2203 non
3380 2150 3549 2204 inter-

1983 2233 2177 2286 misisti
2218 2234 2643 2288 miscricordiam
2683 2247 2738 2291 et
2770 2252 3008 2292 amorem
3061 2241 3110 2294 in
3156 2256 3251 2295 nos
3300 2253 3453 2311 patre
3494 2251 3549 2296 et

1983 2324 2275 2379 liberorum
2307 2335 2523 2381 amante
2545 2325 2766 2396 dignum
2797 2330 3047 2385 retinere.
3075 2331 3211 2385 Erue
3239 2334 3397 2401 igitur
3428 2349 3523 2387 nos

1982 2414 2210 2469 Nomine
2238 2416 2381 2469 enim
2421 2426 2513 2469 tuo
2542 2418 2717 2471 vocati
2758 2434 2970 2485 sumus,
2998 2436 3062 2475 ac
3100 2438 3221 2475 sors
3252 2434 3339 2476 tua
3368 2433 3421 2477 et
3454 2438 3550 2491 po-

1983 2507 2137 2578 pulus
2169 2517 2293 2561 tuus
2326 2524 2723 2579 nuncupamur.
2754 2511 2826 2565 At
2863 2512 3118 2581 quoniam
3151 2524 3367 2583 propter
3411 2515 3550 2567 mul-

1984 2610 2092 2654 tam
2115 2601 2532 2655 inobedientiam
2552 2613 2605 2657 et
2626 2605 2900 2658 sinistram
2926 2605 3183 2659 malitiam
3208 2606 3259 2659 in
3273 2606 3545 2659 Christum

1981 2694 2229 2748 bacchati
2270 2704 2430 2759 sunt,
2472 2697 2791 2751 exciderunt
2839 2699 3215 2769 conjunctione
3254 2715 3373 2768 qua:
3423 2715 3551 2754 cum

1981 2786 2096 2854 ipso
2129 2796 2233 2847 est,
2264 2788 2531 2855 spirituali
2579 2789 2849 2857 videlicet,
2887 2800 2943 2845 et
2978 2791 3095 2861 ejus
3141 2792 3404 2845 donorum
3451 2806 3549 2844 ex-

1978 2887 2158 2948 pertes
2192 2878 2429 2947 fuerunt,
2470 2882 2722 2951 viamque
2756 2883 3082 2952 evangelica!
3116 2884 3547 2938 conversationis

1980 2970 2123 3024 haud
2170 2984 2451 3027 noverunt.
2502 2972 2637 3028 Hinc
2675 2975 3025 3030 meritissimo
3075 2974 3262 3029 ﬂentes
3303 2976 3485 3029 dicunt
3523 2994 3538 3031 :

1979 3059 2159 3127 Quare
2191 3063 2450 3117 seduxisti
2490 3080 2609 3128 nos,
2636 3065 2879 3132 Domine,
2913 3081 2942 3120 a
2972 3068 3058 3119 via
3103 3066 3226 3119 tua?
3265 3066 3549 3122 obdurasti

302 3168 387 3221 χοι
426 3152 679 3220 γεγόνασι
728 3154 837 3207 τῶν
885 3157 1015 3228 παρ’
1048 3158 1209 3211 αὐτοῦ
1237 3161 1607 3228 χαρισμάτων,
1641 3162 1733 3213 καὶ
1780 3161 1879 3231 τῆς

1982 3152 2146 3207 corda
2193 3162 2395 3219 nostra,
2433 3171 2498 3209 ne
2542 3156 2857 3212 timeremus
2902 3159 2990 3213 te?
3018 3157 3365 3213 Obdurarunt
3402 3159 3545 3213 enim

302 3243 663 3313 εὐαγγελικῆς
696 3246 969 3311 πολιτείας
998 3250 1096 3302 οὐκ
1147 3249 1390 3317 ἔγνωσαν
1419 3250 1518 3321 τὴν
1552 3252 1690 3304 ὁδόν·
1739 3254 1874 3307 ταύ-

301 3350 473 3404 τῃτοι,
497 3336 589 3389 καὶ
641 3338 781 3405 μάλα
806 3339 1057 3401 εἰκότως,
1095 3338 1417 3409 θρηνοῦντες
1462 3344 1642 3408 φασίν·
1675 3343 1791 3396 Ἵνα
1822 3345 1877 3397 τί

302 3427 611 3500 ὲπλάνησας
642 3430 749 3483 ἀπὸ
782 3432 880 3501 τῆς
917 3430 1035 3483 ὁδοῦ
1068 3448 1183 3495 σου,
1215 3432 1551 3503 ἐσκλήρυνας
1595 3435 1752 3505 ἡμῶν
1779 3437 1877 3507 τὴν

300 3523 551 3593 καρδίαν,
579 3520 673 3574 τοῦ
717 3522 792 3594 μὴ
818 3522 1095 3590 φοϐεῖσθαί
1131 3539 1190 3575 σε
1210 3539 1223 3587 ;
1245 3524 1608 3595 Ἐσκλήρυναν
1644 3526 1743 3595 μὲν
1771 3527 1880 3600 γὰρ

303 3613 455 3666 αὐτοὶ
502 3613 601 3674 τὰς
646 3613 857 3665 ἑαυτῶν
908 3610 1152 3679 καρδίας.
1195 3612 1422 3682 Είρηται
1454 3613 1584 3681 γοῦν
1617 3615 1752 3685 πρὸς
1780 3616 1877 3668 ab-

299 3707 424 3766 τοὺς
448 3703 535 3755 διὰ
563 3704 664 3768 τῆς
691 3702 784 3755 τοῦ
824 3703 1101 3773 προφήτου
1137 3702 1340 3770 φωνῆς·
1377 3722 1394 3752 t
1420 3704 1757 3775 Διαρῤήξατε
1779 3706 1875 3769 τὰς

302 3793 526 3862 καρδίας
541 3791 714 3861 ὑμῶν,
737 3790 923 3861 καὶμὴ
951 3791 1018 3843 τὰ
1054 3791 1438 3861 ίμάτιαὺμῶν.
1470 3811 1487 3844 ι
1528 3793 1671 3864 Πλὴν
1702 3812 1874 3848 κατα-

301 3884 571 3950 μαλθὰξαι
617 3883 914 3951 δυνάμενος
956 3882 986 3934 ὁ
1016 3882 1125 3935 τῶν
1160 3882 1296 3936 ὅλων
1346 3883 1496 3949 Θεὸς,
1550 3885 1733 3957 ἀπηνῆ
1783 3887 1876 3939 καὶ

297 3977 599 4045 ἄθραυστον
659 3974 803 4044 ἔχειν
865 3973 1060 4038 αὐτοὺς
1113 3972 1506 4045 συγκεχώρηκε
1562 3975 1706 4029 νοῦν.
1764 3978 1875 4030 Καὶ

297 4068 501 4138 ταύτης
530 4068 690 4121 ἓνεκα
722 4066 822 4137 τῆς
854 4066 1050 4131 αἰτίας,
1082 4068 1164 4119 ὅτι
1192 4066 1265 4137 μὴ
1296 4067 1576 4137 τρυφερὰς
1598 4068 1875 4139 ἀπέφηνεν

1982 3260 2078 3299 sua
2127 3246 2362 3313 ipsorum
2411 3248 2576 3317 885
2621 3251 2804 3303 corda.
2851 3249 3035 3317 Itaque
3065 3253 3266 3305 dictqu
3310 3263 3393 3304 est
3439 3252 3551 3307 illis

1981 3351 2116 3391 voce
2158 3339 2431 3406 prophetae
2460 3358 2475 3392 :
2511 3358 2529 3389 ι
2571 3341 2894 3411 Disrumpite
2934 3345 3096 3396 cerda
3129 3352 3325 3406 vestra,
3354 3353 3409 3397 et
3439 3359 3547 3397 non

1982 3429 2302 3483 vestimenta
2339 3440 2516 3484 vestra
2534 3432 2601 3484 '7.
2638 3451 2658 3483 ›
2693 3431 2889 3487 Verum
2921 3448 3042 3487 cum
3073 3434 3315 3487 emollire
3345 3437 3547 3501 potuis-

1980 3528 2065 3572 set
2112 3521 2481 3574 universorutn
2526 3521 2699 3586 Deus,
2743 3524 2987 3592 permisit
3040 3525 3147 3577 illis
3197 3534 3254 3578 ut
3304 3536 3537 3578 mentem

1980 3610 2314 3679 praefractam
2341 3613 2600 3667 haberent
2642 3624 2695 3669 et
2716 3624 3112 3669 contumacem.
3134 3616 3249 3670 Hac
3270 3617 3333 3669 de
3356 3632 3545 3682 causa,

1981 3705 2107 3771 quia
2141 3713 2323 3757 tenera
2360 3714 2414 3759 et
2444 3706 2621 3759 mollia
2658 3707 2773 3776 ipsa
2805 3723 2909 3762 non
2943 3709 3195 3771 reddidit,
3228 3708 3342 3775 ipse
3373 3708 3544 3761 obdu-

1978 3809 2103 3849 rare
2131 3796 2349 3851 dicitur.
2385 3797 2589 3863 Quibus
2624 3809 2800 3852 autem
2835 3800 2935 3855 hoc
2974 3800 3191 3864 accidit,
3216 3800 3299 3855 his
3325 3800 3547 3855 omnino

1977 3902 2197 3942 necesse
2225 3898 2310 3944 est
2348 3890 2488 3943 aliud
2526 3890 2802 3958 obvcnire,
2840 3902 2924 3957 ut,
2972 3892 3226 3962 inquam,
3258 3892 3351 3948 Dei
3400 3902 3543 3947 metu

1977 3990 2215 4033 careant.
2255 3982 2476 4048 Spectat
2522 3996 2737 4052 quoque
2787 3985 2888 4038 hoc
2928 3985 2994 4037 ad
3047 3987 3348 4051 interitum,
3391 3996 3445 4039 et
3490 3986 3542 4037 iu

1979 4070 2301 4137 profundum
2334 4071 2529 4126 inferni
2563 4075 2774 4128 animas
2804 4076 3072 4130 deturbat.

297 4161 483 4225 αὐτὰς,
515 4160 675 4223 αὐτὸς
719 4158 1018 4230 σκληρῦναι
1061 4159 1297 4229 λέγεται,
1346 4164 1458 4224 τοῖς
1508 4162 1563 4214 δὲ
1610 4163 1766 4215 τοῦτο
1832 4164 2119 4217 πεπονθόσι
2161 4165 2312 4219 πᾶσά
2357 4183 2472 4230 πως
2514 4166 2728 4238 ἀνάγκη
2796 4170 2981 4223 καὶτὸ
3034 4171 3219 4240 ἕτερον
3266 4167 3537 4227 ἐπελθεῖν,

299 4253 439 4323 φημὶ
463 4253 526 4322 δὴ
560 4252 621 4305 τὸ
650 4251 753 4317 ἔξω
780 4252 875 4306 τοῦ
906 4251 1049 4305 θείου
1071 4252 1323 4321 γενέσθαι
1394 4253 1579 4322 φόϐου.
1612 4254 1806 4307 Βλέπει
1842 4257 1899 4309 δὲ
1966 4256 2125 4309 τοῦτο
2156 4257 2291 4328 πρὸς
2330 4257 2571 4326 ὄλεθρον,
2614 4261 2709 4312 καὶ
2742 4263 2820 4327 εἰς
2854 4261 3121 4333 πέταυρον
3152 4261 3276 4331 ᾅδου
3309 4276 3543 4312 κατακο-

302 4346 445 4416 μίζει
482 4346 673 4415 ψυχάς.

381 4436 778 4506 Ἐπίστρεψον
820 4437 917 4493 διὰ
962 4438 1104 4504 τοὺς
1148 4437 1408 4506 δούλους
1451 4456 1587 4504 σου,
1622 4441 1720 4497 διὰ
1766 4444 1871 4508 τὰς

2047 4434 2209 4489 Vens.
2266 4435 2355 4497 18,
2400 4436 2485 4489 19.
2549 4436 2857 4490 Convertere
2911 4447 3121 4504 praptcr
3179 4457 3351 4492 servos
3398 4455 3538 4509 tnos,

274 4505 497 4599 ’φυλὰς
526 4505 635 4597 τῆς
665 4505 1069 4599 κληρονομίας
1102 4546 1238 4593 σου,
1268 4532 1367 4585 ἵνα
1395 4534 1611 4601 μικρόν
1640 4552 1693 4587 τι
1728 4505 1868 4603 πληζ

291 4621 722 4691 ρονομήσωμεν
754 4622 859 4675 τοῦ
905 4621 1081 4689 ὄρους
1118 4622 1221 4677 τοῦ
1254 4623 1427 4692 ἁγίου
1460 4641 1587 4677 σουΔ
1640 4626 1868 4695 Ἐγενό-

293 4715 444 4780 μεθα
470 4713 550 4777 ὡς
570 4714 633 4765 τὸ
667 4712 767 4766 ἀπ’
788 4711 999 4781 ἀρχῆς,
1030 4713 1129 4766 ὅτε
1155 4716 1266 4767 οὐκ
1293 4710 1480 4783 ἦρξας
1513 4715 1698 4784 ἡμῶν,
1726 4716 1867 4771 οὐδὲ

298 4803 601 4871 ἐπεκλήθη
643 4803 709 4856 τὸ
744 4804 929 4871 ὄνομά
962 4818 1078 4857 σου
1113 4805 1204 4873 ἐφ’
1234 4805 1405 4873 ἡμᾶς.

366 4896 585 4949 Αίτοῦσι
622 4896 781 4950 πάλιν
829 4897 929 4967 τὴν
970 4898 1104 4969 πρὸς
1134 4899 1329 4961 αὐτοὺς
1377 4898 1730 4970 ἐπιστροφὴν,
1768 4899 1864 4971 τὴν

301 4987 387 5040 διά
418 5003 481 5057 γε
510 4988 651 5056 φημὶ
670 4988 1028 5059 γαληνότητα,
1052 4989 1145 5041 καὶ
1172 4988 1600 5061 φιλανθρωπίαν.
1636 4990 1867 5056 Δούλους

302 5078 358 5132 δὲ
405 5080 498 5132 καὶ
528 5078 723 5148 κλῆρον
772 5075 907 5132 εἶναι
942 5079 1126 5149 φασίν·
1171 5082 1269 5151 οὐχ
1307 5082 1382 5144 ὼς
1428 5082 1768 5153 πεπραχότες
1814 5101 1868 5136 τι

301 5172 681 5240 δουλοπρεπὲς,
715 5172 883 5240 ἤγουν
924 5175 1041 5231 ταῖς
1069 5173 1231 5225 αὐτοῦ
1263 5172 1515 5241 ζεύγλαις
1544 5175 1869 5245 ὑποσχόντες

301 5262 389 5316 τὸν
421 5263 643 5330 αὐχένα,
689 5262 802 5314 ἀλλ’
843 5260 961 5313 οὐδὲ
991 5262 1065 5323 ὡς
1108 5262 1384 5326 τελοῦντες
1419 5265 1498 5326 είς
1532 5264 1730 5335 κλῆρον
1775 5266 1867 5317 τὸν

305 5353 667 5424 ὲκνεμηθέντα
697 5352 843 5422 αὐτῷ
870 5353 1261 5422 μελετήσαντες
1288 5355 1348 5407 τὸ
1377 5356 1606 5426 εὐήνιον.
1650 5357 1866 5429 Ἐπειδὴ

303 5442 357 5495 δὲ
385 5442 530 5511 ἅπαξ
562 5445 1027 5525 κεχρηματίκασιν
1061 5446 1243 5509 αὑτοῦ,
1280 5449 1370 5500 καὶ
1404 5447 1503 5518 τὴν
1539 5446 1675 5517 πρὸς
1702 5448 1867 5501 αὑτὸν

374 5618 419 5652 ²⁷
450 5618 583 5674 Joel.
611 5637 670 5685 tt,
707 5622 791 5675 13.

376 5798 453 5869 (1)
485 5800 566 5854 ΑΙ.
610 5818 949 5872 πνευματων.

1970 4539 2181 4595 propter
2207 4529 2374 4581 tribus
2402 4530 2721 4582 haereditatis
2753 4538 2874 4593 tuae,
2904 4539 2960 4581 ut
2984 4530 3245 4583 modicum
3272 4536 3540 4595 possidea-

1970 4634 2086 4671 mus
2111 4622 2299 4671 montis
2324 4621 2491 4672 sancti
2514 4620 2613 4672 tui.
2636 4616 2791 4672 Facti
2821 4637 3000 4674 sumus
3031 4622 3163 4674 sicut
3201 4639 3233 4674 a
3258 4625 3536 4693 principio,

1970 4712 2182 4779 quando
2214 4726 2316 4764 non
2346 4712 2691 4766 dominareris
2720 4713 2907 4775 nostri,
2942 4729 3104 4783 neque
3132 4714 3427 4769 invocatum
3461 4728 3536 4771 est

1973 4817 2158 4854 nomen
2193 4810 2338 4854 tuum
2367 4818 2521 4870 super
2553 4819 2666 4855 nos.

2044 4894 2239 4947 lterum
2277 4904 2461 4963 petunt
2493 4905 2549 4948 ut
2584 4896 2768 4950 redeat
2808 4896 2873 4948 ad
2917 4911 2997 4959 se,
3032 4912 3128 4966 per
3165 4900 3535 4963 serenitatem,

1969 4987 2214 5056 inquam,
2252 4992 2306 5039 et
2348 4986 2760 5041 humanitatem.
2819 4989 3018 5043 Servos
3062 4999 3115 5042 et
3162 4991 3532 5045 ha-reditatom

1970 5094 2092 5132 esse
2125 5078 2311 5131 dicunt
2337 5092 2415 5144 se,
2442 5093 2544 5131 non
2571 5080 2721 5146 quasi
2759 5078 2963 5149 aliquid
2996 5080 3135 5148 quod
3162 5097 3349 5137 servos
3378 5085 3531 5137 decet

1970 5171 2202 5241 egerint,
2243 5180 2336 5223 aut
2368 5170 2633 5223 cervicem
2669 5171 2786 5240 ejus
2826 5171 2955 5241 jugo
3001 5182 3395 5241 supponereut.
3432 5190 3535 5228 nee

1977 5263 2117 5332 quod
2153 5262 2466 5317 haereditate
2497 5262 2582 5316 illa
2614 5263 2765 5330 potiti
2798 5271 3119 5332 praestarent
3146 5265 3539 5331 obedientiam,

1974 5356 2067 5410 sed
2106 5357 2229 5425 quia
2271 5355 2434 5410 semel
2467 5354 2583 5423 ejus
2631 5356 2758 5411 dicti
2802 5366 2957 5419 sunt,
2997 5366 3051 5410 et
3098 5359 3533 5425 conjunctionem

1932 5454 1938 5459 ’
1973 5466 2093 5505 cum
2135 5452 2250 5520 ipso
2279 5450 2344 5505 ab
2373 5450 2525 5506 initio
2560 5451 2910 5522 intimamquc
2940 5450 3395 5507 necessitudinem
3440 5451 3528 5505 ha-
