4022 6400
547 429 686 486 1595

1526 425 1586 480 S.
1625 425 1898 480 CYRILLI
1937 426 2405 482 ALEXANDRINI
2447 425 2760 481 AllClllEl’.

3663 425 3816 480 1396

544 544 795 604 buerunt,
825 549 1043 613 propter
1067 541 1168 596 hoc
1206 549 1261 596 et
1297 542 1512 610 quidem
1557 543 1726 598 solum
1776 546 1980 600 servari
2013 561 2099 614 pe-

2207 548 2508 612 οίκειότητα
2552 547 2990 615 πεπλουτήκασιν
3021 546 3079 599 ἐν
3110 546 3322 618 ἀρχαῖς,
3353 544 3442 597 διὰ
3483 543 3666 596 τοῦτο
3717 561 3818 598 και

487 682 496 701 ,
548 645 684 690 ιιιηι.
722 654 739 685 ι
781 633 1072 689 Revertere
1105 637 1270 698 enim,
1306 633 1498 701 inquit,
1535 643 1591 687 ut
1631 635 1895 690 modicum
1931 638 2104 705 possi-

544 725 770 781 deamus
838 725 1035 779 montis
1086 724 1258 779 sancti
1316 725 1413 777 tui.
1467 743 1485 776 ι
1547 725 1775 779 Montem
1831 740 2101 790 sanctum,

545 817 840 872 Ecclesiam
870 817 1055 870 dicunt
1083 829 1449 881 saepenumero
1481 831 1647 869 sacra:
1675 815 1887 869 Littera:
1913 835 1924 870 :
1953 818 2102 883 cujus

547 909 736 975 exigua
761 909 1002 976 quaedam
1027 907 1199 975 portio
1223 910 1545 961 exstiterunt
1571 907 1843 960 lsraelitae.
1873 908 1926 961 Si
1959 910 2102 962 enim

545 1000 893 1054 admisissent
941 999 1099 1053 liden't
1145 1015 1262 1067 qua:
1302 1008 1384 1053 est
1429 1000 1480 1051 in
1530 999 1810 1054 Dominum
1863 1012 2100 1053 nostrum

541 1090 724 1148 Jesum
762 1091 1058 1157 Christum,
1098 1089 1352 1144 Ecclesia:
1395 1099 1568 1144 coetus
1616 1107 1804 1158 magna
1853 1105 1916 1143 ex
1955 1102 2103 1156 parte

542 1199 610 1240 ex
647 1183 750 1237 illis
789 1193 1008 1238 coactus
1048 1184 1238 1238 fuisset
1266 1202 1277 1237 :
1310 1185 1560 1252 adjuncta
1613 1184 1739 1252 ipsis
1777 1185 1938 1237 etiam
1973 1200 2091 1248 gen-

545 1276 675 1330 tium
713 1276 1073 1330 multitudine.
1129 1275 1233 1329 Sed
1273 1276 1525 1344 quoniam
1574 1284 1789 1343 propter
1839 1275 2098 1340 insignem

543 1365 961 1420 inobedientiam
1005 1369 1332 1433 posteriores
1372 1367 1616 1437 gentibus
1671 1366 1794 1419 l'acti
1845 1375 2001 1430 sunt,
2048 1375 2102 1419 et

541 1454 753 1508 illarum
790 1457 942 1508 turba
980 1464 1060 1508 est
1107 1457 1466 1516 numerosior,
1507 1456 1558 1509 hi
1601 1466 1776 1508 autem
1817 1456 1969 1524 pauci
2003 1459 2094 1508 ad-

541 1545 756 1598 modum
780 1561 794 1597 :
814 1545 1061 1612 (servatae
1085 1556 1209 1598 sunt
1241 1547 1380 1599 enim
1412 1545 1648 1614 reliquia:
1675 1563 1687 1597 :
1713 1546 1779 1614 ’⁸)
1819 1557 2098 1614 propterea

537 1637 786 1706 exiguam
820 1639 1117 1706 portionem
1159 1637 1208 1688 in
1247 1647 1425 1692 ruonte
1455 1648 1660 1700 sancto,
1698 1637 1749 1690 id
1775 1647 1873 1700 est,
1911 1639 1961 1691 in
1997 1639 2099 1692 Ec-

538 1728 724 1793 clesia,
765 1729 1141 1796 possederunt.
1173 1727 1227 1781 Si
1261 1729 1382 1794 quis
1410 1737 1588 1779 autem
1623 1727 1763 1781 dicat
1791 1743 2096 1796 supremam

539 1815 838 1879 civitatem,
872 1817 1146 1870 caelestem
1187 1817 1503 1881 Ecclesium,
1537 1825 1844 1870 sanctorum
1872 1828 2096 1870 matrem

2214 638 2374 707 μόνον
2409 636 2684 699 αἰτοῦντες
2705 637 2766 688 τὸ
2793 635 3093 699 σώζεσθαι·
3135 654 3152 684 ι
3209 633 3574 704 Ἐπίστρεψον
3601 633 3754 702 γὰρ,
3790 652 3810 683 ι

2211 729 2395 798 φησιν,
2435 748 2452 779 ι
2493 729 2580 782 ἵνα
2608 728 2800 798 μικρόν
2851 745 2901 780 τι
2946 727 3438 797 κληρονομήσωμεν
3478 725 3582 779 τοῦ
3639 727 3814 795 ὅρους

2207 817 2301 870 τοῦ
2334 819 2508 885 ἁγίου.
2549 838 2566 869 ι
2608 820 2771 888 Ὄρος
2820 818 2915 886 μὲν
2953 813 3045 870 οὖν
3095 817 3247 884 ἆγιον
3295 817 3393 886 τὴν
3452 816 3812 886 Ἐκκλησίαν

2207 908 2530 979 πλεισταχοῦ
2575 927 2706 979 φησι
2740 910 2799 961 τὸ
2837 911 3073 979 Γράμμα
3117 909 3176 960 τὸ
3213 907 3371 978 ἱερὸν,
3413 921 3484 979 ης
3531 907 3810 975 γεγόνασι

2246 1000 2380 1069 ραχύ
2399 1018 2450 1051 τι
2484 999 2646 1069 μέρος
2673 1002 2720 1052 οἱ
2740 1000 2796 1064 ἐξ
2823 999 3037 1068 Ἰσραήλ
3055 1014 3068 1028 ·
3099 1000 3146 1050 εἰ
3167 997 3385 1066 μὲνγὰρ
3416 996 3811 1066 παρεδέξαντο

2208 1086 2303 1156 τὴν
2356 1087 2558 1150 πίστιν,
2601 1087 2697 1156 τὴν
2747 1087 2825 1149 εἰς
2867 1087 2959 1138 τὸν
3009 1085 3209 1153 Κύριον
3246 1087 3397 1155 ἡμῶν
3448 1085 3681 1151 Ἰησοῦν
3719 1087 3809 1137 τὶν

2209 1175 2462 1245 Χριστὸν,
2497 1176 2863 1244 συναγήγερτο
2882 1175 2946 1227 ἂν
2972 1176 3028 1241 ἐξ
3044 1177 3220 1228 αὑτων
3251 1178 3326 1239 εἰς
3362 1176 3500 1228 πολύ
3534 1194 3591 1227 τι
3634 1178 3808 1246 μέρυς

2208 1266 2307 1331 τῆς
2348 1265 2668 1335 Ἑκκλησίας
2715 1267 2776 1319 τὸ
2825 1269 3094 1336 σύστημα,
3125 1267 3676 1337 προσεπενεχθείσης
3711 1270 3806 1319 αὐ-

2205 1358 2318 1417 τοῖς
2371 1356 2464 1408 καὶ
2501 1357 2602 1424 τῆς
2644 1360 2751 1409 τῶν
2801 1357 2968 1410 ἐθνῶν
3006 1358 3259 1426 πληθύος.
3321 1359 3546 1428 Ἐπειδὴ
3599 1359 3667 1410 δὲ
3719 1361 3808 1411 διὰ

2209 1447 2408 1515 πολλὴν
2440 1448 2720 1503 ἀπείθειαν
2753 1449 2978 1502 κατόπιν
3013 1450 3265 1517 γεγόνασι
3309 1450 3416 1502 τῶν
3462 1450 3676 1514 ἐθνῶν,
3713 1453 3806 1503 καὶ

2207 1537 2440 1607 ἀριθμοῦ
2474 1541 2572 1610 μὲν
2605 1541 2867 1609 κρείττων
2901 1542 2933 1609 ἡ
2963 1541 3184 1594 ἐκείνων
3216 1541 3331 1593 ἐστὶ
3363 1541 3605 1610 πληθὺς,
3646 1543 3805 1594 αὐτοὶ

2204 1631 2261 1683 δὲ
2299 1631 2358 1700 δὴ
2386 1631 2576 1700 κομιδῇ
2601 1629 2821 1700 βραχεῖς
2839 1649 2852 1663 ·
2885 1631 3148 1683 σέσωσται
3178 1630 3282 1701 γὰρ
3310 1630 3368 1682 τὸ
3402 1631 3804 1700 κατάλειμμα·

2205 1723 2293 1776 διὰ
2341 1723 2498 1775 τοῦτο
2529 1723 2722 1793 μικρόν
2767 1741 2818 1776 τι
2851 1723 3356 1792 κεκληρονομήκασι
3397 1722 3573 1792 μέρος
3609 1725 3676 1774 ἐν
3729 1724 3804 1792 τῷ

2204 1815 2320 1886 ὄρει
2364 1815 2439 1884 τῷ
2470 1815 2627 1885 ἁγίῳ,
2657 1814 2921 1878 τουτέστι,
2953 1817 3018 1884 τῇ
3059 1813 3368 1884 Ἐκκλησία.
3404 1813 3465 1864 Εἰ
3513 1814 3574 1865 δέ
3616 1813 3688 1883 δή
3723 1830 3805 1876 τε

538 1913 593 1959 et
622 1907 912 1969 nutricem,
949 1907 1051 1959 dici
1083 1909 1149 1960 ab
1183 1907 1314 1976 ipsis
1343 1919 1577 1962 montem
1612 1918 1879 1971 sanctum,
1923 1909 2099 1977 ibique

2207 1907 2349 1975 λέγοι
2386 1909 2485 1974 τὴν
2518 1907 2628 1960 ἄνω
2674 1907 2848 1970 πόλιν,
2878 1907 2978 1978 τὴν
3022 1909 3080 1958 ἐν
3126 1907 3372 1976 οὐρανοῖς
3426 1907 3800 1976 Ἐκκλησίαν,

537 2010 633 2050 eos
681 1995 814 2048 velle
864 1997 1189 2051 luereditatis
1240 1999 1539 2064 portionem
1595 1998 1847 2066 consequi
1891 2015 1906 2051 :
1955 2007 2101 2051 recte

539 2087 640 2140 hoc
666 2088 826 2139 etiam
862 2089 1017 2141 modo
1045 2088 1344 2157 intelliges:
1368 2088 1558 2143 Factos
1591 2105 1709 2144 esse
1737 2091 1922 2144 dicunt
1954 2105 2013 2144 se
2044 2098 2100 2143 ut

539 2193 568 2230 a
603 2179 886 2247 principio,
911 2180 1126 2247 quando
1161 2196 1264 2234 non
1297 2181 1670 2234 dominabatur
1695 2197 1902 2244 eorum,
1930 2196 2100 2249 neque

535 2277 656 2323 erat
693 2284 883 2324 nomen
922 2270 1036 2336 ejus
1064 2285 1224 2338 super
1268 2271 1409 2338 ipsos
1442 2273 1764 2325 invocatum.
1795 2271 1889 2325 Est
1921 2281 2098 2326 autem

535 2361 691 2415 valde
736 2372 1097 2417 consentanea
1141 2362 1252 2415 haec
1285 2361 1478 2415 oratio.
1522 2363 1657 2416 Cum
1695 2365 1837 2418 enim
1869 2364 2102 2417 excidis-

534 2461 656 2506 sent
704 2453 871 2509 semel
925 2456 991 2508 ab
1029 2455 1145 2525 ejus
1190 2457 1360 2528 886
1409 2456 1779 2510 misericordia
1823 2465 1876 2509 et
1920 2465 2100 2524 prote-

535 2548 735 2610 ctione,
765 2549 817 2600 in
857 2550 1142 2615 pristinum
1171 2561 1367 2604 Statum
1403 2550 1602 2604 reversi
1631 2558 1774 2604 sunt.
1811 2548 1948 2616 Quid
1980 2558 2098 2602 tan-

540 2639 660 2690 dem
686 2638 812 2691 illud
835 2641 990 2693 erat?
1012 2641 1328 2695 Servierunt
1351 2640 1619 2711 .‘Egyptiis
1655 2642 1763 2696 luto
1792 2653 1846 2697 et
1868 2643 2099 2697 lateritio

536 2739 722 2795 opere,
760 2729 949 2795 hisque
987 2729 1074 2782 diu
1113 2729 1386 2785 laboribus
1419 2733 1710 2786 excruciati
1754 2743 1899 2786 sunt.
1947 2732 2099 2788 Nunc

533 2831 714 2873 autem
765 2823 987 2889 pedibus
1028 2822 1307 2877 diabolicis
1348 2825 1770 2885 succubuerunt,
1817 2836 1870 2878 et
1917 2825 2098 2880 carnis

537 2911 818 2968 affectibus
861 2914 1154 2982 mundique
1212 2914 1596 2982 cupiditatibus
1643 2916 1900 2969 cumulati
1951 2927 2095 2970 sunt.

536 3001 660 3056 Haec
701 3003 846 3056 enim
894 3003 1123 3057 lateritia
1152 3018 1314 3072 opera
1347 3005 1590 3073 quaedam
1623 3006 1834 3058 occulta
1873 3007 2095 3076 intelligi

533 3099 780 3160 possunt.
823 3089 1138 3144 Servierunt
1191 3093 1242 3145 in
1286 3091 1522 3163 Egypto
1570 3095 1848 3162 spiritibus
1893 3095 2093 3151 malis:

537 3193 678 3232 nunc
705 3180 756 3232 in
783 3179 914 3246 ipsis
942 3190 1026 3235 est
1051 3181 1272 3250 spiritus
1297 3183 1624 3238 immundus.
1657 3185 1816 3254 quue
1843 3189 2098 3242 Servator

536 3269 652 3338 ipse
683 3285 780 3324 nos
815 3271 1015 3333 docuit,
1050 3273 1114 3325 de
1148 3273 1252 3327 illis
1282 3273 1506 3342 loquens
1536 3296 1548 3328 :
1575 3296 1592 3325 ‹
1631 3274 1762 3328 Cum
1793 3276 2100 3332 immundus

535 3360 756 3430 spiritus
787 3364 980 3416 exierit
1012 3379 1074 3417 ex
1112 3365 1350 3428 homine,
1380 3367 1616 3419 ambulat
1648 3382 1744 3430 per
1776 3368 1890 3422 loca
1925 3370 2096 3433 arida,

536 3465 785 3520 quaerens
823 3453 1141 3520 requietem,
1177 3469 1274 3508 nec
1307 3455 1530 3509 invenit.
1579 3456 1730 3510 Tunc
1762 3458 1837 3510 ait
1867 3477 1879 3511 :
1914 3459 1967 3512 ln
1999 3460 2095 3512 do-

537 3558 680 3596 mum
731 3558 902 3596 meam
949 3552 1208 3610 revertar,
1244 3547 1385 3600 umle
1414 3560 1664 3615 egressus
1698 3563 1839 3606 sum.
1883 3551 1946 3605 Et
1975 3569 2094 3606 cum

531 3635 716 3702 venit,
772 3635 978 3690 invenit
1035 3651 1153 3690 eam
1204 3653 1430 3692 vacuam
1482 3649 1535 3692 et
1586 3652 1886 3711 purgatam.
1946 3645 2097 3700 Tunc

534 3726 783 3792 assumit,
813 3727 1006 3796 inquit,
1045 3727 1178 3781 alios
1210 3739 1414 3797 septem
1448 3731 1668 3798 spiritus
1703 3733 1991 3802 nequiores
2014 3751 2094 3801 se,

533 3827 590 3870 et
613 3819 1009 3886 ingrediuntur,
1042 3835 1105 3873 ac
1137 3819 1206 3872 ibi
1241 3821 1504 3883 habitant,
1537 3823 1778 3891 ﬁuntque
1805 3828 2094 3880 novissima

539 3910 773 3963 hominis
805 3910 948 3964 illius
987 3910 1167 3979 pejora
1213 3913 1504 3976 prioribus.
1553 3913 1644 3969 Sic
1676 3917 1798 3982 erit,
1841 3935 1864 3970 ι
1902 3919 2096 3987 inquit,

542 4013 560 4046 ι
599 3999 929 4062 generationi
962 3999 1086 4051 huic
1120 3998 1270 4051 malae
1292 3999 1355 4052 ".
1391 4017 1410 4050 ι

2201 1998 2298 2068 τὴν
2327 1999 2433 2050 τῶν
2460 1999 2628 2067 ἁγίων
2659 1999 2869 2070 μητέρα
2922 1999 3018 2051 καὶ
3046 1999 3264 2069 τροφὸν,
3307 1998 3430 2066 ὅρος
3464 1999 3639 2066 ἅγιον
3686 2001 3803 2051 ὀνο-

2205 2089 2470 2158 μάζεσθαι
2501 2091 2628 2159 παρ’
2654 2088 2856 2152 αὐτῶν,
2884 2091 2977 2142 καὶ
3002 2090 3058 2139 ἐν
3080 2088 3227 2157 αύτῷ
3257 2088 3552 2157 βούλεσθαι
3583 2089 3800 2159 κλήρου

2205 2182 2367 2250 μέρος
2393 2181 2595 2250 λαχεῖν,
2631 2180 2806 2251 ὀρθῶς
2837 2181 3106 2251 συνήσεις,
3140 2181 3233 2232 καὶ
3263 2179 3404 2232 κατὰ
3449 2180 3662 2233 τοῦτον
3709 2183 3802 2233 τὸν

2199 2272 2399 2342 τρόπον
2425 2289 2438 2302 ·
2471 2273 2719 2339 γενέσθαι
2755 2273 2810 2325 δέ
2859 2290 2991 2343 φησι
3024 2271 3084 2324 τὸ
3120 2272 3194 2333 ὡς
3235 2272 3516 2341 ἀπαρχῆς,
3551 2273 3653 2325 ὅτε
3702 2275 3800 2325 οὐκ

2200 2357 2367 2430 ἦρχεν
2395 2361 2592 2424 αὐτῶν,
2617 2361 2736 2413 οὕτε
2773 2363 2878 2431 μὴν
2909 2360 3179 2430 ἐπεκλήθη
3209 2361 3267 2412 τὸ
3297 2360 3470 2429 ὄνομα
3497 2362 3683 2413 αὐτοῦ
3715 2363 3800 2414 ἐπ’

2200 2450 2394 2512 αὐτούς
2418 2467 2430 2479 ·
2464 2449 2574 2519 ἔχει
2611 2450 2666 2502 δὲ
2697 2450 2829 2502 πολὺ
2861 2451 2922 2502 τὸ
2950 2450 3094 2513 εἰκὸς
3137 2453 3163 2502 ὁ
3195 2449 3348 2516 λόγος
3372 2467 3384 2478 ·
3414 2452 3798 2503 ἐκπεπτωκό-

2199 2559 2291 2604 τες
2319 2541 2426 2612 γὰρ
2467 2541 2614 2605 ἆπαξ
2639 2541 2740 2610 τῆς
2772 2543 2900 2612 παρ’
2931 2541 3092 2594 αὑτοῦ
3140 2541 3370 2609 φειδοῦς,
3423 2542 3526 2594 καὶ
3574 2542 3801 2612 σκέπης

2201 2634 2570 2702 ὑπενόστησαν
2593 2635 2671 2696 εἰς
2691 2633 2752 2686 τὸ
2777 2636 2832 2686 ἐν
2857 2635 3068 2704 ἀρχαῖς.
3094 2635 3202 2686 Καὶ
3231 2637 3355 2686 ποῖα
3379 2633 3564 2688 ταῦτά
3597 2637 3762 2687 ἐστιν
3783 2654 3795 2698 ;

2212 2726 2518 2778 Ἐδούλευον
2555 2725 2868 2792 Αἰγυπτίοις
2898 2726 3052 2796 πηλῷ
3087 2726 3179 2778 καὶ
3226 2724 3498 2794 πλινθείᾳ,
3544 2726 3654 2777 καὶ
3688 2729 3801 2788 τοῖς

2200 2817 2278 2877 εξς
2313 2815 2469 2867 τοῦτο
2516 2815 2782 2884 καμάτοις
2832 2815 3270 2884 καταικιζὸμενοι
3313 2814 3596 2868 διετέλουν
3625 2833 3642 2846 ·
3700 2834 3801 2868 πε-

2201 2907 2448 2960 πτώκασι
2477 2906 2532 2958 δέ
2564 2908 2658 2959 καὶ
2695 2905 2787 2958 νῦν
2823 2906 2926 2959 ὑπὸ
2955 2905 3120 2968 πόδας
3151 2906 3518 2971 διαϐολικοὺς,
3554 2908 3666 2959 καὶ
3685 2911 3800 2968 tsi;

2199 2997 2295 3064 τῆς
2329 2995 2528 3065 σαρκὸς
2559 2994 2754 3047 πάθεσι
2814 2996 2906 3047 καὶ
2945 2998 3236 3065 κοσμικαῖς
3266 2995 3595 3062 ἐπιθυμίαις
3633 3014 3801 3050 κατα-

2202 3089 2523 3158 μιαίνονται·
2568 3087 2813 3139 πλινθεία
2847 3088 2953 3157 γὰρ
2985 3086 3124 3156 αὕτη
3162 3090 3331 3140 νοοῖτο
3379 3085 3445 3138 ἂν
3483 3089 3736 3152 εἰκότως
3768 3094 3796 3159 ἡ

2202 3181 2928 3253 κεκρυμμένη..Ὲλάτρευον
2971 3183 3028 3233 ἐν
3067 3179 3323 3249 Αἰγύπτῳ
3364 3181 3663 3250 πνεύμασι
3709 3200 3799 3234 ποο

2203 3279 2406 3346 νηροῖς,
2453 3277 2545 3328 καὶ
2571 3276 2663 3329 νῦν
2701 3276 2757 3326 ἐν
2803 3274 2983 3335 αὐτοῖς
3018 3277 3132 3326 ἐστι
3165 3275 3382 3343 πνεῦμα
3425 3274 3491 3325 τὸ
3543 3277 3800 3345 ἀκάθαρ-

2202 3383 2314 3419 τον.
2363 3367 2471 3419 Καὶ
2506 3367 2662 3420 τοῦτο
2708 3369 2872 3430 αὐτὸς
2911 3369 3059 3438 ἡμᾶς
3086 3370 3114 3420 ὁ
3147 3368 3334 3436 Σωτὴρ
3364 3365 3584 3429 ἐδίδαξε
3619 3367 3801 3434 λέγων

2202 3459 2330 3528 περὶ
2362 3459 2558 3523 αὐτῶν,
2593 3479 2611 3510 ι
2645 3461 2808 3512 Ὅταν
2834 3459 2890 3512 δὲ
2917 3460 2979 3511 τὸ
3011 3457 3314 3528 ἀκάθαρτον
3339 3455 3568 3526 πνεῦμα
3601 3459 3800 3527 ἐξέλθῃ

2203 3551 2309 3604 ἀπὸ
2359 3551 2450 3603 τοῦ
2499 3551 2808 3622 ἀνθρώπου,
2866 3549 3154 3620 πορεύεται
3196 3549 3261 3601 δι’
3313 3547 3565 3617 ἀνύδρων
3612 3550 3800 3602 τόπων

2204 3643 2395 3712 ζητοῦν
2443 3644 2766 3707 ἀνάπαυσιν,
2820 3644 2912 3696 καὶ
2957 3643 3054 3712 οὐχ
3082 3642 3341 3712 εὑρίσκει.
3400 3639 3545 3691 Τότε
3601 3640 3798 3707 λέγει·

2196 3737 2288 3797 Εἰς
2338 3736 2428 3788 τὸν
2479 3730 2628 3788 οἶκόν
2682 3751 2781 3805 μου
2835 3734 3174 3804 ἐπιστρέψω,
3217 3731 3336 3784 ὅθεν
3385 3729 3654 3798 ἐξῆλθον.
3691 3733 3803 3784 Καὶ

2195 3826 2347 3880 ἐλθὸν
2381 3827 2623 3897 εὑρίσκει
2661 3827 3008 3897 σχολάζοντα,
3045 3825 3138 3878 καὶ
3191 3822 3580 3892 σεσαρωμένον
3609 3841 3624 3853 ·
3679 3825 3800 3875 τότε

2197 3919 2632 3988 παραλαμϐάνει,
2673 3919 2857 3988 φησὶν,
2889 3919 3051 3989 ἕτερα
3096 3915 3234 3969 ἐπτὰ
3273 3914 3567 3982 πνεύματα
3626 3933 3803 3981 πον-ιιι

2201 4011 2392 4080 ρότερα
2445 4009 2659 4072 ἐαυτοῦ,
2717 4011 2808 4063 καὶ¹
2860 4009 3166 4062 εἰσελθόντα
3214 4009 3457 4059 κατοικεῖ
3511 4009 3668 4070 ἐκεῖ,
3709 4009 3804 4061 καί

536 4087 742 4155 γίνεται
781 4088 850 4140 τὰ
903 4088 1102 4158 ἔσχατα
1149 4088 1241 4142 τοῦ
1289 4088 1573 4160 ἀνθρώπου
1609 4092 1838 4157 ἐκείνου,
1881 4096 2096 4167 χείρονα
2133 4100 2239 4153 τῶν
2304 4101 2758 4172 πριῖ›των.οὖτως
2825 4100 2998 4164 ἔσται,
3043 4120 3062 4153 ι
3097 4100 3248 4171 φησὶ,
3273 4119 3292 4150 ‹
3323 4101 3388 4169 τῇ
3422 4101 3600 4170 γενεᾷ
3621 4101 3805 4172 ’ταύτῗΙ

646 4195 877 4248 πονηρᾳ.
921 4197 939 4230 ι

534 4181 602 4250 τῇ
646 4181 877 4250 πονηρᾷ.
921 4197 939 4230 ο

607 4271 737 4325 CAP.
769 4267 946 4322 LXIV.
976 4268 1139 4325 Vens.
1163 4269 1272 4324 1—3.
1301 4270 1358 4324 Si
1390 4275 1655 4338 aperueris
1683 4274 1886 4339 malum,
1911 4285 2102 4331 tremor

537 4364 883 4434 apprehemlet
929 4379 993 4416 ex
1038 4373 1086 4415 te
1126 4372 1348 4428 montes,
1390 4375 1436 4417 et
1484 4365 1779 4428 liquesceul,
1824 4379 1876 4420 ut
1924 4385 2042 4422 cera
2069 4388 2101 4423 a

539 4460 674 4529 facie
707 4457 838 4525 ignis
865 4456 1062 4523 liqueﬁt
1088 4470 1106 4508 :
1155 4466 1202 4508 et
1231 4457 1492 4509 comburet
1522 4459 1654 4524 ignis
1679 4461 2027 4525 adversarios,
2053 4473 2100 4514 et

538 4551 744 4604 illustre
781 4551 876 4602 erit
922 4565 1106 4601 nomen
1147 4557 1290 4599 tuum
1322 4548 1374 4598 in
1409 4549 1741 4602 adversariis.
1784 4551 1821 4603 Α
1847 4552 1981 4616 facie
2007 4564 2098 4606 tua

2286 4277 2418 4328 Ἐὰν
2455 4276 2707 4344 ἀνοίξῃς
2742 4275 2851 4329 τὸν
2900 4275 3190 4344 οὐρανὸν,
3243 4278 3458 4345 τρόμος
3515 4281 3802 4352 ,λήψεται

2202 4369 2320 4422 ἀπὸ
2375 4368 2490 4421 σοῦ
2542 4369 2668 4434 ὄρη,
2717 4367 2814 4420 καὶ
2860 4366 3246 4433 Iamiam-tat,
3297 4370 3378 4435 ὡς
3421 4373 3624 4439 κηρὸς
3677 4379 3803 4430 ἀπε.

2204 4457 2528 4525 προσώπου
2558 4457 2746 4526 πυρὸς
2791 4457 3049 4526 τήκεται·
3101 4458 3197 4512 καὶ
3239 4463 3621 4516 κατακαύσει
3675 4468 3805 4534 πῦρ

2204 4546 2344 4611 τοὺς
2377 4547 2794 4610 ὑπεναντίους,
2840 4546 2937 4600 καὶ
2983 4547 3245 4614 φανερόν
3276 4548 3444 4602 ἔσται
3491 4553 3556 4603 τὸ
3600 4554 3806 4623 ὄνομα

538 4654 712 4712 gentes
758 4640 1127 4693 turbabuntur.
1169 4637 1301 4692 Cum
1350 4638 1529 4707 feceris
1578 4641 1809 4708 gloriosa
1853 4682 1868 4707 ,
1909 4654 2099 4697 tremor

2207 4638 2424 4705 Κυρίου
2451 4638 2520 4688 ἐν
2548 4637 2667 4702 τοῖς
2695 4639 3092 4704 ὑπεναντίοις.
3141 4639 3282 4692 Ἀπὸ
3303 4640 3644 4706 προσώπου
3678 4662 3807 4700 σου

539 4734 883 4803 apprehendat
913 4747 976 4784 ea:
1001 4742 1048 4784 te
1076 4740 1293 4783 montes.

611 4909 666 4964 In
701 4923 850 4961 more
880 4915 964 4961 est
993 4906 1199 4959 sanctis
1233 4905 1506 4972 prophetis
1533 4905 1758 4960 fundere
1791 4923 1976 4976 preces
2004 4923 2102 4976 pro

541 4999 758 5062 lsraele,
793 4998 1140 5066 delinquente
1172 4996 1480 5063 aliquoties,
1513 5010 1565 5050 et
1609 4999 1872 5052 scelerum
1915 5013 2105 5067 poenas

542 5094 742 5148 luituro
777 5110 786 5142 :
818 5098 874 5143 et
906 5097 1084 5143 amota
1111 5089 1211 5151 ira,
1240 5088 1290 5140 in
1326 5087 1457 5142 alios
1479 5103 1596 5141 eam
1625 5090 1795 5142 emitti
1824 5090 2102 5158 rogabant,

539 5198 593 5242 et
638 5187 691 5238 in
725 5181 1150 5250 alienigenarum
1197 5179 1373 5247 capita
1407 5181 1668 5234 converti.
1714 5180 1990 5248 Siquidem
2023 5184 2103 5236 di-

540 5278 698 5331 vinus
726 5273 1027 5328 Modulator
1055 5271 1448 5340 septuagesimo
1487 5284 1679 5325 octavo
1727 5275 1953 5340 psalmo,
2002 5289 2098 5326 va-

540 5379 735 5424 statam
770 5363 1065 5419 Jerusalem
1099 5362 1320 5430 deﬂens,
1353 5364 1527 5432 inquit
1559 5381 1572 5415 :
1610 5381 1628 5414 ι
1658 5364 1819 5428 Dens,
1849 5376 2111 5421 venerunt

541 5469 728 5528 gentes
774 5457 826 5508 in
861 5454 1226 5512 haereditatem
1273 5464 1450 5519 tuam,
1499 5454 1804 5523 polluerunt
1851 5458 2105 5526 templum

543 5557 788 5602 sanctum
826 5556 972 5600 tuum
1003 5545 1070 5598 ³⁸⁵.
1105 5562 1123 5596 ι
1171 5544 1411 5614 Aliisque
1459 5545 1775 5613 iuterjectis,
1811 5547 1925 5601 ait:
1960 5567 1979 5600 ι
2013 5549 2106 5602 El-

542 5638 708 5694 l‘uude
742 5640 874 5692 iram
903 5647 1046 5693 tuam
1099 5638 1151 5690 in
1200 5645 1387 5706 gentes
1419 5652 1535 5706 quae
1573 5649 1623 5692 te
1666 5653 1770 5692 non
1820 5652 2103 5706 noverun’,

616 5823 660 5856 “
699 5821 854 5880 Rom.
888 5837 960 5888 lx,
987 5821 1074 5874 ‘27.
1152 5825 1192 5853 "‘
1231 5821 1414 5876 Matth.
1455 5839 1545 5885 Ml,
1575 5823 1756 5877 43-45.

2207 4729 2350 4794 ἔθνη
2400 4727 2900 4796 ταραχθήσονται,
2934 4728 3078 4781 ὅταν
3123 4727 3384 4795 ποιήσῃς
3417 4727 3491 4781 τὰ
3535 4731 3805 4797 ἔνδοξα.

2214 4820 2432 4886 Τρόμος
2463 4816 2724 4885 λήψεται
2767 4816 2884 4870 ἀπὸ
2918 4817 3033 4871 σοῦ
3064 4817 3190 4885 ὅρη.

2282 4911 2440 4972 Ἐθος
2473 4913 2584 4972 τοῖς
2614 4909 2788 4977 ἁγίοις
2809 4911 3111 4981 προφήταις
3133 4911 3229 4971 τὰς
3255 4909 3392 4981 ὑπὲρ
3420 4910 3515 4963 τοῦ
3560 4912 3807 4985 Ἰσραὴλ

2201 5000 2465 5054 ποιεῖσθαι
2513 5000 2686 5063 λιτὰς,
2727 4999 3170 5068 πλημμελοῦντος
3221 4999 3329 5050 ἐσθ’
3380 5001 3489 5063 ὅτε,
3529 5002 3634 5053 καὶ
3678 5006 3810 5056 εἰσ-

2201 5093 2532 5164 πράττεσθαι
2587 5090 2866 5161 μέλλοντος
2913 5090 3022 5143 τῶν
3074 5091 3405 5160 αἱτιαμάτων
3443 5091 3544 5154 τὰς
3602 5094 3805 5162 δίκας,

2201 5183 2698 5252 ἀποσκευαζόμενοι
2724 5183 2781 5236 δέ
2807 5183 2994 5252 ὥσπερ
3027 5183 3094 5237 τὰ
3125 5181 3184 5246 ἐξ
3221 5183 3407 5253 ὀργῆς,
3441 5185 3520 5245 εἰς
3554 5185 3810 5256 ἐτέρους

2204 5277 2372 5344 αὐτὴν
2421 5276 2732 5345 πέμπεσθαι
2766 5275 3127 5346 παρεκάλουν,
3172 5275 3264 5327 καὶ
3292 5275 3371 5336 εἰς
3401 5273 3501 5337 τὰς
3539 5276 3661 5332 τῶν
3695 5280 3811 5334 ἀλ-

2205 5367 2446 5435 λοφύλων
2477 5368 2769 5438 τρέπεσθαι
2811 5367 3072 5435 κεφαλάς.
3117 5369 3224 5420 Καὶ
3255 5367 3384 5434 γοῦν
3423 5369 3452 5420 ό
3491 5368 3810 5438 θεσπέσιος

2206 5459 2488 5528 Μελῳδὺς,
2541 5461 2598 5513 ἐν
2637 5459 3017 5530 ἑϐδομηκοστῷ
3061 5460 3154 5512 καὶ
3194 5458 3361 5527 ὀγδόῳ
3406 5458 3642 5530 ψαλμῷ,
3689 5481 3811 5517 πε-

2208 5551 2556 5621 πορθημένην
2608 5552 2825 5621 ἐθρήνει
2873 5551 2973 5620 τὴν
3032 5549 3401 5621 Ἰερουσαλὴμ,
3436 5549 3531 5602 καί
3578 5550 3650 5622 δὴ
3701 5558 3814 5609 καὶ

2205 5643 2439 5710 ἔφασκεν
2467 5659 2478 5672 ·
2519 5660 2538 5693 ι
2573 5643 2630 5695 '0
2661 5642 2810 5708 Θεὸς,
2846 5641 3166 5714 εἰσήλθοσαν
3197 5642 3323 5711 ἔθνη
3347 5641 3425 5703 εἰς
3452 5640 3550 5711 τὴν
3584 5642 3812 5715 κληρο.

1836 5824 1877 5854 ³⁰
1916 5823 2053 5879 Psal.
2085 5838 2307 5886 uxvttt,
2359 5824 2404 5876 l.
