4022 6400
337 362 476 420 1397

1465 357 1527 411 ΙΝ
1571 357 1800 411 ΙΞΑΙᾹΜ
1842 356 1964 410 ιω.
2013 357 2073 412 V.
2115 356 2352 412 TOMUS
2393 355 2452 414 V.

3432 363 3568 420 1598

334 478 529 549 νομίαν
552 495 668 544 σου,
698 479 930 549 ἐμίαναν
950 479 1040 532 τὸν
1067 479 1191 532 ναὸν
1210 479 1300 532 τὸν
1327 478 1480 546 ἅγιόν
1509 495 1619 530 σου.
1661 497 1680 530 I
1712 478 1836 530 Ἐτε
1848 478 1914 548 ρά

2019 489 2066 533 ει
2091 481 2141 532 in
2177 494 2334 547 regna
2361 493 2479 547 quae
2507 492 2702 532 nomen
2730 487 2878 531 tuum
2909 492 3015 532 non
3048 479 3512 539 invocaverunt“.
3547 506 3566 536 ι

336 587 398 622 τε
426 569 560 640 πρὸς
581 570 788 634 τούτοις
810 570 1117 639 ἐπενεγκὼν
1131 571 1216 624 διὰ
1238 570 1402 640 μέσου
1420 569 1602 639 φησίν·
1631 588 1650 620 ι
1673 570 1899 638 Ἔκχεον

339 661 438 732 τὴν
464 663 632 734 ὀργήν
669 680 760 715 σου
793 664 885 716 ἐπὶ
913 663 981 716 τὰ
1028 663 1154 732 ἔθνη
1187 662 1255 715 τά
1307 662 1380 733 μὴ
1435 661 1770 731 γινώσκοντα
1819 678 1898 724 σε,

339 754 434 806 καὶ
471 755 562 807 ἐπὶ
605 753 902 824 βασιλείας,
950 754 1006 808 αἳ
1057 754 1116 806 τὸ
1143 753 1312 824 ὄνομά
1360 770 1451 806 σου
1497 754 1597 806 οὐκ
1645 752 1904 806 ἐπεκαλέ-

342 862 521 899 σαντο.
566 864 583 896 I
617 845 867 898 Τοιοῦτόν
911 862 963 898 τι
1007 845 1102 898 καὶ
1151 845 1244 898 νῦν
1286 847 1315 897 ό
1369 844 1653 915 προφήτης
1699 843 1862 912 φησίν
1889 860 1900 870 ·

347 955 366 987 ι
419 937 543 989 Ἐὰν
575 936 684 1007 γὰρ
715 936 931 1008 ἀνοίξῃς
964 937 1055 989 τὸν
1101 937 1347 1006 οὐρανὸν,
1387 955 1405 986 ›
1440 939 1508 1006 τῇ
1551 936 1760 1006 καθόδῳ
1807 937 1907 1004 τῆς

339 1027 508 1099 ὀργῆς
548 1029 806 1098 δηλονότι.
858 1028 1109 1099 καθάπερ
1151 1029 1340 1099 ἀμέλει
1373 1030 1468 1081 καὶ
1517 1030 1574 1080 ἐν
1617 1027 1695 1098 τῷ
1733 1026 1907 1097 καιρῷ

340 1121 434 1174 τοῦ
474 1119 888 1188 κατακλυσμοῦο
936 1119 1284 1190 ἀνεῴχθησαν
1321 1119 1430 1189 γὰρ
1471 1120 1521 1173 οἱ
1571 1119 1907 1188 καταράκται

341 1211 434 1264 τοῦ
462 1211 712 1282 οὐρανοῦ’
743 1214 865 1265 τότε
906 1210 1108 1281 τρόμος
1138 1210 1369 1280 λήψεται
1401 1211 1508 1264 ἀπὸ
1537 1209 1630 1264 σοῦ
1661 1211 1782 1280 ὅρη,
1815 1209 1910 1262 καὶ¹

341 1304 692 1373 τακήσονται,
723 1321 741 1352 ι
775 1303 850 1366 ὼς
889 1303 1058 1372 κηρὸς
1095 1303 1202 1356 ἀπὸ
1227 1301 1518 1372 προσώπου
1545 1301 1714 1372 πυρὸς
1747 1302 1910 1369 τήκε-

341 1409 488 1446 ται.»
525 1393 663 1462 Ὀρη
701 1392 758 1445 δέ
793 1409 956 1463 φησιν
987 1393 1044 1444 ἐν
1074 1391 1301 1454 τούτοις,
1332 1391 1450 1461 οὐχὶ
1478 1391 1540 1461 δή
1563 1406 1666 1442 που
1695 1390 1910 1451 πάντως

342 1485 410 1537 τά
457 1485 704 1554 αἰσθητὰ,
734 1485 990 1554 δυνάμεις
1035 1483 1091 1535 δὲ
1143 1483 1343 1554 μᾶλλον
1390 1483 1487 1546 τὰς
1541 1481 1912 1552 πονηρὰς,διὲι

345 1574 542 1644 πολλὴν
575 1575 712 1643 ἄγαν
746 1574 1066 1644 ὑπεροψίαν,
1118 1574 1268 1645 ὄρεσι
1319 1576 1431 1637 τοῖς
1468 1573 1818 1643 ὑψηλοτάτοις
1854 1569 1910 1624 εὖ

348 1667 492 1736 μάλα
521 1667 984 1737 παρεικασμένας.
1022 1666 1235 1728 Ταύτας
1261 1665 1326 1735 δὴ
1358 1661 1450 1718 οὖν
1481 1664 1580 1727 τὰς
1600 1664 1697 1733 τῆς
1726 1664 1915 1727 ἀλαζο-

343 1756 492 1819 νείας
522 1758 850 1828 συντρόφους
879 1757 1133 1827 δυνάμεις
1159 1757 1356 1828 τρόμος
1390 1755 1639 1824 λήψεται.
1678 1773 1695 1803 ι
1735 1756 1915 1806 Κατα-

341 1851 670 1919 τακήσονται
707 1848 816 1918 γὰρ
847 1849 922 1911 ὡς
957 1849 1060 1902 ὑπὸ
1093 1847 1280 1918 πυρός.
1308 1867 1325 1898 ι
1355 1845 1732 1907 ’Υπεναντίους
1753 1845 1910 1908 ὄντας

341 1942 456 2003 τοῖς
499 1943 611 2002 σοῖς
653 1940 910 2017 δηλονότι.
943 1939 1295 2006 θεσπίσμασι,
1345 1938 1514 2008 πυρὸς
1548 1935 1701 2006 δίκην
1749 1936 1912 2004 ἐμπί-

345 2049 551 2085 πτουσα
583 2033 978 2085 κατακαύσειεν
1009 2031 1073 2083 ἂν
1097 2031 1254 2100 ὀργή.
1295 2048 1312 2080 ι
1349 2029 1456 2082 Καὶ
1500 2027 1735 2099 φανερὸν
1765 2027 1919 2078 ἐσται

341 2122 404 2175 τὸ
447 2123 617 2191 ὄνομα
661 2123 866 2194 Κυρίου
915 2125 972 2176 ἐν
1012 2124 1124 2184 τοῖς
1157 2120 1517 2182 ὑπεναντίοις.
1575 2137 1594 2170 I
1639 2119 1747 2170 Καὶ
1781 2117 1831 2169 τί
1860 2116 1922 2186 δὴ

343 2211 501 2264 τοῦτό
533 2213 646 2263 ἐστι
671 2228 686 2276 ;
716 2212 1133 2282 Θαυματουργεῖ
1165 2209 1262 2279 μὲν
1288 2209 1395 2278 γάρ
1420 2207 1734 2268 πλειστάκις
1763 2207 1790 2257 ό
1815 2205 1923 2257 τῶν

341 2303 478 2354 ὅλων
509 2302 661 2367 Θεὸς,
694 2304 791 2373 τῆς
833 2303 1058 2372 ἐνούσης
1115 2301 1396 2370 δυνάμεως
1453 2297 1600 2368 αύτῷ
1634 2299 1726 2350 κα)⁵
1757 2298 1917 2367 ὑπερ.

342 2392 476 2462 οχῆς
511 2393 572 2446 τὸ
605 2392 830 2462 μέγεθος
858 2393 1084 2464 ἐναργὲς
1113 2389 1394 2452 καθιστάς.
1422 2389 1519 2442 Διὰ
1543 2388 1732 2441 τούτου
1786 2388 1912 2440 ἐκό-

343 2483 494 2547 λαζε,
528 2487 620 2536 καὶ
660 2485 1017 2556 ἁμαρτωλοὺς
1052 2482 1165 2535 ἔσθ’
1199 2483 1308 2545 ὅτε,
1342 2481 1435 2534 καὶ
1463 2480 1552 2535 διὰ
1582 2479 1679 2548 τῆς
1709 2481 1793 2532 ἐπ’
1826 2479 1922 2533 αὒ-

342 2577 454 2639 τὸἰς
497 2577 668 2648 ὀργῆς
699 2578 900 2648 ἐναργῆ
946 2575 1209 2637 καθιστὰς
1242 2574 1466 2627 ἑαυτόνο
1513 2574 1694 2625 ὁποῖόν
1735 2589 1788 2624 τι
1829 2572 1921 2640 γέ-

345 2676 520 2736 γονεν,
558 2669 645 2722 ὅτε
676 2669 988 2739 Σοδομίταις
1021 2667 1282 2737 ἐπηφίετο
1327 2666 1459 2736 πῦρ,
1490 2667 1661 2737 ἤγουν
1703 2664 1792 2716 ὅτε
1827 2663 1921 2716 τὸν

345 2759 693 2828 ἀπόπληκτον
725 2759 920 2829 Φαραῶ
959 2758 1177 2818 πολλαῖς
1210 2757 1301 2810 καὶ
1328 2758 1618 2828 ἀφορήτοις
1674 2753 1915 2807 ὑπετίθει

2008 569 2136 622 Tale
2163 570 2416 638 quiddam
2441 570 2604 623 etiam
2634 583 2774 622 nunc
2806 570 3062 638 propheta
3089 570 3218 624 dicit
3247 591 3261 626 :
3294 591 3311 623 ι
3349 573 3405 627 Si
3429 576 3570 627 enim

2005 662 2282 730 aperueris
2324 661 2541 727 cmlum,
2587 679 2605 713 I
2643 662 2904 715 descensu
2947 662 3192 718 videlicet
3241 663 3368 730 irzc,
3414 666 3569 720 sicuti

2006 754 2255 806 nimirum
2292 763 2531 822 tempore
2569 753 2792 807 diluvii:
2835 763 3033 822 aperta:
3063 755 3204 807 enim
3233 765 3388 809 erant
3421 767 3571 810 cata-

2008 855 2170 896 racta:
2201 842 2320 896 caali
2353 861 2366 896 :
2399 855 2511 896 tum
2569 843 2790 898 invadet
2824 853 3028 901 tremor
3059 855 3267 900 montes
3293 847 3389 900 abs
3422 857 3491 913 te,
3519 858 3574 902 et

2006 935 2335 1003 liquescant,
2377 952 2396 985 ‹
2429 945 2486 989 ut
2513 951 2637 989 cera
2673 951 2700 988 a
2733 936 2870 990 facie
2894 937 3278 1008 ignisliqneﬁt.
3317 956 3335 989 ι
3370 937 3574 993 Montes

2008 1026 2094 1079 lIic
2127 1037 2280 1080 vocat
2305 1042 2408 1079 non
2440 1027 2776 1094 simpliciter,
2797 1029 2884 1096 qui
2917 1030 3282 1098 percipiuntur
3303 1030 3572 1093 sensibus,

2008 1117 2100 1172 sed
2146 1127 2432 1186 potestates
2475 1119 2660 1185 malas,
2706 1131 2924 1189 propter
2964 1121 3228 1189 insignem
3267 1120 3568 1185 elationem,

2010 1210 2276 1264 montibus
2304 1210 2468 1280 887
2505 1212 2820 1266 celsissimis
2861 1213 3063 1280 optime
3088 1210 3576 1280 comparatas.llas

2011 1301 2176 1370 igitur
2203 1303 2467 1369 superbia:
2493 1302 2738 1355 alunmas
2764 1311 3078 1371 potestates,
3107 1311 3308 1356 tremor
3338 1303 3572 1355 invadet.

2018 1414 2035 1442 ‹
2071 1393 2388 1460 Liquescent
2419 1394 2558 1446 enim
2603 1402 2857 1460 tanquam
2890 1395 2954 1446 ab
2993 1395 3132 1461 igne.
3166 1413 3183 1444 I
3211 1393 3576 1447 Adversantes

2017 1483 2120 1535 tuis
2149 1482 2356 1535 scilicet
2383 1482 2636 1545 oraculis,
2667 1483 2743 1535 ira
2779 1483 2917 1550 ignis
2953 1485 3123 1536 instar
3147 1483 3402 1537 decidens
3429 1500 3576 1537 cmu-

2016 1573 2189 1626 bnret.
2235 1592 2252 1623 ι
2306 1574 2370 1626 Et
2413 1573 2619 1627 illustre
2654 1576 2758 1627 erit
2797 1588 2991 1627 nomen
3028 1575 3238 1628 Domini
3283 1575 3334 1628 in
3385 1577 3577 1628 adver-

2016 1665 2192 1717 Sariis.
2247 1685 2264 1716 I
2319 1665 2452 1730 Quid
2490 1666 2631 1720 istud
2665 1666 2785 1720 est?
2817 1665 3070 1720 MiraCnla
3108 1668 3250 1720 enim
3289 1682 3428 1736 saape
3470 1669 3581 1720 edit

2017 1759 2392 1810 universorum
2453 1756 2624 1822 Deus,
2677 1761 2933 1825 potentia;
2979 1770 3034 1813 et
3093 1759 3418 1828 przestantize
3471 1774 3580 1812 suae

1950 1839 1988 1892 Β
2020 1845 2441 1913 magnitudinem
2494 1846 2843 1915 patefaciens.
2910 1845 3046 1900 Hinc
3094 1862 3475 1915 nonnunquam
3526 1847 3578 1901 in

2019 1946 2330 2007 peccatores
2356 1938 2824 2002 animadvertit,et
2847 1954 2942 2008 per
2969 1940 3102 1992 iram
3126 1940 3178 1992 in
3203 1939 3321 1993 illos
3344 1941 3579 2008 seipsnm

2020 2027 2292 2098 patefecit.
2328 2028 2637 2096 Cujusmodi
2669 2028 2870 2083 factum
2903 2040 3006 2093 est,
3037 2046 3156 2083 cum
3190 2031 3241 2084 in
3275 2031 3586 2086 Sodomitas

2021 2121 2238 2176 demisit
2262 2122 2457 2190 ignem,
2492 2133 2688 2176 etcum
2722 2122 3058 2176 Pharaonem
3091 2124 3364 2193 stupidum
3397 2124 3581 2178 multis

2021 2224 2074 2267 et
2112 2213 2540 2268 intolerabilibus
2571 2214 2738 2282 plagis
2763 2213 3010 2281 subjecit.
3039 2215 3243 2283 Itaque,
3273 2231 3306 2268 ο
3333 2215 3580 2279 Domine,

2023 2306 2291 2374 inquiunt,
2349 2322 2419 2360 ne
2466 2305 2698 2360 illustres
2744 2306 2970 2374 gloriam
3033 2318 3211 2374 tuam,
3260 2308 3338 2362 vel
3384 2323 3582 2362 nomen

2025 2409 2120 2461 per
2181 2394 2313 2446 iram
2372 2395 2424 2446 in
2469 2408 2565 2448 nos
2598 2412 2610 2448 :
2646 2395 2737 2448 sed
2787 2395 3026 2452 inducito
3080 2398 3257 2466 potius
3309 2397 3476 2464 illam,
3529 2409 3585 2452 et.

2027 2482 2254 2552 inﬂigito
2289 2483 2442 2537 malis
2474 2487 2850 2552 potestatibus,
2883 2499 2938 2543 et
2971 2489 3145 2558 palam
3181 2497 3286 2541 tua:
3324 2486 3586 2553 maiestati

2029 2576 2470 2643 repugnantibus,
2505 2585 2559 2629 et
2599 2591 2666 2630 ex
2703 2576 2898 2647 insigni
2947 2577 3194 2646 superbia
3231 2577 3296 2631 ad
3346 2577 3447 2630 hoc
3493 2576 3586 2627 ad-

2022 2665 2218 2720 ductis.
2269 2663 2390 2721 Eris
2436 2667 2576 2720 enim
2625 2668 2785 2722 etiam
2834 2670 2914 2723 sic
2965 2670 3307 2739 conspicuus.
3361 2665 3588 2733 Quando

2021 2755 2163 2809 enim
2208 2757 2404 2810 feceris
2449 2756 2712 2823 gloriosa,
2763 2767 2964 2811 tremor
3013 2759 3108 2812 abs
3161 2767 3212 2812 te
3254 2770 3462 2811 montes
3504 2757 3588 2811 iu-

347 2853 601 2923 πληγαῖς.
657 2851 886 2915 Οὐκοῦν,
915 2846 960 2905 ὧ
1005 2851 1273 2915 Δέσποτα,
1302 2850 1456 2920 φασὶ,
1506 2849 1580 2920 μὴ
1610 2845 1919 2918 φανερὼσῃς

2026 2845 2208 2898 vadet.
2238 2845 2443 2899 Rursus
2491 2844 2608 2900 illos
2653 2855 2864 2901 montes
2907 2848 3057 2912 dicit,
3093 2863 3227 2918 quos
3265 2850 3421 2902 modo
3451 2847 3594 2902 dixi-

345 2944 444 3015 τὴν
474 2943 699 2997 σεαυτοῦ
729 2943 883 3007 δόξαν
909 2944 1026 3013 ἦτοι
1053 2943 1114 2995 τὸ
1138 2943 1334 3012 ὄνομα,
1371 2941 1460 2994 διὰ
1489 2941 1588 3008 τῆς
1619 2938 1739 2992 καθ’
1772 2937 1929 3009 ἡμῶν
2029 2948 2168 2987 mus.

345 3035 532 3105 ὀργῆςο
561 3034 811 3102 ἐπάγαγε
840 3033 895 3086 δὲ
919 3033 1117 3104 μᾶλλον
1148 3032 1317 3102 αὐτὴν
1375 3030 1634 3099 δυνάμεσι
1657 3030 1941 3098 πονηραῖς,
1982 3027 2148 3098 ἤγουν
2176 3027 2288 3088 τοῖς
2346 3026 2646 3094 ἀναφανδὸν
2669 3029 2734 3098 τῇ
2763 3029 2828 3097 σῇ
2880 3027 3205 3098 μαχομένοις
3232 3027 3376 3098 δόξῃ,
3406 3028 3498 3080 καὶ
3525 3029 3592 3078 ἐκ

346 3129 544 3199 πολλῆς
589 3129 726 3196 ἄγαν
762 3127 1059 3198 ὑπεροψίας
1090 3125 1579 3198 παρενηνεγμένοις
1646 3123 1724 3186 εἰς
1763 3121 1938 3174 τοῦτο.
1984 3122 2119 3191 Ἔσῃ
2163 3121 2270 3190 γὰρ
2327 3121 2420 3173 καὶ
2459 3121 2628 3185 οὕτως
2667 3124 2934 3195 ἐμφανής.
2965 3126 3091 3177 Ὅτε
3122 3124 3230 3194 γὰρ
3263 3124 3492 3194 ποιήσῃς
3521 3121 3597 3174 τὰ.

347 3213 550 3285 ἔνδοξα,
606 3220 807 3291 τρόμος
855 3218 1079 3288 λήψεται
1124 3217 1231 3270 ἀπὸ
1285 3214 1377 3268 σού
1431 3215 1563 3284 ὅρη·
1612 3212 1704 3264 καὶ
1751 3211 1912 3264 πάλιν
1978 3213 2161 3264 ἐκεῖνα
2187 3211 2253 3262 τὰ
2322 3209 2422 3280 ὄρη
2453 3215 2638 3282 φησιν,
2668 3206 2742 3266 ὧν
2775 3215 3124 3286 ἐμνήσθημεν
3156 3215 3374 3286 ἀρτίως.

431 3313 573 3367 Ἀπὸ
638 3310 745 3365 τοῦ
795 3309 1008 3376 αἰῶνος
1058 3311 1167 3362 οὐκ
1231 3307 1614 3375 ἠκούσαμεν,
1667 3302 1808 3356 οὐδὲ
1869 3305 1920 3354 οὶ
1949 3311 1990 3368 c

349 3403 640 3474 ὀφθαλμοὶ
668 3397 1022 3471 ἡμῶνεῖδοι·
1081 3399 1230 3453 Θεὸν
1271 3397 1437 3464 πλὴν
1497 3395 1647 3459 σοῦ,
1706 3394 1801 3446 καὶ
1850 3394 1922 3446 τὰ

348 3500 490 3566 ἔργα
518 3513 655 3558 σου,
717 3494 756 3548 ἆ
815 3493 1088 3562 ποιήσεις
1116 3491 1239 3556 τοῖς
1277 3490 1683 3559 ὑπομένουσιν
1711 3487 1886 3540 ἔλεον
1905 3502 1916 3515 ·

349 3586 792 3651 avi-artiﬁcum
816 3586 924 3655 γὰρ
962 3584 1084 3649 τοῖς
1122 3583 1363 3636 ποιοῦσι
1405 3581 1468 3634 τὸ
1512 3579 1768 3642 δίκαιον,
1825 3578 1923 3631 καὶ

349 3679 469 3734 τῶν
497 3678 652 3732 ὁδῶν
678 3693 793 3731 σου
811 3676 1290 3746 μνησθήσονται.

433 3769 686 3841 Ἀόρατον
712 3768 807 3837 μὲν
838 3769 904 3838 τῇ
933 3767 1090 3834 φύσει
1121 3765 1182 3818 τὸ
1225 3763 1380 3817 Θεῖόν
1412 3764 1550 3815 ἐστι·
1609 3781 1628 3812 ι
1655 3761 1786 3814 Θεὸν
1815 3760 1923 3830 γὰρ

350 3863 524 3925 οὐδεὶς
568 3861 780 3932 ἑώρακε
827 3860 1044 3912 πώποτε
1068 3899 1083 3922 ,
1135 3877 1153 3908 I
1205 3856 1345 3910 κατὰ
1390 3857 1449 3908 τὸ
1493 3855 1875 3925 γεγραμμένον
1905 3869 1918 3881 ·

353 3953 636 4026 θεωρεῖταί
664 3969 727 4020 γε
789 3951 893 4022 μὴν
939 3951 1049 4012 τοῖς
1074 3951 1173 4018 τῆς
1213 3947 1446 4010 διανοίας
1478 3946 1738 4016 ὄμμασιν,
1767 3945 1823 4010 ἐξ
1848 3936 1921 3996 ὧν

352 4045 418 4100 ἂν
442 4045 739 4116 ἐργάσαιτο
773 4039 1111 4112 παραδόξως,
1148 4039 1242 4091 καὶ
1267 4038 1406 4108 ὑπὲρ
1433 4037 1609 4104 λόγον.
1655 4054 1674 4086 ι
1701 4037 1781 4089 Τὰ
1815 4036 1923 4104 γὰρ

351 4137 559 4208 ἀόρατα
588 4133 773 4201 αὐτοῦ,
800 4153 819 4185 I
879 4133 1064 4203 φησιν,
1122 4151 1139 4183 ι
1163 4130 1269 4184 ἀπὸ
1298 4129 1524 4192 κτίσεως
1579 4128 1783 4197 κόσμου
1814 4129 1924 4190 τοῖς

353 4231 649 4299 ποιήμασιν
708 4229 974 4296 νοούμενα
1024 4223 1344 4294 καθορᾶται,
1387 4223 1422 4292 ἦ
1456 4238 1516 4273 τε
1563 4219 1728 4281 ἀΐδιος
1759 4218 1922 4272 αὑτοῦ

355 4320 584 4390 δύναμίς
615 4335 675 4370 τε
701 4318 796 4370 καὶ
820 4315 1051 4384 θειότηςο
1085 4332 1103 4364 I
1141 4313 1561 4382 ἐπιγινώσκεται
1588 4310 1645 4363 δὲ
1669 4310 1923 4369 πλειστάο

355 4431 464 4476 κις,
500 4411 591 4465 καὶ
610 4411 677 4465 δι’
711 4403 784 4463 ὧν
824 4408 890 4462 ἂν
920 4407 1216 4476 εὐεργετεῖ,
1273 4405 1366 4456 καὶ
1401 4405 1500 4472 τῆς
1528 4402 1749 4473 ἐνούσης
1778 4401 1926 4470 αὐτῷ

352 4503 715 4575 γαληνότητος
747 4503 980 4553 ποιεῖται
1007 4498 1103 4568 τὴν
1141 4495 1364 4560 ἔνδειξιν
1383 4537 1396 4560 ,
1428 4493 1707 4557 διασώζων
1734 4493 1925 4563 ἀδοκή-

2096 3304 2259 3356 Vens.
2286 3302 2340 3364 4,
2368 3303 2418 3356 5.
2453 3304 2489 3354 Α
2535 3305 2725 3358 δίεευίο
2766 3323 2866 3359 non
2906 3309 3217 3372 audivimus,
3254 3324 3412 3377 neque
3452 3307 3590 3359 oculi

2020 3392 2186 3445 nostri
2228 3393 2463 3444 viderunt
2506 3392 2670 3445 Deum
2713 3405 2902 3459 praeter
2932 3406 3008 3457 te,
3044 3407 3089 3448 et
3128 3413 3280 3462 opera
3321 3408 3439 3459 tua,
3473 3414 3598 3466 qua:

2021 3485 2181 3554 {acies
2224 3486 2636 3548 exspectantibus
2683 3487 3110 3540 misericordiam.
3159 3486 3406 3540 Occurret
3451 3491 3590 3543 enim

2023 3575 2336 3644 facientibus
2382 3576 2681 3645 justitiam,
2727 3587 2773 3630 et
2821 3578 3022 3630 viarum
3077 3591 3286 3632 tuarum
3344 3583 3586 3634 recorda-

2023 3667 2230 3718 buntur.

2092 3753 2493 3822 lnaspectabilis
2561 3754 2776 3823 quidem
2846 3766 2931 3812 est
2997 3766 3182 3810 natura
3251 3758 3503 3814 divinitas
3571 3779 3584 3813 :

2029 3862 2048 3894 σ
2092 3845 2254 3898 Deum
2297 3847 2439 3899 enim
2483 3860 2642 3900 nemo
2675 3847 2806 3901 vidit
2843 3863 3100 3917 unquam,
3135 3866 3156 3900 ι
3202 3851 3494 3904 secundum
3540 3853 3591 3905 id

2023 3937 2163 4006 quod
2199 3940 2455 4006 scriptum
2489 3949 2571 3992 est
2599 3940 2663 3993 “.
2696 3938 2948 3992 Cernitur
2982 3947 3158 3993 tamen
3194 3941 3358 3993 animi
3421 3940 3592 3995 oculis

2022 4044 2087 4083 ex
2122 4028 2204 4082 bis
2235 4043 2355 4097 qnze
2389 4029 2618 4098 gesserit
2649 4041 2702 4083 et
2729 4029 3118 4083 admirabiliter
3143 4039 3196 4084 et
3223 4029 3588 4084 ineﬂ‘abiliter.

2029 4137 2048 4170 ι
2079 4120 2366 4173 lnvisibilia
2391 4121 2531 4172 enim
2564 4119 2701 4188 ejus,
2730 4138 2748 4171 I
2781 4121 2974 4189 inquit,
3000 4140 3018 4172 ι
3053 4135 3080 4171 a
3109 4122 3382 4175 creatione
3408 4123 3589 4176 mundi

2023 4225 2120 4279 per
2174 4225 2236 4264 ea
2286 4226 2404 4279 quae
2459 4211 2783 4265 facta.sunt
2835 4211 3103 4265 intellecta
3164 4213 3592 4280 conspiciuntur,

2022 4313 2217 4358 aeterna
2251 4303 2459 4357 scilicet
2491 4303 2606 4372 ejus
2649 4304 2885 4370 potentia
2929 4319 2992 4357 ac
3035 4305 3286 4358 divinitas
3317 4307 3382 4358 ³³.
3425 4326 3442 4357 I
3490 4307 3592 4360 Co-

2023 4393 2297 4465 gnoscitur
2325 4397 2487 4447 etiam
2524 4409 2626 4448 non
2667 4410 2790 4449 raro
2821 4411 2884 4450 ex
2921 4397 3002 4450 bis
3031 4411 3150 4465 qua:
3181 4396 3411 4465 benigne
3441 4396 3592 4462 facit,

2022 4498 2076 4542 et
2100 4501 2210 4542 suae
2238 4486 2391 4554 quasi
2424 4487 2728 4540 serenitatis
2783 4501 2846 4542 ac
2876 4486 3250 4556 placabilitatis
3281 4487 3394 4541 edit
3421 4489 3594 4556 speci-

351 4615 459 4660 τως
510 4597 636 4658 τοὺς
666 4594 726 4659 ἐξ
753 4593 970 4662 ἀπάσης
994 4591 1207 4652 ἐλπίδος
1234 4588 1626 4659 ὠλισθηκότας,
1654 4586 1744 4639 καὶ
1769 4589 1919 4656 χεῖρα

2025 4594 2144 4634 men
2190 4598 2204 4634 :
2251 4581 2374 4632 dum
2419 4588 2612 4647 praeter
2649 4578 2953 4648 opinionem
2990 4593 3084 4633 eos
3117 4588 3296 4633 servat
3321 4580 3410 4649 qui
3445 4581 3590 4634 omni

356 4687 534 4756 νέμων
566 4689 828 4755 σωτήριον
856 4685 966 4744 τοῖς
993 4682 1164 4751 χαμαί
1219 4697 1342 4745 που,
1375 4680 1468 4733 καὶ
1495 4678 1570 4742 ὡς
1604 4680 1661 4731 ἐν
1711 4680 1780 4747 γῇ
1813 4694 1919 4730 κει-

2027 4684 2120 4739 spe
2153 4671 2488 4735 exciderunt,
2517 4679 2570 4723 et
2598 4669 2744 4722 humi
2772 4677 2826 4724 et
2851 4668 2994 4722 velut
3026 4669 3078 4723 in
3113 4679 3252 4724 terra
3285 4670 3596 4740 iacentibus

359 4779 558 4849 μένοις.
583 4774 833 4828 Τοιοῦτόν
860 4773 909 4826 τί
936 4789 1098 4841 φασιν
1136 4773 1186 4824 οἱ
1249 4773 1348 4842 τὴν
1379 4769 1742 4840 προκειμένην
1770 4769 1922 4837 λιτὴν

351 4868 732 4940 ἀναφέροντες.
783 4866 914 4919 Ἀπὸ
967 4864 1074 4936 γὰρ
1109 4865 1206 4934 τῆς
1239 4861 1333 4916 τοῦ
1375 4862 1582 4930 κόσμου
1619 4859 1924 4928 καταϐολῆς

352 4962 475 5016 οὔτε
515 4959 845 5031 ἠκούσαμεν,
873 4957 994 5011 ούτε
1029 4956 1134 5027 μὴν
1180 4953 1485 5024 τεθεάμεθα
1540 4951 1774 5006 τοιοῦτόν
1799 4968 1921 5004 τινα

353 5053 504 5118 Θεὸν,
537 5051 676 5120 πλὴν
721 5051 830 5121 ἄρα
875 5049 966 5102 σοῦ
996 5065 1056 5101 τε
1107 5047 1200 5100 καὶ
1249 5046 1410 5116 μόνου
1435 5061 1450 5076 ·
1497 5046 1608 5106 τοῖς
1638 5042 1744 5112 γὰρ
1786 5043 1916 5094 ὑπο·

359 5142 578 5215 μένουσί
603 5158 679 5203 σε,
713 5139 981 5202 τουτέστι,
1028 5141 1140 5201 τοῖς
1188 5139 1269 5200 είς
1299 5137 1356 5189 σὲ
1407 5135 1790 5202 πεποιημένοις
1822 5132 1920 5201 τὴν

353 5233 567 5298 ἐλπίδα,
604 5229 971 5300 ἐπιδαψιλεύει
999 5229 1090 5282 τὸν
1123 5228 1285 5281 ἔλεον·
1319 5227 1508 5296 ’ἐψεται
1559 5225 1668 5294 γὰρ
1707 5224 1924 5286 πάντως

353 5327 464 5386 τοῖς
488 5324 585 5392 τῆς
609 5320 950 5390 δικαιοσύνης
983 5320 1262 5390 ἐργάταις,
1308 5318 1584 5380 κάκείνοις
1620 5315 1782 5369 αὑτὸν
1827 5317 1925 5385 ap-

359 5415 513 5484 μόσει
542 5414 747 5477 λαϐεῖν,
777 5412 935 5484 οἷπερ
961 5411 1026 5464 ἂν
1057 5407 1166 5464 εἶεν
1188 5412 1244 5462 ἐν
1273 5411 1463 5480 μνήμῃ
1487 5409 1596 5460 τῶν
1636 5408 1744 5461 σῶν
1767 5407 1922 5464 όδῶν.

355 5504 624 5568 τουτέστι,
672 5503 780 5556 τῶν
813 5501 923 5555 σῶν
969 5501 1285 5571 θελημάτων
1329 5497 1713 5552 ἀποτελεσταί’
1774 5496 1924 5560 ὁδοὺς

357 5592 466 5662 γὰρ
505 5593 708 5664 Κυρίου
733 5592 912 5662 φαμὲν
936 5587 1074 5645 εἶναι
1097 5591 1195 5653 τὰς
1222 5590 1438 5652 ἐντολὰς
1453 5589 1638 5644 αὐτοῦ.
1659 5589 1767 5642 Καὶ
1792 5587 1920 5657 γοῦν

428 5770 470 5802 ³⁸
497 5770 635 5825 l‘sal.
664 5788 888 5836 Lxxvm;
918 5772 967 5826 6.
1049 5774 1090 5802 ³³
1129 5769 1282 5825 Joan.
1313 5787 1349 5835 I,
1400 5770 1480 5824 l8.
1561 5770 1604 5800 ³³
1647 5769 1804 5823 Rom.
1843 5767 1995 5832 1,*20.

2030 4777 2243 4814 manum
2282 4761 2570 4818 salutarem
2607 4760 2826 4829 pra-bet.
2860 4761 3050 4816 Simile
3085 4771 3167 4816 est
3201 4762 3342 4831 quod
3410 4763 3594 4818 dicunt

2027 4854 2117 4924 qui
2171 4855 2310 4908 hanc
2362 4853 2722 4924 precationem
2771 4852 3070 4908 eﬂ'undunt.
3115 4855 3161 4908 A
3215 4855 3394 4908 mundi
3446 4856 3589 4908 enim

2027 4947 2410 5003 constitutione
2433 4962 2606 5016 neque
2630 4946 2953 5011 audivimus,
2980 4962 3151 5016 neque
3174 4947 3402 5000 vidimus
3433 4947 3592 5001 talem

2030 5040 2214 5104 Deum,
2246 5046 2440 5108 praeter
2475 5048 2545 5104 te,
2575 5049 2630 5092 et
2660 5038 2874 5108 quidem
2909 5039 3102 5092 solum.
3136 5038 3587 5105 Exspectantibus

2024 5128 2167 5184 enim
2209 5139 2280 5195 te,
2312 5129 2362 5183 id
2405 5137 2510 5193 est,
2536 5144 2683 5198 spem
2729 5131 2780 5184 in
2827 5139 2878 5184 te
2917 5130 3328 5190 collocantibus,
3363 5129 3588 5196 largiter

2033 5220 2454 5276 misericordiam
2487 5221 2784 5292 imparties.
2815 5222 3085 5292 Sequetur
3115 5239 3346 5291 namque
3375 5238 3593 5292 semper

2029 5312 2305 5381 operarios
2324 5312 2570 5380 justitiaa,
2595 5327 2792 5382 eosque
2818 5328 2936 5368 eam
2967 5315 3220 5383 consequi
3255 5329 3350 5382 par
3375 5323 3473 5374 est,
3500 5314 3595 5383 qui

2033 5405 2453 5460 recordabuntur
2475 5406 2678 5459 viarum
2713 5417 2945 5469 tuarum,
2972 5407 3020 5459 id
3049 5417 3148 5471 est,
3175 5407 3262 5474 qui
3293 5406 3595 5460 voluntates

2028 5498 2196 5568 888
2242 5507 2363 5554 tuas
2404 5510 2786 5568 exsequuntur.
2831 5498 3036 5554 Domini
3088 5499 3230 5553 enim
3277 5499 3418 5563 vias,
3456 5511 3594 5566 prte-

2028 5598 2178 5660 cepta
2226 5589 2340 5660 ejus
2378 5589 2625 5645 dicimus.
2652 5590 2926 5659 Siquidem
2968 5588 3181 5645 divinus
3216 5587 3382 5644 David
3417 5583 3598 5658 pSallit
