4022 6400
480 340 617 398 I399

1501 334 1559 391 S.
1604 333 1883 389 CYRILLI
1920 328 2391 386 ALEXANDRINI
2428 327 2743 386 ARCHIEP.

3609 311 3779 370 ιεοο

470 453 668 510 alicubi
700 469 712 503 :
752 470 767 501 ι
807 450 862 504 lu
888 449 971 504 via
1007 459 1094 504 tua
1118 448 1315 504 vivam.
1348 470 1366 503 ι
1396 449 1538 506 Alibi
1568 466 1754 506 rursus
1787 468 1800 504 :
1837 469 1855 501 ι
1896 448 2043 503 Viam

2209 447 2496 509 Θεσπέσιος
2550 443 2743 513 ψάλλει
2784 439 2968 503 Δαὸὶδ,
3017 436 3147 490 ποτὲ
3198 435 3328 507 μὲν,
3370 433 3457 485 ὅτι
3497 448 3517 481 t
3564 430 3663 482 Ἕν
3696 431 3773 497 τῇ

475 546 848 600 mandatorum
909 551 1120 596 tuorum
1178 540 1430 603 cucurri,
1481 556 1603 594 cum
1662 540 1901 595 dilatasti
1955 554 2049 594 cur

2180 539 2254 607 δῷ
2288 556 2380 591 σου
2401 537 2664 607 ζήσομαι,
2710 553 2728 585 ι
2764 532 2894 586 ποτὲ
2923 530 2979 583 δὲ
3007 529 3194 583 πάλιν·
3236 547 3255 579 ι
3308 524 3458 580 Ὀδὸν
3506 520 3772 577 ἐντολῶν

476 649 652 690 meum
674 634 739 689 ³⁵.
776 652 795 685 ι

1080 764 1315 822 Τοιιυε
1356 767 1440 822 Vl.

547 901 709 957 Vens.
741 899 795 969 6,
821 900 875 953 7.
907 898 1040 954 Ecce
1082 908 1138 954 tu
1178 902 1346 954 iratus
1386 916 1463 963 es,
1494 909 1541 955 et
1578 917 1671 954 nos
1705 900 2049 967 peccavimus.

479 988 763 1059 Propterea
803 990 1109 1053 erravimus,
1141 998 1189 1043 et
1232 989 1359 1057 facti
1400 1006 1579 1043 sumus
1623 989 1759 1043 velut
1797 987 2052 1042 immundi

479 1096 653 1133 omnes
688 1096 811 1141 nos,
842 1087 890 1132 et
922 1088 1171 1147 tanquam
1203 1095 1407 1146 pannus
1443 1087 1781 1132 menstruam
1818 1077 2051 1131 mulieris

477 1171 643 1225 omnis
681 1171 897 1241 justitia
943 1180 1143 1224 nostra.
1206 1170 1536 1240 Deﬂuximus
1584 1182 1758 1226 autem
1803 1180 2053 1241 tanquam

476 1262 627 1331 folia,
659 1272 867 1329 propter
906 1260 1203 1330 iniquitates
1248 1272 1473 1318 nostras.
1508 1260 1595 1317 Sic
1636 1274 1812 1317 ventus
1855 1261 2054 1330 auferet

477 1367 571 1405 nos
606 1358 663 1403 ut
689 1350 969 1419 pulverem,
997 1360 1046 1405 et
1080 1368 1181 1405 non
1214 1360 1287 1403 est
1323 1352 1411 1419 qui
1437 1351 1633 1403 invocet
1668 1368 1851 1404 nomen
1887 1362 2051 1415 tuum,

478 1452 526 1497 et
554 1442 739 1512 cogitet
769 1444 1150 1512 apprehendere
1179 1452 1247 1496 te.
1276 1441 1411 1507 Quia
1439 1444 1667 1495 avertisti
1696 1443 1884 1511 faciem
1910 1453 2055 1497 tuam

479 1550 513 1587 α
544 1535 720 1600 nobis,
744 1545 793 1589 et
824 1534 1093 1589 tradidisti
1124 1551 1215 1588 nos
1248 1545 1455 1604 propter
1478 1545 1689 1605 peccata
1716 1544 1914 1589 nostra.

556 1814 741 1871 Visum
773 1827 856 1871 est
884 1815 1202 1885 quibusdam
1238 1815 1613 1885 interpretum,
1644 1813 1807 1867 alium
1843 1826 2057 1868 sensum

484 1910 568 1965 his
624 1908 804 1964 verbis
871 1923 1163 1978 apponere.
1220 1908 1496 1962 Invertunt
1554 1908 1701 1962 enim
1766 1906 2063 1961 dictionum

483 2002 727 2056 ordinem
756 2010 809 2054 et
834 2000 1223 2053 sententiarum
1258 1999 1384 2061 vim,
1415 2006 1473 2052 ut
1503 1999 1567 2052 ad
1600 2000 1742 2053 hunc
1768 1998 1981 2051 modum
2009 2010 2068 2050 se

487 2094 705 2159 habeat,
736 2093 876 2164 quod
923 2093 1124 2147 dictum
1168 2100 1252 2147 est
1286 2111 1300 2146 :
1344 2110 1362 2143 ι
1397 2091 1537 2148 Ecce
1569 2106 1667 2146 nos
1698 2089 2066 2161 peccavimus,

487 2196 545 2240 et
572 2195 625 2238 tu
657 2184 827 2238 iratus
871 2198 930 2239 es
970 2182 1145 2237 nobis.
1184 2202 1202 2235 ι
1250 2182 1364 2236 Νοιι
1406 2182 1575 2247 enim,
1604 2182 1876 2252 inquiunt,
1905 2195 2068 2234 causa

492 2276 597 2330 illis
636 2276 983 2345 delinquendi
1013 2274 1112 2328 fuit
1144 2275 1223 2328 ira
1251 2275 1429 2328 divina
1465 2291 1479 2327 :
1513 2284 1568 2327 at
1595 2274 1720 2342 quia
1757 2271 1831 2327 illi
1865 2271 2069 2325 furiose

490 2368 734 2424 bacchati
782 2374 940 2434 sunt,
981 2367 1121 2423 Deus
1176 2368 1346 2421 iratus
1396 2374 1499 2421 est.
1527 2366 1742 2419 Timent
1790 2364 1965 2428 enim,
2012 2372 2069 2417 ut

488 2463 720 2525 videtur,
749 2460 937 2514 necubi
968 2461 1171 2528 peccati
1208 2469 1394 2514 auctor
1426 2458 1638 2513 divinus
1690 2457 1843 2513 furor
1871 2456 2071 2511 intelli-

493 2564 668 2621 gatur.
700 2550 833 2606 lllud
875 2552 1107 2605 arbitror
1151 2552 1437 2605 dicendum
1480 2564 1621 2612 esse,
1654 2549 1789 2603 iram
1835 2548 2068 2602 divinam

494 2644 842 2699 condemnari
888 2654 1168 2713 propterea
1213 2658 1317 2696 non
1365 2642 1594 2707 debere,
1626 2643 1670 2699 si
1714 2643 1806 2711 qui
1854 2642 1901 2695 ei
1946 2651 2072 2697 sunt

493 2737 735 2804 obnoxii,
761 2753 863 2791 non
908 2737 1043 2791 satis
1087 2736 1280 2790 virium
1323 2735 1557 2789 habeant
1596 2738 1662 2788 ad
1712 2733 2070 2803 ellugiendmn

496 2829 699 2898 peccati
743 2828 1018 2883 insultum.
1054 2828 1304 2893 Quandiu
1336 2827 1478 2881 enim
1526 2824 1785 2882 Servator
1823 2828 1873 2880 in
1916 2826 2072 2882 nobis

496 2920 819 2987 voluptatem
851 2919 1010 2988 capit,
1040 2928 1317 2987 peceatum
1347 2919 1638 2981 vincimus,
1671 2927 1723 2969 et
1753 2934 1781 2972 a
1814 2918 2069 2972 vitiorum

497 3014 747 3067 sordilms
784 3014 1127 3078 recedentes,
1158 3011 1455 3082 spiritualis
1484 3012 1819 3068 fortitudinis
1850 3014 2071 3085 insigni-

2088 1783 2133 1837 Β

2154 650 2246 685 σου
2277 631 2529 702 ἔδραμον,
2552 630 2679 682 ὅταν
2714 625 3014 688 ἐπλάτυνας
3036 622 3134 693 τὴν
3163 619 3391 693 καρδίαν
3418 635 3554 688 μου.
3579 634 3599 667 ι

2771 762 3001 816 τοΜοΣ
3041 762 3130 827 εῖν.

2235 904 2382 958 Ἰδοὺ
2421 903 2501 957 σὺ
2521 902 2839 969 ὠργίσθης,
2874 897 2973 951 καί
3015 896 3183 965 ἡμεῖς
3226 893 3597 962 ἡμάρτομεν.
3655 891 3770 942 Διὰ

2156 997 2333 1051 τοῦτο
2365 990 2813 1059 ἐπλανήθημεν,
2840 988 2939 1041 καὶ
2972 985 3337 1056 ἐγενήθημεν
3360 986 3442 1049 ὡς
3476 981 3767 1047 ἀκάθαρ-

2155 1106 2244 1143 τοι
2277 1086 2497 1151 πάντες
2540 1082 2730 1153 ἡμεῖς,
2783 1082 2881 1134 καὶ
2938 1079 3017 1144 ὡς
3049 1076 3237 1146 ῥάκος
3282 1070 3770 1141 ἀποκαθημένης

2154 1179 2321 1233 πᾶσα
2360 1179 2398 1244 ἠ
2460 1174 2812 1239 δικαιοσύνη
2862 1168 3061 1240 ἡμῶν·
3120 1168 3217 1222 καὶ
3262 1166 3642 1235 ἐξερῤύημεν
3686 1164 3771 1223 ὠς

2155 1270 2358 1339 φύλλα
2417 1266 2512 1319 διὰ
2568 1265 2672 1330 τὰς
2712 1263 2962 1332 ἀνομίας
3016 1260 3205 1329 ἡμῶν·
3285 1258 3473 1322 οὕτως
3531 1255 3771 1321 ἇνεμςς

2156 1363 2310 1416 οἴσει
2330 1359 2484 1429 ἡμᾶς
2503 1360 2583 1425 ὠς
2604 1356 2874 1427 χοῦνυ),
2908 1354 3007 1408 καί
3031 1354 3141 1406 οὐκ
3164 1351 3336 1406 ἔστιν
3359 1353 3393 1403 ὀ
3418 1347 3769 1402 ἐπικαλού-

2155 1472 2339 1526 μενος
2360 1452 2424 1507 τὸ
2448 1449 2634 1519 ὄνομά
2656 1466 2792 1512 σου,
2820 1447 2917 1501 καί
2952 1449 2985 1500 d
3010 1444 3304 1516 μνησθεὶς
3321 1438 3770 1496 ἀντιλαϐέσθαι

2160 1563 2277 1601 σου
2302 1585 2317 1609 ,
2372 1544 2463 1598 ὅτι
2526 1540 2917 1607 ἀπέστρεψας
2960 1536 3026 1590 τὸ
3098 1533 3421 1603 πρόσωπόν
3470 1546 3597 1584 σου
3661 1528 3771 1595 ἀρ’

2158 1638 2362 1709 ἡμῶν,
2405 1636 2505 1691 καὶ
2564 1632 2911 1703 παρέδωκας
2965 1628 3120 1700 ἡμᾶς
3172 1629 3270 1682 διὰ
3316 1628 3423 1692 τὰς
3456 1624 3769 1694 ἁμαρτίας

2159 1732 2349 1803 ἡμῶν.

2237 1822 2423 1888 Ἔδοξε
2465 1822 2577 1875 τισί¹
2608 1821 2717 1874 τῶν
2776 1816 3080 1888 ἐξηγητῶν,
3134 1813 3256 1866 καθ’
3300 1812 3496 1882 ἑτέραν
3534 1809 3768 1861 ἔννοιαν

2172 1920 2286 1982 τοῖς
2319 1914 2702 1989 προκειμένοις
2756 1909 3105 1981 προσὸαλείν.
3173 1906 3604 1975 Ἀναστρέφουσι
3658 1901 3775 1968 γέιρ

2163 2010 2272 2064 τῶν
2323 2009 2522 2075 λέξεων
2577 2005 2677 2074 τὴν
2727 2003 3002 2067 ἀπόδοσιν,
3052 2000 3171 2068 ἦτοι
3223 1997 3331 2049 τῶν
3384 1993 3614 2047 ἐννοιῶν

2165 2101 2416 2171 δύναμιν,
2456 2098 2540 2151 ἵνα
2579 2094 2819 2149 τοιοῦτον
2850 2090 2964 2167 ᾗτὺ
3007 2090 3320 2158 λεγόμενον·
3359 2107 3377 2138 ι
3422 2086 3561 2140 Ἰδοὺ
3596 2084 3773 2153 iuni;

2167 2196 2507 2266 ἡμάρτομεν,
2536 2188 2811 2261 ὠργίσθης
2839 2186 2894 2239 δὲ
2920 2186 3004 2239 σύ.
3029 2204 3047 2234 ι
3077 2185 3149 2238 Οὐ
3168 2183 3274 2251 γάρ
3300 2198 3402 2243 τοι,
3422 2179 3585 2248 φασὶ,
3617 2193 3773 2246 παρ-

2167 2288 2338 2350 αίτιος
2388 2285 2570 2346 αὐτοῖς
2600 2281 2694 2334 τοῦ
2724 2277 3065 2349 πλημμελεῖν
3115 2278 3149 2346 ἡ
3183 2274 3301 2328 θεία
3337 2273 3567 2340 γέγονεν
3596 2273 3769 2339 ὀργή.

2182 2378 2399 2448 Ἐπειδὴ
2450 2376 2507 2429 δὲ
2546 2374 2701 2427 αὐτοὶ
2750 2369 3249 2440 πεπαρῳνήκασιν,
3298 2363 3549 2434 ὠργίσθη
3602 2363 3767 2426 Θεὸς,

2170 2470 2371 2525 δεδίασι
2429 2468 2537 2537 γὰρ
2586 2464 2729 2517 κατά
2764 2463 2825 2516 τὸ
2877 2460 3021 2523 εἰκὸς
3057 2458 3129 2529 μὴ
3187 2457 3294 2528 ἄρα
3324 2473 3439 2518 πως
3476 2454 3772 2525 ἁμαρτίας

2170 2562 2427 2632 πρόξενος
2453 2561 2481 2611 6
2507 2557 2646 2627 θεῖος
2684 2557 2881 2608 νοεῖται
2912 2550 3105 2622 θυμός.
3142 2546 3308 2619 Οἶμαι
3338 2548 3395 2600 δὲ
3433 2547 3549 2599 δεῖν
3584 2548 3772 2599 ἐκεῖνο

2170 2656 2367 2716 εἰπεῖν,
2399 2652 2458 2705 οὐ
2485 2650 2595 2719 γάρ
2624 2667 2705 2701 τοι
2732 2647 3069 2718 κατάρῤησιν
3100 2642 3210 2713 ἔχει
3247 2641 3346 2710 τῆς
3374 2640 3529 2703 θείας
3552 2640 3733 2709 ὀργῆς
3751 2680 3767 2702 ,

2169 2744 2231 2797 τὸ
2260 2744 2385 2804 τοὺς
2412 2742 2503 2793 ὐπ’
2534 2741 2671 2809 αὐτῇ
2707 2737 2998 2805 γεγονότας
3037 2735 3306 2794 ἀνικάνως
3350 2733 3493 2800 ἔχειν
3529 2730 3675 2800 πρός
3708 2746 3769 2795 γε

2170 2837 2230 2887 τὸ
2250 2832 2508 2886 δύνασθαι
2531 2832 2816 2898 διαφυγεῖν
2835 2832 2933 2897 τῆς
2953 2826 3225 2897 ἁμαρτίας
3252 2824 3352 2893 τὴν
3378 2822 3592 2893 ἔφοδον.
3614 2822 3769 2881 Ἕως

2174 2929 2273 2999 μὲν
2300 2928 2407 2997 γάρ
2437 2926 2522 2996 ἐφ’
2556 2927 2687 2995 ἡμῖν
2726 2925 2754 2977 6
2794 2922 2983 2985 σώζων
3011 2919 3386 2989 εὐφραίνεται,
3421 2931 3767 2984 κατευμεγε-

2173 3019 2376 3089 θοῦμεν
2406 3020 2503 3087 τῆς
2525 3015 2822 3086 ἁμαρτίας,
2847 3014 2941 3066 καὶ
2969 3010 3075 3064 τῶν
3104 3012 3169 3062 ἐκ
3215 3007 3549 3078 φαυλότητος
3576 3007 3768 3075 pii-rem»

496 3102 597 3156 bus
624 3110 841 3157 strenue
866 3117 1211 3157 coronamur.
1239 3105 1308 3156 At
1335 3104 1421 3159 ubi
1455 3104 1785 3160 fortitudinis
1814 3107 2069 3175 suppedi-

2180 3110 2572 3181 ἀποφοιτῶντες
2615 3105 2885 3169 εὐσθενῶς
2926 3108 3037 3167 τοῖς
3085 3104 3164 3165 εἰς
3196 3100 3481 3171 εὐανδρίαν
3520 3116 3768 3168 πνευμα-

502 3203 695 3259 torem,
726 3204 781 3249 et
823 3195 1035 3250 roboris
1073 3211 1136 3249 ac
1185 3196 1378 3250 virium
1429 3197 1951 3253 sulnninistratorem
1981 3215 2075 3253 ex-

502 3286 847 3349 acerbamus,
933 3285 988 3339 in
1013 3284 1340 3341 debilitatem
1365 3287 1692 3353 corruimus,
1720 3296 1775 3339 et
1806 3288 2073 3341 infirmam

502 3390 568 3432 ac
622 3376 900 3430 remissam
958 3386 1192 3431 mentem
1244 3384 1481 3431 nostram
1534 3376 1887 3433 inveniemus.
1936 3376 2077 3430 Deus

501 3465 646 3521 enim
677 3477 761 3521 est
787 3466 1047 3521 virtutum
1077 3466 1338 3522 Dominus
1362 3467 1428 3521 ³⁵.
1462 3467 1527 3521 Et
1570 3468 1785 3537 quidem
1828 3468 2078 3524 Christus

504 3560 581 3612 ait
626 3576 641 3613 :
689 3578 708 3610 ι
757 3557 887 3613 Sine
917 3573 1003 3613 me
1035 3575 1139 3614 non
1175 3561 1399 3628 potestis
1426 3561 1716 3630 quidquam
1750 3561 1925 3616 facere
1951 3564 2017 3617 ³⁸.
2053 3582 2071 3614 ι

508 3649 758 3719 Dixitque
789 3650 837 3704 ei
869 3651 1082 3705 divinus
1111 3652 1272 3705 David
1301 3654 1366 3707 de
1396 3653 1541 3706 omni
1571 3662 1759 3707 sancto
1794 3673 1804 3707 :
1842 3674 1860 3706 ι
1895 3655 2077 3709 Gloria

510 3743 761 3811 potentia:
786 3758 970 3796 eorum
1000 3753 1050 3797 tu
1081 3762 1140 3797 es
1162 3744 1226 3796 ³⁷.
1264 3764 1282 3795 ι
1318 3744 1455 3799 Alibi
1484 3761 1717 3814 quoque,
1743 3748 1881 3815 quod
1915 3753 2083 3815 possit

508 3837 632 3891 boni
685 3835 883 3904 aliquid
940 3849 1225 3903 praestare,
1266 3838 1436 3908 889
1487 3854 1592 3892 non
1649 3840 1780 3905 sibi,
1832 3841 1925 3894 sed
1986 3840 2082 3895 Dei

506 3929 759 3999 potentiae
786 3930 1106 3993 attribuens,
1137 3930 1314 3998 psallit
1341 3942 1397 3985 et
1422 3931 1591 4000 inquit
1620 3949 1634 3985 :
1668 3950 1687 3983 ι
1728 3930 1838 3985 Non
1872 3934 1924 3986 in
1952 3948 2082 3987 arcu

508 4034 633 4075 meo
677 4020 938 4091 sperabo,
986 4029 1040 4075 et
1082 4021 1292 4091 gladius
1343 4038 1493 4077 meus
1544 4038 1646 4077 non
1700 4024 1935 4079 servabit
1978 4040 2082 4081 me.

514 4113 753 4167 Servasti
778 4113 922 4166 enim
952 4129 1049 4166 nos
1078 4116 1144 4168 ah
1178 4113 1260 4169 his
1289 4116 1375 4183 qui
1406 4114 1646 4187 afﬂigunt
1669 4117 1732 4170 ³⁸.
1769 4137 1787 4169 ι
1828 4117 1895 4173 Ut
1922 4117 2084 4189 igitur

512 4220 760 4275 superna;
792 4204 1086 4260 clementia
1120 4205 1271 4260 favor
1306 4222 1405 4261 nos
1440 4210 1619 4262 reddit
1655 4208 2003 4272 fortissimos,
2032 4220 2088 4265 et

515 4312 771 4352 nervosas
803 4297 934 4351 facit
966 4298 1030 4350 ad
1072 4299 1431 4353 resistendum
1477 4301 1618 4356 malo
1664 4319 1677 4354 :
1723 4301 1838 4371 pari
1879 4303 2087 4357 ratione

515 4402 640 4442 cum
664 4386 856 4441 divinae
882 4387 974 4441 ira:
998 4387 1334 4457 subjicimur,
1361 4399 1469 4443 tum
1498 4390 1705 4444 vitiosis
1727 4390 2087 4457 voluptatibus

2179 3204 2334 3274 τικὴν
2363 3203 2643 3272 αὐχήμασι
2666 3196 3095 3268 στεφανούμεθα.
3136 3192 3685 3262 Καταπικραίνοντες
3714 3190 3769 3241 δὲ

2178 3297 2275 3366 τῆς
2332 3293 2514 3363 ἰσχύος
2564 3291 2654 3344 τὸν
2714 3290 2973 3361 χορηγὸν,
3036 3287 3129 3341 καὶ
3180 3286 3281 3354 τῆς
3339 3283 3632 3353 εὐανδρίας
3680 3283 3770 3334 τὸν

2180 3383 2466 3454 πρύτανιν,
2498 3381 2769 3450 πίπτομεν
2796 3381 2876 3442 εἰς
2913 3380 2974 3430 τὸ
3001 3376 3215 3439 ἄναλκι,
3248 3375 3343 3429 καὶ
3383 3373 3593 3443 ἀδρανῆ
3625 3390 3766 3434 πως,

2179 3475 2272 3529 καὶ
2294 3472 2625 3544 παρειμένον
2655 3471 2746 3524 τὸν
2770 3469 2974 3524 ἑαυτῶν
2999 3469 3299 3541 εὑρήσομεν
3324 3465 3467 3518 νοῦν.
3493 3464 3629 3525 Θεὸς
3655 3464 3767 3535 γάρ

2180 3570 2328 3621 ἐστιν
2355 3568 2383 3619 6
2429 3565 2536 3618 τῶν
2563 3564 2845 3633 δυνάμεων
2887 3562 3114 3632 Κύριος.
3155 3561 3264 3614 Καὶ
3293 3559 3425 3629 γοῦν
3474 3558 3584 3629 ἔφη
3632 3560 3771 3629 Χριο

2184 3660 2325 3721 στὸς,
2356 3659 2438 3711 ὅτι
2471 3677 2488 3709 ι
2534 3657 2718 3727 Χωρὶς
2750 3654 2881 3726 ἐμοῦ
2912 3656 2971 3709 οὐ
3026 3653 3254 3707 δύνασθε
3288 3654 3462 3705 ποιεῖν
3512 3651 3698 3704 οὐδέν.
3748 3670 3765 3703 ι

2186 3751 2329 3819 Ἔφη
2364 3749 2421 3802 δέ
2446 3765 2550 3801 που
2600 3748 2693 3800 καὶ
2718 3748 2745 3800 6
2776 3746 3059 3807 θεσπέσιος
3078 3744 3241 3797 Δαὸὶδ
3278 3742 3416 3814 πρὸς
3452 3741 3615 3796 αὐτὸν
3639 3742 3775 3811 περὶ

2184 3841 2380 3903 παντὸς
2406 3839 2581 3908 ἁγίου,
2616 3839 2697 3891 ὅτι
2756 3857 2773 3889 ι
2804 3838 2876 3891 Τὸ
2912 3836 3168 3907 καύχημα
3223 3836 3320 3906 τῆς
3364 3835 3649 3905 δυνάμεως
3680 3835 3774 3886 αὐ-

2182 3931 2290 3985 τῶν
2320 3932 2384 3982 σὺ
2424 3926 2493 3984 εἷ.
2540 3950 2559 3981 ι
2591 3929 2703 3983 Καὶ
2738 3930 2844 4000 μὴν
2872 3931 2966 3982 καὶ
3015 3928 3240 4000 ἑτέρωθί
3277 3945 3377 3980 που
3404 3928 3466 3980 τὸ
3504 3925 3773 3979 δύνασθαί

2185 4042 2236 4077 τι
2260 4022 2367 4076 τῶν
2398 4022 2619 4091 ἀγαθῶν
2662 4020 2981 4093 κατορθοῦν,
3026 4022 3123 4091 οὐχ
3162 4020 3339 4089 ἐαυτῷ
3365 4017 3585 4089 μᾶλλον,
3631 4018 3776 4070 ἀλλά

2187 4118 2280 4170 καὶ
2301 4118 2422 4178 ταῖς
2451 4114 2543 4168 τοῦ
2578 4113 2712 4167 Θεοῦ
2757 4114 3052 4183 δυνάμεσιν
3101 4111 3379 4174 ἀνατεθεὶς
3414 4110 3630 4179 ψάλλει,
3675 4109 3771 4162 καί

2188 4220 2353 4274 φησιν
2376 4219 2391 4233 ⁸
2424 4221 2443 4255 ι
2466 4205 2579 4256 Οὐκ
2598 4202 2691 4255 ἐπὶ
2721 4202 2797 4272 τῷ
2828 4202 2965 4272 τόξῳ
2986 4219 3083 4272 μου
3106 4200 3296 4264 ὲλπιῶ,
3327 4201 3422 4254 καὶ
3454 4201 3486 4269 ἡ
3518 4200 3769 4269 ῥομφαία

2193 4315 2291 4368 μου
2321 4298 2381 4349 οὐ
2410 4296 2571 4349 σώσει
2614 4311 2702 4365 με.
2723 4295 2970 4356 Ἐσωσας
3000 4292 3107 4364 γάρ
3136 4293 3284 4362 ἡμᾶς
3322 4293 3387 4344 ὲκ
3412 4290 3520 4345 τῶν
3555 4290 3766 4344 θλιϐόν-

2190 4408 2295 4444 των
2331 4391 2493 4460 ήμᾶς.
2536 4408 2554 4441 ι
2588 4389 2799 4459 Ὥσπερ
2836 4387 3015 4440 τοίνυν
3040 4387 3100 4439 τὸ
3128 4386 3226 4456 τῆς
3255 4384 3461 4439 ἄνωθεν
3488 4385 3770 4454 ἡμερότη-

516 4479 785 4535 serviliter
809 4479 1183 4543 succumbere,
1207 4481 1426 4535 omnino
1451 4491 1533 4535 est
1562 4496 1801 4536 necesse.
1826 4482 2000 4537 Iratus
2028 4498 2075 4537 ea

2188 4499 2280 4543 τος
2329 4480 2586 4551 εὐμενὲς,
2648 4479 3059 4549 ἀλκιμωτάτους
3106 4478 3253 4548 ἡμᾶς
3305 4476 3627 4544 ἀποφαίνει,
3678 4476 3772 4528 καὶ

517 4588 675 4642 ergo,
708 4587 773 4626 eo
807 4572 948 4640 quod
981 4572 1231 4627 videlicet
1263 4573 1505 4627 bacchali
1542 4574 1833 4629 crudeliter
1865 4590 2083 4641 sumus,

519 4673 572 4719 et
606 4672 918 4732 peccatores
952 4678 1015 4716 ac
1051 4663 1244 4718 nefarii
1278 4664 1618 4729 exstitimus,
1650 4667 1784 4720 adeo
1820 4678 1877 4721 ut
1908 4667 2087 4720 omnis

515 4755 724 4827 iustitia
771 4764 980 4819 nostra,
1016 4755 1209 4826 inquit,
1244 4771 1421 4823 panno
1466 4767 1811 4812 menstruales
1850 4759 2089 4814 mulieris

522 4860 642 4900 esse
672 4845 863 4902 similis
892 4846 1155 4911 videatur,
1188 4846 1239 4899 id
1269 4857 1381 4909 est,
1413 4847 1770 4903 abominanda
1806 4850 1877 4903 sit
1902 4860 1956 4904 et
1988 4851 2089 4904 im-

522 4946 675 5000 pura.
705 4931 812 4987 Nec
839 4933 979 4989 enitr.
1006 4931 1163 4989 facile
1191 4934 1392 4990 videris
1414 4935 1674 5005 justitiam
1710 4940 1847 5008 apud
1881 4939 2091 4995 Israeli-

526 5034 629 5088 tas,
652 5025 882 5080 maxime
908 5042 1049 5081 nunc
1076 5038 1193 5095 post
1220 5028 1550 5097 impietatem
1576 5030 1625 5083 in
1654 5029 1951 5097 Christum,
1976 5049 2094 5102 quae

526 5132 633 5171 non
680 5118 1105 5186 reprehendatur
1148 5128 1203 5172 et
1248 5118 1719 5175 irrideatur..Nam
1769 5122 1861 5192 qui
1912 5136 2095 5193 pectus

528 5206 727 5263 habent
757 5207 939 5262 divino
970 5219 1026 5261 et
1060 5209 1375 5279 intelligibili
1412 5210 1614 5266 lumine
1645 5214 1865 5267 omnino
1897 5216 2093 5268 nudmn

525 5310 581 5354 et
620 5314 845 5354 vacuum
890 5318 906 5353 :
949 5304 1037 5367 qui
1079 5300 1193 5354 ﬁeri
1236 5311 1417 5367 posset
1459 5313 1512 5355 ul
1555 5304 1799 5357 semitam
1840 5316 1986 5360 recta
2029 5307 2095 5371 ad

529 5404 713 5445 sacras
741 5390 886 5461 leges
912 5390 1260 5447 deducentem
1288 5394 1536 5447 videant?
1558 5404 1649 5448 aut
1670 5397 1936 5464 quomodo
1957 5397 2090 5466 justi

2190 4574 2460 4646 διανευροῖ
2483 4573 2618 4643 πρὸς
2646 4572 2955 4625 ἀντίστασιν
2984 4565 3077 4624 τοῦ
3126 4568 3321 4624 κακοῦ·
3358 4567 3499 4621 κατά
3523 4567 3615 4619 τὸν
3656 4566 3772 4619 ἴσον

2192 4666 2399 4719 τουτονὶ
2423 4666 2644 4736 τρόπον,
2670 4665 2800 4718 ὅταν
2844 4663 2950 4717 ὑπὸ
2983 4662 3130 4715 θείαν
3156 4661 3441 4730 πίπτωμεν
3489 4658 3684 4731 ὀργὴν,
3713 4658 3772 4711 τὸ

2192 4758 2447 4829 τηνικάδε
2481 4758 2632 4812 πᾶσά
2693 4774 2811 4820 πως
2862 4755 3075 4825 ἀνάγκη
3129 4753 3507 4825 δουλοπρεπῶς
3564 4753 3771 4820 ὐποφέ-

2200 4850 2387 4920 ρεσθαι
2412 4852 2532 4912 ταῖς
2577 4852 2656 4912 είς
2680 4849 2741 4902 τὸ
2788 4847 2988 4917 φαῦλον
3028 4847 3259 4918 ἡδοναῖς·
3290 4845 3565 4917 ὡργίσθης
3590 4846 3771 4899 τοίνυν

2196 4943 2282 5011 ἐφ’
2339 4935 2419 5005 οἷς
2478 4940 2716 5012 δηλονότι
2774 4942 3248 5011 πεπαρῳνήκαμεν
3269 4978 3285 5002 ,
3332 4940 3427 4990 καὶ
3466 4936 3770 5007 γεγόναμεν

2192 5032 2524 5106 ἁμαρτωλοὶ,
2542 5033 2635 5085 καὶ
2658 5031 2893 5102 βέϐηλοι,
2916 5031 3055 5085 ὥστε
3079 5032 3171 5084 καὶ
3189 5031 3366 5084 πᾶσαν
3386 5029 3563 5101 ἡμῶν,
3610 5030 3766 5099 φησὶ,

2194 5126 2291 5195 τὴν
2327 5125 2671 5193 δικαιοσύνην
2721 5125 2953 5178 ἑοικέναι
3004 5124 3159 5196 ρἁει
3218 5122 3473 5191 γυναικὸς
3528 5122 3770 5175 ἀποκαθε

2191 5216 2423 5285 ημένης,
2454 5216 2715 5281 τουτέστι,
2744 5214 3003 5285 βδελυρὰν
3042 5211 3181 5268 εἶναι
3210 5214 3304 5268 καὶ
3337 5213 3663 5285 ἀκάθαρτον.
3693 5215 3769 5266 Οὐ

2194 5324 2303 5377 γαρ
2335 5308 2451 5361 ἐστι
2494 5307 2839 5378 δικαιοσύνην
2888 5307 3012 5359 ἰδεῖν
3065 5305 3217 5377 παρὰ
3261 5307 3374 5368 τοῖς
3421 5304 3482 5369 ἐξ
3538 5305 3772 5373 αἵματος

2214 5399 2459 5472 Ἰσραὴλ,
2511 5402 2628 5455 νυνὶ
2674 5400 2737 5472 δὴ
2788 5401 3017 5470 μάλιστα
3078 5399 3215 5470 μετὰ
3266 5398 3361 5470 τὴν
3410 5399 3490 5462 εἰς
3539 5399 3774 5467 Χριστὸν

604 5569 650 5601 ³⁸
680 5570 820 5626 Psal.
848 5587 1036 5639 cxvm,
1065 5574 1149 5640 ll,
1184 5575 1267 5628 l5.
1345 5576 1548 5631 "l’sal.
1576 5593 1733 5643 ut",
1777 5578 1861 5633 l0.
1939 5578 1983 5609 ³⁸
2009 5578 2070 5634 lo

2191 5597 2277 5645 xv,
2331 5582 2385 5636 5.
2463 5580 2504 5613 ³⁷
2550 5580 2691 5638 Psal.
2730 5597 2991 5647 Lxxxvm,
3027 5581 3113 5637 l8.
3190 5581 3233 5614 ³⁸
3273 5579 3410 5636 Psal.
3446 5596 3599 5647 mu,
3628 5580 3682 5645 '.',
3716 5580 3764 5632 8.

2970 5694 2999 5731 ί
3764 5724 3774 5754 ι

614 5745 689 5817 (l)
740 5748 833 5816 Ὡς
862 5750 1014 5819 χοῦν
1039 5751 1180 5808 LXX
1212 5754 1408 5823 delent,
1442 5772 1538 5813 nec
1567 5757 1620 5813 in
1655 5758 1901 5816 versione
1934 5758 2199 5816 Hunfredi
2236 5760 2521 5830 reperitur.
