4022 6400
296 371 432 429 μοι

1384 376 1449 431 ΙΝ
1490 378 1722 433 ΙΒΑΙΑΜ
1765 379 1891 436 LIB.
1936 383 1999 438 ν.
2038 380 2272 437 TOMUS
2310 380 2395 436 Vl.

3408 391 3545 447 “02

292 485 568 549 ἀσέϐειαν,
595 486 824 556 ἀμωμόν
848 503 907 539 τε
936 488 1028 541 καὶ
1079 488 1482 543 ἀκατάσκοπον·
1514 494 1563 544 oi
1587 492 1695 563 γὰρ
1740 493 1861 556 ὅλως

1981 511 2107 550 vere
2134 496 2260 561 sint,
2293 497 2383 565 qui
2415 495 2723 566 evangelica
2756 498 3139 566 praedicatione
3167 513 3378 569 carent,
3414 509 3556 562 unde

296 580 479 648 φωτὸς
539 580 631 634 τοῦ
683 580 829 634 θείου
880 584 972 636 καὶ
1021 583 1213 653 νοητοῦ
1259 585 1471 655 γυμνὴν
1506 586 1598 638 καὶ
1654 588 1870 657 ἐρήμην

293 669 507 739 ἔχοντες
526 671 624 737 τὴν
658 671 905 743 καρδίαν,
964 672 1079 736 πῦς
1118 674 1184 727 ἂν
1233 674 1421 728 εἰδεῖεν
1456 675 1556 745 τήν
1586 676 1714 728 εὐθὺ
1763 676 1872 730 τῶν

296 760 456 829 ιερῶν
482 761 658 831 νόμων
674 764 1060 835 ἀποφέρουσαν
1078 765 1261 835 τρίϐον
1286 784 1299 830 ;
1332 768 1404 819 Ἢ
1434 767 1551 830 πῶς
1589 766 1654 822 ἂν
1675 767 1870 821 δίκαιοι

292 852 435 905 κατά
496 852 558 905 τὸ
614 854 813 924 ἀληθὲς
876 856 984 910 τῶν
1055 858 1423 926 εὐαγγελικῶν
1500 861 1871 931 κηρυγμάτων

290 944 673 1016 ἠμοιρηκότες,
708 948 776 1001 δι’
806 943 881 1003 ὦν
914 948 1029 1003 ἔστι
1063 950 1253 1021 μαθεῖν
1283 954 1381 1023 τῆς
1414 954 1747 1022 ἀξιαγάστου
1776 973 1872 1009 πο-

291 1034 495 1099 λιτείας
514 1036 612 1108 τὴν
636 1039 786 1106 ὀδόν;
820 1041 1119 1113 ἀκάθαρτοι
1170 1044 1233 1115 δὴ
1280 1042 1394 1111 οῦν,
1438 1046 1541 1099 κᾶν
1584 1049 1631 1099 εί
1664 1047 1871 1101 δοκοῖεν

291 1123 429 1181 εἶναι
461 1130 605 1192 τινὲς
636 1133 862 1201 χρηστοὶ
919 1135 1013 1187 καὶ
1054 1136 1337 1201 ἐπιεικεῖς.
1372 1138 1579 1211 Ὠσπερ
1615 1139 1671 1193 δὲ
1698 1140 1871 1209 φύλλα

291 1219 643 1275 πεπτώκασιν
696 1224 759 1276 ὲκ
791 1225 981 1294 φυτοῦ,
1016 1228 1109 1282 καὶ
1140 1229 1292 1283 οὐδὲν
1335 1230 1561 1294 ἀπεικὸς
1613 1233 1661 1284 εί
1714 1231 1871 1285 τοῦτο

290 1310 574 1377 παθόντες,
602 1316 692 1367 καὶ
712 1317 1147 1389 διαρῤιπτεῖσθαι
1187 1321 1462 1392 πανταχοῦ
1495 1323 1870 1395 προσδοκῶσιν

290 1404 340 1455 oi
373 1403 616 1468 τάλανες·
646 1407 1119 1481 εὐπαρακόμιστον
1147 1413 1255 1483 γάρ
1308 1415 1571 1483 ἐσχήκασι
1605 1414 1703 1485 τὴν
1734 1431 1870 1485 καρ-

289 1493 427 1557 δίαν,
478 1498 571 1550 καὶ
616 1492 725 1551 οἷον
775 1503 937 1554 παντὶ
967 1504 1405 1577 περιφερομένην
1454 1504 1748 1576 πνεύματι,
1776 1506 1871 1559 καὶ

290 1585 468 1649 οὐδείς
486 1589 605 1641 ἐστι
642 1591 771 1661 παρ’
801 1592 986 1656 αὐτοῖς
1014 1596 1043 1647 ὀ
1062 1595 1301 1665 γνησίως
1337 1596 1714 1650 ἐπικαλεῖσθαι
1736 1596 1869 1649 Θεὸν

290 1674 463 1738 εἰδὼς,
496 1679 662 1749 ήγουν
693 1681 781 1735 διὰ
840 1686 1060 1756 μνήμης
1105 1685 1263 1756 ἔχων,
1306 1688 1387 1741 ὅτι
1432 1688 1537 1759 χρὴ
1582 1688 1683 1757 τῆς
1734 1688 1870 1759 πρὸς

288 1767 451 1821 αὐτὸν
474 1771 805 1841 οἰκειότητος
837 1776 1212 1830 ἀντιλαϐέσθαι
1258 1780 1542 1844 νεανικῶς·
1576 1780 1869 1833 πεπτώκα-

1975 587 2160 642 liceret
2203 587 2473 658 praeclara:
2516 590 2945 645 conversationis
2986 594 3126 646 viam
3171 595 3416 649 discere?
3456 598 3555 651 lm-

1975 681 2089 749 puri
2128 680 2290 750 igitur
2321 690 2468 745 sunt,
2496 680 2707 734 etiamsi
2747 682 2868 735 boni
2904 694 2958 736 et
2988 684 3139 752 probi
3178 701 3298 740 esse
3333 689 3554 744 videan-

1973 780 2080 826 tur.
2115 774 2191 826 Ac
2240 782 2494 842 tanquam
2542 772 2666 827 folia
2711 774 3023 829 ceciderunt
3069 777 3133 830 de
3179 783 3404 841 arbore;
3457 797 3555 836 nec

1974 865 2169 917 mirum
2200 876 2283 917 est
2311 866 2355 919 si
2385 879 2505 919 cum
2538 864 2641 917 hoc
2676 863 2778 918 illis
2810 867 3042 929 accidat,
3070 868 3233 921 etiam
3272 871 3551 941 abiectum

1973 955 2038 1010 iri
2089 972 2148 1011 se
2192 956 2346 1026 plane
2401 966 2620 1024 sperent
2670 957 2872 1012 miseri.
2922 957 3161 1014 Labilem
3217 978 3448 1032 namque
3501 977 3555 1020 et

1972 1046 2231 1100 lubricam
2278 1057 2507 1100 mentem
2549 1045 2872 1109 habuerunt,
2901 1063 3021 1116 quae
3054 1050 3200 1101 omni
3247 1062 3407 1105 vento
3447 1054 3553 1105 cir-

1971 1139 2268 1194 cumfertur
2287 1138 2353 1195 ³³.
2376 1136 2485 1192 Nec
2511 1138 2794 1206 quisquam
2826 1154 3011 1192 eorum
3040 1149 3124 1193 est
3174 1141 3265 1210 qui
3293 1158 3551 1211 germane

1973 1245 2036 1284 ac
2062 1230 2293 1299 genuine
2320 1230 2457 1284 sciat
2486 1230 2651 1284 Deum
2679 1230 2946 1291 invocare.
2972 1240 3063 1284 aut
3090 1232 3180 1301 qui
3216 1234 3544 1300 meminerit,

1972 1322 2403 1391 coniunctionem
2437 1338 2555 1391 quae
2589 1338 2710 1377 cum
2748 1324 2864 1391 ipso
2897 1332 3010 1386 est,
3044 1325 3547 1393 apprehendendani

1971 1425 2027 1470 et
2049 1414 2472 1483 amplectendam
2502 1425 2749 1484 prompte
2774 1424 2827 1468 et
2855 1414 3008 1483 quasi
3038 1413 3369 1482 iuveniliter.
3398 1417 3553 1471 Ceci-

1972 1507 2147 1560 dintus
2186 1514 2387 1570 autem,
2419 1506 2683 1575 inquiunt,
2711 1520 2775 1560 eo
2815 1505 3067 1572 miseriae,
3101 1525 3118 1557 ι
3148 1508 3271 1575 quia
3306 1509 3549 1563 avertisti

1973 1596 2163 1651 faciem
2198 1605 2345 1650 tuam
2380 1611 2408 1649 a
2446 1596 2621 1659 nobis,
2646 1608 2702 1650 et
2737 1596 3000 1651 tradidisti
3039 1612 3135 1650 nos
3172 1609 3391 1666 propter
3423 1614 3551 1661 pec.-

1971 1701 2090 1743 cata
2123 1698 2328 1744 nostra.
2367 1708 2387 1741 ι
2426 1688 2543 1743 Non
2578 1689 2723 1743 enim
2758 1690 2899 1743 beati
2932 1704 3053 1744 esse
3082 1701 3349 1759 poterant,
3380 1706 3406 1741 a
3441 1689 3551 1742 υυο

1974 1779 2192 1848 rejecti;
2236 1788 2286 1834 at
2324 1780 2471 1834 omni
2518 1779 2660 1834 malo
2707 1779 2945 1848 transﬁgi
2991 1780 3150 1850 plane
3192 1792 3405 1850 Oportet
3434 1796 3547 1844 eos,

291 1872 390 1924 μεν
415 1858 492 1920 δὲ,
541 1860 694 1928 φατὶ,
732 1862 868 1932 πρὸς
906 1863 1066 1918 τοῦτο
1114 1866 1506 1937 ταλαιπωρίας,
1563 1887 1582 1920 ι
1623 1870 1703 1922 ὅτι
1753 1870 1860 1922 ἀπ-

1972 1870 2060 1936 (ιυί
2092 1870 2224 1922 adeo
2259 1869 2442 1923 multis
2472 1869 2707 1938 peccatis
2735 1870 2941 1923 onerati
2973 1879 3118 1923 sunt.

288 1947 559 2021 έστρεψας
593 1952 653 2005 τὸ
679 1954 965 2023 πρόσωπόν
998 1974 1090 2009 σου
1126 1958 1220 2027 ἀφ’
1244 1959 1423 2030 ήμῶν,
1465 1962 1559 2013 καὶ
1590 1961 1913 2032 παρέδωκας
1943 1962 2092 2030 ἡμᾶς
2147 1960 2234 2013 διὰ
2262 1961 2361 2023 τὰς
2393 1960 2663 2031 ἁμαρτίας
2686 1959 2863 2030 ήμῶν.
2898 1979 2915 2011 ι
2944 1961 3017 2012 Οὐ
3040 1960 3147 2031 γὰρ
3183 1956 3251 2031 ἦν
3281 1959 3549 2033 εὐπράξαι

286 2043 412 2104 τοὺς
437 2044 788 2115 ἀποστροφὴν
825 2047 1224 2117 ὑπομείναντας
1288 2050 1385 2121 τὴν
1419 2052 1571 2122 παρά
1632 2052 1789 2119 Θεοῦ,
1816 2052 1933 2105 ἀλλ’
1971 2048 2037 2123 ἦν
2077 2052 2229 2106 πᾶσά
2277 2070 2393 2116 πως
2453 2052 2665 2122 ἀνάγκη
2710 2052 2872 2104 παντὶ
2923 2051 3342 2123 περιπείρεσθαι
3395 2052 3549 2126 κακῷ

285 2134 410 2197 τοὺς
435 2138 552 2199 ταῖς
577 2136 720 2192 οὕτω
743 2138 962 2204 πολλαῖς
996 2142 1291 2213 ἁμαρτίαις
1358 2144 1871 2222 κατηχθισμένους].

357 2227 464 2279 Καὶ
491 2227 626 2295 νῦν,
656 2231 850 2299 Κύριε,
893 2233 1095 2302 Πατὴρ
1129 2234 1298 2303 ἡμῶν
1330 2236 1412 2290 σὺ
1441 2233 1512 2290 εἶ.
1556 2236 1754 2306 Ἡμεῖς
1791 2238 1861 2292 δὲ

285 2316 513 2382 πηλὸς,
575 2317 719 2389 ἔργα
781 2320 901 2374 τῶν
952 2321 1166 2391 χειρῶν
1218 2340 1335 2379 σου
1393 2326 1614 2393 πάντες
1663 2327 1852 2397 ἡμεῖς.

283 2407 383 2476 Μὴ
445 2410 674 2479 ὀργίζου
730 2413 875 2483 ἡμῖν
927 2415 1197 2485 σφόδρα,
1264 2417 1362 2471 καί
1414 2417 1499 2489 μὴ
1547 2420 1617 2471 ἐν
1678 2417 1857 2489 καιρῷ

278 2502 563 2571 μνησθῇς
634 2505 932 2574 ἁμαρτιῶν
1003 2507 1191 2576 ἡμῶν.
1262 2510 1369 2564 Καὶ
1437 2511 1554 2565 νῦν
1619 2512 1857 2565 ἐπίϐλε-

283 2595 435 2660 ψιον,
493 2593 583 2648 ὅτι
627 2597 778 2663 λαός
822 2611 940 2652 σου
987 2597 1211 2666 πάντες
1264 2600 1469 2669 ἡμεῖς,
1525 2604 1701 2669 πόλις
1748 2603 1857 2657 τοῦ

293 2685 356 2740 Ἀ
365 2687 497 2755 τίου
530 2703 669 2742 σου.

353 2778 749 2850 Παραιτοῦνται
782 2782 986 2853 σφόδρα
1030 2783 1091 2836 τὸ
1124 2784 1356 2839 είσάπαν
1398 2784 1710 2839 ἀπολισθεῖν
1760 2787 1857 2857 τῆς

282 2870 423 2941 πρὸς
444 2872 606 2925 αὑτὸν
627 2873 978 2944 οίκειότητος.
1015 2874 1231 2947 Ἐπειδὴ
1256 2877 1311 2929 δὲ
1334 2876 1421 2930 διὰ
1455 2876 1651 2947 πολλὴν
1674 2878 1855 2947 ἁμαρ-

2043 2239 2200 2295 ths.
2229 2239 2282 2304 8,
2311 2239 2364 2294 9.
2396 2238 2462 2292 Et
2505 2254 2661 2303 nunc,
2701 2236 2943 2297 Domine,
2991 2234 3155 2289 Pater
3176 2248 3353 2289 noster
3377 2244 3430 2287 lu
3454 2253 3507 2288 ea
3530 2276 3546 2300 ,

1966 2349 2055 2385 nos
2081 2343 2251 2383 autem
2278 2330 2476 2401 lutum;
2504 2344 2657 2397 opera
2686 2342 2936 2380 manuum
2962 2336 3171 2378 tuarum
3211 2342 3385 2379 omnes
3429 2343 3545 2381 πω.

1966 2423 2047 2479 Ne
2076 2424 2329 2478 irascaris
2361 2423 2506 2476 nobis
2538 2422 2715 2483 nimis,
2744 2433 2790 2475 et
2820 2439 2882 2475 ne
2914 2420 3207 2474 memineris
3232 2419 3288 2472 in
3321 2430 3547 2486 tempore

1962 2527 2286 2584 peccatorum
2316 2525 2631 2569 nostrorum.
2665 2513 2817 2566 Nunc
2846 2530 2965 2581 ergo
2996 2513 3208 2579 respice,
3230 2513 3353 2581 quia
3381 2528 3549 2580 popu-

1963 2608 2044 2662 lus
2071 2618 2190 2663 tuus
2214 2625 2388 2663 omnes
2417 2624 2541 2673 nos,
2571 2608 2753 2661 civitas
2782 2606 2966 2661 Sancti
2991 2606 3088 2658 tui.

2034 2783 2201 2838 Valde
2242 2784 2621 2853 deprecantur,
2652 2782 2875 2836 omnino
2917 2797 2945 2835 a
2995 2781 3372 2850 conjunctione
3423 2796 3546 2837 cum

1968 2875 2080 2929 Deo
2121 2876 2391 2929 excidere.
2429 2874 2564 2941 Quia
2601 2890 2727 2927 vero
2764 2884 2983 2942 propter
3016 2876 3179 2927 inulta
3218 2882 3439 2941 peccata
3476 2874 3541 2925 ad

280 2963 399 3017 τίαν
422 2964 842 3035 παρηνέχθησαν
871 2967 951 3030 είς
986 2965 1162 3031 τοῦτο,
1212 2967 1471 3021 πλέκουσι
1512 2986 1629 3032 πως
1657 2969 1857 3042 ἀρίστῃ

1970 2968 2071 3021 hoc
2120 2968 2335 3021 deducti
2390 2976 2545 3031 sunt,
2597 2966 2764 3036 890
2817 2980 3005 3034 preces
3058 2965 3260 3034 optimo
3316 2964 3547 3017 artiﬁcio

278 3055 445 3128 τέχνῃ
494 3056 592 3118 τὰς
642 3055 813 3120 λιτάς
869 3058 929 3110 οὐ
984 3058 1094 3129 γὰρ
1130 3059 1343 3129 ἔχοντες
1395 3060 1452 3127 ἐξ
1478 3060 1641 3132 ἔργου
1683 3063 1779 3115 καὶ
1804 3062 1861 3128 ἐξ

1967 3068 2171 3114 texunt.
2195 3056 2327 3112 Cum
2359 3059 2503 3112 enim
2538 3073 2639 3110 non
2676 3059 2882 3125 possint
2912 3057 3163 3127 operibus
3194 3064 3248 3110 et
3276 3057 3545 3124 inculpata

280 3149 582 3219 ἀμωμήτου
609 3149 755 3220 ζωῆς
792 3151 1175 3222 ὲκδυσωπῆσαι
1213 3153 1304 3205 τὸν
1340 3152 1599 3218 σώζοντα,
1632 3155 1719 3222 ἐφ’
1741 3154 1861 3207 ἓτε-

282 3240 376 3310 ρόν
408 3258 461 3293 τι
496 3239 786 3309 βαδίζουσι.
834 3242 1216 3312 Παρακαλοῦσι
1263 3243 1372 3314 γὰρ
1409 3245 1484 3309 ὼς
1520 3246 1861 3316 Δημιουργὸν

280 3332 603 3402 ποιημάτων
632 3332 777 3385 ίδίων
808 3331 994 3386 θέσθαι
1026 3334 1149 3387 τινὰ
1170 3335 1349 3404 λόγον,
1372 3336 1465 3390 καὶ
1486 3338 1668 3408 νεῖμαι
1696 3337 1861 3406 φειδῶ

278 3426 391 3488 τοῖς
427 3424 557 3496 παρ’
592 3424 757 3478 αὑτοῦ
809 3427 1309 3498 παρενηνεγμένοις
1358 3431 1437 3491 είς
1485 3430 1545 3482 τὸ
1576 3425 1734 3494 εἶναι,
1765 3433 1860 3485 καὶ

278 3516 403 3587 ζῇν.
459 3537 477 3569 ι
506 3518 698 3588 Πατὴρ
747 3517 855 3587 γὰρ
906 3517 1062 3588 ήμῶν
1112 3520 1547 3590 κεχρημάτικας,
1592 3542 1611 3573 ι
1658 3523 1856 3592 φησὶν,

283 3625 303 3659 ι
328 3608 493 3677 ἐσμὲν
523 3608 578 3662 δὲ
612 3611 775 3680 ήμεῖς
804 3609 913 3663 τῶν
946 3610 1053 3663 σῶν
1079 3610 1215 3680 ἔργα
1253 3612 1474 3683 χειρῶν.
1526 3613 1736 3667 Οὐκοῦν
1784 3613 1857 3686 μὴ

276 3697 496 3768 ὀργίζου
530 3700 661 3769 ἡμῖν
689 3702 914 3772 σφόδρα.
957 3721 976 3753 ι
1022 3704 1136 3756 Οὐκ
1173 3703 1481 3771 ἀγνοοῦσιν,
1514 3707 1595 3759 ὅτι
1620 3723 1857 3777 προσκε-

276 3790 607 3860 κρούκασιν,
663 3792 987 3863 ὁμολογοῦσι
1043 3795 1099 3848 δὲ
1159 3796 1384 3866 μᾶλλον,
1441 3797 1522 3850 ὅτι
1571 3799 1665 3851 καὶ
1703 3798 1858 3869 δίκης

275 3879 459 3945 ἀξίους
514 3881 738 3945 ἑαυτοὺς
773 3882 1082 3954 ἀπέφηναν,
1152 3887 1610 3956 πεπαρῳνηκότες
1652 3888 1857 3960 ἀγρίως

276 3970 357 4031 είς
374 3969 465 4022 τὸν
486 3970 637 4024 Υίόν·
671 3971 759 4025 διὰ
786 3972 943 4027 τοῦτο
996 3977 1279 4046 μονονουχὶ
1330 3977 1619 4042 κολάζουσι
1657 3979 1733 4051 (1)
1759 3980 1856 4051 τὴν

274 4061 450 4133 λιτὴν,
487 4064 580 4116 καὶ
626 4065 727 4118 οὐκ
773 4065 1065 4138 ἐλευθέραν
1102 4067 1383 4132 παντελῶς
1435 4069 1713 4124 ποιοῦνται
1756 4073 1856 4142 τὴν

275 4155 558 4225 πρόσοδον·
599 4155 772 4228 βραχὺ
796 4159 854 4212 δέ
876 4177 993 4223 πως
1009 4160 1107 4232 τὴν
1126 4163 1435 4235 παρρησίαν
1459 4165 1851 4231 συστείλαντες,

275 4246 335 4299 οὐ
369 4247 429 4300 τὸ
487 4248 623 4319 μηδὲ
658 4249 794 4313 ὅλως
853 4250 1167 4322 ὀργίζεσθαι
1223 4254 1344 4306 κατ’
1388 4254 1567 4308 αὐτῶν
1614 4256 1853 4312 αἰτοῦσιν

1963 3151 2075 3205 vita
2125 3149 2471 3205 Servatorem
2529 3150 2779 3219 placare,
2823 3150 2889 3203 ad
2939 3151 3082 3204 aliud
3133 3165 3190 3204 se
3238 3148 3543 3205 conferunt.

1963 3241 2174 3312 Rogant
2199 3241 2339 3296 enim
2370 3250 2425 3293 ut
2449 3242 2786 3306 Creatorem,
2813 3251 2870 3295 ut
2897 3241 2978 3295 sui
3014 3241 3255 3310 ﬁgmenti
3285 3241 3544 3293 rationem

1962 3333 2174 3397 habeat,
2198 3344 2253 3387 et
2280 3335 2708 3389 misericordiam
2736 3332 2983 3387 conferat
3008 3333 3063 3387 in
3093 3347 3186 3386 eos
3213 3331 3303 3400 qui
3334 3331 3400 3383 ab
3428 3332 3546 3398 ipso

1962 3426 2013 3479 in
2046 3440 2223 3479 rerum
2258 3436 2501 3480 naluram
2554 3435 2607 3481 et
2658 3426 2821 3479 vitam
2852 3424 3096 3494 producti
3130 3432 3274 3478 sunt.
3328 3441 3349 3475 ι
3389 3422 3547 3475 Pater

1959 3515 2102 3569 enim
2158 3525 2357 3579 noster,
2388 3536 2407 3568 ι
2442 3517 2634 3584 inquit,
2667 3534 2685 3567 ι
2717 3514 3065 3581 nnncuparis,
3122 3527 3323 3582 nosque
3359 3529 3546 3567 smnus

1959 3620 2121 3670 opera
2176 3622 2429 3659 manuum
2479 3616 2711 3659 tnartnn.
2745 3603 2928 3671 Itaque
2974 3620 3041 3658 ne
3088 3604 3340 3658 irascaris
3390 3606 3543 3657 nobis

1958 3696 2213 3764 graviter.
2246 3716 2264 3746 ι
2301 3696 2413 3750 Non
2445 3698 2696 3767 ignorant
2722 3713 2781 3751 se
2810 3696 3117 3759 offendisse,
3144 3696 3251 3750 imo
3276 3698 3542 3751 conlitcn-

1961 3796 2067 3850 tur,
2098 3788 2237 3855 quod
2274 3802 2333 3843 se
2365 3804 2525 3855 pmna
2559 3790 2748 3857 dignos
2782 3789 3077 3853 effecerint,
3108 3789 3418 3841 immaniter
3447 3789 3539 3841 de-

1958 3877 2205 3934 bacchati
2239 3880 2291 3933 in
2325 3878 2541 3934 Filium.
2580 3880 2784 3934 Idcirco
2818 3881 2979 3933 etiam
3013 3879 3379 3950 precationem
3420 3889 3545 3932 tan-

1960 3981 2069 4027 tum
2111 3988 2217 4027 non
2264 3973 2654 4037 conscintlunt,
2689 3987 2787 4028 nec
2830 3974 3056 4029 liberum
3108 3973 3209 4027 sibi
3259 3988 3541 4028 accessum

1957 4065 2267 4135 aditumque
2300 4066 2527 4131 faciunt,
2559 4068 2652 4121 sed
2686 4066 3076 4135 aliquantulum
3117 4066 3363 4135 loquendi
3405 4065 3544 4117 [idu-

1957 4159 2094 4213 ciam
2146 4160 2493 4226 contrahunt,
2528 4159 2802 4229 Deumque
2838 4168 2997 4213 orant
3035 4158 3438 4220 miserabiliter,
3474 4172 3542 4211 ne

1956 4251 2175 4306 omnino
2211 4252 2311 4307 sibi
2347 4252 2642 4316 irascatur,
2680 4254 2773 4307 sed
2812 4260 2870 4305 ut
2903 4252 3139 4306 furorem
3175 4250 3543 4321 placabilitate

276 4339 523 4404 ἐλεεινῶς
561 4340 653 4394 τὸν
700 4342 854 4407 Θεὸν,
887 4345 1291 4401 άναπλέκεσθαι
1322 4347 1379 4400 δὲ
1410 4349 1608 4419 μᾶλλον
1627 4351 1851 4422 γαληνόο

1967 4352 2348 4413 contemperet.
2372 4343 2525 4415 Digni
2555 4345 2792 4414 quidem.
2819 4346 3011 4415 inquit,
3039 4362 3225 4400 sumus
3251 4345 3407 4415 plane
3435 4346 3537 4410 ira,

274 4449 396 4501 τητι
424 4434 515 4485 τὸν
536 4433 725 4504 θυμόν.
762 4436 934 4500 ’Ᾱξιοι
962 4438 1059 4508 μὲν
1114 4438 1222 4511 γὰρ
1266 4442 1435 4512 ὀργῆς
1486 4442 1850 4515 ὁμολογουμέ-

274 4538 398 4584 νως,
424 4524 605 4593 φησὶν,
634 4526 683 4577 οί
712 4528 825 4587 τοῖς
848 4525 1020 4591 οὕτως
1040 4527 1231 4593 δεινοῖς
1262 4531 1609 4601 ὲνισχημένοι
1635 4538 1844 4601 κακοῖς,

1956 4437 2090 4487 adeo
2142 4433 2396 4503 gravibus
2445 4435 2597 4490 malis
2653 4436 2946 4503 implicati;
3001 4446 3057 4491 at
3109 4446 3197 4491 tua
3251 4435 3539 4491 clementia

1953 4526 2169 4595 dignum
2203 4535 2285 4580 est
2338 4526 2475 4579 iram
2511 4528 2673 4581 etiam
2712 4528 2913 4598 justam
2957 4529 3007 4581 in
3060 4544 3157 4582 nos
3200 4530 3446 4583 minuere
3488 4542 3541 4584 ct

274 4612 411 4665 ἀλλά
423 4614 522 4683 τῆς
539 4615 637 4686 σῆς
664 4618 769 4687 ήμε
778 4617 1000 4687 ρότητος
1028 4618 1175 4685 ἀξιον
1198 4620 1408 4687 γένοιτο
1434 4621 1498 4675 ἂν
1514 4623 1575 4675 τὸ
1592 4623 1845 4679 κολοϐοῦν

1967 4616 2252 4670 iecurtare.
2296 4635 2314 4669 ι
2366 4616 2633 4687 Tempore
2680 4638 2699 4671 ι
2748 4620 2913 4687 igitur
2956 4619 3290 4683 aﬂlictionis,
3330 4620 3538 4697 inquit,

274 4700 359 4770 ἐφ’
388 4703 539 4772 ήμῖν,
569 4706 663 4758 καὶ
692 4706 758 4758 τὰ
778 4707 843 4758 ὲκ
870 4706 1081 4769 δικαίας
1097 4708 1284 4779 ὀργῆς.
1310 4728 1327 4761 ι
1366 4710 1456 4762 Ἐν
1484 4711 1661 4782 καιρῷ
1690 4732 1707 4763 ι
1738 4712 1846 4765 τοί-

1963 4726 1981 4758 ‹
2021 4722 2090 4762 ne
2130 4708 2439 4764 memineris
2480 4718 2823 4777 peccatorum
2870 4718 3198 4775 nostrorum,
3229 4712 3322 4764 sed
3365 4711 3539 4779 cogita

274 4811 367 4846 νυν
422 4793 670 4864 θλίψεως,
729 4799 883 4869 φησὶ,
942 4819 961 4851 r
1011 4800 1085 4871 μὴ
1126 4800 1371 4873 μνησθῇς
1420 4802 1528 4854 τῶν
1566 4804 1851 4875 ἁμαρτιῶν

1967 4800 2209 4869 populum
2249 4811 2396 4855 tuum
2433 4817 2529 4856 nos
2560 4818 2750 4859 omnes
2779 4817 2919 4868 esse,
2950 4812 3004 4857 et
3038 4804 3311 4857 civitatem
3350 4800 3535 4856 Sancti

273 4886 450 4956 ήμῶν,
479 4890 675 4943 ἐννοῶν
712 4891 792 4944 ὅτι
814 4894 842 4945 ό
865 4893 992 4957 λαός
1021 4911 1114 4946 σου
1140 4894 1339 4957 πάντες
1367 4896 1549 4964 ἡμεῖς,
1573 4895 1664 4947 καὶ
1695 4896 1849 4960 πόλις

1967 4892 2053 4955 Lui,
2088 4910 2106 4944 ι
2144 4891 2194 4945 id
2226 4902 2328 4954 est,
2361 4894 2411 4946 in
2446 4909 2552 4962 qua
2589 4902 2736 4948 tuum
2771 4904 2858 4951 est
2883 4896 3277 4950 sanctuarium.
3314 4893 3535 4965 Signiﬁ-

273 4976 366 5031 τοῦ
411 4978 589 5047 ’Δγίου
618 4997 732 5045 σου,
771 5002 788 5033 ι
840 4985 1140 5047 τουτέστιν,
1174 4986 1231 5037 ὲν
1352 4988 1411 5038 τὺ
1455 4987 1545 5039 σὺν
1578 4987 1843 5057 ἁγίασμα.

1967 4995 2081 5038 :ant
2107 4994 2284 5039 autem
2315 4985 2397 5041 liis
2424 4987 2601 5042 verbis
2632 4988 2909 5058 templum.

274 5069 602 5139 Σημαίνουσι
635 5071 690 5124 δὲ
720 5072 807 5126 διὰ
836 5073 1040 5126 τούτων
1066 5074 1158 5126 τὸν
1192 5075 1347 5129 νεών.

354 5160 642 5230 Ἐγενήθη
694 5164 912 5231 ἕρημος
963 5165 1136 5230 Σιὼν,
1187 5167 1267 5231 ὠς
1317 5166 1537 5235 ἕρημος
1589 5166 1841 5236 ἐγενήθη

2022 5160 2183 5215 Vens.
2216 5162 2404 5219 10—12.
2442 5162 2611 5217 Facta
2656 5174 2732 5219 est
2770 5171 2973 5219 deserta
3014 5165 3173 5231 Sion;
3220 5165 3371 5235 quasi
3409 5165 3538 5219 soli-

284 5250 716 5321 Ἰερουσαλὴμ,
780 5257 867 5320 είς
929 5254 1195 5323 κατάραν
1255 5260 1288 5310 ὁ
1340 5254 1503 5322 οἶκος
1554 5256 1621 5310 τὸ
1676 5257 1845 5326 ἅγιον

1967 5255 2078 5306 mdo
2122 5254 2262 5322 facta
2306 5266 2379 5310 est
2420 5255 2751 5321 Jerusalem,
2789 5261 3077 5313 exsecratio
3123 5261 3306 5311 domus
3352 5268 3536 5313 sancta

272 5342 457 5410 ἡμῶν,
487 5343 525 5410 ἠ
573 5343 722 5408 δόξα
766 5343 847 5411 ἢν
876 5347 1226 5417 εὐλόγησαν
1256 5351 1311 5401 οἱ
1357 5347 1609 5417 πατέρες
1641 5347 1840 5415 ἡμῶν,

1967 5356 2157 5411 tostra,
2193 5349 2358 5418 gloria
2407 5350 2493 5403 cui
2541 5350 2913 5405 benedixerunt
2962 5363 3135 5421 patres
3184 5354 3383 5415 nostri,
3419 5350 3537 5418 ig'te

270 5433 524 5503 ἐγενήθη
567 5438 1011 5505 πυρίκαυστος,
1069 5439 1169 5492 καί
1238 5439 1435 5493 πάντα
1482 5440 1553 5494 τὰ
1620 5442 1842 5506 ἔνδοξα

1967 5440 2213 5496 rombusta
2238 5454 2331 5510 est,
2359 5452 2404 5496 et
2430 5444 2605 5497 omnia
2631 5443 2861 5514 gloriosa
2888 5445 3250 5500 conciderunt.
3280 5442 3349 5497 Et
3379 5459 3463 5509 an;
3479 5458 3536 5496 er

345 5610 392 5642 ³⁸
419 5608 533 5666 Jac.
572 5627 611 5676 t,
641 5613 695 5667 6.

345 5792 419 5865 (Ι)
451 5790 710 5849 lluuired.
746 5794 938 5867 legisse
977 5796 1185 5852 videtur
1224 5795 1568 5854 κολάπτουσι.
