4022 6400
497 357 639 412 “05

1520 349 1579 404 S.
1621 346 1899 402 CYRILLI
1939 337 2411 398 ALEXANDRINI
2447 330 2768 389 ARCHIEP.

3629 318 3782 374 uos

493 477 574 530 his
621 471 859 527 omnibus
902 480 956 524 tu
1001 468 1326 532 sustinuisti,
1366 466 1614 532 Domine,
1648 475 1697 520 et
1744 465 1984 525 tacuisti,
2020 471 2065 514 et

2200 459 2496 512 νυνέπεσε.
2525 453 2630 506 Kal
2661 449 2758 503 ἐπὶ
2811 443 2960 500 πᾶσι
2997 443 3228 506 τούτοις
3262 438 3591 532 ἠνέσχου-,
3659 440 3783 532 ιςύ-

494 565 782 619 htuuiliasti
813 578 906 616 uos
934 561 1103 614 valde.

465 683 473 708 ί

465 729 469 738 ’
569 741 703 796 Cum
739 735 1202 808 praesignificarint
1232 733 1394 788 animi
1428 733 1587 798 mala,
1621 733 2072 802 prmdixerintque

501 849 560 890 se
605 833 837 904 peccatis
884 830 1142 893 irretitos,
1179 826 1480 890 instabiles,
1514 837 1569 878 et
1611 825 1860 879 foliorum
1906 827 2074 879 instar

504 925 648 980 omni
688 923 816 976 ﬂatu
859 923 962 975 huc
1009 920 1136 974 illuc
1174 919 1408 990 iactatos
1453 933 1603 982 esse;
1652 927 2076 972 commemorant

506 1018 756 1083 deinceps
798 1023 850 1068 et
891 1022 1145 1067 externas
1187 1010 1523 1064 calamitates
1565 1025 1684 1078 quae
1731 1009 1889 1062 illata:
1927 1019 2073 1071 sunt,

506 1125 570 1162 ac
595 1109 840 1162 videntur
866 1104 1359 1175 Hierosolymorum
1386 1103 1741 1157 vastationem
1773 1100 2076 1169 deplorare.

507 1199 798 1268 templique
831 1197 1156 1250 incendium.
1185 1195 1319 1249 Nam
1353 1205 1477 1264 post
1503 1193 1809 1248 Servatoris
1836 1206 2077 1253 crucem,

508 1294 623 1346 ha-c
673 1292 851 1345 omnia
897 1289 1084 1343 effecta
1133 1297 1277 1342 sunt.
1330 1306 1348 1338 ε
1408 1288 1473 1341 Ει
1519 1288 1764 1349 deserta,
1808 1305 1826 1337 ι
1877 1286 2077 1353 inquit,

511 1403 531 1436 ι
568 1383 704 1438 facta
734 1393 818 1438 est
839 1383 990 1447 Sion,
1025 1401 1043 1434 ι
1075 1398 1194 1452 qua:
1225 1382 1360 1436 adeo
1388 1380 1627 1448 speciosa
1656 1379 1753 1434 fuit
1774 1379 2078 1446 aliquando,

505 1477 733 1531 celebris
768 1475 857 1529 illa
914 1485 968 1530 et
1001 1474 1274 1544 p0pulosa.
1309 1493 1328 1525 ι
1370 1473 1639 1542 Factaque
1671 1484 1754 1526 est
1782 1471 2083 1524 exsecratio

509 1570 699 1622 domus
734 1577 918 1623 sancta
955 1575 1160 1621 nostra.
1197 1583 1215 1616 ι
1256 1565 1696 1619 Exsecrationem
1729 1564 1930 1622 dicunt.
1965 1577 2080 1629 pro,

509 1659 936 1713 contradictione
968 1669 1022 1712 et
1051 1657 1298 1712 convicio
1331 1657 1496 1710 Deum
1532 1656 1928 1725 ignorantibus.
1960 1652 2086 1707 Cul-

511 1759 656 1804 tores
685 1751 826 1804 enim
862 1749 1270 1812 daemoniorum,
1299 1763 1417 1802 cum
1450 1748 1643 1810 sancti,
1672 1756 1762 1799 aut
1787 1748 1876 1815 qui
1910 1747 2086 1814 aliquo

514 1843 673 1894 modo
709 1842 987 1894 adhaerent
1024 1841 1132 1894 Deo
1166 1840 1446 1908 patiuntur
1479 1838 1831 1908 supplicium,
1865 1837 2081 1905 profuse

514 1933 694 1986 rident
723 1942 778 1985 et
809 1929 1105 1986 eﬂ'eruntur
1128 1971 1142 1996 ,
1173 1940 1229 1985 et
1261 1930 1594 1996 maiestatem
1631 1928 1747 1998 ejus
1783 1929 1873 1996 qni
1905 1937 2087 1982 servat

514 2021 635 2076 illos
680 2022 909 2076 ludibrio
951 2022 1168 2075 habent.
1205 2020 1366 2091 891
1416 2022 1612 2074 Putant
1657 2021 1798 2074 enim
1847 2019 2087 2073 fortassis

515 2129 734 2166 manum
768 2113 885 2182 ejus
921 2113 1193 2179 laborare,
1227 2129 1325 2167 nec
1361 2128 1515 2182 posse
1552 2113 1670 2166 illos
1704 2127 1951 2173 servare;
1992 2127 2087 2164 nec

515 2207 751 2273 cogitant
795 2219 886 2259 eos
936 2220 1110 2274 ptume
1157 2206 1279 2259 ideo
1330 2204 1601 2272 subjectos
1649 2219 1802 2266 esse,
1837 2204 1977 2272 quod
2025 2217 2085 2256 ea

517 2293 848 2364 patraverint
870 2311 988 2364 quae
1021 2296 1093 2350 illi
1122 2296 1432 2365 displicent.
1463 2315 1481 2347 ι
1522 2296 1837 2351 Exsecratio
1874 2315 1892 2347 ι
1930 2296 2091 2365 igitur

521 2403 540 2436 ι
581 2383 720 2440 facta
757 2396 839 2440 est
867 2387 1056 2440 domus
1095 2396 1282 2441 sancta
1331 2398 1534 2441 nostra.
1575 2405 1592 2438 ι
1641 2387 1897 2442 Sanctum
1948 2388 2088 2440 enim

524 2475 627 2529 fuit
670 2477 809 2545 apud
855 2477 972 2532 illos
1019 2478 1297 2547 templum.
1333 2476 1400 2532 Et
1441 2479 1562 2547 igne
1604 2481 1940 2532 combustum
1985 2484 2089 2540 est,

520 2567 723 2636 inquit,
755 2570 896 2637 quod
924 2585 1054 2624 voce
1084 2578 1396 2624 sanctorum
1431 2580 1646 2638 patrum
1679 2573 1812 2623 adeo
1843 2571 2093 2622 decanta-

521 2669 664 2722 tum,
711 2659 1039 2714 celebratum
1101 2675 1163 2714 ac
1222 2662 1568 2729 pradicatum
1631 2669 1732 2714 est.
1779 2657 2094 2713 Concidisse

520 2750 670 2803 aiunt
695 2752 871 2804 omnia
903 2753 1155 2821 gloriosa.
1187 2753 1339 2807 Nulla
1368 2754 1512 2808 enim
1538 2761 1657 2806 erat
1685 2753 1906 2805 omnino
1934 2766 2095 2804 vene-

523 2843 662 2896 ratio
694 2857 1161 2899 sacrosanctorum
1198 2861 1473 2913 vasorum,
1501 2861 1620 2915 qua:
1653 2845 1704 2898 iu
1741 2845 1923 2897 divino
1959 2854 2094 2896 tem-

523 2932 611 3002 plo
642 2935 811 3002 posita
845 2933 1080 3000 fuerunt,
1108 2937 1248 2989 nulla
1285 2938 1586 2991 reverentia
1619 2936 1700 2990 his
1729 2936 1817 3004 qui
1851 2934 1935 2987 illa
1968 2934 2097 2988 diri-

524 3024 676 3091 piunt
710 3033 765 3078 et
799 3025 1110 3081 incendunt.
1146 3046 1164 3076 ι
1204 3028 1271 3080 At
1305 3027 1641 3090 sustinuisti,
1681 3047 1698 3078 ι
1743 3027 1946 3095 inquit,
1980 3043 1999 3076 ι
2045 3026 2094 3078 in

524 3114 608 3168 his
639 3114 888 3169 omnibus
921 3125 976 3170 et
1009 3118 1346 3182 conticuisti,
1383 3133 1591 3187 nosque
1623 3119 1685 3170 ad
1722 3118 1893 3171 solum
1930 3133 2098 3184 usque

525 3207 882 3273 prostravisti.
927 3225 944 3259 ι
979 3207 1114 3273 Quia
1141 3211 1284 3263 enim
1317 3210 1578 3278 repellere
1609 3219 1821 3279 poterat
1850 3209 2096 3264 hostilem

528 3298 834 3365 incursum,
877 3301 1120 3368 permisit
1171 3310 1346 3356 tamen
1397 3315 1492 3357 eos
1539 3301 1900 3366 invalescere,
1942 3311 1996 3355 et
2045 3301 2099 3354 in

528 3387 704 3458 ipsum
761 3391 924 3444 etiam
972 3391 1228 3461 templum
1270 3393 1476 3448 irruere
1520 3413 1532 3448 :
1581 3393 1837 3463 colligunt
1878 3392 2002 3447 inde
2045 3409 2103 3448 se

528 3489 748 3548 propter
774 3481 906 3536 iram
938 3493 991 3538 et
1022 3493 1237 3551 peccata
1268 3485 1550 3552 despectos
1575 3500 1718 3550 esse,
1748 3486 1990 3555 iramque
2019 3485 2102 3539 his

529 3570 598 3622 de
625 3570 804 3626 causis
834 3574 1163 3642 concipiunt.
1191 3573 1290 3640 Qui
1320 3575 1460 3628 enim
1494 3582 1670 3643 potest
1699 3575 1949 3642 injuriam
1979 3590 2103 3644 pro-

530 3661 738 3728 hibere,
764 3665 1128 3731 praetermittit
1161 3677 1360 3733 tamen,
1387 3678 1440 3722 et
1470 3684 1556 3722 res
1586 3669 1842 3723 adversas
1869 3677 1923 3721 et
1953 3681 2106 3735 aspe-

531 3767 623 3806 ras
654 3755 719 3807 ad
749 3755 908 3810 finem
938 3774 1105 3826 usque
1136 3760 1388 3828 progredi
1420 3770 1472 3815 et
1499 3762 1792 3831 procedere
1823 3760 2122 3830 permittit,

532 3845 780 3899 acerbam
807 3846 940 3900 iram
970 3850 1154 3916 procul
1180 3851 1342 3905 dubio
1372 3852 1424 3904 in
1452 3867 1546 3906 eos
1575 3852 1864 3906 distillasse
1896 3861 1950 3904 et
1974 3851 2106 3905 elTu~

534 3931 680 3988 disse
713 3950 866 3999 eum,
899 3938 1240 3993 manifestum
1275 3951 1388 4005 est;
1427 3941 1497 3994 ita
1534 3951 1592 3994 ut
1619 3944 1779 3996 etiam
1811 3957 1961 3996 suam
1996 3942 2107 4011 glo.-

537 4023 672 4076 riam
710 4025 972 4092 neglectui
1007 4029 1285 4096 habuerit,
1316 4040 1371 4086 et
1405 4031 1636 4086 ludibria
1672 4033 1907 4088 hostium
1943 4035 2108 4088 susti-

540 4115 738 4168 nuerit.
789 4117 1228 4188 Quandoquidem
1289 4124 1426 4178 bene
1482 4124 1682 4178 accidit
1767 4139 1860 4178 eos
1924 4139 2110 4193 pcenas

541 4206 690 4272 dare,
719 4225 855 4278 quos
883 4227 978 4277 par
1011 4223 1094 4266 est
1117 4214 1185 4268 ob
1213 4215 1376 4268 multa
1409 4225 1626 4285 peccata
1656 4216 1922 4285 supplicio
1949 4217 2106 4270 attici.

609 4385 732 4440 CAP.
770 4385 929 4442 LXV.
965 4387 1126 4442 Vrsas.
1158 4390 1216 4451 l,
1249 4390 1302 4445 2.
1334 4392 1646 4460 Manifestus
1682 4393 1851 4461 factus
1885 4410 1999 4448 sum
2032 4395 2111 4448 his

2165 566 2288 617 ριε,
2318 547 2416 600 καὶ
2439 543 2816 608 ἐσιώπησας,
2867 533 2965 587 καὶ
2998 529 3402 592 ἐταπείνωσας
3445 524 3624 596 ἡμᾶς
3664 524 3782 590 ἕως

2171 639 2426 709 σφόδρα.

2243 730 2353 790 Τὰς
2384 730 2440 780 ὲν
2477 726 2620 794 ψυχῇ
2680 719 2879 790 ζημίας
2937 711 3482 784 προαπαγγείλαντες
3503 749 3519 774 ,
3554 710 3666 762 καὶ
3695 709 3780 762 ὅτι

2175 820 2429 891 γεγόνασι
2463 819 2582 879 ταῖς
2609 812 2905 883 ἁμαρτίαις
2956 808 3212 860 εὐάλωτοι
3241 801 3744 874 προηγορευκὸτες
3764 841 3777 861 ,

2176 907 2549 982 εὺπαρὰφοροί
2581 924 2639 958 τε
2671 904 2764 957 καὶ
2792 901 3002 970 φύλλων
3045 899 3199 961 δίκην
3224 895 3328 948 ὑπὸ
3356 895 3573 955 παντὸς
3611 893 3786 944 πνεύ-

2182 1020 2348 1076 ματος
2380 1000 2507 1070 τῇδέ
2533 1016 2592 1051 τε
2625 998 2851 1050 κάκεῖσε
2899 988 3411 1062 διαρῥυπτούμενοι,
3450 986 3786 1055 διαμνημοο

2178 1073 2393 1148 νεύουσι
2428 1091 2612 1144 λοιπὸν
2668 1087 2764 1140 καὶ
2793 1084 2900 1137 τῶν
2946 1081 3140 1147 ἔξωθεν
3171 1079 3353 1139 αὐτοῖς
3384 1073 3784 1142 ἐπενηνεγμέ-

2181 1204 2285 1240 νων
2342 1183 2654 1254 συμφορῶν·
2717 1178 2926 1230 ἐοίκασι
2975 1174 3030 1226 δὲ
3071 1172 3167 1241 τὴν
3227 1169 3334 1221 τῶν
3367 1164 3787 1237 Ἱεροσολύμων

2182 1281 2446 1350 πόρθησιν
2473 1271 2857 1343 ὀλοφύρεσθαι,
2887 1267 2980 1321 καὶ
3003 1266 3090 1318 τὸν
3113 1259 3442 1333 ἐμπρησμὸν
3474 1258 3582 1310 τοῦ
3614 1256 3786 1310 ναοῦ·

2188 1371 2323 1444 μετὰ
2350 1372 2460 1439 γάρ
2489 1383 2569 1419 τοι
2618 1365 2708 1416 τὸν
2755 1363 2846 1414 τοῦ
2891 1359 3140 1425 Σωτῆρος
3187 1353 3439 1422 σταυρον,
3507 1349 3686 1401 ταυτὶ
3727 1347 3791 1415 δὴ

2185 1440 2362 1516 πάντα
2393 1458 2715 1512 τετέλεσται·
2751 1475 2767 1503 ι
2786 1455 2920 1522 Ἐρη
2932 1467 3025 1519 μος
3052 1449 3106 1501 δὲ
3129 1443 3218 1499 οὖν
3244 1443 3479 1511 ἐγενήθη
3505 1444 3540 1511 ἠ
3576 1440 3752 1498 Σιὼν,
3769 1459 3785 1487 1

2187 1556 2383 1626 φησιν,
2437 1554 2470 1621 ἡ
2531 1545 2835 1618 διαπρεπὴς
2901 1542 3064 1601 οὕτω,
3131 1540 3227 1591 καὶ
3277 1535 3623 1604 διαϐόητος,
3698 1532 3794 1582 καὶ

2189 1621 2596 1711 πολυανδροῦσα
2627 1635 2780 1688 ποτέ.
2822 1651 2840 1683 ι
2877 1631 3071 1699 Γέγονε
3112 1629 3167 1680 δὲ
3200 1627 3294 1678 καὶ
3318 1626 3396 1686 εἰς
3418 1622 3698 1690 κατάραν
3737 1621 3795 1670 τὸ

2191 1741 2342 1807 ἅγιον
2366 1733 2544 1804 ἠμῶνο
2576 1749 2593 1780 ι
2612 1729 2674 1781 τὸ
2699 1728 2774 1787 δὲ,
2802 1724 3046 1794 κατάραν
3070 1721 3252 1789 φασὶν,
3272 1718 3392 1770 ἀντὶ
3419 1713 3548 1774 τοῦ,
3577 1716 3668 1772 εἰς
3693 1729 3795 1764 κα-

2116 1818 2154 1872 Β
2487 1821 2580 1873 καὶ
2624 1817 2888 1884 λοιδορίαν
2915 1815 3026 1873 τοῖς
3069 1810 3168 1861 οὐκ
3209 1806 3373 1858 εἰδόσι
3401 1804 3570 1856 Θεόν·
3601 1804 3660 1854 οἱ
3687 1801 3794 1869 γαρ

2187 1896 2301 1973 τών-
2319 1915 2588 1984 δαιμόνων
2632 1905 2964 1979 θεραπευταὶ
2996 1900 3316 1970 πασχόντων
3372 1897 3580 1963 ἁγίων,
3619 1896 3793 1963 ἤγουν

2186 2009 2436 2062 τῶνκαθ’
2458 2002 2737 2060 ὁντιναοῦν
2765 1999 2963 2069 τρόπον
2995 1991 3366 2061 ἀνακειμένων
3407 1989 3567 2058 Θεῷ,
3612 1986 3793 2038 πλατὺ

2187 2102 2406 2172 γελῶσι,
2444 2099 2537 2152 καὶ
2591 2093 3041 2162 κατεπαίρονται.
3083 2087 3177 2139 καὶ
3225 2085 3320 2154 τὴν
3358 2081 3456 2134 τοῦ
3512 2078 3797 2141 σώζοντος

2189 2195 2386 2256 αὐτοὺς
2419 2189 2733 2258 διασύρουσι
2765 2185 2942 2247 δόξαν.
2992 2181 3203 2232 Οἵονται
3245 2174 3354 2244 γὰρ
3384 2173 3522 2233 ἴσως
3548 2170 3666 2239 τὴν
3701 2169 3796 2222 αὖ·

2189 2288 2281 2343 τοῦ
2310 2289 2470 2356 γεῖρα
2521 2281 2716 2334 παθεῖν
2758 2277 2818 2330 τὸ
2865 2275 2939 2344 μὴ
2970 2272 3181 2341 ἰσχύσαι
3205 2267 3399 2331 σώζειν
3433 2264 3675 2321 αὐτοὺς.
3705 2264 3798 2313 καὶ

2191 2382 2290 2434 οὐκ
2333 2373 2623 2430 ἐννοοῦσιν,
2646 2371 2720 2422 ὅτι
2752 2363 3103 2420 πεπτώκασιν
3123 2359 3227 2411 ὑπὸ
3241 2357 3396 2425 δίκην
3429 2351 3799 2424 πεπραχὰτες

2191 2466 2438 2524 τινὰτῶν
2471 2461 2784 2518 ἀπαδόντων
2841 2454 3006 2524 αὐτῷ.
3063 2472 3080 2504 ι
3121 2450 3212 2512 Εἰς
3245 2448 3497 2516 κατάραν
3532 2463 3552 2496 s
3609 2442 3796 2496 τοίνυν

2200 2583 2218 2615 ι
2247 2564 2274 2614 ὁ
2301 2556 2448 2620 οἶκος
2470 2557 2531 2608 τὸ
2558 2555 2710 2620 ἆγιον
2738 2548 2917 2620 ἡμῶν.
2947 2566 2965 2599 s
2994 2545 3183 2612 ’Ἄγιος
3208 2539 3315 2610 γὰρ
3335 2533 3402 2609 ἦν
3427 2535 3570 2607 παρ’
3606 2535 3795 2594 abaci;

2193 2654 2221 2705 ὁ
2240 2649 2384 2712 ναὸς,
2399 2646 2587 2715 γέγονε
2609 2644 2665 2696 δὲ
2695 2643 2787 2695 καὶ
2811 2640 3202 2712 πυρίκαυστος,
3227 2631 3451 2700 φησὶν,ὁ
3474 2628 3570 2681 διὰ
3605 2629 3793 2696 φωνῆς

2195 2742 2304 2797 τῶν
2339 2740 2508 2809 ἁγίων
2541 2735 2814 2805 πατέρων,
2850 2731 2991 2785 ὥστε
3030 2721 3352 2796 περιφανὴς,
3387 2720 3486 2773 καὶ¹
3537 2718 3796 2786 ἀοίδιμος

2196 2825 2751 2901 προαπηγγελμένος·
2811 2816 3269 2892 συμπεπτωκέναι
3322 2811 3381 2864 δέ
3415 2827 3557 2901 φασι

2197 2898 2264 2977 τά
2297 2898 2501 2986 ἔνδοξα·
2534 2917 2782 2988 σέϐασμα
2821 2913 2930 2984 γὰρ
2963 2907 3032 2982 ἦν
3056 2907 3192 2970 ὅλως
3245 2904 3396 2958 οὐδὲν
3457 2900 3576 2954 τῶν
3633 2899 3696 2952 ὲν
3722 2898 3797 2967 τῷ

2200 3014 2328 3084 θείῳ
2351 3011 2464 3081 ναῷ
2487 3009 2759 3080 κειμένων
2791 3003 3001 3058 σκευῶν
3035 2998 3219 3071 ἱερῶν,
3247 2997 3358 3058 τοῖς
3385 2993 3796 3063 διαρπάζουτιν

2200 3104 2360 3168 αὐτὰ,
2402 3104 2494 3156 καὶ
2520 3098 2991 3169 καταπιμπρᾶσιν·
3041 3111 3060 3142 ε
3108 3090 3364 3158 Ἠνὲσχου
3409 3085 3490 3148 δὲ,
3535 3104 3556 3135 ι
3598 3084 3794 3152 φησιν,

2208 3219 2226 3250 ι
2258 3199 2348 3251 ἐπὶ
2383 3198 2518 3249 πᾶσι
2549 3193 2776 3254 τούτοις,
2816 3188 2910 3242 καὶ
2935 3183 3320 3250 κατεσίγησας,
3354 3179 3449 3231 καὶ
3483 3175 3798 3245 κατεκόμι-

2204 3309 2304 3353 σας
2341 3291 2487 3360 ἡμᾶς
2518 3287 2621 3349 ἕως
2665 3283 2913 3351 ἐδάφους.
2949 3299 2966 3330 ι
3023 3275 3239 3344 Ἐπειδὴ
3290 3272 3398 3344 γὰρ
3438 3269 3797 3339 dno-3067153:

2203 3380 2496 3450 δυνάμενος
2523 3375 2630 3429 τῶν
2654 3372 2926 3443 πολεμίων
2954 3368 3053 3440 τὴν
3105 3364 3313 3435 ἔφοδον,
3357 3360 3797 3430 συγκεχώρηκεν

2208 3473 2443 3544 ἰσχύσαι,
2466 3469 2560 3523 καὶ
2592 3464 2984 3534 καταδραμεῖν,
3029 3458 3123 3512 καὶ
3163 3453 3326 3510 αὑτοῦ
3355 3452 3452 3506 τοῦ
3505 3452 3644 3515 νεῶ,
3683 3451 3798 3503 δια-

2205 3565 2592 3635 τεκμαίρονται
2619 3559 2827 3620 λοιπὸν,
2886 3556 2968 3608 ὅτι
3020 3547 3406 3622 παρεώρανται
3462 3545 3529 3597 δι’
3586 3544 3798 3615 ὀργὴν,

2207 3658 2300 3712 καὶ
2335 3653 2618 3727 ἁμαρτιῶν
2678 3649 2950 3719 ἐπίχειρα,
3003 3641 3100 3712 τὴν
3137 3638 3224 3692 ἐπ’
3268 3638 3454 3698 αὐτοῖς
3480 3635 3547 3705 δὴ
3581 3635 3801 3727 τούτοις

2209 3750 2367 3821 σιγὴν
2414 3747 2732 3816 ἐσχήκασιν.
2783 3733 2853 3810 ᾯ
2895 3736 3004 3806 γὰρ
3055 3735 3171 3788 ὲνδν
3210 3729 3446 3821 εὐκόλως
3477 3726 3801 3821 ἀποστῆσαι

2209 3843 2305 3912 τὴν
2325 3819 2502 3908 ύὸριν,
2532 3833 2648 3889 εἶτα
2689 3831 2845 3884 τοῦτο
2879 3828 3081 3900 μεθεὶς,
3120 3827 3212 3879 καὶ
3252 3819 3535 3894 προελθεῖν
3575 3821 3662 3882 είς
3709 3819 3806 3869 πέ-

2215 3953 2310 4008 ρας
2335 3932 2502 4001 ὲφιεὶς
2525 3929 2595 3982 τὰ
2625 3925 2794 3986 δεινὰ,
2825 3921 2983 3991 δῆλος
3009 3920 3074 3974 ἂν
3118 3919 3202 3988 εἴη
3225 3912 3509 4008 δήπουθεν
3538 3911 3806 4008 δριμεῖαν

2211 4003 2394 4088 αὐτοῖς
2423 4019 2721 4086 ὲπιστάξας
2765 4015 2956 4088 ὀργὴν,
2988 4012 3062 4074 ὡς
3117 4009 3210 4063 καὶ
3245 4007 3402 4077 δόξης
3438 4004 3581 4066 ἰδίας
3628 4003 3807 4071 ὑπερ-

2214 4119 2361 4181 ιδεῖν,
2390 4116 2484 4169 καὶ
2509 4108 2839 4182 ἀνασχέσθαι
2871 4105 3105 4174 γέλωτος
3127 4100 3357 4171 ἐχθρῶν,
3391 4099 3519 4151 ὅταν
3561 4095 3805 4166 ἐκϐαίνῃ

2208 4206 2392 4269 καλῶς
2417 4204 2477 4256 τδ
2505 4199 2812 4256 ὲκτιννύναι
2835 4195 2990 4258 δίκας
3010 4193 3134 4255 τοὺς
3147 4185 3227 4254 οἷς
3246 4189 3312 4243 ἂν
3343 4187 3543 4259 πρέ-ποι
3575 4185 3805 4249 κολάζει

2215 4298 2337 4352 σθαι
2359 4296 2445 4350 διὰ
2473 4292 2676 4362 πολλὴν
2711 4286 3007 4360 ἁμαρτίαν.

2296 4385 2594 4459 Ἐμφανὴς
2655 4381 2948 4451 ἐγενόμην
3010 4373 3132 4440 τοῖς
3180 4371 3285 4442 ἐμὲ
3337 4368 3421 4439 μὴ
3485 4366 3801 4432 ζητοῦσιν,

538 4479 627 4549 qui
657 4496 735 4532 me
766 4497 866 4533 non
895 4482 1222 4549 quaerebant,
1250 4485 1488 4538 iuvamus
1515 4501 1629 4537 sum
1655 4502 1755 4538 non
1782 4486 2096 4554 interrogan-

2208 4482 2456 4549 εὐρέρην
2482 4477 2602 4541 τοῖς
2626 4473 2729 4543 ἐμὲ
2744 4471 2827 4541 μὴ
2854 4465 3245 4536 ἐπερωτῶσιν.
3272 4459 3448 4517 Ebur
3484 4460 3649 4514 Ἰδοὺ
3674 4459 3803 4528 εἰμὶ

541 4572 676 4624 tibus
708 4588 805 4626 me.
840 4571 961 4625 Dixi
997 4588 1014 4626 :
1053 4573 1186 4625 Ecce
1218 4591 1310 4642 ego
1343 4575 1511 4643 genti,
1543 4592 1659 4643 quw
1695 4593 1795 4629 non
1831 4578 2107 4644 appellavit

541 4679 726 4716 nomen
751 4679 938 4718 meum.
964 4663 1205 4730 Expamli
1228 4683 1412 4719 manus
1441 4683 1578 4720 meas
1605 4678 1713 4720 tota
1735 4669 1839 4732 die,
1864 4670 1931 4721 ad
1953 4686 2110 4736 popu-

542 4753 650 4807 lum
676 4755 1000 4809 incredulum
1027 4772 1070 4812 ει
1094 4760 1552 4824 contradicentem,
1578 4761 1666 4828 qui
1695 4778 1798 4814 non
1825 4761 2108 4816 ambulavit

544 4846 598 4898 iu
627 4847 708 4900 via
731 4863 872 4912 vera,
898 4850 986 4902 sed
1015 4860 1123 4913 post
1153 4859 1366 4920 peccata
1395 4868 1513 4904 sua.

619 5025 934 5082 Necessario
977 5029 1085 5098 jam
1137 5029 1408 5097 praedictis
1453 5031 1566 5083 haec
1614 5029 1937 5083 inferuntur.
1986 5028 2118 5082 Nam

548 5118 800 5186 quoniam
833 5118 1083 5173 dixerunt
1112 5136 1124 5172 :
1161 5138 1180 5171 ι
1216 5119 1352 5187 Quid
1381 5120 1637 5175 seduxisti
1667 5137 1784 5185 nos,
1811 5120 2060 5183 Domine,
2091 5136 2120 5172 ιι

551 5209 633 5262 via
660 5210 780 5264 tua?
799 5210 1069 5265 obdurasti
1095 5211 1253 5265 corda
1279 5222 1484 5277 nostra,
1506 5229 1570 5267 ne
1595 5213 1904 5267 timeremus
1929 5221 1978 5268 te
1995 5212 2062 5271 “’z
2095 5231 2111 5263 ι

550 5300 968 5371 adjeceruntque
1014 5321 1026 5356 :
1087 5321 1106 5353 ι
1158 5302 1322 5358 Facta
1369 5312 1453 5358 est
1497 5305 1708 5358 deserta
1761 5304 1922 5369 Sion,
1965 5303 2118 5372 quasi

550 5392 784 5447 solitudo
827 5393 967 5448 facta
1013 5405 1096 5451 est
1136 5395 1459 5462 Jerusalem,
1492 5407 1545 5450 et
1583 5397 1884 5452 exsecratio
1935 5397 2124 5450 dooms

554 5495 737 5540 sancta
771 5495 952 5542 nostra
985 5507 1000 5543 :
1041 5508 1059 5540 ι
1093 5491 1346 5562 deinceps
1373 5490 1678 5547 necessario
1727 5489 1926 5543 Christi
1961 5489 2126 5557 ipsius

555 5590 785 5646 persona
820 5578 1036 5634 inducta
1067 5589 1171 5645 est,
1199 5597 1393 5639 causas
1419 5582 1565 5639 velut
1595 5581 1855 5648 referens,
1887 5596 1983 5637 cur
2013 5581 2126 5637 haec

631 5750 676 5786 “
711 5751 814 5810 lsa.
844 5771 1004 5823 ant,
1039 5757 1121 5812 l7.

2214 4571 2293 4636 τῷ
2331 4571 2505 4629 ἔθνει,
2539 4565 2595 4618 οἳ
2637 4566 2748 4618 οὐκ
2801 4555 3249 4613 ἐπεκαλέσαντο
3307 4554 3375 4606 τὸ
3424 4549 3620 4618 ὄνομά
3652 4568 3803 4618 μου.

2227 4666 2282 4716 Ἐ
2288 4661 2587 4726 ἐξεπέτασα
2629 4656 2734 4720 τὰς
2769 4652 2971 4724 χεῖράς
3029 4668 3141 4718 μου
3190 4648 3342 4714 ὅλην
3409 4644 3522 4712 τὴν
3566 4643 3808 4710 ἡμέραν

2217 4755 2368 4822 πρὸς
2393 4750 2546 4806 λαὸν
2573 4746 2954 4806 ἀπειθοῦντα,
2991 4739 3522 4806 καίὰντιλέγοντα,
3575 4735 3638 4788 οἳ
3681 4737 3800 4788 οὐκ

2217 4847 2635 4915 ἐπορεύθησαν
2688 4839 2806 4906 ὀδῷ
2857 4837 3162 4906 ἀληθείας,
3217 4832 3381 4889 ἀλλὰ
3441 4831 3641 4883 ὀπίσω
3682 4828 3848 4915 τῶν.

2218 4937 2515 5010 ἁμαρτιῶν
2547 4933 2763 4988 αὐτῶν.

2302 5027 2639 5097 ’Λναγκαίως
2702 5026 2814 5087 τοῖς
2864 5023 2964 5095 ἤδη
3017 5016 3433 5091 προειρημένοις
3473 5013 3809 5081 ἐπιφέρεται

2222 5122 2416 5176 ταῦτα.
2462 5117 2680 5188 Ἐπειδὴ
2709 5117 2816 5189 γὰρ
2858 5116 3114 5184 ἔφασκον·
3153 5131 3171 5163 ι
3201 5112 3265 5163 Τί
3296 5107 3605 5177 ὲπλάνησας
3627 5107 3809 5174 ἡμᾶς,

2224 5213 2418 5282 Κύριε,
2469 5209 2577 5263 ἀπὸ
2619 5212 2716 5279 τῆς
2769 5205 2890 5259 ὁδοῦ
2951 5222 3079 5271 σου;
3143 5201 3480 5270 ὲσκλήρυνας
3509 5195 3670 5266 ἡμῶν
3706 5197 3814 5259 τὰς

2219 5305 2442 5373 καρδίας
2472 5302 2564 5356 τοῦ
2593 5301 2666 5371 μὴ
2686 5298 2966 5368 φοϐεῖσθαί
2992 5314 3068 5349 σε·
3095 5315 3113 5347 ι
3155 5293 3577 5366 προσεπήγαγον
3605 5288 3686 5351 δὲ,
3723 5291 3814 5342 ὅτι

2226 5417 2243 5448 ι
2267 5395 2528 5466 Ἐγενήθη
2571 5394 2777 5463 ἔρημος
2802 5389 2963 5454 Σιὼν,
2986 5388 3060 5452 ὡς
3084 5387 3180 5458 έρη
3191 5403 3290 5456 μσς
3319 5379 3548 5452 ἐγενήθη
3599 5379 3816 5448 Ἰερου-

2223 5489 2422 5558 σαλὴμ,
2472 5487 2550 5549 εἰς
2577 5483 2820 5553 κατάραν
2858 5478 3049 5543 ὁοῖκος
3074 5480 3102 5531 ὁ
3134 5478 3288 5542 ἅγιος
3320 5478 3352 5545 ἡ
3364 5473 3479 5544 μῶν
3548 5491 3568 5524 s
3615 5471 3819 5524 λοιπὸν

2223 5579 2536 5648 ἀναγκαίως
2565 5576 2626 5629 τὸ
2655 5572 2820 5628 αὑτοῦ
2856 5570 3147 5642 πρόσωπον
3180 5565 3468 5634 εἰσδέὸηκε
3511 5561 3608 5616 τοῦ
3665 5562 3819 5632 Χριο
