4022 6400
313 370 448 428 1405
1431 375 1495 430 ΙΝ
1534 376 1762 432 ΙΞΑΙΛΜ
1801 377 1901 432 Llll

1976 379 2038 434 V.
2087 378 2322 434 TOMUS
2361 378 2444 433 Vl.
3416 385 3552 438 i406

309 486 458 551 στου,
492 485 591 548 τὰς
620 484 799 548 αἰτίας
830 483 1020 554 ὥσπερ
1061 488 1442 557 ἀπαγγέλλων,
1489 495 1576 562 ἐφ’
1610 489 1696 558 αἶς,
1732 496 1876 549 εἰκό-

1985 497 2178 550 merito
2206 497 2347 566 passi
2384 495 2604 549 fuerint.
2631 493 2744 547 Non
2777 494 2880 548 sibi
2913 509 3106 552 causas
3137 497 3435 561 ascribunt,
3458 503 3551 553 sed

306 595 416 641 τως
441 577 599 630 ταυτὶ
624 575 974 638 πεπονθότες,
1027 577 1124 647 οὐχ
1173 579 1382 644 ἐαυτοῖς
1415 583 1615 649 μᾶλλον
1655 584 1881 654 ἐπιγρά-

1984 587 2036 640 in
2064 587 2266 641 crimen
2295 597 2487 641 vocant
2511 586 2622 639 fere
2649 585 2818 650 illum,
2839 587 2926 655 qui
2957 588 3171 656 dignam
3204 589 3312 642 illis
3340 603 3551 656 poenam

308 686 468 738 φουσι
517 668 616 730 τὰς
654 665 852 730 αἰτίας,
888 669 1236 735 ἐγκαλοῦσιν,
1283 671 1472 743 ῶσπερ
1495 674 1573 742 τῷ
1602 675 1698 744 τὴν
1737 676 1883 746 ἰσόρ-

1985 677 2204 731 inducit.
2235 695 2255 728 ι
2299 678 2560 747 Apparui,
2602 696 2620 728 ι
2658 679 2832 736 enim.
2861 678 3060 745 inquit,
3095 696 3114 728 ι
3154 695 3237 732 me
3273 695 3375 734 non
3410 695 3557 749 qua:-

311 761 472 830 ροπον
489 758 666 820 αὐτοῖς
688 756 945 824 ἐπάγοντι
959 757 1132 827 δίκην.
1158 777 1176 808 ι
1200 759 1480 829 Ἑμφανὴς
1497 761 1603 832 γὰρ
1621 762 1838 829 γέγονα,
1853 783 1870 814 ι

1986 767 2248 829 rentibus,
2281 767 2528 820 inventus
2569 782 2685 820 sum
2732 781 2817 819 me
2863 781 2967 819 non
3017 769 3496 836 interrogantibus.
3534 788 3552 819 ι

311 849 467 920 φησὶ,
505 867 524 900 ι
550 849 645 902 καὶ
681 851 793 911 τοῖς
823 848 922 917 ἐμὲ
947 847 1022 917 μὴ
1066 848 1340 918 ζητοῦσιν,
1383 851 1612 921 εὐρέθην
1641 855 1751 914 τοῖς
1783 851 1882 920 ἐμὲ

1987 857 2092 910 Sua
2117 871 2344 926 namque
2369 867 2555 923 sponte
2579 856 2830 910 Servator
2857 858 3126 921 ingressus
3153 858 3204 910 in
3231 875 3549 930 synagogas.

314 939 389 1010 μὴ
423 939 788 1009 ἐπερωτῶσιν·
819 958 836 989 ι
865 938 1159 1008 αὐτόμολος
1186 939 1292 1008 γὰρ
1320 942 1346 992 ὁ
1375 941 1566 1010 Σωτὴρ
1589 941 1883 1012 είστρέχων

1983 947 2148 1017 892
2181 947 2366 1002 docuit
2395 949 2540 1011 illos,
2573 949 2872 1016 praedicans
2903 948 3250 1014 Evangelinm
3289 951 3466 1018 regni,
3501 961 3557 1004 et

316 1033 376 1084 ἐν
405 1035 525 1095 ταῖς
555 1033 916 1100 συναγωγαῖς,
950 1031 1226 1084 ἐδίδασκεν
1272 1033 1470 1093 αὐτοὺς
1514 1033 1804 1102 κηρύσσων
1826 1031 1884 1084 τὸ

1986 1054 2185 1091 curans
2214 1055 2428 1092 omnem
2467 1041 2710 1092 morbum
2748 1050 2800 1092 et
2835 1055 3050 1093 omnem
3089 1041 3457 1094 intirmitatem
3506 1043 3557 1094 in

309 1123 629 1192 εὐαγγέλιον
687 1123 786 1192 τῆς
846 1122 1158 1192 βασιλείας,
1218 1124 1314 1176 καὶ
1361 1123 1678 1194 θεραπεύων
1709 1125 1886 1176 πᾶσαν

1987 1130 2180 1198 pupulo
2204 1129 2272 1194 “,
2295 1131 2452 1184 sicuti
2485 1132 2742 1198 scriptum
2769 1141 2873 1184 est.
2897 1130 3033 1196 Quid
3060 1132 3202 1184 enim
3231 1147 3334 1184 non
3363 1131 3559 1185 factum

314 1215 471 1269 νόσον
517 1214 612 1268 καὶ
655 1216 834 1267 πᾶσαν
883 1214 1156 1283 μαλακίαν
1201 1217 1259 1267 ἐν
1307 1214 1387 1284 τῷ
1419 1214 1554 1282 λαῷ,
1609 1214 1752 1268 καθὰ
1795 1215 1887 1282 γέ·

1987 1230 2070 1275 est
2097 1221 2164 1275 ab
2194 1237 2277 1288 eo,
2301 1222 2443 1292 quod
2478 1239 2582 1275 non
2611 1231 2829 1290 superet
2852 1237 3065 1275 omnem
3097 1230 3152 1276 et
3179 1223 3480 1275 orationem
3509 1230 3563 1275 et

309 1321 577 1376 γραπται.
637 1304 702 1356 Τί
755 1302 862 1372 γὰρ
917 1303 977 1356 οὐ
1035 1303 1353 1373 πέπρακται
1409 1303 1537 1371 παρ’
1571 1303 1734 1356 αὑτοῦ
1778 1303 1886 1356 τῶν

1989 1313 2437 1368 admirationem?
2474 1313 2691 1381 Leprosi
2729 1329 2916 1368 manus
2950 1322 3095 1367 tactu
3130 1325 3183 1368 et
3218 1325 3345 1366 nutu
3382 1316 3564 1367 divino

311 1395 570 1448 ἐπέκεινα
615 1394 710 1448 καὶ
743 1393 902 1463 λόγου
937 1395 1030 1446 καὶ
1071 1393 1384 1464 θαύματος;
1457 1395 1888 1464 Ἀπηλλάττοντο

1989 1401 2198 1454 liberati
2242 1411 2398 1467 sunt;
2443 1404 2663 1456 excitati
2699 1419 2730 1457 e
2764 1405 3128 1456 monumentis
3165 1404 3390 1468 mortui;
3429 1403 3557 1455 caeci

311 1487 524 1558 λεπροὶ,
549 1487 644 1539 καὶ
673 1485 855 1556 χειρὸς
879 1487 1014 1556 ἁφῇ,
1056 1485 1151 1539 καὶ
1184 1485 1414 1554 νεύματι
1445 1485 1522 1555 τῷ
1553 1487 1847 1556 θεοπρεπεῖ
1872 1524 1885 1547 ,

1989 1493 2383 1561 optatissimam
2430 1494 2606 1549 lucem
2657 1507 3008 1564 receperunt;
3058 1495 3376 1549 exsiliernnt
3425 1495 3567 1547 velut

308 1579 624 1651 ἠγέρθησαν
667 1581 730 1634 ἐκ
769 1579 1068 1648 μνημάτων
1094 1577 1299 1646 νεκροὶ,
1331 1577 1520 1644 τυφλοὶ
1547 1577 1606 1630 τὸ
1627 1577 1889 1648 τριπόθη-

1990 1587 2132 1640 cervi
2164 1588 2294 1654 pede
2317 1587 2456 1655 capti
2484 1587 2548 1640 "'.
2579 1586 2700 1640 llzec
2730 1589 3094 1656 spectantibus
3117 1588 3252 1640 dixit
3275 1585 3522 1640 Christus
3552 1605 3563 1640 ι

308 1689 402 1724 τον
429 1671 673 1740 ἐδέχοντο
717 1667 852 1736 φῶς,
903 1667 1303 1738 ἀνεσκίρτησαν
1335 1667 1410 1729 ὼς
1454 1667 1643 1736 ἔλαφοι
1666 1667 1742 1736 τῷ
1770 1668 1890 1720 ποδὶ

1997 1697 2014 1728 ι
2048 1677 2102 1732 Si
2134 1693 2236 1731 non
2264 1675 2404 1732 facio
2429 1694 2590 1746 Opera
2617 1677 2792 1732 Patris
2818 1679 2941 1741 mei,
2967 1677 3131 1732 nolite
3161 1678 3286 1730 mihi
3313 1678 3565 1740 credere;

311 1763 700 1832 λελωϐημένοι.
759 1762 869 1814 Καὶ
933 1758 1063 1828 γοῦν
1129 1761 1242 1822 τοῖς
1306 1757 1477 1812 ταῦτα
1543 1759 1891 1827 τεθεαμένοις

1993 1770 2073 1822 sin
2122 1769 2290 1834 facio,
2327 1770 2428 1822 etsi
2480 1770 2608 1822 mihi
2664 1785 2769 1824 non
2821 1770 3089 1835 credatis,
3129 1770 3384 1838 Operibus
3436 1770 3571 1822 meis

311 1857 546 1926 ἔφασκεν
573 1856 602 1908 ὁ
638 1854 898 1925 Χριστός·
948 1871 966 1903 ι
1002 1853 1065 1904 Et
1113 1852 1172 1904 ού
1209 1851 1346 1904 ποιῶ
1377 1852 1446 1904 τὰ
1494 1850 1628 1921 ἔργα
1658 1850 1751 1904 τοῦ
1781 1852 1891 1903 Πα-

1993 1862 2195 1914 credite
2217 1861 2283 1914 ⁸³.
2324 1879 2342 1912 ι
2389 1878 2408 1911 ι
2449 1861 2564 1914 Dixi
2608 1880 2626 1910 ι
2666 1861 2865 1930 igitur,
2899 1861 3072 1929 inquit
3108 1879 3120 1913 :
3168 1879 3186 1910 ι
3233 1861 3342 1929 Ego
3376 1862 3565 1912 adsum

309 1947 440 2018 τρός
468 1963 591 2017 μου,
629 1945 702 2016 μὴ
739 1943 1025 1997 πιστεύετέ
1053 1961 1163 2014 μοι·
1188 1946 1235 1996 εἰ
1268 1943 1324 1996 δέ
1359 1943 1632 2006 ποιῶ,κᾶν
1665 1944 1787 2014 ἐμοὶ
1817 1943 1889 2013 μὴ

1992 1952 2158 2018 genti,
2182 1967 2300 2020 quae
2334 1966 2440 2004 non
2473 1951 2756 2019 appellavit
2781 1966 2974 2004 nomen
3011 1967 3209 2005 meum.
3245 1969 3262 2002 ι
3298 1949 3571 2003 Invenitur

310 2039 624 2109 πιστεύητε,
649 2041 762 2100 τοῖς
791 2037 971 2108 ἔργοις
996 2054 1099 2105 μου
1121 2035 1464 2089 πιστεύσατε.
1492 2055 1509 2086 ι
1539 2067 1608 2076 -
1629 2055 1644 2086 ι
1676 2033 1842 2090 Εἶπον
1867 2057 1883 2087 ο

1991 2043 2133 2096 enim
2163 2045 2345 2096 dicens
2393 2059 2532 2096 nunc
2561 2061 2574 2096 :
2610 2061 2627 2093 ι
2661 2043 2768 2112 Ego
2797 2058 2912 2097 sum
2944 2042 3028 2097 lux
3065 2043 3246 2095 nutndi
3272 2043 3343 2104 Μ⁵;
3380 2061 3397 2093 ι
3433 2056 3573 2094 nunc

309 2133 510 2194 τοίνυν,
535 2131 719 2201 φησὶν,
749 2149 767 2181 ι
803 2128 943 2197 Ἐγώ
980 2131 1095 2200 είμι
1123 2129 1200 2200 τῷ
1222 2128 1386 2194 ἔθνει,
1417 2129 1466 2181 οἳ
1499 2130 1597 2182 οὐκ
1626 2129 1891 2184 ἐκάλεσαν

1994 2149 2179 2186 rursus
2211 2151 2224 2186 :
2264 2151 2281 2184 ι
2322 2133 2377 2186 Si
2411 2135 2532 2201 quis
2561 2133 2706 2196 sitit,
2741 2134 2918 2186 veniat
2945 2135 3010 2186 ad
3039 2148 3155 2195 me,
3185 2140 3236 2186 et
3268 2133 3436 2185 bibat.
3468 2130 3569 2196 Qui

309 2226 370 2279 τὸ
411 2224 581 2294 ὄνομά
616 2239 737 2292 μου·
784 2243 802 2275 ›
834 2223 1148 2293 εὑρίσκεται
1202 2223 1310 2292 γὰρ
1366 2222 1496 2275 ποτέ
1534 2222 1632 2292 μὲν
1685 2222 1887 2290 λέγων,

1993 2226 2164 2278 credit
2217 2225 2268 2276 in
2329 2238 2444 2286 me,
2493 2224 2653 2276 sicuti
2707 2223 2839 2276 dicit
2887 2223 3197 2291 Scriptura,
3243 2223 3461 2276 ﬂumina
3507 2222 3572 2274 de

316 2337 334 2370 ι
373 2316 513 2386 Ἑγὼ
549 2319 664 2386 εἰμι
719 2315 780 2368 τὸ
833 2314 948 2384 φῶς
974 2313 1069 2366 τοῦ
1100 2313 1328 2383 κόσμου,
1372 2331 1391 2364 ι
1444 2313 1574 2366 ποτέ
1600 2313 1662 2366 δέ
1704 2313 1890 2375 πάλιν,

1993 2326 2182 2369 ventre
2215 2317 2332 2384 ejus
2369 2314 2536 2369 ﬂuent
2569 2330 2725 2384 aqua:
2755 2316 2986 2369 viventis
3016 2315 3084 2372 ".
3126 2336 3143 2367 ι
3186 2319 3255 2370 At
3288 2315 3575 2368 noluerunt

319 2429 337 2458 s
364 2409 429 2464 Et
454 2427 537 2473 τις
561 2409 708 2480 διψᾷ,
735 2407 978 2479 ἐρχέσθω
1013 2406 1150 2478 πρός
1184 2423 1274 2476 με,
1310 2405 1403 2458 καὶ
1443 2406 1666 2458 πινέτω.
1709 2407 1764 2459 Ὀ
1804 2425 1894 2459 πι-

1993 2406 2266 2474 appellare
2307 2421 2502 2460 nomen
2548 2406 2686 2473 ejus,
2719 2406 3068 2474 quantumvis
3109 2406 3311 2460 diserte
3348 2407 3570 2468 diceret,

313 2502 518 2556 στεύων
547 2503 622 2563 εἰς
654 2500 773 2568 ἐμὲ.
802 2497 982 2561 καθὼς
1001 2493 1154 2551 εἶπεν
1175 2499 1208 2567 ή
1225 2497 1437 2568 Γραφὴ,
1461 2499 1696 2567 ποταμοὶ
1713 2499 1776 2550 ἐκ
1797 2498 1893 2567 τῆς

1994 2506 2049 2550 et
2081 2498 2298 2565 quidem
2331 2512 2474 2565 saepe
2512 2516 2525 2552 :
2573 2515 2591 2548 ι
2640 2496 2754 2567 Ego
2795 2513 2936 2552 sum.
2971 2516 2989 2548 ι
3036 2497 3226 2552 Fuisse
3266 2507 3443 2550 autem
3483 2510 3577 2550 eos

313 2592 522 2655 κοιλίας
553 2591 718 2644 αὑτοῦ
753 2590 1035 2662 ῥεύσουσιν
1087 2589 1279 2652 ὓδατος
1321 2589 1543 2653 ζῶντος·
1589 2609 1607 2640 ι
1659 2588 1894 2642 ἀλλὀὐκ

1993 2590 2374 2643 admonitionis
2416 2590 2790 2657 impatientes,
2821 2599 2875 2643 et
2911 2589 3114 2644 similes
3157 2590 3242 2644 his
3281 2590 3373 2658 qui
3419 2605 3576 2643 aures

311 2682 502 2754 ἠθελον
525 2681 901 2735 ἐπικαλεῖσθαι
920 2680 980 2731 τὸ
999 2679 1167 2749 ὄνομα
1187 2678 1373 2744 αὐτοῦ,
1393 2679 1569 2732 καίτοι
1591 2680 1894 2750 διαρρήδην

1995 2695 2101 2732 non
2136 2679 2353 2742 habent,
2377 2680 2540 2733 duros
2568 2690 2622 2732 et
2644 2680 3032 2740 inobedientes,
3056 2681 3292 2735 ostendit
3317 2697 3436 2734 cum
3461 2681 3571 2735 ait:

309 2775 372 2828 τὸ
401 2793 420 2825 ι
463 2772 603 2842 Ἐγώ
634 2775 747 2842 εἰμι
778 2790 795 2822 ι
826 2771 1074 2840 λέγοντος
1117 2769 1460 2840 πλεισταχοῦ.
1492 2771 1613 2822 ’Ότι
1649 2770 1705 2822 δὲ
1739 2771 1892 2838 γεγό-

2003 2789 2021 2822 ι
2060 2769 2302 2838 Expandi
2337 2786 2527 2826 manus
2562 2786 2708 2824 meas
2744 2771 2808 2823 ad
2879 2770 3132 2840 populum
3183 2771 3575 2825 inohedientem

317 2882 475 2920 νασιν
527 2863 877 2931 άνουθέτητοι
931 2861 1026 2913 καὶ
1077 2861 1136 2912 ἐν
1189 2858 1288 2930 ἴσῳ
1325 2859 1466 2929 τάχα
1505 2876 1608 2912 που
1656 2862 1770 2922 τοῖς
1793 2861 1894 2912 οὐκ

1996 2877 2060 2916 ac
2104 2863 2587 2917 contradicenlem.
2637 2883 2656 2915 ›
2712 2863 2960 2920 Solemus
3005 2865 3148 2918 enim
3197 2879 3408 2934 semper
3455 2878 3575 2917 cum

311 2954 524 3024 ἔχουσιν
569 2946 703 3015 ὦτα,
748 2950 971 3022 σκληροί
1011 2968 1072 3004 τε
1129 2951 1224 3004 καὶ
1259 2950 1531 3016 ἀπειθεῖς,
1571 2951 1895 3004 διαδείκνυσι

1996 2950 2352 3007 refractarios
2397 2952 2743 3021 alloquimur,
2775 2962 2829 3007 et
2873 2953 3270 3021 immorigeros,
3303 2968 3424 3006 cum
3469 2953 3579 3005 cla-

311 3049 504 3118 λέγων,
530 3051 612 3103 ὅτι
640 3067 658 3100 ι
697 3047 1031 3110 Ἐξεπέτασα
1075 3046 1173 3110 τὰς
1211 3049 1399 3118 χεῖράς
1449 3065 1550 3118 μου
1585 3049 1723 3118 πρὸς
1770 3048 1896 3102 λαὸν

1997 3059 2150 3099 more
2182 3061 2371 3101 manus
2421 3046 2710 3100 extendere
2757 3057 2813 3100 et
2849 3047 3086 3114 graviter
3124 3047 3176 3100 in
3223 3046 3340 3100 illos
3381 3045 3577 3099 invehi.

314 3142 669 3204 ἀπειθοῦντα,
730 3140 823 3194 καὶ
858 3139 1227 3208 ἀντιλέγοντα·
1263 3159 1281 3190 ι
1345 3139 1736 3210 κατειθίσμεθα
1788 3139 1896 3212 γὰρ

2004 3153 2023 3186 ι
2064 3135 2168 3192 Sed
2211 3152 2316 3190 non
2359 3137 2790 3202 ambulaverunt,
2831 3155 2849 3189 ι
2886 3138 3079 3206 inquit,
3115 3156 3134 3188 ι
3175 3138 3225 3190 in
3254 3137 3335 3190 via
3366 3153 3516 3191 vera.
3554 3155 3572 3186 ι

312 3230 520 3294 άείπως
543 3203 664 3294 τοῖς
703 3229 960 3298 ἀνηκόοις
1023 3203 1540 3300 προσδιαλεγόμενοι
1588 3203 1727 3298 μετὰ
1763 3203 1891 3299 βὸῆξ

1995 3228 2153 3284 Nullo
2182 3231 2326 3283 enim
2356 3229 2514 3282 modo
2543 3229 2880 3283 admiserunt
2905 3229 3196 3284 salutarem
3227 3230 3571 3298 praedicatio-

313 3321 415 3385 τὰς
437 3323 627 3391 χεῖρας
689 3319 914 3384 ἁπλοῦν,
960 3320 1054 3371 καὶ
1087 3318 1344 3388 πλείστην
1396 3319 1528 3386 ὅσην
1557 3321 1674 3372 κατ’
1714 3321 1893 3376 αὐτῶν

1994 3335 2137 3385 nem,
2172 3339 2190 3371 ι
2221 3321 2314 3374 sed
2339 3329 2558 3390 peccata
2584 3337 2678 3373 sna
2718 3322 2890 3375 secuti
2932 3330 3077 3386 sunt,
3112 3340 3130 3372 ι
3167 3321 3217 3374 id
3264 3332 3367 3384 est,
3395 3318 3580 3373 effreni

314 3411 585 3467 ποιεῖσθαι
630 3411 730 3479 τὴν
757 3410 1061 3477 ἐπίπληξιν·
1102 3429 1119 3460 ι
1158 3411 1270 3463 ἀλλ’
1294 3411 1394 3463 οὐκ
1436 3410 1833 3482 ἐπορεύθησαν,
1873 3431 1892 3464 ›

1997 3411 2198 3479 impetu
2230 3410 2294 3464 ad
2323 3411 2554 3465 solutam
2582 3413 2744 3466 vitam
2771 3413 3112 3483 maximeque
3139 3412 3345 3481 legibus
3370 3423 3585 3466 contra-

321 3505 510 3576 φησιν,
565 3523 582 3556 ι
620 3503 724 3574 6δῷ
753 3503 1004 3574 ἀληθινῇ.
1041 3522 1059 3553 ›
1106 3503 1478 3574 Παρεδέξαντο
1505 3503 1613 3574 γὰρ
1653 3504 1902 3574 οὐδαμῶς

1998 3503 2133 3556 riam
2167 3501 2395 3556 devoluti
2430 3513 2579 3569 sunt,
2608 3518 2727 3571 quas
2770 3519 2984 3573 pinnam
3031 3503 3164 3572 ipsis
3204 3512 3258 3556 et
3291 3502 3569 3556 interitum

315 3598 378 3651 τὸ
410 3598 674 3668 σωτήριον
701 3597 982 3664 κήρυγμα,
1022 3613 1040 3645 ‹
1071 3595 1286 3648 εἵποντο
1307 3595 1365 3648 δέ
1399 3595 1597 3664 μᾶλλον
1624 3599 1743 3659 ταῖς
1772 3597 1899 3649 ἐαυ-

1999 3594 2306 3648 accersivit.
2337 3593 2449 3649 Hoc
2495 3610 2682 3649 rursus
2731 3596 2990 3650 Scrvator
3021 3595 3125 3649 illis
3165 3597 3348 3648 dicere
3380 3594 3584 3647 inveni-

315 3687 425 3740 τῶν
438 3687 752 3758 ἁμαρτίαις,
769 3705 786 3736 ι
807 3687 1105 3750 τουτέστιν,
1130 3685 1343 3754 ἅσχέτῳ
1370 3687 1511 3755 φορᾷ
1533 3685 1897 3755 κατεφέροντο

2005 3695 2127 3740 tur:
2165 3704 2184 3738 ι
2220 3687 2391 3741 Amen
2426 3687 2548 3740 dico
2580 3687 2733 3742 vobis
2782 3706 2797 3744 :
2846 3687 3031 3742 Sinon
3073 3685 3411 3740 credideritis
3441 3687 3581 3754 quod

317 3781 450 3852 πρὸς
477 3779 719 3850 ἀτημελῆ
751 3779 844 3831 καὶ
893 3778 1280 3846 ἐκνομωτάτην
1314 3776 1477 3848 ζωὴν,
1502 3779 1656 3849 δίκης
1691 3796 1749 3831 τε
1797 3780 1895 3832 αύ-

2001 3792 2100 3848 ego
2127 3779 2250 3843 sim,
2278 3779 2330 3832 in
2362 3779 2598 3846 peccatis
2620 3781 2815 3834 vestris
2837 3777 3229 3833 moriemini“.
3261 3797 3279 3830 ›
3310 3777 3581 3831 Admoniti

317 3875 429 3936 τοῖς
481 3872 576 3924 καὶ
628 3869 851 3940 ὀλέθρου
897 3867 1176 3938 πρόξενον.
1229 3868 1400 3921 Τοῦτο
1430 3869 1592 3922 πάλιν
1645 3872 1672 3922 ὁ
1706 3871 1896 3940 Σωτὴρ

2001 3871 2144 3924 enim
2174 3871 2566 3936 renitebantur,
2595 3886 2658 3926 ac
2684 3871 3076 3925 denuntiabant
3103 3869 3364 3939 subjectis
3397 3868 3579 3921 manu;

323 3965 506 4024 αὐτοῖς
528 3963 842 4034 εὑρίσκεται
873 3960 1046 4028 λέγων
1068 3977 1079 3987 ·
1107 3979 1126 4010 ι
1168 3960 1335 4030 Ἀμὴν
1358 3961 1498 4028 λέγω
1520 3963 1669 4031 ὑμῖν,
1696 3963 1788 4015 ἐὰν
1822 3962 1895 4032 μὴ

2002 3978 2112 4017 suae
2153 3981 2167 4016 :
2217 3981 2235 4014 ι
2289 3963 2618 4017 Daemonium
2674 3964 2838 4018 habet
2875 3973 2931 4017 et
2977 3963 3206 4026 insanit,
3238 3963 3368 4030 quid
3413 3962 3581 4030 ipsum

319 4058 669 4125 πιστεύσητε,
697 4055 780 4108 ὅτι
813 4051 924 4121 ἐγώ
978 4054 1115 4122 εἰμι,
1149 4053 1206 4105 ἐν
1239 4056 1359 4118 ταῖς
1402 4055 1698 4124 ἁμαρτίαις
1742 4055 1896 4125 ὑμῶν

2002 4057 2203 4112 auditis
2226 4056 2306 4109 ‘7?
2339 4075 2358 4108 ι
2391 4055 2521 4109 Illud
2553 4056 2773 4124 insuper
2800 4055 3092 4110 clamantes
3124 4073 3138 4110 :
3177 4073 3195 4105 ι
3227 4053 3341 4108 Νοη
3371 4061 3587 4122 propter

318 4146 696 4201 ἀποθανεῖσθε.
743 4165 761 4197 ι
809 4145 1272 4215 Ἀντεπράττοντο
1309 4147 1419 4217 γὰρ
1446 4147 1891 4219 νουθετούμενοι,

1999 4149 2198 4202 bonmn
2225 4161 2358 4215 opus
2383 4147 2682 4214 Iapidamns
2712 4155 2786 4210 te,
2807 4146 2900 4200 sed
2931 4155 3150 4214 propter
3173 4143 3583 4212 blasphemiam,

320 4237 684 4309 παρήγγειλον
710 4237 766 4290 δέ
788 4237 880 4290 καὶ
907 4239 1020 4299 τοῖς
1047 4236 1150 4288 ὑπὸ
1171 4239 1326 4308 χεῖρα
1345 4237 1594 4306 λέγοντες
1619 4256 1632 4269 ·
1659 4258 1677 4290 ι
1696 4240 1894 4309 Δαιμό-

1861 4240 1894 4291 5-
2000 4240 2124 4308 quia
2157 4247 2210 4293 tu
2243 4239 2405 4293 homo
2435 4253 2554 4292 cum
2586 4238 2683 4299 sis,
2715 4238 2850 4292 facis
2879 4240 3104 4306 teipsnm
3138 4239 3304 4291 Deum
3326 4235 3394 4289 ⁸⁸.
3432 4255 3449 4288 ι

319 4347 431 4384 νιυν
473 4329 605 4399 ἔχει,
660 4329 753 4381 καὶ
808 4329 1076 4398 μαίνεται,
1111 4329 1164 4380 τί
1199 4329 1363 4382 αὑτοῦ
1398 4329 1664 4396 άκούετε;
1701 4351 1719 4382 ι
1773 4333 1880 4386 Nati.
1921 4331 2028 4402 μὴν
2075 4333 2295 4385 κάκεῖνο
2347 4331 2484 4401 πρὸς
2542 4330 2718 4400 τούτῳ
2754 4326 3019 4399 βοὰντες·
3071 4348 3092 4382 ι
3131 4329 3269 4401 Περὶ
3301 4327 3465 4382 καλοῦ
3493 4327 3588 4402 ἐρ-

318 4437 415 4494 γου
445 4420 504 4472 οὐ
538 4418 828 4488 λιθάζομέν
863 4436 940 4482 σε,
975 4419 1109 4473 ἀλλὰ
1138 4421 1265 4491 περὶ
1296 4420 1674 4492 βλασφημίας,
1711 4423 1792 4477 δτι
1856 4426 1919 4478 σὺ
1971 4423 2263 4494 ἄνθρωπος
2322 4421 2396 4476 ῶν
2443 4426 2617 4485 ποιεῖς
2654 4425 2876 4476 σεαυτὸν
2914 4423 3064 4476 Θεόν.
3111 4441 3129 4474 ι

400 4515 455 4568 Ὀ
483 4512 632 4579 λαὸς
662 4508 840 4579 οὗτος
869 4517 900 4566 ὁ
952 4514 1310 4582 παροξύνων
1335 4532 1432 4585 με,
1461 4515 1717 4570 ἐνώπιον
1747 4517 1892 4586 ἐμοῦ
1926 4523 1970 4578 1)

2071 4520 2234 4574 Vens.
2269 4519 2389 4574 5-5.
2431 4517 2662 4584 Populus
2725 4517 2808 4571 hic
2856 4517 3172 4570 exacerbans
3220 4533 3320 4579 me,
3357 4519 3412 4570 in
3461 4534 3587 4571 cau-

318 4606 496 4661 ιιύτοὶ
543 4605 640 4658 διὰ
673 4604 913 4670 παντός.
949 4602 1351 4665 Θυσιοὶζουσιν
1387 4605 1457 4658 ἐν
1493 4606 1619 4672 τοῖς
1647 4606 1895 4674 κήποις,

1999 4623 2175 4680 spectu
2226 4627 2339 4666 meo
2373 4627 2592 4678 semper.
2625 4609 2726 4665 Isti
2758 4609 3057 4676 sacriﬁcant
3092 4609 3144 4661 in
3177 4609 3376 4673 hortis,
3401 4620 3448 4663 et
3492 4612 3587 4662 ad-

319 4699 419 4754 καὶ
467 4698 762 4768 θυμιῶσιν
800 4697 869 4750 ἐν
918 4696 1044 4763 τοῖς
1073 4697 1350 4762 πλίνθοις
1385 4697 1510 4764 τοῖς
1531 4697 1898 4768 δαιμονίοις,

2003 4706 2139 4759 olent
2163 4707 2431 4758 incensum
2455 4720 2612 4769 super
2636 4702 3192 4766 lateres‘dmmonibus,
3215 4703 3302 4772 qui
3322 4718 3422 4754 non
3442 4717 3581 4756 sunt.

320 4790 360 4844 ἅ
397 4793 506 4844 οὐκ
533 4790 683 4844 ἐστι.
739 4789 846 4842 Καὶ
900 4789 969 4841 ἐν
1014 4787 1137 4854 τοῖς
1165 4788 1460 4856 μνήμασι,
1516 4790 1616 4842 καὶ
1665 4791 1736 4844 ἐν
1779 4791 1902 4857 τοῖς

2010 4793 2075 4848 Et
2106 4797 2159 4847 in
2190 4794 2536 4847 monumentis
2570 4809 2633 4845 ac
2666 4792 2922 4860 speluncis
2956 4791 3222 4844 dormiunt
3258 4801 3472 4861 propter
3502 4794 3584 4846 in-

319 4882 644 4950 σπηλαίοις
701 4879 1018 4949 κοιμῶνται
1063 4877 1138 4932 δι’
1167 4879 1441 4943 ἐνύπνια,
1477 4882 1532 4934 οἱ
1595 4881 1901 4946 ἐσθίοντες

2008 4889 2242 4952 somnia;
2283 4889 2555 4940 comedunt
2589 4901 2773 4940 carnes
2805 4885 2991 4938 suillos
3014 4925 3028 4948 ,
3062 4894 3108 4937 et
3137 4885 3228 4954 jus
3258 4886 3582 4948 hostiarum;

321 4986 464 5044 κρέα
484 4973 634 5035 ὕεια,
652 4973 750 5026 καί
771 4971 956 5040 ζωμὸν
985 4968 1230 5036 θυσιῶν,
1251 4971 1682 5041 μεμολυσμένα
1707 4972 1903 5026 πάντα

2005 4983 2207 5049 polluta
2251 4982 2428 5034 omnia
2467 4998 2588 5035 vasa
2636 4997 2814 5034 eorum
2857 4993 2876 5032 :
2917 4981 3122 5038 dicunt.
3151 4978 3315 5049 893
3343 4977 3516 5048 Longe
3553 4996 3583 5030 α

321 5070 394 5121 τὰ
433 5067 623 5132 σκεύη
654 5064 869 5119 αὐτῶν·
902 5067 957 5116 οἱ
984 5063 1285 5131 λέγοντες,
1323 5065 1528 5131 Πόῤῥω
1569 5064 1671 5118 ἀπ’
1713 5065 1860 5134 ἐμοῦ
1883 5107 1898 5132 ,

2006 5089 2117 5135 me,
2155 5075 2275 5142 quia
2314 5075 2539 5125 mundus
2583 5089 2731 5135 sum,
2766 5088 2829 5124 ne
2871 5073 3251 5142 appropinques
3294 5071 3441 5124 mihi.
3484 5071 3585 5124 Iste

303 5158 412 5236 ¹ὅτι
439 5156 695 5224 καθαρός
722 5157 858 5224 εἰμι,
874 5153 959 5222 μὴ
984 5154 1233 5222 ἐτγίσῃς
1248 5171 1372 5222 μοι.
1389 5151 1581 5221 Οὗτος
1614 5158 1647 5208 ό
1671 5155 1891 5221 καπνὸς

2009 5167 2186 5236 fumus
2215 5169 2415 5236 luroris
2444 5168 2566 5234 mei,
2594 5166 2730 5236 ignis
2763 5165 2908 5219 ardet
2939 5168 2991 5218 in
3021 5180 3080 5218 eo
3111 5162 3354 5217 omnibus
3379 5163 3583 5218 diebus.

329 5248 428 5302 τοῦ
457 5247 647 5316 θυμοῦ
677 5264 818 5316 μου,
865 5246 986 5314 πῦρ
1026 5245 1250 5298 καίεται
1293 5246 1362 5299 ἐν
1388 5246 1548 5311 αὑτῷ
1570 5246 1772 5314 πάσας
1797 5248 1903 5312 τὰς

328 5340 568 5408 ἡμέρας.
887 5331 898 5348 ’

410 5431 680 5495 Ἀνοσίους
707 5431 866 5494 δντας
891 5430 1099 5500 ἐλέγχει
1143 5431 1269 5494 τοὺς
1299 5431 1356 5497 ἐξ
1401 5430 1637 5502 Ἰσραὴλ,
1670 5433 1762 5485 καὶ
1783 5431 1898 5487 οὔτι

2083 5427 2276 5496 Impius
2307 5426 2574 5480 lsrachtas
2601 5425 2798 5494 arguit,
2829 5439 2928 5478 nec
2959 5423 3131 5478 solum
3161 5423 3421 5476 adventus
3453 5430 3585 5475 tem-

329 5537 428 5574 που
463 5524 620 5592 μόνον
649 5523 788 5578 κατὰ
818 5525 910 5577 τὸν
935 5524 1032 5587 τῆς
1063 5523 1354 5592 ἐπιδημίας
1386 5525 1592 5595 καιρὸν,
1624 5524 1760 5577 ἀλλὰ
1795 5525 1903 5596 γὰρ

2011 5537 2158 5590 pore,
2185 5522 2277 5576 sed
2324 5529 2486 5583 retro,
2515 5529 2568 5571 et
2604 5517 2748 5572 velut
2785 5517 2851 5572 ab
2895 5518 3008 5587 ipsa
3040 5517 3208 5585 stirpe
3237 5523 3290 5570 et
3320 5529 3384 5569 ex
3421 5513 3587 5583 patri-

403 5723 443 5754 ⁸¹
487 5723 671 5779 Matth.
724 5741 794 5788 ιν,
827 5726 919 5779 23.
996 5726 1040 5755 δ’
1079 5723 1266 5777 Matth.
1311 5741 1386 5787 τι,
1423 5727 1493 5791 5;
1535 5726 1636 5780 lsa.
1679 5743 1838 5788 xxxv,
1871 5728 1924 5788 ες,
1969 5726 1991 5780 θ

1992 5727 2019 5779 ἱ.
2101 5725 2144 5756 *³
2171 5723 2322 5778 .Inan.
2362 5739 2413 5788 κ,
2445 5723 2536 5788 37,
2569 5722 2655 5778 58.
2750 5722 2794 5755 ⁸⁸
2828 5719 2979 5776 loan.
3005 5735 3122 5785 vni,
3159 5716 3242 5773 1‘2.
3347 5715 3395 5748 "
3423 5712 3580 5771 Joau.

335 5805 428 5860 vn,
455 5794 540 5858 57,
571 5797 657 5848 58.
737 5797 778 5827 δε
808 5794 961 5850 Joun.
1003 5810 1115 5860 vni,
1145 5793 1235 5848 ει.
1316 5796 1356 5826 ⁵⁷
1389 5795 1542 5850 Joan.
1580 5814 1630 5863 κ,
1671 5798 1761 5851 21³.
1840 5800 1883 5830 ⁸η
1921 5801 1923 5852 Ξ

586 5797 657 5848 58.
737 5797 778 5827 δε
808 5794 961 5850 Joun.
1003 5810 1115 5860 vm,
1145 5793 1235 5848 τι.
1316 5796 1356 5826 ⁵⁷
1389 5795 1542 5850 .Ιυ;ηι.
1580 5814 1630 5863 x,
1671 5798 1761 5851 ‘20.
1840 5800 1883 5830 "‘
1921 5798 2050 5853 ibid.
2090 5797 2174 5850 55.
