4022 6400
501 368 640 425 140⁸1
1534 363 1592 420 S.
1636 365 1912 421 CYRII.”
1953 368 2087 424 ALE

2241 370 2429 428 DRINI
2469 369 2787 427 ARCHIEP.
3654 367 3683 421 ι
3698 362 3826 423 468

498 485 619 550 bus,
646 483 737 554 qui
779 482 957 537 divina
1001 481 1117 549 ejus
1162 481 1281 551 lege
1326 480 1544 549 rejects,
1576 492 1629 536 et
1658 482 1908 540 Mosaicis
1949 502 2084 555 prsc-

2234 488 2421 551 νωθεν,
2478 488 2569 541 καὶ
2596 482 2707 540 οἷον
2740 487 2805 538 ἐκ
2831 482 2989 555 ῥίζης
3010 520 3025 548 ,
3074 483 3168 536 καὶ
3193 482 3257 536 ὲκ
3292 480 3555 553 πατέρων
3605 483 3662 536 οἱ
3716 484 3822 537 τὸν

497 577 670 645 ceptis
716 584 923 631 tantum
950 590 1057 629 non
1102 574 1217 627 vale
1258 574 1421 635 dicto,
1456 574 1613 630 idolis
1658 579 1984 643 servierunt,
2032 591 2085 635 et

2233 583 2333 633 εῖον
2362 578 2529 634 αὑτοῦ
2570 576 2959 648 παρωσάμενοι
3016 576 3201 646 νόμον,
3249 576 3344 628 καὶ
3390 577 3703 646 μονονουχὶ
3754 578 3821 629 τὸ

495 670 632 724 falso
664 669 983 737 nuncupatis
1009 668 1112 723 diis
1152 668 1563 733 sacriﬁcarunt,
1599 679 1653 725 et
1685 664 2083 730 immundorum

2228 671 2463 744 ῥρῶσθαι
2502 670 2805 740 φθάσαντες
2840 670 2962 732 ταῖς
2987 667 3075 721 διὰ
3104 667 3348 727 Μωσέως
3397 667 3683 731 ἐντολαῖς,
3720 668 3816 720 λε-

495 761 781 828 spirituum
814 759 1048 813 cultores
1079 760 1425 815 exstiterunt.
1460 780 1479 813 ι
1520 762 1615 816 Hic
1647 766 1907 833 populus,
1946 787 1964 819 ι
2005 770 2083 820 in-

2230 763 2551 833 ιτρεύκασιν
2580 760 2837 824 εἰδώλοις.
2865 762 2957 815 καὶ
2983 759 3242 813 τεθὺκασι
3266 761 3376 822 τοῖς
3401 758 3818 829 ψευδωνύμως

496 855 645 922 qttit,
680 872 698 903 ι
731 862 815 907 est
844 853 936 921 qui
971 867 1187 922 semper
1225 866 1311 906 me
1351 854 1662 910 exacerbat.
1696 858 2084 916 Sacrificarunt

2224 858 2352 919 εοῖς,
2382 855 2477 909 καὶ
2503 856 2828 926 πνευμάτων
2853 854 3177 925 ἀκαθάρτων
3206 852 3464 922 γεγόνασι
3503 840 3812 921 Θεραπευο

495 947 641 1000 enim
689 944 1077 1009 indesinenter,
1118 963 1136 995 ι
1196 945 1249 998 id
1297 956 1410 1011 εει,
1446 946 1606 1016 longo
1656 959 1923 1017 tempore,
1960 970 1978 1002 ‹
2031 951 2083 1005 in

2224 946 2296 1004 αί.
2328 966 2346 997 ι
2385 941 2553 1009 Οὗτος
2575 948 2604 1000 ὁ
2632 947 2759 1011 λαὸς
2782 948 2865 1000 άεὶ
2894 947 3105 1015 γέγονε,
3155 966 3175 998 ι
3215 946 3367 1017 φησὶ,
3409 965 3429 997 ‹
3459 946 3812 1017 παροξύνων

495 1044 787 1107 conspectu
819 1051 961 1091 meo.
1000 1056 1018 1088 ι
1051 1038 1119 1090 At
1148 1038 1421 1104 quomodo
1453 1039 1620 1093 latere
1646 1050 1931 1109 poterant,
1961 1059 2082 1099 cum

2227 1056 2278 1093 ηε.
2314 1038 2589 1094 Τεθύκασι
2622 1040 2728 1111 γὰρ
2751 1040 3165 1110 άκαταλήκτως,
3206 1059 3225 1092 ι
3251 1040 3555 1104 τουτέστιν,
3584 1040 3645 1091 ἐν
3670 1040 3815 1110 χρό-

495 1130 642 1185 Deus
668 1129 846 1183 omnia
879 1129 1169 1197 inspiciat?
1200 1130 1343 1184 Dixit
1370 1132 1514 1185 enim
1548 1147 1644 1202 per
1673 1136 1964 1202 quemdam
2006 1153 2074 1191 ex

2225 1147 2295 1193 οις
2331 1132 2579 1203 μακροῖς,
2608 1149 2627 1182 ι
2647 1129 2877 1184 ἐνώπιόν
2897 1147 3019 1200 μου.
3050 1148 3069 1182 ι
3097 1126 3233 1184 Εἶτα
3268 1130 3383 1194 πῶς
3414 1126 3483 1201 ἦν
3521 1129 3813 1183 δύνασθαι

495 1221 699 1276 sanctis
726 1223 1006 1293 prophetis
1045 1241 1060 1278 :
1111 1242 1130 1275 ι
1181 1224 1321 1279 Deus
1349 1229 1785 1296 appropinquans
1812 1243 1913 1297 ego
1940 1245 2082 1293 sum,

2223 1223 2366 1276 αθεῖν
2398 1224 2615 1287 αὐτοὺς,
2645 1224 2824 1276 καίτοι
2872 1224 3053 1277 πάντα
3083 1222 3387 1295 ἐφορῶντος
3423 1222 3608 1289 Θεοῦ;
3646 1224 3811 1292 Ἔφη

496 1313 973 1377 dicitDominus“,
1002 1326 1057 1370 et
1086 1331 1190 1370 non
1224 1315 1364 1371 Deus
1389 1332 1418 1371 e
1443 1316 1751 1388 longinquo.
1774 1320 1855 1373 An
1887 1336 1971 1375 me
1994 1336 2084 1377 ce-

2226 1316 2294 1387 άρ
2335 1332 2459 1382 που,
2498 1316 2592 1370 καὶ
2639 1316 2710 1368 δι’
2735 1315 2852 1380 ἑνὸς
2885 1315 2991 1369 τῶν
3022 1316 3193 1383 ἁγίων
3222 1314 3521 1386 προφητῶν
3546 1331 3562 1345 ο
3598 1334 3617 1366 ι
3662 1314 3812 1377 θεὸς

495 1404 697 1459 labitur
719 1406 1049 1475 quidquam?
1085 1426 1104 1459 ι
1137 1406 1193 1461 Si
1221 1422 1350 1473 ergo
1377 1408 1510 1461 nihil
1540 1424 1663 1462 eum
1694 1410 1920 1477 celetur,
1949 1426 2077 1481 quo-

2224 1407 2419 1474 γγίζων
2458 1407 2569 1475 ἐγώ
2620 1410 2754 1478 εἰμι,
2778 1407 2924 1476 λέγει
2954 1406 3178 1479 Κύριος,
3224 1409 3317 1462 καὶ
3341 1409 3461 1479 οὐχ).
3494 1408 3641 1471 Θεὸς
3667 1410 3812 1480 πόρ-

495 1497 655 1549 modo
680 1495 951 1550 latuerunt
976 1498 1194 1565 quidam
1224 1497 1459 1552 sumtum
1489 1498 1749 1554 facientes
1791 1502 1843 1555 in
1888 1504 2079 1565 hortis,

2222 1498 2379 1562 ωθεν,
2405 1498 2477 1569 μὴ
2504 1499 2597 1553 ἀπ’
2623 1500 2757 1570 ἐμοῦ
2782 1500 3116 1571 κρυϐήσεταί
3142 1519 3227 1567 τι;
3256 1520 3273 1552 ι
3313 1500 3529 1554 Οὐκοῦν
3551 1502 3601 1553 εί
3626 1502 3810 1572 μηδὲν

493 1587 579 1641 vel
624 1588 675 1642 in
718 1589 887 1654 silvis,
923 1592 1199 1645 montibus
1226 1600 1279 1645 et
1310 1590 1483 1645 lucis?
1512 1592 1651 1657 Quid
1686 1594 1847 1663 igitttr
1877 1595 2081 1663 signiﬁ-

2224 1594 2277 1644 π’
2304 1592 2469 1645 αὐτοῦ
2498 1592 2818 1664 κρύπτεται,
2853 1593 2968 1657 πῶς
3005 1592 3069 1646 ἂν
3086 1594 3273 1647 ἔλαθον
3298 1596 3441 1657 τινὲς
3475 1595 3808 1665 θυμιῶντες

495 1691 606 1743 rat,
666 1699 686 1733 ‹
723 1680 779 1735 in
808 1692 1098 1751 conspectu
1130 1684 1284 1737 meo?
1320 1702 1338 1735 ι
1377 1684 1597 1739 Scilicet
1632 1686 1683 1738 in
1727 1686 1843 1754 ipso
1885 1689 2083 1756 temple

2218 1701 2240 1732 ν
2290 1683 2522 1753 κήποις.
2563 1682 2732 1751 ἤγουν
2763 1682 2820 1734 ὲν
2850 1681 3098 1753 δρυμοῖς,
3148 1682 3299 1753 δρεσί
3319 1699 3377 1734 τε
3416 1682 3509 1733 καὶ
3542 1683 3806 1749 νάπαι-ς

493 1773 635 1840 quod
677 1774 805 1827 mihi
852 1786 1227 1829 consecratum
1277 1787 1379 1830 est.
1411 1776 1603 1831 Simile
1641 1778 1897 1846 quiddam
1935 1781 2078 1833 enim

2218 1772 2249 1822 ’ί
2286 1770 2378 1826 οὖν
2406 1773 2514 1844 άρα
2548 1773 2609 1826 τὸ
2636 1791 2656 1825 ι
2691 1773 2919 1828 ἐνώπιόν
2948 1793 3049 1846 μου
3086 1795 3105 1827 ι
3140 1773 3321 1845 δηλοῖ,
3363 1773 3485 1826 ἀντὶ
3538 1772 3665 1835 τοῦ,
3710 1775 3806 1828 καὶ

493 1864 632 1918 dixtt
657 1879 789 1920 voce
816 1864 1065 1921 Jeremim
1093 1869 1158 1921 de
1186 1866 1507 1923 Jerusalem.
1544 1889 1561 1919 (
1602 1874 1773 1936 Quam
1804 1872 2081 1926 abomina-

2218 1867 2265 1927 ις
2309 1866 2468 1919 αὑτὸν
2510 1866 2601 1919 τὸν
2642 1866 3021 1937 ἁφιερωθέντα
3070 1885 3158 1937 μοι
3192 1867 3347 1921 νεών.
3382 1868 3535 1937 Ἔφη
3560 1867 3684 1936 γάρ
3720 1884 3805 1920 τοι

493 1956 693 2010 tionem
726 1956 851 2011 fecit
875 1958 1065 2012 dilecta
1102 1960 1152 2013 in
1185 1962 1346 2015 domo
1389 1975 1502 2015 mea
1530 1963 1612 2015 '°?
1650 1982 1668 2014 ι
1706 1963 2081 2018 Abominatio-

2222 1954 2428 2010 οιοῦτον
2464 1958 2555 2010 καὶ
2593 1957 2679 2010 διὰ
2712 1959 2897 2028 φωνῆς
2928 1959 3189 2029 Ἱερεμίου
3215 1960 3341 2030 περ’(¹
3368 1957 3470 2029 τῆς
3508 1959 3807 2029 Ἰερουσα-

495 2060 617 2101 nem
649 2047 929 2103 nominare
967 2060 1367 2103 consueverunt
1395 2065 1567 2105 sacra:
1595 2051 1814 2107 Littera:
1859 2054 2080 2108 idolum.

2216 2052 2321 2121 ﬁp.‘
2360 2069 2378 2101 ι
2414 2051 2479 2103 Τί
2507 2050 2836 2121 ἠγαπημένη
2865 2052 2922 2103 ἐν
2948 2050 3022 2121 τῷ
3051 2053 3183 2121 οἴκῳ
3210 2070 3311 2121 μου
3335 2052 3568 2121 ἐποίησε
3604 2052 3804 2121 βδέλυ-

492 2140 681 2208 ltaque
730 2150 785 2195 et
841 2142 911 2195 ob
970 2141 1155 2195 oeulos
1215 2157 1365 2195 meos
1428 2161 1445 2193 ι
1509 2144 1718 2198 sumtus
1774 2145 2006 2210 faciunt,
2059 2166 2077 2199 ι

2214 2158 2304 2212 ’μα
2331 2158 2344 2203 ;
2372 2160 2390 2193 ι
2430 2141 2713 2213 Βδέλυγμα
2739 2142 2795 2195 δὲ
2832 2142 2892 2195 τὸ
2930 2143 3145 2196 εἴδωλον
3181 2144 3469 2214 ὀνομάζειν
3501 2144 3632 2209 ἔθος
3689 2147 3802 2209 τοῖς

493 2232 690 2300 inqttit,
725 2250 745 2283 ι
778 2241 831 2285 et
876 2233 930 2286 in
982 2233 1171 2296 norlis,
1210 2252 1228 2284 ι
1266 2236 1317 2286 id
1362 2246 1477 2293 est,
1533 2234 1586 2288 in
1633 2236 1926 2300 montibus,
2005 2238 2081 2291 uti

2214 2237 2359 2306 εροϊς
2410 2235 2759 2306 Γράμμασιν.
2812 2234 3023 2287 Οὐκοῦν
3077 2239 3196 2289 κατ’
3248 2237 3569 2307 ὀφθαλμοὺς
3621 2240 3800 2308 ἐμοὺς

491 2326 623 2388 dixi,
648 2344 667 2376 ι
696 2324 797 2379 sub
821 2340 1049 2395 quercu,
1071 2334 1123 2379 et
1151 2326 1365 2395 populo,
1385 2335 1437 2379 et
1464 2328 1657 2382 arbore
1684 2330 1936 2383 umbrosa
1960 2331 2028 2395 ⁵⁸,
2059 2349 2077 2381 ι

2207 2346 2212 2379 ι
2249 2326 2539 2398 θυμιῶσι,ι
2578 2328 2764 2398 φησὶ,‹
2804 2328 2898 2381 καὶ
2926 2331 2982 2381 ὲν
3015 2332 3129 2392 τοῖς
3155 2332 3369 2401 κήποις,
3413 2350 3432 2383 ι
3473 2333 3795 2395 τουτέστιν,

493 2420 787 2476 secundum
835 2421 885 2474 id
925 2423 1068 2490 quod
1112 2422 1374 2490 scriptum
1416 2431 1523 2477 est.
1563 2422 1988 2485 Sacrificabant,
2027 2432 2081 2476 ut

2204 2435 2243 2470 ιν
2265 2418 2469 2489 ὄρεσιν,
2514 2417 2591 2481 ὡς
2638 2416 2796 2487 ἔφην,
2832 2437 2850 2468 ι
2882 2419 3139 2472 ὑποκάτω
3179 2421 3356 2491 δρυὸς,
3403 2422 3496 2474 καὶ
3556 2422 3792 2494 λεύκης,

489 2511 721 2579 videtur,
744 2512 1054 2567 Graecorum
1082 2530 1283 2569 morem
1314 2515 1507 2578 secuti,
1533 2516 1853 2584 quihusdam
1882 2518 2077 2571 dmmo—

2202 2511 2279 2561 ‹α“ι
2316 2509 2533 2579 δένδρου
2570 2508 2987 2573 συσκιάζοντος,
3032 2528 3051 2561 ι
3086 2510 3228 2564 κατά
3269 2511 3327 2565 τὸ
3362 2514 3790 2583 γεγραμμένον.

491 2606 678 2669 nibus,
712 2608 976 2677 nymphas
1009 2609 1081 2661 illi
1118 2619 1344 2674 vocant,
1378 2610 1805 2681 hamadryadas,
1836 2621 1889 2664 et
1921 2627 2079 2666 orea-

2206 2600 2385 2653 Ἐθυον
2412 2602 2489 2666 δὲ,
2524 2602 2666 2655 κατά
2689 2601 2748 2654 τὸ
2772 2603 2938 2666 είκὺς,
2960 2605 3072 2665 τοῖς
3088 2603 3352 2675 Ἐλλήνων
3373 2605 3794 2677 ἀκολουθήσαν-

491 2698 608 2753 das.
639 2698 743 2752 Sed
781 2715 884 2752 non
921 2710 1064 2763 sunt,
1099 2701 1289 2770 inquit,
1322 2717 1425 2754 nou
1458 2701 1598 2769 quod
1635 2717 1737 2755 non
1772 2702 2079 2757 subsistant

2203 2710 2273 2756 τες
2290 2693 2499 2761 θυμοῖς,
2527 2694 2746 2764 δαίμοσι
2774 2696 2941 2755 τισὶν,
2989 2695 3055 2760 ἃς
3093 2697 3311 2767 νύμφας
3348 2699 3550 2751 ἐκεῖνοι
3582 2699 3791 2753 καλοῦο

489 2788 702 2843 οιῖιῑοςὶ
738 2789 1039 2850 daemones;
1081 2790 1172 2842 sed
1210 2791 1350 2858 quod
1389 2806 1496 2843 non
1537 2790 1643 2844 sint
1677 2790 1779 2855 dii,
1814 2802 1970 2860 prout
2007 2783 2077 2844 illi

2198 2796 2290 2845 τιν,
2316 2782 2666 2854 ἁμαδρυάδας
2690 2786 2783 2837 καὶ
2812 2785 3063 2855 ὸρειάδας
3086 2804 3101 2817 ο
3148 2787 3264 2840 ἀλλ’
3290 2786 3389 2841 οῦκ
3426 2791 3559 2851 εἱσι,
3594 2793 3786 2861 φησὶν,

491 2880 581 2946 qui
618 2880 928 2935 sacrificant
966 2881 1075 2934 illis
1136 2883 1449 2949 opinantur.
1482 2881 1875 2937 Sacrificarunt
1910 2884 2077 2937 etiam

2186 2874 2281 2944 οὐχ
2315 2876 2395 2929 ὅτι
2429 2877 2503 2946 μὴ
2545 2877 2884 2948 ὑπάρχουσιν
2938 2881 2987 2931 οἱ
3040 2879 3305 2951 ἀλιτήριοι
3334 2881 3636 2951 ’δαίμονες,
3674 2884 3774 2938 ἀλλ

492 2973 544 3026 in
578 2974 941 3028 monumentis
970 2982 1025 3028 et
1055 2974 1347 3042 speluncis,
1382 2975 1782 3028 necromantica
1811 2976 2077 3044 quaedam,

2200 2967 2263 3018 in
2294 2966 2406 3021 θεοὶ
2438 2968 2638 3038 μᾶλλον
2675 2970 2774 3024 οῦκ
2828 2973 2956 3035 είσι,
3008 2974 3150 3027 κατά
3173 2990 3235 3041 γε
3260 2973 3359 3037 τὰς
3394 2973 3506 3027 τῶν
3540 2974 3788 3030 θυόντων

489 3075 551 3119 ut
577 3067 815 3130 videtur,
841 3078 1179 3121 exercentes.
1214 3065 1567 3121 Dormiebant
1600 3068 1761 3121 etiam
1801 3068 1851 3120 in
1888 3084 2077 3120 monu-

2199 3060 2366 3122 ιὺτοῖς
2400 3061 2674 3125 ὑπονοίας.
2708 3062 2907 3116 Ἐθυον
2933 3063 2988 3118 δὲ
3027 3066 3119 3118 καὶ
3157 3067 3213 3119 ὲν
3247 3066 3528 3137 μνήμασι,
3575 3070 3677 3121 καὶ
3734 3081 3787 3122 εν

490 3158 710 3221 mentis,
739 3158 1021 3212 insomniis
1054 3158 1372 3227 quibusdam
1409 3168 1463 3213 et
1496 3158 1729 3228 spectris
1765 3160 1995 3228 decepti,
2026 3168 2078 3214 et

2197 3149 2488 3219 τπηλαίοις,
2502 3153 2926 3222 νεκυομαντείας
2940 3154 3039 3217 τὰς
3056 3154 3219 3208 καλου
3229 3155 3393 3225 μένας
3424 3158 3785 3227 ἐπιτηδεύον-

490 3251 734 3305 notitiam
796 3266 975 3305 rerum
1033 3250 1335 3305 futurarum
1403 3252 1739 3322 indagantes.
1801 3251 2075 3313 Eiusmodi

2194 3259 2272 3305 τες
2324 3242 2467 3296 κατὰ
2496 3244 2558 3296 τὺ
2606 3244 2769 3308 εἰκός.
2800 3245 3137 3315 Ἒκοιμῶντο
3189 3246 3244 3299 δὲ
3272 3249 3363 3301 καὶ
3389 3250 3448 3301 ὲν
3473 3252 3782 3320 μνήμασιν,

489 3352 617 3399 sunt
660 3345 802 3399 enim
853 3344 1145 3413 impietatis
1189 3342 1500 3397 Graecorum
1553 3344 1790 3397 inventa.
1826 3344 2077 3398 (Ialcasse

2196 3334 2659 3404 ὗνειροπομπείοις
2708 3336 2819 3389 τισὶ
2848 3338 2942 3390 καὶ
2976 3338 3255 3407 φάσμασιν
3278 3339 3664 3409 ἀπατώμενοι,
3694 3347 3784 3397 καὶ

489 3447 670 3489 autem
717 3449 811 3489 eos
851 3450 1066 3503 quoque
1108 3434 1238 3503 legis
1282 3444 1583 3504 praecepta.
1618 3435 1953 3488 demonstrat
2000 3435 2077 3487 in-

2196 3426 2290 3479 ιῶν
2314 3427 2588 3497 ἐσομένων
2606 3427 3192 3500 πολυπραγμονοῦντες
3211 3432 3311 3503 τὴν
3332 3432 3560 3501 γνῶσιν.
3593 3436 3784 3490 Τοιαῦ-

489 3533 681 3598 quiens
733 3546 745 3582 ε
806 3547 824 3580 t
880 3527 1181 3582 Comedunt
1224 3542 1418 3580 carnes
1469 3525 1672 3580 suillas.
1730 3543 1748 3577 ι
1804 3526 2077 3580 interdixit

2194 3534 2249 3569 τα
2280 3518 2386 3588 γάρ
2417 3516 2538 3581 πώς
2585 3520 2690 3571 είσι
2716 3520 2817 3590 τῆς
2846 3520 2954 3574 τῶν
2996 3520 3263 3592 Ἐλλήνων
3306 3523 3668 3597 ἀνοσιότητος
3717 3529 3782 3581 τὰ

489 3623 634 3678 enim
666 3622 779 3676 haec
813 3620 1089 3675 Israelitis.
1124 3619 1503 3673 Absorhehant
1533 3620 1698 3672 etiam
1738 3619 1829 3686 jus
1874 3619 2077 3673 sacriﬁ-

2194 3612 2491 3682 εὑρήματα.
2538 3613 2658 3665 Ὅτι
2690 3614 2746 3666 δὲ
2775 3614 2867 3666 καὶ
2895 3614 2995 3686 τὴν
3047 3615 3141 3668 τοῦ
3175 3616 3341 3687 νόμου
3388 3622 3782 3689 πεπατήκασιν

490 3716 717 3781 ciorum,
745 3714 889 3768 omni
932 3712 1241 3783 impuritate
1273 3711 1481 3778 repleti,
1514 3713 1703 3765 sordes
1744 3726 1849 3765 non
1895 3709 2078 3763 eluen-

2187 3704 2421 3773 ἐντολὴν,
2457 3705 2816 3760 διαδείκνυσιν
2833 3706 3021 3773 εἰπὼν,
3048 3728 3064 3761 ι
3088 3711 3388 3775 Ἐσθίοντες
3404 3714 3546 3783 κρέα
3580 3714 3728 3769 ὕειαο
3760 3736 3775 3767 ι

489 3808 589 3861 das
631 3806 923 3869 habentes,
955 3813 1206 3875 putantes
1252 3804 1445 3858 deinde
1483 3803 1548 3856 ad
1594 3818 1863 3857 summum
1906 3804 2077 3857 omnis

2193 3799 2450 3869 ἀπείρητο
2485 3799 2594 3871 γὰρ
2633 3800 2699 3853 τά
2729 3801 2905 3855 τοιάδε
2932 3805 3045 3866 τοῖς
3070 3802 3128 3870 ἐξ
3175 3805 3409 3876 Ἰσραήλ·
3446 3808 3781 3880 ὲξερῥόφουν

490 3900 739 3971 puritatis
793 3899 1018 3968 gradum
1053 3912 1111 3951 se
1160 3897 1492 3965 pervenisse,
1544 3896 1680 3950 adeo
1732 3906 1789 3951 ut
1837 3896 2078 3950 dicerent

2195 3887 2235 3944 ῑὲ
2264 3892 2355 3943 καὶ
2382 3892 2601 3962 ζωμοῦς
2633 3893 2857 3957 θυσιῶν,
2906 3894 3127 3964 ἁπάσης
3162 3898 3503 3969 ἀκαθαρσίας
3536 3901 3783 3972 ἀναπιμ-

489 3992 922 4062 appropinquare
953 3989 1275 4052 volentibus,
1308 3986 1477 4059 895,
1525 4005 1543 4039 ι
1596 3986 1778 4057 Longe
1810 4004 1838 4041 a
1872 4002 1979 4052 me,
2013 4003 2077 4042 ne

2192 3983 2465 4053 πλάμενοι,
2494 3985 2587 4037 καὶ
2635 3985 3071 4057 δυσαπότριπτον
3096 3989 3307 4059 ἔχοντες
3329 3990 3637 4062 μολυσμόν·
3662 3994 3780 4048 εἶτα

490 4086 891 4153 appropiuques
921 4084 1076 4147 mihi,
1106 4082 1230 4152 quia
1267 4098 1432 4152 purus
1464 4097 1604 4135 sum.
1644 4101 1662 4134 ι
1704 4081 1820 4136 llali
1852 4082 1993 4136 enim
2026 4091 2078 4136 et

2194 4076 2512 4146 νομίζοντες,
2545 4077 2626 4130 ὅτι
2660 4080 2753 4131 καὶ
2784 4080 2865 4142 είς
2900 4080 3051 4150 λῆξιν
3085 4082 3303 4153 ἀπάσης
3347 4082 3651 4154 ὲληλάκασι
3686 4106 3782 4140 κα-

490 4177 687 4246 impuri
736 4177 1029 4239 dmtnones,
1068 4176 1399 4243 persuadent
1449 4174 1533 4227 his
1583 4173 1671 4242 qui
1724 4189 1780 4228 se
1828 4174 2075 4238 adorant,

2193 4167 2500 4239 lapdt'qtog,
2534 4168 2673 4223 ὥστε
2705 4171 2798 4224 καὶ
2824 4170 3003 4239 λέγειν
3025 4176 3137 4237 τοῖς
3158 4175 3324 4242 ἐγγὺς
3355 4170 3493 4229 εἶναι
3526 4177 3781 4233 θέλουσιν

489 4270 631 4338 quod
670 4268 769 4323 etsi
815 4266 995 4322 omnia
1042 4276 1235 4336 praeter
1275 4280 1487 4335 aequum
1535 4273 1589 4318 et
1634 4265 1833 4319 bonum
1865 4274 2074 4335 .agant,

2191 4259 2360 4313 αὐτῶν
2392 4278 2404 4292 ο
2446 4280 2463 4312 ι
2508 4261 2704 4333 Πὸρῤω
2736 4264 2831 4315 ἀπ’
2862 4262 3019 4333 ἐμοῦ,
3057 4264 3130 4335 μὴ
3157 4266 3379 4337 ὲγγίσῃς
3406 4284 3532 4337 μοι,
3562 4270 3645 4322 ὅτι
3680 4289 3779 4323 κα-

492 4361 599 4415 imo
651 4360 811 4413 etiam
865 4374 951 4414 res
998 4359 1492 4428 inquinatissimas,
1542 4356 1707 4411 futuri
1760 4357 1868 4410 sint
1919 4357 2074 4426 puri,

2192 4349 2346 4422 lapdg
2377 4352 2513 4423 εἰμι.
2551 4370 2569 4403 ι
2593 4354 2655 4406 Οἱ
2683 4354 2792 4425 γὰρ
2825 4356 3052 4425 πονηροὶ
3083 4357 3177 4408 καὶ
3200 4358 3497 4430 ἀκάθαρτοι
3518 4360 3780 4431 δαίμονες

488 4452 611 4508 face
638 4451 742 4506 illis
770 4451 1119 4522 praelucente,
1144 4461 1197 4504 et
1226 4450 1348 4519 igne
1377 4450 1773 4513 circumeunte,
1801 4448 1882 4503 vel
1914 4451 2076 4503 etiam

2188 4443 2533 4497 ἀναπείθουσι
2572 4447 2788 4517 φρονεῖν
2828 4447 2955 4511 τοὺς
2996 4449 3431 4517 προσκυνοῦντας
3460 4451 3673 4515 αὐτοῖς,
3698 4455 3776 4508 ὅτι

491 4560 752 4615 aquarum
785 4543 1142 4608 abstersione,
1169 4553 1222 4597 et
1254 4542 1453 4597 fabulis
1482 4543 1715 4597 anilibus
1748 4542 2079 4595 incantanti-

2190 4535 2361 4588 πάντα
2384 4536 2638 4606 δρῶντες,
2669 4538 2762 4590 καὶ
2778 4536 2846 4590 τά
2881 4538 3023 4610 πέρα
3051 4540 3238 4610 νόμου,
3268 4542 3363 4594 καὶ
3395 4544 3581 4613 πάσης
3603 4546 3778 4599 ἐπιει-

489 4613 611 4695 lius.
638 4638 904 4693 Caeterum
934 4637 1051 4693 haec
1077 4637 1279 4700 omnia,
1312 4636 1507 4705 inquit,
1538 4636 1701 4703 impie
1732 4644 1785 4689 et
1815 4633 2077 4703 ﬂagitiose

2188 4627 2360 4690 κείας,
2392 4626 2589 4696 μᾶλλον
2620 4628 2675 4680 δὲ
2696 4628 2765 4682 τὰ
2785 4631 2863 4692 εἰς
2886 4631 3052 4701 ἄκρον
3072 4632 3274 4702 ἥκοντα
3304 4633 3604 4705 μολυσμοῦ,
3625 4637 3776 4691 ἒσον-

490 4733 557 4785 ab
602 4731 706 4785 illis
751 4740 1080 4800 perpetrata,
1117 4749 1135 4780 ι
1194 4729 1393 4783 Fumus
1442 4738 1567 4783 sunt
1614 4727 1814 4782 furoris
1865 4728 1991 4790 mei,
2024 4739 2078 4781 et

2182 4735 2266 4773 ται
2311 4719 2562 4790 καθαροὶ,
2598 4720 2753 4791 δᾳδὸς
2809 4724 3076 4795 ἀφθείο-ης
3116 4726 3244 4796 παρ’
3295 4726 3386 4799 [al.
3421 4726 3531 4799 ἐπ’]
3565 4731 3770 4795 αὐτοῖς,

492 4822 631 4893 ignis
664 4821 816 4877 ardet
850 4822 902 4876 in
938 4837 1003 4875 eo
1034 4820 1283 4876 omnibus
1314 4820 1525 4875 diebus.
1567 4838 1586 4871 ι
1629 4818 1843 4872 Scimus
1874 4828 2076 4881 autem,

2186 4812 2270 4865 καὶ
2302 4811 2485 4882 κύκλῳ
2517 4814 2687 4885 πυρὸς
2714 4816 3081 4888 περιθέοντες,
3118 4818 3149 4889 ἢ
3179 4821 3319 4891 τάχα
3357 4839 3479 4883 που,
3513 4826 3610 4877 καὶ
3641 4826 3774 4879 ὕδα-

489 4932 616 4971 cum
658 4916 797 4982 ignis
843 4914 1218 4968 accendendus
1261 4921 1375 4979 est,
1418 4912 1621 4967 exoriri
1670 4912 1821 4979 prius
1872 4910 2069 4965 fumos.

2182 4921 2267 4966 τος
2308 4906 2743 4975 ραντισμοῦ,καὶ
2780 4908 3108 4979 μυθολογίας
3150 4914 3535 4984 γραοπρεποῦς
3572 4918 3770 4987 ἐπᾳδο-

489 5002 674 5073 ltaque
716 5012 839 5057 ante
880 5002 1189 5057 Servatoris
1227 5002 1537 5067 adventum,
1567 5017 1687 5055 cum
1738 5002 1789 5055 in
1829 5000 2077 5057 sordibus

2184 4996 2343 5067 μένης
2369 4997 2569 5061 αὐτοῖς.
2590 4999 2749 5053 Ἀλλά
2776 5002 2933 5054 ταυτὶ
2962 5002 3254 5071 σύμπαντα
3287 5008 3443 5075 φησὶ,
3479 5006 3550 5060 τὰ
3575 5008 3772 5063 δυσσε-

488 5104 829 5159 versaretur,
859 5108 1016 5162 quem
1050 5093 1208 5148 modo
1238 5094 1504 5161 diximus,
1538 5092 1734 5157 lsrael,
1767 5091 1908 5146 velut
1940 5092 2072 5147 fumi

2185 5090 2291 5153 ϐῶς
2313 5106 2371 5142 τε
2401 5091 2496 5144 καὶ
2524 5093 2754 5156 ἀνοσίως
2796 5098 2927 5166 παρ’
2958 5096 3137 5149 αὐτῶν
3166 5100 3450 5167 γεγονότα’
3486 5119 3503 5151 ι
3548 5103 3773 5168 Καπνός

488 5188 706 5259 quidam
741 5196 794 5242 et
825 5187 974 5241 initia
1010 5186 1205 5242 divinae
1240 5187 1332 5241 ira:
1365 5192 1749 5255 apparuerunt.
1784 5184 2073 5254 POSIquam

2184 5184 2287 5235 εξαι
2340 5182 2433 5235 τοῦ
2467 5183 2641 5254 θυμοῦ
2675 5204 2798 5255 μου,
2828 5189 2921 5241 καὶ
2957 5188 3066 5262 πῦρ
3084 5191 3295 5245 καίεται
3322 5193 3380 5245 ἐν
3413 5193 3561 5263 αὐτῷ
3592 5196 3772 5260 πάσας

488 5295 619 5334 vero
665 5279 936 5351 prioribus
978 5280 1090 5335 suis
1132 5279 1502 5350 impietatibus
1546 5276 1868 5332 addiderunt
1911 5279 2073 5332 etiam

2186 5274 2283 5339 τὰς
2309 5276 2539 5346 ἡμέρας.
2587 5298 2605 5330 ι
2640 5280 2828 5351 Ἴσμεν
2851 5281 2930 5348 δὲ,
2970 5284 3050 5337 ὅτι
3077 5286 3246 5355 πυρὸς
3284 5285 3615 5349 ἐξάπτεσθαι
3645 5290 3774 5357 μέλ-

490 5371 963 5426 debacchationem
1009 5372 1059 5426 in
1103 5373 1276 5441 ipsum
1311 5372 1687 5426 universorum
1734 5372 2077 5427 Servatorem

2216 5386 2364 5433 οντος
2390 5373 2775 5443 προανίσχουσι
2806 5377 3024 5430 καπνοί.
3055 5378 3264 5432 Οὐκοῦν
3294 5379 3398 5450 πρὸ
3432 5381 3529 5450 μὲν
3553 5382 3652 5452 τῆς
3681 5383 3804 5447 τοῦ,

489 5472 543 5515 et
596 5460 1010 5532 Redemptorem
1073 5484 1083 5517 :
1143 5462 1535 5517 interfecerunt
1579 5464 1722 5518 enim
1778 5463 2077 5533 principem

2213 5462 2435 5533 Σωτῆρος
2465 5465 2780 5536 ἐπιδημίας,
2823 5468 2881 5521 ἐν
2915 5468 3212 5542 μολυσμοῖς
3240 5470 3391 5535 ὄντος
3422 5474 3536 5535 τοῖς
3568 5465 3801 5544 ἀρτίωςτ

490 5552 615 5605 vitae
639 5553 706 5615 ⁸¹,
742 5552 891 5607 furor
932 5554 1122 5608 deinde
1168 5569 1428 5609 accensus
1469 5564 1572 5621 est,
1610 5564 1663 5610 et
1707 5556 1758 5610 in
1805 5555 2075 5610 ﬂammam

2182 5555 2313 5622 ἡμῖν
2362 5556 2675 5627 εἰρημένοις
2727 5557 2820 5612 τοῦ
2872 5562 3109 5632 Ἰσραὴλ,
3143 5563 3337 5616 καπνοί
3386 5582 3530 5627 τινες
3559 5565 3770 5636 ῶσπερ,

492 5643 889 5715 quodammodo
923 5644 1051 5700 fumi
1085 5647 1331 5701 conversi
1359 5657 1501 5702 sunt.

2184 5645 2276 5699 καὶ
2310 5647 2476 5719 ἁρχαὶ
2500 5649 2598 5719 τῆς
2628 5649 2779 5716 θείας
2808 5651 2980 5724 ὀργῆς
3030 5655 3396 5720 ἀνεφαίνοντο.
3465 5657 3687 5730 Ἐπειδὴ
3717 5660 3772 5713 δε

570 5814 613 5849 δ’
653 5815 756 5873 lsa.
787 5833 882 5885 LII,
918 5821 971 5874 6.
1046 5820 1091 5852 ⁸ο
1119 5818 1229 5877 Jer.
1263 5836 1337 5888 χι,
1374 5820 1453 5874 l3.
1532 5821 1571 5852 ⁵⁸
1608 5823 1743 5879 05cc
1779 5840 1848 5891 tv,
1898 5826 1975 5878 15.
2058 5826 2100 5857 ⁸²
2136 5828 2158 5881 Α

918 5821 971 5874 6.
1046 5820 1091 5852 ⁸⁰
1119 5818 1229 5877 Jer.
1263 5836 1337 5888 χι,
1374 5820 1453 5874 l3.
1532 5821 1571 5852 ⁵⁸
1608 5823 1743 5879 05cc
1779 5840 1848 5891 tv,
1898 5826 1975 5878 15.
2058 5826 2100 5857 ⁸²
2136 5828 2253 5881 Act.
2295 5842 2371 5890 iii,
2411 5827 2486 5879 I5}.
