4022 6400
282 336 308 390 1
321 333 427 391 $09

1379 338 1446 393 IN
1488 337 1719 394 ISAIAM
1756 338 1891 394 LIB.
1932 339 1997 395 ν.
2039 338 2280 396 TOMUS
2321 340 2412 394 Vl.

3406 332 3547 389 tuo

279 455 401 516 ταῖς
460 451 747 523 προτέραις
797 453 1004 507 ἑαυτῶν
1036 454 1374 519 δυσσεϐείαις
1416 460 1859 530 προσεπήγαγον,
1900 460 1992 513 καὶ
2025 458 2121 530 τὴν
2175 462 2252 523 εἰς
2318 457 2481 511 αὐτὸν
2546 456 2832 527 παροινίαν
2876 454 2967 508 τὸν
3000 452 3107 507 τῶν
3144 451 3279 507 ὅλων
3318 450 3548 521 Σωτῆρα

278 546 379 598 καὶ
423 547 738 616 Λυτρωτήψ
804 547 1136 602 ἀπεκτόνασι
1187 549 1295 620 γὰρ
1343 551 1431 604 τὸν
1474 552 1715 623 ἀρχηγὸν
1760 554 1861 623 τῆς
1927 554 2090 624 ζωῆς,
2138 550 2343 623 ἐξήφθη
2382 549 2562 605 λοιπὸν
2618 551 2647 603 ὀ
2681 548 2870 620 θυμὸς,
2908 547 3002 602 καὶ
3027 548 3105 610 εἰς
3142 544 3313 616 φλόγα
3348 543 3549 615 τρόπον

276 637 405 691 τινὰ
436 638 772 707 μετέστησαν
796 641 843 692 οί
874 641 1087 694 καπνοί.

364 729 518 786 Ἰδοὺ
540 731 857 798 γέγραπται
889 732 1145 786 ἐνώπιόν
1161 750 1300 802 μουο
1331 736 1412 788 Οὐ
1446 735 1734 802 σιωπήσω
1754 736 1864 804 ἕως
1894 756 1935 810 Α

278 830 361 885 ἂν
384 827 607 893 ἀποδῶ,
632 829 729 882 καὶ
748 828 1149 883 ἀνταποδώσω
1170 833 1255 896 εἰς
1276 830 1382 884 τὸν
1403 834 1635 887 κόλπον
1663 834 1861 887 αὐτῶν

276 921 387 985 τὰς
429 919 715 987 ἁμαρτίας
764 916 983 980 αὐτῶν,
1025 918 1125 971 καὶ
1174 918 1289 971 τῶν
1329 920 1598 987 πατέρων
1641 918 1857 985 αὐτῶν,

273 1013 443 1081 λέγει
476 1013 707 1078 Κύριος·
743 1009 800 1064 οἳ
823 1011 1079 1079 ἐθυμίων
1105 1010 1201 1062 ἐπὶ
1232 1010 1349 1063 τῶν
1396 1012 1597 1079 ὀρέων,
1630 1012 1730 1068 καὶ
1762 1013 1860 1066 ἐπὶ

274 1103 398 1155 τῶν
424 1100 669 1167 ,βοιννῶν
714 1100 914 1155 αὐτῶν
946 1101 1271 1155 ὠνείδισὰν
1309 1120 1385 1171 με
1406 1120 1419 1133 ·
1472 1103 1761 1157 ἀποδώσω
1788 1105 1859 1158 τὰ

274 1194 421 1264 ἔργα
450 1194 647 1247 αὐτῶν
675 1196 761 1258 είς
790 1194 895 1246 τὸν
932 1195 1165 1246 κόλπον
1197 1194 1412 1248 αὐτῶν.

353 1286 574 1355 Ὅμοιον
597 1286 672 1347 ὠς
695 1286 742 1336 εί
768 1284 936 1351 λέγοι·
968 1286 1047 1337 Τὰ
1078 1287 1154 1348 εἰς
1183 1284 1358 1356 λύπην
1410 1287 1550 1357 ἐμὴν
1597 1287 1749 1359 παρά
1798 1305 1857 1341 τε

272 1373 386 1426 τῶν
419 1373 671 1444 πατέρων
694 1372 889 1434 αὐτῶν,
920 1373 1011 1425 καὶ
1043 1373 1170 1443 παρ’
1203 1374 1383 1426 ait?»
1429 1373 1657 1437 ἀνοσίως
1699 1390 1858 1441 γεγε-

271 1483 340 1534 νη
351 1466 507 1535 μένα,
538 1463 816 1533 μονονουχὶ
846 1466 938 1517 καὶ
965 1464 1022 1516 ὲν
1048 1465 1236 1517 πίνακι
1259 1465 1617 1535 γεγραμμένα
1647 1465 1854 1537 θεωρῶ,

273 1558 369 1610 καὶ
396 1559 451 1608 ἐν
481 1559 590 1619 τοῖς
616 1558 768 1626 ἐμοῖς
802 1557 939 1608 εἰσιν
961 1555 1276 1626 ὀφθαλμοῖς,
1302 1557 1333 1626 ἦ
1361 1557 1477 1621 πῶς
1510 1558 1576 1610 ἂν
1607 1558 1860 1627 ἀνασχοί-

273 1665 385 1718 μην
414 1647 522 1699 τῶν
575 1646 715 1699 οὕτω
767 1645 989 1710 δεινῶν,
1032 1647 1126 1699 καὶ
1177 1648 1579 1717 ἀπαραϐλήτων
1636 1647 1853 1711 κακῶν;

283 1738 575 1793 Ἀποδώσω
600 1740 813 1801 πάντως
834 1741 911 1800 είς
935 1738 1024 1790 τὸν
1048 1738 1247 1791 κόλπον
1273 1739 1472 1801 αὐτῶν,
1494 1739 1778 1809 δεχόμενος
1799 1740 1856 1791 ἐν

272 1840 517 1910 μνήμαις
556 1838 796 1901 καὶτοὺς
833 1836 1075 1907 πατέρας
1124 1836 1321 1894 αὐτῶν.
1354 1836 1403 1889 οἳ
1435 1836 1732 1906 ἐθυμίασαν
1764 1835 1855 1888 ἐπὶ

266 1932 380 1984 τῶν
407 1932 598 2002 ὀρέων,
639 1929 731 1982 καὶ
778 1929 870 1980 ἐπὶ
922 1928 1029 1981 τῶν
1060 1928 1285 1998 βουνῶν,
1341 1922 1416 1982 ὧν
1450 1927 1731 1981 ὡνείδισάν
1764 1945 1851 1997 με.

279 2024 473 2093 Ἐπιτή
486 2040 670 2093 ρησον,
705 2023 785 2076 ὅτι
816 2021 1018 2092 θυμιᾷν
1039 2023 1235 2084 αὐτοὺς
1263 2023 1320 2073 ἐν
1345 2022 1543 2091 κήποις
1566 2020 1733 2073 είπὼν
1763 2022 1856 2073 ἐπὶ

264 2116 375 2169 τῶν
431 2116 603 2185 ὀρέων
661 2115 888 2168 καὶτῶν
931 2113 1167 2184 βουνῶν,
1220 2113 1409 2167 ἐνθάδε
1469 2113 1603 2183 φησὶ
1629 2114 1838 2185 κήπους

1969 2116 2110 2170 dicat
2159 2115 2211 2169 in
2261 2115 2537 2170 montibus
2577 2123 2631 2168 et
2677 2112 2906 2167 collibus
2956 2129 2971 2166 :

263 2205 442 2278 οἶμαι,
468 2208 640 2275 λέγων
668 2207 795 2269 τοὺς
823 2209 878 2259 ὲν
896 2206 1045 2277 ὄρεσι
1073 2206 1329 2276 δρυμοὺς,
1354 2204 1498 2258 καθὰ
1521 2207 1852 2279 προειρήκα-

267 2317 390 2370 μεν.
414 2299 643 2362 Θόοντες
676 2298 730 2351 δὲ
762 2300 874 2361 τοῖς
913 2298 1245 2365 ἀκαθάρτοις
1298 2298 1565 2369 δαίμοσιν,
1598 2294 1716 2351 εἶτα
1751 2298 1850 2370 τὴν

262 2392 622 2464 ὀφειλομένην
653 2392 729 2463 τῷ
755 2392 872 2464 Θεῷ
900 2393 1076 2457 δόξαν,
1109 2392 1291 2460 ὀλίγου
1326 2391 1606 2456 παντελῶς
1639 2391 1850 2456 ἀξιοῦν-

260 2500 353 2546 τες
380 2483 558 2552 λόγου,
586 2484 866 2553 μονονουχὶ
900 2484 994 2536 καὶ
1016 2483 1288 2547 ὠνείδιζον
1306 2482 1468 2534 αὑτὸν
1493 2482 1569 2545 ὡς
1598 2481 1698 2534 οὐκ
1718 2482 1847 2535 ὄντα

261 2574 415 2626 Θεόν.
448 2574 521 2626 Τὸ
551 2575 658 2646 γὰρ
693 2575 829 2638 ὅλως
856 2577 968 2639 τοῖς
996 2576 1098 2626 οὐκ
1148 2570 1267 2627 οὖσι
1320 2573 1461 2636 θεοῖς
1489 2573 1845 2645 προσκεῖσθαι

262 2664 438 2718 θέλειν
471 2665 620 2719 οὐδὲν
678 2667 862 2738 ἕτερον
897 2666 981 2737 εἴη
1016 2666 1101 2727 ἂν,
1142 2666 1278 2737 πλὴν
1312 2667 1393 2719 ὅτι
1426 2664 1525 2737 τὴν
1558 2665 1707 2719 θείαν
1750 2667 1844 2719 καὶ

261 2758 522 2812 ἀνωτάτω
546 2758 917 2829 περιυϐρίζειν
961 2758 1135 2823 δόξαν.
1184 2777 1202 2809 ς
1254 2756 1541 2811 Ἀποδὼσω
1588 2777 1606 2808 ι
1639 2757 1837 2824 τοίνυν,

262 2852 415 2920 φησι,
455 2870 472 2901 ι
494 2852 562 2904 τὰ
585 2850 721 2921 ἔργα
756 2851 935 2903 αὐτῶν
963 2852 1042 2914 είς
1072 2851 1161 2904 τὸν
1188 2850 1385 2905 κόλπον
1412 2849 1590 2903 αὐτῶν
1610 2865 1623 2878 ·
1664 2868 1683 2902 ι
1707 2851 1841 2903 ἀπο-

259 2940 581 2992 πεπτώκασι
609 2941 717 3012 γὰρ
749 2940 952 3007 ἀγαθοῦ
985 2941 1182 3004 παντὸς
1208 2980 1222 3004 ,
1250 2940 1448 3002 δειναῖς
1480 2957 1540 2994 τε
1581 2940 1675 2993 καὶ
1708 2940 1839 3008 ἀφύ-

259 3050 408 3095 κτοις
429 3033 868 3104 ἐνολισθήσαντες
906 3049 968 3084 συ
978 3035 1232 3104 μφοραίς,
1262 3033 1422 3085 κακοὶ
1442 3032 1627 3096 κακῶς
1649 3031 1835 3085 διολώς-

256 3124 433 3177 λασιν.

324 3218 523 3283 Οὕτως
562 3215 725 3285 λέγει
762 3217 998 3285 Κύριοςο
1047 3218 1156 3269 Ὃν
1186 3218 1410 3284 τρόπον
1450 3215 1833 3284 εὑρεθήσεται

250 3307 367 3375 ρὰξ
393 3309 461 3361 ἐν
476 3307 556 3373 τῷ
580 3309 819 3376 βότρυϊ,
859 3314 958 3361 καὶ
982 3308 1210 3376 ἐροῦσι·
1237 3312 1295 3362 Μ
1300 3309 1331 3375 ὴ
1356 3308 1597 3377 λυμήινῃ
1620 3308 1827 3373 αὑτὸν,

254 3399 344 3452 ὅτι
378 3401 621 3467 εὐλογία
658 3400 822 3454 ἐστὶν
859 3399 929 3454 ἐν
971 3399 1148 3465 αὐτῷ·
1172 3401 1323 3453 οὕτω
1355 3402 1590 3467 ποιήσω
1618 3402 1833 3455 ἕνεκεν

2038 736 2201 789 Vens.
2239 734 2302 797 6,
2333 733 2382 789 7.
2419 731 2555 786 Ecce
2589 732 2834 798 scriptum
2868 739 2943 783 est
2980 729 3034 781 in
3070 736 3345 794 conspectu
3380 744 3492 783 meo
3525 740 3545 780 :

1971 827 2094 881 Non
2144 825 2344 890 tacebo,
2378 824 2541 877 donec
2585 823 2801 877 reddam
2846 831 2895 874 et
2944 820 3229 873 retribuam
3275 821 3328 872 in
3373 820 3546 873 sinum

1964 935 2143 972 eorum
2166 926 2376 985 peccata
2403 933 2521 979 sua,
2543 926 2590 968 et
2615 923 2828 981 patrum
2853 929 3087 975 suorum,
3113 912 3238 964 dicit
3268 910 3543 965 Dominus.

1968 1010 2071 1075 Qui
2100 1007 2376 1062 adolebant
2406 1008 2672 1061 incensum
2702 1022 2854 1069 super
2880 1016 3099 1069 montes,
3126 1014 3171 1057 et
3208 1018 3364 1071 super
3390 1002 3545 1055 colles

1964 1102 2168 1169 probris
2201 1101 2483 1170 a/fecerunt
2510 1115 2609 1152 me.
2634 1096 2871 1151 Reddam
2902 1112 3057 1162 Opera
3083 1111 3260 1148 eorum
3292 1094 3344 1147 in
3369 1095 3544 1147 sinum

1961 1207 2135 1245 Suum.

2033 1281 2267 1335 Perinde
2299 1290 2380 1335 est
2411 1296 2473 1335 ac
2505 1280 2547 1334 si
2586 1279 2733 1334 dicat
2770 1296 2783 1333 :
2820 1278 2948 1343 Quae
2986 1292 3106 1331 cum
3153 1274 3451 1330 offensione
3490 1283 3545 1328 et

1964 1374 2147 1429 dolore
2179 1390 2297 1429 meo
2328 1389 2357 1428 a
2384 1374 2629 1444 patribus
2659 1386 2843 1428 eorum
2874 1381 2924 1425 et
2955 1372 3021 1427 ab
3051 1371 3180 1439 ipsis
3208 1368 3371 1438 impie
3399 1367 3539 1420 facta

1963 1475 2107 1531 sunt,
2137 1468 2527 1536 propemodum
2564 1467 2615 1519 in
2651 1465 2829 1519 tabula
2862 1464 3071 1532 depicta
3101 1462 3457 1533 contemplor,
3485 1470 3541 1516 et

1959 1560 2325 1614 obversantur
2361 1561 2497 1614 meis
2530 1559 2721 1613 oculis.
2752 1557 3029 1623 Quomodo
3063 1555 3176 1609 haec
3212 1563 3321 1608 tam
3356 1554 3539 1621 gravia

1959 1660 2015 1707 et
2042 1652 2453 1707 inconsolabilia
2488 1651 2624 1705 mala
2655 1652 2762 1720 pati
2796 1650 3015 1720 potero?
3047 1649 3288 1704 Reddam
3319 1651 3540 1704 omnino

1961 1742 2013 1796 in
2070 1744 2249 1798 sintnn
2302 1758 2525 1808 eorum,
2578 1743 2838 1797 memoria
2891 1743 3055 1796 etiam
3113 1751 3307 1796 tenens
3358 1751 3539 1811 patres

1958 1850 2175 1900 eorum,
2211 1838 2301 1906 qui
2345 1836 2645 1891 suilimenta
2689 1835 2934 1889 fecerunt
2980 1834 3031 1888 in
3079 1835 3350 1887 montibus
3391 1843 3445 1887 et
3483 1832 3537 1887 in

1959 1928 2215 1993 collibus,
2261 1930 2460 1997 quibus
2510 1927 2723 1996 probris
2771 1925 3067 1981 atiecernnt
3115 1941 3217 1980 me.
3261 1924 3536 1991 Observa,

1962 2021 2101 2090 quod
2136 2036 2255 2075 cum
2288 2021 2487 2076 dixerit
2519 2019 2639 2074 illos
2663 2016 2870 2073 sumtus
2897 2017 3111 2072 adolere
3143 2016 3195 2070 in
3229 2018 3422 2079 hortis,
3451 2018 3539 2073 hic

3024 2112 3207 2166 hortos
3223 2149 3239 2173 ,
3276 2104 3534 2172 arbitror,

1958 2222 2192 2272 vocans,
2225 2207 2388 2264 silvas
2432 2209 2484 2261 in
2534 2207 2839 2271 montibus,
2874 2204 3324 2275 quemadmodum
3370 2216 3535 2270 supra

1956 2300 2213 2356 diximus.
2249 2299 2631 2355 Sacriﬁcantes
2676 2307 2853 2353 autem
2901 2296 3125 2364 impuris
3168 2292 3527 2355 daemonibus,

1956 2393 2149 2447 deinde
2187 2393 2416 2462 gloriam
2454 2390 2563 2445 Deo
2596 2390 2829 2445 debitam
2866 2388 3070 2442 minimi
3107 2384 3387 2448 facientes,
3416 2392 3536 2437 tan-

1956 2494 2065 2538 tum
2097 2500 2200 2539 non
2233 2486 2445 2555 probris
2473 2500 2622 2548 eum,
2645 2482 2867 2554 perinde
2896 2497 2960 2536 ac
2988 2481 3033 2534 si
3065 2480 3205 2534 Deus
3231 2492 3336 2532 non
3364 2485 3532 2538 esset,

1954 2575 2268 2631 aﬂecerunt.
2306 2577 2453 2632 Velle
2490 2577 2632 2632 enim
2676 2577 2727 2629 in
2775 2585 2942 2629 totum
2988 2587 3096 2628 non
3144 2570 3245 2625 diis
3291 2568 3535 2623 adhaere-

1950 2678 2133 2729 scere,
2172 2665 2305 2720 nihil
2346 2666 2488 2720 aliud
2529 2676 2642 2732 est,
2677 2679 2837 2734 quam
2871 2663 3105 2717 divinam
3135 2670 3190 2714 et
3226 2672 3530 2727 supremam

1949 2755 2286 2823 maiestatem
2315 2771 2693 2826 conspurcare.
2722 2775 2739 2806 ι
2775 2753 3014 2808 Reddam
3048 2771 3066 2804 ι
3123 2751 3307 2817 igitur,
3335 2749 3529 2814 inquit,

1952 2867 1985 2898 «ι
2019 2862 2179 2917 opera
2222 2863 2409 2902 eorum
2452 2849 2505 2901 in
2552 2847 2729 2901 sinum
2776 2861 2955 2901 suum.
2996 2862 3015 2896 ι
3059 2840 3223 2913 895
3262 2840 3342 2894 Ab
3383 2838 3531 2891 omni

1944 2939 2085 2993 enim
2111 2939 2247 2994 bono
2264 2940 2597 3003 deciderunt,
2631 2938 2909 3008 illapsique
2939 2937 2989 2990 in
3010 2950 3202 3005 graves
3222 2941 3277 2987 et
3305 2930 3533 2987 inevita-

1944 3030 2079 3085 biles
2108 3031 2462 3097 calamitates,
2496 3033 2621 3087 mali
2652 3032 2788 3085 male
2820 3031 3117 3101 perierunt.

2016 3213 2174 3269 Vens.
2201 3214 2254 3279 8,
2289 3214 2342 3270 9.
2382 3212 2469 3268 Sic
2509 3214 2637 3265 dicit
2688 3211 2982 3265 Dominus:
3024 3208 3137 3274 Quo
3172 3206 3325 3259 modo
3389 3205 3531 3257 inve-

1941 3306 2113 3359 nietur
2134 3308 2343 3359 acinum
2368 3307 2419 3358 in
2439 3306 2849 3366 botro.etdicent
2876 3319 2888 3334 ⁸
2917 3301 3001 3356 Ne
3017 3303 3202 3370 perdas
3228 3301 3383 3365 illud,
3403 3303 3527 3371 quia

1940 3399 2227 3451 benedictio
2244 3410 2317 3451 est
2354 3401 2405 3451 in
2433 3415 2491 3451 eo
2514 3414 2533 3452 :
2563 3398 2636 3450 sic
2658 3398 2850 3466 faciant
2884 3405 3091 3461 propter
3110 3412 3225 3448 eum
3249 3395 3339 3463 qui
3371 3396 3525 3448 serrit

254 3492 359 3546 τοῦ
389 3492 786 3559 δουλεύοντος
810 3510 925 3560 μοι.
962 3495 1182 3547 Τούτου
1210 3494 1387 3546 ἓνεκα
1408 3497 1478 3548 οὺ
1503 3494 1589 3562 μὴ
1620 3496 1832 3549 ἀπολέ-

1949 3491 2092 3554 mihi,
2117 3490 2267 3556 cujus
2318 3507 2480 3543 causa
2513 3506 2611 3542 non
2636 3490 2847 3558 perdam
2885 3505 3080 3541 omnes.
3127 3488 3193 3541 Et
3234 3489 3415 3542 tollam
3461 3504 3526 3543 es

254 3600 343 3638 σω
378 3586 631 3651 πάντας.
657 3586 767 3639 Καὶ
800 3584 993 3654 ἑξαρῶ
1019 3587 1085 3639 τό
1119 3587 1187 3650 ἐξ
1228 3586 1435 3640 Ἰακὼϐ
1454 3588 1710 3655 σπέρμα,
1739 3590 1837 3642 καὶ

253 3679 319 3729 τὸ
351 3678 420 3741 ἐξ
457 3678 669 3743 Ἰούδα,
702 3678 796 3731 καὶ
834 3678 1276 3747 κληρονομήσει
1309 3680 1373 3731 τὸ
1397 3678 1533 3746 ὄρος
1564 3679 1628 3730 τὸ
1666 3679 1839 3749 ἅγιόν

249 3783 388 3833 μου,
428 3767 527 3819 καὶ
557 3765 1128 3835 κληρονομήσουσιν
1183 3770 1237 3819 οἱ
1281 3767 1592 3832 ἐκλεκτοὶ,
1633 3768 1733 3822 καὶ
1784 3771 1837 3823 οἱ

254 3856 463 3910 δοῦλοί
491 3875 631 3927 μου,
664 3858 763 3911 καὶ
784 3857 1263 3922 κατοικήσουσιν
1296 3857 1436 3911 ἐκεῖ.

336 3946 635 4019 Ἐπηνέχθη
670 3948 767 4019 μὲν
811 3948 1084 4011 Ἰουδαίοις
1127 3948 1194 4001 τὰ
1226 3952 1289 4003 ἐκ
1319 3950 1469 4013 θείας
1507 3949 1676 4022 ὀργῆς
1697 3993 1710 4016 ,
1743 3952 1837 4003 καὶ

256 4038 610 4109 ίσοστάθμους
639 4042 751 4103 τοῖς
785 4039 991 4093 ἑαυτῶν
1018 4041 1311 4112 πλημμελή
1323 4060 1484 4113 μασιν
1527 4044 1835 4096 ἐκτετίκασι

252 4132 425 4195 δίκας,
455 4133 592 4203 πλὴν
621 4133 721 4186 οὑκ
754 4134 922 4204 ἄρδην
953 4133 1190 4198 ἅπαντες
1225 4176 1239 4200 ,
1277 4136 1370 4187 καὶ
1403 4135 1730 4205 ἁδιακρίτως
1757 4136 1837 4188 δι-

251 4222 499 4277 ολώλασι.
520 4223 735 4287 Δίκαιος
754 4225 857 4296 γὰρ
875 4228 901 4277 ὁ
922 4225 1133 4295 κριτὴς,
1156 4227 1248 4278 καὶ
1281 4228 1380 4278 οὐκ
1406 4227 1472 4279 ἂν
1489 4229 1597 4289 τοῖς
1614 4228 1835 4281 ἀσεόέσι

254 4315 612 4368 συναπολέσαι
640 4317 767 4379 τοὺς
805 4316 1043 4385 ἀγαθούς
1064 4333 1077 4344 ·
1097 4317 1279 4369 εἰκόνα
1304 4317 1360 4369 δὲ
1388 4316 1577 4388 ὥσπερ
1603 4321 1834 4370 ποιεῖται

251 4408 528 4478 λαμπρὰν,
547 4410 640 4462 κα)⁴
663 4412 720 4462 ἐν
747 4409 899 4474 τάξει
929 4409 1368 4481 παραδείγματος
1386 4410 1598 4480 δέχεται
1617 4409 1831 4480 βότρυν,

255 4502 379 4570 μιᾶς
409 4503 466 4552 ὲν
498 4500 646 4570 αὐτῷ
688 4501 1001 4573 σωζομένης
1044 4503 1207 4573 ραγὸς
1233 4543 1246 4565 ,
1289 4501 1465 4555 καίτοι
1515 4501 1622 4554 τῶν
1656 4501 1833 4556 ἄλλων

251 4592 733 4663 τεθαυμασμένων·
762 4590 880 4647 εἶτα
905 4596 996 4647 τὸν
1013 4594 1267 4664 γηπόνον,
1291 4594 1457 4665 ἤγουν
1485 4594 1577 4646 τὸν
1605 4594 1698 4646 τοῦ
1728 4612 1835 4664 χω-

253 4684 366 4754 ρίου
392 4686 657 4754 δεσπότην
686 4688 990 4755 εἰσκομίζει
1020 4686 1246 4754 λέγοντά
1277 4702 1409 4738 τινι·
1450 4704 1468 4737 ι
1501 4686 1592 4757 Μὴ
1619 4686 1834 4759 λυμήνῃ

251 4778 429 4844 αὑτὸν,
463 4779 545 4831 ὅτι
598 4778 815 4847 εὐλογία
862 4780 1010 4832 ἐστὶν
1045 4781 1101 4831 ὲν
1131 4777 1278 4849 αὐτῷ
1301 4795 1313 4807 ’
1345 4777 1487 4831 οὕτω
1525 4780 1753 4849 ποιήσω,
1802 4798 1821 4831 s

252 4870 430 4939 φησιν,
485 4892 498 4918 ι
537 4869 723 4923 ἕνεκεν
760 4870 853 4922 τοῦ
906 4870 1247 4934 δουλεύοντάς
1303 4888 1416 4941 μοι,
1476 4888 1495 4922 ι
1526 4870 1821 4932 τουτέστιν,

251 4961 747 5034 ἀκριϐείατοσαῦτῃ
770 4964 1133 5033 κεχρήσομαι,
1161 4962 1302 5015 ὥστε
1333 4965 1437 5017 κᾶν
1466 4965 1523 5015 ὲν
1544 4963 1695 5016 πόλει
1724 4964 1825 5033 μιᾷ

250 5054 351 5106 τῶν
375 5054 549 5109 ἄλλων
567 5056 818 5108 ἁπάντων
850 5056 1261 5108 ἀπονευσόωτων
1280 5058 1358 5119 εἰς
1375 5056 1435 5108 τὸ
1460 5054 1722 5125 ἐξίτηλον,
1744 5050 1822 5119 εἷς

250 5149 336 5200 καὶ
369 5149 526 5219 μόνος
553 5148 871 5219 εὑρίσκηται
902 5149 1112 5215 πιστὸς,
1145 5150 1237 5201 καὶ
1263 5150 1495 5218 εὐήνιος,
1526 5145 1680 5213 οὗτος
1700 5149 1824 5202 τεύ-

251 5239 392 5303 ξεται
430 5238 663 5308 φειδοῦς,
701 5239 794 5291 καὶ
826 5239 925 5291 οὐκ
954 5236 1020 5290 ἂν
1056 5241 1169 5301 τοῖς
1202 5239 1407 5308 ἑτέροις
1443 5240 1822 5307 συγκινδυνεύ-

252 5350 353 5385 σειε
383 5334 502 5387 καθ’
531 5327 605 5386 ὧν
634 5332 700 5387 ἂν
754 5332 821 5385 ἴοι
849 5333 909 5386 τὸ
938 5332 1111 5403 κρίμα
1162 5332 1401 5395 δικαίως.
1442 5352 1460 5383 ι
1504 5334 1575 5386 Οὐ
1605 5335 1712 5403 γὰρ
1742 5334 1816 5404 μὴ

249 5421 488 5475 ἀπολέσω
518 5424 745 5485 πάντας,
784 5441 801 5474 ι
842 5422 994 5493 φησί.
1053 5422 1326 5493 Κατέθορε
1372 5423 1480 5495 γὰρ
1504 5424 1692 5494 ὥσπερ
1718 5427 1818 5495 τῆς

260 5512 519 5565 Ἰουδαίων
548 5514 865 5578 ἀλαζονείας
894 5515 922 5566 ὀ
950 5513 1045 5566 τοῦ
1076 5513 1281 5583 Κυρίου
1310 5513 1503 5584 θυμὸς,
1536 5516 1817 5585 μονονουχὶ

248 5602 595 5671 καταφλέγων
629 5604 720 5657 τὸν
761 5604 959 5675 ἀπειθῆ
1002 5604 1094 5656 καὶ
1124 5604 1457 5672 δυσάγωγον
1499 5605 1732 5671 ἐσώζετο
1758 5607 1815 5661 δὲ

247 5695 462 5765 προνοίᾳ
482 5696 638 5761 Θεοῦ,
670 5699 777 5761 πᾶς
806 5698 961 5760 εἴτις
993 5692 1060 5767 ἦν
1096 5698 1155 5749 ὲν
1192 5698 1374 5761 αὐτοῖς
1415 5699 1512 5769 τῆς
1558 5699 1646 5752 διὰ
1681 5701 1817 5771 Χρι-

248 5782 367 5838 ττοῦ
409 5800 661 5857 σωτηρας
690 5787 840 5851 ἄξιος
865 5803 878 5818 ·
920 5787 1010 5841 καὶ
1056 5787 1189 5855 γοῦν
1219 5789 1245 5840 ὁ
1276 5787 1558 5852 θεσπέσιος
1606 5788 1816 5854 Παῦλος

1942 3582 2105 3635 Iacob
2135 3599 2330 3645 semen,
2359 3595 2405 3635 et
2430 3599 2493 3635 ex
2523 3581 2686 3644 Iuda,
2720 3592 2767 3635 et
2803 3582 3130 3638 haereditabit
3166 3591 3392 3634 montem
3407 3599 3525 3634 san-

1941 3684 2080 3726 ctum
2116 3690 2310 3731 meum.
2354 3673 2419 3727 Et
2451 3674 2832 3727 Itazreditabunt
2871 3673 3021 3727 electi
3054 3681 3104 3726 et
3138 3672 3273 3726 serti
3298 3674 3420 3733 mei,
3472 3684 3523 3726 et

1941 3764 2252 3820 habitabant
2281 3766 2374 3819 ibi.

2010 3941 2197 3995 Divina
2228 3941 2305 3995 ira
2325 3940 2736 3996 ludatis-inﬂicta
2757 3951 2862 4008 est,
2893 3943 3153 4013 etdignas
3179 3957 3275 4013 pro
3306 3943 3518 3998 ratione

1937 4032 2256 4087 delictorum
2288 4048 2479 4102 ptenas
2506 4034 2792 4089 dederunt.
2856 4034 3056 4089 Verum
3120 4051 3225 4089 non
3273 4034 3517 4091 funditus

1937 4139 2127 4179 omnes
2152 4134 2208 4179 et
2243 4125 2361 4179 sine
2410 4126 2723 4181 discriminc
2778 4129 3074 4197 perierunt.
3133 4126 3320 4182 Justus
3367 4128 3513 4182 enim

1930 4216 2094 4284 jndex
2125 4226 2228 4283 est,
2264 4234 2363 4273 nec
2391 4233 2513 4273 cum
2548 4218 2727 4289 impiis
2757 4220 2919 4275 simul
2954 4221 3344 4289 perdetbonos.
3388 4220 3514 4275 Illu-

1936 4320 2102 4364 strem
2148 4320 2325 4364 autem
2392 4311 2610 4366 adhibet
2636 4313 2791 4382 quasi
2833 4313 3143 4382 imaginem,
3171 4322 3226 4366 et
3279 4312 3511 4381 exempli

1937 4399 2054 4453 loco
2083 4401 2246 4455 sumit
2306 4402 2543 4467 botrum,
2583 4417 2689 4456 uno
2746 4403 2903 4456 acino
2959 4413 3196 4465 servato,
3252 4402 3334 4456 vel
3389 4402 3512 4456 aliis

1936 4492 2432 4547 admirabilioribus
2476 4503 2531 4547 et
2578 4493 2983 4562 insigniorihus.
3042 4492 3247 4547 Deinde
3296 4493 3511 4562 agrico-

1936 4583 2062 4649 lam,
2094 4583 2176 4637 vel
2201 4583 2474 4638 dominum
2504 4583 2687 4653 praedii
2722 4583 2926 4636 inducit
2952 4582 3218 4635 dicentem
3244 4583 3457 4636 cuidam
3488 4599 3505 4637 :

1939 4694 1959 4727 ι
2001 4675 2079 4731 Ne
2120 4678 2313 4745 perdas
2350 4690 2494 4740 eum,
2545 4675 2671 4745 quia
2712 4674 3012 4729 benedictio
3042 4682 3126 4728 est
3161 4672 3212 4727 in
3244 4687 3309 4728 eo
3344 4692 3358 4729 :
3427 4675 3508 4729 sic

1935 4767 2148 4836 faciam,
2192 4787 2211 4820 ι
2251 4769 2443 4837 inquit,
2481 4786 2501 4820 ‹
2540 4778 2760 4838 propter
2808 4782 2932 4821 eum
2962 4766 3053 4835 qui
3100 4766 3267 4821 servit
3295 4765 3449 4831 mihi,
3482 4785 3501 4816 ι

1934 4862 1985 4916 id
2019 4871 2123 4924 est,
2163 4860 2298 4915 adeo
2327 4860 2552 4929 praecise
2576 4874 2754 4929 agam,
2793 4868 2850 4912 ut
2873 4859 3084 4912 etiamsi
3118 4858 3170 4911 in
3218 4873 3321 4912 una
3374 4858 3506 4912 civi-

1934 4963 2040 5008 tate
2066 4954 2156 5007 alii
2190 4967 2378 5007 omnes
2408 4952 2475 5006 ad
2556 4952 2821 5019 ignaviam
2883 4950 3171 5015 declinent,
3226 4950 3273 5004 si
3323 4959 3501 5005 tamen

1932 5060 2073 5099 unus
2098 5045 2244 5100 solus
2284 5045 2592 5099 inveniatur
2622 5044 2794 5098 fidelis
2830 5052 2884 5097 et
2912 5057 3114 5112 sequax
3140 5083 3156 5108 ,
3222 5042 3310 5097 hic
3366 5058 3503 5097 con-

1929 5150 2185 5206 sequetur
2235 5138 2697 5201 misericordiam,
2742 5146 2797 5191 et
2838 5152 2961 5191 cum
3010 5135 3130 5189 aliis
3182 5135 3235 5189 in
3292 5135 3502 5203 pericu-

1928 5231 2037 5284 lum
2088 5246 2193 5285 non
2228 5231 2532 5294 vocabltur,
2584 5228 2779 5298 quibus
2830 5226 2977 5295 juste
3009 5226 3306 5280 intentatur
3356 5223 3502 5290 judi-

1926 5324 2092 5377 cium.
2145 5341 2162 5373 ι
2192 5320 2307 5375 Non
2336 5321 2480 5375 enim
2512 5322 2731 5390 perdam
2761 5335 2971 5383 omnes,
3008 5337 3027 5369 ι
3079 5318 3271 5387 inquit.
3305 5315 3500 5371 lnsiliit

1924 5417 2066 5470 enim
2104 5415 2265 5469 veluti
2299 5423 2489 5469 contra
2529 5413 2835 5467 Judaeorum
2859 5411 3226 5483 arrogantiam
3279 5408 3497 5464 Domini

1924 5509 2093 5572 furor,
2133 5517 2339 5563 tantum
2392 5523 2495 5561 non
2522 5509 2846 5561 comburens
2880 5505 3272 5560 inobedientem
3302 5512 3360 5558 et
3410 5519 3497 5557 re-

1923 5603 2261 5657 fractarium.
2291 5601 2360 5654 At
2389 5600 2725 5671 providentia
2763 5598 2859 5654 Dei
2901 5608 3148 5654 servatus
3199 5605 3302 5663 εει,
3340 5596 3494 5665 quis-

1922 5696 2045 5764 quis
2075 5696 2216 5750 inter
2243 5695 2364 5749 illos
2393 5702 2509 5750 erat
2557 5693 2732 5747 salute
2792 5707 2889 5763 per
2944 5691 3219 5747 Christum
3273 5688 3493 5758 dignus.

1921 5787 2185 5845 Nimirum
2216 5788 2430 5846 divinus
2469 5787 2665 5845 Paulus
2704 5795 2980 5858 capturam
3031 5783 3328 5843 secundum
3382 5780 3515 5846 ele—,
