4022 6400
509 331 637 388 1411
1522 317 1580 372 S.
1625 309 1901 370 CYRILLI
1945 305 2107 362 ΑΒΕ)

2214 299 2416 355 lDBlNl
2456 296 2782 352 ARCIIIEP.
3653 286 3806 342 me

497 450 735 504 ctionem
801 443 992 517 gratia;
1074 443 1269 496 factam
1335 436 1504 491 fuisse
1531 433 1680 496 dicit,
1737 439 1792 485 et
1867 425 2075 481 delectu

2214 420 2373 487 ὴμμα
2429 415 2548 467 κατ’
2613 410 2845 478 ἐκλογὴν
2894 407 3112 478 χάριτος
3165 402 3426 473 γενέσθαι
3487 403 3645 471 φησὶ
3709 400 3811 452 καὶ

500 495 735 504 --.-..----
802 495 988 517 θην--
1077 495 1108 496 η
1143 495 1150 496 ,
1669 495 1674 496 ί

497 541 645 595 velut
673 554 739 593 ex
776 537 924 592 omni
997 535 1305 590 Judaeorum
1330 529 1550 598 regione
1579 523 1789 585 habito,
1819 517 2074 586 reliquias

2220 507 2534 577 πολογὰδην.
2566 505 2754 573 ὥσπερ
2787 501 2845 565 ἐξ
2871 499 3088 568 ἁπάσης
3130 499 3228 566 τῆς
3274 495 3567 549 Ἰουδαίων
3611 495 3810 561 χώρας

499 630 713 687 lsraelis
753 630 817 684 ad
857 628 1015 682 Iidem
1039 623 1277 679 irretitas
1306 631 1359 676 et
1388 620 1709 688 illaqueatas
1730 614 1796 666 ⁵³.
1860 629 1879 662 ι
1905 611 2022 663 Νοη
2049 626 2067 658 ι

2214 598 2580 670 αγηνευθῆναι
2633 593 2771 666 πρὸς
2809 591 2993 644 πίστιν
3027 588 3088 641 τὸ
3126 587 3488 656 κατάλειμμα
3548 583 3654 636 τοῦ
3707 583 3808 634 Ἰα-

499 737 648 792 ergo,
682 720 873 788 inquit,
903 737 922 769 ι
958 717 1174 787 perdam
1217 727 1431 777 omnes,
1464 711 1557 765 sed
1589 708 1769 762 tollam
1804 719 1867 758 ex
1909 701 2074 757 Jacob

2214 694 2336 763 αήλ.
2391 711 2409 741 ι
2451 687 2660 744 Οὐκοῦν
2711 687 2770 739 οὐ
2812 685 2886 756 μὴ
2922 681 3174 736 ἀπολέσω
3236 680 3476 740 πάντας,
3529 696 3551 728 ι
3607 680 3807 745 φησὶν,

2243 782 2433 792 -.-ιι-
2519 781 2542 792 ει
2620 780 2633 792 ι
2676 778 2804 792 ενοι
2895 775 2962 792 πρ
3003 791 3014 792 γ
3072 773 3203 792 Ικγγ.
3254 768 3746 792 _,k\_‘15“-.':__
3789 787 3802 792 -

501 769 648 792 ν-ον,
959 769 1039 787 τη
1072 769 1085 770 κ
1419 769 1429 777 .

499 829 682 869 semen
719 821 772 867 et
801 825 866 864 ex
894 809 1052 863 Juda.
1088 826 1105 860 ι
1139 827 1157 859 ι
1188 806 1415 870 Tollam,
1444 822 1463 854 ι
1504 803 1589 856 hic
1623 799 1910 868 intelliges,
1945 810 2074 856 non,

2233 783 2346 837 ἀλλ’
2376 781 2553 851 ὲξαρῶ
2585 780 2646 832 τὸ
2673 778 2733 843 ἐξ
2769 775 2962 830 Ἰακὼϐ
2988 773 3229 844 σπέρμα,
3251 771 3434 824 καὶτὸ
3458 769 3528 833 ἐξ
3559 769 3805 820 1005a..-

500 906 764 968 Perdam;
826 903 921 958 sed
964 899 1237 956 excelsum
1270 907 1326 952 et
1379 894 1776 962 suscipiendum
1832 888 2073 944 reddam.

2214 877 2250 928 '0
2282 876 2339 928 δὲ
2369 893 2389 926 ι
2443 871 2644 943 ἐξαρῶ,
2684 889 2702 921 ι
2752 869 3007 938 συνήσεις
3040 863 3296 926 ἐνταῦθα,
3319 862 3382 914 οὐ
3412 861 3476 914 τὸ
3535 859 3808 912 ἀπολέςω

499 998 713 1051 Tollere
797 1009 1031 1063 namque
1085 991 1356 1047 interdum
1395 987 1526 1050 'est,
1599 986 1850 1040 evehere.
1920 978 2078 1032 Tales

2214 968 2403 1032 ἄλλον,
2432 963 2634 1033 ὑψηλὸν
2668 963 2723 1014 δὲ
2759 961 2855 1014 καὶ
2882 957 3219 1012 ἁπόὸλεπτον
3238 955 3518 1022 ἀποφανῶ
3546 969 3563 981 ο
3601 955 3671 1001 τὸ
3697 955 3807 1017 γὰρ

502 1091 851 1149 exstiterunt,
884 1045 1059 1156 qdoad
1092 1085 1341 1154 gloriam,
1370 1075 1795 1149 inquam,diviui
1827 1070 2078 1140 discipuli

2214 1060 2416 1129 ξαίρειν
2438 1056 2547 1108 ἔσθ’
2572 1057 2660 1108 ὅτε
2690 1053 2750 1106 τδ
2779 1050 2945 1122 ὑψοῦν
2979 1052 3115 1103 ἐστι.
3147 1048 3410 1114 Γεγόνασι
3431 1045 3492 1098 δὲ
3520 1045 3804 1105 τοιοῦτοι,

2301 1151 2310 1156 .
2575 1146 2661 1156 ..
2743 1143 2824 1156 ..η
2980 1139 3047 1156 ,η
3173 1141 3184 1156 ,
3398 1137 3426 1156 τ.
3551 1137 3803 1156 ι..-,ε

500 1183 756 1238 sublimes
788 1190 841 1234 et
871 1179 1193 1249 spectabiles
1247 1175 1498 1230 omnibus
1546 1172 1792 1235 ubilibet,
1859 1177 1914 1220 et
1962 1177 2081 1219 tan-

2214 1151 2321 1204 ατά
2359 1167 2422 1218 γε
2454 1148 2596 1217 φημὶ
2613 1146 2709 1215 τὴν
2739 1143 2919 1209 δόξαν,
2949 1143 2994 1194 οἱ
3021 1139 3295 1193 θεσπέσιοι
3316 1137 3577 1208 μαθηταὶ
3602 1137 3808 1206 ὑψηλοὶ

2254 1246 2262 1249 _
2423 1242 2432 1249 .
2684 1239 2703 1249 -
2770 1238 2781 1249 ι
3042 1232 3067 1242 υ
3197 1233 3208 1246 I
3282 1225 3308 1249 τ
3389 1230 3479 1249 _I‘.
3504 1247 3515 1249 _
3539 1245 3556 1249 -
3598 1230 3632 1249 1,
3691 1230 3715 1249 ε
3767 1246 3800 1249 ,ξ

501 1230 754 1238 _----.-----
1145 1230 1188 1232 η
1781 1230 1788 1235 ,

501 1291 663 1346 quam
704 1276 893 1328 civitas
940 1273 994 1327 in
1033 1279 1216 1325 monte
1250 1269 1374 1333 sita,
1408 1277 1462 1321 et
1510 1265 1727 1319 lucerna
1760 1275 1922 1330 super
1953 1274 2082 1311 can-

2214 1246 2276 1297 αὶ
2308 1242 2590 1312 περίοπτοι
2622 1239 2734 1300 τοίς
2760 1232 3092 1304 ἁπανταχοῦ,
3127 1233 3220 1285 καὶ
3251 1230 3340 1283 οἷα
3382 1230 3556 1291 πόλις
3595 1230 3657 1281 ἐν
3687 1230 3805 1297 ὄρει

2332 1334 2342 1346 ι
2531 1332 2542 1346 ι
2573 1330 2590 1346 ι,
2620 1329 2630 1343 ο
2788 1330 2802 1346 ι
2853 1327 2869 1346 \
2894 1327 2932 1346 γ
2986 1344 3003 1346 ,_
3031 1325 3113 1346 !__.
3154 1323 3408 1346 ---ι----.--
3449 1321 3551 1346 ---ἱ
3587 1323 3804 1346 .._.'__._..

502 1366 722 1421 delabro
752 1366 946 1435 posita,
985 1378 1048 1417 ac
1098 1362 1287 1416 lucens
1347 1356 1597 1413 omnibus
1655 1357 1744 1424 qni
1796 1356 1846 1406 in
1921 1353 2082 1404 domo

2214 1334 2435 1404 ειμένη,
2460 1332 2553 1385 καὶ
2573 1329 2762 1398 λύχνος
2784 1327 2876 1380 ἐπὶ
2894 1325 3114 1395 λυχνίαν
3153 1323 3429 1392 κείμενος,
3449 1321 3559 1373 καὶ
3586 1323 3804 1389 φαίνωι

2253 1428 2274 1435 ..
2421 1426 2440 1435 υ
2509 1423 2519 1435 ι
2622 1422 2647 1435 ~
2713 1421 2723 1435 ν
2775 1418 2785 1434 1
2871 1434 2874 1435 ,
2912 1416 3003 1435 ,,_!,
3043 1416 3138 1435 _3__.
3189 1411 3343 1435 -.ἱ-,2
3377 1410 3474 1435 --π
3535 1411 3701 1435 τ---Ζ
3721 1427 3802 1435 --ι

503 1469 629 1515 sunt
661 1459 730 1522 ",
766 1459 1061 1511 secundum
1109 1456 1279 1524 ipsius
1321 1466 1510 1506 vocem
1579 1447 1904 1502 Servatnris.
1972 1443 2083 1496 lloc

505 1554 668 1622 igitur
705 1561 790 1605 est
819 1565 1002 1604 semen
1031 1564 1094 1602 ex
1129 1546 1294 1601 Jacob
1343 1553 1397 1598 et
1449 1542 1605 1596 .luda.
1637 1539 1806 1610 896
1845 1557 1862 1588 ι
1905 1536 2084 1589 Possi-

507 1641 674 1704 debit,
710 1638 902 1708 inquit,
965 1645 1201 1691 montem
1260 1642 1505 1689 sanctum
1575 1646 1817 1692 memn,»
1895 1641 2085 1694 nempe

507 1732 826 1788 Ecclesiam.
877 1729 968 1784 Sic
1019 1729 1162 1784 enim
1190 1741 1310 1780 eam
1346 1725 1596 1794 designat
1629 1721 1755 1776 alibi
1826 1719 1938 1787 ipse
1991 1733 2083 1771 sa-

508 1823 874 1892 pientissimus
904 1821 1068 1875 Isaias
1092 1862 1106 1885 ,
1139 1818 1365 1886 loquens
1403 1816 1469 1868 de
1521 1813 1724 1868 vocatis
1777 1826 1870 1880 per
1933 1809 2090 1862 iidem
2125 1795 2165 1852 Β

511 1917 562 1969 in
609 1915 825 1970 Christo
855 1915 919 1966 ad
955 1913 1147 1968 divina:
1203 1911 1320 1980 ejus
1350 1920 1556 1963 naturae
1620 1904 2084 1976 participationem

509 2005 623 2061 sive
678 2005 1154 2060 communionem:
1209 2021 1228 2054 ι
1266 2001 1404 2068 Quia
1463 2000 1650 2054 bibent
1718 1997 1979 2060 laetitiam,
2033 2002 2089 2047 et

512 2099 701 2153 bibent
744 2099 949 2159 vinum,
1005 2102 1204 2165 ungent
1255 2100 1524 2161 unguento
1557 2089 1610 2142 in
1661 2096 1842 2142 monte
1902 2086 2023 2140 isto.
2064 2103 2081 2136 ι

511 2191 688 2247 Trade
713 2192 827 2246 huic
857 2190 1037 2245 omnia
1064 2189 1331 2259 gentibus.
1368 2186 1658 2240 Decretum
1684 2183 1827 2236 enim
1872 2181 1975 2234 hoc
2021 2179 2088 2232 ad

511 2297 702 2336 onmes
727 2290 914 2351 gentes
937 2280 1190 2349 pertinet.
1230 2276 1286 2330 In
1318 2285 1502 2329 monte
1535 2271 1696 2343 igitur
1733 2272 1856 2332 isto,
1891 2268 2086 2336 inquit,

515 2371 802 2427 hereditas
827 2370 932 2424 erit
966 2369 1100 2422 meis
1133 2367 1339 2431 electis,
1371 2375 1427 2418 et
1507 2365 1646 2416 inter
1707 2363 1824 2414 illns
1880 2357 2090 2412 habita-

514 2464 650 2518 bunt
678 2478 888 2526 omnes,
917 2462 1225 2531 quicunque
1258 2457 1406 2527 regni
1459 2456 1565 2510 mei
1608 2456 1797 2524 jngnm
1835 2453 2088 2505 subeunt.

517 2551 660 2607 Nihil
692 2552 907 2606 absurdi
942 2551 1066 2614 erit,
1111 2552 1155 2604 si
1192 2549 1342 2602 dicas
1426 2560 1734 2614 supremam
1815 2542 2090 2596 civitatem

517 2643 790 2698 cmlestem
849 2640 1168 2703 Jerusalem,
1233 2646 1470 2692 montem
1557 2633 1824 2688 nominari
1879 2633 1930 2684 in
1986 2644 2093 2698 quo

518 2743 828 2789 sanctorum
869 2745 988 2787 sors
1029 2740 1111 2785 est
1133 2730 1180 2761 "
1203 2771 1218 2796 ,
1252 2731 1356 2783 Deo
1386 2727 1487 2782 illis
1508 2726 1861 2781 distribuente
1931 2725 2091 2784 bona,

518 2841 638 2895 quae
673 2840 771 2878 nec
799 2839 973 2888 mens,
997 2837 1098 2876 nec
1133 2823 1308 2876 oratio
1339 2829 1519 2890 potest
1552 2833 1765 2888 capere.
1797 2836 1814 2869 ι
1843 2816 2041 2871 Oculus
2070 2832 2088 2864 ι

519 2913 684 2981 enim,
721 2918 913 2986 inquit,
951 2936 968 2967 ι
1014 2931 1116 2968 non
1148 2915 1302 2980 vidit,
1372 2925 1426 2970 et
1484 2915 1635 2968 auris
1698 2928 1801 2965 non
1867 2911 2091 2973 audivit,

2201 1428 2333 1478 πᾶσι
2360 1426 2467 1484 τοῖς
2504 1423 2561 1472 ἐν
2589 1422 2652 1489 τῇ
2679 1418 2826 1488 οἰκίᾳ
2866 1416 3007 1469 κατὰ
3040 1416 3138 1484 τὴν
3182 1411 3346 1466 αὑτοῦ
3377 1410 3476 1463 τοῦ
3535 1411 3802 1480 Σωτῆρος

2187 1516 2389 1586 φωνήν.
2422 1512 2593 1565 Τοῦτο
2633 1509 2698 1579 δὴ
2743 1504 2835 1560 οὖν
2885 1509 2947 1560 τὸ
2989 1505 3049 1569 ἐξ
3111 1501 3335 1566 Ἰακὼϐ,
3376 1504 3474 1555 καὶ
3508 1503 3574 1567 ἐξ
3626 1502 3802 1553 Ἰούδα

2189 1607 2436 1676 σπέρμαο
2478 1623 2494 1654 ι
2539 1600 2974 1671 Κληρονομήσει,
3008 1617 3025 1650 ι
3066 1597 3219 1666 φησὶ,
3252 1613 3270 1644 ι
3303 1594 3364 1646 τὸ
3387 1594 3523 1664 ὅρος
3559 1593 3627 1645 τὸ
3643 1594 3802 1659 ἅγιόν

2191 1715 2294 1768 μου
2321 1715 2333 1725 ·
2380 1717 2396 1747 ι
2428 1695 2586 1767 δῆλον
2625 1695 2681 1746 δὲ
2709 1693 2791 1746 ὅτι
2831 1692 2931 1760 τὴν
2977 1688 3322 1758 Ἐκκλησίαν.
3357 1685 3529 1739 Οὕτω
3554 1686 3676 1756 γὰρ
3709 1687 3802 1736 αύ-

2193 1791 2292 1862 τὴν
2338 1790 2431 1842 καὶ
2463 1785 2688 1859 ἑτέρωθί
2750 1802 2852 1838 που
2904 1781 3299 1851 κατασημαίνει
3347 1779 3537 1848 λέγων
3579 1780 3801 1840 αύτὸςὸ

2196 1887 2467 1952 πάνσοφος
2499 1881 2727 1942 Ἡσαΐας
2755 1877 2883 1948 περὶ
2909 1876 3015 1928 τῶν
3049 1874 3138 1926 διὰ
3162 1873 3396 1934 πίστεως
3435 1872 3546 1942 τῆς
3575 1874 3637 1924 ἐν
3669 1873 3801 1942 Χρι-

2195 1976 2304 2046 στῴ
2339 1975 2691 2044 κεκλημένων
2735 1973 2814 2034 εἰς
2842 1968 3074 2041 μέθεξιν,
3111 1968 3274 2037 1ἡγουν
3335 1966 3438 2018 καὶ
3492 1966 3798 2018 κοινωνίαν

2194 2069 2290 2137 τῆς
2311 2067 2461 2128 θείας
2483 2063 2645 2119 αὑτοῦ
2669 2062 2883 2132 φύσεως
2903 2079 2916 2090 ’
2950 2080 2966 2111 ι
3022 2061 3142 2112 Ὅτι
3167 2059 3397 2111 πίωνται
3417 2059 3800 2128 εὐφροσύνην,

2195 2161 2290 2211 καὶ
2309 2157 2540 2210 πίωνται
2561 2149 2723 2219 οἶνον,
2745 2153 3022 2223 χρίσονται
3047 2151 3214 2222 μύρον
3236 2152 3292 2201 ἐν
3321 2149 3400 2217 τῷ
3417 2149 3545 2216 ὄρει
3566 2148 3796 2218 τούτῳ.»

2195 2249 2444 2318 Παράδος
2500 2246 2675 2300 ταῦτα
2701 2245 2878 2298 πάντα
2908 2247 3019 2305 τοῖς
3071 2242 3301 2294 ἔθνεσιν.
3355 2241 3424 2293 Ἠ
3464 2241 3589 2310 γὰρ
3641 2241 3804 2309 βουλὴ

2196 2341 2334 2410 α’ύτη
2359 2341 2451 2393 ἐπὶ
2486 2339 2663 2392 πάντα
2700 2339 2768 2390 τὰ
2792 2337 2941 2407 ἔθνη.
2991 2337 3078 2388 Ἐν
3105 2333 3278 2403 τούτῳ
3311 2332 3374 2403 δὴ
3410 2328 3508 2386 οὖν
3551 2332 3634 2402 τῷ
3662 2333 3802 2402 δρει,

2197 2432 2350 2501 φησὶ,
2387 2431 2586 2500 κλῆρος
2615 2429 2768 2481 ἔσται
2801 2430 2911 2490 τοῖς
2953 2429 3106 2496 ἐμοῖς
3143 2425 3445 2486 ἐκλεκτοῖς,
3474 2426 3582 2476 καὶ
3606 2425 3670 2475 ὲν
3710 2424 3805 2474 αὖε

2196 2525 2310 2585 τοῖς
2337 2522 2720 2591 κατοικήσουσι
2780 2520 2979 2581 πάντες
3001 2557 3016 2580 ,
3048 2519 3161 2570 ὅσοι
3208 2517 3296 2569 τὸν
3326 2516 3432 2585 τῆς
3463 2516 3619 2586 ἐμῆς
3652 2515 3806 2584 βασι-

2198 2617 2346 2679 λείας
2381 2615 2740 2686 ὑποτρέχουσι
2771 2612 2966 2680 ζυγόν’
3007 2611 3068 2663 τὸ
3112 2611 3166 2662 δὲ
3216 2609 3452 2670 ἀπεικὸς
3488 2607 3686 2672 οὐδὲν,
3719 2610 3805 2658 καὶ

2198 2711 2297 2780 τὴν
2326 2710 2437 2764 ἄνω
2469 2708 2622 2760 πόλιν
2657 2706 2755 2777 τὴν
2789 2705 3105 2775 ἐπουράνιον
3139 2701 3500 2775 Ἰερουσαλὴμ
3529 2701 3668 2771 ὄρος
3692 2703 3806 2754 ἐνο-

2204 2801 2473 2874 μὰζεσθαι
2509 2801 2709 2869 λέγειν,
2744 2803 2801 2853 ἐν
2824 2793 2867 2866 ᾧ
2895 2800 3001 2851 τῶν
3025 2798 3194 2866 ἁγίων
3217 2800 3244 2850 0
3275 2796 3482 2865 κλῆρος
3517 2796 3807 2865 διανέμονο

2201 2914 2292 2960 τος
2345 2893 2480 2947 Θεοῦ
2533 2895 2602 2946 τά
2652 2893 2790 2962 ὑπὲρ
2824 2891 2948 2944 νοῦν
3014 2891 3106 2942 κα)⁸
3148 2890 3305 2957 λόγον
3357 2889 3554 2949 αὐτοῖς
3602 2886 3804 2954 ἀγαθα-

521 3015 575 3059 et
598 3007 650 3059 in
691 3021 784 3060 cor
814 3006 1051 3059 hominis
1091 3020 1197 3058 non
1229 3004 1495 3068 ascendit,
1527 3018 1645 3073 qua:
1694 2999 1904 3071 paravit
1931 3000 2095 3070 _Dcus

2214 3007 2225 3039 l
2261 2985 2604 3055 Ὀφθαλμὺς›
2640 2987 2748 3054 γὰρ
2777 3024 2790 3046 ,
2830 2985 2993 3054 φησὶν
3016 3022 3031 3046 ,
3074 3001 3091 3031 ε
3129 2981 3228 3034 ούκ
3269 2976 3399 3042 εἶδε,
3429 2981 3535 3032 καὶ
3573 2976 3674 3042 οῦς
3709 2981 3804 3031 οἰκ

523 3098 869 3167 diligentibus
899 3111 957 3151 se
987 3096 1052 3151 “.
1088 3113 1105 3148 ι

595 3273 760 3330 Vens.
805 3274 891 3328 10.
916 3273 980 3328 Ει
1010 3285 1160 3328 erunt
1229 3277 1284 3328 in
1347 3275 1487 3329 saltu
1558 3275 1714 3329 ovilia
1772 3291 2006 3345 gregum,
2055 3283 2104 3326 et

527 3369 724 3430 Achar,
755 3368 808 3420 in
845 3369 1122 3436 requietem
1167 3381 1522 3422 armentorum
1571 3369 1759 3438 populo
1824 3383 1959 3430 meo,
2017 3366 2105 3434 qui

521 3459 766 3528 quwsicit
825 3474 924 3510 me.

603 3551 856 3605 Solemne
886 3558 970 3604 est
999 3548 1291 3614 Scriptura:
1334 3549 1594 3604 divinitus
1628 3549 1930 3618 iuspiratm,
1969 3563 2106 3601 tton-

531 3657 804 3711 uunquam
852 3642 1005 3694 silvis
1055 3641 1400 3708 spississimis
1431 3650 1483 3696 et
1510 3640 1732 3695 ﬂoribus
1763 3642 1943 3696 densis
2010 3655 2106 3708 po-

530 3733 744 3802 pulosas
778 3732 936 3784 urbes
963 3737 1017 3784 et
1049 3731 1292 3800 regiones
1320 3746 1653 3798 comparare.
1691 3729 1823 3784 Nam
1890 3731 2108 3799 quidam

530 3839 561 3877 e
597 3824 801 3877 sanctis
837 3822 1114 3891 prepltetis
1153 3821 1305 3886 dixit,
1331 3820 1479 3876 velut
1505 3821 1569 3873 ad
1621 3818 1928 3875 Judtcorum
2000 3836 2111 3871 tua-

534 3926 692 3977 trem,
731 3913 1051 3975 Jerusalem,
1082 3914 1338 3982 inquam:
1393 3931 1411 3964 ‹
1447 3913 1631 3981 Aperi,
1676 3913 1896 3977 Libane,
1964 3911 2111 3964 fures

535 4016 674 4066 luas,
700 4017 754 4058 et
787 4006 1005 4058 devoret
1042 4005 1178 4073 ignis
1211 4009 1404 4058 cedros
1436 4014 1575 4057 tuas.
1617 4002 1850 4066 Ululate,
1875 4017 2114 4071 quercus

533 4095 731 4157 Basan,
772 4095 896 4161 quia
935 4095 1183 4148 succisus
1215 4103 1298 4148 est
1345 4094 1513 4149 saltus
1549 4096 1790 4149 consitus
1827 4095 1892 4146 ⁵⁷.
1933 4112 1950 4144 ι
2010 4093 2114 4147 Ne-

534 4202 623 4240 mo
651 4197 831 4240 autem
867 4187 1063 4240 dixerit
1115 4187 1307 4256 jubere
1369 4187 1514 4240 illum
1569 4187 1728 4257 pinus
1784 4197 1838 4241 et
1883 4202 2114 4255 quercus

534 4275 764 4344 plorare,
797 4285 874 4328 est
904 4277 1048 4330 enim
1082 4278 1133 4330 id
1163 4277 1318 4345 plane
1387 4279 1658 4346 ineptum;
1714 4278 1830 4344 sed,
1871 4287 1928 4331 ut
1982 4277 2112 4342 dixi,

2203 3082 2424 3152 ἢκουσε,
2485 3079 2578 3132 καὶ
2627 3077 2720 3128 ἐπὶ
2769 3076 2994 3146 καρδίαν
3049 3072 3334 3142 ἀνθρώπου
3365 3071 3474 3123 οὐκ
3537 3071 3746 3140 ἀνέϐη,
3775 3072 3807 3124 ἆ

2204 3170 2500 3241 ἡτοίμασεν
2529 3171 2557 3221 ὁ
2585 3168 2715 3229 Θεὸς
2741 3169 2851 3228 τοῖς
2877 3163 3160 3232 ἀγαπῶσιν
3187 3161 3366 3213 αὐτόν.
3408 3178 3428 3211 ο

2275 3262 2387 3316 Καὶ
2407 3263 2649 3315 ἔσονται
2688 3260 2756 3310 ἐν
2808 3257 2888 3322 τῷ
2918 3255 3120 3324 δρυμῷ
3152 3255 3442 3318 ἐπαύλεις
3481 3254 3806 3318 ποιμνίων,

2211 3352 2308 3406 καὶ
2337 3349 2572 3420 φάραγξ
2609 3347 2798 3417 Ἀχὼρ
2823 3350 2910 3412 εἰς
2957 3345 3303 3398 ἀνάπαυσιν
3327 3343 3704 3407 βουκολέων
3739 3342 3807 3406 τῷ

2206 3442 2334 3509 λαῷ
2363 3462 2497 3512 μου,
2520 3443 2575 3496 οἳ
2599 3439 2894 3506 ἐζήτησάν
2921 3455 3016 3508 με.

2285 3533 2444 3594 Ἐθος
2465 3533 2530 3602 τῇ
2561 3530 2903 3599 θεοπνεύστῳ
2934 3530 3119 3598 Γραφῇ
3167 3527 3391 3597 δρυμοῖς
3434 3528 3804 3596 παρεικάζειν

2209 3623 2660 3694 εὐδενδροτὰτοις,
2692 3622 2786 3676 καὶ
2819 3619 3005 3674 ἄνθεσι
3039 3622 3148 3682 τοῖς
3188 3618 3373 3671 δασέσι
3406 3618 3510 3680 τὰς
3571 3620 3808 3671 πολυαν-

2210 3716 2438 3786 δρούσας
2469 3715 2670 3778 πόλεις,
2700 3713 2733 3783 ἢ
2769 3711 2950 3783 χώρας
2979 3711 3090 3764 ἔσθ’
3121 3712 3232 3773 ὅτε,
3275 3709 3370 3762 καὶ
3411 3709 3553 3778 γοῦν
3588 3712 3698 3780 ἔφη
3733 3729 3808 3772 τις

2211 3810 2320 3865 τῶν
2366 3809 2536 3877 ἁγίων
2570 3806 2866 3877 προφητῶν
2890 3846 2904 3868 ,
2959 3805 3034 3867 ὡς
3080 3805 3216 3874 πρὸς
3246 3805 3346 3873 τὴν
3369 3803 3480 3855 τῶν
3530 3804 3807 3856 Ἰουδαίων

2218 3903 2449 3973 μητέρα,
2508 3901 2649 3971 φημὶ
2686 3901 2749 3970 δὴ
2773 3901 2872 3968 τὴν
2933 3897 3293 3970 Ἰερουσαλήμ
3316 3914 3330 3926 °
3386 3916 3406 3947 ί
3437 3897 3750 3962 Διάνοιξον,
3782 3899 3808 3949 ὁ

2214 3995 2470 4057 Λίϐανος,
2499 3993 2598 4055 τὰς
2648 3991 2815 4062 θύρας
2852 4009 2966 4056 σου,
3003 3991 3095 4043 καὶ
3133 3991 3497 4058 καταφαγέτω
3552 3989 3672 4059 πῦρ
3717 3990 3808 4050 τὰς

2217 4088 2439 4158 κέδρους
2487 4104 2579 4139 σου
2607 4102 2618 4113 ⁸
2653 4085 2958 4150 ὀλολύξατε,
2992 4083 3148 4154 δρῦες
3178 4083 3276 4154 τῆς
3316 4083 3698 4148 Βασανίτιδος,
3731 4085 3809 4134 ὅτι

2219 4176 2571 4246 κατεσπάσθη
2606 4176 2634 4227 0
2661 4175 2910 4246 δρυμδςὸ
2953 4175 3253 4245 σύμφυτος.
3304 4194 3323 4225 ι
3362 4176 3473 4227 Καὶ
3500 4175 3568 4226 οὐ
3600 4175 3668 4244 δή
3708 4191 3806 4225 που

2220 4271 2354 4340 φαίη
2384 4287 2467 4332 τις
2502 4269 2590 4331 ἂν,
2621 4267 2696 4331 ὡς
2721 4268 2906 4320 πίτυσί
2933 4285 2991 4320 τε
3026 4268 3119 4320 καὶ
3160 4267 3340 4337 μέντοι
3380 4266 3575 4337 δρυσὶν
3620 4267 3808 4319 03.015-

536 4367 840 4420 assimilare
887 4369 1140 4438 dignatur
1186 4368 1348 4438 lignis
1429 4370 1874 4423 innumerabilem
1925 4385 2107 4424 eorum

2216 4365 2330 4426 ζειν
2352 4361 2674 4414 ἐντέλλεται·
2718 4360 2909 4430 κομιδῇ
2947 4361 3054 4430 γὰρ
3095 4359 3282 4430 εῦηθε;
3332 4359 3390 4411 τὸ
3423 4359 3622 4430 χρῆμά
3668 4361 3801 4412 ἐστι’

536 4459 714 4526 quiin
749 4458 972 4513 urbibus
1025 4471 1152 4513 sunt
1211 4472 1265 4513 et
1313 4461 1622 4529 regionibus
1694 4462 2112 4516 multitudinem.

541 4547 824 4602 Ulularunt
864 4560 1042 4602 autem
1077 4549 1268 4615 Judmi,
1315 4567 1437 4605 cum
1472 4552 1704 4604 hostium
1737 4553 1928 4621 gladiis
1983 4555 2115 4606 sub-

536 4641 859 4710 jicerentur,
911 4652 1131 4710 propter
1171 4644 1502 4713 impietatem
1553 4645 1604 4696 iu
1632 4644 1929 4698 Christum.
1965 4644 2117 4700 Psal-

543 4733 710 4802 litque
735 4733 950 4787 divinus
977 4733 1162 4797 David,
1197 4747 1382 4803 utpote
1421 4736 1734 4804 apparituro
1787 4753 1908 4791 mox
1957 4737 2118 4793 Chri-

544 4836 630 4879 sto
696 4825 749 4878 in
795 4829 1080 4880 tuundozt
1130 4827 1280 4882 Tunc
1331 4830 1674 4883 exsultabuut
1740 4831 1919 4883 omnia
1985 4831 2126 4901 ligna

545 4917 717 4980 silvae,
762 4933 792 4970 a
833 4916 971 4972 facie
1006 4917 1238 4982 Domini,
1300 4921 1425 4988 quia
1461 4923 1608 4975 venit
1651 4924 1715 4975 ad
1758 4921 2124 4990 judicandum

549 5017 748 5061 terram
767 5007 865 5060 ⁸⁸.)
895 5007 1099 5078 Itaque,
1140 5027 1158 5062 ι
1186 5009 1242 5064 In
1268 5012 1422 5078 silva,
1447 5031 1464 5063 ι
1493 5013 1683 5082 inquit,
1701 5013 1753 5068 id
1776 5023 1878 5080 est,
1907 5014 1960 5067 in
1993 5013 2131 5067 mul-

550 5100 780 5155 titudine
828 5103 1095 5171 gentium,
1132 5120 1226 5158 seu
1277 5105 1329 5158 in
1371 5105 1593 5160 urbibus
1623 5121 1812 5160 eorum
1859 5117 1913 5159 et
1954 5107 2130 5174 regio-

551 5192 730 5258 nibus,
778 5211 797 5245 ι
831 5195 992 5248 ovilia
1027 5208 1188 5250 erunt
1267 5213 1506 5267 gregmn,
1548 5218 1567 5249 ›
1623 5198 1827 5254 Christi
1883 5200 2135 5254 videlicet

553 5285 806 5341 Ecclesia:
845 5305 859 5341 :
914 5307 933 5339 ‹
962 5297 1016 5341 et
1071 5289 1224 5344 vallis
1268 5292 1447 5344 Achor
1493 5291 1707 5358 requies
1764 5302 2129 5346 armentorum

555 5373 751 5443 populo
772 5389 908 5440 meo,
936 5377 1026 5446 qui
1080 5379 1327 5446 quaesivit
1361 5395 1464 5432 me.
1503 5397 1522 5430 ι
1554 5380 1732 5433 Achor
1783 5380 1870 5434 hic
1947 5381 2132 5433 oriun-

557 5466 658 5520 dus
687 5476 871 5522 estex
915 5469 1123 5525 semine
1153 5471 1346 5533 Israel;
1410 5471 1584 5525 deleta
1661 5471 1838 5525 autem
1892 5470 2131 5533 .lericho,

559 5553 754 5608 deinde
775 5554 997 5622 iubente
1039 5558 1148 5616 Deo
1177 5559 1342 5630 897
1368 5560 1546 5614 omnia
1587 5575 1708 5628 quae
1748 5561 1799 5614 in
1827 5575 1888 5612 ea
1921 5558 2135 5613 fuerant

630 5671 677 5702 "
707 5669 864 5743 Rotn.
901 5691 978 5741 χι,
1013 5679 1062 5732 5.
1139 5680 1182 5711 ⁸⁵
1219 5679 1406 5733 Matth.
1435 5694 1489 5743 v,
1523 5679 1609 5743 14,
1665 5680 1751 5732 15.

563 5754 686 5806 xcv,
738 5741 824 5795 12.

1867 5678 1914 5709 ⁵⁸
1957 5676 2085 5747 Sap.
2139 5693 2195 5743 ν,

2221 4456 2396 4522 ξύλοις
2429 4455 2508 4516 δὲ,
2565 4453 2639 4516 ὡς
2683 4453 2836 4522 ἔφην,
2875 4451 3171 4522 ἀφομοιοῦν
3226 4450 3366 4516 ἀξιοῖ
3409 4452 3506 4510 τὴν
3567 4452 3803 4523 ἀριθμοῦ

2221 4547 2503 4616 κρείττονα
2531 4543 2736 4614 πληθὺν
2766 4543 2874 4596 τῶν
2896 4545 2952 4595 ὲν
2977 4546 3098 4606 ταῖς
3130 4543 3319 4595 πόλεσί
3352 4560 3410 4595 τε
3457 4545 3552 4594 καὶ⁹
3576 4543 3802 4614 χώραις.

2235 4637 2512 4701 Ὠλὸλυζον
2567 4635 2626 4688 δὲ
2667 4636 2784 4697 ταῖς
2813 4634 2920 4686 τῶν
2947 4635 3214 4704 πολεμίων
3274 4635 3574 4704 μαχαίραις
3610 4637 3805 4689 ὑποπί-

2224 4748 2449 4794 πτοντες
2487 4729 2727 4782 Ἰουδαῖοι
2758 4727 2844 4780 διὰ
2871 4729 2967 4797 τὴν
2992 4729 3070 4790 εἰς
3093 4727 3326 4798 Χριστὸν
3349 4727 3628 4780 ἀσέϐειαν.
3652 4729 3806 4782 Ψαλ-

2223 4823 2306 4875 λει
2334 4823 2388 4876 δέ
2421 4839 2522 4874 που
2557 4822 2652 4873 καὶ
2685 4821 2714 4872 0
2746 4818 3031 4880 θεσπέσιος
3059 4817 3220 4870 Δαϐὶδ
3241 4859 3256 4883 ,
3303 4817 3398 4870 ἆτε
3423 4817 3488 4887 δὴ
3517 4819 3806 4888 μέλλοντος

2228 4914 2609 4984 ἐπιφαίνεσθαι
2636 4911 2714 4983 τῷ
2741 4911 2930 4981 κόσμῳ
2954 4911 3207 4982 Χριστοῦ·
3239 4927 3258 4962 t
3291 4911 3424 4964 Τότε
3451 4912 3807 4980 ἁγαλλιὰσον-

2225 5025 2315 5061 ται
2333 5008 2508 5060 πάντα
2527 5007 2596 5058 τὰ
2612 5005 2746 5071 ξύλα
2769 5004 2861 5057 τοῦ
2888 5003 3094 5074 δρυμοῦ
3118 5003 3224 5056 ἀπὸ
3250 5003 3543 5072 προσώπου
3573 5007 3802 5077 Κυρίου,

2227 5101 2308 5153 ὅτι
2339 5099 2558 5170 ἔρχεται
2587 5100 2769 5169 κρῖναι
2801 5097 2900 5167 τὴν
2934 5096 3056 5166 γῆν.
3093 5114 3112 5147 ι
3135 5095 3369 5159 Οὐκοῦν,
3397 5115 3415 5147 ι
3441 5096 3529 5149 Ἐν
3559 5097 3639 5167 τῷ
3676 5099 3807 5170 δρυ-

2232 5190 2340 5260 μῷ,
2381 5209 2398 5240 ι
2437 5191 2569 5260 φησι
2599 5231 2614 5254 ,
2652 5188 2951 5252 τουτέστιν,
2998 5189 3054 5241 ὲν
3105 5191 3170 5258 τῇ
3211 5187 3322 5240 τῶν
3369 5188 3539 5242 ὲθνῶν
3582 5191 3805 5260 πληθύῖ,

2230 5285 2347 5356 ἤτοι
2392 5287 2512 5345 ταῖς
2563 5280 2742 5335 αὐτῶν
2767 5279 2955 5332 πόλεσί
2977 5296 3036 5331 τε
3075 5279 3169 5332 καὶ
3201 5277 3424 5350 χώραις,
3476 5299 3492 5331 ι
3547 5282 3804 5345 ἐπαύλεις

2229 5374 2442 5427 ἔσονται
2490 5370 2777 5441 ποιμνίων,
2824 5389 2842 5421 ι
2887 5370 3204 5440 Ἐκκλησῐαι
3260 5370 3501 5440 δηλονότι
3542 5373 3805 5443 Χριστοῦ,

2236 5485 2253 5516 ι
2275 5465 2367 5517 καλ⁸
2397 5462 2613 5535 φάραγξ
2647 5461 2824 5531 Ἀχὼρ
2856 5462 2934 5524 εἰς
2957 5461 3262 5514 ἀνάπαυσιν
3286 5461 3580 5532 βουκολίων
3597 5464 3677 5536 τῷ
3702 5467 3808 5538 λαῷ

2235 5573 2357 5626 μου,
2390 5555 2438 5607 οἳ
2475 5552 2744 5623 ἐζήτησάν
2780 5567 2901 5621 με.»
2953 5549 3129 5621 Ἀχὼρ
3163 5545 3337 5614 οὗτος,
3366 5553 3561 5621 γέγονε
3599 5556 3702 5625 μέν
3732 5575 3808 5620 τις

2252 5677 2303 5731 5.
2411 5673 2458 5704 ⁵⁸
2491 5672 2506 5726 1
2547 5671 2671 5726 Cor.
2709 5685 2769 5736 ll,
2804 5669 2854 5725 9.
2963 5670 3007 5700 ⁵⁷
3040 5669 3204 5724 Zach.
3243 5684 3318 5733 xi,
3352 5669 3402 5734 1,
3435 5668 3491 5723 9..
3591 5672 3636 5703 ⁸³
3666 5671 3807 5729 Ρεειι,
