4022 6400
643 291 658 318 ε

245 333 392 388 “lii

1353 331 1416 386 ΙΝ
1460 330 1694 387 lSAlAM
1731 331 1858 386 LIB.
1901 333 1964 387 ν.
2007 332 2239 388 TOMUS
2283 332 2367 387 γι.

3365 325 3506 380 NH

198 494 205 502 .
243 452 363 504 τῶν
395 449 454 515 ἐξ
488 449 718 520 αἵματος
765 447 1013 519 ’ἰσραήλ’
1048 447 1474 518 πεπορθημένης
1503 447 1558 499 δὲ
1591 448 1690 515 τῆς
1739 447 1828 499 Ἱε-

1941 463 2279 511 consecrare,
2342 448 2550 501 furatus
2581 455 2665 502 est
2707 459 2770 500 ex
2838 444 3200 499 anathemate.
3275 439 3507 494 Manife-

247 542 415 614 ριχὼ,
457 539 575 595 εἶτα
623 540 758 594 Θεοῦ
790 540 1196 618 προστάξαντος
1227 539 1622 609 άναθεματίσαι
1657 541 1832 594 πάντα

205 636 323 689 ττᾰ
350 638 407 687 ἐν
452 636 612 705 αὐτῇ,
655 633 921 702 κέκλοφεν
957 633 1020 685 ἐκ
1066 632 1160 685 τοῦ
1207 632 1568 700 ἀναθέματος.
1617 633 1832 703 Ἐπειδὴ

246 727 309 780 δὲ
338 725 666 797 παρεδείχθη
702 725 854 792 παρὰ
884 725 1040 788 Θεοῦ,
1099 725 1300 796 πικρὰς
1351 725 1589 794 ἐζητήθη
1642 726 1795 788 δίκας
1817 743 1830 756 ·

246 816 502 886 ἀπόλωλε
536 817 646 887 γὰρ
675 816 913 877 πανοικὶ,
945 816 1333 886 καθορίσαντος
1367 816 1531 870 αὐτοῦ
1554 817 1651 888 τὴν
1681 817 1835 886 δίκην

261 907 444 975 Ἰησοῦ
473 907 566 960 τοῦ
593 907 768 976 Ναυῆ.
808 907 916 960 Ἦν
935 904 1027 961 οῦν
1046 909 1153 979 ἀρα
1181 909 1259 973 εἰς
1287 910 1530 980 κατάραν
1554 912 1587 980 ή
1620 909 1836 979 φάραγξ

245 1000 282 1069 ἡ
327 1000 522 1070 ’Ᾱχώμ
556 999 810 1053 Τοιαῦται
843 1000 899 1052 δέ
935 1019 1050 1063 πως
1081 1002 1174 1054 καὶ
1199 1004 1254 1054 αἱ
1284 1001 1393 1054 τῶν
1417 1003 1585 1056 ἐθνῶν
1623 1003 1798 1075 χῶραι
1817 1021 1830 1034 ⁸

247 1091 696 1161 κεκατηραμέναι
725 1091 853 1163 γὰρ,
884 1094 975 1146 καὶ
1006 1093 1296 1162 θεομισεῖς,
1341 1095 1416 1158 ὡς
1448 1096 1657 1160 οὐδενὸς
1684 1098 1833 1160 ὄντος

247 1185 310 1235 ἐν
331 1183 518 1246 αὐταῖς
545 1183 638 1236 τοῦ
674 1186 764 1238 τὸν
800 1185 958 1254 φύσει
987 1185 1117 1237 Θεὸν
1155 1186 1352 1250 εἰδότος
1373 1203 1386 1216 ·
1425 1187 1539 1240 ἀλλ’
1574 1191 1605 1258 ἡ
1638 1190 1832 1242 ἐπικα-

246 1271 488 1340 τάρατος
504 1271 674 1342 χώρα,
699 1274 850 1341 φησὶ,
882 1273 1020 1326 κατὰ
1047 1275 1171 1338 τοὺς
1194 1275 1455 1339 παλαιοὺς
1481 1278 1560 1340 είς
1589 1279 1834 1331 ἀνάπαυ-

249 1379 338 1414 σιν
366 1361 516 1414 ἕσται
545 1363 858 1432 βουκολίων,
888 1365 1157 1429 τουτέστι,
1207 1367 1366 1436 σηκοῖ⁵
1399 1367 1685 1438 προϐάτων
1711 1386 1833 1440 νοη-

248 1453 384 1514 τῶν,
419 1453 522 1504 ὑπὸ
551 1457 708 1523 χεῖρα
761 1455 995 1524 Χριστοῦ
1021 1457 1115 1509 τοῦ
1161 1459 1381 1510 πάντων
1421 1460 1829 1530 ἁρχιποιμένος,

247 1543 309 1606 ὃς
342 1549 448 1607 τοῖς
487 1545 751 1598 Ἰουδαίων
782 1546 976 1614 δήμοις
1018 1548 1454 1620 προσπεφώνηκε
1496 1551 1669 1618 λέγων
1707 1553 1834 1621 περὶ

248 1639 362 1688 τῶν
390 1637 578 1702 ἐθνῶν,
619 1660 636 1688 ι
677 1639 784 1690 Καὶ
831 1638 965 1692 ἄλλα
1009 1640 1256 1711 πρόϐατα
1287 1642 1394 1710 ἔχω
1421 1683 1434 1702 ,
1477 1641 1513 1695 ἀ
1555 1643 1655 1695 οῦκ
1687 1644 1832 1695 ἔστιν

251 1729 319 1780 ὲκ
354 1729 448 1798 τῆς
478 1729 646 1798 αὐλῆς
687 1728 888 1799 ταύτης
914 1768 928 1791 ,
977 1731 1205 1783 κάκεῖνά
1245 1749 1310 1800 με
1343 1732 1423 1784 δεῖ
1453 1734 1694 1801 ἀγαγεῖν,
1739 1733 1833 1786 καὶ

1932 549 2104 594 status
2136 555 2164 592 a
2208 541 2340 602 Deo,
2377 539 2599 593 acerbas
2633 552 2820 607 poenas
2855 536 2999 589 dedit
3029 555 3042 590 :
3080 548 3203 587 nam
3235 547 3358 586 cum
3393 542 3500 584 tota

1935 630 2093 682 domo
2119 633 2294 700 periit,
2316 646 2531 699 penam
2556 632 2606 682 in
2651 629 2795 682 illum
2818 636 3090 681 statuente
3115 624 3238 678 Jesu
3269 623 3376 677 ﬁlio
3402 622 3507 675 Na-

1938 736 2018 775 ve.
2054 723 2235 789 Itaque
2255 721 2602 775 exsecrabilis
2633 720 2770 774 facta
2799 729 2881 772 est
2913 717 3062 772 vallis
3089 719 3290 770 Achor.
3317 711 3507 781 Cujus-

1947 813 2090 865 tnodi
2127 825 2282 865 erant
2319 815 2560 880 regiones
2583 814 2843 882 gentium,
2881 809 3238 865 exsecrationi
3277 809 3502 872 devotae,

1935 915 1988 956 et
2040 904 2146 957 Deo
2186 903 2390 968 invisae,
2425 912 2606 968 utpote
2652 919 2772 956 cum
2805 903 2858 956 in
2892 903 2993 955 illis
3020 900 3198 958 nullus
3259 899 3350 961 sit,
3413 897 3505 966 qui

1936 1010 2125 1048 natura
2160 997 2322 1050 Deum
2358 999 2621 1064 cognorit.
2651 993 2868 1061 Verum,
2934 995 3126 1062 inquit,
3196 991 3310 1046 haec
3358 991 3508 1057 regio

1937 1089 2130 1158 priscis
2170 1089 2498 1158 temporibus
2557 1089 2912 1154 exsecranda,
2989 1087 3207 1156 requies
3273 1086 3376 1140 erit
3413 1100 3507 1138 ar-

1937 1191 2267 1243 mentorum,
2321 1182 2372 1234 id
2407 1191 2511 1245 est,
2546 1181 2755 1234 stabula
2802 1180 2982 1233 ovium
3067 1177 3505 1248 intelligit-ilium,

1937 1273 2118 1326 manui
2165 1272 2367 1326 Christi
2426 1272 2683 1342 prinripis
2747 1272 2988 1325 omnium
3036 1271 3270 1339 pastoris
3325 1269 3509 1340 subje-

1934 1375 2164 1431 ctarum,
2195 1366 2284 1434 qui
2312 1363 2593 1419 Iudaicum
2631 1364 2880 1433 populum
2899 1363 3160 1417 allocotus
3189 1374 3294 1427 est,
3319 1362 3507 1417 dicens

1937 1460 2001 1511 de
2035 1459 2324 1527 gentibus:
2368 1476 2386 1508 ‹
2433 1456 2579 1508 Alias
2613 1471 2741 1510 oves
2794 1456 2986 1521 habeo,
3040 1471 3159 1525 qua:
3231 1471 3336 1508 non
3381 1464 3509 1508 sunt

1937 1551 2001 1603 de
2032 1549 2158 1602 ovili
2197 1549 2333 1602 hoc:
2365 1564 2497 1616 quas
2521 1549 2680 1601 etiam
2709 1556 2921 1614 oportet
2956 1563 3040 1600 me
3071 1546 3508 1611 adducere,erit-

1936 1658 2039 1712 que
2094 1657 2258 1695 unum
2314 1641 2473 1705 ovile,
2525 1655 2662 1694 unus
2727 1649 2909 1709 pastor
2933 1641 3000 1693 ⁵³.
3042 1658 3060 1691 ι
3135 1640 3508 1704 Qua:siverunt

1937 1750 2170 1804 namque
2197 1734 2342 1787 illum
2382 1749 2475 1800 per
2504 1734 2681 1798 iidem,
2710 1733 2800 1800 qui
2825 1732 3113 1800 aliquando
3143 1739 3461 1785 erraverunt
3489 1748 3503 1783 :

249 1821 573 1890 γενήσονται
607 1822 701 1891 μία
738 1824 962 1893 ποίμνη,
985 1818 1065 1884 εἷς
1088 1823 1312 1892 ποιμήν.
1344 1842 1362 1873 ›
1403 1825 1706 1894 Ἐζήτησαν
1724 1825 1828 1895 γὰρ

1934 1841 2042 1896 quo
2074 1827 2310 1890 invento,
2355 1825 2479 1878 fami
2533 1833 2657 1878 sunt
2700 1824 2816 1891 ejus
2850 1823 3152 1885 domestici,
3179 1831 3234 1874 et
3259 1822 3508 1875 roncives

248 1914 417 1966 αὐτὸν
445 1915 530 1968 διὰ
555 1916 654 1986 τῆς
697 1918 932 1980 πίστεως
983 1919 1031 1970 οἱ
1062 1916 1193 1970 ποτὲ
1244 1916 1603 1986 πλανώμενοι,
1649 1918 1742 1970 καὶ
1767 1917 1828 1987 δὴ

1939 1927 2247 1970 sanctorum
2272 1926 2324 1968 et
2343 1915 2652 1970 cohmredes
2670 1913 3058 1982 promissorum
3079 1914 3206 1982 ipsis
3219 1912 3502 1968 bonorum.

250 2008 348 2061 καί
375 2009 649 2080 εὑρόντες,
687 2012 874 2063 οἰκεῖοι
897 2010 1185 2080 γεγόνασιν
1225 2010 1388 2064 αὐτοῦ
1410 2051 1425 2075 ,
1474 2011 1568 2064 καὶ
1609 2011 1933 2082 συμπολῖται
1959 2009 2065 2063 τῶν
2095 2010 2284 2078 ἁγίων,
2341 2009 2432 2062 καὶ
2464 2008 2891 2079 συγκληρονόμοι
2947 2007 3054 2061 τῶν
3090 2007 3508 2078 ἐπηγγελμένων

248 2101 435 2161 αὐτοῖς
459 2099 700 2168 ἀγαθῶν.

336 2191 526 2262 Ὑμεῖς
558 2191 644 2259 δὲ,
678 2196 732 2247 οἱ
761 2193 1262 2264 ἐγκαταλιπόντες
1283 2214 1378 2266 με,
1396 2196 1829 2251 καὶέπιλανθα-

248 2287 491 2354 νόμενοι
523 2284 591 2338 τὸ
639 2285 778 2354 ὄρος
808 2287 875 2339 τὸ
914 2287 1083 2356 ἅγιόν
1115 2307 1254 2358 μου,
1303 2290 1402 2342 καὶ
1428 2289 1828 2359 ἐτοιμάζοντες

248 2374 332 2438 τῷ
375 2375 611 2444 δαίμονι
655 2375 974 2443 τράπεζαν,
1006 2378 1101 2431 καὶ
1138 2379 1512 2447 πληροῦντες
1553 2380 1627 2447 τῇ
1669 2381 1827 2450 Τύχῃ

250 2467 544 2536 κέρασμα·
583 2467 698 2536 ἐγὼ
728 2469 1062 2536 παραδώσω
1087 2469 1243 2539 ὑμᾶς
1268 2474 1353 2538 εὶς
1384 2471 1703 2541 μάχαιραν,
1728 2474 1826 2526 καὶ

249 2559 476 2622 πάντες
515 2559 586 2611 ἐν
618 2559 824 2628 σφαγῇ
865 2560 1172 2624 πεσεῖσθε,
1217 2562 1304 2615 ὅτι
1347 2563 1612 2616 ἐκάλεσα
1657 2561 1832 2632 ὑμᾶς,

250 2649 348 2702 καὶ
372 2652 484 2718 οὐχ
513 2653 916 2718 ὑπηκούσατεο
935 2653 1236 2722 ἐλάλησα,
1265 2654 1362 2706 καὶ
1385 2656 1831 2723 παρηκούσατε,

249 2743 349 2794 καὶ
385 2742 708 2811 ἐποιήσατε
739 2743 806 2796 τὸ
861 2747 1132 2812 πονηρὸν
1167 2746 1446 2800 ἐναντίον
1477 2764 1617 2815 μου,
1666 2747 1763 2799 καὶ
1797 2746 1836 2799 ἂ

251 2837 365 2888 οὐκ
389 2835 746 2904 ἐϐουλόμην,
774 2835 1158 2900 ἐξελέξασθε.

327 2926 536 2994 Ὥσπερ
581 2926 804 2992 γέγονεν
862 2925 960 2977 οὑκ
1019 2925 1256 2996 ἀζήμιον
1315 2929 1430 2991 τοῖς
1487 2926 1548 2992 ἐξ
1599 2927 1830 2998 αἵματος

262 3017 480 3090 Ἰσραὴλ
516 3017 576 3069 τὸ
594 3017 888 3087 ἀπειθῆσαι
922 3017 1162 3086 Χριστῷ,
1215 3018 1450 3072 δέδονται
1468 3021 1575 3092 γὰρ
1597 3023 1675 3083 εἰς
1691 3037 1829 3088 σφα..

251 3114 377 3181 γὴν,
417 3109 550 3180 ἐλέῳ
579 3109 716 3161 Θεοῦ
767 3109 862 3162 καὶ
911 3108 1292 3182 φιλανθρωπίᾳ
1344 3112 1686 3182 σεσωσμένον
1737 3111 1830 3164 τοῦ

251 3201 714 3271 καταλείμματος,
757 3199 898 3253 οὕτω
928 3201 1022 3252 καὶ
1060 3201 1153 3252 ἐπὶ
1189 3204 1254 3272 τῇ
1294 3202 1400 3254 τῶν
1433 3202 1600 3255 ἐθνῶν
1638 3203 1827 3275 κλήσει

255 3293 527 3362 συνήσεις.
581 3291 644 3344 Ol
697 3290 796 3360 μὲν
843 3292 950 3361 γὰρ
981 3292 1082 3362 τὴν
1116 3292 1206 3345 διὰ
1257 3292 1492 3361 Χριστοῦ
1554 3294 1828 3364 σωτηρίαν

252 3383 620 3452 ἁρπάσαντες.
648 3379 752 3446 ἔξω
783 3382 1036 3448 γεγόνασι
1067 3381 1161 3433 καὶ
1197 3383 1388 3452 πυρὸς,
1418 3383 1510 3435 καὶ
1532 3382 1708 3451 δίκης,
1737 3384 1830 3436 καὶ

250 3474 360 3526 τῶν
399 3477 462 3527 ἐκ
495 3474 645 3534 θείας
692 3472 898 3543 ὀργῆς·
945 3475 992 3525 οἱ
1045 3473 1103 3526 δὲ
1148 3475 1268 3535 ταῖς
1313 3473 1520 3524 ἑαυτῶν
1568 3471 1829 3542 ἀμαθίαις

255 3569 753 3638 ἐναπομείναντες,
809 3565 903 3618 καὶ
963 3566 1328 3620 ἀναπόνιπτον
1382 3566 1674 3635 ἐσχηκότες
1720 3566 1828 3619 τῶν

250 3662 491 3731 ἀρχαίων
516 3659 851 3728 αίτιαμάτων
881 3658 969 3710 τὸν
999 3657 1291 3728 μολυσμὸν,
1330 3657 1417 3709 διὰ
1444 3656 1535 3709 τοῦ
1570 3660 1828 3728 προσκεῖ-

254 3752 378 3804 σθαι
406 3751 580 3804 θέλειν
618 3751 739 3810 ταῖς
777 3750 884 3801 τῶν
925 3748 1159 3802 εἰδώλων
1188 3749 1483 3819 λατρείαις,
1513 3749 1828 3819 δοθήσονται

252 3843 391 3912 πρὸς
420 3843 658 3910 σφαγήν.
693 3841 1125 3909 Κατοιχήσονται
1158 3839 1266 3909 γὰρ
1289 3841 1366 3902 εἰς
1397 3839 1545 3909 ᾇδου,
1584 3841 1678 3892 καὶ
1710 3842 1831 3894 ἁτε-

251 3936 505 4006 λεύτητον
538 3935 720 3999 ἕξουσι
753 3933 852 4004 τὴν
883 3932 972 3985 διὰ
1017 3932 1187 4004 πυρὸς
1235 3933 1536 4002 ἀκοιμήτου
1585 3933 1823 3988 κόλασιν.

261 4027 448 4096 Ὑμεῖς
477 4025 676 4088 τοίνυν,
723 4024 910 4094 φησὶν,
956 4025 1005 4076 οἱ
1052 4023 1506 4090 ἐγκαταλιπόντες
1547 4041 1644 4094 με,
1673 4041 1828 4076 τουτ-

251 4119 418 4182 έστιν,
445 4119 493 4171 οἱ
527 4119 690 4188 μέχρι
720 4116 920 4178 παντὸς
942 4116 1265 4179 ἀποστάται,
1301 4117 1393 4168 καὶ
1422 4112 1532 4169 οἷον
1553 4119 1632 4180 είς
1657 4117 1827 4188 λήθην

252 4210 705 4280 κατενηνεγμένοι
749 4207 985 4279 παντελῆ
1019 4207 1111 4260 τοῦ
1158 4209 1316 4279 ὄρους
1359 4208 1451 4260 τοῦ
1505 4209 1662 4276 ἁγίου
1700 4228 1823 4280 μου.

251 4301 324 4352 Οὐ
361 4299 468 4370 γὰρ
496 4299 777 4369 ἀνέχονταί
803 4315 948 4360 τινες
971 4297 1078 4351 τῶν
1119 4299 1566 4369 πεπλανημένων,
1602 4302 1695 4354 καὶ
1720 4302 1826 4354 τῶν

249 4393 313 4461 τῇ
345 4391 520 4444 κτίσει
562 4390 1020 4461 λελατρευκότων,
1052 4390 1159 4443 οὐδ’
1195 4391 1316 4444 ὅσον
1345 4393 1519 4456 εἰπεῖν
1544 4393 1737 4446 εἰδέναι
1768 4393 1828 4446 τὸ

2008 2193 2173 2248 Vens.
2207 2191 2294 2258 Η,
2349 2191 2430 2244 12.
2477 2190 2578 2244 Vos
2628 2199 2799 2244 autem
2840 2192 2926 2260 qui
2974 2188 3257 2258 reliquistis
3309 2207 3411 2254 me,
3459 2202 3506 2244 et

1935 2286 2082 2338 obliti
2111 2289 2233 2337 estis
2284 2283 2474 2335 montis
2506 2282 2674 2334 sancti
2710 2281 2830 2342 mei,
2885 2291 2930 2332 et
2971 2291 3213 2348 parantes
3283 2282 3507 2333 damwm'

1935 2393 2188 2438 mensam,
2234 2384 2282 2429 et
2316 2374 2582 2443 implentes
2636 2372 2888 2426 Fortunw
2940 2375 3244 2440 potionem:
3277 2390 3364 2427 vos
3415 2390 3506 2442 ego

1934 2467 2146 2519 tradam
2177 2468 2231 2519 in
2265 2466 2527 2536 gladium,
2559 2474 2607 2518 et
2640 2481 2814 2518 omnes
2881 2467 3022 2517 ca’de
3073 2467 3267 2517 cadetis
3297 2480 3315 2526 ;
3383 2465 3507 2532 quia

1933 2558 2108 2611 vocavi
2160 2573 2267 2619 vos,
2297 2568 2342 2611 et
2377 2574 2479 2610 non
2514 2558 2788 2611 audivistis
2817 2570 2835 2607 :
2868 2555 3070 2608 locutus
3097 2573 3232 2620 sunt,
3264 2565 3313 2610 et
3347 2559 3508 2608 abou-

1931 2650 2153 2712 divistis,
2183 2660 2228 2702 et
2263 2649 2455 2718 fecistis
2481 2649 2678 2703 malum
2706 2649 2761 2702 in
2791 2658 3064 2716 conspectu
3098 2664 3230 2711 meo,
3297 2658 3344 2702 et
3390 2664 3507 2718 qua:

1932 2757 2034 2794 non
2059 2741 2312 2808 volebam,
2339 2742 2586 2812 elegistis.

2006 2918 2469 2986 Quemadmodum
2508 2919 2735 2973 inultum
2766 2935 2870 2972 non
2925 2918 3158 2973 tulerunt
3230 2917 3505 2981 lsraelitaa,

1937 3027 2058 3066 cum
2081 3012 2296 3066 Christo
2326 3029 2429 3064 non
2467 3011 2769 3074 obedirent,
2802 3010 2980 3063 traditi
3041 3019 3167 3063 sunt
3211 3010 3352 3064 enim
3414 3025 3508 3064 0c-

1939 3103 2154 3168 cisioni,
2199 3102 2440 3170 reliquiis
2487 3099 2857 3154 misericordia
2914 3107 2969 3153 et
3013 3098 3352 3152 humanitate
3414 3097 3506 3152 Dei

1934 3194 2197 3248 servatis:
2240 3195 2317 3246 sic
2365 3202 2419 3246 et
2481 3192 2533 3246 in
2599 3193 2836 3261 gentium
2880 3191 3160 3244 vocatione
3220 3190 3504 3259 intelliges.

1933 3285 2032 3353 Qui
2093 3301 2325 3354 namque
2378 3283 2605 3337 salutem
2668 3297 2764 3352 per
2825 3281 3097 3335 Christum
3140 3283 3507 3348 arripuerunt,

1934 3379 2199 3432 immunes
2270 3375 2488 3430 luerunt
2566 3377 2633 3430 ab
2709 3377 2850 3445 igne,
2907 3373 3170 3443 supplicio
3225 3383 3278 3426 et
3364 3374 3507 3428 divi-

1933 3485 1998 3522 na
2087 3471 2185 3522 ira.
2261 3469 2468 3537 Atqui
2558 3469 2609 3520 in
2669 3482 2766 3522 sua
2849 3473 3261 3535 permanserunt
3355 3467 3509 3534 igno-

1933 3560 2133 3623 rantia,
2168 3569 2222 3613 et
2248 3559 2649 3626 inquinamenta
2680 3568 2920 3610 veterum
2939 3555 3202 3611 scelerum
3231 3571 3336 3610 non
3365 3557 3510 3611 dele-

1933 3657 2078 3710 runt,
2104 3662 2168 3699 eo
2205 3647 2348 3715 quod
2394 3646 2876 3700 vellentidolornm
2923 3646 3299 3700 adhaerescere
3349 3647 3508 3699 culti-

1933 3741 2050 3801 bus,
2089 3739 2368 3793 tradentur
2397 3742 2462 3792 ad
2493 3739 2711 3792 caedem.
2751 3738 3084 3792 Desremlent
3117 3739 3259 3792 enim
3294 3739 3359 3792 ad
3424 3740 3506 3793 in-

1931 3830 2097 3894 feros,
2126 3843 2180 3886 et
2223 3831 2544 3900 supplicium
2570 3841 2830 3884 aeternum
2872 3831 3146 3884 habebunt
3179 3844 3274 3898 per
3325 3833 3503 3897 ignem

1931 3923 2309 3992 irrequictmn.
2344 3921 2447 3976 Vos
2476 3922 2658 3992 igitur,
2686 3923 2878 3992 inquit,
2913 3923 3210 3990 reliquistis
3287 3938 3394 3987 me,
3455 3924 3505 3977 id

1929 4024 2033 4082 est,
2063 4031 2278 4084 seraper
2316 4027 2600 4084 apostatae,
2635 4024 2689 4069 et
2728 4018 2816 4083 qui
2844 4030 3062 4080 prorsus
3102 4017 3245 4068 velut
3271 4015 3504 4069 oblivio-

1930 4108 1983 4160 ni
2019 4107 2313 4160 tradidistis
2342 4116 2842 4160 montemsanctum
2875 4121 3074 4159 memn.
3107 4106 3334 4172 Quidam
3359 4108 3503 4161 enim

1929 4200 2020 4268 qui
2056 4209 2374 4252 erraverunt
2431 4208 2485 4252 et
2535 4208 2798 4252 creatura:
2856 4199 3180 4262 servierunt,
3229 4212 3296 4250 ne
3345 4213 3505 4252 nosse

1929 4293 2167 4362 quidem,
2211 4298 2269 4343 ut
2293 4293 2370 4344 sic
2395 4291 2645 4354 dixerim,
2673 4291 2939 4344 sustinent
2971 4302 3164 4342 nomen
3197 4289 3456 4344 Ecclesiae
3483 4309 3500 4346 :

1936 4403 1955 4434 ι
1994 4393 2246 4450 parantes
2278 4381 2555 4436 daemoniis
2586 4395 2822 4446 mensas,
2866 4391 2922 4434 et
2976 4383 3222 4450 potiones
3273 4383 3502 4452 implen-

238 4483 345 4551 ,ἧς
374 4483 700 4552 Ἑκκλησίας
728 4483 898 4553 ὄνομα
922 4497 935 4510 ·
975 4501 993 4533 ι
1017 4483 1066 4535 oi
1087 4485 1198 4546 τοῖς
1220 4482 1516 4552 δαιμονίοις
1549 4483 1826 4552 τραπέζας

1935 4486 2015 4529 tes
2048 4475 2317 4528 Fortunm.
2361 4491 2378 4524 ι
2414 4472 2526 4528 Hoc
2593 4473 2932 4537 factitarunt,
2991 4488 3220 4542 quorum
3291 4475 3503 4529 animus

247 4573 520 4636 τελοῦντες
545 4615 560 4640 ,
611 4576 706 4626 καὶ
752 4575 1078 4646 κεράσματα
1120 4574 1454 4646 πληροῦντες
1495 4579 1558 4647 τῇ
1601 4576 1770 4648 Τύχη.
1804 4597 1820 4626 ι

253 4666 460 4736 Ἔδρων
506 4666 563 4718 δέ
605 4683 657 4720 τι
690 4667 933 4720 τοιοῦτον
961 4668 1010 4720 οἱ
1058 4667 1367 4737 διαδολικῆς
1411 4669 1606 4738 ἀχλύος
1653 4655 1826 4739 μεμε-

251 4759 528 4828 στωμένην
553 4758 764 4827 ἔχοντες
779 4759 876 4830 τὴν
895 4760 1141 4830 καρδίαν.
1161 4761 1256 4822 Εἰς
1280 4760 1491 4831 σφαγὴν
1518 4779 1590 4814 πα
1600 4761 1824 4832 ραδοθή-

251 4849 422 4914 σεσθε,
443 4850 544 4902 κᾶν
564 4852 712 4912 εῖτις
734 4852 856 4904 ὅτου
885 4853 1042 4924 χάριν
1063 4854 1308 4924 τολμήσῃ
1335 4853 1533 4920 λέγειν,
1555 4853 1662 4924 ἐρῶ
1692 4854 1828 4924 πρὸς

250 4941 406 4994 αὐτόν
424 4958 435 4969 ·
457 4940 720 4993 Ἐκάλεσα
737 4943 831 4994 καὶ
851 4943 946 5012 οὐχ
969 4942 1336 5013 ὑπηκούσατε,
1357 4942 1469 4995 ἀλλ’
1489 4943 1723 5014 ἔμμονον
1737 4946 1830 4997 καὶ

249 5031 617 5099 ἀναπόϐλητον
643 5034 794 5102 ἐχετε
837 5035 1125 5105 πονηρίαν,
1173 5035 1310 5103 μόνα
1340 5034 1574 5104 δρῶντες
1613 5036 1681 5089 τὰ
1715 5040 1826 5101 τοῖς

249 5124 396 5193 ἐμοῖς
440 5124 717 5194 ἀπᾴδοντα
761 5127 968 5194 νόμοις,
1011 5128 1104 5179 καὶ
1146 5127 1694 5198 κατακιδδηλεύοντες
1729 5131 1824 5198 μὲν

249 5216 421 5268 πάντα
458 5217 658 5286 τρόπον
708 5217 1098 5288 ἀγαθουργίας,
1146 5220 1422 5273 ἀπόλεκτα
1453 5220 1510 5272 δὲ
1554 5221 1822 5275 ποιεῖσθαι

251 5306 654 5370 σπουδάζοντες,
685 5307 753 5360 τὰ
774 5306 844 5359 δι’
872 5299 946 5360 ὧν
974 5307 1038 5360 ἄν
1059 5325 1142 5371 τις
1169 5310 1379 5377 γένοιτο
1405 5311 1604 5371 παντὸς
1620 5312 1820 5381 ἀνάμεο

251 5411 366 5458 στος
396 5395 590 5464 ῥύπου.

312 5486 411 5538 Διά
432 5488 607 5543 τοῦτο
625 5490 764 5544 τάδε
792 5491 955 5560 λέγει
979 5495 1214 5560 Κύριος-ο
1235 5492 1379 5546 Ἰδοὺ
1410 5495 1462 5547 οἱ
1490 5494 1817 5548 δουλεύον-

248 5573 338 5640 τές
394 5593 492 5642 μοι
545 5577 856 5647 φάγονται,
892 5581 1060 5652 ὑμεῖς
1090 5582 1157 5637 δὲ
1202 5582 1537 5640 πεινάσετε.
1583 5584 1728 5640 Ἰδοὺ
1764 5588 1818 5640 oi

311 5752 353 5784 ⁸⁹
378 5751 538 5807 Joau.
590 5770 644 5819 Χ,
689 5756 777 5810 16.

1933 4566 2101 4637 898
2129 4565 2392 4620 diabolit-a
2423 4564 2649 4632 caligine
2688 4564 2932 4633 Oppletus
2986 4575 3124 4619 erat.
3190 4562 3499 4618 Trademini

1935 4660 2001 4714 ad
2057 4660 2300 4714 cedem:
2347 4658 2548 4726 Siquis
2576 4671 2792 4711 causam
2827 4655 3044 4709 audebit
3100 4670 3363 4726 quaerere,
3423 4658 3502 4712 sic

1933 4750 1982 4805 ei
2021 4753 2314 4820 respondeo
2339 4770 2350 4804 :
2372 4749 2587 4814 Vocavi,
2612 4758 2667 4803 et
2691 4764 2795 4802 non
2828 4749 3128 4812 audivistis,
3163 4750 3256 4804 sed
3281 4766 3503 4806 manen-

1936 4852 2042 4896 tem
2071 4843 2280 4897 habetis
2329 4843 2647 4912 nequitiam,
2679 4856 2800 4910 qme
2839 4858 2944 4896 non
3005 4851 3179 4913 potest
3213 4841 3395 4908 abjici,
3447 4852 3503 4898 et

1931 4951 1993 4990 ea
2035 4935 2148 4990 sola
2186 4935 2410 5002 patratis
2469 4949 2596 5002 quae
2627 4949 2658 4988 a
2704 4934 2839 4988 meis
2894 4934 3216 4988 dissentiunt
3268 4934 3499 5005 legibus,

1929 5043 2252 5097 omnemque
2288 5028 2622 5080 honestatem
2655 5027 2994 5093 adulteratis,
3030 5041 3083 5081 et
3124 5029 3209 5081 illa
3244 5030 3502 5099 expetitis

1928 5130 1982 5175 et
2039 5121 2234 5190 eligitis
2255 5120 2514 5182 studiose,
2565 5120 2705 5173 unde
2736 5121 2904 5188 possit
2937 5120 3058 5190 quis
3105 5137 3266 5176 onine
3331 5137 3502 5192 genus

1932 5207 2280 5277 turpitudinis
2321 5208 2662 5262 contrahere.

1996 5487 2162 5541 Vens.
2200 5487 2386 5542 15—15.
2423 5486 2806 5552 Quamobrem,
2839 5489 2948 5541 haec
3007 5489 3133 5540 dicit
3191 5487 3444 5544 Dominus
3479 5507 3500 5546 :

1927 5583 2060 5638 Ecce
2096 5584 2188 5654 qui
2225 5583 2452 5639 serviunt
2492 5581 2617 5636 mihi
2674 5583 2979 5648 comedent;
3014 5599 3098 5638 vos
3151 5596 3321 5638 autem
3377 5601 3499 5638 esu-
