  <div class='ocr_page' id='page_1' title='image "/cluster/home/n/w/nwhite01/storage/ocr_20150623/70/nnc1.0046980253/727.png"; bbox 0 0 4022 6400; ppageno 0'>
   <div class='ocr_carea' id='block_1_1' title="bbox 502 324 639 383">
    <p class='ocr_par' dir='ltr' id='par_1_1' title="bbox 502 324 639 383">
     <span class='ocr_line' id='line_1_1' title="bbox 502 324 639 383; baseline -0.029 0"><span class='ocrx_word' id='word_1_1' title='bbox 502 324 639 383; x_wconf 74' lang='grc' dir='ltr'>-ιιιε</span> 
     </span>
    </p>
   </div>
   <div class='ocr_carea' id='block_1_2' title="bbox 1530 312 2782 374">
    <p class='ocr_par' dir='ltr' id='par_1_2' title="bbox 1530 312 2782 374">
     <span class='ocr_line' id='line_1_2' title="bbox 1530 312 2782 374; baseline -0.003 -1"><span class='ocrx_word' id='word_1_2' title='bbox 1530 318 1586 373; x_wconf 90' lang='lat' dir='ltr'><strong><em>S.</em></strong></span> <span class='ocrx_word' id='word_1_3' title='bbox 1634 316 1907 374; x_wconf 79' lang='lat' dir='ltr'><strong><em>CYRILLI</em></strong></span> <span class='ocrx_word' id='word_1_4' title='bbox 1946 315 2421 373; x_wconf 73' lang='lat' dir='ltr'><strong><em>ALEXANDRINI</em></strong></span> <span class='ocrx_word' id='word_1_5' title='bbox 2461 312 2782 371; x_wconf 78' lang='lat' dir='ltr'><strong><em>ARCHIEP.</em></strong></span> 
     </span>
    </p>
   </div>
   <div class='ocr_carea' id='block_1_3' title="bbox 3671 315 3841 372">
    <p class='ocr_par' dir='ltr' id='par_1_3' title="bbox 3671 315 3841 372">
     <span class='ocr_line' id='line_1_3' title="bbox 3671 315 3841 372; baseline 0.024 -3"><span class='ocrx_word' id='word_1_6' title='bbox 3671 315 3841 372; x_wconf 67' lang='grc' dir='ltr'><strong><em>μισ</em></strong></span> 
     </span>
    </p>
   </div>
   <div class='ocr_carea' id='block_1_4' title="bbox 498 436 2097 512">
    <p class='ocr_par' dir='ltr' id='par_1_4' title="bbox 498 440 2090 512">
     <span class='ocr_line' id='line_1_4' title="bbox 498 440 2090 512; baseline -0.003 -13"><span class='ocrx_word' id='word_1_7' title='bbox 498 448 675 499; x_wconf 63' lang='lat' dir='ltr'><strong><em>vietis.</em></strong></span> <span class='ocrx_word' id='word_1_8' title='bbox 720 444 857 497; x_wconf 85' lang='lat' dir='ltr'><strong><em>Ecce</em></strong></span> <span class='ocrx_word' id='word_1_9' title='bbox 894 444 984 512; x_wconf 99' lang='lat' dir='ltr'><strong><em>qui</em></strong></span> <span class='ocrx_word' id='word_1_10' title='bbox 1023 442 1254 496; x_wconf 79' lang='lat' dir='ltr'><strong><em>serviunt</em></strong></span> <span class='ocrx_word' id='word_1_11' title='bbox 1318 440 1470 503; x_wconf 81' lang='lat' dir='ltr'><strong><em>mihi,</em></strong></span> <span class='ocrx_word' id='word_1_12' title='bbox 1524 442 1718 504; x_wconf 69' lang='lat' dir='ltr'><strong><em>bibent,</em></strong></span> <span class='ocrx_word' id='word_1_13' title='bbox 1778 457 1865 495; x_wconf 76' lang='lat' dir='ltr'><strong><em>vos</em></strong></span> <span class='ocrx_word' id='word_1_14' title='bbox 1914 451 2090 495; x_wconf 87' lang='lat' dir='ltr'><strong><em>autem</em></strong></span> 
     </span>
    </p>
   </div>
   <div class='ocr_carea' id='block_1_5' title="bbox 2202 436 3834 512">
    <p class='ocr_par' dir='ltr' id='par_1_5' title="bbox 2202 436 3834 507">
     <span class='ocr_line' id='line_1_5' title="bbox 2202 436 3834 507; baseline -0.001 -13"><span class='ocrx_word' id='word_1_15' title='bbox 2202 438 2591 504; x_wconf 71' lang='grc' dir='ltr'><strong><em>Βουλεύοντές</em></strong></span> <span class='ocrx_word' id='word_1_16' title='bbox 2644 455 2749 507; x_wconf 85' lang='grc' dir='ltr'><strong><em>μοι</em></strong></span> <span class='ocrx_word' id='word_1_17' title='bbox 2802 437 3072 502; x_wconf 69' lang='grc' dir='ltr'>σείονται,</span> <span class='ocrx_word' id='word_1_18' title='bbox 3123 436 3291 507; x_wconf 83' lang='grc' dir='ltr'><strong><em>ὑμεῖς</em></strong></span> <span class='ocrx_word' id='word_1_19' title='bbox 3334 438 3404 491; x_wconf 81' lang='grc' dir='ltr'>δὲ</span> <span class='ocrx_word' id='word_1_20' title='bbox 3453 437 3834 507; x_wconf 72' lang='grc' dir='ltr'>διψήσητε.</span> 
     </span>
    </p>
   </div>
   <div class='ocr_carea' id='block_1_6' title="bbox 501 532 2097 603">
    <p class='ocr_par' dir='ltr' id='par_1_6' title="bbox 501 532 2097 603">
     <span class='ocr_line' id='line_1_6' title="bbox 501 532 2097 603; baseline -0.004 -12"><span class='ocrx_word' id='word_1_21' title='bbox 501 538 707 591; x_wconf 85' lang='lat' dir='ltr'><strong><em>sitietis.</em></strong></span> <span class='ocrx_word' id='word_1_22' title='bbox 788 533 923 588; x_wconf 85' lang='lat' dir='ltr'><strong><em>Ecce</em></strong></span> <span class='ocrx_word' id='word_1_23' title='bbox 942 535 1031 603; x_wconf 89' lang='lat' dir='ltr'><strong><em>qui</em></strong></span> <span class='ocrx_word' id='word_1_24' title='bbox 1084 534 1308 586; x_wconf 85' lang='lat' dir='ltr'><strong><em>serviunt</em></strong></span> <span class='ocrx_word' id='word_1_25' title='bbox 1340 535 1487 597; x_wconf 67' lang='lat' dir='ltr'><strong><em>mini,</em></strong></span> <span class='ocrx_word' id='word_1_26' title='bbox 1519 532 1857 594; x_wconf 57' lang='lat' dir='ltr'><strong><em>la&#39;tobuntur,</em></strong></span> <span class='ocrx_word' id='word_1_27' title='bbox 1883 548 1970 585; x_wconf 83' lang='lat' dir='ltr'><strong><em>vos</em></strong></span> <span class='ocrx_word' id='word_1_28' title='bbox 1998 548 2097 584; x_wconf 87' lang='lat' dir='ltr'><strong><em>au-</em></strong></span> 
     </span>
    </p>
   </div>
   <div class='ocr_carea' id='block_1_7' title="bbox 506 623 2096 693">
    <p class='ocr_par' dir='ltr' id='par_1_7' title="bbox 506 623 2096 693">
     <span class='ocr_line' id='line_1_7' title="bbox 506 623 2096 693; baseline -0.001 -15"><span class='ocrx_word' id='word_1_29' title='bbox 506 638 607 679; x_wconf 85' lang='lat' dir='ltr'><strong><em>tem</em></strong></span> <span class='ocrx_word' id='word_1_30' title='bbox 636 624 1050 693; x_wconf 79' lang='lat' dir='ltr'><strong><em>confundemiui.</em></strong></span> <span class='ocrx_word' id='word_1_31' title='bbox 1108 623 1243 676; x_wconf 86' lang='lat' dir='ltr'><strong><em>Ecce</em></strong></span> <span class='ocrx_word' id='word_1_32' title='bbox 1297 625 1385 692; x_wconf 92' lang='lat' dir='ltr'><strong><em>qui</em></strong></span> <span class='ocrx_word' id='word_1_33' title='bbox 1432 625 1664 677; x_wconf 81' lang='lat' dir='ltr'><strong><em>serviunt</em></strong></span> <span class='ocrx_word' id='word_1_34' title='bbox 1710 623 1861 689; x_wconf 79' lang='lat' dir='ltr'><strong><em>mihi,</em></strong></span> <span class='ocrx_word' id='word_1_35' title='bbox 1920 623 2096 677; x_wconf 76' lang='lat' dir='ltr'><strong><em>exsul-</em></strong></span> 
     </span>
    </p>
   </div>
   <div class='ocr_carea' id='block_1_8' title="bbox 505 714 2097 782">
    <p class='ocr_par' dir='ltr' id='par_1_8' title="bbox 505 714 2097 782">
     <span class='ocr_line' id='line_1_8' title="bbox 505 714 2097 782; baseline 0.002 -16"><span class='ocrx_word' id='word_1_36' title='bbox 505 718 696 769; x_wconf 80' lang='lat' dir='ltr'><strong><em>tobunt</em></strong></span> <span class='ocrx_word' id='word_1_37' title='bbox 738 716 793 767; x_wconf 89' lang='lat' dir='ltr'><strong><em>in</em></strong></span> <span class='ocrx_word' id='word_1_38' title='bbox 837 715 1050 777; x_wconf 63' lang='lat' dir='ltr'><strong><em>Iustitia,</em></strong></span> <span class='ocrx_word' id='word_1_39' title='bbox 1086 730 1170 766; x_wconf 77' lang='lat' dir='ltr'><strong><em>vos</em></strong></span> <span class='ocrx_word' id='word_1_40' title='bbox 1198 724 1371 766; x_wconf 84' lang='lat' dir='ltr'><strong><em>autem</em></strong></span> <span class='ocrx_word' id='word_1_41' title='bbox 1411 714 1704 766; x_wconf 78' lang='lat' dir='ltr'><strong><em>domabilis</em></strong></span> <span class='ocrx_word' id='word_1_42' title='bbox 1742 730 1852 782; x_wconf 75' lang='lat' dir='ltr'><strong><em>pra:</em></strong></span> <span class='ocrx_word' id='word_1_43' title='bbox 1918 715 2097 769; x_wconf 86' lang='lat' dir='ltr'><strong><em>dolore</em></strong></span> 
     </span>
    </p>
   </div>
   <div class='ocr_carea' id='block_1_9' title="bbox 506 806 2091 876">
    <p class='ocr_par' dir='ltr' id='par_1_9' title="bbox 506 806 2091 876">
     <span class='ocr_line' id='line_1_9' title="bbox 506 806 2091 876; baseline -0.002 -14"><span class='ocrx_word' id='word_1_44' title='bbox 506 810 679 863; x_wconf 78' lang='lat' dir='ltr'><strong><em>cordis</em></strong></span> <span class='ocrx_word' id='word_1_45' title='bbox 722 809 898 871; x_wconf 81' lang='lat' dir='ltr'><strong><em>vestri,</em></strong></span> <span class='ocrx_word' id='word_1_46' title='bbox 962 819 1008 860; x_wconf 88' lang='lat' dir='ltr'><strong><em>et</em></strong></span> <span class='ocrx_word' id='word_1_47' title='bbox 1036 823 1145 876; x_wconf 78' lang='lat' dir='ltr'><strong><em>pra:</em></strong></span> <span class='ocrx_word' id='word_1_48' title='bbox 1184 807 1499 858; x_wconf 73' lang='lat' dir='ltr'><strong><em>contritione</em></strong></span> <span class='ocrx_word' id='word_1_49' title='bbox 1528 807 1742 871; x_wconf 84' lang='lat' dir='ltr'><strong><em>spiritus</em></strong></span> <span class='ocrx_word' id='word_1_50' title='bbox 1800 806 2091 859; x_wconf 72' lang='lat' dir='ltr'><strong><em>ululabilis.</em></strong></span> 
     </span>
    </p>
   </div>
   <div class='ocr_carea' id='block_1_10' title="bbox 507 897 2094 973">
    <p class='ocr_par' dir='ltr' id='par_1_10' title="bbox 507 897 2094 973">
     <span class='ocr_line' id='line_1_10' title="bbox 507 897 2094 973; baseline -0.003 -17"><span class='ocrx_word' id='word_1_51' title='bbox 507 902 811 973; x_wconf 85' lang='lat' dir='ltr'><strong><em>Reliquistis</em></strong></span> <span class='ocrx_word' id='word_1_52' title='bbox 841 901 976 954; x_wconf 83' lang='lat' dir='ltr'><strong><em>enim</em></strong></span> <span class='ocrx_word' id='word_1_53' title='bbox 996 916 1179 952; x_wconf 81' lang='lat' dir='ltr'><strong><em>nomen</em></strong></span> <span class='ocrx_word' id='word_1_54' title='bbox 1211 907 1458 962; x_wconf 79' lang='lat' dir='ltr'><strong><em>vestrum,</em></strong></span> <span class='ocrx_word' id='word_1_55' title='bbox 1486 900 1540 952; x_wconf 84' lang='lat' dir='ltr'><strong><em>in</em></strong></span> <span class='ocrx_word' id='word_1_56' title='bbox 1567 900 1897 951; x_wconf 69' lang='lat' dir='ltr'><strong><em>saturitatem</em></strong></span> <span class='ocrx_word' id='word_1_57' title='bbox 1919 897 2094 952; x_wconf 82' lang='lat' dir='ltr'><strong><em>electis</em></strong></span> 
     </span>
    </p>
   </div>
   <div class='ocr_carea' id='block_1_11' title="bbox 504 990 1630 1058">
    <p class='ocr_par' dir='ltr' id='par_1_11' title="bbox 504 990 1630 1058">
     <span class='ocr_line' id='line_1_11' title="bbox 504 990 1630 1058; baseline -0.007 -10"><span class='ocrx_word' id='word_1_58' title='bbox 504 996 654 1049; x_wconf 88' lang='lat' dir='ltr'><strong><em>meis.</em></strong></span> <span class='ocrx_word' id='word_1_59' title='bbox 692 992 798 1047; x_wconf 80' lang='lat' dir='ltr'><strong><em>Vos</em></strong></span> <span class='ocrx_word' id='word_1_60' title='bbox 841 1002 1014 1045; x_wconf 87' lang='lat' dir='ltr'><strong><em>autem</em></strong></span> <span class='ocrx_word' id='word_1_61' title='bbox 1042 991 1318 1058; x_wconf 83' lang='lat' dir='ltr'><strong><em>inter/iciet</em></strong></span> <span class='ocrx_word' id='word_1_62' title='bbox 1357 990 1630 1043; x_wconf 75' lang='lat' dir='ltr'><strong><em>Dominus.</em></strong></span> 
     </span>
    </p>
   </div>
   <div class='ocr_carea' id='block_1_12' title="bbox 589 1162 2095 1241">
    <p class='ocr_par' dir='ltr' id='par_1_12' title="bbox 589 1162 2095 1241">
     <span class='ocr_line' id='line_1_12' title="bbox 589 1162 2095 1241; baseline -0.005 -15"><span class='ocrx_word' id='word_1_63' title='bbox 589 1170 883 1241; x_wconf 89' lang='lat' dir='ltr'><strong><em>Componit</em></strong></span> <span class='ocrx_word' id='word_1_64' title='bbox 908 1184 1125 1238; x_wconf 85' lang='lat' dir='ltr'><strong><em>semper</em></strong></span> <span class='ocrx_word' id='word_1_65' title='bbox 1164 1169 1323 1235; x_wconf 94' lang='lat' dir='ltr'><strong><em>idque</em></strong></span> <span class='ocrx_word' id='word_1_66' title='bbox 1384 1165 1694 1221; x_wconf 85' lang='lat' dir='ltr'><strong><em>necessario</em></strong></span> <span class='ocrx_word' id='word_1_67' title='bbox 1726 1181 1845 1220; x_wconf 86' lang='lat' dir='ltr'><strong><em>cum</em></strong></span> <span class='ocrx_word' id='word_1_68' title='bbox 1879 1162 2095 1220; x_wconf 87' lang='lat' dir='ltr'><strong><em>coronis</em></strong></span> 
     </span>
    </p>
   </div>
   <div class='ocr_carea' id='block_1_13' title="bbox 505 1259 2094 1331">
    <p class='ocr_par' dir='ltr' id='par_1_13' title="bbox 505 1259 2094 1331">
     <span class='ocr_line' id='line_1_13' title="bbox 505 1259 2094 1331; baseline -0.004 -11"><span class='ocrx_word' id='word_1_69' title='bbox 505 1281 799 1329; x_wconf 67' lang='lat' dir='ltr'><strong><em>aarumnas,</em></strong></span> <span class='ocrx_word' id='word_1_70' title='bbox 872 1272 929 1317; x_wconf 90' lang='lat' dir='ltr'><strong><em>ut</em></strong></span> <span class='ocrx_word' id='word_1_71' title='bbox 952 1273 1181 1331; x_wconf 78' lang='lat' dir='ltr'><strong><em>utroque</em></strong></span> <span class='ocrx_word' id='word_1_72' title='bbox 1204 1263 1361 1314; x_wconf 90' lang='lat' dir='ltr'><strong><em>modo</em></strong></span> <span class='ocrx_word' id='word_1_73' title='bbox 1384 1262 1613 1315; x_wconf 82' lang='lat' dir='ltr'><strong><em>adducat</em></strong></span> <span class='ocrx_word' id='word_1_74' title='bbox 1640 1275 1754 1323; x_wconf 83' lang='lat' dir='ltr'><strong><em>ens,</em></strong></span> <span class='ocrx_word' id='word_1_75' title='bbox 1778 1268 1834 1311; x_wconf 93' lang='lat' dir='ltr'><strong><em>ut</em></strong></span> <span class='ocrx_word' id='word_1_76' title='bbox 1860 1259 2094 1313; x_wconf 75' lang='lat' dir='ltr'><strong><em>sentiant</em></strong></span> 
     </span>
    </p>
   </div>
   <div class='ocr_carea' id='block_1_14' title="bbox 505 1354 2093 1429">
    <p class='ocr_par' dir='ltr' id='par_1_14' title="bbox 505 1354 2093 1429">
     <span class='ocr_line' id='line_1_14' title="bbox 505 1354 2093 1429; baseline -0.003 -15"><span class='ocrx_word' id='word_1_77' title='bbox 505 1372 559 1414; x_wconf 88' lang='lat' dir='ltr'><strong><em>ct</em></strong></span> <span class='ocrx_word' id='word_1_78' title='bbox 585 1360 788 1414; x_wconf 85' lang='lat' dir='ltr'><strong><em>faciant</em></strong></span> <span class='ocrx_word' id='word_1_79' title='bbox 813 1374 935 1429; x_wconf 75' lang='lat' dir='ltr'><strong><em>qua:</em></strong></span> <span class='ocrx_word' id='word_1_80' title='bbox 982 1360 1081 1427; x_wconf 90' lang='lat' dir='ltr'><strong><em>ipsi</em></strong></span> <span class='ocrx_word' id='word_1_81' title='bbox 1116 1358 1355 1427; x_wconf 85' lang='lat' dir='ltr'><strong><em>placent.</em></strong></span> <span class='ocrx_word' id='word_1_82' title='bbox 1393 1355 1527 1409; x_wconf 84' lang='lat' dir='ltr'><strong><em>Nam</em></strong></span> <span class='ocrx_word' id='word_1_83' title='bbox 1582 1355 1735 1409; x_wconf 89' lang='lat' dir='ltr'><strong><em>sicuti</em></strong></span> <span class='ocrx_word' id='word_1_84' title='bbox 1775 1355 1993 1424; x_wconf 72' lang='lat' dir='ltr'><strong><em>praemia</em></strong></span> <span class='ocrx_word' id='word_1_85' title='bbox 2026 1354 2093 1409; x_wconf 87' lang='lat' dir='ltr'><strong><em>ad</em></strong></span> 
     </span>
    </p>
   </div>
   <div class='ocr_carea' id='block_1_15' title="bbox 506 1449 2092 1517">
    <p class='ocr_par' dir='ltr' id='par_1_15' title="bbox 506 1449 2092 1517">
     <span class='ocr_line' id='line_1_15' title="bbox 506 1449 2092 1517; baseline -0.001 -12"><span class='ocrx_word' id='word_1_86' title='bbox 506 1453 723 1507; x_wconf 89' lang='lat' dir='ltr'><strong><em>virtutis</em></strong></span> <span class='ocrx_word' id='word_1_87' title='bbox 753 1452 1085 1506; x_wconf 80' lang='lat' dir='ltr'><strong><em>desiderium</em></strong></span> <span class='ocrx_word' id='word_1_88' title='bbox 1117 1452 1360 1504; x_wconf 83' lang='lat' dir='ltr'><strong><em>inescaut</em></strong></span> <span class='ocrx_word' id='word_1_89' title='bbox 1391 1466 1405 1501; x_wconf 91' lang='lat'>:</span> <span class='ocrx_word' id='word_1_90' title='bbox 1450 1451 1529 1503; x_wconf 88' lang='lat' dir='ltr'><strong><em>sic</em></strong></span> <span class='ocrx_word' id='word_1_91' title='bbox 1580 1464 1751 1517; x_wconf 69' lang='lat' dir='ltr'><strong><em>paena:</em></strong></span> <span class='ocrx_word' id='word_1_92' title='bbox 1821 1449 2092 1503; x_wconf 77' lang='lat' dir='ltr'><strong><em>acerbitas</em></strong></span> 
     </span>
    </p>
   </div>
   <div class='ocr_carea' id='block_1_16' title="bbox 506 1541 2094 1607">
    <p class='ocr_par' dir='ltr' id='par_1_16' title="bbox 506 1541 2094 1607">
     <span class='ocr_line' id='line_1_16' title="bbox 506 1541 2094 1607; baseline -0.002 -10"><span class='ocrx_word' id='word_1_93' title='bbox 506 1561 536 1597; x_wconf 88' lang='lat' dir='ltr'><strong><em>a</em></strong></span> <span class='ocrx_word' id='word_1_94' title='bbox 575 1547 865 1599; x_wconf 88' lang='lat' dir='ltr'><strong><em>vitiositate</em></strong></span> <span class='ocrx_word' id='word_1_95' title='bbox 893 1542 1163 1597; x_wconf 75' lang='lat' dir='ltr'><strong><em>interdum</em></strong></span> <span class='ocrx_word' id='word_1_96' title='bbox 1206 1544 1467 1607; x_wconf 90' lang='lat' dir='ltr'><strong><em>deterret,</em></strong></span> <span class='ocrx_word' id='word_1_97' title='bbox 1504 1550 1558 1595; x_wconf 89' lang='lat' dir='ltr'><strong><em>et</em></strong></span> <span class='ocrx_word' id='word_1_98' title='bbox 1594 1550 1815 1595; x_wconf 85' lang='lat' dir='ltr'><strong><em>revocat</em></strong></span> <span class='ocrx_word' id='word_1_99' title='bbox 1858 1541 1923 1593; x_wconf 89' lang='lat' dir='ltr'><strong><em>ad</em></strong></span> <span class='ocrx_word' id='word_1_100' title='bbox 1981 1555 2094 1594; x_wconf 84' lang='lat' dir='ltr'><strong><em>me-</em></strong></span> 
     </span>
    </p>
   </div>
   <div class='ocr_carea' id='block_1_17' title="bbox 506 1633 2089 1703">
    <p class='ocr_par' dir='ltr' id='par_1_17' title="bbox 506 1633 2089 1703">
     <span class='ocr_line' id='line_1_17' title="bbox 506 1633 2089 1703; baseline -0.002 -14"><span class='ocrx_word' id='word_1_101' title='bbox 506 1636 661 1691; x_wconf 83' lang='lat' dir='ltr'><strong><em>liora.</em></strong></span> <span class='ocrx_word' id='word_1_102' title='bbox 690 1635 1155 1690; x_wconf 80' lang='lat' dir='ltr'><strong><em>Artiticiosissime</em></strong></span> <span class='ocrx_word' id='word_1_103' title='bbox 1191 1634 1355 1703; x_wconf 77' lang='lat' dir='ltr'><strong><em>igitur</em></strong></span> <span class='ocrx_word' id='word_1_104' title='bbox 1393 1633 1444 1686; x_wconf 91' lang='lat' dir='ltr'><strong><em>in</em></strong></span> <span class='ocrx_word' id='word_1_105' title='bbox 1506 1634 1716 1687; x_wconf 90' lang='lat' dir='ltr'><strong><em>animos</em></strong></span> <span class='ocrx_word' id='word_1_106' title='bbox 1777 1642 2089 1687; x_wconf 91' lang='lat' dir='ltr'><strong><em>vocatorum</em></strong></span> 
     </span>
    </p>
   </div>
   <div class='ocr_carea' id='block_1_18' title="bbox 506 1727 2091 1797">
    <p class='ocr_par' dir='ltr' id='par_1_18' title="bbox 506 1727 2091 1797">
     <span class='ocr_line' id='line_1_18' title="bbox 506 1727 2091 1797; baseline -0.003 -13"><span class='ocrx_word' id='word_1_107' title='bbox 506 1731 843 1792; x_wconf 83' lang='lat' dir='ltr'><strong><em>seinsinuat,</em></strong></span> <span class='ocrx_word' id='word_1_108' title='bbox 881 1744 1002 1781; x_wconf 92' lang='lat' dir='ltr'><strong><em>cum</em></strong></span> <span class='ocrx_word' id='word_1_109' title='bbox 1042 1728 1261 1797; x_wconf 76' lang='lat' dir='ltr'><strong><em>przmnia</em></strong></span> <span class='ocrx_word' id='word_1_110' title='bbox 1306 1727 1411 1782; x_wconf 89' lang='lat' dir='ltr'><strong><em>illis</em></strong></span> <span class='ocrx_word' id='word_1_111' title='bbox 1449 1727 1793 1795; x_wconf 89' lang='lat' dir='ltr'><strong><em>promittens,</em></strong></span> <span class='ocrx_word' id='word_1_112' title='bbox 1827 1736 1938 1781; x_wconf 92' lang='lat' dir='ltr'><strong><em>tum</em></strong></span> <span class='ocrx_word' id='word_1_113' title='bbox 1994 1744 2091 1796; x_wconf 90' lang='lat' dir='ltr'><strong><em>pu-</em></strong></span> 
     </span>
    </p>
   </div>
   <div class='ocr_carea' id='block_1_19' title="bbox 2212 528 3837 599">
    <p class='ocr_par' dir='ltr' id='par_1_19' title="bbox 2212 528 3837 599">
     <span class='ocr_line' id='line_1_19' title="bbox 2212 528 3837 599; baseline 0.001 -16"><span class='ocrx_word' id='word_1_114' title='bbox 2212 529 2359 584; x_wconf 83' lang='grc' dir='ltr'><strong><em>Ἰδοὺ</em></strong></span> <span class='ocrx_word' id='word_1_115' title='bbox 2393 533 2447 583; x_wconf 76' lang='lat' dir='ltr'><strong><em>ot</em></strong></span> <span class='ocrx_word' id='word_1_116' title='bbox 2473 528 2869 596; x_wconf 77' lang='grc' dir='ltr'>δουλεύοντές</span> <span class='ocrx_word' id='word_1_117' title='bbox 2904 547 3007 599; x_wconf 80' lang='grc' dir='ltr'>μοι</span> <span class='ocrx_word' id='word_1_118' title='bbox 3042 529 3598 599; x_wconf 69' lang='grc' dir='ltr'><strong><em>εὐφρανθήσονται,</em></strong></span> <span class='ocrx_word' id='word_1_119' title='bbox 3634 529 3837 599; x_wconf 83' lang='grc' dir='ltr'><strong><em>ὑμεῖς</em></strong></span> 
     </span>
    </p>
   </div>
   <div class='ocr_carea' id='block_1_20' title="bbox 2196 620 3833 691">
    <p class='ocr_par' dir='ltr' id='par_1_20' title="bbox 2196 620 3833 691">
     <span class='ocr_line' id='line_1_20' title="bbox 2196 620 3833 691; baseline -0.002 -16"><span class='ocrx_word' id='word_1_120' title='bbox 2196 620 2267 675; x_wconf 79' lang='grc' dir='ltr'>δὲ</span> <span class='ocrx_word' id='word_1_121' title='bbox 2326 624 2833 691; x_wconf 78' lang='grc' dir='ltr'>αὶσχυνθήσεσθε.</span> <span class='ocrx_word' id='word_1_122' title='bbox 2898 620 3052 676; x_wconf 82' lang='grc' dir='ltr'>Ἰδοὺ</span> <span class='ocrx_word' id='word_1_123' title='bbox 3124 625 3177 675; x_wconf 83' lang='lat' dir='ltr'><strong><em>oi</em></strong></span> <span class='ocrx_word' id='word_1_124' title='bbox 3232 620 3654 687; x_wconf 68' lang='grc' dir='ltr'><strong><em>δουλεύσντές</em></strong></span> <span class='ocrx_word' id='word_1_125' title='bbox 3720 639 3833 689; x_wconf 78' lang='grc' dir='ltr'>μοι</span> 
     </span>
    </p>
   </div>
   <div class='ocr_carea' id='block_1_21' title="bbox 2196 711 3831 783">
    <p class='ocr_par' dir='ltr' id='par_1_21' title="bbox 2196 711 3831 783">
     <span class='ocr_line' id='line_1_21' title="bbox 2196 711 3831 783; baseline -0.003 -16"><span class='ocrx_word' id='word_1_126' title='bbox 2196 712 2669 783; x_wconf 73' lang='grc' dir='ltr'>ἀγαλλιάσονται</span> <span class='ocrx_word' id='word_1_127' title='bbox 2689 713 2760 765; x_wconf 84' lang='grc' dir='ltr'><strong><em>ἐν</em></strong></span> <span class='ocrx_word' id='word_1_128' title='bbox 2785 714 3155 782; x_wconf 68' lang='grc' dir='ltr'><strong><em>εὐφροσύνῃ,</em></strong></span> <span class='ocrx_word' id='word_1_129' title='bbox 3177 711 3345 781; x_wconf 82' lang='grc' dir='ltr'><em>ὑμεῖς</em></span> <span class='ocrx_word' id='word_1_130' title='bbox 3372 711 3442 764; x_wconf 79' lang='grc' dir='ltr'>δὲ</span> <span class='ocrx_word' id='word_1_131' title='bbox 3469 711 3831 779; x_wconf 74' lang='grc' dir='ltr'>κεκράξετε</span> 
     </span>
    </p>
   </div>
   <div class='ocr_carea' id='block_1_22' title="bbox 2196 803 3829 873">
    <p class='ocr_par' dir='ltr' id='par_1_22' title="bbox 2196 803 3829 873">
     <span class='ocr_line' id='line_1_22' title="bbox 2196 803 3829 873; baseline -0.002 -15"><span class='ocrx_word' id='word_1_132' title='bbox 2196 804 2295 859; x_wconf 84' lang='grc' dir='ltr'>διὰ</span> <span class='ocrx_word' id='word_1_133' title='bbox 2323 804 2431 858; x_wconf 83' lang='grc' dir='ltr'><strong><em>τὸν</em></strong></span> <span class='ocrx_word' id='word_1_134' title='bbox 2454 806 2647 858; x_wconf 83' lang='grc' dir='ltr'><em>πόνον</em></span> <span class='ocrx_word' id='word_1_135' title='bbox 2677 804 2787 873; x_wconf 83' lang='grc' dir='ltr'>τῆς</span> <span class='ocrx_word' id='word_1_136' title='bbox 2820 804 3069 871; x_wconf 82' lang='grc' dir='ltr'><strong><em>καρδίας</em></strong></span> <span class='ocrx_word' id='word_1_137' title='bbox 3097 803 3281 873; x_wconf 85' lang='grc' dir='ltr'>ὑμῶν,</span> <span class='ocrx_word' id='word_1_138' title='bbox 3325 803 3425 857; x_wconf 82' lang='grc' dir='ltr'><strong><em>καί</em></strong></span> <span class='ocrx_word' id='word_1_139' title='bbox 3471 803 3599 856; x_wconf 70' lang='grc' dir='ltr'><strong><em>ἀπὸ</em></strong></span> <span class='ocrx_word' id='word_1_140' title='bbox 3654 819 3829 857; x_wconf 56' lang='grc' dir='ltr'><strong><em>συν-</em></strong></span> 
     </span>
    </p>
   </div>
   <div class='ocr_carea' id='block_1_23' title="bbox 2194 896 3827 968">
    <p class='ocr_par' dir='ltr' id='par_1_23' title="bbox 2194 896 3827 968">
     <span class='ocr_line' id='line_1_23' title="bbox 2194 896 3827 968; baseline -0.002 -17"><span class='ocrx_word' id='word_1_141' title='bbox 2194 896 2403 966; x_wconf 79' lang='grc' dir='ltr'>τριϐῆς</span> <span class='ocrx_word' id='word_1_142' title='bbox 2424 900 2762 968; x_wconf 83' lang='grc' dir='ltr'>πνεύματος</span> <span class='ocrx_word' id='word_1_143' title='bbox 2793 897 3123 959; x_wconf 75' lang='grc' dir='ltr'><strong><em>ὀλολύζετε.</em></strong></span> <span class='ocrx_word' id='word_1_144' title='bbox 3151 898 3569 965; x_wconf 69' lang='grc' dir='ltr'>Κατελείψατε</span> <span class='ocrx_word' id='word_1_145' title='bbox 3594 897 3729 966; x_wconf 65' lang='grc' dir='ltr'><strong><em>γὰρ</em></strong></span> <span class='ocrx_word' id='word_1_146' title='bbox 3760 896 3827 949; x_wconf 77' lang='grc' dir='ltr'><strong><em>τό</em></strong></span> 
     </span>
    </p>
   </div>
   <div class='ocr_carea' id='block_1_24' title="bbox 2197 988 3826 1061">
    <p class='ocr_par' dir='ltr' id='par_1_24' title="bbox 2197 988 3826 1061">
     <span class='ocr_line' id='line_1_24' title="bbox 2197 988 3826 1061; baseline -0.002 -18"><span class='ocrx_word' id='word_1_147' title='bbox 2197 991 2387 1059; x_wconf 79' lang='grc' dir='ltr'>ὄνομα</span> <span class='ocrx_word' id='word_1_148' title='bbox 2418 992 2586 1058; x_wconf 82' lang='grc' dir='ltr'>ὑμῶν</span> <span class='ocrx_word' id='word_1_149' title='bbox 2614 994 2700 1057; x_wconf 83' lang='grc' dir='ltr'><strong><em>είς</em></strong></span> <span class='ocrx_word' id='word_1_150' title='bbox 2735 989 3104 1061; x_wconf 76' lang='grc' dir='ltr'>πλησμονὴν</span> <span class='ocrx_word' id='word_1_151' title='bbox 3134 989 3260 1055; x_wconf 85' lang='grc' dir='ltr'>τοῖς</span> <span class='ocrx_word' id='word_1_152' title='bbox 3290 988 3613 1055; x_wconf 74' lang='grc' dir='ltr'>ἐκλεκτοῖς</span> <span class='ocrx_word' id='word_1_153' title='bbox 3647 1006 3791 1057; x_wconf 79' lang='grc' dir='ltr'><strong><em>μου</em></strong></span> <span class='ocrx_word' id='word_1_154' title='bbox 3812 1004 3826 1016; x_wconf 76' lang='grc' dir='ltr'><strong><em>ο</em></strong></span> 
     </span>
    </p>
   </div>
   <div class='ocr_carea' id='block_1_25' title="bbox 2198 1080 2934 1151">
    <p class='ocr_par' dir='ltr' id='par_1_25' title="bbox 2198 1080 2934 1151">
     <span class='ocr_line' id='line_1_25' title="bbox 2198 1080 2934 1151; baseline 0.001 -15"><span class='ocrx_word' id='word_1_155' title='bbox 2198 1080 2355 1151; x_wconf 82' lang='grc' dir='ltr'>ὑμᾶς</span> <span class='ocrx_word' id='word_1_156' title='bbox 2384 1081 2453 1134; x_wconf 83' lang='grc' dir='ltr'>δὲ</span> <span class='ocrx_word' id='word_1_157' title='bbox 2473 1082 2680 1137; x_wconf 75' lang='grc' dir='ltr'>ἀνελεῖ</span> <span class='ocrx_word' id='word_1_158' title='bbox 2701 1084 2934 1151; x_wconf 82' lang='grc' dir='ltr'>Κύριος.</span> 
     </span>
    </p>
   </div>
   <div class='ocr_carea' id='block_1_26' title="bbox 2280 1171 3829 1244">
    <p class='ocr_par' dir='ltr' id='par_1_26' title="bbox 2280 1171 3829 1244">
     <span class='ocr_line' id='line_1_26' title="bbox 2280 1171 3829 1244; baseline -0.002 -18"><span class='ocrx_word' id='word_1_159' title='bbox 2280 1174 2394 1226; x_wconf 79' lang='grc' dir='ltr'><strong><em>Ἀεὶ</em></strong></span> <span class='ocrx_word' id='word_1_160' title='bbox 2444 1174 2814 1244; x_wconf 76' lang='grc' dir='ltr'><strong><em>παρατίθησιν</em></strong></span> <span class='ocrx_word' id='word_1_161' title='bbox 2874 1173 3187 1241; x_wconf 79' lang='grc' dir='ltr'><strong><em>ἀναγκαίως</em></strong></span> <span class='ocrx_word' id='word_1_162' title='bbox 3238 1175 3352 1235; x_wconf 80' lang='grc' dir='ltr'>τοῖς</span> <span class='ocrx_word' id='word_1_163' title='bbox 3398 1172 3720 1242; x_wconf 71' lang='grc' dir='ltr'>στεφάνοις</span> <span class='ocrx_word' id='word_1_164' title='bbox 3756 1171 3829 1223; x_wconf 70' lang='grc' dir='ltr'>τὲ</span> 
     </span>
    </p>
   </div>
   <div class='ocr_carea' id='block_1_27' title="bbox 2197 1264 3827 1336">
    <p class='ocr_par' dir='ltr' id='par_1_27' title="bbox 2197 1264 3827 1336">
     <span class='ocr_line' id='line_1_27' title="bbox 2197 1264 3827 1336; baseline -0.001 -18"><span class='ocrx_word' id='word_1_165' title='bbox 2197 1265 2470 1336; x_wconf 76' lang='grc' dir='ltr'>μοχθηρὰ,</span> <span class='ocrx_word' id='word_1_166' title='bbox 2502 1265 2569 1318; x_wconf 85' lang='grc' dir='ltr'>δι’</span> <span class='ocrx_word' id='word_1_167' title='bbox 2618 1266 2821 1336; x_wconf 67' lang='grc' dir='ltr'>ἀμφοῖν</span> <span class='ocrx_word' id='word_1_168' title='bbox 2861 1266 3154 1336; x_wconf 82' lang='grc' dir='ltr'><strong><em>ἀποφέρων</em></strong></span> <span class='ocrx_word' id='word_1_169' title='bbox 3207 1267 3287 1329; x_wconf 84' lang='grc' dir='ltr'><strong><em>είς</em></strong></span> <span class='ocrx_word' id='word_1_170' title='bbox 3316 1265 3377 1317; x_wconf 80' lang='grc' dir='ltr'><strong><em>τὸ</em></strong></span> <span class='ocrx_word' id='word_1_171' title='bbox 3415 1265 3531 1319; x_wconf 83' lang='grc' dir='ltr'><em>δεῖν</em></span> <span class='ocrx_word' id='word_1_172' title='bbox 3576 1264 3827 1318; x_wconf 81' lang='grc' dir='ltr'>ἑλέσθαι</span> 
     </span>
    </p>
   </div>
   <div class='ocr_carea' id='block_1_28' title="bbox 2192 1357 3824 1428">
    <p class='ocr_par' dir='ltr' id='par_1_28' title="bbox 2192 1357 3824 1428">
     <span class='ocr_line' id='line_1_28' title="bbox 2192 1357 3824 1428; baseline -0.001 -17"><span class='ocrx_word' id='word_1_173' title='bbox 2192 1358 2262 1411; x_wconf 85' lang='grc' dir='ltr'>τὰ</span> <span class='ocrx_word' id='word_1_174' title='bbox 2289 1359 2595 1428; x_wconf 81' lang='grc' dir='ltr'><strong><em>ἀρέσκοντα</em></strong></span> <span class='ocrx_word' id='word_1_175' title='bbox 2625 1358 2796 1428; x_wconf 77' lang='grc' dir='ltr'>αὐτῷ,</span> <span class='ocrx_word' id='word_1_176' title='bbox 2820 1358 2914 1411; x_wconf 75' lang='grc' dir='ltr'><strong><em>καὶ</em></strong></span> <span class='ocrx_word' id='word_1_177' title='bbox 2940 1362 3156 1428; x_wconf 77' lang='grc' dir='ltr'><strong><em>φρονεῖν</em></strong></span> <span class='ocrx_word' id='word_1_178' title='bbox 3185 1375 3245 1410; x_wconf 88' lang='grc' dir='ltr'><strong><em>τε</em></strong></span> <span class='ocrx_word' id='word_1_179' title='bbox 3280 1359 3372 1411; x_wconf 74' lang='grc' dir='ltr'><strong><em>καὶ</em></strong></span> <span class='ocrx_word' id='word_1_180' title='bbox 3405 1357 3547 1428; x_wconf 84' lang='grc' dir='ltr'>δρᾷν</span> <span class='ocrx_word' id='word_1_181' title='bbox 3566 1375 3579 1389; x_wconf 87' lang='lat'><strong>-</strong></span> <span class='ocrx_word' id='word_1_182' title='bbox 3606 1358 3824 1427; x_wconf 74' lang='grc' dir='ltr'>ὣσπερ</span> 
     </span>
    </p>
   </div>
   <div class='ocr_carea' id='block_1_29' title="bbox 2195 1450 3823 1523">
    <p class='ocr_par' dir='ltr' id='par_1_29' title="bbox 2195 1450 3823 1523">
     <span class='ocr_line' id='line_1_29' title="bbox 2195 1450 3823 1523; baseline 0.001 -21"><span class='ocrx_word' id='word_1_183' title='bbox 2195 1450 2303 1520; x_wconf 79' lang='grc' dir='ltr'>γὰρ</span> <span class='ocrx_word' id='word_1_184' title='bbox 2351 1450 2645 1520; x_wconf 79' lang='grc' dir='ltr'>σαγηνεύει</span> <span class='ocrx_word' id='word_1_185' title='bbox 2679 1450 2746 1503; x_wconf 83' lang='grc' dir='ltr'>τὰ</span> <span class='ocrx_word' id='word_1_186' title='bbox 2782 1450 2926 1521; x_wconf 83' lang='grc' dir='ltr'>γέρα</span> <span class='ocrx_word' id='word_1_187' title='bbox 2986 1450 3121 1523; x_wconf 79' lang='grc' dir='ltr'>πρὸς</span> <span class='ocrx_word' id='word_1_188' title='bbox 3163 1450 3356 1518; x_wconf 75' lang='grc' dir='ltr'>ἄφεσιν</span> <span class='ocrx_word' id='word_1_189' title='bbox 3396 1450 3634 1521; x_wconf 79' lang='grc' dir='ltr'>ἀρετῆς,</span> <span class='ocrx_word' id='word_1_190' title='bbox 3664 1452 3823 1503; x_wconf 70' lang='grc' dir='ltr'>οὕτω</span> 
     </span>
    </p>
   </div>
   <div class='ocr_carea' id='block_1_30' title="bbox 2193 1542 3816 1613">
    <p class='ocr_par' dir='ltr' id='par_1_30' title="bbox 2193 1542 3816 1613">
     <span class='ocr_line' id='line_1_30' title="bbox 2193 1542 3816 1613; baseline 0.001 -19"><span class='ocrx_word' id='word_1_191' title='bbox 2193 1542 2294 1611; x_wconf 73' lang='grc' dir='ltr'>τῆς</span> <span class='ocrx_word' id='word_1_192' title='bbox 2322 1542 2477 1611; x_wconf 82' lang='grc' dir='ltr'><strong><em>δίκης</em></strong></span> <span class='ocrx_word' id='word_1_193' title='bbox 2506 1542 2565 1594; x_wconf 84' lang='grc' dir='ltr'>τὸ</span> <span class='ocrx_word' id='word_1_194' title='bbox 2608 1543 2805 1612; x_wconf 86' lang='grc' dir='ltr'>πικρὸν</span> <span class='ocrx_word' id='word_1_195' title='bbox 2846 1542 3089 1612; x_wconf 77' lang='grc' dir='ltr'><strong><em>ἐξίστησι</em></strong></span> <span class='ocrx_word' id='word_1_196' title='bbox 3123 1542 3222 1611; x_wconf 86' lang='grc' dir='ltr'>μὲν</span> <span class='ocrx_word' id='word_1_197' title='bbox 3253 1543 3364 1595; x_wconf 76' lang='grc' dir='ltr'>ἔσθ’</span> <span class='ocrx_word' id='word_1_198' title='bbox 3405 1543 3498 1595; x_wconf 75' lang='grc' dir='ltr'>ὅτε</span> <span class='ocrx_word' id='word_1_199' title='bbox 3530 1545 3657 1595; x_wconf 82' lang='grc' dir='ltr'><strong><em>τῶν</em></strong></span> <span class='ocrx_word' id='word_1_200' title='bbox 3710 1544 3816 1613; x_wconf 72' lang='grc' dir='ltr'>τῆς</span> 
     </span>
    </p>
   </div>
   <div class='ocr_carea' id='block_1_31' title="bbox 2194 1633 3813 1705">
    <p class='ocr_par' dir='ltr' id='par_1_31' title="bbox 2194 1633 3813 1705">
     <span class='ocr_line' id='line_1_31' title="bbox 2194 1633 3813 1705; baseline 0.002 -19"><span class='ocrx_word' id='word_1_201' title='bbox 2194 1634 2531 1705; x_wconf 75' lang='grc' dir='ltr'>φαυλότητος</span> <span class='ocrx_word' id='word_1_202' title='bbox 2565 1634 2815 1705; x_wconf 85' lang='grc' dir='ltr'>τρόπων,</span> <span class='ocrx_word' id='word_1_203' title='bbox 2854 1633 3144 1704; x_wconf 78' lang='grc' dir='ltr'>μετασοὸεῖ</span> <span class='ocrx_word' id='word_1_204' title='bbox 3175 1634 3231 1686; x_wconf 83' lang='grc' dir='ltr'><strong><em>δὲ</em></strong></span> <span class='ocrx_word' id='word_1_205' title='bbox 3273 1635 3410 1704; x_wconf 82' lang='grc' dir='ltr'>πρὸς</span> <span class='ocrx_word' id='word_1_206' title='bbox 3453 1635 3527 1688; x_wconf 78' lang='grc' dir='ltr'>τὰ</span> <span class='ocrx_word' id='word_1_207' title='bbox 3570 1634 3813 1704; x_wconf 78' lang='grc' dir='ltr'>βελτίω.</span> 
     </span>
    </p>
   </div>
   <div class='ocr_carea' id='block_1_32' title="bbox 2195 1725 3815 1798">
    <p class='ocr_par' dir='ltr' id='par_1_32' title="bbox 2195 1725 3815 1798">
     <span class='ocr_line' id='line_1_32' title="bbox 2195 1725 3815 1798; baseline 0 -19"><span class='ocrx_word' id='word_1_208' title='bbox 2195 1727 2604 1797; x_wconf 84' lang='grc' dir='ltr'>Εὑτεχνέστατα</span> <span class='ocrx_word' id='word_1_209' title='bbox 2630 1728 2810 1779; x_wconf 84' lang='grc' dir='ltr'>τοίνυν</span> <span class='ocrx_word' id='word_1_210' title='bbox 2832 1726 2928 1789; x_wconf 82' lang='grc' dir='ltr'>τὰς</span> <span class='ocrx_word' id='word_1_211' title='bbox 2966 1725 3075 1780; x_wconf 89' lang='grc' dir='ltr'><strong><em>τῶν</em></strong></span> <span class='ocrx_word' id='word_1_212' title='bbox 3106 1726 3454 1797; x_wconf 82' lang='grc' dir='ltr'>καλουμένων</span> <span class='ocrx_word' id='word_1_213' title='bbox 3495 1728 3815 1798; x_wconf 79' lang='grc' dir='ltr'>ὑποτρέχει</span> 
     </span>
    </p>
   </div>
   <div class='ocr_carea' id='block_1_33' title="bbox 508 1817 2097 1889">
    <p class='ocr_par' dir='ltr' id='par_1_33' title="bbox 508 1818 2086 1887">
     <span class='ocr_line' id='line_1_33' title="bbox 508 1818 2086 1887; baseline -0.003 -11"><span class='ocrx_word' id='word_1_214' title='bbox 508 1824 769 1877; x_wconf 72' lang='lat' dir='ltr'><strong><em>[titionem</em></strong></span> <span class='ocrx_word' id='word_1_215' title='bbox 836 1822 1110 1875; x_wconf 85' lang='lat' dir='ltr'><strong><em>minitans.</em></strong></span> <span class='ocrx_word' id='word_1_216' title='bbox 1150 1839 1169 1871; x_wconf 73' lang='grc' dir='ltr'><strong><em>ι</em></strong></span> <span class='ocrx_word' id='word_1_217' title='bbox 1237 1818 1535 1875; x_wconf 87' lang='lat' dir='ltr'><strong><em>Comedeut</em></strong></span> <span class='ocrx_word' id='word_1_218' title='bbox 1580 1821 1745 1885; x_wconf 87' lang='lat' dir='ltr'><strong><em>enim,</em></strong></span> <span class='ocrx_word' id='word_1_219' title='bbox 1785 1838 1804 1871; x_wconf 72' lang='grc' dir='ltr'><strong><em>ι</em></strong></span> <span class='ocrx_word' id='word_1_220' title='bbox 1894 1820 2086 1887; x_wconf 88' lang='lat' dir='ltr'><strong><em>ittquit,</em></strong></span> 
     </span>
    </p>
   </div>
   <div class='ocr_carea' id='block_1_34' title="bbox 2202 1817 3811 1889">
    <p class='ocr_par' dir='ltr' id='par_1_34' title="bbox 2202 1817 3811 1889">
     <span class='ocr_line' id='line_1_34' title="bbox 2202 1817 3811 1889; baseline 0.002 -19"><span class='ocrx_word' id='word_1_221' title='bbox 2202 1817 2448 1881; x_wconf 67' lang='grc' dir='ltr'>διανοίας,</span> <span class='ocrx_word' id='word_1_222' title='bbox 2488 1818 2627 1887; x_wconf 84' lang='grc' dir='ltr'>γέρα</span> <span class='ocrx_word' id='word_1_223' title='bbox 2662 1836 2719 1870; x_wconf 89' lang='grc' dir='ltr'>τε</span> <span class='ocrx_word' id='word_1_224' title='bbox 2746 1818 3176 1889; x_wconf 80' lang='grc' dir='ltr'>ὑπισχνούμενος</span> <span class='ocrx_word' id='word_1_225' title='bbox 3221 1820 3427 1881; x_wconf 81' lang='grc' dir='ltr'>αὐτοῖς,</span> <span class='ocrx_word' id='word_1_226' title='bbox 3476 1820 3579 1871; x_wconf 77' lang='grc' dir='ltr'>καὶ</span> <span class='ocrx_word' id='word_1_227' title='bbox 3630 1820 3811 1873; x_wconf 68' lang='grc' dir='ltr'>κολά-</span> 
     </span>
    </p>
   </div>
   <div class='ocr_carea' id='block_1_35' title="bbox 513 1912 2092 1985">
    <p class='ocr_par' dir='ltr' id='par_1_35' title="bbox 513 1912 2092 1985">
     <span class='ocr_line' id='line_1_35' title="bbox 513 1912 2092 1985; baseline -0.002 -16"><span class='ocrx_word' id='word_1_228' title='bbox 513 1916 653 1985; x_wconf 76' lang='grc' dir='ltr'><strong><em>«ψιί</em></strong></span> <span class='ocrx_word' id='word_1_229' title='bbox 687 1916 929 1970; x_wconf 91' lang='lat' dir='ltr'><strong><em>serviunt</em></strong></span> <span class='ocrx_word' id='word_1_230' title='bbox 989 1914 1236 1979; x_wconf 89' lang='lat' dir='ltr'><strong><em>mibi;at</em></strong></span> <span class='ocrx_word' id='word_1_231' title='bbox 1301 1928 1395 1968; x_wconf 80' lang='lat' dir='ltr'><strong><em>vos</em></strong></span> <span class='ocrx_word' id='word_1_232' title='bbox 1458 1914 1726 1967; x_wconf 89' lang='lat' dir='ltr'><strong><em>esurietis.</em></strong></span> <span class='ocrx_word' id='word_1_233' title='bbox 1788 1912 1852 1967; x_wconf 86' lang='lat' dir='ltr'><strong><em>Et</em></strong></span> <span class='ocrx_word' id='word_1_234' title='bbox 1907 1912 2092 1966; x_wconf 89' lang='lat' dir='ltr'><strong><em>bibent</em></strong></span> 
     </span>
    </p>
   </div>
   <div class='ocr_carea' id='block_1_36' title="bbox 509 2004 2092 2072">
    <p class='ocr_par' dir='ltr' id='par_1_36' title="bbox 509 2004 2092 2072">
     <span class='ocr_line' id='line_1_36' title="bbox 509 2004 2092 2072; baseline -0.003 -10"><span class='ocrx_word' id='word_1_235' title='bbox 509 2010 606 2071; x_wconf 88' lang='lat' dir='ltr'><strong><em>illi,</em></strong></span> <span class='ocrx_word' id='word_1_236' title='bbox 658 2017 713 2060; x_wconf 93' lang='lat' dir='ltr'><strong><em>et</em></strong></span> <span class='ocrx_word' id='word_1_237' title='bbox 742 2007 941 2061; x_wconf 88' lang='lat' dir='ltr'><strong><em>sitietis</em></strong></span> <span class='ocrx_word' id='word_1_238' title='bbox 969 2021 1084 2059; x_wconf 88' lang='lat' dir='ltr'><strong><em>vos.</em></strong></span> <span class='ocrx_word' id='word_1_239' title='bbox 1128 2025 1147 2057; x_wconf 74' lang='grc' dir='ltr'><strong><em>ι</em></strong></span> <span class='ocrx_word' id='word_1_240' title='bbox 1197 2004 1572 2061; x_wconf 90' lang='lat' dir='ltr'><strong><em>Gaudentibus</em></strong></span> <span class='ocrx_word' id='word_1_241' title='bbox 1617 2005 1742 2071; x_wconf 89' lang='lat' dir='ltr'><strong><em>illis,</em></strong></span> <span class='ocrx_word' id='word_1_242' title='bbox 1785 2021 1882 2060; x_wconf 92' lang='lat' dir='ltr'><strong><em>vos</em></strong></span> <span class='ocrx_word' id='word_1_243' title='bbox 1941 2005 2092 2072; x_wconf 76' lang='lat' dir='ltr'><strong><em>igno-</em></strong></span> 
     </span>
    </p>
   </div>
   <div class='ocr_carea' id='block_1_37' title="bbox 509 2096 2091 2167">
    <p class='ocr_par' dir='ltr' id='par_1_37' title="bbox 509 2096 2091 2167">
     <span class='ocr_line' id='line_1_37' title="bbox 509 2096 2091 2167; baseline -0.001 -15"><span class='ocrx_word' id='word_1_244' title='bbox 509 2099 673 2153; x_wconf 86' lang='lat' dir='ltr'><strong><em>minia</em></strong></span> <span class='ocrx_word' id='word_1_245' title='bbox 705 2097 1039 2152; x_wconf 82' lang='lat' dir='ltr'><strong><em>alliciemini.</em></strong></span> <span class='ocrx_word' id='word_1_246' title='bbox 1072 2096 1207 2151; x_wconf 90' lang='lat' dir='ltr'><strong><em>Nam</em></strong></span> <span class='ocrx_word' id='word_1_247' title='bbox 1256 2098 1346 2167; x_wconf 89' lang='lat' dir='ltr'><strong><em>qui</em></strong></span> <span class='ocrx_word' id='word_1_248' title='bbox 1400 2108 1589 2151; x_wconf 89' lang='lat' dir='ltr'><strong><em>natura</em></strong></span> <span class='ocrx_word' id='word_1_249' title='bbox 1658 2107 1710 2151; x_wconf 90' lang='lat' dir='ltr'><strong><em>et</em></strong></span> <span class='ocrx_word' id='word_1_250' title='bbox 1762 2112 1887 2151; x_wconf 84' lang='lat' dir='ltr'><strong><em>vere</em></strong></span> <span class='ocrx_word' id='word_1_251' title='bbox 1926 2098 2091 2152; x_wconf 84' lang='lat' dir='ltr'><strong><em>Deum</em></strong></span> 
     </span>
    </p>
   </div>
   <div class='ocr_carea' id='block_1_38' title="bbox 509 2188 2093 2261">
    <p class='ocr_par' dir='ltr' id='par_1_38' title="bbox 509 2188 2093 2261">
     <span class='ocr_line' id='line_1_38' title="bbox 509 2188 2093 2261; baseline 0.001 -17"><span class='ocrx_word' id='word_1_252' title='bbox 509 2192 846 2261; x_wconf 79' lang='lat' dir='ltr'><strong><em>agnoverint,</em></strong></span> <span class='ocrx_word' id='word_1_253' title='bbox 878 2200 986 2244; x_wconf 87' lang='lat' dir='ltr'><strong><em>eta</em></strong></span> <span class='ocrx_word' id='word_1_254' title='bbox 1046 2188 1183 2244; x_wconf 83' lang='lat' dir='ltr'><strong><em>falso</em></strong></span> <span class='ocrx_word' id='word_1_255' title='bbox 1251 2192 1581 2259; x_wconf 77' lang='lat' dir='ltr'><strong><em>nuncupatis</em></strong></span> <span class='ocrx_word' id='word_1_256' title='bbox 1619 2191 1721 2243; x_wconf 87' lang='lat' dir='ltr'><strong><em>diis</em></strong></span> <span class='ocrx_word' id='word_1_257' title='bbox 1780 2190 2093 2253; x_wconf 85' lang='lat' dir='ltr'><strong><em>resilierint,</em></strong></span> 
     </span>
    </p>
   </div>
   <div class='ocr_carea' id='block_1_39' title="bbox 509 2282 2095 2353">
    <p class='ocr_par' dir='ltr' id='par_1_39' title="bbox 509 2282 2095 2353">
     <span class='ocr_line' id='line_1_39' title="bbox 509 2282 2095 2353; baseline 0 -17"><span class='ocrx_word' id='word_1_258' title='bbox 509 2285 739 2353; x_wconf 82' lang='lat' dir='ltr'><strong><em>verique</em></strong></span> <span class='ocrx_word' id='word_1_259' title='bbox 782 2284 959 2339; x_wconf 90' lang='lat' dir='ltr'><strong><em>cultus</em></strong></span> <span class='ocrx_word' id='word_1_260' title='bbox 1040 2284 1498 2353; x_wconf 79' lang='lat' dir='ltr'><strong><em>pulchritudinem</em></strong></span> <span class='ocrx_word' id='word_1_261' title='bbox 1560 2282 1810 2336; x_wconf 84' lang='lat' dir='ltr'><strong><em>admirati</em></strong></span> <span class='ocrx_word' id='word_1_262' title='bbox 1876 2283 2095 2349; x_wconf 74' lang='lat' dir='ltr'><strong><em>iuerint,</em></strong></span> 
     </span>
    </p>
   </div>
   <div class='ocr_carea' id='block_1_40' title="bbox 508 2374 2099 2446">
    <p class='ocr_par' dir='ltr' id='par_1_40' title="bbox 508 2374 2099 2446">
     <span class='ocr_line' id='line_1_40' title="bbox 508 2374 2099 2446; baseline 0 -17"><span class='ocrx_word' id='word_1_263' title='bbox 508 2376 905 2431; x_wconf 89' lang='lat' dir='ltr'><strong><em>deliciabuntur</em></strong></span> <span class='ocrx_word' id='word_1_264' title='bbox 938 2391 1064 2429; x_wconf 84' lang='lat' dir='ltr'><strong><em>vere</em></strong></span> <span class='ocrx_word' id='word_1_265' title='bbox 1096 2376 1306 2445; x_wconf 85' lang='lat' dir='ltr'><strong><em>superis</em></strong></span> <span class='ocrx_word' id='word_1_266' title='bbox 1340 2374 1833 2435; x_wconf 85' lang='lat' dir='ltr'><strong><em>benedictionibus.</em></strong></span> <span class='ocrx_word' id='word_1_267' title='bbox 1858 2376 2099 2446; x_wconf 81' lang='lat' dir='ltr'><strong><em>saginan-</em></strong></span> 
     </span>
    </p>
   </div>
   <div class='ocr_carea' id='block_1_41' title="bbox 512 2466 2097 2531">
    <p class='ocr_par' dir='ltr' id='par_1_41' title="bbox 512 2466 2097 2531">
     <span class='ocr_line' id='line_1_41' title="bbox 512 2466 2097 2531; baseline 0 -10"><span class='ocrx_word' id='word_1_268' title='bbox 512 2477 594 2521; x_wconf 86' lang='lat' dir='ltr'><strong><em>tes</em></strong></span> <span class='ocrx_word' id='word_1_269' title='bbox 621 2468 810 2531; x_wconf 86' lang='lat' dir='ltr'><strong><em>corda,</em></strong></span> <span class='ocrx_word' id='word_1_270' title='bbox 875 2478 930 2523; x_wconf 91' lang='lat' dir='ltr'><strong><em>et</em></strong></span> <span class='ocrx_word' id='word_1_271' title='bbox 992 2468 1316 2522; x_wconf 86' lang='lat' dir='ltr'><strong><em>accedentes</em></strong></span> <span class='ocrx_word' id='word_1_272' title='bbox 1368 2467 1435 2521; x_wconf 89' lang='lat' dir='ltr'><strong><em>ad</em></strong></span> <span class='ocrx_word' id='word_1_273' title='bbox 1502 2466 1776 2520; x_wconf 81' lang='lat' dir='ltr'><strong><em>viviﬁcam</em></strong></span> <span class='ocrx_word' id='word_1_274' title='bbox 1858 2483 2097 2523; x_wconf 90' lang='lat' dir='ltr'><strong><em>mensam</em></strong></span> 
     </span>
    </p>
   </div>
   <div class='ocr_carea' id='block_1_42' title="bbox 509 2559 2099 2629">
    <p class='ocr_par' dir='ltr' id='par_1_42' title="bbox 509 2559 2099 2629">
     <span class='ocr_line' id='line_1_42' title="bbox 509 2559 2099 2629; baseline 0.001 -16"><span class='ocrx_word' id='word_1_275' title='bbox 509 2562 749 2614; x_wconf 90' lang='lat' dir='ltr'><strong><em>omnium</em></strong></span> <span class='ocrx_word' id='word_1_276' title='bbox 796 2571 1036 2615; x_wconf 85' lang='lat' dir='ltr'><strong><em>nostrum</em></strong></span> <span class='ocrx_word' id='word_1_277' title='bbox 1057 2559 1366 2614; x_wconf 85' lang='lat' dir='ltr'><strong><em>Servatoris</em></strong></span> <span class='ocrx_word' id='word_1_278' title='bbox 1396 2559 1631 2623; x_wconf 86' lang='lat' dir='ltr'><strong><em>Christi,</em></strong></span> <span class='ocrx_word' id='word_1_279' title='bbox 1667 2568 1724 2613; x_wconf 88' lang='lat' dir='ltr'><strong><em>et</em></strong></span> <span class='ocrx_word' id='word_1_280' title='bbox 1750 2575 1949 2629; x_wconf 89' lang='lat' dir='ltr'><strong><em>panem</em></strong></span> <span class='ocrx_word' id='word_1_281' title='bbox 1977 2561 2099 2614; x_wconf 63' lang='lat' dir='ltr'><strong><em>vitae</em></strong></span> 
     </span>
    </p>
   </div>
   <div class='ocr_carea' id='block_1_43' title="bbox 509 2650 2100 2719">
    <p class='ocr_par' dir='ltr' id='par_1_43' title="bbox 509 2650 2100 2719">
     <span class='ocr_line' id='line_1_43' title="bbox 509 2650 2100 2719; baseline 0 -16"><span class='ocrx_word' id='word_1_282' title='bbox 509 2651 751 2715; x_wconf 85' lang='lat' dir='ltr'><strong><em>edentes,</em></strong></span> <span class='ocrx_word' id='word_1_283' title='bbox 812 2661 867 2705; x_wconf 90' lang='lat' dir='ltr'><strong><em>et</em></strong></span> <span class='ocrx_word' id='word_1_284' title='bbox 926 2652 1165 2705; x_wconf 88' lang='lat' dir='ltr'><strong><em>divinum</em></strong></span> <span class='ocrx_word' id='word_1_285' title='bbox 1226 2660 1406 2719; x_wconf 89' lang='lat' dir='ltr'><strong><em>potum</em></strong></span> <span class='ocrx_word' id='word_1_286' title='bbox 1469 2650 1738 2714; x_wconf 86' lang='lat' dir='ltr'><strong><em>bibentes,</em></strong></span> <span class='ocrx_word' id='word_1_287' title='bbox 1792 2666 1887 2717; x_wconf 85' lang='lat' dir='ltr'><strong><em>per</em></strong></span> <span class='ocrx_word' id='word_1_288' title='bbox 1940 2665 2100 2719; x_wconf 86' lang='lat' dir='ltr'><strong><em>quem</em></strong></span> 
     </span>
    </p>
   </div>
   <div class='ocr_carea' id='block_1_44' title="bbox 512 2743 2100 2813">
    <p class='ocr_par' dir='ltr' id='par_1_44' title="bbox 512 2743 2100 2813">
     <span class='ocr_line' id='line_1_44' title="bbox 512 2743 2100 2813; baseline -0.001 -17"><span class='ocrx_word' id='word_1_289' title='bbox 512 2746 645 2796; x_wconf 86' lang='lat' dir='ltr'><strong><em>llaut</em></strong></span> <span class='ocrx_word' id='word_1_290' title='bbox 676 2757 883 2813; x_wconf 67' lang='lat' dir='ltr'><strong><em>superae</em></strong></span> <span class='ocrx_word' id='word_1_291' title='bbox 965 2743 1253 2812; x_wconf 88' lang='lat' dir='ltr'><strong><em>voluptatis</em></strong></span> <span class='ocrx_word' id='word_1_292' title='bbox 1324 2743 1659 2811; x_wconf 79' lang='lat' dir='ltr'><strong><em>participes:</em></strong></span> <span class='ocrx_word' id='word_1_293' title='bbox 1714 2754 1906 2811; x_wconf 71' lang='lat' dir='ltr'><strong><em>purgat</em></strong></span> <span class='ocrx_word' id='word_1_294' title='bbox 1957 2743 2100 2795; x_wconf 87' lang='lat' dir='ltr'><strong><em>enim</em></strong></span> 
     </span>
    </p>
   </div>
   <div class='ocr_carea' id='block_1_45' title="bbox 513 2835 2102 2904">
    <p class='ocr_par' dir='ltr' id='par_1_45' title="bbox 513 2835 2102 2904">
     <span class='ocr_line' id='line_1_45' title="bbox 513 2835 2102 2904; baseline -0.002 -14"><span class='ocrx_word' id='word_1_295' title='bbox 513 2846 758 2904; x_wconf 87' lang='lat' dir='ltr'><strong><em>peccata,</em></strong></span> <span class='ocrx_word' id='word_1_296' title='bbox 810 2851 873 2889; x_wconf 91' lang='lat' dir='ltr'><strong><em>ac</em></strong></span> <span class='ocrx_word' id='word_1_297' title='bbox 912 2835 1151 2890; x_wconf 86' lang='lat' dir='ltr'><strong><em>dolorem</em></strong></span> <span class='ocrx_word' id='word_1_298' title='bbox 1192 2835 1404 2900; x_wconf 79' lang='lat' dir='ltr'><strong><em>eximit,</em></strong></span> <span class='ocrx_word' id='word_1_299' title='bbox 1488 2836 1846 2904; x_wconf 85' lang='lat' dir='ltr'><strong><em>suppliciique</em></strong></span> <span class='ocrx_word' id='word_1_300' title='bbox 1902 2845 2102 2889; x_wconf 90' lang='lat' dir='ltr'><strong><em>metum</em></strong></span> 
     </span>
    </p>
   </div>
   <div class='ocr_carea' id='block_1_46' title="bbox 513 2926 2103 2982">
    <p class='ocr_par' dir='ltr' id='par_1_46' title="bbox 513 2926 2103 2982">
     <span class='ocr_line' id='line_1_46' title="bbox 513 2926 2103 2982; baseline 0 -1"><span class='ocrx_word' id='word_1_301' title='bbox 513 2944 618 2981; x_wconf 79' lang='lat' dir='ltr'><strong><em>non</em></strong></span> <span class='ocrx_word' id='word_1_302' title='bbox 658 2929 788 2981; x_wconf 90' lang='lat' dir='ltr'><strong><em>sinit</em></strong></span> <span class='ocrx_word' id='word_1_303' title='bbox 830 2928 1039 2980; x_wconf 84' lang='lat' dir='ltr'><strong><em>animas</em></strong></span> <span class='ocrx_word' id='word_1_304' title='bbox 1068 2937 1280 2982; x_wconf 87' lang='lat' dir='ltr'><strong><em>nostras</em></strong></span> <span class='ocrx_word' id='word_1_305' title='bbox 1314 2928 1562 2981; x_wconf 87' lang='lat' dir='ltr'><strong><em>obruere.</em></strong></span> <span class='ocrx_word' id='word_1_306' title='bbox 1623 2926 1892 2980; x_wconf 61' lang='lat' dir='ltr'><strong><em>Laetamur</em></strong></span> <span class='ocrx_word' id='word_1_307' title='bbox 1955 2928 2103 2981; x_wconf 89' lang='lat' dir='ltr'><strong><em>enim</em></strong></span> 
     </span>
    </p>
   </div>
   <div class='ocr_carea' id='block_1_47' title="bbox 513 3020 2106 3092">
    <p class='ocr_par' dir='ltr' id='par_1_47' title="bbox 513 3020 2106 3092">
     <span class='ocr_line' id='line_1_47' title="bbox 513 3020 2106 3092; baseline 0 -18"><span class='ocrx_word' id='word_1_308' title='bbox 513 3023 692 3092; x_wconf 91' lang='lat' dir='ltr'><strong><em>potius</em></strong></span> <span class='ocrx_word' id='word_1_309' title='bbox 720 3036 814 3090; x_wconf 88' lang='lat' dir='ltr'><strong><em>spe</em></strong></span> <span class='ocrx_word' id='word_1_310' title='bbox 846 3022 1132 3081; x_wconf 90' lang='lat' dir='ltr'><strong><em>bonorum,</em></strong></span> <span class='ocrx_word' id='word_1_311' title='bbox 1169 3034 1289 3089; x_wconf 65' lang='lat' dir='ltr'><strong><em>qua:</em></strong></span> <span class='ocrx_word' id='word_1_312' title='bbox 1337 3020 1603 3074; x_wconf 85' lang='lat' dir='ltr'><strong><em>destinata</em></strong></span> <span class='ocrx_word' id='word_1_313' title='bbox 1670 3035 1791 3074; x_wconf 86' lang='lat' dir='ltr'><strong><em>esse</em></strong></span> <span class='ocrx_word' id='word_1_314' title='bbox 1845 3020 2106 3090; x_wconf 82' lang='lat' dir='ltr'><strong><em>diligenti-</em></strong></span> 
     </span>
    </p>
   </div>
   <div class='ocr_carea' id='block_1_48' title="bbox 514 3108 2101 3177">
    <p class='ocr_par' dir='ltr' id='par_1_48' title="bbox 514 3108 2101 3177">
     <span class='ocr_line' id='line_1_48' title="bbox 514 3108 2101 3177; baseline 0 -12"><span class='ocrx_word' id='word_1_315' title='bbox 514 3113 615 3165; x_wconf 85' lang='lat' dir='ltr'><strong><em>bus</em></strong></span> <span class='ocrx_word' id='word_1_316' title='bbox 680 3111 846 3165; x_wconf 87' lang='lat' dir='ltr'><strong><em>Deum</em></strong></span> <span class='ocrx_word' id='word_1_317' title='bbox 923 3108 1168 3164; x_wconf 77' lang='lat' dir='ltr'><strong><em>referunt</em></strong></span> <span class='ocrx_word' id='word_1_318' title='bbox 1222 3125 1389 3164; x_wconf 61' lang='lat' dir='ltr'><strong><em>sacra!</em></strong></span> <span class='ocrx_word' id='word_1_319' title='bbox 1428 3110 1664 3164; x_wconf 75' lang='lat' dir='ltr'><strong><em>Litterae.</em></strong></span> <span class='ocrx_word' id='word_1_320' title='bbox 1700 3128 1719 3160; x_wconf 77' lang='grc' dir='ltr'><strong><em>ι</em></strong></span> <span class='ocrx_word' id='word_1_321' title='bbox 1765 3111 1869 3165; x_wconf 87' lang='lat' dir='ltr'><strong><em>Sed</em></strong></span> <span class='ocrx_word' id='word_1_322' title='bbox 1919 3127 2035 3177; x_wconf 85' lang='lat' dir='ltr'><strong><em>vos,</em></strong></span> <span class='ocrx_word' id='word_1_323' title='bbox 2081 3130 2101 3164; x_wconf 74' lang='grc' dir='ltr'><strong><em>ι</em></strong></span> 
     </span>
    </p>
   </div>
   <div class='ocr_carea' id='block_1_49' title="bbox 2195 1909 3805 1982">
    <p class='ocr_par' dir='ltr' id='par_1_49' title="bbox 2195 1909 3805 1982">
     <span class='ocr_line' id='line_1_49' title="bbox 2195 1909 3805 1982; baseline 0.001 -21"><span class='ocrx_word' id='word_1_324' title='bbox 2195 1926 2310 1972; x_wconf 84' lang='grc' dir='ltr'>σεις</span> <span class='ocrx_word' id='word_1_325' title='bbox 2353 1909 2616 1963; x_wconf 85' lang='grc' dir='ltr'>ἀπειλῶν.</span> <span class='ocrx_word' id='word_1_326' title='bbox 2652 1929 2669 1961; x_wconf 80' lang='grc' dir='ltr'><strong><em>ι</em></strong></span> <span class='ocrx_word' id='word_1_327' title='bbox 2708 1910 2974 1979; x_wconf 80' lang='grc' dir='ltr'>Φάγονται</span> <span class='ocrx_word' id='word_1_328' title='bbox 3004 1911 3114 1982; x_wconf 87' lang='grc' dir='ltr'><strong><em>γὰρ</em></strong></span> <span class='ocrx_word' id='word_1_329' title='bbox 3158 1913 3208 1964; x_wconf 80' lang='lat' dir='ltr'><strong><em>oi</em></strong></span> <span class='ocrx_word' id='word_1_330' title='bbox 3240 1910 3589 1974; x_wconf 71' lang='grc' dir='ltr'><strong><em>δουλεύοντες</em></strong></span> <span class='ocrx_word' id='word_1_331' title='bbox 3631 1929 3755 1981; x_wconf 84' lang='grc' dir='ltr'>μοι,</span> <span class='ocrx_word' id='word_1_332' title='bbox 3788 1931 3805 1962; x_wconf 78' lang='grc' dir='ltr'><strong><em>ι</em></strong></span> 
     </span>
    </p>
   </div>
   <div class='ocr_carea' id='block_1_50' title="bbox 2194 1999 3806 2072">
    <p class='ocr_par' dir='ltr' id='par_1_50' title="bbox 2194 1999 3806 2072">
     <span class='ocr_line' id='line_1_50' title="bbox 2194 1999 3806 2072; baseline 0.002 -21"><span class='ocrx_word' id='word_1_333' title='bbox 2194 2001 2379 2069; x_wconf 68' lang='grc' dir='ltr'>φησιν,</span> <span class='ocrx_word' id='word_1_334' title='bbox 2408 2020 2426 2051; x_wconf 71' lang='grc' dir='ltr'><strong><em>ι</em></strong></span> <span class='ocrx_word' id='word_1_335' title='bbox 2452 2000 2608 2070; x_wconf 83' lang='grc' dir='ltr'><em>ὑμεῖς</em></span> <span class='ocrx_word' id='word_1_336' title='bbox 2636 1999 2693 2052; x_wconf 87' lang='grc' dir='ltr'><strong><em>δέ</em></strong></span> <span class='ocrx_word' id='word_1_337' title='bbox 2716 2002 3024 2065; x_wconf 85' lang='grc' dir='ltr'><strong><em>πεινάσετε,</em></strong></span> <span class='ocrx_word' id='word_1_338' title='bbox 3047 2002 3139 2054; x_wconf 81' lang='grc' dir='ltr'><strong><em>καὶ</em></strong></span> <span class='ocrx_word' id='word_1_339' title='bbox 3172 2002 3401 2053; x_wconf 86' lang='grc' dir='ltr'>πίωνται</span> <span class='ocrx_word' id='word_1_340' title='bbox 3432 2003 3537 2072; x_wconf 83' lang='grc' dir='ltr'>μὲν</span> <span class='ocrx_word' id='word_1_341' title='bbox 3562 2004 3806 2068; x_wconf 73' lang='grc' dir='ltr'>ἐκεῖνοι,</span> 
     </span>
    </p>
   </div>
   <div class='ocr_carea' id='block_1_51' title="bbox 2193 2091 3811 2164">
    <p class='ocr_par' dir='ltr' id='par_1_51' title="bbox 2193 2091 3811 2164">
     <span class='ocr_line' id='line_1_51' title="bbox 2193 2091 3811 2164; baseline 0.001 -21"><span class='ocrx_word' id='word_1_342' title='bbox 2193 2091 2455 2161; x_wconf 69' lang='grc' dir='ltr'>διψήσητε</span> <span class='ocrx_word' id='word_1_343' title='bbox 2482 2092 2535 2144; x_wconf 85' lang='grc' dir='ltr'><strong><em>δὲ</em></strong></span> <span class='ocrx_word' id='word_1_344' title='bbox 2567 2092 2744 2162; x_wconf 83' lang='grc' dir='ltr'><strong><em>ὑμεῖς.</em></strong></span> <span class='ocrx_word' id='word_1_345' title='bbox 2778 2112 2795 2145; x_wconf 74' lang='grc' dir='ltr'><strong><em>ι</em></strong></span> <span class='ocrx_word' id='word_1_346' title='bbox 2825 2093 3284 2164; x_wconf 80' lang='grc' dir='ltr'>Εὑφραινομένων</span> <span class='ocrx_word' id='word_1_347' title='bbox 3308 2092 3364 2146; x_wconf 83' lang='grc' dir='ltr'>δὲ</span> <span class='ocrx_word' id='word_1_348' title='bbox 3392 2093 3608 2157; x_wconf 79' lang='grc' dir='ltr'>αὐτῶν,</span> <span class='ocrx_word' id='word_1_349' title='bbox 3641 2093 3811 2163; x_wconf 52' lang='grc' dir='ltr'>ὑμεᾶ</span> 
     </span>
    </p>
   </div>
   <div class='ocr_carea' id='block_1_52' title="bbox 2194 2182 3809 2255">
    <p class='ocr_par' dir='ltr' id='par_1_52' title="bbox 2194 2182 3809 2255">
     <span class='ocr_line' id='line_1_52' title="bbox 2194 2182 3809 2255; baseline -0.001 -18"><span class='ocrx_word' id='word_1_350' title='bbox 2194 2182 2622 2254; x_wconf 81' lang='grc' dir='ltr'>αἰσχυνθήσεσθε</span> <span class='ocrx_word' id='word_1_351' title='bbox 2647 2198 2660 2211; x_wconf 83' lang='lat'><strong><em>°</em></strong></span> <span class='ocrx_word' id='word_1_352' title='bbox 2693 2185 2741 2235; x_wconf 80' lang='lat' dir='ltr'><strong><em>oi</em></strong></span> <span class='ocrx_word' id='word_1_353' title='bbox 2779 2185 2887 2254; x_wconf 90' lang='grc' dir='ltr'><strong><em>γάρ</em></strong></span> <span class='ocrx_word' id='word_1_354' title='bbox 2924 2183 3015 2236; x_wconf 82' lang='grc' dir='ltr'><strong><em>τὸν</em></strong></span> <span class='ocrx_word' id='word_1_355' title='bbox 3067 2183 3227 2253; x_wconf 81' lang='grc' dir='ltr'>φύσει</span> <span class='ocrx_word' id='word_1_356' title='bbox 3283 2186 3376 2237; x_wconf 76' lang='grc' dir='ltr'>καὶ</span> <span class='ocrx_word' id='word_1_357' title='bbox 3416 2184 3657 2255; x_wconf 83' lang='grc' dir='ltr'>ἀληθῶς</span> <span class='ocrx_word' id='word_1_358' title='bbox 3702 2186 3809 2238; x_wconf 82' lang='grc' dir='ltr'>ἐπ-</span> 
     </span>
    </p>
   </div>
   <div class='ocr_carea' id='block_1_53' title="bbox 2196 2276 3804 2349">
    <p class='ocr_par' dir='ltr' id='par_1_53' title="bbox 2196 2276 3804 2349">
     <span class='ocr_line' id='line_1_53' title="bbox 2196 2276 3804 2349; baseline 0.001 -19"><span class='ocrx_word' id='word_1_359' title='bbox 2196 2278 2494 2347; x_wconf 86' lang='grc' dir='ltr'>εγνωκότες</span> <span class='ocrx_word' id='word_1_360' title='bbox 2513 2276 2666 2340; x_wconf 84' lang='grc' dir='ltr'><strong><em>Θεὸν,</em></strong></span> <span class='ocrx_word' id='word_1_361' title='bbox 2689 2277 2783 2329; x_wconf 82' lang='grc' dir='ltr'>καὶ</span> <span class='ocrx_word' id='word_1_362' title='bbox 2795 2278 2901 2332; x_wconf 89' lang='grc' dir='ltr'><strong><em>τῶν</em></strong></span> <span class='ocrx_word' id='word_1_363' title='bbox 2920 2277 3162 2347; x_wconf 74' lang='grc' dir='ltr'>ψευδωνύ</span> <span class='ocrx_word' id='word_1_364' title='bbox 3171 2296 3285 2348; x_wconf 87' lang='grc' dir='ltr'><strong><em>μων</em></strong></span> <span class='ocrx_word' id='word_1_365' title='bbox 3303 2278 3804 2349; x_wconf 75' lang='grc' dir='ltr'>ἀποπηδήσαντες,</span> 
     </span>
    </p>
   </div>
   <div class='ocr_carea' id='block_1_54' title="bbox 2197 2370 3807 2442">
    <p class='ocr_par' dir='ltr' id='par_1_54' title="bbox 2197 2370 3807 2442">
     <span class='ocr_line' id='line_1_54' title="bbox 2197 2370 3807 2442; baseline 0.001 -19"><span class='ocrx_word' id='word_1_366' title='bbox 2197 2372 2291 2425; x_wconf 77' lang='grc' dir='ltr'><strong><em>καὶ</em></strong></span> <span class='ocrx_word' id='word_1_367' title='bbox 2316 2372 2376 2423; x_wconf 82' lang='grc' dir='ltr'><strong><em>τὸ</em></strong></span> <span class='ocrx_word' id='word_1_368' title='bbox 2402 2372 2498 2442; x_wconf 75' lang='grc' dir='ltr'>τῆς</span> <span class='ocrx_word' id='word_1_369' title='bbox 2518 2370 2750 2441; x_wconf 78' lang='grc' dir='ltr'><strong><em>ἀληθοῦς</em></strong></span> <span class='ocrx_word' id='word_1_370' title='bbox 2769 2371 3022 2442; x_wconf 79' lang='grc' dir='ltr'><strong><em>λατρείας</em></strong></span> <span class='ocrx_word' id='word_1_371' title='bbox 3047 2371 3427 2441; x_wconf 81' lang='grc' dir='ltr'>θαυμάσαντες</span> <span class='ocrx_word' id='word_1_372' title='bbox 3451 2372 3690 2436; x_wconf 76' lang='grc' dir='ltr'>κάλλος,</span> <span class='ocrx_word' id='word_1_373' title='bbox 3721 2374 3807 2424; x_wconf 78' lang='grc' dir='ltr'>ἐνο</span> 
     </span>
    </p>
   </div>
   <div class='ocr_carea' id='block_1_55' title="bbox 2199 2462 3803 2535">
    <p class='ocr_par' dir='ltr' id='par_1_55' title="bbox 2199 2462 3803 2535">
     <span class='ocr_line' id='line_1_55' title="bbox 2199 2462 3803 2535; baseline -0.001 -19"><span class='ocrx_word' id='word_1_374' title='bbox 2199 2465 2568 2535; x_wconf 75' lang='grc' dir='ltr'>τρυφήσουσιν</span> <span class='ocrx_word' id='word_1_375' title='bbox 2603 2462 2771 2525; x_wconf 80' lang='grc' dir='ltr'>ὅντως</span> <span class='ocrx_word' id='word_1_376' title='bbox 2802 2466 2921 2527; x_wconf 87' lang='grc' dir='ltr'>ταῖς</span> <span class='ocrx_word' id='word_1_377' title='bbox 2951 2463 3155 2517; x_wconf 81' lang='grc' dir='ltr'>ἀνωθεν</span> <span class='ocrx_word' id='word_1_378' title='bbox 3186 2462 3456 2530; x_wconf 84' lang='grc' dir='ltr'>εὐλογίαις</span> <span class='ocrx_word' id='word_1_379' title='bbox 3487 2480 3803 2516; x_wconf 74' lang='grc' dir='ltr'>καταπιαιο</span> 
     </span>
    </p>
   </div>
   <div class='ocr_carea' id='block_1_56' title="bbox 2200 2554 3799 2628">
    <p class='ocr_par' dir='ltr' id='par_1_56' title="bbox 2200 2554 3799 2628">
     <span class='ocr_line' id='line_1_56' title="bbox 2200 2554 3799 2628; baseline -0.001 -21"><span class='ocrx_word' id='word_1_380' title='bbox 2200 2556 2414 2625; x_wconf 83' lang='grc' dir='ltr'>νόμενοι</span> <span class='ocrx_word' id='word_1_381' title='bbox 2442 2556 2537 2618; x_wconf 78' lang='grc' dir='ltr'><strong><em>τὰς</em></strong></span> <span class='ocrx_word' id='word_1_382' title='bbox 2572 2554 2821 2625; x_wconf 81' lang='grc' dir='ltr'>καρδίας,</span> <span class='ocrx_word' id='word_1_383' title='bbox 2851 2556 2944 2608; x_wconf 74' lang='grc' dir='ltr'><strong><em>καὶ</em></strong></span> <span class='ocrx_word' id='word_1_384' title='bbox 2980 2555 3229 2628; x_wconf 79' lang='grc' dir='ltr'><strong><em>τραπέζῃ</em></strong></span> <span class='ocrx_word' id='word_1_385' title='bbox 3254 2554 3704 2624; x_wconf 72' lang='grc' dir='ltr'>προσϐάλλοντες</span> <span class='ocrx_word' id='word_1_386' title='bbox 3736 2557 3799 2623; x_wconf 78' lang='grc' dir='ltr'>τῇ</span> 
     </span>
    </p>
   </div>
   <div class='ocr_carea' id='block_1_57' title="bbox 2200 2647 3802 2718">
    <p class='ocr_par' dir='ltr' id='par_1_57' title="bbox 2200 2647 3802 2718">
     <span class='ocr_line' id='line_1_57' title="bbox 2200 2647 3802 2718; baseline -0.002 -17"><span class='ocrx_word' id='word_1_387' title='bbox 2200 2648 2449 2717; x_wconf 79' lang='grc' dir='ltr'>ζωοποιῷ</span> <span class='ocrx_word' id='word_1_388' title='bbox 2474 2648 2568 2701; x_wconf 91' lang='grc' dir='ltr'><strong><em>τοῦ</em></strong></span> <span class='ocrx_word' id='word_1_389' title='bbox 2595 2649 2813 2701; x_wconf 84' lang='grc' dir='ltr'>πάντων</span> <span class='ocrx_word' id='word_1_390' title='bbox 2840 2647 2995 2718; x_wconf 81' lang='grc' dir='ltr'>ἡμῶν</span> <span class='ocrx_word' id='word_1_391' title='bbox 3023 2648 3271 2718; x_wconf 78' lang='grc' dir='ltr'>Σωτῆρος</span> <span class='ocrx_word' id='word_1_392' title='bbox 3293 2647 3563 2718; x_wconf 79' lang='grc' dir='ltr'>Χριστοῦ,</span> <span class='ocrx_word' id='word_1_393' title='bbox 3584 2648 3687 2699; x_wconf 71' lang='grc' dir='ltr'><strong><em>καὶ</em></strong></span> <span class='ocrx_word' id='word_1_394' title='bbox 3712 2650 3802 2699; x_wconf 65' lang='grc' dir='ltr'>τὶν</span> 
     </span>
    </p>
   </div>
   <div class='ocr_carea' id='block_1_58' title="bbox 2201 2736 3801 2813">
    <p class='ocr_par' dir='ltr' id='par_1_58' title="bbox 2201 2736 3801 2813">
     <span class='ocr_line' id='line_1_58' title="bbox 2201 2736 3801 2813; baseline -0.015 1"><span class='ocrx_word' id='word_1_395' title='bbox 2201 2742 2366 2813; x_wconf 65' lang='grc' dir='ltr'><strong><em>ἄρτον</em></strong></span> <span class='ocrx_word' id='word_1_396' title='bbox 2390 2742 2662 2804; x_wconf 73' lang='grc' dir='ltr'>ἐσθίοντες</span> <span class='ocrx_word' id='word_1_397' title='bbox 2688 2745 2785 2813; x_wconf 75' lang='grc' dir='ltr'><strong><em>τῆς</em></strong></span> <span class='ocrx_word' id='word_1_398' title='bbox 2822 2741 2986 2812; x_wconf 81' lang='grc' dir='ltr'>ζωῆς,</span> <span class='ocrx_word' id='word_1_399' title='bbox 3021 2742 3116 2795; x_wconf 79' lang='grc' dir='ltr'>καὶ</span> <span class='ocrx_word' id='word_1_400' title='bbox 3142 2744 3293 2811; x_wconf 89' lang='grc' dir='ltr'>πόμα</span> <span class='ocrx_word' id='word_1_401' title='bbox 3320 2741 3379 2793; x_wconf 79' lang='grc' dir='ltr'>τὸ</span> <span class='ocrx_word' id='word_1_402' title='bbox 3413 2741 3585 2805; x_wconf 87' lang='grc' dir='ltr'>θεῖον,</span> <span class='ocrx_word' id='word_1_403' title='bbox 3613 2741 3685 2793; x_wconf 80' lang='grc' dir='ltr'>δι’</span> <span class='ocrx_word' id='word_1_404' title='bbox 3713 2736 3801 2795; x_wconf 65' lang='grc' dir='ltr'><strong><em>οὓς</em></strong></span> 
     </span>
    </p>
   </div>
   <div class='ocr_carea' id='block_1_59' title="bbox 2204 2834 3777 2907">
    <p class='ocr_par' dir='ltr' id='par_1_59' title="bbox 2204 2834 3777 2907">
     <span class='ocr_line' id='line_1_59' title="bbox 2204 2834 3777 2907; baseline -0.001 -19"><span class='ocrx_word' id='word_1_405' title='bbox 2204 2853 2309 2907; x_wconf 84' lang='grc' dir='ltr'><strong><em>περ</em></strong></span> <span class='ocrx_word' id='word_1_406' title='bbox 2349 2836 2414 2888; x_wconf 84' lang='grc' dir='ltr'>ἂν</span> <span class='ocrx_word' id='word_1_407' title='bbox 2442 2835 2683 2904; x_wconf 81' lang='grc' dir='ltr'>γένοιντο</span> <span class='ocrx_word' id='word_1_408' title='bbox 2710 2835 2976 2905; x_wconf 84' lang='grc' dir='ltr'>θυμηδίας</span> <span class='ocrx_word' id='word_1_409' title='bbox 3002 2834 3102 2905; x_wconf 80' lang='grc' dir='ltr'>τῆς</span> <span class='ocrx_word' id='word_1_410' title='bbox 3140 2834 3347 2887; x_wconf 83' lang='grc' dir='ltr'>ἄνωθεν</span> <span class='ocrx_word' id='word_1_411' title='bbox 3382 2834 3617 2905; x_wconf 82' lang='grc' dir='ltr'>μέτοχοι</span> <span class='ocrx_word' id='word_1_412' title='bbox 3643 2851 3655 2862; x_wconf 90' lang='grc'><strong>·</strong></span> <span class='ocrx_word' id='word_1_413' title='bbox 3691 2834 3777 2886; x_wconf 85' lang='grc' dir='ltr'><strong><em>δια</em></strong></span> 
     </span>
    </p>
   </div>
   <div class='ocr_carea' id='block_1_60' title="bbox 2205 2927 3801 3000">
    <p class='ocr_par' dir='ltr' id='par_1_60' title="bbox 2205 2927 3801 3000">
     <span class='ocr_line' id='line_1_60' title="bbox 2205 2927 3801 3000; baseline -0.003 -19"><span class='ocrx_word' id='word_1_414' title='bbox 2205 2928 2455 2999; x_wconf 88' lang='grc' dir='ltr'>καθαίρει</span> <span class='ocrx_word' id='word_1_415' title='bbox 2488 2928 2597 3000; x_wconf 84' lang='grc' dir='ltr'>γὰρ</span> <span class='ocrx_word' id='word_1_416' title='bbox 2623 2929 2916 2999; x_wconf 81' lang='grc' dir='ltr'>ἁμαρτίας,</span> <span class='ocrx_word' id='word_1_417' title='bbox 2940 2928 3033 2980; x_wconf 79' lang='grc' dir='ltr'>καὶ</span> <span class='ocrx_word' id='word_1_418' title='bbox 3064 2928 3308 2999; x_wconf 77' lang='grc' dir='ltr'>ἐξίστησι</span> <span class='ocrx_word' id='word_1_419' title='bbox 3332 2928 3393 2980; x_wconf 88' lang='grc' dir='ltr'><strong><em>τὸ</em></strong></span> <span class='ocrx_word' id='word_1_420' title='bbox 3428 2927 3673 2991; x_wconf 77' lang='grc' dir='ltr'>λυποῦν,</span> <span class='ocrx_word' id='word_1_421' title='bbox 3711 2930 3801 2979; x_wconf 72' lang='grc' dir='ltr'><strong><em>καὶ</em></strong></span> 
     </span>
    </p>
   </div>
   <div class='ocr_carea' id='block_1_61' title="bbox 2204 3018 3799 3090">
    <p class='ocr_par' dir='ltr' id='par_1_61' title="bbox 2204 3018 3799 3090">
     <span class='ocr_line' id='line_1_61' title="bbox 2204 3018 3799 3090; baseline -0.003 -18"><span class='ocrx_word' id='word_1_422' title='bbox 2204 3020 2295 3072; x_wconf 83' lang='grc' dir='ltr'><strong><em>τὸν</em></strong></span> <span class='ocrx_word' id='word_1_423' title='bbox 2327 3021 2417 3072; x_wconf 73' lang='grc' dir='ltr'><strong><em>ἐπὶ</em></strong></span> <span class='ocrx_word' id='word_1_424' title='bbox 2451 3020 2527 3090; x_wconf 83' lang='grc' dir='ltr'>τῷ</span> <span class='ocrx_word' id='word_1_425' title='bbox 2563 3018 2885 3081; x_wconf 80' lang='grc' dir='ltr'>κολάζεσθαι</span> <span class='ocrx_word' id='word_1_426' title='bbox 2916 3020 3078 3088; x_wconf 77' lang='grc' dir='ltr'>φόϐον</span> <span class='ocrx_word' id='word_1_427' title='bbox 3108 3019 3421 3089; x_wconf 82' lang='grc' dir='ltr'>κατισχύειν</span> <span class='ocrx_word' id='word_1_428' title='bbox 3452 3020 3561 3072; x_wconf 77' lang='grc' dir='ltr'>οὐκ</span> <span class='ocrx_word' id='word_1_429' title='bbox 3599 3020 3673 3090; x_wconf 76' lang='grc' dir='ltr'>ἐᾷ</span> <span class='ocrx_word' id='word_1_430' title='bbox 3698 3020 3799 3071; x_wconf 76' lang='grc' dir='ltr'><strong><em>τῶν</em></strong></span> 
     </span>
    </p>
   </div>
   <div class='ocr_carea' id='block_1_62' title="bbox 2208 3111 3798 3184">
    <p class='ocr_par' dir='ltr' id='par_1_62' title="bbox 2208 3111 3798 3184">
     <span class='ocr_line' id='line_1_62' title="bbox 2208 3111 3798 3184; baseline -0.001 -19"><span class='ocrx_word' id='word_1_431' title='bbox 2208 3112 2489 3183; x_wconf 82' lang='grc' dir='ltr'>ἡμετέρων</span> <span class='ocrx_word' id='word_1_432' title='bbox 2530 3111 2798 3165; x_wconf 85' lang='grc' dir='ltr'>διανοιῶν.</span> <span class='ocrx_word' id='word_1_433' title='bbox 2849 3111 3267 3184; x_wconf 73' lang='grc' dir='ltr'>Εὐφραινόμεθα</span> <span class='ocrx_word' id='word_1_434' title='bbox 3301 3111 3408 3183; x_wconf 76' lang='grc' dir='ltr'>γὰρ</span> <span class='ocrx_word' id='word_1_435' title='bbox 3453 3112 3674 3181; x_wconf 80' lang='grc' dir='ltr'>μᾶλλον</span> <span class='ocrx_word' id='word_1_436' title='bbox 3716 3112 3798 3163; x_wconf 78' lang='grc' dir='ltr'>ἐπ’</span> 
     </span>
    </p>
   </div>
   <div class='ocr_carea' id='block_1_63' title="bbox 522 3198 2097 3273">
    <p class='ocr_par' dir='ltr' id='par_1_63' title="bbox 522 3201 2097 3273">
     <span class='ocr_line' id='line_1_63' title="bbox 522 3201 2097 3273; baseline 0 -16"><span class='ocrx_word' id='word_1_437' title='bbox 522 3205 720 3273; x_wconf 90' lang='lat' dir='ltr'><strong><em>inquit,</em></strong></span> <span class='ocrx_word' id='word_1_438' title='bbox 754 3203 933 3273; x_wconf 85' lang='lat' dir='ltr'><strong><em>quiin</em></strong></span> <span class='ocrx_word' id='word_1_439' title='bbox 986 3217 1172 3256; x_wconf 89' lang='lat' dir='ltr'><strong><em>errore</em></strong></span> <span class='ocrx_word' id='word_1_440' title='bbox 1225 3204 1521 3266; x_wconf 83' lang='lat' dir='ltr'><strong><em>mansistis,</em></strong></span> <span class='ocrx_word' id='word_1_441' title='bbox 1564 3220 1582 3252; x_wconf 81' lang='grc' dir='ltr'><strong><em>ι</em></strong></span> <span class='ocrx_word' id='word_1_442' title='bbox 1627 3201 1931 3257; x_wconf 87' lang='lat' dir='ltr'><strong><em>clamabitis</em></strong></span> <span class='ocrx_word' id='word_1_443' title='bbox 1991 3220 2097 3272; x_wconf 69' lang='lat' dir='ltr'><strong><em>pra:</em></strong></span> 
     </span>
    </p>
   </div>
   <div class='ocr_carea' id='block_1_64' title="bbox 2202 3198 3799 3273">
    <p class='ocr_par' dir='ltr' id='par_1_64' title="bbox 2203 3198 3799 3269">
     <span class='ocr_line' id='line_1_64' title="bbox 2203 3198 3799 3269; baseline -0.004 -15"><span class='ocrx_word' id='word_1_444' title='bbox 2203 3202 2374 3256; x_wconf 86' lang='grc' dir='ltr'>ἐλπίδι</span> <span class='ocrx_word' id='word_1_445' title='bbox 2396 3201 2634 3269; x_wconf 81' lang='grc' dir='ltr'>ἀγαθῶν,</span> <span class='ocrx_word' id='word_1_446' title='bbox 2660 3201 2694 3255; x_wconf 74' lang='grc' dir='ltr'><strong>ἃ</strong></span> <span class='ocrx_word' id='word_1_447' title='bbox 2718 3204 2829 3264; x_wconf 87' lang='grc' dir='ltr'>τοῖς</span> <span class='ocrx_word' id='word_1_448' title='bbox 2864 3201 3118 3269; x_wconf 83' lang='grc' dir='ltr'>ἀγαπῶσι</span> <span class='ocrx_word' id='word_1_449' title='bbox 3137 3200 3228 3253; x_wconf 82' lang='grc' dir='ltr'><strong><em>τὸν</em></strong></span> <span class='ocrx_word' id='word_1_450' title='bbox 3253 3199 3384 3251; x_wconf 88' lang='grc' dir='ltr'>Θεὸν</span> <span class='ocrx_word' id='word_1_451' title='bbox 3419 3198 3799 3269; x_wconf 77' lang='grc' dir='ltr'>ηὑτρεπίσθαι</span> 
     </span>
    </p>
   </div>
   <div class='ocr_carea' id='block_1_65' title="bbox 516 3295 2103 3365">
    <p class='ocr_par' dir='ltr' id='par_1_65' title="bbox 516 3295 2103 3365">
     <span class='ocr_line' id='line_1_65' title="bbox 516 3295 2103 3365; baseline 0 -14"><span class='ocrx_word' id='word_1_452' title='bbox 516 3298 703 3352; x_wconf 89' lang='lat' dir='ltr'><strong><em>dolore</em></strong></span> <span class='ocrx_word' id='word_1_453' title='bbox 767 3296 948 3350; x_wconf 90' lang='lat' dir='ltr'><strong><em>cordis</em></strong></span> <span class='ocrx_word' id='word_1_454' title='bbox 1002 3295 1191 3359; x_wconf 85' lang='lat' dir='ltr'><strong><em>vestri,</em></strong></span> <span class='ocrx_word' id='word_1_455' title='bbox 1243 3307 1296 3349; x_wconf 89' lang='lat' dir='ltr'><strong><em>et</em></strong></span> <span class='ocrx_word' id='word_1_456' title='bbox 1343 3311 1451 3365; x_wconf 61' lang='lat' dir='ltr'><strong><em>prae</em></strong></span> <span class='ocrx_word' id='word_1_457' title='bbox 1496 3296 1822 3351; x_wconf 83' lang='lat' dir='ltr'><strong><em>contritiOue</em></strong></span> <span class='ocrx_word' id='word_1_458' title='bbox 1879 3296 2103 3365; x_wconf 89' lang='lat' dir='ltr'><strong><em>spiritus</em></strong></span> 
     </span>
    </p>
   </div>
   <div class='ocr_carea' id='block_1_66' title="bbox 517 3387 2101 3444">
    <p class='ocr_par' dir='ltr' id='par_1_66' title="bbox 517 3387 2101 3444">
     <span class='ocr_line' id='line_1_66' title="bbox 517 3387 2101 3444; baseline -0.002 0"><span class='ocrx_word' id='word_1_459' title='bbox 517 3390 813 3444; x_wconf 78' lang='lat' dir='ltr'><strong><em>ululabilis.</em></strong></span> <span class='ocrx_word' id='word_1_460' title='bbox 876 3407 893 3439; x_wconf 74' lang='grc' dir='ltr'><strong><em>ι</em></strong></span> <span class='ocrx_word' id='word_1_461' title='bbox 956 3387 1323 3441; x_wconf 83' lang='lat' dir='ltr'><strong><em>Descendente</em></strong></span> <span class='ocrx_word' id='word_1_462' title='bbox 1371 3390 1513 3442; x_wconf 89' lang='lat' dir='ltr'><strong><em>enim</em></strong></span> <span class='ocrx_word' id='word_1_463' title='bbox 1584 3387 1796 3443; x_wconf 64' lang='lat' dir='ltr'><strong><em>coalitus</em></strong></span> <span class='ocrx_word' id='word_1_464' title='bbox 1862 3390 2101 3443; x_wconf 85' lang='lat' dir='ltr'><strong><em>omnium</em></strong></span> 
     </span>
    </p>
   </div>
   <div class='ocr_carea' id='block_1_67' title="bbox 515 3479 2103 3553">
    <p class='ocr_par' dir='ltr' id='par_1_67' title="bbox 515 3479 2103 3553">
     <span class='ocr_line' id='line_1_67' title="bbox 515 3479 2103 3553; baseline -0.001 -16"><span class='ocrx_word' id='word_1_465' title='bbox 515 3492 759 3537; x_wconf 88' lang='lat' dir='ltr'><strong><em>nostrum</em></strong></span> <span class='ocrx_word' id='word_1_466' title='bbox 790 3481 1080 3535; x_wconf 81' lang='lat' dir='ltr'><strong><em>Servatore</em></strong></span> <span class='ocrx_word' id='word_1_467' title='bbox 1109 3479 1350 3545; x_wconf 85' lang='lat' dir='ltr'><strong><em>Christo,</em></strong></span> <span class='ocrx_word' id='word_1_468' title='bbox 1424 3479 1593 3551; x_wconf 77' lang='lat'><strong><em>899</em></strong></span> <span class='ocrx_word' id='word_1_469' title='bbox 1654 3492 1705 3534; x_wconf 91' lang='lat' dir='ltr'><strong><em>et</em></strong></span> <span class='ocrx_word' id='word_1_470' title='bbox 1756 3483 1949 3551; x_wconf 90' lang='lat' dir='ltr'><strong><em>cuique</em></strong></span> <span class='ocrx_word' id='word_1_471' title='bbox 2006 3498 2103 3553; x_wconf 85' lang='lat' dir='ltr'><strong><em>pro</em></strong></span> 
     </span>
    </p>
   </div>
   <div class='ocr_carea' id='block_1_68' title="bbox 518 3574 2103 3645">
    <p class='ocr_par' dir='ltr' id='par_1_68' title="bbox 518 3574 2103 3645">
     <span class='ocr_line' id='line_1_68' title="bbox 518 3574 2103 3645; baseline 0 -16"><span class='ocrx_word' id='word_1_472' title='bbox 518 3575 773 3643; x_wconf 88' lang='lat' dir='ltr'><strong><em>operibus</em></strong></span> <span class='ocrx_word' id='word_1_473' title='bbox 811 3574 1102 3637; x_wconf 88' lang='lat' dir='ltr'><strong><em>tribuente,</em></strong></span> <span class='ocrx_word' id='word_1_474' title='bbox 1152 3574 1446 3643; x_wconf 91' lang='lat' dir='ltr'><strong><em>plorabunt</em></strong></span> <span class='ocrx_word' id='word_1_475' title='bbox 1485 3590 1697 3640; x_wconf 80' lang='lat' dir='ltr'><strong><em>omnes,</em></strong></span> <span class='ocrx_word' id='word_1_476' title='bbox 1730 3586 1783 3628; x_wconf 90' lang='lat' dir='ltr'><strong><em>et</em></strong></span> <span class='ocrx_word' id='word_1_477' title='bbox 1848 3576 2103 3645; x_wconf 70' lang='lat' dir='ltr'><strong><em>lugebant</em></strong></span> 
     </span>
    </p>
   </div>
   <div class='ocr_carea' id='block_1_69' title="bbox 517 3666 2099 3736">
    <p class='ocr_par' dir='ltr' id='par_1_69' title="bbox 517 3666 2099 3736">
     <span class='ocr_line' id='line_1_69' title="bbox 517 3666 2099 3736; baseline 0.001 -18"><span class='ocrx_word' id='word_1_478' title='bbox 517 3668 607 3735; x_wconf 91' lang='lat' dir='ltr'><strong><em>qui</em></strong></span> <span class='ocrx_word' id='word_1_479' title='bbox 651 3666 816 3721; x_wconf 89' lang='lat' dir='ltr'><strong><em>Deum</em></strong></span> <span class='ocrx_word' id='word_1_480' title='bbox 856 3681 1036 3718; x_wconf 88' lang='lat' dir='ltr'><strong><em>verum</em></strong></span> <span class='ocrx_word' id='word_1_481' title='bbox 1064 3681 1167 3719; x_wconf 90' lang='lat' dir='ltr'><strong><em>non</em></strong></span> <span class='ocrx_word' id='word_1_482' title='bbox 1202 3675 1556 3731; x_wconf 70' lang='lat' dir='ltr'><strong><em>agnoverunt,</em></strong></span> <span class='ocrx_word' id='word_1_483' title='bbox 1590 3668 1679 3718; x_wconf 87' lang='lat' dir='ltr'><strong><em>sed</em></strong></span> <span class='ocrx_word' id='word_1_484' title='bbox 1734 3668 1971 3733; x_wconf 85' lang='lat' dir='ltr'><strong><em>peceatis</em></strong></span> <span class='ocrx_word' id='word_1_485' title='bbox 2000 3667 2099 3736; x_wconf 86' lang='lat' dir='ltr'><strong><em>ipsi</em></strong></span> 
     </span>
    </p>
   </div>
   <div class='ocr_carea' id='block_1_70' title="bbox 518 3756 2102 3833">
    <p class='ocr_par' dir='ltr' id='par_1_70' title="bbox 518 3756 2102 3833">
     <span class='ocr_line' id='line_1_70' title="bbox 518 3756 2102 3833; baseline 0.002 -22"><span class='ocrx_word' id='word_1_486' title='bbox 518 3759 633 3811; x_wconf 87' lang='lat' dir='ltr'><strong><em>suis</em></strong></span> <span class='ocrx_word' id='word_1_487' title='bbox 673 3757 953 3833; x_wconf 79' lang='lat' dir='ltr'><strong><em>immortui</em></strong></span> <span class='ocrx_word' id='word_1_488' title='bbox 991 3766 1139 3810; x_wconf 90' lang='lat' dir='ltr'><strong><em>sunt.</em></strong></span> <span class='ocrx_word' id='word_1_489' title='bbox 1200 3756 1513 3823; x_wconf 81' lang='lat' dir='ltr'><strong><em>Reliquistis</em></strong></span> <span class='ocrx_word' id='word_1_490' title='bbox 1558 3759 1726 3822; x_wconf 90' lang='lat' dir='ltr'><strong><em>enim,</em></strong></span> <span class='ocrx_word' id='word_1_491' title='bbox 1767 3758 1958 3827; x_wconf 86' lang='lat' dir='ltr'><strong><em>inquit,</em></strong></span> <span class='ocrx_word' id='word_1_492' title='bbox 2007 3776 2102 3815; x_wconf 86' lang='lat' dir='ltr'><strong><em>no-</em></strong></span> 
     </span>
    </p>
   </div>
   <div class='ocr_carea' id='block_1_71' title="bbox 520 3848 2100 3906">
    <p class='ocr_par' dir='ltr' id='par_1_71' title="bbox 520 3848 2100 3906">
     <span class='ocr_line' id='line_1_71' title="bbox 520 3848 2100 3906; baseline 0.001 -2"><span class='ocrx_word' id='word_1_493' title='bbox 520 3865 642 3904; x_wconf 88' lang='lat' dir='ltr'><strong><em>men</em></strong></span> <span class='ocrx_word' id='word_1_494' title='bbox 672 3858 909 3903; x_wconf 88' lang='lat' dir='ltr'><strong><em>vestrum</em></strong></span> <span class='ocrx_word' id='word_1_495' title='bbox 966 3849 1031 3902; x_wconf 91' lang='lat' dir='ltr'><strong><em>ad</em></strong></span> <span class='ocrx_word' id='word_1_496' title='bbox 1067 3848 1405 3902; x_wconf 85' lang='lat' dir='ltr'><strong><em>saturitatem</em></strong></span> <span class='ocrx_word' id='word_1_497' title='bbox 1441 3848 1632 3903; x_wconf 88' lang='lat' dir='ltr'><strong><em>electis</em></strong></span> <span class='ocrx_word' id='word_1_498' title='bbox 1674 3852 1811 3905; x_wconf 90' lang='lat' dir='ltr'><strong><em>meis</em></strong></span> <span class='ocrx_word' id='word_1_499' title='bbox 1843 3869 1855 3904; x_wconf 91' lang='lat'><strong>:</strong></span> <span class='ocrx_word' id='word_1_500' title='bbox 1886 3866 1980 3906; x_wconf 88' lang='lat' dir='ltr'><strong><em>vos</em></strong></span> <span class='ocrx_word' id='word_1_501' title='bbox 2008 3867 2100 3906; x_wconf 80' lang='lat' dir='ltr'><strong><em>au-</em></strong></span> 
     </span>
    </p>
   </div>
   <div class='ocr_carea' id='block_1_72' title="bbox 532 3938 2098 3997">
    <p class='ocr_par' dir='ltr' id='par_1_72' title="bbox 532 3938 2098 3997">
     <span class='ocr_line' id='line_1_72' title="bbox 532 3938 2098 3997; baseline -0.001 1"><span class='ocrx_word' id='word_1_502' title='bbox 532 3953 637 3997; x_wconf 81' lang='lat' dir='ltr'><strong><em>tem</em></strong></span> <span class='ocrx_word' id='word_1_503' title='bbox 674 3940 964 3995; x_wconf 80' lang='lat' dir='ltr'><strong><em>iuterﬂciet</em></strong></span> <span class='ocrx_word' id='word_1_504' title='bbox 1008 3938 1289 3994; x_wconf 89' lang='lat' dir='ltr'><strong><em>Dominus.</em></strong></span> <span class='ocrx_word' id='word_1_505' title='bbox 1348 3940 1641 3994; x_wconf 81' lang='lat' dir='ltr'><strong><em>Considera</em></strong></span> <span class='ocrx_word' id='word_1_506' title='bbox 1700 3943 1829 3996; x_wconf 86' lang='lat' dir='ltr'><strong><em>mihi</em></strong></span> <span class='ocrx_word' id='word_1_507' title='bbox 1886 3959 2098 3997; x_wconf 84' lang='lat' dir='ltr'><strong><em>rursum</em></strong></span> 
     </span>
    </p>
   </div>
   <div class='ocr_carea' id='block_1_73' title="bbox 520 4030 2102 4104">
    <p class='ocr_par' dir='ltr' id='par_1_73' title="bbox 520 4030 2102 4104">
     <span class='ocr_line' id='line_1_73' title="bbox 520 4030 2102 4104; baseline 0.001 -16"><span class='ocrx_word' id='word_1_508' title='bbox 520 4049 713 4088; x_wconf 89' lang='lat' dir='ltr'><strong><em>sensus</em></strong></span> <span class='ocrx_word' id='word_1_509' title='bbox 780 4032 1224 4104; x_wconf 82' lang='lat' dir='ltr'><strong><em>profunditatem.</em></strong></span> <span class='ocrx_word' id='word_1_510' title='bbox 1307 4032 1458 4087; x_wconf 90' lang='lat' dir='ltr'><strong><em>Solet</em></strong></span> <span class='ocrx_word' id='word_1_511' title='bbox 1512 4030 1791 4103; x_wconf 88' lang='lat' dir='ltr'><strong><em>Scriptura</em></strong></span> <span class='ocrx_word' id='word_1_512' title='bbox 1844 4034 2102 4089; x_wconf 89' lang='lat' dir='ltr'><strong><em>divinitus</em></strong></span> 
     </span>
    </p>
   </div>
   <div class='ocr_carea' id='block_1_74' title="bbox 522 4126 2098 4195">
    <p class='ocr_par' dir='ltr' id='par_1_74' title="bbox 522 4126 2098 4195">
     <span class='ocr_line' id='line_1_74' title="bbox 522 4126 2098 4195; baseline 0.002 -15"><span class='ocrx_word' id='word_1_513' title='bbox 522 4128 783 4195; x_wconf 83' lang='lat' dir='ltr'><strong><em>inspirata</em></strong></span> <span class='ocrx_word' id='word_1_514' title='bbox 850 4127 1193 4181; x_wconf 86' lang='lat' dir='ltr'><strong><em>saturitatem</em></strong></span> <span class='ocrx_word' id='word_1_515' title='bbox 1229 4126 1496 4180; x_wconf 88' lang='lat' dir='ltr'><strong><em>interdum</em></strong></span> <span class='ocrx_word' id='word_1_516' title='bbox 1550 4141 1741 4181; x_wconf 87' lang='lat' dir='ltr'><strong><em>vocare</em></strong></span> <span class='ocrx_word' id='word_1_517' title='bbox 1798 4130 2098 4183; x_wconf 89' lang='lat' dir='ltr'><strong><em>satietatem</em></strong></span> 
     </span>
    </p>
   </div>
   <div class='ocr_carea' id='block_1_75' title="bbox 520 4217 2100 4291">
    <p class='ocr_par' dir='ltr' id='par_1_75' title="bbox 520 4217 2100 4291">
     <span class='ocr_line' id='line_1_75' title="bbox 520 4217 2100 4291; baseline 0.001 -16"><span class='ocrx_word' id='word_1_518' title='bbox 520 4230 577 4275; x_wconf 94' lang='lat' dir='ltr'><strong><em>et</em></strong></span> <span class='ocrx_word' id='word_1_519' title='bbox 617 4219 819 4273; x_wconf 90' lang='lat' dir='ltr'><strong><em>odium.</em></strong></span> <span class='ocrx_word' id='word_1_520' title='bbox 870 4217 1015 4272; x_wconf 82' lang='lat' dir='ltr'><strong><em>Dixit</em></strong></span> <span class='ocrx_word' id='word_1_521' title='bbox 1070 4219 1216 4274; x_wconf 87' lang='lat' dir='ltr'><strong><em>enim</em></strong></span> <span class='ocrx_word' id='word_1_522' title='bbox 1286 4220 1426 4275; x_wconf 91' lang='lat' dir='ltr'><strong><em>Deus</em></strong></span> <span class='ocrx_word' id='word_1_523' title='bbox 1478 4219 1777 4275; x_wconf 86' lang='lat' dir='ltr'><strong><em>Israelitico</em></strong></span> <span class='ocrx_word' id='word_1_524' title='bbox 1835 4225 2100 4291; x_wconf 78' lang='lat' dir='ltr'><strong><em>sanguine</em></strong></span> 
     </span>
    </p>
   </div>
   <div class='ocr_carea' id='block_1_76' title="bbox 522 4310 2097 4383">
    <p class='ocr_par' dir='ltr' id='par_1_76' title="bbox 522 4310 2097 4383">
     <span class='ocr_line' id='line_1_76' title="bbox 522 4310 2097 4383; baseline 0.005 -20"><span class='ocrx_word' id='word_1_525' title='bbox 522 4310 811 4365; x_wconf 87' lang='lat' dir='ltr'><strong><em>oriundis:</em></strong></span> <span class='ocrx_word' id='word_1_526' title='bbox 852 4329 870 4362; x_wconf 78' lang='grc' dir='ltr'><strong><em>ι</em></strong></span> <span class='ocrx_word' id='word_1_527' title='bbox 927 4310 1043 4366; x_wconf 78' lang='lat' dir='ltr'><strong><em>Non</em></strong></span> <span class='ocrx_word' id='word_1_528' title='bbox 1100 4311 1372 4367; x_wconf 87' lang='lat' dir='ltr'><strong><em>remittam</em></strong></span> <span class='ocrx_word' id='word_1_529' title='bbox 1425 4325 1643 4383; x_wconf 91' lang='lat' dir='ltr'><strong><em>peccata</em></strong></span> <span class='ocrx_word' id='word_1_530' title='bbox 1690 4326 1895 4369; x_wconf 85' lang='lat' dir='ltr'><strong><em>vestra.</em></strong></span> <span class='ocrx_word' id='word_1_531' title='bbox 1947 4316 2097 4371; x_wconf 88' lang='lat' dir='ltr'><strong><em>Facti</em></strong></span> 
     </span>
    </p>
   </div>
   <div class='ocr_carea' id='block_1_77' title="bbox 522 4404 2095 4480">
    <p class='ocr_par' dir='ltr' id='par_1_77' title="bbox 522 4404 2095 4480">
     <span class='ocr_line' id='line_1_77' title="bbox 522 4404 2095 4480; baseline 0.002 -22"><span class='ocrx_word' id='word_1_532' title='bbox 522 4404 653 4459; x_wconf 87' lang='lat' dir='ltr'><strong><em>estis</em></strong></span> <span class='ocrx_word' id='word_1_533' title='bbox 689 4404 817 4458; x_wconf 92' lang='lat' dir='ltr'><strong><em>mihi</em></strong></span> <span class='ocrx_word' id='word_1_534' title='bbox 868 4404 921 4458; x_wconf 91' lang='lat' dir='ltr'><strong><em>in</em></strong></span> <span class='ocrx_word' id='word_1_535' title='bbox 977 4406 1318 4459; x_wconf 90' lang='lat' dir='ltr'><strong><em>saturitatem</em></strong></span> <span class='ocrx_word' id='word_1_536' title='bbox 1347 4406 1413 4460; x_wconf 84' lang='grc' dir='ltr'><strong><em>⁸ο.</em></strong></span> <span class='ocrx_word' id='word_1_537' title='bbox 1458 4426 1476 4458; x_wconf 76' lang='lat' dir='ltr'><strong><em>i</em></strong></span> <span class='ocrx_word' id='word_1_538' title='bbox 1536 4407 1640 4463; x_wconf 84' lang='lat' dir='ltr'><strong><em>Vos</em></strong></span> <span class='ocrx_word' id='word_1_539' title='bbox 1680 4425 1827 4480; x_wconf 79' lang='lat' dir='ltr'><strong><em>ergo,</em></strong></span> <span class='ocrx_word' id='word_1_540' title='bbox 1900 4412 2095 4479; x_wconf 92' lang='lat' dir='ltr'><strong><em>inquit,</em></strong></span> 
     </span>
    </p>
   </div>
   <div class='ocr_carea' id='block_1_78' title="bbox 484 4498 2098 4568">
    <p class='ocr_par' dir='ltr' id='par_1_78' title="bbox 484 4498 2098 4568">
     <span class='ocr_line' id='line_1_78' title="bbox 484 4498 2098 4568; baseline 0.003 -16"><span class='ocrx_word' id='word_1_541' title='bbox 484 4499 617 4568; x_wconf 88' lang='lat' dir='ltr'><strong><em>qui</em></strong></span> <span class='ocrx_word' id='word_1_542' title='bbox 661 4514 690 4551; x_wconf 93' lang='lat' dir='ltr'><strong><em>a</em></strong></span> <span class='ocrx_word' id='word_1_543' title='bbox 721 4498 860 4553; x_wconf 83' lang='lat' dir='ltr'><strong><em>falso</em></strong></span> <span class='ocrx_word' id='word_1_544' title='bbox 917 4500 1242 4567; x_wconf 89' lang='lat' dir='ltr'><strong><em>nuncupatis</em></strong></span> <span class='ocrx_word' id='word_1_545' title='bbox 1300 4501 1403 4554; x_wconf 89' lang='lat' dir='ltr'><strong><em>diis</em></strong></span> <span class='ocrx_word' id='word_1_546' title='bbox 1471 4517 1575 4555; x_wconf 88' lang='lat' dir='ltr'><strong><em>non</em></strong></span> <span class='ocrx_word' id='word_1_547' title='bbox 1632 4504 1959 4567; x_wconf 82' lang='lat' dir='ltr'><strong><em>descivistis,</em></strong></span> <span class='ocrx_word' id='word_1_548' title='bbox 2004 4504 2098 4557; x_wconf 89' lang='lat' dir='ltr'><strong><em>sed</em></strong></span> 
     </span>
    </p>
   </div>
   <div class='ocr_carea' id='block_1_79' title="bbox 2205 3291 3799 3365">
    <p class='ocr_par' dir='ltr' id='par_1_79' title="bbox 2205 3291 3799 3365">
     <span class='ocr_line' id='line_1_79' title="bbox 2205 3291 3799 3365; baseline -0.002 -18"><span class='ocrx_word' id='word_1_549' title='bbox 2205 3296 2339 3365; x_wconf 83' lang='grc' dir='ltr'>φησὶ</span> <span class='ocrx_word' id='word_1_550' title='bbox 2372 3294 2431 3347; x_wconf 83' lang='grc' dir='ltr'><strong><em>τὸ</em></strong></span> <span class='ocrx_word' id='word_1_551' title='bbox 2456 3294 2695 3365; x_wconf 85' lang='grc' dir='ltr'>Γράμμα</span> <span class='ocrx_word' id='word_1_552' title='bbox 2722 3293 2781 3346; x_wconf 88' lang='grc' dir='ltr'><strong><em>τὸ</em></strong></span> <span class='ocrx_word' id='word_1_553' title='bbox 2819 3293 2986 3364; x_wconf 80' lang='grc' dir='ltr'>ἱερὸν,</span> <span class='ocrx_word' id='word_1_554' title='bbox 3012 3312 3030 3344; x_wconf 75' lang='grc' dir='ltr'><strong><em>ι</em></strong></span> <span class='ocrx_word' id='word_1_555' title='bbox 3070 3292 3209 3345; x_wconf 75' lang='grc' dir='ltr'>Ἀλλ’</span> <span class='ocrx_word' id='word_1_556' title='bbox 3241 3291 3419 3362; x_wconf 82' lang='grc' dir='ltr'>ὑμεῖς,</span> <span class='ocrx_word' id='word_1_557' title='bbox 3453 3309 3470 3342; x_wconf 77' lang='lat' dir='ltr'><strong><em>s</em></strong></span> <span class='ocrx_word' id='word_1_558' title='bbox 3512 3292 3715 3361; x_wconf 77' lang='grc' dir='ltr'>φησὶν,</span> <span class='ocrx_word' id='word_1_559' title='bbox 3754 3292 3799 3344; x_wconf 80' lang='lat' dir='ltr'><strong><em>oi</em></strong></span> 
     </span>
    </p>
   </div>
   <div class='ocr_carea' id='block_1_80' title="bbox 2203 3382 3799 3458">
    <p class='ocr_par' dir='ltr' id='par_1_80' title="bbox 2203 3382 3799 3458">
     <span class='ocr_line' id='line_1_80' title="bbox 2203 3382 3799 3458; baseline -0.001 -19"><span class='ocrx_word' id='word_1_560' title='bbox 2203 3387 2574 3457; x_wconf 81' lang='grc' dir='ltr'>μεμενηκότες</span> <span class='ocrx_word' id='word_1_561' title='bbox 2589 3388 2645 3439; x_wconf 89' lang='grc' dir='ltr'>ἐν</span> <span class='ocrx_word' id='word_1_562' title='bbox 2667 3386 2865 3457; x_wconf 83' lang='grc' dir='ltr'>πλάνῃ,</span> <span class='ocrx_word' id='word_1_563' title='bbox 2892 3404 2908 3436; x_wconf 83' lang='grc' dir='ltr'><strong><em>ι</em></strong></span> <span class='ocrx_word' id='word_1_564' title='bbox 2930 3384 3262 3458; x_wconf 81' lang='grc' dir='ltr'>κεκράξεσθε</span> <span class='ocrx_word' id='word_1_565' title='bbox 3288 3384 3374 3438; x_wconf 75' lang='grc' dir='ltr'>διὰ</span> <span class='ocrx_word' id='word_1_566' title='bbox 3396 3382 3491 3436; x_wconf 78' lang='grc' dir='ltr'>τὸν</span> <span class='ocrx_word' id='word_1_567' title='bbox 3513 3385 3687 3437; x_wconf 84' lang='grc' dir='ltr'><em>πόνον</em></span> <span class='ocrx_word' id='word_1_568' title='bbox 3706 3385 3799 3454; x_wconf 73' lang='grc' dir='ltr'>τῆς</span> 
     </span>
    </p>
   </div>
   <div class='ocr_carea' id='block_1_81' title="bbox 2203 3480 3802 3555">
    <p class='ocr_par' dir='ltr' id='par_1_81' title="bbox 2203 3480 3802 3555">
     <span class='ocr_line' id='line_1_81' title="bbox 2203 3480 3802 3555; baseline -0.003 -19"><span class='ocrx_word' id='word_1_569' title='bbox 2203 3483 2432 3555; x_wconf 84' lang='grc' dir='ltr'>καρδίας</span> <span class='ocrx_word' id='word_1_570' title='bbox 2469 3484 2644 3554; x_wconf 84' lang='grc' dir='ltr'>ὑμῶν,</span> <span class='ocrx_word' id='word_1_571' title='bbox 2684 3486 2779 3537; x_wconf 67' lang='grc' dir='ltr'><strong><em>καὶ</em></strong></span> <span class='ocrx_word' id='word_1_572' title='bbox 2809 3483 2917 3537; x_wconf 86' lang='grc' dir='ltr'><strong><em>ἀπὸ</em></strong></span> <span class='ocrx_word' id='word_1_573' title='bbox 2952 3483 3242 3555; x_wconf 79' lang='grc' dir='ltr'>συντριὸἦς</span> <span class='ocrx_word' id='word_1_574' title='bbox 3272 3481 3591 3552; x_wconf 82' lang='grc' dir='ltr'>πνεύματος</span> <span class='ocrx_word' id='word_1_575' title='bbox 3621 3480 3802 3533; x_wconf 67' lang='grc' dir='ltr'>δλολόο</span> 
     </span>
    </p>
   </div>
   <div class='ocr_carea' id='block_1_82' title="bbox 2205 3572 3803 3646">
    <p class='ocr_par' dir='ltr' id='par_1_82' title="bbox 2205 3572 3803 3646">
     <span class='ocr_line' id='line_1_82' title="bbox 2205 3572 3803 3646; baseline -0.001 -18"><span class='ocrx_word' id='word_1_576' title='bbox 2205 3573 2341 3640; x_wconf 81' lang='grc' dir='ltr'>ξετε.</span> <span class='ocrx_word' id='word_1_577' title='bbox 2370 3594 2387 3628; x_wconf 79' lang='grc' dir='ltr'><strong><em>ι</em></strong></span> <span class='ocrx_word' id='word_1_578' title='bbox 2411 3576 2927 3646; x_wconf 81' lang='grc' dir='ltr'>Καταφοιτὴσαντος</span> <span class='ocrx_word' id='word_1_579' title='bbox 2948 3576 3056 3645; x_wconf 76' lang='grc' dir='ltr'><strong><em>γὰρ</em></strong></span> <span class='ocrx_word' id='word_1_580' title='bbox 3087 3574 3144 3641; x_wconf 81' lang='grc' dir='ltr'><strong><em>ἐξ</em></strong></span> <span class='ocrx_word' id='word_1_581' title='bbox 3174 3573 3417 3645; x_wconf 79' lang='grc' dir='ltr'>οὐρανῶν</span> <span class='ocrx_word' id='word_1_582' title='bbox 3444 3572 3546 3625; x_wconf 84' lang='grc' dir='ltr'><strong><em>τοῦ</em></strong></span> <span class='ocrx_word' id='word_1_583' title='bbox 3577 3574 3803 3628; x_wconf 78' lang='grc' dir='ltr'>πάντων</span> 
     </span>
    </p>
   </div>
   <div class='ocr_carea' id='block_1_83' title="bbox 2202 3664 3804 3739">
    <p class='ocr_par' dir='ltr' id='par_1_83' title="bbox 2202 3664 3804 3739">
     <span class='ocr_line' id='line_1_83' title="bbox 2202 3664 3804 3739; baseline -0.001 -19"><span class='ocrx_word' id='word_1_584' title='bbox 2202 3671 2234 3738; x_wconf 83' lang='grc' dir='ltr'><strong>ή</strong></span> <span class='ocrx_word' id='word_1_585' title='bbox 2246 3668 2361 3739; x_wconf 89' lang='grc' dir='ltr'><strong><em>μῶν</em></strong></span> <span class='ocrx_word' id='word_1_586' title='bbox 2397 3669 2651 3738; x_wconf 82' lang='grc' dir='ltr'>Σωτῆρος</span> <span class='ocrx_word' id='word_1_587' title='bbox 2686 3664 3086 3739; x_wconf 76' lang='grc' dir='ltr'>Χριστοῦ,είτα</span> <span class='ocrx_word' id='word_1_588' title='bbox 3116 3666 3631 3737; x_wconf 71' lang='grc' dir='ltr'>νέμοντοςέκάστῳ</span> <span class='ocrx_word' id='word_1_589' title='bbox 3659 3666 3804 3719; x_wconf 83' lang='grc' dir='ltr'><strong><em>κατά</em></strong></span> 
     </span>
    </p>
   </div>
   <div class='ocr_carea' id='block_1_84' title="bbox 2200 3760 3807 3832">
    <p class='ocr_par' dir='ltr' id='par_1_84' title="bbox 2200 3760 3807 3832">
     <span class='ocr_line' id='line_1_84' title="bbox 2200 3760 3807 3832; baseline -0.002 -18"><span class='ocrx_word' id='word_1_590' title='bbox 2200 3762 2268 3815; x_wconf 88' lang='grc' dir='ltr'><strong><em>τά</em></strong></span> <span class='ocrx_word' id='word_1_591' title='bbox 2295 3761 2434 3832; x_wconf 77' lang='grc' dir='ltr'>ἔργα</span> <span class='ocrx_word' id='word_1_592' title='bbox 2463 3761 2652 3823; x_wconf 79' lang='grc' dir='ltr'>αὑτοῦ,</span> <span class='ocrx_word' id='word_1_593' title='bbox 2686 3761 3015 3831; x_wconf 81' lang='grc' dir='ltr'>θρηνήσουσι</span> <span class='ocrx_word' id='word_1_594' title='bbox 3045 3760 3264 3823; x_wconf 85' lang='grc' dir='ltr'>πάντες,</span> <span class='ocrx_word' id='word_1_595' title='bbox 3290 3761 3384 3812; x_wconf 77' lang='grc' dir='ltr'>καὶ</span> <span class='ocrx_word' id='word_1_596' title='bbox 3422 3760 3807 3829; x_wconf 74' lang='grc' dir='ltr'>κατοιμώξου-</span> 
     </span>
    </p>
   </div>
   <div class='ocr_carea' id='block_1_85' title="bbox 2204 3851 3805 3925">
    <p class='ocr_par' dir='ltr' id='par_1_85' title="bbox 2204 3851 3805 3925">
     <span class='ocr_line' id='line_1_85' title="bbox 2204 3851 3805 3925; baseline -0.001 -18"><span class='ocrx_word' id='word_1_597' title='bbox 2204 3872 2287 3907; x_wconf 90' lang='grc' dir='ltr'><strong><em>σιν</em></strong></span> <span class='ocrx_word' id='word_1_598' title='bbox 2315 3856 2363 3907; x_wconf 77' lang='grc' dir='ltr'><strong><em>οἱ</em></strong></span> <span class='ocrx_word' id='word_1_599' title='bbox 2398 3855 2536 3925; x_wconf 87' lang='grc' dir='ltr'>μήτε</span> <span class='ocrx_word' id='word_1_600' title='bbox 2571 3854 2702 3907; x_wconf 72' lang='grc' dir='ltr'><strong><em>Θεὸν</em></strong></span> <span class='ocrx_word' id='word_1_601' title='bbox 2745 3853 3248 3922; x_wconf 79' lang='grc' dir='ltr'>ἐπεγνωκότες-τὸν</span> <span class='ocrx_word' id='word_1_602' title='bbox 3278 3851 3557 3923; x_wconf 83' lang='grc' dir='ltr'>ἀληθινὸν,</span> <span class='ocrx_word' id='word_1_603' title='bbox 3595 3852 3805 3906; x_wconf 75' lang='grc' dir='ltr'>ἐναποο</span> 
     </span>
    </p>
   </div>
   <div class='ocr_carea' id='block_1_86' title="bbox 2202 3946 3809 4019">
    <p class='ocr_par' dir='ltr' id='par_1_86' title="bbox 2202 3946 3809 4019">
     <span class='ocr_line' id='line_1_86' title="bbox 2202 3946 3809 4019; baseline -0.001 -18"><span class='ocrx_word' id='word_1_604' title='bbox 2202 3949 2453 4013; x_wconf 85' lang='grc' dir='ltr'>θανόντες</span> <span class='ocrx_word' id='word_1_605' title='bbox 2478 3949 2533 4001; x_wconf 84' lang='grc' dir='ltr'><strong><em>δὲ</em></strong></span> <span class='ocrx_word' id='word_1_606' title='bbox 2575 3949 2774 4019; x_wconf 80' lang='grc' dir='ltr'>μᾶλλον</span> <span class='ocrx_word' id='word_1_607' title='bbox 2795 3950 2913 4012; x_wconf 86' lang='grc' dir='ltr'>ταῖς</span> <span class='ocrx_word' id='word_1_608' title='bbox 2938 3948 3145 4002; x_wconf 80' lang='grc' dir='ltr'>ἑαυτῶν</span> <span class='ocrx_word' id='word_1_609' title='bbox 3178 3946 3495 4019; x_wconf 83' lang='grc' dir='ltr'>ἁμαρτίαις.</span> <span class='ocrx_word' id='word_1_610' title='bbox 3532 3947 3809 4001; x_wconf 81' lang='grc' dir='ltr'>Κατελείο</span> 
     </span>
    </p>
   </div>
   <div class='ocr_carea' id='block_1_87' title="bbox 2200 4042 3810 4115">
    <p class='ocr_par' dir='ltr' id='par_1_87' title="bbox 2200 4042 3810 4115">
     <span class='ocr_line' id='line_1_87' title="bbox 2200 4042 3810 4115; baseline -0.01 -17"><span class='ocrx_word' id='word_1_611' title='bbox 2200 4045 2339 4114; x_wconf 72' lang='grc' dir='ltr'>ψατε</span> <span class='ocrx_word' id='word_1_612' title='bbox 2368 4044 2497 4114; x_wconf 82' lang='grc' dir='ltr'>γὰρ,</span> <span class='ocrx_word' id='word_1_613' title='bbox 2534 4044 2687 4114; x_wconf 75' lang='grc' dir='ltr'>φησὶ,</span> <span class='ocrx_word' id='word_1_614' title='bbox 2718 4044 2778 4097; x_wconf 84' lang='grc' dir='ltr'><strong><em>τὸ</em></strong></span> <span class='ocrx_word' id='word_1_615' title='bbox 2805 4044 2974 4115; x_wconf 76' lang='grc' dir='ltr'>ὄνομα</span> <span class='ocrx_word' id='word_1_616' title='bbox 3007 4044 3160 4115; x_wconf 83' lang='grc' dir='ltr'>ὑμῶν</span> <span class='ocrx_word' id='word_1_617' title='bbox 3199 4046 3281 4107; x_wconf 86' lang='grc' dir='ltr'><strong><em>είς</em></strong></span> <span class='ocrx_word' id='word_1_618' title='bbox 3320 4042 3653 4114; x_wconf 78' lang='grc' dir='ltr'>πλησμονὴν</span> <span class='ocrx_word' id='word_1_619' title='bbox 3695 4046 3810 4106; x_wconf 73' lang='grc' dir='ltr'><strong><em>τοῖς</em></strong></span> 
     </span>
    </p>
   </div>
   <div class='ocr_carea' id='block_1_88' title="bbox 2200 4136 3809 4208">
    <p class='ocr_par' dir='ltr' id='par_1_88' title="bbox 2200 4136 3809 4208">
     <span class='ocr_line' id='line_1_88' title="bbox 2200 4136 3809 4208; baseline 0.001 -19"><span class='ocrx_word' id='word_1_620' title='bbox 2200 4136 2477 4199; x_wconf 80' lang='grc' dir='ltr'>ἐκλεκτοῖς</span> <span class='ocrx_word' id='word_1_621' title='bbox 2509 4154 2631 4207; x_wconf 90' lang='grc' dir='ltr'>μου,</span> <span class='ocrx_word' id='word_1_622' title='bbox 2677 4138 2819 4206; x_wconf 76' lang='grc' dir='ltr'>ὑμᾶς</span> <span class='ocrx_word' id='word_1_623' title='bbox 2859 4137 3038 4190; x_wconf 84' lang='grc' dir='ltr'>ἀνελεῖ</span> <span class='ocrx_word' id='word_1_624' title='bbox 3087 4136 3310 4208; x_wconf 82' lang='grc' dir='ltr'>Κύριος.</span> <span class='ocrx_word' id='word_1_625' title='bbox 3346 4136 3541 4207; x_wconf 83' lang='grc' dir='ltr'>Ἀθρει</span> <span class='ocrx_word' id='word_1_626' title='bbox 3578 4136 3649 4206; x_wconf 86' lang='grc' dir='ltr'>δή</span> <span class='ocrx_word' id='word_1_627' title='bbox 3719 4156 3809 4208; x_wconf 85' lang='grc' dir='ltr'><strong><em>μοι</em></strong></span> 
     </span>
    </p>
   </div>
   <div class='ocr_carea' id='block_1_89' title="bbox 2202 4229 3811 4303">
    <p class='ocr_par' dir='ltr' id='par_1_89' title="bbox 2202 4229 3811 4303">
     <span class='ocr_line' id='line_1_89' title="bbox 2202 4229 3811 4303; baseline 0.001 -20"><span class='ocrx_word' id='word_1_628' title='bbox 2202 4230 2366 4283; x_wconf 87' lang='grc' dir='ltr'>πάλιν</span> <span class='ocrx_word' id='word_1_629' title='bbox 2400 4231 2499 4300; x_wconf 73' lang='grc' dir='ltr'>τῆς</span> <span class='ocrx_word' id='word_1_630' title='bbox 2545 4232 2755 4293; x_wconf 85' lang='grc' dir='ltr'>ἐννοίας</span> <span class='ocrx_word' id='word_1_631' title='bbox 2790 4230 2849 4283; x_wconf 83' lang='grc' dir='ltr'><strong><em>τὸ</em></strong></span> <span class='ocrx_word' id='word_1_632' title='bbox 2878 4230 3062 4298; x_wconf 86' lang='grc' dir='ltr'>βάθος.</span> <span class='ocrx_word' id='word_1_633' title='bbox 3128 4231 3289 4294; x_wconf 86' lang='grc' dir='ltr'>Ἕθος</span> <span class='ocrx_word' id='word_1_634' title='bbox 3337 4232 3404 4301; x_wconf 85' lang='grc' dir='ltr'>τῇ</span> <span class='ocrx_word' id='word_1_635' title='bbox 3447 4229 3811 4303; x_wconf 72' lang='grc' dir='ltr'>θεοπνεύστῳ</span> 
     </span>
    </p>
   </div>
   <div class='ocr_carea' id='block_1_90' title="bbox 2200 4321 3809 4396">
    <p class='ocr_par' dir='ltr' id='par_1_90' title="bbox 2200 4321 3809 4396">
     <span class='ocr_line' id='line_1_90' title="bbox 2200 4321 3809 4396; baseline 0.001 -20"><span class='ocrx_word' id='word_1_636' title='bbox 2200 4325 2391 4396; x_wconf 78' lang='grc' dir='ltr'>Γραφῇ</span> <span class='ocrx_word' id='word_1_637' title='bbox 2428 4324 2488 4377; x_wconf 85' lang='grc' dir='ltr'><strong><em>τὸ</em></strong></span> <span class='ocrx_word' id='word_1_638' title='bbox 2520 4326 2598 4387; x_wconf 82' lang='grc' dir='ltr'><strong><em>εἰς</em></strong></span> <span class='ocrx_word' id='word_1_639' title='bbox 2646 4322 2963 4394; x_wconf 83' lang='grc' dir='ltr'>πλησμονὴν</span> <span class='ocrx_word' id='word_1_640' title='bbox 2995 4321 3107 4376; x_wconf 78' lang='grc' dir='ltr'>ἔσθ’</span> <span class='ocrx_word' id='word_1_641' title='bbox 3142 4322 3230 4375; x_wconf 81' lang='grc' dir='ltr'>ὅτε</span> <span class='ocrx_word' id='word_1_642' title='bbox 3279 4321 3476 4390; x_wconf 88' lang='grc' dir='ltr'>λέγειν,</span> <span class='ocrx_word' id='word_1_643' title='bbox 3514 4323 3651 4375; x_wconf 77' lang='grc' dir='ltr'>ἀντὶ</span> <span class='ocrx_word' id='word_1_644' title='bbox 3712 4325 3809 4379; x_wconf 83' lang='grc' dir='ltr'><strong><em>τοῦ</em></strong></span> 
     </span>
    </p>
   </div>
   <div class='ocr_carea' id='block_1_91' title="bbox 2201 4414 3811 4489">
    <p class='ocr_par' dir='ltr' id='par_1_91' title="bbox 2201 4414 3811 4489">
     <span class='ocr_line' id='line_1_91' title="bbox 2201 4414 3811 4489; baseline -0.001 -19"><span class='ocrx_word' id='word_1_645' title='bbox 2201 4418 2281 4480; x_wconf 86' lang='grc' dir='ltr'><strong><em>είς</em></strong></span> <span class='ocrx_word' id='word_1_646' title='bbox 2311 4418 2491 4489; x_wconf 83' lang='grc' dir='ltr'>κόρον,</span> <span class='ocrx_word' id='word_1_647' title='bbox 2529 4418 2623 4469; x_wconf 83' lang='grc' dir='ltr'><strong><em>καὶ</em></strong></span> <span class='ocrx_word' id='word_1_648' title='bbox 2655 4420 2829 4487; x_wconf 87' lang='grc' dir='ltr'>μῖσος.</span> <span class='ocrx_word' id='word_1_649' title='bbox 2854 4416 3003 4485; x_wconf 79' lang='grc' dir='ltr'><strong><em>Ἔφη</em></strong></span> <span class='ocrx_word' id='word_1_650' title='bbox 3039 4414 3148 4486; x_wconf 83' lang='grc' dir='ltr'>γάρ</span> <span class='ocrx_word' id='word_1_651' title='bbox 3178 4432 3280 4468; x_wconf 87' lang='grc' dir='ltr'><strong><em>που</em></strong></span> <span class='ocrx_word' id='word_1_652' title='bbox 3309 4414 3442 4478; x_wconf 74' lang='grc' dir='ltr'>θεὸς</span> <span class='ocrx_word' id='word_1_653' title='bbox 3466 4416 3581 4476; x_wconf 87' lang='grc' dir='ltr'>τοῖς</span> <span class='ocrx_word' id='word_1_654' title='bbox 3620 4415 3693 4481; x_wconf 78' lang='grc' dir='ltr'>ἐξ</span> <span class='ocrx_word' id='word_1_655' title='bbox 3724 4418 3811 4470; x_wconf 88' lang='grc' dir='ltr'>αῖ-</span> 
     </span>
    </p>
   </div>
   <div class='ocr_carea' id='block_1_92' title="bbox 2208 4505 3809 4580">
    <p class='ocr_par' dir='ltr' id='par_1_92' title="bbox 2208 4505 3809 4580">
     <span class='ocr_line' id='line_1_92' title="bbox 2208 4505 3809 4580; baseline -0.001 -18"><span class='ocrx_word' id='word_1_656' title='bbox 2208 4527 2377 4579; x_wconf 89' lang='grc' dir='ltr'>ματος</span> <span class='ocrx_word' id='word_1_657' title='bbox 2418 4508 2635 4580; x_wconf 74' lang='grc' dir='ltr'>Ἰσραήλ</span> <span class='ocrx_word' id='word_1_658' title='bbox 2657 4524 2669 4537; x_wconf 83' lang='lat'><strong>&#39;</strong></span> <span class='ocrx_word' id='word_1_659' title='bbox 2704 4526 2720 4558; x_wconf 76' lang='grc' dir='ltr'><strong><em>ι</em></strong></span> <span class='ocrx_word' id='word_1_660' title='bbox 2750 4506 2943 4561; x_wconf 78' lang='grc' dir='ltr'>Οὐκέτι</span> <span class='ocrx_word' id='word_1_661' title='bbox 2969 4508 3152 4578; x_wconf 82' lang='grc' dir='ltr'>ἀνήσω</span> <span class='ocrx_word' id='word_1_662' title='bbox 3182 4506 3279 4570; x_wconf 79' lang='grc' dir='ltr'>τὰς</span> <span class='ocrx_word' id='word_1_663' title='bbox 3304 4505 3577 4577; x_wconf 87' lang='grc' dir='ltr'>ἁμαρτίας</span> <span class='ocrx_word' id='word_1_664' title='bbox 3603 4508 3809 4577; x_wconf 76' lang='grc' dir='ltr'>ὑμῶν’</span> 
     </span>
    </p>
   </div>
   <div class='ocr_carea' id='block_1_93' title="bbox 525 4592 2097 4671">
    <p class='ocr_par' dir='ltr' id='par_1_93' title="bbox 525 4592 2097 4662">
     <span class='ocr_line' id='line_1_93' title="bbox 525 4592 2097 4662; baseline 0.003 -16"><span class='ocrx_word' id='word_1_665' title='bbox 525 4593 578 4646; x_wconf 90' lang='lat' dir='ltr'><strong><em>in</em></strong></span> <span class='ocrx_word' id='word_1_666' title='bbox 611 4594 850 4662; x_wconf 87' lang='lat' dir='ltr'><strong><em>peccatis</em></strong></span> <span class='ocrx_word' id='word_1_667' title='bbox 904 4592 1096 4646; x_wconf 76' lang='lat' dir='ltr'><strong><em>vestris</em></strong></span> <span class='ocrx_word' id='word_1_668' title='bbox 1154 4592 1353 4646; x_wconf 88' lang='lat' dir='ltr'><strong><em>mortui</em></strong></span> <span class='ocrx_word' id='word_1_669' title='bbox 1408 4596 1563 4655; x_wconf 85' lang='lat' dir='ltr'><strong><em>estis.</em></strong></span> <span class='ocrx_word' id='word_1_670' title='bbox 1609 4611 1800 4648; x_wconf 90' lang='lat' dir='ltr'><strong><em>nomen</em></strong></span> <span class='ocrx_word' id='word_1_671' title='bbox 1856 4610 2097 4651; x_wconf 87' lang='lat' dir='ltr'><strong><em>vestrum</em></strong></span> 
     </span>
    </p>
   </div>
   <div class='ocr_carea' id='block_1_94' title="bbox 2202 4592 3809 4671">
    <p class='ocr_par' dir='ltr' id='par_1_94' title="bbox 2207 4598 3809 4671">
     <span class='ocr_line' id='line_1_94' title="bbox 2207 4598 3809 4671; baseline 0.001 -18"><span class='ocrx_word' id='word_1_672' title='bbox 2207 4601 2502 4671; x_wconf 87' lang='grc' dir='ltr'>ἐγενήθητέ</span> <span class='ocrx_word' id='word_1_673' title='bbox 2530 4618 2619 4671; x_wconf 87' lang='grc' dir='ltr'><strong><em>μοι</em></strong></span> <span class='ocrx_word' id='word_1_674' title='bbox 2644 4602 2722 4663; x_wconf 88' lang='grc' dir='ltr'>εἰς</span> <span class='ocrx_word' id='word_1_675' title='bbox 2751 4598 3085 4670; x_wconf 81' lang='grc' dir='ltr'>πλησμονήν.</span> <span class='ocrx_word' id='word_1_676' title='bbox 3112 4618 3131 4649; x_wconf 76' lang='lat' dir='ltr'><strong><em>s</em></strong></span> <span class='ocrx_word' id='word_1_677' title='bbox 3160 4598 3349 4669; x_wconf 79' lang='grc' dir='ltr'>Ὑμεῖς</span> <span class='ocrx_word' id='word_1_678' title='bbox 3376 4599 3577 4662; x_wconf 85' lang='grc' dir='ltr'>τοίνυν,</span> <span class='ocrx_word' id='word_1_679' title='bbox 3603 4604 3809 4671; x_wconf 73' lang='grc' dir='ltr'>φησὶν,</span> 
     </span>
    </p>
   </div>
   <div class='ocr_carea' id='block_1_95' title="bbox 523 4684 2098 4757">
    <p class='ocr_par' dir='ltr' id='par_1_95' title="bbox 523 4684 2098 4757">
     <span class='ocr_line' id='line_1_95' title="bbox 523 4684 2098 4757; baseline 0.006 -18"><span class='ocrx_word' id='word_1_680' title='bbox 523 4686 578 4739; x_wconf 90' lang='lat' dir='ltr'><strong><em>in</em></strong></span> <span class='ocrx_word' id='word_1_681' title='bbox 611 4685 975 4750; x_wconf 87' lang='lat' dir='ltr'><strong><em>saturitatem,</em></strong></span> <span class='ocrx_word' id='word_1_682' title='bbox 1008 4684 1093 4739; x_wconf 91' lang='lat' dir='ltr'><strong><em>vel</em></strong></span> <span class='ocrx_word' id='word_1_683' title='bbox 1125 4684 1177 4739; x_wconf 92' lang='lat' dir='ltr'><strong><em>in</em></strong></span> <span class='ocrx_word' id='word_1_684' title='bbox 1209 4686 1390 4740; x_wconf 92' lang='lat' dir='ltr'><strong><em>odium</em></strong></span> <span class='ocrx_word' id='word_1_685' title='bbox 1422 4688 1715 4757; x_wconf 89' lang='lat' dir='ltr'><strong><em>reliquistis</em></strong></span> <span class='ocrx_word' id='word_1_686' title='bbox 1732 4690 1919 4745; x_wconf 83' lang='lat' dir='ltr'><strong><em>eleCIis</em></strong></span> <span class='ocrx_word' id='word_1_687' title='bbox 1939 4692 2098 4750; x_wconf 92' lang='lat' dir='ltr'><strong><em>meis.</em></strong></span> 
     </span>
    </p>
   </div>
   <div class='ocr_carea' id='block_1_96' title="bbox 525 4774 2104 4852">
    <p class='ocr_par' dir='ltr' id='par_1_96' title="bbox 525 4774 2104 4852">
     <span class='ocr_line' id='line_1_96' title="bbox 525 4774 2104 4852; baseline 0.004 -23"><span class='ocrx_word' id='word_1_688' title='bbox 525 4774 693 4829; x_wconf 72' lang='lat' dir='ltr'><strong><em>Nemo</em></strong></span> <span class='ocrx_word' id='word_1_689' title='bbox 708 4776 848 4829; x_wconf 91' lang='lat' dir='ltr'><strong><em>enim</em></strong></span> <span class='ocrx_word' id='word_1_690' title='bbox 868 4791 1075 4839; x_wconf 88' lang='lat' dir='ltr'><strong><em>eorum,</em></strong></span> <span class='ocrx_word' id='word_1_691' title='bbox 1101 4776 1190 4843; x_wconf 91' lang='lat' dir='ltr'><strong><em>qui</em></strong></span> <span class='ocrx_word' id='word_1_692' title='bbox 1208 4777 1535 4833; x_wconf 61' lang='lat' dir='ltr'><strong><em>senielkzlecti</em></strong></span> <span class='ocrx_word' id='word_1_693' title='bbox 1565 4790 1687 4834; x_wconf 92' lang='lat' dir='ltr'><strong><em>sunt</em></strong></span> <span class='ocrx_word' id='word_1_694' title='bbox 1704 4796 1896 4835; x_wconf 88' lang='lat' dir='ltr'><strong><em>nomen</em></strong></span> <span class='ocrx_word' id='word_1_695' title='bbox 1912 4796 2104 4852; x_wconf 89' lang='lat' dir='ltr'><strong><em>super-</em></strong></span> 
     </span>
    </p>
   </div>
   <div class='ocr_carea' id='block_1_97' title="bbox 525 4869 2101 4944">
    <p class='ocr_par' dir='ltr' id='par_1_97' title="bbox 525 4869 2101 4944">
     <span class='ocr_line' id='line_1_97' title="bbox 525 4869 2101 4944; baseline 0.006 -23"><span class='ocrx_word' id='word_1_696' title='bbox 525 4870 859 4923; x_wconf 88' lang='lat' dir='ltr'><strong><em>stitiosorum</em></strong></span> <span class='ocrx_word' id='word_1_697' title='bbox 884 4869 1151 4925; x_wconf 88' lang='lat' dir='ltr'><strong><em>admittet.</em></strong></span> <span class='ocrx_word' id='word_1_698' title='bbox 1178 4870 1394 4941; x_wconf 80' lang='lat' dir='ltr'><strong><em>Refugit</em></strong></span> <span class='ocrx_word' id='word_1_699' title='bbox 1420 4889 1653 4941; x_wconf 82' lang='lat' dir='ltr'><strong><em>namque</em></strong></span> <span class='ocrx_word' id='word_1_700' title='bbox 1676 4876 1901 4944; x_wconf 87' lang='lat' dir='ltr'><strong><em>quisque</em></strong></span> <span class='ocrx_word' id='word_1_701' title='bbox 1920 4877 2101 4931; x_wconf 83' lang='lat' dir='ltr'><strong><em>vocari</em></strong></span> 
     </span>
    </p>
   </div>
   <div class='ocr_carea' id='block_1_98' title="bbox 525 4958 2100 5034">
    <p class='ocr_par' dir='ltr' id='par_1_98' title="bbox 525 4958 2100 5034">
     <span class='ocr_line' id='line_1_98' title="bbox 525 4958 2100 5034; baseline 0.005 -22"><span class='ocrx_word' id='word_1_702' title='bbox 525 4958 620 5014; x_wconf 85' lang='lat' dir='ltr'><strong><em>Dei</em></strong></span> <span class='ocrx_word' id='word_1_703' title='bbox 649 4975 797 5026; x_wconf 89' lang='lat' dir='ltr'><strong><em>osor,</em></strong></span> <span class='ocrx_word' id='word_1_704' title='bbox 826 4960 1242 5014; x_wconf 88' lang='lat' dir='ltr'><strong><em>simulacrorum</em></strong></span> <span class='ocrx_word' id='word_1_705' title='bbox 1273 4961 1468 5026; x_wconf 90' lang='lat' dir='ltr'><strong><em>cultor,</em></strong></span> <span class='ocrx_word' id='word_1_706' title='bbox 1530 4963 1751 5032; x_wconf 90' lang='lat' dir='ltr'><strong><em>impius,</em></strong></span> <span class='ocrx_word' id='word_1_707' title='bbox 1810 4967 2100 5034; x_wconf 81' lang='lat' dir='ltr'><strong><em>profanus:</em></strong></span> 
     </span>
    </p>
   </div>
   <div class='ocr_carea' id='block_1_99' title="bbox 525 5053 2101 5126">
    <p class='ocr_par' dir='ltr' id='par_1_99' title="bbox 525 5053 2101 5126">
     <span class='ocr_line' id='line_1_99' title="bbox 525 5053 2101 5126; baseline 0.004 -21"><span class='ocrx_word' id='word_1_708' title='bbox 525 5054 779 5122; x_wconf 84' lang='lat' dir='ltr'><strong><em>cupitque</em></strong></span> <span class='ocrx_word' id='word_1_709' title='bbox 804 5053 972 5122; x_wconf 87' lang='lat' dir='ltr'><strong><em>magis</em></strong></span> <span class='ocrx_word' id='word_1_710' title='bbox 1012 5053 1116 5107; x_wconf 89' lang='lat' dir='ltr'><strong><em>dici</em></strong></span> <span class='ocrx_word' id='word_1_711' title='bbox 1150 5054 1377 5125; x_wconf 88' lang='lat' dir='ltr'><strong><em>populus</em></strong></span> <span class='ocrx_word' id='word_1_712' title='bbox 1423 5067 1665 5123; x_wconf 88' lang='lat' dir='ltr'><strong><em>sanctus,</em></strong></span> <span class='ocrx_word' id='word_1_713' title='bbox 1719 5073 1849 5126; x_wconf 80' lang='lat' dir='ltr'><strong><em>gens</em></strong></span> <span class='ocrx_word' id='word_1_714' title='bbox 1904 5058 2101 5124; x_wconf 90' lang='lat' dir='ltr'><strong><em>electa,</em></strong></span> 
     </span>
    </p>
   </div>
   <div class='ocr_carea' id='block_1_100' title="bbox 527 5146 2099 5217">
    <p class='ocr_par' dir='ltr' id='par_1_100' title="bbox 527 5146 2099 5217">
     <span class='ocr_line' id='line_1_100' title="bbox 527 5146 2099 5217; baseline 0.003 -16"><span class='ocrx_word' id='word_1_715' title='bbox 527 5148 732 5217; x_wconf 79' lang='lat' dir='ltr'><strong><em>regium</em></strong></span> <span class='ocrx_word' id='word_1_716' title='bbox 747 5146 1131 5209; x_wconf 89' lang='lat' dir='ltr'><strong><em>sacerdotium,</em></strong></span> <span class='ocrx_word' id='word_1_717' title='bbox 1152 5148 1448 5201; x_wconf 89' lang='lat' dir='ltr'><strong><em>secundum</em></strong></span> <span class='ocrx_word' id='word_1_718' title='bbox 1473 5148 1638 5202; x_wconf 91' lang='lat' dir='ltr'><strong><em>divini</em></strong></span> <span class='ocrx_word' id='word_1_719' title='bbox 1662 5148 1804 5202; x_wconf 84' lang='lat' dir='ltr'><strong><em>Petri</em></strong></span> <span class='ocrx_word' id='word_1_720' title='bbox 1835 5166 2016 5205; x_wconf 88' lang='lat' dir='ltr'><strong><em>vocem</em></strong></span> <span class='ocrx_word' id='word_1_721' title='bbox 2033 5151 2099 5205; x_wconf 72' lang='grc'><strong><em>⁸³.</em></strong></span> 
     </span>
    </p>
   </div>
   <div class='ocr_carea' id='block_1_101' title="bbox 527 5238 2097 5308">
    <p class='ocr_par' dir='ltr' id='par_1_101' title="bbox 527 5238 2097 5308">
     <span class='ocr_line' id='line_1_101' title="bbox 527 5238 2097 5308; baseline 0.003 -15"><span class='ocrx_word' id='word_1_722' title='bbox 527 5238 624 5293; x_wconf 89' lang='lat' dir='ltr'><strong><em>Sin</em></strong></span> <span class='ocrx_word' id='word_1_723' title='bbox 660 5239 747 5293; x_wconf 91' lang='lat' dir='ltr'><strong><em>cui</em></strong></span> <span class='ocrx_word' id='word_1_724' title='bbox 792 5239 964 5292; x_wconf 90' lang='lat' dir='ltr'><strong><em>visum</em></strong></span> <span class='ocrx_word' id='word_1_725' title='bbox 997 5240 1087 5305; x_wconf 90' lang='lat' dir='ltr'><strong><em>sit,</em></strong></span> <span class='ocrx_word' id='word_1_726' title='bbox 1126 5238 1225 5293; x_wconf 84' lang='lat' dir='ltr'><strong><em>hoc</em></strong></span> <span class='ocrx_word' id='word_1_727' title='bbox 1256 5240 1399 5308; x_wconf 91' lang='lat' dir='ltr'><strong><em>quod</em></strong></span> <span class='ocrx_word' id='word_1_728' title='bbox 1435 5241 1635 5295; x_wconf 87' lang='lat' dir='ltr'><strong><em>dictqu</em></strong></span> <span class='ocrx_word' id='word_1_729' title='bbox 1668 5251 1769 5306; x_wconf 90' lang='lat' dir='ltr'><strong><em>est,</em></strong></span> <span class='ocrx_word' id='word_1_730' title='bbox 1833 5240 2097 5298; x_wconf 86' lang='lat' dir='ltr'><strong><em>lsraelitis</em></strong></span> 
     </span>
    </p>
   </div>
   <div class='ocr_carea' id='block_1_102' title="bbox 526 5329 2098 5400">
    <p class='ocr_par' dir='ltr' id='par_1_102' title="bbox 526 5329 2098 5400">
     <span class='ocr_line' id='line_1_102' title="bbox 526 5329 2098 5400; baseline 0.002 -17"><span class='ocrx_word' id='word_1_731' title='bbox 526 5332 955 5395; x_wconf 87' lang='lat' dir='ltr'><strong><em>accommodare,</em></strong></span> <span class='ocrx_word' id='word_1_732' title='bbox 1005 5338 1062 5382; x_wconf 93' lang='lat' dir='ltr'><strong><em>ut</em></strong></span> <span class='ocrx_word' id='word_1_733' title='bbox 1104 5329 1211 5385; x_wconf 89' lang='lat' dir='ltr'><strong><em>illis</em></strong></span> <span class='ocrx_word' id='word_1_734' title='bbox 1262 5330 1519 5385; x_wconf 88' lang='lat' dir='ltr'><strong><em>dicatur:</em></strong></span> <span class='ocrx_word' id='word_1_735' title='bbox 1557 5349 1576 5381; x_wconf 87' lang='grc'><strong>‹</strong></span> <span class='ocrx_word' id='word_1_736' title='bbox 1628 5331 1945 5400; x_wconf 78' lang='lat' dir='ltr'><strong><em>Reliquistis</em></strong></span> <span class='ocrx_word' id='word_1_737' title='bbox 2004 5350 2098 5388; x_wconf 82' lang='lat' dir='ltr'><strong><em>no-</em></strong></span> 
     </span>
    </p>
   </div>
   <div class='ocr_carea' id='block_1_103' title="bbox 526 5420 2099 5497">
    <p class='ocr_par' dir='ltr' id='par_1_103' title="bbox 526 5420 2099 5497">
     <span class='ocr_line' id='line_1_103' title="bbox 526 5420 2099 5497; baseline 0.006 -25"><span class='ocrx_word' id='word_1_738' title='bbox 526 5435 650 5474; x_wconf 85' lang='lat' dir='ltr'><strong><em>men</em></strong></span> <span class='ocrx_word' id='word_1_739' title='bbox 685 5421 800 5491; x_wconf 84' lang='lat' dir='ltr'><strong><em>ejus</em></strong></span> <span class='ocrx_word' id='word_1_740' title='bbox 825 5421 877 5474; x_wconf 89' lang='lat' dir='ltr'><strong><em>in</em></strong></span> <span class='ocrx_word' id='word_1_741' title='bbox 905 5420 1209 5475; x_wconf 86' lang='lat' dir='ltr'><strong><em>satietatem</em></strong></span> <span class='ocrx_word' id='word_1_742' title='bbox 1230 5421 1421 5476; x_wconf 87' lang='lat' dir='ltr'><strong><em>electis</em></strong></span> <span class='ocrx_word' id='word_1_743' title='bbox 1462 5424 1635 5477; x_wconf 86' lang='lat' dir='ltr'><strong><em>meis:</em></strong></span> <span class='ocrx_word' id='word_1_744' title='bbox 1679 5443 1697 5475; x_wconf 72' lang='grc' dir='ltr'><strong><em>ι</em></strong></span> <span class='ocrx_word' id='word_1_745' title='bbox 1734 5424 1963 5480; x_wconf 87' lang='lat' dir='ltr'><strong><em>dicimus</em></strong></span> <span class='ocrx_word' id='word_1_746' title='bbox 1979 5427 2099 5497; x_wconf 89' lang='lat' dir='ltr'><strong><em>qui-</em></strong></span> 
     </span>
    </p>
   </div>
   <div class='ocr_carea' id='block_1_104' title="bbox 527 5512 2100 5588">
    <p class='ocr_par' dir='ltr' id='par_1_104' title="bbox 527 5512 2100 5588">
     <span class='ocr_line' id='line_1_104' title="bbox 527 5512 2100 5588; baseline 0.006 -25"><span class='ocrx_word' id='word_1_747' title='bbox 527 5512 649 5565; x_wconf 92' lang='lat' dir='ltr'><strong><em>dem</em></strong></span> <span class='ocrx_word' id='word_1_748' title='bbox 688 5524 937 5567; x_wconf 90' lang='lat' dir='ltr'><strong><em>vocatum</em></strong></span> <span class='ocrx_word' id='word_1_749' title='bbox 967 5512 1135 5570; x_wconf 84' lang='lat' dir='ltr'><strong><em>fuisse</em></strong></span> <span class='ocrx_word' id='word_1_750' title='bbox 1164 5514 1441 5579; x_wconf 88' lang='lat' dir='ltr'><strong><em>lsraelem,</em></strong></span> <span class='ocrx_word' id='word_1_751' title='bbox 1487 5514 1684 5570; x_wconf 89' lang='lat' dir='ltr'><strong><em>liberos</em></strong></span> <span class='ocrx_word' id='word_1_752' title='bbox 1723 5518 1838 5582; x_wconf 87' lang='lat' dir='ltr'><strong><em>Dei,</em></strong></span> <span class='ocrx_word' id='word_1_753' title='bbox 1875 5519 2100 5588; x_wconf 88' lang='lat' dir='ltr'><strong><em>ejusque</em></strong></span> 
     </span>
    </p>
   </div>
   <div class='ocr_carea' id='block_1_105' title="bbox 528 5604 2097 5676">
    <p class='ocr_par' dir='ltr' id='par_1_105' title="bbox 528 5604 2097 5676">
     <span class='ocr_line' id='line_1_105' title="bbox 528 5604 2097 5676; baseline 0.008 -21"><span class='ocrx_word' id='word_1_754' title='bbox 528 5604 781 5672; x_wconf 83' lang='lat' dir='ltr'><strong><em>pepulum</em></strong></span> <span class='ocrx_word' id='word_1_755' title='bbox 819 5610 874 5658; x_wconf 90' lang='lat' dir='ltr'><strong><em>et</em></strong></span> <span class='ocrx_word' id='word_1_756' title='bbox 902 5614 1130 5670; x_wconf 89' lang='lat' dir='ltr'><strong><em>sortem,</em></strong></span> <span class='ocrx_word' id='word_1_757' title='bbox 1167 5605 1259 5659; x_wconf 85' lang='lat' dir='ltr'><strong><em>sed</em></strong></span> <span class='ocrx_word' id='word_1_758' title='bbox 1284 5618 1570 5676; x_wconf 90' lang='lat' dir='ltr'><strong><em>postquam</em></strong></span> <span class='ocrx_word' id='word_1_759' title='bbox 1605 5609 1656 5663; x_wconf 92' lang='lat' dir='ltr'><strong><em>in</em></strong></span> <span class='ocrx_word' id='word_1_760' title='bbox 1689 5608 2097 5667; x_wconf 81' lang='lat' dir='ltr'><strong><em>eﬂ&#39;renatiouem</em></strong></span> 
     </span>
    </p>
   </div>
   <div class='ocr_carea' id='block_1_106' title="bbox 598 5782 1555 5853">
    <p class='ocr_par' dir='ltr' id='par_1_106' title="bbox 598 5782 1555 5853">
     <span class='ocr_line' id='line_1_106' title="bbox 598 5782 1555 5853; baseline 0.009 -19"><span class='ocrx_word' id='word_1_761' title='bbox 598 5782 646 5815; x_wconf 80' lang='lat'><strong>“</strong></span> <span class='ocrx_word' id='word_1_762' title='bbox 682 5782 785 5839; x_wconf 89' lang='lat' dir='ltr'><strong><em>lsa.</em></strong></span> <span class='ocrx_word' id='word_1_763' title='bbox 836 5800 871 5849; x_wconf 90' lang='grc' dir='ltr'><strong><em>ι,</em></strong></span> <span class='ocrx_word' id='word_1_764' title='bbox 929 5784 1014 5839; x_wconf 78' lang='grc'><strong><em>15.</em></strong></span> <span class='ocrx_word' id='word_1_765' title='bbox 1094 5787 1135 5818; x_wconf 84' lang='grc'><strong><em>⁶¹</em></strong></span> <span class='ocrx_word' id='word_1_766' title='bbox 1172 5786 1187 5840; x_wconf 95' lang='lat' dir='ltr'><strong><em>l</em></strong></span> <span class='ocrx_word' id='word_1_767' title='bbox 1222 5786 1365 5842; x_wconf 81' lang='lat' dir='ltr'><strong><em>Pctr.</em></strong></span> <span class='ocrx_word' id='word_1_768' title='bbox 1412 5805 1469 5853; x_wconf 91' lang='grc' dir='ltr'><strong><em>ιι,</em></strong></span> <span class='ocrx_word' id='word_1_769' title='bbox 1504 5790 1555 5843; x_wconf 88' lang='grc'><strong><em>9.</em></strong></span> 
     </span>
    </p>
   </div>
   <div class='ocr_carea' id='block_1_107' title="bbox 2207 4690 3811 4766">
    <p class='ocr_par' dir='ltr' id='par_1_107' title="bbox 2207 4690 3811 4766">
     <span class='ocr_line' id='line_1_107' title="bbox 2207 4690 3811 4766; baseline 0.001 -20"><span class='ocrx_word' id='word_1_770' title='bbox 2207 4695 2257 4747; x_wconf 83' lang='grc' dir='ltr'>οἱ</span> <span class='ocrx_word' id='word_1_771' title='bbox 2305 4695 2439 4766; x_wconf 81' lang='grc' dir='ltr'>μήτε</span> <span class='ocrx_word' id='word_1_772' title='bbox 2475 4694 2583 4747; x_wconf 88' lang='grc' dir='ltr'><strong><em>τῶν</em></strong></span> <span class='ocrx_word' id='word_1_773' title='bbox 2631 4693 2997 4764; x_wconf 76' lang='grc' dir='ltr'>ψευδωνύμων</span> <span class='ocrx_word' id='word_1_774' title='bbox 3046 4693 3381 4756; x_wconf 86' lang='grc' dir='ltr'>ἀποστάντες</span> <span class='ocrx_word' id='word_1_775' title='bbox 3436 4690 3595 4757; x_wconf 85' lang='grc' dir='ltr'>θεῶν,</span> <span class='ocrx_word' id='word_1_776' title='bbox 3649 4695 3811 4747; x_wconf 62' lang='lat' dir='ltr'><strong><em>hce-</em></strong></span> 
     </span>
    </p>
   </div>
   <div class='ocr_carea' id='block_1_108' title="bbox 2208 4783 3813 4858">
    <p class='ocr_par' dir='ltr' id='par_1_108' title="bbox 2208 4783 3813 4858">
     <span class='ocr_line' id='line_1_108' title="bbox 2208 4783 3813 4858; baseline -0.002 -18"><span class='ocrx_word' id='word_1_777' title='bbox 2208 4787 2441 4849; x_wconf 88' lang='grc' dir='ltr'>θνεῶτες</span> <span class='ocrx_word' id='word_1_778' title='bbox 2462 4786 2515 4839; x_wconf 85' lang='grc' dir='ltr'>δὲ</span> <span class='ocrx_word' id='word_1_779' title='bbox 2533 4788 2624 4839; x_wconf 66' lang='grc' dir='ltr'><strong><em>καὶ</em></strong></span> <span class='ocrx_word' id='word_1_780' title='bbox 2649 4788 2768 4849; x_wconf 81' lang='grc' dir='ltr'>ταῖς</span> <span class='ocrx_word' id='word_1_781' title='bbox 2790 4787 2997 4839; x_wconf 78' lang='grc' dir='ltr'>ἑαυτῶν</span> <span class='ocrx_word' id='word_1_782' title='bbox 3021 4786 3337 4857; x_wconf 86' lang='grc' dir='ltr'>ἁμαρτίαις,</span> <span class='ocrx_word' id='word_1_783' title='bbox 3356 4783 3415 4836; x_wconf 85' lang='grc' dir='ltr'><strong><em>τὸ</em></strong></span> <span class='ocrx_word' id='word_1_784' title='bbox 3440 4783 3615 4853; x_wconf 74' lang='grc' dir='ltr'>ὄνομα</span> <span class='ocrx_word' id='word_1_785' title='bbox 3643 4788 3813 4858; x_wconf 80' lang='grc' dir='ltr'>ὑμῶν</span> 
     </span>
    </p>
   </div>
   <div class='ocr_carea' id='block_1_109' title="bbox 2209 4875 3810 4950">
    <p class='ocr_par' dir='ltr' id='par_1_109' title="bbox 2209 4875 3810 4950">
     <span class='ocr_line' id='line_1_109' title="bbox 2209 4875 3810 4950; baseline 0.001 -18"><span class='ocrx_word' id='word_1_786' title='bbox 2209 4880 2289 4943; x_wconf 87' lang='grc' dir='ltr'><strong><em>είς</em></strong></span> <span class='ocrx_word' id='word_1_787' title='bbox 2336 4878 2687 4950; x_wconf 86' lang='grc' dir='ltr'>πλησμονὴν,</span> <span class='ocrx_word' id='word_1_788' title='bbox 2754 4880 2921 4949; x_wconf 72' lang='grc' dir='ltr'>ἤγουν</span> <span class='ocrx_word' id='word_1_789' title='bbox 2971 4881 3049 4941; x_wconf 82' lang='grc' dir='ltr'><strong><em>εἰς</em></strong></span> <span class='ocrx_word' id='word_1_790' title='bbox 3082 4882 3237 4948; x_wconf 89' lang='grc' dir='ltr'>μῖσος</span> <span class='ocrx_word' id='word_1_791' title='bbox 3279 4875 3642 4944; x_wconf 72' lang='grc' dir='ltr'>κατελείψατε</span> <span class='ocrx_word' id='word_1_792' title='bbox 3689 4885 3810 4944; x_wconf 85' lang='grc' dir='ltr'>τοῖς</span> 
     </span>
    </p>
   </div>
   <div class='ocr_carea' id='block_1_110' title="bbox 2207 4968 3813 5041">
    <p class='ocr_par' dir='ltr' id='par_1_110' title="bbox 2207 4968 3813 5041">
     <span class='ocr_line' id='line_1_110' title="bbox 2207 4968 3813 5041; baseline 0 -17"><span class='ocrx_word' id='word_1_793' title='bbox 2207 4970 2483 5033; x_wconf 77' lang='grc' dir='ltr'>ἐκλεκτοῖς</span> <span class='ocrx_word' id='word_1_794' title='bbox 2520 4988 2622 5040; x_wconf 89' lang='grc' dir='ltr'><strong><em>μου</em></strong></span> <span class='ocrx_word' id='word_1_795' title='bbox 2646 4988 2658 5002; x_wconf 78' lang='grc' dir='ltr'><strong><em>ο</em></strong></span> <span class='ocrx_word' id='word_1_796' title='bbox 2697 4974 2807 5035; x_wconf 88' lang='grc' dir='ltr'>τοῖς</span> <span class='ocrx_word' id='word_1_797' title='bbox 2838 4970 2945 5041; x_wconf 78' lang='grc' dir='ltr'>γὰρ</span> <span class='ocrx_word' id='word_1_798' title='bbox 2976 4969 3121 5036; x_wconf 77' lang='grc' dir='ltr'>ἅπαξ</span> <span class='ocrx_word' id='word_1_799' title='bbox 3150 4968 3568 5039; x_wconf 80' lang='grc' dir='ltr'>ἐξειλεγμένοις,</span> <span class='ocrx_word' id='word_1_800' title='bbox 3617 4971 3813 5035; x_wconf 73' lang='grc' dir='ltr'>οὐδεὶς</span> 
     </span>
    </p>
   </div>
   <div class='ocr_carea' id='block_1_111' title="bbox 2205 5061 3809 5132">
    <p class='ocr_par' dir='ltr' id='par_1_111' title="bbox 2205 5061 3809 5132">
     <span class='ocr_line' id='line_1_111' title="bbox 2205 5061 3809 5132; baseline 0.002 -18"><span class='ocrx_word' id='word_1_801' title='bbox 2205 5062 2266 5115; x_wconf 79' lang='grc' dir='ltr'>τὸ</span> <span class='ocrx_word' id='word_1_802' title='bbox 2308 5062 2419 5114; x_wconf 86' lang='grc' dir='ltr'><strong><em>τῶν</em></strong></span> <span class='ocrx_word' id='word_1_803' title='bbox 2472 5062 2884 5132; x_wconf 86' lang='grc' dir='ltr'>δεισιδαιμόνων</span> <span class='ocrx_word' id='word_1_804' title='bbox 2913 5062 3086 5132; x_wconf 82' lang='grc' dir='ltr'>δνομα</span> <span class='ocrx_word' id='word_1_805' title='bbox 3137 5063 3371 5114; x_wconf 86' lang='grc' dir='ltr'>ποιεῖται</span> <span class='ocrx_word' id='word_1_806' title='bbox 3422 5061 3809 5129; x_wconf 78' lang='grc' dir='ltr'>παρὰδεκτον.</span> 
     </span>
    </p>
   </div>
   <div class='ocr_carea' id='block_1_112' title="bbox 2203 5152 3812 5224">
    <p class='ocr_par' dir='ltr' id='par_1_112' title="bbox 2203 5152 3812 5224">
     <span class='ocr_line' id='line_1_112' title="bbox 2203 5152 3812 5224; baseline 0.002 -17"><span class='ocrx_word' id='word_1_807' title='bbox 2203 5154 2400 5223; x_wconf 83' lang='grc' dir='ltr'>Φεύγει</span> <span class='ocrx_word' id='word_1_808' title='bbox 2440 5154 2497 5207; x_wconf 83' lang='grc' dir='ltr'>δὲ</span> <span class='ocrx_word' id='word_1_809' title='bbox 2543 5154 2689 5218; x_wconf 80' lang='grc' dir='ltr'>ἅπας</span> <span class='ocrx_word' id='word_1_810' title='bbox 2717 5154 2777 5206; x_wconf 83' lang='grc' dir='ltr'><strong><em>τὸ</em></strong></span> <span class='ocrx_word' id='word_1_811' title='bbox 2813 5153 3095 5207; x_wconf 89' lang='grc' dir='ltr'>καλεῖσθαι</span> <span class='ocrx_word' id='word_1_812' title='bbox 3131 5152 3411 5224; x_wconf 78' lang='grc' dir='ltr'>θεομισὴς,</span> <span class='ocrx_word' id='word_1_813' title='bbox 3444 5154 3539 5203; x_wconf 79' lang='grc' dir='ltr'><strong><em>καὶ</em></strong></span> <span class='ocrx_word' id='word_1_814' title='bbox 3574 5154 3812 5209; x_wconf 81' lang='grc' dir='ltr'>εἰδωλο-</span> 
     </span>
    </p>
   </div>
   <div class='ocr_carea' id='block_1_113' title="bbox 2202 5244 3811 5319">
    <p class='ocr_par' dir='ltr' id='par_1_113' title="bbox 2202 5244 3811 5319">
     <span class='ocr_line' id='line_1_113' title="bbox 2202 5244 3811 5319; baseline -0.001 -18"><span class='ocrx_word' id='word_1_815' title='bbox 2202 5247 2411 5319; x_wconf 84' lang='grc' dir='ltr'>λάτρης</span> <span class='ocrx_word' id='word_1_816' title='bbox 2455 5246 2671 5309; x_wconf 84' lang='grc' dir='ltr'>ἀνόσιός</span> <span class='ocrx_word' id='word_1_817' title='bbox 2712 5262 2771 5297; x_wconf 90' lang='grc' dir='ltr'>τε</span> <span class='ocrx_word' id='word_1_818' title='bbox 2802 5245 2896 5297; x_wconf 81' lang='grc' dir='ltr'><strong><em>καὶ</em></strong></span> <span class='ocrx_word' id='word_1_819' title='bbox 2944 5245 3169 5315; x_wconf 78' lang='grc' dir='ltr'>βέϐηλος</span> <span class='ocrx_word' id='word_1_820' title='bbox 3194 5263 3208 5275; x_wconf 91' lang='grc'><strong>·</strong></span> <span class='ocrx_word' id='word_1_821' title='bbox 3241 5244 3449 5313; x_wconf 82' lang='grc' dir='ltr'>ἐφίεται</span> <span class='ocrx_word' id='word_1_822' title='bbox 3482 5244 3539 5297; x_wconf 89' lang='grc' dir='ltr'><strong><em>δέ</em></strong></span> <span class='ocrx_word' id='word_1_823' title='bbox 3586 5248 3811 5315; x_wconf 73' lang='grc' dir='ltr'>μᾶλλον</span> 
     </span>
    </p>
   </div>
   <div class='ocr_carea' id='block_1_114' title="bbox 2205 5336 3811 5406">
    <p class='ocr_par' dir='ltr' id='par_1_114' title="bbox 2205 5336 3811 5406">
     <span class='ocr_line' id='line_1_114' title="bbox 2205 5336 3811 5406; baseline 0.001 -14"><span class='ocrx_word' id='word_1_824' title='bbox 2205 5338 2301 5392; x_wconf 89' lang='grc' dir='ltr'><strong><em>τοῦ</em></strong></span> <span class='ocrx_word' id='word_1_825' title='bbox 2339 5338 2623 5391; x_wconf 86' lang='grc' dir='ltr'>καλεῖσθαι</span> <span class='ocrx_word' id='word_1_826' title='bbox 2652 5337 2781 5401; x_wconf 84' lang='grc' dir='ltr'>λαὸς</span> <span class='ocrx_word' id='word_1_827' title='bbox 2812 5337 2991 5405; x_wconf 85' lang='grc' dir='ltr'>ἆγιος,</span> <span class='ocrx_word' id='word_1_828' title='bbox 3028 5336 3180 5400; x_wconf 75' lang='grc' dir='ltr'>ἔθνος</span> <span class='ocrx_word' id='word_1_829' title='bbox 3212 5337 3486 5400; x_wconf 81' lang='grc' dir='ltr'>ἐκλεκτὸν,</span> <span class='ocrx_word' id='word_1_830' title='bbox 3519 5337 3811 5406; x_wconf 64' lang='grc' dir='ltr'>βασίλειον</span> 
     </span>
    </p>
   </div>
   <div class='ocr_carea' id='block_1_115' title="bbox 2207 5428 3815 5501">
    <p class='ocr_par' dir='ltr' id='par_1_115' title="bbox 2207 5428 3815 5501">
     <span class='ocr_line' id='line_1_115' title="bbox 2207 5428 3815 5501; baseline -0.002 -18"><span class='ocrx_word' id='word_1_831' title='bbox 2207 5430 2528 5501; x_wconf 67' lang='grc' dir='ltr'>ἱεράτευμα,</span> <span class='ocrx_word' id='word_1_832' title='bbox 2553 5428 2695 5482; x_wconf 81' lang='grc' dir='ltr'>κατὰ</span> <span class='ocrx_word' id='word_1_833' title='bbox 2721 5431 2820 5499; x_wconf 81' lang='grc' dir='ltr'><strong><em>τὴν</em></strong></span> <span class='ocrx_word' id='word_1_834' title='bbox 2851 5429 3139 5482; x_wconf 86' lang='grc' dir='ltr'>θεσπεσίου</span> <span class='ocrx_word' id='word_1_835' title='bbox 3176 5429 3383 5498; x_wconf 85' lang='grc' dir='ltr'>Πέτρου</span> <span class='ocrx_word' id='word_1_836' title='bbox 3412 5429 3618 5498; x_wconf 79' lang='grc' dir='ltr'>φωνήν.</span> <span class='ocrx_word' id='word_1_837' title='bbox 3652 5430 3723 5481; x_wconf 84' lang='grc' dir='ltr'><strong>Εἰ</strong></span> <span class='ocrx_word' id='word_1_838' title='bbox 3754 5433 3815 5485; x_wconf 72' lang='grc' dir='ltr'>δὲ</span> 
     </span>
    </p>
   </div>
   <div class='ocr_carea' id='block_1_116' title="bbox 2206 5519 3817 5594">
    <p class='ocr_par' dir='ltr' id='par_1_116' title="bbox 2206 5519 3817 5594">
     <span class='ocr_line' id='line_1_116' title="bbox 2206 5519 3817 5594; baseline -0.002 -17"><span class='ocrx_word' id='word_1_839' title='bbox 2206 5523 2270 5594; x_wconf 83' lang='grc' dir='ltr'>δὴ</span> <span class='ocrx_word' id='word_1_840' title='bbox 2297 5522 2538 5593; x_wconf 83' lang='grc' dir='ltr'>βούλοιτό</span> <span class='ocrx_word' id='word_1_841' title='bbox 2558 5540 2642 5587; x_wconf 87' lang='grc' dir='ltr'><strong><em>τις</em></strong></span> <span class='ocrx_word' id='word_1_842' title='bbox 2668 5526 2778 5586; x_wconf 88' lang='grc' dir='ltr'>τοῖς</span> <span class='ocrx_word' id='word_1_843' title='bbox 2809 5521 2867 5588; x_wconf 81' lang='grc' dir='ltr'><strong><em>ἐξ</em></strong></span> <span class='ocrx_word' id='word_1_844' title='bbox 2894 5522 3124 5593; x_wconf 84' lang='grc' dir='ltr'>αἵματος</span> <span class='ocrx_word' id='word_1_845' title='bbox 3156 5520 3371 5593; x_wconf 79' lang='grc' dir='ltr'>Ἰσραὴλ</span> <span class='ocrx_word' id='word_1_846' title='bbox 3391 5519 3711 5590; x_wconf 80' lang='grc' dir='ltr'>ἐφαρμόσαι</span> <span class='ocrx_word' id='word_1_847' title='bbox 3748 5522 3817 5575; x_wconf 74' lang='grc' dir='ltr'><strong><em>τὸ</em></strong></span> 
     </span>
    </p>
   </div>
   <div class='ocr_carea' id='block_1_117' title="bbox 2210 5612 3815 5685">
    <p class='ocr_par' dir='ltr' id='par_1_117' title="bbox 2210 5612 3815 5685">
     <span class='ocr_line' id='line_1_117' title="bbox 2210 5612 3815 5685; baseline 0.001 -19"><span class='ocrx_word' id='word_1_848' title='bbox 2210 5614 2518 5685; x_wconf 84' lang='grc' dir='ltr'>εἰρημένον,</span> <span class='ocrx_word' id='word_1_849' title='bbox 2552 5615 2637 5667; x_wconf 84' lang='grc' dir='ltr'><strong><em>ἵνα</em></strong></span> <span class='ocrx_word' id='word_1_850' title='bbox 2676 5613 2811 5682; x_wconf 79' lang='grc' dir='ltr'>πρὸς</span> <span class='ocrx_word' id='word_1_851' title='bbox 2851 5613 3050 5679; x_wconf 77' lang='grc' dir='ltr'>αὐτοὺς</span> <span class='ocrx_word' id='word_1_852' title='bbox 3097 5612 3324 5685; x_wconf 81' lang='grc' dir='ltr'>λέγηται</span> <span class='ocrx_word' id='word_1_853' title='bbox 3356 5612 3439 5681; x_wconf 87' lang='grc' dir='ltr'><strong><em>τὸ,</em></strong></span> <span class='ocrx_word' id='word_1_854' title='bbox 3480 5630 3497 5663; x_wconf 76' lang='grc' dir='ltr'><strong><em>ι</em></strong></span> <span class='ocrx_word' id='word_1_855' title='bbox 3531 5612 3815 5667; x_wconf 77' lang='grc' dir='ltr'>Κατελείσ</span> 
     </span>
    </p>
   </div>
  </div>
