4022 6400
268 362 403 431 tt‘t‘t
1362 365 1434 425 ἸΝ
1474 368 1702 423 ιδΑιΑιι
1735 363 1870 422 LIB.
1914 367 1975 422 v.
2019 356 2253 421 TOM'US
2295 363 2379 419 Vl.
3374 372 3513 428 ms

263 491 402 560 φατε
433 488 494 541 τὸ
532 487 704 558 ὄνομα
742 489 894 560 ὑμῶν
938 492 1018 555 είς
1058 491 1376 562 πλησμονὴν
1421 492 1531 553 τοῖς
1561 488 1836 551 ἐκλεκτοῖς

1941 495 2053 546 toto
2082 486 2284 556 impetu
2321 493 2668 554 proruerunt,
2708 484 2809 540 hac
2851 494 2994 540 tanta
3024 485 3096 542 illi
3149 487 3318 558 gloria
3371 492 3517 546 exci-

269 599 372 652 μου
393 598 406 611 ·
441 601 459 633 ι
497 581 697 652 φαμὲν,
730 582 812 634 ὅτι
853 582 1018 636 τέκνα
1049 582 1204 646 Θεοῦ,
1240 582 1335 634 καὶ
1370 582 1496 646 λαὸς
1529 582 1716 646 αὑτοῦ,
1748 580 1839 633 καὶ

1941 581 2152 644 derunt,
2196 593 2424 647 eamque
2456 577 2600 631 velut
2630 578 2974 634 haereditario
2997 580 3123 648 jure
3159 581 3518 651 possederunt

265 672 467 743 κλῆρος
492 671 737 724 ἐκαλεῖτο
753 673 851 742 μὲν
876 674 904 726 ὁ
936 673 1153 742 Ἰσραήλ
1171 690 1185 704 ο
1213 673 1400 744 ἐπειδὴ
1423 674 1480 727 δὲ
1504 671 1836 726 κατώλισθον

1941 671 2029 740 qui
2055 686 2120 726 ex
2147 671 2401 740 gentibus
2439 669 2616 722 vocati
2668 679 2814 726 sunt.
2873 669 2938 724 Et
2984 671 3086 725 hoc
3142 680 3246 740 est,
3302 673 3513 743 Opinor,

265 765 509 834 ἀσχέτως
540 766 618 828 είς
643 765 703 818 τὸ
731 765 964 836 ὲξήνιον,
988 767 1377 822 ὲκπεπτώκασι
1407 768 1504 838 μὲν
1533 767 1632 836 τῆς
1656 766 1838 820 τοιαύ-

1941 763 2080 834 quod
2131 762 2266 816 dixit
2293 762 2434 816 Deus
2470 777 2600 816 voce
2633 759 2770 817 Osee
2813 779 2826 816 :
2863 781 2882 814 ι
2925 760 3144 820 Vocabo
3173 781 3281 820 non
3339 779 3513 836 p0pu-

264 874 366 925 της
389 857 547 929 δόξης
570 859 744 921 αὐτοὶ,
763 858 1279 931 κεκληρονομήκασι
1308 859 1366 914 δὲ
1395 860 1585 931 ὥσπερ
1609 859 1771 913 αὑτὸν
1789 859 1839 911 oi

1941 856 2045 910 lum
2067 869 2269 918 meum,
2301 852 2555 924 populum
2604 869 2814 909 meum:
2865 862 2920 910 et
2962 855 3139 911 dicam
3171 871 3280 912 non
3315 857 3515 928 populo

266 948 325 1012 ἐξ
351 950 519 1002 ἐθνῶν
555 951 898 1021 κεκλημένον
926 952 1204 1017 καὶτοῦτο,
1220 948 1392 1023 οἶμαι,
1418 952 1712 1023 ὲστὶνὸπερ
1731 951 1834 1021 ἔφη

1941 961 2076 1012 meo,
2115 943 2350 1016 Populus
2399 959 2554 998 meus
2577 958 2638 1000 es
2675 954 2730 997 tu
2763 945 2828 996 θ’.
2856 963 2876 994 ι

238 1043 396 1116 ,Θεὸς
458 1043 546 1097 διὰ
580 1046 765 1116 φωνῆς
811 1047 988 1117 Ὠσηέ·
1043 1065 1068 1100 1
1104 1047 1332 1102 Καλέσω
1373 1049 1467 1102 τὸν
1508 1048 1569 1100 οὐ
1612 1046 1739 1100 λαόν
1774 1062 1897 1116 μου,
1937 1042 2064 1096 λαόν
2106 1057 2239 1112 μου,
2284 1040 2380 1092 καὶ
2430 1039 2540 1110 ἐρῶ
2578 1038 2656 1109 τῷ
2701 1039 2761 1092 ού
2805 1039 2917 1110 λαῷ
2956 1058 3056 1111 μου
3082 1059 3096 1071 υ
3142 1041 3286 1106 Λαός
3331 1059 3435 1114 μου
3466 1038 3520 1096 εἴ

265 1153 352 1189 συ.
387 1155 406 1186 ι

339 1231 472 1298 Τοῖς
508 1231 577 1286 δὲ
603 1233 1005 1288 δουλεύουσιν
1036 1232 1218 1300 αὐτῷ,
1241 1235 1610 1304 κληθήσεται
1654 1233 1842 1302 ὄνομα

265 1324 497 1387 καινὸν,
539 1323 570 1377 ὃ
606 1325 1079 1395 εὐλογηθήσεται
1121 1325 1219 1379 ἐπὶ
1263 1325 1374 1394 τῆς
1414 1325 1553 1396 γῆς’
1586 1325 1840 1395 εὐλογή-

266 1429 446 1468 σουσι
479 1416 588 1486 γὰρ
620 1417 726 1470 τὸν
751 1416 898 1471 Θεὸν
911 1417 1017 1471 τὸν
1036 1417 1342 1486 ἀληθινόν.
1366 1419 1473 1474 Καὶ
1505 1421 1560 1472 οι
1586 1418 1842 1486 ὀμνύον-

265 1519 365 1572 τες
407 1507 506 1560 ἐπὶ
555 1506 665 1575 τῆς
716 1507 846 1576 γῆς,
898 1509 1182 1577 ὀμοῦνται
1222 1510 1330 1564 τὸν
1378 1509 1526 1564 Θεὸν·
1559 1509 1667 1563 τὸν
1693 1509 1844 1576 ἀλη-

266 1598 465 1652 θινόν-ο
514 1598 908 1664 ἐπιλήσονται
949 1599 1058 1670 γὰρ
1103 1601 1219 1670 ἑὴν
1250 1603 1462 1671 θλίψιν
1491 1600 1691 1656 αὐτῶν
1726 1601 1841 1668 τὴν

266 1689 527 1759 πρώτην,
557 1692 652 1744 καὶ
677 1694 789 1745 οὐκ
819 1693 1186 1760 ἀναϐήσεται
1208 1692 1409 1748 αὐτῶν
1431 1694 1529 1748 ἐπὶ
1568 1694 1684 1762 τὴν
1703 1709 1841 1762 καρ-

266 1779 423 1835 δίαν.
475 1784 687 1835 Ἔσται
733 1782 841 1853 γὰρ
876 1787 908 1838 ό
955 1785 1212 1854 οὐρανὸς
1246 1783 1473 1851 καινὸς,
1529 1785 1629 1838 καὶ
1670 1786 1709 1853 ἡ
1765 1782 1840 1854 γῆ
1873 1819 1916 1874 Β

267 1871 466 1939 καινὴ,
504 1874 602 1926 καὶ
635 1875 706 1927 οὺ
749 1873 837 1944 μὴ
859 1874 1326 1944 μνησθῶσιοτῶν
1363 1875 1682 1946 προτέρων,
1715 1875 1842 1928 οὐδ’

267 1965 338 2016 οὐ
361 1963 448 2032 μὴ
481 1963 703 2034 ἐπέλθῃ
735 1965 932 2020 αὐτῶν
961 1967 1061 2020 ἐπὶ
1103 1966 1219 2036 τὴν
1265 1967 1536 2036 καρδίαν,
1569 1967 1712 2022 ἀλλ’
1743 1969 1844 2020 ei)-

266 2057 583 2124 φροσύνην
609 2057 707 2110 καὶ
737 2057 1080 2128 ἀγαλλίαμα
1100 2058 1478 2128 εὑρήσουσιν
1507 2060 1575 2112 ἐν
1597 2057 1770 2126 αὐτῇ.

338 2145 523 2198 Πάντα
554 2147 774 2214 γέγονεν
804 2150 861 2200 ὲν
894 2147 1114 2218 Χριστῷ
1143 2148 1325 2212 καινὰ,
1355 2147 1450 2201 καὶ
1472 2146 1717 2218 λατρεία,
1749 2145 1844 2199 καὶ

269 2235 403 2305 ζωὴ,
449 2235 546 2286 καὶ
578 2235 866 2306 νομοθεσία
887 2250 902 2264 ⁸
946 2237 1004 2290 ού
1039 2239 1149 2307 γὰρ
1179 2239 1361 2301 σκιαῖς
1409 2236 1490 2290 ἔτι
1523 2237 1618 2289 καὶ
1651 2235 1843 2300 τύποις

267 2329 546 2396 ἀνονήτοις
574 2327 946 2398 προσκείμεθα
967 2345 980 2360 ο
1011 2326 1272 2399 τελοῦμεν
1300 2328 1357 2381 δὲ
1392 2329 1598 2398 ,μᾶλλον
1634 2327 1712 2398 τῷ
1750 2327 1842 2380 ἐπὶ

267 2417 486 2471 πάντων
523 2417 641 2488 Θεῷ
693 2419 791 2490 τήν
819 2421 874 2471 ὲν
914 2419 1265 2490 πνεύματίτε
1295 2420 1388 2472 καὶ
1425 2419 1653 2490 ἀληθείᾳ
1677 2435 1843 2490 προσ-

267 2510 494 2580 κύνησιν
549 2511 644 2564 καὶ
669 2510 945 2581 λατρείαν.
980 2510 1405 2582 Χρηματίζθμεν
1434 2511 1490 2564 δὲ
1518 2511 1579 2564 οὐ
1609 2511 1752 2564 κατά
1777 2527 1842 2578 γε

266 2604 390 2666 τοὺς
422 2603 482 2666 ὲξ
508 2603 736 2672 αἵματος
767 2602 1000 2673 Ἰσραὴλ,
1035 2602 1111 2666 ὡς
1143 2604 1208 2656 ὲκ
1229 2601 1339 2656 τῶν
1363 2601 1696 2674 γενεαρχῶν,
1722 2603 1840 2673 ἢτοι

267 2695 542 2765 πατέρων,
580 2693 839 2765 Ἐφραίμ,
869 2695 902 2766 ἢ
939 2694 1285 2765 Maliaci-sibi)
1324 2695 1419 2748 καὶ
1445 2694 1520 2757 ὡς
1553 2693 1610 2758 ἐξ
1649 2693 1841 2761 ἑτέρας

269 2788 478 2857 φυλῆς,
513 2787 629 2840 ἀλλ’
668 2788 786 2840 οὐδὲ
825 2786 923 2858 τὴν
965 2785 1072 2839 τῶν
1110 2786 1488 2857 Γραμματέων
1541 2786 1634 2838 καὶ
1677 2786 1842 2855 Φαρι-

270 2879 436 2932 σαίων
458 2878 729 2950 ἐρχόμεθα
759 2877 964 2948 τρίϐον,
1001 2878 1098 2948 τὴν
1128 2877 1221 2930 τοῦ
1250 2877 1578 2948 γράμματος
1617 2874 1841 2929 παλαιό-

266 2989 407 3042 τητα
435 2970 528 3024 τοῦ
567 2972 766 3034 παντὸς
799 2969 1072 3035 ἀξιοῦντες
1109 2970 1288 3038 λόγου,
1322 2970 1435 3023 ἀλλ’
1474 2971 1532 3022 ἐν
1563 2969 1838 3038 καινότητι

268 3061 415 3134 ζωῆς
455 3062 816 3134 εύαγγελικῆς
866 3062 1163 3131 προσίεμεν
1188 3059 1264 3130 τῷ
1307 3059 1554 3130 Χριστῷ,
1603 3060 1698 3112 καὶ
1739 3059 1838 3130 τὴν

2021 1218 2184 1275 Vsus.
2202 1218 2386 1274 l6-18.
2410 1220 2473 1273 At
2498 1221 2589 1290 qui
2613 1222 2840 1275 serviunt
2862 1223 2930 1288 ei,
2956 1225 3285 1280 vocabuntur
3310 1231 3520 1288 nomine

1942 1328 2105 1379 ﬂavo,
2137 1312 2225 1364 cui
2252 1312 2581 1366 benedicatur
2605 1328 2760 1382 super
2785 1322 3013 1371 terram:
3044 1317 3343 1374 benedicent
3377 1323 3520 1376 enim

1948 1405 2118 1460 Deum
2159 1421 2354 1459 verum.
2387 1403 2456 1458 Et
2496 1407 2584 1473 qui
2617 1406 2806 1476 jurant
2853 1409 2906 1462 in
2948 1417 3110 1475 terra,
3129 1410 3387 1480 jurabunt
3427 1432 3521 1485 per

1949 1496 2118 1550 Deum
2148 1511 2324 1550 verum
2351 1511 2371 1550 :
2401 1496 2769 1552 obliviscantur
2793 1500 2932 1553 enim
2963 1502 3272 1570 afﬂictionis
3304 1507 3518 1574 prioris,

1945 1603 2108 1658 neque
2129 1589 2292 1642 ueniet
2314 1588 2368 1641 in
2396 1604 2487 1640 cor
2513 1605 2715 1644 eorum.
2747 1589 2862 1644 Erit
2890 1593 3027 1647 enim
3057 1595 3241 1649 coelum
3259 1614 3448 1653 novum
3468 1610 3517 1656 et

1946 1687 2090 1732 terra
2116 1695 2271 1743 nova,
2310 1693 2356 1732 et
2388 1696 2490 1734 non
2522 1683 2939 1738 recordabuntur
2965 1687 3226 1754 priorum,
3250 1707 3411 1760 neque
3435 1709 3520 1747 u-

1945 1771 2082 1824 nient
2111 1770 2217 1824 illis
2259 1772 2314 1824 in
2360 1782 2604 1839 mentem,
2636 1774 2726 1826 sed
2755 1776 2998 1832 lwtitiam
3029 1788 3077 1833 et
3115 1781 3518 1840 exsultationem

1943 1870 2201 1913 inuenient
2228 1876 2282 1912 ιη
2308 1875 2393 1912 ea.

2010 2143 2203 2201 Omnia
2235 2145 2379 2202 facta
2408 2159 2535 2204 sunt
2559 2150 2613 2206 in
2634 2150 2858 2209 Christo
2884 2170 3044 2222 nova,
3073 2158 3418 2226 cultus,vita,
3442 2164 3519 2220 le-

1941 2236 2176 2306 gislatio.
2213 2237 2329 2292 Non
2375 2240 2523 2295 enim
2562 2242 2672 2312 jam
2715 2245 2921 2300 umbris
2952 2258 3007 2303 et
3052 2251 3192 2321 typis
3238 2251 3517 2310 inutilibus

1942 2330 2395 2398 adhaerescimus,
2428 2333 2527 2388 sed
2572 2334 2702 2404 Deo,
2750 2338 2840 2406 qui
2883 2355 3044 2409 supra
3077 2357 3265 2400 omnes
3315 2355 3418 2411 est,
3463 2350 3514 2402 iu

1942 2420 2132 2488 spiritu
2180 2430 2236 2475 et
2278 2423 2504 2479 veritate
2538 2427 2741 2483 cultum
2783 2443 3101 2500 praestamus
3133 2444 3189 2491 et
3216 2441 3517 2493 veneratio-

1943 2523 2086 2564 nem.
2138 2509 2322 2580 Neque
2377 2515 2714 2583 appellamur
2752 2520 2917 2593 900
2950 2533 3007 2578 ut
3052 2524 3351 2583 Israelitico
3391 2545 3514 2585 sau-

1940 2602 2102 2669 guiue
2125 2603 2362 2669 oriundi,
2401 2606 2485 2660 vel
2517 2617 2575 2660 ut
2612 2626 2677 2664 ex
2707 2614 2884 2680 gentis
2909 2616 3270 2688 principibus,
3300 2631 3391 2676 aut
3421 2638 3512 2692 pa-

1942 2694 2144 2761 tribus,
2189 2695 2484 2766 Ephraim,
2530 2701 2612 2756 vel
2643 2702 2918 2775 Manasse,
2971 2710 3057 2765 vel
3104 2726 3168 2766 ex
3214 2713 3316 2769 alia
3357 2718 3512 2785 quas‘

1941 2785 2106 2849 tribu,
2157 2788 2249 2840 sed
2269 2803 2442 2858 neque
2479 2790 2791 2850 Scribarum
2843 2805 2898 2852 et
2928 2797 3323 2858 Pharisaeorum
3368 2807 3510 2862 viam

1939 2873 2289 2945 ingredimur,
2314 2879 2508 2937 litterae
2535 2890 2857 2942 vetustatem
2897 2904 3110 2946 summo
3155 2894 3414 2952 habentes
3455 2899 3509 2954 in

1942 2970 2139 3036 pretio,
2166 2973 2260 3026 sed
2288 2973 2340 3026 in
2369 2975 2608 3030 novitate
2634 2977 2757 3032 vita:
2786 2981 3108 3050 evangelicae
3140 2987 3206 3040 ad
3232 2987 3509 3043 Christum

1940 3063 2266 3125 accedimus.
2309 3075 2362 3120 et
2395 3081 2588 3122 nomen
2612 3069 2730 3138 ejus
2758 3071 2904 3128 velut
2929 3087 3127 3130 corona
3168 3079 3414 3150 insigniti
3452 3091 3511 3136 et

265 3158 360 3211 ἀπ’
383 3157 546 3210 αὑτοῦ
578 3157 789 3228 κλῆσιν,
821 3155 1008 3227 ὥσπερ
1031 3155 1152 3209 τινὰ
1185 3157 1445 3220 στέφανον
1466 3154 1839 3224 ἀναδούμενοι,

1945 3153 2200 3220 redimiti,
2229 3155 2528 3213 Christiani
2564 3175 2964 3232 nuncupamur.
2998 3165 3112 3222 lloc
3153 3180 3236 3225 est
3263 3173 3392 3229 illud
3421 3190 3514 3231 ce-

267 3249 676 3322 χρηματίζομεν
710 3248 1051 3319 Χριστιανοί.
1084 3246 1256 3301 Τοῦτο
1309 3247 1374 3318 δὴ
1409 3246 1471 3300 τὸ
1516 3246 1836 3317 διαϐόητον,

267 3345 360 3396 καὶ
385 3341 747 3415 εύλογημένον
780 3341 953 3410 ὄνομα
983 3339 1125 3393 κατὰ
1156 3340 1334 3393 πᾶσάν
1359 3340 1476 3392 ὲστι
1505 3337 1603 3409 τήν
1624 3338 1714 3391 ὑπ’
1746 3338 1839 3390 ού-

269 3435 445 3505 ρανόν.
481 3434 698 3506 Ἐπειδὴ
728 3434 784 3488 δὲ
814 3433 1092 3504 ηύλογήθη
1103 3451 1200 3503 μεν
1247 3433 1399 3505 παρὰ
1439 3433 1696 3503 Χριστοῦ,
1745 3433 1840 3487 καὶ

263 3532 422 3599 ἡμεῖς
455 3528 615 3582 αὑτὸν
646 3530 766 3592 ταῖς
810 3527 1079 3595 εὐλογίαις
1115 3527 1207 3581 καὶ
1243 3525 1643 3596 ἁκαταλήκτοις
1693 3524 1839 3589 δοξο-

262 3620 470 3688 λογίαις
507 3619 926 3690 κατευφραίνειν
957 3617 1347 3688 σπουδάζομεν.
1369 3617 1542 3670 Πάλαι
1575 3617 1672 3686 μὲν
1700 3616 1831 3686 γὰρ,

262 3712 380 3781 ήτοι
403 3712 510 3782 πρὸ
533 3712 631 3781 τῆς
674 3714 754 3773 είς
797 3711 956 3764 αὐτὸν
998 3712 1253 3774 πίστεως,
1285 3712 1396 3773 τοῖς
1424 3710 1522 3762 οὐκ
1549 3706 1668 3763 οὖσι
1695 3709 1837 3772 θεοῖς

261 3802 636 3871 ἐξυφαίνοντες
674 3803 775 3864 τὰς
797 3801 961 3872 ᾠδὰς,
993 3800 1307 3872 ἐγελώμεθα
1335 3800 1578 3863 δικαίως.
1623 3799 1836 3871 Ἐπειδὴ

259 3894 317 3947 δὲ
355 3898 447 3947 τὸν
487 3895 645 3962 φύσει
675 3894 804 3946 Θεὸν
841 3891 1183 3963 ἐγνώκαμεν,
1221 3892 1496 3964 ὑμνοῦμεν
1537 3892 1719 3956 αὐτὸν,
1745 3893 1837 3945 καὶ

259 3986 474 4057 καρπὸν
530 3985 754 4058 χειλέων
787 3987 881 4038 καὶ
925 3984 1170 4054 γλώττης
1199 3983 1347 4056 αὐτῷ
1373 3983 1834 4055 προσκομίζομεν,

258 4079 357 4143 τὰς
382 4078 689 4147 δοξολογίας
718 4078 882 4132 αὑτοῦ
916 4077 1272 4148 μεμνημένοι,
1297 4076 1396 4130 κᾶν
1417 4079 1466 4130 εί
1489 4076 1696 4146 γένοιτό
1720 4094 1838 4140 πως

259 4170 473 4241 ἀνάγκη
506 4170 599 4223 καὶ
644 4169 804 4240 χρεία
832 4169 930 4239 τῆς
972 4168 1059 4222 διὰ
1089 4169 1198 4222 τῶν
1227 4169 1405 4240 ὅρκων
1445 4167 1835 4239 πληροφορίας,

258 4260 343 4327 ἐφ’
372 4261 479 4330 ὅτῳ
509 4255 602 4312 οὖν
642 4260 751 4313 τῶν
792 4259 1130 4331 πραγμάτων
1159 4259 1416 4330 όμοῦνται
1448 4258 1538 4312 τὸν
1568 4258 1700 4312 Θεὸν
1746 4257 1838 4310 τὸν

258 4351 533 4422 ἀληθινόν.
567 4353 725 4415 Ἐθος
759 4352 856 4422 μὲν
889 4352 997 4424 γὰρ
1023 4354 1136 4415 τοῖς
1163 4354 1270 4404 τῶν
1301 4351 1534 4404 εἰδώλων
1564 4351 1834 4422 θεραπευ-

258 4447 399 4508 ταῖς,
430 4445 610 4513 δρκιον
640 4442 752 4496 ἔσθ’
787 4444 876 4496 ὅτε
917 4444 1187 4498 ποιεῖσθαι
1231 4443 1323 4496 τὸν
1368 4442 1622 4514 οὐρανὸν,
1657 4442 1692 4513 ἢ
1743 4442 1836 4494 καὶ

1943 3241 2360 3302 lehratissimum
2402 3259 2459 3304 et
2488 3263 2584 3320 per
2611 3267 2827 3310 omnem
2853 3267 3050 3312 terram
3088 3263 3186 3316 sub
3212 3266 3333 3321 creti
3357 3282 3510 3322 com-

1941 3334 2099 3404 plexu
2141 3337 2501 3394 benedictum.
2544 3341 2609 3396 Et
2645 3346 2771 3413 quia
2803 3361 2905 3402 nos
2946 3349 3215 3407 benedicti
3253 3370 3440 3413 sumus
3477 3375 3507 3412 ει

1939 3429 2181 3495 Christo,
2221 3434 2500 3488 studemus
2540 3436 2701 3488 etiam
2729 3451 2829 3493 nos
2855 3439 3004 3495 illum
3044 3444 3511 3506 benedictionibus

1937 3529 1995 3573 et
2015 3521 2286 3590 perpetuis
2324 3524 2568 3583 laudibus
2598 3527 2891 3586 oblectare.
2931 3532 3070 3589 Olim
3101 3539 3267 3604 enim,
3299 3551 3355 3596 ct
3384 3554 3510 3597 ante

1941 3609 2100 3664 ﬁdem
2137 3611 2190 3666 in
2223 3612 2418 3682 ipsum,
2451 3617 2584 3671 odas
2607 3629 2962 3678 contexentes
3001 3641 3105 3680 non
3131 3629 3254 3696 diis,
3279 3632 3404 3701 jure
3437 3637 3510 3688 ri-

1939 3701 2220 3760 debatnur.
2249 3705 2538 3776 Postquam
2585 3721 2764 3766 autem
2809 3725 3002 3772 natura
3029 3717 3202 3774 Deum
3235 3724 3504 3791 novimus,

1939 3793 2088 3849 illum
2124 3798 2491 3866 celebramus,
2535 3812 2589 3856 et
2625 3806 2862 3861 fructum
2906 3808 3169 3866 labiorum
3209 3830 3273 3870 ac
3314 3816 3508 3888 lingua:

1939 3888 2038 3954 ipsi
2080 3889 2377 3954 oﬂ'erimus,
2412 3892 2598 3949 laudes
2639 3897 2755 3963 ejus
2796 3914 3284 3962 counuemorantcs
3309 3925 3324 3962 :
3354 3909 3508 3980 sique

1938 3994 2076 4050 opus
2101 3997 2295 4037 ususvc
2328 3983 2492 4040 fuerit
2517 3985 2875 4058 jurisjurandi
2905 3994 3339 4064 confirmatione,
3365 3999 3418 4056 in
3449 4017 3507 4055 re

1938 4074 2212 4142 quapiam,
2252 4074 2445 4140 juranl
2489 4093 2585 4146 per
2637 4079 2804 4134 Deum
2864 4097 3073 4139 verum.
3108 4085 3205 4142 Est
3253 4090 3396 4144 enim
3453 4093 3504 4144 iu

1940 4179 2088 4217 more
2132 4165 2393 4221 idolorum
2434 4170 2734 4226 cultoribus
2771 4172 3138 4242 juramentum
3183 4193 3280 4248 per
3306 4180 3502 4236 caelum

1938 4258 2019 4310 vel
2049 4273 2143 4328 per
2173 4260 2319 4315 aliud
2357 4264 2646 4331 quodpiam
2684 4265 2736 4318 in
2765 4281 2829 4320 eo
2859 4267 3244 4325 elementorum
3296 4289 3507 4330 nuncu-

1937 4363 2086 4416 pare.
2115 4350 2183 4404 At
2223 4352 2312 4420 qui
2350 4357 2509 4407 tidem
2549 4367 2889 4427 receperunt,
2918 4361 3079 4415 etiam
3105 4363 3417 4433 juveniliter
3445 4384 3509 4422 ac

1937 4450 2156 4499 strenue
2199 4460 2228 4497 a
2277 4445 2390 4501 suis
2436 4448 2649 4504 delictis
2693 4454 2978 4509 recedunt:
3014 4471 3110 4526 per
3154 4459 3326 4512 solum
3361 4462 3505 4515 enim

259 4537 445 4608 ἕτερόν
473 4556 525 4590 τι
567 4537 678 4590 τῶν
708 4541 766 4590 ὲν
797 4539 946 4608 αύτῷ
990 4536 1287 4608 στοιχείων.
1321 4536 1386 4589 Οἱ
1421 4535 1478 4589 δὲ
1515 4536 1612 4606 τὴν
1652 4535 1834 4588 πίστιν

1941 4532 2305 4589 universitatis
2354 4535 2520 4590 Deum
2567 4537 2773 4606 jurant,
2809 4543 3042 4600 scientes
3092 4546 3263 4616 ipsum
3304 4557 3498 4604 natura

260 4630 713 4700 παραδεξάμενοι,
747 4631 841 4684 καὶ
869 4630 976 4683 τῶν
1022 4633 1101 4693 εἰς
1137 4630 1296 4683 τοῦτο
1343 4627 1835 4700 πλημμελημάτων

261 4725 594 4792 ἀποτοιτῶσι
645 4725 908 4787 νεανικῶς
937 4742 948 4753 '
991 4725 1175 4796 ὅρκιον
1220 4724 1328 4795 γὰρ
1364 4721 1641 4776 ποιοῦνται
1677 4722 1836 4791 μόνον

257 4819 347 4870 τὸν
374 4817 481 4869 τῶν
513 4817 648 4870 ὅλων
682 4817 838 4879 Θεὸν,
869 4817 1029 4870 αὐτὸν
1071 4815 1269 4880 εἰδότες
1310 4815 1466 4886 φύσει
1500 4833 1557 4869 τε
1589 4815 1681 4868 καὶ
1707 4814 1836 4883 άλη-

259 4907 366 4971 θῶς
389 4908 681 4977 Δεσπότην,
708 4908 800 4960 καὶ
828 4907 1014 4980 ἓτερον
1036 4908 1124 4960 ἐπ’
1151 4907 1298 4976 αύτῷ
1326 4905 1601 4968 παντελῶς
1621 4905 1830 4958 οὐδένα.

259 5001 428 5054 Τοῦτο
452 5001 546 5053 καὶ
573 5003 601 5053 ὁ
628 5001 716 5053 διὰ
737 5001 979 5064 Μωσέως
1009 4999 1339 5069 προστέταχε
1369 4999 1530 5069 νόμος
1550 5015 1563 5030 ο
1600 4997 1832 5068 ιΚύριον

257 5091 385 5162 γὰρ,
426 5092 578 5162 φησι,
614 5093 704 5144 τὸν
759 5093 890 5146 Θεόν
954 5109 1047 5145 σου
1083 5092 1506 5165 προσκυνήσεις,
1551 5091 1644 5143 καὶ
1682 5088 1830 5158 αὐτῷ

259 5189 406 5259 μόνῳ
435 5189 772 5260 λατρεύσεις,
808 5188 899 5241 καὶ
933 5188 1010 5258 τῷ
1029 5189 1252 5259 ὀνόματι
1291 5184 1622 5256 αὑτοῦ-ὁμῇ·
1658 5202 1676 5234 ι
1712 5178 1831 5235 εἶτά

259 5298 443 5352 φησιν,
468 5283 549 5335 ὃτι
582 5299 598 5332 ι
632 5281 1011 5352 Ἐπιλήσονται
1041 5281 1137 5351 τὴν
1162 5279 1339 5348 θλίψιν
1360 5277 1538 5331 αὐτῶν
1562 5275 1656 5348 τήν
1681 5273 1832 5346 πρώ-

255 5391 374 5444 την,
405 5376 500 5427 καὶ
539 5375 638 5428 ούκ
685 5374 1014 5445 ἀναϐήσεται
1048 5373 1225 5426 αὐτῶν
1255 5372 1348 5425 ἐπὶ
1381 5371 1479 5441 τὴν
1526 5368 1771 5440 καρδίανο
1807 5386 1824 5418 ι

258 5468 352 5518 καὶ
380 5466 554 5536 θλίψιν
589 5467 762 5520 ἔοικεν
797 5468 854 5519 ἐν
895 5466 1106 5528 τούτοις
1141 5462 1450 5534 ὀνομάζειν,
1492 5461 1561 5532 ἢν
1597 5461 1831 5529 ὑπέστη-

259 5572 355 5609 σαν
385 5559 705 5629 μοχθηρίαν,
729 5561 817 5612 ὅτε
839 5558 968 5612 Θεὸν
991 5558 1092 5611 οὐκ
1112 5557 1312 5619 ειδότες
1337 5554 1429 5607 τὸν
1463 5551 1735 5622 ἀληθινὸν,
1763 5553 1828 5620 τῇ

257 5648 363 5702 τῶν
395 5650 686 5720 δαιμονίων
720 5652 1004 5724 σκαιότητι
1041 5649 1444 5704 δεδουλεύκασι.
1483 5645 1828 5717 Προσέταττε

325 5829 372 5862 ⁸⁸
415 5826 553 5884 Osee
598 5845 656 5891 ιι,
683 5830 774 5883 24.
855 5832 898 5861 ⁸³
935 5831 1086 5884 Deut.
1115 5845 1187 5890 vn.
1221 5831 1306 5895 15.
1387 5829 1430 5860 "'
1462 5826 1598 5882 Psal.
1649 5840 1738 5888 cv,
1781 5822 1866 5874 57.

588 5928 860 5990 PH'BOL.
899 5931 1015 5990 Gn.
1051 5931 1238 5990 LXX.
1727 5948 1773 5968 κ*

1936 4633 1990 4676 et
2013 4639 2136 4678 vere
2170 4624 2451 4680 Dominum
2501 4642 2643 4694 esse,
2673 4643 2722 4685 et
2767 4644 2964 4700 praeter
3011 4635 3184 4706 ipsum
3232 4639 3504 4694 nemiuem

1937 4715 2121 4768 alium.
2153 4714 2268 4771 Hoc
2298 4719 2458 4772 etiam
2493 4717 2723 4776 Mosaica
2755 4726 3006 4794 przccepit
3032 4728 3138 4781 lex.
3177 4747 3195 4779 ι
3223 4719 3503 4784 Dominum

1937 4805 2104 4872 enim,
2147 4808 2344 4877 inquit,
2400 4810 2569 4865 Deum
2620 4823 2768 4867 tuum
2825 4817 3098 4883 adorabis,
3165 4829 3220 4873 et
3257 4835 3380 4873 eum
3415 4835 3506 4876 so-

1940 4896 2050 4952 lum
2075 4900 2238 4966 coles,
2257 4901 2381 4956 etin
2413 4905 2628 4959 nomine
2666 4904 3070 4977 ejusjurabis”.
3097 4929 3118 4962 ι
3141 4911 3233 4967 Ait
3255 4913 3448 4968 deinde
3487 4931 3500 4966 :

1945 5009 1964 5042 ι
1986 4991 2381 5049 Obliviscentur
2411 4994 2716 5054 amictionis
2752 4999 2971 5070 prioris,
2997 5009 3051 5056 et
3087 5017 3195 5058 non
3223 5005 3402 5061 veniet
3435 5004 3504 5060 il-

1937 5082 2003 5137 lis
2034 5083 2089 5139 iu
2119 5083 2379 5140 animum.
2413 5105 2432 5138 ›
2474 5087 2828 5146 Aﬂlictionem
2853 5091 3174 5148 videturille
3201 5095 3502 5159 nominare,

1935 5188 2070 5242 quas
2087 5174 2232 5244 passi
2258 5185 2378 5230 sunt
2402 5191 2692 5244 aerumnas,
2723 5194 2844 5234 cum
2875 5179 3044 5234 Deum
3071 5181 3378 5236 nescientes
3411 5198 3506 5237 ve-

1937 5265 2478 5331 rum,daamoniorum
2511 5270 2850 5337 perversitali
2879 5273 3200 5326 servierunt.
3228 5269 3502 5328 Jubeban-

1941 5366 2027 5411 tur
2052 5358 2252 5414 etenim
2282 5361 2594 5416 sacrificare
2618 5361 2742 5430 illis,
2762 5379 2867 5420 non
2899 5365 3058 5419 modo
3085 5377 3213 5420 oves
3240 5374 3296 5421 et
3316 5367 3502 5430 boves,

1938 5449 2030 5505 sed
2063 5449 2228 5505 etiam
2274 5449 2420 5507 fetus
2444 5455 2583 5506 uteri
2614 5454 2718 5519 sui,
2748 5455 3198 5524 quemadmodum
3241 5456 3502 5525 scriptum

1937 5551 2056 5598 est:
2093 5541 2518 5599 «Sacriﬁcarunt
2555 5545 2718 5616 igitur
2745 5547 2964 5616 quidam
2989 5547 3126 5602 [Ilios
3152 5555 3208 5600 et
3236 5545 3375 5602 tilias
3397 5546 3497 5600 “.i

1941 5634 2240 5694 Tribulatio
2280 5637 2389 5693 alio
2421 5637 2577 5694 modo
2614 5636 2886 5709 luit,quod
2911 5638 3335 5696 innumerabiles
3366 5637 3504 5694 Deos

3104 5909 3180 5970 45
