4022 6400
330 328 468 386 I399
1351 321 1409 379 S.
1454 320 1733 377 CYRILLI
1772 318 1923 375 ALE?

2028 318 2241 373 manu
2278 316 2594 374 ARCHIEP.
3441 301 3599 361 “00

321 440 519 498 alicubi
552 457 562 490 :
602 458 617 489 ι
657 437 713 491 in
739 438 822 491 via
857 446 945 491 tua
969 436 1166 491 vivam.
1200 457 1218 490 ι
1247 438 1388 493 Alibi
1419 454 1605 493 rursus
1638 457 1650 492 :
1688 458 1707 489 ι
1747 436 1894 491 Viam

2060 436 2347 497 Θεσπέσιος
2400 431 2593 501 ψάλλει
2634 428 2819 492 Δαὸὶδ,
2867 426 2999 479 ποτὲ
3050 424 3181 496 μὲν,
3222 422 3305 474 ὅτι
3341 439 3358 471 ι
3400 421 3492 472 Ί-ῗν
3521 421 3595 488 τῇ

326 533 698 588 mandatorum
759 539 970 583 tuorum
1028 528 1280 591 cucurri,
1332 543 1454 582 cum
1513 528 1751 583 dilatasti
1806 542 1900 582 cor

2028 526 2105 596 δῷ
2140 544 2231 579 σου
2252 524 2515 595 ζήσομαι,
2561 542 2579 574 ι
2615 521 2744 575 ποτὲ
2773 519 2829 572 δὲ
2856 518 3046 572 πάλιν·
3088 536 3106 568 ι
3160 514 3307 568 Ὁδὸν
3351 511 3596 566 ἐντολῶν

326 637 502 677 meum
525 622 589 676 “.
627 639 645 672 ι

931 752 1166 810 TOMUS
1206 754 1291 809 Vl.

397 888 560 944 Vens.
591 886 646 955 6,
671 888 726 941 7.
758 886 890 941 Ecce
933 896 989 942 tu
1028 890 1196 942 iratus
1236 904 1313 952 es,
1344 898 1391 943 et
1429 905 1522 942 nos
1556 888 1899 955 peccavimus.

329 975 614 1046 Propterea
653 977 959 1041 erravimus,
991 986 1040 1030 et
1083 977 1209 1045 [acti
1250 994 1429 1031 sumus
1473 977 1609 1031 velut
1647 975 1902 1030 immundi

329 1083 503 1120 omnes
538 1082 661 1128 nos,
692 1074 741 1119 et
773 1075 1021 1135 tanquam
1053 1083 1257 1135 pannus
1294 1075 1630 1120 menstruam:
1668 1065 1901 1118 mulieris

327 1158 493 1213 omnis
531 1158 747 1228 justitia
794 1167 994 1212 nostra.
1055 1156 1386 1227 Deﬂuximus
1434 1168 1608 1213 autem
1653 1168 1903 1229 tanquam

326 1248 477 1318 folia,
509 1259 717 1316 propter
756 1248 1053 1318 iniquitates
1098 1259 1324 1306 nostras.
1358 1248 1445 1305 Sic
1486 1262 1662 1305 ventus
1705 1249 1904 1317 auferet

327 1354 421 1392 nos
456 1346 514 1391 ut
539 1338 818 1406 pulverem,
847 1348 896 1393 et
930 1354 1030 1392 non
1064 1347 1137 1391 est
1172 1339 1261 1406 qui
1287 1339 1483 1391 invocet
1518 1355 1701 1392 nomen
1737 1350 1901 1402 tuum,

328 1440 376 1483 et
404 1430 589 1499 cogitet
619 1431 1000 1499 apprehendere
1028 1440 1096 1484 te.
1126 1428 1262 1494 Quia
1289 1432 1516 1483 avertiin
1545 1430 1734 1499 {aciem
1760 1441 1905 1485 luant

329 1537 363 1575 α
394 1522 570 1588 nobis,
594 1532 643 1577 et
674 1522 943 1576 tradidisti
974 1539 1065 1576 nos
1097 1532 1305 1592 propter
1328 1533 1538 1593 peccata
1566 1532 1764 1577 nostra.

406 1802 590 1858 Visum
623 1814 706 1858 est
733 1802 1051 1873 quibusdam
1087 1803 1461 1871 interpretum,
1494 1800 1657 1855 alium
1692 1815 1906 1856 sensum

334 1897 417 1952 his
474 1896 654 1951 verbis
721 1911 1012 1965 apponere.
1070 1896 1345 1950 Invertunt
1403 1895 1550 1950 enim
1616 1894 1913 1949 dictionum

333 1989 576 2043 ordinem
606 1998 659 2041 et
683 1987 1073 2041 sententiarum
1107 1987 1233 2049 vim,
1264 1994 1322 2040 ut
1352 1987 1416 2041 ad
1450 1987 1592 2041 hunc
1618 1986 1830 2039 modum
1858 1998 1917 2038 se

336 2081 554 2147 habeat,
585 2081 726 2151 quod
772 2082 973 2135 dictum
1018 2087 1101 2135 est
1135 2100 1149 2135 :
1194 2099 1211 2131 ι
1247 2080 1386 2136 Ecce
1418 2094 1516 2134 nos
1548 2078 1915 2150 peccavimus,

336 2184 395 2227 et
421 2182 474 2225 tu
507 2171 677 2226 iratus
720 2186 780 2227 es
819 2170 994 2225 nobis.
1034 2190 1051 2223 ι
1100 2170 1214 2224 Νοιι
1255 2171 1425 2235 enim,
1453 2170 1725 2240 inquiunt,
1755 2184 1917 2223 causa

340 2264 446 2317 illis
486 2263 833 2332 delinquendi
862 2262 961 2316 fuit
993 2263 1072 2316 ira
1100 2263 1280 2317 divina
1314 2279 1329 2316 :
1363 2272 1417 2315 at
1444 2262 1569 2330 quia
1606 2260 1680 2315 illi
1715 2260 1919 2314 furiose

340 2355 584 2411 bacchati
632 2362 790 2422 sunt,
831 2355 969 2410 Deus
1025 2356 1195 2408 iratus
1245 2362 1347 2409 est.
1376 2354 1592 2407 Timent
1639 2352 1815 2417 enim,
1861 2360 1918 2405 ut

338 2450 570 2513 videtur,
599 2448 787 2502 necubi
818 2449 1020 2516 peccati
1057 2456 1243 2501 auctor
1275 2446 1487 2501 divinus
1540 2445 1692 2501 furor
1720 2444 1920 2499 intelli-

342 2551 519 2609 gatur.
550 2538 683 2593 lllud
724 2539 956 2593 arbitror
1000 2539 1286 2593 dicendum
1330 2552 1471 2600 esse,
1502 2538 1637 2591 iram
1684 2536 1917 2590 divinam

343 2631 691 2686 condemnari
738 2641 1017 2700 propterea
1062 2646 1167 2683 non
1214 2629 1443 2695 debere,
1476 2630 1519 2687 si
1562 2630 1655 2699 qui
1703 2629 1751 2682 ei
1795 2639 1921 2684 sunt

343 2724 585 2791 obnoxii,
611 2740 713 2777 non
757 2724 892 2778 satis
936 2723 1129 2777 virium
1173 2723 1406 2776 habeant
1445 2725 1511 2775 ad
1561 2721 1919 2791 eﬂugiendnm

345 2816 549 2884 peccati
592 2814 868 2869 insultnm.
903 2814 1153 2880 Quandiu
1185 2815 1327 2868 enim
1374 2812 1634 2869 Servatur
1671 2816 1722 2869 in
1765 2814 1920 2870 nobis

345 2907 669 2974 voluptatem
700 2906 859 2975 capit,
889 2916 1167 2974 peccatum
1196 2907 1487 2969 vincimus,
1520 2914 1573 2957 et
1602 2922 1630 2960 a
1663 2906 1918 2960 vitiorum

346 3001 596 3054 sordibus
633 3001 975 3064 recedentes,
1006 2999 1303 3069 spiritualis
1332 3000 1667 3056 fortitudinis
1699 3002 1919 3072 insigni-

2005 637 2097 673 σου
2127 618 2379 690 ἔδραμον,
2402 618 2530 670 ὅταν
2564 614 2863 678 ἐπλάτυνας
2886 611 2985 682 τὴν
3014 608 3242 681 καρδίαν
3268 624 3393 677 μου.
3416 624 3433 657 ι

2621 750 2851 805 τοΜοΣ
2891 751 2980 816 cr.

2085 892 2233 946 Ἰδοὺ
2272 890 2352 944 σὺ
2372 890 2689 958 ὼργίσθης,
2725 886 2823 940 καὶ
2866 885 3034 954 ἡμεῖς
3076 882 3434 951 ἡμάρτομεν.
3487 880 3600 931 Διὰ

2006 985 2184 1039 τοῦτο
2216 980 2663 1048 ἐπλανήθημεν,
2690 976 2789 1030 καὶ
2822 974 3188 1045 ἐγενήθημεν
3213 974 3290 1038 ὡς
3325 971 3596 1037 ἀκάθαρ-

2005 1095 2095 1130 τοι
2127 1074 2349 1139 πάντες
2391 1071 2581 1141 ἡμεῖς,
2634 1070 2731 1122 καὶ
2788 1068 2867 1132 ὠς
2899 1065 3087 1134 ῥάκος
3133 1059 3603 1130 ἀποκαθημένης

2005 1167 2172 1220 πᾶσα
2211 1166 2249 1232 ἡ
2311 1162 2663 1227 δικαιοσύνη
2713 1157 2911 1228 ἡμῶν·
2971 1156 3067 1210 καὶ
3113 1155 3474 1223 ἐξερῤύημεν
3516 1152 3603 1214 ὡς

2006 1258 2209 1327 φύλλα
2268 1254 2363 1307 διὰ
2419 1253 2523 1318 τὰς
2562 1251 2812 1319 ἀνομίας
2865 1249 3055 1317 ἡμῶν·
3136 1246 3322 1311 οὕτως
3372 1244 3604 1311 ἄνεμος

2007 1350 2161 1403 οἴσει
2181 1346 2335 1417 ἡμᾶς
2354 1347 2433 1413 ὡς
2454 1344 2724 1415 χοῦν(Ι),
2758 1342 2857 1396 καὶ
2881 1343 2990 1395 οὐκ
3014 1339 3187 1394 ἐστιν
3211 1342 3243 1392 ό
3267 1336 3600 1390 ἐπικαλού-

2005 1460 2190 1513 μενος
2210 1440 2275 1495 τὸ
2299 1437 2485 1507 ὄνομά
2506 1454 2643 1499 σου,
2670 1436 2767 1489 καὶ
2802 1437 2835 1489 ό
2860 1432 3154 1504 μνησθεὶς
3173 1426 3601 1484 ἀντιλαϐέσθαι

2010 1551 2127 1588 σου
2152 1572 2167 1596 ,
2222 1532 2314 1585 ὅτι
2376 1528 2767 1595 ἁπέστρεψας
2810 1524 2875 1579 τὸ
2948 1521 3269 1591 πρόσωπόν
3320 1535 3433 1573 σου
3492 1516 3602 1584 ἀρ’

2008 1626 2213 1697 ἡμῶν,
2256 1624 2357 1679 καὶ
2415 1621 2761 1692 παρέδωκας
2814 1617 2971 1688 ἡμᾶς
3022 1617 3121 1671 διὰ
3167 1617 3272 1681 τὰς
3306 1612 3600 1682 ἁμαρτίας

2009 1721 2199 1791 ἡμῶν.

2088 1810 2274 1877 Ἔδοξε
2315 1811 2427 1863 τισὶ
2458 1810 2567 1863 τῶν
2626 1804 2930 1876 ἐξηγητῶν,
2984 1801 3107 1856 καθ’
3151 1800 3342 1871 ἑτέραν
3375 1797 3599 1849 ἔννοιαν

2022 1909 2135 1971 τοῖς
2169 1902 2551 1978 προκειμένοις
2606 1897 2954 1970 προσϐαλεῖν.
3023 1894 3439 1965 Ἀναστρὲφουσι
3487 1890 3604 1956 γὰρ

2013 1999 2123 2052 τῶν
2173 1997 2372 2063 λέξεων
2427 1994 2527 2063 τὴν
2577 1991 2851 2055 ἀπόδοσιν,
2902 1988 3021 2058 ἦτοι
3074 1986 3182 2038 τῶν
3234 1982 3449 2036 ὲννοιῶν
3496 1980 3604 2050 θ

2015 2090 2266 2159 δύναμιν,
2305 2086 2390 2139 ἵνα
2429 2083 2669 2138 τοιοῦτον
2700 2078 2813 2155 ᾖτὺ
2856 2079 3171 2147 λεγόμενον·
3210 2096 3227 2127 ι
3271 2075 3398 2129 ἰδοὺ
3433 2072 3605 2142 ἡμεῖς

2017 2184 2357 2255 ἡμάρτομεν,
2386 2176 2661 2249 ὠργίσθης
2688 2175 2744 2228 δὲ
2770 2174 2854 2227 σύ.
2879 2192 2897 2223 ι
2926 2174 2999 2227 Οὐ
3018 2172 3125 2240 γάρ
3151 2187 3251 2232 τοι,
3271 2167 3422 2237 φασὶ,
3454 2182 3607 2235 παρ-

2017 2276 2187 2338 αίτιος
2238 2274 2420 2335 αὐτοῖς
2450 2270 2543 2323 τοῦ
2574 2266 2914 2338 πλημμελεῖν
2965 2267 2999 2335 ή
3033 2263 3151 2317 θεία
3187 2262 3405 2329 γέγονεν
3432 2260 3604 2328 ὀργή.

2031 2366 2248 2435 Ἐπειδὴ
2300 2365 2357 2417 δὲ
2396 2363 2551 2415 αὐτοὶ
2600 2358 3099 2429 πεπαρῳνήκασιν,
3148 2351 3388 2423 ὠργίσθη
3439 2351 3604 2414 Θεὸς,

2019 2458 2220 2513 δεδίασι
2279 2456 2387 2525 γὰρ
2436 2452 2577 2506 κατά
2614 2452 2675 2505 τὸ
2726 2449 2870 2512 εἰκὸς
2905 2447 2978 2519 μὴ
3037 2446 3144 2517 ἄρα
3173 2462 3287 2507 πως
3324 2442 3610 2514 ἁμαρτίας

2020 2550 2277 2620 πρόξενος
2303 2549 2331 2599 ὁ
2357 2545 2496 2616 θεῖος
2534 2546 2730 2597 νοεῖται
2761 2540 2955 2611 θυμός.
2992 2535 3158 2608 Οἶμαι
3187 2537 3244 2590 δὲ
3282 2536 3389 2589 δεῖν
3423 2537 3612 2587 ἐκεῖνο

2020 2644 2216 2704 εἰπεῖν,
2249 2640 2308 2693 οὐ
2336 2639 2445 2708 γάρ
2474 2654 2555 2690 τοι
2582 2636 2919 2707 κατάρῤησιν
2949 2631 3060 2703 ἔχει
3096 2631 3196 2699 τῆς
3224 2629 3372 2692 Θείας
3391 2628 3569 2698 ὀργῆς
3590 2669 3607 2693 ,

2018 2732 2081 2785 rb
2109 2733 2235 2793 τοὺς
2261 2731 2353 2782 ὐπ’
2384 2730 2520 2798 αὐτῇ
2557 2725 2847 2795 γεγονότας
2886 2724 3157 2785 ἀνικάνως
3199 2722 3340 2789 ἔχειν
3373 2718 3507 2789 πρός
3542 2735 3611 2785 γε

2019 2825 2079 2876 τὸ
2100 2820 2357 2875 δύνασθαι
2381 2821 2665 2887 διαφυγεῖν
2685 2821 2783 2886 τῆς
2802 2815 3076 2886 ἁμαρτίας
3102 2813 3201 2883 τὴν
3228 2812 3431 2882 ἔφοδον.
3454 2811 3612 2871 Ἕως

2024 2918 2123 2986 μὲν
2149 2916 2257 2986 γάρ
2287 2914 2372 2984 ἐφ’
2405 2916 2537 2984 ἡμῖν
2576 2914 2604 2965 ό
2644 2910 2833 2973 σώζων
2861 2908 3236 2978 εὐφραίνεται,
3270 2920 3611 2974 κατευμεγε-

2022 3007 2225 3077 θοῦμεν
2255 3008 2353 3075 τῆς
2375 3003 2671 3075 ἁμαρτίας,
2697 3002 2791 3055 καὶ
2819 2998 2925 3052 τῶν
2954 3001 3019 3051 ἐκ
3065 2996 3390 3066 φαυλότητος
3416 2996 3612 3063 ρύπων

346 3089 447 3143 bus
473 3098 689 3144 strenue
715 3104 1060 3145 coronamur.
1088 3092 1157 3143 At
1184 3092 1269 3146 ubi
1304 3092 1633 3147 fortitudinis
1662 3095 1918 3163 suppedi-

2028 3098 2421 3169 ἀποφοιτῶντες
2464 3093 2735 3157 εὐσθενῶς
2776 3097 2887 3155 τοῖς
2935 3092 3013 3154 εἰς
3048 3089 3330 3160 εὐανδρίαν
3366 3104 3615 3156 πνευμα-

351 3190 545 3246 torem,
574 3191 630 3236 et
672 3182 883 3237 roboris
921 3198 985 3237 ac
1033 3184 1227 3238 virium
1278 3185 1799 3241 sulnninistratorem
1829 3204 1923 3242 ex-

350 3272 696 3337 acerbamus,
781 3272 838 3327 in
862 3272 1189 3329 debilitatem
1213 3274 1541 3341 corruimus,
1569 3284 1623 3328 et
1654 3276 1922 3329 inﬁrmam

352 3378 417 3419 ac
471 3364 750 3417 remissam
807 3373 1041 3419 mentem
1092 3371 1330 3418 nostram
1383 3364 1736 3421 inveniemus.
1784 3364 1925 3418 Deus

350 3452 495 3508 enim
525 3463 610 3508 est
636 3453 896 3507 virtutum
925 3453 1186 3509 Dominus
1210 3454 1277 3508 ³⁵.
1311 3454 1375 3509 Et
1418 3456 1633 3524 quidem
1678 3456 1926 3511 Christus

352 3546 430 3599 ait
474 3563 489 3600 :
538 3564 557 3597 ι
606 3544 737 3600 Sine
766 3560 852 3600 me
884 3562 988 3600 non
1024 3548 1247 3615 potestis
1274 3548 1565 3617 quidquam
1598 3548 1774 3604 facere
1800 3552 1865 3605 ³⁸.
1902 3570 1919 3603 ι

357 3636 607 3705 Dixitque
638 3637 686 3691 ei
718 3637 931 3692 divinus
960 3640 1121 3691 David
1150 3641 1214 3695 de
1244 3640 1390 3694 omni
1419 3650 1608 3695 Sancto
1642 3660 1653 3695 :
1691 3662 1709 3694 ι
1743 3642 1925 3697 Gloria

358 3730 610 3798 potentia:
634 3745 819 3783 eorum
850 3740 899 3783 tn
931 3748 989 3784 es
1011 3732 1075 3783 ³⁷.
1112 3752 1131 3782 ι
1166 3732 1303 3787 Alibi
1332 3748 1566 3802 quoque,
1592 3734 1729 3802 quod
1764 3740 1931 3803 possit

356 3824 481 3878 boni
533 3822 732 3891 aliquid
789 3836 1074 3891 praestare,
1115 3825 1284 3895 889
1335 3842 1439 3880 non
1497 3828 1629 3892 sibi,
1680 3829 1773 3882 sed
1835 3827 1930 3883 Dei

355 3916 607 3986 putentia:
635 3917 955 3980 attribuens,
986 3917 1162 3985 psallit
1190 3929 1245 3972 et
1270 3919 1439 3988 inquit
1468 3937 1482 3973 :
1517 3938 1535 3971 ι
1577 3917 1687 3973 Non
1720 3922 1772 3974 in
1800 3936 1929 3975 arcu

356 4022 481 4063 meo
526 4007 787 4079 sperabo,
834 4016 889 4063 et
931 4009 1141 4077 gladius
1191 4026 1341 4064 meus
1392 4027 1494 4066 non
1548 4012 1784 4067 servabit
1826 4028 1929 4069 tne.

361 4100 601 4154 Servasti
626 4100 770 4153 enim
799 4116 897 4153 nos
926 4103 993 4155 ab
1026 4101 1109 4156 his
1137 4102 1224 4171 qui
1254 4102 1494 4174 aﬂligunt
1517 4105 1580 4158 ³⁸.
1617 4124 1635 4156 ι
1676 4105 1742 4161 Ut
1770 4105 1931 4176 igitur

360 4208 608 4262 superna:
640 4192 935 4248 clementizp
969 4192 1119 4247 favor
1154 4209 1254 4248 nos
1288 4197 1467 4249 reddit
1502 4195 1851 4260 fortissimos,
1879 4207 1936 4253 et

363 4300 619 4339 nervosos
652 4284 782 4339 facit
814 4284 879 4337 ad
920 4286 1279 4341 resistendum
1325 4289 1466 4343 malo
1512 4306 1525 4341 :
1571 4288 1685 4358 pari
1726 4290 1934 4345 ratione

363 4389 488 4428 cum
513 4374 705 4427 divinae
730 4374 822 4428 irae
845 4374 1182 4444 subjicitnur,
1209 4387 1317 4430 tum
1345 4377 1553 4431 vitiosis
1574 4377 1935 4445 voluptatibus

2028 3192 2183 3262 τικὴν
2212 3191 2492 3259 αὐχήμασι
2515 3184 2945 3256 στεφανούμεθα.
2986 3181 3520 3251 Καταπικραίνοντες
3553 3178 3615 3229 δὲ

2026 3286 2123 3354 τῆς
2181 3281 2365 3351 ἰσχύος
2413 3279 2503 3332 τὸν
2563 3278 2822 3349 χορηγὸν,
2885 3275 2979 3329 καὶ⁹
3030 3274 3131 3343 τῆς
3189 3271 3472 3341 εὐανδρίας
3516 3270 3616 3322 τὸν

2029 3371 2315 3442 πρύτανιν,
2347 3369 2618 3437 πίπτομεν
2646 3369 2726 3430 εἰς
2761 3369 2823 3418 rb
2851 3364 3065 3428 ἀναλκι,
3098 3363 3193 3416 καὶ
3234 3361 3435 3432 ἀδρανῆ
3466 3377 3612 3423 πως,

2028 3464 2121 3517 καὶ⁹
2142 3460 2473 3532 παρειμένον
2504 3459 2595 3513 τὸν
2619 3457 2823 3512 ἑαυτῶν
2848 3457 3149 3528 εὑρήσομεν
3175 3453 3317 3506 νοῦν.
3343 3452 3471 3513 Θεδς
3493 3452 3613 3522 γάρ

2028 3558 2176 3609 ἐστιν
2202 3556 2231 3608 ὁ
2277 3553 2384 3606 τῶν
2412 3552 2693 3622 δυνάμεων
2735 3550 2963 3621 Κύριος.
3004 3550 3113 3602 Καὶ
3143 3547 3274 3617 γοῦν
3324 3546 3427 3616 ἔφη
3476 3547 3617 3616 Χριτ

2032 3648 2173 3709 στδς,
2204 3647 2286 3699 ὅτι
2319 3666 2337 3697 ι
2382 3645 2566 3715 Χωρὶς
2598 3643 2729 3714 ἐμοῦ
2760 3643 2819 3696 οὐ
2874 3640 3103 3694 δύνασθε
3138 3642 3312 3693 ποιεῖν
3362 3637 3535 3691 οὐδέν.
3591 3658 3613 3691 ι

2034 3738 2177 3807 Ἔφη
2212 3737 2269 3790 δέ
2295 3753 2399 3789 που
2448 3735 2542 3787 καὶ
2567 3736 2593 3787 ὁ
2624 3734 2907 3795 θεσπέσιος
2926 3732 3089 3785 Δα6“ιδ
3128 3730 3266 3802 πρὸς
3302 3729 3461 3785 αὐτὸν
3482 3729 3624 3799 περὶ

2032 3828 2227 3891 παντὸς
2254 3827 2429 3895 ἁγίου,
2464 3827 2546 3879 ὅτι
2603 3844 2621 3877 ι
2652 3826 2724 3878 Τὸ
2760 3824 3016 3895 καύχημα
3072 3824 3169 3894 τῆς
3214 3822 3491 3893 δυνάμεως
3517 3822 3624 3873 αὐο

2030 3918 2138 3972 τῶν
2168 3919 2232 3970 σὺ
2272 3914 2340 3971 εἷ.
2388 3938 2406 3968 ι
2439 3917 2550 3971 Καὶ
2586 3917 2691 3988 μὴν
2720 3918 2813 3970 καὶ
2862 3916 3088 3987 ἑτέρωθί
3126 3933 3227 3968 που
3254 3915 3315 3968 rb
3354 3912 3623 3967 δύνασθαί

2033 4010 2215 4065 τιτῶν
2246 4010 2467 4079 ἀγαθῶν
2510 4008 2828 4079 κατορθοῦν,
2873 4009 2970 4079 οὐχ
3010 4008 3188 4078 ἑαυτῷ
3215 4006 3431 4077 μᾶλλον,
3475 4004 3628 4058 ἀλλὰ

2035 4106 2127 4158 καὶ
2149 4106 2269 4165 ταῖς
2298 4102 2390 4155 τοῦ
2426 4101 2559 4154 Θεοῦ
2604 4101 2900 4171 δυνάμεσιν
2948 4100 3228 4163 ἀνατεθεὶς
3263 4098 3476 4168 ψάλλει,
3515 4099 3624 4150 καί

2036 4208 2201 4262 φησιν
2223 4206 2238 4220 ⁸
2271 4208 2291 4242 ι
2313 4191 2426 4243 Οὐκ
2445 4189 2538 4243 ἐπὶ
2568 4189 2645 4259 τῷ
2675 4190 2813 4261 τόξῳ
2834 4207 2931 4260 μου
2953 4188 3144 4253 ὲλπιῶ,
3176 4189 3271 4243 καὶ
3302 4190 3335 4258 ἡ
3367 4188 3621 4258 ῥομφαία

2041 4303 2139 4356 μου
2168 4285 2228 4337 οὐ
2256 4283 2418 4336 σώσει
2461 4299 2549 4353 με.
2570 4283 2817 4345 Ἐσωσας
2847 4281 2954 4353 γὰρ
2985 4281 3133 4350 ἡμᾶς
3171 4282 3235 4333 ὲκ
3261 4278 3368 4333 τῶν
3402 4277 3619 4331 θλιϐόν-

2038 4396 2143 4431 των
2179 4379 2340 4448 ἡμᾶς.
2383 4396 2401 4429 ι
2436 4377 2646 4446 Ὥσπερ
2684 4376 2862 4428 τοίνυν
2887 4376 2947 4427 τὸ
2976 4376 3074 4444 τῆς
3102 4373 3309 4427 ἀνωθεν
3336 4371 3623 4443 ἡμερότη-

364 4466 633 4522 serviliter
657 4466 1031 4530 succumbere,
1055 4468 1274 4523 omnino
1299 4479 1381 4522 est
1410 4483 1649 4523 necesse.
1673 4469 1847 4524 iratus
1875 4485 1923 4525 et

2036 4487 2127 4530 τος
2176 4468 2433 4539 εὐμενὲς,
2494 4467 2906 4537 ἀλκιμωτάτους
2953 4466 3100 4536 ἡμᾶς
3153 4464 3474 4532 ἀποφαίνει,
3520 4464 3627 4515 καὶ

365 4574 523 4629 ergo,
557 4574 621 4613 eo
654 4560 796 4627 quod
830 4558 1079 4614 videlicet
1111 4561 1354 4615 bacchati
1390 4561 1681 4616 crudeliter
1712 4577 1931 4628 sumus,

367 4660 419 4705 ct
454 4659 766 4718 peccatores
800 4666 863 4703 ac
898 4650 1092 4705 nefarii
1126 4652 1466 4717 exstitimus,
1498 4654 1632 4707 adeo
1668 4665 1724 4708 ut
1755 4654 1934 4708 omnis

363 4741 572 4813 justitia
619 4751 828 4805 nostra,
864 4742 1057 4813 inquit,
1092 4758 1269 4811 panno
1313 4754 1658 4799 menstruam:
1697 4747 1936 4801 mulieris

369 4847 489 4887 esse
520 4832 711 4888 similis
741 4832 1004 4897 videatur,
1036 4834 1087 4886 id
1117 4845 1229 4897 est,
1261 4835 1619 4890 abominanda
1653 4837 1724 4890 sit
1749 4847 1803 4891 et
1835 4838 1936 4891 im-

370 4932 523 4987 pura.
552 4917 660 4973 Nec
686 4920 827 4975 enitr.
855 4917 1011 4976 facile
1038 4922 1239 4977 videris
1262 4923 1522 4993 justitiam
1557 4927 1694 4995 apud
1728 4926 1938 4982 Israeli-

372 5020 477 5073 tas,
499 5011 730 5067 maxime
755 5028 897 5067 nunc
924 5024 1041 5082 post
1068 5014 1397 5083 impietatem
1423 5018 1472 5071 in
1501 5016 1798 5085 Christum,
1822 5036 1941 5089 qua:

374 5119 480 5158 non
528 5104 953 5172 reprehendatur
996 5114 1051 5158 et
1096 5105 1566 5161 irrideatur-.Nam
1617 5109 1708 5179 qui
1758 5123 1942 5180 pectus

375 5194 574 5249 habent
605 5194 787 5249 divino
817 5205 873 5248 et
908 5194 1223 5264 intelligibili
1260 5196 1461 5252 lumine
1492 5201 1712 5254 omnino
1744 5202 1940 5254 nudum

372 5296 428 5341 et
468 5300 692 5340 vacuum
738 5304 753 5340 :
796 5289 884 5354 qui
926 5286 1041 5339 ﬁeri
1084 5298 1265 5353 posset
1306 5299 1360 5342 ut
1402 5291 1646 5345 semitam
1687 5302 1833 5347 recta
1876 5294 1943 5359 ad

376 5390 561 5431 sacras
589 5376 733 5446 leges
759 5377 1108 5432 deducentem
1136 5380 1383 5434 videant?
1405 5390 1497 5434 aut
1517 5384 1783 5451 quomodo
1805 5384 1937 5453 justi

2038 4562 2307 4633 διανευροῖ
2330 4561 2465 4631 πρὸς
2493 4561 2802 4613 ἀντίστασιν
2832 4553 2925 4611 τοῦ
2974 4557 3168 4612 κακοῦ·
3206 4555 3347 4610 κατὰ
3372 4555 3462 4607 τὸν
3500 4553 3627 4606 ἴσον

2039 4654 2246 4707 τουτονὶ
2270 4653 2490 4723 τρόπον,
2518 4653 2648 4705 ὅταν
2691 4651 2797 4704 ὑπὸ
2830 4650 2978 4703 θείαν
3005 4649 3288 4719 πίπτωμεν
3338 4647 3525 4719 ὀργὴν,
3556 4647 3627 4699 τὸ

2039 4745 2293 4816 τηνικάδε
2327 4745 2479 4799 πᾶσά
2540 4762 2658 4808 πως
2710 4743 2923 4813 ἀνάγκη
2977 4742 3355 4813 δουλοπρεπῶς
3411 4740 3625 4808 ὑποφέ-

2047 4836 2233 4908 ρεσθαι
2259 4839 2379 4900 ταῖς
2423 4838 2503 4899 είς
2526 4837 2588 4890 rb
2635 4835 2836 4904 φαῦλον
2875 4835 3107 4906 ἡδοναῖς·
3138 4834 3412 4906 ὠργίσθης
3436 4832 3627 4887 τοίνυν

2043 4930 2129 4998 ἐφ’
2186 4922 2266 4992 οἷς
2324 4928 2563 4999 δηλονότι
2620 4930 3095 4999 πεπαρῳνήκαμεν
3118 4967 3133 4990 ,
3181 4928 3275 4979 καὶ
3314 4924 3626 4994 γεγόναμεν

2039 5019 2371 5093 ἁμαρτωλοὶ,
2388 5021 2482 5073 καὶ
2505 5019 2739 5091 βέὀηλοι,
2763 5020 2902 5074 ὥστε
2926 5021 3018 5073 καὶ
3036 5021 3214 5073 πᾶσαν
3235 5018 3410 5089 ἡμῶν,
3457 5017 3622 5087 φησὶ,

2041 5112 2139 5183 τὴν
2174 5112 2518 5182 δικαιοσύνην
2568 5113 2800 5166 ἐοικέναι
2851 5113 3005 5184 pexa:
3065 5111 3321 5180 γυναικὸς
3376 5110 3627 5164 ἀποκαθ-

2038 5202 2270 5273 ημένης,
2300 5204 2562 5269 τουτέστι,
2591 5202 2850 5273 βδελυρὰν
2888 5200 3028 5257 εἶναι
3058 5203 3152 5257 καὶ
3184 5202 3507 5274 ἀκάθαρτον.
3536 5202 3624 5254 Οὐ

2041 5311 2149 5365 γαρ
2182 5295 2297 5348 ἔστι
2341 5295 2686 5366 δικαιοσύνην
2734 5296 2859 5348 ἰδεῖν
2912 5294 3063 5366 παρὰ
3108 5296 3223 5358 τοῖς
3270 5293 3330 5359 ἐξ
3386 5294 3627 5363 αἵματος

2061 5387 2306 5458 Ἰσραὴλ,
2358 5389 2475 5442 νυνὶ
2521 5388 2584 5460 δὴ
2636 5389 2865 5458 μάλιστα
2925 5387 3062 5459 μετὰ
3112 5388 3209 5459 τὴν
3258 5388 3338 5451 εἰς
3387 5386 3628 5455 Χριστὸν

450 5556 497 5587 ³⁸
528 5556 667 5612 Psal.
694 5573 883 5625 cxvnt,
912 5559 996 5626 l4,
1030 5561 1114 5614 l5.
1193 5562 1395 5618 aa‘Psal.
1423 5580 1580 5632 χχιιι,
1624 5564 1709 5619 10.
1786 5565 1830 5596 ³⁸
1856 5564 1923 5620 1o

2038 5583 2124 5631 xv,
2178 5568 2232 5622 Β.
2309 5567 2351 5599 ³⁷
2396 5568 2538 5625 Psal.
2577 5585 2837 5636 Lxxxvnt,
2874 5569 2959 5626 i8.
3036 5570 3079 5602 ³⁸
3120 5567 3258 5625 Psal.
3295 5584 3445 5634 mu,
3474 5568 3526 5634 τ,
3560 5568 3616 5619 8.

462 5732 536 5803 (ι)
587 5734 680 5802 Ὠς
709 5737 861 5805 χοῦν
885 5737 1026 5794 LXX
1060 5740 1255 5810 delent,
1289 5759 1385 5800 nec
1414 5743 1467 5799 in
1502 5745 1747 5802 versione
1781 5744 2046 5803 Hunfredi
2082 5746 2367 5817 reperitur.

2816 5682 2845 5719 Ι

3614 5708 3638 5743 γ.
