4022 6400
327 371 462 429 “Ol

1413 377 1477 431 IN
1518 378 1751 433 ISAIAM
1793 378 1919 435 LIB.
1964 382 2027 437 V.
2066 380 2301 437 TOMUS
2339 378 2423 435 Vl.

3436 390 3574 447 1402

323 485 598 549 ἀσέϐειαν,
625 486 854 556 ἀμωμόν
878 504 936 539 τε
965 487 1058 541 καὶ
1108 488 1511 543 ἀκατάσκοπον·
1544 494 1591 544 οί
1616 492 1725 563 γὰρ
1769 492 1892 556 ὅλως

2010 510 2136 549 vero
2162 496 2289 561 sint,
2322 496 2412 565 qui
2444 495 2752 565 evangelica
2784 497 3167 565 praedicatione
3196 512 3407 568 carent,
3442 508 3585 561 unde

327 580 508 648 φωτὸς
568 580 661 634 τοῦ
712 580 859 634 θείου
910 584 1001 636 καὶ
1050 583 1242 652 νοητοῦ
1288 585 1500 655 γυμνὴν
1535 586 1627 638 καὶ
1683 587 1898 657 ἐρήμην

324 670 537 739 ἔχοντες
555 670 653 737 τὴν
688 671 935 743 καρδίαν,
994 672 1109 736 πῶς
1148 674 1213 727 ἂν
1262 674 1451 727 εἰδεῖεν
1485 675 1585 745 τὴν
1614 676 1743 728 εὐθὺ
1792 676 1900 729 τῶν

326 760 486 830 ιερῶν
512 760 688 831 νόμων
704 763 1090 835 ἀποφέρουσαν
1108 765 1291 835 τρίϐον
1315 783 1328 829 ;
1362 767 1433 818 ’Ἡ
1463 766 1580 829 πῶς
1618 766 1683 822 ἂν
1704 767 1899 821 δίκαιοι

323 852 465 905 κατά
526 852 588 905 τὸ
644 854 842 924 ἀληθὲς
906 856 1014 909 τῶν
1085 857 1452 926 εὐαγγελικῶν
1530 861 1900 931 κηρυγμάτων

320 944 702 1016 ἠμοιρηκότες,
738 947 805 1001 δι’
836 943 910 1003 ὧν
943 948 1058 1002 ἐστι
1092 950 1282 1021 μαθεῖν
1312 954 1411 1023 τῆς
1443 954 1776 1021 ἀξιαγάστου
1805 973 1901 1009 πο-

321 1034 525 1099 λιτείας
543 1036 641 1108 τὴν
666 1039 815 1106 ὁδόν;
849 1041 1149 1113 ἀκάθαρτοι
1199 1044 1263 1115 δὴ
1310 1041 1423 1111 οῦν,
1467 1045 1570 1098 κᾶν
1613 1048 1660 1099 εί
1694 1046 1900 1100 δοκοῖεν

321 1123 459 1181 εῖναι
491 1130 634 1192 τινὲς
665 1133 892 1200 χρηστοὶ
948 1135 1043 1187 καὶ
1084 1136 1366 1200 ἐπιεικεῖς.
1402 1138 1609 1209 Ὠσπερ
1645 1138 1700 1191 δὲ
1727 1139 1900 1208 φύλλα

322 1219 672 1275 πεπτώκασιν
726 1224 789 1277 ἐκ
821 1225 1010 1294 φυτοῦ,
1046 1228 1139 1281 καὶ
1170 1228 1321 1281 οὐδὲν
1364 1230 1591 1293 ἀπεικὸς
1643 1232 1689 1284 εί
1743 1230 1901 1285 τοῦτο

320 1310 604 1377 παθόντες,
632 1316 722 1368 καὶ
742 1317 1177 1390 διαῤῥιπτεῖσθαι
1217 1321 1492 1392 πανταχοῦ
1524 1323 1899 1394 προσδοκῶσιν

320 1403 370 1455 oi
403 1403 646 1468 τάλανες·
676 1407 1148 1481 εὐπαρακόμιστον
1176 1413 1285 1483 γὰρ
1338 1414 1600 1483 ἐσχήκασι
1634 1414 1732 1485 τὴν
1763 1430 1900 1485 καρ-

319 1493 457 1558 δίαν,
508 1498 600 1549 καὶ
646 1493 755 1551 οἷον
805 1502 967 1554 παντὶ
996 1503 1434 1577 περιφερομένην
1484 1504 1777 1575 πνεύματι,
1806 1505 1900 1558 καὶ

320 1585 497 1649 οὐδείς
516 1589 635 1641 ἐστι
671 1590 800 1661 παρ’
832 1592 1016 1656 αὐτοῖς
1044 1596 1072 1647 ό
1092 1595 1331 1665 γνησίως
1367 1596 1743 1649 ἐπικαλεῖσθαι
1766 1595 1899 1649 Θεὸν

320 1674 493 1738 εἰδὼς,
525 1680 692 1749 ήγουν
723 1681 811 1735 διὰ
869 1686 1088 1756 μνήμης
1134 1685 1292 1756 ἔχων,
1336 1688 1417 1741 ὅτι
1462 1688 1566 1759 χρὴ
1612 1688 1712 1758 τῆς
1764 1688 1900 1758 πρὸς

318 1766 481 1821 αὑτὸν
504 1771 835 1841 οἰκειότητος
867 1775 1242 1829 ἀντιλαϐέσθαι
1288 1780 1572 1843 νεανικῶςο
1606 1779 1899 1833 πεπτώκα-

2004 587 2189 641 liceret
2232 586 2502 657 praeclarae
2545 589 2973 644 conversationis
3014 593 3154 645 viam
3200 594 3445 649 discere?
3484 597 3584 650 Int-

2002 682 2118 749 pnri
2157 680 2318 750 igitur
2350 689 2497 744 sunt,
2525 680 2735 733 etiamsi
2775 681 2897 734 boni
2932 693 2987 735 et
3017 683 3168 751 probi
3207 700 3327 740 esse
3362 688 3582 743 videan-

2001 779 2108 825 tur.
2144 773 2219 825 Ac
2269 781 2523 841 tanquam
2571 772 2695 826 folia
2739 773 3052 827 ceciderunt
3098 776 3162 829 de
3207 782 3432 841 arbore;
3485 796 3584 835 nec

2003 865 2198 917 mirum
2229 875 2312 917 est
2339 865 2384 919 si
2414 878 2535 918 cum
2567 863 2669 916 hoc
2705 863 2807 917 illis
2839 866 3071 929 accidat,
3099 868 3262 921 etiam
3301 870 3580 939 abjectum

2002 955 2067 1011 iri
2118 971 2177 1011 se
2221 956 2375 1025 plane
2430 965 2649 1024 sperent
2699 956 2901 1011 miseri.
2951 956 3189 1012 Labilem
3245 977 3476 1031 namque
3529 976 3584 1019 et

2001 1046 2259 1100 lubricam
2307 1056 2536 1099 mentem
2578 1044 2901 1108 habuerunt,
2930 1062 3049 1115 quae
3083 1049 3228 1100 omni
3275 1060 3435 1105 vento
3475 1054 3581 1104 cir-

2000 1138 2296 1193 cumfertur
2316 1137 2381 1194 ³⁸.
2404 1136 2515 1191 Nec
2540 1137 2823 1206 quisquam
2854 1153 3040 1191 eormn
3070 1147 3153 1192 est
3202 1140 3293 1208 qui
3322 1156 3580 1209 germane

2002 1244 2065 1283 ac
2091 1229 2322 1299 genuine
2350 1229 2486 1283 sciat
2516 1230 2680 1283 Deum
2708 1229 2975 1289 invocare.
3002 1240 3093 1283 aut
3119 1231 3209 1299 qui
3245 1233 3572 1299 meminerit,

2001 1321 2431 1391 coniunctionem
2466 1337 2584 1390 quae
2618 1338 2739 1376 cum
2777 1323 2893 1391 ipso
2926 1331 3039 1385 est,
3074 1324 3577 1392 apprehendendam

2000 1424 2055 1470 et
2078 1412 2501 1483 amplectendam
2531 1424 2778 1483 prompte
2803 1423 2856 1466 et
2884 1414 3037 1482 quasi
3068 1412 3398 1481 iuveniliter.
3427 1416 3581 1470 Ceci-

2001 1506 2176 1559 dimus
2215 1514 2416 1569 autem,
2448 1506 2712 1574 inquiunt,
2740 1519 2804 1559 eo
2845 1504 3097 1571 miseria},
3130 1524 3147 1555 ι
3177 1507 3300 1574 quia
3334 1508 3578 1562 avertisti

2003 1595 2192 1650 faciem
2228 1605 2375 1649 tuam
2410 1610 2437 1649 a
2474 1595 2650 1658 nobis,
2675 1608 2732 1650 et
2767 1595 3029 1650 tradidisti
3068 1611 3164 1649 nos
3202 1608 3419 1666 propter
3452 1613 3580 1661 pec-

2001 1700 2119 1743 cata
2153 1697 2357 1743 nostra.
2396 1707 2416 1741 ›
2455 1688 2572 1743 Non
2608 1688 2752 1742 enim
2786 1689 2928 1742 beati
2962 1703 3082 1743 esse
3111 1700 3378 1758 poterant,
3409 1706 3435 1741 a
3470 1688 3580 1741 Deo

2003 1778 2222 1847 reiecti;
2266 1787 2315 1833 at
2354 1779 2499 1834 omni
2547 1779 2689 1833 malo
2736 1778 2975 1847 transﬁgi
3021 1780 3179 1850 plane
3221 1791 3434 1850 Oportet
3463 1795 3576 1843 eos,

321 1872 420 1924 μεν
445 1857 522 1920 δὲ,
572 1859 724 1928 φατὶ,
762 1862 897 1932 πρὸς
936 1863 1095 1918 τοῦτο
1143 1866 1536 1938 ταλαιπωρίας,
1592 1887 1612 1920 ι
1653 1869 1733 1922 ὅτι
1783 1870 1889 1922 ἀπ·

2000 1869 2089 1935 qui
2122 1870 2253 1921 adeo
2288 1868 2471 1922 multis
2502 1869 2737 1937 peccatis
2764 1870 2971 1921 onerati
3002 1877 3147 1923 sunt.

318 1947 589 2021 έστρεψας
623 1951 683 2004 τὸ
709 1954 995 2023 πρόσωπόν
1028 1974 1119 2009 σου
1156 1958 1249 2027 ἀφ’
1274 1959 1452 2030 ήμῶν,
1494 1962 1589 2013 καὶ
1619 1960 1942 2031 παρέδωκας
1973 1961 2122 2030 ἡμᾶς
2176 1959 2263 2013 διὰ
2290 1960 2390 2023 τάς
2422 1960 2693 2031 ἁμαρτίας
2716 1959 2892 2030 ήμῶν.
2927 1978 2944 2010 ι
2974 1960 3047 2011 Οὐ
3069 1960 3176 2030 γὰρ
3212 1956 3280 2030 ἦν
3310 1958 3578 2031 εὐπράξαι

316 2043 442 2104 τοὺς
466 2044 818 2115 ἀποστροφὴν
854 2046 1254 2117 ὑπομείναντας
1318 2050 1414 2121 τὴν
1449 2051 1601 2122 παρὰ
1661 2051 1819 2119 Θεοῦ,
1846 2051 1962 2104 ἀλλ’
2001 2047 2067 2123 ἦν
2108 2052 2259 2105 πᾶσά
2306 2069 2422 2115 πως
2482 2052 2694 2121 ἀνάγκη
2739 2051 2901 2104 παντὶ
2953 2050 3371 2123 περιπείρεσοαι
3424 2051 3578 2125 κακῷ

316 2134 440 2197 τοὺς
464 2138 582 2198 ταῖς
608 2135 750 2191 οὕτω
773 2139 992 2204 πολλαῖς
1026 2142 1320 2214 ἁμαρτίαις
1388 2144 1901 2221 κατηχθισμένους].

386 2226 494 2279 Καὶ
521 2227 656 2294 νῦν,
684 2231 881 2299 Κύριε,
924 2232 1125 2302 Πατὴρ
1159 2234 1328 2303 ἡμῶν
1360 2236 1441 2289 σὺ
1471 2233 1541 2290 εἶ.
1586 2236 1783 2306 Ἰἶμεῖς
1821 2237 1891 2291 δὲ

316 2316 543 2382 πηλὸς,
605 2318 749 2389 ἔργα
811 2319 932 2374 τῶν
982 2321 1196 2391 χειρῶν
1248 2339 1365 2379 σου
1423 2326 1643 2392 πάντες
1692 2327 1881 2397 ἡμεῖς.

314 2407 413 2476 Μὴ
475 2409 705 2479 όργίζου
760 2413 906 2483 ἡμῖν
957 2415 1227 2485 σφόδρα,
1294 2417 1392 2471 καὶ
1444 2417 1529 2488 μὴ
1576 2419 1647 2471 ἐν
1708 2416 1887 2488 καιρῷ

308 2501 593 2571 μνησθῇς
665 2504 962 2575 ἁμαρτιῶν
1033 2507 1221 2575 ἡμῶν.
1292 2510 1399 2563 Καὶ
1468 2511 1584 2565 νῦν
1649 2512 1885 2565 ἐπίϐλε-

314 2595 465 2660 ψον,
524 2593 613 2648 ὅτι
657 2597 808 2663 λαός
853 2611 970 2652 σου
1017 2597 1241 2665 πάντες
1294 2600 1499 2669 ἡμεῖς,
1555 2603 1731 2668 πόλις
1778 2603 1887 2656 τοῦ

324 2685 387 2740 Ἀ
396 2687 527 2755 γίου
560 2703 699 2742 σου.

383 2778 779 2850 Παραιτοῦνται
812 2781 1016 2853 σφόδρα
1060 2782 1121 2836 τὸ
1154 2784 1385 2838 είσάπαν
1428 2783 1740 2838 ἀπολισθεῖν
1790 2786 1887 2855 τῆς

313 2870 453 2940 πρὸς
474 2872 636 2925 αὐτὸν
658 2873 1008 2944 οἰκειότητος.
1045 2875 1261 2946 Ἐπειδὴ
1285 2876 1341 2929 δέ
1364 2875 1451 2929 διὰ
1485 2876 1681 2947 πολλὴν
1704 2877 1886 2946 ἀμαρ-

2073 2239 2229 2294 Vens.
2258 2238 2311 2303 8,
2340 2238 2393 2293 9.
2426 2237 2491 2291 Et
2534 2253 2690 2301 nunc,
2730 2235 2972 2297 Domine,
3021 2233 3185 2289 Pater
3205 2247 3383 2288 noster
3406 2245 3459 2287 tu
3483 2253 3536 2287 es
3558 2276 3575 2300 ,

1995 2348 2084 2384 nos
2110 2342 2280 2382 autem
2308 2330 2505 2399 lutum;
2533 2342 2687 2397 opera
2715 2341 2965 2379 manuum
2992 2335 3200 2377 tuarum
3240 2341 3414 2378 omnes
3458 2342 3574 2381 ηδε.

1995 2423 2077 2478 Ne
2106 2424 2358 2477 irascaris
2390 2422 2535 2475 nobis
2567 2421 2744 2483 nimis,
2774 2432 2819 2474 et
2850 2438 2911 2473 ne
2943 2419 3236 2472 memineris
3262 2419 3317 2471 in
3350 2429 3577 2485 tempore

1991 2526 2316 2584 peccatorum
2345 2524 2661 2568 nostrorum.
2695 2512 2845 2565 Nunc
2876 2529 2995 2580 ergo
3026 2512 3238 2577 respice,
3260 2513 3383 2580 quia
3410 2528 3579 2579 popu-

1992 2607 2074 2661 lus
2100 2618 2219 2661 tuus
2243 2624 2418 2661 omnes
2447 2623 2570 2671 nos,
2600 2607 2782 2659 civitas
2812 2604 2996 2659 Sancti
3021 2605 3118 2657 tui.

2064 2782 2230 2837 Valde
2272 2783 2650 2852 deprecantur,
2681 2781 2904 2835 omnino
2946 2796 2976 2834 a
3025 2781 3401 2849 conjunctione
3453 2795 3575 2835 cum

1998 2874 2108 2929 Deo
2150 2875 2420 2928 excidere.
2458 2874 2593 2940 Quia
2630 2889 2757 2926 vero
2793 2883 3013 2941 propter
3045 2874 3209 2926 multa
3247 2881 3469 2940 peccata
3506 2873 3571 2923 ad

311 2963 429 3017 τίαν
452 2963 872 3035 παρηνέχθησαν
901 2967 981 3029 εις
1016 2965 1191 3031 τοῦτο,
1242 2966 1501 3020 πλέκουσί
1541 2986 1659 3032 πως
1688 2969 1887 3041 ἀρίστῃ

2000 2968 2100 3021 hoc
2149 2967 2365 3020 deducti
2420 2975 2574 3030 sunt,
2626 2965 2794 3035 890
2847 2979 3035 3033 preces
3087 2964 3290 3033 optimo
3346 2962 3577 3016 artiﬁcio

309 3055 475 3127 τέχνῃ
524 3055 622 3117 τάς
672 3055 842 3120 λιτάς·
900 3058 959 3110 οὐ
1014 3058 1124 3128 γάρ
1160 3058 1372 3129 ἔχοντες
1424 3060 1482 3126 ἐξ
1508 3060 1671 3131 ἔργον
1713 3062 1809 3114 καὶ
1833 3061 1892 3127 ἐξ

1997 3067 2201 3113 texunt.
2225 3056 2356 3111 Cum
2389 3058 2533 3111 enim
2568 3072 2669 3110 nou
2705 3058 2912 3124 possint
2942 3056 3194 3126 operibus
3224 3063 3278 3109 et
3305 3055 3575 3122 inculpata

311 3149 612 3218 ἀμωμήτου
640 3149 786 3220 ζωῆς
823 3151 1204 3221 ἐκδυσωπῆσαι
1243 3153 1334 3206 τὸν
1370 3152 1629 3217 σώζοντα,
1662 3154 1749 3221 ἐφ’
1772 3153 1891 3206 ἐτε-

313 3240 406 3310 ρόν
438 3258 491 3293 τι
526 3238 817 3310 βαδίζουσι.
864 3242 1247 3312 Παρακαλοῦσι
1292 3242 1401 3313 γὰρ
1439 3244 1514 3308 ὼς
1550 3245 1891 3315 Δημιουργὸν

312 3332 633 3402 ποιημάτων
663 3332 808 3385 ἰδίων
838 3331 1025 3386 θέσθαι
1056 3334 1179 3386 τινὰ
1200 3334 1379 3403 λόγον,
1402 3336 1496 3389 καὶ
1516 3337 1699 3407 νεῖμαι
1726 3337 1890 3405 φειδῶ

309 3426 421 3487 τοῖς
458 3424 588 3496 παρ’
622 3424 788 3478 αὑτοῦ
839 3427 1339 3497 παρενηνεγμένοις
1388 3431 1467 3491 είς
1515 3429 1575 3482 τὸ
1606 3424 1765 3493 εἶναι,
1795 3431 1890 3484 καὶ

309 3516 434 3587 ζῇν.
490 3537 507 3569 ι
537 3518 728 3588 Πατὴρ
778 3517 886 3587 γὰρ
937 3517 1093 3588 ήμῶν
1143 3520 1577 3590 κεχρημάτικας,
1623 3541 1641 3573 ι
1688 3522 1886 3591 φησὶν,

314 3608 523 3677 «ἐσμὲν
554 3608 609 3661 δὲ
642 3610 805 3679 ἡμεῖς
834 3609 943 3663 τῶν
976 3609 1083 3663 σῶν
1109 3611 1245 3680 ἔργα
1283 3611 1503 3683 χειρῶν.
1556 3613 1766 3667 Οὐκοῦν
1814 3613 1887 3685 μὴ

306 3697 526 3769 ὀργίζου
560 3700 691 3769 ἡμῖν
719 3701 944 3772 σφόδρα.
988 3721 1007 3752 ι
1053 3704 1166 3756 Οὐκ
1204 3702 1511 3770 ἀγνοοῦσιν,
1544 3707 1625 3759 ὅτι
1650 3722 1887 3776 προσκε-

307 3790 637 3860 κρούκασιν,
693 3792 1018 3863 ὁμολογοῦσι
1073 3795 1129 3848 δὲ
1190 3796 1413 3865 μᾶλλον,
1471 3797 1552 3850 ὅτι
1601 3799 1695 3851 καὶ
1733 3797 1888 3869 δίκης

305 3879 489 3945 ἀξίους
544 3881 767 3945 ἑαυτοὺς
803 3882 1113 3954 ἀπέφηναν,
1182 3886 1640 3956 πεπαρῳνηκότες
1682 3888 1887 3960 ἀγρίως

306 3970 388 4032 είς
404 3969 495 4022 τὸν
517 3970 668 4024 Υίόν·
702 3972 790 4025 διά
816 3972 974 4027 τοῦτο
1027 3977 1310 4045 μονονουχὶ
1361 3977 1650 4042 κολάζουσι
1687 3978 1764 4050 (1)
1789 3980 1886 4051 τὴν

304 4060 481 4133 λιτὴν,
518 4064 611 4116 καὶ
656 4065 758 4117 οὐκ
804 4065 1096 4137 ἐλευθέραν
1133 4067 1414 4131 παντελῶς
1465 4068 1743 4123 ποιοῦνται
1787 4072 1887 4142 τὴν

304 4155 588 4225 πρόσοδον·
630 4155 802 4228 βραχὺ
827 4158 884 4212 δέ
908 4176 1024 4223 πως
1040 4160 1137 4231 τὴν
1156 4162 1466 4234 παρρησίαν
1490 4164 1881 4231 συστείλαντες,

305 4247 366 4299 οὐ
399 4247 460 4300 τὸ
518 4248 653 4319 μηδὲ
689 4249 825 4313 ὅλως
884 4250 1198 4321 ὀργίζεσθαι
1254 4255 1375 4305 κατ’
1419 4254 1598 4307 αὐτῶν
1645 4255 1884 4311 αἰτοῦσιν

1993 3150 2104 3204 vita
2155 3148 2501 3204 Servatorem
2559 3149 2809 3218 placare,
2853 3149 2919 3203 ad
2969 3149 3112 3203 aliud
3163 3164 3221 3203 se
3268 3148 3573 3204 conferunt.

1993 3241 2203 3311 Rogant
2228 3241 2369 3295 enim
2400 3250 2455 3293 ut
2479 3241 2816 3305 Creatorem,
2843 3250 2900 3294 ut
2927 3239 3008 3294 sui
3044 3240 3286 3309 ﬁgmenti
3315 3239 3574 3291 rationem

1992 3332 2203 3395 habeat,
2228 3342 2282 3387 et
2309 3334 2738 3388 misericordiam
2766 3331 3013 3385 conferat
3038 3332 3092 3385 in
3123 3346 3217 3385 eos
3243 3330 3333 3398 qni
3364 3329 3431 3381 ab
3458 3330 3576 3397 ipso

1992 3425 2043 3479 in
2077 3440 2253 3478 rerum
2288 3435 2532 3479 naturam
2583 3433 2637 3479 et
2688 3425 2851 3477 vitam
2883 3423 3126 3493 producti
3160 3429 3304 3476 sunt.
3359 3439 3379 3473 ο
3419 3420 3577 3473 Pater

1989 3514 2132 3568 enim
2187 3523 2387 3577 noster,
2419 3534 2437 3567 ι
2472 3516 2664 3583 inquit,
2697 3533 2715 3566 ι
2747 3513 3095 3580 nuncuparis,
3152 3525 3353 3580 nosque
3390 3526 3575 3565 sumus

1988 3620 2151 3669 opera
2206 3620 2459 3657 manuum
2509 3615 2740 3658 tuarum.
2775 3601 2958 3670 Itaque
3004 3618 3071 3657 ne
3118 3601 3370 3656 irascaris
3420 3604 3574 3654 nobis

1988 3695 2243 3764 graviter.
2276 3714 2294 3745 ι
2331 3694 2444 3749 Non
2476 3696 2726 3765 ignorant
2752 3711 2811 3749 se
2840 3694 3146 3757 offendisse,
3174 3694 3281 3748 imo
3306 3696 3573 3749 contitcu-

1991 3795 2097 3849 tur,
2129 3787 2268 3855 quod
2304 3802 2363 3842 se
2395 3802 2556 3854 pmna
2590 3788 2777 3856 dignos
2812 3788 3108 3852 eﬂ'eceriut,
3139 3787 3448 3839 immaniter
3477 3787 3570 3838 dc-

1989 3876 2235 3933 baccbali
2269 3879 2321 3932 in
2356 3877 2572 3932 Filium.
2610 3879 2814 3933 Idcirco
2848 3879 3009 3931 etiam
3044 3877 3409 3948 precationem
3450 3887 3575 3930 tau-

1990 3981 2099 4027 tum
2142 3987 2247 4026 non
2295 3972 2685 4036 conscindunt,
2720 3986 2818 4027 nec
2861 3973 3087 4028 liberum
3138 3972 3240 4026 sibi
3289 3986 3571 4026 accessum

1987 4065 2297 4134 aditumque
2331 4066 2559 4129 faciunt,
2590 4067 2683 4120 sed
2716 4064 3107 4134 aliquantulum
3147 4065 3394 4132 loquendi
3435 4063 3574 4116 ﬁdu-

1988 4158 2125 4213 ciam
2176 4159 2523 4225 contrahunt,
2559 4158 2833 4228 Deumque
2869 4166 3028 4211 orant
3066 4156 3469 4219 miserabiliter,
3505 4170 3573 4209 ne

1986 4250 2206 4305 omnino
2242 4251 2342 4306 sibi
2378 4252 2673 4315 irascatur,
2711 4252 2803 4305 sed
2843 4259 2901 4304 ut
2935 4250 3169 4305 furorem
3206 4249 3574 4320 placabilitate

306 4339 554 4404 ἐλεεινῶς
591 4341 683 4394 τδν
731 4342 885 4407 Θεὸν,
918 4344 1322 4401 ἀναπλέκεσθαι
1353 4347 1409 4400 δὲ
1440 4348 1638 4418 μᾶλλον
1658 4351 1882 4421 γαληνό-

1997 4351 2379 4413 contemperet.
2402 4342 2556 4414 Digni
2586 4344 2823 4413 quidem,
2850 4344 3042 4414 inquit,
3070 4360 3256 4399 sumus
3281 4343 3437 4413 plane
3466 4343 3567 4408 ira,

303 4449 427 4501 τητι
455 4433 546 4485 τὸν
566 4433 755 4505 θυμόν.
793 4435 965 4500 Ἀξιοι
994 4438 1090 4508 μὲν
1144 4438 1252 4510 γὰρ
1297 4442 1466 4512 ὀργῆς
1516 4442 1881 4514 ὁμολογουμέ-

1997 4436 2121 4487 adeo
2173 4432 2427 4503 gravibus
2476 4434 2628 4489 malis
2684 4434 2976 4502 implicati;
3032 4444 3088 4489 at
3140 4444 3229 4489 tua
3282 4434 3569 4489 clementia

304 4538 429 4584 νως,
454 4524 636 4593 φησὶν,
665 4526 713 4577 οἱ
743 4528 855 4587 τοῖς
879 4525 1051 4591 οὕτως
1070 4527 1261 4592 δεινοῖς
1293 4530 1479 4601 ἐνισχη
1489 4532 1639 4600 μένοι
1665 4538 1875 4600 κακοῖς,

1997 4525 2200 4593 lignum
2234 4533 2316 4579 est
2370 4524 2506 4578 iram
2541 4526 2704 4579 etiam
2743 4526 2944 4596 justam
2988 4527 3039 4580 in
3092 4542 3187 4581 nos
3231 4528 3477 4581 minuere
3519 4539 3572 4582 ct

305 4611 441 4665 ἀλλά
454 4614 553 4682 τῆς
570 4616 668 4687 σῆς
696 4618 728 4687 ή
736 4635 800 4686 με
809 4617 1031 4687 ρότητος
1058 4617 1206 4685 ἀξιον
1229 4620 1439 4687 γένοιτο
1464 4621 1529 4675 ἂν
1544 4622 1605 4674 τὸ
1623 4622 1876 4678 κολοϐοῦν

1997 4615 2283 4669 lecurtare.
2327 4634 2345 4667 ι
2398 4614 2664 4685 Tempore
2711 4636 2730 4669 ι
2779 4619 2945 4685 igitur
2987 4618 3321 4681 amictionis,
3361 4618 3569 4694 inquit,

304 4701 389 4770 ἐφ’
419 4703 570 4772 ἡμῖν,
600 4706 694 4758 καὶ
722 4706 789 4758 τά
810 4707 873 4757 ἐκ
901 4706 1112 4769 δικαίας
1128 4707 1315 4779 ὀργῆς.
1340 4728 1359 4760 ι
1398 4710 1487 4762 Ἐν
1515 4711 1691 4782 καιρῷ
1721 4730 1738 4762 ι
1769 4712 1877 4765 τοί-

1997 4724 2013 4758 ι
2052 4722 2120 4761 ne
2161 4706 2470 4762 memineris
2512 4716 2854 4776 peccatorum
2901 4716 3230 4773 nostrorum,
3260 4711 3353 4763 sed
3396 4709 3570 4777 cogita

304 4811 399 4846 νυν
453 4794 701 4864 θλίψεως,
760 4798 914 4869 φησὶ,
973 4818 991 4851 ‹
1042 4800 1116 4871 μὴ
1158 4800 1402 4872 μνησθῇς
1451 4802 1559 4854 τῶν
1597 4804 1882 4873 ἁμαρτιῶν

1997 4799 2241 4869 populum
2280 4810 2427 4854 tuum
2463 4816 2560 4854 nos
2591 4816 2782 4857 omnes
2810 4816 2950 4866 esse,
2982 4811 3035 4855 et
3069 4802 3341 4855 civitatem
3381 4799 3566 4855 Sancti

302 4887 482 4957 ἡμῶν,
510 4890 705 4944 ἐννοῶν
742 4892 823 4944 ὅτι
845 4894 873 4945 ό
896 4892 1023 4956 λαός
1052 4910 1145 4945 σου
1171 4893 1370 4957 πάντες
1398 4896 1580 4964 ἡμεῖς,
1604 4895 1696 4947 καὶ
1727 4895 1881 4959 πόλις

1997 4891 2085 4954 tui,
2119 4910 2138 4943 ι
2175 4891 2225 4945 id
2257 4900 2359 4954 est,
2392 4893 2442 4945 iu
2477 4908 2583 4961 qua
2620 4902 2767 4947 tuum
2802 4902 2889 4949 est
2915 4893 3308 4948 sanctuarium.
3344 4891 3567 4963 Signili-

303 4977 398 5031 τοῦ
442 4979 621 5048 ’Δγίου
649 4997 763 5045 σου,
802 5001 819 5032 ι
871 4984 1171 5047 τουτέστιν,
1205 4986 1262 5037 ἐν
1383 4988 1442 5037 τὸ
1486 4987 1576 5039 σὸν
1608 4987 1874 5057 ἀγίασμα.

1997 4994 2112 5037 cant
2138 4993 2316 5038 autem
2346 4985 2428 5040 bis
2454 4986 2633 5041 verbis
2663 4987 2940 5057 templum.

304 5069 633 5140 Σημαίνουσι
666 5071 721 5124 δὲ
750 5072 838 5126 διά
868 5072 1071 5126 τούτων
1098 5074 1189 5126 τὸν
1223 5074 1378 5129 νεών.

386 5160 673 5231 Ἐγ-ενήθη
725 5164 943 5231 ἕρημος
994 5165 1167 5230 Σιὼν,
1218 5167 1299 5231 ὡς
1348 5166 1567 5235 ἕρημος
1620 5166 1873 5235 ἐγενήθη

2054 5160 2215 5215 Vens.
2248 5161 2436 5218 10-12.
2473 5161 2521 5215 F
2525 5176 2643 5216 acta
2688 5172 2763 5217 est
2802 5169 3005 5217 deserta
3046 5163 3205 5229 Sion;
3251 5164 3403 5234 quasi
3441 5164 3570 5217 soli-

314 5250 747 5321 Ἰερουσαλὴμ,
810 5257 898 5320 εὶς
960 5254 1226 5323 κατάραν
1286 5260 1319 5310 ό
1372 5253 1534 5322 οἶκος
1585 5257 1652 5309 τὸ
1707 5257 1876 5325 ἅγιον

1997 5254 2110 5305 tudo
2154 5254 2294 5321 facta
2338 5265 2411 5309 est
2453 5254 2782 5319 Jerusalem,
2820 5259 3109 5311 exsecratio
3154 5259 3337 5310 domus
3384 5266 3568 5311 sancta

302 5342 488 5411 ἡμῶν,
518 5343 557 5410 ἡ
605 5343 753 5408 δόξα
798 5343 878 5411 ἣν
907 5346 1257 5416 εὐλόγησαν
1288 5351 1342 5400 οἱ
1388 5347 1640 5417 πατέρες
1672 5347 1872 5415 ἡμῶν,

1997 5355 2189 5409 tostra,
2225 5348 2391 5417 gloria
2440 5349 2525 5402 cui
2573 5348 2944 5404 benedixerunt
2995 5361 3167 5419 patres
3216 5353 3415 5414 nostri,
3451 5348 3569 5417 igne

300 5433 555 5504 ἐγενήθη
599 5437 1043 5505 πυρίκαυστος,
1100 5439 1200 5492 καὶ
1270 5439 1466 5493 πάντα
1513 5440 1584 5495 τὰ
1651 5442 1873 5505 ἔνδοξα

1997 5439 2245 5495 :ombusta
2270 5452 2363 5509 est,
2391 5450 2436 5496 et
2462 5442 2637 5496 omnia
2663 5442 2893 5513 gloriosa
2921 5443 3282 5500 conciderunt.
3313 5441 3381 5496 Et
3411 5456 3568 5508 θυῖεν·

376 5609 423 5642 ³⁸
450 5608 565 5666 Jac.
604 5627 642 5677 ι,
673 5613 727 5667 6.

376 5793 450 5865 (Ι)
484 5791 742 5850 llunlred.
778 5795 969 5867 legisse
1008 5796 1217 5852 videtur
1256 5794 1599 5854 κολάπτουσι.
