4022 6400
469 701 476 726 l

505 376 646 432 “0'5

1527 379 1586 434 S.
1628 378 1906 433 CYRILLI
1946 375 2417 432 ALEXANDRINI
2454 373 2774 430 ARCHIEP.

3606 374 3628 428 Ι
3641 373 3765 428 404

499 495 580 548 his
626 493 864 548 omnibus
907 503 961 546 tu
1006 493 1331 559 sustinuisti,
1371 494 1620 563 Domine,
1654 506 1703 551 et
1749 499 1990 559 tacuisti,
2025 507 2071 549 et

2178 496 2501 549 συνέπεσε.
2530 495 2635 547 Kal
2667 492 2763 546 ἐπὶ
2817 488 2965 544 πᾶσι
3003 489 3234 554 τούτοις
3269 487 3572 557 ἠνέσχου,
3634 494 3768 546 Κύ-

499 585 786 638 humilitati
817 601 910 638 uos
939 584 1108 637 ualde.

571 759 704 814 Cum
741 759 1205 829 praesigniﬁcarint
1234 761 1397 814 animi
1431 762 1589 828 mala,
1623 766 2075 836 praedixerinlque

502 867 561 907 se
606 853 838 922 peccatis
885 854 1143 918 irretitus,
1180 852 1481 918 instabiles,
1515 866 1570 908 et
1613 857 1860 912 foliorum
1908 861 2076 914 instar

503 944 648 996 omni
689 943 816 997 llatu
859 944 962 998 huc
1010 943 1136 998 illuc
1175 945 1408 1015 jactalos
1454 962 1603 1013 esse;
1653 962 2075 1007 commemorant

506 1036 756 1102 deinceps
797 1045 849 1088 et
890 1045 1144 1091 externas
1187 1036 1522 1093 calamitates
1565 1056 1683 1108 qua:
1730 1041 1888 1095 illata;
1926 1055 2072 1106 sunt,

505 1141 568 1180 ac
593 1127 839 1180 videntur
865 1125 1357 1200 Hierosolymorum
1384 1133 1739 1186 vastationem
1772 1133 2073 1202 deplorare.

504 1217 796 1288 templique
829 1219 1154 1275 incendium.
1183 1219 1316 1275 Nam
1351 1232 1474 1291 post
1501 1223 1806 1279 Servatoris
1833 1241 2073 1289 crucem,

504 1311 618 1364 ha-c
669 1313 847 1364 omnia
893 1311 1081 1367 effecta
1129 1323 1273 1368 sunt.
1326 1333 1344 1366 ‹
1405 1316 1468 1369 Et
1515 1317 1760 1381 deserta,
1805 1339 1822 1370 ι
1873 1319 2072 1387 inquit,

507 1421 526 1453 σ
563 1401 700 1457 facta
729 1414 812 1458 est
835 1404 986 1469 Sion,
1019 1425 1038 1458 ι
1070 1422 1189 1476 quae
1219 1408 1355 1463 adeo
1383 1409 1622 1476 speciosa
1651 1409 1748 1464 fuit
1768 1411 2074 1479 aliquando,

499 1495 728 1551 celebris
762 1496 851 1550 illa
909 1507 962 1552 et
994 1499 1268 1567 papulosa.
1303 1519 1322 1551 ι
1364 1501 1634 1572 Factaque
1666 1515 1748 1557 est
1776 1505 2077 1558 exsecratio

502 1587 693 1641 domus
727 1599 911 1643 sancta
947 1599 1154 1646 nostra.
1189 1609 1207 1642 ι
1249 1591 1689 1648 Exsecrationem
1722 1595 1922 1656 dicunt.
1959 1611 2073 1663 pro,

502 1679 928 1735 contradictione
960 1692 1014 1735 et
1043 1682 1289 1737 convicio
1323 1683 1488 1737 Deum
1524 1686 1920 1755 ignorantibus.
1952 1686 2079 1742 CIII-

502 1777 647 1822 tores
676 1771 817 1825 enim
852 1773 1260 1838 dmmoniorum,
1289 1790 1408 1829 cum
1440 1778 1634 1842 sancti,
1663 1788 1752 1831 aut
1777 1781 1866 1848 qui
1900 1780 2077 1848 aliquo

2169 603 2293 654 ριε,
2322 585 2421 639 καὶ
2443 584 2820 650 ἐσιώπησας,
2871 579 2970 632 καὶ
3003 577 3406 643 ἑταπείνωσας
3443 577 3600 648 ἡμᾶς
3639 579 3766 646 ἓως

2175 677 2429 746 σφόδρα.

2245 768 2354 829 Τὰς
2387 769 2443 818 ἐν
2479 766 2622 835 ψυχῇ
2682 762 2882 832 ζημίας
2940 760 3475 831 προαπαγγείλαντες
3495 802 3509 827 ,
3541 764 3640 817 καὶ
3669 765 3761 817 ὅτι

2175 858 2430 928 γεγόνασι
2464 860 2583 920 ταῖς
2611 855 2906 926 ἁμαρτίαις
2957 855 3214 907 εὐάλωτοι
3243 856 3715 924 προηγορευκότες
3738 896 3756 917 ,

2177 948 2550 1020 εὑπαράφοροί
2581 965 2639 1000 τε
2671 947 2765 1000 καὶ
2792 946 3002 1014 φύλλων
3045 947 3200 1010 δίκην
3225 945 3328 998 ὑπὸ
3356 947 3554 1008 παντὸς
3586 947 3766 1000 πνεύ-

2181 1059 2347 1114 ματος
2379 1041 2506 1111 τῇδέ
2532 1057 2590 1092 τε
2625 1041 2850 1092 κάκεῖσε
2899 1037 3410 1109 διαρῤυπτούμενοι,
3444 1039 3763 1108 διαμνημο-

2177 1135 2390 1187 νεύουσι
2427 1131 2611 1185 λοιπὸν
2667 1131 2762 1182 καὶ
2791 1129 2899 1182 τῶν
2945 1129 3139 1194 ἔξωθεν
3169 1128 3351 1190 αὐτοῖς
3382 1128 3760 1196 ἐπενηνεγμέ-

2178 1243 2282 1278 νων
2339 1225 2651 1294 συμφορῶν·
2714 1222 2923 1274 ἐοίκασι
2972 1220 3028 1273 δέ
3069 1221 3166 1290 τὴν
3224 1219 3332 1271 τῶν
3364 1219 3762 1289 Ἱεροσολύμων

2179 1319 2442 1388 πόρθησιν
2469 1315 2853 1386 ὀλοφύρεσθαι,
2883 1313 2976 1366 καὶ
2999 1313 3088 1365 τὸν
3111 1311 3435 1383 ἐμπρησμὸν
3462 1311 3556 1363 τοῦ
3583 1311 3724 1364 ναοῦ
3744 1327 3759 1337 ·

2183 1410 2317 1481 μετὰ
2345 1412 2453 1479 γάρ
2483 1425 2564 1460 τοι
2612 1409 2702 1459 τὸν
2750 1407 2841 1458 τοῦ
2887 1405 3135 1472 Σωτῆρος
3184 1403 3431 1472 σταυρὸν,
3492 1403 3651 1454 ταυτὶ
3691 1401 3762 1471 δὴ

2179 1503 2356 1554 πάντα
2385 1499 2710 1552 τετέλεσταν
2745 1519 2760 1547 ι
2778 1499 2914 1568 Ἔρη
2925 1513 3020 1565 μος
3046 1496 3100 1548 δὲ
3123 1491 3213 1548 οὖν
3238 1494 3464 1562 ἐγενήθη
3489 1497 3521 1564 ἠ
3551 1492 3715 1556 Σιὼν,
3736 1513 3755 1542 ι

2180 1594 2376 1662 φησιν,
2429 1593 2462 1662 ἡ
2524 1589 2827 1660 διαπρεπὴς
2894 1587 3057 1649 οὕτω,
3126 1589 3220 1640 καὶ
3271 1586 3588 1656 διαϐόητος,
3659 1586 3764 1637 καὶ

2181 1680 2587 1750 πολυανδροῦσα
2619 1678 2771 1731 ποτέ.
2815 1696 2831 1728 I
2869 1678 3064 1744 Γέγονε
3105 1677 3160 1728 δὲ
3192 1677 3286 1728 καὶ
3311 1677 3388 1738 είς
3409 1674 3657 1744 κατάραν
3696 1674 3765 1725 τὸ

2181 1777 2333 1844 ἆγιον
2357 1773 2535 1843 ἡμῶνο
2567 1791 2584 1821 ι
2602 1770 2664 1823 τὸ
2689 1771 2764 1832 δέ,
2793 1769 3038 1840 κατάραν
3062 1769 3243 1837 φασιν,
3263 1769 3382 1820 ἀντὶ
3409 1765 3524 1827 τοῦ,
3549 1768 3629 1827 εἰς
3652 1783 3762 1819 κα.-

503 1861 663 1913 modo
698 1862 976 1916 adhazrent
1013 1863 1121 1919 Deo
1156 1866 1436 1933 patiuntur
1469 1870 1821 1937 supplicium,
1855 1871 2070 1938 profuse

2176 1866 2438 1936 τάρῤησιν
2477 1862 2570 1913 καὶ
2613 1860 2878 1928 λοιδορίαν
2904 1861 3016 1920 τοῖς
3059 1857 3159 1909 οὐκ
3200 1856 3362 1908 εἰδόσι
3391 1856 3541 1908 Θεόν·
3567 1857 3619 1907 οἱ
3645 1856 3762 1924 γάρ

504 1951 682 2005 rident
711 1961 767 2005 et
797 1951 1094 2007 ell‘eruntur
1116 1996 1130 2020 ,
1162 1966 1218 2010 et
1249 1957 1582 2023 majestatem
1620 1959 1736 2029 ejus
1772 1962 1860 2028 qui
1893 1972 2075 2016 servat

502 2039 623 2094 illos
668 2041 897 2096 ludibrio
938 2045 1155 2100 habent.
1193 2047 1354 2117 891
1404 2049 1600 2104 Putant
1645 2053 1785 2105 enim
1835 2053 2074 2107 fortassis

503 2146 720 2186 manum
754 2133 872 2203 ejus
906 2135 1180 2203 laborare,
1215 2155 1312 2194 nec
1347 2156 1502 2210 posse
1539 2143 1656 2198 illos
1691 2160 1937 2207 servare;
1978 2162 2074 2199 nec

501 2225 737 2291 cogitant
780 2240 873 2280 eos
922 2243 1096 2296 paenae
1143 2232 1265 2286 ideo
1316 2233 1586 2300 subjectos
1635 2251 1788 2299 esse,
1822 2239 1962 2306 quod
2009 2253 2070 2291 ea

502 2314 832 2382 patraverint
855 2333 972 2385 quae
1006 2320 1077 2374 illi
1108 2321 1416 2391 displicent.
1447 2344 1466 2376 ‹
1507 2327 1820 2381 Exsecratio
1857 2349 1876 2380 ›
1914 2330 2075 2400 igitur

506 2421 524 2452 ι
566 2401 704 2458 facta
741 2416 824 2461 est
851 2408 1040 2463 domus
1079 2422 1266 2466 sancta
1315 2426 1517 2469 nostra.
1558 2435 1575 2468 ι
1624 2417 1880 2474 Sanctum
1931 2423 2070 2474 enim

506 2492 610 2547 fuit
653 2497 792 2564 apud
837 2499 955 2554 illos
1002 2503 1279 2571 templum.
1316 2502 1383 2559 Et
1423 2507 1544 2575 igne
1586 2513 1922 2563 combustum
1967 2520 2070 2577 est,

503 2584 705 2654 inquit,
737 2592 877 2657 quod
907 2607 1036 2647 voce
1066 2604 1377 2650 sanctorum
1413 2609 1627 2666 patrum
1659 2604 1792 2654 adeo
1823 2605 2074 2655 decanta-

503 2685 646 2740 tum,
691 2680 1020 2735 celebratum
1081 2699 1143 2738 ac
1203 2689 1548 2754 praedicatum
1611 2701 1712 2744 est.
1759 2690 2074 2746 Concidisse

499 2768 651 2821 aiunt
675 2772 851 2826 omnia
882 2775 1134 2843 gloriosa.
1166 2778 1319 2834 Nulla
1348 2781 1490 2835 enim
1518 2791 1636 2836 erat
1665 2785 1884 2838 omnino
1913 2800 2074 2838 vene-

503 2861 641 2914 ratio
672 2876 1140 2922 sacrosanctorum
1177 2885 1450 2941 vasorum,
1480 2891 1598 2944 qua:
1631 2876 1682 2928 iu
1719 2877 1900 2928 divino
1937 2887 2072 2930 tem-

501 2950 589 3019 plo
620 2954 788 3020 posita
822 2953 1057 3024 fuerunt,
1085 2961 1226 3014 nulla
1263 2967 1564 3018 reverentia
1595 2967 1678 3021 his
1705 2968 1794 3036 qui
1827 2967 1911 3020 illa
1945 2969 2074 3023 diri-

500 3042 653 3108 piunt
687 3053 741 3098 et
775 3045 1087 3105 incendunt.
1123 3070 1141 3101 ι
1179 3053 1248 3106 At
1281 3056 1617 3120 sustinuisti,
1657 3078 1673 3108 ι
1719 3059 1921 3127 inquit,
1957 3077 1975 3110 ε
2021 3061 2069 3113 in

500 3131 584 3186 his
615 3135 864 3190 omnibus
896 3147 951 3192 et
983 3142 1321 3209 conticuisti,
1358 3161 1566 3214 nosque
1597 3149 1660 3200 ad
1697 3149 1868 3203 solum
1905 3167 2072 3218 usque

500 3226 856 3290 prostravisti.
901 3248 918 3281 ι
953 3230 1088 3296 Quia
1115 3236 1258 3288 enim
1291 3237 1552 3305 repellere
1582 3250 1794 3308 poterat
1824 3243 2069 3298 hostilem

500 3315 807 3385 incursum,
850 3324 1094 3389 permisit
1143 3335 1320 3382 tamen
1369 3343 1464 3385 eos
1511 3330 1872 3399 invalescere,
1915 3344 1969 3388 et
2017 3335 2071 3389 in

500 3404 676 3476 ipsum
734 3411 896 3465 etiam
944 3415 1200 3484 templum
1241 3419 1448 3476 irruere
1491 3441 1504 3476 :
1553 3423 1809 3494 colligunt
1850 3425 1974 3481 inde
2017 3443 2074 3482 se

499 3508 719 3565 propter
745 3501 877 3556 iram
909 3515 963 3559 et
993 3518 1208 3574 peccata
1239 3511 1520 3580 despectos
1545 3530 1688 3580 esse,
1719 3517 1961 3588 iramque
1989 3519 2072 3574 his

500 3587 567 3640 de
596 3590 774 3646 causis
805 3597 1133 3664 concipiunt.
1161 3598 1260 3665 Qui
1290 3601 1430 3655 enim
1463 3611 1640 3671 potest
1669 3587 1919 3672 injuriam
1949 3624 2073 3678 pro-

500 3677 708 3747 hibere,
734 3688 1096 3750 praetermittit
1129 3701 1328 3759 tamen,
1355 3705 1408 3749 et
1439 3712 1524 3751 res
1554 3699 1811 3753 adversas
1837 3709 1892 3753 et
1922 3677 2075 3769 aspe-

500 3784 592 3824 ras
622 3774 687 3826 ad
717 3775 876 3831 linem
906 3795 1072 3848 usque
1105 3787 1355 3854 progredi
1387 3798 1439 3842 et
1467 3792 1759 3859 procedere
1791 3793 2070 3861 permittit,

499 3863 747 3918 acerbam
774 3866 906 3920 iram
937 3874 1120 3939 procul
1147 3877 1308 3930 dubio
1339 3879 1390 3932 in
1419 3895 1511 3934 eos
1541 3882 1830 3938 distillasse
1863 3894 1917 3937 et
1941 3885 2072 3938 ellu-

499 3949 646 4006 disse
679 3968 832 4020 eum,
865 3961 1206 4017 manifestum
1241 3978 1353 4032 est;
1392 3969 1462 4021 ita
1499 3979 1556 4024 ut
1583 3973 1744 4026 etiam
1776 3989 1926 4029 suam
1961 3975 2073 4045 sla.-

502 4040 636 4094 riam
675 4045 937 4113 neglectui
972 4052 1249 4120 habuerit,
1281 4066 1335 4112 et
1369 4059 1599 4116 ludibria
1635 4063 1871 4120 hostium
1907 4040 2072 4122 susti-

504 4135 701 4186 nuerit.
753 4136 1192 4211 Quandoquidem
1255 4149 1389 4203 bene
1445 4154 1645 4207 accidit
1729 4171 1823 4210 eos
1887 4172 2073 4227 pcenas

504 4224 652 4290 dare,
681 4244 818 4296 quos
845 4248 940 4298 par
973 4247 1056 4289 est
1079 4238 1148 4292 ob
1176 4240 1338 4294 multa
1371 4254 1587 4311 peccata
1618 4224 2068 4316 supplicioiallici.

569 4403 693 4458 CAP.
730 4405 890 4462 LXV.
925 4409 1086 4466 Vens.
1119 4414 1177 4476 l,
1209 4416 1262 4470 2.
1294 4417 1605 4488 Manifestus
1641 4423 1811 4492 factus
1844 4443 1958 4481 sum
1991 4430 2071 4483 Itis

2175 1955 2282 2010 τῶν
2307 1955 2578 2024 δαιμόνων
2621 1951 2953 2021 θεραπευταὶ
2985 1948 3306 2017 πασχόντων
3360 1949 3548 2015 ἁγίων,
3581 1949 3760 2016 ἤγουν

2174 2048 2280 2100 τῶν
2302 2047 2424 2100 καθ’
2446 2045 2725 2100 ὁντιναοῦν
2753 2043 2950 2113 τρόπον
2982 2041 3354 2110 ἀνακειμένων
3395 2040 3537 2110 Θεῷ,
3573 2040 3760 2092 πλατὺ

2173 2141 2392 2210 γελῶσι,
2431 2139 2524 2192 καὶ
2577 2137 3027 2206 κατεπαίρονται,
3070 2135 3164 2187 καὶ
3212 2133 3308 2203 τὴν
3345 2132 3438 2185 τοῦ
3489 2130 3762 2194 σώζοντος

2174 2234 2372 2294 αὐτοὺς
2405 2229 2719 2299 διασύρουσι
2751 2229 2927 2292 δόξαν,
2978 2227 3190 2279 Οἰόνται
3231 2224 3339 2295 γάρ
3370 2224 3497 2286 ἴσως
3521 2223 3621 2292 τὴν
3655 2223 3762 2275 αὖ·

2173 2325 2266 2380 τοῦ
2295 2327 2454 2396 χεῖρα
2506 2322 2700 2376 παθεῖν
2743 2320 2803 2374 τὸ
2850 2320 2923 2390 μὴ
2955 2319 3166 2388 ἰσχύσαι
3190 2317 3383 2380 σώζειν
3415 2317 3630 2374 αὐτοὺς.
3660 2316 3764 2366 καὶ

2174 2419 2273 2472 οὐκ
2316 2413 2606 2473 ἐννοοῦσιν,
2629 2413 2704 2464 ὅτι
2735 2409 3086 2463 πεπτώκασιν
3108 2407 3211 2459 ὑπὸ
3225 2405 3380 2475 δίκην
3412 2404 3765 2476 πεπραχότες

2173 2509 2292 2562 τινὰ
2313 2505 2420 2559 τῶν
2452 2503 2767 2559 ἀπαδόντων
2823 2499 2989 2570 αὐτῷ.
3046 2519 3062 2550 ι
3103 2498 3196 2561 Εἰς
3228 2498 3472 2567 κατάραν
3505 2515 3524 2548 ι
3569 2494 3762 2548 τοίνυν

2181 2621 2198 2652 I
2228 2601 2255 2652 ό
2282 2595 2429 2660 οἶκος
2451 2596 2512 2649 τὸ
2539 2596 2691 2662 ἅγιον
2719 2593 2898 2663 ἡμῶν.
2929 2612 2946 2644 ι
2975 2592 3165 2658 ’Ἄγιος
3190 2589 3297 2660 γὰρ
3317 2584 3383 2659 ἦν
3408 2586 3537 2658 παρ’
3565 2587 3761 2648 αὐτοῖς

2173 2691 2201 2742 ὁ
2221 2688 2364 2751 ναὸς,
2379 2687 2567 2755 γέγονε
2589 2685 2645 2738 δέ
2675 2686 2767 2738 καὶ
2791 2685 3182 2756 πυρίκαυστος,
3208 2682 3428 2750 φησὶν,ὁ
3449 2679 3537 2733 διὰ
3565 2683 3758 2749 φωνῆς

2173 2780 2282 2834 τῶν
2317 2780 2486 2849 ἁγίων
2521 2777 2793 2847 πατέρων,
2829 2775 2970 2829 ὥστε
3009 2771 3332 2844 περιφανὴς,
3367 2771 3460 2824 καὶ
3510 2770 3762 2840 ἀοίδιμος

2174 2867 2729 2939 προαπηγγελμένος’
2790 2863 3247 2937 συμπεπτωκέναι
3302 2861 3360 2915 δέ
3395 2877 3524 2930 φασι
3573 2862 3763 2915 πάντα

2173 2961 2241 3015 τά
2274 2957 2478 3026 ἔνδοξαο
2510 2959 2759 3031 σέὸασμα
2798 2958 2908 3029 γὰρ
2941 2953 3009 3028 ἦν
3034 2955 3169 3019 ὅλως
3223 2953 3374 3008 οὐδὲν
3433 2952 3540 3006 τῶν
3591 2952 3652 3004 ἐν
3677 2951 3762 3022 τῷ

2175 3052 2302 3121 θείῳ
2327 3050 2440 3120 ναῷ
2462 3050 2735 3120 κειμένων
2767 3048 2978 3102 σκευῶν
3013 3045 3195 3118 ἱερῶν,
3225 3047 3335 3108 τοῖς
3362 3045 3761 3115 διαρπάζουσιν

2175 3143 2334 3207 αὐτὰ,
2377 3144 2468 3195 καὶ
2494 3142 2966 3211 καταπιμπρᾶσιψ
3017 3157 3036 3189 ‹
3084 3137 3339 3207 Ἦνέσχου
3387 3136 3462 3198 δέ,
3505 3156 3523 3187 ι
3557 3137 3758 3204 φησὶν,

2181 3256 2198 3287 ι
2231 3237 2321 3289 ἐπὶ
2356 3237 2491 3288 πᾶσι
2521 3234 2749 3297 τούτοις,
2790 3232 2884 3286 καὶ
2910 3229 3296 3299 κατεσίγησας,
3329 3229 3423 3281 καὶ
3454 3227 3761 3298 κατεκόμι-

2177 3345 2276 3391 σας
2313 3330 2459 3399 ἡμᾶς
2490 3327 2593 3390 ἕως
2637 3326 2886 3395 ἐδάφους.
2921 3343 2940 3376 ›
2996 3322 3212 3392 Ἐπειδὴ
3263 3322 3372 3395 γὰρ
3411 3321 3758 3391 ἀποσοϐῆσαι

2174 3419 2468 3488 δυνάμενος
2495 3416 2600 3470 τῶν
2625 3416 2898 3486 πολεμίων
2926 3414 3025 3486 τὴν
3077 3412 3286 3482 ἔφοδον,
3331 3410 3756 3483 συγκεχώρηκεν

2179 3511 2414 3581 ἰσχύσαι,
2437 3509 2530 3563 καὶ
2562 3509 2954 3578 καταδραμεῖν,
3000 3505 3094 3558 καὶ
3133 3503 3298 3558 αὑτοῦ
3328 3503 3422 3557 τοῦ
3472 3502 3598 3567 νεῶ,
3637 3502 3756 3555 δια-

2174 3603 2561 3674 τεκμαίρονται
2589 3602 2796 3664 λοιπὸν,
2856 3601 2937 3653 ὅτι
2989 3595 3377 3670 παρεώρανται
3431 3595 3497 3648 δι’
3545 3595 3752 3667 ὀργὴν,

2175 3695 2268 3748 καὶ
2303 3694 2586 3765 ἁμαρτιῶν
2647 3693 2918 3762 ἐπίχειρα,
2971 3687 3069 3759 τὴν
3105 3687 3194 3740 ἐπ’
3237 3687 3422 3750 αὐτοῖς
3447 3686 3511 3757 δὴ
3539 3687 3755 3748 τούτοις

2176 3787 2334 3859 σιγὴν
2381 3787 2698 3856 ἐσχήκασιν.
2750 3777 2821 3854 τῼ
2863 3781 2971 3852 γὰρ
3022 3782 3139 3835 ἐνὸν
3178 3779 3414 3841 εὐκόλως
3443 3777 3753 3846 ἀποστῆσαι

2175 3879 2270 3949 τὴν
2293 3879 2468 3947 ὓϐριν,
2499 3874 2615 3930 εἶτα
2655 3874 2811 3927 τοῦτο
2845 3875 3047 3946 μεθεὶς,
3087 3875 3179 3927 καὶ
3219 3870 3500 3944 προελθεῖν
3531 3872 3612 3934 εἰς
3655 3870 3754 3921 πέ-

2179 3990 2275 4044 ρας
2300 3972 2467 4039 ἐφιεὶς
2491 3969 2560 4022 τὰ
2591 3968 2758 4028 δεινὰ,
2790 3967 2948 4037 δῆλος
2973 3966 3039 4020 ἂν
3083 3967 3167 4036 εἴη
3190 3963 3455 4035 δήπουθεν
3501 3962 3754 4033 δριμεῖαν

2175 4065 2358 4126 αὐτοῖς
2388 4061 2685 4127 ἐπιστάξας
2729 4059 2920 4131 ὀργὴν,
2952 4058 3027 4122 ὡς
3081 4058 3175 4112 καὶ
3209 4057 3366 4127 δόξης
3403 4055 3537 4118 ἰδίας
3579 4055 3754 4124 ὑπερ-

2177 4155 2324 4219 ιδεῖν,
2353 4155 2447 4208 καὶ
2472 4151 2802 4223 ἀνασχέσθαι
2835 4151 3068 4219 γέλωτος
3090 4149 3320 4220 ἐχθρῶν,
3354 4150 3481 4202 ὅταν
3519 4147 3752 4219 ἐκϐαίνῃ

2170 4243 2354 4307 ¹καλῶς
2379 4243 2439 4296 τὸ
2467 4241 2774 4296 ἐκτιννύναι
2797 4240 2952 4304 δίκας
2971 4234 3190 4302 τοὺςοῖς
3208 4238 3274 4292 ἂν
3305 4239 3502 4310 πρέποι
3530 4237 3752 4301 κολάζει

2175 4334 2298 4390 σθαι
2320 4335 2406 4388 διὰ
2435 4333 2637 4404 πολλὴν
2672 4331 2967 4403 ἁμαρτίαν.

2255 4425 2554 4496 Ἐμφανὴς
2615 4424 2908 4494 ἐγενόμην
2969 4420 3092 4487 τοῖς
3140 4420 3245 4490 ἐμὲ
3297 4418 3382 4488 μὴ
3443 4418 3748 4484 ζητοῦσιν,

498 4497 586 4565 qui
617 4514 694 4550 me
725 4516 825 4553 non
854 4505 1180 4573 quwrebant,
1209 4511 1448 4565 iuuentus
1475 4531 1588 4566 sum
1613 4532 1714 4569 non
1741 4518 2065 4588 interrogan-

2176 4520 2416 4587 εὑρέθηγ
2440 4516 2561 4582 τοῖς
2584 4515 2688 4585 ἐμὲ
2703 4514 2786 4584 μὴ
2813 4511 3203 4581 ἐπερωτῶσιν.
3230 4508 3408 4566 Εἷπα·
3441 4511 3598 4565 Ἰδοὺ
3623 4511 3748 4578 εἰμὶ

499 4589 634 4642 tibus
666 4606 764 4646 me.
799 4592 920 4646 Dixi
955 4611 973 4648 :
1011 4596 1144 4649 Ecce
1177 4615 1268 4667 ego
1301 4604 1469 4670 genti,
1501 4622 1617 4672 qua:
1652 4624 1753 4660 non
1787 4611 2064 4676 appellauit

499 4695 684 4735 nomen
708 4699 896 4739 meum.
921 4685 1162 4753 Expmuti
1185 4708 1370 4746 manus
1398 4712 1536 4748 meas
1562 4708 1670 4750 tela
1692 4701 1796 4764 die,
1821 4703 1888 4753 ad
1909 4721 2066 4770 popu-

499 4771 607 4824 lum
633 4774 955 4831 incredulum
984 4795 1026 4834 et
1050 4786 1508 4854 contradicenlem,
1533 4791 1622 4858 qui
1651 4809 1754 4846 non
1780 4795 2065 4850 ambulavit

499 4863 555 4916 in
583 4867 663 4918 uia
688 4883 827 4932 uera,
853 4871 942 4923 sed
970 4884 1078 4935 post
1108 4886 1321 4944 peccatu
1350 4896 1467 4932 sua.

573 5044 888 5104 Necessario
930 5051 1039 5120 jam
1091 5055 1361 5121 praedictis
1407 5058 1518 5111 hmc
1567 5059 1889 5115 inferuntur.
1939 5062 2070 5117 Nam

501 5137 752 5203 quoniam
786 5139 1035 5196 dixerunt
1064 5159 1077 5196 :
1113 5162 1132 5196 ι
1168 5144 1304 5212 Quid
1333 5147 1588 5202 seduxisti
1619 5167 1734 5216 nos,
1762 5152 2010 5217 Domine,
2042 5171 2071 5207 ιι

503 5227 584 5281 via
611 5230 732 5283 tua?
751 5231 1020 5287 obdurasti
1046 5236 1204 5290 corda
1230 5248 1435 5304 nostra,
1457 5257 1520 5295 ne
1546 5241 1855 5299 timeremus
1879 5254 1927 5300 te
1945 5247 2012 5305 "°;
2045 5266 2061 5298 ι

500 5319 919 5392 adjeceruntque
964 5342 977 5378 :
1037 5343 1057 5376 ι
1108 5327 1271 5382 Facta
1319 5339 1403 5385 est
1447 5332 1657 5387 deserta
1710 5335 1870 5402 Sion,
1915 5338 2068 5405 quasi

500 5411 733 5466 solitudo
776 5413 917 5470 facta
962 5428 1044 5473 est
1086 5419 1407 5490 Jerusalem,
1441 5435 1494 5479 et
1531 5429 1832 5483 exsecratio
1882 5430 2072 5485 domus

502 5513 684 5559 sancta
719 5517 900 5563 nostra
933 5528 948 5566 :
988 5531 1006 5563 ι
1042 5514 1293 5588 deinceps
1321 5517 1625 5576 necessario
1674 5521 1874 5575 Christi
1907 5523 2073 5591 ipsius

501 5607 732 5663 persona
767 5598 984 5656 inducta
1015 5614 1118 5671 est,
1146 5623 1339 5666 causas
1366 5613 1511 5668 velut
1540 5613 1800 5681 referens,
1833 5629 1930 5670 cur
1959 5617 2072 5674 hac

575 5769 621 5804 ι’
656 5771 758 5831 lsa.
789 5793 949 5846 LXIII,
983 5780 1066 5836 17.

2171 4608 2250 4674 τῷ
2288 4609 2463 4668 ἔθνει,
2497 4606 2553 4658 οἳ
2595 4608 2707 4659 οὐκ
2759 4602 3206 4658 ἐπεκαλέσαντο
3263 4604 3332 4656 τὸ
3382 4601 3568 4670 ὄνομά
3599 4619 3748 4670 μου.

2185 4700 2544 4763 Ἐξεπέτασα
2586 4698 2691 4763 τὰς
2727 4696 2927 4766 χεῖράς
2985 4715 3097 4764 μου
3146 4695 3300 4762 ὅλην
3365 4695 3478 4762 τὴν
3518 4694 3755 4761 ἡμέραν

2173 4792 2323 4859 πρὸς
2348 4790 2501 4844 λαὸν
2529 4789 2909 4852 ἀπειθοῦντα,
2946 4787 3476 4856 καὶάντιλέγοντα,
3527 4786 3585 4839 οἳ
3628 4788 3746 4840 οὐκ

2172 4885 2590 4952 ἐπορεύθησαν
2643 4883 2760 4948 ὀδῷ
2812 4883 3116 4951 ἀληθείας,
3171 4882 3336 4936 ἀλλὰ
3396 4881 3588 4934 ὀπίσω
3628 4879 3797 4970 τῶν.

2171 4976 2469 5047 ἁμαρτιῶν
2501 4975 2717 5030 αὐτῶν.

2255 5069 2592 5135 Ἀναγκαίως
2654 5069 2767 5130 τοῖς
2816 5067 2915 5138 ἤδη
2969 5065 3386 5138 προειρημένοις
3425 5063 3754 5133 ἐπιφέρεται

2173 5159 2367 5214 ταῦτα.
2414 5159 2630 5230 Ἐπειδὴ
2659 5159 2767 5232 γὰρ
2809 5159 3065 5228 ἔφασκονο
3104 5178 3122 5211 ι
3151 5159 3215 5211 Τί
3246 5158 3550 5228 ἐπλάνησας
3572 5158 3752 5226 ἡμᾶς,

2174 5249 2368 5319 Κύριε,
2419 5250 2527 5302 ἀπὸ
2569 5253 2667 5320 τῆς
2719 5248 2840 5302 ὁδοῦ
2901 5267 3029 5316 σου;
3092 5249 3430 5320 ἐσκλήρυνας
3459 5247 3615 5318 ἡμῶν
3646 5249 3758 5312 τὰς

2167 5342 2392 5411 καρδίας
2421 5343 2514 5396 τοῦ
2541 5343 2615 5412 μὴ
2635 5341 2914 5411 φοϐεῖσθαί
2941 5359 3018 5394 σε·
3045 5362 3062 5394 ι
3103 5343 3522 5414 προσεπήγαγον
3548 5339 3628 5401 δὲ,
3660 5342 3757 5394 ὅτι

2175 5454 2192 5486 ι
2215 5435 2476 5504 Ἐγενήθη
2519 5435 2725 5504 ἕρημος
2750 5432 2910 5499 Σιὼν,
2935 5433 3009 5497 ὡς
3032 5434 3127 5504 ἐρη
3138 5451 3236 5503 μσς
3266 5431 3495 5503 ἐγενήθη
3541 5431 3758 5499 Ἰερου-

2170 5526 2370 5596 σαλὴμ,
2419 5527 2498 5588 εἰς
2523 5525 2768 5594 κατάραν
2804 5522 2995 5588 ὁοίκος
3021 5527 3049 5578 ὁ
3080 5525 3234 5590 Eiarng
3267 5527 3299 5594 ἠ
3311 5524 3426 5594 μῶν
3495 5543 3513 5575 ι
3556 5522 3759 5576 λοιπὸν

2169 5617 2482 5685 ἀναγκαίως
2511 5617 2571 5669 τὸ
2602 5615 2766 5670 αὑτοῦ
2802 5615 3093 5686 πρόσωπόν
3124 5615 3414 5684 εἰσδέϐηκε
3456 5612 3547 5666 τοῦ
3604 5614 3759 5683 Χριο
