4022 6400
331 369 467 427 1405

1449 374 1514 428 IN
1552 375 1780 431 ISAIAM
1820 376 1949 435 LIB.
1994 377 2055 433 γ.
2106 376 2341 433 TOMUS
2381 376 2463 431 Vl.

3434 382 3571 435 1406

328 486 477 551 στοὺ,
510 484 610 547 τὰς
639 483 818 547 αίτίας
849 483 1039 554 ὥσπερ
1079 487 1460 557 ἀπαγγέλλων,
1508 494 1594 560 ἐφ’
1629 488 1714 557 αἷς,
1751 495 1894 547 εικό-

2022 496 2197 548 nerito
2225 496 2365 564 passi
2403 494 2623 547 fuerint.
2650 491 2762 545 Non
2796 492 2898 545 sibi
2932 508 3124 550 causas
3156 495 3453 558 ascribunt,
3476 501 3570 550 sed

326 595 434 641 τως
460 576 617 629 ταυτὶ
643 574 993 637 πεπονθότες,
1046 576 1142 645 οὐχ
1192 579 1401 642 ἑαυτοῖς
1434 582 1634 649 μᾶλλον
1674 583 1899 652 ἐπιγρά-

328 686 486 738 φουσι
536 668 635 729 τὰς
673 665 871 729 αίτίας,
907 668 1254 734 ἐγκαλοῦσιν,
1302 670 1491 741 ὥσπερ
1514 673 1591 741 τῷ
1621 674 1717 742 τὴν
1757 676 1901 745 ἰσόρα

330 761 491 830 ροπον
508 758 684 819 αὐτοῖς
708 756 964 823 ἐπάγοντι
979 756 1151 826 δίκην.
1178 776 1194 807 ι
1219 758 1499 828 Ἑμφανὴς
1516 760 1622 830 γὰρ
1640 761 1856 827 γέγονα,
1872 782 1889 813 ι

330 849 486 919 φησὶ,
525 867 543 900 ι
569 849 663 901 καὶ
700 850 812 910 τοῖς
842 848 940 916 ἐμὲ
966 846 1041 916 μὴ
1084 847 1360 917 ζητοῦσιν,
1402 850 1630 920 εύρέθην
1660 854 1769 913 τοῖς
1802 850 1900 920 ἐμὲ

334 940 408 1010 μὴ
442 938 807 1009 ἐπερωτῶσιν·
838 958 856 989 ι
884 937 1178 1007 αὐτόμολος
1205 938 1311 1007 γὰρ
1339 941 1365 991 ό
1394 940 1585 1009 Σωτὴρ
1608 940 1901 1010 είστρέχων

336 1032 395 1083 ὲν
425 1035 544 1094 ταῖς
574 1033 934 1099 συναγωγαῖς,
969 1031 1245 1083 ἐδίδασκεν
1292 1032 1488 1092 αὐτοὺς
1533 1032 1822 1101 κηρύσσων
1845 1030 1903 1082 τὸ

330 1123 649 1191 εὐαγγέλιον
707 1123 805 1192 τῆς
865 1121 1177 1191 βασιλείας,
1238 1124 1333 1174 καὶ
1380 1122 1697 1193 θεραπεύων
1729 1124 1905 1175 πᾶσαν

334 1215 489 1269 νόσον
537 1214 631 1267 καὶ
674 1215 852 1266 πᾶσαν
902 1213 1174 1282 μαλακίαν
1220 1216 1277 1266 ὲν
1327 1213 1405 1283 τῷ
1438 1213 1573 1281 λαῷ,
1628 1213 1771 1266 καθὰ
1814 1214 1906 1281 γέ-

329 1321 596 1375 γραπται.
656 1304 721 1355 Τί
774 1302 881 1372 γὰρ
937 1302 995 1355 ού
1054 1303 1371 1371 πέπρακται
1428 1302 1555 1369 παρ’
1590 1302 1753 1354 αὑτοῦ
1798 1302 1905 1354 τῶν

330 1396 589 1448 ἐπέκεινα
636 1394 729 1447 καὶ
762 1392 921 1462 λόγου
957 1393 1049 1445 καὶ
1090 1392 1403 1462 θαύματος;
1477 1394 1907 1463 Ἀπηλλάττοντο

330 1487 542 1557 λεπροὶ,
569 1486 663 1538 καὶ
692 1485 874 1555 χειρὸς
898 1487 1033 1554 ἀφῇ,
1076 1484 1170 1537 καὶ
1203 1484 1433 1552 νεύματι
1465 1483 1542 1553 τῷ
1573 1486 1867 1553 θεοπρεπεῖ
1891 1523 1904 1546 ,

328 1578 644 1650 ἠγέρθησαν
686 1580 749 1632 ἐκ
789 1578 1087 1647 μνημάτων
1113 1576 1318 1645 νεκροὶ,
1350 1576 1539 1643 τυφλοὶ
1567 1576 1626 1628 τὸ
1647 1576 1909 1646 τριπόθη-

328 1688 421 1724 τον
449 1670 692 1739 ἐδέχοντο
738 1667 872 1735 φῶς,
923 1666 1322 1736 ἀνεσκίρτησαν
1354 1666 1430 1728 ὡς
1474 1666 1662 1734 ἔλαφοι
1686 1665 1762 1735 τῷ
1789 1666 1909 1718 ποδὶ

331 1763 719 1832 λελωϐημένοι.
778 1761 889 1813 Καὶ
952 1757 1082 1827 γοῦν
1149 1760 1261 1821 τοῖς
1325 1756 1496 1810 ταῦτα
1563 1757 1910 1825 τεθεαμένοις

2004 586 2054 638 in
2082 586 2285 639 crimen
2314 596 2505 639 vocant
2531 584 2641 637 fere
2667 583 2837 647 illum,
2857 585 2945 653 qui
2976 586 3189 653 dignam
3223 586 3330 639 illis
3358 601 3570 653 pinnam

2004 676 2223 729 inducit.
2255 693 2273 726 ι
2319 676 2579 745 Apparui,
2622 694 2639 727 ι
2678 677 2850 734 enim.
2880 676 3078 743 inquit,
3114 694 3134 725 ι
3173 692 3256 729 me
3292 693 3394 730 non
3429 693 3576 746 qua:-

2006 766 2266 826 reutibus,
2300 765 2546 818 inventus
2588 780 2703 818 sum
2751 780 2836 817 me
2882 780 2985 816 non
3036 767 3513 832 interrogantibus.
3553 785 3571 817 ›

2006 856 2110 908 Sua
2136 870 2364 924 namque
2388 865 2573 921 sponte
2598 854 2849 908 Scrvator
2876 856 3145 919 ingressus
3172 856 3223 908 in
3250 872 3569 927 synagogas.

2003 945 2166 1015 892
2201 946 2384 1000 docuit
2414 947 2559 1009 illos,
2593 947 2890 1014 praedicans
2922 946 3268 1011 Evangelium
3308 949 3485 1015 regni,
3520 958 3576 1001 et

2005 1053 2204 1090 curans
2234 1053 2448 1090 onmem
2486 1040 2729 1090 morbum
2766 1048 2819 1090 et
2853 1053 3069 1090 omnem
3109 1039 3475 1091 intirmitatem
3525 1040 3575 1091 in

2006 1128 2199 1195 populo
2224 1128 2291 1192 “,
2315 1129 2472 1182 sicuti
2505 1130 2761 1196 scriptum
2789 1138 2893 1182 est.
2916 1128 3052 1193 Quid
3079 1130 3221 1181 enim
3251 1144 3353 1182 non
3382 1130 3578 1182 factum

2006 1229 2089 1273 est
2116 1221 2183 1273 ab
2214 1236 2297 1286 eo,
2321 1220 2462 1289 quod
2498 1238 2600 1273 non
2630 1227 2848 1287 superet
2871 1235 3083 1273 onmem
3116 1228 3172 1273 et
3199 1221 3498 1272 orationem
3528 1228 3583 1272 et

2008 1312 2456 1365 admirationem?
2493 1311 2709 1379 Leprosi
2748 1327 2934 1365 manus
2970 1320 3113 1364 tactu
3150 1322 3203 1365 et
3237 1322 3364 1363 nutu
3402 1313 3583 1364 divino

2008 1399 2217 1452 liberali
2261 1410 2416 1465 sunt;
2463 1402 2682 1453 excitati
2718 1417 2748 1454 e
2783 1402 3147 1453 monumentis
3185 1401 3409 1465 mortui;
3449 1400 3576 1452 αεοί

2009 1492 2402 1560 optatissimam
2450 1492 2624 1546 lucem
2677 1505 3028 1561 receperunt;
3078 1492 3396 1545 exsilierunt
3445 1492 3587 1543 velut

2010 1584 2151 1638 cervi
2183 1586 2313 1652 pede
2337 1584 2476 1652 capti
2504 1585 2568 1637 "'.
2598 1584 2719 1637 Ilaec
2749 1586 3113 1653 spectantibus
3137 1584 3270 1637 dixit
3294 1583 3540 1637 Christus
3571 1603 3583 1637 :

2016 1696 2034 1726 ι
2068 1676 2121 1729 Si
2154 1690 2255 1729 non
2284 1674 2424 1729 facio
2450 1692 2609 1743 Opera
2636 1675 2811 1730 Patris
2838 1676 2960 1737 mei,
2986 1675 3150 1728 nolite
3180 1675 3305 1727 mihi
3332 1675 3585 1736 credere;

2012 1768 2092 1820 sin
2143 1766 2309 1832 facio,
2347 1768 2447 1820 etsi
2500 1768 2629 1820 mihi
2683 1782 2788 1821 non
2840 1767 3108 1831 credatis,
3148 1768 3403 1834 Opet'ibus
3456 1767 3591 1818 meis

330 1856 565 1926 ἔφασκεν
592 1856 621 1907 ό
657 1853 918 1924 Χριστός·
968 1870 986 1902 ι
1022 1852 1084 1903 El
1133 1851 1191 1903 οὺ
1229 1850 1365 1903 ποιῶ
1396 1851 1466 1903 τὰ
1514 1849 1648 1919 ἔργα
1678 1849 1770 1902 τοῦ
1801 1850 1910 1901 Πα-

2016 1860 2214 1912 credite
2236 1859 2303 1912 ⁸⁸³.
2343 1877 2361 1909 ι
2410 1876 2427 1909 ι
2469 1859 2583 1911 Dixi
2627 1878 2645 1908 ι
2686 1858 2883 1928 igitur,
2918 1859 3092 1925 inquit
3127 1876 3140 1911 :
3188 1876 3206 1907 ι
3253 1858 3362 1926 Ego
3396 1859 3587 1909 adsum

329 1948 458 2017 τρός
487 1963 610 2016 μου,
648 1945 721 2015 μὴ
758 1942 1045 1997 πιστεύετέ
1072 1960 1183 2013 μοι·
1208 1945 1255 1996 εἰ
1288 1942 1344 1995 δὲ
1378 1942 1651 2005 ποιῶ,κάν
1685 1943 1806 2011 ἐμοὶ
1836 1942 1909 2011 μὴ

330 2038 643 2108 πιστεύητε,
668 2039 781 2099 τοῖς
810 2036 991 2107 ἔργοις
1017 2053 1118 2104 μου
1141 2035 1484 2088 πιστεύσατε.
1511 2054 1528 2085 ι
1560 2066 1627 2075 -
1648 2054 1664 2084 ι
1696 2032 1861 2088 Εἶπον
1886 2055 1903 2085 ι

329 2133 529 2195 τοίνυν,
555 2131 739 2201 φησὶν,
768 2148 786 2180 ‹
824 2128 963 2196 Ἐγώ
1000 2130 1115 2199 είμι
1142 2129 1219 2199 τῷ
1243 2128 1406 2192 ἔθνει,
1437 2128 1485 2179 οἳ
1519 2129 1617 2180 οὐκ
1646 2128 1911 2182 ἐκάλεσαν

329 2226 390 2278 τὸ
430 2224 600 2293 ὄνομά
635 2239 756 2292 μου·
804 2242 821 2275 ι
854 2222 1167 2292 εὑρίσκεται
1222 2222 1330 2291 γάρ
1386 2221 1515 2274 ποτὲ
1554 2221 1652 2291 μὲν
1705 2221 1906 2288 λέγων,

336 2337 354 2369 ι
394 2316 533 2385 Ἐγώ
569 2318 683 2385 εἰμι
738 2315 799 2368 τὸ
852 2314 967 2383 φῶς
995 2313 1089 2365 τοῦ
1120 2313 1347 2382 κόσμου,
1392 2331 1410 2363 ι
1464 2312 1593 2364 ποτὲ
1620 2312 1681 2364 δὲ
1724 2312 1909 2373 πάλιν,

340 2429 357 2458 ι
384 2409 449 2463 Ei
474 2427 557 2473 τις
582 2409 728 2479 διψᾷ,
755 2406 998 2479 ἐρχέσθω
1034 2405 1171 2476 πρός
1204 2422 1293 2474 με,
1330 2405 1423 2456 καὶ
1462 2405 1685 2457 πινέτω.
1728 2406 1783 2457 Ὀ
1824 2424 1914 2457 m-

334 2501 539 2555 στεύων
567 2503 642 2562 είς
674 2499 792 2568 ἐμὲ.
822 2496 1003 2560 καθὼς
1021 2492 1174 2549 εἶπεν
1195 2498 1227 2565 ἡ
1245 2496 1457 2567 Γραφὴ,
1481 2498 1716 2566 ποταμοὶ
1733 2498 1795 2548 ἐκ
1816 2497 1913 2565 τῆς

333 2592 542 2655 κοιλίας
573 2590 738 2643 αὐτοῦ
774 2589 1055 2660 ῥεύσουσιν
1107 2588 1299 2650 ὕδατος
1342 2588 1563 2651 ζῶντος·
1609 2608 1626 2639 ι
1678 2587 1791 2641 ἀλλ’
1814 2588 1913 2640 ούκ

331 2682 522 2753 ἤθελον
545 2680 921 2734 ἐπικαλεῖσθαι
941 2680 1000 2731 τὸ
1020 2678 1187 2748 ὄνομα
1206 2677 1393 2742 αὑτοῦ,
1413 2678 1589 2731 καίτοι
1611 2678 1914 2749 διαρρήδην
1952 2700 1955 2703 ν

330 2774 392 2827 τὸ
422 2793 440 2824 ι
484 2772 623 2841 Ἑγώ
654 2774 767 2841 είμι
799 2790 816 2821 ι
847 2771 1095 2839 λέγοντος
1137 2768 1479 2838 πλεισταχοῦ.
1513 2770 1633 2820 Ὅτι
1669 2768 1725 2820 δὲ
1759 2769 1912 2835 γεγό-

338 2882 495 2919 νασιν
548 2862 897 2930 ἀνουθέτητοι
951 2860 1046 2912 καὶ
1098 2860 1156 2911 ὲν
1210 2858 1307 2928 ίσῳ
1345 2858 1485 2927 τάχα
1526 2875 1627 2910 που
1677 2860 1789 2920 τοῖς
1814 2859 1913 2910 οὐκ

332 2953 545 3024 ἔχουσιν
590 2946 723 3014 ὦτα,
769 2949 991 3020 σκληροί
1032 2967 1092 3003 τε
1150 2950 1244 3002 καὶ
1280 2949 1551 3014 ἀπειθεῖς,
1591 2949 1915 3002 διαδείκνυσι

332 3049 524 3117 λέγων,
551 3050 633 3102 ὅτι
661 3067 678 3099 ι
717 3046 1051 3109 Ἐξεπέτασα
1096 3045 1194 3109 τάς
1232 3048 1419 3117 χεῖράς
1469 3064 1569 3116 μου
1605 3048 1743 3117 πρὸς
1790 3046 1916 3099 λαὸν

334 3141 690 3204 ἀπειθοῦντα,
751 3139 843 3192 καὶ
879 3137 1247 3205 ἀντιλέγοντα·
1284 3159 1301 3189 ι
1365 3138 1755 3209 κατειθίσμεθα
1808 3137 1916 3210 γὰρ

333 3230 541 3293 ἀείπως
565 3232 678 3293 τοῖς
724 3229 981 3297 ἀνηκόοις
1043 3227 1559 3298 προσδιαλεγόμενοι
1609 3227 1746 3296 μετὰ
1784 3228 1911 3297 βοῆς

334 3320 435 3384 τάς
458 3323 647 3390 χεῖρας
711 3318 935 3383 ἀπλοῦν,
981 3319 1074 3370 καὶ
1108 3317 1365 3386 πλείστην
1417 3318 1548 3384 ὅσην
1577 3320 1693 3370 κατ’
1734 3319 1913 3373 αὐτῶν

334 3410 605 3466 ποιεῖσθαι
652 3410 751 3478 τὴν
778 3408 1081 3475 ἐπίπληξιν·
1122 3428 1140 3459 ι
1178 3409 1290 3462 ἀλλ’
1315 3410 1414 3461 οὐκ
1456 3409 1853 3479 ἐπορεύθησαν,
1894 3429 1912 3462 ι

342 3504 531 3575 φησὶν,
586 3522 604 3555 ι
640 3502 745 3573 ὁδῷ
773 3501 1026 3571 ἀληθινῇ.
1062 3520 1080 3551 ›
1127 3501 1498 3572 Παρεδέξαντο
1526 3502 1634 3572 γὰρ
1674 3503 1921 3572 οὐδαμῶς

336 3598 399 3650 τὸ
430 3598 696 3666 σωτήριον
722 3596 1003 3663 κήρυγμα,
1043 3612 1061 3643 ‹
1092 3594 1307 3645 εἵποντο
1329 3594 1386 3646 δὲ
1420 3594 1618 3662 μᾶλλον
1645 3598 1763 3657 ταῖς
1792 3596 1886 3647 έαυ
1904 3624 1919 3634 -

336 3688 446 3739 τῶν
460 3687 773 3757 ἁμαρτίαις,
790 3704 807 3733 ι
829 3685 1126 3749 τουτέστιν,
1151 3684 1364 3753 ἀσχέτῳ
1392 3686 1531 3754 φορᾷ
1554 3685 1918 3754 κατεφέροντο

339 3782 473 3851 πρὸς
498 3778 740 3849 ἀτημελῆ
772 3778 865 3830 καὶ
915 3777 1301 3845 ὲκνομωτάτην
1336 3775 1498 3845 ζωὴν,
1523 3777 1676 3847 δίκης
1712 3795 1769 3829 τε
1819 3778 1915 3830 αύ-

338 3876 451 3935 τοῖς
504 3872 597 3924 καὶ
650 3869 872 3939 ὀλέθρου
918 3866 1197 3937 πρόξενον.
1252 3866 1421 3919 Τοῦτο
1452 3867 1613 3921 πάλιν
1666 3870 1693 3920 ὁ
1728 3869 1916 3938 Σωτὴρ

344 3965 528 4023 αὐτοῖς
550 3962 863 4032 εὑρίσκεται
895 3959 1068 4027 λέγων
1090 3976 1101 3986 ·
1129 3977 1147 4008 ι
1190 3959 1357 4029 Ἀμὴν
1380 3959 1520 4027 λέγω
1542 3961 1690 4029 ὑμῖν,
1717 3961 1809 4012 ἐὰν
1843 3961 1916 4030 μὴ

340 4057 690 4123 πιστεύσητε,
719 4054 801 4106 ὅτι
834 4050 946 4119 ἐγώ
1000 4052 1136 4121 εἰμι,
1171 4052 1228 4103 ὲν
1261 4055 1380 4115 ταῖς
1424 4054 1718 4122 ἁμαρτίαις
1764 4054 1917 4123 ὑμῶν

340 4145 718 4201 ἀποθανεῖσθε.
765 4164 782 4196 ι
831 4143 1293 4213 Ἀντεπράττοντο
1331 4146 1440 4214 γὰρ
1467 4145 1912 4216 νουθετούμενοι,

342 4237 706 4308 παρήγγειλον
732 4236 788 4289 δὲ
810 4235 901 4288 καὶ
929 4237 1042 4297 τοῖς
1069 4235 1172 4286 ὑπὸ
1194 4238 1348 4305 χεῖρα
1366 4236 1615 4303 λέγοντες
1641 4254 1653 4267 ·
1680 4256 1698 4287 ε
1718 4238 1915 4306 Δαιμό-

1941 3193 1982 3249 C

2012 1950 2177 2017 genti,
2202 1965 2319 2017 quae
2354 1965 2459 2001 non
2493 1949 2775 2017 appellavit
2801 1963 2992 2001 nomen
3031 1964 3228 2001 meum.
3264 1967 3281 1999 ι
3318 1945 3591 1999 Invenitur

2011 2042 2153 2094 enim
2183 2043 2364 2093 dicens
2412 2056 2551 2093 nunc
2581 2059 2594 2094 :
2630 2059 2646 2089 ι
2681 2041 2787 2109 Ego
2816 2056 2931 2094 sum
2964 2040 3048 2093 lux
3085 2040 3267 2092 mundi
3292 2039 3363 2101 “;
3399 2058 3417 2089 ›
3452 2053 3593 2090 ιιιιιιο

2014 2146 2199 2183 rursus
2232 2149 2244 2183 :
2284 2148 2301 2181 ι
2342 2132 2397 2183 Si
2431 2132 2551 2199 quis
2581 2132 2725 2194 sitit,
2760 2132 2937 2183 veniat
2965 2133 3029 2183 ad
3059 2146 3174 2192 me,
3204 2138 3255 2183 et
3288 2130 3455 2181 bibat.
3488 2128 3589 2192 Qui

2013 2224 2184 2275 credit
2237 2222 2289 2274 in
2349 2236 2463 2284 me,
2513 2221 2672 2274 sicuti
2728 2221 2858 2274 dicit
2906 2221 3216 2288 Scriptura,
3263 2220 3481 2272 llutnina
3527 2219 3593 2271 de

2014 2323 2201 2366 ventre
2236 2314 2351 2381 ejus
2388 2312 2555 2366 ﬂuent
2589 2328 2744 2381 aqua}
2776 2314 3005 2366 viventis
3036 2313 3103 2369 ".
3146 2333 3163 2364 ν
3206 2316 3275 2367 At
3308 2312 3595 2364 noluerunt

2014 2404 2286 2471 appellare
2328 2419 2522 2458 nomen
2568 2404 2705 2470 ejus,
2739 2404 3087 2471 quantumvis
3128 2404 3330 2457 diserte
3368 2404 3591 2464 diceret,

2014 2504 2068 2549 et
2101 2495 2318 2562 quidem
2352 2509 2494 2562 saepe
2532 2513 2545 2549 :
2593 2512 2611 2545 ι
2660 2494 2774 2563 Ego
2816 2510 2956 2549 sum.
2991 2514 3009 2545 ι
3057 2495 3246 2548 Fuisse
3286 2504 3463 2546 autem
3503 2507 3597 2546 eos

2013 2588 2393 2640 admonitionis
2436 2588 2809 2653 impatientes,
2841 2597 2895 2640 et
2931 2586 3134 2641 similes
3177 2588 3261 2640 his
3301 2586 3392 2654 qui
3439 2602 3597 2640 aures

2015 2693 2120 2731 non
2156 2678 2373 2739 habent,
2397 2677 2560 2730 duros
2589 2688 2641 2729 et
2665 2678 3051 2737 inobedientes,
3077 2678 3311 2731 ostendit
3338 2693 3456 2730 cum
3482 2678 3555 2730 ait
3578 2695 3592 2731 :

2023 2788 2040 2820 ι
2080 2768 2321 2835 Expandi
2357 2784 2547 2822 manus
2582 2782 2728 2821 meas
2764 2768 2827 2820 ad
2900 2767 3152 2835 populum
3204 2768 3595 2821 inobetlientem

2016 2876 2080 2915 ac
2124 2861 2607 2915 contradicentem.
2658 2881 2675 2912 ι
2733 2861 2981 2917 Solemus
3026 2862 3168 2914 enim
3218 2876 3428 2930 semper
3475 2875 3596 2913 cum

2016 2948 2372 3005 refractarios
2416 2950 2763 3018 alloquimur,
2796 2959 2849 3004 et
2893 2950 3290 3018 immorigeros,
3323 2964 3443 3003 cum
3489 2949 3600 3001 cla-

2017 3058 2169 3097 more
2202 3059 2390 3099 manus
2440 3044 2731 3097 extendere
2778 3054 2833 3097 et
2870 3044 3105 3111 graviter
3145 3044 3196 3097 in
3243 3043 3360 3097 illos
3402 3041 3598 3095 invehi.

2024 3152 2042 3184 ‹
2084 3134 2188 3189 Sed
2231 3150 2335 3188 non
2379 3135 2810 3199 ambulaverunt,
2851 3153 2869 3186 ι
2906 3135 3099 3203 inquit,
3136 3153 3153 3185 ι
3195 3135 3244 3187 in
3274 3134 3355 3186 via
3386 3149 3537 3188 vera.
3574 3151 3593 3182 s

2016 3226 2172 3281 Nullo
2202 3229 2346 3280 enim
2376 3228 2533 3279 modo
2563 3227 2901 3281 admiserunt
2925 3227 3216 3280 salutarem
3248 3226 3593 3295 prtedicatio-

2014 3333 2157 3382 nem,
2192 3337 2210 3369 ι
2242 3319 2333 3372 sed
2360 3328 2577 3387 peccata
2605 3334 2697 3371 sua
2738 3319 2911 3373 secuti
2953 3327 3097 3383 sunt,
3132 3337 3150 3368 ι
3188 3318 3237 3370 id
3284 3328 3387 3380 est,
3415 3315 3601 3369 elfreni

2017 3408 2217 3476 impetu
2250 3408 2315 3461 ad
2344 3409 2574 3462 solutam
2602 3411 2764 3463 vitam
2792 3410 3132 3479 maximeque
3160 3408 3365 3478 legibus
3391 3419 3606 3462 contra-

2018 3501 2153 3553 riam
2188 3499 2416 3554 devoluti
2451 3511 2599 3565 suut,
2629 3516 2747 3568 quae
2791 3516 3005 3569 poenam
3052 3500 3184 3568 ipsis
3224 3509 3279 3553 et
3312 3498 3589 3552 interitmn

2019 3592 2326 3645 accersivit.
2358 3591 2469 3646 lloc
2515 3608 2702 3646 rursus
2752 3592 3010 3647 Servator
3042 3592 3145 3646 illis
3186 3593 3368 3644 dicere
3400 3590 3606 3643 iuveni-

2025 3693 2147 3737 tur:
2186 3702 2205 3735 ‹
2241 3685 2412 3738 Amen
2447 3684 2569 3738 dico
2600 3684 2753 3738 vobis
2803 3703 2817 3740 :
2867 3684 3052 3738 Sinon
3094 3682 3431 3737 credideritis
3462 3683 3603 3750 quod

2022 3790 2121 3845 ego
2147 3777 2271 3840 sim,
2298 3776 2351 3829 in
2384 3776 2618 3843 peccatis
2642 3778 2836 3830 vestris
2858 3774 3249 3829 moriemini“.
3282 3794 3300 3826 ι
3330 3773 3602 3827 Admoniti

2022 3868 2164 3921 enim
2195 3868 2587 3933 renitebantur,
2616 3884 2679 3923 ac
2706 3867 3097 3921 denuntiabant
3125 3865 3384 3935 subjectis
3418 3864 3600 3917 manu:

2024 3977 2133 4014 suae
2175 3980 2187 4013 :
2238 3980 2255 4012 ι
2310 3961 2640 4014 υαξιιιοηὶυιη
2695 3961 2859 4014 habet
2897 3970 2953 4013 et
2999 3959 3228 4022 insanit,
3259 3959 3388 4027 quid
3434 3958 3602 4025 ipsum

2024 4055 2224 4109 auditis
2248 4054 2327 4106 ‘7?
2361 4074 2379 4106 ι
2413 4052 2542 4106 lliud
2575 4053 2794 4121 insuper
2821 4052 3115 4106 clamantes
3146 4070 3160 4105 :
3198 4069 3217 4101 ι
3249 4050 3362 4103 Νοη
3392 4056 3609 4117 propter

2021 4146 2219 4200 bonum
2247 4159 2379 4213 opus
2405 4144 2703 4212 lapidamus
2733 4152 2807 4207 te,
2830 4142 2921 4196 sed
2954 4152 3171 4211 propter
3195 4139 3605 4208 blasphemiam,

2022 4238 2146 4306 quia
2179 4246 2231 4290 tu
2265 4238 2426 4291 homo
2456 4251 2576 4290 cum
2608 4235 2704 4296 sis,
2737 4236 2870 4289 facis
2901 4237 3126 4302 teipsum
3161 4234 3325 4287 Deum
3348 4231 3416 4285 “.
3453 4250 3471 4283 ι

341 4346 453 4383 νεον
495 4328 627 4397 ἔχει,
682 4328 775 4380 καὶ
830 4328 1098 4397 μαίνεται,
1134 4327 1187 4379 τί
1221 4327 1385 4379 αὑτοῦ
1420 4328 1686 4393 ἀκούετε;
1723 4348 1741 4379 ι
1795 4330 1901 4383 Ναὶ
1943 4329 2049 4399 μὴν
2098 4331 2316 4382 κάκεῖνο
2369 4329 2505 4399 πρὸς
2564 4328 2739 4397 τούτῳ
2775 4323 3040 4395 βοιίλντες·
3094 4345 3113 4378 ι
3153 4325 3291 4397 Περὶ
3324 4323 3486 4377 καλοῦ
3515 4324 3609 4397 ἔρ-

340 4436 437 4493 γου
468 4419 526 4471 ού
560 4418 849 4487 λιθάζομέν
886 4435 962 4480 σε,
997 4418 1131 4471 ἀλλά
1160 4418 1287 4488 περὶ
1319 4418 1695 4489 βλασφημίας,
1734 4421 1814 4474 ὅτι
1878 4424 1941 4475 σὺ
1993 4421 2286 4491 ἄνθρωπος
2344 4420 2418 4473 ῶν
2465 4423 2639 4482 ποιεῖς
2676 4422 2897 4472 σεαυτὸν
2936 4420 3086 4472 Θεόν.
3132 4438 3151 4469 ι

422 4514 477 4566 '0
505 4511 654 4577 λαὸς
684 4506 863 4577 οὗτος
891 4515 922 4564 ό
974 4513 1332 4579 παροξύνων
1357 4530 1454 4583 με,
1484 4514 1739 4567 ἐνώπιον
1769 4515 1913 4583 ἐμοῦ

2094 4518 2256 4571 Vens.
2291 4516 2411 4570 5-5.
2453 4513 2684 4581 Populus
2747 4514 2830 4567 hic
2878 4513 3194 4566 exacerbans
3243 4529 3343 4575 me,
3380 4514 3435 4566 in
3484 4530 3610 4567 con-

340 4604 518 4659 αὑτοὶ
565 4604 661 4657 διὰ
695 4602 935 4668 παντός.
971 4601 1373 4663 Θυσιάζουσιν
1409 4603 1479 4656 ἐν
1516 4604 1641 4669 τοῖς
1668 4604 1917 4670 κήποις,

341 4698 441 4753 καί
490 4696 785 4767 θυμιῶσιν
822 4696 891 4748 ἐν
941 4694 1066 4761 τοῖς
1096 4696 1372 4759 πλίνθοις
1408 4694 1531 4761 τοῖς
1553 4695 1921 4765 δαιμονίοις,

342 4789 383 4843 ἆ
420 4792 529 4843 οὐκ
556 4789 705 4842 ἐστι,
762 4788 868 4841 Καὶ
923 4788 991 4840 ἐν
1037 4786 1159 4852 τοῖς
1188 4786 1482 4855 μνήμασι,
1539 4787 1638 4840 καὶ
1688 4788 1758 4841 ἐν
1802 4788 1925 4854 τοῖς

341 4882 667 4949 σπηλαίοις
724 4878 1041 4947 κοιμῶνται
1086 4876 1160 4930 δι’
1189 4878 1463 4941 ἐνύπνια,
1501 4880 1555 4931 οἱ
1617 4878 1924 4943 ἐσθίοντες

343 4984 487 5042 κρέα
507 4972 656 5034 ὕεια,
675 4971 773 5025 καὶ
793 4969 978 5039 ζωμὸν
1008 4967 1252 5034 θυσιῶν,
1274 4969 1705 5038 μεμολυσμένα
1730 4970 1925 5023 πάντα

344 5068 416 5120 τὰ
456 5066 645 5131 σκεύη
677 5062 891 5118 αὐτῶν·
926 5065 979 5115 οἱ
1007 5062 1308 5129 λέγοντες,
1346 5064 1551 5129 Πόρῤω
1592 5062 1694 5115 ἀπ’
1737 5062 1882 5131 ἐμοῦ
1907 5104 1921 5129 ,

346 5157 434 5209 ὅτι
462 5155 717 5223 καθαρός
745 5156 881 5223 εἰμι,
897 5152 982 5220 μὴ
1007 5152 1255 5221 ἐγγίσῃς
1271 5169 1394 5220 μοι.
1412 5148 1603 5218 Οὗτος
1637 5156 1670 5206 ό
1695 5152 1924 5219 καπνὸς

326 5227 451 5301 ’τοῦ
480 5246 670 5316 θυμοῦ
699 5263 841 5315 μου,
888 5244 1009 5313 πῦρ
1050 5244 1273 5296 καίεται
1316 5244 1385 5297 ἐν
1412 5244 1571 5309 αὐτῷ
1593 5244 1795 5311 πάσας
1820 5245 1927 5310 τὰς

351 5339 591 5407 ἡμέρας·
910 5332 921 5345 ³

433 5430 702 5494 Ἀνοσίους
730 5430 889 5492 ὄντας
914 5429 1123 5499 ἐλέγχει
1167 5429 1291 5491 τοὺς
1322 5429 1379 5495 ἐξ
1424 5428 1660 5499 Ἰσραὴλ,
1694 5431 1786 5482 καὶ
1807 5429 1922 5484 οὔτι

354 5537 451 5574 που
486 5524 643 5591 μόνον
672 5522 812 5577 κατά
841 5524 933 5576 τὸν
958 5523 1055 5585 τῆς
1086 5520 1377 5591 ἐπιδημίας
1410 5522 1616 5592 καιρὸν,
1648 5522 1783 5574 ἀλλά
1818 5522 1926 5593 γὰρ

426 5722 467 5753 ¹⁵¹
510 5724 695 5779 Matth.
748 5742 819 5788 tv,
851 5726 943 5778 9.5.

359 5805 451 5860 tm,
479 5794 565 5858 37,
595 5797 681 5849 '58.
762 5798 802 5827 ⁵⁵
832 5794 985 5850 Joan.
1027 5809 1138 5859 vni,
1169 5792 1258 5846 ει.
1339 5794 1379 5824 ’⁵⁷
1413 5792 1565 5848 Joan.
1604 5812 1654 5861 κ,
1696 5796 1784 5848 ‘20.

1020 5724 1063 5753 "
1102 5721 1289 5775 Matth.
1335 5739 1409 5785 τι,
1447 5725 1517 5787 5‘;
1559 5723 1660 5777 lsa.
1703 5741 1862 5785 xxxv,
1896 5725 1947 5784 ii,

1993 5723 2043 5775 6.

1865 5796 1907 5825 “‘
1945 5795 2073 5849 ibid.
2114 5794 2199 5847 55.

2020 4619 2196 4676 spectu
2248 4624 2361 4662 meo
2395 4624 2615 4674 semper.
2648 4606 2748 4661 Isti
2780 4605 3079 4672 sacriﬁcant
3114 4605 3166 4657 in
3199 4605 3399 4668 hortis,
3424 4615 3471 4658 et
3515 4608 3610 4657 ad-

2026 4703 2161 4757 olent
2186 4704 2453 4755 incensum
2476 4717 2633 4766 super
2659 4698 3214 4761 lateres‘dmmonibus,
3237 4698 3324 4768 qui
3344 4714 3444 4749 non
3465 4713 3605 4751 sunt.

2032 4790 2097 4845 Et
2129 4794 2181 4844 in
2213 4791 2558 4844 monumentis
2593 4806 2655 4842 ac
2689 4789 2944 4856 speluncis
2978 4788 3245 4840 dormiunt
3281 4797 3495 4856 propter
3525 4790 3607 4841 in-

2030 4886 2265 4948 somnia;
2306 4886 2577 4937 comedunt
2612 4898 2795 4936 carnes
2827 4880 3013 4935 suillas
3037 4922 3051 4944 ,
3084 4890 3129 4934 et
3159 4880 3250 4950 jus
3281 4882 3605 4944 hostiarum;

2029 4980 2229 5047 polluta
2274 4980 2451 5031 omnia
2489 4995 2611 5031 vasa
2659 4993 2835 5031 eorum
2880 4990 2899 5028 :
2940 4978 3144 5033 dicunt.
3174 4975 3338 5045 893
3364 4974 3539 5044 Longe
3577 4991 3608 5027 α

2030 5086 2139 5133 me,
2178 5072 2298 5139 quia
2338 5072 2561 5122 mundus
2607 5085 2753 5131 sum,
2790 5085 2852 5121 ne
2894 5069 3274 5138 appropinques
3317 5068 3463 5119 mihi.
3508 5066 3609 5119 Iste

2032 5164 2208 5234 fumus
2239 5166 2438 5233 luroris
2468 5165 2590 5230 mei,
2617 5163 2753 5232 ignis
2786 5162 2931 5215 ardet
2963 5165 3014 5214 in
3045 5177 3103 5214 eo
3135 5158 3376 5213 omnibus
3402 5159 3607 5214 diebus.

2106 5425 2300 5493 Ιιιιρίος
2331 5423 2598 5477 Israelitas
2625 5422 2821 5490 arguit,
2854 5436 2950 5474 nec
2982 5420 3154 5474 solum
3185 5418 3445 5471 adventus
3477 5426 3609 5470 tem-

2035 5534 2181 5586 pore,
2209 5519 2301 5571 sed
2348 5527 2509 5580 retro,
2539 5527 2591 5567 et
2628 5514 2772 5568 velut
2808 5514 2874 5568 ab
2918 5514 3031 5583 ipsa
3064 5514 3231 5581 stirpe
3261 5519 3314 5565 et
3344 5525 3407 5565 ex
3444 5508 3611 5578 patri-

3371 5711 3419 5743 "
3447 5708 3604 5765 Joau.

2125 5722 2168 5752 ⁸³
2195 5720 2347 5775 Joan.
2386 5736 2437 5784 κ,
2470 5720 2559 5784 37,
2593 5718 2678 5774 '58.
2774 5718 2817 5751 “
2852 5715 3003 5773 Ioan.
3028 5731 3146 5781 VIII,
3186 5712 3266 5769 19.
