4022 6400
458 334 482 388 1
495 331 597 387 407

1490 326 1549 382 S.
1592 328 1869 384 CYRILLI
1909 332 2384 390 ALEXANDRINI
2426 332 2743 390 ARCHIEP.

3597 325 3756 386 ιιοε

455 448 576 513 bus,
603 447 694 517 qui
736 445 914 500 divina
958 443 1073 513 ejus
1118 443 1237 514 lege
1282 443 1500 513 rejecta,
1532 454 1586 499 et
1615 445 1864 503 Mosaicis
1905 466 2035 518 prae-

2146 451 2376 514 ἀνωθεν,
2434 451 2525 503 καὶ
2552 444 2663 503 οἷον
2696 449 2760 501 ἐκ
2787 445 2944 519 ῥίζης
2966 484 2981 511 ,
3030 446 3125 499 καὶ
3150 446 3214 499 ἐκ
3248 443 3500 516 πατέριον
3550 447 3604 499 οἱ
3648 447 3751 501 τὸν

454 540 627 608 ceptis
672 548 879 595 tantum
907 553 1013 592 non
1059 536 1174 590 vale
1215 536 1377 599 dicto,
1412 537 1570 593 idolis
1615 542 1940 607 servierunt,
1988 553 2043 598 et

452 634 590 687 falso
621 632 939 700 nuncupatis
965 630 1069 685 diis
1109 630 1519 695 sacriﬁcarunt,
1556 641 1610 688 et
1642 627 2038 693 imumudorum

452 724 737 791 spirituum
770 722 1005 776 cultores
1035 723 1382 778 exstiterunt.
1417 743 1435 775 ι
1476 724 1572 779 Hic
1604 729 1863 796 populus,
1902 750 1920 782 ι
1961 733 2043 783 ἰη-

453 817 602 885 quit,
636 834 655 867 ‹
688 825 772 871 est
801 816 893 884 qui
927 830 1144 885 semper
1182 829 1267 869 me
1308 817 1618 873 exacerbat.
1652 820 2043 879 Sacriﬁcarunt

452 910 597 963 enim
645 906 1034 971 indesinenter,
1075 926 1093 958 ι
1153 907 1205 961 id
1254 918 1367 974 est,
1402 909 1563 978 longo
1612 921 1879 979 tempore,
1916 933 1934 964 ι
1986 914 2041 968 in

452 1007 743 1070 conspectu
776 1014 918 1053 meo.
956 1019 975 1051 ι
1008 1001 1075 1053 At
1104 1000 1377 1067 quomodo
1409 1002 1577 1056 latere
1603 1013 1887 1072 poterant,
1918 1022 2038 1061 cum

452 1093 599 1147 Deus
625 1092 803 1146 omnia
836 1092 1125 1160 inspiciat?
1156 1093 1299 1146 Dixit
1326 1095 1471 1148 enim
1504 1109 1601 1163 per
1629 1098 1921 1165 quemdam
1962 1115 2031 1154 ex

452 1184 656 1238 sanctis
682 1185 963 1255 prophetis
1002 1204 1017 1240 :
1068 1204 1087 1238 ι
1138 1187 1278 1241 Deus
1306 1191 1741 1259 appropinquans
1768 1205 1869 1260 ego
1896 1208 2038 1256 sum,

452 1276 929 1339 dicitDominus“,
959 1288 1013 1332 et
1042 1294 1146 1332 non
1180 1278 1321 1333 Deus
1346 1295 1375 1334 e
1399 1279 1707 1351 longinquo.
1730 1282 1811 1336 An
1844 1299 1927 1338 me
1950 1298 2041 1339 ce-

453 1366 654 1421 labitur
676 1368 1006 1437 quidquam?
1042 1388 1060 1422 )
1094 1368 1150 1424 Si
1178 1384 1307 1436 ergo
1334 1370 1466 1423 nihil
1497 1385 1620 1424 eum
1651 1372 1877 1439 celetur,
1905 1389 2033 1443 quo-

452 1460 612 1512 modo
636 1458 909 1513 latuerunt
932 1460 1150 1528 quidam
1180 1459 1415 1515 sumtum
1446 1460 1706 1517 facientes
1747 1464 1800 1518 in
1845 1466 2036 1529 hortis,

449 1550 536 1604 vel
580 1551 632 1605 in
675 1552 844 1617 silvis,
880 1555 1155 1608 montibus
1182 1563 1236 1607 et
1267 1552 1439 1608 lucis?
1469 1554 1606 1619 Quid
1642 1557 1804 1625 igitur
1834 1558 2040 1626 signiﬁ-

452 1653 563 1705 cat,
623 1662 643 1695 ι
680 1642 736 1697 In
764 1654 1054 1713 conspectu
1086 1647 1241 1700 meo?
1277 1665 1295 1697 ι
1334 1647 1554 1701 Scilicet
1588 1648 1640 1701 in
1683 1648 1800 1716 ipso
1841 1651 2039 1718 temple

450 1736 592 1803 quod
634 1737 761 1790 mihi
809 1750 1183 1791 consecratum
1234 1750 1335 1793 est.
1368 1738 1560 1794 Simile
1597 1741 1853 1809 quiddam
1892 1744 2034 1795 enim

2147 544 2289 596 θεῖον
2318 541 2485 596 αὐτοῦ
2526 539 2914 611 παρωσάμενοι
2971 539 3157 609 νόμον,
3206 540 3299 591 καὶ
3347 541 3635 609 μονονουχὶ
3685 540 3753 592 τὸ

2145 634 2419 707 ἐρρῶσθαι
2458 633 2760 702 φθάσαντες
2796 634 2917 695 ταῖς
2942 629 3031 684 διὰ
3059 629 3304 691 Μωσέως
3353 630 3619 695 ἐντολαῖς,
3650 631 3748 683 λε-

2142 725 2507 796 λατρεύκασιν
2536 723 2794 787 εἰδώλοις.
2820 726 2913 778 καὶ
2938 722 3198 777 τεθύκασι
3222 724 3333 785 τοῖς
3357 721 3751 792 ψευδωνύμως

2144 819 2308 882 θεοῖς,
2338 818 2433 871 καὶ
2460 819 2784 889 πνευμάτων
2808 817 3132 887 ἀκαθάρτων
3162 815 3418 885 γεγόνασι
3456 802 3747 884 θεραπευ-

2141 909 2252 966 ταί.
2284 929 2302 959 ι
2341 903 2508 973 Οὗτος
2531 911 2561 963 ὁ
2589 910 2715 973 λαὸς
2738 910 2821 963 ἀεὶ
2850 909 3060 978 γέγονε,
3111 928 3130 961 ι
3170 909 3323 980 φησι,
3366 928 3384 960 ι
3413 908 3747 979 παροξύνων

2146 1019 2234 1072 με.
2270 1000 2544 1056 Τεθύκασι
2578 1003 2684 1073 γὰρ
2707 1002 3121 1073 ἀκαταλήκτως,
3161 1022 3180 1054 ι
3206 1002 3499 1069 τουτέστιν,
3528 1004 3590 1054 ἐν
3609 1002 3751 1073 χρώ-

2141 1110 2252 1155 νοις
2286 1095 2535 1165 μακροῖς,
2564 1111 2582 1145 ι
2603 1092 2833 1147 ἐνώπιόν
2853 1110 2975 1163 μου.
3005 1112 3025 1144 ι
3053 1089 3189 1147 Εἶτα
3224 1093 3341 1157 πῶς
3370 1089 3438 1163 ἦν
3470 1093 3747 1146 δύνασθαι

2141 1185 2322 1239 λαθεῖν
2354 1186 2571 1250 αὐτοὺς,
2602 1186 2780 1239 καίτοι
2828 1186 3010 1239 πάντα
3038 1185 3344 1257 ἐφορῶντος
3378 1184 3553 1251 Θεοῦ;
3589 1187 3746 1255 Ἔφη

2141 1278 2250 1349 γάρ
2291 1295 2415 1345 που,
2453 1278 2548 1333 καὶ
2596 1278 2665 1331 δι’
2691 1278 2808 1342 ἐνὸς
2841 1278 2947 1332 τῶν
2978 1278 3149 1346 ἁγίων
3179 1276 3506 1349 προφητῶν
3542 1297 3562 1329 ι
3602 1277 3749 1340 Θεὸς

2141 1369 2375 1436 ὲγγίζων
2415 1370 2525 1438 ἐγώ
2576 1372 2710 1441 εἰμι,
2734 1370 2880 1439 λέγει
2910 1369 3134 1441 Κύριος,
3180 1371 3274 1424 καὶ
3298 1372 3416 1441 οὐχ).
3448 1371 3585 1433 Θεὸς
3606 1373 3748 1443 πόρ-

2144 1460 2335 1533 ρωθεν,
2361 1461 2433 1531 μὴ
2460 1462 2553 1515 ἀπ’
2579 1462 2713 1533 ἐμοῦ
2739 1462 3072 1534 κρυϐήσεταί
3097 1481 3147 1516 τι
3169 1481 3183 1530 ;
3212 1483 3229 1515 ι
3270 1464 3477 1516 Οὐκοῦν
3495 1465 3545 1516 εί
3569 1464 3746 1534 μηδὲν

2139 1556 2233 1607 ἀπ’
2260 1554 2425 1607 αὑτοῦ
2454 1555 2773 1627 κρύπτεται,
2808 1555 2924 1620 πῶς
2960 1554 3025 1609 ἂν
3042 1556 3229 1610 ἔλαθον
3255 1558 3395 1619 τινὲς
3428 1557 3746 1627 θυμιῶντες

2139 1646 2196 1697 ἐν
2246 1644 2444 1715 κήποις
2465 1686 2478 1706 ,
2518 1645 2688 1714 ἤγουν
2718 1644 2776 1697 ἐν
2806 1644 3054 1716 δρυμοῖς,
3104 1645 3256 1716 ὀρεσί
3276 1662 3335 1697 τε
3372 1644 3461 1696 καὶ
3488 1646 3743 1711 vita-.7;

2139 1736 2182 1788 Τ
2189 1734 2205 1784 ί
2242 1733 2333 1789 οὖν
2363 1735 2471 1806 ἄρα
2504 1735 2566 1788 τὸ
2592 1754 2612 1788 ι
2647 1735 2875 1790 ἐνώπιόν
2905 1755 3005 1808 μου
3042 1757 3061 1790 ι
3096 1736 3278 1807 δηλοῖ,
3320 1736 3439 1789 ἀντὶ⁵
3485 1735 3604 1797 τοῦ,
3642 1738 3745 1790 καὶ

450 1827 589 1880 όίχιι
614 1842 745 1883 voce
773 1826 1022 1883 Jeremite
1050 1831 1115 1883 de
1144 1828 1464 1886 Jerusalem.
1500 1850 1518 1882 ι
1559 1836 1731 1899 Quam
1760 1834 2035 1889 abomina-

2142 1829 2221 1889 είς
2265 1829 2425 1881 αὐτὸν
2466 1828 2557 1881 τὸν
2598 1829 2977 1899 ἀφιερωθέντα
3026 1847 3115 1899 μοι
3148 1829 3303 1883 νεών.
3340 1830 3483 1899 Ἔφη
3505 1830 3621 1898 γάρ
3654 1846 3746 1882 τοι

449 1919 649 1973 tionem
683 1918 808 1973 fecit
832 1920 1022 1975 dilecta
1058 1922 1109 1975 in
1142 1925 1303 1977 domo
1345 1938 1459 1977 mea
1487 1926 1569 1978 '°?
1607 1945 1625 1978 ι
1663 1926 2037 1980 Abominatio-

452 2023 574 2064 nem
605 2009 886 2065 nominare
924 2023 1324 2066 consueverunt
1352 2027 1523 2067 sacra:
1552 2013 1770 2070 Litterae
1816 2016 2037 2070 idolum.

450 2103 637 2171 Itaque
688 2112 742 2157 et
798 2104 868 2157 ob
926 2103 1112 2157 oculos
1172 2120 1322 2158 meos
1384 2123 1402 2155 ι
1466 2106 1675 2161 sumtus
1731 2107 1962 2173 faciunt,
2015 2128 2034 2161 ι

450 2195 646 2263 inquit,
682 2212 701 2245 ι
735 2203 788 2248 et
832 2196 888 2249 in
939 2196 1129 2258 nortis,
1167 2215 1185 2247 ι
1222 2198 1272 2248 id
1319 2208 1434 2256 est,
1490 2197 1543 2250 in
1590 2199 1883 2263 montibus,
1962 2200 2039 2253 uti

448 2288 580 2350 dixi,
604 2306 623 2339 ι
652 2287 754 2341 sub
778 2302 1006 2357 quercu,
1028 2297 1080 2341 et
1107 2288 1323 2357 populo,
1342 2297 1394 2341 et
1421 2290 1614 2344 arbore
1640 2292 1893 2345 umbrosa
1916 2294 1985 2357 ⁸³,
2016 2311 2033 2344 ι

450 2383 744 2438 secundum
792 2383 841 2436 id
882 2386 1025 2453 quod
1069 2384 1331 2452 scriptum
1373 2393 1480 2440 est.
1520 2384 1944 2447 Sacriﬁcabaut,
1982 2394 2039 2437 ut

446 2474 678 2541 videtur,
701 2474 1011 2530 Graecorum
1038 2492 1241 2531 morem
1271 2478 1464 2541 secuti,
1489 2478 1809 2546 quihusdam
1838 2480 2038 2533 tl:l‘lllO-

448 2569 635 2633 uibus,
669 2571 934 2640 nymphas
966 2571 1038 2624 illi
1075 2581 1301 2637 vocant,
1336 2572 1761 2644 hamadryadas,
1792 2582 1845 2627 et
1878 2589 2035 2628 orea-

448 2660 565 2715 das.
597 2661 700 2714 Sed
738 2677 841 2714 non
878 2672 1021 2725 sunt,
1056 2663 1247 2733 inquit,
1279 2680 1381 2717 non
1415 2664 1555 2732 quod
1592 2680 1694 2717 non
1728 2664 2036 2719 subsistant

446 2751 659 2806 exitiosi
695 2752 996 2813 daemones;
1037 2753 1129 2805 sed
1166 2754 1307 2820 quod
1346 2767 1453 2806 non
1494 2753 1600 2807 sint
1633 2753 1735 2816 dii,
1770 2764 1927 2822 prout
1963 2748 2034 2806 il’li

448 2842 538 2910 qui
575 2842 884 2897 sacriﬁcant
922 2843 1031 2896 illis
1093 2845 1406 2912 opinantur.
1439 2842 1831 2899 Sacriﬁcarunt
1865 2846 2033 2899 etiam

448 2935 501 2989 in
535 2936 898 2990 moottmentis
926 2945 982 2990 et
1012 2936 1304 3004 speluncis,
1338 2937 1738 2990 necromantica
1767 2938 2034 3006 quaedam,

446 3038 508 3082 ut
534 3029 771 3093 videtur,
797 3041 1136 3083 exercentes.
1171 3028 1524 3084 Dormiebant
1556 3030 1718 3083 etiam
1756 3030 1807 3082 in
1845 3046 2035 3083 monu-

447 3121 666 3184 mentis,
696 3120 977 3175 insomniis
1010 3121 1329 3190 quibusdam
1366 3131 1420 3175 et
1452 3121 1685 3190 spectris
1722 3122 1951 3191 decepti,
1982 3130 2035 3176 et

2145 1916 2385 1972 τοιοῦτον
2420 1920 2511 1972 καὶ
2548 1920 2635 1972 διὰ
2669 1921 2852 1991 φωνῆς
2884 1921 3145 1992 Ἰερεμίου
3170 1922 3297 1993 περὶ
3325 1920 3425 1991 τῆς
3462 1921 3747 1992 Ἰερουσα-

2145 2013 2277 2083 λήμ·
2315 2031 2334 2063 ι
2370 2012 2436 2065 Τί
2463 2012 2792 2083 ἠγαπημένη
2821 2014 2878 2065 ἐν
2904 2013 2978 2084 τῷ
3007 2015 3138 2085 οἴκῳ
3167 2032 3268 2084 μου
3292 2014 3513 2083 ἐποίησε
3549 2013 3747 2083 βδέλυ-

2144 2121 2260 2174 γμα
2287 2121 2300 2166 ;
2328 2122 2346 2156 ι
2385 2103 2670 2175 Βδέλυγμα
2695 2105 2751 2157 δὲ
2788 2105 2848 2157 τὸ
2886 2105 3101 2159 εἴδωλον
3137 2106 3423 2176 ὀνομάζειν
3455 2107 3577 2171 ἔθος
3626 2109 3746 2171 τοῖς

2147 2198 2315 2268 ἱεροῖς
2367 2197 2715 2269 Γράμμασιν.
2768 2197 2979 2250 Οὐκοῦν
3033 2201 3152 2252 κατ’
3204 2199 3514 2270 ὀφθαλμοὺς
3567 2202 3747 2270 ἐμοὺς

2150 2309 2169 2342 ι
2205 2289 2496 2361 θυμιῶσι,›
2534 2290 2720 2360 φησὶ,‹
2760 2291 2854 2343 καὶ
2882 2294 2938 2344 ἐν
2971 2294 3085 2354 τοῖς
3111 2294 3326 2363 κήποις,
3369 2314 3387 2345 ι
3428 2295 3742 2359 τουτέστιν,

2142 2381 2200 2432 ἐν
2221 2380 2425 2451 ὄρεσιν,
2471 2380 2547 2443 ὼς
2594 2379 2752 2449 ἔφην,
2787 2398 2806 2431 ι
2837 2381 3095 2435 ὑποκάτω
3135 2383 3313 2453 δρυὸς,
3359 2384 3452 2437 καὶ
3503 2384 3741 2456 λεύκης,

2142 2472 2235 2525 καὶ
2272 2471 2489 2542 δένδρου
2525 2470 2943 2535 συσκιάζοντος,
2988 2491 3007 2524 ι
3043 2472 3184 2526 κατά
3225 2473 3284 2527 τὸ
3320 2476 3741 2546 γεγραμμένον.

2144 2562 2341 2616 Ἔθυον
2369 2564 2445 2628 δὲ,
2480 2564 2623 2617 κατά
2645 2563 2704 2616 τὸ
2728 2564 2894 2628 εἰκὸς,
2916 2567 3029 2627 τοῖς
3044 2566 3308 2637 Ἑλλήνων
3331 2567 3748 2639 ἀκολουθήσειν.

2140 2672 2229 2718 τες
2246 2655 2455 2724 θυμοῖς,
2484 2656 2703 2727 δαίμοσι
2730 2658 2897 2717 τισὶν.
2945 2658 3012 2722 ἀς
3050 2660 3268 2730 νύμφας
3304 2662 3499 2714 ἐκεῖνοι
3530 2661 3745 2715 καλοῦ-

2142 2759 2247 2807 σιν,
2273 2744 2622 2816 ἁμαδρυάδας
2645 2749 2740 2799 καὶ
2769 2747 3020 2818 ὀρειάδας
3044 2766 3057 2780 ·
3105 2750 3220 2803 ἀλλ’
3247 2749 3346 2805 οὔκ
3382 2754 3507 2813 εἱσι,
3543 2754 3742 2824 φησὶν,

2139 2836 2237 2906 οὐχ
2272 2838 2352 2891 ὅτι
2385 2839 2459 2907 μὴ
2502 2839 2840 2911 ὑπάρχουσιν
2895 2843 2943 2895 οἱ
2997 2842 3263 2914 ἀλιτήριοι
3291 2844 3588 2914 ’δαίμονες,
3620 2847 3729 2901 ἀλλ

2138 2927 2220 2980 ὃτι
2251 2928 2363 2982 θεοὶ
2394 2930 2594 3000 μᾶλλον
2632 2932 2730 2986 οὔκ
2784 2935 2913 2998 είσι,
2965 2937 3107 2990 κατά
3130 2954 3192 3004 γε
3217 2936 3315 2999 τὰς
3351 2936 3460 2989 τῶν
3491 2937 3747 2992 θυόντων

2138 3021 2323 3084 αὐτοῖς
2356 3022 2631 3087 ὑπονοίας.
2664 3025 2864 3079 Ἔθυον
2889 3026 2945 3080 δὲ
2983 3029 3077 3080 καὶ
3114 3030 3170 3081 ἐν
3204 3028 3480 3100 μνήμασι,
3524 3032 3625 3083 καὶ
3684 3041 3747 3085 ἐν

2139 3112 2444 3181 σπηλαίοις,
2458 3116 2883 3184 νεκυομαντείας
2897 3116 2995 3180 τὰς
3013 3117 3350 3187 καλουμένας
3378 3120 3747 3189 ἐπιτηδεύον-

447 3214 691 3268 notitiam
753 3228 931 3267 rerum
990 3212 1292 3267 futurarum
1360 3214 1696 3284 indagantes.
1757 3213 2030 3275 Eiusmodi

2139 3221 2228 3267 τες
2281 3204 2424 3258 κατά
2453 3206 2515 3258 τὸ
2562 3207 2725 3270 εἰκός.
2765 3207 3094 3277 Ἐκοιμῶντο
3145 3208 3201 3261 δὲ
3229 3211 3321 3264 καὶ
3346 3212 3402 3263 ἐν
3428 3213 3743 3282 μνήμασιν,

446 3314 573 3361 sunt
616 3307 758 3362 enim
809 3306 1102 3375 impietatis
1146 3304 1457 3360 Graecorum
1510 3306 1746 3359 inventa.
1783 3306 2037 3360 Calcasse

447 3410 627 3452 autem
674 3412 768 3451 eos
808 3412 1022 3466 quoque
1065 3397 1195 3465 legis
1239 3406 1540 3466 przecepta,
1575 3397 1909 3451 demonstrat
1956 3397 2039 3450 in-

447 3496 638 3560 quiens
690 3509 703 3544 :
763 3510 781 3543 (
837 3490 1137 3544 Comeduut
1181 3504 1375 3542 carnes
1426 3488 1629 3542 suillas.
1686 3505 1705 3539 ι
1760 3488 2040 3542 interdixit

446 3586 591 3641 enim
623 3585 736 3638 haec
770 3582 1046 3637 lsraelitis.
1082 3581 1460 3635 Absorhebaut
1490 3583 1654 3634 etiam
1694 3581 1785 3649 jus
1830 3580 2038 3635 sacrifi-

447 3678 675 3743 ciorum,
702 3676 846 3730 omni
889 3674 1198 3745 impuritate
1230 3673 1438 3740 repleti,
1471 3674 1660 3727 sordes
1702 3688 1805 3728 non
1852 3671 2038 3726 eluen-

446 3770 545 3823 das
588 3767 880 3832 habentes,
911 3774 1162 3837 putantes
1208 3765 1401 3820 deinde
1439 3765 1504 3818 ad
1550 3780 1819 3819 summum
1862 3765 2037 3819 omnis

446 3862 696 3933 puritatis
750 3861 975 3930 gradum
1011 3874 1068 3913 se
1116 3859 1449 3928 pervenisse,
1501 3858 1637 3911 adeo
1688 3867 1746 3912 ut
1793 3857 2037 3913 dicerent

446 3955 879 4024 apprOpiuquare
910 3951 1232 4013 volentibus,
1264 3948 1434 4021 894
1481 3966 1499 4001 ι
1552 3948 1734 4019 Longe
1767 3965 1795 4003 λ
1828 3965 1936 4013 me,
1970 3966 2034 4004 nu

447 4048 847 4116 appropinques
878 4045 1033 4109 mihi,
1063 4043 1187 4113 quia
1223 4060 1389 4113 purus
1420 4058 1561 4097 sum.
1600 4063 1619 4096 ι
1661 4043 1777 4099 Mali
1808 4044 1950 4098 enim
1983 4053 2038 4099 et

447 4139 644 4209 impuri
694 4139 986 4201 dzemones,
1024 4138 1356 4204 persuadent
1406 4135 1489 4189 his
1539 4135 1628 4204 qui
1680 4151 1737 4190 se
1785 4136 2032 4201 adorant,

447 4232 588 4300 quod
627 4230 726 4284 etsi
772 4229 952 4283 omnia
998 4238 1193 4298 praeter
1232 4242 1444 4297 aequum
1492 4235 1546 4280 et
1591 4227 1789 4281 bonum
1822 4236 2031 4297 .agaut,

449 4323 557 4378 imo
608 4322 768 4375 etiam
822 4336 909 4376 res
955 4321 1449 4390 inquiuatissimas,
1499 4318 1663 4373 futuri
1717 4319 1824 4373 sint
1875 4319 2030 4388 puri,

446 4415 568 4471 face
595 4413 699 4469 illis
726 4414 1076 4484 praelucente,
1100 4423 1153 4466 et
1182 4413 1305 4481 igne
1334 4413 1730 4476 circumeunte,
1758 4410 1839 4465 vel
1871 4413 2033 4465 etiam

448 4522 709 4577 aquarum
742 4505 1099 4571 abstersione,
1126 4516 1179 4559 et
1210 4504 1409 4559 fabulis
1439 4505 1672 4558 anilibus
1705 4504 2035 4557 incantanti-

446 4602 568 4657 bus.
596 4600 861 4656 Caeterum
892 4599 1008 4654 haec
1034 4600 1235 4662 omnia,
1269 4598 1464 4666 inquit,
1495 4597 1657 4665 impie
1689 4605 1742 4651 et
1771 4594 2035 4665 ﬂagitiose

447 4694 514 4747 ab
560 4693 663 4747 illis
708 4702 1037 4762 perpetrata,
1075 4711 1093 4742 (
1151 4691 1351 4745 Fumus
1399 4699 1524 4745 sunt
1571 4688 1771 4743 furoris
1822 4690 1948 4752 mei,
1980 4700 2035 4743 et

449 4784 588 4855 ignis
621 4783 773 4838 ardet
808 4784 859 4837 in
896 4798 960 4837 eo
991 4782 1239 4837 omnibus
1270 4781 1482 4836 diebus.
1524 4799 1543 4832 ι
1586 4780 1799 4834 Scimus
1830 4790 2033 4843 autem,

446 4893 573 4933 cum.
615 4877 755 4944 ignis
800 4876 1175 4930 accendendus
1218 4883 1332 4941 est,
1375 4874 1578 4928 exoriri
1627 4873 1778 4941 prius
1829 4871 2025 4926 [ιιηιοε.

447 4965 632 5035 Itaque
674 4974 797 5019 ante
837 4964 1146 5019 Servatoris
1184 4963 1495 5029 adventum,
1524 4978 1644 5017 cum
1694 4964 1746 5017 in
1785 4961 2035 5018 sordibus

445 5065 786 5121 versaretur,
816 5069 973 5123 quem
1007 5055 1166 5109 modo
1195 5055 1461 5123 diximus,
1495 5053 1657 5109 Israel
1677 5095 1691 5118 ,
1723 5052 1865 5107 velut
1897 5053 2029 5108 hinni

445 5150 663 5220 quidam
698 5158 751 5203 et
782 5149 931 5202 initia
967 5148 1162 5203 divinre
1197 5148 1289 5203 irte
1322 5154 1706 5217 apparuerunt.
1740 5145 2030 5215 Postquam

446 5257 576 5295 vero
622 5240 894 5312 prioribus
936 5241 1047 5296 suis
1089 5240 1459 5311 impietatibus
1504 5237 1825 5293 addiderunt
1868 5240 2030 5293 etiam

447 5333 920 5387 debacchationem
966 5333 1016 5387 in
1060 5334 1232 5402 ipsum
1268 5333 1644 5387 universorum
1691 5334 2033 5388 Servatorem

446 5433 500 5476 et
552 5421 967 5493 Redemptorem
1030 5444 1040 5477 :
1100 5422 1492 5478 interfecerunt
1537 5425 1679 5478 enim
1734 5424 2033 5494 principem

446 5514 571 5567 vitae
596 5516 663 5577 ",
699 5514 848 5569 furor
888 5516 1080 5569 deinde
1125 5530 1385 5570 accensus
1426 5525 1529 5583 est,
1566 5524 1620 5571 et
1665 5517 1715 5571 in
1762 5516 2031 5571 llatnmam

449 5606 845 5677 quodammodo
879 5606 1007 5661 fumi
1042 5608 1289 5662 conversi
1317 5618 1458 5663 sunt.

2139 3296 2616 3367 ὀνειροπομπείοις
2664 3298 2776 3350 τισὶ
2805 3300 2899 3352 καὶ
2933 3300 3212 3370 φάσμασιν
3236 3302 3613 3372 ἀπατώμενοι,
3641 3308 3746 3359 καὶ

2137 3388 2246 3441 τῶν
2271 3390 2545 3459 ἐσομένων
2562 3390 3149 3462 πολυπραγμονοῦντες
3169 3394 3269 3465 τὴν
3289 3394 3508 3464 γνῶσιν.
3542 3397 3745 3452 Τοιαῦ-

2137 3497 2205 3532 τα
2236 3481 2343 3551 γάρ
2374 3478 2495 3544 πῶς
2542 3482 2647 3534 εἱσι
2674 3482 2773 3551 τῆς
2803 3483 2911 3536 τῶν
2953 3483 3220 3555 Ἐλλήνων
3262 3486 3616 3559 ἀνοσιότητος
3668 3491 3743 3543 τὰ

2138 3576 2448 3645 εὑρήματα.
2495 3576 2615 3628 ’Ὁτι
2646 3576 2703 3628 δὲ
2732 3576 2824 3629 καὶ
2851 3577 2952 3648 τὴν
3003 3577 3098 3630 τοῦ
3132 3579 3298 3648 νόμου
3345 3583 3744 3650 πεωτήκασιν

2138 3667 2377 3736 ἐντολὴν,
2414 3667 2773 3723 διαδείκνυσιν
2789 3669 2977 3736 εἰπὼν,
3004 3690 3021 3723 ι
3044 3672 3346 3737 Ἐσθίοντες
3361 3676 3496 3745 κρέα
3529 3676 3679 3731 ὕεια*
3716 3697 3736 3730 ι

2138 3762 2407 3831 ἀπείρητο
2441 3762 2550 3833 γὰρ
2589 3762 2656 3816 τὰ
2685 3763 2862 3817 τοιάδε
2889 3767 3001 3829 τοῖς
3026 3764 3084 3832 ἐξ
3131 3768 3366 3840 Ἰσραήλ·
3400 3770 3742 3841 ἐξερρὁουν

2135 3850 2193 3907 δὲ
2220 3855 2313 3906 καὶ
2339 3855 2557 3924 ζωμοὺς
2590 3854 2814 3919 θυσιῶν,
2863 3857 3083 3926 ἀπάσης
3118 3860 3458 3932 ἀκαθαρσίας
3488 3862 3745 3934 ἀναπιμ-

2138 3946 2422 4015 πλάμενοι,
2450 3947 2543 4000 κα)¹
2591 3947 3027 4020 δυσαπότριπτον
3051 3951 3265 4021 ἔχοντες
3286 3953 3563 4024 μολυσμόν
3578 3974 3590 3985 ·
3611 3955 3741 4010 εἶτα.

2136 4038 2468 4108 νομίζοντες,
2502 4040 2583 4092 ὅτι
2617 4042 2710 4093 καὶ
2740 4042 2821 4104 είς
2857 4042 3007 4113 λῆξιν
3042 4044 3260 4115 ἀπάσης
3304 4045 3601 4117 ἐληλάκασι
3633 4067 3744 4101 κα-

2138 4129 2456 4202 θαρότητος,
2490 4131 2631 4185 ὥστε
2662 4133 2755 4186 καὶ
2780 4132 2960 4201 λέγειν
2980 4138 3094 4198 τοῖς
3115 4137 3282 4204 ἐγγὺς
3313 4133 3450 4191 εἶναι
3481 4139 3743 4194 θέλουσιν

2137 4221 2316 4275 αὐτῶν
2348 4240 2361 4253 ·
2402 4241 2420 4274 ι
2466 4223 2662 4295 Πὸρῤω
2692 4226 2788 4277 ἀπ’
2820 4224 2975 4295 ἐμοῦ,
3013 4226 3087 4298 μὴ
3113 4228 3336 4299 ὲγγίσῃς
3365 4247 3486 4299 μοι,
3512 4231 3597 4283 ὅτι
3627 4250 3742 4285 κα·-

2138 4311 2303 4383 θαρός
2334 4314 2470 4384 είμι.
2508 4332 2526 4365 ι
2549 4315 2612 4368 Ol
2640 4316 2749 4386 γὰρ
2782 4318 3009 4387 πονηροὶ
3038 4319 3135 4371 καὶ
3156 4319 3455 4392 ἀκάθαρτοι
3474 4321 3743 4391 δαίμονες

2137 4404 2489 4459 ἀναπείθουσι
2529 4409 2745 4479 φρονεῖν
2785 4408 2913 4473 τοὺς
2952 4411 3388 4479 προσκυνοῦντας
3418 4412 3623 4477 αὐτοῖς,
3647 4415 3741 4470 ὅτι

2139 4496 2317 4549 πάντα
2340 4497 2594 4567 δρῶντες,
2626 4500 2719 4552 καὶ
2734 4498 2803 4552 τά
2837 4500 2980 4572 πέρα
3007 4503 3196 4572 νόμου,
3226 4504 3319 4556 καὶ
3353 4506 3534 4574 πάσης
3556 4507 3741 4561 ἐπιει-

2072 4574 2116 4632 D
2144 4589 2317 4651 κείας,
2348 4588 2546 4658 μᾶλλον
2577 4590 2631 4642 δὲ
2653 4590 2722 4643 τὰ
2741 4593 2820 4655 εἰς
2843 4592 3008 4663 ἄκρον
3029 4594 3231 4663 ἥκοντα
3262 4595 3557 4667 μολυσμοῦ,
3580 4597 3741 4652 ἔσον-

2131 4697 2223 4734 ται
2267 4681 2519 4753 καθαροὶ,
2556 4682 2710 4753 δᾳδὸς
2765 4685 3033 4756 ἀφθείσης
3072 4688 3201 4758 παρ’
3252 4688 3344 4761 [al.
3378 4688 3487 4761 ἐπ’]
3518 4692 3735 4757 αὐτοῖς,

2133 4774 2227 4826 καὶ
2258 4773 2441 4845 κύκλῳ
2473 4776 2644 4847 πυρὸς
2671 4778 3038 4850 περιθέοντες,
3074 4780 3105 4852 ἢ
3135 4783 3277 4853 τάχα
3314 4801 3436 4845 που,
3471 4787 3565 4838 καὶ
3595 4786 3741 4840 ὕδα-

2131 4882 2223 4928 τος
2265 4868 2700 4937 ραντισμοῦ,καὶ
2737 4871 3064 4941 μυθολογίας
3107 4876 3491 4946 γραοπρεποῦς
3527 4878 3735 4949 ἐπᾳδο-

2137 4958 2301 5029 μένης
2325 4959 2525 5022 αὐτοῖς.
2546 4961 2707 5015 Ἀλλά
2733 4964 2890 5016 ταυτὶ
2918 4964 3210 5033 σύμπαντα
3244 4970 3400 5036 φησι,
3437 4969 3505 5022 τά
3528 4970 3739 5024 δυσσε-

2139 5051 2247 5114 ϐῶς
2270 5068 2327 5104 τε
2358 5053 2453 5106 καὶ
2481 5054 2711 5118 ἀνοσίως
2753 5059 2883 5128 παρ’
2914 5058 3093 5112 αὐτῶν
3122 5062 3407 5129 γεγονότα’
3444 5081 3462 5112 ι
3502 5063 3740 5129 Καπνός

2139 5145 2244 5196 εἰσι
2297 5143 2390 5197 τοῦ
2424 5145 2598 5216 θυμοῦ
2632 5166 2755 5217 μου,
2785 5151 2877 5202 καὶ
2913 5150 3023 5224 πῦρ
3040 5152 3253 5206 καίεται
3280 5155 3337 5207 ἐν
3371 5154 3515 5225 αὐτῷ
3546 5157 3740 5221 πάσας

2139 5235 2239 5299 τὰς
2267 5238 2495 5308 ἡμέρας.
2544 5260 2561 5292 ι
2597 5242 2785 5312 Ἴσμεν
2807 5242 2886 5310 δὲ,
2926 5245 3006 5298 ὅτι
3032 5247 3203 5317 πυρὸς
3240 5246 3569 5311 ἐξάπτεσθαι
3601 5250 3744 5318 μέλ-

2140 5328 2320 5394 λοντος
2347 5334 2731 5405 προανίσχουσι
2763 5338 2980 5391 καπνοί.
3011 5339 3221 5393 Οὐκοῦν
3250 5341 3356 5412 πρὸ
3390 5343 3487 5411 μὲν
3508 5343 3607 5413 τῆς
3634 5345 3775 5408 τοῦ,

2140 5424 2391 5495 Σωτῆρος
2422 5426 2737 5499 ἐπιδημίας,
2779 5430 2837 5483 ἐν
2872 5430 3168 5504 μολυσμοῖς
3196 5432 3348 5498 ὄντος
3380 5436 3494 5498 τοῖς
3523 5426 3773 5506 ἀρτίωςῖ

2137 5517 2270 5584 ήμῖν
2318 5518 2632 5588 εἰρημένοις
2684 5519 2777 5574 τοῦ
2828 5523 3066 5594 Ἰσραὴλ,
3100 5525 3295 5578 καπνοί
3342 5544 3487 5590 τινες
3515 5526 3741 5597 ὥσπερ,

2140 5607 2233 5660 καὶ
2267 5609 2433 5681 ἀρχαὶ
2457 5612 2554 5681 τῆς
2585 5611 2735 5678 θείας
2765 5613 2935 5686 ὀργῆς
2987 5617 3353 5682 ἀνεφαίνοντο.
3421 5619 3642 5691 Ἐπειδὴ
3677 5622 3744 5675 δε

527 5776 570 5811 ⁵³
610 5778 713 5834 lsu.
744 5794 839 5847 LII,
874 5783 927 5836 ti.
1003 5782 1047 5813 5°
1076 5779 1186 5838 Jer.
1220 5797 1295 5848 χι,
1330 5781 1409 5835 ιδ.
1490 5782 1528 5813 ³¹
1566 5783 1700 5839 Osce
1736 5800 1805 5852 tv,
1855 5786 1933 5839 l3.
2015 5787 2033 5817 ⁸

2142 5796 2210 5842 ct.
2251 5803 2328 5851 ill,
2368 5789 2443 5841 II}.
