4022 6400
310 330 448 387 “09

1400 336 1467 392 IN
1510 337 1741 393 ISAIAM
1778 337 1911 394 LIB.
1955 339 2018 396 V.
2060 338 2301 397 TOMUS
2342 341 2433 395 Vl.

3427 335 3568 392 HIO

306 452 421 512 ταῖς
480 448 768 520 προτέραις
818 451 1025 505 ἑαυτῶν
1057 453 1395 518 δυσσεϐείαις
1436 459 1879 529 προσεπήγαγον,
1920 460 2012 512 καὶ
2045 460 2141 531 τὴν
2196 462 2273 524 εἰς
2339 459 2502 512 αὑτὸν
2567 458 2853 530 παροινίαν
2897 456 2988 510 τὸν
3020 454 3128 510 τῶν
3164 454 3301 509 ὅλων
3338 454 3568 525 Σωτῆρα

305 543 400 595 καὶ
443 544 758 613 Λυτρωτήν·
826 545 1157 600 ἀπεκτόνασι
1208 547 1315 619 γὰρ
1364 549 1452 602 τὸν
1495 551 1736 623 ἀρχηγὸν
1780 553 1881 623 τῆς
1948 553 2110 624 ζωῆς,
2159 551 2363 624 ἐξήφθη
2402 551 2583 605 λοιπὸν
2640 553 2668 604 ὁ
2701 550 2891 622 θυμὸς,
2929 550 3023 605 καὶ
3048 551 3126 612 εις
3162 547 3333 619 φλόγα
3368 546 3569 619 τρόπον

303 633 425 688 τινὰ
456 635 793 704 μετέστησαν
816 638 864 689 οί
894 639 1107 691 καπνοί.

384 726 538 782 Ἰδοὺ
560 728 879 795 γέγραπται
910 730 1165 785 ἐνώπιόν
1182 748 1321 800 μου⁹
1351 735 1432 787 Οὐ
1466 734 1754 801 σιωπήσω
1774 736 1884 803 ἕως
1913 756 1955 810 Α

304 826 380 881 ἂν
405 824 627 889 ἀποδῶ,
652 826 748 879 καὶ
768 826 1169 881 ἀνταποδώσω
1190 831 1275 894 εἰς
1296 829 1402 882 τὸν
1423 833 1655 885 κόλπον
1683 834 1881 887 αὐτῶν

301 918 407 982 τὰς
448 917 735 984 ἁμαρτίας
784 914 1003 977 αὐτῶν,
1045 916 1144 969 καὶ
1193 916 1308 969 τῶν
1349 918 1618 986 πατέρων
1661 919 1877 985 αὐτῶν,

299 1009 461 1077 λέγει
495 1010 727 1075 Κύριος·
763 1006 819 1061 οἳ
843 1009 1098 1076 ἐθυμίων
1124 1009 1220 1061 ἐπὶ
1252 1008 1369 1062 τῶν
1415 1011 1617 1078 ὀρέων,
1650 1012 1749 1067 καὶ
1781 1013 1880 1065 ἐπὶ

299 1099 418 1153 τῶν
442 1097 688 1164 ,Βουνῶν
733 1098 933 1153 αὐτῶν
965 1099 1291 1153 diremta-{ir
1328 1118 1405 1169 με
1425 1118 1438 1131 ·
1491 1102 1781 1157 ἀποδώσω
1807 1104 1878 1158 τὰ

299 1191 440 1261 ἔργα
469 1191 667 1245 αὐτῶν
694 1193 779 1255 είς
809 1191 914 1243 τὸν
951 1193 1184 1244 κόλποι·
1216 1193 1431 1246 αὐτῶν.

373 1283 593 1351 Ὅμοιον
617 1284 691 1345 ὡς
714 1284 761 1334 εί
787 1282 955 1349 λέγοι·
987 1283 1067 1335 Τά
1096 1286 1173 1346 είς
1202 1283 1377 1355 λύπην
1429 1286 1568 1356 ἐμὴν
1615 1287 1767 1357 παρά
1817 1305 1875 1341 τε

296 1369 404 1422 τῶν
438 1370 690 1441 πατέρων
713 1370 908 1431 αὐτῶν,
940 1372 1029 1422 καὶ
1062 1371 1189 1441 παρ’
1222 1372 1401 1424 αὑτςίν
1448 1372 1676 1436 ἀνοσίως
1718 1390 1877 1441 γεγε-

295 1479 360 1531 νη
371 1462 525 1531 μένα,
556 1461 835 1530 μονονουχὶ
864 1464 956 1514 καὶ
983 1462 1040 1513 ὲν
1068 1463 1254 1515 πίνακι
1278 1464 1635 1533 γεγραμμένα
1665 1464 1873 1537 θεωρῶ,

297 1555 388 1606 καὶ
414 1556 468 1605 ὲν
500 1556 609 1616 τοῖς
635 1555 786 1623 ἐμοῖς
821 1555 958 1606 εἰσιν
980 1553 1295 1625 ὀφθαλμοῖς,
1321 1556 1351 1625 ἦ
1380 1556 1495 1620 πῶς
1529 1557 1594 1609 ἀν
1626 1558 1878 1627 ἀνασχοί-

296 1661 404 1714 μην
432 1644 540 1696 τῶν
593 1643 733 1696 οὕτω
786 1643 1007 1707 δεινῶν,
1049 1645 1144 1698 καὶ
1194 1646 1597 1717 ἀπαραϐλήτων
1655 1647 1871 1711 κακῶν;

306 1734 592 1789 Ἀποδώσω
618 1737 831 1798 πάντως
852 1738 929 1798 είς
952 1735 1042 1787 τὸν
1066 1736 1265 1789 κόλπον
1290 1738 1489 1800 αὐτῶν,
1512 1738 1796 1809 δεχόμενος
1818 1740 1875 1791 ἐν

294 1836 535 1906 μνήμαις
574 1835 813 1897 καὶτοὺς
851 1834 1092 1904 πατέρας
1142 1835 1339 1893 αὐτῶν,
1372 1834 1421 1887 οἳ
1452 1835 1749 1905 ἐθυμίασαν
1782 1835 1872 1888 ἐπὶ

288 1928 397 1980 τῶν
424 1928 615 1998 ὁρέων,
657 1926 749 1979 καὶ
796 1927 888 1978 ἐπὶ
939 1926 1046 1978 τῶν
1078 1926 1302 1996 βουνῶν,
1358 1921 1433 1980 ῶν
1467 1926 1747 1980 ὡνείδισάν
1782 1945 1869 1996 με.

301 2021 687 2089 Ἐπιτήρησον,
722 2020 803 2073 ὃτι
833 2018 1035 2090 θυμιᾷν
1056 2021 1251 2083 αὐτοὺς
1280 2020 1337 2071 ὲν
1362 2021 1561 2090 κήποις
1583 2018 1751 2072 είπὼν
1780 2022 1872 2073 ἐπὶ

285 2113 393 2165 τῶν
448 2113 620 2182 ὀρέων
677 2112 905 2165 καὶτῶν
949 2111 1183 2181 βουνῶν,
1237 2111 1426 2165 ἐνθάδε
1486 2112 1621 2182 φησι
1646 2113 1879 2184 κήπους,

284 2201 458 2274 οἶμαι,
485 2204 657 2272 λέγων
685 2204 812 2267 τοὺς
840 2206 894 2256 ἐν
913 2203 1061 2274 ὄρεσι
1089 2204 1345 2274 δρυμοὺς,
1372 2203 1514 2257 καθά
1537 2207 1869 2278 προειρήκα-

288 2313 406 2366 μεν.
431 2296 659 2359 Θύοντες
692 2296 747 2348 δὲ
779 2298 891 2359 τοῖς
930 2296 1261 2363 ἀκαθάρτοις
1314 2297 1582 2367 δαίμοσιν,
1614 2294 1732 2350 εἶτα
1768 2298 1866 2369 τὴν

282 2389 639 2461 ὀφειλομένην
669 2389 745 2460 τῷ
771 2390 889 2461 Θεῷ
917 2390 1093 2455 δόξαν,
1125 2391 1307 2458 ὀλίγου
1342 2390 1622 2455 παντελῶς
1655 2390 1867 2456 ἀξιοῦν·

280 2496 369 2542 τες
396 2479 575 2548 λόγου,
603 2482 882 2550 μονονουχὶ
916 2482 1009 2534 καὶ
1032 2481 1304 2545 ὠνείδιζον
1322 2481 1484 2533 αὐτὸν
1509 2480 1585 2544 ὡς
1614 2480 1714 2534 οὐκ
1735 2481 1863 2535 ὄντα

280 2570 431 2623 Θεόν.
465 2571 537 2623 Τὸ
568 2572 674 2643 γάρ
709 2572 845 2636 ὅλως
873 2575 984 2636 τοῖς
1012 2574 1115 2624 οὐκ
1164 2569 1283 2625 οὖσι
1336 2571 1477 2634 θεοῖς
1506 2573 1860 2644 προσκεῖσθαι

281 2660 455 2715 θέλειν
487 2662 636 2715 οὐδὲν
694 2664 879 2735 ἕτερον
912 2664 997 2735 εἴη
1031 2663 1116 2725 ἂν,
1158 2664 1295 2735 πλὴν
1327 2665 1408 2717 ὅτι
1441 2663 1540 2735 τὴν
1573 2664 1722 2718 θείαν
1766 2666 1859 2719 καὶ

280 2755 537 2808 ἀνωτάτω
562 2755 933 2827 περιυϐρίζειν
976 2756 1150 2821 δόξαν.
1200 2775 1218 2807 ι
1269 2754 1556 2809 Ἀποδώσω
1604 2776 1622 2807 ι
1655 2757 1853 2824 τοίνυν,

280 2849 431 2917 φησι,
470 2866 487 2897 ι
510 2848 578 2901 τὰ
600 2848 736 2918 ἔργα
771 2849 950 2900 αὐτῶν
979 2850 1058 2912 είς
1088 2849 1176 2901 τὸν
1203 2848 1401 2902 κόλπον
1426 2848 1606 2903 αὐτῶν
1625 2864 1638 2876 ·
1680 2867 1698 2901 ι
1722 2851 1855 2903 ἀπο-

276 2936 597 2989 πεπτώκασι
624 2939 732 3009 γὰρ
764 2937 967 3005 ἀγαθοῦ
1000 2939 1197 3002 παντὸς
1224 2979 1237 3002 ,
1264 2939 1463 3001 δειναῖς
1496 2956 1555 2992 τε
1596 2939 1690 2993 καὶ
1723 2939 1854 3007 ἀφύ-

276 3046 423 3092 κτοις
444 3030 883 3101 ἐνολισθήσαντες
920 3047 983 3082 συ
992 3033 1246 3101 μφοραίς,
1278 3032 1436 3084 κακοὶ
1457 3031 1642 3095 κακῶς
1664 3030 1850 3084 διολώ-

273 3120 448 3174 λασιν.

339 3214 538 3280 Οὕτως
577 3212 739 3282 λέγει
776 3214 1013 3283 Κύριος·
1062 3216 1171 3267 Ὃν
1201 3216 1424 3283 τρόπον
1464 3214 1847 3282 εὑρεθήσεται

265 3304 381 3371 ρὰξ
408 3304 571 3369 ἐντῷ
595 3306 833 3373 βότρυτ,
874 3311 971 3359 καὶ
996 3306 1224 3373 ἐροῦσν
1251 3307 1345 3374 Μὴ
1371 3306 1611 3376 λυμήνῃ
1634 3308 1840 3373 αὑτὸν,

270 3395 359 3449 ὅτι
393 3397 635 3464 εὐλογία
672 3397 837 3451 ἐστίν
874 3396 944 3451 ἐν
985 3397 1163 3463 αὐτῷ’
1186 3399 1337 3451 οὓτω
1369 3400 1603 3465 ποιήσω
1633 3401 1846 3454 ἕνεκεν

1916 2112 1956 2166 Β
1986 2116 2127 2170 dicat
2176 2116 2227 2169 in
2278 2116 2554 2171 montibus
2594 2124 2647 2169 et
2694 2114 2923 2169 collibus
2974 2131 2989 2168 :

2058 737 2222 790 Vens.
2259 735 2322 797 6,
2354 734 2403 790 7.
2439 732 2575 787 Ecce
2608 735 2854 799 scriptum
2888 742 2961 785 est
3000 732 3055 783 in
3090 739 3366 797 conspectu
3400 747 3512 786 meo
3545 744 3565 784 :

1991 827 2115 881 Non
2165 826 2364 891 tacebo,
2398 826 2561 878 donec
2605 826 2820 878 reddam
2866 833 2915 876 et
2964 823 3248 875 retribuam
3295 824 3347 876 in
3392 824 3565 877 sinum

1984 935 2162 973 eorum
2186 927 2396 985 peccata
2423 935 2540 981 sua,
2563 927 2610 970 et
2635 925 2847 983 patrum
2873 932 3107 978 suorum,
3133 915 3258 967 dicit
3289 913 3562 969 Dominus.

1987 1010 2090 1075 Qui
2120 1008 2396 1063 ndo!ebaut
2426 1009 2692 1061 incensum
2721 1024 2874 1070 super
2900 1019 3119 1071 montes,
3145 1017 3191 1059 et
3226 1021 3383 1075 super
3410 1006 3565 1059 colles

1983 1102 2187 1170 probris
2220 1102 2501 1171 aﬂ'ecerunt
2530 1117 2629 1154 me.
2653 1098 2890 1153 Reddam
2922 1115 3076 1165 opera
3102 1114 3280 1151 eorum
3311 1098 3363 1150 in
3388 1098 3563 1151 sinum

1980 1207 2041 1243 ειι
2050 1210 2077 1241 ll
2086 1208 2154 1245 m.

2052 1282 2286 1335 Perinde
2318 1291 2400 1336 est
2429 1297 2492 1335 ac
2524 1282 2565 1335 si
2605 1281 2752 1335 dicat
2789 1298 2802 1335 :
2839 1280 2967 1345 Qum
3005 1295 3125 1333 cum
3172 1277 3470 1333 olIensione
3509 1287 3563 1332 et

1982 1374 2165 1429 dolore
2197 1391 2316 1430 meo
2347 1390 2376 1429 a
2403 1376 2648 1445 patribus
2678 1388 2862 1430 eorum
2892 1384 2943 1428 et
2973 1374 3040 1429 ab
3070 1373 3199 1443 ipsis
3227 1372 3390 1441 impie
3418 1371 3558 1424 facta

1981 1475 2126 1531 sunt,
2156 1469 2546 1537 propemodum
2583 1468 2634 1520 in
2670 1467 2847 1521 tabula
2881 1468 3089 1534 depicta
3119 1465 3476 1535 contemplor,
3504 1474 3559 1520 et

1977 1561 2344 1614 obversantur
2380 1562 2515 1615 meis
2548 1560 2740 1615 oculis.
2770 1559 3047 1625 Quomodo
3082 1558 3195 1612 haec
3230 1567 3340 1612 tam
3375 1558 3557 1625 gravia

1977 1661 2033 1707 et
2061 1653 2471 1708 inconsolabilia
2507 1653 2642 1707 mala
2673 1654 2780 1721 pati
2815 1653 3033 1722 potero?
3066 1652 3306 1707 Reddam
3337 1654 3559 1707 omnino

1979 1742 2031 1796 in
2088 1743 2266 1798 sinum
2320 1759 2543 1809 eorum,
2596 1745 2855 1799 memoria
2909 1745 3073 1799 etiam
3131 1754 3326 1799 tenens
3377 1755 3557 1815 patres

1976 1850 2193 1900 eorum,
2229 1838 2319 1907 qui
2363 1837 2663 1892 summenla
2706 1836 2952 1891 fecerunt
2998 1836 3049 1890 in
3097 1838 3369 1891 montibus
3408 1846 3463 1891 et
3502 1836 3555 1890 in

1976 1928 2232 1993 collibus,
2278 1931 2477 1998 quibus
2528 1929 2741 1998 probris
2788 1926 3084 1983 atl‘ecerunt
3132 1944 3235 1983 me.
3279 1928 3553 1995 Observa,

1979 2022 2118 2091 quod
2152 2037 2273 2075 cum
2306 2022 2504 2077 dixerit
2536 2021 2656 2075 illos
2680 2018 2887 2075 sumtus
2914 2019 3128 2075 adolere
3161 2020 3212 2073 in
3246 2020 3439 2083 borlis,
3468 2022 3557 2076 hic

3041 2114 3224 2168 hortos
3240 2152 3256 2177 ,
3292 2108 3551 2176 arbitror,

1976 2223 2209 2272 vocans,
2242 2208 2405 2265 silvas
2449 2210 2501 2262 in
2550 2209 2856 2272 montibus,
2890 2206 3341 2277 quemadmodum
3387 2220 3550 2274 supra

1973 2300 2230 2356 diximus.
2265 2300 2648 2356 Sacriﬁcautes
2692 2309 2870 2355 autem
2918 2298 3141 2367 impuris
3184 2295 3543 2359 dmmonibus,

1972 2393 2166 2447 deinde
2204 2393 2432 2463 gloriam
2470 2392 2580 2446 Deo
2613 2392 2846 2447 debitam
2883 2390 3086 2445 minimi
3124 2387 3404 2452 facientes,
3433 2396 3552 2440 tau-

1973 2494 2081 2538 tum
2113 2500 2216 2539 non
2250 2488 2461 2556 probris
2489 2501 2639 2550 eum,
2662 2485 2883 2555 perinde
2913 2499 2975 2538 ac
3005 2483 3049 2537 si
3081 2483 3221 2537 Deus
3247 2495 3352 2535 non
3380 2488 3548 2542 esset.

1970 2574 2284 2632 aﬂecerunt.
2321 2578 2470 2633 Velle
2506 2578 2648 2633 enim
2692 2578 2743 2630 in
2791 2587 2958 2631 totum
3004 2589 3111 2630 non
3160 2574 3261 2628 diis
3307 2571 3551 2626 adhaere-

1966 2679 2149 2730 scere,
2188 2666 2321 2720 nibil
2362 2667 2504 2721 aliud
2545 2677 2658 2733 est,
2693 2681 2853 2735 quam
2886 2665 3120 2718 divinam
3151 2673 3206 2717 ct
3242 2675 3545 2731 supremam

1964 2755 2302 2824 maiestatem
2330 2772 2709 2827 conspurcare.
2737 2776 2755 2808 ι
2792 2754 3030 2810 Reddam
3063 2773 3082 2807 ι
3138 2754 3322 2820 igitur.
3351 2752 3544 2817 inquit,

1967 2867 2001 2899 ς.
2035 2863 2194 2917 opera
2238 2864 2424 2903 eorum
2468 2850 2520 2902 in
2567 2849 2744 2903 sinum
2792 2863 2971 2903 suum.
3011 2865 3030 2899 ι
3074 2843 3239 2916 895
3277 2842 3357 2897 Ab
3398 2841 3545 2895 omni

1958 2940 2100 2993 enim
2126 2940 2262 2994 bono
2279 2942 2613 3003 deciderunt,
2646 2940 2923 3010 illapsique
2954 2939 3005 2992 in
3025 2952 3217 3008 graves
3236 2944 3291 2990 et
3320 2933 3548 2989 inevita-

1959 3030 2094 3086 biles
2122 3031 2477 3098 calamitates,
2511 3035 2636 3088 mali
2667 3034 2803 3087 male
2835 3033 3133 3103 perierunt.

2031 3213 2188 3269 Vens.
2216 3214 2269 3279 8,
2303 3215 2355 3272 9.
2396 3214 2484 3269 Sic
2524 3216 2651 3267 dicit
2702 3212 2996 3267 Dominus:
3038 3210 3152 3276 Quo
3187 3209 3339 3262 modo
3404 3208 3545 3260 inve-

1954 3306 2127 3359 nietur
2148 3309 2357 3359 acinum
2382 3308 2433 3359 in
2454 3308 2681 3367 botro,et
2696 3307 2863 3360 dicent
2890 3321 2903 3336 ο
2932 3303 3015 3358 Ne
3031 3306 3217 3372 perdas
3243 3304 3397 3369 illud,
3417 3306 3541 3373 quia

1954 3399 2241 3452 benedictio
2258 3411 2331 3452 est
2367 3402 2419 3451 in
2447 3416 2504 3452 eo
2529 3415 2547 3452 :
2577 3400 2650 3451 sic
2672 3399 2864 3467 faciam
2898 3407 3105 3463 prapter
3125 3414 3239 3450 eum
3263 3398 3353 3465 qui
3384 3400 3539 3451 serrit

268 3489 374 3542 τοῦ
403 3489 800 3557 δουλεύοντός
824 3508 939 3557 μοι.
977 3492 1196 3545 Τούτου
1224 3491 1401 3545 ἕνεκα
1422 3495 1492 3546 οὐ
1517 3494 1603 3562 μὴ
1633 3496 1846 3549 ἀπολέ-

1963 3491 2106 3554 mihi,
2131 3491 2282 3556 cujus
2332 3507 2494 3543 causa
2526 3507 2625 3543 non
2649 3491 2861 3559 perdam
2899 3507 3094 3543 omnes.
3141 3490 3207 3543 Et
3248 3492 3428 3544 tollam
3474 3507 3540 3545 ea:

268 3596 357 3634 σω
392 3582 645 3648 πάντας.
672 3583 781 3637 Καὶ
814 3582 1006 3651 ἐξαρῶ
1034 3585 1099 3637 τό
1133 3585 1201 3648 ἐξ
1241 3584 1449 3639 Ἰακὼϐ
1468 3587 1723 3655 σπέρμα,
1753 3590 1851 3641 καὶ

266 3676 333 3726 τὸ
365 3674 434 3738 ἐξ
471 3675 683 3739 Ἰούδα,
715 3676 810 3728 καὶ
848 3677 1289 3745 κληρονομήσει
1322 3678 1386 3730 τὸ
1411 3678 1547 3745 ὅρος
1578 3679 1641 3730 τὸ
1680 3679 1853 3748 ἅγιόν

262 3779 402 3830 μου,
442 3764 541 3816 καί
571 3763 1141 3833 κληρονομήσουσιν
1197 3769 1251 3818 ol
1295 3766 1605 3831 ἐκλεκτοὶ,
1647 3767 1747 3821 καί
1797 3771 1851 3822 οἱ

266 3852 477 3907 δοῦλοί
504 3872 645 3924 μου,
677 3855 775 3909 καὶ
798 3856 1276 3920 κατοικήσουσιν
1309 3856 1449 3911 ἐκεῖ.

350 3944 649 4016 Ἐπηνέχθη
683 3946 781 4015 μὲν
824 3946 1097 4009 Ἰουδαίοις
1140 3948 1207 3999 τὰ
1239 3950 1302 4001 ἐκ
1332 3948 1482 4013 θείας
1519 3948 1689 4020 ὀργῆς
1710 3992 1724 4016 ,
1756 3951 1849 4003 καὶ

268 4036 624 4107 ίσοστάθμους
652 4040 764 4100 τοῖς
798 4037 1003 4091 ἑαυτῶν
1032 4039 1324 4111 πλημμελή
1336 4058 1497 4111 μασιν
1540 4043 1848 4096 ὲκτετίκασι

263 4128 438 4192 δίκας,
468 4130 605 4200 πλὴν
634 4131 734 4183 οὐκ
768 4131 935 4201 ἄρδην
966 4132 1202 4196 ἅπαντες
1237 4175 1251 4198 ,
1290 4134 1383 4186 καὶ
1415 4134 1742 4203 ἀδιακρίτως
1770 4135 1850 4187 δι-

262 4218 512 4273 ολώλασι.
533 4220 748 4285 Δίκαιος
766 4222 870 4293 γὰρ
888 4225 914 4274 ὁ
935 4222 1145 4293 κριτὴς,
1170 4225 1261 4276 καὶ
1294 4226 1392 4276 οὑκ
1419 4226 1484 4277 ἂν
1502 4228 1610 4288 τοῖς
1626 4227 1848 4280 ἀσεϐέσι

263 4312 624 4365 συναπολέσαι
652 4314 780 4376 τοὺς
818 4314 1056 4383 ἀγαθούς
1078 4331 1089 4342 ·
1110 4315 1291 4367 εἰκόνα
1316 4315 1372 4368 δὲ
1401 4314 1589 4387 ὥσπερ
1616 4320 1846 4370 ποιεῖται

260 4404 540 4475 λαμπρὰν,
560 4407 653 4459 καὶ
676 4409 732 4459 ὲν
759 4407 912 4472 τάξει
942 4407 1381 4479 παραδείγματος
1398 4408 1611 4479 δέχεται
1629 4408 1843 4479 βότρυν,

264 4499 391 4567 μιᾶς
422 4500 478 4549 ὲν
512 4497 659 4568 αὐτῷ
700 4498 1013 4570 σωζομένης
1056 4500 1219 4571 ραγὸς
1245 4541 1258 4563 ,
1301 4499 1477 4553 καίτοι
1527 4500 1635 4553 τῶν
1668 4501 1845 4555 ἄλλων

260 4588 745 4660 τεθαυμασμένων·
774 4586 892 4644 εἶτα
917 4593 1008 4644 τὸν
1024 4592 1279 4662 γηπόνον,
1304 4593 1469 4663 ήγουν
1498 4592 1589 4645 τὸν
1617 4593 1709 4645 τοῦ
1740 4610 1847 4663 χωο

261 4681 378 4751 ρίου
405 4682 669 4751 δεσπότην
698 4685 1002 4753 εἰσκομίζει
1032 4684 1258 4752 λέγοντά
1288 4701 1421 4736 τινι’
1462 4703 1480 4735 ι
1513 4685 1603 4755 Μὴ
1631 4685 1846 4758 λυμήνῃ

258 4774 441 4841 αὑτὸν,
475 4776 557 4828 ὅτι
610 4775 827 4844 εὐλογία
874 4777 1022 4829 ἐστὶν
1057 4779 1113 4829 ὲν
1142 4776 1290 4847 αὐτῷ
1312 4794 1324 4805 '
1357 4776 1498 4830 οὕτω
1537 4779 1765 4848 ποιήσω,
1813 4797 1832 4829 ι

258 4867 442 4936 φησιν,
497 4889 510 4915 ι
549 4866 734 4919 ἕνεκεν
772 4868 865 4920 τοῦ
917 4867 1258 4933 δουλεύοντος
1315 4886 1428 4939 μοι,
1488 4887 1506 4921 ι
1538 4869 1832 4931 τουτέστιν,

256 4958 511 5029 ἀκριϐείᾳ
525 4959 759 5031 τοσαύτῃ
782 4961 1145 5031 κεχρήσομαι,
1172 4961 1313 5013 ῶστε
1344 4962 1448 5015 κᾶν
1477 4963 1534 5014 ὲν
1556 4962 1706 5014 πόλει
1735 4963 1837 5032 μιᾷ

255 5050 361 5103 τῶν
387 5051 561 5105 ἄλλων
578 5052 830 5106 ἁπάντων
861 5054 1273 5106 ἀπονευσάντων
1291 5056 1369 5116 εἰς
1386 5054 1446 5107 τὸ
1471 5053 1733 5125 ἐξίτηλον,
1754 5049 1833 5119 εἷς

254 5146 346 5196 καὶ
380 5146 537 5215 μόνος
564 5146 882 5217 εὑρίσκηται
914 5147 1122 5212 πιστὲς,
1156 5148 1248 5199 καὶ
1275 5148 1507 5217 εὐήνιος,
1537 5144 1691 5212 οὗτος
1711 5148 1834 5201 τεύ-

254 5236 403 5300 ξεται
440 5235 674 5305 φειδοῦς,
712 5237 805 5289 καὶ
836 5236 936 5289 οὐκ
964 5233 1031 5287 ἂν
1067 5238 1180 5299 τοῖς
1213 5237 1418 5306 ἑτέροις
1454 5239 1832 5306 συγκινδυνεύ-

255 5346 363 5381 σειε
393 5331 513 5383 καθ’
543 5323 616 5383 ῶν
646 5329 710 5383 ἂν
765 5328 832 5383 ἴοι
860 5330 920 5383 τὸ
950 5330 1122 5401 κρίμα
1173 5330 1411 5393 δικαίως.
1454 5352 1469 5382 ι
1514 5332 1585 5384 Οὐ
1616 5334 1723 5401 γὰρ
1752 5334 1826 5403 μὴ

252 5418 498 5471 ἀπολέσω
528 5420 755 5482 πάντας,
795 5438 811 5471 ι
852 5420 1004 5489 φησί.
1063 5420 1336 5491 Κατέθορε
1382 5421 1490 5493 γὰρ
1514 5422 1703 5493 ὥσπερ
1729 5426 1828 5493 τῆς

264 5508 529 5562 Ἰουδαίων
558 5511 876 5575 ἀλαζονείας
904 5513 932 5562 ὁ
960 5511 1055 5563 τοῦ
1086 5511 1291 5581 Κυρίου
1320 5511 1513 5582 θυμὸς,
1546 5515 1827 5585 μονονουχὶ

250 5599 606 5668 καταφλέγων
639 5601 730 5654 τὸν
771 5601 969 5673 ἀπειθῆ
1012 5602 1104 5654 καὶ
1133 5602 1467 5670 δυσάγωγον·
1509 5603 1742 5669 ἐσώζετο
1768 5606 1826 5659 δὲ

248 5691 472 5762 προνοίᾳ
492 5692 648 5759 Θεοῦ,
681 5696 788 5758 πᾶς
816 5695 970 5758 εἴτις
1002 5690 1070 5764 ἦν
1106 5696 1165 5747 ὲν
1201 5696 1383 5759 αὐτοῖς
1424 5697 1522 5767 τῆς
1568 5698 1656 5751 διὰ
1692 5700 1827 5769 Χρι-

248 5779 377 5835 ςτοῦ
419 5798 671 5855 σωτηρας
700 5784 850 5849 ἄξιος
874 5801 888 5817 ο
930 5785 1020 5839 καὶ
1066 5785 1198 5852 γοῦν
1229 5787 1255 5838 ὁ
1285 5784 1568 5851 θεσπέσιος
1616 5787 1826 5853 Παῦλος

1955 3582 2119 3635 Jucob
2150 3600 2343 3645 semen,
2373 3596 2419 3636 et
2444 3600 2507 3635 ex.
2537 3582 2700 3645 Iuda,
2734 3593 2780 3636 et
2817 3584 3144 3639 htcreditabit
3180 3594 3405 3636 montem
3421 3601 3539 3637 san-

1955 3684 2093 3726 ctum
2130 3690 2323 3731 meum.
2368 3674 2433 3728 Et
2465 3675 2846 3728 Ittvreditnbunt
2885 3675 3034 3728 electi
3067 3683 3117 3728 et
3152 3674 3287 3728 serti
3312 3676 3433 3735 mei.
3486 3687 3536 3728 et

1954 3764 2266 3820 habitabant
2295 3767 2388 3819 ibi.

2023 3941 2210 3995 Divina
2242 3942 2317 3995 ira
2338 3940 2536 3996 Iudicis
2554 3942 2749 3997 inﬂicta
2770 3952 2875 4009 est,
2906 3944 3166 4014 etdignas
3192 3960 3287 4015 pro
3319 3945 3531 4001 ratione

1950 4032 2269 4087 delictorum
2301 4049 2492 4102 pinnas
2519 4034 2805 4089 dederunt.
2869 4036 3069 4091 Verum
3134 4053 3238 4090 non
3286 4036 3530 4093 funditus

1949 4139 2140 4179 omnes
2165 4134 2221 4179 et
2256 4126 2373 4180 sine
2422 4127 2735 4182 discrimine
2790 4130 3087 4199 perierunt.
3146 4128 3332 4184 Justus
3380 4131 3525 4184 enim

1942 4215 2107 4283 judex
2138 4227 2241 4284 est,
2276 4234 2375 4274 nec
2403 4233 2525 4274 cum
2560 4219 2740 4291 impiis
2770 4221 2930 4276 simul
2966 4222 3357 4290 perdetbonos.
3401 4222 3526 4277 Illu-

1948 4319 2115 4363 strem
2161 4321 2337 4365 autem
2404 4312 2623 4367 adhibet
2649 4314 2802 4384 quasi
2846 4314 3156 4384 imaginem,
3184 4323 3239 4368 et
3291 4315 3523 4384 exempli

1949 4399 2066 4453 loco
2096 4402 2258 4455 sumit
2318 4403 2555 4469 botrum,
2596 4419 2701 4456 uno
2758 4404 2915 4458 acino
2971 4414 3209 4467 servato,
3264 4405 3346 4458 vel
3401 4404 3524 4459 aliis

1947 4492 2444 4548 admirabilioribus
2488 4504 2542 4548 et
2591 4494 2995 4564 insigniorilius.
3054 4495 3259 4549 Deinde
3308 4496 3522 4565 agrico-

1949 4582 2074 4649 lam,
2107 4584 2188 4636 vel
2212 4584 2485 4638 dominum
2517 4584 2699 4654 praedii
2734 4584 2938 4637 inducit
2964 4584 3229 4637 dicentem
3256 4585 3469 4639 cuidam
3500 4602 3516 4640 :

1951 4694 1971 4727 ‹
2013 4674 2091 4731 Ne
2132 4678 2324 4745 perdas
2362 4691 2506 4740 eum,
2557 4676 2683 4746 quia
2724 4676 3024 4730 benedictio
3053 4684 3137 4730 est
3173 4675 3223 4729 in
3256 4689 3321 4730 eo
3356 4694 3370 4731 :
3440 4677 3520 4732 sic

1946 4767 2160 4835 faciam,
2204 4787 2223 4820 ι
2263 4770 2454 4837 inquit,
2492 4787 2513 4820 ‹
2551 4779 2771 4839 propter
2819 4782 2943 4821 eum
2974 4768 3066 4836 qui
3112 4768 3279 4822 servit
3306 4768 3461 4834 mihi,
3493 4788 3513 4820 ι

1946 4861 1997 4915 id
2030 4870 2135 4923 est,
2175 4860 2310 4915 adeo
2338 4860 2564 4929 praecise
2588 4875 2765 4930 agam,
2804 4869 2861 4914 ut
2884 4860 3095 4913 etiamsi
3130 4860 3182 4913 in
3230 4876 3333 4914 una
3385 4860 3517 4914 civi-

1946 4963 2052 5008 tate
2077 4954 2167 5006 alii
2201 4968 2389 5007 omues
2419 4953 2486 5007 ad
2567 4952 2832 5020 ignaviam
2894 4951 3182 5018 declinent,
3238 4952 3284 5007 si
3335 4962 3513 5007 tamen

1943 5060 2085 5099 unus
2110 5044 2255 5100 solus
2294 5046 2603 5099 inveniatur
2633 5044 2805 5099 ﬁdelis
2840 5054 2895 5099 et
2924 5058 3125 5114 sequax
3151 5084 3167 5110 ,
3233 5044 3322 5099 bic
3376 5060 3515 5100 con-

1940 5150 2196 5206 sequetur
2246 5138 2707 5203 misericordiam,
2752 5147 2808 5192 et
2848 5153 2972 5193 cum
3020 5137 3141 5191 aliis
3193 5138 3246 5191 in
3303 5138 3513 5206 pericu-

1939 5231 2048 5284 lum
2098 5245 2204 5285 non
2239 5232 2542 5294 vocabltur,
2594 5229 2790 5299 quibus
2841 5228 2988 5296 juste
3020 5228 3317 5282 intentatur
3367 5226 3513 5293 judi-

1937 5323 2103 5376 cium.
2155 5341 2173 5373 ι
2203 5321 2316 5375 Νοη
2347 5322 2490 5376 enim
2523 5322 2742 5391 perdam
2772 5337 2982 5386 omnes,
3018 5339 3037 5371 ι
3089 5320 3281 5388 inquit.
3316 5318 3511 5373 lnsiliit

1934 5416 2076 5469 enim
2115 5415 2275 5469 veluti
2310 5424 2500 5470 contra
2539 5414 2845 5468 Judzeorutn
2870 5413 3236 5485 arrogantiam
3289 5410 3508 5467 Domini

1934 5508 2103 5572 furor,
2142 5516 2349 5563 tantum
2402 5524 2505 5561 nou
2532 5510 2856 5562 comburens
2890 5507 3282 5561 inobedientem
3313 5515 3370 5561 et
3420 5522 3507 5560 re—

1933 5602 2271 5656 fractarium.
2301 5601 2370 5655 At
2399 5600 2735 5671 providentia
2773 5599 2869 5655 Dei
2911 5611 3158 5655 servatus
3208 5607 3312 5666 est,
3350 5599 3504 5668 quis-

1933 5695 2055 5763 quis
2086 5695 2226 5751 inter
2254 5696 2374 5749 illos
2403 5704 2519 5751 erat
2566 5694 2741 5748 salute
2801 5709 2898 5764 per
2953 5693 3229 5749 Christum
3282 5690 3502 5761 dignus.

1931 5786 2195 5845 Nimirum
2226 5789 2440 5848 divinus
2478 5788 2674 5846 Paulus
2714 5797 2989 5860 capturam
3040 5784 3338 5845 secundum
3392 5782 3523 5849 eley
