4022 6400
495 345 621 400 Hii
1507 335 1565 391 S.
1609 330 1885 390 CYRILLI
1928 322 2401 383 ALEXANDRINI
2441 322 2765 377 ARCIIIEP.
3620 316 3792 373 1412

482 464 718 517 ctionem
785 459 974 532 gratiae
1058 460 1252 513 faetam
1318 454 1487 509 fuisse
1515 452 1664 515 dicit,
1721 460 1776 505 et
1851 447 2059 502 delectu

2181 443 2357 510 ιημμα
2414 440 2533 491 κατ’
2597 437 2828 504 ἐκλογὴν
2878 434 3097 504 χάριτος
3150 432 3402 501 γενέσθαι
3457 434 3609 503 φησὶ
3683 432 3796 482 καὶ

481 555 628 609 velut
656 568 722 607 ex
760 554 908 607 omni
980 550 1287 605 Judaeorum
1314 548 1533 616 regione
1562 543 1773 605 habito,
1802 539 2057 607 reliquias

2181 531 2518 601 ιπολογάδην,
2550 529 2737 598 ὥσπερ
2770 527 2829 591 ἐξ
2855 526 3072 596 ἀπάσης
3116 527 3212 595 τῆς
3257 524 3529 577 Ἰουδαίων
3568 522 3795 593 χώρας

482 645 695 700 lsraelis
735 645 799 698 ad
840 644 997 697 (idem
1022 640 1260 695 irretitas
1289 650 1343 693 et
1372 639 1691 707 illaqueatas
1714 634 1779 687 ⁸³.
1844 651 1861 683 ‹
1889 632 2005 684 Non
2032 648 2049 681 ι

2181 622 2563 693 παγηνευθῆναι
2616 620 2754 691 πρὸς
2792 618 2977 670 πίστιν
3010 616 3072 668 τὸ
3110 616 3457 685 κατάλειμμα
3512 614 3619 667 τοῦ
3678 614 3792 665 Ἰο-

480 751 630 806 ergo,
664 735 855 803 inquit,
886 752 904 784 ε
940 734 1157 803 perdam
1199 745 1412 795 omnes,
1446 730 1539 784 sed
1572 728 1751 781 tollam
1786 740 1850 779 ex
1891 723 2056 778 Jacob

2181 718 2318 786 ιαήλ.
2372 736 2391 766 ι
2434 712 2643 767 Οὐκοῦν
2694 713 2753 765 οὐ
2795 711 2868 781 μὴ
2905 709 3157 763 ἀπολέσω
3219 710 3446 770 πάντας,
3495 728 3514 759 ι
3565 708 3791 776 φησὶν,

480 843 663 882 semen
700 835 754 881 et
782 840 848 879 ex
876 825 1033 879 Juda.
1070 843 1087 877 ι
1121 844 1138 876 ‹
1170 824 1396 887 Tollam,
1426 841 1444 873 ι
1486 822 1571 875 hic
1606 819 1891 888 intelliges,
1927 831 2055 878 non,

2181 853 2182 857 η
2215 808 2327 860 ἀλλ’
2358 806 2535 875 ἑξαρῶ
2567 806 2627 857 τὸ
2656 804 2714 884 ἐξ
2751 802 2944 857 Ἰακὼὸ
2971 801 3211 872 σπέρμα,
3235 801 3327 853 καὶ
3347 801 3407 852 τὸ
3430 800 3493 863 ἐξ
3522 798 3789 851 Ἰούδα.»

480 919 744 982 Perdant;
806 918 901 973 sed
946 916 1217 971 excelsum
1252 924 1307 970 et
1360 914 1757 981 suscipiendum
1813 910 2055 965 reddam.

2181 900 2232 951 re.
2263 899 2320 951 δὲ
2350 916 2369 950 t
2424 896 2625 968 ὲξαρῶ,
2666 916 2683 946 ο
2734 896 2988 964 συνήσεις
3022 892 3277 955 ἐνταῦθα,
3301 892 3361 943 οὐ
3388 892 3446 943 τὸ
3502 890 3795 943 ἀπολέσω

480 1012 694 1065 Tollere
777 1025 1011 1078 namque
1065 1009 1336 1063 interdum
1378 1006 1506 1069 est,
1580 1006 1831 1059 evehere.
1902 1000 2058 1053 Tales

2181 992 2383 1055 ιᾶλλον,
2414 988 2615 1057 ὑψηλὸν
2649 988 2703 1040 δὲ
2741 987 2836 1040 καὶ
2863 984 3200 1038 ἀποϐλεπτον
3220 982 3486 1051 ἀποφανῶ
3511 999 3525 1012 ο
3561 980 3638 1033 τὸ
3668 982 3791 1049 γὰρ

482 1104 831 1163 exstiterunt,
864 1074 1038 1171 quoad
1073 1102 1321 1170 gloriam,
1351 1095 1775 1167 inquam,diviui
1807 1092 2057 1161 discipuli

2181 1084 2395 1153 ιξαίρειν
2418 1081 2527 1133 ἐσθ’
2552 1082 2639 1133 ὅτε
2670 1079 2730 1131 τὸ
2760 1077 2925 1147 ὑψοῦν
2960 1079 3095 1131 ἐστι.
3128 1077 3385 1143 Γεγόνασι
3405 1075 3461 1128 δὲ
3488 1074 3787 1137 τοιοῦτοι,

480 1197 735 1251 sublimes
767 1205 821 1248 et
850 1196 1172 1264 spectabiles
1227 1194 1477 1247 omnibus
1525 1192 1771 1255 ubilibet,
1838 1199 1893 1241 et
1942 1199 2060 1241 tan-

2181 1175 2300 1228 ιατά
2339 1191 2401 1241 γε
2434 1174 2576 1241 φημὶ
2593 1172 2689 1240 τὴν
2719 1170 2899 1235 δόξαν,
2928 1170 2975 1221 οἱ
3002 1168 3275 1221 θεσπέσιοι
3297 1167 3540 1237 μαθηταὶ
3564 1168 3792 1236 ὑψηλοὶ

2233 1270 2241 1273 -
2401 1266 2411 1273 .
2664 1265 2683 1273 -
2750 1264 2760 1273 .
3023 1260 3047 1269 ..
3178 1260 3187 1273 .
3262 1254 3287 1273 ν
3415 1260 3445 1273 ..
3561 1262 3571 1270 .
3659 1261 3685 1273 -

480 1305 641 1359 quam
684 1290 872 1343 civitas
920 1289 972 1343 in
1012 1297 1195 1341 monte
1229 1287 1353 1350 sita,
1387 1294 1441 1339 et
1489 1284 1705 1338 lucerna
1739 1297 1901 1351 super
1933 1296 2061 1333 can-

2181 1270 2255 1321 ta‘t
2287 1266 2569 1335 περίοπτοι
2601 1265 2713 1326 τοῖς
2739 1260 3072 1331 ἁπανταχοῦ,
3107 1260 3200 1313 καὶ
3231 1260 3319 1312 οἷα
3360 1260 3521 1321 πόλις
3556 1262 3624 1311 ἐν
3655 1261 3787 1328 ὄρει

481 1352 700 1434 delabro
730 1381 923 1449 posita,
963 1394 1027 1433 ac
1077 1379 1265 1432 lucens
1325 1376 1575 1431 omnibus
1634 1378 1723 1443 qui
1775 1377 1824 1426 in
1900 1375 2060 1426 domo

2181 1358 2413 1427 ιειμένη,
2439 1357 2531 1409 καὶ
2552 1355 2742 1425 λύχνος
2763 1355 2854 1406 ἐπὶ
2873 1353 3093 1423 λυχνίαν
3134 1352 3401 1421 κείμενος,
3421 1352 3522 1403 καὶ
3548 1354 3786 1420 φαίνων

482 1483 607 1528 sunt
639 1474 707 1537 ",
744 1475 1039 1526 secundum
1087 1473 1257 1541 ipsius
1299 1485 1487 1524 vocem
1557 1468 1881 1522 Servatoris.
1950 1465 2060 1518 lloc

2181 1451 2311 1501 πᾶσι
2338 1449 2444 1507 τοῖς
2482 1448 2539 1497 ἐν
2566 1448 2630 1515 τῇ
2658 1444 2804 1514 οἰκίᾳ
2844 1443 2985 1496 κατὰ
3018 1444 3117 1512 τὴν
3161 1442 3324 1495 αὑτοῦ
3354 1442 3446 1493 τοῦ
3501 1442 3784 1512 Σωτῆρος

2295 1540 2305 1551 ι
2400 1538 2440 1551 rh
2480 1537 2500 1545 δ
2615 1535 2657 1551 με
2755 1530 2778 1551 τ’
2899 1536 2912 1551 \
2971 1533 3024 1551 ΞΡ
3090 1535 3123 1551 ’1
3215 1531 3281 1551 ‘P
3354 1534 3432 1551 κγ’
3478 1533 3535 1551 1P
3587 1533 3765 1551 ‘l,'_‘,

483 1567 645 1635 igitur
683 1576 767 1619 est
797 1580 979 1618 semen
1008 1580 1070 1619 ex
1107 1564 1271 1617 Jacob
1320 1572 1374 1616 et
1427 1560 1581 1615 Juda.
1614 1559 1782 1630 896
1822 1578 1839 1609 ‹
1882 1558 2061 1611 Possi-

2181 1540 2366 1608 ρωνήν.
2400 1537 2570 1589 Τοῦτο
2610 1535 2675 1605 δὴ
2721 1531 2813 1587 οὖν
2863 1536 2923 1586 τὸ
2968 1533 3026 1597 ἐξ
3090 1531 3313 1595 Ἰακὼϐ,
3352 1534 3443 1585 καί
3475 1533 3537 1597 ἐξ
3587 1533 3785 1584 Ἰούδα

484 1654 650 1716 debit,
687 1653 879 1722 inquit,
943 1662 1178 1707 montem
1237 1660 1481 1705 sanctum
1553 1665 1793 1713 meum,»
1872 1662 2061 1715 nempe

2181 1630 2413 1698 ςπέρμα’
2455 1648 2472 1678 ι
2516 1627 2951 1697 Κληρονομήσει,
2985 1646 3002 1677 ι
3044 1626 3197 1694 φησι,
3231 1642 3248 1674 t
3282 1624 3341 1676 τὸ
3362 1624 3489 1694 ὅρος
3524 1624 3587 1676 τὸ
3607 1625 3784 1691 ἅγιόν

483 1746 802 1800 Ecclesiam.
853 1744 944 1799 Sic
996 1746 1138 1799 enim
1166 1758 1285 1796 eam
1322 1743 1572 1812 designat
1605 1741 1731 1795 alibi
1802 1740 1913 1807 ipse
1966 1755 2058 1792 sa-

2181 1739 2270 1773 ιου
2298 1738 2310 1748 ’
2356 1741 2373 1770 ι
2405 1720 2562 1791 δῆλον
2601 1720 2657 1771 δὲ
2686 1720 2767 1772 ὅτι
2808 1719 2907 1787 τὴν
2954 1716 3298 1787 Ἐκκλησίαν.
3334 1715 3494 1769 Οῦτω
3519 1717 3639 1786 γὰρ
3675 1718 3784 1767 αύ-

484 1838 849 1905 pientissimus
881 1837 1043 1890 Isaias
1068 1878 1081 1901 ,
1115 1836 1341 1903 loquens
1379 1834 1445 1887 de
1497 1833 1699 1887 vocatis
1753 1847 1846 1900 per
1909 1831 2065 1883 tidem

2181 1814 2267 1885 τὴν
2315 1814 2406 1866 καὶ
2438 1811 2663 1883 ἑτέρωθί
2727 1828 2828 1863 που
2880 1810 3275 1879 κατασημαίνει
3323 1809 3500 1878 λέγων
3541 1812 3719 1871 αὐτὸς
3752 1812 3781 1863 ὁ

486 1930 538 1982 in
584 1928 799 1983 Christo
831 1930 894 1981 ad
930 1929 1122 1983 divinae
1178 1928 1531 1997 θ]115113111ῐὲἓ
1595 1926 2059 1996 participationem

484 2020 598 2074 sive
653 2021 1129 2075 communionem:
1184 2038 1203 2070 ι
1241 2018 1378 2085 Quia
1438 2018 1625 2071 bibent
1692 2017 1953 2080 laetitiam,
2008 2024 2063 2068 ct

486 2112 675 2165 bibent
718 2114 922 2173 vinum,
979 2120 1178 2181 ungent
1230 2118 1497 2179 unguento
1531 2109 1583 2161 in
1635 2116 1815 2162 monte
1876 2107 1997 2161 isto.
2038 2125 2055 2157 ι

484 2204 661 2260 Trade
686 2206 801 2260 haec
832 2206 1010 2259 omnia
1038 2206 1304 2275 gentibus.
1343 2204 1631 2257 Decretum
1657 2203 1799 2256 enim
1846 2202 1948 2255 hoc
1995 2201 2060 2254 ad

485 2311 675 2349 onmes
700 2305 887 2366 gentes
910 2296 1163 2365 pertinet.
1203 2293 1258 2347 In
1291 2304 1475 2347 monte
1508 2291 1669 2361 igitur
1706 2292 1828 2352 isto,
1864 2290 2058 2357 inquit,

489 2385 774 2439 litereditas
800 2386 904 2438 erit
938 2386 1072 2438 meis
1106 2384 1311 2448 electis,
1344 2393 1399 2436 et
1480 2384 1618 2435 ittter
1680 2383 1796 2434 illos
1854 2380 2062 2433 habita-

487 2478 622 2531 bunt
650 2492 860 2541 omnes,
889 2478 1197 2546 quicunque
1231 2475 1378 2544 regni
1431 2475 1536 2528 mei
1580 2476 1769 2543 jngum
1806 2474 2059 2525 subeunt.

489 2565 632 2619 Nihil
664 2568 879 2620 absurdi
914 2568 1037 2630 erit,
1083 2568 1127 2620 si
1164 2566 1313 2619 dicas
1398 2579 1705 2632 supremam
1786 2564 2061 2616 civitatem

489 2656 761 2711 cmlestem
821 2654 1139 2719 Jerusalem,
1204 2664 1441 2709 montem
1528 2653 1795 2707 nominari
1850 2654 1901 2705 in
1957 2666 2064 2719 quo

488 2756 798 2802 sanctorum
839 2761 959 2801 sors
1000 2756 1081 2801 est
1104 2747 1150 2777 ⁵⁸
1173 2787 1187 2811 ,
1222 2748 1327 2799 Deo
1357 2745 1458 2800 illis
1479 2745 1831 2799 distribuente
1902 2747 2061 2805 bona,

489 2855 608 2907 quae
643 2855 741 2893 nec
770 2854 942 2903 mens,
968 2854 1067 2892 nec
1104 2839 1278 2892 oratio
1309 2848 1489 2908 potest
1522 2853 1734 2907 capere.
1767 2857 1783 2889 ι
1813 2837 2010 2892 Oculus
2040 2855 2057 2885 ι

489 2924 653 2995 enim,
691 2933 882 3000 inquit,
920 2951 937 2982 ι
984 2947 1085 2985 non
1118 2932 1271 2998 vidit,
1342 2942 1395 2987 et
1453 2934 1604 2987 auris
1667 2949 1770 2985 non
1836 2933 2060 2996 audivit,

2171 1911 2443 1975 πάνσοφος
2476 1906 2702 1967 Ἡσαΐας
2731 1904 2858 1974 περὶ
2884 1903 2990 1955 τῶν
3025 1903 3114 1954 διὰ
3138 1902 3368 1964 πίστεως
3406 1902 3509 1973 τῆς
3538 1905 3597 1955 ὲν
3632 1904 3780 1973 Χρι-

2170 1999 2279 2069 στῴ
2314 1999 2665 2068 κεκλημένων
2710 1999 2788 2060 είς
2817 1996 3049 2066 μέθεξιν,
3087 1996 3249 2065 ἤγουν
3311 1996 3407 2048 καὶ
3460 1997 3776 2048 κοινωνίαν

2168 2092 2264 2160 τῆς
2286 2090 2435 2152 θείας
2458 2088 2619 2143 αὐτοῦ
2645 2088 2857 2156 φύσεως
2878 2106 2890 2116 ·
2924 2107 2939 2137 ι
2996 2088 3117 2139 ’Ὁτι
3142 2088 3368 2140 πίωνται
3387 2089 3775 2158 εὐφροσύνην,

2168 2185 2262 2234 καὶ
2283 2180 2514 2233 πίωνται
2536 2174 2697 2245 οἶνον,
2719 2179 2997 2248 χρίσονται
3021 2178 3188 2249 μύρον
3210 2181 3265 2230 ὲν
3294 2178 3371 2246 τῷ
3388 2178 3506 2247 ὄρει
3526 2180 3734 2249 τούτῳ.
3752 2200 3772 2230 ι

2168 2272 2417 2341 Παράδος
2474 2271 2649 2325 ταῦτα
2675 2272 2851 2323 πάντα
2881 2273 2993 2332 τοῖς
3044 2270 3274 2322 ἔθνεσιν.
3328 2271 3393 2322 Ἠ
3432 2271 3547 2341 γὰρ
3598 2272 3778 2341 βουλὴ

2168 2364 2306 2434 αὕτη
2331 2365 2423 2416 ἐπὶ
2459 2364 2635 2417 πάντα
2673 2364 2740 2415 τὰ
2765 2363 2914 2433 ἔθνη.
2965 2364 3051 2415 Ἐν
3078 2362 3251 2431 τούτῳ
3284 2362 3347 2432 δὴ
3380 2358 3471 2415 οὖν
3510 2363 3590 2433 τῷ
3621 2363 3773 2432 ὄρει,

2169 2456 2322 2525 φησὶ,
2358 2456 2557 2525 κλῆρος
2587 2454 2740 2507 ἕσται
2774 2457 2884 2517 τοῖς
2926 2457 3079 2523 ἐμοῖς
3117 2453 3412 2516 ἐκλεκτοῖς,
3440 2455 3539 2505 καὶ
3562 2456 3627 2505 ὲν
3669 2456 3776 2505 αὖε

2168 2548 2281 2609 τοῖς
2309 2548 2691 2616 κατοικήσουσι
2752 2547 2952 2608 πάντες
2974 2585 2988 2607 ,
3021 2546 3133 2598 ὅσοι
3180 2545 3269 2597 τὸν
3298 2546 3399 2614 τῆς
3429 2546 3573 2615 ἐμῆς
3610 2545 3776 2614 βασι-

2170 2640 2316 2703 λείας
2353 2640 2711 2710 ὑποτρέχουσι
2742 2639 2938 2706 ζυγόν·
2980 2638 3039 2690 τὸ
3084 2638 3138 2689 δὲ
3188 2638 3418 2700 ἀπεικὸς
3452 2638 3641 2702 οὐδὲν,
3677 2641 3772 2689 καὶ

2168 2734 2267 2803 τὴν
2296 2734 2407 2787 ἄνω
2439 2733 2591 2785 πόλιν
2627 2731 2724 2802 τὴν
2759 2732 3076 2801 ἐπουράνιον
3110 2730 3462 2803 Ἰερουσαλὴμ
3489 2731 3622 2800 ὅρος
3648 2733 3771 2784 ὀνο-

2174 2826 2442 2896 μάζεσθαι
2480 2826 2678 2893 λέγειν,
2713 2828 2770 2879 ἐν
2794 2819 2837 2892 ᾧ
2866 2827 2972 2879 τῶν
2996 2827 3164 2893 ἁγίων
3187 2829 3213 2879 ὁ
3246 2826 3445 2894 κλῆρος
3478 2826 3771 2895 διανέμον-

2170 2936 2260 2982 τος
2314 2917 2449 2970 Θεοῦ
2502 2920 2570 2970 τὰ
2621 2919 2759 2988 ὑπὲρ
2793 2918 2918 2971 νοῦν
2984 2919 3077 2970 καὶ
3119 2919 3274 2985 λόγον
3326 2918 3510 2979 αὐτοῖς
3555 2918 3767 2983 ἀγαθὲ..

491 3029 543 3072 et
567 3021 619 3072 in
660 3035 753 3074 cor
783 3021 1019 3074 hominis
1061 3036 1165 3075 non
1198 3022 1463 3086 ascendit,
1495 3038 1613 3092 quae
1662 3021 1872 3091 paravit.
1900 3022 2063 3091 Deus

2181 3030 2193 3061 ι
2230 3009 2572 3079 Ὀφθαλμὸς»
2608 3012 2715 3080 γὰρ
2746 3050 2759 3073 ,
2798 3012 2963 3080 φησὶν
2986 3050 3000 3073 ,
3045 3030 3061 3059 t
3099 3010 3198 3062 οὐκ
3240 3006 3365 3071 εἶδε,
3396 3010 3492 3061 καὶ
3527 3006 3626 3072 οῦς
3663 3012 3764 3061 οὐκ

491 3111 837 3181 diligentibus
868 3127 925 3166 se
956 3112 1020 3167 ".
1056 3130 1073 3164 ι

563 3288 1128 3344 Vens.10.Eterunt
1196 3293 1251 3345 in
1314 3294 1455 3347 saltu
1526 3294 1680 3348 ovilia
1739 3312 1973 3365 gregum,
2022 3304 2070 3348 et

494 3382 691 3442 Achar,
722 3383 774 3435 in
813 3386 1088 3449 requietem
1134 3398 1489 3439 armentorum
1537 3388 1726 3457 populo
1791 3404 1925 3451 meo,
1983 3389 2071 3456 qui

488 3473 731 3541 qua'sit'it
792 3489 890 3525 me.

569 3564 822 3619 Solemne
852 3573 935 3618 est
964 3564 1256 3630 Scriptura:
1300 3566 1559 3622 divinitus
1594 3569 1895 3637 iuspiratm,
1935 3585 2072 3623 non-

496 3671 769 3724 nunquam
817 3657 970 3709 silvis
1021 3658 1366 3723 spississimis
1396 3668 1447 3714 et
1475 3659 1698 3714 ﬂoribus
1728 3663 1907 3716 densis
1975 3677 2071 3729 po-

494 3746 708 3814 pulosas
743 3746 901 3799 nrbes
928 3752 981 3799 et
1013 3748 1256 3816 regiones
1284 3764 1617 3817 comparare.
1656 3749 1788 3803 Nam
1855 3752 2072 3820 quidam

494 3852 525 3890 c
561 3838 765 3890 sanctis
802 3838 1077 3905 prepltetis
1117 3837 1268 3904 dixit,
1296 3839 1443 3892 velut
1469 3840 1533 3892 ad
1585 3838 1892 3895 Judaeorum
1964 3858 2074 3893 ma-

498 3939 655 3990 trem,
695 3928 1014 3990 Jerusalem,
1045 3931 1301 3998 inquam:
1357 3949 1375 3981 ‹
1410 3932 1594 3999 Aperi,
1639 3933 1860 3997 Libane,
1928 3932 2073 3986 fures

498 4029 636 4079 tuas,
663 4030 716 4072 et
750 4021 968 4072 devoret
1005 4020 1140 4089 ignis
1174 4026 1367 4075 ccdros
1400 4032 1538 4075 tuas.
1581 4022 1812 4087 Ululate,
1838 4039 2076 4092 quercus

495 4108 694 4171 Basan,
735 4110 858 4175 quia
898 4111 1145 4163 succisus
1177 4120 1259 4165 est
1307 4112 1476 4166 saltus
1511 4116 1752 4168 consitus
1789 4116 1853 4166 ⁵⁷.
1896 4133 1913 4163 ι
1972 4114 2076 4168 Ne-

496 4216 584 4253 mo
614 4212 793 4253 autem
829 4203 1025 4255 dixerit
1077 4204 1269 4272 jubere
1331 4205 1476 4258 illum
1532 4206 1690 4276 pinus
1746 4217 1799 4261 et
1844 4223 2076 4275 quercus

496 4289 725 4357 plorare,
757 4302 835 4343 est
866 4292 1008 4345 enim
1043 4294 1093 4347 id
1125 4294 1279 4362 plane
1348 4297 1619 4364 ineptum;
1674 4298 1790 4363 sed,
1832 4307 1889 4351 ttt
1943 4300 2073 4363 dixi,

2172 3104 2392 3174 ἢκουσε,
2453 3104 2545 3156 καὶ
2595 3102 2689 3154 ἐπὶ
2737 3103 2963 3173 καρδίαν
3019 3101 3303 3171 ἀνθρώπου
3334 3102 3435 3153 οὐκ
3493 3101 3700 3171 ἀνέϐη,
3732 3102 3767 3155 ἃ

2172 3194 2468 3264 ἡτοίμασεν
2497 3196 2524 3245 ὁ
2552 3193 2682 3255 Θεὸς
2709 3196 2818 3255 τοῖς
2845 3192 3129 3259 ἀγαπῶσιν
3156 3191 3335 3243 αὐτόν.
3374 3209 3392 3242 ι

2242 3286 2353 3338 Καὶ
2374 3288 2616 3338 ἔσονται
2654 3286 2722 3337 ἐν
2775 3284 2855 3348 τῷ
2886 3283 3087 3351 δρυμῷ
3120 3284 3404 3348 ἐπαύλεις
3442 3283 3766 3348 ποιμνίων,

2178 3376 2274 3429 καὶ
2304 3375 2539 3443 φάραγξ
2575 3374 2763 3442 Ἀχὼρ
2790 3377 2877 3439 εὶς
2924 3374 3271 3426 ἀνάπαυσιν
3295 3373 3653 3437 βουκολέων
3690 3373 3768 3437 τῷ

2172 3466 2299 3532 λαῷ
2329 3486 2463 3536 μου,
2486 3468 2541 3521 οἳ
2566 3466 2861 3533 ἐζήτησάν
2886 3483 2983 3535 με.

2251 3557 2409 3618 Ἔθος
2431 3558 2496 3626 τῇ
2526 3556 2868 3625 θεοπνεύστῳ
2900 3557 3085 3626 Γραφῇ
3135 3555 3357 3626 δρυμοῖς
3398 3558 3765 3626 παρεικάζειν

2174 3648 2625 3717 εὐδενδροτάτοις,
2657 3649 2751 3701 καὶ
2784 3646 2970 3700 ἄνθεσι
3005 3651 3114 3709 τοῖς
3154 3647 3339 3700 δασέσι
3371 3648 3468 3709 τὰς
3523 3651 3769 3701 πολυαν-

2174 3739 2402 3809 δρούσας
2433 3739 2634 3803 πόλεις,
2666 3740 2697 3809 ἢ
2734 3738 2915 3810 χώρας
2944 3740 3055 3792 ἐσθ’
3087 3740 3197 3802 ὅτε,
3242 3739 3337 3791 καὶ
3376 3739 3507 3807 γοῦν
3539 3741 3648 3810 ἔφη
3685 3760 3768 3803 τς

2175 3833 2284 3888 τῶν
2329 3834 2499 3901 ἁγίων
2534 3833 2868 3902 προφητῶν,
2923 3833 2999 3895 ὡς
3045 3833 3181 3902 πρὸς
3211 3834 3311 3903 τὴν
3335 3833 3441 3884 τῶν
3487 3834 3769 3886 Ἰουδαίων

2181 3927 2412 3997 μητέρα,
2472 3926 2612 3996 φημὶ
2650 3926 2713 3995 δὴ
2737 3928 2835 3994 τὴν
2897 3926 3257 3996 Ἰερουσαλήμ
3281 3943 3294 3956 ο
3352 3946 3368 3977 ι
3400 3927 3703 3992 Διάνοιξον,
3738 3931 3770 3980 ὁ

2177 4018 2433 4081 Λίϐανος,
2462 4017 2561 4080 τὰς
2612 4016 2778 4088 θύρας
2815 4036 2929 4083 σου,
2965 4020 3058 4070 καὶ
3097 4020 3457 4087 καταφαγέτω
3508 4019 3622 4088 πῦρ
3668 4020 3770 4081 τὰς

2179 4111 2401 4181 κέδρους
2449 4129 2541 4163 σου
2570 4128 2581 4138 ·
2616 4111 2920 4177 ὀλολύξατε,
2954 4112 3111 4181 δρῦες
3142 4113 3238 4182 τῆς
3279 4112 3649 4178 Βασανίτιδος,
3684 4115 3770 4164 ὅτι

2180 4201 2533 4271 κατεσπάσθη
2568 4202 2596 4252 ὁ
2622 4201 2872 4272 δρυμὸςό
2915 4202 3215 4272 σύμφυτος.
3266 4223 3284 4254 ι
3324 4206 3434 4257 Καὶ
3460 4204 3521 4256 οὐ
3552 4204 3619 4273 δή
3660 4221 3767 4256 που

2182 4294 2314 4363 φαίη
2345 4311 2427 4356 τις
2464 4294 2551 4355 ἂν,
2582 4293 2657 4356 ὡς
2683 4294 2867 4346 πίτυσί
2895 4312 2952 4346 τε
2989 4296 3081 4347 καὶ
3122 4297 3302 4365 μέντοι
3342 4297 3528 4367 δρυσὶν
3571 4296 3771 4349 ὀλολύ-

497 4381 801 4434 assimilare
848 4384 1101 4453 dignatur
1147 4386 1308 4456 lignis
1390 4388 1833 4443 innumerabilem
1884 4406 2069 4443 eorum

2181 4387 2291 4449 ζειν
2313 4386 2635 4439 ἐντέλλεταιο
2680 4386 2870 4455 κομιδῇ
2908 4388 3016 4457 γὰρ
3057 4387 3242 4459 εὔηθες
3292 4388 3351 4440 τὸ
3384 4389 3573 4459 χρῆμά
3620 4391 3761 4441 ἐστι·

496 4475 586 4539 qni
626 4473 675 4525 in
710 4474 932 4528 urbibus
985 4488 1112 4529 sunt
1172 4489 1226 4530 et
1274 4480 1583 4547 regionibus
1654 4483 2072 4538 multitudinem.

501 4560 783 4615 Ulularunt
823 4576 1001 4617 autem
1036 4564 1228 4631 Judaei,
1275 4584 1397 4622 cum
1432 4572 1664 4623 hostium
1697 4573 1887 4640 gladiis
1942 4577 2074 4628 sub-

495 4654 818 4722 jicerentur,
870 4668 1090 4725 prepler
1130 4661 1461 4729 impietatem
1513 4664 1563 4715 in
1590 4663 1887 4719 Christum.
1923 4666 2076 4721 Psal-

501 4746 669 4815 litque
694 4748 908 4802 divinus
936 4749 1121 4813 David,
1156 4764 1341 4820 utpote
1380 4756 1691 4821 apparituro
1746 4774 1866 4811 mox
1915 4759 2076 4815 Chri-

502 4850 587 4893 sto
654 4839 707 4892 in
753 4844 1037 4896 lllllllti02(
1088 4844 1237 4899 Tuuc
1289 4848 1632 4901 exsultabunt
1698 4852 1876 4905 omnia
1943 4852 2083 4922 ligna

502 4931 673 4995 silvae,
720 4948 749 4984 a
791 4931 928 4987 facie
963 4933 1195 4999 Domini,
1258 4940 1383 5005 quia
1420 4942 1565 4993 venit
1609 4944 1673 4994 ad
1716 4941 2081 5009 iudicandum

507 5031 704 5074 terram
725 5022 822 5075 ⁸⁸.»
852 5022 1055 5093 Itaque,
1097 5044 1115 5077 ι
1142 5026 1199 5081 In
1225 5029 1379 5095 silva,
1405 5050 1421 5081 ›
1451 5031 1641 5100 inquit,
1660 5034 1710 5087 id
1734 5044 1835 5100 est,
1863 5035 1916 5087 in
1950 5036 2087 5089 mul-

507 5114 736 5169 titudine
784 5118 1051 5186 gentium,
1088 5136 1182 5175 seu
1234 5122 1285 5175 in
1328 5124 1550 5178 urbibus
1580 5140 1768 5179 eorum
1816 5138 1869 5180 et
1910 5130 2087 5195 regio-

507 5206 685 5273 nibus,
733 5226 752 5259 t
787 5211 947 5264 ovilia
983 5224 1142 5267 erunt
1222 5230 1462 5285 gregum,
1504 5237 1523 5269 ι
1580 5217 1783 5274 Christi
1839 5222 2091 5276 videlicet

508 5298 762 5355 Ecclesia:
802 5320 813 5356 :
870 5322 887 5354 ε
918 5314 971 5357 et
1026 5306 1179 5361 vallis
1222 5310 1403 5363 Achor
1449 5311 1663 5377 requies
1720 5324 2085 5368 armentorum

510 5388 705 5455 populo
727 5404 863 5455 meo,
891 5393 981 5462 qui
1035 5396 1281 5463 quzesivit
1315 5413 1417 5451 me.
1459 5417 1477 5449 ι
1509 5400 1687 5452 Achar
1738 5401 1825 5454 hic
1902 5403 2087 5455 oriun-

512 5479 612 5533 dus
641 5491 723 5535 est
758 5498 825 5536 ex
870 5485 1077 5540 semine
1108 5488 1299 5551 Israel;
1364 5490 1538 5544 deleta
1616 5501 1792 5545 autem
1847 5492 2085 5556 Jericho,

513 5567 707 5623 deinde
730 5568 950 5637 iubente
992 5574 1100 5631 Deo
1130 5576 1295 5647 897
1322 5580 1499 5631 omnia
1542 5594 1661 5647 qua:
1702 5581 1753 5634 in
1781 5596 1841 5633 ea
1875 5580 2088 5634 fuerant

583 5685 630 5715 ⁸⁸
661 5684 817 5761 Rern.
854 5706 930 5756 χι,
966 5694 1015 5748 5.
1092 5696 1135 5727 ³⁸
1172 5696 1359 5751 Matth.
1388 5712 1441 5760 v,
1475 5698 1562 5761 Μ,
1618 5699 1704 5751 15.

516 5768 637 5818 xcv,
690 5756 777 5809 12.

1822 5699 1866 5729 ⁵⁵
1911 5698 2038 5767 Sztp.
2095 5715 2148 5765 ν,

2181 4479 2356 4545 ξύλοις
2389 4479 2469 4539 δὲ,
2524 4479 2599 4541 ὼς
2643 4480 2797 4549 ἔφην,
2836 4480 3132 4549 ἁςομοιοῦν
3186 4480 3327 4544 ἀξιοῖ
3371 4483 3466 4539 τὴν
3522 4482 3763 4552 ἀριθμοῦ

2181 4570 2462 4639 κρείττονα
2490 4569 2696 4639 πληθὺν
2726 4570 2833 4622 τῶν
2856 4573 2912 4623 εν
2937 4575 3057 4634 ταῖς
3091 4572 3279 4624 πόλεσί
3313 4590 3370 4624 τε
3416 4575 3507 4625 καὶ
3531 4573 3761 4643 χώραις.

2196 4660 2471 4725 Ὠλόλυζον
2526 4661 2584 4713 δὲ
2626 4662 2743 4722 ταῖς
2772 4660 2879 4713 τῶν
2906 4663 3173 4731 πολεμίων
3234 4665 3527 4734 μαχαίραις
3563 4666 3764 4718 ὑποπί-

2182 4771 2408 4818 πτοντες
2446 4754 2685 4807 Ἰουδαῖοι
2716 4753 2803 4806 διὰ
2829 4756 2927 4824 τὴν
2952 4756 3029 4817 εἰς
3053 4756 3284 4826 Χριστὸν
3308 4758 3579 4811 ἀσέϐειαν.
3604 4760 3763 4812 Ψάλ-

2182 4846 2263 4898 λει
2292 4847 2346 4899 δέ
2379 4863 2480 4898 που
2515 4847 2609 4898 καὶ
2644 4848 2672 4898 ὁ
2704 4844 2989 4908 θεσπέσιος
3017 4846 3178 4898 Δαόὶδ
3199 4886 3214 4912 ,
3262 4847 3357 4900 ac:
3382 4847 3447 4918 δὴ
3476 4850 3763 4917 μέλλοντος

2185 4940 2566 5006 ἐπιφαίνεσθαι
2595 4938 2671 5008 τῷ
2699 4938 2887 5007 κόσμῳ
2912 4939 3165 5008 Χριστοῦ·
3197 4956 3216 4990 ι
3250 4940 3381 4993 Τότε
3410 4942 3763 5009 ἁγαλλιάσον-

2182 5049 2271 5085 ται
2290 5032 2465 5085 πάντα
2484 5031 2553 5083 τὰ
2569 5031 2703 5097 ξύλα
2727 5031 2818 5083 τοῦ
2846 5030 3051 5101 δρυμοῦ
3075 5031 3181 5083 ἀπὸ
3207 5034 3497 5101 προσώπου
3526 5038 3757 5105 Κυρίου,

2183 5125 2264 5176 ὅτι
2294 5123 2513 5193 ἔρχεται
2544 5127 2725 5194 κρῖναι
2757 5124 2857 5193 τὴν
2890 5124 3013 5193 γῆν.
3051 5142 3069 5175 ι
3092 5125 3327 5189 Οὐκοῦν,
3356 5145 3374 5177 t
3399 5127 3485 5179 Ἐν
3512 5127 3588 5197 τῷ
3623 5128 3761 5199 δρυ-

2188 5214 2295 5284 μῷ,
2337 5233 2354 5263 ›
2393 5216 2525 5285 φησὶ
2555 5256 2569 5279 ,
2608 5215 2907 5279 τουτέστιν,
2954 5217 3011 5269 ἐν
3061 5220 3126 5287 τῇ
3168 5216 3279 5270 τῶν
3327 5218 3494 5272 ἐθνῶν
3534 5221 3759 5289 πληθςῖ,

2185 5309 2302 5378 ἢτοι
2348 5311 2467 5369 ταῖς
2518 5306 2697 5360 αὐτῶν
2723 5306 2909 5359 πόλεσί
2931 5324 2990 5359 τε
3030 5308 3124 5360 καὶ
3157 5307 3381 5380 χώραις,
3431 5331 3448 5361 ι
3500 5313 3757 5374 ἐπαύλεις

2185 5398 2396 5450 ἔσονται
2445 5397 2732 5467 ποιμνίων,
2779 5416 2797 5448 ι
2841 5398 3159 5468 Ἐκκλησίαι
3216 5400 3454 5471 δηλονότι
3494 5404 3758 5473 Χριστοῦ.

2191 5508 2207 5539 ι
2230 5490 2321 5541 καὶ
2351 5488 2567 5559 φάραγξ
2602 5487 2779 5558 Ἀχὼρ
2810 5490 2887 5552 εἰς
2911 5489 3217 5543 ἀνάπαυσιν
3241 5492 3529 5561 βουκολίων
3546 5494 3623 5565 τῷ
3648 5496 3763 5565 λαῷ

2190 5597 2311 5649 μου,
2344 5579 2392 5631 οἳ
2430 5577 2698 5649 ἐζήτησάν
2735 5595 2854 5648 με.»
2907 5577 3082 5649 Ἀχὼρ
3117 5574 3291 5644 οὗτος,
3320 5584 3509 5651 γέγονε
3547 5586 3647 5654 μέν
3677 5603 3764 5649 τις

2206 5700 2257 5753 5.
2364 5698 2411 5728 ⁸⁵
2445 5698 2459 5750 Ι
2500 5696 2624 5751 Cor.
2663 5712 2723 5763 tt,
2757 5696 2807 5751 9.
2916 5698 2958 5727 ⁸⁷
2993 5698 3157 5752 Zach.
3197 5714 3272 5763 χι,
3306 5700 3355 5763 1,
3387 5699 3441 5753 ‘2.
3538 5702 3582 5732 ⁸³
3614 5700 3762 5757 Psal.
