4022 6400
680 334 693 359 Ι

291 375 428 429 Ηςῦ

250 605 258 657 ;
293 584 449 656 ριχὼ,
492 581 610 637 εἶτα
659 582 795 636 Θεοῦ
826 584 1232 655 προστάξαντος
1263 584 1658 653 ἀναθεματίσαι
1693 586 1868 639 πάντα

254 677 360 730 ’τὰ
386 680 441 729 ἐν
487 678 647 747 αὐτῇ,
690 676 957 744 κέκλοφεν
992 678 1057 728 ἐκ
1103 676 1196 728 τοῦ
1243 676 1604 745 ἀναθέματος.
1654 678 1868 748 Ἐπειδὴ

290 769 347 821 δὲ
374 768 701 839 παρεδείχθη
738 768 889 835 παρὰ
920 768 1075 832 Θεοῦ,
1135 770 1335 840 πικράς
1388 770 1625 839 ἐζητήθη
1678 771 1865 834 δίκας·

290 859 536 911 ἀπόλωλε
572 860 681 929 γὰρ
710 859 948 919 πανοικὶ,
981 860 1368 930 καθορίσαντος
1401 861 1565 915 αὐτοῦ
1590 862 1686 932 τὴν
1717 863 1870 931 δίκην

304 949 477 1017 Ἰησοῦ
507 949 601 1002 τοῦ
628 950 803 1018 Ναυῆ.
843 949 951 1003 Ἦν
970 947 1061 1004 οῦν
1082 953 1187 1023 ἄρα
1216 953 1293 1017 εἰς
1323 955 1565 1025 κατάραν
1589 958 1621 1024 ἠ
1656 954 1870 1024 φάραγξ

290 1042 322 1110 ἡ
364 1042 556 1111 ’Ᾱχώμ
591 1042 844 1095 Τοιαῦται
878 1043 933 1095 δέ
970 1062 1085 1106 πως
1116 1047 1208 1098 καὶ
1234 1048 1289 1098 αἱ
1320 1046 1428 1098 τῶν
1452 1047 1619 1100 ἐθνῶν
1658 1048 1865 1120 χῶραι·

290 1149 491 1202 κεκατη
504 1134 729 1203 ραμέναι
759 1134 887 1206 γὰρ,
918 1138 1009 1188 καὶ
1041 1136 1330 1205 θεομισεῖς,
1375 1139 1451 1202 ὡς
1483 1141 1691 1205 οὐδενὸς
1719 1144 1867 1205 ὄντος

289 1226 347 1276 ἐν
367 1225 551 1288 αὑταῖς
579 1226 672 1279 τοῦ
708 1229 798 1280 τὸν
834 1228 993 1296 φύσει
1020 1229 1151 1281 Θεὸν
1189 1230 1386 1294 εἰδότος
1408 1248 1420 1261 ·
1460 1232 1573 1285 ἀλλ’
1608 1237 1639 1304 ή
1672 1235 1866 1288 ἐπικα-

288 1313 521 1382 τάρατος
538 1313 709 1385 χώρα,
733 1317 884 1384 φησὶ,
916 1317 1054 1369 κατά
1081 1318 1204 1381 τοὺς
1228 1320 1489 1383 παλαιοὺς
1515 1323 1595 1385 εἰς
1623 1324 1867 1376 ἀνάπαυ-

290 1420 373 1455 σιν
402 1403 549 1456 ἕσται
578 1405 892 1474 βουκολίων,
922 1408 1190 1472 τουτέστι,
1242 1411 1399 1479 σηκοὶ
1433 1412 1718 1482 προϐάτων
1745 1432 1867 1486 νοη-

289 1495 416 1555 τῶν,
452 1495 556 1547 ὑπὸ
584 1499 741 1566 χεῖρα
794 1499 1028 1567 Χριστοῦ
1054 1501 1149 1553 τοῦ
1196 1503 1415 1555 πάντων
1455 1504 1862 1575 ἀρχιποιμένος,

288 1585 345 1648 ὃς
377 1592 482 1649 τοῖς
521 1588 784 1641 Ἰουδαίων
816 1589 1009 1658 δήμοις
1052 1593 1486 1664 προσπεφώνηκε
1530 1596 1702 1663 λέγων
1740 1599 1867 1666 περὶ

288 1681 395 1730 τῶν
424 1679 611 1745 ἐθνῶν,
652 1703 668 1731 ι
710 1682 816 1733 Καὶ
864 1682 997 1734 ἄλλα
1042 1684 1289 1755 πρόϐατα
1320 1686 1427 1755 ἔχω
1454 1727 1467 1746 ,
1511 1686 1545 1740 ἂ
1588 1688 1687 1739 οὐκ
1720 1689 1865 1741 ἔστιν

291 1771 354 1822 ἐκ
388 1772 482 1840 τῆς
511 1772 679 1841 αὐλῆς
720 1772 920 1842 ταύτης
946 1812 960 1834 ,
1010 1774 1237 1827 κάκεῖνά
1278 1794 1342 1844 με
1376 1777 1456 1828 δεῖ
1486 1780 1727 1845 ἀγαγεῖν,
1772 1778 1865 1831 καὶ

1389 376 1452 429 IN
1497 375 1731 431 lSAIAM
1767 376 1895 431 Lm.
1937 379 2000 433 ν.
2043 379 2276 435 TOMUS
2320 379 2403 434 γι.
2602 454 2605 457 η

248 536 253 543 .
289 494 399 545 τῶν
430 491 489 557 ἐξ
524 492 755 561 αἵματος
802 491 1049 562 Ἰσραήλ·
1084 492 1509 563 πεπορθημένης
1539 492 1594 545 δὲ
1628 493 1726 561 τῆς
1775 493 1857 544 Ἰε-

1977 509 2316 558 consecrare,
2379 495 2586 548 furatus
2618 502 2700 549 est
2743 507 2807 548 ex
2874 492 3235 547 anathemate.

3402 375 3542 430 HN

3313 488 3543 543 Manife-

1968 596 2140 639 status
2173 601 2201 639 a
2244 588 2376 649 Deo,
2413 587 2635 641 acerbas
2669 600 2856 654 poenas
2890 584 3035 638 dedit
3064 604 3077 638 :
3116 597 3239 636 nam
3271 597 3393 635 cum
3429 592 3536 634 tota

1970 676 2129 729 doum
2154 680 2330 745 periit,
2352 693 2566 746 paruam
2592 680 2641 730 in
2687 678 2831 730 illum
2854 684 3125 729 Statuente
3151 674 3274 727 Jesu
3305 673 3411 726 [ilio
3437 672 3542 725 Na-

1974 782 2054 821 ve.
2089 770 2271 836 Itaque
2291 769 2637 821 exsecrabilis
2668 768 2805 822 facta
2835 778 2917 821 est
2949 766 3099 819 vallis
3125 768 3325 819 Acbor.
3352 762 3542 831 Cujus-

1982 859 2124 911 modi
2163 872 2318 911 erant
2354 863 2595 927 regiones
2618 862 2877 929 gentium,
2916 858 3272 913 exsecrationi
3312 858 3538 922 devotas,

1971 961 2023 1001 et
2074 950 2181 1003 Deo
2222 951 2425 1015 invisae,
2460 960 2641 1015 utpote
2687 968 2806 1003 cum
2840 951 2893 1004 in
2927 951 3028 1003 illis
3056 950 3232 1011 nullus
3294 949 3385 1011 sit,
3448 948 3539 1016 qui

1972 1056 2159 1094 natura
2195 1044 2356 1096 Deum
2393 1046 2656 1111 cognorit.
2686 1042 2903 1109 Verum,
2969 1045 3160 1111 inquit,
3231 1041 3344 1095 haec
3394 1041 3542 1107 regio

1972 1136 2164 1203 priscis
2204 1137 2532 1205 letttpoz‘ibus
2592 1138 2947 1201 exsecranda,
3023 1136 3241 1204 requies
3307 1136 3411 1189 erit
3448 1150 3541 1188 ar-

1972 1237 2301 1289 mentorum,
2356 1229 2405 1281 id
2442 1238 2545 1291 est,
2581 1229 2789 1282 stabula
2836 1229 3016 1281 ovium
3102 1227 3539 1297 intelligil-iiium,

1970 1319 2151 1372 manui
2200 1318 2400 1373 Christi
2460 1320 2717 1389 principis
2782 1321 3021 1373 omnium
3070 1320 3304 1387 pastoris
3360 1319 3543 1389 subje-

1968 1422 2197 1477 ctarum,
2229 1414 2317 1480 qui
2346 1410 2627 1466 Judaicuin
2665 1412 3194 1481 populumallocntus
3223 1424 3328 1476 est,
3352 1412 3540 1467 dicens

1970 1506 2034 1557 de
2068 1506 2358 1573 gentibus:
2401 1523 2419 1554 ι
2466 1503 2612 1556 Alias
2646 1519 2774 1557 oves
2828 1504 3020 1569 habeo,
3074 1520 3193 1573 qua:
3264 1521 3369 1558 non
3415 1515 3542 1558 sunt

1970 1597 2033 1649 de
2065 1595 2190 1647 ovili
2229 1596 2365 1649 hoc:
2397 1611 2530 1662 quas
2554 1597 2713 1648 etiam
2741 1606 2953 1662 oportet
2990 1612 3073 1649 me
3104 1596 3541 1660 adducere,erit-

1970 1704 2073 1757 quc
2128 1704 2291 1741 unum
2347 1688 2506 1752 ovile,
2558 1704 2694 1741 unus
2760 1698 2941 1757 pastor
2966 1690 3032 1741 δ’.
3075 1707 3093 1741 s
3167 1690 3541 1754 Qua-siverunt

1970 1796 2203 1850 namque
2230 1780 2375 1833 illum
2414 1796 2507 1848 per
2537 1782 2714 1846 tidem,
2743 1781 2832 1849 qui
2858 1781 3145 1849 aliquando
3175 1790 3494 1835 erraverunt
3521 1798 3535 1834 :

288 1862 606 1932 γενήσονται
639 1865 733 1933 μία
771 1867 994 1936 ποίμνη,
1017 1861 1097 1927 εἷς
1120 1868 1344 1936 ποιμήν.
1377 1887 1394 1917 ι
1435 1870 1738 1938 Ἐζήτησαν
1758 1870 1857 1939 γὰρ

1968 1887 2075 1941 quo
2107 1874 2343 1936 invento,
2387 1872 2511 1925 facti
2566 1882 2689 1925 sunt
2732 1872 2848 1939 ejus
2883 1872 3184 1934 domestici,
3212 1880 3266 1924 et
3292 1872 3541 1926 concives

287 1957 449 2008 αὑτὸν
478 1957 562 2010 διὰ
588 1959 686 2027 τῆς
729 1960 963 2023 πίστεως
1015 1962 1063 2013 οί
1094 1960 1224 2014 ποτὲ
1276 1960 1635 2030 πλανώμενοι,
1681 1964 1773 2016 καὶ
1799 1963 1860 2033 δὴ

1972 1973 2279 2016 sanctorum
2305 1973 2357 2014 et
2375 1962 2683 2016 cohmredes
2702 1962 3091 2030 promissorum
3111 1963 3238 2031 ipsis
3252 1962 3535 2016 bonorum.

288 2049 380 2102 καὶ
406 2051 680 2121 εὑρόντες,
719 2054 906 2106 οἰκεῖοι
929 2054 1216 2122 γεγόνασιν
1256 2054 1420 2108 αὐτοῦ
1443 2096 1456 2119 ,
1506 2056 1600 2108 καὶ
1641 2057 1964 2127 συμπολῖται
1992 2056 2097 2109 τῶν
2128 2056 2315 2125 ἁγίων,
2372 2057 2465 2109 καὶ
2496 2056 2922 2127 συγκληρονόμοι
2979 2056 3085 2110 τῶν
3122 2056 3539 2127 ἐπηγγελμένων

285 2142 467 2203 αὐτοῖς
491 2142 732 2210 ἀγαθῶν.

369 2234 557 2303 Ὑμεῖς
590 2234 675 2301 δὲ,
710 2238 763 2289 οι
792 2236 1293 2307 ἐγκαταλιπόντες
1314 2258 1409 2309 με,
1428 2241 1860 2296 καὶέπιλανθα-

285 2329 522 2395 νόμενοι
554 2326 622 2379 τὸ
671 2327 808 2395 ὄρος
840 2330 905 2382 τὸ
945 2330 1114 2399 ἅγιόν
1145 2350 1285 2401 μου,
1335 2334 1432 2386 καὶ
1460 2334 1860 2404 ἐτοιμιὶζοντες

284 2415 364 2479 τῷ
406 2416 641 2485 δαίμονι
686 2418 1005 2485 τράπεζὶιν,
1037 2422 1132 2474 ὀιαὶ
1170 2424 1543 2491 πληροῦντες
1584 2424 1657 2491 τῇ
1699 2426 1857 2495 Τύχῃ

286 2509 574 2577 κέρασμα·
614 2509 729 2578 ἐγὼ
759 2512 1092 2579 παραδώσω
1119 2514 1273 2583 ὑμᾶς
1298 2518 1383 2582 εἰς
1414 2515 1734 2585 μάχαιραν,
1758 2519 1857 2571 καὶ

284 2600 506 2664 πάντες
546 2601 616 2652 ἐν
648 2601 855 2671 σφαγῇ
896 2603 1202 2668 πεσεῖσθε,
1248 2606 1333 2659 ὅτι
1378 2607 1642 2661 ἐκάλεσα
1688 2606 1862 2676 ὑμᾶς,

284 2691 378 2743 καὶ
403 2694 513 2760 οὐχ
543 2696 946 2761 ὑπηκούσατε·
965 2697 1266 2765 ἐλάλησα,
1295 2698 1392 2750 καὶ
1416 2701 1861 2767 παρηκούσατε,

282 2784 379 2835 καὶ
416 2785 738 2853 ἐποιήσατε
770 2786 837 2838 τὸ
891 2790 1162 2855 πονηρὸν
1197 2790 1476 2843 ἐναντίον
1506 2808 1646 2859 μου,
1696 2792 1792 2845 καὶ
1826 2792 1865 2844 ἂ

283 2878 394 2929 οὐκ
418 2877 775 2946 ἐϐουλόμην,
804 2878 1187 2943 ἐξελέξασθε.

358 2968 565 3037 Ὥσπερ
612 2969 834 3034 γέγονεν
892 2968 990 3020 οὐκ
1049 2968 1285 3039 ἀζήμιον
1345 2973 1459 3034 τοῖς
1516 2971 1577 3036 ἐξ
1629 2972 1859 3043 αἵματος

293 3059 509 3131 Ἰσραὴλ
545 3059 605 3111 τὸ
623 3059 918 3130 ἀπειθῆσαι
952 3060 1191 3130 Χριστῷ,
1244 3062 1479 3116 δέδονται
1497 3066 1605 3136 γὰρ
1627 3067 1703 3128 εἰς
1720 3082 1858 3133 σφα..

282 3156 406 3222 γὴν,
446 3151 579 3221 ἐλέῳ
609 3151 745 3203 Θεοῦ
797 3152 890 3204 καὶ
941 3151 1321 3226 φιλανθρωπίᾳ
1373 3157 1715 3226 σεσωσμένου
1767 3157 1859 3209 τοῦ

282 3243 743 3313 καταλείμματος,
786 3242 927 3295 οὕτω
957 3244 1051 3295 καὶ
1090 3244 1181 3295 ἐπὶ
1218 3248 1283 3315 τῇ
1322 3246 1429 3298 τῶν
1462 3246 1629 3299 ἐθνῶν
1668 3248 1856 3319 κλήσει

284 3335 555 3403 συνήσεις.
610 3334 672 3385 Oi
726 3333 825 3403 μὲν
872 3335 978 3404 γὰρ
1010 3336 1111 3406 τὴν
1146 3336 1235 3389 διὰ
1285 3336 1520 3404 Χριστοῦ
1583 3339 1856 3409 σωτηρίαν

282 3424 648 3493 ἁρπάσαντες,
676 3422 780 3489 ἔξω
811 3425 1065 3491 γεγόνασι
1096 3426 1188 3477 καὶ
1224 3427 1415 3496 πυρὸς,
1446 3427 1538 3479 καὶ
1561 3427 1736 3496 δίκης,
1766 3430 1857 3481 καὶ

278 3516 387 3567 τῶν
426 3518 490 3568 ἐκ
524 3516 673 3576 θείας
720 3515 926 3585 ὀργῆς·
973 3517 1021 3567 οἱ
1074 3516 1131 3569 δὲ
1177 3519 1296 3578 ταῖς
1341 3518 1548 3568 ἑαυτῶν
1596 3517 1857 3587 ἀμαθίαις

282 3610 780 3680 ἐναπομείναντες,
836 3609 931 3661 καὶ
990 3610 1355 3663 ἀναπόνιπτον
1410 3612 1702 3680 ἐσχηκότες
1748 3612 1856 3664 τῶν

278 3704 519 3772 ἀρχαίων
544 3702 878 3770 αἰτιαμάτων
908 3701 997 3753 τὸν
1027 3701 1318 3771 μολυσμὸν,
1359 3702 1443 3754 διὰ
1472 3702 1563 3754 τοῦ
1598 3706 1857 3774 προσκεί-

281 3794 405 3846 σθαι
434 3794 608 3846 θέλειν
645 3795 766 3854 ταῖς
805 3794 911 3844 τῶν
952 3792 1187 3845 εἰδώλων
1216 3793 1511 3863 λατρείαις,
1541 3794 1855 3864 δοθήσονται

278 3885 418 3954 πρὸς
447 3886 685 3953 σφαγήν.
721 3884 1152 3952 Κατοιχήσονται
1186 3883 1294 3953 γὰρ
1316 3887 1393 3946 εἰς
1424 3884 1572 3953 ᾅδου,
1611 3886 1705 3937 καὶ
1738 3888 1858 3939 ἀτε-

277 3978 531 4048 λεύτητον
565 3978 746 4041 ἕξουσι
781 3977 878 4047 τὴν
910 3976 998 4029 διὰ
1046 3977 1214 4047 πυρὸς
1262 3977 1563 4046 ἀκοιμήτου
1612 3979 1850 4033 κόλασιν.

287 4069 475 4137 Ὑμεῖς
504 4068 703 4131 τοίνυν,
750 4067 937 4137 φησὶν,
983 4069 1031 4119 οἱ
1078 4067 1533 4134 ἐγκαταλιπόντες
1574 4086 1671 4139 με,
1700 4087 1855 4121 τουτ-

276 4160 444 4223 έστιν,
472 4162 520 4213 οἱ
554 4161 716 4230 μέχρι
747 4160 946 4222 παντὸς
968 4160 1291 4223 ἀποστάται,
1328 4161 1419 4213 καὶ
1449 4157 1559 4214 οἷον
1580 4164 1659 4225 εἰς
1683 4162 1853 4233 λήθην

276 4252 731 4322 κατενηνεγμένοι
776 4251 1011 4322 παντελῆ
1045 4251 1137 4303 τοῦ
1184 4253 1342 4323 ὅρους
1386 4254 1478 4305 τοῦ
1531 4255 1688 4321 ἁγίου
1727 4274 1849 4324 μου.

275 4342 350 4393 Οὐ
386 4342 494 4412 γὰρ
522 4342 802 4411 ἀνέχονταί
830 4359 973 4404 τινες
998 4342 1104 4394 τῶν
1145 4343 1592 4413 πεπλανημένων,
1628 4347 1721 4399 καὶ
1746 4348 1852 4399 τῶν

272 4435 337 4502 τῇ
370 4433 547 4485 κτίσει
588 4433 1046 4503 λελατρευκότων,
1078 4434 1186 4486 οὐδ’
1221 4436 1342 4487 ὅσον
1371 4438 1545 4499 εἰπεῖν
1570 4438 1763 4491 εἰδέναι
1794 4439 1853 4491 τὸ

2040 2240 2204 2293 V'Ens.
2240 2238 2326 2304 H,
2380 2238 2462 2291 12.
2508 2237 2609 2291 Vos
2660 2248 2831 2292 autem
2872 2240 2957 2309 qui
3006 2238 3287 2307 reliquistis
3341 2257 3441 2304 me,
3490 2252 3537 2294 et

1966 2332 2113 2383 obliti
2143 2336 2264 2383 estis
2316 2331 2505 2381 montis
2538 2330 2705 2381 sancti
2741 2329 2861 2388 mei,
2916 2340 2961 2381 et
3002 2340 3243 2396 parantes
3314 2332 3537 2383 da'moni

1965 2439 2218 2485 mensam,
2266 2431 2313 2475 et
2347 2421 2613 2490 implentes
2667 2420 2919 2474 Fortuna:
2971 2424 3275 2487 potionem:
3308 2440 3394 2476 vos
3445 2440 3537 2492 ego

1965 2513 2177 2565 tradam
2208 2515 2262 2565 in
2297 2514 2558 2582 gladium,
2590 2522 2638 2565 et
2671 2529 2845 2565 omnes
2912 2516 3051 2565 ctrtle
3103 2516 3298 2566 cadetis
3328 2530 3345 2576 ;
3414 2516 3537 2583 quia

1964 2605 2138 2657 vocavi
2191 2620 2297 2665 vos,
2328 2614 2373 2656 et
2408 2622 2509 2657 non
2545 2605 2818 2658 audivistis
2848 2618 2865 2656 :
2898 2604 3101 2656 locutus
3127 2622 3262 2669 sum,
3295 2615 3343 2658 et
3378 2609 3539 2658 abou-

1961 2697 2183 2758 divistis,
2213 2707 2258 2749 et
2293 2696 2485 2765 fecistis
2512 2698 2707 2751 malum
2736 2698 2791 2750 in
2821 2708 3093 2765 conspectu
3127 2714 3260 2760 meo,
3327 2708 3374 2751 et
3420 2714 3537 2767 qua:

1962 2802 2064 2840 nou
2088 2787 2341 2854 volebam,
2370 2789 2616 2859 elegistis.

2036 2964 2498 3031 Quemadmodum
2538 2967 2764 3020 inultum
2795 2983 2899 3020 non
2954 2967 3187 3022 tulerunt
3260 2966 3535 3030 Israelita,

1967 3073 2087 3111 cum
2110 3058 2325 3112 Christo
2355 3077 2458 3111 non
2497 3058 2797 3122 obedirent,
2831 3059 3009 3111 traditi
3070 3069 3196 3113 sunt
3240 3060 3381 3114 enim
3443 3075 3537 3113 oc-

1969 3149 2182 3213 cisioni,
2228 3149 2468 3217 reliquiis
2516 3148 2886 3202 misericordia
2943 3156 2997 3201 et.
3042 3148 3380 3201 humanitate
3444 3147 3534 3201 Dei

1963 3240 2225 3294 servatis:
2269 3242 2345 3293 sic
2394 3250 2448 3293 et
2510 3240 2561 3293 in
2629 3241 2864 3309 gentium
2909 3240 3188 3293 vocatione
3249 3240 3533 3309 intelliges.

1962 3331 2060 3398 Qui
2122 3347 2353 3400 namque
2407 3331 2633 3384 salutem
2696 3345 2792 3399 per
2854 3330 3126 3383 Christum
3169 3333 3535 3397 arripuerunt,

1962 3424 2228 3477 immunes
2299 3422 2516 3476 fuerunt
2595 3424 2661 3477 ab
2737 3424 2877 3493 igne,
2935 3422 3198 3491 supplicio
3253 3432 3306 3475 et
3393 3424 3535 3477 divi-

1962 3531 2027 3568 na
2115 3516 2213 3568 ira.
2290 3516 2358 3568 At
2408 3516 2496 3583 qui
2586 3516 2637 3567 in
2698 3530 2793 3569 sua
2877 3523 3288 3582 permanserunt
3384 3517 3537 3583 igno-

1961 3606 2161 3669 rantia,
2196 3616 2249 3659 et
2276 3605 2677 3673 inquinamenta
2709 3616 2948 3658 veterum
2968 3604 3229 3659 scelerum
3259 3620 3363 3659 non
3393 3606 3537 3660 dele-

1961 3704 2196 3755 runt,eo
2234 3694 2376 3761 quod
2422 3693 2903 3747 vellentidolorum
2951 3694 3326 3748 adhaerescere
3376 3696 3535 3748 culti-

1960 3787 2077 3847 bus,
2117 3786 2395 3839 tradentur
2425 3788 2490 3839 ad
2520 3785 2738 3838 caedem.
2778 3786 3111 3841 Descenderit
3144 3788 3286 3841 enim
3321 3789 3386 3842 ad
3452 3790 3533 3842 in-

1959 3877 2124 3940 feros,
2153 3889 2207 3932 et
2251 3878 2571 3947 supplicium
2598 3888 2857 3931 aeternum
2900 3879 3173 3932 habebunt
3206 3893 3301 3947 per
3352 3882 3530 3947 ignem

1958 3970 2336 4038 irrequictum.
2371 3968 2474 4023 Vos
2503 3970 2685 4039 igitur,
2714 3971 2905 4039 inquit,
2941 3972 3237 4039 reliquistis
3314 3987 3421 4036 me,
3482 3974 3532 4026 id

1956 4071 2060 4127 est,
2090 4077 2305 4131 semper
2343 4074 2627 4132 apostatse,
2662 4072 2715 4116 et
2755 4066 2843 4130 qui
2871 4079 3090 4128 prorsus
3129 4066 3271 4117 velut
3298 4066 3530 4118 oblivio-

1957 4154 2009 4207 ni
2046 4154 2340 4207 tradidistis
2369 4163 2606 4207 montem
2626 4164 2869 4207 sanctum
2902 4170 3100 4207 meum.
3133 4155 3360 4221 Quidam
3386 4157 3529 4210 enim

1956 4246 2046 4314 qui
2082 4256 2401 4298 erraverunt
2458 4255 2511 4299 et
2561 4256 2824 4299 creatura:
2883 4248 3206 4311 servierunt,
3256 4262 3322 4300 ne
3373 4263 3531 4301 nosse

1955 4338 2193 4407 quidem,
2238 4345 2294 4389 ut
2319 4341 2397 4390 sic
2422 4338 2671 4401 dixerim,
2699 4339 2965 4391 sustinent
2998 4351 3189 4391 namen
3223 4338 3482 4394 Ecclesiae
3510 4358 3526 4396 :

1962 4448 1981 4481 ι
2020 4439 2271 4495 parantes
2304 4429 2581 4483 daemoniis
2613 4444 2848 4493 mensas,
2892 4440 2948 4483 et
3002 4432 3248 4499 potiones
3299 4432 3528 4501 implen-

262 4524 369 4593 ,τῆς
400 4525 725 4594 Ἐκκλησίας
754 4526 923 4595 ὄνομα
948 4540 960 4553 ·
1001 4544 1018 4575 ι
1043 4527 1092 4578 οἱ
1112 4529 1223 4589 τοῖς
1246 4526 1541 4596 δαιμονίοις
1575 4529 1851 4597 τραπέζας

1963 4532 2040 4575 les
2074 4521 2343 4574 Fortuuw.
2386 4539 2403 4570 ι
2441 4519 2552 4574 Hoc
2619 4521 2957 4585 factitarunt,
3017 4538 3245 4591 quorum
3317 4525 3529 4579 animus

269 4615 545 4679 τελοῦντες
571 4658 585 4681 ,
637 4618 731 4669 καὶ
778 4618 1103 4688 κεράσματα
1146 4617 1480 4690 πληροῦντες
1520 4624 1584 4692 τῇ
1627 4621 1796 4693 Τύχη.
1829 4643 1845 4671 ι

274 4708 485 4778 ’Έδρων
532 4708 588 4760 δέ
630 4726 682 4762 τι
716 4710 957 4763 τοιοῦτον
986 4711 1035 4762 οἱ
1084 4710 1392 4781 διαϐολικῆς
1436 4714 1631 4783 ἀχλύος
1678 4702 1851 4783 μεμε-

272 4801 553 4870 στωμένην
579 4801 789 4870 ἔχοντες
804 4802 901 4873 τὴν
920 4803 1166 4874 καρδίαν.
1188 4804 1280 4866 Εἰς
1306 4804 1516 4875 σφαγὴν
1543 4806 1849 4877 παραδοθὴ-

271 4892 447 4955 σεσθε,
468 4892 568 4945 κᾶν
589 4895 736 4955 εἴτις
758 4895 881 4946 ὅτου
909 4897 1067 4966 χάριν
1088 4898 1332 4968 τολμήσῃ
1360 4898 1558 4965 λέγειν,
1580 4898 1686 4969 ἐρῶ
1718 4900 1853 4970 πρὸς

270 4983 431 5035 αὐτόν
449 5000 460 5011 ν
481 4983 744 5035 Ἐκάλεσα
763 4986 856 5036 καὶ
877 4986 971 5055 οὐχ
993 4986 1360 5057 ὑπηκούσατε,
1382 4987 1493 5039 ἀλλ’
1514 4988 1748 5059 ἔμμονον
1762 4991 1853 5042 καὶ

267 5074 641 5141 ἀναπόϐλητον
668 5076 818 5145 ἔχετε
862 5078 1149 5147 πονηρίαν,
1198 5080 1335 5147 μόνα
1364 5079 1599 5148 δρῶντες
1638 5081 1705 5133 τά
1740 5085 1850 5145 τοῖς

266 5166 420 5233 ἐμοῖς
464 5166 741 5236 ἀπᾴδοντα
786 5170 991 5237 νόμοις,
1036 5172 1129 5222 καὶ
1172 5172 1717 5243 κατακιϐδηλεύοντες
1753 5176 1848 5244 μὲν

267 5258 445 5310 πάντα
483 5258 682 5327 τρόπον
732 5260 1122 5331 ἀγαθουργίας,
1170 5263 1445 5317 ἀπόλεκτα
1477 5265 1532 5317 δὲ
1578 5267 1845 5321 ποιεῖσθαι

268 5348 678 5412 σπουδάζοντες,
710 5349 775 5401 τὰ
798 5349 868 5401 δι’
896 5342 970 5403 ὧν
998 5350 1061 5403 ἄν
1084 5369 1166 5414 τις
1194 5354 1403 5420 γένοιτο
1430 5356 1626 5416 παντὸς
1643 5357 1843 5426 ἀνάμε-

266 5453 389 5499 στος
421 5436 614 5505 ῥύπου.

332 5528 435 5580 Διὰ
457 5531 631 5585 τοῦτο
649 5532 787 5586 τάδε
816 5534 978 5603 λέγει
1003 5538 1236 5604 Κύριος·
1258 5536 1402 5590 Ἰδοὺ
1433 5540 1485 5591 οἱ
1513 5539 1840 5593 δουλεύον-

262 5616 359 5682 τές
418 5635 516 5684 μοι
569 5620 879 5690 φάγονται,
916 5626 1082 5695 ὑμεῖς
1113 5626 1180 5680 δὲ
1225 5627 1559 5685 πεινάσετε.
1606 5629 1750 5684 Ἰδοὺ
1787 5633 1840 5685 οἱ

1684 5747 1697 5769 1

331 5794 376 5826 ⁸⁹
402 5793 561 5850 Joan.
613 5814 667 5862 ι,
712 5800 799 5853 16.

1958 4612 2127 4683 898
2155 4611 2418 4667 diabolica
2449 4612 2674 4679 caligine
2714 4612 2957 4681 Oppletus
3012 4624 3149 4667 erat.
3215 4611 3525 4668 Trademini

1960 4706 2026 4759 ad
2083 4706 2325 4759 ozedcm:
2373 4704 2573 4773 Siquis
2602 4719 2817 4758 causam
2852 4704 3070 4758 audebit
3125 4720 3388 4774 quaarere,
3448 4708 3527 4762 sic

1958 4797 2006 4850 ei
2045 4799 2339 4865 respondeo
2365 4817 2375 4849 :
2398 4796 2611 4860 Vocavi,
2638 4806 2692 4850 et
2716 4812 2821 4849 non
2854 4798 3153 4860 audivistis,
3188 4800 3281 4853 sed
3306 4815 3528 4855 manen-

1961 4898 2066 4942 tem
2096 4890 2304 4943 habetis
2354 4890 2672 4958 nequitiam,
2704 4903 2825 4958 qua:
2864 4906 2969 4944 non
3030 4900 3204 4961 potest
3238 4890 3419 4957 abjici,
3471 4903 3527 4947 et

1956 4996 2017 5035 ea
2060 4982 2173 5036 sola
2210 4982 2435 5049 patratis
2494 4996 2621 5049 qua:
2652 4997 2682 5035 a
2728 4982 2863 5036 meis
2919 4982 3241 5036 dissentiunt
3294 4984 3523 5054 legibus,

1954 5089 2275 5143 omnemque
2313 5074 2646 5128 honestatem
2680 5075 3018 5141 adulteratis,
3055 5090 3108 5129 et
3149 5077 3234 5129 illa
3269 5079 3526 5148 expetitis

1952 5176 2006 5220 et
2062 5168 2258 5235 eligitis
2279 5167 2538 5229 studiose,
2590 5168 2729 5220 unde
2761 5169 2928 5235 possit
2962 5168 3082 5237 quis
3130 5186 3291 5225 omne
3356 5187 3527 5241 genus

1956 5253 2304 5323 turpitudinis
2344 5255 2686 5309 contrahere.

2019 5533 2185 5587 Vens.
2224 5533 2409 5588 15—15.
2447 5533 2830 5598 Quamobrem,
2863 5537 2971 5589 ha’c
3031 5537 3156 5589 dicit
3215 5536 3467 5593 Dominus
3502 5557 3523 5595 :

1951 5629 2083 5683 Ecce
2120 5630 2211 5699 qui
2249 5630 2474 5684 serviunt
2515 5629 2641 5683 mihi
2698 5631 3002 5695 comedent;
3038 5649 3121 5686 vos
3174 5645 3344 5687 autem
3400 5650 3522 5687 esu-
