4022 6400
591 299 730 359 HIS

592 513 798 567 sitietis.
878 509 1012 564 Ecce
1032 510 1122 580 qui
1174 510 1398 563 serviunt
1430 511 1576 573 mini,
1609 508 1947 571 la-tabuntur,
1973 524 2060 561 vos
2088 524 2188 560 au-

597 613 698 655 tem
726 600 1140 669 confundemiui.
1199 598 1333 652 Ecce
1387 600 1475 668 qui
1522 601 1753 652 serviunt
1800 599 1951 665 mihi,
2011 598 2186 654 exsul-

595 694 786 745 tabunt
827 692 882 743 in
926 691 1140 753 lwtitia,
1176 705 1260 743 vos
1288 700 1461 742 autem
1500 689 1794 742 ctamabitis
1832 706 1943 758 pne
2008 691 2187 745 dolore

596 786 770 840 cordis
811 785 987 846 vestri,
1052 794 1097 836 et
1125 799 1235 852 prw
1274 783 1588 835 contritione
1618 782 1833 847 spiritus
1890 782 2181 837 ululabilis.

596 877 901 948 Reliquistis
931 877 1065 930 enim
1084 891 1268 928 nomen
1300 882 1547 939 vestrum,
1574 875 1629 928 in
1656 876 1988 928 saturitatem
2009 874 2183 928 electis

595 971 744 1025 meis.
782 967 888 1023 Vos
930 977 1104 1021 autem
1131 967 1407 1034 interﬁciet
1445 965 1719 1018 Dominus.

679 1146 973 1216 Componit
998 1160 1215 1213 semper
1253 1145 1412 1211 idque
1472 1142 1784 1197 necessario
1816 1158 1935 1197 cum
1968 1139 2184 1197 coronis

595 1256 888 1304 erumnas,
962 1247 1019 1293 ut
1041 1248 1269 1306 utroque
1293 1238 1449 1291 modo
1472 1237 1703 1291 adducat
1730 1251 1844 1299 eus,
1867 1244 1924 1288 ut
1949 1235 2183 1289 sentiant

595 1347 650 1389 et
674 1335 876 1389 faciant
902 1349 1024 1404 quae
1071 1334 1169 1403 ipsi
1196 1333 1445 1402 placent.
1481 1331 1616 1386 Nam
1671 1332 1824 1386 siculi
1863 1330 2082 1400 praemia
2115 1330 2182 1385 ad

596 1428 811 1481 virtutis
842 1427 1173 1481 desiderium
1205 1427 1494 1480 inescant:
1539 1427 1619 1479 sic
1669 1440 1841 1493 paena:
1910 1424 2182 1479 acerbitas

595 1536 625 1572 a
664 1522 954 1573 vitiositate
982 1518 1251 1573 interdum
1295 1520 1557 1583 deterret,
1593 1526 1647 1571 et
1683 1526 1904 1570 revocat
1947 1517 2012 1569 ad
2070 1532 2182 1570 me-

595 1610 750 1666 liora.
779 1610 1244 1665 Artiticiosissime
1280 1610 1445 1679 igitur
1482 1609 1533 1662 in
1595 1609 1805 1663 animos
1866 1619 2178 1663 vocatorum

594 1722 652 1760 se
676 1706 932 1769 insinuat,
970 1720 1091 1758 cum
1130 1704 1350 1772 praemia
1395 1702 1500 1758 illis
1538 1703 1883 1771 promittens,
1916 1712 2026 1757 tum
2083 1720 2179 1772 pu-

1621 294 1677 349 S.
1724 292 1998 349 CYRILLI
2036 291 2511 349 ALEXANDRINI
2551 289 2871 347 ARCHIEP.

588 423 765 475 rietis.
811 420 947 473 Ecce
984 419 1075 488 qui
1113 418 1345 473 serviunt
1407 416 1560 478 mihi,
1614 418 1809 480 bibent,
1867 433 1955 471 vos
2005 427 2180 471 autem

2290 414 2681 481 δουλεύοντές
2734 432 2838 483 μοι
2892 414 3127 469 σείονται
3150 452 3163 479 ,
3215 414 3382 484 ὑμεῖς
3422 416 3485 469 δὲ
3529 417 3772 489 omnium.

3681 300 3776 361 lilﬁ
3865 66 3876 393 ι

3872 396 3875 451 T

2303 506 2449 561 Ἰδοὺ
2483 509 2537 560 οὶ
2564 505 2960 573 δουλεύοντές
2994 524 3097 576 μοι
3132 507 3639 576 εὐφρανθήσονται,
3660 515 3775 584 ὑμεῖς

2287 596 2357 652 δὲ
2415 600 2925 667 αἱσχυνθήσεσθε.
2987 597 3142 653 Ἰδοὺ
3217 602 3271 652 οἱ
3326 597 3673 669 δουλεύοντες
3710 624 3772 673 μοι

2286 689 2759 759 ἀγαλλιάσονται
2780 690 2850 742 ἑν
2876 690 3249 759 εὐφροσύνῃ,
3271 689 3435 759 ὑμεῖς
3458 689 3521 743 δὲ
3543 692 3772 759 κεκράξετε

2285 780 2384 835 διὰ
2413 781 2521 835 τὸν
2545 783 2737 835 πόνον
2768 780 2878 850 τῆς
2910 781 3161 849 καρδίας
3189 780 3373 850 ὑμῶν,
3414 782 3507 834 καί
3546 783 3641 836 ἀπὸ
3673 801 3771 837 συν.

2284 873 2492 943 τριϐῆς
2513 876 2853 945 πνεύματος
2883 874 3217 936 ὀλολύζετε.
3245 875 3620 944 Κατελείψατε
3639 878 3716 946 γὰρ
3733 880 3773 932 τὸ

2286 968 2476 1036 ὄνομα
2507 968 2675 1036 ὑμῶν
2703 971 2790 1034 είς
2824 966 3197 1037 πλησμονὴν
3228 967 3354 1032 τοῖς
3382 968 3650 1034 ἐκλεκτοῖς
3670 986 3771 1037 pet"

2287 1057 2444 1128 ὑμᾶς
2473 1059 2543 1111 δὲ
2563 1059 2771 1114 ἀνελεῖ
2790 1060 3024 1127 Κύριος.

2369 1151 2484 1203 Ἀεὶ
2533 1151 2904 1221 παρατίθησιν
2963 1150 3282 1219 ἀναγκαίως
3332 1152 3442 1213 τοῖς
3483 1152 3712 1219 στεφάνοις
3733 1153 3775 1205 τὰ

2286 1242 2559 1312 μοχθηρὰ,
2591 1242 2658 1295 δι’
2707 1243 2911 1313 ἀμφοῖν
2950 1243 3249 1313 ἀποφέρων
3302 1244 3381 1306 είς
3407 1242 3464 1295 τὸ
3499 1243 3593 1297 δεῖν
3627 1244 3773 1298 ἑλέσθαι

2282 1334 2351 1387 τὰ
2378 1336 2684 1404 ἀρέσκοντα
2714 1334 2885 1405 αὐτῷ,
2909 1335 3004 1387 καὶ
3031 1338 3252 1405 φρονεῖν
3281 1353 3339 1387 τε
3374 1337 3461 1388 καὶ
3490 1336 3629 1406 δρᾷψ
3648 1336 3772 1407 ὥσπερ

2284 1426 2392 1496 γὰρ
2440 1427 2733 1496 σαγηνεύει
2768 1426 2835 1479 τὰ
2871 1427 3016 1498 γέρα
3076 1427 3215 1500 πρὸς
3260 1427 3446 1497 ἄφεσιν
3482 1428 3663 1499 ἀρετῆς,
3680 1429 3771 1481 οὕτω

2281 1519 2383 1587 τῆς
2411 1517 2566 1588 δίκης
2595 1519 2654 1571 τὸ
2696 1520 2894 1589 πικρὸν
2935 1519 3183 1589 ἐξίστησι
3218 1520 3317 1589 μὲν
3347 1520 3453 1573 ἔσθ’
3490 1520 3568 1573 ὅτε
3592 1522 3677 1573 τῶν
3708 1523 3769 1591 τῆς

2283 1611 2620 1681 φαυλότητος
2654 1611 2904 1682 τρόπων,
2943 1611 3239 1681 μετασοὸεῖ
3272 1611 3327 1664 δὲ
3367 1612 3494 1683 πρὸς
3532 1612 3588 1666 τὰ
3620 1612 3768 1682 βελτίω.

2284 1703 2694 1773 Εὑτεχνέστατα
2718 1704 2899 1756 τοίνυν
2921 1704 3019 1767 τὰς
3055 1703 3168 1757 τῶν
3200 1704 3533 1774 καλουμένων
3565 1706 3770 1775 ὑποτρέχει

597 1799 858 1852 nitionem
925 1797 1199 1851 minitans.
1239 1815 1257 1847 ‹
1327 1794 1624 1850 Comedent
1669 1797 1833 1861 enim,
1874 1813 1893 1847 ι
1982 1796 2175 1863 inquit,

2290 1794 2537 1858 διανοίας,
2577 1795 2717 1864 γέρα
2750 1812 2808 1847 τε
2836 1795 3273 1867 ὑπισχνούμενος
3317 1798 3508 1859 αὐτοῖς,
3550 1797 3626 1849 καὶ
3660 1796 3767 1849 κολά-

602 1891 742 1960 «qui
776 1891 1018 1945 serviunt
1077 1890 1325 1955 mihi;at
1390 1904 1484 1943 vos
1546 1889 1815 1943 esurietis.
1876 1888 1941 1943 Et
1996 1888 2181 1943 bibent

597 1984 695 2046 illi,
747 1992 801 2035 et
831 1981 1029 2036 sitietis
1057 1997 1173 2035 vos.
1217 2000 1235 2033 ι
1285 1980 1661 2036 Gaudentibus
1705 1981 1830 2048 illis,
1874 1996 1971 2036 vos
2029 1982 2180 2048 igno-

598 2074 762 2127 miuia
794 2072 1127 2127 alIiciemini.
1160 2071 1294 2126 Nam
1344 2074 1434 2142 qui
1489 2084 1679 2126 natura
1747 2083 1799 2128 et
1852 2088 1975 2127 vere
2014 2075 2179 2129 Deum

597 2166 934 2235 agnoverint,
967 2175 1074 2219 eta
1134 2164 1272 2219 falso
1339 2168 1669 2235 nuncupatis
1708 2167 1809 2220 diis
1867 2166 2182 2230 resilierint,

598 2260 828 2328 verique
870 2259 1047 2314 cultus
1128 2259 1587 2329 pulchritudinem
1649 2258 1898 2312 admirati
1965 2259 2183 2325 fuerint,

596 2351 993 2406 deliciabuntur
1027 2366 1153 2405 vere
1184 2352 1395 2421 superis
1428 2351 1921 2412 benedictionibus.
1946 2353 2188 2422 saginan-

600 2452 682 2497 tes
710 2444 898 2507 corda,
964 2454 1018 2498 et
1081 2444 1404 2498 accedentes
1457 2443 1523 2497 ad
1591 2442 1864 2497 viviﬁcam
1945 2460 2185 2499 mensam

597 2538 837 2589 onmium
884 2547 1125 2590 nostrum
1146 2535 1455 2589 Servatoris
1486 2536 1718 2599 Christi,
1756 2544 1813 2589 et
1838 2551 2037 2605 panem
2065 2538 2187 2591 vita}

597 2625 839 2691 edentes,
900 2637 956 2680 et
1014 2627 1253 2680 divinum
1314 2635 1496 2695 potum
1557 2626 1827 2691 bibentes,
1881 2642 1975 2694 per
2028 2642 2187 2696 quem

600 2721 733 2771 ﬂant
764 2733 972 2788 supera:
1053 2719 1342 2788 voluptatis
1413 2719 1748 2788 participes:
1802 2731 1993 2788 purgat
2045 2720 2188 2772 enim

601 2822 847 2879 peccata,
898 2826 962 2865 ac
1000 2811 1240 2866 dolorem
1280 2811 1492 2877 eximit,
1576 2812 1935 2881 suppliciique
1990 2822 2189 2865 metum

600 2920 706 2957 non
746 2904 877 2957 sinit
919 2904 1127 2956 animas
1156 2913 1369 2957 nostras
1403 2904 1651 2957 obruere.
1710 2903 1980 2957 Lattamur
2043 2905 2191 2958 enim

599 2999 780 3068 potius
808 3012 902 3066 spe
934 2998 1220 3057 bonorum,
1257 3010 1377 3064 quae
1425 2996 1692 3050 destinata
1758 3012 1878 3050 esse
1932 2996 2194 3067 diligenti-

602 3089 704 3141 bus
768 3087 934 3141 Deum
1011 3084 1255 3140 referunt
1310 3100 1478 3140 sacrae
1516 3086 1751 3140 Litterae.
1788 3105 1807 3136 ‹
1853 3088 1957 3142 Sed
2007 3104 2123 3153 vos,
2168 3107 2188 3141 ι

2284 1903 2399 1949 σεις
2443 1886 2705 1940 ἀπειλῶν.
2740 1906 2758 1939 ι
2797 1888 3063 1956 Φάγονται
3093 1889 3209 1959 γὰρ
3255 1891 3303 1941 οἱ
3334 1887 3633 1950 δουλεύσντές
3660 1906 3764 1957 pot,»

2282 1978 2468 2046 φησὶν,
2498 1997 2516 2028 (
2540 1977 2697 2047 ὑμεῖς
2725 1977 2781 2030 δὲ
2805 1979 3114 2042 πεινάσετε,
3140 1978 3235 2031 καὶ
3269 1979 3485 2031 πίωνται
3511 1979 3595 2049 μὲν
3612 1981 3765 2045 ἐκεῖνοι,

2281 2068 2545 2139 sapam—.5
2571 2069 2625 2121 δὲ
2656 2069 2832 2139 ὑμεῖς.
2866 2090 2885 2122 ι
2914 2071 3377 2141 Εὑφραινομένων
3400 2070 3453 2123 δὲ
3477 2069 3645 2132 αὐτῶν,
3665 2068 3768 2135 ὑμεῖς

2283 2160 2710 2230 αἰσχυνθήσεσθε
2736 2175 2749 2189 ’
2782 2162 2830 2212 oi
2867 2162 2975 2232 γὰρ
3013 2160 3105 2213 τὸν
3160 2160 3322 2231 φύσει
3376 2162 3463 2215 καὶ
3496 2159 3675 2230 ἀληθῶς
3704 2160 3766 2210 ἑπ-

2285 2254 2583 2323 εγνωκότες
2601 2254 2755 2317 Θεὸν,
2777 2254 2990 2309 καὶτῶν
3009 2254 3377 2326 ψευδωνύμων
3394 2255 3765 2324 ἀποπηδήσαντες,

2286 2349 2380 2401 καὶ
2405 2348 2465 2400 τὸ
2491 2348 2587 2419 τῆς
2606 2347 2838 2418 ἀληθοῦς
2858 2348 3113 2419 λατρείας
3140 2348 3506 2418 θαυμάσαντες
3527 2346 3695 2410 κάλλος,
3714 2346 3766 2396 ὲν-

2287 2442 2656 2512 τρυφήσουσιν
2692 2439 2859 2503 ὅντως
2891 2443 3010 2504 ταῖς
3039 2441 3251 2494 ἄνωθεν
3282 2439 3531 2507 εὐλογίαις
3554 2453 3764 2490 mtas-aa:-

2288 2533 2502 2602 νόμενοι
2531 2533 2626 2595 τὰς
2662 2531 2910 2602 καρδίας,
2939 2533 3033 2587 καί
3068 2533 3322 2606 τραπέζῃ
3348 2529 3703 2602 προσϐάλλοντες
3722 2527 3761 2593 τῇ

2289 2624 2537 2694 ζωοποιῷ
2562 2625 2656 2679 τοῦ
2684 2626 2901 2678 πάντων
2928 2627 2959 2693 ὴ
2970 2625 3085 2696 μῶν
3113 2627 3364 2696 Σωτῆρος
3384 2620 3764 2695 Χριστοῦ,καὶτὶν

2289 2719 2454 2791 ἄρτον
2478 2719 2750 2782 ἐσθίοντες
2777 2722 2874 2791 τῆς
2910 2718 3075 2790 ζωῆς,
3110 2721 3211 2773 καὶ
3237 2721 3384 2790 πόμα
3410 2718 3463 2771 τὸ
3493 2717 3625 2779 θεῖον,
3644 2713 3690 2766 δι’
3708 2705 3763 2764 οὗ·

2291 2830 2397 2885 περ
2438 2813 2503 2865 ἂν
2530 2812 2771 2881 γένοιντο
2798 2813 3065 2883 θυμηδίας
3090 2813 3197 2883 τῆς
3234 2812 3434 2866 ἄνωθεν
3466 2810 3670 2881 μέτοχοι·
3693 2804 3748 2856 δια

2292 2905 2543 2977 καθαίρει
2576 2905 2686 2978 γὰρ
2711 2906 3004 2977 ἁμαρτίας,
3028 2906 3123 2958 καὶ
3158 2907 3398 2977 ἐξίστησι
3421 2905 3476 2958 τὸ
3506 2899 3681 2961 λυποῦν,
3705 2897 3762 2949 καὶ

2292 2997 2383 3050 τὸν
2415 2998 2506 3049 ἐπὶ
2539 2998 2616 3068 τῷ
2651 2997 2973 3059 κολάζεσθαι
3005 2997 3171 3066 φόϐον
3202 2997 3499 3067 κατισχύειν
3526 2995 3607 3047 οὐκ
3635 2991 3681 3060 ὲᾷ
3696 2988 3761 3039 τῶν

2295 3089 2577 3160 ἡμετέρων
2618 3089 2887 3143 διανοιῶν.
2937 3089 3358 3162 Εὐφραινόμεθα
3391 3087 3488 3159 γὰρ
3527 3084 3681 3155 μᾶλλον
3709 3079 3760 3131 ἐπ’

610 3180 808 3249 inquit,
842 3180 933 3249 qui
969 3179 1019 3232 in
1073 3193 1259 3233 errore
1312 3179 1609 3242 mansistis,
1653 3196 1670 3228 ι
1715 3177 2018 3233 clamabitis
2079 3197 2185 3249 prae

610 3274 787 3295 J-l-_-
857 3272 1032 3295 ,ιι-ΛΖ..
1089 3271 1251 3295 ..-ηε-,ξ
1335 3283 1378 3295 Α.
1431 3288 1537 3295 λη...-
1587 3272 1905 3295 -..-.ι..2·2--.,ι
1969 3272 2185 3295 -..Ξ-ξι..-

2290 3179 2463 3233 ἐλπίδι
2483 3178 2721 3246 ἀγαθῶν,
2748 3178 2782 3232 ἃ
2806 3181 2917 3241 τοῖς
2951 3179 3211 3246 ἀγαπῶσι
3230 3178 3320 3232 τὸν
3344 3176 3467 3228 Θεὸν
3498 3165 3761 3244 ηὺτρεπξσθαι

2295 3273 2421 3295 --.__\
2460 3272 2514 3295 _x
2544 3271 2778 3295 r-:.-..-..
2810 3270 2865 3295 -1
2906 3270 3051 3295 2--1..
3103 3289 3117 3295 -
3163 3270 3303 3295 suav
3333 3268 3481 3295 .'.....'.‘.
3528 3283 3541 3295 .
3571 3262 3693 3295 οηιηὶι.
3732 3258 3759 3295 nl

604 3274 791 3327 dolore
855 3272 1035 3327 cordis
1089 3271 1279 3335 vestri,
1331 3283 1385 3324 et
1431 3288 1539 3341 prae
1584 3272 1910 3327 contritione
1967 3272 2191 3342 spiritus

605 3365 901 3420 ululabitis.
963 3383 981 3415 ι
1043 3364 1410 3417 Descendente
1459 3366 1601 3418 enim
1672 3363 1885 3419 coalitus
1950 3366 2188 3419 omnium

603 3468 847 3513 nostrum
877 3457 1167 3511 Servatore
1196 3455 1438 3522 Christo,
1512 3456 1681 3527 899
1741 3468 1793 3511 et
1844 3458 2037 3528 cuique
2093 3474 2190 3529 pro

605 3550 861 3619 operibus
898 3550 1190 3613 tribuente,
1240 3550 1533 3619 plorabnnt
1572 3566 1785 3617 onmes,
1817 3562 1872 3605 el
1936 3553 2191 3622 lugehunt

605 3643 695 3710 qui
738 3641 903 3696 Deum
943 3656 1123 3693 verum
1151 3656 1255 3695 non
1289 3651 1644 3707 agnoverunt,
1677 3645 1767 3695 sed
1822 3645 2058 3711 peCCalis
2088 3644 2186 3713 ipsi

605 3734 720 3787 suis
760 3732 1040 3809 immortui
1078 3742 1226 3786 sunt.
1287 3731 1602 3799 Reliquistis
1646 3736 1814 3800 enim,
1855 3736 2046 3804 inquit,
2095 3754 2189 3793 uo-

608 3840 729 3879 men
760 3834 996 3879 vestrum
1053 3826 1119 3879 ad
1154 3825 1492 3879 saturitatem
1528 3826 1719 3882 electis
1762 3829 1898 3882 meis
1931 3846 1944 3881 :
1974 3843 2068 3883 vos
2096 3844 2187 3883 au-

619 3929 725 3973 tem
762 3917 1051 3972 interﬁciet
1095 3916 1376 3971 Dominus.
1436 3918 1728 3971 Considera
1787 3920 1915 3972 mihi
1974 3936 2185 3973 rursum

608 4026 801 4065 sensus
867 4009 1311 4080 profunditatem.
1394 4009 1544 4063 Solet
1600 4007 1879 4078 Scriptura
1931 4010 2188 4065 divinitus

610 4104 870 4171 inspirata
936 4103 1279 4156 saturitatem
1316 4102 1584 4156 interdum
1637 4116 1829 4157 vocare
1885 4106 2185 4159 satietatem

608 4206 665 4250 et
704 4195 907 4248 odium.
957 4193 1101 4247 Dixit
1156 4194 1302 4248 enim
1372 4196 1513 4249 Deus
1566 4193 1864 4251 Israelitico
1922 4200 2187 4267 sanguine

609 4285 897 4339 oriundis:
939 4303 957 4336 ι
1014 4284 1129 4341 Non
1185 4286 1458 4342 remittam
1511 4300 1730 4357 peccata
1777 4302 1982 4345 vestra.
2034 4293 2185 4348 Facti

608 4378 740 4432 estis
776 4378 904 4432 mihi
955 4378 1008 4433 in
1063 4381 1404 4435 saturitatem
1433 4381 1499 4436 ⁸ο.
1546 4401 1563 4433 ι
1624 4382 1728 4438 Vos
1767 4401 1914 4456 ergo,
1986 4387 2182 4456 inquit,

610 4472 705 4541 qui
749 4472 946 4527 afalso
1003 4475 1329 4542 nuncupatis
1386 4476 1490 4530 diis
1557 4493 1662 4532 non
1719 4480 2045 4544 descivistis,
2092 4480 2184 4534 sed

2292 3273 2427 3342 φησὶ
2460 3272 2518 3324 τὸ
2544 3271 2781 3342 Γράμμα
2809 3270 2869 3323 τὸ
2906 3270 3074 3341 ἱερὸν,
3100 3289 3117 3321 ι
3163 3270 3303 3322 Ἀλλ’
3333 3268 3497 3339 ὑμεῖς,
3527 3283 3542 3316 ι
3571 3262 3707 3331 φησὶν,
3732 3258 3760 3309 ιλ

2290 3364 2662 3434 μεμενηκότες
2677 3365 2732 3415 έν
2754 3363 2953 3434 πλάνῃ,
2979 3381 2996 3413 ι
3018 3360 3353 3435 κεκράξεσθε
3378 3360 3459 3413 διὰ
3478 3356 3556 3410 τὸν
3572 3356 3689 3451 πόνον

2290 3460 2520 3532 καρδίας
2557 3460 2731 3531 ὑμῶν,
2771 3462 2866 3514 καὶ
2896 3460 3004 3515 ἀπὸ
3040 3460 3334 3532 συντριϐἦς
3362 3455 3628 3525 πνεύματος
3648 3442 3761 3499 ὀλθλῦ⁹
3876 3442 3877 3497 ί

2292 3550 2429 3617 ξετε.
2457 3571 2475 3605 ι
2498 3553 3015 3623 Καταφοιτήσαντος
3035 3552 3148 3623 γὰρ
3179 3552 3237 3618 ἐξ
3267 3548 3495 3621 οὐρανῶν
3519 3543 3597 3597 τοῦ
3619 3540 3762 3593 πάντων

2289 3645 2449 3716 ἡμῶν
2484 3646 2737 3715 Σωτῆρος
2774 3641 3178 3716 Χριστοῦ,είτα
3208 3637 3655 3714 νέμοντοςὲκὰστῳ
3672 3625 3762 3682 κατὰ

2287 3739 2355 3792 τὰ
2382 3738 2521 3810 ἔργα
2550 3738 2739 3800 αὐτοῦ,
2773 3738 3103 3808 θρηνήσουσι
3134 3738 3353 3800 πάντες,
3378 3735 3465 3788 καὶ
3498 3722 3764 3795 κατοιμὼξω·

2291 3848 2374 3884 σιν
2401 3833 2450 3885 οἱ
2485 3832 2623 3902 μήτε
2658 3831 2789 3885 Θεὸν
2832 3830 3338 3900 ἐπεγνωκότες-τὸν
3365 3822 3604 3897 ἀληθινὸν,
3632 3819 3762 3869 ὲνιιπν⁴

2289 3926 2540 3989 θανόντες
2564 3925 2619 3978 δὲ
2662 3926 2860 3996 μᾶλλον
2883 3928 3001 3990 ταῖς
3026 3926 3236 3980 ἑαυτῶν
3269 3920 3558 3994 ἁμαρτίαις.
3585 3905 3764 3966 limits!-

2286 4020 2425 4090 φατε
2455 4022 2583 4092 γάρν
2620 4022 2774 4092 φησὶ,
2805 4021 2864 4074 τὸ
2892 4022 3062 4093 ὄνομα
3096 4022 3250 4093 ὑμῶν
3287 4022 3367 4083 είς
3402 4008 3667 4085 πλησμονὴν
3693 4003 3764 4061 τοῖς

2287 4114 2563 4177 ἐκλεκτοῖς
2595 4132 2717 4185 μου,
2764 4115 2907 4185 ὑμᾶς
2946 4114 3128 4169 ἀνελεῖ
3177 4114 3393 4185 Κύριος.
3426 4108 3591 4178 Ἀθρει
3618 4102 3665 4168 δή
3707 4111 3763 4165 μθι

2290 4208 2452 4259 πάλιν
2486 4208 2586 4277 τῆς
2632 4209 2841 4270 ἐννοίας
2876 4208 2937 4261 τὸ
2966 4209 3151 4276 βάθος.
3218 4208 3372 4270 Ἔθος
3417 4206 3478 4275 τῇ
3515 4190 3765 4285 aceruatim.»

2288 4302 2477 4372 Γραφῇ
2514 4302 2575 4354 τὸ
2607 4303 2685 4365 εἰς
2733 4300 3050 4372 πλησμονὴν
3083 4300 3197 4355 ἔσθ’
3230 4300 3316 4353 ὅτε
3362 4297 3541 4364 λέγειν,
3570 4287 3666 4343 ἀντὶ
3702 4296 3763 4372 τον

2288 4370 2368 4456 είς
2397 4394 2577 4466 κόρον,
2616 4395 2709 4447 καὶ
2742 4370 2917 4464 μῖσος.
2942 4370 3091 4463 Ἐνφη
3128 4392 3236 4463 γάρ
3266 4407 3362 4444 που
3389 4387 3509 4448 θεὸς
3531 4383 3621 4441 τοῖς
3647 4374 3691 4439 ἐξ
3703 4370 3764 4466 ξύ

2295 4464 2475 4555 ματος
2504 4486 2722 4557 Ἰσραήλ
2743 4502 2755 4515 ’
2790 4504 2807 4536 ι
2837 4484 3030 4538 Οὐκέτι
3056 4486 3239 4557 ἀνήσω
3268 4482 3361 4544 τὰς
3384 4474 3617 4549 ἁμαρτίας
3636 4464 3763 4536 ὑμῶν’

611 4567 665 4620 iu
698 4568 937 4636 peccatis
991 4567 1182 4621 vestris
1240 4568 1439 4621 mortui
1494 4572 1650 4632 estis,
1695 4587 1887 4625 nomen
1943 4586 2185 4627 vestrum

2293 4578 2589 4648 ἐγενήθητε
2617 4595 2705 4648 μοι
2730 4580 2808 4641 εἰς
2838 4576 3173 4647 πλησμονήν.
3200 4595 3218 4627 ι
3247 4575 3425 4645 Ὑμεῖς
3450 4568 3618 4626 τοίνυν,
3636 4557 3763 4629 φησῖνο
3876 4578 3877 4669 χ

609 4660 665 4713 in
697 4660 1062 4725 saturitatem,
1095 4660 1180 4714 vel
1210 4660 1263 4714 in
1295 4662 1477 4716 odium
1508 4664 1802 4733 reliquistis
1819 4666 2005 4721 electis
2026 4669 2183 4725 meis.

610 4749 781 4804 Nemo
795 4751 935 4804 enim
955 4765 1161 4813 eorum,
1188 4751 1276 4817 qui
1294 4752 1622 4809 semcltelecti
1651 4766 1774 4809 sunt
1791 4772 1984 4811 nomen
1999 4772 2189 4827 super-

611 4844 945 4897 stitiosorum
971 4844 1237 4899 admittet.
1264 4844 1481 4917 Refugit
1507 4864 1739 4916 namque
1762 4852 1988 4919 quisque
2006 4851 2187 4906 vocari

610 4932 707 4988 Dei
736 4948 884 4999 osor,
912 4933 1328 4989 simulacrorum
1360 4938 1555 5002 cultor,
1618 4939 1838 5007 impius,
1896 4943 2186 5010 profanus:

611 5027 866 5097 cupitque
890 5028 1059 5097 magis
1098 5027 1203 5082 dici
1237 5029 1463 5099 populus
1510 5041 1751 5098 sanctus,
1806 5049 1935 5102 gens
1991 5034 2187 5099 electa,

612 5122 818 5191 regium
834 5121 1218 5184 sacerdotium,
1239 5123 1535 5177 secundum
1560 5124 1725 5178 divini
1748 5123 1891 5179 Petri
1922 5141 2102 5179 vocem
2118 5126 2185 5181 εί.

613 5213 710 5268 Sin
746 5213 834 5268 cui
878 5214 1050 5267 visum
1083 5214 1174 5280 sit,
1212 5214 1312 5269 hoc
1342 5215 1486 5284 quod
1522 5217 1722 5271 dictum
1755 5227 1855 5283 est,
1919 5215 2184 5274 lsraelitis

613 5307 1041 5370 accommodare,
1091 5313 1149 5357 ut
1191 5304 1298 5361 illis
1348 5307 1605 5363 dicatur:
1644 5326 1663 5359 ‹
1716 5308 2030 5377 Reliquistis
2091 5326 2185 5364 no-

613 5410 736 5449 men
771 5396 886 5466 ejus
910 5396 962 5450 in
990 5396 1296 5452 satietatem
1317 5397 1508 5453 elec1is
1549 5401 1721 5453 meis:
1765 5419 1782 5452 ι
1819 5401 2049 5457 dicimus
2066 5405 2186 5475 qui-

614 5488 735 5542 dem
774 5499 1023 5543 vocatum
1053 5488 1221 5546 fuisse
1251 5491 1529 5557 lsraelem,
1574 5492 1769 5547 liberos
1809 5495 1924 5559 Dei,
1961 5498 2187 5567 ejusque

614 5580 867 5648 pepulum
905 5587 961 5634 et
988 5590 1216 5647 sortem,
1253 5581 1345 5636 sed
1371 5594 1656 5652 postquam
1690 5585 1742 5640 in
1774 5584 2183 5644 ell'renatiouem

684 5758 732 5792 “
768 5757 871 5816 lsa.
922 5776 958 5827 ι,
1016 5760 1100 5815 l5.
1180 5764 1221 5794 ⁶¹
1256 5762 1273 5816 l
1307 5762 1449 5819 Petr.
1498 5781 1555 5829 ll,
1591 5766 1641 5819 9.

2294 4672 2345 4723 οἱ
2393 4673 2526 4743 μήτε
2562 4671 2670 4724 τῶν
2717 4670 3084 4741 ψευδωνύμων
3134 4668 3453 4728 ἀποστάντες
3502 4653 3765 4748 θεῶν,

2295 4763 2528 4826 θνεῶτες
2549 4763 2602 4816 δὲ
2620 4764 2711 4816 καὶ
2735 4766 2855 4826 ταῖς
2876 4764 3083 4817 ἑαυτῶν
3108 4762 3411 4834 ἁμαρτίαις,
3430 4753 3483 4806 τὸ
3506 4752 3643 4843 ὄνομα
3661 4745 3766 4843 Optat

2296 4856 2376 4919 εἰς
2423 4854 2773 4927 πλησμονὴν,
2841 4857 3007 4926 ἤγουν
3057 4858 3135 4918 εἰς
3169 4858 3317 4925 μῖσος
3358 4842 3765 4935 κατελείψατειῖοξς

2294 4947 2570 5010 ἐκλεκτοῖς
2606 4924 2745 5017 μου·
2784 4924 2894 5011 τοῖς
2924 4947 3031 5018 γὰρ
3062 4924 3207 5013 ἅπαξ
3235 4936 3609 5010 ἐξειλεγμένοις,
3645 4924 3766 4980 οὐδεὶς

2292 5037 2353 5090 τὸ
2394 5038 2506 5090 τῶν
2559 5039 2971 5110 δεισιδαιμόνων
2999 5038 3172 5108 ὄνομα
3222 5036 3441 5089 ποιεῖται
3487 5022 3764 5117 παράδεξτξδν’

2290 5130 2487 5199 Φεύγει
2527 5132 2585 5183 δὲ
2630 5132 2775 5195 ἅπας
2802 5131 2862 5184 τὸ
2898 5131 3181 5184 καλεῖσθαι
3215 5125 3476 5197 θεομισὴς,
3506 5118 3585 5170 καὶ
3612 5110 3765 5199 siam?”

2290 5196 2498 5297 λάτρης
2542 5223 2757 5286 ἀνόσιός
2798 5240 2856 5275 τε
2887 5222 2982 5275 καὶ
3030 5222 3252 5293 βέβηλος
3275 5238 3289 5251 .
3319 5216 3510 5285 ἐφίεται
3538 5208 3588 5305 δὲ

2291 5316 2388 5370 τοῦ
2426 5315 2708 5370 καλεῖσθαι
2737 5314 2865 5377 λαὸς
2898 5314 3076 5383 ἅγιος,
3114 5314 3261 5376 ἔθνος
3292 5305 3540 5364 ἐκλεκτὸν,
3565 5298 3765 5391 βασίλειον

2294 5408 2613 5479 ἱεράτευμα,
2638 5405 2780 5459 κατά
2806 5375 2905 5477 την
2936 5375 3222 5460 θεσπεσίου
3246 5375 3448 5470 Πέτρου
3474 5388 3642 5479 φωνήν-⁸
3664 5378 3711 5433 Εἰ

2292 5475 2359 5571 δη
2383 5475 2624 5569 βούλοιτό
2644 5518 2727 5564 τις
2752 5475 2870 5563 τοῖς
2894 5498 2953 5566 ἐξ
2979 5500 3207 5571 αἵματος
3237 5490 3434 5567 Ἰσραὴλ
3453 5475 3702 5571 ἐφαρμόσαξ
3728 5478 3768 5571 to

2426 5550 2616 5661 i‘éV—Wi
2637 5550 2724 5644 1"";
3158 5550 3406 5659 λέγηται.
3420 5550 3499 5646 τὸ,
3530 5550 3556 5625 (ἡ
3571 5550 3767 5626 Κατελείσ
