4022 6400
272 366 407 435 ut":
1366 368 1437 428 'tN
1478 372 1707 427 rsum
1742 366 1846 424 LIB

1948 369 1979 423 Γ.
2024 358 2257 423 TOMUS
2300 364 2383 422 Vl.
3379 373 3517 429 1418

268 496 406 564 ψατε
436 492 498 545 τὸ
537 492 708 561 ὄνομα
747 492 897 564 ὑμῶν
943 496 1022 557 εἰς
1062 494 1381 565 πλησμονὴν
1426 496 1536 556 τοῖς
1566 492 1840 553 ἐκλεκτοῖς

1948 499 2058 547 ιοιο
2088 488 2290 559 impetu
2326 495 2672 556 proruerunt,
2712 487 2814 541 hac
2856 496 2999 542 tanta
3028 487 3101 543 illi
3154 488 3323 559 gloria
3375 493 3521 547 exci-

273 602 409 656 μου·
445 605 463 637 ι
501 585 702 655 φαμὲν,
735 586 816 637 ὅτι
858 586 1022 639 τέκνα
1053 585 1209 649 Θεοῦ,
1246 585 1340 637 καὶ
1376 585 1501 649 λαὸς
1534 586 1721 649 αὑτοῦ,
1754 583 1846 636 καὶ

1948 584 2157 647 derunt,
2201 596 2429 649 eamque
2461 579 2605 633 velut
2635 581 2979 636 haereditario
3002 582 3128 649 jure
3164 583 3523 652 possederunt

269 676 471 748 κλῆρος
497 676 741 728 ἐκαλεῖτο
758 676 855 745 μὲν
881 678 909 729 ὁ
940 676 1157 745 Ἰσραήλ
1176 693 1190 707 ·
1218 677 1404 748 ἐπειδὴ
1429 677 1485 730 δὲ
1510 674 1841 729 κατώλισθον

1948 674 2125 743 quiex
2152 672 2406 743 gentibus
2444 672 2620 724 vocati
2673 681 2819 727 sunt.
2878 671 2943 726 Et
2990 673 3091 727 hoc
3147 682 3251 741 est,
3307 675 3518 744 opinor,

269 769 513 839 ἀσχέτως
545 770 623 831 εἰς
648 769 707 821 τὸ
736 768 969 839 ὲξήνιον,
993 770 1382 825 ὲκπεπτώκασι
1412 771 1509 841 μὲν
1538 770 1636 839 τῆς
1661 769 1843 822 τοιαύ-

1948 766 2085 836 quod
2136 765 2271 819 dixit
2298 764 2439 818 Deus
2474 779 2604 818 voce
2637 762 2775 819 Osee
2818 782 2831 817 :
2868 782 2886 816 ι
2930 763 3148 821 Vocabo
3178 782 3285 823 non
3344 782 3518 837 βορη-

268 879 369 930 της
394 862 552 933 δόξης
574 863 748 925 αὐτοὶ,
769 862 1284 934 κεκληρονομήκασι
1313 862 1371 917 δὲ
1400 864 1591 934 ὥσπερ
1614 862 1776 915 αὑτὸν
1795 862 1845 913 oi

1948 858 2050 913 lum
2072 872 2274 920 meum,
2305 854 2560 926 populum
2610 871 2819 910 meum:
2870 864 2925 912 et
2967 857 3144 913 dicam
3175 873 3285 914 non
3320 858 3519 930 populo

270 953 329 1015 ἐξ
356 954 524 1005 ἐθνῶν
560 955 903 1025 κεκλημένον
931 957 1210 1020 καὶτοῦτο,
1225 952 1398 1027 οἶμαι,
1423 955 1568 1008 ἐστὶν
1581 956 1717 1025 ὅπερ
1736 954 1839 1023 ἔφη

1941 964 2081 1014 meo,
2120 946 2355 1018 Populus
2405 961 2558 1001 meus
2583 960 2642 1002 es
2681 957 2735 999 tu
2768 946 2833 998 θ’.
2861 965 2880 997 ι

244 1047 401 1121 Θεὸς
463 1048 551 1101 διὰ
585 1050 769 1120 φωνῆς
816 1050 994 1121 Ὠσηὲ·
1048 1069 1072 1103 π(
1109 1050 1337 1105 Καλέσω
1379 1052 1472 1105 τὸν
1514 1051 1574 1103 οὐ
1618 1049 1744 1102 λαόν
1779 1065 1903 1119 μου,
1943 1044 2069 1098 λαόν
2111 1059 2244 1115 μου»,
2289 1042 2385 1095 καὶ
2435 1041 2546 1112 ἐρῶ
2584 1040 2661 1110 τῷ
2706 1041 2766 1094 οὐ
2810 1041 2922 1112 λαῷ
2961 1059 3062 1113 μου
3088 1060 3101 1072 ·
3148 1043 3291 1107 Λαὸς
3336 1060 3440 1115 μου
3472 1040 3525 1097 εἷ

271 1157 356 1193 συ.
392 1159 411 1190 θ

344 1235 477 1301 Τοῖς
514 1236 582 1290 δὲ
608 1237 1010 1291 δουλεύουσιν
1042 1236 1222 1303 αὐτῷ,
1248 1237 1616 1307 κληθήσεται
1659 1236 1847 1305 ὄνομα

270 1328 502 1391 καινὸν,
544 1327 576 1381 ὃ
611 1328 1084 1398 εὑλογηθήσεται
1127 1329 1224 1382 ἐπὶ
1268 1328 1379 1398 τῆς
1418 1328 1558 1399 γῆς·
1592 1328 1846 1397 εὐλοτή-

272 1433 453 1473 σουσι
484 1419 593 1488 γὰρ
625 1420 731 1473 τὸν
757 1420 903 1474 Θεὸν
917 1421 1021 1475 τὸν
1042 1421 1348 1489 ἀληθινόν.
1371 1421 1479 1476 Kal
1511 1424 1565 1475 οι
1592 1421 1847 1489 ὀμνύον-

271 1527 370 1576 τες
413 1511 511 1563 ἐπὶ
560 1511 671 1579 τῆς
721 1510 852 1580 τῆς,
904 1512 1188 1580 ὀμοῦνται
1228 1513 1336 1567 τὸν
1383 1513 1531 1567 Θεὸν
1564 1512 1673 1566 τὸν
1699 1512 1849 1579 ἀλη-

272 1603 471 1657 θινόνο
520 1602 914 1668 ἐπιλήσονται
955 1603 1063 1673 γὰρ
1109 1604 1225 1672 τὴν
1256 1606 1467 1674 θλίψιν
1497 1603 1696 1659 αὐτῶν
1732 1604 1846 1671 τὴν

272 1694 532 1763 πρώτην,
563 1696 657 1747 καὶ
683 1697 795 1749 οὐκ
824 1696 1191 1763 ἀναϐήσεται
1214 1696 1414 1752 αὐτῶν
1436 1697 1535 1751 ἐπὶ
1574 1697 1689 1765 τὴν
1709 1712 1847 1764 καρ-

272 1784 429 1839 δίαν.
480 1788 691 1839 Ἔσται
739 1787 847 1856 γὰρ
882 1790 914 1842 ό
961 1788 1217 1857 οὐρανὸς
1253 1787 1478 1854 καινὸς,
1534 1788 1634 1841 καὶ
1676 1789 1715 1856 ή
1770 1785 1846 1856 γῆ
1880 1822 1921 1876 Β

273 1875 471 1943 καινὴ,
510 1877 607 1930 καὶ
641 1879 712 1931 οὐ
756 1878 842 1947 μὴ
865 1877 1333 1947 μνησθῶσιτῶν
1369 1878 1687 1948 προτέρων,
1721 1878 1848 1931 οὐδ’

273 1969 344 2020 οὐ
367 1967 454 2035 μὴ
487 1967 710 2037 ἐπέλθῃ
742 1968 938 2023 αὐτῶν
967 1971 1066 2023 ἐπὶ
1108 1969 1225 2040 τὴν
1270 1971 1541 2039 καρδίαν,
1581 1970 1717 2025 ἀλλ’
1750 1972 1850 2023 ei)-

272 2061 589 2127 φροσύνην
616 2060 713 2114 καὶ
744 2061 1085 2132 ἀγαλλίαμα
1106 2061 1483 2131 εὑρήσουσιν
1513 2063 1581 2115 ἐν
1604 2060 1777 2129 αὐτῇ.

344 2149 530 2201 Πάντα
560 2151 780 2218 γέγονεν
810 2153 867 2204 ὲν
900 2151 1120 2221 Χριστῷ
1149 2151 1331 2216 καινὰ,
1361 2150 1455 2203 καὶ
1479 2149 1724 2220 λατρεία,
1755 2148 1850 2201 καὶ

274 2239 409 2309 ζωὴ,
456 2239 552 2290 καὶ
584 2239 909 2309 νομοθεσίαο
951 2241 1010 2292 οὐ
1046 2242 1156 2310 γάρ
1185 2242 1368 2303 σκιαῖς
1416 2239 1495 2293 ἔτι
1530 2240 1625 2292 καί⁵
1657 2238 1849 2302 τύποις

273 2333 552 2400 ἀνονήτοις
580 2331 952 2402 προσκείμεθα
973 2349 986 2363 ·
1018 2330 1278 2402 τελοῦμεν
1307 2332 1363 2384 δὲ
1406 2331 1604 2400 μᾶλλον
1640 2329 1719 2400 τῷ
1757 2330 1849 2382 ἐπὶ

274 2421 492 2475 πάντων
529 2421 647 2492 Θεῷ
699 2423 797 2493 τὴν
825 2425 880 2474 ἐν
921 2423 1190 2493 πνεύματί
1210 2440 1271 2475 τε
1302 2423 1394 2475 καὶ
1432 2422 1659 2493 ἀληθείᾳ
1683 2438 1849 2493 προσ-

274 2514 500 2583 κύνησιν
555 2516 650 2567 καὶ
676 2513 951 2585 λατρείαν.
986 2514 1411 2585 Χρηματίζομεν
1441 2514 1496 2567 δὲ
1526 2514 1585 2567 οὐ
1616 2513 1758 2567 κατά
1784 2530 1847 2581 γε

273 2608 397 2670 τοὺς
428 2607 488 2671 ἐξ
514 2607 743 2676 αἵματος
774 2606 1007 2677 Ἰσραὴλ,
1042 2605 1117 2669 ὡς
1150 2608 1213 2658 ἐκ
1236 2604 1346 2659 τῶν
1370 2605 1702 2677 γενεαρχῶν,
1729 2605 1847 2675 ἦτοι

274 2699 548 2769 πατέρων,
586 2697 845 2769 Ἐφραίμ,
876 2699 908 2769 ἢ
945 2697 1291 2768 Μανασσῆ,ῆ
1331 2698 1426 2750 καὶ
1452 2697 1527 2761 ὡς
1560 2696 1617 2761 ἐξ
1656 2696 1848 2764 ἑτέρας

276 2792 484 2861 φυλῆς,
520 2791 636 2844 ἀλλ’
675 2792 794 2843 οὐδὲ
832 2790 929 2861 τὴν
972 2790 1079 2842 τῶν
1117 2788 1495 2860 Γραμματέων
1546 2789 1641 2841 καὶ
1683 2788 1848 2857 Φαρι-

278 2883 443 2935 σαίων
465 2882 735 2953 ἐρχόμεθα
766 2881 971 2952 τρίϐον,
1008 2882 1105 2951 τὴν
1135 2880 1228 2933 τοῦ
1258 2880 1585 2951 γράμματος
1624 2877 1847 2931 παλαιό-

274 2993 414 3046 τητα
442 2974 535 3028 τοῦ
574 2976 772 3037 παντὸς
805 2972 1079 3038 ἀξιοῦντες
1117 2974 1294 3041 λόγου,
1329 2972 1442 3025 ἀλλ’
1481 2974 1539 3025 ὲν
1570 2971 1845 3040 καινότητι

275 3066 422 3138 ζωῆς
462 3066 824 3137 εὐαγγελικῆς
874 3067 1170 3135 προσίεμεν
1195 3062 1271 3133 τῷ
1314 3062 1561 3134 Χριστῷ,
1611 3062 1704 3114 καὶ⁵
1746 3062 1845 3132 τὴν

2027 1221 2189 1277 Vens.
2208 1220 2391 1276 16-18.
2415 1222 2479 1275 At
2504 1223 2595 1292 qui
2618 1224 2845 1276 serviunt
2868 1226 2935 1290 ei,
2962 1226 3291 1282 vocabuntur
3316 1233 3525 1288 nomine

1954 1330 2110 1381 novo,
2143 1314 2230 1367 cui
2257 1314 2586 1368 benedicatur
2611 1330 2766 1383 super
2791 1324 3019 1372 terram:
3050 1319 3349 1375 benedicent
3383 1324 3525 1378 enim

1954 1408 2124 1462 Deum
2164 1423 2360 1461 verum.
2393 1405 2462 1460 Et
2502 1409 2590 1474 qui
2623 1408 2812 1477 jurant
2858 1411 2912 1463 in
2954 1418 3115 1477 terra,
3134 1413 3392 1481 jurabunt
3433 1434 3526 1486 per

1955 1498 2124 1553 Deum
2155 1513 2330 1552 verum
2357 1513 2377 1552 :
2407 1498 2774 1554 obliviscantur
2800 1502 2937 1555 enim
2969 1504 3278 1572 afﬂictionis
3310 1508 3523 1575 prioris,

1950 1606 2114 1661 neque
2135 1592 2298 1644 veniet
2320 1591 2375 1643 in
2402 1606 2493 1643 cor
2520 1606 2721 1646 eorum.
2754 1591 2868 1645 Erit
2895 1595 3032 1648 enim
3063 1597 3246 1651 caelum
3264 1615 3453 1654 novum
3474 1611 3523 1657 et

1952 1688 2096 1735 terra
2122 1698 2277 1746 nova,
2316 1696 2361 1734 et
2394 1698 2495 1736 non
2528 1684 2945 1739 recordabuntur
2971 1689 3232 1755 priorum,
3257 1708 3417 1760 neque
3441 1710 3525 1748 ve-

1950 1774 2088 1826 nient
2117 1772 2223 1826 illis
2265 1774 2321 1825 in
2366 1784 2610 1841 mentem,
2643 1776 2731 1828 sed
2760 1778 3004 1833 lwtitiam
3035 1790 3082 1834 et
3120 1783 3523 1841 exsultationem

1950 1861 2207 1915 invenient
2235 1862 2287 1914 in
2314 1878 2399 1913 ea.

2017 2146 2209 2203 Omnia
2242 2148 2386 2204 facta
2415 2160 2541 2206 sunt
2564 2153 2618 2207 in
2640 2152 2864 2210 Christo
2890 2172 3050 2224 nova,
3080 2159 3423 2228 cultus,vita.
3448 2165 3524 2221 le-

1948 2239 2183 2308 gislatio.
2220 2239 2335 2294 Non
2382 2242 2529 2296 enim
2568 2244 2679 2314 jam
2721 2247 2927 2302 umbris
2958 2260 3013 2305 et
3058 2252 3198 2323 typis
3245 2252 3523 2311 inutilibus

1949 2332 2401 2400 adbaerescimns,
2434 2335 2534 2389 sed
2577 2336 2709 2405 Deo,
2756 2339 2846 2408 qui
2889 2356 3050 2411 supra
3083 2358 3272 2401 omnes
3322 2357 3424 2412 est,
3469 2351 3520 2402 iu

1948 2422 2139 2490 spiritu
2187 2433 2243 2477 et
2285 2426 2510 2480 veritate
2545 2428 2747 2484 cultum
2790 2445 3108 2501 praestamus
3140 2446 3195 2492 et
3222 2442 3523 2494 veneratio-

1951 2526 2093 2566 nem.
2144 2512 2329 2582 Neque
2384 2517 2720 2585 appellamur
2758 2522 2923 2594 900
2957 2534 3013 2579 ut
3060 2525 3357 2585 Israelitico
3398 2546 3521 2586 san-

1947 2604 2109 2671 guine
2132 2605 2369 2671 oriundi,
2408 2608 2491 2662 vel
2524 2619 2581 2663 ut
2619 2627 2683 2665 ex
2714 2615 2891 2681 gentis
2915 2618 3277 2689 principibus,
3307 2632 3398 2677 aut
3428 2639 3519 2693 pa-

1949 2696 2151 2763 tribus,
2195 2697 2491 2768 Ephraim,
2537 2703 2619 2758 vel
2650 2704 2925 2777 Manasse,
2978 2712 3064 2767 vel
3111 2728 3175 2768 ex
3221 2714 3324 2770 alia
3363 2720 3518 2787 quas'

1948 2787 2113 2852 tribu,
2164 2790 2256 2842 sed
2276 2805 2449 2859 neque
2486 2791 2798 2851 Scribarum
2850 2808 2905 2854 et
2936 2798 3329 2860 Pharisaeorum
3375 2809 3517 2863 viam

1946 2876 2514 2947 iugredimur,litteraa
2542 2891 2864 2944 vetustatem
2905 2906 3117 2947 summo
3162 2896 3421 2953 habentes
3463 2901 3515 2955 iu

1948 2972 2145 3038 pretio,
2173 2974 2266 3029 sed
2296 2974 2347 3029 in
2376 2976 2615 3031 novitate
2642 2978 2764 3033 vitae
2793 2983 3115 3052 evangelicae
3147 2989 3213 3041 ad
3239 2989 3515 3044 Christum

1948 3066 2273 3126 accedimus.
2316 3076 2368 3121 et
2403 3084 2594 3123 nomen
2619 3071 2737 3139 ejus
2766 3073 2911 3129 velut
2936 3089 3134 3130 corona
3176 3080 3420 3151 insigniti
3460 3092 3518 3137 et

273 3162 367 3215 ἀπ’
391 3161 554 3214 αὑτοῦ
585 3161 797 3231 κλῆσιν,
828 3159 1015 3231 ὥσπερ
1038 3159 1159 3212 τινὰ
1192 3160 1452 3223 στέφανον
1474 3156 1846 3227 ἀναδούμενοι,

1952 3155 2207 3222 redimiti,
2236 3156 2533 3215 Christiani
2571 3177 2971 3234 nuncupamur.
3006 3166 3118 3223 Hoc
3160 3182 3243 3227 est
3270 3174 3399 3230 illud
3428 3192 3521 3231 ce-

275 3253 684 3326 χρηματίζομεν
717 3251 1057 3322 Χριστιανοί.
1090 3250 1263 3303 Τοῦτο
1316 3249 1380 3321 δὴ
1416 3250 1477 3303 τὸ
1524 3248 1809 3319 διαϐόητον
1830 3292 1843 3315 ,

274 3349 369 3400 καὶ
392 3345 754 3419 εὐλογημένον
788 3345 961 3415 ὄνομα
990 3342 1133 3396 κατά
1164 3343 1341 3396 πᾶσάν
1367 3344 1483 3394 ἐστι
1512 3340 1610 3411 τὴν
1632 3340 1721 3393 ὑπ’
1754 3340 1846 3392 οὐ·

276 3440 452 3509 ρανὸν.
489 3438 705 3509 Ἐπειδὴ
735 3438 791 3491 δὲ
822 3436 1207 3507 ηὑλογήοημεν
1254 3436 1406 3508 παρά
1446 3436 1703 3505 Χριστοῦ,
1753 3436 1846 3489 καὶ

271 3536 430 3603 ἡμεῖς
463 3532 623 3585 αὐτὸν
654 3533 773 3595 ταῖς
818 3531 1086 3598 εὐλογίαις
1122 3531 1213 3583 καὶ
1251 3528 1650 3599 ἀκαταλήκτοις
1700 3527 1846 3591 δοξο-

270 3624 478 3692 λογίαις
515 3623 934 3693 κατευφραίνειν
965 3621 1355 3691 σπουδάζομεν.
1377 3620 1549 3673 Πάλαι
1583 3620 1680 3689 μὲν
1708 3619 1839 3689 γάρ,

270 3717 387 3786 ἦτοι
410 3717 517 3786 πρὸ
541 3716 639 3786 τῆς
682 3718 761 3777 εἰς
804 3714 963 3768 αὑτὸν
1006 3715 1261 3777 πίστεως,
1293 3715 1403 3776 τοῖς
1432 3713 1530 3765 οὐκ
1557 3709 1676 3767 οὖσι
1703 3712 1845 3775 θεοῖς

270 3807 643 3875 ἐξυφαίνοντες
683 3806 781 3868 τὰς
805 3804 969 3875 ῲδάς,
1000 3804 1314 3876 ὲγελώμεθα
1343 3803 1586 3866 δικαίως.
1630 3802 1844 3873 Ἐπειδὴ

268 3899 325 3951 δὲ
363 3902 454 3950 τὸν
496 3899 653 3965 φύσει
683 3898 812 3950 Θεὸν
849 3895 1191 3967 ἐγνώκαμεν,
1229 3895 1504 3967 ὑμνοῦμεν
1545 3895 1727 3959 αὐτὸν,
1754 3896 1845 3948 καὶ

266 3990 482 4061 καρπὸν
538 3989 761 4061 χειλέων
796 3990 889 4041 καὶ
932 3987 1178 4058 γλώττης
1207 3987 1354 4059 αὐτῷ
1381 3986 1843 4059 προσκομίξομεν,

266 4084 365 4147 τὰς
391 4081 697 4150 δοξολογίας
726 4082 889 4135 αὐτοῦ
925 4099 990 4152 με
999 4098 1103 4152 μνη
1113 4081 1280 4151 μένοι,
1304 4080 1404 4133 κᾶν
1426 4083 1473 4133 εί
1497 4079 1704 4149 γένοιτό
1728 4097 1846 4143 πως

267 4174 481 4245 ἀνάγκη
515 4173 608 4226 καὶ
653 4172 813 4243 χρεία
840 4172 939 4242 τῆς
980 4172 1067 4225 διὰ
1098 4172 1205 4224 τῶν
1235 4173 1413 4243 ὅρκων
1453 4170 1844 4242 πληροφορίας,

266 4264 351 4331 ἐφ’
381 4265 487 4333 ὅτῳ
518 4260 610 4316 οὖν
651 4263 759 4316 τῶν
801 4262 1138 4335 πραγμάτων
1167 4262 1423 4333 ὀμοΰνται
1456 4262 1546 4315 τὸν
1577 4261 1709 4315 Θεὸν
1755 4261 1846 4313 τὸν

267 4355 541 4424 ἀληθινόν.
576 4356 734 4418 Ἐθος
768 4356 865 4426 μὲν
898 4356 1006 4428 γὰρ
1032 4358 1145 4419 τοῖς
1171 4358 1279 4408 τῶν
1310 4354 1543 4407 εἰδώλων
1573 4354 1843 4425 θεραπευ-

267 4451 408 4512 ταῖς,
439 4448 619 4516 ὅρκιον
649 4445 761 4499 ἐσθ’
797 4448 885 4500 ὅτε
926 4449 1195 4502 ποιεῖσθαι
1241 4448 1332 4499 τὸν
1377 4446 1631 4517 οὐρανὸν,
1667 4446 1701 4516 ἢ
1751 4446 1845 4498 καὶ

1951 3245 2367 3304 lcbratissimum
2410 3260 2466 3306 et
2496 3265 2590 3321 per
2619 3270 2835 3312 omnem
2861 3269 3057 3314 terrain
3096 3264 3194 3317 sub
3219 3267 3340 3322 cmli
3364 3283 3517 3323 com-

1948 3337 2107 3406 plexu
2149 3340 2508 3396 benedictum.
2551 3343 2616 3398 Et
2652 3348 2778 3415 quia
2811 3362 2913 3403 nos
2954 3351 3222 3409 benedicti
3260 3372 3448 3414 sumus
3485 3377 3514 3413 a

1947 3431 2189 3497 Christo,
2229 3436 2507 3489 studemus
2548 3438 2709 3490 etiam
2737 3453 2836 3494 nos
2862 3440 3011 3496 illum
3052 3446 3518 3506 benedictionibus

1946 3530 2003 3577 et
2023 3524 2293 3592 perpetuis
2330 3526 2576 3585 laudibus
2606 3529 2899 3587 oblectare.
2939 3533 3078 3590 Olim
3109 3540 3275 3606 enim,
3308 3552 3362 3596 et
3391 3556 3518 3598 ante

1948 3611 2107 3666 ﬁdem
2144 3614 2198 3668 in
2231 3615 2426 3685 ipsum,
2459 3619 2591 3673 odas
2615 3630 2969 3680 contexentes
3008 3643 3113 3682 non
3139 3630 3261 3697 diis,
3287 3632 3412 3701 jure
3445 3638 3517 3688 ri-

1948 3704 2228 3762 debantur.
2257 3707 2545 3778 Postquam
2593 3724 2771 3768 autem
2817 3726 3009 3773 natura
3038 3719 3209 3775 Deum
3243 3725 3512 3791 novimus,

1947 3796 2095 3852 illum
2133 3800 2498 3868 celebramus,
2543 3815 2596 3858 et
2633 3808 2870 3862 fructum
2914 3810 3177 3867 labiorum
3217 3831 3281 3871 ac
3322 3818 3516 3889 lingtnn

1947 3891 2046 3956 ipsi
2089 3892 2385 3955 oderimus,
2420 3895 2606 3951 laudes
2647 3898 2763 3964 cjus
2804 3916 3331 3963 commemorantes:
3362 3910 3516 3980 sique

1947 3997 2084 4052 opus
2110 3999 2304 4039 ususvc
2337 3986 2500 4042 fuerit
2526 3987 2883 4059 jurisjurandi
2913 3995 3347 4064 conﬁrmatione,
3374 4000 3427 4057 in
3457 4018 3515 4055 re

1947 4076 2220 4144 quapiam,
2261 4076 2453 4143 jurant
2497 4096 2593 4147 per
2645 4081 2812 4136 Deum
2873 4099 3081 4140 verum.
3117 4086 3213 4143 Est
3261 4091 3404 4145 enim
3461 4094 3513 4145 in

1949 4182 2097 4220 more
2141 4168 2402 4223 idolorum
2443 4172 2742 4228 cultoribus
2780 4174 3146 4243 juramentum
3191 4194 3288 4249 per
3315 4180 3510 4236 caelum

1947 4262 2028 4313 vel
2058 4276 2152 4330 per
2182 4263 2327 4316 aliud
2366 4266 2655 4333 quodpiam
2692 4267 2744 4319 in
2773 4284 2838 4321 eu
2868 4268 3252 4325 elementorum
3305 4290 3515 4330 nuneu-

1946 4366 2095 4419 pare.
2124 4353 2191 4406 At
2231 4354 2321 4423 qui
2359 4358 2517 4409 tidem
2558 4370 2898 4428 receperunt,
2927 4363 3088 4416 etiam
3114 4364 3425 4434 iuveniliter
3453 4385 3516 4422 ac

1946 4453 2164 4501 strenue
2208 4463 2236 4499 a
2285 4447 2399 4503 suis
2445 4450 2657 4506 delictis
2703 4456 2987 4510 recedunt:
3022 4473 3119 4527 per
3163 4461 3334 4513 solum
3369 4463 3513 4515 enim

268 4541 454 4612 ἔτερόν
482 4559 534 4593 τι
577 4541 687 4593 τῶν
718 4544 775 4594 ὲν
807 4543 955 4612 αὐτῷ
999 4540 1296 4613 στοιχείων.
1330 4540 1393 4592 Οἱ
1429 4538 1486 4591 δὲ
1523 4540 1622 4609 τὴν
1662 4538 1843 4591 πίστιν

1948 4535 2313 4591 universitatis
2362 4537 2529 4592 Deum
2576 4539 2782 4607 jurant,
2818 4544 3050 4601 scientes
3102 4548 3271 4616 ipsum
3312 4558 3506 4604 natura

269 4634 723 4704 παραδεξάμενοι,
758 4634 986 4687 καὶτῶν
1032 4637 1110 4697 εἰς
1146 4633 1305 4686 τοῦτο
1352 4631 1844 4703 πλημμελημάτων

270 4728 604 4795 ἀποφοιτῶσι
654 4730 918 4791 νεανικῶς
946 4745 958 4756 ’
1001 4728 1184 4799 ὅρκιον
1229 4727 1337 4798 γὰρ
1372 4725 1650 4779 ποιοῦνται
1687 4724 1844 4794 μόνον

267 4823 356 4874 τὸν
384 4821 490 4873 τῶν
522 4821 657 4873 ὅλων
692 4821 848 4882 Θεὸν,
878 4820 1038 4872 αὐτὸν
1080 4818 1278 4883 εἰδότες
1318 4819 1475 4888 φύσει
1509 4836 1565 4871 τε
1599 4818 1689 4870 καὶ
1716 4817 1845 4886 ἀλη-

268 4912 375 4974 Οῶς
399 4912 692 4981 Δεσπότην,
718 4912 810 4963 καὶ
839 4910 1023 4982 ἕτερον
1045 4910 1133 4962 ἐπ’
1161 4910 1307 4979 αὑτῷ
1335 4908 1611 4971 παντελῶς
1631 4908 1839 4960 οὐδένα.

268 5005 437 5057 Τοῦτο
461 5005 555 5057 καὶ
583 5007 610 5057 ὁ
638 5004 726 5056 διὰ
748 5004 988 5066 Μωσέως
1018 5003 1349 5072 προστέταχε
1378 5003 1540 5073 νόμος
1559 5019 1572 5033 ·
1609 5000 1841 5070 «Κύριον

266 5096 395 5165 γὰρ,
436 5097 588 5165 φησι,
624 5097 714 5148 τὸν
770 5096 900 5149 Θεὸν
963 5112 1056 5148 σου
1092 5096 1514 5168 προσκυνήσεις,
1560 5094 1654 5146 καὶ
1692 5091 1840 5161 αὐτῷ

270 5192 415 5263 μόνῳ
446 5192 782 5263 λατρεύσεις,
819 5192 909 5244 καὶ
944 5190 1020 5261 τῷ
1039 5192 1262 5261 ὀνόματι
1302 5189 1633 5258 αὑτοῦᾲόμῇ
1668 5206 1685 5237 ι
1723 5181 1841 5238 εἶτά

268 5302 452 5356 φησιν,
478 5286 559 5338 ὅτι
592 5303 608 5335 ι
643 5285 1021 5355 Ἐπιλήσονται
1051 5284 1146 5353 τὴν
1173 5281 1348 5351 ολίψιν
1370 5281 1548 5334 αὐτῶν
1572 5279 1667 5351 τὴν
1691 5278 1842 5349 πρώ-

266 5396 384 5449 την,
416 5380 509 5431 καὶ
549 5379 647 5431 οὐκ
694 5377 1024 5448 ἀναϐήσεται
1058 5376 1235 5429 αὐτῶν
1266 5375 1358 5427 ἐπὶ
1391 5374 1490 5444 τὴν
1536 5371 1781 5443 καρδίανο
1817 5389 1834 5420 ι

268 5473 361 5522 καὶ
390 5470 564 5539 θλίψιν
599 5471 772 5523 ἔοικεν
807 5471 864 5522 ὲν
906 5469 1116 5531 τούτοις
1152 5465 1461 5537 ὀνομάζειν,
1503 5464 1571 5534 ἢν
1607 5464 1841 5531 ὑπέστη-

268 5577 365 5613 σαν
395 5562 715 5633 μοχθηρίαν,
740 5565 827 5615 ὅτε
849 5562 978 5615 Θεὸν
1002 5562 1101 5614 οὐκ
1123 5560 1323 5621 εἰδότες
1347 5557 1440 5611 τὸν
1474 5554 1746 5625 ἀληθινὸν,
1774 5556 1837 5622 τῇ

267 5654 373 5707 τῶν
406 5655 696 5725 δαιμονίων
730 5656 1013 5728 σκαιότητι
1052 5652 1455 5707 δεδουλεύκασι.
1494 5648 1839 5719 Προσέταττε

336 5834 382 5866 ⁸³
425 5832 563 5888 Osee
609 5849 667 5895 tt,
694 5835 783 5888 24.
866 5836 909 5865 ⁸³
945 5836 1096 5888 Deut.
1126 5850 1197 5892 vr.
1232 5835 1317 5897 lli.

600 5933 869 5994 Pn'ItOL.
910 5935 1025 5993 Gn.
1062 5934 1249 5994 LXX.
1740 5950 1784 5969 ί

1398 5832 1441 5862 ⁶”
1474 5829 1609 5885 Psal.
1661 5842 1748 5890 cv,
1792 5823 1877 5876 57.

1945 4636 1999 4679 et
2022 4642 2145 4681 vere
2179 4627 2460 4682 Dominum
2509 4644 2652 4695 esse,
2682 4645 2731 4687 et
2776 4645 2972 4702 praeter
3020 4636 3193 4706 ipsum
3241 4640 3511 4695 neminem

1946 4717 2130 4771 alium.
2162 4717 2276 4774 lloc
2306 4722 2466 4774 etiam
2502 4720 2732 4777 Mosaica
2764 4727 3015 4794 prmcepit
3041 4730 3147 4781 lex.
3186 4748 3204 4780 ‹
3233 4720 3511 4785 Dominum

1947 4808 2113 4875 enim,
2158 4811 2353 4879 inquit,
2410 4813 2578 4867 Deum
2629 4824 2777 4868 tuum
2834 4818 3107 4884 adorabis,
3174 4830 3229 4874 et
3266 4836 3388 4874 eum
3424 4836 3514 4876 so-

1950 4899 2059 4954 lum
2084 4902 2247 4968 coles,
2265 4903 2390 4958 etin
2421 4908 2636 4961 nomine
2675 4906 3079 4978 ejusjurabis“.
3107 4931 3127 4964 ι
3151 4912 3242 4967 Ait
3265 4914 3457 4968 deinde
3495 4932 3509 4966 :

1954 5011 1972 5045 ι
1995 4993 2389 5052 Obliviscentur
2421 4997 2724 5055 amictionis
2761 5000 2980 5071 prioris,
3006 5011 3061 5057 et
3096 5018 3204 5059 non
3232 5006 3411 5061 veniet
3445 5005 3513 5060 il-

1945 5084 2013 5141 lis
2044 5086 2099 5142 in
2129 5087 2387 5142 animum.
2422 5107 2441 5140 ›
2483 5089 2837 5147 Amictionem
2864 5093 3183 5149 videturille
3210 5097 3510 5159 nominare,

1945 5191 2080 5245 quas
2098 5178 2241 5246 passi
2266 5188 2386 5233 sunt
2411 5193 2701 5245 atrumnas,
2732 5196 2852 5235 cum
2885 5181 3053 5235 Deum
3081 5182 3387 5237 nescientes
3421 5199 3515 5237 ve-

1948 5268 2488 5333 rum,da3moniorum
2521 5272 2859 5339 perversitati
2890 5275 3210 5328 servierunt.
3238 5270 3511 5328 Jubeban—

1950 5369 2037 5414 tur
2062 5361 2261 5416 etenim
2291 5363 2603 5418 sacriﬁcare
2628 5363 2752 5432 illis,
2772 5380 2877 5421 non
2909 5366 3067 5420 modo
3095 5378 3222 5421 oves
3249 5374 3305 5421 et
3326 5368 3511 5431 boves,

1948 5452 2040 5507 sed
2073 5452 2237 5507 etiam
2284 5452 2429 5509 fetus
2454 5457 2592 5508 uteri
2624 5456 2727 5521 sui,
2757 5456 3207 5525 quemadmodum
3250 5457 3511 5526 scriptum

1947 5555 2065 5601 est:
2103 5543 2527 5601 (Sacriﬁcarunt
2565 5548 2728 5617 igitur
2756 5549 2973 5617 quidam
2998 5549 3136 5603 ﬁlios
3162 5556 3218 5601 et
3246 5547 3385 5603 tilias
3407 5547 3506 5601 ⁸⁸.»

1951 5637 2250 5696 Tribulatio
2290 5639 2398 5695 alio
2430 5639 2587 5695 modo
2623 5637 2896 5710 fuit,quod
2921 5639 3345 5697 innumerabiles
3376 5639 3513 5694 Deos

3114 5911 3189 5971 45
