4022 6400
499 375 635 434 ιιιθ
1516 363 1574 417 S.
1614 356 1888 414 CYlilLLl
1929 344 2393 408 ALEXANDPJNI
2434 338 2752 398 ARCHIEP.
3603 323 3761 379 “90

499 491 676 547 colere
700 496 752 542 et
783 486 1005 541 adorare
1031 485 1347 549 cogerentur
1375 477 1586 547 ignotos
1609 475 1745 528 illos.
1776 469 2066 526 Probabile
2089 525 2096 543 Α

2205 482 2274 532 rp.
2307 454 2755 532 προσετάττοντο]
2789 451 2896 522 γὰρ
2936 447 3227 504 καταθύειν
3260 445 3465 509 αὐτοῖς,
3487 442 3621 514 οὐχὶ
3656 442 3765 511 δή·

501 593 680 639 autem
705 588 789 635 est
812 575 1130 648 quibusdam
1157 571 1379 625 insidias
1400 577 1638 623 structas
1663 580 1802 630 esse,
1819 573 1965 618 certe
1991 562 2064 615 ita

2205 573 2268 608 ou
2305 554 2462 625 μόνον
2499 547 2748 620 πρόϐατά
2802 562 2862 597 τε
2901 544 2995 597 καὶ
3040 540 3188 612 βοῦς,
3218 537 3351 592 ἀλλά
3379 537 3489 608 γὰρ
3533 535 3639 588 καὶ
3687 533 3766 585 τὰ

2425 643 2450 648 -
2601 639 2652 648 ι.
2788 635 2800 648 .
2856 634 2881 646 η
3052 631 3106 648 ι..
3175 623 3727 648 ,κηρίηᾼηη-,ω

501 623 680 639 -...ν...
707 623 789 635 ν--
813 623 1129 648 .,-.-.----s-_-
1306 623 1311 624 ,
1790 623 1802 630 ν

501 675 705 732 sentire
731 686 835 725 non
861 679 945 724 est
973 664 1359 735 improbabile:
1391 661 1516 730 quia
1540 674 1660 713 cum
1689 657 1791 712 illis
1820 655 2066 710 fortiores

2205 623 2361 714 κγονα
2390 643 2487 714 τῆς
2516 639 2720 700 κοιλίας
2742 634 2944 698 αὐτῶν,
2975 631 3120 686 καθά
3146 630 3459 700 γέγραπται
3477 642 3491 654 ·
3519 644 3538 678 ι
3572 623 3768 678 Τεθύο

501 712 705 732 ουκ..-
732 712 835 725 ...,..
863 712 945 724 ν-.
974 712 1358 735 ...γη-νη---
1553 712 1561 713 ,

501 773 683 821 essent
710 758 1029 816 exsecrandi
1087 764 1140 810 et
1214 752 1543 822 sanguinarii
1575 751 1861 814 daemones,
1903 748 2064 800 etiam

2205 712 2294 791 ασι
2329 712 2460 802 γοῦν
2493 746 2633 792 τινες
2657 727 2806 788 υἱούς
2841 743 2900 777 τε
2936 724 3030 776 καὶ
3059 720 3387 790 θυγατέρας.
3409 737 3426 769 ι
3453 712 3768 786 Μοχθηρία

501 856 807 927 opprimere
846 857 1163 920 potuerunt,
1192 861 1316 900 cum
1370 859 1399 897 a
1438 843 1548 898 Deo
1582 857 1684 898 non
1721 851 2067 910 protegeren-

2205 831 2222 879 ἐ
2271 825 2367 878 καὶ
2411 823 2614 893 ἑτέρως
2639 816 2730 889 ἦν,
2771 817 2834 870 τὸ
2877 814 3264 887 ἀναριθμήτοις
3294 811 3435 864 οῦτω
3462 806 3770 880 λατρεύειν

2258 919 2281 927 ..
2435 916 2446 927 .
2488 913 2511 927 Λ
2709 910 2720 925 ι
2840 910 2855 927 ι
2918 905 3150 927 _L._-n__
3183 904 3308 927 _.-_‘._
3354 902 3427 927 ..3.
3468 902 3583 927 1.-....
3606 899 3734 927 .-.μζ

505 961 609 1003 tur.
661 944 891 1014 «Hujus,
923 939 1115 1010 inquit,
1160 936 1464 992 alllictionis
1514 949 1624 989 sua:
1661 933 2063 988 obliviscentur.

504 1041 622 1097 Erit
649 1037 792 1092 enim
834 1033 1028 1088 cwlum
1059 1045 1254 1084 novum
1299 1036 1355 1083 et
1404 1037 1547 1082 terra
1581 1042 1737 1081 nova.
1765 1043 1782 1077 ι
1823 1024 1948 1091 Qui,
1977 1031 2071 1076 aut

505 1128 773 1202 quomodo
793 1124 988 1196 ?901
1014 1121 1277 1176 Putabant
1291 1120 1433 1174 enim
1452 1118 1577 1172 olim
1595 1119 1722 1173 deos
1738 1131 1857 1171 esse
1873 1126 2069 1170 terram

503 1231 558 1278 et
579 1221 809 1277 caelum:
851 1227 905 1270 at
946 1217 1062 1269 luce
1110 1212 1292 1268 divina
1325 1213 1378 1264 in
1415 1211 1652 1263 animum
1691 1207 1947 1271 admissa,
1973 1219 2072 1274 per

504 1313 745 1370 omnium
769 1317 1014 1363 nostrum
1040 1305 1388 1361 Servatoretn
1415 1302 1709 1362 Christum,
1735 1313 1900 1353 novas
1917 1298 2072 1367 quasi

506 1401 806 1459 sententias
835 1412 900 1453 ac
930 1397 1179 1451 notiones
1217 1395 1268 1448 in
1303 1407 1362 1447 se
1385 1391 1676 1446 habebunt.
1709 1388 1893 1443 Sclent
1926 1402 2075 1442 nam-

508 1509 613 1564 que
641 1507 744 1547 non
778 1504 902 1544 esse
933 1487 1082 1553 deos,
1122 1487 1215 1540 sed
1244 1484 1484 1540 omnium
1516 1480 1741 1536 artiﬁcis
1761 1490 1817 1535 et
1847 1479 2077 1534 fabrica-

510 1584 644 1639 toris
697 1583 969 1653 ﬁgmenta.
1001 1597 1020 1630 ι
1043 1578 1132 1633 Sic
1175 1587 1352 1631 autem
1375 1615 1390 1640 ,
1432 1575 1636 1642 inquit,
1670 1592 1689 1625 ι
1717 1572 1894 1626 animo
1943 1569 2074 1627 alle-

511 1677 606 1742 cti,
656 1688 761 1729 non
814 1672 950 1726 ultra
1010 1669 1436 1725 recordabuntur
1473 1667 1731 1736 priorum.
1757 1683 1776 1716 ι
1808 1663 2077 1734 Abjicient

511 1768 657 1822 enim
685 1764 845 1820 simul
888 1779 1010 1818 cum
1050 1763 1354 1831 grzecismo,
1393 1759 1554 1814 etiam
1603 1771 1736 1826 quas
1775 1757 2078 1811 habuerunt

2169 918 2330 983 θεοῖς,
2365 916 2458 969 καὶ
2487 910 2810 983 θεραπεύειν
2836 905 3154 976 ἐπείγεσθαι
3182 904 3308 966 τοὺς
3353 902 3430 973 μή
3467 902 3770 969 ἐγνωσμέ-

2170 1027 2292 1072 νους
2313 1026 2324 1038 ·
2355 1007 2502 1070 εἰκὸς
2531 1005 2590 1059 δὲ
2616 1003 2796 1066 τοῦτο,
2821 999 2917 1054 καὶ
2949 993 3391 1052 ἐπιϐουλεύεσθαί
3416 1009 3576 1056 τινας
3604 989 3773 1062 παρὰ

2169 1101 2276 1155 τῶν
2310 1097 2672 1170 ἠμελημένων
2691 1109 2704 1124 ·
2745 1094 2805 1147 τὸ
2827 1090 3052 1153 ἀπεικὸς
3082 1091 3188 1158 γὰρ
3222 1086 3372 1139 οὐδὲν
3400 1086 3640 1147 ἐννοεῖν,
3674 1083 3768 1134 ὅτι

2171 1191 2498 1266 κρατοῦντες
2547 1187 2728 1242 αὐτῶν
2755 1186 2806 1239 οἱ
2851 1181 3096 1255 βδελυροὶ
3130 1180 3225 1233 καὶ
3260 1177 3534 1249 μιαιφόνοι
3563 1175 3776 1245 δαίμο-

2173 1301 2280 1347 νες,
2323 1283 2418 1336 καὶ
2459 1281 2663 1334 ἀδικεῖν
2698 1277 2972 1339 ἐδύναντο,
3011 1273 3220 1342 σκέπην
3258 1271 3358 1323 οὐκ
3387 1270 3620 1338 ἔχοντας
3664 1268 3776 1336 τὴν

2174 1373 2324 1445 παρά
2348 1369 2504 1442 θεοῦ.
2544 1389 2561 1421 ι
2587 1368 2822 1438 Ταύτην,
2854 1366 3026 1436 φησι,
3056 1363 3156 1433 τήν
3185 1361 3390 1415 ἑαυτῶν
3425 1358 3618 1428 θλίψιν
3647 1358 3777 1410 ἐπι-

2173 1467 2446 1537 λήσονται.
2503 1463 2693 1516 Ἔσται
2741 1460 2849 1530 γὰρ
2893 1461 2920 1510 ό
2949 1457 3178 1528 οὐρανὸς
3228 1453 3432 1517 καινὸς,
3476 1452 3576 1505 καὶ
3629 1452 3667 1521 ἡ
3700 1450 3778 1519 τῆ

2176 1559 2356 1629 καινή.
2382 1576 2401 1609 ι
2436 1555 2581 1619 Πῶς,
2607 1553 2641 1625 ἢ
2675 1551 2799 1607 τίνα
2825 1550 3063 1623 τρόπον;
3096 1547 3274 1601 Πάλαι
3305 1545 3404 1618 μὲν
3432 1544 3546 1616 γὰρ
3579 1541 3782 1611 ἐνόμιο

2177 1653 2288 1719 ζον,
2320 1651 2475 1714 θεοὺς
2516 1643 2657 1702 εἶναι
2682 1646 2788 1716 γῆν
2816 1661 2876 1696 τε
2902 1643 2993 1696 καὶ
3019 1639 3268 1710 οὐρανόν⁸
3300 1638 3414 1706 φῶς
3440 1635 3501 1688 δὲ
3521 1634 3586 1688 τὸ
3623 1634 3782 1686 θεῖον

2177 1746 2433 1808 λαϐόντες
2485 1746 2564 1806 είς
2611 1740 2735 1795 νοῦν
2773 1739 2860 1792 διὰ
2900 1736 2993 1790 τοῦ
3041 1735 3256 1788 πάντων
3306 1731 3465 1801 ήμῶν
3508 1727 3782 1798 Σωτῆρος

510 1854 817 1926 opiniones,
843 1851 910 1906 de
935 1819 1462 1921 ipsiselentetttis,et
1495 1845 1579 1899 his
1612 1819 1703 1914 qui
1734 1845 2079 1913 deceperunt,

2205 1835 2442 1909 (ριστοῦ,
2474 1833 2666 1897 καινὰς
2712 1831 2902 1900 ῶσπερ
2933 1827 3140 1890 ἐννοίας
3171 1824 3380 1890 ἕξουσιν
3420 1821 3508 1875 ἐπ’
3549 1819 3776 1880 αὐτοῖς.

512 1949 626 2004 sive
638 1945 916 2002 damoniis
929 1945 1041 2000 sive
1072 1936 1676 2008 hominibus,quierrori
1693 1945 2087 1991 consenserunt

515 2052 570 2095 et
606 2039 784 2108 lingua
818 2050 914 2091 sua
947 2033 1267 2104 patrocinati
1308 2039 1453 2086 sunt.
1501 2028 1606 2084 Pro
1647 2026 1954 2092 amictioue,
2003 2028 2086 2080 in-

513 2130 652 2200 quit,
671 2129 912 2197 antiqua,
939 2127 1178 2181 laetitiam
1215 2134 1269 2179 et
1293 2123 1702 2178 exsultationem
1737 2120 2012 2174 invenient
2036 2118 2088 2172 in

515 2218 697 2276 ea.»ln
711 2215 1283 2288 qua?Certe,inquit,in
1303 2212 1537 2267 Ecclesia
1549 2209 1767 2266 Christi.
1789 2208 2086 2262 Notandum

517 2323 602 2369 est
633 2311 966 2374 necessario,
989 2307 1247 2377 quosdam
1288 2306 1613 2373 interpretes
1641 2302 1755 2356 haec
1779 2299 1981 2355 referre
2025 2299 2090 2351 ad

521 2417 760 2474 tempora
791 2418 895 2457 non
921 2396 1316 2464 adventus,sed
1353 2395 1532 2450 futura
1563 2405 1684 2464 post
1717 2393 1816 2446 hoc
1854 2405 2090 2462 praesens

520 2514 712 2554 :BVllm.
745 2495 884 2550 Fore
921 2493 1064 2548 enim
1092 2492 1269 2561 iustos
1301 2489 1354 2544 in
1385 2487 1567 2543 laetitia
1597 2494 1651 2542 et
1681 2484 1898 2556 gaudio,
1931 2485 2081 2561 dicit,

521 2599 576 2645 et
608 2591 659 2644 in
711 2587 986 2658 perpetuis
1038 2583 1267 2646 deliciis,
1316 2554 1703 2649 spiritualibusv
1731 2554 2016 2642 videlicet;
2041 2585 2094 2630 et

523 2682 640 2751 ipso
658 2678 761 2732 hoc
792 2675 1006 2747 opilicio
1038 2681 1242 2728 mutato
1264 2671 1318 2726 in
1340 2670 1765 2726 renovationem.
1786 2668 1928 2722 Dixit
1949 2669 2092 2724 enim

525 2772 742 2842 quidam
767 2783 797 2824 e
817 2767 1021 2822 sanctis
1063 2763 1318 2835 apostolis
1345 2781 1359 2817 :
1395 2780 1413 2813 ι
1449 2761 1637 2816 Veniet
1667 2762 1810 2816 enim
1842 2762 1957 2816 dies
1987 2760 2092 2815 Do-

527 2863 660 2916 tnini
687 2870 942 2928 tanquam
960 2855 1133 2926 l‘ur,_in
1157 2868 1264 2923 quo
1295 2854 1420 2909 coeli
1455 2867 1647 2923 magno
1677 2853 1874 2921 impetu
1916 2859 2095 2906 trans-

529 2952 704 3015 ibunt,
738 2949 1003 3004 elementa
1073 2960 1202 2999 vero
1232 2944 1411 2999 calore
1431 2943 1808 3009 dissolventur,
1836 2951 1978 2997 terra
2003 2957 2098 2996 au-

533 3056 639 3099 tem
667 3050 720 3096 et
750 3055 867 3109 quae
900 3040 951 3092 in
1001 3052 1064 3092 ea
1095 3043 1222 3092 sunt
1248 3034 1666 3105 conllagrabunt.
1710 3033 1898 3090 Coeios
1932 3048 2098 3090 novos

532 3144 588 3191 et
616 3147 810 3190 novam
838 3141 1060 3194 terram,
1081 3136 1136 3182 et
1162 3127 1427 3198 promissa
1453 3126 1573 3194 ejus
1605 3125 2091 3196 exspeCtamus‘M

2187 1907 2438 1982 Εῖσονται
2452 1926 2557 1996 γὰρ
2568 1925 2648 1976 ὅτι
2667 1923 2716 1975 οἱ
2737 1919 2947 1993 μένούκ
2969 1917 3077 1971 εἰσὶ
3098 1914 3281 1990 [θεο“ι],
3298 1915 3418 1982 ποιή
3427 1928 3581 1982 ματα
3602 1910 3665 1962 δέ
3678 1907 3781 1960 τοῦ

2189 2021 2405 2074 πάντων
2459 2015 2701 2086 τεχνίτου
2747 2014 2839 2065 καὶ
2869 2007 3225 2082 δημιουργοῦ.
3255 2025 3273 2058 ι
3303 2004 3456 2057 Οῦτω
3487 2003 3545 2055 δὲ
3588 2000 3782 2053 διατε-

2191 2113 2408 2176 θέντες,
2453 2109 2654 2180 φησὶν,
2714 2106 2814 2158 οὐκ
2854 2103 2933 2156 ἔτι
2997 2102 3364 2173 μεμνήσονται
3413 2095 3526 2148 τῶν
3570 2093 3785 2165 προτέ-

2195 2221 2331 2276 ρων⁶
2371 2200 2701 2257 ἀποϐαλοῦσι
2733 2199 2840 2269 γὰρ
2862 2194 2998 2266 ὁμοῦ
3060 2191 3139 2264 τῷ
3181 2180 3542 2259 Ἐλληνισμῷ,
3579 2188 3683 2239 καὶ
3714 2186 3786 2247 ἃς

2193 2296 2460 2366 ἐσχήκασι
2506 2291 2664 2356 δόξας
2687 2289 2819 2360 περί
2858 2305 2916 2340 τε
2963 2286 3068 2338 τῶν
3105 2283 3381 2353 στοιχείων
3424 2281 3650 2343 αὐτῶν,
3685 2279 3789 2331 καὶ

2193 2391 2302 2442 τῶν
2328 2388 2498 2442 πάλαι
2532 2382 2980 2453 πεπλανηκότων,
3001 2381 3035 2450 ἦ
3059 2380 3346 2449 δαιμόνων,
3379 2376 3411 2446 ἦ
3442 2373 3784 2444 ἀνθρώπιον,

2193 2481 2241 2534 οἳ
2303 2482 2369 2550 τῇ
2429 2477 2607 2546 πλάνῃ
2655 2475 2954 2545 συνήγορον
3003 2471 3102 2542 τήν
3156 2469 3363 2523 ἑαυτῶν
3417 2467 3787 2537 παρέστησαν

2194 2571 2466 2640 γλῶσσαν.
2526 2567 2740 2621 Ἀντὶδέ
2773 2568 2869 2635 τῆς
2903 2563 3131 2632 θλίψεως
3185 2561 3283 2630 τῆς
3340 2559 3531 2640 πάλαι,
3587 2557 3784 2626 φησὶν,

2194 2661 2533 2736 εὐφροσύνην
2591 2659 2686 2711 καὶ
2730 2655 3043 2724 ἀγαλλίαμα
3078 2654 3399 2722 εὑρήσουσιν
3453 2636 3512 2702 ἐν
3564 2650 3780 2718 αὐτῇ.»

2196 2757 2306 2810 Καὶ
2331 2757 2387 2808 ἐν
2417 2754 2580 2822 αὐτῇ,
2599 2752 2734 2815 τίνι;
2758 2750 2828 2802 Ἦ
2845 2749 3058 2810 πάντως
3093 2747 3332 2816 φήσειεν·
3366 2744 3446 2813 Τῇ
3476 2741 3789 2811 Ἐκκλησία

2196 2845 2454 2919 Χριστοῦ.
2493 2839 2967 2914 Ἐπισημήνασθαι
3015 2839 3072 2891 δὲ
3113 2837 3443 2906 ἀναγκαῖον,
3487 2835 3573 2887 ὅτι
3610 2833 3790 2886 ταῦτα

2196 2941 2339 3003 τινὲς
2365 2938 2473 2992 τῶν
2506 2936 2789 3007 ἐξηγητῶν
2816 2933 3114 2988 ἀνάπτουσι
3159 2932 3271 2992 τοῖς
3301 2928 3537 2997 καιροῖς,
3571 2925 3641 2976 οὐ
3673 2927 3790 2984 τοῖς

2197 3032 2295 3101 τῆς
2321 3029 2614 3100 ἐπιδημίας
2655 3024 2874 3098 μᾶλλον,
2906 3020 3042 3076 ἀλλά
3069 3022 3182 3084 τοῖς
3218 3017 3497 3087 ἐσομένοις
3527 3015 3678 3086 μετᾶ
3697 3017 3791 3066 τὸν

2201 3122 2374 3175 αἰῶνα
2402 3120 2490 3174 τὸν
2525 3117 2853 3188 ἐνεστηκότα
2873 3132 2886 3146 ο
2919 3113 3138 3166 ἔσεσθαι
3159 3111 3269 3182 γὰρ
3297 3110 3422 3172 τοὺς
3451 3107 3708 3168 δικαίους
3734 3109 3791 3157 ἐν

533 3227 787 3282 Liberum
817 3238 944 3293 ergo
975 3231 1030 3276 et
1071 3220 1279 3275 licitum
1310 3227 1392 3272 est
1435 3185 1878 3286 cordatis,.quam
1933 3217 2096 3273 velint

2205 3212 2510 3285 εὐφροσύνῃ
2539 3211 2633 3264 καὶ
2664 3185 2808 3282 χαρᾷ
2839 3223 2997 3276 φησι,
3033 3205 3129 3258 καὶ
3157 3205 3213 3256 ἐν
3241 3200 3628 3270 ἀτελευτήτοις
3662 3216 3796 3269 τρυ-

535 3317 1060 3388 interpretationem,
1100 3313 1239 3365 hanc
1268 3309 1352 3363 vel
1385 3309 1526 3362 illam
1566 3309 1787 3378 eligere.
1830 3310 2102 3377 Abjicie..-

538 3412 666 3465 dum
689 3410 834 3465 enim
859 3417 941 3462 est
969 3405 1114 3461 nullo
1147 3402 1328 3466 modo,
1361 3402 1502 3471 quod
1529 3403 1762 3469 prodest.

2209 3309 2357 3376 φαῖς,
2394 3305 2791 3376 πνευματικαῖς
2807 3299 3069 3371 δηλονότι,
3099 3297 3192 3351 καὶ
3223 3296 3390 3367 αὐτῆς
3417 3293 3519 3362 τῆς
3553 3291 3792 3353 κτίσεως

2216 3395 2626 3470 μεταϐαλούσης
2655 3394 2734 3456 εἰς
2783 3384 3361 3459 ἀνακαινισμόν.Ἔφη
3389 3384 3501 3454 γάρ
3547 3400 3642 3445 τις
3680 3381 3791 3433 τῶν

535 3502 704 3572 ἀγίων
751 3497 1061 3552 ἀποστόλων
1087 3510 1101 3525 ο
1134 3513 1152 3544 ι
1185 3493 1342 3558 ’Ἥξει
1381 3491 1489 3560 γὰρ
1537 3491 1716 3561 ἡμέρα
1763 3490 1990 3561 Κυρίου,
2024 3489 2100 3553 ῶς
2141 3489 2402 3559 κλέπτης,
2471 3488 2529 3540 ἐν
2559 3480 2837 3557 οὐρανοὶ
2877 3481 2977 3552 μέν
3022 3477 3264 3549 ῥοιζηδὸν
3332 3473 3790 3545 παρελεύσονται,

540 3593 777 3663 στοιχεῖα
810 3592 866 3643 δέ
903 3585 1248 3656 καυσούμενα
1276 3583 1583 3654 λυθήσεται.
1615 3583 1692 3652 Γῆ
1737 3583 1792 3635 δέ
1857 3583 1951 3636 καὶ
1980 3582 2048 3636 τὰ
2113 3585 2171 3635 ἐν
2209 3583 2346 3651 αὐτῇ
2399 3580 2575 3634 πάντα
2615 3575 2971 3646 καυθήσεται,
3017 3571 3233 3633 καινοὺς
3267 3570 3324 3622 δὲ
3361 3566 3659 3639 οὐρανοὺς,
3697 3566 3796 3618 καὶ

539 3659 732 3754 καινήν
763 3682 888 3752 γῆν,
936 3679 1031 3731 καὶ
1094 3676 1162 3730 τὰ
1197 3675 1584 3744 ἐπαγγέλματα
1643 3674 1805 3726 αὐτοῦ
1851 3674 2257 3745 προσδοκῶμεν.
2291 3693 2309 3725 ι
2346 3671 2578 3736 Ἐξέστω
2643 3669 2707 3738 δὴ
2751 3663 2845 3720 οὖν
2874 3669 2986 3727 τοῖς
3058 3662 3313 3734 ἐχέφροσι
3353 3660 3415 3714 τὸ
3449 3660 3650 3713 δοκοῦν
3679 3659 3796 3710 ἑλέ-

543 3772 810 3845 σθαιοτῶν
837 3767 1230 3839 θεωρημάτων,
1270 3765 1469 3836 μᾶλλον
1500 3765 1555 3818 δὲ
1606 3765 1762 3818 τοῦτό
1790 3783 1849 3818 τε
1924 3767 2163 3820 κάκεῖνο.
2220 3765 2547 3834 Ἀπόϐλητον
2594 3761 2703 3832 γὰρ
2751 3758 2869 3813 κατ’
2920 3757 3109 3810 οὐδένα
3159 3755 3358 3826 τρόπον
3413 3753 3478 3806 τὸ
3539 3756 3798 3816 tremunt;

539 3869 790 3939 ὠφελεῖν.

623 3963 784 4018 Vnus.
816 3961 898 4022 19,
940 3959 1030 4012 20.
1074 3957 1217 4021 Quia
1247 3972 1358 4008 ecce
1387 3971 1478 4024 ego
1513 3955 1652 4022 facio
1696 3953 1988 4006 Jerusalem
2021 3970 2111 4008 ea:-

543 4055 902 4115 sultationem,
931 4059 981 4103 et
1011 4047 1258 4119 populum
1289 4063 1457 4100 meum
1491 4046 1746 4110 laetitiam,
1771 4057 1813 4100 et
1843 4047 2111 4102 exsultabo

546 4162 703 4216 super
733 4143 1052 4206 Jerusalem,
1086 4152 1132 4193 et
1167 4141 1390 4193 lwtabor
1413 4153 1568 4207 super
1591 4139 1783 4208 populo
1830 4154 1964 4192 meo.
2004 4136 2115 4192 Nec

547 4240 690 4294 ultra
715 4235 962 4289 audietur
985 4233 1040 4285 in
1068 4249 1128 4286 ea
1158 4247 1259 4285 vox
1280 4230 1545 4296 clamoris,
1579 4245 1740 4300 neque
1770 4231 1857 4297 ﬁet
1884 4229 1991 4283 illic
2018 4231 2115 4282 im-

546 4341 807 4391 maturus,
839 4335 883 4378 et
940 4337 1115 4382 senex,
1143 4322 1232 4391 qui
1278 4336 1382 4374 non
1435 4320 1644 4387 impleat
1689 4330 1887 4388 tempus
1938 4337 2110 4374 suum.

549 4417 670 4471 Erit
697 4418 836 4470 enim
877 4412 1177 4467 adolescens
1221 4419 1425 4466 centum
1481 4426 1778 4463 annorum:
1801 4421 1854 4463 at
1890 4415 2114 4465 moriens

546 4517 788 4581 peccator
813 4516 1016 4561 centum
1049 4520 1329 4568 annorum,
1364 4504 1522 4558 etiam
1563 4504 1896 4559 eamea-abitis
1921 4506 2039 4559 erit.

622 4773 893 4831 Profunda
922 4772 1036 4828 haec
1064 4769 1449 4836 consideratio,
1477 4782 1530 4827 et
1550 4773 1780 4828 obscura
1823 4774 2116 4831 admodum

551 4874 636 4922 est
673 4865 962 4938 propositae
986 4864 1139 4919 nobis
1167 4864 1467 4933 prophetiae
1499 4879 1670 4921 mens.
1699 4867 1920 4931 Verum,
1942 4879 1998 4922 ut
2026 4884 2120 4939 po-

559 4967 698 5024 tero,
731 4957 964 5012 conabor
1000 4956 1288 5024 explicare.
1317 4953 1612 5011 Jerusalem
1653 4957 1835 5028 igitur,
1877 4971 1936 5014 ut
1970 4960 2120 5015 vide-

554 5056 664 5115 tttr,
697 5046 786 5101 hic
838 5044 987 5108 dicit,
1019 5059 1124 5098 non
1173 5044 1452 5114 antiquam
1495 5045 1663 5111 iilam,
1706 5049 1796 5102 sed
1841 5050 2019 5117 potius
2057 5067 2120 5104 ex

555 5136 755 5194 Iudaeis
784 5145 839 5191 et
871 5136 1117 5206 gentibus
1153 5135 1470 5192 Ecclesiam.
1521 5137 1654 5194 lluic
1708 5142 2120 5198 exsultationem

557 5245 612 5287 et
641 5230 882 5287 lartitiam
905 5238 1246 5284 ostensurum
1274 5244 1334 5284 se
1358 5231 1670 5300 pollicetur;
1698 5242 1752 5286 et
1790 5236 2007 5304 quidem
2035 5251 2125 5289 ve-

557 5344 676 5382 rum
711 5337 910 5394 est,_ut
945 5328 1276 5396 experientia
1317 5336 1565 5382 testatur.
1599 5327 1740 5382 Nihil
1776 5330 1920 5384 enint
1973 5332 2125 5386 tetri-

558 5435 679 5474 eutn
716 5420 766 5474 in
794 5418 1031 5474 Ecclesia
1058 5417 1257 5473 Christi
1282 5436 1296 5485 ;
1323 5419 1484 5490 902
1505 5421 1652 5475 dives
1677 5431 1760 5476 est
1800 5437 1896 5491 spe
1931 5425 2128 5493 sempi-

458 5595 460 5598 ν
561 5522 728 5568 terna:
753 5514 963 5578 vitae,et
989 5511 1439 5580 perennisglorize
1465 5513 1728 5578 :.ntultum
1759 5514 1918 5568 habet
1943 5515 2126 5584 splen-

561 5598 708 5653 doris
741 5599 905 5653 etiam
934 5599 990 5653 in
1019 5600 1123 5655 hoc
1153 5600 1370 5657 mundo.
1393 5600 1488 5657 Vel
1518 5604 1678 5658 etiam
1715 5604 1890 5660 aliter.
1925 5605 2122 5662 Exsul-

631 5779 746 5844 “.ll
786 5779 932 5837 Petr.
971 5797 1054 5850 ut,
1089 5783 1254 5838 lO-H

2282 3950 2411 4002 Ὅτι
2434 3946 2560 3999 ὶδοὺ
2719 3941 2865 3996 ποιῶ
2886 3942 3280 4011 Ἰερουσαλὴμ
3308 3941 3678 4010 ἀγαλλίιιμα,
3697 3943 3801 3994 καὶ

2213 4042 2319 4096 τόν
2345 4041 2501 4094 λαόν
2525 4055 2645 4109 μου
2674 4034 3080 4106 εὐφροσύνην,
3107 4036 3203 4087 καὶ
3231 4032 3680 4102 ἁγαλλιάσομαε
3699 4032 3802 4085 ἐπὶ

2227 4132 2662 4205 Ἰερουσαλὴμ,
2707 4131 2804 4184 καὶ
2856 4126 3344 4198 εὐφρανθήσομαι
3389 4125 3486 4178 ἐπὶ
3537 4125 3625 4191 τῷ
3669 4126 3807 4190 λαῷ

2213 4248 2352 4300 μου.
2401 4227 2508 4281 Καὶ
2551 4223 2751 4280 οὐκέτι
2793 4225 2864 4276 οὐ
2899 4221 2985 4292 μὴ
3015 4219 3288 4287 ἀκουσθῇ
3321 4220 3390 4272 ἐν
3430 4218 3589 4288 αὐτῇ
3626 4220 3806 4289 φωνὴ

2219 4319 2504 4390 κραυγῆς,
2536 4319 2635 4372 καὶ
2667 4319 2737 4370 οὺ
2760 4315 2846 4386 μὴ
2878 4308 3120 4384 γένηται
3141 4313 3267 4366 ἐκεῖ
3287 4313 3494 4380 ἄωρος,
3525 4313 3631 4365 καὶ
3664 4330 3808 4380 πρε-

2221 4416 2480 4480 σϐύτης,
2527 4411 2595 4476 ὃς
2645 4411 2757 4463 οὐκ
2811 4407 3112 4479 ἐμπλήσει
3156 4405 3265 4459 τὸν
3310 4408 3533 4473 χρόνον
3585 4405 3805 4460 αὑτοῦ.

2145 4514 2189 4568 D
2221 4509 2432 4560 Ἔσται
2457 4507 2564 4574 γὰρ
2589 4505 2621 4557 ὁ
2649 4499 2785 4566 νέος
2813 4499 3028 4553 ἑκατὸν
3051 4497 3218 4562 ἐτῶν,
3242 4500 3274 4551 ὁ
3303 4496 3371 4549 δὲ
3396 4495 3814 4563 ἀποθνήσκων

2221 4597 2562 4666 ἁμαρτωλὸς
2590 4593 2802 4647 ἑκατὸν
2827 4591 2994 4654 ἑτῶν,
3018 4591 3114 4643 καὶ
3144 4588 3573 4657 ἐπικαττὶρατος
3604 4588 3811 4647 ἔσται.

2296 4777 2443 4830 Βαθῦ
2474 4777 2533 4829 τὸ
2566 4774 2854 4846 θεώρημα,
2890 4775 2983 4827 καὶ
3013 4770 3340 4844 ἀσυμφανὴς
3368 4772 3508 4841 ἄγαν
3538 4773 3645 4841 τῆς
3671 4791 3814 4845 προ-

2228 4867 2486 4938 κειμένης
2513 4867 2644 4936 ήμῖν
2677 4865 3012 4937 προφητείας
3036 4867 3065 4918 ό
3092 4865 3236 4928 νοῦς.
3268 4864 3435 4936 Πλὴν,
3488 4865 3564 4928 ὡς
3593 4865 3696 4930 ενι,
3740 4865 3816 4918 δι-

2227 4963 2399 5014 ειπεῖν
2428 4961 2786 5029 πειράσομαι.
2814 4957 3171 5029 Ἰερουσαλὴμ
3202 4956 3490 5026 τοιγαροῦν
3513 4956 3818 5026 ὀνομάζειν

2231 5055 2407 5108 ἔοικεν
2434 5055 2492 5106 ἐν
2512 5051 2746 5117 τούτοις,
2769 5051 2830 5103 οῦ
2871 5050 2971 5122 τὴν
3001 5051 3232 5122 ἀρχαίαν
3256 5050 3488 5120 ἐκείνην,
3515 5049 3654 5103 ἀλλὰ
3676 5051 3820 5119 p.51-

2230 5149 2321 5200 λον
2352 5147 2452 5217 τήν
2484 5164 2542 5200 τε
2576 5145 2634 5212 ἐξ
2661 5144 2929 5198 Ἰουδαίων
2959 5145 3054 5197 καὶ
3087 5142 3254 5196 ἐθνῶν
3277 5141 3634 5212 Ἐκκλησίαν,
3675 5145 3822 5196 ταύ-

2233 5253 2333 5306 την
2379 5236 2690 5305 ἀγαλλίαμα
2723 5234 2818 5288 καὶ
2845 5234 3182 5305 εὐφροσύνην
3217 5231 3515 5296 ἀναδείξειν
3537 5234 3824 5302 ἐπαγγέλ-

2231 5328 2412 5394 λεται,
2459 5330 2551 5382 καὶ⁹
2603 5328 2663 5381 τὺ
2717 5327 2950 5400 πρᾶγμά
2991 5329 3138 5379 ἐστιν
3182 5324 3412 5396 ἀληθὲς,
3453 5325 3529 5388 ὡς
3569 5326 3685 5378 ἀπὸ
3717 5327 3824 5396 τῆς

2235 5423 2430 5493 πείρας
2455 5422 2622 5492 αὐτῆς
2652 5418 3095 5492 μαρτυρούμενον
3112 5435 3126 5449 ·
3169 5418 3411 5488 κατηφὲς
3434 5417 3542 5488 γὰρ
3563 5417 3730 5469 οὐδὲν
3765 5420 3826 5471 ἐν

2246 5516 2540 5587 Ἐκκλησία
2567 5513 2826 5586 Χριστοῦ·
2877 5512 3095 5566 πλουτεῖ
3123 5511 3304 5564 ἐλπίσι
3325 5513 3445 5573 ταῖς
3473 5512 3554 5572 εἰς
3586 5509 3826 5563 ἀτελεύ⁴

2232 5626 2392 5680 τητον
2447 5607 2590 5670 ζωήν
2634 5606 2731 5660 καὶ
2762 5605 3042 5676 ἀμήρυτον
3090 5601 3282 5668 δόξαν·
3311 5601 3424 5672 ἔχει
3467 5600 3524 5654 δέ
3569 5601 3714 5655 πολὺ
3765 5602 3828 5654 τὺ
