4022 6400
371 438 504 494 1421

1444 434 1519 488 1N
1561 432 1789 488 ISAIAM
1830 432 1962 488 ιλιι.
2006 432 2068 489 V.
2110 432 2347 489 TOMUS
2386 434 2471 488 Ἦ.

3452 426 3592 482 1422

373 548 666 623 περιφανὲς
693 550 751 601 ἐν
784 546 916 617 τῷδε
929 546 1015 616 ’τῲ
1053 548 1240 616 κόσμῳ
1260 562 1273 575 ο
1308 545 1341 617 ἦ
1371 547 1510 616 τάχα
1540 562 1642 598 που
1684 547 1778 600 καὶ
1825 545 1938 597 ἐτέ-

2065 547 2322 610 ationem,
2370 545 2562 614 inquit,
2590 553 2647 600 et
2680 544 2916 599 laetitiam
2964 541 3287 599 constituam
3328 542 3592 614 meipsum

372 661 505 714 ρως·
547 641 878 711 Ἀγαλλίαμα
910 640 1005 692 καὶ
1038 635 1374 709 εὐφροσύνην
1409 637 1645 705 ἐμαυτοῦ
1673 637 1933 707 θήσομαι,

375 736 529 807 φησὶ,
557 736 653 806 τὴν
691 732 1068 801 Ἰερουσαλήμ.
1096 729 1435 799 Ἡσθήσομαι
1463 731 1570 800 γὰρ
1600 731 1691 783 ἐπὶ
1717 730 1794 799 τῷ
1825 728 1938 799 λαῷ

373 842 502 900 μου·
532 826 623 880 καὶ
644 826 741 895 τῆς
773 823 1038 893 θυμηδίας
1057 820 1155 883 τὰς
1181 819 1434 890 ἀφορμὰς
1458 819 1707 889 ἐπιφέρει
1734 818 1905 886 λέγων
1923 834 1936 847 ο

372 920 578 974 Οὐκέτι
611 918 684 987 μὴ
734 915 974 986 ἀκουσθῇ
1000 915 1057 966 ἐν
1112 913 1247 984 αὐτῇ
1284 912 1437 983 φωνὴ
1485 910 1786 981 κλαυθμοῦ,
1820 910 1940 963 οὐδὲ

377 1014 528 1084 φωνὴ
557 1012 823 1083 κραυγῆς·
844 1008 920 1071 ὡς
947 1009 1012 1061 ἐκ
1034 1006 1342 1075 διαϐολικῆς
1362 1004 1417 1057 δὲ
1440 1005 1547 1057 τῶν
1574 1002 1942 1074 ἀρχαιοτέρων

380 1106 716 1176 πραγμάτων
769 1102 859 1155 τὸν
911 1100 1009 1170 τῆς
1037 1097 1358 1168 Ἐκκλησίας
1395 1096 1612 1149 ἔπαινον
1666 1094 1943 1164 ἐξυφαίνει

371 1196 530 1258 θεός.
578 1192 749 1246 Πάλαι
791 1188 891 1260 μὲν
920 1188 1029 1257 γὰρ
1076 1187 1125 1238 οί
1169 1188 1268 1256 τῆς
1313 1182 1578 1236 Ἰουδαίων
1616 1181 1942 1249 Συναγωγῆς

380 1285 697 1357 ἡγούμενοι,
747 1280 883 1351 μετὰ
909 1278 1097 1349 δώρων
1134 1275 1364 1345 ἔκρινον,
1401 1273 1497 1327 καὶ
1524 1274 1623 1326 οὐκ
1643 1272 1837 1343 ᾔδεσαν
1868 1271 1945 1323 δι-

378 1376 570 1431 καιοῦν
593 1374 825 1444 ὀρφανὸν
848 1370 882 1440 ἢ
913 1370 980 1440 χή
991 1384 1109 1439 ραν.
1149 1366 1365 1436 Ἐπειδὴ
1396 1364 1453 1417 δὲ
1478 1360 1618 1435 ἦσαν
1643 1363 1945 1434 λημμάτων

381 1467 621 1540 αἰσχρῶν
678 1463 941 1536 ἐρασταὶ,
994 1459 1169 1514 ὰθώου
1232 1460 1326 1511 καὶ
1374 1456 1580 1509 δικαίου
1644 1454 1944 1524 κατεψηφί-

377 1561 557 1624 ζοντο,
595 1558 687 1610 καὶ
722 1555 846 1617 τοὺς
877 1553 1048 1606 ταῦτα
1100 1549 1436 1612 πεπονθότας
1480 1548 1630 1601 πᾶσά
1692 1565 1807 1609 πως
1849 1549 1947 1599 ἁν-

382 1653 562 1721 άγκη,
611 1648 703 1702 καὶ
752 1644 1135 1717 δακρυρροεϋ,
1182 1643 1278 1696 καὶ
1320 1638 1777 1710 κατολοφύρεσθαι
1811 1637 1947 1708 μετὰ

384 1742 656 1814 κραυγῆς,
690 1738 767 1801 ὡς
802 1735 1183 1807 ἠδικημένους.
1224 1734 1451 1805 Εἴρηται
1493 1732 1624 1801 γοῦν
1663 1747 1767 1783 που
1820 1730 1947 1799 περὶ

384 1833 483 1903 τῆς
543 1828 893 1901 Ἰερουσαλὴμ
941 1827 1029 1880 διὰ
1070 1827 1252 1896 φωνῆς
1300 1825 1597 1896 Ἱερεμίου·
1645 1819 1760 1875 «⁷0
1792 1822 1943 1884 πόλις

383 1926 611 1996 ψευδήςι
651 1923 746 1992 ὅλη
808 1918 1234 1974 καταδυναστεία
1316 1919 1373 1969 ἐν
1439 1918 1599 1985 αὐτῇ.
1655 1916 1741 1975 Ὠς
1787 1914 1948 1984 ψύχει

383 2017 585 2076 λάκκος
631 2012 807 2082 ὕδωρ,
856 2010 1027 2071 οὕτως
1058 2008 1215 2079 ψύχει
1260 2009 1425 2061 κακία
1466 2008 1656 2076 αὐτῆς.
1708 2007 1955 2060 Ἀσέϐεια

387 2107 480 2160 καὶ
510 2103 850 2174 ταλαιπωρία
881 2100 1275 2170 ἀκουσθήσεται
1302 2101 1358 2152 ἐν
1386 2100 1521 2170 αὐτῇ
1553 2100 1644 2151 ἐπὶ
1668 2100 1955 2169 πρόσωπον

386 2198 555 2268 αὐτῆς
587 2196 673 2249 διὰ
705 2192 1113 2261 παντός.›⁹Εφη
1136 2192 1193 2245 δέ
1224 2208 1307 2254 τις
1340 2192 1434 2244 xui.
1460 2190 1643 2261 ἔτερος
1656 2189 1761 2243 τῶν
1786 2188 1956 2256 ἁγίων

389 2289 717 2361 προφητῶν·
751 2306 770 2339 ι
813 2286 924 2339 Καὶ
956 2282 1285 2347 ἐκονδύλιζον
1318 2285 1396 2346 εἰς
1429 2281 1669 2351 κεφαλάς
1702 2282 1954 2352 πτωχῶν,

388 2383 484 2437 καὶ⁸
505 2381 621 2435 060v
648 2378 916 2433 ταπεινῶν
968 2375 1264 2440 ἐξέκλιναν.
1295 2392 1314 2426 ι
1384 2373 1724 2447 Ἠσθήσομαὶ
1757 2373 1955 2440 τοίνυν,

390 2475 575 2546 φησὶν,
598 2472 688 2526 ἐπὶ
710 2471 785 2542 τῷ
796 2469 908 2539 λαῷ
928 2485 1052 2538 μου,
1080 2466 1425 2539 δικαιοσύνης
1453 2469 1580 2521 ὅντα
1604 2468 1702 2537 τῆς
1724 2466 1958 2537 ἀληθοῦς

390 2570 627 2642 ἐργάτην
672 2566 834 2639 ὁρῶν.
892 2564 1160 2636 Δακρύσει
1191 2562 1300 2633 γὰρ
1350 2563 1522 2625 οὐδεὶς
1575 2562 1705 2632 παρ’
1752 2560 1956 2624 αὐτοῖς,

390 2661 548 2734 δῆλον
576 2662 633 2715 δέ
653 2663 733 2714 ὅτι
755 2656 1075 2711 πλεονεκτού
1084 2671 1263 2726 μενος·
1293 2653 1692 2723 κατακράξεται
1717 2652 1774 2705 δὲ
1799 2652 1960 2706 πάλιν

390 2756 587 2819 οὐδεὶς,
622 2753 697 2817 ὡς
723 2749 1070 2823 ἠδικημένος.
1125 2766 1143 2799 ι
1194 2747 1305 2801 Καὶ
1334 2746 1394 2799 ού
1454 2744 1526 2816 μὴ
1573 2746 1794 2814 γένηται
1824 2745 1957 2810 ἐκεῖ,

393 2849 576 2918 φησὶν,
622 2845 798 2917 ἄωρος
835 2845 930 2897 καὶ
979 2840 1289 2911 πρεσϐύτης
1314 2880 1328 2903 ,
1357 2838 1415 2903 ὃς
1448 2840 1545 2891 οὐκ
1573 2838 1841 2908 ἐμπλήσει
1872 2837 1961 2889 τὸν

394 2942 582 3014 χρόνον
618 2937 803 2992 αὑτοῦ.
837 2936 1028 2988 Ἔσται
1070 2931 1177 3002 γὰρ
1203 2933 1229 2984 ὁ
1265 2930 1381 2993 νέος
1412 2931 1602 2982 ἑκατὸν
1636 2928 1773 2981 ἐτῶν
1801 2966 1815 2991 ,
1844 2929 1872 2979 0
1904 2926 1961 2979 δὲ

393 3033 755 3102 ἀποθνήσκων
800 3026 1124 3099 ἁμαρτωλὸς
1162 3023 1356 3077 ἑκατὸν
1396 3021 1551 3082 ἐτῶν,
1581 3021 1674 3074 καὶ
1699 3019 1962 3073 ἐπικατά-

398 3142 558 3197 ρατος
591 3122 766 3175 ἔσται.
795 3138 813 3171 ›
861 3113 1030 3188 Οἶμαι
1079 3116 1134 3168 δέ
1167 3114 1278 3182 ἐγὼ
1320 3112 1604 3184 βούλεσθαί
1634 3129 1685 3164 τι
1722 3110 1961 3163 τοιοῦτον

398 3215 696 3287 ὑποδηλοῦν
724 3216 822 3284 τῆς
845 3209 1178 3281 προφητείας
1204 3207 1294 3260 τὸν
1318 3204 1461 3259 νοῦν.
1485 3208 1692 3273 Ἀωρον
1723 3204 1819 3273 μὲν
1852 3207 1961 3271 γὰρ

2040 635 2357 691 Jerusalem.
2403 635 2657 691 Gaudebo
2679 636 2820 691 enim
2855 637 2922 690 de
2956 636 3147 705 populo
3178 649 3298 690 meo
3326 651 3341 689 :
3375 648 3596 690 causas-

2040 742 2145 797 que
2172 728 2457 797 voluptatis
2489 726 2670 788 infert,
2693 726 2878 781 dicens
2907 746 2920 780 :
2948 724 3062 780 Non
3094 724 3228 779 ultra
3265 726 3509 781 audietur
3539 729 3594 780 in

2041 831 2105 871 ea
2134 832 2235 870 vox
2265 818 2460 880 luctus,
2492 831 2666 885 neque
2696 832 2798 869 vox
2835 815 3108 870 clamoris.
3142 816 3215 869 Ex
3250 817 3596 870 accusatione

2042 905 2193 974 quasi
2230 920 2405 959 rerum
2445 914 2901 975 antegressarum,
2937 905 3190 960 Ecclesiae
3219 905 3426 961 laudem
3468 922 3600 962 cun-

2043 1000 2178 1052 texit
2205 996 2361 1051 Deus.
2395 997 2533 1052 Olim
2564 998 2706 1052 enim
2736 995 2975 1052 Judaicte
3014 997 3307 1068 Synagogaa
3338 997 3598 1068 prtefecti,

2043 1099 2265 1158 propter
2289 1090 2428 1143 dona
2444 1090 2755 1156 judicabant
2770 1107 2783 1144 :
2801 1105 2975 1158 neque
2990 1101 3179 1143 norant
3196 1091 3342 1159 juste
3357 1090 3602 1160 judicare

2044 1182 2340 1247 orphanum
2371 1190 2425 1231 et
2451 1178 2687 1242 viduam.
2719 1181 2811 1233 sed
2851 1180 2973 1248 quia
3024 1182 3192 1249 turpis
3243 1180 3375 1233 lucri
3421 1179 3603 1246 cupidi

2044 1280 2227 1335 erant,
2270 1272 2609 1325 innocentem
2650 1279 2704 1325 et
2746 1270 2950 1340 justum
2995 1270 3445 1325 condemnabam.
3501 1269 3605 1336 Qui

2047 1372 2224 1417 autem
2257 1364 2369 1417 haec
2397 1362 2542 1431 passi
2570 1372 2716 1426 sunt,
2736 1377 2829 1416 eos
2860 1371 3042 1430 utpote
3067 1376 3354 1431 Oppressos
3383 1376 3608 1418 necesse

2048 1455 2267 1509 omnino
2308 1462 2426 1509 erat
2470 1453 2784 1523 lacrymari,
2854 1462 2910 1506 et
2951 1469 3073 1506 cmn
3116 1453 3354 1508 clamore
3396 1452 3603 1524 lugere.

2048 1544 2259 1598 Dictum
2295 1544 2477 1613 itaque
2502 1556 2586 1599 est
2620 1559 2753 1600 voce
2777 1542 3026 1600 Jeremiae
3055 1548 3119 1599 de
3143 1543 3440 1601 Jerusalem
3465 1563 3478 1600 :
3517 1566 3536 1599 ι
3564 1547 3611 1603 0

2049 1637 2239 1690 civitas
2270 1639 2520 1701 mendax,
2553 1638 2683 1691 nihil
2709 1638 2810 1692 nisi
2869 1637 3121 1692 violentia
3157 1639 3209 1692 in
3271 1654 3357 1695 ea.
3413 1639 3481 1695 Ut
3521 1657 3613 1712 pu-

2052 1732 2169 1779 teus
2208 1724 2489 1795 refrigerat
2517 1742 2710 1795 aquam
2734 1745 2749 1782 ;
2777 1728 2847 1781 ita
2887 1728 3135 1798 frigidam
3176 1729 3308 1784 facit
3350 1731 3612 1787 malitiam

2051 1831 2228 1870 suam.
2263 1818 2515 1887 Impietas
2539 1828 2599 1872 et
2631 1818 2847 1873 miseria
2872 1821 3118 1875 audietur
3148 1822 3200 1875 in
3233 1837 3294 1876 ea
3318 1833 3505 1877 contra
3536 1824 3616 1878 fa-

1981 1909 2023 1967 B
2052 1908 2187 1960 ciem
2222 1906 2337 1975 ejus
2362 1924 2576 1978 semper
2598 1909 2663 1961 ‘3.
2692 1928 2711 1962 ι
2759 1908 2903 1964 Dixit
2940 1911 3065 1966 item
3111 1912 3248 1968 alius
3276 1930 3308 1969 e
3335 1917 3614 1987 prophetis

2056 2004 2260 2055 sanctis
2284 2022 2297 2056 :
2334 2002 2430 2055 «Et
2444 2002 2729 2071 pulsabant
2750 2005 2924 2074 capita
2947 2020 3262 2075 pauperum,
3278 2020 3334 2064 et
3352 2011 3492 2066 viam
3515 2013 3617 2067 hu-

2056 2092 2258 2146 milium
2278 2093 2637 2163 depravarunt
2654 2096 3005 2152 “.oLaetabor
3030 2114 3179 2170 ergo,
3215 2100 3405 2171 inquit,
3429 2104 3497 2160 de
3522 2119 3620 2175 po-

2056 2184 2182 2252 pulo
2208 2199 2349 2249 meo,
2383 2201 2503 2239 cum
2535 2187 2720 2242 videro
2754 2188 2902 2243 illum
2934 2190 3314 2259 veraajustitiae
3343 2208 3463 2249 esse
3484 2210 3619 2265 ope-

2058 2275 2280 2330 rarium.
2312 2276 2722 2349 Lacrymabitur
2738 2285 2881 2336 enim
2915 2297 2982 2337 ex
3023 2283 3127 2338 illis
3158 2300 3336 2351 nemo,
3371 2288 3621 2344 videlicet

2058 2373 2251 2440 injtn'ia
2295 2371 2552 2431 aﬂ'eaus:
2579 2385 2636 2430 et
2682 2389 2873 2431 rursus
2919 2375 3175 2433 clamabit
3222 2393 3413 2450 nemo,
3452 2382 3621 2454 quasi

2056 2481 2366 2534 oppressus.
2409 2485 2427 2519 ι
2455 2467 2520 2522 Et
2548 2484 2655 2524 non
2707 2468 2798 2524 fiet
2845 2469 2985 2539 illic,
3035 2473 3241 2541 inquit,
3296 2474 3621 2533 immaturus

2058 2566 2113 2611 et
2152 2571 2339 2623 senex,
2370 2559 2461 2627 qui
2492 2575 2600 2615 non
2629 2559 2850 2630 impleat
2885 2570 3095 2633 tempus
3124 2578 3305 2621 suum.
3338 2564 3453 2622 Erit
3476 2569 3621 2624 enim

2058 2650 2375 2707 adolescens
2398 2663 2616 2707 centum
2651 2668 2953 2710 annorum:
2977 2665 3033 2711 at
3062 2658 3151 2725 qui
3182 2659 3411 2714 moritur
3431 2675 3623 2739 pecca-

2061 2750 2146 2795 tor
2177 2753 2395 2798 centum
2431 2760 2719 2809 annorum,
2750 2746 2914 2799 etiam
2947 2747 3294 2802 exsecrabilis
3321 2751 3443 2804 erit.
3469 2769 3487 2801 ι
3514 2750 3628 2808 Hoc

2060 2832 2161 2887 sibi
2194 2832 2305 2887 vult
2335 2836 2636 2904 prophetia,
2680 2846 2738 2889 ut
2766 2851 2865 2907 ego
2890 2837 3108 2905 quidem
3140 2837 3392 2895 arbitror.
3428 2839 3626 2896 Imma-

2063 2929 2241 2975 turum
2269 2924 2411 2978 enim
2436 2926 2649 2980 videtur
2695 2927 3007 2982 existimare
3036 2942 3179 2996 eum,
3216 2945 3411 2986 novum
3452 2932 3629 2989 adhuc

2061 3013 2313 3082 populum
2345 3029 2412 3069 ex
2436 3018 2708 3087 gentibus,
2745 3021 2810 3072 de
2841 3034 2947 3088 quo
2977 3019 3144 3075 David
3172 3040 3185 3074 :
3222 3039 3241 3072 ι
3272 3021 3503 3092 Populus
3534 3023 3626 3093 qui

2061 3115 2277 3158 creatur
2302 3104 2543 3161 laudabit
2571 3108 2856 3163 Dominum
2890 3110 2955 3163 ⁸⁷.
2986 3128 3005 3160 ι
3041 3108 3272 3180 lllosque
3316 3114 3368 3167 in
3400 3115 3630 3184 epistola

2062 3192 2260 3250 all'atur
2286 3197 2486 3253 Christi
2520 3200 2837 3271 discipulus,
2875 3202 3088 3257 dicens:
3123 3222 3141 3255 ι
3163 3201 3438 3274 Tanquam
3473 3208 3630 3261 modo

397 3272 636 3379 νομίζειν
680 3272 823 3357 ἔοικε
856 3272 1040 3366 “citas-5
1081 3297 1249 3351 ἐθνῶν
1293 3296 1372 3349 ἔτι
1414 3295 1533 3349 νέον
1565 3272 1865 3363 λαὸν,νπερὶ
1897 3289 1956 3347 οὗ

2062 3289 2169 3342 nati
2212 3289 2445 3346 infantes
2478 3292 2559 3349 lac
2584 3295 2842 3350 rationale
2878 3308 2932 3351 et
2960 3296 3065 3351 doli
3109 3272 3347 3353 nescium
3384 3300 3634 3370 concupi-

400 3416 564 3469 φησιν
595 3399 624 3450 0
650 3394 833 3449 Δαδίδ·
881 3412 899 3444 ι
941 3391 999 3443 Ὀ
1030 3388 1155 3453 λαὸς
1190 3389 1218 3441 0
1257 3386 1570 3458 κτιζόμενος
1616 3384 1821 3439 αἰνέσει
1866 3384 1959 3437 τὸν

398 3493 622 3561 Κύριονο
656 3506 675 3540 ι
720 3485 929 3546 τούτοις
959 3482 1016 3536 δὲ
1056 3479 1358 3536 ἐπιστέλλει
1395 3478 1489 3531 καὶ
1519 3478 1547 3530 ὁ
1586 3476 1819 3547 Χριστοῦ
1854 3492 1959 3545 μα-

401 3580 601 3653 θητὴς,
640 3576 834 3646 λέγων’
871 3594 890 3625 ι
925 3573 1011 3636 Ὧς
1050 3568 1459 3642 ἀρτιγέν[ν]ητα
1481 3568 1651 3639 βρέφη
1677 3566 1962 3637 τὸξλογικὸν

400 3672 495 3723 καὶ
525 3669 707 3725 ἄδολον
731 3666 870 3736 γάλα
898 3663 1286 3732 ἐπιποθήσατε.
1313 3680 1331 3712 ι
1352 3660 1559 3713 Οὐκοῦν
1580 3659 1754 3729 ἄωρος
1774 3660 1801 3710 ὁ
1825 3658 1961 3721 νέος,

402 3758 713 3831 πρεσϐύτης
742 3773 806 3824 γε
840 3754 944 3826 μὴν
972 3756 999 3808 0
1025 3755 1089 3807 ἐκ
1115 3751 1435 3823 περιτομῆς,
1464 3750 1629 3821 ήγουν
1656 3748 1715 3812 ἐξ
1739 3748 1965 3819 αἵματος

416 3851 653 3922 Ἰσραὴλ,
686 3848 779 3903 ἅτε
811 3848 877 3919 δὴ
918 3845 1428 3918 προσκεκλημένος,
1472 3843 1565 3895 καὶ
1596 3841 1737 3895 κατά
1766 3859 1830 3911 γε
1868 3841 1966 3912 τὴν

405 3942 600 4015 νοητὴν
624 3939 949 4009 Ἐκκλησίαν
992 3935 1338 4009 προειληφώς
1360 3953 1376 3967 ο
1411 3934 1523 3987 ἀλλ’
1553 3936 1611 3987 ἐν
1656 3936 1721 4005 τῇ
1755 3934 1965 4004 κλήσει,

408 4033 562 4100 φησὶ,
582 4033 649 4100 τῇ
683 4029 772 4082 διὰ
800 4028 1058 4099 Χριστοῦ,
1087 4028 1181 4080 καὶ
1211 4029 1268 4078 ἐν
1294 4028 1502 4096 καιροῖς
1532 4025 1630 4094 τῆς
1659 4024 1968 4094 ἐπιδημίας,

406 4120 529 4175 οὕτε
553 4121 749 4190 ἄωρος,
763 4118 885 4172 οὔτε
903 4117 1213 4189 πρεσϐύτης
1232 4115 1496 4187 διαφοράν
1518 4112 1696 4180 ἕξουσι
1720 4114 1817 4185 τὴν
1833 4115 1972 4168 κατὰ

407 4214 565 4267 τοῦτο
594 4211 725 4266 αὐτὸ
756 4210 891 4284 πρὸς
947 4209 1207 4280 ἀλλήλους
1229 4224 1243 4239 ·
1280 4208 1479 4270 πάντες
1503 4206 1610 4277 γὰρ
1642 4206 1852 4259 ἔσονται
1884 4206 1973 4258 τέ-

408 4302 558 4367 λειοι,
596 4300 693 4353 καὶ
725 4299 926 4362 πάντες
959 4297 1299 4369 ἐμπλήσουσι
1327 4297 1418 4350 τὸν
1443 4296 1652 4366 χρόνον,
1677 4297 1972 4360 τουτέστιν,

410 4398 487 4456 εἰς
504 4394 671 4462 ἄνδρα
699 4392 899 4447 τέλειον
920 4390 1299 4459 ἀναϐήσονται,
1322 4390 1416 4442 καὶ
1436 4392 1515 4452 εἰς
1536 4388 1731 4462 μέτρον
1762 4389 1975 4459 ἡλικίας

409 4486 504 4539 τοῦ
551 4483 912 4555 πληρώματος
958 4483 1051 4536 τοῦ
1098 4481 1357 4553 Χριστοῦ.
1393 4483 1451 4534 '0
1500 4481 1609 4551 γὰρ
1638 4482 1777 4545 νέος,
1820 4498 1975 4533 τουτ-

2059 3382 2193 3436 scite
2216 3382 2282 3436 ‘8.
2306 3401 2326 3434 ι
2361 3383 2545 3454 Itaque
2584 3385 2904 3442 immaturus
2949 3390 3150 3459 estqui
3194 3405 3401 3458 novus;
3444 3408 3630 3450 senex,

2069 3472 2159 3539 qui
2190 3485 2257 3527 ex
2277 3472 2712 3539 circumcisione,
2742 3484 2798 3530 et
2827 3492 2892 3531 ex
2922 3480 3183 3549 sanguine
3221 3481 3421 3538 Israel:
3449 3494 3634 3555 utpote

2063 3564 2267 3618 ascitus
2301 3574 2356 3619 et
2404 3566 2469 3617 ad
2520 3565 2912 3636 intelligibilem
2969 3567 3262 3625 Ecclesiam
3304 3584 3630 3644 assumptus.

2066 3653 2173 3709 Sed
2200 3654 2254 3709 in
2284 3656 2588 3721 vocatione,
2617 3657 2811 3727 inquit,
2837 3674 2934 3728 per
2962 3658 3260 3729 Christum,
3283 3673 3337 3719 et
3379 3668 3634 3737 tempori-

2066 3747 2168 3802 bus
2192 3748 2475 3813 adventus,
2519 3764 2693 3818 neque
2732 3752 3056 3808 immaturus
3088 3769 3262 3824 neque
3294 3770 3457 3813 senex
3492 3758 3635 3815 inter

2067 3852 2126 3893 se
2154 3838 2423 3896 different.
2454 3840 2588 3896 Nam
2637 3859 2827 3900 omnes
2873 3855 3035 3901 erunt
3071 3848 3320 3916 perfecti,
3346 3858 3401 3903 et
3445 3865 3635 3909 omnes

2070 3929 2369 3999 implebunt
2419 3944 2653 4003 tempus,
2691 3936 2741 3989 id
2767 3945 2870 4002 est,
2886 3937 2938 3990 in
2976 3939 3147 3993 virum
3183 3941 3480 4010 perfectum
3513 3958 3647 3998 eva-

2070 4020 2223 4089 dent,
2255 4032 2308 4077 et
2342 4024 2409 4079 ad
2457 4041 2762 4080 mensuram
2814 4027 2990 4082 aetatis
3032 4030 3386 4098 plenitudinis
3411 4034 3635 4091 Christi.

2072 4112 2403 4170 Adolescens
2424 4118 2591 4182 enim,
2627 4117 2679 4170 id
2706 4129 2809 4184 est,
2841 4120 3056 4189 gentilis
3091 4123 3342 4193 populus,
3380 4127 3486 4181 erit
3518 4141 3641 4183 cen-

2077 4213 2185 4259 tum
2218 4204 2381 4276 903
2398 4222 2683 4274 annorum,
2703 4224 2821 4278 pro,
2852 4211 3143 4281 perfectus,
3162 4224 3216 4269 et
3241 4227 3420 4273 mente
3445 4233 3638 4286 canus,

2075 4304 2131 4350 et
2166 4297 2231 4351 ad
2253 4299 2545 4365 spiritualis
2571 4303 2745 4357 anatis
2767 4318 3032 4359 summum
3071 4310 3295 4375 gradum
3326 4311 3639 4379 perductus.

2077 4386 2432 4445 Perfectionis
2487 4407 2721 4462 namque
2762 4396 2975 4463 signum
3027 4413 3121 4452 seu
3169 4402 3469 4470 symbolum
3519 4416 3640 4471 est,

2078 4490 2296 4535 centum
2318 4498 2583 4539 annorum
2614 4501 2890 4543 numerus.
2919 4488 3123 4546 Deinde
3152 4493 3325 4548 addit:
3365 4512 3383 4546 ι
3406 4494 3643 4552 Moriens

413 4580 578 4640 ἐστιν,
607 4580 635 4631 0
663 4577 722 4641 ἐξ
755 4576 925 4630 ἐθνῶν
953 4575 1100 4638 λαὸς,
1128 4575 1281 4629 ἔσται
1318 4575 1510 4629 ἑκατὸν
1532 4575 1688 4640 ἐτῶν,
1712 4576 1833 4630 ἀντὶ
1859 4573 1960 4628 τοῦ

2080 4581 2336 4640 peccator
2363 4585 2580 4630 centum
2607 4593 2892 4648 annorum,
2917 4582 3079 4636 etiam
3107 4585 3458 4641 exsecrabilis
3484 4588 3639 4642 erit.»

411 4671 633 4733 τέλειος,
661 4669 757 4723 καὶ
790 4667 1197 4738 πεπολιωμένος
1223 4666 1322 4730 τὰς
1355 4668 1575 4738 φρένας,
1601 4668 1693 4721 καὶ
1733 4683 1975 4737 πνευμα-

412 4766 568 4836 τικῆς
620 4763 836 4836 ἡλικίας
885 4764 964 4825 είς
1017 4760 1169 4831 λῆξιν
1214 4761 1432 4825 ἐλάσας·
1478 4760 1816 4832 τελειότητος
1865 4760 1973 4831 γὰρ

416 4859 660 4927 σημεῖον,
685 4855 802 4925 ήτοι
824 4853 1115 4925 σύμϐολον,
1140 4856 1168 4908 0
1195 4854 1386 4906 ἑκατὸν
1411 4853 1549 4907 ἐτῶν
1583 4850 1977 4924 ἁριθμός.Εῐτά

414 4965 598 5018 φησιν,
618 4948 699 5001 ὅτι
721 4968 739 4999 ι
763 4947 820 5001 '0
841 4946 896 5000 δὲ
908 4946 1263 5017 ἀποθνήσκων
1280 4943 1600 5015 ἁμαρτωλὸς
1613 4944 1805 4997 ἑκατὸν
1818 4944 1973 5007 ἐτῶν,

415 5040 507 5091 καὶ
530 5037 929 5109 ἐπικατάρατος
944 5037 1116 5091 ἔσται.
1141 5056 1159 5089 ι
1183 5038 1551 5091 Διαδείκνυσιν
1570 5038 1626 5089 ἐν
1643 5037 1872 5101 τούτοις,
1896 5039 1978 5091 ὅτι

415 5132 510 5188 καὶ
535 5135 570 5202 ή
587 5131 899 5201 κατὰνόμον
917 5130 1221 5194 τελείωσις,
1249 5129 1503 5200 ἀνόνητος
1531 5131 1640 5194 τοῖς
1659 5130 1871 5199 ἔχουσιν
1888 5131 1980 5183 αὑ-

414 5222 536 5293 τὴν,
569 5221 630 5275 οὐ
668 5218 1110 5291 προσηκαμένοις
1131 5218 1230 5288 τὴν
1259 5219 1439 5273 πίστιν
1463 5218 1562 5290 τὴν
1592 5219 1680 5274 διὰ
1719 5220 1976 5291 Χριστοῦ,

417 5313 510 5366 καὶ
541 5312 639 5379 τὴν
668 5309 758 5363 διὰ
786 5308 879 5363 τοῦ
919 5308 1075 5378 ἁγίου
1105 5308 1476 5379 βαπτίσματος
1506 5309 1796 5380 λύτρωσιν,
1819 5310 1885 5362 δι’
1912 5305 1980 5382 ἦς

418 5404 513 5457 καὶ
543 5402 712 5474 μόνης
730 5402 858 5465 τοὺς
886 5402 950 5455 ἐκ
979 5400 1078 5470 τῆς
1111 5400 1381 5470 ἁμαρτίας
1403 5401 1807 5473 ἀποτριϐόμεθα
1836 5402 1982 5471 λογι-

421 5493 609 5562 σμούς.
629 5491 838 5547 Οὐκοῦν
866 5492 971 5546 κᾶν
993 5491 1127 5555 εἴτις
1146 5492 1335 5546 ἑκατὸν
1358 5491 1494 5544 ἐτῶν
1522 5491 1800 5563 ὑπάρχων,
1824 5493 1977 5563 φησὶ,

417 5585 679 5651 τουτέστι,
709 5583 808 5657 τὴν
840 5583 1153 5655 τελειότητα
1190 5584 1289 5655 τὴν
1334 5583 1474 5637 κατὰ
1502 5584 1593 5636 τὸν
1632 5585 1795 5655 νόμον
1829 5584 1942 5654 ἔχοι
1963 5600 1976 5614 ’

417 5671 534 5728 εἶτα
553 5676 920 5747 τελευτήσειεν
942 5675 1283 5747 ἁμαρτωλὸς,
1304 5675 1568 5742 τουτέστι,
1587 5677 1685 5749 τὴν
1717 5678 1774 5730 ἐν
1800 5677 1980 5732 πίστει

2082 4661 2177 4719 His
2214 4666 2393 4723 verbis
2413 4670 2645 4723 ostendit
2668 4670 2890 4741 legalem
2920 4673 3309 4730 absolutionem
3340 4675 3454 4733 fore
3480 4677 3644 4732 inuti-

2080 4759 2353 4824 lem,eam
2399 4759 2744 4829 habentibus,
2774 4764 2820 4817 si
2863 4764 3020 4819 fidem
3069 4779 3164 4835 per
3208 4764 3484 4821 Christum
3538 4783 3646 4821 non

2083 4851 2420 4915 admiserint,
2448 4861 2501 4906 et
2522 4866 2621 4920 per
2647 4866 2862 4907 sacrum
2895 4854 3166 4909 lavacrum
3198 4857 3644 4926 redemptionem,

2082 4956 2179 5011 per
2205 4958 2363 5010 quam
2408 4950 2465 4996 et
2489 4942 2706 5012 quidem
2747 4944 2915 4997 solum
2978 4947 3186 5015 peccati
3241 4947 3647 5016 inquinamenta

2083 5034 2342 5089 delemus.
2368 5033 2600 5090 Proinde
2629 5034 2866 5102 etiamsi,
2902 5036 3097 5105 inquit,
3126 5037 3249 5107 quis
3283 5047 3503 5093 centum
3547 5052 3645 5093 an-

2086 5142 2276 5182 norum
2303 5127 2550 5192 exsistat,
2580 5127 2632 5181 id
2675 5139 2775 5192 est,
2814 5127 3197 5197 perfectionem
3230 5128 3453 5202 legalem
3481 5130 3646 5200 adep-

2087 5229 2171 5273 tus
2196 5220 2282 5283 sit,
2311 5228 2524 5275 maneat
2547 5230 2723 5273 tamen
2755 5230 3027 5289 peccator,
3062 5222 3115 5275 id
3146 5220 3523 5290 est.justitiam
3551 5237 3648 5293 per

2086 5310 2244 5365 fidem
2300 5327 2405 5366 non
2447 5312 2695 5383 accipiat,
2739 5314 2843 5368 erit
2894 5316 3055 5369 etiam
3107 5313 3481 5381 exsecrabilis,
3525 5329 3648 5385 pro,

2085 5403 2246 5456 etiam
2278 5404 2410 5471 legis
2443 5404 2963 5473 transgressionibus
2983 5405 3254 5461 obnoxius
3282 5406 3651 5475 deprehende-

2088 5504 2191 5547 tur.
2230 5493 2398 5550 Nemo
2431 5494 2572 5550 enim
2610 5496 2750 5551 inter
2780 5495 2994 5552 Judaeos
3017 5498 3137 5553 talis
3169 5512 3233 5553 ac
3262 5505 3446 5553 tantus
3476 5497 3644 5553 exstio

2089 5586 2183 5647 tit,
2237 5587 2324 5653 qui
2384 5600 2487 5640 non
2548 5587 2729 5657 aliquo
2785 5589 2941 5644 modo
2995 5590 3059 5643 ad
3116 5589 3287 5661 legem
3346 5589 3648 5660 impegerit.

2093 5677 2319 5733 «Omnes
2369 5679 2509 5734 enim
2537 5691 2917 5750 peccaverunt,
2954 5682 3145 5753 inquit,
3196 5691 3252 5740 et
3282 5690 3441 5755 egent
3483 5681 3653 5756 gloria

486 5849 533 5929 ca
571 5846 769 5907 ,ια-ειη,
802 5866 876 5920 π,
931 5849 984 5909 6,
1059 5850 1104 5883 ⁸⁸
1131 5851 1294 5907 Amos
1335 5867 1392 5918 tt,
1450 5851 1499 5904 7.
1562 5853 1617 5924 f"
1665 5852 1802 5910 Psal.
1861 5869 1931 5920 Cl,

2127 5857 2169 5887 ⁸⁸
2248 5855 2388 5913 Peir.
2430 5873 2485 5925 ιι,
2514 5858 2565 5914 2.
