4054 6376
448 436 590 493 “23
1472 428 1529 480 S.
1570 425 1847 481 CYRILIJ
1888 418 2353 482 ALEXANDRINI
2395 425 2713 483 ARCHIEP.
3551 427 3688 482 1424

450 554 567 615 Dei,
596 549 875 620 iustiﬁcati
911 546 1077 617 gratis
1106 544 1272 614 ipsius
1305 544 1476 614 gratia
1505 545 1571 595 ⁸ο.
1603 563 1619 594 ι
1658 544 1809 610 Quod
1835 554 2014 598 autem
2047 603 2051 614 η

2087 606 2091 614 _
2118 545 2462 613 δικαιοσύνην
2492 545 2554 597 οὐ
2584 543 2785 608 λαϐὼν,
2814 544 2968 597 ἔσται
2996 544 3088 597 καὶ
3122 543 3538 614 ὲπικατάρατος,
3569 548 3688 599 ἀντὶ

449 660 513 699 ex
543 643 656 713 lege
687 640 939 710 perfectis
964 647 1019 693 et
1041 636 1448 700 consummatis,
1480 636 1681 691 Christi
1712 638 1883 706 gratia
1910 651 2015 691 non

2117 638 2235 702 τοῦ,
2272 638 2365 691 καὶ
2386 639 2505 699 ταῖς
2538 634 2633 688 τοῦ
2660 635 2826 706 νόμου
2857 635 3233 706 παραϐάσεσιν
3260 635 3439 705 ἔνοχος
3462 635 3688 707 εὑρεθή-

450 735 723 805 adjuncta,
767 732 955 789 inutile
982 732 1052 785 sit
1087 730 1216 784 illud
1239 730 1504 794 studium,
1529 730 1889 800 pulcherrime
1920 729 2015 783 de-

2120 744 2289 781 σεται.
2319 727 2507 791 Οὐδεὶς
2531 727 2638 797 γὰρ
2670 726 2863 795 γέγονε
2889 727 3145 790 τοσοῦτος
3180 729 3238 779 ὲν
3279 726 3570 792 Ἰουδαίοις,
3614 728 3691 791 ὡς

447 838 714 885 monstrat
752 824 1185 896 sapientissimus
1236 822 1451 886 Paulus,
1508 822 1829 891 quibusdam
1877 821 2015 875 scri-

2118 818 2259 871 κατά
2295 819 2499 889 μηδένα
2527 818 2726 888 τρόπον
2745 818 3024 871 διαπεσεῖν
3046 835 3060 848 ο
3088 838 3105 869 ι
3136 821 3344 883 Πάντες
3383 819 3492 890 γὰρ
3520 822 3694 891 ἥμαρ-

446 919 603 987 bens,
632 935 689 973 se
716 932 814 987 pro
854 916 1187 972 stercoribus
1212 915 1467 969 habuisse
1492 929 1613 983 qua:
1660 915 1711 967 in
1746 914 1863 983 lege
1892 922 2017 966 sunt

2117 925 2228 971 τον,
2254 910 2349 961 καὶ
2382 908 2731 977 ὑστεροῦνται
2758 909 2856 978 τῆς
2882 908 3039 977 δόξης
3071 907 3164 961 τοῦ
3197 908 3352 972 Θεοῦ,
3385 909 3695 981 δικαιούμε-

445 1014 650 1075 omnia,
682 1021 739 1066 ut
779 1010 1052 1065 Christum
1086 1008 1346 1071 lucretur,
1374 1016 1426 1061 et
1474 1007 1781 1061 inveniatur
1808 1007 1859 1059 in
1903 1006 2018 1075 ipso

2118 1016 2199 1053 νοι
2219 1000 2427 1071 δωρεὰν
2454 1004 2519 1072 τῇ
2548 1000 2713 1055 αὐτοῦ
2741 1000 2945 1071 χάριτι.
2962 1002 3085 1054 Ὅτι
3112 1000 3167 1053 δὲ
3191 1000 3447 1072 ἀνόνητος
3467 1002 3559 1055 καὶ
3584 1006 3695 1064 τοῖς

446 1119 551 1159 non
607 1104 812 1159 habens
862 1116 1013 1155 suam
1061 1100 1349 1170 justitiam,
1380 1100 1482 1152 hoc
1522 1108 1606 1153 est
1646 1098 1892 1168 legalem,
1921 1097 2015 1151 sed

2118 1093 2259 1146 κατὰ
2278 1094 2436 1163 νόμον
2456 1092 2888 1163 τετελειωμένοις
2913 1095 2945 1164 ἡ
2967 1094 3045 1157 εἰς
3062 1093 3216 1146 τοῦτο
3240 1094 3467 1162 σπουδὴ,
3494 1094 3592 1162 τῆς
3608 1093 3698 1146 διὰ

446 1213 565 1266 quae
596 1212 695 1266 per
732 1194 889 1249 ﬁdem
942 1201 1025 1247 est
1068 1191 1195 1247 Jcsu
1239 1190 1527 1245 Christi".
1600 1189 1815 1244 Judrcos
1854 1189 2015 1243 etiam

2119 1182 2357 1253 Χριστοῦ
2407 1183 2632 1253 χάριτος
2679 1183 2740 1235 οὐ
2801 1183 3303 1253 προσειλημμένης,
3339 1183 3698 1236 διαδείκνυσιν

447 1287 720 1343 insimulat
750 1285 903 1355 quasi
947 1284 1218 1346 amentiae,
1264 1284 1342 1336 sic
1387 1282 1611 1337 dicens:
1652 1302 1670 1333 ι
1699 1280 2018 1352 lgnorantes

2120 1272 2179 1329 εῦ
2208 1277 2350 1346 μάλα
2376 1276 2487 1328 τισὶ
2518 1274 2815 1345 γεγραφὼς
2837 1277 2864 1327 ό
2886 1277 3160 1344 πάνσοφος
3190 1274 3422 1337 Παῦλος,
3455 1276 3537 1328 ὅτι
3570 1276 3700 1327 σκύ-

446 1378 588 1431 enim
642 1375 733 1430 Dei
770 1373 1059 1443 justitiam,
1095 1380 1150 1425 et
1191 1385 1345 1424 suam
1385 1370 1627 1424 volentes
1662 1369 2016 1433 constituere,

2121 1369 2259 1422 6αλα
2298 1368 2398 1437 μὲν
2427 1370 2672 1439 ἡγήσατο
2718 1368 2784 1421 τὰ
2824 1370 2881 1421 ὲν
2910 1369 3057 1439 νόμῳ
3088 1369 3288 1432 πάντα,
3336 1368 3419 1422 ἴνα
3465 1366 3698 1440 Χριστὸν

439 1468 663 1535 iustitia:
700 1466 792 1521 Dei
844 1479 947 1517 non
998 1472 1126 1517 sunt
1177 1462 1427 1531 subjecti.
1483 1460 1634 1515 Finis
1686 1461 1829 1515 enim
1886 1460 2018 1529 legis

2122 1458 2376 1529 κερδάνῃ,
2423 1462 2517 1510 καὶ
2563 1459 2762 1530 εὑρεθῇ
2816 1460 2873 1512 ὲν
2919 1458 3068 1529 αὐτῷ
3105 1459 3179 1529 μὴ
3210 1458 3347 1531 ἔχων
3399 1459 3496 1530 τὴν
3536 1459 3698 1511 αὑτοῦ

446 1558 724 1619 Christus,
761 1556 827 1609 ad
867 1552 1135 1624 justitiam
1179 1551 1325 1606 omni
1368 1552 1612 1605 credenti
1643 1553 1713 1604 τί.
1744 1570 1762 1602 ι
1814 1550 2020 1605 Rursus

2121 1548 2501 1617 δικαιοσύνην,
2536 1549 2811 1609 τουτέστι,
2848 1548 2945 1616 τὴν
2994 1551 3050 1601 ὲν
3083 1551 3250 1621 νόμῳ,
3297 1551 3430 1603 ἀλλὰ
3467 1552 3565 1621 τὴν
3610 1551 3698 1604 διὰ

444 1651 617 1705 dixit:
653 1667 671 1701 ι
700 1648 807 1703 Nos
837 1655 1027 1702 natura
1071 1644 1258 1707 Judwi,
1298 1654 1352 1698 et
1378 1660 1481 1698 nou
1522 1660 1587 1699 ex
1614 1644 1865 1714 gentibus
1898 1658 2022 1713 pec-

2125 1639 2359 1701 πίστεως
2390 1638 2563 1708 Ἰησοῦ
2598 1639 2857 1710 Χριστοῦ.
2903 1640 3172 1711 Γράφεται
3204 1642 3260 1694 δὲ
3295 1642 3483 1713 ὥσπερ
3514 1644 3698 1704 ἀνοίας

445 1746 658 1791 calores
689 1752 705 1800 ;
752 1735 987 1789 scientes
1010 1744 1189 1787 autem
1220 1733 1631 1803 noujustillcari
1664 1734 1931 1787 hominem
1955 1747 2019 1785 ex

2123 1731 2249 1793 τοὺς
2280 1730 2593 1794 Ἰουδαίους,
2633 1730 2775 1783 οὕτω
2807 1731 3000 1799 λέγων·
3048 1751 3065 1781 ι
3107 1731 3451 1799 Ἀγνοοῦντες
3467 1733 3573 1803 γὰρ
3599 1734 3700 1803 τὴν

442 1828 698 1896 operibus
744 1826 899 1895 legis,
937 1825 1037 1879 nisi
1080 1840 1178 1894 per
1225 1824 1383 1878 [idem
1415 1823 1541 1880 Jesu
1574 1825 1808 1878 Christi:
1837 1832 1893 1877 et
1926 1838 2022 1877 nos

2124 1819 2217 1873 τοῦ
2241 1821 2373 1873 Θεοῦ
2396 1822 2761 1891 δικαιοσύνην,
2789 1822 2883 1875 καὶ
2907 1823 3007 1892 τὴν
3036 1824 3166 1876 ἰδίαν
3191 1825 3481 1894 ζητοῦντες
3504 1825 3699 1893 στῆσαι

444 1920 496 1973 in
528 1918 803 1974 Christum
829 1917 1101 1972 credimus
1140 1915 1241 1970 ⁷⁸.»
1274 1916 1504 1985 Ideoque
1531 1917 1705 1969 dictus
1729 1925 1811 1969 est
1866 1914 2023 1969 Chri-

2125 1917 2189 1984 τῇ
2219 1914 2530 1985 δικαιοσύνῃ
2565 1916 2658 1968 τοῦ
2695 1914 2829 1968 Θεοῦ
2861 1916 2959 1985 ούχ
2991 1918 3364 1988 ὑπετάγησαν.
3397 1918 3561 1979 Τέλος
3592 1919 3699 1987 γὰρ

444 2023 561 2067 stus
600 2010 927 2074 maledictio,
958 2016 1018 2062 ut
1060 2024 1087 2061 a
1114 2007 1245 2077 legis
1291 2006 1667 2061 maledictione
1718 2006 2004 2068 eximeret,

2125 2008 2291 2077 νόμου
2317 2008 2553 2077 Χριστὸς
2574 2010 2653 2070 εἰς
2674 2007 3021 2077 δικαιοσύνην
3050 2010 3211 2061 παντὶ
3232 2008 3310 2078 τῷ
3335 2006 3693 2062 πιστεύοντι.»

442 2105 533 2173 qui
559 2104 607 2158 ei
646 2103 862 2157 fuerunt
891 2101 1131 2157 obnoxii.
1168 2098 1439 2168 Scriptum
1472 2108 1553 2153 est
1580 2099 1723 2151 enim
1749 2117 1761 2152 :
1807 2116 1824 2148 ι
1856 2095 2021 2149 Male-

2129 2097 2275 2164 Ἔφη
2303 2096 2358 2150 δὲ
2389 2097 2582 2150 πάλινο
2624 2115 2643 2148 s
2676 2098 2865 2168 Ἡμεῖς
2898 2097 3057 2166 φύσει
3098 2099 3358 2164 Ἰουδαῖοι,
3391 2101 3485 2153 καὶ
3516 2101 3614 2152 οὐκ
3644 2099 3701 2165 ἐξ

442 2195 619 2248 dictus
639 2194 815 2248 omnis
849 2194 938 2262 qui
968 2206 1072 2245 non
1098 2200 1279 2245 manet
1310 2191 1360 2243 in
1384 2190 1638 2243 omnibus
1668 2202 1787 2258 quae
1819 2188 2019 2256 scripta

2125 2187 2297 2241 ἐθνῶν
2342 2188 2686 2259 ἁμαρτωλοί’
2728 2189 2929 2253 εἰδότες
2958 2190 3015 2243 δὲ
3056 2191 3137 2243 ὅτι
3170 2192 3228 2243 οὐ
3264 2191 3569 2245 δικαιοῦται
3611 2192 3703 2243 ἄν·

442 2296 569 2340 suut
597 2288 651 2339 in
690 2286 807 2354 lege
832 2284 956 2338 libri
1000 2283 1183 2352 hujus,
1221 2291 1280 2335 ut
1306 2296 1369 2336 ea
1403 2280 1570 2335 faciat
1596 2280 1662 2335 ⁷³.
1697 2298 1715 2333 ι

2127 2279 2345 2351 θρωπος
2374 2281 2433 2347 ἐξ
2460 2280 2637 2351 ἔργων
2674 2280 2861 2353 νόμου,
2896 2283 2990 2335 ἐὰν
3022 2282 3096 2354 μὴ
3125 2283 3215 2335 διὰ
3255 2284 3487 2347 πίστεως
3530 2282 3702 2353 Ἰησοῦ

442 2380 702 2453 Χριστοῦ,
728 2380 821 2432 καὶ
856 2382 1019 2450 ἡμεῖς
1042 2379 1123 2440 εἰς
1182 2376 1418 2447 Χριστὸν
1458 2375 1881 2446 ἐπιστεύσαμεν.
1913 2391 1933 2427 s
1976 2374 2375 2447 Κεχρημάτικε
2432 2376 2487 2429 δὲ
2519 2376 2607 2428 διὰ
2660 2377 2821 2430 τοῦτο
2848 2378 3064 2448 κατάρα
3080 2379 3333 2449 Χριστὸς,
3370 2380 3456 2433 ἵνα
3488 2379 3583 2448 τῆς
3606 2380 3704 2432 τοῦ

440 2475 603 2545 νόμου
631 2472 876 2543 κατάρας
926 2470 1176 2539 ἐξέληται
1202 2471 1329 2532 τοὺς
1384 2470 1477 2521 ὑπ’
1546 2470 1683 2539 αύτῇ
1727 2469 2052 2537 γεγονότας·
2132 2469 2442 2540 γέγραπται
2475 2469 2584 2541 γὰρ
2613 2512 2627 2534 ,
2656 2471 2738 2522 ὅτι
2767 2489 2784 2520 ι
2831 2470 3261 2540 Ἐπικατάρατος
3308 2473 3448 2535 πᾶς,
3493 2473 3551 2536 ὃς
3605 2476 3707 2527 οὐκ

440 2569 667 2641 ἐμμένει
705 2568 840 2620 πᾶσι
892 2568 1005 2628 τοῖς
1044 2564 1456 2635 γεγραμμένοις
1508 2565 1567 2617 ὲν
1611 2563 1687 2633 τῷ
1725 2562 1875 2633 νόμῳ
1920 2560 2014 2615 τοῦ
2056 2561 2261 2632 βιϐλίου
2291 2562 2505 2628 τούτου,
2533 2564 2626 2617 τοῦ
2654 2565 2877 2635 ποιῆσαι
2910 2565 3067 2620 αὑτά.
3096 2584 3115 2617 ι

584 2660 746 2715 Vens.
787 2658 977 2711 21-24.
1051 2658 1114 2710 Et
1181 2657 1516 2724 wdiﬁcabunt
1581 2657 1783 2719 domos,
1834 2664 1881 2709 et
1925 2654 2026 2723 ipsi

2199 2658 2306 2710 Καὶ
2332 2655 2843 2726 οἱκοδομήσουσιν
2878 2658 3091 2724 οὶκίας,
3140 2658 3237 2711 καὶ
3269 2659 3437 2711 αὐτοὶ
3470 2658 3704 2725 ἐνοική-

438 2752 846 2813 inhabitabunt;
885 2748 1195 2817 plantabunt
1260 2750 1457 2812 vineas,
1501 2758 1547 2801 et
1610 2748 1710 2816 ipsi
1756 2746 2023 2800 comedent

2127 2760 2333 2802 o'avcn'
2386 2748 2485 2801 καὶ
2540 2750 3103 2817 καταφυτεύσουσιν
3169 2748 3544 2819 ἀμπελῶνας.
3607 2753 3702 2805 καὶ

439 2846 669 2911 fructum
724 2859 928 2897 earum.
974 2841 1038 2893 Et
1097 2858 1200 2894 non
1262 2840 1624 2907 a'diﬁcabunt,
1672 2848 1717 2892 et
1780 2838 1873 2891 alii
1940 2838 2021 2890 in-

2125 2842 2293 2894 αὺτοὶ
2330 2840 2617 2910 φάγονται
2670 2843 2777 2894 τὸν
2831 2842 3064 2910 καρπὸν
3092 2840 3308 2895 αὐτῶν.
3345 2842 3453 2895 Καὶ
3502 2845 3576 2896 οὐ
3615 2844 3702 2912 μὴ

439 2939 794 3001 habitabant;
834 2948 880 2990 et
940 2952 1041 2987 non
1089 2932 1421 3003 plantabunt,
1473 2942 1522 2985 et
1577 2930 1674 2983 alii
1731 2930 2017 2984 comedent.

2124 2929 2588 2998 οἱκοδομήσωσι,
2613 2930 2713 2983 καὶ
2750 2929 2926 2984 ἄλλοι
2969 2930 3312 2997 οἰκήσουσιο
3360 2931 3457 2985 καὶ
3499 2935 3573 2987 οὐ
3618 2932 3705 3001 μὴ

442 3031 581 3085 Ναηι
627 3043 681 3083 ut
744 3030 852 3082 dies
901 3027 1028 3096 ligni
1087 3028 1228 3091 vitae,
1281 3035 1431 3079 erunt
1485 3024 1596 3077 dies
1652 3023 1831 3091 populi
1884 3022 2018 3076 mei:

2120 3021 2487 3089 φυτεύσωσι,
2528 3020 2627 3074 καὶ
2666 3020 2845 3075 ἄλλοι
2897 3021 3206 3092 φάγονται.
3251 3024 3413 3078 Κατὰ
3455 3025 3566 3094 γὰρ
3600 3029 3707 3089 τὰς

438 3138 595 3193 opera
642 3136 895 3175 manuum
939 3134 1158 3171 suarum
1230 3118 1624 3170 inveterascent.
1684 3112 1852 3166 Electi
1915 3112 2017 3167 mei

2119 3110 2344 3180 ἡμέρας
2374 3113 2480 3166 τοῦ
2512 3113 2705 3176 ξύλου
2755 3112 2862 3181 τῆς
2905 3112 3051 3181 (tofm
3106 3116 3349 3169 ἔσονται
3390 3119 3448 3170 αἱ
3492 3118 3708 3186 ἡμέραι

436 3233 543 3271 non
572 3212 885 3268 laborabunt
924 3213 1147 3278 frustra,
1173 3224 1335 3275 neque
1399 3206 1537 3273 filios
1586 3204 1906 3274 generabant
1961 3204 2017 3257 in

2122 3204 2226 3257 τοῦ
2248 3205 2402 3258 λαοῦ
2416 3223 2537 3273 μου
2562 3222 2576 3235 ·
2605 3205 2676 3257 τὰ
2698 3207 2839 3273 ἔργα
2864 3203 2981 3257 τῶν
3003 3207 3203 3259 πόνων
3224 3205 3421 3260 αὐτῶν
3451 3209 3710 3261 παλαιὼ-

439 3303 902 3359 maledictionem:
960 3301 1084 3368 quia
1122 3296 1287 3368 904
1326 3311 1496 3349 semen
1560 3294 1888 3349 benedictum
1944 3302 2017 3349 est

2119 3308 2362 3347 σουσιν.
2400 3298 2464 3348 Οἱ
2494 3296 2562 3347 δὲ
2606 3295 2878 3348 ἐκλεκτοί
2907 3314 3021 3364 μου
3058 3299 3129 3351 οὐ
3164 3299 3571 3353 κοπιάσουσιν
3620 3303 3710 3364 εις

438 3413 471 3449 a
536 3393 781 3448 Domino.
837 3390 902 3443 Et
935 3391 1047 3458 ﬁet,
1108 3400 1390 3458 antequam
1450 3387 1676 3441 clament
1740 3386 1859 3455 ipsi,
1926 3401 2018 3454 ego

2122 3386 2319 3449 κενὸν,
2367 3386 2511 3440 οὐδὲ
2553 3387 3105 3454 τεκνοποιήσουσιν
3154 3393 3247 3454 εἰς
3296 3391 3582 3457 κατάραν
3622 3391 3710 3442 ὅτι

436 3484 717 3539 exaudiam
753 3499 860 3537 eos.
904 3482 1087 3533 Adhuc
1116 3479 1440 3549 loquentibus
1468 3477 1608 3542 illis,
1641 3476 1814 3530 dicam
1835 3515 1850 3544 ,
1893 3476 2019 3546 quid

2120 3475 2358 3544 σπέρμα
2391 3476 2806 3545 εὐλογημένον
2838 3478 2955 3531 ὑπὸ
3000 3478 3148 3531 Θεοῦ
3182 3481 3334 3533 ἐστι..
3374 3482 3483 3534 Καὶ
3530 3482 3706 3535 ἔσται

437 3588 508 3631 ιη
535 3577 560 3629 γ
2122 3564 2265 3633 πρὶν
2293 3565 2574 3633 κεκράξαι
2600 3565 2841 3631 αὐτοὺς,
2874 3566 2989 3636 ἐγὼ
3022 3569 3459 3637 εὶσιικούσομαι
3488 3571 3710 3625 αὐτῶν.

2126 3655 2247 3707 Ἔτι
2286 3658 2641 3710 λαλούντων
2675 3656 2893 3720 αὐτῶν,
2935 3655 3067 3723 ἐρῶ·
3114 3660 3176 3710 Τί
3204 3659 3411 3721 ἐστιν;

508 3753 703 3807 Pacem
735 3752 840 3807 illis
886 3765 1007 3819 quae
1036 3764 1143 3805 non
1199 3747 1648 3810 labelactabitur,
1707 3745 2018 3802 misericor-

2193 3749 2426 3818 Εἰρήνην
2466 3748 2648 3810 αὐτοῖς
2692 3749 2789 3818 τὴν
2840 3748 3192 3817 ἁκράδαντον,
3230 3752 3393 3820 φειδῶ
3421 3754 3513 3805 καὶ
3548 3755 3716 3824 εὐμέ-

438 3846 607 3909 diam,
662 3844 1136 3914 pr0pitiationem,
1173 3840 1477 3897 bonitatem
1523 3848 1580 3894 et
1627 3837 2019 3893 humanitatem

2123 3854 2293 3900 νειαν,
2333 3837 2681 3908 χρηστότητα
2715 3840 2808 3890 καὶ
2842 3838 3251 3908 φιλανθρωπίαν
3292 3842 3713 3909 ἐπαγγέλλεται.

437 3935 795 4006 adpromittit.
835 3932 1145 4004 Antiquitus
1176 3932 1319 3988 enim
1352 3946 1416 3987 ex
1444 3930 1709 3997 sanguine
1729 3927 1893 3983 Israel
1918 3926 2023 3983 oris

2123 3930 2298 3982 Πάλαι
2342 3930 2440 3999 μὲν
2489 3928 2598 4000 γὰρ
2630 3931 2679 3981 οἱ
2731 3929 2788 3996 ἐξ
2842 3929 3074 3999 αἵματος
3107 3932 3341 4003 Ἰσραὴλ,
3380 3933 3467 3986 διὸ.
3512 3936 3717 4007 πολλῆς

438 4029 591 4095 undi,
641 4027 836 4097 insigni
904 4025 1139 4089 insania,
1166 4022 1555 4093 multiplicibus
1585 4023 1759 4086 vitiis,
1798 4031 1850 4076 et
1879 4023 2022 4089 quod

2122 4022 2261 4090 ἄγαν
2290 4021 2568 4085 ἀπονοίας,
2624 4023 2719 4075 καὶ
2767 4025 3076 4088 πολυειδοῦς
3106 4025 3458 4098 φαυλότητος,
3491 4030 3584 4082 καὶ
3620 4030 3717 4082 τοῦ

438 4128 583 4175 recte
629 4120 810 4173 vivere
875 4117 1096 4181 nollent,
1132 4118 1475 4170 continenter
1517 4115 1891 4168 universorum
1925 4113 2022 4167 do-

2126 4114 2201 4183 μὴ
2231 4113 2633 4185 ἁνέχεσθαιζῇν
2662 4115 2857 4185 ὀρθῶς,
2888 4117 3314 4189 παροτρύνοντες
3334 4119 3603 4173 διετέλουν
3625 4123 3719 4175 τὸν

438 4211 756 4266 minatorem
789 4208 955 4263 Deum
994 4208 1303 4275 irritabaut;
1339 4209 1480 4262 hanc
1507 4206 1578 4262 ob
1627 4222 1848 4261 causam
1880 4207 2020 4260 mul-

2123 4206 2231 4258 τῶν
2253 4205 2389 4259 ὅλων
2438 4206 2741 4276 κρατοῦντα
2774 4208 2934 4260 Θεόν·
2970 4210 3172 4279 ταύτης
3204 4210 3365 4263 ἕνεκα
3399 4212 3498 4280 τῆς
3528 4215 3718 4278 αἰτίας

439 4302 507 4357 tis
560 4301 737 4356 modis
799 4300 974 4371 puniti
1026 4310 1175 4357 sunt.
1214 4297 1370 4353 Nunc
1393 4298 1591 4354 etenim
1623 4312 1745 4367 quae
1782 4300 1837 4352 in
1878 4298 2022 4365 agris

2125 4298 2267 4351 κατὰ
2295 4299 2521 4362 πολλοὺς
2545 4300 2795 4369 ᾐκίζοντο
2824 4302 3057 4371 τρόπους
3079 4318 3093 4331 ·
3124 4303 3254 4357 ποτὲ
3284 4305 3380 4371 μὲν
3437 4306 3544 4375 γάρ
3577 4324 3717 4359 κατ-

437 4403 593 4450 erant
639 4391 1125 4461 corrumpebantur
1158 4406 1171 4442 :
1200 4399 1254 4444 et
1282 4390 1359 4445 rei
1388 4389 1600 4444 rustica
1633 4389 1858 4444 sudores
1908 4388 2023 4442 lru-

2128 4389 2441 4461 εφθείροντο
2467 4390 2536 4443 τὰ
2559 4393 2614 4442 ἐν
2642 4392 2850 4462 ἀγροῖς,
2877 4394 2968 4447 καὶ
2994 4395 3119 4453 τοὺς
3156 4396 3247 4447 ἐπὶ
3285 4399 3402 4460 ταῖς
3425 4399 3720 4467 γηπονίαις

438 4490 551 4536 stra
606 4479 915 4541 tolerantes,
970 4479 1109 4532 fame
1156 4477 1530 4549 cingebantur.
1597 4476 1871 4547 Scriptum
1939 4486 2022 4532 est

2127 4482 2356 4551 ἱδρῶτας
2380 4482 2735 4552 ὑφιστάμενοι
2766 4484 2963 4553 μάτην,
2987 4484 3129 4554 λιμῷ
3155 4487 3547 4557 κατετρύχοντο
3567 4504 3584 4519 ·
3623 4492 3720 4557 γέ-

437 4572 579 4627 enim
602 4590 614 4625 :
639 4591 655 4623 ι
678 4570 806 4627 Dedi
832 4571 1051 4636 aerugini
1083 4570 1290 4625 fructus
1310 4584 1496 4623 eorum
1526 4577 1581 4623 et
1602 4569 1814 4623 labores
1834 4584 2021 4623 eorum

2125 4590 2367 4645 γραπται
2394 4575 2525 4643 γὰρ,
2550 4576 2629 4627 ὅτι
2667 4593 2683 4625 ι
2722 4575 2829 4627 Καὶ
2862 4574 3027 4627 ἔδωκε
3050 4579 3114 4646 τῇ
3144 4577 3372 4649 ἑρυσίὸῃ
3416 4582 3541 4642 τοὺς
3578 4599 3720 4653 καρ-

438 4665 659 4719 locusta:
684 4663 784 4717 “.s
807 4662 1022 4717 Dictum
1058 4670 1140 4716 est
1160 4662 1321 4717 etiam
1341 4661 1444 4715 illis
1468 4676 1562 4729 per
1579 4677 1741 4714 unum
1769 4676 1799 4714 e
1823 4661 2023 4715 sanctis

2136 4666 2263 4726 ποὺς
2292 4664 2492 4730 αὐτῶν,
2536 4666 2627 4718 καὶ
2677 4667 2805 4728 τοὺς
2852 4667 3046 4730 πόνους
3092 4669 3269 4722 αὐτῶν
3322 4673 3388 4742 τῇ
3435 4672 3645 4741 ἁκρίδι.
3696 4695 3712 4725 ι

436 4755 747 4825 prophetis:
778 4773 795 4803 ι
809 4753 888 4807 Tu
906 4767 1077 4817 seres,
1098 4762 1152 4807 et
1173 4766 1277 4806 non
1296 4761 1468 4805 metes
1489 4769 1503 4816 ;
1526 4759 1582 4804 tu
1598 4767 1810 4820 premes
1824 4752 2016 4816 oleam,

2128 4756 2356 4827 Εἴρηται
2379 4756 2435 4809 δέ
2464 4774 2566 4809 που
2609 4757 2746 4826 πρὸς
2776 4758 2971 4822 αὐτοὺς
3006 4760 3099 4813 καὶ
3130 4761 3198 4813 δι’
3231 4762 3349 4825 ἑνὸς
3379 4763 3486 4815 τῶν
3531 4766 3719 4833 ἁγίων

446 4857 503 4901 et
548 4862 655 4901 non
716 4846 936 4915 ungeris
959 4845 1121 4910 oleo;
1152 4846 1357 4903 vinum.
1384 4855 1438 4897 et
1486 4860 1589 4898 non
1644 4843 1794 4899 bibes
1819 4845 1918 4897 ⁷⁸.»
1955 4844 2019 4897 Et

2125 4848 2439 4919 προφητῶν·
2481 4868 2498 4899 ι
2549 4850 2619 4901 Σὺ
2667 4852 2907 4918 σπερεῖς,
2953 4852 3046 4903 καὶ
3082 4853 3144 4905 οὐ
3206 4853 3281 4925 μὴ
3333 4855 3566 4925 ἀμήσεις
3596 4874 3609 4886 ·
3651 4860 3717 4912 σὺ

438 4953 666 4993 rursus:
696 4956 715 4990 ι
750 4937 945 4992 Domos
983 4936 1176 5006 politas
1204 4935 1561 5000 :edilicabitis,
1588 4946 1643 4989 et
1668 4951 1771 4989 nou
1807 4937 2015 4990 habita-

2124 4942 2333 5003 πιέσεις
2359 4940 2563 5005 ἐλαίαν,
2608 4942 2701 4995 καὶ
2731 4945 2793 4993 οὐ
2836 4945 2909 5013 μὴ
2945 4944 3137 5016 ἀλείφῃ
3169 4944 3369 5009 ἔλαιον,
3417 4952 3509 5001 καὶ
3566 4946 3720 5004 οἶνον

438 5028 565 5083 bitis
597 5028 651 5083 in
676 5027 795 5092 eis;
827 5027 1012 5082 vineas
1042 5026 1427 5082 desiderabiles
1458 5026 1787 5096 plantabitis,
1820 5035 1876 5081 et
1904 5041 2009 5080 non

2120 5033 2176 5083 ού
2214 5032 2288 5103 μὴ
2338 5034 2516 5103 πίητε.
2552 5054 2572 5086 ι
2610 5037 2719 5088 Καὶ
2778 5038 2959 5090 πάλιν·
3009 5057 3026 5087 ι
3072 5038 3265 5101 Οἴκους
3310 5039 3533 5103 sumo;
3568 5047 3721 5097 οἰκοο

438 5121 633 5176 bibetis
676 5121 860 5174 vinum
906 5134 1090 5175 earum
1125 5119 1193 5177 ⁷⁸.
1225 5140 1241 5167 ι
1280 5119 1606 5190 lngruebant
1650 5121 1793 5174 enim
1841 5120 2013 5175 inter-

2117 5113 2397 5196 δομήσετε,
2434 5129 2525 5180 καὶ
2559 5129 2619 5180 οὐ
2647 5128 2721 5200 μὴ
2750 5131 3113 5200 κατοικὴσητε
3136 5133 3191 5183 ἐν
3211 5133 3426 5196 αὐτοῖς·
3450 5135 3718 5205 ἀμπελῶ-

440 5210 563 5263 dum
644 5210 878 5263 hostium
951 5210 1363 5278 impressiones,
1422 5218 1479 5263 ut
1554 5211 1745 5278 partim
1815 5209 2009 5279 gladiis

2116 5234 2208 5279 νας
2230 5217 2599 5288 ὲπιθυμητοὺς
2620 5222 2932 5288 φυτεύσετε,
2960 5224 3051 5273 καὶ
3078 5223 3136 5274 ού
3166 5222 3239 5292 μὴ
3262 5224 3421 5294 πίητε
3453 5226 3532 5278 τὸν
3561 5221 3716 5279 οἶνον

439 5317 624 5355 eorum
679 5312 1152 5362 consumerentur,
1186 5302 1380 5369 partim
1424 5301 1540 5355 haec
1585 5302 1848 5371 supplicia
1899 5317 2007 5355 me-

2116 5308 2308 5361 αὐτῶν.
2362 5330 2378 5357 ι
2431 5310 2788 5381 Ἐπεφέροντο
2813 5312 2918 5384 γὰρ
2946 5314 3125 5376 αὐτοῖς
3164 5314 3275 5367 ἔσθ’
3298 5317 3385 5368 ὅτε
3421 5316 3516 5369 καὶ
3541 5319 3717 5371 πολέ-

440 5402 670 5460 tuentes,
699 5409 729 5448 e
790 5396 951 5447 domo
1006 5410 1100 5447 sua
1153 5410 1217 5447 ac
1280 5395 1453 5463 patria
1500 5393 1811 5463 ellugerent,
1846 5405 1902 5449 et
1945 5396 2012 5449 ad

2117 5418 2231 5470 μων
2262 5401 2512 5471 ἐμϐολαὶ,
2540 5402 2679 5457 ὥστε
2713 5406 2837 5467 τοὺς
2870 5411 2969 5475 μὲν
3007 5409 3119 5470 τοῖς
3149 5407 3326 5460 αὐτῶν
3363 5408 3718 5463 δαπανᾶσθαι

441 5484 573 5540 alias
614 5484 772 5541 sedes
794 5501 851 5541 se
878 5486 1202 5555 reciperent.
1233 5486 1338 5540 Sed
1373 5486 1487 5540 haec
1537 5487 1698 5554 prisci
1738 5487 1812 5541 illi
1870 5487 2012 5557 passi

2120 5493 2312 5560 Ξίφεσι,
2348 5493 2472 5555 τοὺς
2503 5494 2559 5547 δὲ
2607 5496 2668 5547 τὸ
2720 5496 2912 5549 παθεῖν
2967 5498 3227 5563 δεδιότας,
3263 5499 3357 5551 καὶ
3403 5501 3563 5552 οἴκων
3612 5504 3721 5554 αὑ-

440 5582 589 5639 sunt,
620 5591 716 5629 nec
740 5576 928 5640 semel,
956 5587 1178 5646 propter
1242 5576 1409 5630 multa
1458 5587 1697 5645 peccata.
1742 5576 1842 5644 Qui
1884 5591 2014 5633 vero

2119 5582 2224 5637 τῶν
2265 5584 2357 5636 καὶ
2400 5585 2499 5654 τῆς
2537 5587 2865 5659 ἐνεγκούσης
2922 5590 3225 5661 ἀποπηδᾷν,
3280 5590 3373 5644 καὶ
3406 5593 3485 5655 εἰς
3510 5592 3720 5663 ἐτέρας

466 5770 738 5855 ,ίῖῗβοηιο
769 5787 852 5855 μιν
883 5773 972 5855 2?.-
1008 5844 1042 5855 η
1086 5776 1131 5855 ’i’
1167 5772 1724 5855 Ριιίιίρρςηιηνὲοὲο.
1794 5778 1837 5807 ⁷¹
1864 5775 2021 5855 Βρεμι

2114 5818 2164 5855 ,_
2194 5778 2247 5843 ’5,
2286 5781 2340 5835 4.
2429 5784 2484 5855 f’
2513 5784 2687 5841 Galat.
2716 5802 2779 5854 ιι,
2820 5788 2908 5855 13,
2951 5787 3041 5844 16.
3143 5790 3188 5822 ⁷³
3211 5789 3366 5846 Deut.
3402 5802 3571 5851 nm,
3597 5788 3715 5855 ‘27;

441 5836 615 5897 Cedat.
648 5855 727 5906 ιιι,
762 5834 849 5897 1ος
928 5845 973 5875 ⁷⁸
1002 5844 1147 5899 Psal.
1178 5834 1459 5909 Lxm','46.
1514 5834 1765 5921 :"vblich.
1805 5846 1993 5913 v1,15.

2122 5834 2311 5907 'Am'os
2334 5866 2387 5919 ν,
2421 5834 2687 5909 lli—iw
2716 5834 2779 5854 ’Ἴ
2824 5834 2908 5855 η’
2956 5834 3041 5844 ’ν’
3211 5834 3366 5846 ww"
3402 5834 3571 5851 um,
3600 5834 3670 5844 ’Π
3697 5834 3721 5860 ’
