4054 6376
409 396 546 455 1425

3436 343 3460 397 1
3471 342 3576 399 ιδο

1531 404 1596 459 lN
1635 406 1865 461 lSAIAM
1906 404 2033 461 LIB.
2076 407 2140 461 V.
2182 406 2413 463 TOMUS
2455 410 2536 465 γι.
2619 438 2621 440 ·

3424 468 3537 506 nem
3560 473 3579 519 ,-

409 509 823 581 μετανίστασθαι
877 513 1091 583 χώρας·
1154 517 1289 570 ἀλλὰ
1338 523 1494 572 ταυτὶ
1537 521 1634 591 μὲν
1663 523 1709 574 οἱ
1756 520 1961 575 παλαιολ

2075 520 2297 591 gratiam
2322 522 2523 577 Christi
2574 538 2669 591 per
2715 522 2873 580 ﬁdem
2942 524 3308 595 arripuerunt,
3336 534 3392 581 et
3422 509 3580 601 ’,καί

408 604 721 671 πεπόνθασι,
749 607 843 658 καὶ
857 607 952 676 οὐχ
974 607 1142 673 ἅπαξ,
1173 610 1261 663 διὰ
1285 611 1484 683 πολλὴν
1519 613 1809 684 όιμαρτίαν⁸
1829 615 1881 667 οῖ
1908 630 1970 683 γε

409 696 510 768 μὴν
538 696 594 750 ἐν
620 697 838 768 Χριστῷ
869 700 966 769 τὴν
998 701 1085 754 διά
1134 702 1365 767 πίστεως
1405 705 1745 775 ἁρπάσαντες
1791 707 1967 777 χάριν,

405 788 495 840 καὶ
539 788 665 852 τοὺς
692 790 755 842 ἐκ
784 790 884 860 τῆς
911 792 1185 863 ἁμαρτίας
1228 795 1627 867 ἀπονιψάμενοι
1661 798 1970 869 μολυσμοὺς

404 878 489 931 διὰ
518 879 610 931 τοῦ
645 881 801 949 ἁγίου
843 882 1233 955 βαπτίσματος,
1280 888 1340 939 οὑ
1374 890 1485 951 τοῖς
1535 890 1757 944 ἐκείνων
1810 907 1968 961 περι-

406 970 687 1025 πεσοῦνται
722 977 929 1039 κακοῖς,
959 975 1081 1029 οὔτε
1127 978 1233 1049 μὴν
1280 980 1388 1034 τῶν
1425 981 1610 1045 αὐτοῖς
1657 984 1967 1054 πεπονημέ-

403 1076 504 1113 νων
544 1066 926 1132 πνευματικῶς
968 1066 1224 1137 ἀδόκητον
1270 1070 1598 1141 ὑπομενοῢσι
1624 1072 1856 1143 ζημίανο
1888 1075 1967 1126 ἐν-

401 1153 729 1224 τρυφήσουσι
744 1155 797 1209 δὲ
821 1157 1016 1225 μᾶλλον
1034 1161 1145 1223 τοῖς
1169 1161 1373 1215 ἑαυτῶν
1393 1165 1795 1236 κατορθώμασι,
1824 1165 1966 1220 κατά

400 1243 455 1296 τὸ
480 1246 536 1297 ἐν
559 1247 804 1318 Ψαλμοῖς
834 1251 1197 1324 ὑμνούμενον·
1236 1273 1253 1306 ι
1289 1255 1427 1319 Τοὺς
1457 1257 1649 1321 πόνους
1682 1258 1789 1311 τῶν
1828 1276 1965 1331 καρ-

401 1334 511 1388 πῶν
534 1353 628 1397 σου
660 1339 912 1408 φάγεσαι·
953 1362 972 1395 ι
1007 1344 1233 1415 καρπῶν
1262 1348 1565 1417 λεγομένων
1590 1350 1698 1403 τῶν
1720 1351 1963 1405 κάτωθεν

398 1426 494 1496 τῆς
531 1429 788 1502 παλάμης
819 1434 1054 1505 σαρκῶν.
1096 1438 1375 1493 Ἑκϐάλλει
1397 1441 1507 1511 γάρ
1533 1442 1728 1506 αὐτοὺς
1752 1443 1924 1506 οὐδείς
1945 1461 1959 1475 θ

397 1518 514 1572 οὔτε
544 1521 651 1591 μὴν
684 1524 1012 1599 ἀποσοϐήσει
1057 1531 1186 1583 ποτέ
1231 1532 1326 1601 τῆς
1379 1532 1741 1605 δοθησομένης
1779 1534 1964 1598 αὐτοῖς

397 1611 543 1680 παρά
561 1612 693 1666 Θεοῦ
724 1618 909 1687 μονῆς.
940 1620 1137 1675 Πολλαὶ
1160 1621 1267 1692 γὰρ
1294 1624 1450 1692 μοναὶ
1476 1624 1624 1695 παρὰ
1649 1624 1726 1695 τῷ
1751 1626 1924 1696 Πατρί
1946 1642 1957 1655 ·

396 1702 508 1755 ἀλλ’
538 1704 644 1758 οὐδ’
680 1707 745 1760 ἂν
775 1709 1168 1766 ἀποπεσούνται
1197 1714 1288 1767 τοῦ
1320 1715 1519 1785 κλήρου
1545 1716 1637 1770 τοῦ
1665 1716 1959 1788 δοθησομέ-

396 1813 481 1847 νου
511 1798 603 1850 καὶ
641 1801 938 1872 πρέποντος
968 1808 1085 1870 ταῖς
1126 1810 1341 1877 νοηταῖς
1374 1807 1552 1861 αὐτῶν
1595 1809 1920 1880 εύκαρπίαις
1943 1828 1955 1841 ·

2073 612 2274 681 peccati
2305 627 2401 682 per
2439 628 2651 668 sacrum
2684 614 2962 669 lavacrum
2998 614 3303 680 abluerunt,
3340 616 3392 669 in
3430 616 3583 691 imm-

2072 704 2210 758 mala
2241 719 2343 759 non
2375 706 2633 771 incident,
2668 722 2769 761 nec
2804 721 3016 771 eorum,
3050 708 3101 761 in
3136 708 3335 778 quibus
3393 704 3563 764 elabd.

2070 803 2262 849 verunt
2287 796 2660 864 spiritualiter,
2702 798 2954 852 damnum
2991 798 3468 868 inexspectandum
3512 812 3619 854 sus‘

2070 884 2353 953 tinebunt;
2396 888 2490 943 sed
2521 889 2932 944 delectabuntur
2978 890 3089 946 suis
3140 893 3397 961 prmclare
3451 893 3631 954 lactis,

2065 977 2358 1032 secundum
2426 980 2478 1033 id
2534 983 2676 1048 quod
2725 981 2777 1035 in
2843 980 3069 1037 Psalmis
3128 985 3470 1039 decantatum
3517 995 3636 1040 est:

2070 1068 2328 1126 «Fructus
2356 1070 2595 1127 laborum
2614 1085 2824 1128 tuorum
2856 1077 3202 1131 manducabis
3224 1078 3299 1130 ττι
3334 1076 3635 1139 nlaborum,

2064 1160 2158 1231 qui
2188 1163 2256 1217 ab
2308 1162 2659 1219 inferioribus
2727 1168 3043 1236 corporibus
3097 1167 3411 1222 tolerantur.
3469 1166 3637 1221 Nemo

2063 1251 2203 1306 enim
2226 1252 2344 1308 illos
2371 1253 2575 1323 ejiciet,
2610 1270 2709 1310 nec
2742 1272 2975 1327 unquam
3032 1273 3061 1311 a
3102 1258 3276 1311 danda
3308 1258 3440 1326 ipsis
3466 1273 3498 1312 a
3525 1258 3636 1312 Deo

2060 1343 2187 1397 sede
2210 1344 2473 1400 detrudet.
2504 1346 2682 1403 Multa:
2720 1350 2860 1402 cnim
2890 1350 3043 1404 sedes
3073 1359 3198 1403 sunt
3232 1350 3371 1419 apud
3397 1348 3633 1403 Patrem.

2061 1433 2167 1489 Sed
2200 1449 2298 1490 nec
2328 1451 2370 1490 a~
2387 1448 2531 1493 sorte
2558 1440 2730 1493 danda
2756 1450 2809 1495 et
2838 1456 2964 1511 quae
2998 1441 3263 1511 spirituali
3320 1455 3505 1496 eorum
3552 1440 3634 1494 ΐο-

2060 1526 2317 1580 cunditati
2348 1529 2619 1594 convenit,
2652 1531 2917 1585 deciderit.
2960 1530 3076 1585 Erit
3100 1532 3243 1586 enim
3274 1531 3378 1585 vita
3414 1546 3627 1592 eorum,

2059 1616 2251 1686 inquit,
2306 1630 2363 1674 ut
2424 1621 2538 1675 dies
2594 1622 2719 1692 ligni
2772 1623 2944 1677 vitae:
2980 1623 3030 1677 id
3081 1633 3185 1687 est,
3242 1634 3450 1678 sancta.
3486 1622 3635 1677 Talis

2060 1709 2203 1762 enim
2236 1720 2372 1777 erat,
2403 1722 2527 1767 ante
2556 1717 3034 1784 transgressionem
3064 1755 3078 1779 ,
3104 1716 3157 1769 in
3194 1715 3381 1784 primis
3429 1729 3629 1783 paren-

2062 1799 2229 1863 tibus,
2257 1816 2377 1856 cum
2409 1804 2572 1858 etiam
2604 1805 2795 1860 liceret
2843 1805 2951 1860 illis
2989 1806 3117 1876 ligni
3152 1806 3273 1859 vita:
3307 1805 3420 1859 lieri
3464 1802 3632 1872 parti-

395 1887 542 1942 ἔσται
565 1890 692 1962 γάρ,
726 1895 957 1966 φησὶν,ή
990 1897 1101 1969 ζωὴ
1129 1900 1307 1951 αὐτῶν
1336 1900 1476 1953 κατὰ
1503 1899 1601 1960 τὰς
1630 1901 1842 1971 ἡμέρας
1865 1900 1960 1953 τοῦ

2064 1889 2230 1957 cipes,
2268 1894 2705 1950 exsecratissimo
2755 1905 2807 1949 et
2869 1897 2973 1950 Deo
3021 1896 3193 1949 inviso
3251 1903 3469 1964 peccato
3500 1908 3633 1946 non-

396 1976 548 2041 ξύλου
579 1980 676 2049 τῆς
701 1980 863 2052 ζωῆς,
904 1986 1173 2039 τουτέστιν
1212 1985 1438 2059 ἁγία[ν].
1476 1986 1708 2060 Τοιαύτη
1749 1989 1856 2059 γὰρ
1897 1985 1965 2059 ἦν

395 2070 495 2141 πρὸ
525 2072 623 2141 τῆς
647 2075 1007 2145 παραϐάσεως
1030 2077 1088 2129 ἐν
1119 2080 1230 2141 τοῖς
1260 2077 1725 2148 πρωτοπλάστοις,
1759 2080 1846 2132 ὅτε
1869 2080 1966 2133 καὶ

393 2160 516 2231 ἐξῆν
552 2164 733 2227 αὐτοῖς
765 2166 822 2217 ἐν
850 2167 1062 2237 μεθέξει
1088 2167 1339 2237 γενέσθαι
1363 2169 1455 2222 τοῦ
1492 2169 1649 2235 ξύλου
1675 2170 1775 2239 τῆς
1796 2169 1962 2239 ζωῆς,

391 2252 540 2306 οὔπω
576 2254 674 2326 τῆς
708 2255 1097 2329 βδελυροτάτης
1128 2260 1221 2313 καὶ
1267 2260 1553 2331 θεομισοῦς
1576 2261 1850 2331 ἁμαρτίας
1872 2261 1966 2315 λα-

391 2345 590 2417 ϐούσης
619 2348 780 2402 τόπον
804 2352 862 2401 ὲν
890 2352 1092 2415 αὐτοῖς.
1126 2353 1468 2423 Προσεπάγει
1511 2371 1564 2407 τι
1590 2352 1827 2407 τοιοῦτον
1870 2354 1966 2407 καὶ

390 2438 575 2508 ἕτερον
631 2440 731 2511 τῆς
789 2444 1124 2513 προφητείας
1175 2446 1204 2498 6
1262 2444 1447 2513 λόγος’
1481 2463 1499 2496 ι
1541 2444 1622 2498 Τὰ
1659 2446 1767 2517 γὰρ
1806 2444 1963 2516 ἔργα,

389 2530 541 2601 φησὶ,
591 2530 699 2584 τῶν
727 2534 927 2604 χειρῶν.
985 2535 1162 2589 αὐτῶν
1192 2537 1579 2602 παλαιώσουσι,
1615 2557 1635 2589 ι
1665 2536 1961 2602 τουτέστιν,

388 2623 825 2695 ἁναμετάϐλητον
858 2625 1039 2690 ἕξουσι
1071 2626 1170 2698 τὴν
1198 2627 1306 2681 τῶν
1342 2628 1628 2698 πρακτέων
1668 2628 1805 2683 ὁδόν.
1839 2622 1963 2681 Οἷον

386 2713 447 2783 δή
478 2712 530 2766 τί
564 2732 725 2784 φημι.
746 2715 963 2770 Δέδοται
993 2718 1091 2787 μὲν
1123 2720 1231 2790 γάρ
1250 2722 1360 2783 τοῖς
1377 2718 1437 2785 ἐξ
1479 2719 1696 2790 Ἰσραὴλ
1725 2719 1811 2773 διά
1833 2721 1962 2773 Μω-

390 2805 526 2869 σέως
552 2807 580 2859 6
604 2806 785 2877 νόμος
818 2808 932 2861 ἀλλ’
966 2804 1032 2882 ἦν
1065 2811 1123 2862 ἐν
1151 2809 1299 2881 αὐτῷ
1324 2810 1453 2864 σκιά
1479 2811 1570 2865 καὶ
1600 2810 1788 2873 τύπος,
1824 2810 1962 2881 ἔχων

393 2897 491 2969 μὲν
511 2897 609 2967 τῆς
632 2897 886 2968 ἀληθείας
913 2901 1011 2970 τὴν
1043 2902 1342 2971 μόρφωσιν,
1378 2901 1516 2973 πλὴν
1544 2900 1697 2955 οὔπω
1729 2902 1821 2955 καὶ
1861 2904 1959 2956 αύ-

386 2989 481 3056 τὴν
512 2988 609 3059 τὴν
645 2989 922 3060 ἀλήθειαν.
972 2991 1185 3062 Ἐπειδὴ
1216 2991 1271 3044 δέ
1304 2991 1614 3061 ἐπέλαμψεν
1646 2995 1674 3045 ό
1706 2994 1957 3063 Χριστὸς,

390 3080 682 3155 μετέϐαλον
719 3082 766 3136 οἱ
788 3080 948 3137 τύποι
972 3082 1106 3152 πρὸς
1136 3082 1415 3153 ἀλήθειαν,
1440 3085 1532 3137 καὶ
1561 3078 1672 3138 οἷον
1711 3085 1959 3155 μετεκλί-

386 3172 555 3243 θησαν
578 3176 631 3226 αἱ
666 3174 813 3227 σκιαὶ
847 3175 941 3226 καὶ
981 3174 1407 3241 πεπαλαίωνται,
1441 3176 1739 3240 τουτέστιν,
1774 3179 1835 3230 οὐ
1874 3177 1961 3249 μέ·
1987 3213 2029 3271 C

384 3282 475 3334 χρι
540 3265 739 3330 παντὸς
790 3266 1097 3337 κεκράτηκε
1138 3265 1238 3335 τῆς
1291 3268 1348 3319 ἐν
1408 3266 1557 3337 νόμῳ
1618 3268 1953 3340 πολιτείαςὴ

382 3352 627 3423 δύναμις.
666 3354 873 3409 Οὐκοῦν
888 3356 937 3407 oi
971 3355 1068 3426 μὲν
1097 3353 1156 3419 ἐξ
1189 3355 1418 3425 αἵματος
1453 3354 1667 3427 Ἰσραὴλ
1690 3358 1791 3410 οὐκ
1819 3359 1955 3410 ἐπα-

382 3444 620 3501 λαίωσαν
660 3445 728 3500 τὰ
771 3447 910 3519 ἔργα
964 3447 1183 3512 αὐτῶν’(
1224 3448 1480 3517 ἀνόνητος
1528 3448 1634 3519 γὰρ
1682 3450 1715 3519 ἡ
1760 3450 1955 3520 νομικὴ

383 3538 699 3608 λατρεία,τό
728 3557 791 3608 γε
816 3536 949 3610 ἧκον
971 3543 1049 3603 εξς
1078 3538 1323 3608 τύπους),
1347 3539 1721 3594 παλαιώσουσι
1750 3540 1805 3593 δέ
1820 3542 1871 3593 οἱ
1900 3542 1957 3593 ἐν

384 3630 623 3701 Χριστῷ.
668 3632 742 3684 Οὐ
774 3631 881 3701 γὰρ
921 3630 1104 3700 ἕτερος
1133 3630 1314 3691 αὐτοῖς
1342 3630 1624 3700 δοθήσεται
1657 3630 1838 3701 νόμος,
1883 3631 1959 3694 ὡς

388 3724 646 3797 μεθιστᾷν
668 3723 762 3775 ἐπὶ
782 3723 842 3776 τὸ
872 3724 1095 3793 ἄμεινον
1128 3725 1233 3777 τῶν
1259 3721 1629 3792 εὐαγγελικῶν
1664 3720 1959 3793 θεσπισμά-

385 3833 492 3867 των
540 3814 636 3885 τὴν
686 3814 931 3885 δύναμιν.
972 3816 1201 3886 Εἴρηται
1253 3815 1361 3885 γάρ
1408 3832 1508 3867 που
1556 3813 1693 3885 πρὸς
1724 3814 1816 3870 τὸν
1848 3814 1958 3868 τῶν

384 3905 522 3959 ὅλων
557 3906 784 3976 Σωτῆρα
806 3906 1035 3977 Χριστὸν
1060 3906 1146 3961 διὰ
1169 3907 1267 3979 τῆς
1299 3906 1391 3960 τοῦ
1418 3905 1725 3969 Ψάλλοντος
1751 3905 1956 3975 φωνῆς’

395 4016 413 4047 ι
452 3997 517 4049 Ἦ
533 3996 841 4068 δικαιοσύνη
887 4014 978 4051 σου
1008 3997 1319 4066 δικαιοσύνη
1350 3999 1430 4062 είς
1461 3997 1551 4051 τὸν
1579 3997 1770 4061 αίῶνα,
1805 3999 1899 4050 καὶ
1931 3999 1960 4050 6

387 4087 550 4157 νόμος
579 4105 670 4140 σου
705 4086 949 4159 ἀλήθεια.
988 4118 1058 4129 -υ-
1081 4090 1140 4140 Οἱ
1174 4088 1230 4141 δέ
1258 4088 1504 4142 ἐκλεκτοί
1563 4104 1662 4157 μου
1683 4126 1699 4152 ,
1764 4087 1957 4157 φησὶν,

386 4175 449 4226 οὐ
499 4176 850 4229 κοπιάσουσιν
882 4178 961 4239 είς
992 4176 1165 4245 κενὸν,
1200 4177 1321 4231 οὐδέ
1380 4178 1852 4247 τεκνοποιήσουσιν
1881 4179 1962 4240 είς

387 4269 654 4338 κατάραν.
702 4288 720 4320 ι
754 4268 1179 4325 Διδάσκειπάλιν
1212 4270 1287 4333 ὡς
1312 4271 1377 4323 ἐκ
1393 4269 1762 4341 παραθέσεως,
1795 4270 1960 4339 ἦγουν

386 4359 772 4430 ἁντεξαγωγῆς
805 4361 909 4415 τῶν
955 4362 1121 4415 πάλαι
1179 4361 1602 4433 συμϐεϐηκότων
1654 4364 1767 4425 τοῖς
1827 4364 1960 4415 Ἰου-

386 4451 550 4506 δαίων
575 4453 941 4523 καθηγηταῖς’
980 4456 1328 4525 Γραμματεῖς
1372 4455 1428 4508 δέ
1467 4445 1611 4506 οὗτοι
1654 4454 1750 4507 καὶ
1798 4456 1960 4524 Φαρι-

2069 1980 2192 2035 dum
2245 1984 2416 2038 locum
2449 1986 2503 2039 in
2533 1985 2641 2041 illis
2701 1986 2952 2041 habente.
3009 1987 3168 2039 Aliud
3224 2002 3327 2039 non
3372 1982 3633 2039 dissimile

2066 2076 2307 2145 adjungit
2347 2077 2660 2145 prophetica
2725 2077 2921 2131 oratio.
2956 2094 2975 2126 ι
3003 2074 3178 2145 Opera
3232 2075 3398 2140 enim,
3429 2073 3631 2142 inquit,

2066 2182 2318 2239 manuum
2364 2182 2583 2221 suarum
2620 2167 3034 2230 inveterascent,
3088 2166 3138 2220 id
3173 2175 3276 2227 est,
3300 2162 3474 2235 905‘
3502 2178 3629 2217 cur-

2065 2274 2181 2313 sum
2234 2260 2287 2313 in
2318 2258 2476 2314 rebus
2511 2261 2762 2328 gerendis
2786 2270 2991 2315 certum
3040 2260 3312 2313 habebunt
3344 2268 3397 2312 et
3436 2258 3628 2310 immu-

2066 2349 2301 2407 tabilem.
2329 2348 2482 2416 Quod
2538 2352 2679 2417 dico,
2729 2351 2803 2407 ita
2856 2366 2916 2407 se
2965 2352 3145 2405 habet.
3176 2349 3306 2403 Data
3361 2357 3445 2403 est
3485 2347 3631 2402 enim

2063 2441 2322 2498 lsraelitis
2353 2460 2448 2513 per
2494 2444 2714 2515 Moysen
2744 2445 2865 2511 lex;
2905 2444 3000 2499 sed
3044 2445 3096 2497 in
3130 2442 3219 2497 illa
3263 2450 3383 2496 erat
3440 2439 3629 2494 umbra

2062 2542 2118 2588 et
2148 2545 2322 2605 typus,
2344 2537 2576 2605 speciem
2613 2538 2856 2591 veritatis
2894 2537 3118 2601 habens,
3164 2535 3398 2589 nondum
3451 2543 3628 2587 tamen

2064 2629 2235 2697 ipsam
2273 2629 2576 2685 veritatem.
2612 2628 2961 2683 lllucescente
2990 2627 3226 2693 Christo,
3259 2624 3448 2679 mutati
3500 2632 3627 2677 sunt

2065 2720 2171 2790 typi
2198 2720 2250 2774 in
2296 2722 2574 2774 veritatem
2633 2730 2689 2774 et
2731 2719 2939 2773 umbra:
2997 2717 3145 2771 velut
3201 2715 3528 2770 inclinarunt
3573 2721 3631 2767 et

2063 2814 2471 2878 inveteraruut,
2528 2811 2580 2865 id
2632 2820 2737 2875 est,
2825 2824 2933 2863 non
3011 2822 3223 2877 semper
3262 2807 3426 2862 robur
3469 2819 3629 2861 suum

2062 2904 2251 2960 habuit
2300 2904 2489 2973 legalis
2514 2902 2948 2958 conversationis
2979 2900 3175 2954 virtus.
3208 2897 3397 2967 ltaque
3448 2896 3626 2950 Israe-

2062 2994 2167 3050 liue
2194 3010 2356 3063 opera
2400 3008 2495 3049 sua
2524 2994 2921 3048 inveterascere
2951 3004 3057 3044 non
3100 2988 3345 3043 fecerunt
3370 2986 3389 3056 (
3414 2985 3623 3039 inutilis

2061 3086 2257 3155 quippe
2302 3095 2385 3140 est
2407 3084 2590 3155 legalis
2648 3085 2849 3146 cultus,
2897 3083 3042 3152 quod
3088 3080 3153 3135 ad
3189 3089 3341 3150 typos
3367 3078 3626 3146 attinet),

2061 3187 2116 3231 at
2158 3178 2251 3247 qui
2275 3177 2327 3231 in
2364 3177 2578 3231 Christo
2601 3185 2729 3231 sunt
2755 3174 3045 3230 durabunt.
3085 3172 3201 3227 Non
3224 3172 3369 3226 enim
3393 3169 3496 3224 alia
3522 3168 3628 3222 illis

2061 3268 2147 3324 lex
2186 3269 2401 3323 dabitur
2464 3283 2584 3336 qua:
2615 3267 3049 3338 evangelicorum
3082 3264 3427 3319 oraculorum
3457 3259 3628 3313 virtu-

2062 3373 2164 3416 tem
2191 3361 2245 3415 in
2275 3360 2465 3414 melius
2493 3368 2806 3413 commutet.
2847 3356 3059 3411 Dictum
3086 3363 3169 3408 est
3198 3352 3342 3407 enim
3380 3365 3476 3420 per
3504 3350 3625 3402 uni—

2058 3468 2337 3507 versorum
2401 3449 2740 3505 Servatorem
2787 3446 3082 3509 Christum,
3139 3458 3271 3499 voce
3304 3442 3620 3497 Psallentis:

2064 3542 2667 3610 «Justitiatua,justitia
2705 3543 2759 3593 in
2784 3538 3058 3603 saeculum,
3105 3544 3159 3589 et
3202 3536 3285 3589 lex
3337 3542 3426 3588 tua
3484 3534 3626 3587 veri-

2058 3645 2141 3690 tas
2166 3637 2229 3689 ⁷⁸.
2259 3654 2278 3688 ι
2313 3664 2377 3675 —
2408 3655 2426 3687 ι
2451 3633 2618 3688 Electi
2653 3642 2853 3694 autem,
2887 3630 3083 3700 inquit,
3128 3628 3232 3684 mei
3276 3642 3380 3682 non
3412 3626 3620 3680 labora-

2058 3728 2192 3782 bunt
2237 3725 2456 3789 l'ruStra,
2496 3739 2669 3793 neque
2706 3722 2903 3777 liberos
2934 3721 3153 3790 gignent
3182 3720 3234 3773 in
3284 3717 3621 3772 maledictio-

2060 3834 2204 3875 nem.
2238 3838 2256 3871 ι
2286 3818 2492 3872 Rursus
2522 3815 2695 3877 docet,
2727 3812 2874 3867 velut
2895 3827 2961 3865 ex
2985 3810 3333 3866 contentione
3359 3818 3414 3864 et
3453 3826 3618 3878 Oppo-

2060 3910 2255 3966 sitione
2278 3923 2460 3963 eorum
2510 3922 2628 3974 qua:
2670 3906 2938 3972 quondam
3000 3902 3264 3972 praafectis
3309 3899 3622 3955 Judaaorum

2061 4002 2441 4068 contigerunt:
2480 3997 2531 4051 hi
2570 4004 2749 4049 autem
2794 4004 2919 4052 sunt
2973 3993 3174 4047 Scribae
3214 4002 3268 4046 et
3324 3989 3583 4045 Pharisad
3608 4027 3624 4051 ,

2061 4093 2176 4162 qui,
2210 4092 2325 4162 lege
2380 4089 2665 4154 relicta,et
2714 4087 2969 4142 docentes
3034 4084 3329 4149 doctrinas,
3372 4083 3623 4136 mandata

2064 4185 2365 4246 hominum,
2420 4191 2601 4252 patres
2656 4180 2871 4248 quidem
2926 4177 3245 4231 exstiterunt
3296 4175 3620 4238 liberorum,

2062 4270 2158 4346 per
2194 4274 2549 4345 disciplinam,
2591 4272 2796 4326 scilicet
2829 4278 2922 4325 :at
2958 4269 3194 4330 frustra,
3236 4277 3290 4320 et
3317 4267 3367 4320 in
3404 4265 3625 4319 maledi-

2062 4370 2315 4424 ctionem.
2361 4365 2473 4418 lloc
2502 4365 2664 4418 etiam
2732 4377 2827 4415 nos
2859 4361 3039 4414 docuit
3086 4359 3362 4422 Servator,
3408 4356 3651 4411 Scribas,

2062 4471 2115 4515 et
2159 4458 2459 4513 Pharisaeos
2503 4454 2919 4521 reprehendens.
2958 4451 3101 4504 Dixit
3154 4448 3337 4504 enim:
3376 4467 3393 4498 ι
3424 4448 3511 4502 Vae
3541 4442 3651 4501 vo—'

389 4546 551 4608 σαῖσι,
580 4544 629 4597 οἳ
658 4544 745 4597 τὸν
774 4522 935 4615 νόμον
955 4522 1200 4613 ἀφέντες,
1225 4546 1318 4598 καὶ
1342 4544 1681 4606 διδάσκοντες
1706 4522 1960 4597 διδασκα-

2066 4553 2171 4616 bis,
2216 4550 2418 4605 Scriba:
2445 4556 2501 4601 et
2526 4546 2781 4600 Pharismi
2839 4542 3151 4613 hypocritaz,
3199 4540 3325 4609 quia
3384 4522 3655 4611 circuitis}

386 4635 508 4688 λίαν
561 4636 865 4707 ἐντάλματα
914 4636 1234 4707 ἀνθρώπων,
1283 4635 1519 4706 πατέρες
1570 4635 1668 4705 μὲν
1701 4635 1957 4704 γεγόνασι

386 4727 591 4781 τέκνων
611 4728 719 4781 τῶν
752 4728 891 4781 κατά
930 4728 1161 4799 μάθησιν
1193 4728 1453 4798 δηλονότι,
1492 4726 1632 4797 πλὴν
1664 4727 1743 4789 είς
1783 4727 1957 4793 κενὸν,

390 4820 487 4872 καὶ
514 4821 591 4883 είς
615 4820 874 4891 κατάραν·
914 4821 1057 4889 ἡμᾶς
1095 4822 1188 4873 καὶ
1215 4820 1372 4874 τοῦτο
1399 4821 1633 4885 ἐδίδαξεν
1674 4824 1702 4874 6
1747 4819 1955 4890 Σωτὴρ,

389 4913 506 4973 τοῖς
553 4908 944 4981 Γραμματεῦσι
996 4912 1088 4963 καὶ
1137 4912 1449 4979 Φαρισαίοις
1502 4911 1767 4982 ἐπιτιμῶν
1816 4911 1957 4981 ’ἔφη

386 5001 519 5072 γὰρ,
568 5002 649 5054 ὃτι
686 5021 705 5053 ι
755 5002 894 5055 Οὐαὶ
932 5002 1080 5071 ὑμῖν,
1132 5001 1486 5072 Γραμματεῖς
1532 5001 1627 5055 καὶ
1681 5003 1961 5071 Φαρισαῖοι

388 5081 700 5162 ὑποκριταὶ,
717 5092 798 5145 ὅτι
829 5092 1116 5161 περιάγετε
1146 5092 1245 5164 τὴν
1281 5092 1553 5147 θάλασσαν
1615 5094 1708 5146 καὶ
1739 5093 1836 5164 τὴν
1864 5093 1962 5163 ξη-

390 5180 513 5252 ράν,
538 5181 760 5250 ποιῆσαι
777 5181 871 5236 ἕνα
895 5184 1248 5253 προσήλυτοψ
1272 5186 1363 5237 καὶ
1384 5185 1477 5238 ἐὰν
1490 5184 1736 5254 γένηται,
1761 5187 1963 5237 ποιεῖτε

388 5272 551 5327 αὑτὸν
577 5272 689 5325 υἱὸν
711 5273 933 5343 γεέννης
956 5274 1268 5344 διπλότερον
1300 5275 1472 5341 ὑμῶν,
1506 5294 1525 5325 ι
1577 5274 1784 5327 Οὐκοῦν
1810 5276 1953 5326 ἐκεῖ·

388 5378 469 5414 νοι
514 5361 614 5433 μὲν
653 5363 1073 5435 ἐτεκνοποίησαν
1122 5367 1202 5428 είς
1232 5366 1473 5438 κατάραν
1513 5366 1605 5419 καὶ
1641 5369 1721 5429 είς
1760 5366 1949 5418 κενόν·

388 5454 438 5503 οἱ
467 5451 522 5504 δὲ
550 5454 792 5507 ἐκλεκτοί
820 5472 942 5525 μου,
962 5456 1113 5526 φησὶ,
1140 5458 1431 5522 τουτέστιν,
1464 5459 1512 5510 οί
1541 5456 1814 5511 θεσπέσιοι
1848 5475 1955 5529 μα-

392 5542 573 5611 θηταὶ,
626 5546 792 5615 ἤγουν
840 5548 1094 5615 καθάπαξ
1135 5551 1185 5601 οί
1229 5550 1336 5603 τῶν
1373 5549 1522 5620 ἐμῶν
1570 5550 1955 5621 Θεσπισμάτων

397 5633 685 5705 ἱερουργοὶ,
738 5639 836 5692 οὐκ
882 5642 958 5704 εἰς
1010 5641 1254 5712 κατάραν
1294 5643 1790 5713 τεκνοποιήσουσιν,
1832 5641 1955 5695 οὔτε

464 5809 509 5842 ⁷⁷
540 5810 678 5867 Psal.
720 5830 917 5879 cum,
949 5817 998 5871 2.

2064 4658 2214 4697 mare
2239 4649 2293 4695 et
2335 4640 2564 4701 aridam,
2596 4646 2655 4691 ut
2689 4635 2902 4690 faciatis
2954 4649 3115 4688 unum
3163 4632 3530 4703 proselytum:
3570 4641 3626 4686 et

2063 4733 2373 4791 cutnluerit
2424 4732 2616 4794 factus,
2674 4728 2850 4783 facitis
2893 4727 3040 4781 illum
3098 4725 3265 4779 [ilium
3326 4724 3624 4791 gehennae,

2065 4828 2224 4898 duplo
2252 4825 2421 4894 magis
2450 4838 2609 4893 quam
2638 4837 2732 4875 vos
2759 4820 2891 4875 estis
2912 4820 2978 4872 ⁷⁸.
3013 4838 3030 4870 ι
3064 4817 3251 4886 Itaque
3300 4816 3376 4870 illi
3427 4816 3627 4871 liberos

2056 4927 2356 4993 genuerunt
2389 4917 2443 4970 in
2479 4912 2909 4969 maledictionem
2950 4921 3007 4965 et
3033 4910 3083 4962 in
3114 4924 3306 4963 vanum
3339 4926 3352 4962 :
3394 4909 3489 4963 sed
3522 4908 3625 4962 ele-

2055 5014 2149 5077 cti,
2181 5009 2378 5079 inquit,
2419 5006 2545 5070 mei,
2575 5005 2627 5058 id
2656 5013 2761 5068 est,
2790 5002 2953 5057 divini
3008 4999 3278 5069 discipuli,
3306 4999 3389 5053 vel
3447 5000 3623 5052 omni-

2058 5122 2127 5158 no
2192 5114 2433 5156 meorum
2491 5095 2831 5151 oraculorum
2874 5092 3195 5157 administri,
3253 5105 3356 5143 non
3409 5089 3626 5159 gignent

2058 5196 2259 5249 liberos
2322 5192 2375 5245 in
2445 5188 2917 5249 maledictionem,
3002 5197 3172 5251 neque
3233 5181 3435 5235 frustra
3496 5194 3625 5233 suos

2059 5296 2321 5357 posteros.
2380 5280 2575 5334 Semen
2633 5278 2777 5333 enim
2846 5275 3184 5329 benedictum
3248 5272 3374 5337 erit,
3439 5285 3626 5335 semen

2061 5393 2247 5432 corum
2278 5382 2331 5429 et
2366 5372 2697 5428 benedictum
2726 5385 2753 5422 a
2782 5370 2904 5422 Deo.
2933 5366 3085 5434 Quod
3119 5376 3294 5419 autem
3317 5364 3422 5419 illis
3451 5366 3627 5419 adhae-

2063 5468 2222 5532 rebit,
2254 5466 2547 5521 clementer
2570 5473 2623 5517 et
2669 5462 2974 5516 humaniter
3023 5460 3125 5513 illis
3147 5459 3327 5513 omnia
3366 5456 3621 5527 largiens,

2061 5566 2115 5609 et
2148 5555 2395 5623 precibus
2439 5568 2624 5608 eorum
2667 5550 3060 5619 paratissimam
3116 5562 3299 5601 aurem
3347 5547 3619 5615 praebens,

2061 5645 2327 5710 ostendit,
2363 5659 2482 5699 cum
2525 5644 2653 5698 dicit
2684 5658 2696 5694 :
2734 5662 2752 5693 ι
2779 5642 3093 5710 Priusquam
3121 5641 3352 5695 clament
3401 5637 3499 5701 illi,
3527 5652 3624 5705 ego

1077 5820 1120 5848 ⁷⁸
1156 5820 1289 5873 Psal.
1328 5836 1512 5882 cum,
1557 5820 1671 5873 HQ.
1752 5822 1793 5852 '9
1831 5819 2013 5874 Matth.
2053 5837 2207 5886 χχιιι,
2247 5821 2323 5873 l5).
