4054 6376
453 137 494 174 ’ζ’
609 129 670 176 ᾗῇ

443 153 692 242 itii.

527 327 644 390 iter?"

421 477 451 499 TI:

329 603 332 608 .
347 605 350 608 .
363 567 454 608 ξειῗ

422 614 433 627 ἰ]

738 680 758 715 ι

599 716 731 806 ῖὈτι
791 751 849 805 δὲ
880 750 1264 824 προσκείσεται
1284 752 1402 808 λίαν
1441 756 1646 822 αὐτοῖς,
1712 756 1781 810 τὰ
1819 756 1898 822 ἐξ
1938 755 2047 826 ἧμε

1407 457 1465 516 s.
1505 456 1790 518 eram.-
1823 459 2301 518 ALEXkNDRYNl
2336 456 2658 517 ARCHIEP.

758 585 876 626 eos.
921 570 1108 626 Adhuc
1174 569 1528 642 loquentibus-
1589 574 1714 641 illis,
1767 575 1982 630 dicam:

2092 574 2199 644 μὴν
2227 574 2308 636 είς
2337 571 2513 636 κενὸν,
2564 569 2687 624 κατ’
2730 567 2972 631 ἐκείνους
2994 586 3007 598 ⁸
3059 568 3291 640 σπέρμα·
3312 569 3428 642 γὰρ
3451 571 3676 643 colon.-

3542 456 3681 520 {418

2096 662 2256 733 μένον
2289 661 2440 714 ἔσται
2474 660 2535 713 τὸ
2572 659 2793 730 σπέρμα
2836 657 3037 722 αὐτῶν,
3083 658 3445 730 εὐλογημένον
3485 660 3542 713 δέ
3573 661 3684 715 ὑπὸ·

2052 753 2276 825 ρότητος
2325 753 2420 806 καὶ
2465 750 2875 822 φιλανθρωπίας
2924 748 3282 820 δωρούμενος,
3340 751 3675 822 ἐτοιμότατόν

512 845 573 899 τὸ
601 843 695 910 οὖς
736 820 950 914 ὑπέχων
987 847 1106 904 ταῖς
1161 846 1294 917 παρ’
1330 846 1507 899 αὐτῶν
1547 820 1825 915 ἱκετείαις,
1864 820 2238 901 διαδείκνυσιν
2265 843 2461 909 εἰπὼν,
2479 820 2576 897 an
2605 863 2630 895 ε
2666 820 2804 912 Πρὶν
2836 841 3104 913 κεκράξαι
3169 842 3388 910 αὐτοὺς,
3415 820 3527 912 sic);
3565 845 3672 897 sis-

493 1025 656 1083 νεεδ.
709 1027 800 1082 25.
845 1028 988 1082 Tunc
1011 1030 1122 1098 lupi
1156 1042 1203 1084 ει
1238 1034 1359 1102 agni
1379 1045 1656 1102 pascentur
1707 1036 1886 1098 simul,
1946 1043 1993 1087 at

411 1117 492 1171 leo
523 1117 676 1187 quasi
735 1118 824 1172 bos
874 1121 1107 1175 comedet
1158 1123 1360 1191 paleas,
1425 1133 1474 1178 et
1507 1141 1715 1191 serpens
1769 1135 1992 1189 terram,-

409 1206 565 1274 quasi
603 1222 810 1275 panem.
852 1207 973 1262 Non
1022 1211 1298 1277 nocebunt,
1340 1229 1504 1282 neque
1540 1223 1878 1285 corrumpant
1931 1216 1989 1270 in

410 1304 586 1350 monte
611 1309 789 1352 sancto
811 1315 944 1364 meo,
977 1301 1108 1354 dicit
1141 1301 1414 1358 Dominus.

480 1387 647 1460 ωε
687 1387 941 1447 Bilariam
983 1393 1098 1449 haec
1142 1397 1395 1466 accipies.
1436 1395 1533 1454 Vel
1570 1399 1712 1453 enim
1757 1401 1982 1455 duorum

396 1466 733 1550 'populorum
775 1499 872 1555 per
914 1485 1074 1542 ﬁdem
1118 1488 1373 1544 unionem
1439 1491 1748 1563 signiﬁcare
1813 1503 1990 1564 potest

409 1571 676 1626 sententia
719 1574 1032 1644 prophetica
1061 1579 1185 1644 μοι
1229 1580 1318 1646 qui
1363 1586 1631 1651 quondam
1693 1587 1984 1654 agrestium

409 1660 655 1716 ferarum
693 1679 842 1719 more
887 1671 1090 1722 sanctis
1147 1669 1560 1739 insultaverunt,
1589 1684 1645 1728 et
1691 1675 1982 1731 Ecclesiam

411 1753 663 1809 insectati
727 1766 874 1822 sunt,
918 1763 1260 1830 serpentibus
1321 1780 1424 1818 non
1484 1767 1772 1822 dissimiles
1803 1807 1819 1831 ,
1864 1784 1984 1822 cum

409 1844 518 1900 illis
580 1848 638 1901 in
697 1864 859 1904 unum
924 1850 1174 1907 alii-ctum
1241 1856 1513 1926 animique
1575 1861 1984 1916 consensionem

411 1939 745 2006 coalescent,
774 1942 988 1998 vinculo
1034 1946 1183 2013 pacis
1223 1949 1386 2002 etiam
1433 1949 1669 2020 colligati
1715 1967 1812 2020 per
1833 1953 1986 2008 Chri-

410 2035 696 2104 stum,.qui
735 2035 1003 2102 justillcat
1045 2039 1264 2107 impium
1293 2051 1346 2094 et
1371 2042 1512 2111 quod
1558 2043 1857 2113 dispersum
1905 2056 1987 2100 est

410 2123 632 2195 colligit.
677 2141 740 2180 ac
803 2127 922 2182 luce
984 2131 1185 2198 divina,
1239 2133 1474 2188 tenebris
1535 2135 1828 2189 involutum
1877 2139 1985 2191 col—

410 2215 638 2282 lustrat,
677 2220 964 2289 omniaque
1005 2224 1272 2278 convertit
1313 2225 1365 2278 in
1392 2227 1601 2281 melius.
1653 2227 1806 2282 Facit
1842 2229 1983 2283 enim

409 2309 591 2363 omnia
619 2350 633 2372 ,
679 2321 732 2365 et
777 2313 1162 2382 transformat,
1202 2316 1279 2371 uti
1321 2317 1583 2387 scriptum
1623 2327 1705 2373 est
1741 2318 1809 2372 ⁸⁸.
1840 2320 1983 2374 ΙΙωι-Ιί

409 2413 540 2468 ergo
593 2410 646 2454 ot
707 2403 832 2472 agni
897 2419 964 2458 ex
1015 2403 1131 2476 lege
1190 2416 1346 2461 erant
1413 2417 1625 2462 sacrata
1682 2418 1737 2464 et
1789 2411 1984 2464 munda

411 2488 706 2556 animalia,
746 2493 890 2549 adeo
927 2504 985 2548 ut
1021 2495 1088 2550 ad
1148 2496 1392 2551 divinum
1441 2499 1614 2553 altare
1657 2499 1986 2553 adduceren-

411 2593 521 2649 tur,
567 2596 624 2641 et
655 2587 720 2642 in-
742 2589 970 2645 odorem
1013 2592 1195 2646 suavis
1240 2591 1547 2663 fragrantia!
1577 2595 1685 2650 Deo
1732 2595 1989 2651 ollerreu-

409 2682 520 2730 tur.
554 2674 738 2748 Lupus
771 2691 948 2737 autem
993 2692 1049 2737 et
1096 2681 1208 2750 leo,
1235 2684 1457 2753 profana
1502 2701 1565 2740 ac
1610 2687 1987 2752 iuuuuuda,et

410 2763 499 2818 Itis
553 2781 673 2836 qua:
721 2769 1374 2829 uominavimusinl'esta.
1423 2772 1658 2842 Serpens
1702 2786 1984 2843 praetcrea,

409 2855 613 2912 homini
683 2858 1112 2928 inimicissimus,
1147 2872 1200 2917 et
1248 2875 1453 2918 natura:
1511 2865 1718 2933 legibus
1771 2867 1839 2920 ad
1886 2867 1987 2921 hoc

412 2948 692 3006 incitatus.
747 2949 946 3008 Verum
995 2969 1119 3009 cum
1169 2955 1253 3009 his
1296 2956 1387 3024 qui
1428 2955 1480 3010 in
1521 2955 1742 3011 Christo
1792 2973 1987 3026 purga-

411 934 716 1005 ἀκούσομαι
757 934 956 989 αὐτῶν.
1007 937 1134 992 Ἔτι
1187 937 1502 992 λαλούντων·
1537 939 1739 1005 αὐτῶν,
1786 940 1916 1012 ἐρῶ·
1971 937 2035 993 Τί
2073 939 2250 1000 ἐστιν;
2289 957 2308 988 ι

2173 1033 2309 1086 Τότε
2334 1034 2511 1086 λύκοι
2557 1031 2658 1087 καὶ
2681 1030 2858 1100 ἄρνες
2875 1031 3375 1098 ,βοσκηθήσονται
3408 1030 3549 1100 ἅμα,
3578 1021 3678 1085 καῖ

2094 1123 2252 1178 λέων
2289 1125 2370 1190 ὡς
2413 1123 2570 1190 βοῦς
2613 1123 2860 1194 φάγεται
2891 1122 3106 1191 ἄχυρα,
3161 1121 3300 1190 ὄφις
3342 1121 3412 1175 δὲ
3447 1121 3566 1193 γῆν
3597 1123 3676 1188 ὡς

2091 1213 2293 1282 ἄρτον.
2321 1217 2442 1270 Οὐκ
2476 1213 2902 1281 ἀδικήσουσιν,
2937 1214 3064 1268 οὐδ’
3094 1214 3167 1268 οὐ
3206 1213 3293 1284 μὴ
3345 1212 3678 1282 λυμανοῦν-

2092 1318 2186 1356 ται
2217 1302 2313 1356 ἐπὶ
2338 1301 2418 1368 τῷ
2441 1304 2562 1372 ὄρει
2591 1303 2674 1369 τῷ
2692 1303 2839 1373 ἁγίῳ
2855 1319 2996 1373 μου,
3023 1302 3185 1368 λέγει
3206 1304 3442 1372 Κύριος.

2164 1393 2321 1446 Κατά
2351 1393 2444 1447 δύο
2472 1394 2708 1466 τρόπους
2737 1393 2954 1466 ἐκλήψῃ
2975 1393 3261 1449 καὶταῦτα
3282 1409 3296 1423 ·
3344 1392 3378 1463 ἧ
3424 1391 3534 1465 γὰρ
3567 1391 3676 1446 τῶν

2092 1483 2184 1538 δύο
2212 1485 2356 1538 λαῶν
2373 1485 2472 1556 τὴν
2491 1485 2580 1538 διὰ
2611 1486 2849 1549 πίστεως
2881 1485 3075 1539 ἕνωσιν
3127 1487 3564 1557 κατασημήνειεν
3609 1483 3677 1539 ἂν

2090 1576 2191 1645 τῆς
2220 1576 2553 1648 προφητείας
2583 1579 2616 1648 ή
2648 1576 2896 1648 δύναμις,
2927 1577 3093 1648 ήγουν
3115 1577 3196 1630 ὅτι
3219 1577 3316 1630 καὶ
3343 1578 3391 1629 οί
3422 1577 3552 1630 ποτὲ
3583 1576 3676 1647 θη-

2093 1669 2224 1738 ρίων
2273 1668 2480 1740 ἀγρίων
2520 1669 2676 1740 δίκην
2711 1671 2830 1734 τοῖς
2848 1669 3022 1737 ἁγίοις
3079 1669 3533 1740 ἐπιπηδήσαντες,
3577 1671 3668 1722 καὶ

2087 1759 2374 1824 διώξαντες
2391 1761 2488 1830 τὴν
2503 1760 2846 1833 Ἐκκλησίαν,
2861 1761 3036 1830 ὄφεών
3046 1778 3104 1813 τε
3125 1760 3486 1829 διενεγκόντες
3495 1761 3660 1823 οὐδὲν,

2090 1868 2153 1903 συ
2161 1851 2268 1922 μϐή
2277 1868 2454 1904 σονται
2476 1851 2612 1922 πρὸς
2629 1852 2824 1915 αὐτοὺς
2833 1892 2847 1916 ,
2864 1851 3007 1905 κατά
3019 1851 3255 1906 διάθεσιν
3267 1851 3359 1906 καὶ
3373 1851 3684 1923 ὁμοψυχίαν

2085 1941 2165 2012 τῷ
2190 1941 2469 2013 συνδέσμῳ
2496 1943 2594 2013 τῆς
2633 1944 2855 2014 εἰρήνης
2893 1943 3316 2014 κατεσφιγμένοι
3350 1944 3484 2014 πρὸς
3515 1944 3676 1998 τοῦτο

2085 2032 2175 2086 διὰ
2193 2034 2450 2104 Χριστοῦ,
2472 2034 2565 2087 τοῦ
2585 2034 2918 2100 δικαιοῦντος
2939 2037 3028 2090 τὸν
3050 2037 3242 2108 ἀσεϐῆ,
3268 2038 3363 2092 καὶ
3387 2039 3675 2107 συλλέγον-

2086 2140 2179 2187 τος
2227 2124 2289 2177 τὸ
2326 2125 2777 2196 ἐσκορπισμένον,
2815 2127 2906 2180 καὶ
2935 2129 3073 2196 φωτὶ
3111 2129 3191 2198 τῷ
3239 2129 3367 2201 θείῳ
3406 2148 3670 2200 καταφαισ

2087 2215 2373 2287 δρύνοντος
2414 2219 2473 2269 τὸ
2505 2219 2910 2289 ἐσκοτισμένον,
2946 2221 3040 2273 καὶ
3062 2220 3130 2274 τὰ
3171 2223 3350 2277 πάντα
3379 2223 3672 2293 μεθιστῶν-

2086 2327 2176 2372 τος
2202 2309 2293 2361 ἐπὶ
2318 2309 2378 2361 τὸ
2407 2309 2649 2378 ἄμεινον.
2677 2313 2830 2365 Ποιεῖ-
2855 2313 2961 2381 γὰρ
2987 2312 3163 2364 πάντα
3203 2314 3294 2366 καὶ
3337 2314 3674 2382 μετασκευά-

2087 2398 2189 2464 ζει,
2216 2399 2356 2452 κατά
2378 2401 2437 2453 τὸ
2461 2402 2866 2473 γεγραμμένον.
2903 2403 3228 2474 ’Ἔριφοιμὲν
3251 2400 3342 2458 οὖν
3369 2406 3462 2459 καὶ
3481 2408 3670 2477 ἄρνες,

2088 2491 2208 2561 ἱερά
2245 2491 2304 2543 τέ
2339 2493 2454 2544 ἐστι
2506 2492 2600 2545 καὶ
2629 2492 2850 2564 καθαρά
2877 2492 2994 2558 ζῶα
3020 2495 3162 2547 κατά
3192 2495 3284 2549 τὸν
3311 2497 3494 2566 νόμον,
3527 2495 3672 2551 ὥστε

2087 2583 2182 2635 καὶ
2197 2582 2275 2654 τῷ
2295 2583 2422 2656 θείῳ
2443 2584 2853 2655 προσφέρεσθαι
2881 2585 3272 2657 θυσιαστηρίῳ,
3293 2589 3393 2641 καὶ
3404 2591 3482 2651 είς
3493 2589 3673 2660 ὀσμὴν

2087 2674 2312 2737 εὐωδίας
2356 2674 2720 2746 ἀναφέρεσθαι
2761 2675 2838 2746 τῷ
2884 2676 3036 2747 Θεῷ·
3083 2677 3246 2741 λύκος
3271 2678 3328 2731 δὲ
3359 2681 3453 2734 καὶ
3508 2681 3677 2750 λέων,

2087 2764 2300 2836 ἀνίερα,
2318 2766 2413 2818 καὶ
2439 2766 2744 2837 ἀκάθαρτα,
2773 2767 2869 2821 καὶ
2890 2766 3061 2838 ἐχθρὰ
3089 2772 3202 2829 τοῖς
3225 2769 3635 2841 ὠνομασμένας
3651 2787 3669 2802 ·

2087 2856 2208 2924 ὄφις
2254 2856 2310 2910 δὲ
2349 2857 2486 2929 πρὸς
2526 2859 2736 2922 τούτοις
2785 2859 3056 2932 ἀνθρώπῳ
3112 2860 3536 2932 πολεμιώτατος,
3572 2864 3675 2920 καὶ

2086 2951 2200 3012 τοῖς
2241 2949 2340 3019 τῆς
2378 2951 2593 3019 φύσεως
2623 2951 2809 3018 νόμοις
2846 2954 2925 3016 είς
2953 2953 3112 3006 τοῦτο
3142 2955 3495 3025 ἠκονημένος,
3533 2954 3675 3010 ἀλλὰ

415 3045 464 3100 ti"
500 3058 651 3113 sunt,
684 3057 738 3103 et
782 3058 1030 3105 sanctam
1086 3061 1142 3107 et
1191 3051 1446 3106 eximiam
1530 3051 1694 3106 vitam
1747 3053 1987 3109 institue-

2092 3043 2204 3104 τοῖς
2230 3043 2286 3093 ἐν
2315 3041 2533 3112 Χριστῷ
2579 3043 3034 3114 κεκαθαρμένοις,
3079 3046 3229 3118 ίεράν
3249 3064 3309 3099 τε
3352 3048 3446 3101 καὶ
3470 3047 3674 3119 ἐξῃρησ-

411 3147 562 3201 munt,
589 3152 683 3208 per
721 3139 1087 3208 evangelicam
1125 3141 1570 3210 praedicationem
1593 3141 1647 3196 in
1691 3157 1852 3197 unam
1877 3145 1991 3198 ani-

411 3242 637 3283 morum.
675 3231 1111 3296 consensionem,
1167 3247 1288 3302 quae
1357 3242 1442 3288 est
1510 3234 1562 3288 in
1628 3233 1753 3301 ﬁde,
1812 3235 1989 3291 coale-

411 3330 589 3388 scent,
623 3323 788 3378 etiam
812 3323 867 3378 hi
905 3323 1209 3380 detestandi
1238 3327 1509 3394 quondam
1563 3336 1619 3381 et
1678 3327 1937 3382 immundi
1971 3367 1987 3394 ,

415 3419 483 3468 ot-
514 3411 754 3468 helluina
806 3414 1130 3470 crudelitate
1161 3424 1350 3483 pectus
1387 3414 1644 3470 refertum
1686 3417 1987 3473 habentes:

417 3519 449 3555 ο·
470 3500 534 3558 ll
577 3503 725 3559 nihil!
752 3507 1022 3561 nocebunt
1048 3547 1065 3572 ,
1087 3524 1105 3558 ι
1135 3507 1328 3576 inquit,
1351 3523 1524 3578 neque
1551 3509 1774 3578 perdent
1800 3524 1992 3579 quem-

412 3611 576 3665 quam
647 3599 699 3653 in
773 3607 955 3654 monte
1013 3609 1204 3656 sancto
1253 3615 1408 3664 meo,
1452 3601 1502 3656 id
1551 3613 1672 3668 est,
1723 3602 1988 3660 Ecclesia.

411 3689 716 3745 Comedeut
758 3691 902 3745 enim
956 3706 1078 3746 cum
1129 3693 1427 3748 mansuetis
1481 3691 1724 3749 efferata.
1778 3694 1992 3751 Deliciae

411 3798 544 3839 vero
570 3783 681 3839 illis
725 3782 975 3840 Christus
1025 3784 1199 3856 (panis
1254 3787 1537 3850 vivus,de
1573 3786 1713 3842 caelo
1770 3787 1993 3842 descen-

413 3873 632 3946 dens),
675 3885 730 3929 et
798 3875 965 3930 vitam
1023 3877 1159 3931 dans
1235 3877 1433 3932 mundo
1463 3877 1531 3934 ⁸¹.
1574 3877 1753 3934 Nutrit
1812 3891 1990 3935 autem

411 3975 528 4022 tum
573 3968 1015 4036 carne-propria,
1068 3968 1135 4021 ad
1207 3967 1666 4024 immortalitatem
1725 3985 1788 4025 ac
1825 3973 1992 4026 vitam

412 4071 517 4114 nos
552 4057 840 4130 reﬁngens,
869 4069 978 4113 tum
1001 4060 1123 4114 suis
1142 4060 1628 4129 praedicationibus,
1656 4062 1707 4118 id
1725 4073 1807 4118 est
1836 4079 1996 4119 cvan-

411 4148 621 4220 gelicis.
669 4167 690 4201 ι
721 4147 838 4204 Non
881 4150 1025 4205 enim
1074 4149 1126 4204 in
1182 4150 1310 4204 solo.
1359 4164 1497 4219 pane
1553 4153 1733 4218 vivet,
1786 4154 1992 4224 inquit,

411 4242 599 4304 homo,
647 4239 741 4295 sed
806 4240 872 4294 in.
905 4240 1058 4296 omni
1124 4243 1290 4297 verbo
1338 4245 1479 4312 quod
1555 4246 1734 4314 prodit
1776 4261 1844 4301 ex
1902 4261 1998 4302 ore

2093 3132 2261 3203 μένην
2295 3133 2552 3203 ἐσχηκόσι
2587 3134 2750 3206 ζωὴν,
2774 3133 2863 3187 διὰ
2907 3135 3017 3188 τῶν
3052 3137 3419 3207 εὐαγγελικῶν
3457 3156 3674 3214 κηρυγ-

2093 3225 2278 3295 μάτων
2363 3225 2755 3297 συμϐήσονται,
2815 3228 2951 3299 πρδς
3049 3231 3356 3301 ὁμοψυχίαν
3424 3231 3522 3304 τὴν
3581 3233 3678 3287 διὰ

2089 3314 2343 3379 πίστεως,
2376 3317 2426 3369 οἱ
2468 3316 2711 3391 βδελυροί
2746 3336 2874 3372 ποτε
2941 3319 3035 3374 καὶ
3064 3321 3385 3394 ἀκάθαρτοι,
3408 3323 3502 3376 καὶ
3533 3322 3682 3394 ὠμόν

2088 3421 2248 3474 τητος
2281 3405 2682 3478 θηριοπρεποῢς
2735 3409 2936 3480 μεστὴν
2995 3410 3209 3481 ἔχοντες
3257 3413 3357 3483 τὴν
3405 3410 3670 3485 ’καρδίαν⁶

2097 3516 2116 3549 ‹
2149 3489 2332 3562 Οὗτοι,
2393 3500 2576 3570 φησιν,
2633 3500 2784 3554 οὐδὲν
2831 3502 3201 3572 ἀδικήσουσιν,
3241 3503 3366 3557 οὔτε
3414 3503 3517 3576 μὴν
3553 3504 3673 3558 δια-

2091 3587 2451 3659 λυμανοῦνται
2495 3607 2606 3644 τισι
2647 3591 2756 3645 τῶν
2803 3593 2861 3646 ἐν
2909 3591 2987 3663 τῷ
3031 3593 3149 3665 δρει
3193 3593 3270 3664 τῷ
3302 3595 3444 3668 ἁγίῳ
3471 3613 3589 3667 μου,
3641 3614 3666 3647 s

2091 3681 2357 3746 τουτέστι,
2423 3685 2488 3753 τῇ
2545 3683 2858 3756 Ἐκκλησία.
2909 3686 3174 3754 Φάγονται
3231 3685 3342 3758 γὰρ
3401 3687 3495 3740 σὺν
3553 3689 3684 3750 τοῖς.

2094 3774 2322 3845 ἡμέροις
2348 3775 2416 3828 τὰ
2449 3775 2636 3847 ἄγρια·
2672 3776 2847 3848 τροφὴ
2873 3777 2930 3830 δὲ
2959 3779 3143 3844 αὐτοῖς
3172 3780 3201 3831 ὁ
3240 3780 3475 3850 Χριστὸς
3514 3781 3543 3832 δ
3567 3780 3674 3850 ἀρ-

2093 3885 2186 3931 τος
2212 3870 2240 3921 ὁ
2270 3867 2376 3932 ζῶν
2410 3870 2437 3920 ὁ
2466 3868 2531 3919 ἐκ
2570 3867 2666 3922 τοῦ
2717 3868 2944 3940 οὐρανοῦ
2990 3869 3256 3934 καταϐὰς,
3292 3870 3385 3924 καὶ
3415 3870 3560 3940 ζωὴν
3589 3870 3677 3923 δι-

2092 3959 2217 4022 δοὺς
2243 3959 2318 4030 τῷ
2359 3960 2582 4029 κόσμῳ*
2622 3961 2808 4031 τρέφει
2852 3962 2908 4014 δὲ
2947 3962 3041 4014 καὶ
3068 3963 3232 4034 σαρκὶ
3275 3965 3342 4034 τῇ
3371 3962 3499 4033 ἰδία,
3531 3962 3686 4034 πρὸς

2092 4052 2400 4123 ἀφθαρσίαν
2453 4053 2602 4123 ἡμᾶς
2649 4052 2981 4124 ἀναμοριρῶν
3043 4056 3138 4108 καὶ
3185 4055 3348 4125 ζωὴν,
3415 4055 3510 4108 καὶ
3555 4055 3677 4118 τοῖς

2095 4143 2288 4195 ἑαυτοῦ
2332 4144 2670 4213 κηρύγμασι,
2720 4145 2986 4207 τουτέστι,
3021 4147 3133 4208 τοῖς
3170 4145 3572 4213 εύαγγελικοῖς·
3601 4143 3671 4196 οὐ

2093 4235 2202 4306 γὰρ
2241 4237 2325 4288 ἐπ’
2367 4235 2515 4306 ἄρτῳ
2561 4235 2706 4307 μόνῳ
2761 4235 3004 4306 ζήσεται,
3053 4236 3238 4303 φησιν,
3287 4237 3314 4288 ὁ
3361 4235 3672 4305 ἄνθρωπος,

413 4335 510 4391 Dei
537 4336 606 4394 “.
639 4353 671 4390 »ι
694 4333 933 4392 Observa
965 4343 1144 4391 autem
1178 4351 1343 4408 agnos
1371 4345 1434 4392 et
1469 4336 1650 4391 haedos
1695 4335 1907 4392 leonum
1937 4347 1987 4392 et

2098 4327 2213 4381 ἀλλ’
2246 4327 2339 4379 ἐπὶ
2369 4328 2530 4381 παντὶ
2577 4328 2780 4398 ῥήματι
2817 4327 3235 4398 ἐκπορευομένῳ
3281 4326 3369 4378 διὰ
3399 4325 3672 4395 στόματος

413 4427 676 4497 ΙιψοιηιιῐιΔ
711 4427 862 4483 cibos
887 4400 1429 4497 uon-edereiNeque
1469 4429 1614 4483 enim
1659 4427 1827 4483 dixit:
1879 4427 1987 4484 Co-

2094 4417 2249 4471 Θεοῦ.
2295 4419 2651 4490 Ἐπιτήρησον
2684 4418 2738 4470 δὲ
2776 4419 2976 4471 ὅτιούκ
3014 4418 3176 4490 ἄρνες
3203 4419 3295 4470 καὶ
3325 4416 3526 4488 ἔριφοι,
3563 4416 3672 4480 τὰς

413 4520 630 4574 medent
663 4533 878 4586 carnes,
919 4520 1014 4574 sed
1043 4519 1152 4590 lupi
1204 4529 1258 4576 et
1305 4519 1484 4574 leones
1511 4521 1806 4575 mansuetis
1832 4529 1987 4574 uten-

2089 4511 2194 4563 τῶν
2216 4510 2443 4563 λεόντων
2493 4511 2587 4563 καὶ
2611 4509 2788 4563 λύκων
2814 4511 3018 4564 ἔδονται
3049 4510 3255 4578 τροφὰς
3325 4511 3383 4562 ού
3407 4509 3512 4579 γὰρ
3534 4509 3667 4580 ἔφη·

415 4620 505 4666 tur
533 4611 668 4668 cibis
691 4611 933 4668 cicurum
976 4613 1309 4679 animalium,
1341 4627 1468 4681 quae
1487 4611 1763 4680 palearum
1811 4612 1986 4666 nomi-

2089 4601 2360 4670 Φὰγονται
2391 4600 2572 4672 κρέα),
2605 4601 2721 4656 ἀλλ’
2751 4604 2799 4655 οἱ
2835 4602 2988 4655 λύκοι
3027 4601 3120 4654 καὶ
3149 4601 3362 4664 λέοντες
3397 4601 3515 4663 ταῖς
3553 4599 3672 4651 τῶν

412 4718 485 4759 ne
512 4704 920 4774 signiﬁcantur-
954 4705 1070 4762 Non
1102 4714 1400 4773 sequentur
1449 4714 1628 4760 autem
1675 4705 1980 4760 immundos

2089 4691 2715 4762 ἡμέρωνκεχρήσονται,
2747 4689 2804 4743 αἲ
2833 4689 2921 4743 διά
2962 4689 3071 4742 τῶν
3115 4688 3334 4760 ἀχύρων
3375 4688 3671 4757 σημαίνον-

413 4797 600 4852 mundi
631 4811 844 4867 tneque
892 4795 1104 4852 illorum
1164 4797 1466 4850 institutum
1511 4810 1574 4850 ac
1613 4794 1776 4850 vitam
1820 4809 1981 4849 amu-

413 4887 804 4953 iabuntur,.'sed
827 4886 1039 4957 profani
1062 4887 1240 4958 potius
1264 4888 1562 4944 mitiumet
1580 4902 1986 4959 purorumpro-

413 4981 640 5040 bitatcm
689 4981 1072 5038 lmitabuntur.

482 5154 608 5210 CAP.~
648 5152 832 5208 LXVI.
867 5153 1029 5208 Vsus.
1068 5153 1136 5206 1-
1161 5152 1227 5206 5..
1249 5152 1506 5208 Sic-dicio
1533 5152 1787 5207 Dominus
1810 5168 1830 5206 :
1871 5153 1987 5208 (Joa-

412 5245 523 5298 lum
568 5245 697 5298 mihi
750 5243 961 5307 solium,
999 5260 1059 5296 ac
1084 5253 1222 5297 terra
1281 5242 1560 5296 srabellum
1607 5243 1795 5310 pedum
1843 5260 1987 5297 meo-

412 5352 551 5390 rum.
603 5335 824 5400 Qualem
868 5335 1078 5387 domum
1121 5333 1449 5403 aediﬁcabitis
1503 5334 1629 5387 mihi
1647 5334 1672 5388 .9
1727 5345 1815 5388 aut
1867 5336 1984 5405 quis

412 5428 555 5480 locus
606 5426 844 5495 requietis
895 5441 1022 5479 mea:
1050 5425 1086 5480 2"
1148 5424 1337 5479 Omnia
1374 5429 1509 5479 enim
1558 5426 1668 5479 lucc
1719 5426 1837 5496 fecit
1879 5443 1993 5480 ma-

413 5534 510 5570 nus
569 5534 705 5583 mea,
765 5526 886 5571 sunt
944 5535 1058 5571 mea
1122 5517 1230 5572 lucc
1295 5519 1489 5580 omnia,
1524 5519 1648 5571 dicit
1713 5518 1984 5572 Dominus.

410 5608 743 5679 9070mm
765 5610 1061 5677 respiciam,
1087 5609 1189 5662 nisi
1218 5608 1286 5660 ad
1307 5608 1550 5661 humilem
1574 5617 1622 5661 et
1646 5608 1899 5678 quietum,
1926 5624 1988 5661 ac

415 5704 721 5748 trementem
777 5712 1037 5750 sermones
1095 5695 1371 5750 meos?.At
1418 5696 1630 5768 iniquus
1672 5699 1762 5766 qui
1822 5697 1988 5751 sacri-

487 5869 537 5904 ³⁸
560 5876 723 5934 Apoc.
753 5889 868 5942 ut,
896 5874 955 5929 5.
1023 5875 1062 5907 "
1089 5873 1242 5929 Joan.
1273 5889 1348 5941 vr,
1381 5873 1468 5930 33.
1558 5873 1601 5907 ³²
1627 5873 1755 5930 Luc.
1786 5888 1862 5942 ιν,
1887 5873 1955 5927 AL.

2093 4799 2221 4837 ται’
2265 4781 2364 4852 οὐχ
2413 4781 2634 4851 ἕψονται
2676 4781 2734 4834 δὲ
2785 4780 3114 4852 ἀκαθάρτοις
3143 4780 3326 4843 αὐτοῖς
3360 4779 3558 4851 μᾶλλον
3615 4780 3670 4831 oi

2094 4876 2346 4946 καθαροὶ,
2381 4875 2500 4928 ούδέ
2531 4875 2630 4945 τὴν
2661 4876 2882 4929 ἐκείνων
2914 4874 3213 4947 ζηλώσουσι
3244 4873 3518 4928 πολιτείαν
3568 4874 3672 4926 καὶ

2095 4965 2274 5036 ζωήν·
2311 4964 2424 5017 ἀλλ’
2463 4967 2510 5017 οἱ
2536 4964 2750 5035 βέϐηλοι
2782 4965 3000 5036 μᾶλλον,
3034 4967 3155 5028 ταῖς
3195 4966 3304 5018 τῶν
3338 4966 3529 5036 πράων
3569 4965 3670 5018 καὶ

2097 5055 2520 5126 κεκαθαρμένων
2549 5057 2873 5120 ἐπιεικείαις
2915 5055 3388 5127 ἀκολουθήσουσιν.

2159 5147 2321 5201 Οὕτω
2336 5147 2496 5217 λέγει
2516 5149 2731 5216 Κύριος
2749 5165 2762 5179 ·
2803 5147 2864 5201 '0
2886 5149 3139 5216 οὐρανός
3149 5165 3250 5217 μοι
3272 5149 3500 5217 θρόνος,
3528 5149 3566 5215 ἠ
3595 5145 3670 5200 δὲ

2095 5239 2170 5307 γῆ
2204 5239 2538 5293 ὑποπόδιον
2564 5239 2686 5294 τῶν
2715 5236 2917 5293 ποδῶν
2941 5257 3079 5309 μου.
3107 5239 3289 5294 Ποῖον
3321 5234 3489 5293 οἷκον
3507 5240 3669 5291 obro-

2091 5329 2386 5400 δομήσετέ
2408 5349 2545 5400 μοι;
2576 5332 2615 5400 ἣ
2645 5332 2815 5399 ποῖος
2858 5334 3038 5398 τόπος
3091 5331 3199 5399 τῆς
3236 5328 3671 5396 καταπαύσεώς

2092 5440 2250 5493 you;
2306 5424 2508 5479 Πάντα
2550 5423 2658 5494 γὰρ
2710 5425 2896 5478 ταῦτα
2941 5423 3231 5490 ἐποίησεν
3281 5424 3319 5491 ἡ
3364 5423 3491 5491 χείρ
3521 5439 3668 5490 μου,

2096 5515 2194 5568 καὶ
2230 5516 2402 5570 ἔστιν
2429 5517 2539 5584 ἐμὰ
2568 5516 2764 5569 πάντα
2817 5516 3020 5580 ταῦτα,
3065 5515 3228 5585 λέγει
3273 5517 3506 5584 Κύριος.
3550 5515 3668 5566 Καὶ

2093 5605 2194 5658 ἐπὶ
2228 5607 2361 5660 τινα
2383 5607 2703 5675 ἐπιϐλέψω,
2739 5609 2877 5661 ἀλλ’
2905 5607 2942 5673 ἢ
2973 5607 3072 5660 ἐπὶ
3092 5607 3199 5661 τὸν
3228 5606 3533 5670 ταπεινὸν,
3563 5607 3674 5659 καὶ·

2093 5699 2376 5774 ἡσύχιον,
2421 5701 2520 5755 καὶ
2551 5699 2837 5771 τρέμοντα
2859 5700 2997 5765 τοὺς
3028 5699 3250 5767 λόγους
3290 5715 3447 5768 μου;
3487 5697 3549 5751 '0
3597 5696 3684 5750 es.
