4054 6376
378 375 504 433 "‘29

1497 372 1562 428 IN
1596 371 1831 428 ISAIAM
1873 372 2002 429 ΗΒ.
2047 374 2110 432 ν.
2148 372 2384 430 TOMUS
2419 374 2486 428 Vl

3469 378 3494 432 l
3504 378 3610 434 430

368 487 579 558 ἄνομος
636 488 668 540 ό
710 486 867 539 θύων
917 503 1019 555 μοι
1072 486 1331 553 μόσχον,
1368 485 1447 550 ὠς
1492 489 1525 540 ὀ
1563 488 1937 540 ἀποκτείνων

2050 486 2159 539 rica:
2234 487 2363 540 mihi
2452 484 2692 550 vitulum,
2740 487 2891 555 quasi
2956 486 3047 553 qui
3122 488 3324 539 occadat
3391 503 3611 555 canem,-

368 581 530 632 κύνα·
568 580 601 630 ὁ
633 575 703 628 δὲ
730 575 1043 643 ἀναφέρων
1095 573 1433 643 σεμίδαλιν,
1459 575 1539 640 ὡς
1576 571 1717 644 αἷμα
1756 576 1939 628 ὕειονσ

369 674 396 726 ὁ
417 671 482 723 δὲ
529 668 733 733 διδοὺς
775 668 1026 722 λίϐανον
1059 670 1146 732 εις
1171 668 1600 738 μνημόσυνον,
1642 668 1722 734 ὡς
1750 666 1951 731 ,ϐλάσ-

367 776 573 829 φημος-

446 852 748 921 Ἐξυφήνας
783 848 1149 920 ἀποχρώντως
1189 849 1281 901 τὸν
1310 849 1446 918 πρός
1488 865 1550 915 γε
1596 847 1663 899 τὰ
1696 846 1823 917 ἔθνη
1854 847 1940 900 λό-

370 960 476 1012 γον,
509 940 909 1013 μεθίστησιτὴν
961 940 1350 1011 μυσταγωγίαν
1382 939 1518 1009 πρὸς
1536 938 1699 991 αὐτὸν
1725 939 1826 1009 ήδη
1854 940 1943 992 τὸν

381 1033 620 1107 Ἰσραήλ.
656 1032 912 1086 Βούλεται
944 1031 1053 1103 γὰρ
1104 1032 1198 1085 καὶ
1230 1032 1428 1093 αὐτοὺς
1460 1030 1557 1100 τῆς
1601 1029 1744 1082 κατά
1778 1031 1941 1101 νόμον

371 1127 669 1197 ἀποστῆσαι
715 1125 911 1189 κακίας
955 1124 1054 1196 (1),
1104 1122 1355 1184 καθάπερ
1407 1122 1599 1192 ἀμέλει
1652 1122 1941 1185 κάκείνους

371 1220 664 1289 ἀποφοιτᾷν
697 1217 916 1270 ἐκέλευε
958 1217 1057 1287 τῆς
1085 1214 1319 1285 ἀρχαίας
1350 1215 1588 1285 ἀπάτης,
1623 1215 1717 1267 καὶ
1747 1214 1848 1284 τῆς
1879 1215 1937 1266 ἐν

370 1310 444 1380 τῷ
499 1309 802 1363 πλανᾶσθαι
853 1306 1082 1378 βεϐήλου
1130 1306 1311 1377 ζωῆς·
1370 1306 1452 1359 ὅτι
1505 1305 1682 1359 τοίνυν
1728 1307 1827 1376 τῆς
1880 1308 1939 1359 ἐν

373 1400 635 1472 πνεύματι
682 1400 936 1473 λατρείας
987 1400 1363 1470 μεταποιεῖται
1416 1397 1638 1468 μᾶλλον,
1686 1397 1843 1466 λόγου
1882 1398 1938 1452 δὲ

372 1494 510 1559 ἀξιοῖ
536 1490 816 1554 παντελῶς
848 1490 1081 1555 οὐδενὸς,
1108 1489 1205 1561 τὴν
1237 1487 1313 1553 ὼς
1337 1490 1397 1542 ὲν
1427 1491 1607 1551 σκιαῖς
1630 1490 1724 1542 καὶ
1742 1488 1937 1553 τύποις

371 1584 603 1638 διδάσκει
654 1583 841 1652 σαφῶς
867 1599 882 1614 ο
930 1582 1176 1653 βούλεται
1232 1582 1289 1634 δέ
1329 1598 1383 1634 τι
1436 1581 1571 1653 πρὸς
1616 1582 1788 1653 τούτῳ
1844 1583 1940 1635 καὶ

372 1677 549 1747 ἕτερον
603 1675 802 1739 αὐτοὺς
856 1674 1075 1741 εἰδέναι,
1125 1674 1201 1737 ὼς
1249 1673 1344 1727 καί¹
1404 1673 1517 1726 ἄνω
1566 1672 1779 1742 αἴρουσι
1836 1675 1936 1744 τὴν

371 1768 558 1839 ὀφρὺν,
591 1767 683 1820 καὶ
713 1768 798 1819 ἐπ’
831 1765 1004 1818 οὐδενὶ
1046 1764 1155 1817 τῶν
1191 1764 1503 1833 ἀναγκαίων
1557 1764 1932 1834 πεφρονήκασι

375 1856 536 1927 μέγα,
570 1856 662 1909 τὸν
700 1858 755 1909 ὲν
783 1858 896 1918 τοῖς
926 1853 1320 1926 Ἱεροσολύμοις
1350 1854 1756 1923 ἀναστήσαντες
1785 1854 1930 1906 ναόν·

371 1946 534 2017 ᾤοντο
573 1947 703 2018 γὰρ,
741 1947 820 1999 ὅτι
847 1947 942 1999 καὶ
973 1946 1124 2016 τόπῳ
1156 1943 1487 2016 περιληπτὸν
1525 1944 1585 1996 τὸ
1617 1945 1770 1996 Θεῖόν
1800 1945 1933 2006 ἐστι,

374 2040 464 2092 καὶ
512 2041 568 2093 ἐν
611 2039 1007 2111 χειροποιήτοις
1051 2040 1201 2101 ναοῖς
1262 2038 1505 2090 κατοικεῖ
1555 2036 1937 2105 περιεκτικῶς,

373 2129 513 2183 καθά
540 2128 634 2182 καὶ
667 2130 717 2181 οἱ
740 2128 847 2181 τῶν
876 2127 1043 2181 ἐθνῶν
1074 2126 1435 2197 ψευδώνυμοι,
1470 2127 1563 2179 καὶ
1602 2126 1755 2179 οὐδὲν
1785 2125 1937 2189 ὄντες

374 2220 667 2283 παντελῶς,
691 2220 827 2290 πλὴν
856 2221 936 2272 ὅτι
964 2219 1096 2283 ξύλα
1128 2237 1186 2271 τε
1222 2221 1313 2271 καὶ
1342 2219 1509 2271 λίθοι·
1546 2219 1637 2270 καὶ
1665 2218 1752 2270 διὰ
1782 2217 1940 2270 τοῦτό

374 2326 566 2380 φησιν·
596 2311 659 2362 Ὢ
692 2312 790 2380 τῆς
834 2309 980 2372 θείας
1031 2309 1187 2378 δόξης
1233 2309 1332 2363 οὐκ
1383 2309 1582 2372 εἰδότες
1629 2309 1726 2378 τὴν
1773 2309 1938 2377 ὑπερ-

319 2384 333 2401 ’
372 2403 535 2475 οχήνί
580 2399 625 2453 ὣ
660 2401 767 2453 τῶν
816 2400 941 2471 ἐμοὶ
985 2401 1295 2470 προσόντων
1341 2399 1662 2471 ἀξιωμάτων
1714 2400 1813 2452 οὐκ
1850 2401 1938 2451 ἐν-

372 2495 615 2559 νοοῦντες
645 2496 704 2549 τὸ
735 2495 995 2566 μέγεθοςι
1029 2514 1045 2545 ι
1082 2494 1327 2566 Οὐρανός
1358 2511 1446 2563 μοι
1479 2492 1688 2563 θρόνος,
1724 2494 1756 2563 ἡ
1787 2493 1842 2546 δὲ
1868 2494 1941 2562 γῆ

374 2586 657 2639 ὑποπόδιον
682 2585 791 2639 τῶν
832 2584 1006 2638 ποδῶν
1034 2598 1161 2655 μου.
1205 2585 1362 2637 Ποῖον
1389 2580 1536 2635 οἷκον
1565 2582 1943 2654 οἰκοδομήσετέ

376 2695 499 2748 μοι;
551 2678 584 2749 ἢ
640 2681 788 2742 ποῖος
852 2678 1014 2740 τόπος
1070 2677 1171 2746 τῆς
1228 2674 1629 2738 καταπαύσεώς
1709 2692 1848 2746 μου;
1921 2695 1938 2726 ι

376 2771 577 2840 Πληροῖ
604 2769 711 2838 γὰρ
738 2767 807 2820 τὰ
834 2768 1010 2820 πάντα
1038 2764 1099 2818 τὸ
1131 2766 1284 2817 Θεῖον
1303 2781 1314 2792 ·
1347 2765 1484 2835 μετὰ
1512 2764 1567 2816 δὲ
1594 2762 1756 2816 αὑτοῦ
1790 2763 1859 2831 γῆ
1887 2779 1946 2814 τε

376 2864 467 2914 καὶ
496 2861 722 2931 οὐρανός
745 2877 758 2925 ;
785 2858 1038 2929 Είρήσθω
1066 2858 1129 2927 δὴ
1156 2856 1637 2928 ἀνθρωποπρεπῶς
1659 2894 1674 2919 ,
1704 2856 1785 2907 ὅτι
1820 2854 1945 2923 θρό-

376 2976 463 3010 νον
490 2956 629 3027 ἔχων
653 2958 743 3009 τὸν
773 2955 1001 3027 οὐρανὸν
1020 2995 1034 3019 ,
1065 2954 1353 3007 ὑποπόδιον
1384 2952 1438 3005 δὲ
1475 2952 1663 3021 ὥσπερ
1690 2969 1743 3004 τι
1774 2953 1945 3004 ποιεῖ-

375 3069 463 3105 ται
491 3052 587 3122 τὴν
612 3051 736 3120 γῆν.
762 3050 919 3112 Ποῖος
944 3043 1035 3102 οὖν
1065 3047 1225 3101 αὑτὸν
1253 3046 1459 3113 δέξεται
1487 3045 1697 3116 χῶρος;
1728 3045 1761 3116 ἢ
1797 3046 1947 3107 ποῖος

2056 580 2145 647 qui
2204 589 2373 632 autem
2415 580 2567 647 offert
2619 580 2866 643 similam,
2912 580 3061 650 quasi
3113 584 3416 649 sanguinem
3478 585 3611 636 suil-

2053 670 2195 733 lum;
2251 672 2340 739 qui
2379 670 2468 722 dat
2530 670 2669 723 thus.
2700 671 2755 723 in
2807 669 3105 724 memoriale
3178 673 3331 741 quasi
3378 671 3613 740 blasphe-

2051 776 2185 816 mus.

2116 854 2248 909 Cum
2274 856 2483 909 abunde
2515 870 2816 910 sermonem
2861 870 3013 909 suum
3036 855 3100 909 ad
3126 863 3312 925 gentes
3336 865 3619 925 pertexue-

2048 949 2138 1011 rit,
2168 948 2642 1018 mystagogiam-ad
2673 949 2845 1018 ipsum
2882 948 2994 1019 jam
3044 948 3299 1003 lsraelem
3326 950 3615 1004 convertit.

2051 1038 2169 1092 Vult
2195 1039 2337 1092 enim
2366 1054 2460 1095 eos
2491 1054 2521 1093 a
2540 1039 2694 1109 legali
2718 1040 2880 1094 etiam
2907 1040 3094 1095 umbra
3118 1039 3439 1107 desciscere,
3459 1041 3617 1095 sicuti

2044 1128 2291 1183 videlicet
2319 1129 2436 1184 illos
2457 1145 2668 1199 quoque
2690 1130 2876 1198 jussit,
2908 1144 2938 1182 a
2971 1129 3197 1198 pristino
3229 1142 3433 1195 errore,
3458 1130 3620 1184 sedu.

2042 1221 2219 1276 ctione
2239 1231 2293 1276 et
2312 1219 2536 1290 profana
2564 1220 2673 1274 vita
2700 1220 2975 1276 recedere.
2996 1220 3197 1289 Aperte
3231 1221 3412 1289 itaque
3440 1220 3618 1284 docet,

2042 1325 2102 1365 se
2134 1310 2470 1379 spiritualem
2493 1310 2671 1380 potius
2724 1310 2926 1365 cultum
2962 1309 3231 1364 aestimare
3283 1318 3338 1364 et
3396 1324 3621 1378 curare;

2042 1400 2381 1455 umbratilem
2409 1411 2463 1457 et
2487 1403 2723 1472 typicum
2754 1402 2904 1456 nihili
2936 1400 3130 1456 facere.
3156 1400 3282 1455 Vult
3318 1416 3477 1471 porro
3503 1399 3623 1455 illos

2040 1502 2094 1548 et
2135 1494 2278 1549 aliud
2337 1495 2499 1562 scire,
2548 1495 2688 1564 quod
2731 1493 3077 1563 supercilium
3128 1492 3337 1562 erigant
3379 1502 3433 1547 et
3476 1492 3542 1546 de
3565 1507 3623 1546 re

2040 1585 2194 1639 nihili
2222 1586 2385 1639 altum
2405 1586 2637 1653 sapiant,
2660 1585 2751 1655 qui
2778 1584 3331 1656 Hierosolymitanum
3364 1583 3623 1653 templum

2038 1679 2363 1733 excitarunt.
2385 1678 2775 1734 Existimarunt
2793 1678 2935 1732 enim
2968 1677 3084 1732 loco
3114 1676 3378 1731 contineri
3420 1674 3622 1729 divini—

2040 1780 2227 1833 tatem,
2262 1780 2314 1823 et
2362 1770 2415 1823 in
2466 1768 2788 1823 manufactis
2842 1767 3055 1835 templis
3117 1765 3524 1834 circumscripte
3573 1772 3628 1817 et

1969 1834 2010 1892 Β
2040 1862 2259 1916 deﬁnite
2283 1861 2526 1915 habitare
2558 1877 2571 1911 :
2602 1860 2743 1915 sicut
2770 1859 2844 1914 illi
2902 1834 3038 1914 falso
3067 1857 3362 1926 nuncupati
3404 1852 3506 1921 dii,
3532 1852 3625 1924 qui

2043 1969 2230 2008 revera
2264 1954 2397 2009 nihil
2446 1962 2592 2019 sunt,
2647 1966 2805 2021 quam
2861 1950 3003 2022 ligna
3062 1960 3116 2005 et
3163 1949 3387 2019 lapides.
3423 1947 3629 2002 Idcirco

2043 2046 2114 2097 ait
2147 2062 2158 2096 :
2194 2043 2238 2100 Ο
2269 2060 2363 2099 vos
2380 2044 2469 2113 qui
2501 2043 2697 2097 divinae
2723 2041 3021 2112 majestatis
3070 2039 3437 2110 praestantiam
3468 2038 3622 2108 igno-

2042 2137 2193 2200 ratis,
2229 2136 2320 2205 qui
2357 2134 2635 2205 dignitatis
2660 2149 2795 2187 meze
2838 2132 3264 2201 magnitudinem
3311 2144 3417 2183 non
3446 2129 3624 2183 consi-

2050 2230 2251 2283 deratis
2281 2245 2292 2278 :
2346 2246 2363 2279 ι
2400 2227 2608 2282 Caelum
2648 2226 2778 2279 mihi
2810 2226 3004 2281 solium
3023 2233 3124 2287 est,
3149 2232 3205 2278 et
3246 2230 3391 2276 terra
3414 2221 3629 2277 scabel-

2046 2320 2152 2374 lum
2170 2319 2361 2389 pedum
2379 2317 2866 2385 Incorum.Qualem
2884 2318 3097 2372 domum
3114 2313 3456 2370 aadilicabitis
3472 2313 3632 2368 mihi?

2045 2413 2151 2465 Aut
2190 2410 2310 2479 quis
2338 2410 2489 2464 locus
2517 2409 2775 2479 requietis
2809 2408 3029 2463 meae?»
3060 2406 3250 2476 Implet
3272 2405 3419 2459 enim
3446 2404 3629 2459 omnia

2046 2502 2316 2568 divinitas,
2369 2511 2421 2556 et
2466 2502 2619 2571 plena
2664 2500 2782 2570 ejus
2843 2509 2967 2554 sunt
3018 2507 3158 2555 terra
3215 2507 3270 2551 et
3326 2496 3520 2552 cmlum
3558 2495 3627 2548 ⁸³.

2048 2595 2291 2651 llumauo
2318 2610 2467 2650 more
2491 2595 2692 2650 dictum
2712 2593 3008 2660 sil,solium
3040 2606 3163 2646 eum
3179 2591 3382 2645 habere
3406 2588 3629 2652 caelum,

2046 2699 2099 2743 et
2127 2688 2416 2744 scabellum
2444 2688 2589 2742 velut
2616 2688 2882 2757 quoddam
2914 2684 3015 2740 sibi
3049 2694 3246 2739 terram
3279 2696 3618 2752 supponere.

2047 2778 2177 2847 Quis
2203 2780 2343 2834 enim
2372 2779 2519 2833 locus
2565 2792 2687 2832 eum
2728 2776 2940 2845 capiet?
2984 2784 3075 2828 aut
3110 2788 3228 2843 quae
3272 2772 3463 2826 domus
3492 2770 3626 2826 satis

2047 2873 2151 2925 erit
2175 2871 2345 2941 ampla
2369 2873 2434 2925 ad
2454 2866 3049 2940 comprehendendum?
3074 2884 3091 2915 ι
3113 2864 3299 2917 Omnia
3327 2864 3468 2918 enim
3495 2862 3631 2928 bare,

2050 2964 2246 3033 inquit,
2294 2961 2419 3017 fecit
2450 2976 2641 3015 manus
2675 2974 2790 3013 mea
2815 2997 2831 3024 ,
2856 2966 2910 3010 et
2952 2972 3067 3010 mea
3099 2955 3360 3009 sunthaec
3390 2951 3627 3008 omnia.»

2049 3054 2179 3123 Qua:
2205 3061 2380 3109 autem
2416 3053 2564 3107 ικεοῖ
2588 3049 2855 3106 Videlicet
2882 3062 3002 3118 quae
3034 3054 3332 3101 cernuntur
3351 3085 3365 3108 ,
3393 3052 3448 3098 ct
3504 3058 3625 3112 quae

374 3138 521 3205 οἶκος
571 3140 797 3212 ἀρκέσει
848 3137 1225 3209 περιληπτός;
1286 3155 1303 3187 ι
1343 3135 1528 3188 Πάντα
1580 3134 1687 3205 γὰρ
1743 3133 1944 3195 ταῦτα¹

2055 3146 2203 3200 cerni
2235 3155 2524 3215 nequeunt.
2593 3143 2723 3213 Ejus
2770 3141 2912 3196 enim
2963 3147 3047 3194 est
3106 3137 3284 3193 omnis
3342 3143 3624 3200 creatura;

377 3235 559 3305 φησὶν,
617 3233 871 3302 ἐποίησεν
903 3234 935 3301 ή
968 3231 1088 3300 χείρ
1120 3245 1250 3299 μου·
1300 3228 1394 3282 καὶ
1436 3227 1580 3280 ἔστιν
1623 3225 1731 3296 ἐμὰ
1775 3226 1947 3279 ταῦτα

374 3328 574 3379 πάντα.
614 3345 633 3377 ι
667 3326 804 3378 Ποῖα
851 3324 906 3376 δὲ
943 3322 1141 3388 ταῦτα;
1171 3321 1339 3391 Δῆλον
1372 3320 1427 3373 δὲ
1471 3321 1551 3372 ὃτι
1585 3321 1678 3372 καὶ
1706 3319 1772 3372 τὰ
1808 3318 1947 3388 όρώ-

379 3437 537 3490 μενα,
571 3418 663 3472 καὶ
692 3418 800 3471 τῶν
830 3415 1125 3488 ὁρωμένων
1160 3413 1419 3466 ἐπέκεινα
1440 3427 1454 3442 ⁸
1490 3412 1585 3465 καὶ
1631 3411 1794 3465 αὐτοῦ
1842 3412 1950 3480 γὰρ

375 3515 409 3583 ἠ
451 3512 626 3574 κτίσις
657 3511 866 3573 ἆπασα,
907 3509 1147 3568 καὶτοῖς
1193 3505 1357 3559 αὐτοῦ
1414 3504 1647 3573 νεύμασι
1693 3503 1949 3574 παρήχθη

375 3599 512 3671 πρὸς
570 3598 781 3667 γένεσιν
820 3596 889 3650 τὰ
936 3596 1037 3649 ούκ
1096 3594 1224 3647 ὄντα
1262 3593 1412 3648 ποτέ.
1466 3593 1531 3644 Τί
1581 3592 1757 3644 τοίνυν
1803 3593 1951 3661 αὐτῷ

375 3690 741 3763 προσοίσομεν
789 3689 864 3752 ὡς
895 3689 995 3741 οὐκ
1043 3686 1243 3751 αὐτοῦ;
1300 3683 1539 3738 τοιοῦτόν
1593 3684 1644 3736 τί
1691 3702 1824 3755 φησι
1859 3687 1951 3737 καὶ

373 3782 465 3835 διὰ
476 3783 575 3852 τῆς
596 3781 691 3834 τοῦ
728 3780 1035 3842 Ψάλλοντος
1092 3781 1293 3849 φωνῆς·
1326 3797 1343 3827 ι
1369 3776 1493 3830 Ἐὰν
1518 3776 1776 3842 πεινάσω,
1796 3778 1856 3830 οὐ
1876 3779 1948 3849 μή

380 3887 465 3923 σοι
491 3869 659 3922 εἴπω·
686 3868 796 3938 ἐμὰ
823 3868 929 3939 γάρ
957 3870 1072 3920 ἐστι
1111 3868 1286 3921 πάντα
1317 3867 1385 3920 τὰ
1423 3866 1588 3937 θηρία
1617 3866 1710 3919 τοῦ
1753 3868 1947 3939 ἀγροῦ,

377 3964 551 4034 κτήνη
611 3963 669 4014 ὲν
712 3962 824 4023 τοῖς
863 3959 1012 4031 ὄρεσι
1060 3959 1154 4011 καὶ
1202 3958 1338 4029 βόες.
1375 3959 1629 4026 Ἔγνωκα
1670 3958 1847 4011 πάντα
1884 3959 1951 4011 τέι

374 4054 542 4126 θηρία
565 4051 658 4106 τοῦ
679 4050 871 4123 ἀγροῦ,
899 4050 995 4104 καὶ
1019 4050 1194 4103 πάντα
1225 4050 1292 4103 τὰ
1318 4067 1384 4102 πε
1400 4049 1551 4103 τεινὰ
1571 4049 1665 4102 τοῦ
1695 4050 1948 4121 οὐρανοῦ,

373 4147 471 4200 καὶ
503 4144 769 4216 ὡραιότης
802 4143 973 4213 ἀγροῦ
1019 4143 1135 4213 μετ’
1180 4140 1315 4211 ἐμοῦ
1356 4144 1523 4194 ἐστιν.
1584 4161 1602 4191 ι
1668 4142 1790 4195 Ἐπὶ
1830 4142 1951 4194 τίνα

369 4237 439 4308 δὴ
478 4231 571 4290 οὗν
608 4233 903 4304 ἐπιϐλέψω,
955 4231 1143 4304 φησίν;
1208 4234 1278 4285 Ἦ
1330 4234 1545 4297 πάντως
1585 4250 1684 4285 που
1732 4234 1824 4286 ἐπὶ
1861 4233 1950 4286 τὸν

370 4328 628 4383 ταπεινὸν
688 4328 785 4382 καὶ
812 4326 1053 4397 ἡσύχιον,
1104 4323 1373 4387 τουτέστι,
1425 4325 1515 4377 τὸν
1559 4326 1796 4378 εἰκτικὸν
1859 4327 1951 4378 καὶ

374 4422 570 4491 πρᾶον,
601 4419 695 4473 καὶ
731 4418 841 4472 τῶν
871 4417 1019 4489 ἐμῶν
1048 4418 1369 4488 θελημάτων
1403 4418 1623 4488 γνήσιον
1652 4418 1946 4489 ὑπουργὸν,

2055 3235 2171 3304 ejus
2202 3244 2331 3289 nutu
2367 3242 2547 3289 creata
2584 3242 2639 3287 et
2692 3239 2807 3286 orta
2849 3238 2975 3284 sunt
3023 3243 3142 3297 quae
3187 3225 3479 3295 aliquando
3526 3239 3635 3280 non

2056 3337 2230 3383 erant.
2257 3327 2393 3393 Quid
2424 3326 2585 3394 igitur
2617 3324 2666 3379 ei
2697 3322 3005 3387 olferemus,
3053 3320 3195 3389 quod
3241 3319 3355 3386 ejus
3389 3333 3495 3372 non
3528 3314 3636 3371 sit?

2058 3421 2185 3475 Tale
2213 3419 2468 3489 quiddam
2491 3415 2798 3471 dicitetiam
2825 3430 2955 3469 voce
2998 3410 3323 3467 Psallentis;
3358 3427 3376 3460 ι
3421 3408 3476 3463 Si
3508 3423 3634 3463 esu-

2061 3509 2218 3573 riero,
2250 3523 2353 3562 non
2380 3506 2552 3559 dicam
2591 3505 2681 3560 tibi
2714 3520 2726 3555 :
2754 3518 2888 3557 mem
2925 3503 3068 3556 enim
3103 3511 3229 3555 sunt
3275 3512 3464 3555 omnes
3519 3497 3636 3552 ani-

2059 3607 2268 3652 mantes
2295 3595 2688 3666 agri,iumenta
2740 3594 2792 3647 in
2839 3592 3113 3647 montibus
3153 3600 3208 3646 et
3261 3589 3448 3645 boves.
3497 3588 3634 3644 Novi

2056 3689 2235 3743 omnia
2283 3686 2522 3742 volatilia
2582 3685 2726 3751 coeli,
2783 3692 2836 3739 et
2883 3682 3225 3754 pulchritudo
3280 3683 3391 3753 agri
3422 3696 3633 3738 mecum

2056 3790 2137 3834 est
2164 3780 2229 3831 ⁸³.
2258 3810 2329 3818 -—
2358 3778 2526 3843 Quem
2559 3777 2719 3847 igitur
2748 3776 3074 3846 respiciam?
3110 3796 3129 3828 ι
3171 3776 3344 3845 inquit
3371 3794 3385 3829 :
3416 3793 3436 3827 ι
3496 3774 3626 3831 Om-

2054 3873 2181 3927 nino
2211 3872 2276 3926 ad
2314 3870 2569 3926 humilem
2596 3880 2650 3925 et
2679 3871 2941 3938 quietum,
2975 3887 2991 3918 ι
3025 3869 3075 3922 id
3102 3878 3204 3933 est,
3246 3882 3533 3937 sequacem
3582 3876 3640 3921 ct

2056 3964 2264 4029 mitem,
2289 3972 2343 4017 et
2392 3977 2521 4017 mea:
2566 3960 2858 4017 voluntatis
2896 3962 3184 4029 ingenuum
3232 3972 3294 4013 ac
3317 3971 3624 4028 germanun‘.

2054 4056 2382 4121 effectorem,
2416 4064 2476 4108 ut
2500 4055 2566 4109 ad
2591 4052 2755 4108 verba
2792 4067 2909 4106 mea
2932 4048 3631 4119 contremiscat.Signiﬁcat

2055 4158 2231 4203 autem
2254 4147 2337 4201 his
2358 4146 2715 4214 evangelicam
2742 4159 2804 4199 ac
2827 4143 2994 4214 908
3025 4141 3316 4197 salutarem
3378 4139 3631 4208 praedica-

2056 4240 2277 4294 tionem.
2303 4236 2412 4293 Hos
2437 4239 2687 4305 dignatur
2707 4236 2927 4302 intueri,
2962 4232 3177 4288 etvelut
3207 4228 3439 4285 humiles
3456 4229 3628 4299 inspi-

2056 4346 2198 4386 cere.
2222 4330 2410 4385 Audax
2438 4329 2580 4384 enim
2605 4336 2658 4382 et
2680 4343 2963 4397 arrogans,
2996 4326 3085 4394 qui
3122 4324 3321 4378 divinis
3350 4324 3467 4393 ejus
3496 4322 3632 4377 resi-

2055 4424 2148 4478 stit
2205 4423 2411 4492 legibus
2455 4431 2509 4478 et
2567 4437 2631 4476 ex
2687 4434 2875 4490 magna
2920 4415 3302 4480 inobedientia,
3347 4415 3635 4483 superbam

373 4511 519 4565 ὥστε
549 4512 642 4565 καὶ
672 4511 895 4581 τρέμειν
925 4511 1051 4572 τοὺς
1077 4510 1235 4579 οἵπερ
1267 4509 1332 4563 ἂν
1366 4508 1608 4577 γένοιντο
1643 4509 1772 4579 παρ’
1812 4509 1944 4578 ἐμοῦ

2059 4514 2202 4570 velut
2246 4523 2301 4569 et
2334 4514 2523 4568 duram
2578 4513 2844 4568 cervicem
2877 4510 3070 4566 mentis
3116 4522 3225 4563 suae
3258 4515 3449 4562 contra
3486 4504 3636 4559 illum

378 4605 545 4673 Λόγοι.
586 4604 848 4674 Σημαίνει
885 4602 943 4655 δὲ
987 4602 1075 4655 διὰ
1118 4602 1320 4655 τούτων
1366 4601 1427 4653 τὸ
1467 4600 1819 4668 εύαγγελικὸν
1858 4602 1951 4654 καὶ

378 4697 645 4767 σωτήριον
674 4695 967 4767 κήρυγμα*
1020 4693 1240 4756 τούτους
1287 4693 1489 4763 ἐφορᾷν
1519 4690 1689 4757 ἀξιοῖ,
1737 4691 1832 4745 καὶ
1876 4693 1952 4755 ὡς

374 4786 669 4849 ταπεινοὺς
698 4785 1149 4840 ἐπισκέπτεσθαι.
1193 4784 1414 4856 Θρασὺς
1444 4783 1551 4855 γὰρ
1597 4783 1691 4837 καὶ
1736 4782 1951 4849 ἀλαζὼν

374 4880 406 4932 ὁ
451 4881 564 4943 τοῖς
596 4878 759 4941 θείοις
791 4877 955 4931 αὐτοῦ
986 4878 1173 4947 νόμοις
1222 4877 1702 4947 ἀντανιστάμενος,
1738 4881 1833 4932 καὶ
1864 4879 1952 4932 διὰ

381 4970 586 5040 πολλῆς
634 4969 941 5034 ἀπειθείας,
989 4968 1193 5040 γαῦρον
1224 4968 1411 5041 ὥσπερ
1439 4969 1563 5022 τινὰ
1596 4970 1690 5023 καὶ
1720 4970 1954 5041 σκληρὸν

389 5061 661 5116 ἀνατείνει
690 5060 838 5130 αὐτῷ
871 5064 960 5113 τὸν
985 5061 1083 5131 τῆς
1106 5058 1297 5114 ἑαυτοῦ
1324 5059 1563 5124 διανοίας
1598 5061 1802 5131 αὐχένα
1824 5078 1837 5091 ·
1871 5063 1953 5114 ὅτι

382 5150 443 5204 δὲ
473 5150 852 5221 ἁπαράδεκτον
874 5153 1115 5203 ποιεῖται
1143 5150 1240 5219 τὴν
1270 5150 1357 5202 διὰ
1385 5151 1547 5221 νόμου
1578 5150 1850 5222 λατρείαν,
1867 5154 1957 5206 καὶ

370 5240 465 5293 διὰ
499 5239 688 5309 μίσους
720 5239 853 5309 ἔχει,
894 5242 1148 5308 σαφηνιεί
1175 5239 1347 5307 λέγων
1369 5257 1381 5270 ο
1419 5260 1436 5291 ι
1479 5241 1537 5293 Ὀ
1572 5240 1713 5295 θύων
1739 5260 1828 5312 μοι
1858 5244 1952 5314 μό-

377 5347 527 5400 σχον,
562 5330 636 5392 ὠς
664 5332 692 5381 ὁ
732 5330 1073 5384 ἀποκτείνων
1102 5330 1267 5384 κύνα·
1314 5333 1342 5383 ὁ
1379 5331 1434 5384 δὲ
1465 5332 1749 5403 ἀναφέρων
1794 5334 1948 5403 σεμί-

373 5420 549 5487 δαλιν,
575 5420 648 5484 ὡς
674 5415 811 5491 αἷμα
846 5422 988 5475 ὕειον
1009 5438 1020 5449 ·
1062 5422 1090 5473 ὁ
1121 5422 1173 5475 δὲ
1202 5423 1324 5486 δοὺς
1356 5423 1571 5476 λίϐανον
1615 5427 1692 5486 εἰς
1740 5427 1949 5496 μνημό-

454 5599 499 5631 ³³
529 5600 666 5656 Ρωι.
696 5602 918 5663 Lx1,19.
996 5604 1038 5634 ⁸³
1070 5602 1204 5657 Psal.
1242 5617 1386 5665 xm,
1422 5601 1576 5654 lli-1‘2

455 5776 533 5847 (ι)
568 5778 753 5835 llunlt'.
795 5784 944 5845 σκιᾶς

2056 4605 2284 4661 extollit.
2312 4605 2472 4674 Legis
2511 4618 2638 4658 vero
2655 4603 2856 4658 cultum
2890 4616 2947 4656 se
2970 4615 3076 4655 non
3112 4598 3371 4668 recipere,
3398 4604 3454 4651 et
3508 4594 3637 4649 odio

2061 4699 2286 4762 habere,
2320 4697 2496 4766 palam
2520 4695 2681 4751 faciet
2724 4709 2847 4749 cum
2885 4693 3057 4762 inquit
3086 4692 3107 4746 :‘
3140 4708 3160 4742 ι
3222 4689 3321 4756 Qui
3370 4687 3637 4743 sacriﬁcat

2064 4790 2192 4843 mihi
2223 4789 2470 4853 vitulum,
2499 4800 2579 4842 est
2627 4787 2850 4857 perinde
2880 4800 2942 4839 ac
2962 4785 3006 4839 is
3054 4784 3143 4853 qui
3180 4781 3379 4837 occidit
3406 4794 3632 4842 canem;

2062 4878 2150 4947 qui
2176 4875 2327 4931 oll'ert
2356 4878 2608 4940 similam,
2636 4876 2793 4944 quasi
2822 4876 2911 4944 qui
2941 4871 3255 4942 sanguinem
3299 4869 3457 4925 oﬂ'ert
3506 4868 3635 4923 suil-

2064 4970 2200 5035 lum;
2222 4969 2310 5037 qui
2336 4970 2592 5032 datthus,
2618 4969 2687 5023 ad
2726 4966 3041 5024 memoriam
3070 4964 3175 5029 sui,
3209 4973 3292 5018 est
3336 4962 3489 5031 quasi
3526 4961 3636 5016 bla-

2061 5063 2335 5131 sphemus.
2366 5081 2384 5112 »
2432 5062 2727 5117 Considera
2758 5061 2918 5132 igitur
2963 5074 3087 5115 eum
3152 5072 3261 5113 non
3309 5056 3479 5110 solum
3527 5070 3634 5109 non

2055 5155 2340 5209 admittere
2367 5170 2487 5224 qua:
2518 5156 2571 5211 in
2608 5154 2815 5210 umbris
2868 5168 2932 5208 ac
2970 5152 3113 5223 typis
3137 5149 3310 5221 posita
3343 5154 3489 5211 sunt,
3519 5146 3632 5208 sed,

2060 5246 2490 5311 utdixi,odisse.
2520 5246 2686 5301 Vituli
2736 5246 2878 5299 enim
2932 5248 3152 5308 eadem,
3202 5241 3353 5296 canis
3394 5246 3623 5291 mortem

2060 5338 2366 5403 existimat,
2422 5348 2475 5394 et
2503 5355 2613 5394 rem
2643 5340 2929 5408 impuram,
2961 5336 3193 5392 similam
3236 5332 3356 5386 oleo
3379 5344 3632 5399 consper-

2064 5446 2196 5485 sam.
2234 5430 2515 5501 Signiﬁcat
2550 5433 2690 5489 enim
2725 5436 2844 5500 hoc,
2879 5441 2935 5486 ut
2964 5431 3171 5501 opinor,
3206 5427 3330 5481 dum
3362 5439 3480 5478 eam
3504 5436 3633 5478 san-
