4054 6376
476 341 508 399 Ι
526 345 610 400 ιδι

1461 342 1520 397 S.
1560 341 1837 396 CYRILLI
1875 340 2343 396 ALEXANDRINI
2380 340 2695 395 ARCHIEP.

3570 339 3709 392 1452

478 461 627 531 guini
662 460 774 517 suis
800 468 1095 528 comparat.
1129 459 1345 527 lmpura
1364 466 1445 513 est
1466 470 1641 513 autem
1684 475 1796 520 sus,
1821 475 1882 513 ex
1916 461 2041 527 legis

2150 477 2330 519 συνον.
2385 460 2461 523 ὡς
2505 459 2843 529 βλάσφημον.
2878 476 2896 509 ι
2931 456 3119 526 ’Ἃθρει
3156 454 3218 524 δὴ
3247 450 3338 507 οὖν
3366 456 3509 516 ὅπως
3536 454 3602 506 τᾶ
3631 454 3709 516 ὡς

479 553 810 623 praescripto.
856 553 923 607 Et
971 552 1145 606 thuris
1186 550 1359 605 fumos
1385 551 1502 619 pari
1559 552 1678 605 loco
1720 551 1899 613 habet,
1936 566 2041 619 quo

2143 553 2199 603 ὲν
2234 554 2410 615 σκιαῖς
2448 550 2540 604 καὶ
2572 551 2782 615 τύποις,
2817 548 2915 601 οὐκ
2949 547 3229 617 ἀπόϐλητα
3258 547 3489 598 ποιεῖται
3518 546 3713 614 μόνον,

478 660 664 700 vocem
693 645 1079 713 blasphemam.
1110 641 1392 695 Transfert
1415 641 1577 711 igitur
1603 642 1688 695 his
1722 642 1898 696 verbis
1927 658 2041 705 eos,

476 745 537 790 ut
559 736 723 789 velint
781 750 884 788 nou
932 734 1080 801 iuxta
1126 733 1371 786 umbram
1413 731 1564 801 legis,
1597 733 1689 786 sed
1736 733 2041 802 evangelica

477 827 527 880 vi
537 843 678 881 vere.

2145 645 2281 699 ἀλλὰ
2314 645 2421 715 γὰρ
2455 646 2548 697 καὶ
2580 644 2905 715 μεμίσηκεν,
2933 640 3007 703 ὡς
3041 639 3175 709 ἔφην
3196 654 3209 667 '
3240 636 3338 707 τὴν
3367 636 3552 705 γάρτοι
3610 635 3709 705 μό-

2148 753 2277 805 σχου
2308 736 2541 807 σφαγὴν,
2590 736 2750 797 κυνὸς
2781 735 2994 803 ἡγεῖται
3024 730 3268 789 θάνατον,
3318 726 3623 797 ἀκάθαρτον
3650 727 3708 778 δὲ

2145 832 2239 883 καὶ
2264 830 2539 898 σεμίδαλιν
2572 825 2977 897 ἐλεόδευῘσ]τον.
3004 822 3165 891 Δηλοῖ
3191 822 3318 889 γὰρ,
3355 814 3529 886 οἶμαι,
3558 818 3706 869 τουτὶ

474 919 553 989 τῷ
582 920 703 982 συὸς
738 919 927 989 αἵματι
948 916 1298 987 παρεικάζειν
1324 915 1527 986 αὐτήν·
1564 915 1874 987 ἀκάθαρτον
1907 917 1964 970 δὲ
1991 918 2131 972 κατὰ
2168 922 2260 973 τὸν
2291 923 2452 989 νόμον
2478 923 2505 973 ό
2531 915 2619 983 ὗς·
2655 922 2781 984 τοὺς
2826 921 2883 973 δέ
2908 938 2970 988 γε
3002 922 3065 972 ἐκ
3095 919 3310 971 λιϐάνου
3360 914 3616 974 καπνοὺς.
3649 913 3709 962 ἐν

476 1013 577 1081 ἴσῳ
620 1010 825 1063 τίθεται
871 1010 1229 1079 παλιμφήμου
1270 1010 1473 1079 φωνῆς.
1519 1008 1819 1075 Μεθίστησι
1860 1008 2033 1061 τοίνυν
2105 1012 2191 1064 διὰ
2255 1012 2456 1067 τούτων
2499 1013 2694 1076 αὐτοὺς
2740 1012 2822 1075 εἷς
2858 1029 2921 1080 γε
2973 1012 3033 1064 τὸ
3068 1008 3351 1081 βούλεσθαι
3394 1004 3581 1074 διαζῆν
3611 1002 3705 1055 εὑ·

474 1102 800 1171 αγγελικῶς,
831 1102 923 1154 καὶ
963 1100 1133 1162 οὕτως
1159 1098 1270 1171 [τσ.
1300 1098 1471 1171 οὗτοι]
1519 1117 1623 1153 που
1664 1099 1863 1169 μᾶλλον
1894 1102 2035 1153 κατά
2070 1118 2133 1169 γε
2159 1103 2256 1173 τὴν
2285 1100 2451 1158 οὖσαν
2477 1104 2535 1157 ιν
2561 1104 2638 1175 τῷ
2668 1104 2814 1174 νόμῳ
2853 1105 3027 1157 σκιάν.

549 1193 709 1249 Vsus.
748 1194 802 1248 4.
848 1192 914 1248 Et
946 1194 1045 1259 ipsi
1075 1193 1341 1262 elegerunt
1372 1194 1480 1246 vias
1509 1208 1654 1257 suas,
1677 1202 1725 1245 et
1767 1192 2039 1245 abomina-
2068 1227 2075 1237 .

478 1288 642 1341 tiones
682 1303 827 1348 suos,
859 1302 992 1355 quas
1022 1286 1196 1337 animo
1219 1301 1403 1337 eorum
1427 1284 1609 1337 voluit.
1660 1282 1721 1335 Et
1741 1300 1831 1351 ego
1854 1283 2040 1353 eligam

476 1380 703 1433 ludibria
724 1395 924 1440 eorum,
942 1389 990 1430 et
1020 1389 1229 1445 peream
1268 1393 1446 1428 eorum
1478 1378 1757 1428 retribuam
1782 1377 1877 1429 eis.
1904 1376 2041 1437 Quia

481 1472 660 1523 uocaui
709 1486 818 1535 eos,
858 1481 904 1523 et
954 1486 1054 1521 non
1100 1468 1418 1531 obedierunt,
1438 1477 1483 1521 et
1523 1480 1733 1537 egerunt
1767 1471 1963 1521 malum
1990 1472 2042 1522 in

477 1570 749 1631 conspectu
776 1578 907 1614 meo.
934 1560 1024 1623 Et,
1046 1574 1160 1627 qua
1184 1558 1451 1622 uolebam,
1474 1558 1755 1629 elegerunt.

548 1828 756 1883 Rursus
813 1827 1041 1883 adornat
1081 1825 1404 1895 apologiam,
1475 1842 1804 1897 causamque
1863 1839 2047 1897 aperte

479 1918 675 1983 reddit,
727 1934 825 1975 cur
870 1918 1190 1988 repudiatus
1253 1919 1413 1973 fuerit
1477 1918 1663 1985 lerael,
1708 1923 2047 1989 quantumvis

477 2012 865 2081 primogenitus
893 2012 1089 2074 dictus,
1105 2018 1161 2064 et
1186 2026 1302 2065 sors
1332 2012 1423 2064 Dei
1476 2021 1831 2081 nuncupatus.
1859 2034 1877 2065 ι
1922 2013 2043 2069 Ele-

475 2111 668 2173 gerunt
706 2103 872 2167 enim,
914 2102 1109 2170 inquit,
1155 2101 1271 2156 vias
1335 2118 1479 2165 suas,
1543 2111 1596 2157 et
1620 2104 2046 2159 abominationes

474 2208 629 2258 suas,
688 2208 823 2264 quas
889 2194 1065 2247 anima
1119 2193 1359 2263 ipsorum
1393 2194 1578 2249 voluit.
1637 2214 1657 2247 ι
1704 2196 1837 2251 Cum
1894 2196 2044 2259 dicit,

481 2305 508 2337 ι
538 2286 877 2356 Elegerunt,»
904 2287 1142 2341 declarat
1166 2300 1260 2341 eos
1281 2285 1491 2354 iudices
1510 2301 1629 2342 esse
1656 2303 1763 2342 non
1798 2298 1971 2344 rectos
1991 2290 2043 2343 in

478 2377 637 2433 rebus
666 2378 1007 2443 necessariis,
1044 2380 1135 2435 sed
1176 2380 1354 2451 potius
1393 2399 1412 2431 ι
1453 2380 1643 2435 Dicere
1669 2380 1866 2435 bonum
1938 2396 2046 2434 ma-

478 2469 606 2532 lum,
635 2478 689 2523 et
718 2478 925 2525 vertere
955 2470 1198 2525 tenebras
1221 2472 1276 2524 in
1306 2471 1503 2535 lucem,
1533 2478 1586 2524 et
1605 2471 1775 2525 lucem
1817 2470 1868 2525 in
1896 2480 2046 2524 tene-

476 2560 622 2626 bras,
649 2574 890 2614 amarum
914 2560 966 2615 in
990 2559 1163 2625 dulce,
1178 2569 1235 2617 et
1248 2562 1400 2615 dulce
1429 2561 1480 2616 in
1503 2575 1745 2615 amarum
1766 2561 1834 2614 ⁸⁵.
1864 2580 1883 2613 ι
1911 2562 2043 2616 Cum

474 2651 621 2704 enim
648 2649 889 2706 licuisset
928 2651 1058 2720 ipsis
1083 2666 1178 2719 per
1203 2651 1419 2706 oracula
1437 2652 1745 2719 evangelica
1771 2652 1837 2707 ad
1858 2667 2045 2707 omnes

475 2744 699 2795 virtutes
728 2741 1166 2809 praeclarissimas
1223 2744 1438 2808 adduci,
1486 2759 1717 2813 cumque
1770 2758 1934 2812 penes
1966 2744 2046 2812 ip-

474 2846 563 2886 sos
580 2840 724 2887 esset
754 2833 882 2887 vitia
929 2833 1252 2901 relinquere,
1289 2834 1537 2903 amplecti
1592 2834 1836 2904 quodest
1875 2835 2040 2889 utile:

477 2922 585 2991 illi,
612 2923 805 2992 inquit,
825 2923 1107 2978 voluerunt
1131 2924 1246 2978 vias
1279 2940 1425 2989 suas,
1453 2941 1478 2977 a
1507 2926 1622 2994 lege
1666 2925 1893 2989 alienas,
1925 2940 2043 2993 qum

2210 1197 2318 1251 Καὶ
2342 1192 2508 1252 οὗτοι
2546 1195 2901 1260 ἐξελέξαντο
2929 1193 3034 1259 τὰς
3062 1193 3243 1258 ὀδοὺς
3262 1189 3479 1249 αὐτῶν,
3504 1186 3601 1241 καὶ
3634 1187 3708 1238 τὰ

2142 1288 2527 1356 βδελύγμιιτα
2569 1284 2786 1348 αὐτῶν,
2832 1283 2870 1338 ἆ
2902 1284 2940 1350 ἡ
2976 1281 3146 1351 ψυχὴ
3190 1279 3385 1335 αὐτῶν
3418 1277 3704 1345 ἠθέλησε.

2150 1378 2319 1447 Κάγὼ
2348 1379 2662 1443 ἐκλέξομαι
2704 1378 2775 1430 τὰ
2804 1377 3174 1445 ἐμπαίγματα
3211 1370 3429 1433 αὐτῶν,
3468 1369 3563 1422 καὶ
3596 1370 3704 1428 τὰς

2148 1467 2433 1534 ἁμαρτίας
2455 1467 2650 1520 αὐτῶν
2668 1464 3068 1519 ἀνταποδώσω
3096 1461 3319 1527 αὐτοῖς,
3334 1461 3421 1515 ὅτι
3442 1457 3707 1513 ἐκάλεσα

2146 1559 2385 1622 αὐτοὺς,
2429 1558 2525 1611 καὶ
2577 1560 2690 1626 οὐχ
2734 1556 3116 1625 ὑπήκουσαν,
3160 1554 3259 1609 καὶ
3301 1553 3595 1617 ἐποίησαν
3636 1549 3706 1602 τὸ

2146 1649 2410 1715 πονηρὸν
2449 1649 2723 1702 ἐναντίον
2755 1665 2893 1718 μου.
2938 1650 3047 1704 Καὶ
3094 1647 3135 1703 d
3183 1652 3296 1703 οὐκ
3332 1646 3715 1716 ἠϐουλόμην..

2074 1703 2116 1758 Β
2146 1703 2469 1806 ὲξελὲξαντ

2230 1834 2595 1901 Ἀπολογεῖται
2644 1834 2827 1898 πάλιν,
2862 1834 2968 1903 ικαὶ
3014 1833 3226 1906 ἐμφανῆ
3270 1812 3557 1901 καθίστησι
3604 1831 3717 1899 τὴν

2146 1926 2341 1989 αἰτίαν,
2390 1928 2475 1994 ἐφ’
2581 1927 2677 1980 καὶ
2722 1927 3081 1997 ἀπόπεμπτος
3125 1926 3345 1994 γέγονεν
3387 1927 3415 1977 ό
3470 1922 3702 1993 Ἰσραὴλ,

2146 2014 2320 2068 καίτοι
2363 2016 2702 2084 πρωτότοκος
2749 2016 3153 2085 ὠνομασμένος,
3197 2016 3291 2068 καὶ
3335 2014 3532 2085 κλῆρος
3567 2012 3703 2066 Θεοῦ

2146 2108 2510 2177 χρηματίσας.
2542 2126 2560 2158 ι
2606 2106 2960 2171 Ἐπελέξαντο
3014 2107 3142 2177 γάρ,
3194 2105 3377 2176 φησὶν,
3421 2104 3569 2157 αὐτοὶ
3598 2103 3699 2165 τὰς

2145 2200 2297 2262 ὁδοὺς
2332 2198 2528 2264 αὐτῶν,
2571 2198 2667 2252 καὶ
2689 2199 2757 2252 τά
2793 2199 3135 2268 βδελυγματα
3180 2199 3377 2261 αὐτῶν,
3419 2197 3455 2251 ἃ
3496 2198 3527 2266 ἡ
3561 2195 3705 2264 εἶπακῆ

2145 2291 2321 2347 αὐτῶν
2360 2291 2619 2363 ἠθέλησε’
2659 2311 2676 2343 ι
2709 2291 2770 2344 τὸ
2788 2292 2865 2355 δὲ,
2890 2311 2907 2343 ι
2931 2289 3309 2356 Ἐπελέξαντο,,
3334 2309 3352 2340 ι
3386 2290 3575 2356 λέγων,
3605 2288 3707 2340 οὐκ

2144 2381 2318 2452 ὀρθῶς
2350 2382 2597 2452 ἀπέφηνε
2632 2382 2893 2445 δικαστάς
2921 2384 2978 2435 ἐν
3009 2381 3329 2448 ἀναγκαίοις
3361 2379 3702 2450 πράγμασιν,

2151 2492 2168 2524 ι
2202 2473 2467 2536 Εἱπόντας
2494 2474 2550 2526 δὲ
2582 2473 2781 2543 μᾶλλον
2810 2474 2902 2526 καὶ⁵
2930 2473 2990 2525 τὸ
3020 2473 3180 2526 καλὸν
3216 2472 3468 2541 πονηρὸν,
3494 2472 3586 2523 καὶ
3611 2468 3705 2522 θε-

2148 2563 2339 2633 μένους
2363 2563 2427 2616 τὸ
2456 2564 2647 2626 σκότος
2670 2566 2749 2626 είς
2781 2564 2913 2631 φῶς,
2944 2564 3039 2617 καὶ
3070 2563 3130 2615 τὸ
3158 2562 3272 2629 φῶς
3294 2560 3499 2623 σκότος,
3524 2559 3616 2611 καὶ
3645 2559 3707 2611 τὸ

2147 2654 2342 2724 πικρὸν
2385 2653 2578 2722 γλυκὺ,
2633 2653 2726 2707 καὶ
2770 2653 2831 2705 τὸ
2877 2652 3044 2721 γλυκὺ
3085 2652 3299 2721 πικρόν,
3338 2669 3358 2701 ι
3413 2649 3559 2713 Ἐξὸν
3596 2649 3719 2717 γάρη

2143 2746 2325 2806 αὐτοῖς
2356 2745 2443 2797 διά
2472 2745 2577 2796 τῶν
2614 2743 2978 2811 εὐαγγελικῶν
3013 2743 3393 2813 θεσπισμάτων
3422 2742 3556 2812 πρὸς
3597 2743 3705 2792 πᾶν

2144 2837 2320 2890 ὁτιοῦν
2352 2836 2721 2907 ἀποφέρεσθαι
2770 2836 2876 2889 τῶν
2902 2837 3138 2905 ἀρίστων
3182 2832 3703 2904 ἀνδραγαθημάτων,

2146 2929 2238 2982 καὶ
2265 2929 2629 2999 προκειμένης
2660 2928 2841 2990 αὐτοῖς
2870 2928 3119 2993 ἐξουσίας
3152 2928 3452 2996 ἀποστῆναι
3477 2924 3575 2993 μὲν
3596 2924 3717 2975 τῶν

477 3014 528 3065 in
559 3023 672 3070 rete
696 3015 886 3069 mortis
915 3024 968 3069 et
987 3015 1037 3068 in
1068 3016 1387 3083 profundum
1415 3016 1608 3070 inferni
1639 3030 1732 3070 eos
1753 3016 2040 3069 adducant.

2145 3022 2243 3091 τῆς
2286 3020 2617 3089 φαυλότητος
2658 3020 2896 3090 τρόπων,
2949 3018 3264 3072 ἀνθελέσθαι
3292 3018 3347 3071 δὲ
3374 3018 3432 3069 τὸ
3464 3014 3704 3084 πεφυκὸς

475 3105 711 3159 Revocat
764 3115 942 3159 autem
979 3106 1085 3160 illis
1133 3107 1184 3160 in
1224 3108 1535 3160 memoriam
1586 3108 1809 3175 pristina
1857 3120 2041 3161 eorum

472 3207 709 3267 peccata.
742 3197 981 3253 Fuerunt
1010 3200 1150 3252 enim
1173 3199 1298 3253 olim
1328 3200 1624 3253 idololatria
1669 3210 1724 3255 et
1771 3200 2045 3254 abomina-

475 3289 678 3358 tionum
735 3289 988 3345 cultores.
1046 3309 1066 3342 ι
1113 3290 1247 3357 Quia
1334 3292 1496 3359 igitur
1548 3292 1725 3347 vocati
1771 3302 1916 3355 sunt,
1961 3292 2043 3345 in-

473 3382 608 3452 quit,
660 3390 714 3435 et
763 3398 866 3437 non
926 3382 1265 3445 audiverunt,
1320 3384 1533 3455 )909
1580 3398 1749 3453 neque
1800 3383 2046 3437 attende-

473 3483 599 3528 runt
631 3474 808 3528 verbis
843 3474 946 3528 illis
978 3490 1096 3542 qua:
1119 3477 1182 3527 ad
1215 3475 1356 3541 ipsos
1382 3475 1479 3529 feci
1501 3493 1514 3539 ;
1540 3475 1840 3529 dixienitn:
1877 3492 1895 3524 ι
1933 3474 2043 3543 Ego

471 3582 589 3620 sum
616 3565 704 3620 lux
738 3567 941 3633 mundi,
977 3576 1029 3621 et
1059 3568 1148 3634 qui
1192 3568 1364 3622 credit
1389 3568 1439 3619 in
1463 3582 1568 3632 me,
1617 3567 1828 3621 etiamsi
1853 3568 2045 3620 moria-

472 3667 581 3720 tur,
603 3659 743 3711 vivet
774 3657 850 3721 ⁸⁶;
909 3677 929 3710 ι
968 3673 1031 3712 ac
1055 3660 1247 3712 iterum
1281 3674 1294 3710 :
1328 3677 1346 3708 ι
1386 3658 1577 3712 Venite
1602 3659 1666 3710 ad
1709 3673 1814 3721 me,
1845 3672 2032 3711 omnes

471 3750 562 3818 qui
587 3749 840 3804 laboratis
871 3760 924 3805 et
950 3752 1157 3805 onerati
1180 3750 1330 3813 estis,
1352 3760 1403 3802 et
1425 3765 1522 3819 ego
1553 3750 1788 3804 reficiam
1810 3766 1903 3803 vos
1919 3750 1985 3801 δτι
2018 3768 2035 3799 ι

472 3842 598 3894 hinc
626 3840 790 3896 feram
830 3844 882 3895 in
918 3842 1036 3897 illos
1070 3843 1211 3897 hanc
1238 3851 1485 3897 sanctam
1505 3844 1847 3905 sententiam,
1867 3851 1921 3896 et
1942 3857 2040 3911 ego

470 3933 673 4002 eligam.
696 3934 923 3989 ludibria
952 3950 1159 3998 eorum,
1185 3935 1235 3988 id
1266 3944 1367 3997 est,
1400 3934 1489 4002 qui
1545 3934 1840 3999 ludiﬁcem,
1888 3949 1953 3989 ac
1986 3935 2040 3988 in

473 4024 621 4090 ipsos
652 4024 1066 4079 debacchentur.
1120 4023 1373 4093 Designat
1406 4033 1583 4076 autem
1614 4038 1705 4077 eos
1732 4026 1821 4093 qui
1863 4033 2040 4077 vasta-

473 4123 600 4164 runt
633 4110 873 4166 Judaam
906 4121 957 4164 et
1003 4120 1412 4166 concremarunt
1470 4122 1708 4165 sanctam
1766 4112 2037 4181 quondam

472 4210 526 4255 et
552 4201 818 4255 celebrem
850 4202 1144 4267 civitatem,
1195 4216 1388 4271 nempe
1434 4200 1797 4255 Romanorum
1846 4203 2033 4257 duces.

479 4308 500 4343 ι
534 4291 849 4346 Retribuam
906 4294 1072 4358 enim,
1120 4292 1310 4359 inquit,
1369 4291 1475 4346 illis
1528 4305 1745 4359 peccata
1778 4308 1873 4348 sua
1901 4294 1967 4347 ⁸⁸.
2013 4313 2031 4343 ι

470 4384 605 4439 Nam
648 4400 766 4454 quae
789 4399 893 4455 ego.
910 4386 1005 4438 odi
1036 4395 1088 4439 et
1121 4386 1285 4450 nolui,
1316 4385 1413 4453 ipsi
1450 4386 1743 4453 elegerunt.

2145 3109 2399 3177 ὠφελείνο
2431 3109 2607 3169 αὐτοὶ,
2665 3110 2851 3179 φησιν,
2883 3108 3155 3179 ἠθέλησαν
3187 3108 3286 3170 τὰς
3331 3106 3481 3168 ὀδοὺς
3528 3104 3704 3157 αὐτῶν

2144 3201 2241 3263 τὰς
2269 3200 2373 3264 ἔξω
2408 3200 2585 3271 νόμων
2612 3200 2720 3253 τῶν
2750 3201 2929 3271 ἱερῶν,
2958 3205 3057 3263 τὰς
3085 3200 3317 3267 παγίδας
3344 3198 3591 3259 θανάτου,
3612 3197 3705 3250 καὶ

2144 3295 2222 3357 είς
2254 3295 2523 3364 πέταυρον
2553 3294 2679 3365 ᾅδου
2715 3292 3190 3363 κατακομιζούσας
3220 3291 3412 3354 αὐτούς
3432 3306 3445 3319 ’
3485 3288 3704 3343 ἀναϐαί-

2145 3401 2224 3435 νει
2256 3382 2311 3436 δὲ
2338 3383 2434 3436 τιιιιιλ⁵
2465 3385 2545 3446 είς
2575 3372 2877 3454 ἀνάμνησιν
2920 3382 3277 3453 ἀρχαιοτέρας
3318 3381 3498 3443 αὐτοῖς
3526 3381 3703 3449 ἁμαρ-

2142 3473 2263 3537 τίας
2283 3489 2295 3505 ν
2327 3472 2580 3541 γεγόνασι
2603 3473 2711 3543 γάρ
2740 3474 2878 3526 κατὰ
2905 3474 3147 3542 καιροὺς,
3177 3471 3272 3523 καὶ
3299 3469 3700 3537 εἰδωλολάτραι.

2146 3565 2241 3618 καὶ
2284 3563 2669 3634 βδελυγμάτων
2746 3563 3136 3634 προσκυνηταί.
3185 3582 3203 3614 ι
3248 3561 3461 3631 Ἐπειδὴ
3528 3560 3713 3612 τοίνυν

2145 3655 2465 3725 κέκληνται,
2512 3656 2673 3725 φησὶ,
2716 3656 2809 3708 καὶ
2857 3655 2955 3724 οὐχ
2999 3656 3342 3725 ὑπήκουσαν,
3376 3672 3394 3703 ι
3432 3650 3555 3705 οὔτε
3596 3650 3704 3721 μὴν

2144 3748 2602 3818 προσεσχήκασιν,
2632 3741 2714 3810 οἷς
2747 3747 2882 3816 πρὸς
2912 3748 3109 3809 αὐτοὺς
3159 3745 3456 3815 πεποίημαι
3489 3744 3701 3811 λόγους.

2148 3838 2481 3908 Ἔφηνγάρ,
2517 3839 2599 3891 ὅτι
2654 3837 2849 3906 «Ἐγώ.
2898 3840 3014 3906 εἰμι
3067 3839 3126 3889 τὸ
3166 3836 3280 3905 φῶς
3328 3836 3420 3888 τοῦ
3475 3834 3702 3904 κόσμου,

2144 3932 2236 3983 καὶ
2280 3932 2307 3983 ὁ
2354 3930 2625 3984 πιστεύων
2672 3932 2752 3994 είς
2800 3929 2925 3999 ἐμὲ,
2969 3929 3072 3983 κᾶν
3106 3929 3349 4000 ἀποθάνῃ
3381 3927 3637 3998 ζήσεται·
3680 3944 3707 3979 »η

2140 4022 2237 4074 καὶ
2276 4020 2466 4074 πάλιν*
2500 4039 2519 4072 ι
2556 4019 2716 4073 Δεῦτε
2748 4021 2883 4091 πρός
2934 4038 3023 4090 με,
3074 4020 3272 4082 πάντες
3314 4021 3362 4071 οἱ
3407 4016 3703 4076 κοπιῶντες

2142 4114 2235 4166 καὶ
2266 4112 2711 4183 πεφορτισμένοι,
2744 4110 2898 4180 κάγὼ
2932 4111 3230 4165 ἀναπαύσω
3255 4112 3417 4181 ὑμᾶς.
3459 4130 3477 4161 ι
3518 4108 3715 4179 Ταύτῃ.

2139 4208 2204 4273 τῇ
2239 4204 2405 4274 ψήφῳ
2446 4202 2632 4256 λοιπὸν
2674 4203 3013 4273 κεχρήσομαι
3056 4205 3120 4273 τῇ
3168 4202 3287 4256 κατ’
3336 4200 3511 4253 αὐτῶν
3560 4200 3702 4267 ὁσία,

2142 4294 2295 4362 κάγὼ
2324 4293 2612 4363 ἐκλὲξομαι
2663 4293 2731 4346 τὰ
2787 4294 3147 4363 ὲμπαὶγματα
3194 4293 3393 4356 αὐτῶν,
3435 4293 3701 4352 τουτέστι,

2075 4381 2114 4433 D
2144 4387 2270 4449 τοὺς
2319 4385 2720 4456 ἐμπαίζοντας,
2768 4386 2934 4455 ῆγουν
2985 4384 3449 4455 ὲμπαροινοῠντας
3498 4382 3701 4443 αὐτοῖς.

469 4480 631 4551 Δηλοῖ
670 4479 725 4533 δὲ
771 4480 987 4540 πάντως
1018 4478 1145 4541 τοὺς
1177 4479 1590 4549 πεπορθηκότας
1649 4480 1747 4548 τὴν
1788 4479 2065 4541 Ἰουδαίαν,
2109 4480 2204 4532 καὶ
2266 4480 2767 4550 κατεμπρήσαντας
2801 4478 2901 4549 τὴν
2941 4477 3104 4546 ἁγίαν
3135 4478 3277 4539 ποτὲ,
3304 4477 3396 4529 καὶ
3422 4474 3701 4544 διαϐόητον

473 4571 661 4624 πόλιν·
709 4570 866 4641 δῆλον
917 4570 973 4622 δὲ
1026 4570 1109 4622 ὃτι
1162 4570 1289 4633 τοὺς
1335 4570 1621 4639 Ῥωμαίων
1675 4568 2031 4640 στρατηγούς.
2077 4588 2093 4618 ι
2143 4568 2537 4623 Ἀνταποδὼσω
2607 4568 2716 4639 γάρ
2775 4568 2991 4631 αὐτοῖς,
3048 4568 3219 4637 φησὶ,
3269 4566 3366 4628 τάς
3430 4564 3702 4635 ἁμαρτίας

468 4664 669 4718 αὐτῶν.
705 4683 723 4714 ι
768 4666 834 4716 Ἀ
880 4663 989 4733 γὰρ
1046 4663 1324 4734 μεμίσηκά
1351 4705 1367 4728 ,
1421 4664 1516 4717 καὶ
1557 4665 1657 4717 οὐκ
1703 4663 2031 4733 ἠϐουλόμην,
2076 4661 2406 4729 ἐξελέξαντο.

548 4755 705 4809 Vsus.
731 4756 784 4809 5.
808 4756 997 4808 Audite
1023 4757 1227 4809 verbum
1270 4755 1479 4807 Domini
1508 4758 1595 4822 qui
1644 4755 1866 4808 tremitis
1929 4771 2039 4807 ser—

467 4864 672 4903 monem
728 4847 884 4915 ejus;
939 4847 1116 4910 dicite,
1152 4847 1344 4915 fratres
1376 4848 1537 4900 nostri
1586 4846 1652 4898 iis
1700 4847 1787 4914 qui
1822 4848 2040 4898 oderunt

468 4950 638 5003 vos,et
672 4939 1061 5002 abominantur,
1092 4950 1146 4991 ut
1200 4955 1383 4992 nomen
1447 4938 1657 4990 Domini
1698 4938 2037 5008 glori/iretur,

466 5042 514 5084 ct
568 5039 820 5099 appareat
865 5030 921 5083 in
968 5030 1152 5084 latitia
1210 5045 1419 5091 eorum,
1477 5037 1531 5082 et.
1564 5029 1652 5087 illi,
1718 5028 2038 5096 confunden-

466 5131 572 5173 tur.

538 5208 816 5265 Transfert
839 5210 1232 5265 orationenrad
1250 5224 1463 5265 omnem
1494 5209 1768 5273 humilem,
1806 5220 1861 5264 et
1893 5210 2042 5277 quie-

471 5311 605 5366 tum,
638 5317 703 5356 ac
734 5312 1049 5357 trementem
1074 5317 1353 5357 sermones
1376 5302 1491 5371 ejus
1523 5319 1536 5355 :
1572 5318 1798 5371 quorum
1817 5302 2033 5369 quidem

470 5393 720 5461 primitiae
771 5404 826 5447 et
872 5393 1030 5462 primi
1076 5391 1324 5454 fuerunt,
1368 5402 1423 5446 et
1467 5394 1764 5447 secretione
1801 5394 2029 5459 quadam

470 5484 679 5551 selecti,
704 5484 867 5539 divini
904 5485 1170 5554 discipuli.
1200 5483 1540 5538 Protrahitur
1571 5493 1747 5538 autem
1781 5483 1861 5537 vis
1894 5498 2031 5551 prte-

470 5575 610 5643 cepti
634 5577 701 5629 ad
720 5589 908 5629 omnes
932 5574 1023 5644 qui
1052 5574 1305 5643 deinceps
1330 5573 1698 5645 praeﬁciuntur.
1718 5572 2045 5645 p0pulo,qui

2227 4754 2549 4809 Ἀκούσατε
2587 4754 2652 4807 τὸ
2678 4753 2842 4823 ῥῆμα
2866 4753 3105 4820 Κυρίου,
3149 4754 3202 4805 οἱ
3249 4749 3558 4817 τρέμοντες
3596 4747 3701 4798 τόν

2144 4847 2331 4910 λόγον
2366 4845 2587 4899 αὐτοῦ·
2633 4845 2869 4909 εἴπατε,
2916 4844 3163 4912 ἀδελφοὶ
3209 4841 3406 4911 ἡμῶν,
3448 4840 3570 4903 τοῖς
3608 4858 3700 4907 μι-

2146 4936 2373 4990 σοῦσιν
2396 4935 2551 5005 ὑμᾶς
2586 4936 2685 4989 καὶ
2710 4932 3253 5002 βδελυσσομένοις,
3290 4932 3391 4984 ἵνα
3426 4930 3489 4983 τὸ
3513 4929 3697 4996 ὄνομα

2147 5026 2363 5095 Κυρίου
2413 5026 2682 5095 δοξασθῇ
2732 5026 2832 5080 καὶ
2886 5023 3043 5094 ὀφθῇ
3102 5025 3172 5077 ἐν
3229 5023 3301 5091 τῇ
3359 5022 3700 5090 εὐφροσύνῃ

2144 5116 2328 5185 ὑμῶν,
2355 5117 2617 5171 κάκεῖνοι
2650 5116 3187 5185 αἰσχυνθήσονται.

2215 5208 2513 5277 Μεθίστησι
2544 5210 2669 5271 τοὺς
2708 5208 2898 5275 λόγους
2939 5209 3029 5260 ἐπὶ
3077 5208 3251 5260 πάντα
3302 5204 3550 5257 ταπεινὸν
3610 5203 3702 5253 καὶ

2147 5298 2390 5369 ἡσύχιον,
2424 5301 2518 5352 καὶ
2540 5298 2810 5369 τρέμοντα
2831 5300 2955 5362 τοὺς
2983 5299 3169 5366 λόγους
3200 5296 3387 5358 αὑτοῦ,
3425 5289 3497 5349 ὧν
3520 5294 3580 5363 δὴ
3608 5292 3702 5344 καὶ

2142 5389 2425 5457 γεγόνασιν
2453 5390 2698 5461 ἀπαρχὴ,
2737 5391 2830 5445 καὶ
2860 5407 3083 5461 πρωτοι,
3116 5390 3209 5442 καὶ
3236 5385 3537 5456 ἁπολέγδην
3570 5383 3705 5447 ἔξει-

2142 5480 2391 5551 λεγμὲνοι
2430 5482 2478 5533 οἱ
2505 5479 2781 5534 θεσπέσιοι
2814 5480 3067 5551 μαθηταί.
3112 5478 3306 5549 Τρέχει
3346 5477 3401 5530 δὲ
3429 5476 3525 5545 τῆς
3557 5476 3705 5525 ἐντο-

2140 5572 2238 5641 λῆς
2282 5573 2315 5641 ἡ
2351 5570 2578 5640 δύναμις
2628 5573 2720 5627 καὶ
2765 5573 2858 5625 Emi.
2892 5572 3093 5634 πάντας
3144 5567 3339 5639 ἑφεξῆς
3385 5568 3509 5631 τοὺς
3559 5564 3718 5619 λαῶν.

544 5748 589 5782 ⁸⁸
614 5749 720 5805 lsa.
744 5768 796 5821 ν,
824 5752 915 5808 ΞΟ.
990 5750 1035 5784 ⁸⁸
1061 5751 1215 5809 Joan.
1252 5767 1328 5819 χι,
1358 5750 1447 5807 26.
1523 5752 1567 5785 ⁸⁷
1599 5751 1786 5808 Matth.
1824 5766 1897 5819 χι,
1927 5750 2025 5807 ίὶὸι

2172 5746 2330 5803 Prov.
2357 5762 2455 5813 xu,
2493 5747 2567 5808 Η.
