4054 6376
316 346 447 402 4655

1367 338 1431 393 ibi
1474 339 1704 394 ISAIA.“
1743 337 1870 393 LIB.
1909 340 1968 395 V.
2007 340 2243 396 TOMUS
2278 342 2364 396 Vl.

3428 342 3564 397 1454

314 460 668 535 ἡγουμένους,
732 456 781 509 οἳ
840 456 1005 527 ψήφῳ
1058 454 1179 525 θείᾳ.
1242 455 1713 526 κεχειροτόνηνται
1772 454 1881 507 τῶν

2011 456 2166 511 livino
2203 456 2409 511 calculo
2470 456 2780 526 deliguntur
2831 468 3145 513 sanctarum
3192 458 3558 513 Ecclesiarnm

313 554 482 623 ἁγίων
542 548 914 620 Ἐκκλησιῶν,
974 546 1069 600 καλ⁸
1119 546 1228 599 τῶν
1300 547 1457 617 ἱερῶν
1516 548 1885 618 κηρυγμάτων

320 643 606 718 ίερουργοί.
652 641 874 705 Τούτοις
922 640 1203 693 ἐπιτάττει
1243 639 1438 706 λέγων’
1475 657 1492 690 ι
1528 641 1735 694 Εἴπατε
1775 642 1888 703 τοῖς

320 736 565 807 μισοῦσιν
592 735 736 805 ὑμᾶς
759 732 854 786 καὶ
889 732 1353 802 βδελυσσομένοις·
1376 731 1628 799 Ἀδελφοὶ
1654 730 1831 801 ἡμῶν.
1862 750 1880 781 ›

321 830 389 882 Ἢ
432 829 539 901 γὰρ
573 826 783 899 πράους
832 826 1027 887 αὐτοὺς
1097 822 1340 892 βούλεται
1388 826 1483 876 καὶ
1533 822 1889 887 ἀνεξικάκως

318 916 478 978 εἶναι.
506 920 647 973 κατά
678 935 741 986 γε
772 916 871 980 τὰς
904 914 1269 983 εὐαγγελικάς
1309 914 1651 985 παραδόσεις,
1683 913 1777 966 καὶ
1804 913 1891 966 διὰ

318 1012 411 1083 τῆς
436 1012 514 1075 είς
544 1010 696 1079 λῆξιν
722 1007 1104 1081 μακροθυμίας
1138 1006 1456 1075 σαγηνεύειν
1479 1009 1558 1069 εἰς
1585 1005 1891 1074 οἰκειότητα

320 1103 713 1174 πνευματικὴν,
738 1102 864 1165 τοὺς
889 1101 1270 1163 ἀνανεύοντας,
1302 1099 1394 1152 καὶ
1418 1098 1892 1169 παραιτουμένους

319 1196 415 1263 τὴν
449 1194 585 1264 πρὸς
611 1193 808 1255 αὐτοὺς
847 1191 1133 1245 κοινωνίαν
1155 1208 1167 1221 ’
1210 1192 1378 1261 ῆγουν
1406 1189 1582 1242 ἐκεῖνό
1612 1206 1715 1241 που
1756 1189 1893 1257 τάχα

319 1284 702 1348 διακελεύεται,
730 1284 789 1338 τὸ
813 1283 1068 1355 κηρύξαι,
1104 1300 1176 1353 φη
1187 1283 1270 1353 μὶ,
1298 1284 1411 1345 τοῖς
1439 1280 1638 1345 ἔθνεσι,
1661 1280 1755 1333 και¹
1796 1297 1895 1332 κα-

320 1376 469 1429 λέσαι
497 1375 633 1444 πρὸς
667 1373 997 1441 θεογνωσίαν
1024 1373 1123 1443 τὴν
1158 1371 1355 1442 ἀληθῆ,
1386 1371 1512 1434 τοὺς
1537 1369 1785 1438 πεπλανη
1797 1367 1895 1437 μέ-

322 1484 478 1531 νους,
518 1466 612 1519 καὶ
641 1464 747 1528 τῶν
793 1463 1121 1534 ἀκαθάρτων
1154 1461 1478 1531 πνευμάτων
1513 1457 1896 1529 προσκυνητάς

332 1555 649 1621 Ἰουδαίους,
696 1557 779 1610 ὅτι
827 1555 901 1626 μὴ
950 1554 1070 1609 κατ’
1108 1555 1314 1616 ἀὐτοὺς
1353 1552 1597 1621 ἐδέχοντο
1644 1550 1741 1620 τὴν
1791 1566 1892 1601 πο-

320 1650 559 1713 λυθεΐαν,
609 1647 706 1702 ἕνα
757 1648 813 1701 δὲ
864 1647 958 1700 καλ¹
1028 1645 1186 1715 φύσει
1224 1645 1319 1699 καὶ
1380 1644 1540 1714 μόνον
1585 1642 1899 1712 ὡμολόγουν

321 1738 472 1792 Θεόν·
506 1739 620 1793 ἀλλ’
655 1741 703 1791 εί
731 1739 824 1792 καὶ
864 1739 1246 1808 «Μεμισήκασι
1267 1735 1471 1807 ,φησὶν,
1505 1736 1673 1804 ὑμᾶς,
1714 1733 1900 1803 βδελυ-

327 1831 452 1900 ροὺς
500 1826 639 1884 εἶναι
698 1828 1198 1900 καταλογιζόμενοι,
1260 1826 1627 1899 προτεινέσθω
1672 1827 1767 1879 καὶ
1806 1824 1899 1878 οῦ-

322 1939 430 1985 τως
459 1923 644 1986 αὐτοῖς
676 1923 704 1975 ὁ
731 1923 861 1992 παρ’
894 1922 1047 1991 ὑμῶν
1088 1921 1262 1989 λόγος,
1312 1919 1407 1973 καὶ
1452 1920 1510 1971 ἐν
1546 1918 1697 1982 τάξει
1731 1934 1900 1971 κατα-

324 2013 725 2084 λογιζέσθωσαν
755 2014 1019 2082 ἀδελφῶν,
1074 2014 1161 2067 ἵνα
1198 2012 1259 2065 τὸ
1295 2013 1465 2081 ὄνομα
1495 2011 1702 2081 Κυρίου
1744 2010 1901 2075 δοξα-

327 2102 448 2173 σθῇ.
486 2122 504 2154 ι
538 2103 941 2173 Σεσαγήνευται
990 2102 1099 2174 γὰρ
1138 2100 1247 2155 τῶν
1278 2101 1445 2156 ἐθνῶν
1490 2103 1523 2172 ἡ
1571 2100 1778 2173 «mea;
1824 2100 1903 2165 εἰς

325 2193 478 2259 δόξαν
508 2194 744 2265 Χριστοῦ
770 2236 784 2261 ,
822 2195 917 2249 καὶ
966 2194 1187 2263 γέγονεν
1228 2194 1478 2264 ἐμφανὴς
1514 2196 1570 2246 ἐν
1601 2196 1666 2264 τῇ
1708 2194 1905 2264 εὐφρο-

329 2282 717 2355 σύνῃοαύτῶνο
768 2270 1208 2357 εὐφραινομένων
1235 2284 1343 2355 γάρ
1372 2284 1479 2337 τῶν
1512 2284 1679 2338 ἐθνῶν
1719 2284 1812 2338 ἐπὶ
1836 2287 1903 2355 τῇ

327 2374 459 2446 παρ’
490 2373 656 2428 αὐτοῦ
702 2376 884 2447 χάριτι
918 2377 1013 2430 καὶ
1058 2375 1336 2446 σωτηρίᾳ,
1370 2374 1819 2446 κατῃσχύνθησαν
1856 2377 1906 2429 οἱ

328 2465 389 2530 ἐξ
447 2466 663 2538 Ἰσραὴλ
717 2468 790 2531 ὡς
849 2468 1168 2538 ἀπόϐλητοι,
1216 2468 1311 2521 καὶ
1362 2468 1750 2539 μεμισημένοι,
1812 2470 1907 2522 καὶ

329 2558 585 2632 ἀμέτοχοι
619 2560 896 2623 παντελῶς
934 2560 1035 2629 τῆς
1073 2560 1181 2614 τῶν
1209 2561 1381 2629 ἁγίων
1416 2560 1652 2624 ἐλπίδος,
1673 2562 1771 2614 καὶ
1799 2562 1909 2615 τῶν

330 2655 463 2725 παρ’
488 2651 654 2707 αὑτοῦ
681 2652 886 2724 δεδωρη
897 2651 1072 2721 μένων
1098 2654 1210 2715 τοῖς
1241 2650 1585 2704 πιστεύουσιν
1612 2655 1690 2716 είς
1722 2652 1906 2706 αὐτόν·

331 2745 532 2798 ειδέναι
567 2744 976 2813 δὲλιναγκαῐον,
1023 2743 1104 2795 ὃτι
1150 2742 1382 2813 νομικὴν
1414 2742 1636 2796 λέλυκεν
1666 2743 1906 2814 ἐντολὴν,

331 2836 593 2906 ἀδελφοὺς
620 2836 911 2907 ὀνομάζειν
944 2833 1208 2897 κελεύσας
1232 2836 1360 2898 τοὺς
1387 2834 1449 2898 ἐξ
1484 2834 1678 2887 ὲονῶν.
1724 2833 1909 2888 Ἀπεί-

334 2944 468 3002 ρητο
498 2927 607 2999 γάρ
632 2931 744 2991 τοῖς
772 2927 830 2993 ἐξ
872 2927 1090 2999 Ἰσραὴλ
1115 2926 1174 2979 τὸ
1204 2925 1705 2979 συναναπλέκεσθαι
1734 2927 1910 2997 φιλεῖν

330 3023 445 3083 τοῖς
471 3020 928 3091 πεπλανημένοις.
966 3040 984 3071 ι
1017 3020 1093 3073 Οὐ
1124 3020 1231 3090 γὰρ
1256 3018 1513 3090 λαλήσεις
1546 3021 1729 3085 αὐτοῖς
1756 3021 1911 3091 εἰρη-

338 3112 465 3169 νικά
496 3132 515 3164 ι
553 3112 715 3183 φησὶν
757 3114 784 3165 ό
810 3112 897 3165 διὰ
948 3111 1192 3174 Μωσέως
1237 3112 1433 3181 νόμος,
1469 3130 1488 3163 ι
1523 3111 1642 3164 οὐδὲ
1679 3111 1753 3182 μὴ
1790 3112 1911 3163 ἐπι-

335 3203 707 3275 γαμϐρεύσεις
730 3204 938 3266 αὐτοῖς·
971 3202 1069 3273 τὴν
1100 3202 1375 3272 θυγατέρα
1407 3220 1498 3255 σου
1529 3203 1589 3255 οὑ
1616 3201 1809 3264 δώσεις
1832 3200 1911 3271 τῷ

338 3295 441 3367 υἱῷ
486 3295 673 3362 αὐτοῦ,
721 3295 840 3348 οὐδὲ
869 3294 966 3364 τὴν
994 3294 1269 3364 θυγατέρα
1317 3292 1483 3347 αὑτοῦ
1517 3293 1661 3365 λήψῃ
1696 3291 1774 3362 τῷ
1811 3291 1913 3362 υἱῷ

339 3405 458 3441 σουο
486 3388 596 3458 λῖνα
630 3386 704 3459 μὴ
735 3388 1022 3458 ἀποστήσῃ
1050 3385 1141 3438 τὸν
1193 3386 1307 3438 υίόν
1366 3402 1459 3438 σου
1495 3386 1588 3437 ἀπ’
1619 3384 1774 3455 ἐμοῦ,
1821 3385 1917 3438 καὶ

339 3481 625 3554 πορευθεὶς
656 3480 926 3553 λατρεύσῃ
963 3479 1105 3541 θεοῖς
1127 3478 1355 3548 ἑτέροις.
1385 3496 1404 3529 ι
1452 3476 1589 3532 Ἀλλ’
1625 3478 1681 3528 ἐν
1704 3477 1922 3547 Χριστῷ

1989 558 2041 603 et
2059 549 2362 604 divinorum
2391 550 2733 617 praemiorum
2768 550 3078 605 administri
3107 569 3123 604 :
3156 551 3240 606 his
3262 554 3316 606 in
3343 553 3563 605 manda-

1991 645 2061 698 tis
2086 644 2196 707 dat,
2226 643 2510 710 inquiens:
2578 660 2597 693 ι
2644 643 2814 697 Dicite
2857 645 2923 698 iis
2972 643 3064 712 qui
3097 644 3330 699 oderunt
3359 660 3472 707 vos,
3510 652 3563 699 et

1990 734 2405 800 abominantur,
2449 734 2645 787 fratres
2677 737 2871 788 nostri.
2912 756 2932 787 ι
2967 736 3070 789 Aut
3120 736 3262 789 enim
3314 737 3424 791 vult
3471 753 3565 792 eos

1993 826 2151 880 miles
2191 841 2309 881 esse
2327 836 2379 881 et
2408 826 2668 880 malorum
2716 826 3033 894 tolerantes,
3054 828 3349 881 secundum
3397 830 3566 881 tradi-

1997 919 2169 973 tiones
2208 920 2566 989 evangelicas,
2619 927 2674 971 et
2736 933 2944 972 summa
2998 920 3276 989 patientia,
3313 920 3379 974 ad
3407 922 3568 990 spiri-

1994 1011 2193 1066 tnalem
2232 1013 2664 1080 conjunctionem
2690 1010 2936 1066 inescare
2966 1028 3061 1067 eos
3105 1013 3193 1081 qni
3239 1025 3473 1067 renuunt
3516 1024 3569 1068 et

1996 1101 2269 1171 refugiunt
2319 1102 2555 1170 ipsorum
2617 1104 2958 1168 sodalitiuni;
3013 1112 3105 1157 aut
3142 1105 3266 1157 illud
3326 1103 3571 1159 fortassis

1998 1194 2216 1247 mandat
2240 1204 2297 1246 ut
2322 1194 2636 1263 praedicent,
2662 1197 2855 1266 inquit,
2888 1195 3157 1264 gentibus,
3188 1204 3241 1249 et
3267 1204 3457 1249 vocent
3503 1195 3571 1248 ad

1996 1298 2177 1337 veram
2215 1284 2306 1337 Dei
2331 1284 2687 1353 cognitionem
2713 1302 2805 1339 eos
2838 1286 2927 1355 qui
2968 1294 3308 1346 erraverunt,
3334 1282 3574 1338 .Iudteos-

1997 1388 2103 1442 que
2166 1373 2568 1428 immundorum
2631 1375 2921 1443 spirituum
2980 1374 3254 1437 cultores;
3295 1375 3420 1441 quia
3469 1388 3572 1425 non

2003 1467 2076 1531 hi,
2108 1474 2165 1519 ut
2190 1465 2260 1519 illi
2297 1466 2587 1520 multorum
2614 1467 2836 1521 deorum
2862 1467 3064 1521 cultum
3097 1474 3440 1532 receperunt,
3483 1464 3574 1518 sed

2000 1573 2163 1611 unum
2190 1567 2457 1612 etnatura
2482 1573 2547 1613 ac
2589 1559 2761 1614 solum
2794 1560 2959 1614 Deum
3010 1557 3243 1612 cmtfessi
3272 1566 3415 1611 sunt.
3472 1555 3579 1610 Sed

2002 1651 2237 1714 etiamsi,
2278 1651 2476 1721 inquit,
2502 1671 2521 1704 ι
2558 1653 2681 1707 odio
2710 1662 3110 1722 prosequantur
3139 1666 3256 1715 vos,
3279 1659 3334 1705 et
3361 1650 3581 1705 credant

2005 1756 2101 1795 vos
2147 1757 2266 1796 esse
2320 1742 2732 1809 abominabiles,
2778 1741 3283 1813 proferaturtatnen
3320 1740 3400 1793 sic
3442 1739 3580 1806 apud

1932 1812 1976 1870 Β
2004 1849 2097 1887 eos
2129 1834 2327 1899 oratio,
2385 1843 2440 1888 et
2478 1834 2705 1888 fratrum
2734 1812 2851 1889 loco
2902 1837 3190 1897 ducantur,
3266 1840 3326 1885 ut
3388 1845 3580 1884 nomen

2008 1924 2216 1977 Domini
2240 1924 2473 1993 gloriose
2505 1925 2844 1994 praedicetur.
2878 1944 2897 1975 ι
2935 1924 3143 1978 lrretita
3172 1923 3317 1978 enim
3351 1933 3428 1977 est
3448 1936 3581 1990 gen-

2008 2014 2138 2068 tium
2177 2016 2463 2071 multitudo
2485 2019 2548 2069 ad
2579 2017 2803 2087 gloriam
2829 2016 3050 2080 Christi,
3086 2025 3141 2069 et
3163 2015 3214 2068 in
3242 2028 3427 2067 earum
3448 2012 3583 2064 luiti-

2010 2108 2077 2161 tia
2102 2109 2368 2177 apparuit.
2389 2108 2721 2164 Laetantibus
2735 2109 2878 2163 enim
2912 2108 3162 2177 gentibus
3187 2105 3253 2160 de
3266 2105 3438 2171 gratia
3458 2103 3575 2168 ejus

2007 2208 2065 2253 et
2102 2200 2298 2265 salute,
2332 2200 2539 2255 confusi
2570 2211 2696 2255 sunt
2721 2201 2991 2267 Israelitaa,
3017 2210 3074 2253 ut
3106 2196 3287 2268 reiecti
3322 2195 3487 2266 910
3533 2203 3588 2247 et

2007 2292 2131 2347 odio
2163 2292 2355 2358 habiti,
2376 2309 2438 2347 ac
2471 2293 2691 2348 omnino
2721 2303 2969 2362 expertes
3020 2293 3132 2361 spei
3176 2299 3511 2353 sanctorum,
3534 2295 3589 2341 et

2007 2396 2190 2438 eorum
2219 2399 2340 2453 qua:
2366 2384 2491 2438 data
2520 2395 2646 2439 sunt
2664 2384 2737 2438 ab
2762 2383 2876 2453 ipso
2901 2381 3266 2437 credentibus.
3297 2378 3585 2433 Sciendum

2012 2484 2189 2529 autem
2221 2485 2303 2530 est
2346 2477 2652 2530 necessario
2680 2474 2905 2529 solvisse
2925 2488 3046 2528 eum
3075 2473 3208 2543 legis
3229 2480 3586 2540 pmceptum,

2010 2584 2130 2625 cum
2166 2570 2354 2639 jnbcat
2383 2570 2661 2622 nominare
2694 2568 2893 2621 fratres
2923 2581 3015 2621 eos
3045 2567 3135 2634 qui
3181 2572 3400 2618 suntex
3459 2576 3591 2631 gen-

2012 2660 2177 2717 tibus.
2205 2659 2489 2714 lnterdixit
2516 2661 2654 2713 enim
2681 2658 2961 2723 Israelitis,
2992 2672 3059 2709 ne
3078 2654 3468 2710 commercium
3497 2651 3593 2705 ha-

2013 2754 2203 2808 berent
2230 2768 2351 2806 cum
2385 2753 2466 2806 his
2492 2753 2583 2821 qui
2620 2752 2670 2804 in
2699 2765 2887 2805 errore
2950 2750 3146 2803 versati
3194 2755 3341 2801 sunt.
3397 2763 3417 2795 ι
3475 2742 3590 2797 Non

2014 2846 2155 2900 enim
2220 2845 2454 2913 loqueris
2501 2859 2686 2912 pacem
2737 2843 2881 2905 illis,
2949 2841 3123 2908 inquit
3186 2840 3268 2892 lex
3319 2837 3583 2900 Mosaica,

2013 2952 2111 2990 nec
2139 2937 2373 2990 elocabis
2405 2936 2510 2989 illis
2558 2935 2719 2988 ﬁliam
2770 2944 2941 2996 tuam,
2980 2948 3078 2986 nec
3114 2930 3270 2985 dabis
3309 2928 3420 2983 tilio
3451 2927 3593 2995 ejus.

2015 3044 2115 3083 nec
2145 3028 2306 3081 filiani
2348 3026 2469 3096 cjus
2496 3026 2728 3096 accipies
2750 3026 2859 3079 tilio
2888 3034 3002 3087 tuo,
3044 3038 3109 3076 ne
3156 3028 3366 3075 avertat
3427 3020 3593 3073 filium

2016 3132 2209 3173 tnuma
2246 3136 2348 3182 me,
2386 3130 2441 3174 et
2492 3120 2652 3173 abeat
2704 3120 3017 3185 serviatqne
3084 3114 3187 3169 diis
3228 3113 3417 3167 alienis
3475 3113 3543 3165 ".
3572 3132 3590 3162 ι

2021 3211 2214 3265 Verum
2257 3213 2308 3265 in
2342 3211 2558 3265 Christo
2582 3210 2720 3263 facta
2755 3218 2880 3262 sunt
2914 3210 3074 3263 ambo
3120 3223 3310 3271 unum,
3342 3216 3395 3260 et
3455 3205 3599 3258 solu-

2021 3311 2136 3356 tum
2191 3302 2537 3355 interstitium
2596 3301 2865 3365 macerias,
2887 3308 2942 3353 et
2976 3299 3173 3352 abolita
3199 3307 3284 3350 est
3324 3297 3409 3349 lex
3447 3308 3592 3363 prte-

2028 3400 2305 3459 ceptorum
2360 3391 2415 3443 in
2462 3388 2752 3459 dogmatis.
2804 3404 2822 3436 ι
2870 3385 2966 3439 Est
3015 3384 3156 3439 enim
3203 3384 3316 3450 ipse
3358 3396 3456 3448 pax
3507 3393 3599 3431 no-

2034 3492 2147 3534 stra
2172 3481 2238 3533 ὀ.
2276 3500 2295 3532 )

338 3577 530 3646 γέγονε
556 3576 941 3647 τὰάμφότερα
989 3573 1065 3637 ἓν,
1098 3576 1192 3625 καὶ
1260 3571 1480 3624 λέλυται
1525 3570 1586 3622 τὸ
1634 3571 1946 3642 μεσότοιχον
2020 3575 2113 3629 τοῦ
2173 3574 2447 3647 φραγμοῦ,
2496 3574 2840 3644 κατήργηται
2896 3570 2955 3623 δὲ
3012 3567 3108 3621 καὶ
3161 3567 3189 3618 ὁ
3246 3565 3428 3635 νόμος,
3489 3561 3603 3615 τῶν

340 3669 571 3723 ἐντολῶν
595 3669 653 3721 ὲν
680 3668 941 3738 δόγμασι·
980 3684 998 3717 ι
1034 3666 1142 3717 Καὶ
1162 3664 1271 3734 γάρ
1301 3666 1448 3716 ἐστιν
1507 3662 1669 3725 αὐτὸς
1693 3665 1726 3733 ἡ
1759 3664 1949 3737 εἰρήνη
1990 3669 2169 3739 ἡμῶν.
2206 3688 2225 3719 ι

416 3780 587 3848 Φωνὴ
640 3779 906 3847 κραυγῆς
939 3779 1008 3831 ἐκ
1062 3778 1327 3843 πόλεως,
1401 3776 1569 3844 φωνὴ
1614 3776 1682 3828 ἐκ
1737 3775 1911 3839 ναοῦ,

345 3873 517 3945 φωνὴ
561 3873 781 3939 Κυρίου
809 3867 1315 3933 ἀνταποδιδόντος
1353 3868 1767 3921 ἀνταπόδοσιν
1791 3869 1917 3933 τοῖς

346 3963 795 4029 ἀντικειμένοις.

418 4054 623 4118 Εἰπὼν,
646 4055 728 4107 ὅτι
767 4073 783 4105 ι
815 4052 987 4121 Κάγὼ
1010 4050 1298 4121 ὲκλέξομαι
1335 4049 1403 4103 τά
1428 4050 1789 4118 ὲμπαίγματα
1827 4048 1919 4100 αὖ·

347 4146 480 4209 τῶν,
508 4146 604 4199 καὶ
633 4145 729 4207 τὰς
763 4144 1035 4215 ἁμαρτίας
1066 4142 1243 4196 αὐτῶν
1267 4140 1629 4194 ἀνταποδώσω
1659 4141 1865 4202 αὐτοῖς,
1894 4158 1912 4190 ι

349 4238 705 4292 διαδείκνυσιν
735 4236 898 4299 εὐθὺς
943 4236 1053 4287 τῶν
1101 4233 1499 4304 ἀπειληθέντων
1547 4232 1645 4303 τὴν
1677 4232 1922 4297 ἔκϐασιν,

351 4329 445 4387 καὶ
475 4328 550 4392 ὡς
575 4327 673 4399 ήδη
700 4326 807 4378 τῶν
841 4325 1115 4394 πολεμίοιν
1159 4323 1259 4391 τήν
1305 4339 1363 4373 τε
1408 4321 1562 4373 πόλιν
1592 4320 1794 4385 αὐτῶν,
1831 4319 1925 4371 καὶ

2094 3760 2254 3813 Vens.
2282 3758 2334 3812 6.
2377 3755 2489 3809 νοτ
2518 3754 2758 3808 clamoris
2796 3751 2862 3804 de
2916 3751 3145 3813 civitate,
3205 3762 3306 3801 vox
3347 3746 3410 3800 de
3470 3758 3600 3799 tem-

2020 3852 2127 3919 plo,
2171 3866 2269 3903 v01:
2324 3848 2538 3902 Domini
2570 3844 2911 3898 retribuentis
2973 3839 3372 3894 retributionem
3417 3839 3603 3891 adver-

2024 3944 2202 3995 sariis.

2095 4035 2227 4089 Cum
2259 4032 2498 4087 dixerit:
2542 4048 2561 4081 ι
2601 4028 2664 4082 Ει
2688 4042 2789 4094 ego
2810 4026 3006 4095 eligam
3040 4022 3272 4075 ludibria
3301 4035 3515 4083 eorum,
3549 4028 3605 4074 et

2023 4134 2241 4195 peccata
2274 4137 2463 4176 eorum
2501 4116 2937 4178 retribuamillis,
2975 4133 2991 4165 ι
3020 4112 3200 4166 statim
3249 4110 3489 4167 ostendit
3514 4125 3606 4164 eo-

2024 4233 2141 4270 rum
2181 4229 2300 4284 quae
2333 4212 2692 4268 comminatus
2721 4217 2805 4263 est
2828 4206 3057 4267 exitum,
3090 4212 3146 4257 et
3180 4202 3291 4269 jam
3316 4201 3470 4271 quasi
3506 4200 3604 4257 ho-

2024 4310 2183 4362 stium
2212 4307 2486 4361 civitatem
2546 4303 2715 4370 ipsam
2772 4308 2828 4353 et
2892 4294 3150 4364 templum
3189 4292 3609 4356 devastantium,

349 4421 445 4477 θεὸν
466 4419 591 4475 ναὸν
617 4416 922 4488 ᾑρηκότων,
955 4414 1134 4483 φωνὴν
1169 4414 1233 4464 ἐκ
1267 4411 1495 4475 πόλεως,
1524 4411 1617 4462 καὶ
1646 4410 1828 4480 φωνὴν
1858 4413 1908 4462 ὲν

2030 4413 2213 4455 vocem
2236 4397 2301 4453 de
2332 4394 2569 4457 civitate,
2587 4402 2642 4446 et
2666 4404 2847 4445 vorem
2880 4389 2946 4443 de
2980 4386 3177 4455 templo
3228 4384 3426 4437 editam
3487 4394 3606 4434 esse

353 4512 484 4567 ναοῦ
512 4511 762 4581 γενέσθαι
793 4508 978 4580 φησιν,
1009 4506 1083 4568 ὡς
1128 4504 1329 4573 ἀναμὶξ
1363 4504 1658 4557 κλαιόντων
1709 4503 1924 4573 ἱερουρ-

353 4604 487 4673 γῶν,
541 4603 636 4656 καὶ
679 4598 1120 4672 συνθρηνούντων
1166 4596 1414 4666 ἀλλήλοις
1450 4594 1558 4648 τῶν
1597 4593 1783 4647 λαῶν⁹
1828 4594 1924 4645 καὶ

356 4698 466 4767 γάρ
494 4690 563 4767 ἦν
595 4693 759 4757 εἰκὸς,
794 4693 895 4761 τῆς
930 4692 1023 4744 τοῦ
1062 4690 1299 4760 πολέμου
1336 4689 1617 4759 συμφορᾶς
1647 4703 1926 4756 κατακρα-

354 4788 553 4857 τούσης
583 4785 780 4851 αὐτῶν,
810 4783 1026 4853 θρηνεῖν
1065 4799 1124 4835 τε
1164 4782 1257 4834 καὶ
1300 4778 1695 4851 ὀλοφύρεσθαι·
1730 4778 1791 4829 οὐ
1821 4777 1929 4846 γὰρ

355 4876 425 4952 ἦν
452 4879 741 4940 ἀπόνευσις
787 4875 881 4929 τοῦ
912 4874 1103 4935 κακοῦ,
1139 4873 1345 4943 Κυρίου
1365 4872 1423 4924 δὲ
1454 4870 1635 4940 φωνὴν
1672 4869 1925 4938 γενέσθαι

358 4973 525 5044 φησὶν
553 4989 573 5023 ι
607 4969 1049 5031 άνταποδιδόντος
1081 4964 1439 5022 ἀνταπόδοσιν
1480 4967 1591 5027 τοῖς
1620 4963 1931 5033 ἀντικειμέ-

359 5082 491 5127 νοις,
530 5081 549 5113 ι
586 5056 698 5113 οἷον
749 5060 1129 5120 ἐπιτάττοντος
1177 5056 1274 5109 καὶ
1318 5052 1764 5122 διακελευομένου
1815 5053 1929 5111 τοῖς

358 5155 724 5227 ὀλοθρευταῖς,
766 5150 1043 5221 φείδεσθαι
1088 5148 1196 5201 τῶν
1240 5147 1473 5200 ἁλόντων
1520 5144 1760 5207 οὐδενὸς,
1802 5146 1927 5196 ὲπι-

363 5249 537 5317 πηδᾷν
565 5245 621 5298 δὲ
650 5243 848 5315 μᾶλλον
878 5242 1085 5313 ἀγρίως
1106 5244 1217 5303 τοῖς
1244 5236 1660 5307 ἀντικειμένοις,
1689 5237 1783 5290 καὶ
1816 5234 1933 5288 οῦτι

364 5358 467 5393 που
512 5339 730 5400 πάντως
780 5337 902 5398 ταῖς
956 5334 1066 5387 τῶν
1110 5330 1486 5402 πολεμούντων
1526 5331 1743 5400 ὁρμαῖς,
1793 5327 1932 5381 ἀλλὰ

364 5429 473 5501 γὰρ
515 5429 781 5500 θελήμασι
824 5428 935 5488 τοῖς
979 5425 1315 5485 δεσποτικοῖς
1354 5439 1367 5451 ·
1392 5420 1551 5473 τοῦτο
1602 5421 1712 5489 γὰρ
1749 5420 1937 5484 αὐτοῖς

364 5521 557 5597 γέγονε
588 5522 843 5593 πρόξενον
870 5518 964 5573 τοῦ
998 5518 1091 5571 καὶ
1124 5515 1346 5577 ἁλῶναι,
1375 5514 1468 5568 καί
1506 5513 1724 5567 παθεῖν.

439 5613 586 5681 Πρὶν
610 5613 649 5681 ἢ
688 5614 801 5682 τὴν
827 5612 1170 5667 ὠδίνουσαν
1192 5606 1405 5671 τεκεῖν,
1438 5605 1576 5673 πρὶν
1605 5602 1809 5660 ἐλθεῖν
1833 5603 1938 5657 τὸν

442 5788 485 5822 ι’
518 5787 668 5842 Deut.
703 5805 799 5856 νιι,
834 5790 950 5843 24.
1031 5788 1073 5820 ⁸ο
1099 5785 1289 5855 Ephes.
1332 5799 1389 5849 ιι,
1430 5782 1507 5835 ιι.

2030 4490 2179 4551 dicit,
2203 4498 2257 4543 et
2296 4487 2668 4541 ministrorum
2719 4480 2876 4537 simul
2960 4495 3081 4534 cum
3117 4475 3310 4546 populo
3340 4471 3604 4535 flentium,

2029 4592 2084 4636 et
2114 4582 2253 4634 inter
2274 4595 2332 4634 se
2356 4574 2824 4646 complorantium.
2858 4571 2991 4625 Nam
3022 4583 3141 4622 cum
3176 4566 3301 4621 belli
3334 4562 3613 4618 calamita-

2039 4673 2182 4727 tibus
2207 4670 2439 4724 ferendis
2461 4683 2619 4735 pares
2672 4681 2775 4721 non
2810 4673 3013 4727 essent,
3043 4660 3170 4715 [lere
3219 4672 3314 4712 eos
3366 4670 3463 4724 par
3506 4652 3609 4706 fuit

2036 4775 2089 4819 et
2124 4763 2355 4833 plorare.
2390 4759 2543 4813 Nulla
2602 4759 2748 4814 enim
2765 4765 2883 4811 erat
2915 4754 3039 4807 mali
3080 4750 3353 4807 evitatioa
3396 4745 3613 4801 Domini»

2037 4867 2215 4910 autem
2276 4868 2466 4909 vocem
2520 4851 2685 4905 fuisse
2744 4849 2909 4913 dicit,
2962 4842 3309 4899 retribuentis
3362 4839 3606 4893 retribu-

2037 4949 2236 5003 tionem
2294 4944 2639 5007 adversariis,
2670 4961 2687 4994 ι
2724 4950 2779 4993 et
2822 4938 3185 5007 praecipientis
3224 4949 3291 4988 ac
3317 4934 3596 5001 imperan-

2038 5041 2105 5094 tis
2156 5038 2516 5091 vastatoribus
2556 5044 2624 5105 ,ιιι
2673 5031 2870 5087 nullius
2924 5028 3123 5095 captivi
3180 5023 3614 5081 misericordiam

2034 5132 2269 5201 capiant,
2299 5130 2391 5184 sed
2428 5138 2484 5181 ut
2512 5126 2799 5182 crudeliter
2828 5124 3065 5179 insiliant
3127 5121 3179 5174 in
3230 5115 3613 5177 adversarios;

2036 5237 2134 5277 nec
2156 5218 2534 5275 tantummodo
2563 5214 2877 5269 bellantium
2912 5213 3135 5280 impetu,
3167 5208 3260 5264 sed
3297 5214 3351 5261 et
3406 5201 3610 5259 domini

2037 5314 2330 5370 voluntate.
2354 5309 2461 5364 lloc
2493 5307 2634 5362 enim
2668 5306 2774 5361 illis
2806 5306 2859 5359 in
2882 5318 3046 5360 causa
3076 5300 3195 5366 fuit,
3231 5313 3327 5354 cur
3353 5309 3617 5364 caperen-

2040 5415 2128 5459 tur
2158 5412 2210 5458 et
2228 5400 2607 5471 afﬂigerentur.

2120 5602 2276 5655 Vens.
2319 5600 2433 5658 7-9.
2460 5597 2746 5665 Antequam
2774 5587 3076 5662 parturiens
3092 5594 3291 5657 pariat,
3330 5590 3605 5654 antequm:
