4022 6400
488 339 512 393 1
523 345 625 397 εδδ

1484 353 1541 405 S.
1582 352 1855 407 CYRILLI
1890 353 2357 410 ALEXANDRINI
2394 355 2715 413 ARCHIEP.

3592 358 3738 414 Im

486 483 656 537 venint
686 486 835 539 labor
862 490 1269 558 parturiginum,
1297 492 1501 561 e/fugt't,
1547 502 1595 545 ct
1642 495 1834 560 peperit
1863 511 2054 547 mascu-

2168 477 2358 528 πόνον
2406 475 2525 528 τῶν
2559 474 2787 527 ὠδίνων
2819 476 3101 543 ἐξέφυγε,
3130 474 3229 526 καὶ
3281 473 3484 525 ἔτεκεν
3513 471 3727 540 ἄρσεν.

488 573 616 627 tum.
649 574 778 640 Qui:
797 580 996 631 audivit
1035 581 1205 633 tales?
1238 586 1411 648 etquis
1443 584 1568 636 vidit
1587 585 1690 637 sic?
1715 582 1855 638 Num
1881 599 2064 653 partu—

488 667 609 719 rivit
654 678 796 722 terra
847 687 949 724 uno
993 672 1097 735 die,
1123 674 1388 726 autetiam
1417 676 1627 727 condita
1650 684 1726 729 est
1776 693 1901 744 gens
1953 686 2063 730 tota

488 758 673 822 simul,
718 762 841 828 quia
894 764 1192 829 parturivit,
1220 774 1267 816 et
1288 766 1479 832 peperit
1523 764 1655 829 Sion
1685 766 1874 821 liberos
1900 784 2021 821 suos
2040 770 2066 821 ?

488 848 602 918 Ego
626 863 799 906 autem
826 854 947 907 dedi
971 859 1400 923 exspectationem
1425 858 1579 924 hanc,
1604 870 1651 913 et
1681 876 1783 912 non
1826 863 2065 915 recorda-

492 952 543 995 ta
560 950 631 995 est
650 946 769 1005 mei,
792 946 923 998 dixit
947 946 1221 1001 Dominus.
1247 947 1435 1004 Nonne
1455 966 1544 1020 ego
1572 951 1854 1011 parientem
1894 961 1943 1006 et
1962 962 2066 1007 ste-

493 1033 638 1085 rilem
668 1032 783 1099 feci,
804 1036 938 1089 dixit
968 1036 1220 1092 Dominus
1239 1041 1264 1092 .’

562 1124 757 1179 Iterum
800 1129 957 1183 docet
985 1146 1088 1185 non
1116 1130 1355 1185 funditus
1392 1131 1655 1200 perditum
1687 1132 1750 1187 iri
1785 1131 2059 1190 lsraelem.

490 1212 779 1285 Postquam
811 1220 953 1273 enim
987 1220 1039 1273 in
1095 1222 1406 1275 universum
1464 1223 1709 1292 praedixit
1763 1222 2060 1280 Jerusalem

490 1309 881 1376 captivitatem;
912 1328 1096 1368 rursus
1120 1314 1279 1383 911
1334 1314 1466 1369 facit
1518 1317 1850 1372 mentionem
1931 1318 2060 1372 reli-

489 1416 739 1470 quiarum
774 1419 838 1458 ex
875 1404 1157 1459 electione.
1203 1405 1423 1462 Servata
1462 1418 1543 1463 est
1566 1409 1709 1463 enim
1744 1425 1848 1464 non
1871 1411 2058 1480 exigua

488 1494 797 1557 multitudo,
818 1509 913 1563 per
944 1496 1101 1551 tidem
1128 1498 1377 1553 videlicet
1407 1499 1459 1552 in
1484 1498 1719 1554 Christo.
1746 1500 1855 1554 Hoc
1880 1509 2058 1554 autem

488 1584 793 1652 signiﬁcare
812 1580 976 1643 'vult:
1027 1588 1352 1643 Debacchati
1387 1590 1533 1643 enim
1600 1598 1726 1645 sunt
1779 1591 1832 1643 in
1888 1591 2057 1659 ipsum

488 1673 680 1740 Judagi,
708 1686 763 1730 et
786 1678 1082 1747 principem
1120 1681 1245 1734 vitre
1303 1680 1713 1737 interfecerunt.
1765 1679 2058 1759 Postquam

491 1774 669 1819 autem
703 1769 918 1830 revixit,
969 1769 1174 1823 calcata
1231 1780 1424 1834 morte,
1468 1772 1731 1841 rediitque
1784 1772 1849 1826 ad
1898 1773 2032 1826 ctele

2169 568 2263 632 Τίς
2293 566 2519 634 ἤκουσε
2550 567 2841 631 τοιοῦτον;
2887 566 2983 619 καὶ
3016 567 3106 631 τίς
3135 565 3390 632 ἑώρακεν
3419 563 3627 628 οὕτως
3655 562 3735 616 Εἰ

2161 661 2336 715 ὢδινε
2364 659 2439 731 γῆ
2459 661 2529 715 ἐν
2549 660 2650 728 μιᾷ
2679 662 2884 730 ἡμέρᾳ,
2926 659 2963 727 ἢ
3000 656 3371 728 mmmam
3408 656 3577 721 ἔθνος
3600 655 3732 709 εἰσ-

2162 752 2325 815 ἅπαξ
2332 793 2345 815 ,
2379 753 2470 807 ὅτι
2490 753 2664 806 ὢδινε
2693 753 2789 806 καὶ
2815 753 2979 805 ἔτεκε
3010 749 3161 804 Σιὼν
3181 748 3253 803 τὰ
3282 747 3488 802 παιδία
3514 744 3734 813 αὐτῆς;

2176 843 2321 914 Ἐγὼ
2349 844 2416 897 δὲ
2441 844 2630 898 ἔδωκα
2660 844 2773 911 τὴν
2799 843 3169 907 προσδοκίαν
3212 841 3457 905 ταύτην,
3480 838 3577 891 καὶ
3612 839 3730 890 οὐκ

2162 934 2432 1003 ἐμνήσθη
2462 953 2601 1003 μου,
2643 931 2772 988 εἶπε
2800 935 3031 1003 Κύριος.
3068 935 3188 988 Οὐκ
3220 931 3349 986 ὶδοὺ
3364 930 3477 1001 ἐγὼ
3509 928 3731 1000 γεννῶ-

2162 1027 2305 1081 σαν’
2325 1028 2419 1080 καὶ
2448 1028 2691 1096 στεῖραν
2724 1028 2980 1095 ἐποίησα
2998 1069 3011 1091 ,
3039 1027 3169 1080 εἷπε
3190 1028 3443 1092 Κύριος;

2238 1121 2357 1173 Ὅτι
2394 1120 2467 1190 μὴ
2499 1119 2775 1190 όλόρριζος
2824 1122 2852 1171 ὁ
2908 1116 3122 1191 Ἰσραὴλ
3143 1117 3444 1179 ἀπολεῖται,
3484 1114 3731 1167 διδάσκει

2162 1215 2342 1268 πάλιν.
2383 1213 2598 1283 Ἐπειδὴ
2631 1212 2739 1282 γὰρ
2777 1212 2913 1274 ὅλως
2958 1211 3458 1282 προαναπεφὼνηκε
3516 1210 3581 1277 τῇ
3628 1205 3735 1258 Ίεο

2163 1303 2443 1377 ρουσαλὴμ
2474 1304 2570 1369 τὴν
2615 1303 2834 1365 ἅλωσιν,
2875 1302 3241 1372 διαμέμνηται
3275 1300 3439 1353 πάλιν
3470 1296 3563 1351 τοῦ
3604 1296 3735 1349 κατ’

2158 1395 2388 1466 ἐκλογὴν
2435 1394 2905 1463 καταλείμματος·
2961 1395 3226 1447 σέσωσται
3274 1390 3382 1461 γὰρ
3423 1390 3522 1442 οὐκ
3570 1388 3733 1456 ὀλίγη

2160 1488 2390 1558 πληθὺς,
2445 1486 2531 1539 διὰ
2578 1486 2811 1548 πίστεως
2852 1486 2907 1538 δὲ
2934 1484 3174 1556 δηλονότι
3218 1486 3317 1554 τῆς
3367 1482 3423 1535 ὲν
3461 1480 3683 1551 Χριστῷ
3718 1498 3731 1508 ·

2161 1579 2407 1650 βούλεται
2449 1578 2506 1632 δέ
2544 1596 2595 1632 τι
2631 1577 2871 1631 τοιοῦτον
2912 1575 3237 1646 ὑποδηλοῦν·
3297 1574 3735 1645 πεπαρῳνήκασι

2158 1671 2264 1742 γὰρ
2286 1672 2366 1732 εἰς
2397 1670 2555 1722 αὐτὸν
2596 1668 2856 1732 Ἰουδαῖοι,
2887 1667 2982 1721 καὶ
3012 1667 3342 1721 ἀπεκτόνασι
3365 1667 3454 1718 τὸν
3488 1662 3739 1732 ἀρχηγὸν

2157 1764 2254 1833 τῆς
2292 1762 2453 1832 ζωῆς.
2500 1761 2713 1832 Ἐπειδὴ
2735 1762 2791 1815 δὲ
2816 1761 3034 1825 ἀνεϐίω,
3068 1760 3317 1830 πατήσας
3363 1758 3452 1810 τὸν
3480 1756 3734 1815 θάνατον,

488 1863 625 1908 stem
649 1854 860 1911 Patrem
895 1873 959 1912 ac
1009 1858 1199 1927 Deum,
1232 1862 1590 1930 praedicarunt
1618 1865 1922 1918 eumdivini
1976 1864 2054 1917 di-

2162 1852 2565 1922 ἀναπεφοίτηκέ
2582 1869 2639 1905 τε
2663 1852 2797 1922 πρὸς
2813 1852 2903 1905 τὸν
2926 1854 2983 1904 ὲν
3009 1854 3119 1915 τοῖς
3135 1852 3381 1921 οὐρανοῖς
3405 1848 3619 1917 Πατέρα
3636 1847 3739 1898 καὶ
3761 1933 3777 1944 ⁸

487 1946 711 2015 scipuli,
755 1948 1083 2019 alloquentes
1116 1967 1323 2017 omnes,
1384 1954 1544 2008 etiam
1593 1955 1681 2024 qui
1738 1954 2052 2011 debaccliati

488 2047 632 2100 sunt.
666 2048 721 2092 et
750 2051 1005 2096 vocantes
1034 2041 1099 2094 ad
1134 2043 1555 2111 resipiscentiam
1598 2059 1661 2098 ac
1693 2046 1917 2100 salutem
1960 2063 2053 2117 per

488 2127 671 2191 fidem,
706 2137 760 2183 et
790 2132 1164 2187 remissionem
1202 2148 1544 2206 peccatorum
1578 2153 1675 2207 per
1695 2149 1937 2193 sanctum
1972 2141 2051 2192 lu-

488 2234 729 2275 vacrum.
758 2220 1058 2276 Dixitenim
1091 2224 1278 2279 Petrus
1310 2246 1321 2280 :
1362 2246 1379 2277 ι
1414 2227 1477 2281 Ει
1509 2244 1669 2293 nunc,
1696 2230 1910 2296 fratres,
1930 2233 2051 2286 novi

486 2326 583 2366 vos
606 2326 671 2365 ex
704 2312 999 2383 ignorantia
1020 2315 1229 2382 fecisse,
1255 2319 1393 2372 sicut
1415 2328 1467 2372 ct
1496 2322 1763 2389 principes
1788 2325 1953 2377 vestri
1985 2327 2050 2377 ἰ.

488 2402 867 2460 Paenitentiam
891 2407 1053 2475 igitur
1093 2410 1254 2478 agite,
1273 2422 1326 2465 et
1356 2412 1655 2479 liaptizetur
1689 2416 2053 2483 unusquisque

490 2504 721 2549 vestrum
755 2497 805 2550 in
838 2500 1049 2553 nomine
1080 2499 1201 2554 Jesu
1226 2502 1443 2563 Christi,
1467 2512 1520 2557 et
1553 2505 1826 2573 accipietis
1854 2506 2051 2559 donum

491 2584 728 2653 Spiritus
775 2588 969 2642 sancti.
1015 2588 1263 2643 Vestrum
1297 2591 1438 2644 enim
1487 2597 1613 2643 sunt
1649 2591 2060 2659 promissiones,

489 2684 543 2730 et
588 2677 821 2733 ﬁliorum
866 2690 1169 2735 vestrorum
1212 2683 1278 2735 θ’.
1329 2701 1347 2732 ι
1400 2682 1526 2735 Hzec
1574 2682 1832 2752 loquente
1881 2681 2065 2736 divino

487 2762 669 2829 Petro,
696 2767 847 2820 multi
876 2769 1241 2823 crediderunt.
1268 2770 1536 2842 Scriptum
1567 2783 1651 2829 est
1712 2776 1975 2844 siquidem
1999 2776 2050 2830 in

485 2856 637 2911 Actis
674 2868 982 2913 sanctorum
1016 2862 1378 2930 apostolorum
1410 2864 1646 2931 adiectas
1693 2881 1814 2921 esse
1845 2868 1932 2921 die
1964 2869 2054 2922 illo

486 2948 696 3002 animas
717 2948 835 3016 plus
867 2952 1045 3005 minus
1072 2965 1153 3006 ter
1182 2954 1327 3009 mille
1344 2954 1409 3007 ".
1434 2954 1659 3023 Semper
1681 2957 1863 3027 itaque
1886 2959 2052 3013 divini

485 3035 730 3105 discipuli
762 3039 1055 3104 instabant,
1083 3051 1359 3097 monentes
1392 3042 1761 3109 lsraelitas.et
1796 3048 1859 3099 ad
1894 3048 2050 3103 ﬁdem

485 3138 877 3184 convertentes.
909 3131 1174 3200 Tempore
1202 3134 1393 3189 deinde
1416 3136 1717 3206 interjecto,
1742 3138 1938 3194 inﬂicta
1969 3152 2051 3195 est

2159 1943 2310 2007 Θεὸν,
2332 1945 2480 2015 διεκή
2490 1961 2679 2015 ρυττον
2698 1944 2857 1999 αὐτὸν
2878 1946 2925 1997 0i
2950 1944 3220 1997 θεσπέσιοι
3251 1940 3487 2012 μαθηταὶ
3504 1938 3741 2005 προσλα-

2158 2036 2373 2100 λοῦντες
2396 2037 2587 2099 ἅπασι,
2616 2036 2708 2089 καὶ
2734 2039 2845 2099 τοῖς
2867 2035 3308 2106 πεπαρῳνηκόσι,
3327 2034 3418 2085 καὶ
3444 2029 3739 2093 καλοῦντες

2159 2130 2238 2190 εἰς
2274 2129 2631 2197 μετάγνωσιν,
2674 2127 2765 2179 καὶ
2804 2128 2884 2190 εἰς
2910 2126 3182 2195 σωτηρίαν
3214 2125 3313 2195 τὴν
3350 2123 3438 2176 διὰ
3473 2122 3735 2182 πίστεως.

2160 2221 2253 2273 καὶ
2285 2222 2363 2282 εἰς
2402 2220 2593 2287 ἄφεσιν
2629 2218 2912 2289 ἁμαρτιῶν
2944 2216 3040 2288 τὴν
3068 2216 3154 2270 διὰ
3188 2216 3281 2268 τοῦ
3319 2215 3473 2281 ἁγίου
3508 2212 3681 2282 βαπτί
3714 2241 3740 2249 -

2161 2322 2384 2373 σματος.
2414 2308 2556 2376 Ἔφη
2601 2307 2709 2377 γάρ
2753 2309 2780 2359 ὁ
2824 2306 3063 2375 Πέτρος·
3126 2324 3143 2354 ι
3173 2304 3283 2356 Καὶ
3325 2303 3438 2363 νῦν,
3487 2300 3735 2367 ἀδελςοὶ,

2158 2390 2295 2458 οἶδα,
2352 2397 2433 2447 ὅτι
2489 2396 2630 2449 κατὰ
2683 2397 2902 2464 ἄγνοιαν
2958 2394 3251 2467 ἐπράξατε,
3312 2393 3496 2460 ὥσπερ
3530 2394 3627 2444 καὶ
3682 2393 3741 2443 οἱ

2159 2486 2415 2556 ἄρχοντες
2456 2488 2629 2556 ὑμῶν.
2682 2518 2753 2529 -
2794 2490 3178 2557 Μετανοήσατε
3222 2482 3335 2548 οὖν,
3386 2484 3480 2538 καὶ
3530 2486 3741 2553 βαπτι-

2161 2576 2341 2647 σθήτω
2398 2578 2627 2643 ἕκαστος
2666 2580 2821 2648 ὑμῶν
2864 2580 2956 2632 ἐπὶ
2997 2580 3075 2649 τῷ
3111 2579 3331 2650 ὀνόματι
3380 2576 3553 2647 Ἰησοῦ
3595 2577 3743 2647 Χρι-

2160 2667 2308 2729 στοῦ,
2327 2668 2418 2720 καὶ
2436 2668 2669 2739 λήψεσθε
2696 2671 2796 2740 τὴν
2820 2670 3024 2739 δωρεὰν
3045 2668 3137 2721 τοῦ
3159 2669 3313 2736 ἁγίου
3340 2666 3479 2721 Πνεύ
3490 2684 3677 2735 ματος.
3713 2685 3733 2716 ι

2169 2760 2354 2829 ’Υμῶν
2390 2762 2498 2832 γάρ
2544 2764 2678 2815 εἰσιν
2725 2763 2779 2815 αἱ
2826 2762 3165 2831 ἐπαγγελίαι,
3215 2761 3308 2813 καὶ
3360 2763 3470 2821 τοῖς
3520 2758 3744 2821 τέκνοις

2161 2850 2333 2920 ὑμῶν.
2369 2851 2553 2904 Ταῦτα
2580 2852 2832 2920 λέγοντος
2865 2853 2957 2906 τοῦ
2991 2852 3276 2905 θεσπεσίου
3311 2851 3515 2918 Πέτρου
3567 2866 3741 2901 πεπι-

2161 2943 2415 2996 στεύκασι
2450 2945 2655 3000 πολλοί.
2711 2946 3021 3017 Γέγραπται
3068 2945 3198 3014 γοῦν
3234 2948 3290 2998 ὲν
3330 2947 3449 3006 ταῖς
3496 2941 3741 3012 Πράξεσι

2159 3033 2267 3085 τῶν
2330 3035 2497 3102 ἁγίων
2554 3037 2887 3102 ἀποστόλων,
2958 3038 3040 3090 ὅτι
3104 3034 3510 3108 προσετέθησαν
3552 3035 3615 3085 ἐν
3664 3036 3738 3102 τῇ

2159 3127 2340 3198 ἡμέρᾳ
2368 3129 2548 3201 ἐκείνῃ
2577 3129 2744 3198 ψυχαὶ
2784 3129 2917 3181 ὡσεὶ
2949 3129 3261 3200 τρισχίλιαι.
3316 3125 3740 3180 Διατετελέκασι

485 3216 701 3271 demum
756 3216 1061 3274 Judazorum
1112 3224 1315 3292 regioni
1374 3226 1610 3295 ipsisque
1670 3228 2054 3302 Hierosolymis

2157 3218 2334 3270 τοίνυν
2382 3221 2430 3271 οἱ
2476 3219 2749 3273 θεσπέσιοι
2804 3222 3045 3291 μαθηταὶ⁵
3089 3220 3454 3289 νουθετοῦντες
3500 3220 3627 3280 τοὺς
3673 3216 3740 3282 ἐξ

485 3307 668 3362 divina
702 3309 807 3374 ira,
842 3309 1094 3379 ingressis
1113 3312 1223 3382 jam
1258 3313 1340 3367 his
1369 3315 1458 3383 qui
1519 3316 1583 3368 ad
1642 3318 2054 3374 moderatiorem

483 3400 698 3456 vivendi
727 3404 988 3457 rationem
1019 3407 1193 3459 vocati
1248 3417 1393 3460 sunt.
1422 3406 1488 3460 Hi
1524 3422 1652 3463 vero
1688 3408 1904 3465 fuerunt
1930 3413 2056 3467 reli-

483 3492 662 3561 quia:
693 3495 836 3562 quod
867 3494 1044 3559 docet,
1094 3511 1213 3549 cum
1246 3497 1419 3566 inquit
1452 3516 1465 3551 :
1509 3517 1527 3549 ι
1575 3500 1874 3569 Antequam
1932 3519 2056 3572 par-

486 3585 693 3639 turiens
722 3586 916 3654 pariat,
954 3596 1241 3656 antequam
1270 3590 1448 3643 veniat
1470 3590 1622 3646 labor
1652 3592 1893 3647 dolorum
1940 3612 2057 3663 par-

486 3684 571 3730 tus
594 3674 799 3746 eﬂ'ugit,
827 3684 880 3731 et
906 3680 1112 3747 peperit
1139 3679 1458 3737 masculum.
1509 3702 1527 3734 ι
1557 3682 1690 3736 Nam
1740 3686 2049 3755 priusquam

485 3770 750 3823 instarent
787 3770 919 3823 dura
957 3778 1223 3840 tempora,
1250 3782 1305 3825 et
1336 3773 1499 3827 veluti
1541 3790 1692 3829 acres
1735 3777 1939 3831 bellicae
1967 3796 2055 3832 ca-

484 3857 745 3913 lamitatis
792 3861 1411 3939 dolores‘incumberent
1472 3864 1876 3937 Hierosolymis,
1923 3868 2057 3923 etfu-

483 3951 582 4019 git,
629 3950 684 4005 id
713 3960 815 4015 est,
876 3961 1002 4007 ante
1031 3954 1327 4021 periculum
1353 3957 1561 4024 peperit
1597 3958 1892 4012 masculum
1921 3977 1934 4011 :
1964 3962 2053 4029 qui

482 4050 670 4111 partus
705 4042 1000 4110 praeclarus
1032 4052 1115 4098 est
1140 4052 1192 4099 et
1220 4046 1610 4114 Optatissimus.
1644 4048 1775 4103 Nam
1797 4065 1915 4119 qua:
1964 4068 2055 4120 pa-

484 4131 649 4198 riunt,
679 4132 845 4187 fetum
880 4134 1171 4189 masculum
1217 4136 1373 4191 alteri
1425 4139 1755 4209 praeferunt;
1788 4142 1873 4196 vel
1918 4142 2056 4198 forte

482 4222 755 4279 masculus
779 4233 863 4280 est
877 4224 1054 4281 editus
1081 4241 1096 4278 :
1125 4242 1231 4281 non
1259 4228 1402 4282 enim
1432 4229 1774 4284 effeminatur
1829 4233 2053 4286 mollitia

480 4316 821 4372 Christianus
851 4318 1101 4391 populus.
1122 4318 1296 4374 Sensu
1322 4321 1465 4375 enim
1491 4322 1633 4376 virili
1664 4323 1922 4392 praiditus
1968 4334 2053 4380 est

480 4420 536 4465 et
555 4409 799 4477 juvenili.
822 4409 988 4480 Cujus
1019 4413 1170 4467 testis
1201 4422 1284 4467 est
1306 4414 1495 4469 beatus
1515 4415 1732 4481 Paulus,
1757 4418 2004 4475 scribens
2033 4435 2046 4471 :

486 4519 506 4552 ι
544 4499 649 4568 Qui
679 4501 880 4556 Christi
907 4517 1123 4557 carnem
1155 4504 1541 4560 cruciﬁxerunt
1596 4522 1718 4561 cum
1769 4508 2049 4564 affectibus
2083 4542 2125 4596 ο

478 4591 927 4661 etcupiditatibus
960 4592 1027 4647 ".
1057 4613 1076 4645 ι
1109 4593 1237 4648 Dein
1260 4595 1412 4663 quasi
1444 4597 1617 4650 divina
1644 4599 1883 4667 potentia
1914 4600 2049 4655 hanc

480 4698 593 4737 rem
626 4683 890 4752 insignem
915 4695 1193 4752 operante,
1224 4686 1539 4739 miraculum
1558 4687 1783 4755 extollit,
1814 4690 2000 4745 dicens
2030 4706 2045 4743 :

485 4792 506 4825 ο
534 4774 669 4841 Quis
697 4775 830 4829 vidit
858 4775 978 4830 sic?
1008 4774 1141 4829 Num
1172 4777 1459 4842 parturivit
1502 4788 1645 4831 terra
1694 4794 1800 4833 uno
1824 4779 1928 4845 die,
1957 4792 2048 4833 aut

478 4867 640 4920 etiam
659 4867 873 4920 condita
903 4878 986 4921 est
1008 4883 1139 4937 gens
1161 4876 1267 4923 tota
1287 4869 1482 4934 simul,
1530 4870 1654 4937 quia
1685 4870 1968 4939 parturivit
1992 4879 2048 4926 et

477 4954 846 5025 peperit'Sion
880 4957 1078 5012 liberos
1112 4973 1255 5012 suos.
1298 4976 1316 5008 ι
1363 4957 1493 5024 Quis
1518 4958 1660 5013 enim
1690 4959 1911 5025 audivit,
1968 4960 2050 5013 in-

478 5046 617 5116 quit,
644 5044 727 5099 vel
745 5046 868 5114 quis
891 5047 1025 5102 vidit
1063 5056 1282 5115 terram,
1317 5049 1402 5102 vel
1430 5051 1701 5119 regionem
1722 5060 1908 5116 totam,
1940 5068 2049 5108 uno

478 5136 566 5191 die
596 5136 988 5205 germinantem
1007 5152 1100 5192 eos
1127 5139 1214 5206 qui
1246 5154 1364 5191 eam
1402 5139 1622 5209 implere
1642 5141 1890 5196 valeant?
1910 5140 2045 5197 Num

476 5230 620 5284 enim
651 5228 834 5291 semel,
875 5229 1052 5295 idest,
1090 5231 1252 5301 912
1278 5247 1383 5287 uno
1434 5244 1706 5289 momento
1768 5250 1899 5305 gens
1940 5244 2047 5290 tota

479 5336 719 5392 unquam
742 5329 864 5376 nata
885 5323 1004 5377 est?
1032 5323 1101 5377 At
1128 5326 1227 5390 sic,
1267 5326 1460 5395 inquit,
1494 5344 1512 5377 ι
1548 5326 1674 5382 Sion
1730 5329 1937 5397 peperit
1982 5330 2047 5382 li-

479 5415 639 5470 beros
659 5428 808 5470 suos.
846 5435 865 5468 ι
898 5416 1106 5471 Etenim
1136 5429 1242 5472 uno
1274 5420 1360 5473 die
1391 5420 1489 5472 tria
1554 5420 1716 5473 millia
1742 5421 2045 5476 animarum

481 5506 686 5574 adjecta
711 5522 857 5575 esse,
888 5518 943 5563 et
972 5510 1306 5578 spiritualem
1361 5512 1819 5577 regenerationem
1852 5528 1947 5583 per
1984 5515 2045 5568 ti-

480 5595 604 5652 dem
638 5606 693 5653 et
728 5610 1128 5657 sacrosanctum
1175 5602 1438 5673 baptisma
1479 5605 1780 5673 suscepisse
1815 5624 1827 5658 :
1864 5606 2046 5675 quidni

2169 3308 2381 3379 Ἰσραὴλ
2423 3312 2811 3381 σαγηνεύοντες
2844 3315 2922 3374 εἰς
2957 3312 3172 3365 πίστινσ
3218 3306 3332 3364 εἶτα
3378 3310 3571 3380 χρόνου
3618 3310 3741 3362 δια-

2155 3400 2454 3466 γεγονότος,
2510 3402 2777 3472 ὲπηνέχθη
2839 3403 3020 3457 λοιπὸν
3072 3407 3135 3474 τῇ
3190 3421 3247 3456 τε
3302 3404 3410 3455 τῶν
3465 3402 3739 3455 Ἰουδαίων

2157 3490 2328 3561 χώρᾳ,
2359 3494 2452 3545 καὶ
2485 3494 2665 3556 αὐτοῖς
2693 3494 2749 3546 δὲ
2779 3497 2889 3559 τοῖς
2926 3496 3316 3566 Ἰεροσολύμοις
3363 3495 3429 3547 τὰ
3471 3496 3531 3546 ἐκ
3578 3493 3736 3555 θεῐας

2156 3586 2347 3655 ὀργῆς,
2386 3585 2461 3648 ὡς
2501 3586 2901 3657 εἰσϐεϐηκότων
2931 3588 3054 3659 ἤδη,
3105 3590 3197 3641 καὶ
3240 3588 3589 3657 κεκλημένων
3620 3586 3737 3639 τῶν

2156 3677 2592 3746 ἐπιεικεστέρων,
2623 3672 2764 3748 ἦσαν
2793 3679 2850 3731 δὲ
2883 3671 3027 3731 οὗτοι
3055 3678 3116 3731 τὸ
3143 3680 3490 3747 κατάλειμμα
3510 3695 3524 3708 υ
3574 3678 3739 3730 τοῦτο

2155 3764 2391 3818 διδάσκει
2446 3765 2639 3833 λέγων·
2712 3767 2890 3836 «Πρὶν
2948 3768 2980 3837 ἢ
3040 3770 3138 3836 τὴν
3184 3767 3475 3820 ὠδίνουσαν
3526 3768 3737 3827 τεκεῖν,

2159 3856 2285 3926 πρὶν
2338 3855 2512 3909 ἐλθεῖν
2553 3858 2644 3910 τὸν
2688 3859 2849 3911 πόνον
2902 3859 3010 3911 τῶν
3065 3858 3268 3911 ὠδίνων
3317 3859 3567 3926 ἐξέφυγε,
3639 3860 3743 3911 καὶ

2156 3945 2340 3999 ἔτεκεν
2372 3947 2557 4014 ἄρσεν.
2584 3965 2600 3997 ι
2642 3948 2776 4016 Πρὶν
2819 3948 2927 4018 γὰρ
2970 3951 3255 4018 ἐπιστῆναι
3297 3948 3363 4000 τὰ
3406 3949 3575 4003 δεινὰ.
3637 3950 3741 4000 καὶ

2154 4033 2264 4091 οἷόν
2291 4055 2443 4100 τινας
2472 4039 2673 4108 πικρὰς
2700 4039 2893 4102 ὠδῖνας
2926 4039 3025 4103 τὰς
3071 4044 3134 4092 ἐκ
3178 4039 3270 4091 τοῦ
3310 4040 3544 4108 πολέμου
3587 4056 3739 4108 συμ-

2158 4132 2330 4201 φορὰς
2364 4132 2713 4202 κατασκῆψαι
2748 4133 2847 4201 τῆς
2876 4133 3245 4203 Ἰερουσαλὴμ,
3282 4132 3533 4200 ἐξέφυγε,
3572 4148 3741 4184 τουτ-

2155 4224 2290 4280 έστι.
2323 4224 2428 4295 πρὸ
2457 4223 2546 4278 τοῦ
2570 4224 2813 4277 κινδύνου
2841 4224 3025 4278 ἔτεκεν
3066 4226 3251 4295 ἄρσεν,
3292 4226 3319 4278 ὃ
3354 4227 3469 4277 ἐστι
3530 4224 3739 4295 κύημα.

2155 4317 2316 4369 καλὸν
2367 4319 2461 4371 καὶ
2489 4317 2815 4389 τριπόθητον
2844 4335 2856 4347 °
2881 4322 3002 4382 ταῖς
3033 4319 3139 4389 γὰρ
3167 4318 3472 4381 τικτούσαις
3502 4318 3741 4390 apem-

2153 4411 2309 4464 τοκία
2347 4410 2547 4481 μᾶλλον
2576 4411 2803 4483 θατέρου
2832 4412 3191 4481 προτέτακται
3216 4429 3229 4442 ·
3278 4412 3309 4482 ἢ
3335 4413 3475 4481 τάχα
3506 4428 3607 4463 που
3635 4412 3737 4466 καὶ

2156 4504 2320 4576 ἄρσεν
2336 4504 2396 4557 τὸ
2410 4503 2601 4573 τεχθέν
2617 4520 2631 4534 ·
2652 4505 2712 4557 οὐ
2733 4504 2842 4575 γὰρ
2863 4505 3150 4575 θηλύνεται
3171 4505 3305 4576 πρὸς
3333 4506 3722 4575 μαλακισμοὺς

2157 4598 2184 4649 ὁ
2218 4598 2275 4648 ὲν
2313 4596 2533 4666 Χριστῷ
2560 4596 2707 4660 λαός.
2742 4598 2997 4668 Φρόνημα
3037 4598 3143 4667 γὰρ
3179 4597 3545 4667 άνδροπρεπές
3574 4598 3736 4650 ἐστιν

2155 4690 2213 4743 ὲν
2249 4688 2395 4760 αὐτῷ
2450 4689 2545 4744 καὶ
2572 4690 2835 4752 νεανικὸν,
2882 4691 2976 4744 καὶ
3015 4690 3199 4744 τούτου
3242 4692 3450 4761 μάρτυς
3486 4691 3514 4741 ὁ
3549 4689 3737 4759 μακά-

2155 4799 2269 4851 ριος
2310 4781 2518 4844 Παῦλος
2564 4782 2828 4853 γράφωνσ
2886 4784 2987 4835 «Oi
3032 4782 3088 4835 δὲ
3126 4782 3219 4834 τοῦ
3262 4781 3432 4852 Ἰησοῦ
3484 4780 3735 4850 Χριστοῦ

2150 4873 2246 4943 τὴν
2278 4872 2455 4943 σάρκα
2486 4874 2856 4945 ἐσταύρωσαν,
2892 4875 2988 4927 σὺν
3015 4877 3126 4936 τοῖς
3152 4873 3434 4944 παθήμασι
3484 4873 3576 4924 καὶ
3604 4875 3736 4936 ταῖς

2150 4963 2485 5034 ἐπιθυμίαις.
2513 4984 2531 5017 ι
2564 4961 2697 5018 Εἶτα
2734 4967 2833 5036 τῆς
2860 4966 3009 5029 θείας
3041 4966 3318 5036 δυνάμεως
3352 4965 3450 5036 τὴν
3490 4964 3735 5034 ὑπερϐο-

2148 5051 2264 5123 λὴν,
2296 5054 2370 5118 ὡς
2402 5057 2775 5126 ὲνεργησάσης
2796 5057 3083 5120 καὶτοῦτο,
3110 5057 3240 5109 πολὺ
3272 5057 3454 5126 θαῦμα
3484 5060 3733 5110 ποιεῖται

2148 5146 2341 5214 λέγων·
2401 5166 2419 5199 ι
2448 5148 2543 5210 Τίς
2593 5147 2837 5218 ἑώρακεν
2881 5147 3081 5214 οὖτως;
3136 5151 3185 5201 εἰ
3232 5148 3387 5201 ὧδινε
3424 5148 3491 5215 γῆ
3531 5148 3589 5199 ἐν
3622 5150 3732 5218 μιᾷ

2140 5239 2342 5310 ἡμέρᾳ,
2377 5239 2410 5310 ἢ
2442 5240 2535 5293 καὶ
2561 5240 2752 5310 ἐτέχθη
2806 5239 2955 5302 ἔθνος
3010 5240 3261 5304 εἰσάπαξ,
3302 5241 3381 5292 ὅτι
3424 5237 3577 5291 ὧδινε
3625 5240 3732 5291 καὶ

2144 5329 2294 5382 ἔτεκε
2323 5329 2460 5383 Σιὼν
2488 5330 2557 5384 τὰ
2592 5331 2775 5384 παιδία
2812 5332 3055 5400 αὑτῆςμ
3104 5332 3200 5395 Τίς
3240 5331 3346 5402 γὰρ
3384 5333 3411 5383 ὀ
3451 5329 3725 5395 ἀκούσας,

2146 5423 2394 5493 (priami.
2444 5423 2527 5487 τίς
2577 5423 2789 5494 ἑώρακε
2834 5424 2957 5496 γῆν,
3004 5424 3121 5495 ἢτοι
3174 5424 3351 5495 χώραν
3402 5422 3725 5493 ὀλόκληρον,

2145 5514 2631 5586 ἁναὸλαστήσασαν
2663 5516 2720 5570 ὲν
2758 5517 2941 5587 ἡμέρᾳ
2976 5518 3073 5587 μιᾷ
3100 5517 3226 5579 τοὺς
3251 5514 3536 5586 πληρῶσαι
3557 5514 3729 5570 δυναι

2150 5607 2340 5675 μένους
2367 5607 2567 5679 αὑτήν;
2602 5602 2745 5679 ’Ἄρα
2774 5606 2877 5678 γὰρ
2906 5606 3153 5674 εἰσάπαξ,
3195 5607 3489 5671 τουτέστιν,
3534 5606 3626 5676 ὑφ’
3660 5605 3728 5660 ἓν

558 5771 603 5859 ξί
627 5774 745 5831 Act.
775 5789 856 5841 tit,
892 5775 976 5831 i7.
1054 5777 1096 5810 ”
1118 5777 1235 5833 Aet.
1265 5793 1325 5846 lt,
1353 5776 1441 5834 38.
1516 5780 1561 5811 ⁸³
1592 5779 1719 5835 ibid.
1747 5780 1834 5835 41.
1911 5782 1954 5814 ⁸⁸
1976 5781 2146 5837 Galat.
2176 5797 2226 5847 ν,
2266 5782 2352 5839 24.
