  <div class='ocr_page' id='page_1' title='image "/cluster/home/n/w/nwhite01/storage/ocr_20150623/70/nnc1.0046980253/748.png"; bbox 0 0 4022 6400; ppageno 0'>
   <div class='ocr_carea' id='block_1_1' title="bbox 278 363 417 428">
    <p class='ocr_par' dir='ltr' id='par_1_1' title="bbox 278 363 417 428">
     <span class='ocr_line' id='line_1_1' title="bbox 278 363 417 428; baseline -0.029 0"><span class='ocrx_word' id='word_1_1' title='bbox 278 363 417 428; x_wconf 74' lang='lat' dir='ltr'><strong>M37</strong></span> 
     </span>
    </p>
   </div>
   <div class='ocr_carea' id='block_1_2' title="bbox 1401 371 2413 440">
    <p class='ocr_par' dir='ltr' id='par_1_2' title="bbox 1401 371 2413 440">
     <span class='ocr_line' id='line_1_2' title="bbox 1401 371 2413 440; baseline 0.004 -6"><span class='ocrx_word' id='word_1_2' title='bbox 1401 371 1468 435; x_wconf 83' lang='lat' dir='ltr'><strong>IN</strong></span> <span class='ocrx_word' id='word_1_3' title='bbox 1501 376 1732 438; x_wconf 69' lang='lat' dir='ltr'><strong>ISAlAﬂ</strong></span> <span class='ocrx_word' id='word_1_4' title='bbox 1773 376 1901 439; x_wconf 88' lang='lat' dir='ltr'><strong>LIB.</strong></span> <span class='ocrx_word' id='word_1_5' title='bbox 1944 377 2010 440; x_wconf 71' lang='grc' dir='ltr'><strong>ν’.</strong></span> <span class='ocrx_word' id='word_1_6' title='bbox 2050 378 2285 439; x_wconf 81' lang='lat' dir='ltr'><strong>TOMUS</strong></span> <span class='ocrx_word' id='word_1_7' title='bbox 2326 378 2413 438; x_wconf 72' lang='lat' dir='ltr'><strong>Vl.</strong></span> 
     </span>
    </p>
   </div>
   <div class='ocr_carea' id='block_1_3' title="bbox 3385 382 3523 449">
    <p class='ocr_par' dir='ltr' id='par_1_3' title="bbox 3385 382 3523 449">
     <span class='ocr_line' id='line_1_3' title="bbox 3385 382 3523 449; baseline 0.014 -2"><span class='ocrx_word' id='word_1_8' title='bbox 3385 382 3523 449; x_wconf 71' lang='lat'><strong>{438</strong></span> 
     </span>
    </p>
   </div>
   <div class='ocr_carea' id='block_1_4' title="bbox 274 492 1830 581">
    <p class='ocr_par' dir='ltr' id='par_1_4' title="bbox 274 492 1830 577">
     <span class='ocr_line' id='line_1_4' title="bbox 274 492 1830 577; baseline 0.011 -32"><span class='ocrx_word' id='word_1_9' title='bbox 274 492 426 557; x_wconf 66' lang='grc' dir='ltr'>ἔθνος</span> <span class='ocrx_word' id='word_1_10' title='bbox 449 493 569 548; x_wconf 82' lang='grc' dir='ltr'>ὅλον</span> <span class='ocrx_word' id='word_1_11' title='bbox 596 494 788 567; x_wconf 78' lang='grc' dir='ltr'><strong>ἐτέχθη</strong></span> <span class='ocrx_word' id='word_1_12' title='bbox 820 496 1078 567; x_wconf 75' lang='grc' dir='ltr'>πώποτες</span> <span class='ocrx_word' id='word_1_13' title='bbox 1123 501 1240 554; x_wconf 80' lang='grc' dir='ltr'>ἀλλ’</span> <span class='ocrx_word' id='word_1_14' title='bbox 1279 503 1439 570; x_wconf 76' lang='grc' dir='ltr'>οὔτω,</span> <span class='ocrx_word' id='word_1_15' title='bbox 1486 507 1669 577; x_wconf 70' lang='grc' dir='ltr'>φησὶν,</span> <span class='ocrx_word' id='word_1_16' title='bbox 1726 526 1745 560; x_wconf 79' lang='grc' dir='ltr'><strong>ι</strong></span> <span class='ocrx_word' id='word_1_17' title='bbox 1784 509 1830 562; x_wconf 79' lang='grc' dir='ltr'><strong><em>Ἥ</em></strong></span> 
     </span>
    </p>
   </div>
   <div class='ocr_carea' id='block_1_5' title="bbox 1929 492 3521 581">
    <p class='ocr_par' dir='ltr' id='par_1_5' title="bbox 1951 506 3521 581">
     <span class='ocr_line' id='line_1_5' title="bbox 1951 506 3521 581; baseline 0.006 -20"><span class='ocrx_word' id='word_1_18' title='bbox 1951 507 2234 563; x_wconf 75' lang='lat' dir='ltr'><strong>manifeste</strong></span> <span class='ocrx_word' id='word_1_19' title='bbox 2270 508 2343 561; x_wconf 90' lang='lat' dir='ltr'><strong>sit</strong></span> <span class='ocrx_word' id='word_1_20' title='bbox 2403 507 2627 576; x_wconf 60' lang='lat' dir='ltr'><strong>integrae</strong></span> <span class='ocrx_word' id='word_1_21' title='bbox 2646 507 2820 577; x_wconf 79' lang='lat' dir='ltr'><strong>gentis</strong></span> <span class='ocrx_word' id='word_1_22' title='bbox 2848 506 2987 564; x_wconf 87' lang='lat' dir='ltr'><strong>fetus</strong></span> <span class='ocrx_word' id='word_1_23' title='bbox 3022 516 3081 565; x_wconf 92' lang='lat' dir='ltr'><strong>et</strong></span> <span class='ocrx_word' id='word_1_24' title='bbox 3133 512 3360 581; x_wconf 66' lang='lat' dir='ltr'><strong>partus}</strong></span> <span class='ocrx_word' id='word_1_25' title='bbox 3410 514 3521 569; x_wconf 87' lang='lat' dir='ltr'><strong>Sed</strong></span> 
     </span>
    </p>
   </div>
   <div class='ocr_carea' id='block_1_6' title="bbox 273 585 1844 672">
    <p class='ocr_par' dir='ltr' id='par_1_6' title="bbox 273 585 1844 672">
     <span class='ocr_line' id='line_1_6' title="bbox 273 585 1844 672; baseline 0.01 -35"><span class='ocrx_word' id='word_1_26' title='bbox 273 585 411 639; x_wconf 84' lang='grc' dir='ltr'>Σιὼν</span> <span class='ocrx_word' id='word_1_27' title='bbox 446 586 600 639; x_wconf 72' lang='grc' dir='ltr'>ἔτεκε</span> <span class='ocrx_word' id='word_1_28' title='bbox 629 587 699 641; x_wconf 86' lang='grc' dir='ltr'><strong>τὰ</strong></span> <span class='ocrx_word' id='word_1_29' title='bbox 718 590 908 644; x_wconf 90' lang='grc' dir='ltr'>παιδία</span> <span class='ocrx_word' id='word_1_30' title='bbox 930 593 1120 663; x_wconf 81' lang='grc' dir='ltr'>αὐτῆς.</span> <span class='ocrx_word' id='word_1_31' title='bbox 1168 614 1188 645; x_wconf 73' lang='grc' dir='ltr'><strong>ι</strong></span> <span class='ocrx_word' id='word_1_32' title='bbox 1218 595 1292 648; x_wconf 86' lang='grc' dir='ltr'>Τὸ</span> <span class='ocrx_word' id='word_1_33' title='bbox 1314 595 1420 668; x_wconf 81' lang='grc' dir='ltr'><strong>γὰρ</strong></span> <span class='ocrx_word' id='word_1_34' title='bbox 1445 598 1503 651; x_wconf 92' lang='grc' dir='ltr'><strong>ἐν</strong></span> <span class='ocrx_word' id='word_1_35' title='bbox 1530 600 1715 671; x_wconf 78' lang='grc' dir='ltr'>ἡμέρᾳ</span> <span class='ocrx_word' id='word_1_36' title='bbox 1747 603 1844 672; x_wconf 82' lang='grc' dir='ltr'><strong>μιᾷ</strong></span> 
     </span>
    </p>
   </div>
   <div class='ocr_carea' id='block_1_7' title="bbox 270 678 1843 762">
    <p class='ocr_par' dir='ltr' id='par_1_7' title="bbox 270 678 1843 762">
     <span class='ocr_line' id='line_1_7' title="bbox 270 678 1843 762; baseline 0.01 -34"><span class='ocrx_word' id='word_1_37' title='bbox 270 679 420 747; x_wconf 80' lang='grc' dir='ltr'>τρεῖς</span> <span class='ocrx_word' id='word_1_38' title='bbox 439 678 679 747; x_wconf 82' lang='grc' dir='ltr'><strong>χιλιάδας</strong></span> <span class='ocrx_word' id='word_1_39' title='bbox 712 682 1087 752; x_wconf 83' lang='grc' dir='ltr'>προστεθεῖναι</span> <span class='ocrx_word' id='word_1_40' title='bbox 1114 685 1313 755; x_wconf 83' lang='grc' dir='ltr'>ψυχὰς,</span> <span class='ocrx_word' id='word_1_41' title='bbox 1348 689 1442 740; x_wconf 76' lang='grc' dir='ltr'>καὶ</span> <span class='ocrx_word' id='word_1_42' title='bbox 1464 691 1843 762; x_wconf 82' lang='grc' dir='ltr'>πνευματικὴν</span> 
     </span>
    </p>
   </div>
   <div class='ocr_carea' id='block_1_8' title="bbox 270 769 1842 851">
    <p class='ocr_par' dir='ltr' id='par_1_8' title="bbox 270 769 1842 851">
     <span class='ocr_line' id='line_1_8' title="bbox 270 769 1842 851; baseline 0.01 -30"><span class='ocrx_word' id='word_1_43' title='bbox 270 769 626 841; x_wconf 88' lang='grc' dir='ltr'>ἀναγέννησιν</span> <span class='ocrx_word' id='word_1_44' title='bbox 644 772 930 843; x_wconf 82' lang='grc' dir='ltr'>ὑπομεῖναι</span> <span class='ocrx_word' id='word_1_45' title='bbox 946 775 1036 829; x_wconf 83' lang='grc' dir='ltr'>διὰ</span> <span class='ocrx_word' id='word_1_46' title='bbox 1057 777 1155 846; x_wconf 88' lang='grc' dir='ltr'><strong>τῆς</strong></span> <span class='ocrx_word' id='word_1_47' title='bbox 1172 778 1408 843; x_wconf 88' lang='grc' dir='ltr'>πίστεως</span> <span class='ocrx_word' id='word_1_48' title='bbox 1456 781 1549 833; x_wconf 76' lang='grc' dir='ltr'>καὶ</span> <span class='ocrx_word' id='word_1_49' title='bbox 1572 781 1665 834; x_wconf 87' lang='grc' dir='ltr'><strong>τοῦ</strong></span> <span class='ocrx_word' id='word_1_50' title='bbox 1687 782 1842 851; x_wconf 82' lang='grc' dir='ltr'><strong>ἁγίου</strong></span> 
     </span>
    </p>
   </div>
   <div class='ocr_carea' id='block_1_9' title="bbox 272 858 1843 938">
    <p class='ocr_par' dir='ltr' id='par_1_9' title="bbox 272 858 1843 938">
     <span class='ocr_line' id='line_1_9' title="bbox 272 858 1843 938; baseline 0.009 -28"><span class='ocrx_word' id='word_1_51' title='bbox 272 858 665 929; x_wconf 81' lang='grc' dir='ltr'><strong>βαπτίσματος,</strong></span> <span class='ocrx_word' id='word_1_52' title='bbox 702 863 819 925; x_wconf 89' lang='grc' dir='ltr'><strong>πῶς</strong></span> <span class='ocrx_word' id='word_1_53' title='bbox 841 864 939 917; x_wconf 82' lang='grc' dir='ltr'>οὐκ</span> <span class='ocrx_word' id='word_1_54' title='bbox 978 867 1223 935; x_wconf 78' lang='grc' dir='ltr'><strong>ἐναργῶς</strong></span> <span class='ocrx_word' id='word_1_55' title='bbox 1269 867 1352 938; x_wconf 81' lang='grc' dir='ltr'>εἴη</span> <span class='ocrx_word' id='word_1_56' title='bbox 1400 868 1467 922; x_wconf 86' lang='grc' dir='ltr'><strong>ἃν</strong></span> <span class='ocrx_word' id='word_1_57' title='bbox 1503 869 1689 933; x_wconf 85' lang='grc' dir='ltr'>ἐθνους</span> <span class='ocrx_word' id='word_1_58' title='bbox 1727 872 1843 925; x_wconf 84' lang='grc' dir='ltr'>ὁλο-</span> 
     </span>
    </p>
   </div>
   <div class='ocr_carea' id='block_1_10' title="bbox 267 949 1839 1033">
    <p class='ocr_par' dir='ltr' id='par_1_10' title="bbox 267 949 1839 1033">
     <span class='ocr_line' id='line_1_10' title="bbox 267 949 1839 1033; baseline 0.008 -30"><span class='ocrx_word' id='word_1_59' title='bbox 267 949 471 1021; x_wconf 80' lang='grc' dir='ltr'>κλήρου</span> <span class='ocrx_word' id='word_1_60' title='bbox 508 951 703 1023; x_wconf 81' lang='grc' dir='ltr'><strong>κύησις</strong></span> <span class='ocrx_word' id='word_1_61' title='bbox 749 954 841 1007; x_wconf 82' lang='grc' dir='ltr'>καὶ</span> <span class='ocrx_word' id='word_1_62' title='bbox 872 955 1125 1022; x_wconf 81' lang='grc' dir='ltr'>ἀπότεξις</span> <span class='ocrx_word' id='word_1_63' title='bbox 1154 974 1169 1022; x_wconf 90' lang='grc'><strong>;</strong></span> <span class='ocrx_word' id='word_1_64' title='bbox 1210 958 1381 1022; x_wconf 78' lang='grc' dir='ltr'>Ἀλλ’,</span> <span class='ocrx_word' id='word_1_65' title='bbox 1415 978 1434 1011; x_wconf 81' lang='lat' dir='ltr'><strong>t</strong></span> <span class='ocrx_word' id='word_1_66' title='bbox 1469 960 1640 1028; x_wconf 87' lang='grc' dir='ltr'>Ἐγὼ,</span> <span class='ocrx_word' id='word_1_67' title='bbox 1686 963 1839 1033; x_wconf 79' lang='grc' dir='ltr'>φησὶ,</span> 
     </span>
    </p>
   </div>
   <div class='ocr_carea' id='block_1_11' title="bbox 264 1040 1842 1125">
    <p class='ocr_par' dir='ltr' id='par_1_11' title="bbox 264 1040 1842 1125">
     <span class='ocr_line' id='line_1_11' title="bbox 264 1040 1842 1125; baseline 0.01 -31"><span class='ocrx_word' id='word_1_68' title='bbox 264 1040 473 1096; x_wconf 81' lang='grc' dir='ltr'>δέδωκα</span> <span class='ocrx_word' id='word_1_69' title='bbox 514 1042 613 1115; x_wconf 80' lang='grc' dir='ltr'>τὴν</span> <span class='ocrx_word' id='word_1_70' title='bbox 657 1046 985 1116; x_wconf 74' lang='grc' dir='ltr'>προσδοκίαν</span> <span class='ocrx_word' id='word_1_71' title='bbox 1028 1049 1252 1119; x_wconf 84' lang='grc' dir='ltr'>ταύτην.</span> <span class='ocrx_word' id='word_1_72' title='bbox 1282 1069 1300 1102; x_wconf 87' lang='grc'><strong>›</strong></span> <span class='ocrx_word' id='word_1_73' title='bbox 1346 1052 1677 1125; x_wconf 85' lang='grc' dir='ltr'>Προείρηται</span> <span class='ocrx_word' id='word_1_74' title='bbox 1733 1055 1842 1125; x_wconf 84' lang='grc' dir='ltr'><strong>γὰρ</strong></span> 
     </span>
    </p>
   </div>
   <div class='ocr_carea' id='block_1_12' title="bbox 265 1134 1841 1219">
    <p class='ocr_par' dir='ltr' id='par_1_12' title="bbox 265 1134 1841 1219">
     <span class='ocr_line' id='line_1_12' title="bbox 265 1134 1841 1219; baseline 0.01 -32"><span class='ocrx_word' id='word_1_75' title='bbox 265 1134 360 1187; x_wconf 77' lang='grc' dir='ltr'>καὶ</span> <span class='ocrx_word' id='word_1_76' title='bbox 383 1134 542 1189; x_wconf 86' lang='grc' dir='ltr'>τοῦτο</span> <span class='ocrx_word' id='word_1_77' title='bbox 565 1135 652 1189; x_wconf 83' lang='grc' dir='ltr'><strong>διὰ</strong></span> <span class='ocrx_word' id='word_1_78' title='bbox 682 1139 864 1209; x_wconf 84' lang='grc' dir='ltr'>φωνῆς</span> <span class='ocrx_word' id='word_1_79' title='bbox 900 1141 1073 1208; x_wconf 80' lang='grc' dir='ltr'>ἁγίων</span> <span class='ocrx_word' id='word_1_80' title='bbox 1098 1144 1412 1215; x_wconf 84' lang='grc' dir='ltr'><strong>προφητῶν,</strong></span> <span class='ocrx_word' id='word_1_81' title='bbox 1438 1146 1530 1199; x_wconf 80' lang='grc' dir='ltr'>καὶ</span> <span class='ocrx_word' id='word_1_82' title='bbox 1558 1148 1841 1219; x_wconf 78' lang='grc' dir='ltr'>προεπήγ-</span> 
     </span>
    </p>
   </div>
   <div class='ocr_carea' id='block_1_13' title="bbox 262 1224 1842 1308">
    <p class='ocr_par' dir='ltr' id='par_1_13' title="bbox 262 1224 1842 1308">
     <span class='ocr_line' id='line_1_13' title="bbox 262 1224 1842 1308; baseline 0.01 -31"><span class='ocrx_word' id='word_1_83' title='bbox 262 1224 450 1292; x_wconf 81' lang='grc' dir='ltr'>γελται</span> <span class='ocrx_word' id='word_1_84' title='bbox 522 1226 653 1290; x_wconf 79' lang='grc' dir='ltr'>Θεὸς</span> <span class='ocrx_word' id='word_1_85' title='bbox 709 1230 845 1301; x_wconf 84' lang='grc' dir='ltr'>αὐτῇ</span> <span class='ocrx_word' id='word_1_86' title='bbox 902 1232 1000 1303; x_wconf 83' lang='grc' dir='ltr'>τὴν</span> <span class='ocrx_word' id='word_1_87' title='bbox 1058 1234 1413 1290; x_wconf 87' lang='grc' dir='ltr'>πολυπαιδίαν</span> <span class='ocrx_word' id='word_1_88' title='bbox 1445 1253 1458 1266; x_wconf 66' lang='grc'><strong><em>⁸</em></strong></span> <span class='ocrx_word' id='word_1_89' title='bbox 1506 1238 1692 1308; x_wconf 78' lang='grc' dir='ltr'>«Πλὴν</span> <span class='ocrx_word' id='word_1_90' title='bbox 1742 1240 1842 1292; x_wconf 78' lang='grc' dir='ltr'>οὐκ</span> 
     </span>
    </p>
   </div>
   <div class='ocr_carea' id='block_1_14' title="bbox 263 1319 1842 1402">
    <p class='ocr_par' dir='ltr' id='par_1_14' title="bbox 263 1319 1842 1402">
     <span class='ocr_line' id='line_1_14' title="bbox 263 1319 1842 1402; baseline 0.009 -31"><span class='ocrx_word' id='word_1_91' title='bbox 263 1319 509 1391; x_wconf 80' lang='grc' dir='ltr'>ἐμνήσθη</span> <span class='ocrx_word' id='word_1_92' title='bbox 577 1339 699 1390; x_wconf 88' lang='grc' dir='ltr'>μου,</span> <span class='ocrx_word' id='word_1_93' title='bbox 761 1324 897 1395; x_wconf 71' lang='grc' dir='ltr'>φησὶ</span> <span class='ocrx_word' id='word_1_94' title='bbox 951 1326 1189 1396; x_wconf 82' lang='grc' dir='ltr'>Κύριος,</span> <span class='ocrx_word' id='word_1_95' title='bbox 1240 1329 1418 1383; x_wconf 84' lang='grc' dir='ltr'>καίτοι</span> <span class='ocrx_word' id='word_1_96' title='bbox 1469 1333 1687 1402; x_wconf 83' lang='grc' dir='ltr'>στεῖραν</span> <span class='ocrx_word' id='word_1_97' title='bbox 1748 1333 1842 1386; x_wconf 72' lang='grc' dir='ltr'>καὶ</span> 
     </span>
    </p>
   </div>
   <div class='ocr_carea' id='block_1_15' title="bbox 262 1411 1840 1495">
    <p class='ocr_par' dir='ltr' id='par_1_15' title="bbox 262 1411 1840 1495">
     <span class='ocr_line' id='line_1_15' title="bbox 262 1411 1840 1495; baseline 0.009 -32"><span class='ocrx_word' id='word_1_98' title='bbox 262 1411 539 1477; x_wconf 86' lang='grc' dir='ltr'>γεννῶσαν</span> <span class='ocrx_word' id='word_1_99' title='bbox 564 1412 676 1483; x_wconf 87' lang='grc' dir='ltr'><strong>ἐγὼ</strong></span> <span class='ocrx_word' id='word_1_100' title='bbox 717 1418 1019 1488; x_wconf 62' lang='grc' dir='ltr'>πποίηκα.</span> <span class='ocrx_word' id='word_1_101' title='bbox 1047 1438 1064 1468; x_wconf 76' lang='grc' dir='ltr'><strong>ν</strong></span> <span class='ocrx_word' id='word_1_102' title='bbox 1119 1419 1178 1473; x_wconf 84' lang='lat'>&#39;0</span> <span class='ocrx_word' id='word_1_103' title='bbox 1214 1420 1271 1474; x_wconf 85' lang='grc' dir='ltr'>δὲ</span> <span class='ocrx_word' id='word_1_104' title='bbox 1312 1420 1514 1475; x_wconf 81' lang='grc' dir='ltr'>τούτων</span> <span class='ocrx_word' id='word_1_105' title='bbox 1556 1423 1693 1493; x_wconf 77' lang='grc' dir='ltr'>ἔχων</span> <span class='ocrx_word' id='word_1_106' title='bbox 1741 1424 1840 1495; x_wconf 84' lang='grc' dir='ltr'>τὴν</span> 
     </span>
    </p>
   </div>
   <div class='ocr_carea' id='block_1_16' title="bbox 264 1499 1839 1586">
    <p class='ocr_par' dir='ltr' id='par_1_16' title="bbox 264 1499 1839 1586">
     <span class='ocr_line' id='line_1_16' title="bbox 264 1499 1839 1586; baseline 0.011 -34"><span class='ocrx_word' id='word_1_107' title='bbox 264 1499 536 1564; x_wconf 78' lang='grc' dir='ltr'>ἐξουσίαν.</span> <span class='ocrx_word' id='word_1_108' title='bbox 594 1505 712 1568; x_wconf 85' lang='grc' dir='ltr'><strong>πῶς</strong></span> <span class='ocrx_word' id='word_1_109' title='bbox 772 1506 839 1559; x_wconf 85' lang='grc' dir='ltr'>ἂν</span> <span class='ocrx_word' id='word_1_110' title='bbox 894 1507 1096 1562; x_wconf 82' lang='grc' dir='ltr'>ἄπαιδα</span> <span class='ocrx_word' id='word_1_111' title='bbox 1148 1512 1398 1579; x_wconf 84' lang='grc' dir='ltr'>γενέσθαι</span> <span class='ocrx_word' id='word_1_112' title='bbox 1461 1500 1839 1586; x_wconf 68' lang='grc' dir='ltr'>συνεχώρησεν</span> 
     </span>
    </p>
   </div>
   <div class='ocr_carea' id='block_1_17' title="bbox 262 1593 1841 1676">
    <p class='ocr_par' dir='ltr' id='par_1_17' title="bbox 262 1593 1841 1676">
     <span class='ocr_line' id='line_1_17' title="bbox 262 1593 1841 1676; baseline 0.01 -31"><span class='ocrx_word' id='word_1_113' title='bbox 262 1593 471 1661; x_wconf 79' lang='grc' dir='ltr'>αὐτὴν,</span> <span class='ocrx_word' id='word_1_114' title='bbox 513 1595 669 1665; x_wconf 84' lang='grc' dir='ltr'>εῐπερ</span> <span class='ocrx_word' id='word_1_115' title='bbox 693 1597 946 1667; x_wconf 77' lang='grc' dir='ltr'>ἠθέλησε,</span> <span class='ocrx_word' id='word_1_116' title='bbox 972 1600 1069 1669; x_wconf 82' lang='grc' dir='ltr'>τὴν</span> <span class='ocrx_word' id='word_1_117' title='bbox 1112 1603 1190 1665; x_wconf 85' lang='grc' dir='ltr'><strong>εἰς</strong></span> <span class='ocrx_word' id='word_1_118' title='bbox 1232 1603 1392 1656; x_wconf 81' lang='grc' dir='ltr'>αὐτὸν</span> <span class='ocrx_word' id='word_1_119' title='bbox 1451 1606 1631 1659; x_wconf 85' lang='grc' dir='ltr'>πίστιν</span> <span class='ocrx_word' id='word_1_120' title='bbox 1675 1622 1841 1676; x_wconf 89' lang='grc' dir='ltr'>προσ-</span> 
     </span>
    </p>
   </div>
   <div class='ocr_carea' id='block_1_18' title="bbox 262 1684 1838 1766">
    <p class='ocr_par' dir='ltr' id='par_1_18' title="bbox 262 1684 1838 1766">
     <span class='ocr_line' id='line_1_18' title="bbox 262 1684 1838 1766; baseline 0.011 -32"><span class='ocrx_word' id='word_1_121' title='bbox 262 1684 535 1754; x_wconf 86' lang='grc' dir='ltr'>ηκαμένη,</span> <span class='ocrx_word' id='word_1_122' title='bbox 564 1687 829 1751; x_wconf 84' lang='grc' dir='ltr'>πολύπαις</span> <span class='ocrx_word' id='word_1_123' title='bbox 877 1707 933 1742; x_wconf 87' lang='grc' dir='ltr'><strong>τε</strong></span> <span class='ocrx_word' id='word_1_124' title='bbox 964 1692 1058 1744; x_wconf 74' lang='grc' dir='ltr'><strong>καὶ</strong></span> <span class='ocrx_word' id='word_1_125' title='bbox 1102 1692 1297 1757; x_wconf 75' lang='grc' dir='ltr'>εὔπαις</span> <span class='ocrx_word' id='word_1_126' title='bbox 1330 1695 1559 1766; x_wconf 89' lang='grc' dir='ltr'>ὀφθῆναι</span> <span class='ocrx_word' id='word_1_127' title='bbox 1598 1700 1709 1760; x_wconf 84' lang='grc' dir='ltr'>τοῖς</span> <span class='ocrx_word' id='word_1_128' title='bbox 1737 1698 1838 1751; x_wconf 80' lang='grc' dir='ltr'><strong>ἀνὰ</strong></span> 
     </span>
    </p>
   </div>
   <div class='ocr_carea' id='block_1_19' title="bbox 262 1776 1834 1857">
    <p class='ocr_par' dir='ltr' id='par_1_19' title="bbox 262 1776 1834 1857">
     <span class='ocr_line' id='line_1_19' title="bbox 262 1776 1834 1857; baseline 0.008 -31"><span class='ocrx_word' id='word_1_129' title='bbox 262 1776 443 1828; x_wconf 84' lang='grc' dir='ltr'>πᾶσαν</span> <span class='ocrx_word' id='word_1_130' title='bbox 477 1776 574 1846; x_wconf 78' lang='grc' dir='ltr'>τὴν</span> <span class='ocrx_word' id='word_1_131' title='bbox 614 1779 749 1847; x_wconf 90' lang='grc' dir='ltr'>γῆν;</span> <span class='ocrx_word' id='word_1_132' title='bbox 795 1780 1056 1850; x_wconf 81' lang='grc' dir='ltr'>ἐπειδὴδὲ</span> <span class='ocrx_word' id='word_1_133' title='bbox 1080 1782 1301 1851; x_wconf 89' lang='grc' dir='ltr'>γέγονεν</span> <span class='ocrx_word' id='word_1_134' title='bbox 1328 1784 1576 1855; x_wconf 78' lang='grc' dir='ltr'>ἀπειθὴς,</span> <span class='ocrx_word' id='word_1_135' title='bbox 1606 1787 1834 1857; x_wconf 77' lang='grc' dir='ltr'>σκληρὰ,</span> 
     </span>
    </p>
   </div>
   <div class='ocr_carea' id='block_1_20' title="bbox 1949 598 3520 667">
    <p class='ocr_par' dir='ltr' id='par_1_20' title="bbox 1949 598 3520 667">
     <span class='ocr_line' id='line_1_20' title="bbox 1949 598 3520 667; baseline 0.005 -17"><span class='ocrx_word' id='word_1_136' title='bbox 1949 616 1970 650; x_wconf 75' lang='grc' dir='ltr'><strong>ι</strong></span> <span class='ocrx_word' id='word_1_137' title='bbox 2012 598 2142 667; x_wconf 82' lang='lat' dir='ltr'><strong>Ego,</strong></span> <span class='ocrx_word' id='word_1_138' title='bbox 2201 598 2395 666; x_wconf 78' lang='lat' dir='ltr'><strong>inquit,</strong></span> <span class='ocrx_word' id='word_1_139' title='bbox 2432 598 2551 652; x_wconf 92' lang='lat' dir='ltr'><strong>dedi</strong></span> <span class='ocrx_word' id='word_1_140' title='bbox 2609 599 3068 667; x_wconf 73' lang='lat' dir='ltr'><strong>exspectationem</strong></span> <span class='ocrx_word' id='word_1_141' title='bbox 3126 602 3283 657; x_wconf 84' lang='lat' dir='ltr'><strong>hanc.</strong></span> <span class='ocrx_word' id='word_1_142' title='bbox 3314 621 3335 656; x_wconf 72' lang='grc' dir='ltr'><strong>ι</strong></span> <span class='ocrx_word' id='word_1_143' title='bbox 3370 601 3520 659; x_wconf 69' lang='lat' dir='ltr'><strong>Prae-</strong></span> 
     </span>
    </p>
   </div>
   <div class='ocr_carea' id='block_1_21' title="bbox 1944 688 3515 762">
    <p class='ocr_par' dir='ltr' id='par_1_21' title="bbox 1944 688 3515 762">
     <span class='ocr_line' id='line_1_21' title="bbox 1944 688 3515 762; baseline 0.004 -19"><span class='ocrx_word' id='word_1_144' title='bbox 1944 688 2143 743; x_wconf 90' lang='lat' dir='ltr'><strong>dictum</strong></span> <span class='ocrx_word' id='word_1_145' title='bbox 2168 697 2253 743; x_wconf 86' lang='lat' dir='ltr'><strong>est</strong></span> <span class='ocrx_word' id='word_1_146' title='bbox 2282 688 2426 743; x_wconf 92' lang='lat' dir='ltr'><strong>enim</strong></span> <span class='ocrx_word' id='word_1_147' title='bbox 2458 690 2560 744; x_wconf 89' lang='lat' dir='ltr'><strong>hoc</strong></span> <span class='ocrx_word' id='word_1_148' title='bbox 2581 703 2715 744; x_wconf 86' lang='lat' dir='ltr'><strong>voce</strong></span> <span class='ocrx_word' id='word_1_149' title='bbox 2743 699 3056 747; x_wconf 90' lang='lat' dir='ltr'><strong>sanctorum</strong></span> <span class='ocrx_word' id='word_1_150' title='bbox 3102 695 3515 762; x_wconf 81' lang='lat' dir='ltr'><strong>prOphetarum,</strong></span> 
     </span>
    </p>
   </div>
   <div class='ocr_carea' id='block_1_22' title="bbox 1942 779 3519 849">
    <p class='ocr_par' dir='ltr' id='par_1_22' title="bbox 1942 779 3519 849">
     <span class='ocr_line' id='line_1_22' title="bbox 1942 779 3519 849; baseline 0.007 -17"><span class='ocrx_word' id='word_1_151' title='bbox 1942 780 2335 849; x_wconf 90' lang='lat' dir='ltr'><strong>etpromisitei</strong></span> <span class='ocrx_word' id='word_1_152' title='bbox 2361 779 2502 834; x_wconf 91' lang='lat' dir='ltr'><strong>Deus</strong></span> <span class='ocrx_word' id='word_1_153' title='bbox 2534 780 2939 837; x_wconf 83' lang='lat' dir='ltr'><strong>fecunditatem.</strong></span> <span class='ocrx_word' id='word_1_154' title='bbox 2982 803 2999 835; x_wconf 86' lang='grc'>‹</span> <span class='ocrx_word' id='word_1_155' title='bbox 3040 784 3233 839; x_wconf 86' lang='lat' dir='ltr'><strong>Verum</strong></span> <span class='ocrx_word' id='word_1_156' title='bbox 3284 802 3389 842; x_wconf 90' lang='lat' dir='ltr'><strong>non</strong></span> <span class='ocrx_word' id='word_1_157' title='bbox 3433 801 3519 843; x_wconf 83' lang='lat' dir='ltr'><strong>re-</strong></span> 
     </span>
    </p>
   </div>
   <div class='ocr_carea' id='block_1_23' title="bbox 1942 872 3517 941">
    <p class='ocr_par' dir='ltr' id='par_1_23' title="bbox 1942 872 3517 941">
     <span class='ocr_line' id='line_1_23' title="bbox 1942 872 3517 941; baseline 0.004 -16"><span class='ocrx_word' id='word_1_158' title='bbox 1942 873 2162 926; x_wconf 87' lang='lat' dir='ltr'><strong>cordata</strong></span> <span class='ocrx_word' id='word_1_159' title='bbox 2256 880 2340 927; x_wconf 90' lang='lat' dir='ltr'><strong>est</strong></span> <span class='ocrx_word' id='word_1_160' title='bbox 2388 872 2513 937; x_wconf 91' lang='lat' dir='ltr'><strong>mei,</strong></span> <span class='ocrx_word' id='word_1_161' title='bbox 2574 873 2747 941; x_wconf 87' lang='lat' dir='ltr'><strong>inquit</strong></span> <span class='ocrx_word' id='word_1_162' title='bbox 2798 873 3088 941; x_wconf 88' lang='lat' dir='ltr'><strong>Dominus,</strong></span> <span class='ocrx_word' id='word_1_163' title='bbox 3137 876 3239 930; x_wconf 87' lang='lat' dir='ltr'><strong>etsi</strong></span> <span class='ocrx_word' id='word_1_164' title='bbox 3280 877 3517 933; x_wconf 82' lang='lat' dir='ltr'><strong>sterilem</strong></span> 
     </span>
    </p>
   </div>
   <div class='ocr_carea' id='block_1_24' title="bbox 1882 961 3519 1037">
    <p class='ocr_par' dir='ltr' id='par_1_24' title="bbox 1882 961 3519 1037">
     <span class='ocr_line' id='line_1_24' title="bbox 1882 961 3519 1037; baseline 0.006 -23"><span class='ocrx_word' id='word_1_165' title='bbox 1882 1022 1891 1033; x_wconf 31' lang='grc' dir='ltr'><strong>ί</strong></span> <span class='ocrx_word' id='word_1_166' title='bbox 1941 968 1996 1015; x_wconf 89' lang='lat' dir='ltr'><strong>et</strong></span> <span class='ocrx_word' id='word_1_167' title='bbox 2030 970 2375 1029; x_wconf 74' lang='lat' dir='ltr'><strong>generantem</strong></span> <span class='ocrx_word' id='word_1_168' title='bbox 2413 961 2658 1016; x_wconf 85' lang='lat' dir='ltr'><strong>fecerim.</strong></span> <span class='ocrx_word' id='word_1_169' title='bbox 2708 981 2725 1013; x_wconf 84' lang='grc'>›</span> <span class='ocrx_word' id='word_1_170' title='bbox 2766 962 2865 1029; x_wconf 87' lang='lat' dir='ltr'><strong>Qui</strong></span> <span class='ocrx_word' id='word_1_171' title='bbox 2896 965 3006 1018; x_wconf 62' lang='lat' dir='ltr'><strong>haec</strong></span> <span class='ocrx_word' id='word_1_172' title='bbox 3027 974 3221 1035; x_wconf 88' lang='lat' dir='ltr'><strong>potest,</strong></span> <span class='ocrx_word' id='word_1_173' title='bbox 3252 970 3519 1037; x_wconf 88' lang='lat' dir='ltr'><strong>quomodo</strong></span> 
     </span>
    </p>
   </div>
   <div class='ocr_carea' id='block_1_25' title="bbox 1940 1052 3517 1128">
    <p class='ocr_par' dir='ltr' id='par_1_25' title="bbox 1940 1052 3517 1128">
     <span class='ocr_line' id='line_1_25' title="bbox 1940 1052 3517 1128; baseline 0.005 -23"><span class='ocrx_word' id='word_1_174' title='bbox 1940 1052 2186 1120; x_wconf 82' lang='lat' dir='ltr'><strong>permisit</strong></span> <span class='ocrx_word' id='word_1_175' title='bbox 2207 1068 2326 1107; x_wconf 90' lang='lat' dir='ltr'><strong>eam</strong></span> <span class='ocrx_word' id='word_1_176' title='bbox 2360 1053 2546 1109; x_wconf 87' lang='lat' dir='ltr'><strong>orbam</strong></span> <span class='ocrx_word' id='word_1_177' title='bbox 2590 1053 2753 1108; x_wconf 78' lang='lat' dir='ltr'><strong>ﬁeri?</strong></span> <span class='ocrx_word' id='word_1_178' title='bbox 2782 1054 2838 1109; x_wconf 92' lang='lat' dir='ltr'><strong>Si</strong></span> <span class='ocrx_word' id='word_1_179' title='bbox 2887 1055 3146 1111; x_wconf 83' lang='lat' dir='ltr'><strong>voluisset</strong></span> <span class='ocrx_word' id='word_1_180' title='bbox 3178 1056 3337 1113; x_wconf 83' lang='lat' dir='ltr'><strong>[idem</strong></span> <span class='ocrx_word' id='word_1_181' title='bbox 3356 1057 3409 1113; x_wconf 93' lang='lat' dir='ltr'><strong>in</strong></span> <span class='ocrx_word' id='word_1_182' title='bbox 3433 1059 3517 1128; x_wconf 89' lang='lat' dir='ltr'><strong>ip-</strong></span> 
     </span>
    </p>
   </div>
   <div class='ocr_carea' id='block_1_26' title="bbox 1940 1143 3517 1216">
    <p class='ocr_par' dir='ltr' id='par_1_26' title="bbox 1940 1143 3517 1216">
     <span class='ocr_line' id='line_1_26' title="bbox 1940 1143 3517 1216; baseline 0.006 -21"><span class='ocrx_word' id='word_1_183' title='bbox 1940 1156 2058 1196; x_wconf 88' lang='lat' dir='ltr'><strong>sum</strong></span> <span class='ocrx_word' id='word_1_184' title='bbox 2078 1143 2381 1209; x_wconf 87' lang='lat' dir='ltr'><strong>admittere,</strong></span> <span class='ocrx_word' id='word_1_185' title='bbox 2414 1153 2470 1198; x_wconf 90' lang='lat' dir='ltr'><strong>et</strong></span> <span class='ocrx_word' id='word_1_186' title='bbox 2502 1145 2717 1215; x_wconf 78' lang='lat' dir='ltr'><strong>copiosa</strong></span> <span class='ocrx_word' id='word_1_187' title='bbox 2751 1155 2806 1199; x_wconf 92' lang='lat' dir='ltr'><strong>et</strong></span> <span class='ocrx_word' id='word_1_188' title='bbox 2852 1146 3078 1214; x_wconf 87' lang='lat' dir='ltr'><strong>pulchra</strong></span> <span class='ocrx_word' id='word_1_189' title='bbox 3116 1147 3270 1216; x_wconf 89' lang='lat' dir='ltr'><strong>prole</strong></span> <span class='ocrx_word' id='word_1_190' title='bbox 3329 1149 3517 1205; x_wconf 84' lang='lat' dir='ltr'><strong>dotata</strong></span> 
     </span>
    </p>
   </div>
   <div class='ocr_carea' id='block_1_27' title="bbox 1943 1235 3517 1309">
    <p class='ocr_par' dir='ltr' id='par_1_27' title="bbox 1943 1235 3517 1309">
     <span class='ocr_line' id='line_1_27' title="bbox 1943 1235 3517 1309; baseline 0.003 -19"><span class='ocrx_word' id='word_1_191' title='bbox 1943 1236 2289 1305; x_wconf 86' lang='lat' dir='ltr'><strong>apparuisset</strong></span> <span class='ocrx_word' id='word_1_192' title='bbox 2318 1235 2573 1290; x_wconf 91' lang='lat' dir='ltr'><strong>omnibus</strong></span> <span class='ocrx_word' id='word_1_193' title='bbox 2607 1244 2760 1291; x_wconf 70' lang='lat' dir='ltr'><strong>terra:</strong></span> <span class='ocrx_word' id='word_1_194' title='bbox 2791 1236 3003 1303; x_wconf 88' lang='lat' dir='ltr'><strong>incolis;</strong></span> <span class='ocrx_word' id='word_1_195' title='bbox 3043 1239 3136 1293; x_wconf 90' lang='lat' dir='ltr'><strong>sed</strong></span> <span class='ocrx_word' id='word_1_196' title='bbox 3169 1238 3292 1309; x_wconf 88' lang='lat' dir='ltr'><strong>quia</strong></span> <span class='ocrx_word' id='word_1_197' title='bbox 3319 1238 3517 1295; x_wconf 88' lang='lat' dir='ltr'><strong>immo-</strong></span> 
     </span>
    </p>
   </div>
   <div class='ocr_carea' id='block_1_28' title="bbox 1941 1325 3518 1397">
    <p class='ocr_par' dir='ltr' id='par_1_28' title="bbox 1941 1325 3518 1397">
     <span class='ocr_line' id='line_1_28' title="bbox 1941 1325 3518 1397; baseline 0.004 -15"><span class='ocrx_word' id='word_1_198' title='bbox 1941 1329 2116 1397; x_wconf 81' lang='lat' dir='ltr'><strong>rigera</strong></span> <span class='ocrx_word' id='word_1_199' title='bbox 2169 1325 2289 1392; x_wconf 87' lang='lat' dir='ltr'><strong>fuit,</strong></span> <span class='ocrx_word' id='word_1_200' title='bbox 2342 1327 2475 1380; x_wconf 91' lang='lat' dir='ltr'><strong>dura</strong></span> <span class='ocrx_word' id='word_1_201' title='bbox 2524 1337 2580 1382; x_wconf 92' lang='lat' dir='ltr'><strong>et</strong></span> <span class='ocrx_word' id='word_1_202' title='bbox 2615 1327 2957 1393; x_wconf 89' lang='lat' dir='ltr'><strong>refractaria,</strong></span> <span class='ocrx_word' id='word_1_203' title='bbox 2986 1328 3129 1384; x_wconf 91' lang='lat' dir='ltr'><strong>facta</strong></span> <span class='ocrx_word' id='word_1_204' title='bbox 3179 1339 3267 1386; x_wconf 89' lang='lat' dir='ltr'><strong>est</strong></span> <span class='ocrx_word' id='word_1_205' title='bbox 3313 1330 3518 1388; x_wconf 78' lang='lat' dir='ltr'><strong>sterilis</strong></span> 
     </span>
    </p>
   </div>
   <div class='ocr_carea' id='block_1_29' title="bbox 1942 1418 3519 1489">
    <p class='ocr_par' dir='ltr' id='par_1_29' title="bbox 1942 1418 3519 1489">
     <span class='ocr_line' id='line_1_29' title="bbox 1942 1418 3519 1489; baseline 0.003 -16"><span class='ocrx_word' id='word_1_206' title='bbox 1942 1420 2087 1489; x_wconf 88' lang='lat' dir='ltr'><strong>ipsa;</strong></span> <span class='ocrx_word' id='word_1_207' title='bbox 2130 1418 2370 1488; x_wconf 74' lang='lat' dir='ltr'><strong>gentium</strong></span> <span class='ocrx_word' id='word_1_208' title='bbox 2399 1426 2578 1473; x_wconf 90' lang='lat' dir='ltr'><strong>autem</strong></span> <span class='ocrx_word' id='word_1_209' title='bbox 2609 1419 2759 1489; x_wconf 78' lang='lat' dir='ltr'><strong>regio</strong></span> <span class='ocrx_word' id='word_1_210' title='bbox 2790 1421 2962 1475; x_wconf 87' lang='lat' dir='ltr'><strong>multo</strong></span> <span class='ocrx_word' id='word_1_211' title='bbox 3007 1426 3300 1476; x_wconf 81' lang='lat' dir='ltr'><strong>maximum</strong></span> <span class='ocrx_word' id='word_1_212' title='bbox 3341 1432 3397 1478; x_wconf 92' lang='lat' dir='ltr'><strong>et</strong></span> <span class='ocrx_word' id='word_1_213' title='bbox 3440 1422 3519 1477; x_wconf 90' lang='lat' dir='ltr'><strong>in-</strong></span> 
     </span>
    </p>
   </div>
   <div class='ocr_carea' id='block_1_30' title="bbox 1942 1509 3519 1582">
    <p class='ocr_par' dir='ltr' id='par_1_30' title="bbox 1942 1509 3519 1582">
     <span class='ocr_line' id='line_1_30' title="bbox 1942 1509 3519 1582; baseline 0.004 -17"><span class='ocrx_word' id='word_1_214' title='bbox 1942 1509 2334 1565; x_wconf 88' lang='lat' dir='ltr'><strong>numerabilem</strong></span> <span class='ocrx_word' id='word_1_215' title='bbox 2368 1510 2620 1580; x_wconf 84' lang='lat' dir='ltr'><strong>populum</strong></span> <span class='ocrx_word' id='word_1_216' title='bbox 2644 1513 2939 1581; x_wconf 81' lang='lat' dir='ltr'><strong>generavit.</strong></span> <span class='ocrx_word' id='word_1_217' title='bbox 2966 1512 3077 1568; x_wconf 89' lang='lat' dir='ltr'><strong>lloc</strong></span> <span class='ocrx_word' id='word_1_218' title='bbox 3128 1514 3301 1582; x_wconf 89' lang='lat' dir='ltr'><strong>ipsum</strong></span> <span class='ocrx_word' id='word_1_219' title='bbox 3360 1516 3519 1571; x_wconf 75' lang='lat' dir='ltr'><strong>docet</strong></span> 
     </span>
    </p>
   </div>
   <div class='ocr_carea' id='block_1_31' title="bbox 1937 1602 3515 1675">
    <p class='ocr_par' dir='ltr' id='par_1_31' title="bbox 1937 1602 3515 1675">
     <span class='ocr_line' id='line_1_31' title="bbox 1937 1602 3515 1675; baseline 0.004 -21"><span class='ocrx_word' id='word_1_220' title='bbox 1937 1617 2153 1671; x_wconf 90' lang='lat' dir='ltr'><strong>quoque</strong></span> <span class='ocrx_word' id='word_1_221' title='bbox 2191 1602 2404 1656; x_wconf 85' lang='lat' dir='ltr'><strong>divinus</strong></span> <span class='ocrx_word' id='word_1_222' title='bbox 2432 1604 2690 1671; x_wconf 85' lang='lat' dir='ltr'><strong>propheta</strong></span> <span class='ocrx_word' id='word_1_223' title='bbox 2716 1603 2902 1668; x_wconf 88' lang='lat' dir='ltr'><strong>Isaias,</strong></span> <span class='ocrx_word' id='word_1_224' title='bbox 2933 1604 3368 1674; x_wconf 89' lang='lat' dir='ltr'><strong>velutalloquens</strong></span> <span class='ocrx_word' id='word_1_225' title='bbox 3382 1622 3515 1675; x_wconf 71' lang='lat' dir='ltr'><strong>gen-</strong></span> 
     </span>
    </p>
   </div>
   <div class='ocr_carea' id='block_1_32' title="bbox 1939 1692 3514 1769">
    <p class='ocr_par' dir='ltr' id='par_1_32' title="bbox 1939 1692 3514 1769">
     <span class='ocr_line' id='line_1_32' title="bbox 1939 1692 3514 1769; baseline 0.004 -22"><span class='ocrx_word' id='word_1_226' title='bbox 1939 1697 2067 1747; x_wconf 86' lang='lat' dir='ltr'><strong>tium</strong></span> <span class='ocrx_word' id='word_1_227' title='bbox 2098 1694 2392 1750; x_wconf 88' lang='lat' dir='ltr'><strong>Ecclesiam</strong></span> <span class='ocrx_word' id='word_1_228' title='bbox 2430 1714 2442 1748; x_wconf 89' lang='lat'><strong>:</strong></span> <span class='ocrx_word' id='word_1_229' title='bbox 2492 1713 2510 1745; x_wconf 75' lang='grc' dir='ltr'><strong>ι</strong></span> <span class='ocrx_word' id='word_1_230' title='bbox 2550 1692 2781 1760; x_wconf 66' lang='lat' dir='ltr'><strong>Lictare,</strong></span> <span class='ocrx_word' id='word_1_231' title='bbox 2814 1696 3034 1761; x_wconf 84' lang='lat' dir='ltr'><strong>sterilis,</strong></span> <span class='ocrx_word' id='word_1_232' title='bbox 3068 1713 3188 1767; x_wconf 55' lang='lat' dir='ltr'><strong>qua</strong></span> <span class='ocrx_word' id='word_1_233' title='bbox 3215 1714 3319 1753; x_wconf 93' lang='lat' dir='ltr'><strong>non</strong></span> <span class='ocrx_word' id='word_1_234' title='bbox 3347 1700 3514 1769; x_wconf 88' lang='lat' dir='ltr'><strong>paris,</strong></span> 
     </span>
    </p>
   </div>
   <div class='ocr_carea' id='block_1_33' title="bbox 1937 1785 3515 1860">
    <p class='ocr_par' dir='ltr' id='par_1_33' title="bbox 1937 1785 3515 1860">
     <span class='ocr_line' id='line_1_33' title="bbox 1937 1785 3515 1860; baseline 0.003 -20"><span class='ocrx_word' id='word_1_235' title='bbox 1937 1801 2157 1854; x_wconf 88' lang='lat' dir='ltr'><strong>erumpe</strong></span> <span class='ocrx_word' id='word_1_236' title='bbox 2180 1794 2233 1839; x_wconf 92' lang='lat' dir='ltr'><strong>et</strong></span> <span class='ocrx_word' id='word_1_237' title='bbox 2286 1785 2480 1852; x_wconf 86' lang='lat' dir='ltr'><strong>clama,</strong></span> <span class='ocrx_word' id='word_1_238' title='bbox 2506 1801 2623 1855; x_wconf 68' lang='lat' dir='ltr'><strong>qua:</strong></span> <span class='ocrx_word' id='word_1_239' title='bbox 2690 1801 2797 1843; x_wconf 89' lang='lat' dir='ltr'><strong>non</strong></span> <span class='ocrx_word' id='word_1_240' title='bbox 2838 1789 3097 1857; x_wconf 88' lang='lat' dir='ltr'><strong>parturis,</strong></span> <span class='ocrx_word' id='word_1_241' title='bbox 3154 1790 3278 1859; x_wconf 86' lang='lat' dir='ltr'><strong>quia</strong></span> <span class='ocrx_word' id='word_1_242' title='bbox 3332 1790 3515 1860; x_wconf 89' lang='lat' dir='ltr'><strong>plures</strong></span> 
     </span>
    </p>
   </div>
   <div class='ocr_carea' id='block_1_34' title="bbox 262 1866 1830 1953">
    <p class='ocr_par' dir='ltr' id='par_1_34' title="bbox 262 1866 1830 1946">
     <span class='ocr_line' id='line_1_34' title="bbox 262 1866 1830 1946; baseline 0.008 -29"><span class='ocrx_word' id='word_1_243' title='bbox 262 1866 357 1918; x_wconf 80' lang='grc' dir='ltr'>καὶ</span> <span class='ocrx_word' id='word_1_244' title='bbox 401 1867 736 1937; x_wconf 85' lang='grc' dir='ltr'>δυσάγωγος,</span> <span class='ocrx_word' id='word_1_245' title='bbox 768 1870 1068 1940; x_wconf 85' lang='grc' dir='ltr'>ὲστειρώθη</span> <span class='ocrx_word' id='word_1_246' title='bbox 1103 1872 1201 1940; x_wconf 86' lang='grc' dir='ltr'>μὲν</span> <span class='ocrx_word' id='word_1_247' title='bbox 1230 1872 1389 1943; x_wconf 76' lang='grc' dir='ltr'>αὕτη,</span> <span class='ocrx_word' id='word_1_248' title='bbox 1440 1875 1736 1946; x_wconf 81' lang='grc' dir='ltr'>γεγέννηκε</span> <span class='ocrx_word' id='word_1_249' title='bbox 1782 1877 1830 1929; x_wconf 85' lang='grc' dir='ltr'>δὲ</span> 
     </span>
    </p>
   </div>
   <div class='ocr_carea' id='block_1_35' title="bbox 1929 1866 3513 1953">
    <p class='ocr_par' dir='ltr' id='par_1_35' title="bbox 1942 1882 3513 1953">
     <span class='ocr_line' id='line_1_35' title="bbox 1942 1882 3513 1953; baseline 0.004 -20"><span class='ocrx_word' id='word_1_250' title='bbox 1942 1882 2093 1935; x_wconf 89' lang='lat' dir='ltr'><strong>liberi</strong></span> <span class='ocrx_word' id='word_1_251' title='bbox 2136 1882 2364 1937; x_wconf 73' lang='lat' dir='ltr'><strong>deserta:</strong></span> <span class='ocrx_word' id='word_1_252' title='bbox 2422 1890 2568 1945; x_wconf 88' lang='lat' dir='ltr'><strong>sunt,</strong></span> <span class='ocrx_word' id='word_1_253' title='bbox 2606 1884 2775 1952; x_wconf 67' lang='lat' dir='ltr'><strong>fquam</strong></span> <span class='ocrx_word' id='word_1_254' title='bbox 2826 1884 2944 1950; x_wconf 84' lang='lat' dir='ltr'><strong>ejus</strong></span> <span class='ocrx_word' id='word_1_255' title='bbox 3019 1900 3139 1953; x_wconf 73' lang='lat' dir='ltr'><strong>quae</strong></span> <span class='ocrx_word' id='word_1_256' title='bbox 3194 1884 3357 1939; x_wconf 86' lang='lat' dir='ltr'><strong>habet</strong></span> <span class='ocrx_word' id='word_1_257' title='bbox 3429 1886 3513 1939; x_wconf 87' lang='lat' dir='ltr'><strong>vi-</strong></span> 
     </span>
    </p>
   </div>
   <div class='ocr_carea' id='block_1_36' title="bbox 262 1956 1828 2035">
    <p class='ocr_par' dir='ltr' id='par_1_36' title="bbox 262 1956 1828 2035">
     <span class='ocr_line' id='line_1_36' title="bbox 262 1956 1828 2035; baseline 0.006 -24"><span class='ocrx_word' id='word_1_258' title='bbox 262 1958 297 2026; x_wconf 82' lang='grc' dir='ltr'><strong>ή</strong></span> <span class='ocrx_word' id='word_1_259' title='bbox 334 1956 440 2011; x_wconf 87' lang='grc' dir='ltr'><strong>τῶν</strong></span> <span class='ocrx_word' id='word_1_260' title='bbox 469 1958 639 2011; x_wconf 80' lang='grc' dir='ltr'>ἐθνῶν</span> <span class='ocrx_word' id='word_1_261' title='bbox 666 1960 818 2030; x_wconf 86' lang='grc' dir='ltr'>χώρα</span> <span class='ocrx_word' id='word_1_262' title='bbox 847 1961 937 2013; x_wconf 87' lang='grc' dir='ltr'>τὸν</span> <span class='ocrx_word' id='word_1_263' title='bbox 969 1961 1205 2033; x_wconf 85' lang='grc' dir='ltr'>ἀριθμοῦ</span> <span class='ocrx_word' id='word_1_264' title='bbox 1244 1964 1528 2035; x_wconf 83' lang='grc' dir='ltr'>κρείττονα</span> <span class='ocrx_word' id='word_1_265' title='bbox 1589 1968 1683 2021; x_wconf 73' lang='grc' dir='ltr'><strong>καὶ</strong></span> <span class='ocrx_word' id='word_1_266' title='bbox 1710 1967 1828 2020; x_wconf 85' lang='grc' dir='ltr'>ἐπέ-</span> 
     </span>
    </p>
   </div>
   <div class='ocr_carea' id='block_1_37' title="bbox 1944 1974 2203 2025">
    <p class='ocr_par' dir='ltr' id='par_1_37' title="bbox 1944 1974 2203 2025">
     <span class='ocr_line' id='line_1_37' title="bbox 1944 1974 2203 2025; baseline 0 0"><span class='ocrx_word' id='word_1_267' title='bbox 1944 1988 2061 2025; x_wconf 88' lang='lat' dir='ltr'><strong>rum</strong></span> <span class='ocrx_word' id='word_1_268' title='bbox 2080 1974 2147 2025; x_wconf 70' lang='grc'><strong>⁸⁸.</strong></span> <span class='ocrx_word' id='word_1_269' title='bbox 2185 1991 2203 2025; x_wconf 72' lang='grc' dir='ltr'><strong>ι</strong></span> 
     </span>
    </p>
   </div>
   <div class='ocr_carea' id='block_1_38' title="bbox 262 2050 3515 2136">
    <p class='ocr_par' dir='ltr' id='par_1_38' title="bbox 262 2050 3515 2136">
     <span class='ocr_line' id='line_1_38' title="bbox 262 2050 3515 2136; baseline 0.007 -34"><span class='ocrx_word' id='word_1_270' title='bbox 262 2062 416 2104; x_wconf 82' lang='grc' dir='ltr'>κεινα</span> <span class='ocrx_word' id='word_1_271' title='bbox 452 2050 609 2103; x_wconf 82' lang='grc' dir='ltr'>λαόν’</span> <span class='ocrx_word' id='word_1_272' title='bbox 676 2053 769 2104; x_wconf 71' lang='grc' dir='ltr'>καὶ</span> <span class='ocrx_word' id='word_1_273' title='bbox 817 2053 947 2105; x_wconf 82' lang='grc' dir='ltr'>αὐτὸ</span> <span class='ocrx_word' id='word_1_274' title='bbox 989 2052 1053 2123; x_wconf 86' lang='grc' dir='ltr'>δὴ</span> <span class='ocrx_word' id='word_1_275' title='bbox 1128 2055 1275 2107; x_wconf 87' lang='grc' dir='ltr'>τουτί</span> <span class='ocrx_word' id='word_1_276' title='bbox 1323 2056 1564 2111; x_wconf 84' lang='grc' dir='ltr'>διδάσκει</span> <span class='ocrx_word' id='word_1_277' title='bbox 1616 2059 1787 2128; x_wconf 86' lang='grc' dir='ltr'>λέγων</span> <span class='ocrx_word' id='word_1_278' title='bbox 1836 2062 1864 2114; x_wconf 87' lang='grc' dir='ltr'><em>ὁ</em></span> <span class='ocrx_word' id='word_1_279' title='bbox 1905 2061 2190 2127; x_wconf 83' lang='grc' dir='ltr'>θεσπέσιος</span> <span class='ocrx_word' id='word_1_280' title='bbox 2240 2064 2525 2135; x_wconf 80' lang='grc' dir='ltr'>προφήτης</span> <span class='ocrx_word' id='word_1_281' title='bbox 2578 2064 2824 2129; x_wconf 79' lang='grc' dir='ltr'>Ἡσαΐας,</span> <span class='ocrx_word' id='word_1_282' title='bbox 2867 2064 2941 2128; x_wconf 86' lang='grc' dir='ltr'>ὡς</span> <span class='ocrx_word' id='word_1_283' title='bbox 2990 2064 3124 2136; x_wconf 83' lang='grc' dir='ltr'>πρός</span> <span class='ocrx_word' id='word_1_284' title='bbox 3165 2082 3229 2132; x_wconf 87' lang='grc' dir='ltr'><strong>γε</strong></span> <span class='ocrx_word' id='word_1_285' title='bbox 3298 2066 3397 2136; x_wconf 81' lang='grc' dir='ltr'>τὴν</span> <span class='ocrx_word' id='word_1_286' title='bbox 3455 2059 3515 2125; x_wconf 73' lang='grc' dir='ltr'>ἐξ</span> 
     </span>
    </p>
   </div>
   <div class='ocr_carea' id='block_1_39' title="bbox 261 2146 853 2217">
    <p class='ocr_par' dir='ltr' id='par_1_39' title="bbox 261 2146 853 2217">
     <span class='ocr_line' id='line_1_39' title="bbox 261 2146 853 2217; baseline 0.002 -18"><span class='ocrx_word' id='word_1_287' title='bbox 261 2146 431 2199; x_wconf 74' lang='grc' dir='ltr'>ἐθνῶν</span> <span class='ocrx_word' id='word_1_288' title='bbox 510 2147 853 2217; x_wconf 85' lang='grc' dir='ltr'>Ἐκκλησίαν·</span> 
     </span>
    </p>
   </div>
   <div class='ocr_carea' id='block_1_40' title="bbox 945 2149 3513 2232">
    <p class='ocr_par' dir='ltr' id='par_1_40' title="bbox 945 2149 3513 2232">
     <span class='ocr_line' id='line_1_40' title="bbox 945 2149 3513 2232; baseline 0.005 -32"><span class='ocrx_word' id='word_1_289' title='bbox 945 2149 1358 2222; x_wconf 77' lang='grc' dir='ltr'>«Εὐφράνθητι,</span> <span class='ocrx_word' id='word_1_290' title='bbox 1424 2157 1610 2226; x_wconf 84' lang='grc' dir='ltr'>στεῖρα</span> <span class='ocrx_word' id='word_1_291' title='bbox 1676 2158 1709 2226; x_wconf 81' lang='grc' dir='ltr'><strong>ἡ</strong></span> <span class='ocrx_word' id='word_1_292' title='bbox 1772 2157 1833 2209; x_wconf 84' lang='grc' dir='ltr'>οὐ</span> <span class='ocrx_word' id='word_1_293' title='bbox 1908 2160 2189 2224; x_wconf 86' lang='grc' dir='ltr'>τίκτουσα,</span> <span class='ocrx_word' id='word_1_294' title='bbox 2247 2159 2407 2232; x_wconf 81' lang='grc' dir='ltr'>ῥῆξον</span> <span class='ocrx_word' id='word_1_295' title='bbox 2451 2162 2546 2215; x_wconf 74' lang='grc' dir='ltr'>καὶ</span> <span class='ocrx_word' id='word_1_296' title='bbox 2598 2160 2794 2232; x_wconf 83' lang='grc' dir='ltr'>βόησον</span> <span class='ocrx_word' id='word_1_297' title='bbox 2837 2163 2870 2231; x_wconf 84' lang='grc' dir='ltr'><strong>ή</strong></span> <span class='ocrx_word' id='word_1_298' title='bbox 2925 2162 3023 2213; x_wconf 79' lang='grc' dir='ltr'>οὐκ</span> <span class='ocrx_word' id='word_1_299' title='bbox 3091 2161 3374 2222; x_wconf 86' lang='grc' dir='ltr'>ὠδίνουσα,</span> <span class='ocrx_word' id='word_1_300' title='bbox 3430 2161 3513 2214; x_wconf 83' lang='grc' dir='ltr'>ὅτι</span> 
     </span>
    </p>
   </div>
   <div class='ocr_carea' id='block_1_41' title="bbox 261 2237 2223 2322">
    <p class='ocr_par' dir='ltr' id='par_1_41' title="bbox 261 2237 2223 2322">
     <span class='ocr_line' id='line_1_41' title="bbox 261 2237 2223 2322; baseline 0.007 -32"><span class='ocrx_word' id='word_1_301' title='bbox 261 2237 431 2292; x_wconf 87' lang='grc' dir='ltr'>πολλά</span> <span class='ocrx_word' id='word_1_302' title='bbox 463 2238 529 2293; x_wconf 86' lang='grc' dir='ltr'><strong>τά</strong></span> <span class='ocrx_word' id='word_1_303' title='bbox 567 2240 730 2292; x_wconf 86' lang='grc' dir='ltr'>τέκνα</span> <span class='ocrx_word' id='word_1_304' title='bbox 756 2240 853 2309; x_wconf 90' lang='grc' dir='ltr'><strong>τῆς</strong></span> <span class='ocrx_word' id='word_1_305' title='bbox 886 2242 1095 2311; x_wconf 82' lang='grc' dir='ltr'>ἐρήμου</span> <span class='ocrx_word' id='word_1_306' title='bbox 1127 2242 1347 2312; x_wconf 80' lang='grc' dir='ltr'>μᾶλλον,</span> <span class='ocrx_word' id='word_1_307' title='bbox 1387 2245 1419 2315; x_wconf 81' lang='grc' dir='ltr'>ἢ</span> <span class='ocrx_word' id='word_1_308' title='bbox 1463 2247 1560 2316; x_wconf 88' lang='grc' dir='ltr'><strong>τῆς</strong></span> <span class='ocrx_word' id='word_1_309' title='bbox 1598 2247 1828 2319; x_wconf 86' lang='grc' dir='ltr'>ἐχούσης</span> <span class='ocrx_word' id='word_1_310' title='bbox 1864 2250 1954 2303; x_wconf 84' lang='grc' dir='ltr'>τὸν</span> <span class='ocrx_word' id='word_1_311' title='bbox 1984 2251 2173 2322; x_wconf 86' lang='grc' dir='ltr'>ἄνδρα.</span> <span class='ocrx_word' id='word_1_312' title='bbox 2205 2272 2223 2304; x_wconf 74' lang='grc' dir='ltr'><strong>ι</strong></span> 
     </span>
    </p>
   </div>
   <div class='ocr_carea' id='block_1_42' title="bbox 331 2329 1840 2407">
    <p class='ocr_par' dir='ltr' id='par_1_42' title="bbox 331 2329 1840 2407">
     <span class='ocr_line' id='line_1_42' title="bbox 331 2329 1840 2407; baseline 0.007 -24"><span class='ocrx_word' id='word_1_313' title='bbox 331 2329 709 2398; x_wconf 68' lang='grc' dir='ltr'>Εὐφράνθητι</span> <span class='ocrx_word' id='word_1_314' title='bbox 773 2331 1179 2401; x_wconf 78' lang='grc' dir='ltr'>Ἰερουσαλὴμ,</span> <span class='ocrx_word' id='word_1_315' title='bbox 1232 2336 1329 2387; x_wconf 83' lang='grc' dir='ltr'>καὶ</span> <span class='ocrx_word' id='word_1_316' title='bbox 1389 2341 1840 2407; x_wconf 72' lang='grc' dir='ltr'>πανηγυρίσατε</span> 
     </span>
    </p>
   </div>
   <div class='ocr_carea' id='block_1_43' title="bbox 2011 2339 3511 2404">
    <p class='ocr_par' dir='ltr' id='par_1_43' title="bbox 2011 2339 3511 2404">
     <span class='ocr_line' id='line_1_43' title="bbox 2011 2339 3511 2404; baseline -0.002 -8"><span class='ocrx_word' id='word_1_317' title='bbox 2011 2343 2173 2397; x_wconf 74' lang='lat' dir='ltr'><strong>Vens.</strong></span> <span class='ocrx_word' id='word_1_318' title='bbox 2207 2342 2385 2396; x_wconf 75' lang='grc'><strong>10-12.</strong></span> <span class='ocrx_word' id='word_1_319' title='bbox 2438 2340 2664 2404; x_wconf 76' lang='lat' dir='ltr'><strong>Laztare,</strong></span> <span class='ocrx_word' id='word_1_320' title='bbox 2717 2339 3037 2404; x_wconf 80' lang='lat' dir='ltr'><strong>Jerusalem,</strong></span> <span class='ocrx_word' id='word_1_321' title='bbox 3117 2349 3163 2392; x_wconf 88' lang='lat' dir='ltr'><strong>et</strong></span> <span class='ocrx_word' id='word_1_322' title='bbox 3207 2349 3511 2393; x_wconf 83' lang='lat' dir='ltr'><strong>conventum</strong></span> 
     </span>
    </p>
   </div>
   <div class='ocr_carea' id='block_1_44' title="bbox 258 2422 1830 2503">
    <p class='ocr_par' dir='ltr' id='par_1_44' title="bbox 258 2422 1830 2500">
     <span class='ocr_line' id='line_1_44' title="bbox 258 2422 1830 2500; baseline 0.007 -25"><span class='ocrx_word' id='word_1_323' title='bbox 258 2422 329 2475; x_wconf 81' lang='grc' dir='ltr'>ἐν</span> <span class='ocrx_word' id='word_1_324' title='bbox 384 2422 556 2490; x_wconf 81' lang='grc' dir='ltr'>αὐτῇ,</span> <span class='ocrx_word' id='word_1_325' title='bbox 586 2424 806 2490; x_wconf 81' lang='grc' dir='ltr'>πάντες</span> <span class='ocrx_word' id='word_1_326' title='bbox 852 2427 906 2478; x_wconf 88' lang='lat' dir='ltr'><strong>ol</strong></span> <span class='ocrx_word' id='word_1_327' title='bbox 960 2425 1306 2495; x_wconf 71' lang='grc' dir='ltr'>ἀγαπῶντες</span> <span class='ocrx_word' id='word_1_328' title='bbox 1349 2429 1560 2495; x_wconf 80' lang='grc' dir='ltr'>αὐτήν.</span> <span class='ocrx_word' id='word_1_329' title='bbox 1614 2432 1830 2500; x_wconf 77' lang='grc' dir='ltr'>Χάρητε</span> 
     </span>
    </p>
   </div>
   <div class='ocr_carea' id='block_1_45' title="bbox 1929 2422 3509 2503">
    <p class='ocr_par' dir='ltr' id='par_1_45' title="bbox 1941 2431 3509 2503">
     <span class='ocr_line' id='line_1_45' title="bbox 1941 2431 3509 2503; baseline -0.001 -16"><span class='ocrx_word' id='word_1_330' title='bbox 1941 2435 2094 2501; x_wconf 80' lang='lat' dir='ltr'><strong>facile</strong></span> <span class='ocrx_word' id='word_1_331' title='bbox 2124 2438 2179 2489; x_wconf 83' lang='lat' dir='ltr'><strong>in</strong></span> <span class='ocrx_word' id='word_1_332' title='bbox 2206 2453 2266 2488; x_wconf 90' lang='lat' dir='ltr'><strong>ea</strong></span> <span class='ocrx_word' id='word_1_333' title='bbox 2293 2450 2493 2498; x_wconf 87' lang='lat' dir='ltr'><strong>omnes,</strong></span> <span class='ocrx_word' id='word_1_334' title='bbox 2520 2435 2607 2501; x_wconf 91' lang='lat' dir='ltr'><strong>qui</strong></span> <span class='ocrx_word' id='word_1_335' title='bbox 2631 2433 2852 2503; x_wconf 77' lang='lat' dir='ltr'><strong>diligitis</strong></span> <span class='ocrx_word' id='word_1_336' title='bbox 2876 2449 2988 2485; x_wconf 88' lang='lat' dir='ltr'><strong>eam</strong></span> <span class='ocrx_word' id='word_1_337' title='bbox 3011 2449 3029 2498; x_wconf 89' lang='lat'><em>;</em></span> <span class='ocrx_word' id='word_1_338' title='bbox 3055 2431 3272 2501; x_wconf 82' lang='lat' dir='ltr'><strong>gaudete</strong></span> <span class='ocrx_word' id='word_1_339' title='bbox 3293 2433 3509 2501; x_wconf 87' lang='lat' dir='ltr'><strong>gaudio,</strong></span> 
     </span>
    </p>
   </div>
   <div class='ocr_carea' id='block_1_46' title="bbox 264 2508 1837 2589">
    <p class='ocr_par' dir='ltr' id='par_1_46' title="bbox 264 2508 1837 2589">
     <span class='ocr_line' id='line_1_46' title="bbox 264 2508 1837 2589; baseline 0.01 -28"><span class='ocrx_word' id='word_1_340' title='bbox 264 2508 418 2579; x_wconf 81' lang='grc' dir='ltr'>χαρᾷ</span> <span class='ocrx_word' id='word_1_341' title='bbox 448 2510 673 2577; x_wconf 79' lang='grc' dir='ltr'>πάντες</span> <span class='ocrx_word' id='word_1_342' title='bbox 702 2511 834 2566; x_wconf 82' lang='grc' dir='ltr'>ὅσοι</span> <span class='ocrx_word' id='word_1_343' title='bbox 874 2514 1143 2568; x_wconf 77' lang='grc' dir='ltr'>πενθεῖτε</span> <span class='ocrx_word' id='word_1_344' title='bbox 1174 2517 1266 2569; x_wconf 79' lang='grc' dir='ltr'><strong>ἐπ’</strong></span> <span class='ocrx_word' id='word_1_345' title='bbox 1295 2517 1503 2587; x_wconf 81' lang='grc' dir='ltr'>αὐτῆς,</span> <span class='ocrx_word' id='word_1_346' title='bbox 1539 2520 1637 2572; x_wconf 83' lang='grc' dir='ltr'>ἵνα</span> <span class='ocrx_word' id='word_1_347' title='bbox 1657 2521 1837 2589; x_wconf 82' lang='grc' dir='ltr'>θηλά-</span> 
     </span>
    </p>
   </div>
   <div class='ocr_carea' id='block_1_47' title="bbox 260 2603 1835 2677">
    <p class='ocr_par' dir='ltr' id='par_1_47' title="bbox 260 2603 1835 2677">
     <span class='ocr_line' id='line_1_47' title="bbox 260 2603 1835 2677; baseline 0.005 -22"><span class='ocrx_word' id='word_1_348' title='bbox 260 2618 410 2669; x_wconf 82' lang='grc' dir='ltr'>σητε</span> <span class='ocrx_word' id='word_1_349' title='bbox 455 2603 552 2655; x_wconf 81' lang='grc' dir='ltr'>καὶ</span> <span class='ocrx_word' id='word_1_350' title='bbox 580 2603 970 2672; x_wconf 75' lang='grc' dir='ltr'>ἐμπλησθῆτε</span> <span class='ocrx_word' id='word_1_351' title='bbox 1002 2604 1122 2659; x_wconf 81' lang='grc' dir='ltr'>ἀπὸ</span> <span class='ocrx_word' id='word_1_352' title='bbox 1141 2606 1380 2674; x_wconf 83' lang='grc' dir='ltr'>μαστοῦ</span> <span class='ocrx_word' id='word_1_353' title='bbox 1402 2608 1835 2677; x_wconf 69' lang='grc' dir='ltr'>παρακλήσεως</span> 
     </span>
    </p>
   </div>
   <div class='ocr_carea' id='block_1_48' title="bbox 260 2694 1829 2768">
    <p class='ocr_par' dir='ltr' id='par_1_48' title="bbox 260 2694 1829 2768">
     <span class='ocr_line' id='line_1_48' title="bbox 260 2694 1829 2768; baseline 0.005 -21"><span class='ocrx_word' id='word_1_354' title='bbox 260 2694 471 2763; x_wconf 82' lang='grc' dir='ltr'>αὐτῆς,</span> <span class='ocrx_word' id='word_1_355' title='bbox 512 2696 612 2749; x_wconf 81' lang='grc' dir='ltr'>ἵνα</span> <span class='ocrx_word' id='word_1_356' title='bbox 646 2696 1094 2763; x_wconf 75' lang='grc' dir='ltr'>ἐκθηλάσαντες</span> <span class='ocrx_word' id='word_1_357' title='bbox 1125 2699 1468 2768; x_wconf 66' lang='grc' dir='ltr'>τρυφήσητε</span> <span class='ocrx_word' id='word_1_358' title='bbox 1525 2701 1641 2754; x_wconf 78' lang='grc' dir='ltr'>ἀπὸ</span> <span class='ocrx_word' id='word_1_359' title='bbox 1708 2704 1829 2755; x_wconf 82' lang='grc' dir='ltr'>εἰσ·</span> 
     </span>
    </p>
   </div>
   <div class='ocr_carea' id='block_1_49' title="bbox 263 2785 1832 2859">
    <p class='ocr_par' dir='ltr' id='par_1_49' title="bbox 263 2785 1832 2859">
     <span class='ocr_line' id='line_1_49' title="bbox 263 2785 1832 2859; baseline 0.004 -20"><span class='ocrx_word' id='word_1_360' title='bbox 263 2785 416 2841; x_wconf 87' lang='grc' dir='ltr'>όδου</span> <span class='ocrx_word' id='word_1_361' title='bbox 436 2787 620 2856; x_wconf 85' lang='grc' dir='ltr'>δόξης</span> <span class='ocrx_word' id='word_1_362' title='bbox 656 2788 863 2857; x_wconf 84' lang='grc' dir='ltr'>αὐτῆς.</span> <span class='ocrx_word' id='word_1_363' title='bbox 896 2789 1015 2842; x_wconf 89' lang='grc' dir='ltr'>Ὅτι</span> <span class='ocrx_word' id='word_1_364' title='bbox 1043 2787 1183 2843; x_wconf 83' lang='grc' dir='ltr'>τάδε</span> <span class='ocrx_word' id='word_1_365' title='bbox 1197 2792 1355 2859; x_wconf 77' lang='grc' dir='ltr'>λέγει</span> <span class='ocrx_word' id='word_1_366' title='bbox 1397 2792 1641 2859; x_wconf 77' lang='grc' dir='ltr'>Κύριος·</span> <span class='ocrx_word' id='word_1_367' title='bbox 1679 2792 1832 2846; x_wconf 84' lang='grc' dir='ltr'>Ἰδοὺ</span> 
     </span>
    </p>
   </div>
   <div class='ocr_carea' id='block_1_50' title="bbox 258 2878 1831 2950">
    <p class='ocr_par' dir='ltr' id='par_1_50' title="bbox 258 2878 1831 2950">
     <span class='ocr_line' id='line_1_50' title="bbox 258 2878 1831 2950; baseline 0.003 -18"><span class='ocrx_word' id='word_1_368' title='bbox 258 2878 372 2948; x_wconf 71' lang='grc' dir='ltr'>ἐγὼ</span> <span class='ocrx_word' id='word_1_369' title='bbox 392 2880 647 2933; x_wconf 76' lang='grc' dir='ltr'>ἐκκλίνω</span> <span class='ocrx_word' id='word_1_370' title='bbox 670 2881 761 2933; x_wconf 83' lang='grc' dir='ltr'><strong>ἐπ’</strong></span> <span class='ocrx_word' id='word_1_371' title='bbox 790 2880 1013 2945; x_wconf 79' lang='grc' dir='ltr'>αὐτοὺς</span> <span class='ocrx_word' id='word_1_372' title='bbox 1047 2882 1127 2946; x_wconf 85' lang='grc' dir='ltr'>ὠς</span> <span class='ocrx_word' id='word_1_373' title='bbox 1148 2881 1410 2950; x_wconf 79' lang='grc' dir='ltr'>ποταμὸς</span> <span class='ocrx_word' id='word_1_374' title='bbox 1447 2881 1709 2950; x_wconf 71' lang='grc' dir='ltr'>εἰρήνης,</span> <span class='ocrx_word' id='word_1_375' title='bbox 1734 2884 1831 2937; x_wconf 79' lang='grc' dir='ltr'><strong>καί</strong></span> 
     </span>
    </p>
   </div>
   <div class='ocr_carea' id='block_1_51' title="bbox 258 2970 1547 3040">
    <p class='ocr_par' dir='ltr' id='par_1_51' title="bbox 258 2970 1547 3040">
     <span class='ocr_line' id='line_1_51' title="bbox 258 2970 1547 3040; baseline 0.002 -16"><span class='ocrx_word' id='word_1_376' title='bbox 258 2972 338 3038; x_wconf 83' lang='grc' dir='ltr'>ὡς</span> <span class='ocrx_word' id='word_1_377' title='bbox 376 2970 731 3040; x_wconf 81' lang='grc' dir='ltr'>χειμάρῤους</span> <span class='ocrx_word' id='word_1_378' title='bbox 761 2972 1091 3032; x_wconf 78' lang='grc' dir='ltr'>ἐπικλύζων</span> <span class='ocrx_word' id='word_1_379' title='bbox 1114 2972 1301 3037; x_wconf 80' lang='grc' dir='ltr'>δόξαν</span> <span class='ocrx_word' id='word_1_380' title='bbox 1338 2972 1547 3026; x_wconf 82' lang='grc' dir='ltr'><strong>ἐθνῶν.</strong></span> 
     </span>
    </p>
   </div>
   <div class='ocr_carea' id='block_1_52' title="bbox 330 3062 1831 3140">
    <p class='ocr_par' dir='ltr' id='par_1_52' title="bbox 330 3062 1831 3140">
     <span class='ocr_line' id='line_1_52' title="bbox 330 3062 1831 3140; baseline 0.001 -21"><span class='ocrx_word' id='word_1_381' title='bbox 330 3064 557 3134; x_wconf 82' lang='grc' dir='ltr'>Χαίρειν</span> <span class='ocrx_word' id='word_1_382' title='bbox 600 3064 876 3117; x_wconf 76' lang='grc' dir='ltr'>ἐπιτάττει</span> <span class='ocrx_word' id='word_1_383' title='bbox 912 3066 979 3135; x_wconf 82' lang='grc' dir='ltr'><strong>τῇ</strong></span> <span class='ocrx_word' id='word_1_384' title='bbox 1009 3063 1105 3134; x_wconf 76' lang='grc' dir='ltr'><strong>νέᾳ</strong></span> <span class='ocrx_word' id='word_1_385' title='bbox 1133 3064 1228 3117; x_wconf 74' lang='grc' dir='ltr'><strong>καὶ</strong></span> <span class='ocrx_word' id='word_1_386' title='bbox 1261 3067 1428 3137; x_wconf 78' lang='grc' dir='ltr'>νοητῇ</span> <span class='ocrx_word' id='word_1_387' title='bbox 1462 3062 1619 3127; x_wconf 87' lang='grc' dir='ltr'>Σιὼν,</span> <span class='ocrx_word' id='word_1_388' title='bbox 1661 3065 1831 3140; x_wconf 77' lang='grc' dir='ltr'>ῆγουν</span> 
     </span>
    </p>
   </div>
   <div class='ocr_carea' id='block_1_53' title="bbox 270 3156 1831 3231">
    <p class='ocr_par' dir='ltr' id='par_1_53' title="bbox 270 3156 1831 3231">
     <span class='ocr_line' id='line_1_53' title="bbox 270 3156 1831 3231; baseline 0.001 -21"><span class='ocrx_word' id='word_1_389' title='bbox 270 3156 643 3228; x_wconf 80' lang='grc' dir='ltr'>Ἰερουσαλὴμ,</span> <span class='ocrx_word' id='word_1_390' title='bbox 675 3157 796 3227; x_wconf 74' lang='grc' dir='ltr'>ἥτις</span> <span class='ocrx_word' id='word_1_391' title='bbox 852 3156 997 3209; x_wconf 78' lang='grc' dir='ltr'>ἐστὶν</span> <span class='ocrx_word' id='word_1_392' title='bbox 1032 3156 1328 3225; x_wconf 82' lang='grc' dir='ltr'>Ἐκκλησία</span> <span class='ocrx_word' id='word_1_393' title='bbox 1354 3156 1487 3212; x_wconf 89' lang='grc' dir='ltr'>Θεοῦ</span> <span class='ocrx_word' id='word_1_394' title='bbox 1516 3157 1737 3226; x_wconf 78' lang='grc' dir='ltr'>ζῶντος,</span> <span class='ocrx_word' id='word_1_395' title='bbox 1765 3161 1831 3231; x_wconf 85' lang='grc' dir='ltr'>ἢν</span> 
     </span>
    </p>
   </div>
   <div class='ocr_carea' id='block_1_54' title="bbox 256 3248 1827 3322">
    <p class='ocr_par' dir='ltr' id='par_1_54' title="bbox 256 3248 1827 3322">
     <span class='ocr_line' id='line_1_54' title="bbox 256 3248 1827 3322; baseline 0.001 -18"><span class='ocrx_word' id='word_1_396' title='bbox 256 3252 419 3314; x_wconf 62' lang='grc' dir='ltr'>αὐτὸς</span> <span class='ocrx_word' id='word_1_397' title='bbox 483 3248 659 3319; x_wconf 87' lang='grc' dir='ltr'>ἐαυτῷ</span> <span class='ocrx_word' id='word_1_398' title='bbox 712 3250 1053 3322; x_wconf 82' lang='grc' dir='ltr'>παρέστησεν</span> <span class='ocrx_word' id='word_1_399' title='bbox 1089 3252 1116 3305; x_wconf 90' lang='grc' dir='ltr'>ὁ</span> <span class='ocrx_word' id='word_1_400' title='bbox 1160 3251 1393 3322; x_wconf 79' lang='grc' dir='ltr'>Χριστὸς</span> <span class='ocrx_word' id='word_1_401' title='bbox 1435 3252 1662 3307; x_wconf 85' lang='grc' dir='ltr'>ἄσπιλον</span> <span class='ocrx_word' id='word_1_402' title='bbox 1733 3253 1827 3307; x_wconf 78' lang='grc' dir='ltr'><strong>καὶ</strong></span> 
     </span>
    </p>
   </div>
   <div class='ocr_carea' id='block_1_55' title="bbox 258 3343 1829 3417">
    <p class='ocr_par' dir='ltr' id='par_1_55' title="bbox 258 3343 1829 3417">
     <span class='ocr_line' id='line_1_55' title="bbox 258 3343 1829 3417; baseline 0 -19"><span class='ocrx_word' id='word_1_403' title='bbox 258 3344 503 3415; x_wconf 67' lang='grc' dir='ltr'>ἄμωμον,</span> <span class='ocrx_word' id='word_1_404' title='bbox 533 3343 595 3395; x_wconf 83' lang='grc' dir='ltr'><strong>ἐκ</strong></span> <span class='ocrx_word' id='word_1_405' title='bbox 621 3360 679 3397; x_wconf 91' lang='grc' dir='ltr'><strong>τε</strong></span> <span class='ocrx_word' id='word_1_406' title='bbox 707 3343 815 3398; x_wconf 86' lang='grc' dir='ltr'><strong>τῶν</strong></span> <span class='ocrx_word' id='word_1_407' title='bbox 854 3343 1160 3398; x_wconf 83' lang='grc' dir='ltr'>Ἰουδαϊκῶν</span> <span class='ocrx_word' id='word_1_408' title='bbox 1181 3346 1497 3417; x_wconf 86' lang='grc' dir='ltr'>ταγμάτων,</span> <span class='ocrx_word' id='word_1_409' title='bbox 1524 3347 1618 3399; x_wconf 76' lang='grc' dir='ltr'><strong>καὶ</strong></span> <span class='ocrx_word' id='word_1_410' title='bbox 1647 3347 1710 3398; x_wconf 90' lang='grc' dir='ltr'><strong>ἐκ</strong></span> <span class='ocrx_word' id='word_1_411' title='bbox 1730 3347 1829 3416; x_wconf 89' lang='grc' dir='ltr'><strong>τῆς</strong></span> 
     </span>
    </p>
   </div>
   <div class='ocr_carea' id='block_1_56' title="bbox 256 3434 1829 3507">
    <p class='ocr_par' dir='ltr' id='par_1_56' title="bbox 256 3434 1829 3507">
     <span class='ocr_line' id='line_1_56' title="bbox 256 3434 1829 3507; baseline 0 -19"><span class='ocrx_word' id='word_1_412' title='bbox 256 3434 564 3492; x_wconf 68' lang='grc' dir='ltr'>τῶνεέθνῶν</span> <span class='ocrx_word' id='word_1_413' title='bbox 604 3435 825 3504; x_wconf 85' lang='grc' dir='ltr'>ἀγέλης.</span> <span class='ocrx_word' id='word_1_414' title='bbox 877 3436 1089 3505; x_wconf 80' lang='grc' dir='ltr'>Συνῆψε</span> <span class='ocrx_word' id='word_1_415' title='bbox 1122 3436 1231 3507; x_wconf 79' lang='grc' dir='ltr'><strong>γὰρ</strong></span> <span class='ocrx_word' id='word_1_416' title='bbox 1267 3437 1397 3500; x_wconf 82' lang='grc' dir='ltr'>τοὺς</span> <span class='ocrx_word' id='word_1_417' title='bbox 1434 3437 1527 3490; x_wconf 86' lang='grc' dir='ltr'>δύο</span> <span class='ocrx_word' id='word_1_418' title='bbox 1558 3437 1720 3500; x_wconf 76' lang='grc' dir='ltr'>λαοὺς</span> <span class='ocrx_word' id='word_1_419' title='bbox 1749 3438 1829 3500; x_wconf 84' lang='grc' dir='ltr'><strong>είς</strong></span> 
     </span>
    </p>
   </div>
   <div class='ocr_carea' id='block_1_57' title="bbox 169 3527 1830 3599">
    <p class='ocr_par' dir='ltr' id='par_1_57' title="bbox 169 3527 1830 3599">
     <span class='ocr_line' id='line_1_57' title="bbox 169 3527 1830 3599; baseline 0.001 -19"><span class='ocrx_word' id='word_1_420' title='bbox 169 3538 194 3566; x_wconf 60' lang='grc'>⁸</span> <span class='ocrx_word' id='word_1_421' title='bbox 256 3528 353 3581; x_wconf 73' lang='grc' dir='ltr'>ἕνα</span> <span class='ocrx_word' id='word_1_422' title='bbox 376 3527 560 3582; x_wconf 84' lang='grc' dir='ltr'>καινὸν</span> <span class='ocrx_word' id='word_1_423' title='bbox 591 3527 896 3598; x_wconf 81' lang='grc' dir='ltr'>ἄνθρωπον,</span> <span class='ocrx_word' id='word_1_424' title='bbox 932 3527 1103 3580; x_wconf 88' lang='grc' dir='ltr'>ποιῶν</span> <span class='ocrx_word' id='word_1_425' title='bbox 1133 3529 1375 3599; x_wconf 81' lang='grc' dir='ltr'>εἰρήνην,</span> <span class='ocrx_word' id='word_1_426' title='bbox 1399 3530 1495 3582; x_wconf 76' lang='grc' dir='ltr'>καὶ</span> <span class='ocrx_word' id='word_1_427' title='bbox 1524 3530 1830 3583; x_wconf 81' lang='grc' dir='ltr'>ἀποκαταλ-</span> 
     </span>
    </p>
   </div>
   <div class='ocr_carea' id='block_1_58' title="bbox 257 3619 1826 3691">
    <p class='ocr_par' dir='ltr' id='par_1_58' title="bbox 257 3619 1826 3691">
     <span class='ocr_line' id='line_1_58' title="bbox 257 3619 1826 3691; baseline 0.001 -18"><span class='ocrx_word' id='word_1_428' title='bbox 257 3620 425 3685; x_wconf 81' lang='grc' dir='ltr'>λάξας</span> <span class='ocrx_word' id='word_1_429' title='bbox 451 3622 579 3683; x_wconf 72' lang='grc' dir='ltr'>τοὺς</span> <span class='ocrx_word' id='word_1_430' title='bbox 617 3619 957 3691; x_wconf 81' lang='grc' dir='ltr'>ἀμφοτέρους</span> <span class='ocrx_word' id='word_1_431' title='bbox 980 3622 1036 3672; x_wconf 89' lang='grc' dir='ltr'><strong>ἐν</strong></span> <span class='ocrx_word' id='word_1_432' title='bbox 1065 3620 1144 3673; x_wconf 80' lang='grc' dir='ltr'>ἐνὶ</span> <span class='ocrx_word' id='word_1_433' title='bbox 1184 3620 1397 3690; x_wconf 84' lang='grc' dir='ltr'>σώματι</span> <span class='ocrx_word' id='word_1_434' title='bbox 1433 3619 1569 3691; x_wconf 79' lang='grc' dir='ltr'>πρὸς</span> <span class='ocrx_word' id='word_1_435' title='bbox 1598 3620 1687 3673; x_wconf 76' lang='grc' dir='ltr'><strong>τὸν</strong></span> <span class='ocrx_word' id='word_1_436' title='bbox 1714 3622 1826 3674; x_wconf 86' lang='grc' dir='ltr'>Ποι-</span> 
     </span>
    </p>
   </div>
   <div class='ocr_carea' id='block_1_59' title="bbox 256 3710 1827 3784">
    <p class='ocr_par' dir='ltr' id='par_1_59' title="bbox 256 3710 1827 3784">
     <span class='ocr_line' id='line_1_59' title="bbox 256 3710 1827 3784; baseline 0 -18"><span class='ocrx_word' id='word_1_437' title='bbox 256 3713 412 3784; x_wconf 81' lang='grc' dir='ltr'>τέρα.</span> <span class='ocrx_word' id='word_1_438' title='bbox 466 3711 672 3781; x_wconf 78' lang='grc' dir='ltr'>Πρέποι</span> <span class='ocrx_word' id='word_1_439' title='bbox 708 3711 753 3763; x_wconf 83' lang='grc' dir='ltr'>δ’</span> <span class='ocrx_word' id='word_1_440' title='bbox 800 3710 866 3764; x_wconf 82' lang='grc' dir='ltr'>ἂν</span> <span class='ocrx_word' id='word_1_441' title='bbox 902 3712 963 3763; x_wconf 74' lang='grc' dir='ltr'><strong>τὸ</strong></span> <span class='ocrx_word' id='word_1_442' title='bbox 1011 3712 1219 3782; x_wconf 86' lang='grc' dir='ltr'>χαίρειν</span> <span class='ocrx_word' id='word_1_443' title='bbox 1250 3713 1423 3782; x_wconf 83' lang='grc' dir='ltr'>αὐτῇ·</span> <span class='ocrx_word' id='word_1_444' title='bbox 1481 3712 1827 3783; x_wconf 79' lang='grc' dir='ltr'>μεμέστωται</span> 
     </span>
    </p>
   </div>
   <div class='ocr_carea' id='block_1_60' title="bbox 258 3802 1825 3878">
    <p class='ocr_par' dir='ltr' id='par_1_60' title="bbox 258 3802 1825 3878">
     <span class='ocr_line' id='line_1_60' title="bbox 258 3802 1825 3878; baseline -0.001 -20"><span class='ocrx_word' id='word_1_445' title='bbox 258 3804 365 3874; x_wconf 90' lang='grc' dir='ltr'><strong>γὰρ</strong></span> <span class='ocrx_word' id='word_1_446' title='bbox 403 3803 633 3857; x_wconf 82' lang='grc' dir='ltr'>ἐλπίδων</span> <span class='ocrx_word' id='word_1_447' title='bbox 672 3802 779 3855; x_wconf 87' lang='grc' dir='ltr'><strong>τῶν</strong></span> <span class='ocrx_word' id='word_1_448' title='bbox 825 3803 965 3874; x_wconf 80' lang='grc' dir='ltr'>ὑπὲρ</span> <span class='ocrx_word' id='word_1_449' title='bbox 1002 3803 1127 3857; x_wconf 86' lang='grc' dir='ltr'>νοῦν</span> <span class='ocrx_word' id='word_1_450' title='bbox 1162 3804 1258 3856; x_wconf 75' lang='grc' dir='ltr'><strong>καὶ</strong></span> <span class='ocrx_word' id='word_1_451' title='bbox 1294 3803 1467 3872; x_wconf 81' lang='grc' dir='ltr'>λόγον.</span> <span class='ocrx_word' id='word_1_452' title='bbox 1542 3824 1560 3855; x_wconf 86' lang='grc'><strong><em>‹</em></strong></span> <span class='ocrx_word' id='word_1_453' title='bbox 1589 3806 1662 3858; x_wconf 78' lang='grc' dir='ltr'><strong>Οὐ</strong></span> <span class='ocrx_word' id='word_1_454' title='bbox 1719 3805 1825 3878; x_wconf 78' lang='grc' dir='ltr'><strong>γὰρ</strong></span> 
     </span>
    </p>
   </div>
   <div class='ocr_carea' id='block_1_61' title="bbox 258 3891 1824 3964">
    <p class='ocr_par' dir='ltr' id='par_1_61' title="bbox 258 3891 1824 3964">
     <span class='ocr_line' id='line_1_61' title="bbox 258 3891 1824 3964; baseline 0 -16"><span class='ocrx_word' id='word_1_455' title='bbox 258 3892 396 3950; x_wconf 76' lang='grc' dir='ltr'>εἶδεν</span> <span class='ocrx_word' id='word_1_456' title='bbox 450 3893 756 3964; x_wconf 74' lang='grc' dir='ltr'>ὀφθαλμὸς,</span> <span class='ocrx_word' id='word_1_457' title='bbox 806 3895 975 3963; x_wconf 75' lang='grc' dir='ltr'>φησὶ,</span> <span class='ocrx_word' id='word_1_458' title='bbox 1030 3894 1124 3947; x_wconf 79' lang='grc' dir='ltr'>καὶ</span> <span class='ocrx_word' id='word_1_459' title='bbox 1200 3891 1296 3958; x_wconf 77' lang='grc' dir='ltr'>οὖς</span> <span class='ocrx_word' id='word_1_460' title='bbox 1340 3895 1437 3948; x_wconf 79' lang='grc' dir='ltr'>οὐκ</span> <span class='ocrx_word' id='word_1_461' title='bbox 1479 3895 1676 3964; x_wconf 72' lang='grc' dir='ltr'>ἤκουσε</span> <span class='ocrx_word' id='word_1_462' title='bbox 1733 3896 1824 3948; x_wconf 78' lang='grc' dir='ltr'>καὶ</span> 
     </span>
    </p>
   </div>
   <div class='ocr_carea' id='block_1_62' title="bbox 256 3984 1826 4058">
    <p class='ocr_par' dir='ltr' id='par_1_62' title="bbox 256 3984 1826 4058">
     <span class='ocr_line' id='line_1_62' title="bbox 256 3984 1826 4058; baseline 0.001 -19"><span class='ocrx_word' id='word_1_463' title='bbox 256 3988 350 4039; x_wconf 76' lang='grc' dir='ltr'>ἐπὶ</span> <span class='ocrx_word' id='word_1_464' title='bbox 394 3985 619 4057; x_wconf 85' lang='grc' dir='ltr'>καρδίαν</span> <span class='ocrx_word' id='word_1_465' title='bbox 660 3984 945 4056; x_wconf 83' lang='grc' dir='ltr'>ἀνθρώπου</span> <span class='ocrx_word' id='word_1_466' title='bbox 990 3985 1089 4038; x_wconf 80' lang='grc' dir='ltr'>οὐκ</span> <span class='ocrx_word' id='word_1_467' title='bbox 1130 3985 1319 4056; x_wconf 78' lang='grc' dir='ltr'>ἀνέϐη,</span> <span class='ocrx_word' id='word_1_468' title='bbox 1370 3985 1406 4039; x_wconf 79' lang='grc' dir='ltr'>θ.</span> <span class='ocrx_word' id='word_1_469' title='bbox 1452 3987 1749 4058; x_wconf 78' lang='grc' dir='ltr'>ἡτοίμασεν</span> <span class='ocrx_word' id='word_1_470' title='bbox 1798 3989 1826 4041; x_wconf 86' lang='grc' dir='ltr'>ὁ</span> 
     </span>
    </p>
   </div>
   <div class='ocr_carea' id='block_1_63' title="bbox 254 4076 1827 4149">
    <p class='ocr_par' dir='ltr' id='par_1_63' title="bbox 254 4076 1827 4149">
     <span class='ocr_line' id='line_1_63' title="bbox 254 4076 1827 4149; baseline -0.002 -16"><span class='ocrx_word' id='word_1_471' title='bbox 254 4080 389 4143; x_wconf 62' lang='lat' dir='ltr'><strong>Geo;</strong></span> <span class='ocrx_word' id='word_1_472' title='bbox 415 4081 527 4141; x_wconf 86' lang='grc' dir='ltr'>τοῖς</span> <span class='ocrx_word' id='word_1_473' title='bbox 555 4077 844 4145; x_wconf 84' lang='grc' dir='ltr'>ἀγαπῶσιν</span> <span class='ocrx_word' id='word_1_474' title='bbox 869 4077 1049 4129; x_wconf 76' lang='grc' dir='ltr'>αὐτόν’</span> <span class='ocrx_word' id='word_1_475' title='bbox 1082 4096 1098 4127; x_wconf 73' lang='grc' dir='ltr'><strong>ι</strong></span> <span class='ocrx_word' id='word_1_476' title='bbox 1130 4076 1364 4147; x_wconf 83' lang='grc' dir='ltr'>ἡσθῆναί</span> <span class='ocrx_word' id='word_1_477' title='bbox 1384 4095 1447 4145; x_wconf 90' lang='grc' dir='ltr'><strong>γε</strong></span> <span class='ocrx_word' id='word_1_478' title='bbox 1469 4078 1575 4149; x_wconf 85' lang='grc' dir='ltr'>μὴν</span> <span class='ocrx_word' id='word_1_479' title='bbox 1602 4078 1827 4148; x_wconf 83' lang='grc' dir='ltr'>προστέ-</span> 
     </span>
    </p>
   </div>
   <div class='ocr_carea' id='block_1_64' title="bbox 254 4169 1821 4241">
    <p class='ocr_par' dir='ltr' id='par_1_64' title="bbox 254 4169 1821 4241">
     <span class='ocr_line' id='line_1_64' title="bbox 254 4169 1821 4241; baseline -0.001 -18"><span class='ocrx_word' id='word_1_480' title='bbox 254 4188 387 4241; x_wconf 89' lang='grc' dir='ltr'>ταχε</span> <span class='ocrx_word' id='word_1_481' title='bbox 415 4169 541 4233; x_wconf 85' lang='grc' dir='ltr'>τούς</span> <span class='ocrx_word' id='word_1_482' title='bbox 565 4187 625 4222; x_wconf 89' lang='grc' dir='ltr'><strong>τε</strong></span> <span class='ocrx_word' id='word_1_483' title='bbox 659 4169 818 4231; x_wconf 75' lang='grc' dir='ltr'>ὂντας</span> <span class='ocrx_word' id='word_1_484' title='bbox 848 4170 903 4221; x_wconf 79' lang='grc' dir='ltr'><strong>ἐν</strong></span> <span class='ocrx_word' id='word_1_485' title='bbox 932 4169 1067 4239; x_wconf 80' lang='grc' dir='ltr'>αὐτῇ</span> <span class='ocrx_word' id='word_1_486' title='bbox 1129 4169 1224 4222; x_wconf 71' lang='grc' dir='ltr'>καὶ</span> <span class='ocrx_word' id='word_1_487' title='bbox 1259 4169 1590 4237; x_wconf 88' lang='grc' dir='ltr'>ἀγαπῶντας</span> <span class='ocrx_word' id='word_1_488' title='bbox 1623 4171 1821 4239; x_wconf 76' lang='grc' dir='ltr'>αὐτήνο</span> 
     </span>
    </p>
   </div>
   <div class='ocr_carea' id='block_1_65' title="bbox 257 4251 1826 4330">
    <p class='ocr_par' dir='ltr' id='par_1_65' title="bbox 257 4251 1826 4330">
     <span class='ocr_line' id='line_1_65' title="bbox 257 4251 1826 4330; baseline -0.001 -16"><span class='ocrx_word' id='word_1_489' title='bbox 257 4257 366 4315; x_wconf 75' lang='grc' dir='ltr'>εἷεν</span> <span class='ocrx_word' id='word_1_490' title='bbox 387 4261 432 4313; x_wconf 78' lang='grc' dir='ltr'>δ’</span> <span class='ocrx_word' id='word_1_491' title='bbox 457 4260 522 4314; x_wconf 80' lang='grc' dir='ltr'>ἂν</span> <span class='ocrx_word' id='word_1_492' title='bbox 552 4251 697 4312; x_wconf 79' lang='grc' dir='ltr'>οὗτοι</span> <span class='ocrx_word' id='word_1_493' title='bbox 724 4259 884 4312; x_wconf 86' lang='grc' dir='ltr'>πάλιν</span> <span class='ocrx_word' id='word_1_494' title='bbox 918 4259 967 4311; x_wconf 88' lang='grc' dir='ltr'><strong>οί</strong></span> <span class='ocrx_word' id='word_1_495' title='bbox 1000 4259 1282 4329; x_wconf 82' lang='grc' dir='ltr'>ἀνέχοντες</span> <span class='ocrx_word' id='word_1_496' title='bbox 1308 4257 1492 4330; x_wconf 84' lang='grc' dir='ltr'>ὥσπερ</span> <span class='ocrx_word' id='word_1_497' title='bbox 1518 4258 1707 4330; x_wconf 82' lang='grc' dir='ltr'>αὐτὴν,</span> <span class='ocrx_word' id='word_1_498' title='bbox 1736 4261 1826 4312; x_wconf 76' lang='grc' dir='ltr'>καὶ</span> 
     </span>
    </p>
   </div>
   <div class='ocr_carea' id='block_1_66' title="bbox 254 4349 1823 4423">
    <p class='ocr_par' dir='ltr' id='par_1_66' title="bbox 254 4349 1823 4423">
     <span class='ocr_line' id='line_1_66' title="bbox 254 4349 1823 4423; baseline -0.004 -15"><span class='ocrx_word' id='word_1_499' title='bbox 254 4358 378 4418; x_wconf 85' lang='grc' dir='ltr'>ταῖς</span> <span class='ocrx_word' id='word_1_500' title='bbox 422 4353 742 4423; x_wconf 87' lang='grc' dir='ltr'>ἀμωμήτοις</span> <span class='ocrx_word' id='word_1_501' title='bbox 792 4350 1161 4414; x_wconf 77' lang='grc' dir='ltr'>διδασκαλίαις</span> <span class='ocrx_word' id='word_1_502' title='bbox 1224 4349 1577 4421; x_wconf 87' lang='grc' dir='ltr'>πολυτρόπως</span> <span class='ocrx_word' id='word_1_503' title='bbox 1636 4351 1823 4420; x_wconf 85' lang='grc' dir='ltr'>στηρί-</span> 
     </span>
    </p>
   </div>
   <div class='ocr_carea' id='block_1_67' title="bbox 257 4440 1825 4510">
    <p class='ocr_par' dir='ltr' id='par_1_67' title="bbox 257 4440 1825 4510">
     <span class='ocr_line' id='line_1_67' title="bbox 257 4440 1825 4510; baseline -0.001 -12"><span class='ocrx_word' id='word_1_504' title='bbox 257 4444 459 4508; x_wconf 83' lang='grc' dir='ltr'>ζοντες,</span> <span class='ocrx_word' id='word_1_505' title='bbox 492 4443 585 4495; x_wconf 79' lang='grc' dir='ltr'>καὶ</span> <span class='ocrx_word' id='word_1_506' title='bbox 620 4444 734 4495; x_wconf 80' lang='grc' dir='ltr'>ὅσοι</span> <span class='ocrx_word' id='word_1_507' title='bbox 775 4440 1060 4494; x_wconf 80' lang='grc' dir='ltr'>πενθοῦσιν</span> <span class='ocrx_word' id='word_1_508' title='bbox 1100 4440 1188 4495; x_wconf 82' lang='grc' dir='ltr'>ἐπ’</span> <span class='ocrx_word' id='word_1_509' title='bbox 1215 4441 1403 4510; x_wconf 78' lang='grc' dir='ltr'>αὐτῆς,</span> <span class='ocrx_word' id='word_1_510' title='bbox 1437 4440 1580 4493; x_wconf 86' lang='grc' dir='ltr'>κατά</span> <span class='ocrx_word' id='word_1_511' title='bbox 1616 4457 1680 4508; x_wconf 92' lang='grc' dir='ltr'><strong>γε</strong></span> <span class='ocrx_word' id='word_1_512' title='bbox 1726 4440 1825 4510; x_wconf 79' lang='grc' dir='ltr'>τὴν</span> 
     </span>
    </p>
   </div>
   <div class='ocr_carea' id='block_1_68' title="bbox 255 4529 1825 4601">
    <p class='ocr_par' dir='ltr' id='par_1_68' title="bbox 255 4529 1825 4601">
     <span class='ocr_line' id='line_1_68' title="bbox 255 4529 1825 4601; baseline -0.001 -16"><span class='ocrx_word' id='word_1_513' title='bbox 255 4530 419 4585; x_wconf 72' lang='grc' dir='ltr'>αὐτοῦ</span> <span class='ocrx_word' id='word_1_514' title='bbox 472 4529 564 4583; x_wconf 85' lang='grc' dir='ltr'><strong>τοῦ</strong></span> <span class='ocrx_word' id='word_1_515' title='bbox 612 4530 863 4599; x_wconf 86' lang='grc' dir='ltr'>Σωτῆρος</span> <span class='ocrx_word' id='word_1_516' title='bbox 911 4530 1118 4599; x_wconf 75' lang='grc' dir='ltr'>φωνήψ</span> <span class='ocrx_word' id='word_1_517' title='bbox 1152 4548 1169 4581; x_wconf 82' lang='grc' dir='ltr'><strong>ι</strong></span> <span class='ocrx_word' id='word_1_518' title='bbox 1200 4530 1500 4601; x_wconf 83' lang='grc' dir='ltr'>Μακάριοι,</span> <span class='ocrx_word' id='word_1_519' title='bbox 1548 4531 1730 4601; x_wconf 67' lang='grc' dir='ltr'>φησιν,</span> <span class='ocrx_word' id='word_1_520' title='bbox 1779 4534 1825 4584; x_wconf 82' lang='grc' dir='ltr'>οἱ</span> 
     </span>
    </p>
   </div>
   <div class='ocr_carea' id='block_1_69' title="bbox 255 4619 1827 4691">
    <p class='ocr_par' dir='ltr' id='par_1_69' title="bbox 255 4619 1827 4691">
     <span class='ocr_line' id='line_1_69' title="bbox 255 4619 1827 4691; baseline -0.001 -16"><span class='ocrx_word' id='word_1_521' title='bbox 255 4620 599 4684; x_wconf 77' lang='grc' dir='ltr'>πενθοῦντες,</span> <span class='ocrx_word' id='word_1_522' title='bbox 642 4619 896 4673; x_wconf 75' lang='grc' dir='ltr'>ὃτιαὺτοὶ</span> <span class='ocrx_word' id='word_1_523' title='bbox 935 4620 1509 4691; x_wconf 74' lang='grc' dir='ltr'>παρακληθήσονται.)</span> <span class='ocrx_word' id='word_1_524' title='bbox 1562 4622 1635 4674; x_wconf 84' lang='grc' dir='ltr'><strong>Τὸ</strong></span> <span class='ocrx_word' id='word_1_525' title='bbox 1676 4621 1734 4674; x_wconf 86' lang='grc' dir='ltr'><strong>δέ</strong></span> <span class='ocrx_word' id='word_1_526' title='bbox 1762 4638 1827 4690; x_wconf 86' lang='grc' dir='ltr'><strong>γε</strong></span> 
     </span>
    </p>
   </div>
   <div class='ocr_carea' id='block_1_70' title="bbox 253 4710 1825 4785">
    <p class='ocr_par' dir='ltr' id='par_1_70' title="bbox 253 4710 1825 4785">
     <span class='ocr_line' id='line_1_70' title="bbox 253 4710 1825 4785; baseline 0.003 -21"><span class='ocrx_word' id='word_1_527' title='bbox 253 4712 447 4774; x_wconf 85' lang='grc' dir='ltr'>πένθος</span> <span class='ocrx_word' id='word_1_528' title='bbox 482 4712 541 4765; x_wconf 88' lang='grc' dir='ltr'><strong>ἐν</strong></span> <span class='ocrx_word' id='word_1_529' title='bbox 564 4710 773 4775; x_wconf 85' lang='grc' dir='ltr'>τούτοις</span> <span class='ocrx_word' id='word_1_530' title='bbox 795 4710 892 4783; x_wconf 81' lang='grc' dir='ltr'><strong>τὴν</strong></span> <span class='ocrx_word' id='word_1_531' title='bbox 922 4711 1033 4765; x_wconf 90' lang='grc' dir='ltr'><strong>τῶν</strong></span> <span class='ocrx_word' id='word_1_532' title='bbox 1071 4712 1286 4780; x_wconf 83' lang='grc' dir='ltr'>εὐαγῶν</span> <span class='ocrx_word' id='word_1_533' title='bbox 1319 4713 1825 4785; x_wconf 85' lang='grc' dir='ltr'>ἀνδραγαθημάτων</span> 
     </span>
    </p>
   </div>
   <div class='ocr_carea' id='block_1_71' title="bbox 255 4799 1826 4874">
    <p class='ocr_par' dir='ltr' id='par_1_71' title="bbox 255 4799 1826 4874">
     <span class='ocr_line' id='line_1_71' title="bbox 255 4799 1826 4874; baseline 0.002 -21"><span class='ocrx_word' id='word_1_534' title='bbox 255 4800 540 4870; x_wconf 75' lang='grc' dir='ltr'>ὑποφαίνει</span> <span class='ocrx_word' id='word_1_535' title='bbox 577 4801 912 4872; x_wconf 87' lang='grc' dir='ltr'>κατόρθωσιν</span> <span class='ocrx_word' id='word_1_536' title='bbox 938 4819 951 4833; x_wconf 88' lang='grc'>·</span> <span class='ocrx_word' id='word_1_537' title='bbox 991 4799 1188 4870; x_wconf 79' lang='grc' dir='ltr'>ἱδρῶτα</span> <span class='ocrx_word' id='word_1_538' title='bbox 1217 4801 1326 4872; x_wconf 82' lang='grc' dir='ltr'><strong>γὰρ</strong></span> <span class='ocrx_word' id='word_1_539' title='bbox 1364 4801 1543 4871; x_wconf 76' lang='grc' dir='ltr'>έχουσι</span> <span class='ocrx_word' id='word_1_540' title='bbox 1580 4803 1673 4856; x_wconf 80' lang='grc' dir='ltr'>τὸν</span> <span class='ocrx_word' id='word_1_541' title='bbox 1700 4804 1826 4874; x_wconf 83' lang='grc' dir='ltr'>ὀνη-</span> 
     </span>
    </p>
   </div>
   <div class='ocr_carea' id='block_1_72' title="bbox 257 4892 1825 4964">
    <p class='ocr_par' dir='ltr' id='par_1_72' title="bbox 257 4892 1825 4964">
     <span class='ocr_line' id='line_1_72' title="bbox 257 4892 1825 4964; baseline 0.001 -18"><span class='ocrx_word' id='word_1_542' title='bbox 257 4894 498 4964; x_wconf 84' lang='grc' dir='ltr'>σιφόρον,</span> <span class='ocrx_word' id='word_1_543' title='bbox 536 4897 628 4947; x_wconf 66' lang='grc' dir='ltr'>καὶ</span> <span class='ocrx_word' id='word_1_544' title='bbox 658 4892 994 4964; x_wconf 86' lang='grc' dir='ltr'>τληπαθοῦσι</span> <span class='ocrx_word' id='word_1_545' title='bbox 1030 4894 1316 4959; x_wconf 88' lang='grc' dir='ltr'>νεανικῶς,</span> <span class='ocrx_word' id='word_1_546' title='bbox 1364 4896 1462 4963; x_wconf 78' lang='grc' dir='ltr'>οὐχ</span> <span class='ocrx_word' id='word_1_547' title='bbox 1513 4895 1600 4947; x_wconf 80' lang='grc' dir='ltr'>ἵνα</span> <span class='ocrx_word' id='word_1_548' title='bbox 1632 4913 1685 4948; x_wconf 91' lang='grc' dir='ltr'><strong>τι</strong></span> <span class='ocrx_word' id='word_1_549' title='bbox 1717 4896 1825 4948; x_wconf 89' lang='grc' dir='ltr'><strong>τῶν</strong></span> 
     </span>
    </p>
   </div>
   <div class='ocr_carea' id='block_1_73' title="bbox 252 4984 1824 5058">
    <p class='ocr_par' dir='ltr' id='par_1_73' title="bbox 252 4984 1824 5058">
     <span class='ocr_line' id='line_1_73' title="bbox 252 4984 1824 5058; baseline 0.001 -21"><span class='ocrx_word' id='word_1_550' title='bbox 252 4984 513 5053; x_wconf 77' lang='grc' dir='ltr'>ἐπιγείων</span> <span class='ocrx_word' id='word_1_551' title='bbox 543 4984 892 5054; x_wconf 87' lang='grc' dir='ltr'>κερδάνωσιν,</span> <span class='ocrx_word' id='word_1_552' title='bbox 927 4984 1042 5037; x_wconf 83' lang='grc' dir='ltr'>ἀλλ’</span> <span class='ocrx_word' id='word_1_553' title='bbox 1069 4986 1155 5038; x_wconf 82' lang='grc' dir='ltr'>ἵνα</span> <span class='ocrx_word' id='word_1_554' title='bbox 1189 4985 1299 5037; x_wconf 89' lang='grc' dir='ltr'><strong>τῶν</strong></span> <span class='ocrx_word' id='word_1_555' title='bbox 1331 4986 1483 5055; x_wconf 90' lang='grc' dir='ltr'><strong>παρά</strong></span> <span class='ocrx_word' id='word_1_556' title='bbox 1507 4985 1641 5039; x_wconf 85' lang='grc' dir='ltr'>Θεοῦ</span> <span class='ocrx_word' id='word_1_557' title='bbox 1671 5004 1824 5058; x_wconf 87' lang='grc' dir='ltr'>χαρι-</span> 
     </span>
    </p>
   </div>
   <div class='ocr_carea' id='block_1_74' title="bbox 254 5075 1823 5147">
    <p class='ocr_par' dir='ltr' id='par_1_74' title="bbox 254 5075 1823 5147">
     <span class='ocr_line' id='line_1_74' title="bbox 254 5075 1823 5147; baseline 0.001 -18"><span class='ocrx_word' id='word_1_558' title='bbox 254 5078 480 5147; x_wconf 81' lang='grc' dir='ltr'>σμάτων</span> <span class='ocrx_word' id='word_1_559' title='bbox 508 5075 1009 5146; x_wconf 81' lang='grc' dir='ltr'>ἀναπιμπλάμενοι,</span> <span class='ocrx_word' id='word_1_560' title='bbox 1045 5075 1308 5146; x_wconf 81' lang='grc' dir='ltr'>θυμηδίας</span> <span class='ocrx_word' id='word_1_561' title='bbox 1332 5078 1547 5147; x_wconf 88' lang='grc' dir='ltr'>ἀπάσης</span> <span class='ocrx_word' id='word_1_562' title='bbox 1562 5077 1823 5145; x_wconf 83' lang='grc' dir='ltr'>γένωνται</span> 
     </span>
    </p>
   </div>
   <div class='ocr_carea' id='block_1_75' title="bbox 256 5166 1825 5238">
    <p class='ocr_par' dir='ltr' id='par_1_75' title="bbox 256 5166 1825 5238">
     <span class='ocr_line' id='line_1_75' title="bbox 256 5166 1825 5238; baseline 0.001 -18"><span class='ocrx_word' id='word_1_563' title='bbox 256 5168 463 5238; x_wconf 86' lang='grc' dir='ltr'>μεστοί·</span> <span class='ocrx_word' id='word_1_564' title='bbox 499 5167 654 5220; x_wconf 83' lang='grc' dir='ltr'>τοῦτο</span> <span class='ocrx_word' id='word_1_565' title='bbox 676 5166 783 5236; x_wconf 89' lang='grc' dir='ltr'><strong>γάρ</strong></span> <span class='ocrx_word' id='word_1_566' title='bbox 814 5167 994 5229; x_wconf 83' lang='grc' dir='ltr'>αὐτοῖς</span> <span class='ocrx_word' id='word_1_567' title='bbox 1029 5168 1370 5237; x_wconf 82' lang='grc' dir='ltr'>ὑπισχνεῖται</span> <span class='ocrx_word' id='word_1_568' title='bbox 1404 5167 1575 5235; x_wconf 83' lang='grc' dir='ltr'>λέγων</span> <span class='ocrx_word' id='word_1_569' title='bbox 1598 5184 1612 5197; x_wconf 74' lang='grc' dir='ltr'><strong>ο</strong></span> <span class='ocrx_word' id='word_1_570' title='bbox 1662 5187 1682 5218; x_wconf 74' lang='grc' dir='ltr'>ί</span> <span class='ocrx_word' id='word_1_571' title='bbox 1709 5168 1825 5222; x_wconf 89' lang='grc' dir='ltr'>Ἵνα</span> 
     </span>
    </p>
   </div>
   <div class='ocr_carea' id='block_1_76' title="bbox 253 5257 1825 5329">
    <p class='ocr_par' dir='ltr' id='par_1_76' title="bbox 253 5257 1825 5329">
     <span class='ocr_line' id='line_1_76' title="bbox 253 5257 1825 5329; baseline 0 -18"><span class='ocrx_word' id='word_1_572' title='bbox 253 5259 522 5329; x_wconf 86' lang='grc' dir='ltr'>θηλάσητε</span> <span class='ocrx_word' id='word_1_573' title='bbox 570 5259 663 5311; x_wconf 66' lang='grc' dir='ltr'>καὶ</span> <span class='ocrx_word' id='word_1_574' title='bbox 680 5257 1028 5328; x_wconf 85' lang='grc' dir='ltr'>ἐμπλησθῆτε</span> <span class='ocrx_word' id='word_1_575' title='bbox 1062 5258 1168 5310; x_wconf 87' lang='grc' dir='ltr'>ἀπὸ</span> <span class='ocrx_word' id='word_1_576' title='bbox 1199 5257 1401 5328; x_wconf 86' lang='grc' dir='ltr'>μαστοῦ</span> <span class='ocrx_word' id='word_1_577' title='bbox 1433 5258 1825 5329; x_wconf 86' lang='grc' dir='ltr'>παρακλήσεως</span> 
     </span>
    </p>
   </div>
   <div class='ocr_carea' id='block_1_77' title="bbox 253 5348 1825 5421">
    <p class='ocr_par' dir='ltr' id='par_1_77' title="bbox 253 5348 1825 5421">
     <span class='ocr_line' id='line_1_77' title="bbox 253 5348 1825 5421; baseline 0.001 -20"><span class='ocrx_word' id='word_1_578' title='bbox 253 5350 437 5421; x_wconf 83' lang='grc' dir='ltr'>αὐτῆς.</span> <span class='ocrx_word' id='word_1_579' title='bbox 463 5368 481 5401; x_wconf 77' lang='grc' dir='ltr'><strong>ι</strong></span> <span class='ocrx_word' id='word_1_580' title='bbox 518 5350 813 5420; x_wconf 88' lang='grc' dir='ltr'>Πρὸσωπον</span> <span class='ocrx_word' id='word_1_581' title='bbox 845 5348 901 5401; x_wconf 83' lang='grc' dir='ltr'>δὲ</span> <span class='ocrx_word' id='word_1_582' title='bbox 930 5348 1071 5413; x_wconf 85' lang='grc' dir='ltr'>ἆπαξ</span> <span class='ocrx_word' id='word_1_583' title='bbox 1086 5350 1341 5418; x_wconf 80' lang='grc' dir='ltr'>γυναικὸς</span> <span class='ocrx_word' id='word_1_584' title='bbox 1368 5349 1609 5415; x_wconf 75' lang='grc' dir='ltr'>περιθεὶς</span> <span class='ocrx_word' id='word_1_585' title='bbox 1637 5352 1701 5421; x_wconf 81' lang='grc' dir='ltr'>τῇ</span> <span class='ocrx_word' id='word_1_586' title='bbox 1729 5351 1825 5421; x_wconf 79' lang='grc' dir='ltr'>νέᾳ.</span> 
     </span>
    </p>
   </div>
   <div class='ocr_carea' id='block_1_78' title="bbox 252 5438 1821 5512">
    <p class='ocr_par' dir='ltr' id='par_1_78' title="bbox 252 5438 1821 5512">
     <span class='ocr_line' id='line_1_78' title="bbox 252 5438 1821 5512; baseline 0.001 -20"><span class='ocrx_word' id='word_1_587' title='bbox 252 5439 413 5505; x_wconf 80' lang='grc' dir='ltr'>Σιὼν,</span> <span class='ocrx_word' id='word_1_588' title='bbox 446 5442 693 5511; x_wconf 81' lang='grc' dir='ltr'>ἐπιμένει</span> <span class='ocrx_word' id='word_1_589' title='bbox 718 5444 785 5512; x_wconf 79' lang='grc' dir='ltr'><strong>τῇ</strong></span> <span class='ocrx_word' id='word_1_590' title='bbox 813 5438 906 5493; x_wconf 87' lang='grc' dir='ltr'><strong>τοῦ</strong></span> <span class='ocrx_word' id='word_1_591' title='bbox 935 5441 1095 5509; x_wconf 82' lang='grc' dir='ltr'>λόγου</span> <span class='ocrx_word' id='word_1_592' title='bbox 1127 5443 1322 5511; x_wconf 79' lang='grc' dir='ltr'>τροπῇ,</span> <span class='ocrx_word' id='word_1_593' title='bbox 1360 5441 1451 5493; x_wconf 74' lang='grc' dir='ltr'>καὶ</span> <span class='ocrx_word' id='word_1_594' title='bbox 1474 5441 1571 5510; x_wconf 80' lang='grc' dir='ltr'>τὴν</span> <span class='ocrx_word' id='word_1_595' title='bbox 1601 5442 1658 5492; x_wconf 81' lang='grc' dir='ltr'><strong>ἐν</strong></span> <span class='ocrx_word' id='word_1_596' title='bbox 1685 5442 1821 5512; x_wconf 80' lang='grc' dir='ltr'>αὐτῇ</span> 
     </span>
    </p>
   </div>
   <div class='ocr_carea' id='block_1_79' title="bbox 252 5529 1820 5603">
    <p class='ocr_par' dir='ltr' id='par_1_79' title="bbox 252 5529 1820 5603">
     <span class='ocr_line' id='line_1_79' title="bbox 252 5529 1820 5603; baseline 0.001 -21"><span class='ocrx_word' id='word_1_597' title='bbox 252 5530 595 5600; x_wconf 80' lang='grc' dir='ltr'>παράκλησιν</span> <span class='ocrx_word' id='word_1_598' title='bbox 620 5533 718 5603; x_wconf 83' lang='grc' dir='ltr'>τὴν</span> <span class='ocrx_word' id='word_1_599' title='bbox 756 5531 844 5585; x_wconf 86' lang='grc' dir='ltr'><strong>διά</strong></span> <span class='ocrx_word' id='word_1_600' title='bbox 871 5548 957 5598; x_wconf 84' lang='grc' dir='ltr'><strong>γε,</strong></span> <span class='ocrx_word' id='word_1_601' title='bbox 999 5530 1160 5600; x_wconf 76' lang='grc' dir='ltr'>φημὶ,</span> <span class='ocrx_word' id='word_1_602' title='bbox 1175 5529 1268 5583; x_wconf 91' lang='grc' dir='ltr'><strong>τοῦ</strong></span> <span class='ocrx_word' id='word_1_603' title='bbox 1300 5531 1455 5599; x_wconf 84' lang='grc' dir='ltr'>ἁγίου</span> <span class='ocrx_word' id='word_1_604' title='bbox 1489 5530 1820 5601; x_wconf 85' lang='grc' dir='ltr'>Πνεύματος,</span> 
     </span>
    </p>
   </div>
   <div class='ocr_carea' id='block_1_80' title="bbox 255 5620 1819 5692">
    <p class='ocr_par' dir='ltr' id='par_1_80' title="bbox 255 5620 1819 5692">
     <span class='ocr_line' id='line_1_80' title="bbox 255 5620 1819 5692; baseline 0.001 -21"><span class='ocrx_word' id='word_1_605' title='bbox 255 5623 476 5689; x_wconf 76' lang='grc' dir='ltr'>μαστοῖς</span> <span class='ocrx_word' id='word_1_606' title='bbox 514 5621 835 5691; x_wconf 79' lang='grc' dir='ltr'>παρεικάζει</span> <span class='ocrx_word' id='word_1_607' title='bbox 894 5621 986 5675; x_wconf 57' lang='grc' dir='ltr'><strong>καὶ⁸</strong></span> <span class='ocrx_word' id='word_1_608' title='bbox 1011 5621 1263 5689; x_wconf 84' lang='grc' dir='ltr'>γάλακτι.</span> <span class='ocrx_word' id='word_1_609' title='bbox 1311 5620 1539 5692; x_wconf 77' lang='grc' dir='ltr'>Εἴρηται</span> <span class='ocrx_word' id='word_1_610' title='bbox 1573 5622 1681 5692; x_wconf 85' lang='grc' dir='ltr'><strong>γάρ</strong></span> <span class='ocrx_word' id='word_1_611' title='bbox 1720 5639 1819 5674; x_wconf 84' lang='grc' dir='ltr'><strong>που</strong></span> 
     </span>
    </p>
   </div>
   <div class='ocr_carea' id='block_1_81' title="bbox 1938 2523 3509 2595">
    <p class='ocr_par' dir='ltr' id='par_1_81' title="bbox 1938 2523 3509 2595">
     <span class='ocr_line' id='line_1_81' title="bbox 1938 2523 3509 2595; baseline -0.002 -16"><span class='ocrx_word' id='word_1_612' title='bbox 1938 2542 2135 2589; x_wconf 86' lang='lat' dir='ltr'><strong>omnes,</strong></span> <span class='ocrx_word' id='word_1_613' title='bbox 2200 2525 2492 2595; x_wconf 82' lang='lat' dir='ltr'><strong>quicunque</strong></span> <span class='ocrx_word' id='word_1_614' title='bbox 2545 2523 2730 2591; x_wconf 87' lang='lat' dir='ltr'><strong>lugetis</strong></span> <span class='ocrx_word' id='word_1_615' title='bbox 2794 2539 2948 2591; x_wconf 86' lang='lat' dir='ltr'><strong>super</strong></span> <span class='ocrx_word' id='word_1_616' title='bbox 2990 2538 3124 2587; x_wconf 90' lang='lat' dir='ltr'><strong>eam,</strong></span> <span class='ocrx_word' id='word_1_617' title='bbox 3171 2532 3227 2575; x_wconf 88' lang='lat' dir='ltr'><strong>ut</strong></span> <span class='ocrx_word' id='word_1_618' title='bbox 3289 2524 3509 2592; x_wconf 88' lang='lat' dir='ltr'><strong>sugatis,</strong></span> 
     </span>
    </p>
   </div>
   <div class='ocr_carea' id='block_1_82' title="bbox 1937 2613 3508 2685">
    <p class='ocr_par' dir='ltr' id='par_1_82' title="bbox 1937 2613 3508 2685">
     <span class='ocr_line' id='line_1_82' title="bbox 1937 2613 3508 2685; baseline -0.003 -14"><span class='ocrx_word' id='word_1_619' title='bbox 1937 2627 1983 2671; x_wconf 85' lang='lat' dir='ltr'><strong>et</strong></span> <span class='ocrx_word' id='word_1_620' title='bbox 2004 2617 2329 2685; x_wconf 87' lang='lat' dir='ltr'><strong>impleamini</strong></span> <span class='ocrx_word' id='word_1_621' title='bbox 2352 2618 2505 2670; x_wconf 87' lang='lat' dir='ltr'><strong>ubere</strong></span> <span class='ocrx_word' id='word_1_622' title='bbox 2528 2615 2899 2668; x_wconf 79' lang='lat' dir='ltr'><strong>consolationis</strong></span> <span class='ocrx_word' id='word_1_623' title='bbox 2944 2613 3079 2683; x_wconf 87' lang='lat' dir='ltr'><strong>ejus,</strong></span> <span class='ocrx_word' id='word_1_624' title='bbox 3138 2624 3193 2666; x_wconf 89' lang='lat' dir='ltr'><strong>ut</strong></span> <span class='ocrx_word' id='word_1_625' title='bbox 3237 2625 3508 2683; x_wconf 81' lang='lat' dir='ltr'><strong>postquam</strong></span> 
     </span>
    </p>
   </div>
   <div class='ocr_carea' id='block_1_83' title="bbox 1937 2704 3513 2774">
    <p class='ocr_par' dir='ltr' id='par_1_83' title="bbox 1937 2704 3513 2774">
     <span class='ocr_line' id='line_1_83' title="bbox 1937 2704 3513 2774; baseline -0.001 -16"><span class='ocrx_word' id='word_1_626' title='bbox 1937 2708 2204 2769; x_wconf 71' lang='lat' dir='ltr'><strong>suxeritis,</strong></span> <span class='ocrx_word' id='word_1_627' title='bbox 2232 2706 2555 2760; x_wconf 88' lang='lat' dir='ltr'><strong>delectemini</strong></span> <span class='ocrx_word' id='word_1_628' title='bbox 2578 2707 2799 2758; x_wconf 83' lang='lat' dir='ltr'><strong>introitu</strong></span> <span class='ocrx_word' id='word_1_629' title='bbox 2850 2704 3030 2774; x_wconf 77' lang='lat' dir='ltr'><strong>gloria:</strong></span> <span class='ocrx_word' id='word_1_630' title='bbox 3069 2704 3201 2771; x_wconf 85' lang='lat' dir='ltr'><strong>ejus.</strong></span> <span class='ocrx_word' id='word_1_631' title='bbox 3230 2704 3367 2768; x_wconf 83' lang='lat' dir='ltr'><strong>Quia</strong></span> <span class='ocrx_word' id='word_1_632' title='bbox 3399 2704 3513 2759; x_wconf 74' lang='lat' dir='ltr'><strong>[uec</strong></span> 
     </span>
    </p>
   </div>
   <div class='ocr_carea' id='block_1_84' title="bbox 1935 2793 3513 2871">
    <p class='ocr_par' dir='ltr' id='par_1_84' title="bbox 1935 2793 3513 2871">
     <span class='ocr_line' id='line_1_84' title="bbox 1935 2793 3513 2871; baseline 0.001 -23"><span class='ocrx_word' id='word_1_633' title='bbox 1935 2796 2063 2849; x_wconf 82' lang='lat' dir='ltr'><strong>dicit</strong></span> <span class='ocrx_word' id='word_1_634' title='bbox 2117 2796 2423 2851; x_wconf 87' lang='lat' dir='ltr'><strong>Dominus:</strong></span> <span class='ocrx_word' id='word_1_635' title='bbox 2475 2793 2609 2849; x_wconf 77' lang='lat' dir='ltr'><strong>Ecce</strong></span> <span class='ocrx_word' id='word_1_636' title='bbox 2682 2811 2778 2871; x_wconf 79' lang='lat' dir='ltr'><strong>ego</strong></span> <span class='ocrx_word' id='word_1_637' title='bbox 2838 2794 3039 2848; x_wconf 82' lang='lat' dir='ltr'><strong>declina</strong></span> <span class='ocrx_word' id='word_1_638' title='bbox 3104 2795 3170 2847; x_wconf 89' lang='lat' dir='ltr'><strong>ad</strong></span> <span class='ocrx_word' id='word_1_639' title='bbox 3229 2811 3316 2849; x_wconf 86' lang='lat' dir='ltr'><strong>eos</strong></span> <span class='ocrx_word' id='word_1_640' title='bbox 3394 2805 3513 2851; x_wconf 85' lang='lat' dir='ltr'><strong>tan-</strong></span> 
     </span>
    </p>
   </div>
   <div class='ocr_carea' id='block_1_85' title="bbox 1932 2885 3512 2959">
    <p class='ocr_par' dir='ltr' id='par_1_85' title="bbox 1932 2885 3512 2959">
     <span class='ocr_line' id='line_1_85' title="bbox 1932 2885 3512 2959; baseline 0.002 -19"><span class='ocrx_word' id='word_1_641' title='bbox 1932 2904 2087 2957; x_wconf 89' lang='lat' dir='ltr'><strong>quam</strong></span> <span class='ocrx_word' id='word_1_642' title='bbox 2102 2888 2297 2956; x_wconf 83' lang='lat' dir='ltr'><strong>ﬂumen</strong></span> <span class='ocrx_word' id='word_1_643' title='bbox 2327 2887 2494 2959; x_wconf 84' lang='lat' dir='ltr'><strong>pacis,</strong></span> <span class='ocrx_word' id='word_1_644' title='bbox 2525 2897 2574 2942; x_wconf 81' lang='lat' dir='ltr'><strong>et</strong></span> <span class='ocrx_word' id='word_1_645' title='bbox 2597 2887 2750 2958; x_wconf 78' lang='lat' dir='ltr'><strong>quasi</strong></span> <span class='ocrx_word' id='word_1_646' title='bbox 2774 2895 2979 2942; x_wconf 88' lang='lat' dir='ltr'><strong>torrens</strong></span> <span class='ocrx_word' id='word_1_647' title='bbox 2999 2885 3265 2941; x_wconf 86' lang='lat' dir='ltr'><strong>inundans</strong></span> <span class='ocrx_word' id='word_1_648' title='bbox 3289 2885 3512 2957; x_wconf 85' lang='lat' dir='ltr'><strong>gloriam</strong></span> 
     </span>
    </p>
   </div>
   <div class='ocr_carea' id='block_1_86' title="bbox 1969 2979 2185 3033">
    <p class='ocr_par' dir='ltr' id='par_1_86' title="bbox 1969 2979 2185 3033">
     <span class='ocr_line' id='line_1_86' title="bbox 1969 2979 2185 3033; baseline -0.005 0"><span class='ocrx_word' id='word_1_649' title='bbox 1969 2979 2185 3033; x_wconf 77' lang='lat' dir='ltr'><strong>entiam.</strong></span> 
     </span>
    </p>
   </div>
   <div class='ocr_carea' id='block_1_87' title="bbox 1861 2996 3509 3163">
    <p class='ocr_par' dir='ltr' id='par_1_87' title="bbox 1861 2996 3509 3163">
     <span class='ocr_line' id='line_1_87' title="bbox 1969 2996 2185 3033; baseline -0.023 1"><span class='ocrx_word' id='word_1_650' title='bbox 1969 2996 2185 3033; x_wconf 83' lang='lat' dir='ltr'><strong>emtum.</strong></span> 
     </span>
     <span class='ocr_line' id='line_1_88' title="bbox 1861 2996 3509 3163; baseline 0.028 -108"><span class='ocrx_word' id='word_1_651' title='bbox 1861 2996 1967 3163; x_wconf 67' lang='lat' dir='ltr'><strong>C9</strong></span> <span class='ocrx_word' id='word_1_652' title='bbox 2007 3072 2256 3127; x_wconf 77' lang='lat' dir='ltr'><strong>Gaudere</strong></span> <span class='ocrx_word' id='word_1_653' title='bbox 2280 3070 2431 3141; x_wconf 84' lang='lat' dir='ltr'><strong>jubet</strong></span> <span class='ocrx_word' id='word_1_654' title='bbox 2458 3070 2597 3125; x_wconf 86' lang='lat' dir='ltr'><strong>hanc</strong></span> <span class='ocrx_word' id='word_1_655' title='bbox 2639 3085 2830 3125; x_wconf 85' lang='lat' dir='ltr'><strong>novam</strong></span> <span class='ocrx_word' id='word_1_656' title='bbox 2860 3079 2915 3125; x_wconf 93' lang='lat' dir='ltr'><strong>et</strong></span> <span class='ocrx_word' id='word_1_657' title='bbox 2944 3068 3332 3140; x_wconf 68' lang='grc' dir='ltr'>ιηιθιιῑείδῐιοηι</span> <span class='ocrx_word' id='word_1_658' title='bbox 3382 3066 3509 3122; x_wconf 69' lang='grc' dir='ltr'><strong>δίο.</strong></span> 
     </span>
    </p>
   </div>
   <div class='ocr_carea' id='block_1_88' title="bbox 1859 4491 1903 4550">
    <p class='ocr_par' dir='ltr' id='par_1_88' title="bbox 1859 4491 1903 4550">
     <span class='ocr_line' id='line_1_89' title="bbox 1859 4491 1903 4550; baseline 0 0"><span class='ocrx_word' id='word_1_659' title='bbox 1859 4491 1903 4550; x_wconf 92' lang='lat' dir='ltr'><strong>D</strong></span> 
     </span>
    </p>
   </div>
   <div class='ocr_carea' id='block_1_89' title="bbox 1937 3161 3509 3231">
    <p class='ocr_par' dir='ltr' id='par_1_89' title="bbox 1937 3161 3509 3231">
     <span class='ocr_line' id='line_1_90' title="bbox 1937 3161 3509 3231; baseline -0.003 -13"><span class='ocrx_word' id='word_1_660' title='bbox 1937 3179 2084 3226; x_wconf 89' lang='lat' dir='ltr'><strong>nem,</strong></span> <span class='ocrx_word' id='word_1_661' title='bbox 2112 3178 2204 3218; x_wconf 89' lang='lat' dir='ltr'><strong>seu</strong></span> <span class='ocrx_word' id='word_1_662' title='bbox 2228 3161 2548 3228; x_wconf 82' lang='lat' dir='ltr'><strong>Jerusalem,</strong></span> <span class='ocrx_word' id='word_1_663' title='bbox 2576 3177 2693 3231; x_wconf 69' lang='lat' dir='ltr'><strong>qua:</strong></span> <span class='ocrx_word' id='word_1_664' title='bbox 2716 3172 2798 3217; x_wconf 90' lang='lat' dir='ltr'><strong>est</strong></span> <span class='ocrx_word' id='word_1_665' title='bbox 2830 3162 3068 3217; x_wconf 84' lang='lat' dir='ltr'><strong>Ecclesia</strong></span> <span class='ocrx_word' id='word_1_666' title='bbox 3114 3162 3208 3216; x_wconf 91' lang='lat' dir='ltr'><strong>Dei</strong></span> <span class='ocrx_word' id='word_1_667' title='bbox 3257 3161 3509 3228; x_wconf 79' lang='lat' dir='ltr'><strong>viventis,</strong></span> 
     </span>
    </p>
   </div>
   <div class='ocr_carea' id='block_1_90' title="bbox 1929 3250 3506 3320">
    <p class='ocr_par' dir='ltr' id='par_1_90' title="bbox 1929 3250 3506 3320">
     <span class='ocr_line' id='line_1_91' title="bbox 1929 3250 3506 3320; baseline -0.002 -15"><span class='ocrx_word' id='word_1_668' title='bbox 1929 3266 2089 3319; x_wconf 90' lang='lat' dir='ltr'><strong>quam</strong></span> <span class='ocrx_word' id='word_1_669' title='bbox 2108 3252 2220 3319; x_wconf 90' lang='lat' dir='ltr'><strong>ipse</strong></span> <span class='ocrx_word' id='word_1_670' title='bbox 2242 3250 2489 3305; x_wconf 90' lang='lat' dir='ltr'><strong>Christus</strong></span> <span class='ocrx_word' id='word_1_671' title='bbox 2504 3251 2605 3305; x_wconf 89' lang='lat' dir='ltr'><strong>sibi</strong></span> <span class='ocrx_word' id='word_1_672' title='bbox 2641 3250 3063 3320; x_wconf 66' lang='lat' dir='ltr'><strong>repraesentavit,</strong></span> <span class='ocrx_word' id='word_1_673' title='bbox 3105 3250 3506 3304; x_wconf 83' lang='lat' dir='ltr'><strong>immaculatam</strong></span> 
     </span>
    </p>
   </div>
   <div class='ocr_carea' id='block_1_91' title="bbox 1929 3341 3512 3411">
    <p class='ocr_par' dir='ltr' id='par_1_91' title="bbox 1929 3341 3512 3411">
     <span class='ocr_line' id='line_1_92' title="bbox 1929 3341 3512 3411; baseline -0.002 -15"><span class='ocrx_word' id='word_1_674' title='bbox 1929 3351 1983 3396; x_wconf 91' lang='lat' dir='ltr'><strong>et</strong></span> <span class='ocrx_word' id='word_1_675' title='bbox 2004 3342 2351 3411; x_wconf 87' lang='lat' dir='ltr'><strong>inculpatam,</strong></span> <span class='ocrx_word' id='word_1_676' title='bbox 2384 3357 2453 3395; x_wconf 82' lang='lat' dir='ltr'><strong>ex</strong></span> <span class='ocrx_word' id='word_1_677' title='bbox 2486 3342 2733 3395; x_wconf 87' lang='lat' dir='ltr'><strong>tribubus</strong></span> <span class='ocrx_word' id='word_1_678' title='bbox 2763 3341 3001 3396; x_wconf 79' lang='lat' dir='ltr'><strong>Judaicis</strong></span> <span class='ocrx_word' id='word_1_679' title='bbox 3026 3349 3080 3395; x_wconf 91' lang='lat' dir='ltr'><strong>et</strong></span> <span class='ocrx_word' id='word_1_680' title='bbox 3113 3356 3179 3395; x_wconf 78' lang='lat' dir='ltr'><strong>ex</strong></span> <span class='ocrx_word' id='word_1_681' title='bbox 3216 3355 3512 3410; x_wconf 73' lang='lat' dir='ltr'><strong>congrega-</strong></span> 
     </span>
    </p>
   </div>
   <div class='ocr_carea' id='block_1_92' title="bbox 1930 3431 3507 3502">
    <p class='ocr_par' dir='ltr' id='par_1_92' title="bbox 1930 3431 3507 3502">
     <span class='ocr_line' id='line_1_93' title="bbox 1930 3431 3507 3502; baseline -0.004 -13"><span class='ocrx_word' id='word_1_682' title='bbox 1930 3435 2073 3489; x_wconf 92' lang='lat' dir='ltr'><strong>tione</strong></span> <span class='ocrx_word' id='word_1_683' title='bbox 2100 3435 2357 3501; x_wconf 80' lang='lat' dir='ltr'><strong>gentium.</strong></span> <span class='ocrx_word' id='word_1_684' title='bbox 2373 3433 2821 3502; x_wconf 79' lang='lat' dir='ltr'><strong>Conjunxitenim</strong></span> <span class='ocrx_word' id='word_1_685' title='bbox 2852 3434 2985 3487; x_wconf 86' lang='lat' dir='ltr'><strong>duos</strong></span> <span class='ocrx_word' id='word_1_686' title='bbox 3010 3431 3237 3501; x_wconf 90' lang='lat' dir='ltr'><strong>populos</strong></span> <span class='ocrx_word' id='word_1_687' title='bbox 3263 3431 3316 3485; x_wconf 92' lang='lat' dir='ltr'><strong>in</strong></span> <span class='ocrx_word' id='word_1_688' title='bbox 3342 3445 3507 3483; x_wconf 92' lang='lat' dir='ltr'><strong>unum</strong></span> 
     </span>
    </p>
   </div>
   <div class='ocr_carea' id='block_1_93' title="bbox 1928 3520 3510 3591">
    <p class='ocr_par' dir='ltr' id='par_1_93' title="bbox 1928 3520 3510 3591">
     <span class='ocr_line' id='line_1_94' title="bbox 1928 3520 3510 3591; baseline -0.003 -11"><span class='ocrx_word' id='word_1_689' title='bbox 1928 3540 2123 3580; x_wconf 89' lang='lat' dir='ltr'><strong>novum</strong></span> <span class='ocrx_word' id='word_1_690' title='bbox 2150 3525 2442 3587; x_wconf 89' lang='lat' dir='ltr'><strong>hominem,</strong></span> <span class='ocrx_word' id='word_1_691' title='bbox 2472 3524 2806 3579; x_wconf 88' lang='lat' dir='ltr'><strong>constituens</strong></span> <span class='ocrx_word' id='word_1_692' title='bbox 2834 3536 3041 3591; x_wconf 89' lang='lat' dir='ltr'><strong>pacem,</strong></span> <span class='ocrx_word' id='word_1_693' title='bbox 3070 3531 3124 3575; x_wconf 90' lang='lat' dir='ltr'><strong>et</strong></span> <span class='ocrx_word' id='word_1_694' title='bbox 3152 3520 3510 3576; x_wconf 91' lang='lat' dir='ltr'><strong>reconcilians</strong></span> 
     </span>
    </p>
   </div>
   <div class='ocr_carea' id='block_1_94' title="bbox 1929 3612 3506 3685">
    <p class='ocr_par' dir='ltr' id='par_1_94' title="bbox 1929 3612 3506 3685">
     <span class='ocr_line' id='line_1_95' title="bbox 1929 3612 3506 3685; baseline -0.002 -15"><span class='ocrx_word' id='word_1_695' title='bbox 1929 3625 2218 3685; x_wconf 76' lang='lat' dir='ltr'><strong>utrumque</strong></span> <span class='ocrx_word' id='word_1_696' title='bbox 2256 3615 2311 3668; x_wconf 89' lang='lat' dir='ltr'><strong>in</strong></span> <span class='ocrx_word' id='word_1_697' title='bbox 2336 3629 2443 3669; x_wconf 93' lang='lat' dir='ltr'><strong>uno</strong></span> <span class='ocrx_word' id='word_1_698' title='bbox 2466 3628 2697 3684; x_wconf 91' lang='lat' dir='ltr'><strong>corpore</strong></span> <span class='ocrx_word' id='word_1_699' title='bbox 2721 3613 2861 3682; x_wconf 91' lang='lat' dir='ltr'><strong>apud</strong></span> <span class='ocrx_word' id='word_1_700' title='bbox 2911 3612 3127 3667; x_wconf 88' lang='lat' dir='ltr'><strong>Patrem</strong></span> <span class='ocrx_word' id='word_1_701' title='bbox 3160 3613 3229 3666; x_wconf 72' lang='grc'><strong>⁵³.</strong></span> <span class='ocrx_word' id='word_1_702' title='bbox 3265 3613 3331 3667; x_wconf 87' lang='lat' dir='ltr'><strong>Et</strong></span> <span class='ocrx_word' id='word_1_703' title='bbox 3390 3627 3506 3667; x_wconf 82' lang='lat' dir='ltr'><strong>me-</strong></span> 
     </span>
    </p>
   </div>
   <div class='ocr_carea' id='block_1_95' title="bbox 1927 3702 3509 3779">
    <p class='ocr_par' dir='ltr' id='par_1_95' title="bbox 1927 3702 3509 3779">
     <span class='ocr_line' id='line_1_96' title="bbox 1927 3702 3509 3779; baseline -0.001 -21"><span class='ocrx_word' id='word_1_704' title='bbox 1927 3705 2035 3758; x_wconf 88' lang='lat' dir='ltr'><strong>rito</strong></span> <span class='ocrx_word' id='word_1_705' title='bbox 2059 3705 2295 3779; x_wconf 69' lang='lat' dir='ltr'><strong>gaudere</strong></span> <span class='ocrx_word' id='word_1_706' title='bbox 2324 3712 2525 3773; x_wconf 87' lang='lat' dir='ltr'><strong>potest,</strong></span> <span class='ocrx_word' id='word_1_707' title='bbox 2553 3718 2674 3759; x_wconf 92' lang='lat' dir='ltr'><strong>cum</strong></span> <span class='ocrx_word' id='word_1_708' title='bbox 2716 3718 2812 3771; x_wconf 92' lang='lat' dir='ltr'><strong>spe</strong></span> <span class='ocrx_word' id='word_1_709' title='bbox 2866 3702 3022 3770; x_wconf 87' lang='lat' dir='ltr'><strong>plena</strong></span> <span class='ocrx_word' id='word_1_710' title='bbox 3078 3703 3166 3767; x_wconf 87' lang='lat' dir='ltr'><strong>sit,</strong></span> <span class='ocrx_word' id='word_1_711' title='bbox 3192 3718 3353 3771; x_wconf 88' lang='lat' dir='ltr'><strong>quam</strong></span> <span class='ocrx_word' id='word_1_712' title='bbox 3408 3717 3509 3757; x_wconf 89' lang='lat' dir='ltr'><strong>nec</strong></span> 
     </span>
    </p>
   </div>
   <div class='ocr_carea' id='block_1_96' title="bbox 1927 3788 3502 3862">
    <p class='ocr_par' dir='ltr' id='par_1_96' title="bbox 1927 3788 3502 3862">
     <span class='ocr_line' id='line_1_97' title="bbox 1927 3788 3502 3862; baseline -0.005 -13"><span class='ocrx_word' id='word_1_713' title='bbox 1927 3793 2209 3862; x_wconf 87' lang='lat' dir='ltr'><strong>complecti</strong></span> <span class='ocrx_word' id='word_1_714' title='bbox 2232 3808 2381 3847; x_wconf 89' lang='lat' dir='ltr'><strong>mens</strong></span> <span class='ocrx_word' id='word_1_715' title='bbox 2404 3801 2583 3862; x_wconf 88' lang='lat' dir='ltr'><strong>queat,</strong></span> <span class='ocrx_word' id='word_1_716' title='bbox 2607 3806 2708 3845; x_wconf 92' lang='lat' dir='ltr'><strong>nec</strong></span> <span class='ocrx_word' id='word_1_717' title='bbox 2750 3790 2947 3845; x_wconf 82' lang='lat' dir='ltr'><strong>oratio.</strong></span> <span class='ocrx_word' id='word_1_718' title='bbox 2992 3806 3010 3840; x_wconf 78' lang='grc' dir='ltr'><strong>ι</strong></span> <span class='ocrx_word' id='word_1_719' title='bbox 3051 3788 3165 3843; x_wconf 90' lang='lat' dir='ltr'><strong>Non</strong></span> <span class='ocrx_word' id='word_1_720' title='bbox 3198 3790 3502 3842; x_wconf 35' lang='lat' dir='ltr'><strong>enitn’ocu-</strong></span> 
     </span>
    </p>
   </div>
   <div class='ocr_carea' id='block_1_97' title="bbox 1929 3880 3512 3954">
    <p class='ocr_par' dir='ltr' id='par_1_97' title="bbox 1929 3880 3512 3954">
     <span class='ocr_line' id='line_1_98' title="bbox 1929 3880 3512 3954; baseline -0.004 -15"><span class='ocrx_word' id='word_1_721' title='bbox 1929 3885 2012 3939; x_wconf 91' lang='lat' dir='ltr'><strong>lus</strong></span> <span class='ocrx_word' id='word_1_722' title='bbox 2044 3886 2200 3949; x_wconf 87' lang='lat' dir='ltr'><strong>vidit,</strong></span> <span class='ocrx_word' id='word_1_723' title='bbox 2236 3884 2432 3954; x_wconf 89' lang='lat' dir='ltr'><strong>inquit,</strong></span> <span class='ocrx_word' id='word_1_724' title='bbox 2466 3899 2565 3939; x_wconf 91' lang='lat' dir='ltr'><strong>nec</strong></span> <span class='ocrx_word' id='word_1_725' title='bbox 2599 3883 2750 3937; x_wconf 85' lang='lat' dir='ltr'><strong>auris</strong></span> <span class='ocrx_word' id='word_1_726' title='bbox 2795 3880 3018 3942; x_wconf 81' lang='lat' dir='ltr'><strong>audivit,</strong></span> <span class='ocrx_word' id='word_1_727' title='bbox 3051 3891 3107 3935; x_wconf 90' lang='lat' dir='ltr'><strong>et</strong></span> <span class='ocrx_word' id='word_1_728' title='bbox 3135 3881 3188 3934; x_wconf 91' lang='lat' dir='ltr'><strong>in</strong></span> <span class='ocrx_word' id='word_1_729' title='bbox 3217 3895 3310 3935; x_wconf 92' lang='lat' dir='ltr'><strong>cor</strong></span> <span class='ocrx_word' id='word_1_730' title='bbox 3334 3880 3512 3933; x_wconf 75' lang='lat' dir='ltr'><strong>homi-</strong></span> 
     </span>
    </p>
   </div>
   <div class='ocr_carea' id='block_1_98' title="bbox 1928 3973 3509 4046">
    <p class='ocr_par' dir='ltr' id='par_1_98' title="bbox 1928 3973 3509 4046">
     <span class='ocr_line' id='line_1_99' title="bbox 1928 3973 3509 4046; baseline -0.003 -14"><span class='ocrx_word' id='word_1_731' title='bbox 1928 3979 2011 4033; x_wconf 90' lang='lat' dir='ltr'><strong>nis</strong></span> <span class='ocrx_word' id='word_1_732' title='bbox 2045 3992 2148 4032; x_wconf 90' lang='lat' dir='ltr'><strong>non</strong></span> <span class='ocrx_word' id='word_1_733' title='bbox 2180 3978 2555 4044; x_wconf 88' lang='lat' dir='ltr'><strong>ascenderunt,</strong></span> <span class='ocrx_word' id='word_1_734' title='bbox 2583 3992 2701 4046; x_wconf 75' lang='lat' dir='ltr'><strong>qua:</strong></span> <span class='ocrx_word' id='word_1_735' title='bbox 2728 3976 2939 4046; x_wconf 86' lang='lat' dir='ltr'><strong>paravit</strong></span> <span class='ocrx_word' id='word_1_736' title='bbox 2971 3975 3113 4030; x_wconf 86' lang='lat' dir='ltr'><strong>Deus</strong></span> <span class='ocrx_word' id='word_1_737' title='bbox 3160 3973 3509 4041; x_wconf 81' lang='lat' dir='ltr'><strong>diligentibus</strong></span> 
     </span>
    </p>
   </div>
   <div class='ocr_carea' id='block_1_99' title="bbox 1928 4062 3503 4138">
    <p class='ocr_par' dir='ltr' id='par_1_99' title="bbox 1928 4062 3503 4138">
     <span class='ocr_line' id='line_1_100' title="bbox 1928 4062 3503 4138; baseline -0.004 -15"><span class='ocrx_word' id='word_1_738' title='bbox 1928 4084 1988 4124; x_wconf 90' lang='lat' dir='ltr'><strong>se</strong></span> <span class='ocrx_word' id='word_1_739' title='bbox 2016 4068 2086 4121; x_wconf 79' lang='lat'><strong>&quot;’.</strong></span> <span class='ocrx_word' id='word_1_740' title='bbox 2128 4087 2149 4121; x_wconf 76' lang='grc' dir='ltr'><strong>ι</strong></span> <span class='ocrx_word' id='word_1_741' title='bbox 2184 4068 2377 4123; x_wconf 64' lang='grc' dir='ltr'>ιαειοιιὶ</span> <span class='ocrx_word' id='word_1_742' title='bbox 2396 4068 2549 4138; x_wconf 89' lang='lat' dir='ltr'><strong>jubet</strong></span> <span class='ocrx_word' id='word_1_743' title='bbox 2570 4068 2660 4138; x_wconf 90' lang='lat' dir='ltr'><strong>qui</strong></span> <span class='ocrx_word' id='word_1_744' title='bbox 2692 4067 2750 4120; x_wconf 91' lang='lat' dir='ltr'><strong>in</strong></span> <span class='ocrx_word' id='word_1_745' title='bbox 2774 4081 2837 4120; x_wconf 86' lang='lat' dir='ltr'><strong>ea</strong></span> <span class='ocrx_word' id='word_1_746' title='bbox 2865 4073 3011 4129; x_wconf 88' lang='lat' dir='ltr'><strong>sunt,</strong></span> <span class='ocrx_word' id='word_1_747' title='bbox 3035 4072 3088 4118; x_wconf 89' lang='lat' dir='ltr'><strong>et</strong></span> <span class='ocrx_word' id='word_1_748' title='bbox 3116 4078 3233 4118; x_wconf 90' lang='lat' dir='ltr'><strong>eam</strong></span> <span class='ocrx_word' id='word_1_749' title='bbox 3259 4062 3503 4132; x_wconf 82' lang='lat' dir='ltr'><strong>diligunt.</strong></span> 
     </span>
    </p>
   </div>
   <div class='ocr_carea' id='block_1_100' title="bbox 1928 4158 3509 4230">
    <p class='ocr_par' dir='ltr' id='par_1_100' title="bbox 1928 4158 3509 4230">
     <span class='ocr_line' id='line_1_101' title="bbox 1928 4158 3509 4230; baseline -0.003 -17"><span class='ocrx_word' id='word_1_750' title='bbox 1928 4160 1991 4213; x_wconf 86' lang='lat' dir='ltr'><strong>Hi</strong></span> <span class='ocrx_word' id='word_1_751' title='bbox 2024 4161 2242 4214; x_wconf 89' lang='lat' dir='ltr'><strong>demum</strong></span> <span class='ocrx_word' id='word_1_752' title='bbox 2281 4170 2411 4215; x_wconf 91' lang='lat' dir='ltr'><strong>sunt</strong></span> <span class='ocrx_word' id='word_1_753' title='bbox 2437 4158 2723 4230; x_wconf 88' lang='lat' dir='ltr'><strong>ejusmodi,</strong></span> <span class='ocrx_word' id='word_1_754' title='bbox 2751 4159 2841 4229; x_wconf 85' lang='lat' dir='ltr'><strong>qui</strong></span> <span class='ocrx_word' id='word_1_755' title='bbox 2868 4173 2985 4213; x_wconf 88' lang='lat' dir='ltr'><strong>eam</strong></span> <span class='ocrx_word' id='word_1_756' title='bbox 3009 4167 3264 4227; x_wconf 85' lang='lat' dir='ltr'><strong>tanquam</strong></span> <span class='ocrx_word' id='word_1_757' title='bbox 3294 4164 3509 4211; x_wconf 85' lang='lat' dir='ltr'><strong>susten-</strong></span> 
     </span>
    </p>
   </div>
   <div class='ocr_carea' id='block_1_101' title="bbox 1931 4248 3498 4322">
    <p class='ocr_par' dir='ltr' id='par_1_101' title="bbox 1931 4248 3498 4322">
     <span class='ocr_line' id='line_1_102' title="bbox 1931 4248 3498 4322; baseline -0.003 -17"><span class='ocrx_word' id='word_1_758' title='bbox 1931 4261 2065 4317; x_wconf 89' lang='lat' dir='ltr'><strong>tant,</strong></span> <span class='ocrx_word' id='word_1_759' title='bbox 2089 4252 2178 4320; x_wconf 93' lang='lat' dir='ltr'><strong>qui</strong></span> <span class='ocrx_word' id='word_1_760' title='bbox 2209 4251 2475 4322; x_wconf 89' lang='lat' dir='ltr'><strong>inculpata</strong></span> <span class='ocrx_word' id='word_1_761' title='bbox 2507 4252 2750 4307; x_wconf 88' lang='lat' dir='ltr'><strong>doctrina</strong></span> <span class='ocrx_word' id='word_1_762' title='bbox 2780 4251 3128 4305; x_wconf 86' lang='lat' dir='ltr'><strong>multifariam</strong></span> <span class='ocrx_word' id='word_1_763' title='bbox 3148 4248 3498 4313; x_wconf 82' lang='lat' dir='ltr'><strong>conﬁrmant,</strong></span> 
     </span>
    </p>
   </div>
   <div class='ocr_carea' id='block_1_102' title="bbox 1927 4340 3503 4415">
    <p class='ocr_par' dir='ltr' id='par_1_102' title="bbox 1927 4340 3503 4415">
     <span class='ocr_line' id='line_1_103' title="bbox 1927 4340 3503 4415; baseline -0.002 -18"><span class='ocrx_word' id='word_1_764' title='bbox 1927 4344 2233 4412; x_wconf 87' lang='lat' dir='ltr'><strong>quicunque</strong></span> <span class='ocrx_word' id='word_1_765' title='bbox 2274 4344 2437 4398; x_wconf 89' lang='lat' dir='ltr'><strong>etiam</strong></span> <span class='ocrx_word' id='word_1_766' title='bbox 2488 4358 2607 4398; x_wconf 89' lang='lat' dir='ltr'><strong>eam</strong></span> <span class='ocrx_word' id='word_1_767' title='bbox 2652 4343 2815 4415; x_wconf 78' lang='lat'><strong>913</strong></span> <span class='ocrx_word' id='word_1_768' title='bbox 2873 4342 3173 4412; x_wconf 90' lang='lat' dir='ltr'><strong>deplorant,</strong></span> <span class='ocrx_word' id='word_1_769' title='bbox 3210 4340 3503 4396; x_wconf 87' lang='lat' dir='ltr'><strong>secundum</strong></span> 
     </span>
    </p>
   </div>
   <div class='ocr_carea' id='block_1_103' title="bbox 1929 4432 3504 4502">
    <p class='ocr_par' dir='ltr' id='par_1_103' title="bbox 1929 4432 3504 4502">
     <span class='ocr_line' id='line_1_104' title="bbox 1929 4432 3504 4502; baseline -0.003 -13"><span class='ocrx_word' id='word_1_770' title='bbox 1929 4436 2231 4491; x_wconf 89' lang='lat' dir='ltr'><strong>Servatoris</strong></span> <span class='ocrx_word' id='word_1_771' title='bbox 2260 4452 2487 4491; x_wconf 90' lang='lat' dir='ltr'><strong>vocem:</strong></span> <span class='ocrx_word' id='word_1_772' title='bbox 2528 4453 2546 4487; x_wconf 82' lang='lat' dir='ltr'><strong>t</strong></span> <span class='ocrx_word' id='word_1_773' title='bbox 2582 4436 2730 4490; x_wconf 88' lang='lat' dir='ltr'><strong>Beati</strong></span> <span class='ocrx_word' id='word_1_774' title='bbox 2754 4436 2931 4500; x_wconf 91' lang='lat' dir='ltr'><strong>enim,</strong></span> <span class='ocrx_word' id='word_1_775' title='bbox 2969 4434 3163 4502; x_wconf 90' lang='lat' dir='ltr'><strong>inquit,</strong></span> <span class='ocrx_word' id='word_1_776' title='bbox 3186 4432 3275 4501; x_wconf 91' lang='lat' dir='ltr'><strong>qui</strong></span> <span class='ocrx_word' id='word_1_777' title='bbox 3300 4433 3504 4500; x_wconf 83' lang='lat' dir='ltr'><strong>lugent,</strong></span> 
     </span>
    </p>
   </div>
   <div class='ocr_carea' id='block_1_104' title="bbox 1928 4522 3507 4597">
    <p class='ocr_par' dir='ltr' id='par_1_104' title="bbox 1928 4522 3507 4597">
     <span class='ocr_line' id='line_1_105' title="bbox 1928 4522 3507 4597; baseline -0.002 -17"><span class='ocrx_word' id='word_1_778' title='bbox 1928 4528 2052 4597; x_wconf 87' lang='lat' dir='ltr'><strong>quia</strong></span> <span class='ocrx_word' id='word_1_779' title='bbox 2087 4527 2189 4596; x_wconf 91' lang='lat' dir='ltr'><strong>ipsi</strong></span> <span class='ocrx_word' id='word_1_780' title='bbox 2211 4528 2634 4583; x_wconf 79' lang='lat' dir='ltr'><strong>consolabuntur</strong></span> <span class='ocrx_word' id='word_1_781' title='bbox 2662 4528 2730 4582; x_wconf 78' lang='grc'><strong>’⁸.</strong></span> <span class='ocrx_word' id='word_1_782' title='bbox 2771 4547 2789 4578; x_wconf 76' lang='grc' dir='ltr'><strong>ι</strong></span> <span class='ocrx_word' id='word_1_783' title='bbox 2838 4527 3040 4581; x_wconf 86' lang='lat' dir='ltr'><strong>Luctus</strong></span> <span class='ocrx_word' id='word_1_784' title='bbox 3070 4525 3158 4579; x_wconf 91' lang='lat' dir='ltr'><strong>hic</strong></span> <span class='ocrx_word' id='word_1_785' title='bbox 3200 4522 3507 4577; x_wconf 88' lang='lat' dir='ltr'><strong>subindicat</strong></span> 
     </span>
    </p>
   </div>
   <div class='ocr_carea' id='block_1_105' title="bbox 1928 4614 3501 4675">
    <p class='ocr_par' dir='ltr' id='par_1_105' title="bbox 1928 4614 3501 4675">
     <span class='ocr_line' id='line_1_106' title="bbox 1928 4614 3501 4675; baseline -0.006 0"><span class='ocrx_word' id='word_1_786' title='bbox 1928 4627 2233 4675; x_wconf 86' lang='lat' dir='ltr'><strong>sanctarum</strong></span> <span class='ocrx_word' id='word_1_787' title='bbox 2266 4620 2537 4673; x_wconf 88' lang='lat' dir='ltr'><strong>actionum</strong></span> <span class='ocrx_word' id='word_1_788' title='bbox 2574 4618 3025 4673; x_wconf 87' lang='lat' dir='ltr'><strong>emendationem.</strong></span> <span class='ocrx_word' id='word_1_789' title='bbox 3070 4615 3335 4670; x_wconf 83' lang='lat' dir='ltr'><strong>Sudorem</strong></span> <span class='ocrx_word' id='word_1_790' title='bbox 3358 4614 3501 4668; x_wconf 91' lang='lat' dir='ltr'><strong>enim</strong></span> 
     </span>
    </p>
   </div>
   <div class='ocr_carea' id='block_1_106' title="bbox 1925 4702 3504 4778">
    <p class='ocr_par' dir='ltr' id='par_1_106' title="bbox 1925 4702 3504 4778">
     <span class='ocr_line' id='line_1_107' title="bbox 1925 4702 3504 4778; baseline -0.003 -16"><span class='ocrx_word' id='word_1_791' title='bbox 1925 4710 2200 4778; x_wconf 89' lang='lat' dir='ltr'><strong>patiuntur</strong></span> <span class='ocrx_word' id='word_1_792' title='bbox 2230 4709 2433 4776; x_wconf 89' lang='lat' dir='ltr'><strong>utilem,</strong></span> <span class='ocrx_word' id='word_1_793' title='bbox 2465 4719 2517 4762; x_wconf 92' lang='lat' dir='ltr'><strong>et</strong></span> <span class='ocrx_word' id='word_1_794' title='bbox 2546 4708 2756 4763; x_wconf 87' lang='lat' dir='ltr'><strong>labores</strong></span> <span class='ocrx_word' id='word_1_795' title='bbox 2796 4706 3026 4761; x_wconf 87' lang='lat' dir='ltr'><strong>tolerant</strong></span> <span class='ocrx_word' id='word_1_796' title='bbox 3057 4714 3277 4759; x_wconf 88' lang='lat' dir='ltr'><strong>strenue</strong></span> <span class='ocrx_word' id='word_1_797' title='bbox 3300 4718 3364 4758; x_wconf 92' lang='lat' dir='ltr'><strong>ac</strong></span> <span class='ocrx_word' id='word_1_798' title='bbox 3411 4702 3504 4772; x_wconf 84' lang='lat' dir='ltr'><strong>ju-</strong></span> 
     </span>
    </p>
   </div>
   <div class='ocr_carea' id='block_1_107' title="bbox 1926 4795 3503 4869">
    <p class='ocr_par' dir='ltr' id='par_1_107' title="bbox 1926 4795 3503 4869">
     <span class='ocr_line' id='line_1_108' title="bbox 1926 4795 3503 4869; baseline -0.003 -15"><span class='ocrx_word' id='word_1_799' title='bbox 1926 4801 2196 4867; x_wconf 88' lang='lat' dir='ltr'><strong>veniliter,</strong></span> <span class='ocrx_word' id='word_1_800' title='bbox 2229 4811 2420 4856; x_wconf 91' lang='lat' dir='ltr'><strong>nonut</strong></span> <span class='ocrx_word' id='word_1_801' title='bbox 2474 4801 2674 4869; x_wconf 89' lang='lat' dir='ltr'><strong>aliquid</strong></span> <span class='ocrx_word' id='word_1_802' title='bbox 2710 4808 2983 4854; x_wconf 90' lang='lat' dir='ltr'><strong>terrenum</strong></span> <span class='ocrx_word' id='word_1_803' title='bbox 3036 4797 3355 4851; x_wconf 90' lang='lat' dir='ltr'><strong>lucrentur:</strong></span> <span class='ocrx_word' id='word_1_804' title='bbox 3409 4795 3503 4850; x_wconf 88' lang='lat' dir='ltr'><strong>sed</strong></span> 
     </span>
    </p>
   </div>
   <div class='ocr_carea' id='block_1_108' title="bbox 1927 4886 3497 4958">
    <p class='ocr_par' dir='ltr' id='par_1_108' title="bbox 1927 4886 3497 4958">
     <span class='ocr_line' id='line_1_109' title="bbox 1927 4886 3497 4958; baseline -0.004 -11"><span class='ocrx_word' id='word_1_805' title='bbox 1927 4904 1983 4947; x_wconf 91' lang='lat' dir='ltr'><strong>ut</strong></span> <span class='ocrx_word' id='word_1_806' title='bbox 2000 4894 2195 4948; x_wconf 85' lang='lat' dir='ltr'><strong>divinis</strong></span> <span class='ocrx_word' id='word_1_807' title='bbox 2217 4894 2370 4948; x_wconf 91' lang='lat' dir='ltr'><strong>donis</strong></span> <span class='ocrx_word' id='word_1_808' title='bbox 2395 4893 2599 4957; x_wconf 86' lang='lat' dir='ltr'><strong>referti,</strong></span> <span class='ocrx_word' id='word_1_809' title='bbox 2622 4891 2770 4947; x_wconf 89' lang='lat' dir='ltr'><strong>omni</strong></span> <span class='ocrx_word' id='word_1_810' title='bbox 2798 4891 3069 4958; x_wconf 89' lang='lat' dir='ltr'><strong>voluptate</strong></span> <span class='ocrx_word' id='word_1_811' title='bbox 3102 4886 3497 4956; x_wconf 90' lang='lat' dir='ltr'><strong>compleantur.</strong></span> 
     </span>
    </p>
   </div>
   <div class='ocr_carea' id='block_1_109' title="bbox 1926 4975 3505 5051">
    <p class='ocr_par' dir='ltr' id='par_1_109' title="bbox 1926 4975 3505 5051">
     <span class='ocr_line' id='line_1_110' title="bbox 1926 4975 3505 5051; baseline -0.004 -15"><span class='ocrx_word' id='word_1_812' title='bbox 1926 4981 2040 5038; x_wconf 86' lang='lat' dir='ltr'><strong>Hoc</strong></span> <span class='ocrx_word' id='word_1_813' title='bbox 2077 4984 2221 5037; x_wconf 93' lang='lat' dir='ltr'><strong>enim</strong></span> <span class='ocrx_word' id='word_1_814' title='bbox 2262 4983 2369 5037; x_wconf 89' lang='lat' dir='ltr'><strong>illis</strong></span> <span class='ocrx_word' id='word_1_815' title='bbox 2403 4982 2689 5051; x_wconf 90' lang='lat' dir='ltr'><strong>promittit,</strong></span> <span class='ocrx_word' id='word_1_816' title='bbox 2739 4980 2923 5036; x_wconf 90' lang='lat' dir='ltr'><strong>dicens</strong></span> <span class='ocrx_word' id='word_1_817' title='bbox 2955 4997 2969 5032; x_wconf 88' lang='lat'><strong>:</strong></span> <span class='ocrx_word' id='word_1_818' title='bbox 3005 4996 3023 5029; x_wconf 75' lang='grc' dir='ltr'><strong>ι</strong></span> <span class='ocrx_word' id='word_1_819' title='bbox 3058 4976 3128 5033; x_wconf 89' lang='lat' dir='ltr'><strong>Ut</strong></span> <span class='ocrx_word' id='word_1_820' title='bbox 3184 4975 3410 5045; x_wconf 75' lang='lat' dir='ltr'><strong>sugatis,</strong></span> <span class='ocrx_word' id='word_1_821' title='bbox 3448 4984 3505 5030; x_wconf 84' lang='lat' dir='ltr'><strong>et</strong></span> 
     </span>
    </p>
   </div>
   <div class='ocr_carea' id='block_1_110' title="bbox 1926 5068 3501 5144">
    <p class='ocr_par' dir='ltr' id='par_1_110' title="bbox 1926 5068 3501 5144">
     <span class='ocr_line' id='line_1_111' title="bbox 1926 5068 3501 5144; baseline -0.006 -15"><span class='ocrx_word' id='word_1_822' title='bbox 1926 5074 2257 5144; x_wconf 88' lang='lat' dir='ltr'><strong>impleamini</strong></span> <span class='ocrx_word' id='word_1_823' title='bbox 2291 5074 2457 5127; x_wconf 88' lang='lat' dir='ltr'><strong>ubere</strong></span> <span class='ocrx_word' id='word_1_824' title='bbox 2480 5071 2861 5128; x_wconf 87' lang='lat' dir='ltr'><strong>consolationis</strong></span> <span class='ocrx_word' id='word_1_825' title='bbox 2919 5068 3055 5138; x_wconf 85' lang='lat' dir='ltr'><strong>ejus.</strong></span> <span class='ocrx_word' id='word_1_826' title='bbox 3103 5087 3122 5120; x_wconf 70' lang='grc' dir='ltr'><strong>ι</strong></span> <span class='ocrx_word' id='word_1_827' title='bbox 3161 5068 3295 5122; x_wconf 81' lang='lat' dir='ltr'><strong>Cum</strong></span> <span class='ocrx_word' id='word_1_828' title='bbox 3320 5074 3501 5120; x_wconf 91' lang='lat' dir='ltr'><strong>autem</strong></span> 
     </span>
    </p>
   </div>
   <div class='ocr_carea' id='block_1_111' title="bbox 1927 5158 3500 5235">
    <p class='ocr_par' dir='ltr' id='par_1_111' title="bbox 1927 5158 3500 5235">
     <span class='ocr_line' id='line_1_112' title="bbox 1927 5158 3500 5235; baseline -0.006 -13"><span class='ocrx_word' id='word_1_829' title='bbox 1927 5181 2210 5235; x_wconf 89' lang='lat' dir='ltr'><strong>personam</strong></span> <span class='ocrx_word' id='word_1_830' title='bbox 2241 5164 2480 5220; x_wconf 89' lang='lat' dir='ltr'><strong>mulieris</strong></span> <span class='ocrx_word' id='word_1_831' title='bbox 2498 5163 2665 5218; x_wconf 90' lang='lat' dir='ltr'><strong>semel</strong></span> <span class='ocrx_word' id='word_1_832' title='bbox 2697 5177 2847 5217; x_wconf 71' lang='lat' dir='ltr'><strong>novae</strong></span> <span class='ocrx_word' id='word_1_833' title='bbox 2882 5161 3030 5216; x_wconf 92' lang='lat' dir='ltr'><strong>Sioni</strong></span> <span class='ocrx_word' id='word_1_834' title='bbox 3087 5158 3413 5223; x_wconf 84' lang='lat' dir='ltr'><strong>attribuerit,</strong></span> <span class='ocrx_word' id='word_1_835' title='bbox 3443 5158 3500 5213; x_wconf 83' lang='lat' dir='ltr'><strong>in</strong></span> 
     </span>
    </p>
   </div>
   <div class='ocr_carea' id='block_1_112' title="bbox 1924 5253 3493 5325">
    <p class='ocr_par' dir='ltr' id='par_1_112' title="bbox 1924 5253 3493 5325">
     <span class='ocr_line' id='line_1_113' title="bbox 1924 5253 3493 5325; baseline -0.005 -12"><span class='ocrx_word' id='word_1_836' title='bbox 1924 5257 2190 5313; x_wconf 87' lang='lat' dir='ltr'><strong>sermonis</strong></span> <span class='ocrx_word' id='word_1_837' title='bbox 2229 5266 2381 5325; x_wconf 89' lang='lat' dir='ltr'><strong>tropo</strong></span> <span class='ocrx_word' id='word_1_838' title='bbox 2410 5264 2708 5325; x_wconf 88' lang='lat' dir='ltr'><strong>permanet,</strong></span> <span class='ocrx_word' id='word_1_839' title='bbox 2736 5264 2790 5309; x_wconf 91' lang='lat' dir='ltr'><strong>et</strong></span> <span class='ocrx_word' id='word_1_840' title='bbox 2839 5254 3260 5309; x_wconf 88' lang='lat' dir='ltr'><strong>consolationem</strong></span> <span class='ocrx_word' id='word_1_841' title='bbox 3291 5253 3343 5308; x_wconf 92' lang='lat' dir='ltr'><strong>in</strong></span> <span class='ocrx_word' id='word_1_842' title='bbox 3406 5267 3493 5319; x_wconf 86' lang='lat' dir='ltr'><strong>ea,</strong></span> 
     </span>
    </p>
   </div>
   <div class='ocr_carea' id='block_1_113' title="bbox 1924 5343 3495 5415">
    <p class='ocr_par' dir='ltr' id='par_1_113' title="bbox 1924 5343 3495 5415">
     <span class='ocr_line' id='line_1_114' title="bbox 1924 5343 3495 5415; baseline -0.005 -12"><span class='ocrx_word' id='word_1_843' title='bbox 1924 5348 2093 5403; x_wconf 87' lang='lat' dir='ltr'><strong>sancti</strong></span> <span class='ocrx_word' id='word_1_844' title='bbox 2114 5346 2369 5415; x_wconf 88' lang='lat' dir='ltr'><strong>Spiritus,</strong></span> <span class='ocrx_word' id='word_1_845' title='bbox 2408 5346 2646 5415; x_wconf 89' lang='lat' dir='ltr'><strong>inquam,</strong></span> <span class='ocrx_word' id='word_1_846' title='bbox 2676 5344 2930 5399; x_wconf 89' lang='lat' dir='ltr'><strong>uberibus</strong></span> <span class='ocrx_word' id='word_1_847' title='bbox 2972 5352 3026 5399; x_wconf 86' lang='lat' dir='ltr'><strong>et</strong></span> <span class='ocrx_word' id='word_1_848' title='bbox 3087 5343 3208 5398; x_wconf 90' lang='lat' dir='ltr'><strong>lacti</strong></span> <span class='ocrx_word' id='word_1_849' title='bbox 3273 5357 3495 5410; x_wconf 82' lang='lat' dir='ltr'><strong>compa-</strong></span> 
     </span>
    </p>
   </div>
   <div class='ocr_carea' id='block_1_114' title="bbox 1923 5431 3497 5494">
    <p class='ocr_par' dir='ltr' id='par_1_114' title="bbox 1923 5431 3497 5494">
     <span class='ocr_line' id='line_1_115' title="bbox 1923 5431 3497 5494; baseline -0.004 0"><span class='ocrx_word' id='word_1_850' title='bbox 1923 5437 2243 5494; x_wconf 85' lang='lat' dir='ltr'><strong>rat.Dictutn</strong></span> <span class='ocrx_word' id='word_1_851' title='bbox 2268 5436 2503 5492; x_wconf 88' lang='lat' dir='ltr'><strong>estenim</strong></span> <span class='ocrx_word' id='word_1_852' title='bbox 2523 5436 2569 5490; x_wconf 92' lang='lat' dir='ltr'><strong>ei</strong></span> <span class='ocrx_word' id='word_1_853' title='bbox 2602 5437 2656 5490; x_wconf 92' lang='lat' dir='ltr'><strong>in</strong></span> <span class='ocrx_word' id='word_1_854' title='bbox 2680 5434 2903 5491; x_wconf 89' lang='lat' dir='ltr'><strong>Cantico</strong></span> <span class='ocrx_word' id='word_1_855' title='bbox 2925 5434 3256 5490; x_wconf 89' lang='lat' dir='ltr'><strong>canticorum</strong></span> <span class='ocrx_word' id='word_1_856' title='bbox 3282 5450 3295 5486; x_wconf 96' lang='lat'>:</span> <span class='ocrx_word' id='word_1_857' title='bbox 3332 5450 3353 5485; x_wconf 77' lang='grc' dir='ltr'><strong>ι</strong></span> <span class='ocrx_word' id='word_1_858' title='bbox 3385 5431 3497 5487; x_wconf 80' lang='lat' dir='ltr'><strong>Me-</strong></span> 
     </span>
    </p>
   </div>
   <div class='ocr_carea' id='block_1_115' title="bbox 1923 5522 3495 5584">
    <p class='ocr_par' dir='ltr' id='par_1_115' title="bbox 1923 5522 3495 5584">
     <span class='ocr_line' id='line_1_116' title="bbox 1923 5522 3495 5584; baseline -0.004 -2"><span class='ocrx_word' id='word_1_859' title='bbox 1923 5528 2057 5584; x_wconf 91' lang='lat' dir='ltr'><strong>liora</strong></span> <span class='ocrx_word' id='word_1_860' title='bbox 2085 5539 2211 5583; x_wconf 90' lang='lat' dir='ltr'><strong>sunt</strong></span> <span class='ocrx_word' id='word_1_861' title='bbox 2246 5527 2409 5582; x_wconf 90' lang='lat' dir='ltr'><strong>ubera</strong></span> <span class='ocrx_word' id='word_1_862' title='bbox 2444 5537 2533 5580; x_wconf 86' lang='lat' dir='ltr'><strong>tua</strong></span> <span class='ocrx_word' id='word_1_863' title='bbox 2563 5527 2689 5582; x_wconf 88' lang='lat' dir='ltr'><strong>vino</strong></span> <span class='ocrx_word' id='word_1_864' title='bbox 2717 5526 2784 5579; x_wconf 65' lang='lat'><strong>9°.</strong></span> <span class='ocrx_word' id='word_1_865' title='bbox 2812 5544 2830 5577; x_wconf 66' lang='grc' dir='ltr'><strong>ι</strong></span> <span class='ocrx_word' id='word_1_866' title='bbox 2892 5525 3104 5580; x_wconf 88' lang='lat' dir='ltr'><strong>Primus</strong></span> <span class='ocrx_word' id='word_1_867' title='bbox 3150 5524 3292 5580; x_wconf 89' lang='lat' dir='ltr'><strong>enim</strong></span> <span class='ocrx_word' id='word_1_868' title='bbox 3339 5522 3495 5577; x_wconf 91' lang='lat' dir='ltr'><strong>cibus</strong></span> 
     </span>
    </p>
   </div>
   <div class='ocr_carea' id='block_1_116' title="bbox 1923 5615 3499 5685">
    <p class='ocr_par' dir='ltr' id='par_1_116' title="bbox 1923 5615 3499 5685">
     <span class='ocr_line' id='line_1_117' title="bbox 1923 5615 3499 5685; baseline -0.003 -11"><span class='ocrx_word' id='word_1_869' title='bbox 1923 5620 2218 5677; x_wconf 89' lang='lat' dir='ltr'><strong>infantibus</strong></span> <span class='ocrx_word' id='word_1_870' title='bbox 2249 5620 2596 5685; x_wconf 84' lang='lat' dir='ltr'><strong>conveniens,</strong></span> <span class='ocrx_word' id='word_1_871' title='bbox 2625 5618 3032 5676; x_wconf 85' lang='lat' dir='ltr'><strong>admittentibus</strong></span> <span class='ocrx_word' id='word_1_872' title='bbox 3059 5618 3216 5675; x_wconf 88' lang='lat' dir='ltr'><strong>ﬁdem</strong></span> <span class='ocrx_word' id='word_1_873' title='bbox 3243 5617 3300 5674; x_wconf 84' lang='lat' dir='ltr'><strong>in</strong></span> <span class='ocrx_word' id='word_1_874' title='bbox 3324 5615 3499 5673; x_wconf 80' lang='lat' dir='ltr'><strong>Dequ</strong></span> 
     </span>
    </p>
   </div>
   <div class='ocr_carea' id='block_1_117' title="bbox 209 5759 1830 5885">
    <p class='ocr_par' dir='ltr' id='par_1_117' title="bbox 209 5759 1830 5885">
     <span class='ocr_line' id='line_1_118' title="bbox 209 5759 1830 5885; baseline 0.002 -31"><span class='ocrx_word' id='word_1_875' title='bbox 209 5759 217 5885; x_wconf 54' lang='grc' dir='ltr'><em>ξ</em></span> <span class='ocrx_word' id='word_1_876' title='bbox 318 5798 367 5831; x_wconf 81' lang='grc'><strong>⁸⁸</strong></span> <span class='ocrx_word' id='word_1_877' title='bbox 392 5796 499 5854; x_wconf 79' lang='lat' dir='ltr'><strong>lsa.</strong></span> <span class='ocrx_word' id='word_1_878' title='bbox 520 5814 626 5866; x_wconf 76' lang='grc' dir='ltr'>ιιν,</span> <span class='ocrx_word' id='word_1_879' title='bbox 654 5792 702 5856; x_wconf 78' lang='lat' dir='ltr'><strong>l.</strong></span> <span class='ocrx_word' id='word_1_880' title='bbox 777 5801 824 5834; x_wconf 86' lang='grc'><strong><em>⁹⁶</em></strong></span> <span class='ocrx_word' id='word_1_881' title='bbox 850 5800 1045 5872; x_wconf 82' lang='lat' dir='ltr'><strong>Ephes.</strong></span> <span class='ocrx_word' id='word_1_882' title='bbox 1088 5817 1143 5867; x_wconf 76' lang='grc' dir='ltr'><strong>ιι,</strong></span> <span class='ocrx_word' id='word_1_883' title='bbox 1174 5801 1259 5866; x_wconf 80' lang='lat' dir='ltr'><strong>l5,</strong></span> <span class='ocrx_word' id='word_1_884' title='bbox 1292 5800 1375 5857; x_wconf 81' lang='lat' dir='ltr'><strong>l6.</strong></span> <span class='ocrx_word' id='word_1_885' title='bbox 1450 5802 1493 5834; x_wconf 69' lang='grc'><strong>⁸⁷</strong></span> <span class='ocrx_word' id='word_1_886' title='bbox 1525 5800 1541 5855; x_wconf 92' lang='grc'><strong>1</strong></span> <span class='ocrx_word' id='word_1_887' title='bbox 1568 5800 1690 5857; x_wconf 90' lang='lat' dir='ltr'><strong>Cor.</strong></span> <span class='ocrx_word' id='word_1_888' title='bbox 1718 5817 1778 5870; x_wconf 86' lang='lat' dir='ltr'><strong>tt,</strong></span> <span class='ocrx_word' id='word_1_889' title='bbox 1805 5800 1830 5857; x_wconf 77' lang='lat'>9</span> 
     </span>
    </p>
   </div>
   <div class='ocr_carea' id='block_1_118' title="bbox 1929 5759 2845 5885">
    <p class='ocr_par' dir='ltr' id='par_1_118' title="bbox 1934 5796 2845 5868">
     <span class='ocr_line' id='line_1_119' title="bbox 1934 5796 2845 5868; baseline -0.003 -14"><span class='ocrx_word' id='word_1_890' title='bbox 1934 5801 1977 5833; x_wconf 68' lang='grc' dir='ltr'>ιη</span> <span class='ocrx_word' id='word_1_891' title='bbox 2008 5797 2196 5855; x_wconf 86' lang='lat' dir='ltr'><strong>Matth.</strong></span> <span class='ocrx_word' id='word_1_892' title='bbox 2228 5816 2277 5868; x_wconf 77' lang='grc' dir='ltr'><strong>ν,</strong></span> <span class='ocrx_word' id='word_1_893' title='bbox 2306 5800 2357 5855; x_wconf 79' lang='lat'><strong>5.</strong></span> <span class='ocrx_word' id='word_1_894' title='bbox 2457 5798 2502 5830; x_wconf 65' lang='grc' dir='ltr'><strong>νυ</strong></span> <span class='ocrx_word' id='word_1_895' title='bbox 2535 5796 2690 5854; x_wconf 79' lang='lat' dir='ltr'><strong>Cant.</strong></span> <span class='ocrx_word' id='word_1_896' title='bbox 2724 5814 2769 5866; x_wconf 82' lang='grc' dir='ltr'><strong>ι,</strong></span> <span class='ocrx_word' id='word_1_897' title='bbox 2795 5797 2845 5851; x_wconf 86' lang='grc'><strong>1.</strong></span> 
     </span>
    </p>
   </div>
  </div>
