4054 6376
562 334 587 389 ‘l
600 334 701 388 459

1549 332 1605 385 S.
1649 332 1928 387 CYBILLI
1969 330 2441 386 ALEXANDRINI
2483 329 2806 389 ARCIIIEP.

3678 324 3842 380 ιιω

566 459 811 503 nostrum
833 448 1015 504 Jesum
1053 449 1327 505 Christum
1353 453 1668 520 porrigitur,
1697 456 1745 505 id
1780 464 1880 515 cst,
1910 464 2060 507 tener
2098 464 2149 507 et

2257 453 2389 521 πρὸς
2422 453 2591 522 αὐτὴν
2631 453 2723 505 καὶ
2754 452 2811 503 ἐν
2844 452 2908 520 τῇ
2936 448 3040 502 τὼν
3079 446 3385 518 ’ᾼσμάτων,
3430 445 3511 497 ὅτι
3555 463 3573 494 ι
3609 442 3842 504 Ἀγαθοὶ

568 540 794 609 simplex
818 555 998 596 sermo
1037 544 1409 599 catechescos.
1443 542 1536 597 Sic
1564 545 1707 597 enim
1758 545 1956 599 Paulus
1980 562 2145 616 quos-

566 631 686 684 dam
721 633 1022 700 alloquens,
1050 634 1157 687 ait:
1201 652 1219 685 ι
1251 633 1357 687 Lac
1384 635 1539 689 vobis
1569 636 1635 689 ad
1681 637 1975 704 potandum
2001 639 2141 700 dedi,

570 741 675 779 non
715 725 913 780 cibum.
943 724 1188 779 Nondum
1220 727 1363 781 enim
1387 729 1666 796 poteratis,
1701 731 1792 784 sed
1829 745 1925 784 nec
1974 732 2147 786 adhuc

573 815 790 883 quidem
821 816 1105 881 potestis‘.
1135 835 1151 866 ι
1192 816 1341 883 Quod
1370 826 1548 871 autem
1579 836 1680 873 non
1720 836 1935 888 semper
1970 822 2147 875 inlan-

572 914 652 958 tes
685 914 737 958 et
764 921 883 959 esse
915 906 1155 959 etvideri
1196 909 1482 961 conveniat
1512 924 1625 970 eos,
1651 911 1738 977 qui
1787 910 1952 963 semel
2000 921 2146 965 cate-

570 998 790 1049 ebc-seos
816 1013 1119 1051 sermonem
1142 998 1429 1063 imbibuut,
1459 1002 1551 1055 sed
1570 1000 1622 1053 in
1649 1002 1819 1053 virum
1850 1000 2144 1069 perfectum

569 1097 621 1140 et
659 1088 707 1140 in
746 1104 1051 1141 mensuram
1082 1089 1257 1143 anatis
1286 1090 1629 1159 plenitudinis
1661 1091 1859 1145 Christi
1919 1097 2148 1148 evadere

570 1190 819 1245 oporteat
840 1183 881 1243 ²,
921 1190 977 1233 ιιι
1008 1193 1253 1236 exactam
1286 1192 1339 1235 et
1384 1184 1711 1251 exquisitam
1742 1183 1857 1251 ejus
1885 1185 2151 1253 cognitio-

573 1288 695 1325 nam
726 1274 977 1342 deinceps
1033 1284 1456 1344 consequantur,
1486 1275 1689 1340 docuit,
1727 1292 1849 1329 cum
1909 1277 2104 1343 adjecit
2136 1296 2149 1332 :

577 1383 597 1417 ι
638 1363 1029 1433 υιηιοδιίμιιιιιι
1050 1368 1329 1429 suxeritis,
1357 1367 1693 1421 delectemiui
1720 1368 1938 1421 introitu
1973 1368 2153 1435 gloria:

569 1456 703 1525 ejus.
744 1475 762 1508 ι
794 1456 891 1511 Ubi
931 1458 1207 1524 suxeritis,
1235 1458 1384 1521 dicit,
1430 1475 1546 1525 pro,
1578 1476 1697 1512 cum
1718 1461 1785 1513 ab
1817 1460 2071 1514 uberibus
2097 1469 2153 1513 et

571 1565 803 1603 niamma
843 1550 1101 1604 abstracti
1153 1551 1307 1611 estis.
1359 1551 1439 1604 vel
1494 1567 1615 1604 cum
1641 1553 1891 1605 ahlactati
1921 1554 2072 1615 estis,
2103 1554 2152 1607 id

570 1646 654 1690 est
684 1653 695 1686 :
731 1653 834 1689 non
863 1636 1095 1691 infantes
1123 1639 1373 1703 manetis,
1394 1639 1485 1692 sed
1516 1640 1659 1693 velut
1689 1641 1740 1693 in
1782 1641 2005 1709 ephebis
2041 1641 2150 1707 jam

572 1735 628 1779 et
648 1727 775 1781 viris
811 1730 1264 1791 numeramini,et
1307 1730 1538 1783 solidum
1591 1732 1769 1784 cibum
1813 1742 2149 1801 expetentes.

2252 545 2447 616 μαστοί
2474 562 2568 597 σου
2603 545 2742 615 ὑπὲρ
2770 539 2930 596 οἶνον.
2965 561 2982 593 ι
3021 540 3219 612 Πρώτη
3262 538 3319 591 δὲ
3354 540 3564 601 πάντως
3595 540 3711 599 τοῖς
3740 537 3844 606 τὴν

2251 638 2436 690 πίστιν
2473 636 2854 709 προσιεμένοις
2888 634 2986 706 τὴν
3030 635 3111 697 εἰς
3138 632 3230 685 τὸν
3265 631 3395 684 Θεὸν
3432 630 3587 700 ἡμῶν
3622 628 3845 698 Ἰησοῦν

2248 726 2337 778 τδν
2378 726 2611 797 Χριστὸν
2644 723 3022 795 νηπιοπρεπὴς
3062 722 3396 791 προσάγεται
3420 717 3639 788 τροφή,
3675 735 3845 769 τουτ-

2248 818 2428 884 ἐστιν,
2489 820 2517 871 6
2567 817 2838 889 τρυφερὸς
2906 816 3000 869 καὶ
3048 812 3254 874 ἁπλοῦς
3316 811 3416 878 τῆς
3478 810 3845 879 κατηχήσεως

2246 910 2401 979 λόγος
2429 927 2441 939 ”
2484 909 2629 962 οὕτω
2669 910 2775 979 γάρ
2818 926 2921 960 που
2951 907 3045 960 καὶ
3084 908 3113 959 ό
3149 903 3357 966 Παῦλος
3396 901 3847 972 προσπεφώνηκέ

2244 1018 2416 1068 τισιν,
2452 1000 2643 1053 εἰπών·
2683 1019 2699 1052 ι
2728 1000 2870 1052 Γάλα
2903 1000 3045 1067 ὑμᾶς
3066 998 3311 1059 ἐπότισα,
3342 994 3403 1046 οὐ
3430 993 3627 1063 βρῶμα
3652 1010 3667 1021 ·
3692 993 3850 1046 οῦπω

2247 1094 2357 1165 γάρ
2380 1094 2665 1163 ἠδύνασθε,
2699 1093 2816 1146 ἀλλ’
2845 1092 2966 1145 οὐδὲ
3004 1090 3086 1143 ἔτι
3116 1090 3212 1143 νῦν
3252 1088 3498 1143 δύνασθε.
3531 1106 3551 1140 ι
3610 1088 3751 1140 Ὅτι
3798 1087 3850 1138 δὲ

2248 1188 2348 1239 οὐκ
2380 1186 2469 1239 ἀεὶ
2494 1184 2721 1255 νηπίους
2746 1202 2808 1237 τε
2847 1179 2987 1236 εἶναι
3025 1182 3119 1235 καὶ
3175 1179 3405 1252 ὁρᾶσθαι
3444 1178 3677 1249 πρέπει,
3722 1178 3849 1235 τοὺς

2249 1280 2407 1349 οἵπερ
2438 1278 2503 1331 ἂν
2535 1278 2673 1341 ὅλως
2700 1276 2790 1328 τὸν
2815 1275 2916 1344 τῆς
2943 1275 3302 1343 κατηχήσεως
3336 1272 3620 1325 ἐκπίνουσι
3661 1269 3847 1335 λόγον,

2251 1369 2452 1439 χρῆναι
2484 1367 2541 1422 δὲ
2586 1366 2786 1437 μᾶλλον
2820 1366 3139 1435 ἀναφοιτᾷν,
3173 1364 3267 1417 καὶ
3299 1365 3377 1426 εἰς
3407 1362 3576 1431 ἄνδρα
3611 1361 3846 1420 τέλειον,

2250 1464 2344 1513 καὶ
2374 1462 2454 1523 είς
2479 1459 2675 1531 μέτρον
2702 1459 2916 1529 ἡλικίας
2941 1458 3031 1510 τοῦ
3055 1456 3421 1526 πληρώματος
3449 1453 3543 1507 τοῦ
3574 1455 3618 1505 Χ
3627 1451 3846 1524 ριστοῦ,

2253 1554 2339 1606 ἴνα
2390 1552 2479 1605 τὸν
2534 1551 2742 1621 ἀκριϐῆ
2788 1550 2882 1603 καλ⁵
2930 1548 3295 1618 ἐξητασμένον
3345 1546 3431 1598 ἐπ’
3475 1544 3625 1614 αὐτῷ
3685 1542 3847 1607 λόγον

2253 1642 2489 1697 συνιέναι
2515 1641 2778 1693 δύνωνται
2806 1638 3013 1700 λοιπὸν,
3048 1635 3253 1700 ἐδίδαξε
3291 1633 3603 1702 προστιθείς
3631 1650 3644 1661 ·
3683 1652 3704 1682 ‹
3734 1632 3850 1683 Ἵνα

2252 1736 2658 1805 ἐκθηλάσαντες
2688 1732 3028 1804 τρυφήσητε,
3054 1731 3161 1783 ἀπὸ
3190 1729 3392 1782 εἰσόδου
3421 1727 3580 1797 δόξης
3610 1725 3843 1794 αὐτῆς.»

574 1818 970 1873 delectahiutini
1025 1823 1244 1876 introitu
1302 1824 1485 1890 gloria:
1531 1825 1666 1893 eius.
1714 1824 1950 1880 Gloriam
1996 1834 2153 1879 vocat

2257 1830 2328 1881 Τὸ
2376 1804 2778 1897 ἐκθηλάσαντες
2825 1824 2881 1877 δέ
2912 1840 3094 1893 φησιν,
3133 1821 3255 1873 ἀντὶ
3298 1819 3415 1884 τοῦ,
3464 1816 3695 1887 μαστῶν
3748 1816 3848 1880 ἔξω

573 1908 881 1976 Christum;
913 1912 990 1966 sic
1014 1914 1158 1966 enim
1191 1925 1243 1968 et
1286 1913 1495 1970 Psaltes
1532 1920 1596 1970 de
1661 1932 1725 1971 eo
1758 1933 1770 1967 :
1828 1936 1845 1967 ι
1890 1918 1954 1973 Ut
2002 1917 2155 1971 hahi-

576 2011 651 2056 tet
675 2004 845 2073 gloria
878 2005 931 2057 in
967 2014 1106 2058 terra
1140 2017 1321 2059 nostra
1342 2008 1383 2059 ³.
1408 2024 1425 2056 ι
1456 2008 1734 2061 lutroitum
1766 2011 2153 2080 vero,dispen-

574 2095 802 2149 sationis
840 2098 890 2149 in
936 2111 1103 2152 carne
1158 2100 1495 2169 mysterium.
1556 2099 1694 2154 Deus
1746 2102 1890 2155 enim
1937 2112 2152 2164 natura,

574 2185 753 2240 factus
784 2195 867 2239 est
899 2187 1080 2254 homo,
1108 2198 1161 2241 et
1192 2188 1334 2241 velut
1375 2188 1651 2258 ingressus
1690 2201 1773 2244 est
1815 2190 1956 2244 hunc
1998 2205 2155 2243 mun-

573 2277 699 2330 dum
725 2288 947 2347 propter
973 2280 1419 2334 incarnationem.
1456 2281 1797 2337 Delectantur
1850 2282 2014 2351 igitur
2062 2282 2152 2349 qui

574 2376 719 2430 hunc
751 2388 1054 2427 sermonem
1078 2372 1144 2425 de
1173 2371 1262 2427 illo
1284 2373 1347 2426 ad
1377 2390 1605 2443 unguem
1659 2385 1864 2441 tenent,
1888 2387 1940 2431 et
1965 2396 2153 2447 quem-

573 2467 862 2522 admodum
913 2466 965 2520 in
1011 2465 1204 2521 orbem
1243 2466 1459 2520 intrarit
1484 2468 1735 2536 glaria,id
1758 2471 2152 2539 est,Christus,

576 2566 931 2625 cognoscunt.
962 2554 1253 2624 Propterea
1278 2566 1333 2610 et
1383 2557 1597 2613 divinus
1647 2562 1908 2629 propheta
1971 2565 2152 2618 statim

571 2656 627 2702 et
659 2663 689 2702 e
721 2648 949 2716 vestigio
981 2649 1369 2715 apparitionem
1402 2652 1518 2717 ejus
1560 2668 1680 2706 cum
1730 2669 1890 2708 carne
1926 2656 2153 2709 manife-

574 2751 711 2796 stam
741 2756 805 2795 ac
839 2742 1181 2809 perspicuam
1222 2743 1369 2796 facit.
1406 2742 1698 2798 Personam
1739 2748 1881 2801 enim
1913 2749 2030 2817 ejus
2074 2748 2155 2803 lo-

574 2842 828 2900 quentem
862 2832 1029 2887 facit:
1066 2853 1083 2885 ι
1121 2834 1258 2888 Ecce
1286 2834 1498 2890 decliuo
1528 2836 1580 2887 in
1629 2852 1723 2890 eos
1766 2848 2022 2907 tanquam
2060 2841 2157 2894 ﬂu-

575 2941 698 2977 men
730 2925 896 2992 pacis,
921 2924 1085 2995 914
1114 2938 1166 2978 et
1219 2937 1470 2995 tanquam
1538 2939 1745 2983 torrens
1794 2931 1883 2998 qui
1934 2932 2157 2985 inundat

574 3016 799 3082 gloriam
819 3017 1079 3084 gentium.
1126 3036 1143 3067 ι
1184 3016 1406 3070 Flumen
1446 3019 1609 3087 igitur
1645 3023 1792 3086 pacis
1842 3031 1895 3077 et
1945 3034 2157 3079 torrens

575 3108 889 3161 deliciarum
923 3117 1025 3174 est,
1047 3108 1316 3163 Christus.
1347 3109 1435 3164 Sic
1458 3113 1603 3166 enim
1627 3114 1773 3167 illum
1809 3114 2022 3168 divinus
2052 3116 2155 3169 Da-
2184 3138 2229 3199 ρ

576 3200 666 3253 vid
700 3211 878 3264 vocat,
917 3215 1041 3254 cum
1098 3201 1275 3270 inquit
1308 3219 1321 3254 :
1361 3221 1380 3253 ι
1445 3202 1617 3267 Quam
1657 3205 2012 3273 multiplicata
2075 3218 2159 3263 est

576 3290 949 3345 misericordia
1021 3302 1140 3355 tua,
1227 3308 1259 3347 ο
1316 3292 1493 3347 Deus!
1554 3294 1676 3349 Filii
1742 3299 2023 3351 hominum
2104 3301 2155 3354 in

576 3381 888 3435 umbraculo
976 3382 1182 3435 alarum
1261 3393 1471 3438 tuarum
1560 3390 1876 3456 sperabunt.
1918 3389 2158 3445 Inebria-

576 3474 778 3528 bnntur
817 3472 884 3527 ab
948 3475 1191 3527 ubertate
1259 3476 1448 3530 domus
1484 3486 1607 3541 tuae,
1667 3489 1722 3533 et
1773 3490 2013 3537 torrente
2068 3498 2161 3537 vo-

578 3565 802 3633 luptatis
828 3574 931 3619 tum
1003 3567 1213 3635 potabis
1258 3582 1351 3621 eos
1382 3568 1420 3621 ‘.
1463 3586 1482 3619 ι
1540 3569 1604 3622 Et
1647 3570 1879 3626 iterum:
1954 3592 1973 3625 ι
2030 3574 2159 3629 Flu—

580 3658 741 3713 minis
823 3657 1055 3726 impetus
1112 3660 1347 3714 laetiﬁcat
1410 3662 1682 3717 civitatem
1740 3663 1831 3718 Dei
1868 3667 1908 3717 '.
1972 3685 2022 3757 ι⁸
2057 3667 2159 3721 De-

579 3748 800 3802 clinavit
826 3764 952 3803 vero
977 3757 1031 3804 et
1064 3750 1352 3805 uberrimis
1394 3752 1584 3806 rivulis
1629 3754 1906 3808 inundavit
1931 3748 2157 3823 gloriam

580 3839 839 3907 gentium,
866 3838 916 3890 id
947 3848 1049 3902 est,
1076 3841 1218 3907 quod
1257 3849 1343 3893 est
1382 3841 1525 3895 inter
1554 3852 1742 3911 gentes
1776 3844 2075 3912 pretiosum
2109 3856 2162 3901 et

579 3928 799 3980 omnino
837 3928 1153 3995 gloriosum.
1206 3928 1322 3983 Non
1379 3931 1522 3985 enim
1562 3948 1751 3987 omnes
1790 3936 2158 4001 crediderunt,

581 4033 756 4087 neque
779 4018 947 4087 gloria
976 4020 1149 4075 evecti
1172 4030 1318 4087 sunt,
1353 4022 1446 4077 sed
1466 4032 1522 4076 ut
1547 4022 1745 4079 Paulus
1792 4027 1921 4081 dicit
1958 4029 2023 4082 de
2052 4030 2160 4085 Deo

579 4118 634 4163 et
660 4108 820 4164 Patre
854 4128 866 4163 :
906 4130 924 4162 ι
958 4112 1105 4177 Quos
1156 4114 1447 4181 praescivit,
1491 4124 1546 4169 et
1616 4118 2165 4184 prredestinavitcon-

580 4200 914 4256 formesﬁeri
951 4203 1200 4271 imaginis
1243 4203 1361 4258 Filii
1397 4207 1505 4271 sui,
1543 4207 1640 4261 hos
1668 4217 1721 4262 et
1762 4213 1992 4264 vocavit.
2016 4212 2161 4278 Quos

582 4293 817 4357 vocavit,
840 4308 934 4349 eos
961 4305 1015 4349 et
1038 4294 1353 4364 glorilicavit
1388 4298 1429 4354 ‘.
1468 4298 1635 4352 ιΟιιιιι
1663 4301 1810 4365 dicit,
1845 4320 1863 4353 ι
1887 4302 2155 4369 Decimo,»

586 4385 715 4439 illud
738 4386 1042 4442 subindicat
1070 4403 1085 4441 :
1124 4387 1291 4443 Recta
1310 4391 1392 4444 via
1422 4400 1477 4445 et
1504 4392 1604 4445 iter
1634 4393 1681 4445 ei
1716 4392 1814 4448 fuit
1863 4410 1929 4449 ex
1971 4412 2164 4465 propo-

2254 1923 2348 1974 καὶ
2408 1920 2576 1991 θηλῆς
2626 1917 2931 1988 γεγονότες,
2994 1916 3159 1984 ἤγουν
3214 1908 3845 1980 ἀπογεγαλακτισμένοι,

2254 2010 2552 2076 τουτέστιν,
2601 2010 2699 2062 οὐκ
2750 2009 2829 2062 ἐτι
2880 2008 3130 2078 μένοντες
3191 2007 3394 2073 νήπιοι,
3452 2001 3749 2063 τελοῦντες
3796 2000 3847 2052 δὲ

2255 2104 2442 2175 ὥσπερ
2475 2105 2531 2155 ἐν
2556 2102 2781 2173 ἐφήϐοις
2830 2101 2931 2171 ήδη
2976 2100 3068 2155 καὶ
3103 2100 3347 2169 ἀνδράσι,
3367 2095 3587 2165 καὶτῆς
3618 2095 3849 2162 στερεᾶς

2255 2195 2530 2265 ἐφιέμενοι
2579 2194 2806 2264 τροφῆς,
2859 2191 3233 2261 ἐντρυφύσητε
3270 2190 3377 2242 ἀπὸ
3427 2186 3640 2240 εἰσόδου
3686 2185 3849 2253 δόξης

2255 2287 2453 2356 αὐτῆς·
2498 2286 2590 2338 καὶ
2613 2283 2769 2348 δόξαν
2802 2284 2897 2355 μὲν
2930 2284 3187 2354 ὀνομάζει
3240 2281 3514 2351 Χριστὸν(
3555 2279 3711 2330 οῦτω
3746 2278 3849 2344 γάρ

2258 2394 2359 2430 που
2390 2378 2485 2428 καὶ
2514 2377 2542 2427 6
2567 2375 2798 2428 Ψάλλων
2830 2377 2962 2445 φησὶ
2998 2375 3125 2445 περὶ
3164 2372 3349 2434 αὐτοῦ,
3388 2391 3406 2421 ι
3432 2370 3540 2423 Τοῦ
3570 2385 3849 2437 κατασκηο

2254 2468 2424 2521 νῶσαι
2452 2466 2610 2531 δόξαν
2642 2468 2699 2518 ἐν
2726 2470 2789 2537 τῇ
2817 2469 2885 2537 γῇ
2922 2464 3079 2535 ἡμῶν
3103 2464 3149 2536 ι)
3172 2464 3403 2516 ἐἴσοδον
3444 2462 3522 2526 δὲ,
3552 2461 3659 2529 τῆς
3712 2462 3850 2531 μετὰ

2256 2560 2459 2631 σαρκὸς
2514 2559 2828 2629 οἰκονομίας
2883 2558 2943 2610 τὸ
3001 2556 3298 2627 μυστήριον
3327 2571 3339 2584 ο
3373 2553 3504 2616 Θεὸς
3556 2554 3634 2605 ὢν
3693 2553 3849 2620 φύσει

2256 2651 2479 2717 γέγονεν
2541 2648 2856 2719 ἄνθρωπος,
2905 2646 3000 2699 καὶ
3050 2640 3159 2699 οἷον
3208 2643 3526 2713 είσϐἐϐηκεν
3575 2644 3656 2704 εἰς
3706 2642 3851 2694 τόνδε

2256 2743 2349 2795 τὸν
2382 2743 2585 2811 κόσμον
2615 2742 2703 2794 διὰ
2736 2741 2833 2811 τὴν
2865 2741 3161 2808 σάρκωσιν.
3208 2735 3549 2807 Ἐντρυφῶσι
3578 2735 3771 2787 τοίνυν
3808 2738 3852 2787 οἱ

2257 2838 2347 2890 τὸν
2399 2834 2604 2907 ἀκριϐῆ
2644 2836 2742 2903 τῆς
2786 2832 2914 2903 περὶ
2964 2830 3127 2882 αὑτοῦ
3176 2830 3410 2890 πίστεως
3473 2826 3683 2887 εἰδότες
3740 2826 3851 2896 [αἱ.

2257 2930 2474 3001 δόντες]
2510 2930 2686 2998 λόγον,
2727 2928 2823 2982 καὶ
2868 2926 2985 2979 τίνα
3037 2924 3239 2995 τρόπον
3264 2921 3592 2990 είσϐέϐηκεν
3632 2920 3719 2981 είς
3764 2918 3853 2985 τήν

2256 3022 2581 3091 οἱκονμένην
2620 3019 2822 3090 ἡδόξα,
2857 3017 3102 3070 τουτέστι
3152 3012 3410 3085 Χριστὸς,
3447 3009 3851 3079 μανθάνοντες·

2257 3117 2343 3169 διὰ
2367 3114 2526 3167 τοῦτο
2546 3114 2641 3167 καὶ
2668 3113 2696 3164 ό
2721 3110 3007 3173 Θεσπέσιος
3034 3109 3321 3178 προφήτης
3364 3104 3547 3167 εὐθὺς,
3583 3104 3683 3155 καὶ
3723 3120 3856 3172 παρ-

2262 3207 2629 3277 εζευγμένως,
2680 3205 2778 3276 τὴν
2816 3204 3116 3275 ἐμφάνειαν
3150 3198 3315 3255 αὑτοῦ
3343 3198 3440 3266 τὴν
3476 3194 3622 3265 μετά
3653 3193 3854 3262 caput;

2261 3297 2582 3366 καθίστησιν
2616 3298 2818 3365 ἐναργῆ
2850 3312 2863 3324 ·
2904 3295 3084 3362 ἵστησι
3117 3290 3227 3359 γὰρ
3261 3288 3323 3341 τὸ
3355 3286 3519 3341 αὑτοῦ
3559 3287 3857 3355 πρόσωπον

2260 3390 2528 3457 λέγοντος,
2568 3390 2648 3442 ὅτι
2696 3406 2715 3436 ι
2761 3386 2890 3439 Ἰδοὺ
2931 3385 3164 3439 ἐκκλίνω
3200 3381 3287 3434 ἐπ’
3324 3380 3547 3441 αὐτοὺς.
3579 3379 3659 3443 ὡς
3687 3396 3857 3431 ποτα-

2265 3482 2363 3550 μὸς
2403 3482 2647 3551 εἰρήνης,
2703 3478 2799 3531 καὶ
2847 3478 2922 3540 ὡς
2968 3476 3299 3547 χειμάρρους
3343 3473 3661 3537 ἐπικλύζων
3707 3474 3859 3537 δόξαν

2262 3570 2451 3626 ἐθνῶν.
2488 3589 2507 3622 ι
2544 3569 2796 3640 Ποταμὺς
2836 3568 2934 3635 μὲν
2967 3564 3056 3621 οὖν
3088 3568 3328 3638 εἰρήνης,
3375 3566 3468 3619 καὶ
3514 3566 3862 3636 χειμάρρους

2261 3662 2491 3732 τρυφῆς,
2518 3660 2546 3712 6
2575 3660 2846 3727 Χριστὸς(
2883 3657 3025 3711 οὕτω
3054 3657 3163 3729 γὰρ
3194 3656 3355 3709 αὑτὸν
3388 3656 3484 3708 καὶ
3510 3657 3539 3707 6
3574 3655 3862 3717 θεσπέσιος

2261 3752 2426 3806 Δαϐὶδ
2450 3752 2705 3821 ὀνομάζει
2734 3751 2928 3817 λέγων·
2974 3769 2992 3800 ι
3031 3750 3116 3811 Ὠς
3144 3747 3452 3817 ἐπλήθυνας
3476 3747 3538 3800 τὸ
3582 3747 3742 3810 ἔλεός
3774 3766 3860 3801 σου

2261 3846 2288 3897 6
2322 3844 2481 3907 Θεόςῑ
2507 3844 2555 3896 οἱ
2578 3842 2633 3895 δέ
2653 3843 2756 3895 υίοὶ
2785 3842 2894 3895 τῶν
2911 3839 3232 3911 ἀνθρώπων,
3281 3842 3338 3891 ἐν
3366 3839 3547 3909 σκέπη
3580 3840 3697 3892 τῶν
3735 3858 3861 3893 πτε-

2264 3935 2446 4006 ρύγων
2491 3952 2583 3986 σου
2634 3932 2921 3986 ἐλπιοῦσιο
2973 3931 3400 4001 μεθυσθήσονται
3442 3932 3553 3983 ἀπὸ
3596 3930 3702 3997 τῆς
3750 3931 3863 3983 πιό-

2260 4044 2423 4095 τητος
2455 4025 2549 4078 τοῦ
2577 4026 2727 4077 οἴκου
2762 4042 2875 4088 σου,
2911 4023 3006 4076 καὶ
3032 4022 3121 4075 τὸν
3150 4022 3487 4092 χειμάρρουν
3511 4022 3617 4091 τῆς
3649 4023 3863 4092 τρυφῆς

2265 4138 2359 4172 σου
2382 4120 2586 4180 ποτιεῖς
2619 4116 2837 4180 αύτούς.
2867 4135 2885 4168 ι
2934 4115 3045 4169 Καὶ
3077 4115 3269 4169 πάλιν·
3311 4134 3327 4165 ι
3354 4112 3460 4165 Τοῦ
3498 4114 3764 4184 ποταμοῦ
3804 4116 3866 4167 τὰ

2262 4210 2561 4281 όρμήματα
2600 4208 2949 4278 εὐφραίνουσι
2979 4207 3075 4276 τὴν
3112 4206 3263 4261 πόλιν
3290 4204 3383 4258 τοῦ
3413 4203 3552 4257 Θεοῦ
3587 4208 3659 4273 ι)’
3712 4208 3867 4259 ἐκκέ-

2265 4302 2419 4354 κλικε
2443 4300 2517 4363 δὲ,
2548 4301 2640 4353 καὶ
2667 4295 2777 4353 οἷον
2806 4297 3303 4369 ἀμφιλαφεστάτοις
3325 4296 3563 4365 νάμασιν
3587 4298 3865 4350 ἐπέκλυσε

2265 4392 2372 4446 τῶν
2398 4390 2568 4445 ἐθνῶν
2597 4391 2697 4461 τὴν
2724 4392 2902 4455 δόξαν,
2926 4391 3192 4451 τουτέστι,
3222 4388 3283 4441 τὸ
3314 4388 3493 4457 τίμιον
3521 4388 3640 4440 τῶν
3670 4389 3864 4449 ἐθνῶν,

584 4473 691 4529 aito
721 4484 776 4528 et
802 4475 1079 4530 voluntate
1114 4476 1306 4543 Patris,
1354 4480 1419 4532 ad
1464 4479 1760 4537 lsraelitas.
1803 4483 1987 4552 Itaque
2048 4487 2156 4540 ait:

2271 4488 2388 4559 ἦτοι
2437 4487 2498 4540 τὸ
2529 4485 2916 4555 δεδοξασμένον
2952 4483 3117 4536 ἅπαν.
3180 4482 3255 4533 Οὐ
3305 4479 3412 4548 γάρ
3456 4479 3668 4541 πάντες
3705 4498 3868 4532 πεπι-

590 4586 610 4618 ‹
648 4565 763 4621 Non
811 4567 1007 4622 missus
1062 4584 1179 4623 sum
1229 4572 1331 4626 nisi
1393 4573 1458 4626 ad
1512 4574 1752 4641 perditas
1811 4591 1940 4631 oves
1967 4577 2159 4634 domus

584 4656 749 4711 Israel
776 4659 817 4711 ⁷.
847 4678 866 4710 ι
893 4660 1024 4714 Cum
1054 4676 1181 4716 vero
1211 4663 1283 4716 illi
1316 4663 1477 4718 ﬁdem
1543 4667 1866 4735 respuerint,
1916 4670 2158 4725 declina-

581 4747 751 4801 vitab
792 4746 917 4812 illis,
939 4748 1095 4803 sicuti
1131 4752 1391 4819 scriptum
1420 4763 1521 4815 est,
1550 4763 1606 4807 et
1648 4756 1887 4824 gentium
1941 4772 2162 4828 congre-

581 4839 849 4908 gationem
868 4855 933 4894 ex
964 4841 1136 4896 sacris
1170 4843 1354 4899 rivulis
1401 4845 1774 4901 consolatione
1818 4848 2074 4917 perfudit,
2107 4850 2162 4906 id

581 4938 682 4993 est,
710 4930 1015 4998 evangelica
1043 4942 1097 4987 et
1154 4934 1371 4989 salutari
1415 4939 1819 5005 praedicatione,
1853 4955 1949 5008 per
1997 4956 2160 5009 quam

579 5034 767 5088 pacem
802 5021 941 5088 apud
988 5038 1109 5075 eum
1152 5024 1560 5090 lucrifecerunt,
1608 5037 1663 5082 et
1691 5044 1787 5098 per
1841 5044 2003 5098 quem
2048 5031 2161 5100 spi-

582 5107 763 5161 rituali
820 5109 1080 5166 societate
1129 5111 1403 5180 conjuncti
1455 5126 1582 5170 sunt
1618 5132 1739 5172 cum
1782 5117 1892 5175 Deo
1930 5129 1985 5175 et
2054 5120 2161 5177 Pa-

584 5210 689 5255 tre.

2270 4580 2579 4640 στεύκασιν,
2618 4577 2742 4631 οὗτε
2777 4578 2883 4647 μὴν
2911 4575 3293 4641 ἐδοξάσθήσαν,
3324 4570 3439 4625 ἀλλ’
3479 4572 3559 4633 ὡς
3588 4574 3617 4625 6
3647 4573 3867 4635 Παῦλος

2269 4690 2401 4742 φησι
2441 4671 2570 4739 περὶ
2614 4670 2708 4723 τοῦ
2760 4668 2893 4722 Θεοῦ
2952 4668 3046 4721 καὶ
3088 4664 3326 4735 Πατρὸς⁸,
3400 4683 3417 4715 ι
3452 4664 3565 4726 Οὓς
3610 4664 3869 4733 προέγνω

2269 4767 2363 4818 καὶ
2416 4761 2691 4834 προώρισε
2738 4758 3094 4829 συμμόρφους
3144 4758 3245 4825 τῆς
3301 4756 3507 4816 εἰκόνος
3577 4754 3681 4807 τοῦ
3740 4755 3867 4809 Υῑοῦ

2268 4856 2453 4921 αὑτοῦ,
2495 4854 2718 4915 τούτους
2762 4853 2855 4906 καὶ
2883 4848 3173 4903 ἐκάλεσεν·
3213 4846 3303 4909 οὓς
3335 4846 3389 4899 δὲ
3425 4845 3692 4903 ἐκάλεσε.
3751 4847 3869 4899 τού-

2266 4962 2390 5007 τους
2428 4945 2523 4998 καὶ
2547 4944 2784 5010 ὲδόξασε.
2817 4959 2835 4993 ι
2862 4940 2934 4993 Τό
2962 4956 3023 5007 γε
3056 4939 3209 5008 μὴν,‹
3233 4934 3600 5007 Ἐκκλίνω[ν],
3624 4956 3642 4988 ι
3668 4937 3869 5005 λέγων,

2268 5033 2449 5087 δίδωσι
2484 5034 2727 5088 τοιοῦτον
2766 5033 2987 5085 ἐννοεῖν.
3042 5029 3105 5081 Ἡ
3139 5029 3235 5095 μὲν
3272 5026 3379 5097 γὰρ
3420 5026 3540 5088 ὁδὸς
3580 5029 3745 5098 αὐτῷ
3780 5031 3869 5081 καὶ

2268 5126 2483 5194 πορεία.
2514 5127 2659 5180 κατὰ
2680 5124 2935 5195 πρόθεσιν
2960 5120 3055 5174 καὶ
3083 5119 3327 5172 εὐδοκίαν
3352 5117 3446 5170 τοῦ
3476 5119 3705 5187 Πατρὸς
3736 5120 3871 5189 πρὸς

2266 5217 2393 5279 τοὺς
2438 5217 2498 5281 ἐξ
2536 5217 2769 5286 αἵματος
2810 5214 3061 5285 ’ῐσραήλο
3112 5210 3215 5280 ἔφη
3252 5209 3379 5277 γοῦν
3406 5211 3490 5262 ὅτι
3541 5230 3560 5261 ‹
3592 5211 3719 5265 Οὐκ
3767 5214 3871 5265 ἀπ-

584 5292 841 5365 εστάλην,
897 5292 1055 5363 εἰμὴ
1104 5293 1183 5357 εἰς
1229 5294 1298 5348 τὰ
1346 5294 1664 5352 ἀπολωλότα
1719 5299 1968 5370 πρόϐατα
2010 5304 2161 5355 οἴκου
2214 5304 2453 5377 Ἰσραήλ.
2518 5326 2535 5357 ι
2590 5306 2811 5376 Ἐπειδὴ
2858 5306 2914 5358 δέ
2966 5303 3287 5359 ἀπεώσαντο
3328 5302 3426 5370 τὴν
3514 5302 3740 5368 πίστιν,
3790 5303 3871 5367 ἐξ·

584 5382 792 5441 έκλινεν
832 5384 927 5436 ἀπ’
965 5383 1142 5437 αὐτῶν
1190 5384 1332 5438 καθά
1361 5386 1711 5457 γέγραπται,
1766 5392 1859 5443 καὶ
1909 5395 2032 5456 ταῖς
2058 5394 2167 5449 τῶν
2239 5395 2410 5449 ἐθνῶν
2472 5397 2696 5465 ἀγέλαις
2724 5397 2824 5467 τήν
2851 5396 2913 5446 ἐκ
2956 5392 3063 5445 τῶν
3098 5390 3258 5463 ἱερῶν
3288 5390 3545 5461 ναμάτων
3578 5392 3874 5479 παράὲλτῒ

592 5492 677 5529 σιν
700 5476 1006 5545 ἐχαρίσατο,
1042 5476 1313 5543 τουτέστι,
1344 5479 1405 5531 τὸ
1461 5482 1816 5551 εὐαγγελικὸν
1857 5486 1949 5539 καὶ
2003 5488 2269 5556 σωτήριον
2333 5490 2618 5560 κήρυγμα,
2647 5488 2713 5541 δι’
2744 5479 2804 5540 οὒ
2834 5487 2933 5555 τήν
2996 5484 3132 5555 πρὸς
3206 5482 3368 5535 αὐτὸν
3400 5483 3636 5554 εἰρήνην
3667 5476 3871 5555 uisa

590 5566 808 5636 δήκασι,
855 5569 949 5622 καὶ
993 5568 1058 5621 δι’
1092 5568 1257 5622 αὑτοῦ
1290 5574 1639 5646 συνήφθησαν
1693 5577 1811 5630 κατ’
1853 5578 2163 5649 οἰκειότητα
2198 5580 2298 5652 τὴν
2333 5580 2709 5653 πνευματικὴν
2737 5577 2813 5649 τῷ
2843 5576 2960 5647 Θεῷ
2989 5578 3083 5629 καὶ
3104 5576 3301 5645 Πατρί.

666 5702 680 5731 ¹
718 5703 878 5757 lCor.
917 5720 998 5765 ιιι,
1026 5705 1078 5757 ἓ.

1160 5711 1179 5739 ²
1217 5708 1415 5777 Ephes.
1453 5726 1527 5779 tv,
1565 5713 1643 5769 15.

594 5770 683 5837 29,
710 5772 798 5827 50.

876 5744 878 5754 ν
917 5720 998 5765 ιιι,
1026 5712 1078 5757 2.
1160 5712 1179 5739 ²
1217 5712 1415 5777 Ephes.
1453 5726 1527 5779 tv,
1565 5713 1643 5769 15.
1728 5716 1745 5746 ³
1774 5716 2145 5775 Psal.t.xxx1v

876 5775 892 5803 ⁷
929 5774 1114 5828 Matth.
1148 5794 1235 5832 xv.
1267 5778 1359 5832 ‘24.

2257 5733 2280 5774 ι.
2364 5720 2381 5749 ⁸
2413 5719 2555 5777 Psal.
2584 5736 2727 5775 xxxv
2777 5721 2810 5774 8
2855 5718 2905 5773 9.
2986 5717 3005 5746 ⁸
3032 5713 3170 5770 Psal.
3208 5728 3332 5775 xu,
3366 5712 3416 5767 ὅ.
3502 5714 3522 5745 ⁸
3556 5714 3731 5770 Rom.
3758 5729 3875 5779 τιιι,

983 5793 1114 5828 uuu.
1148 5794 1235 5843 xv,
1267 5793 1359 5832 ‘34.
