4054 6376
245 436 374 492 Hii

1365 429 1432 484 IN
1474 429 1710 484 ISAIAM
1751 429 1880 484 LIB.
1916 429 1980 484 V.
2015 423 2248 485 TOMUS
2292 431 2375 484 Π.

3367 436 3505 493 1442

315 550 391 605 Τὰ
441 549 649 603 παιδία
701 547 900 602 αὐτῶν
945 548 1040 600 ἐπ’
1078 547 1250 616 ὤμων
1289 546 1680 616 ἀρθήσονται,
1728 549 1820 601 καὶ

2007 545 2168 602 Vsus.
2204 547 2387 612 13,“.
2411 543 2632 601 Par'vuli
2651 564 2828 602 eorum
2858 550 2912 604 in
2947 552 3180 607 humeris
3231 555 3500 624 tollentur,

237 643 336 698 ἐπὶ
364 642 588 710 γόνατα
615 638 1207 708 παρακληθήσονται.
1258 639 1352 703 Ὠς
1377 639 1434 692 ει
1463 655 1597 692 τινα
1623 637 1822 707 μήτηρ

239 731 670 801 παρακαλέσει,
747 729 938 794 οὕτως
981 729 1144 799 κάγὼ
1197 729 1597 797 παρακαλέσω
1644 729 1819 799 ὑμᾶς.

241 826 348 879 Kal
377 826 448 878 ἐν
492 821 893 891 Ἰερουσαλὴμ
927 820 1494 889 παρακληθήσεσθε,
1545 819 1643 873 καὶ
1684 820 1823 888 ὀψε-

239 921 369 981 σθε,
403 917 501 970 καὶ
524 913 855 984 χαρήσεται
891 913 1053 982 ὑμῶν
1080 913 1118 980 ἡ
1150 911 1382 979 καρδία,
1426 910 1525 964 καὶ
1566 911 1638 966 τὰ
1672 912 1821 966 ὀστᾶ

237 1007 405 1078 ὑμῶν
435 1007 516 1071 ὡς
546 1004 780 1072 βοτάνη
824 1003 1118 1058 ἀνατελεῐ.
1161 1002 1271 1055 Καὶ
1321 1002 1733 1072 γνωσθήσεται
1781 1005 1820 1072 ἡ

239 1098 312 1168 τῆ
358 1099 576 1165 Κυρίου
608 1094 734 1161 τοῖς
760 1094 1107 1162 σεϐομένοις
1134 1094 1340 1146 αὐτόν.

319 1187 834 1258 ’Λμφιλαφεστὰτην
871 1188 1008 1254 ἡμῖν
1037 1183 1135 1254 τὴν
1178 1183 1526 1255 παράκλησιν
1554 1182 1822 1252 ἐπαγγέλ-

239 1278 411 1342 λεται,
445 1278 538 1330 καὶ
569 1275 786 1346 φειδοῦς
825 1275 1044 1345 ἀπάσης
1074 1274 1333 1337 ἐπίδοσιν,
1361 1272 1504 1326 ὥστε
1530 1274 1624 1327 καὶ
1653 1274 1820 1327 πόνου

236 1366 359 1436 δίχα
390 1365 590 1427 παντὸς
629 1362 928 1434 κατορθοῦν
970 1361 1227 1415 δύνασθαι
1264 1362 1326 1414 τὸ
1364 1363 1597 1432 ἀρέσκον
1647 1362 1816 1432 αὐτῷ.

239 1459 298 1511 0t
344 1456 452 1528 γὰρ
491 1456 571 1508 ἔτι
618 1456 976 1527 νηπιάζοντες
1013 1455 1069 1506 ὲν
1119 1454 1325 1518 αὐτοῖς,
1362 1455 1516 1525 φησὶ,
1565 1454 1664 1507 καὶ
1720 1454 1820 1518 τὰς

240 1550 440 1621 φρένας
463 1547 614 1602 οὔπω
641 1547 1068 1617 τετελειωμένοι,
1095 1545 1351 1618 βρέφεσιν
1389 1548 1447 1600 ἐν
1481 1547 1579 1618 ἴσῳ
1603 1550 1818 1617 μικροῖς

241 1641 328 1694 ἐπ’
362 1641 529 1712 ὤμων
561 1639 915 1711 ἀρθήσονται,
951 1641 1046 1694 καὶ
1090 1641 1182 1692 ἐπὶ
1210 1640 1450 1707 γονάτων
1472 1640 1821 1711 παρακληθή-

241 1751 456 1788 σονταιο
514 1734 632 1796 ἔθος
673 1732 782 1802 γὰρ
815 1731 958 1784 οὓτω
994 1731 1260 1801 μητράσιν
1305 1731 1679 1800 ἐπιμελεῖσθαι
1721 1747 1818 1802 νη-

239 1829 398 1883 πίων.
465 1829 652 1896 Ὀλίγα
706 1828 906 1893 τοίνυν,
960 1827 1116 1897 φησι,
1189 1828 1580 1898 παραχωρήσω
1626 1826 1814 1898 μητρὶ,

1923 647 1971 692 et
1993 653 2147 704 super
2171 651 2339 706 genua
2365 638 2773 697 consolationem
2826 641 3109 696 habebunt.
3150 643 3505 710 Quemadmo-

1924 731 2049 784 dum
2071 731 2439 800 aiquempiam
2485 740 2656 785 mater
2709 733 3027 798 consoletur,
3051 737 3125 788 sic
3173 746 3221 789 et
3278 755 3370 806 ego
3415 757 3503 794 vos

1922 822 2256 875 consolabor.
2282 821 2346 874 Et
2384 825 2437 876 in
2471 822 2767 878 Jerusalem
2787 826 3200 882 consolationem
3223 831 3500 896 habebitis,

1921 923 1969 968 et
2003 913 2270 976 videbitis;
2297 924 2340 964 et
2368 914 2610 981 gaudebit
2651 931 2743 967 cor
2791 927 3040 982 vestrum,
3073 929 3120 972 et
3156 936 3274 973 ossa
3334 933 3501 976 vestra

1922 1006 2056 1057 sicut
2081 1006 2236 1057 herba
2267 1006 2653 1074 germinabunt.
2689 1006 2758 1060 Et
2793 1008 3072 1064 innotescet
3109 1021 3260 1066 terra:
3290 1013 3503 1068 Domini
3535 1009 3546 1047 ³

1930 1097 2216 1150 colentibus
2240 1113 2376 1148 eum.

1998 1186 2381 1256 Largissimam
2413 1187 2840 1244 consolationem
2871 1197 2924 1246 et
2952 1193 3131 1247 omnis
3182 1195 3500 1250 misericor-

1922 1278 2023 1332 dia:
2045 1277 2315 1331 cumulum
2338 1277 2494 1330 nobis
2513 1281 2868 1346 adpromittit,
2906 1279 3065 1352 idque
3107 1284 3253 1339 circa
3288 1300 3501 1338 omnem

1921 1367 2180 1434 laborem,
2218 1369 2434 1438 utquod
2463 1370 2562 1440 ipsi
2591 1370 2786 1437 placet,
2847 1375 3027 1442 possis
3087 1375 3335 1444 exsequi.
3400 1377 3501 1442 Qui

1920 1459 2062 1510 enim
2113 1457 2309 1522 adhuc,
2345 1457 2538 1526 inquit,
2575 1459 2808 1513 infantes
2860 1471 3084 1528 sunt,et
3124 1465 3305 1517 animo
3353 1480 3504 1518 non-

1920 1548 2044 1602 dum
2077 1547 2322 1617 perfecti,
2356 1550 2502 1603 velut
2534 1551 2740 1620 parvuli
2767 1551 2999 1607 infantes
3032 1553 3082 1606 in
3139 1554 3378 1608 humeris
3401 1555 3502 1608 tol-

1919 1639 2117 1706 lentur,
2165 1649 2220 1694 et
2311 1657 2472 1710 super
2513 1657 2685 1712 genua
2727 1647 3151 1700 consolationem
3206 1648 3497 1702 habebunt.

1919 1728 2103 1784 Solent
2125 1732 2267 1785 cnim
2300 1743 2499 1786 matres
2528 1749 2714 1787 curam
2750 1751 2937 1805 gerere
2969 1737 3340 1804 parvulorum.
3373 1739 3489 1796 Non

1921 1823 2144 1877 multum
2179 1838 2328 1895 ergo,
2360 1826 2553 1894 inquit,
2590 1827 2747 1880 matri
2805 1841 3040 1889 cessero,
3062 1829 3153 1881 sed
3185 1828 3501 1884 consolabor

237 1919 603 1992 παρακαλέσω
647 1919 704 1972 δὲ
753 1917 897 1973 οὕτω
951 1920 1076 1980 τοὺς
1132 1919 1336 1989 ἀδρανῆ
1399 1919 1538 1982 τέως
1593 1919 1813 1989 ἔχοντας

1920 1917 1996 1970 sic
2023 1931 2113 1970 eos
2140 1917 2230 1984 qui
2265 1917 2698 1973 infirmosuntet
2747 1919 2952 1988 dejecto
3001 1921 3205 1984 animo,
3251 1928 3311 1975 ut
3365 1922 3501 1976 nihil

235 2012 378 2078 νοῦν,
410 2011 485 2075 ὡς
510 2010 748 2079 ὲλλεϊψαι
788 2011 952 2081 μηδὲν
983 2009 1091 2062 τῶν
1131 2010 1426 2062 τελούντων
1467 2013 1546 2074 εἰς
1580 2010 1818 2063 ἀνάπαυ-

237 2121 320 2158 σιν
369 2104 590 2167 αὐτοῖς·
630 2102 1013 2173 τιθηνούμενοι
1069 2101 1127 2154 δὲ
1170 2101 1330 2167 οῦτω,
1386 2102 1541 2171 φησὶ,
1592 2103 1686 2154 καὶ
1730 2101 1818 2154 διὰ

236 2197 418 2267 πάσης
463 2197 630 2258 ἰόντες
672 2192 887 2263 φειδοῦς
939 2193 1033 2246 καὶ
1078 2193 1322 2262 ἀγάπης,
1380 2191 1578 2261 ὄψεσθέ
1625 2209 1685 2244 τε
1729 2190 1818 2244 διὰ

238 2280 456 2353 καιροῦ,
488 2283 581 2334 καὶ
609 2281 705 2353 τὴν
734 2282 845 2335 ἄνω
871 2280 1024 2332 πόλιν
1047 2280 1146 2352 τὴν
1185 2281 1508 2350 ἐπουράνιον
1547 2280 1817 2350 Ἰερουσα-

237 2374 368 2442 λήμ’
418 2372 793 2444 πλησθήσεσθε
843 2371 1127 2442 θυμηδίας,
1174 2372 1266 2425 καὶ
1297 2370 1372 2434 ὡς
1402 2374 1460 2424 ἐν
1493 2369 1818 2434 τάξειῗπόας

237 2463 568 2534 ἁιύαθαλήσει
613 2464 684 2518 τὰ
729 2464 945 2518 πάντων
981 2463 1135 2532 ὑμῶν
1179 2463 1331 2520 ὀστᾶ.
1399 2462 1818 2534 Ἐγερθήσονται

236 2556 347 2626 γὰρ
384 2557 433 2608 οἱ
459 2555 663 2624 νεκροὶ,
687 2556 780 2608 καὶ
807 2556 1200 2625 ἀναστήσονται
1227 2557 1274 2608 οἱ
1299 2558 1356 2608 ὲν
1377 2558 1488 2617 τοῖς
1512 2554 1815 2625 μνημείοις,

237 2646 336 2717 τὴν
369 2645 522 2717 παρὰ
554 2645 791 2716 Χριστοῦ
845 2645 1242 2717 πλουτήσαντες
1289 2647 1500 2716 δρόσον,
1547 2647 1813 2710 τουτέστι,

238 2739 300 2792 τὸ
347 2739 566 2809 πνεῦμα
619 2739 680 2791 τὸ
723 2737 1021 2802 ζωοποιόν⁹
1082 2738 1224 2793 οὕτω
1275 2741 1386 2811 γάρ
1421 2740 1522 2793 πού
1575 2756 1738 2810 φησιν
1791 2741 1820 2792 ὁ

241 2829 467 2884 Ψάλλων
501 2829 638 2899 πρὸς
690 2829 782 2881 τὸν
821 2829 951 2882 Θεὸν
991 2830 1119 2900 περὶ
1159 2831 1268 2883 τῶν
1320 2831 1378 2883 ὲν
1417 2834 1488 2902 γῇ
1527 2830 1816 2900 κειμένωνο

245 2941 264 2973 ι
287 2921 698 2988 Ἐξαποστελεῖς
715 2921 774 2974 τὸ
791 2920 925 2973 πνεῦ
941 2921 1024 2992 μά
1052 2939 1168 2981 σου,
1188 2922 1280 2976 καὶ
1305 2924 1708 2991 κτισθήσονται,
1727 2922 1821 2974 καὶ

237 3014 566 3076 ἀνακαινιεῖς
588 3013 648 3065 τὸ
672 3013 963 3082 πρόσωπον
996 3013 1096 3078 τῆς
1111 3013 1232 3082 γῆς.
1258 3033 1275 3062 ›
1312 3013 1519 3084 ’Ὠσπερ
1557 3009 1648 3066 οὖν
1674 3013 1740 3066 τὰ
1764 3015 1820 3064 ἐν

238 3107 430 3175 ἀγροῖς
463 3105 774 3174 ἀνθήσαντα
807 3105 944 3175 μετὰ
980 3105 1150 3176 βραχὺ
1182 3106 1389 3167 πίπτει,
1440 3106 1530 3157 καὶ
1563 3105 1820 3176 μαραίνε-

239 3215 326 3250 ται
358 3196 574 3269 ὲαρινοῦ
602 3214 662 3264 γε
709 3197 813 3268 μὴν
844 3198 1129 3260 ἐνστάντος
1160 3197 1376 3268 καιροῦ,
1407 3198 1568 3250 πάλιν
1589 3198 1817 3267 ἀνίσχει·

239 3289 335 3342 καὶ
393 3289 668 3357 φαίνεται·
706 3288 850 3341 οὕτω
901 3287 969 3341 τὰ
1017 3290 1074 3342 ὲν
1131 3291 1194 3360 τῇ
1244 3292 1314 3360 γῇ
1363 3289 1470 3344 τῶν
1515 3288 1822 3342 τεθνεώτων

239 3380 491 3449 λείψανα,
524 3379 664 3433 κατά
691 3380 783 3432 τὸν
801 3380 899 3450 τῆς
918 3380 1347 3449 παλιγγενεσίας
1372 3382 1564 3452 καιρὸν
1599 3382 1822 3453 ἀρρήτῳ

237 3473 466 3542 δυνάμει
524 3471 660 3526 Θεοῦ
737 3471 898 3525 πάλιν
945 3473 1314 3526 ἀνατελοῦσιν.
1405 3473 1821 3543 Ἐγερθήσονται

239 3565 374 3634 γὰρ,
404 3563 480 3627 ὼς
518 3562 674 3634 ἔφην.
743 3583 760 3613 ι
781 3563 914 3616 Τότε
963 3563 1052 3633 δὴ,
1086 3563 1208 3615 τότε
1236 3563 1607 3632 γνωσθήσεται
1637 3565 1669 3634 ἡ
1702 3564 1823 3633 χεὶρ

241 3655 451 3726 Κυρίου
496 3659 608 3718 τοῖς
634 3654 946 3724 σεϐομένοις
979 3653 1159 3706 αὐτόν.
1195 3674 1213 3705 ι
1266 3654 1440 3724 Χεῖρά
1490 3671 1553 3718 γε
1606 3655 1711 3724 μὴν
1765 3657 1822 3706 ἐν

241 3748 479 3810 τούτοις,
514 3748 548 3817 ἢ
581 3747 681 3815 τὴν
707 3747 936 3816 δύναμιν
963 3747 1126 3800 αὑτοῦ
1155 3764 1341 3816 φησιν,
1389 3747 1556 3816 ἤγουν
1580 3747 1672 3800 τὸν
1707 3747 1823 3801 Κύ-

246 3856 362 3911 ριον
388 3837 546 3910 ἡμῶν
583 3837 791 3908 Ἰησοῦν
823 3838 912 3890 τὸν
943 3838 1197 3908 Χριστὸν,
1231 3838 1298 3892 δι’
1320 3831 1381 3890 οῦ
1406 3839 1473 3890 τά
1501 3841 1697 3899 πάντα,
1732 3840 1823 3892 καὶ

243 3930 304 3981 ὲν
335 3921 380 3996 ᾧ
405 3928 475 3981 τὰ
501 3928 694 3982 πάντα.
717 3929 796 3979 Δι’
819 3926 982 3980 αὑτοῦ
1010 3926 1118 3997 γὰρ
1139 3926 1303 3980 πάλιν
1326 3928 1418 3980 καὶ
1441 3929 1475 3998 ἡ
1492 3928 1597 3980 τῶν
1616 3928 1823 3999 νεκρῶν

244 4018 561 4081 ἀναὸίωσις.
610 4017 981 4087 Ἀποτὲλεσμα
1025 4018 1134 4089 γὰρ
1179 4019 1277 4088 τῆς
1319 4018 1484 4074 αὐτοῦ
1542 4019 1825 4089 δυνάμεως

244 4111 330 4182 εἴη
362 4110 450 4172 ἂν,
486 4110 580 4163 καὶ
623 4109 684 4161 τὸ
735 4108 950 4179 ἰσχύσαι
985 4113 1343 4183 παρενεγκεῖν
1370 4113 1450 4171 εἰς
1480 4110 1715 4182 ὓπαρξιν
1754 4112 1824 4164 τὰ

243 4203 346 4256 οὐκ
365 4202 493 4255 ὄντα
526 4202 676 4263 ποτὲ,
710 4201 803 4254 καὶ
835 4201 1138 4254 πεπονθότα
1177 4203 1276 4273 τὴν
1309 4202 1538 4273 φθορὰν,
1595 4203 1822 4256 ἀνακαι-

246 4290 389 4343 νίσαι
421 4289 582 4341 πάλιν
620 4291 698 4352 είς
726 4289 788 4342 τὸ
821 4291 879 4343 ὲν
906 4291 1120 4360 ἀρχαῖς.

318 4385 429 4437 Καὶ
463 4382 780 4451 ἀπειλήσει
812 4384 938 4450 τοῖς
971 4385 1354 4439 ἀπειθοῦσιν
1400 4387 1545 4441 Ἰδοὺ
1576 4389 1683 4458 γὰρ
1713 4390 1825 4443 Κύ-

236 4495 372 4544 ριος
412 4477 490 4542 ὠς
533 4476 653 4543 πῦρ
693 4476 845 4544 ἥξει,
883 4477 982 4532 καὶ
1027 4477 1106 4542 ὡς
1159 4479 1426 4548 καταιγὶς
1475 4479 1548 4533 τὰ
1595 4479 1824 4549 ἅρματα

1919 2008 2026 2062 illis
2047 2009 2188 2062 desit
2220 2008 2286 2062 ad
2320 2011 2640 2078 requietem.
2669 2009 2760 2064 Sic
2786 2013 3248 2074 nulriti,sicomni
3281 2015 3499 2068 miseri-

1917 2102 2098 2155 cordia
2128 2111 2180 2154 et
2201 2101 2464 2155 charitate
2500 2103 2738 2169 tractati,
2763 2103 3014 2158 videbitis
3050 2104 3214 2175 915
3237 2115 3496 2176 tempore.

1918 2207 2224 2260 supremam
2250 2193 2414 2246 etiam
2439 2193 2716 2248 civitatem
2741 2195 3016 2250 cmlestem
3075 2196 3392 2261 Jerusalem,
3447 2209 3504 2253 et

1918 2283 2319 2352 complebimiui
2339 2284 2632 2353 voluptate,
2663 2296 2720 2338 et
2747 2287 2900 2354 quasi
2936 2287 3132 2350 herba,
3178 2291 3360 2346 omnia
3401 2306 3499 2344 ve-

1919 2385 2028 2428 stra
2051 2390 2174 2429 ossa
2210 2374 2579 2431 reﬂoresceut.
2637 2378 3028 2432 Excitabuntur
3067 2381 3211 2434 enim
3268 2383 3498 2449 mortui,

1919 2475 1970 2518 et
2002 2467 2392 2535 resurgentqui
2461 2468 2511 2520 in
2567 2471 2936 2522 monumentis
2977 2479 3139 2535 sunt,
3191 2469 3498 2540 locupletati

1920 2574 2015 2627 per
2046 2558 2321 2611 Christum
2343 2574 2486 2622 rore,
2523 2559 2574 2612 id
2601 2570 2704 2622 est,
2739 2561 2931 2628 spiritu
2971 2561 3204 2615 Vi\‘iliCO.
3247 2561 3338 2616 Sic
3356 2565 3497 2616 enim

1920 2649 2050 2702 dicit
2071 2648 2159 2714 qui
2190 2651 2254 2703 ad
2285 2651 2447 2703 Deum
2473 2651 2670 2719 psallit,
2699 2653 2766 2705 de
2796 2652 2878 2705 his
2905 2653 2992 2720 qui
3026 2656 3077 2706 in
3105 2665 3246 2706 terra
3267 2654 3448 2724 jacent
3483 2671 3496 2707 :

1927 2757 1945 2791 ι
1975 2740 2206 2794 Emittes
2272 2742 2519 2809 spiritum
2556 2753 2734 2810 tuum,
2771 2754 2825 2797 et
2854 2746 3204 2812 creabantur,
3238 2756 3292 2799 et
3343 2761 3501 2800 reuo-

1921 2833 2071 2886 vabis
2105 2830 2297 2886 faciem
2341 2841 2501 2888 terra:
2533 2833 2576 2887 ⁸.
2617 2854 2634 2886 ι
2669 2834 2899 2890 Perinde
2947 2836 3130 2905 igitur,
3171 2847 3229 2890 ut
3265 2853 3384 2907 quae
3444 2839 3499 2891 in

1922 2922 2064 2991 agris
2093 2921 2412 2989 floruerunt,
2447 2926 2606 2994 paulo
2645 2938 2764 2995 post
2790 2928 3045 2982 occidunt
3067 2937 3498 2992 otmarcescunt,

1920 3029 2089 3068 verno
2117 3026 2297 3070 autem
2332 3025 2572 3084 tempore
2605 3018 2860 3081 instante,
2927 3033 3114 3072 rursus
3155 3019 3403 3072 oriuntur
3448 3027 3503 3070 et

1922 3112 2221 3172 apparent:
2254 3105 2333 3158 sic
2364 3104 2603 3173 reliquiae
2635 3117 2969 3159 mortuorum
2992 3107 3042 3160 in
3074 3118 3237 3172 terra,
3261 3115 3502 3175 tempore

1925 3195 2356 3262 regenerationis
2385 3210 2448 3249 ac
2475 3196 2903 3259 iustaurationis,
2958 3194 3212 3250 inelfubili
3262 3197 3500 3266 potentia

1849 3264 1890 3320 C
1925 3283 2016 3337 Dei
2043 3299 2233 3337 rursus
2263 3286 2596 3338 exorientur.
2633 3285 3032 3339 Excituhuntur
3056 3287 3224 3350 enim,
3251 3288 3328 3341 uti
3364 3289 3498 3341 dixi.

1929 3391 1947 3423 ι
1992 3371 2165 3436 Tunc,
2197 3381 2323 3425 tunc
2360 3373 2658 3426 inuotescct
2694 3389 2880 3427 manus
2933 3375 3142 3427 Domini
3202 3375 3502 3430 colentibus

1923 3476 2110 3516 eum.»
2152 3461 2365 3514 Manum
2389 3462 2475 3515 hic
2518 3473 2692 3524 vocat,
2728 3463 2810 3514 vel
2859 3463 3153 3530 potentiam
3198 3478 3372 3527 suam,
3416 3464 3502 3519 vel

1925 3554 2209 3608 Dominum
2237 3563 2477 3606 nostrum
2513 3551 2695 3606 Jesum
2728 3553 3022 3617 Christum,
3069 3568 3163 3621 per
3198 3568 3354 3622 quem
3381 3569 3500 3608 om-

1925 3645 2035 3706 nia,
2068 3653 2124 3698 et
2155 3645 2206 3698 in
2240 3660 2346 3712 quo
2368 3645 2548 3698 omnia
2570 3646 2611 3696 θ.
2642 3642 2746 3697 Per
2770 3644 2916 3696 illum
2971 3645 3116 3697 enim
3169 3660 3356 3699 rursus
3417 3655 3502 3699 est

1925 3738 2271 3792 resuscitatio
2313 3749 2670 3790 mortuorum.
2747 3735 2858 3790 lloc
2907 3744 2990 3787 est
3061 3736 3204 3789 enim
3247 3738 3502 3807 potentia:

1923 3831 2039 3900 ejus
2061 3847 2165 3884 non
2203 3830 2792 3897 leveindicium,pos.se
2835 3838 2890 3880 et
2922 3827 2976 3880 in
3042 3826 3213 3882 lucem
3257 3827 3502 3898 proferre

1923 3939 2043 3994 quae
2094 3925 2384 3994 aliquando
2438 3938 2544 3977 non
2592 3931 2766 3986 erant,
2836 3931 2889 3974 et
2959 3936 3078 3990 qua:
3155 3936 3311 3988 passa
3375 3934 3500 3976 sunt

1924 4018 2325 4085 corruptionem
2400 4026 2730 4078 restaurare,
2808 4015 2878 4066 ita
2929 4022 2988 4065 ut
3041 4015 3107 4067 ab
3179 4012 3334 4067 initio
3381 4012 3499 4069 fue—

1925 4118 2068 4161 runt.

1997 4383 2372 4439 “2125,1547.
2399 4383 2463 4436 Et
2520 4384 2808 4436 minabitur
2867 4384 3304 4436 contumacibus:
3364 4382 3499 4438 Ecce

1925 4480 2059 4531 enim
2094 4476 2348 4527 Dominus
2375 4476 2527 4544 quasi
2554 4476 2687 4543 ignis
2721 4476 2906 4541 veniet,
2947 4486 2992 4528 et
3031 4476 3181 4539 quasi
3226 4485 3496 4542 tempestas

244 4567 453 4634 αὑτοῦ,
509 4570 613 4624 τοῦ
657 4568 987 4623 ἀποδοῦναι
1024 4569 1093 4620 ἐν
1125 4569 1288 4638 θυμῷ
1328 4571 1662 4640 ἐκδίκησιν,
1725 4573 1820 4625 καὶ

1928 4585 2112 4622 currus
2147 4566 2281 4635 ejus,
2323 4579 2376 4621 ut
2406 4568 2584 4620 reddat
2650 4568 2702 4618 in
2735 4567 2912 4634 furore
2943 4567 3212 4630 ultionem,
3246 4575 3294 4619 et
3327 4567 3498 4621 incre—

243 4660 777 4730 ὰποσκορακισμὸν
827 4661 898 4713 ἐν
950 4662 1129 4731 φλογὶ
1181 4663 1389 4731 πηρός.
1440 4665 1542 4717 Ἑν
1581 4665 1691 4733 γὰρ
1742 4663 1822 4730 τῷ

245 4752 390 4820 πυρὶ
448 4753 672 4820 Κυρίου
701 4753 1044 4821 κριθήσεται
1089 4751 1258 4807 πᾶσα
1303 4756 1340 4821 ἡ
1383 4753 1480 4822 γῆ,
1523 4755 1619 4807 καὶ
1650 4756 1718 4809 ἐν
1747 4755 1822 4824 τῇ

238 4843 506 4912 ῥομφαίᾳ
543 4843 729 4897 αὐτοῦ
782 4842 951 4898 πᾶσα
995 4843 1184 4911 σάρξ·
1225 4846 1439 4898 πολλοὶ
1473 4850 1820 4916 τραυματίαι

242 4931 489 4986 ἔσονται
526 4931 646 4987 ὑπὸ
683 4933 925 5000 Κυρίου,
958 4935 1012 4986 οἱ
1045 4933 1408 5002 ἁγνιζόμενοι
1450 4936 1546 4989 καὶ
1587 4941 1820 5006 καθαρι-

244 5023 473 5093 ζόμενοι
520 5025 606 5087 είς
646 5023 786 5088 τοὺς
818 5024 1069 5090 κήπους,
1106 5025 1200 5077 καὶ
1233 5026 1302 5078 ἑν
1332 5025 1454 5091 τοῖς
1503 5031 1819 5098 προθύροις

243 5117 530 5179 ἔσθοντες
572 5115 716 5182 κρέα
758 5114 883 5167 ὑῶν
916 5115 1015 5169 καὶ
1044 5116 1114 5169 τὰ
1141 5115 1534 5185 ,ϐδελύχιιατα
1568 5120 1665 5172 καὶ
1721 5123 1827 5174 τὸν

244 5209 394 5277 μῦν,
419 5210 517 5262 ἐπὶ
553 5207 619 5260 τὸ
652 5208 799 5261 αὐτὸ
838 5208 1351 5276 ἀναλωθήσονται,
1409 5208 1538 5264 εἷπε
1590 5215 1822 5282 Κύριος.

248 5298 418 5367 Κάγὼ
464 5299 535 5352 τὰ
581 5299 723 5366 ἔργα
786 5298 985 5352 αὐτῶν
1031 5299 1129 5353 καὶ
1173 5299 1279 5352 τὸν
1308 5302 1598 5371 λογισμὸν
1632 5304 1823 5359 αὐτῶν

245 5388 589 5458 ἐπίσταμαι.

333 5478 720 5550 Ἀποχρώντως
756 5482 1143 5552 παρακαλέσας
1180 5485 1305 5548 τοὺς
1336 5487 1392 5539 ἐν
1436 5489 1500 5557 τῇ
1532 5488 1630 5559 νέα
1663 5486 1821 5556 Σιὼν,

246 5571 516 5636 τουτέστι,
562 5577 628 5645 τῇ
701 5575 1020 5647 Ἐκκλησία,
1061 5576 1153 5628 καὶ
1194 5577 1590 5649 διαρκεστὰτην
1643 5583 1824 5646 αὐτοῖς

246 5664 715 5735 ἐπαγγειλάμενος
747 5669 846 5739 τὴν
881 5667 1226 5740 παράκλησιν
1248 5709 1264 5734 ,
1310 5670 1402 5723 καὶ
1441 5671 1822 5740 πνευματικῶν

329 5839 352 5874 ⁸
373 5837 658 5914 Psal._cut,
691 5845 777 5898 30.
854 5845 874 5875 ⁹
902 5845 920 5898 i
949 5845 1075 5901 Cor.
1110 5861 1224 5911 vni,
1251 5845 1305 5900 6.

1926 4658 2812 4731 pationcmin/‘lantmaignis.Nam
2849 4660 2903 4711 in
2919 4662 3033 4726 igne
3049 4657 3260 4711 Domini
3281 4659 3497 4727 judica-

1928 4755 2065 4806 bitur
2092 4753 2258 4806 omnis
2275 4763 2436 4815 terra,
2468 4761 2514 4803 et
2533 4751 2586 4802 in
2603 4750 2776 4817 gladio
2809 4751 3152 4819 ipsiusomnis
3181 4766 3324 4803 caro.
3353 4749 3497 4804 Μιιία

1925 4846 1962 4896 ti
1989 4843 2247 4897 vulnerati
2297 4851 2506 4896 erunta
2545 4840 2794 4894 Domina.
2851 4841 2956 4904 Qui
3007 4841 3374 4909 puri/icantur,
3447 4851 3495 4896 et

1927 4934 2253 4988 inundantur
2278 4933 2335 4986 in
2393 4932 2660 4996 hortis,“
2719 4932 2775 4984 in
2825 4931 3111 4996 liminibus,
3173 4933 3495 4986 comedentes

1923 5042 2131 5078 carnem
2157 5025 2388 5089 suillam,
2424 5034 2473 5077 et
2522 5023 2958 5084 abominationes,
2990 5035 3034 5076 et
3070 5040 3288 5086 murem,
3338 5024 3494 5076 simul

1923 5127 2310 5182 consumentur,
2343 5117 2478 5168 dixit
2511 5114 2787 5167 Dominus.
2822 5112 2935 5184 Ego
2974 5131 3093 5168 vero
3139 5131 3293 5184 Opera
3315 5131 3493 5168 eorum

1921 5215 1967 5258 et
1995 5208 2358 5276 cogitationem
2386 5221 2565 5260 eorum
2609 5205 2736 5258 scio.

1994 5490 2214 5543 Abunde
2255 5488 2564 5543 consolatus
2593 5502 2685 5541 eos
2741 5487 2832 5557 qui
2867 5486 2920 5539 in
2961 5499 3095 5539 nova
3127 5481 3278 5546 Sion,
3313 5479 3363 5533 id
3388 5489 3491 5542 est,

1923 5581 2186 5646 Ecclesia,
2233 5591 2286 5636 et
2318 5581 2780 5646 aﬂlueutissimam
2808 5577 3228 5632 consolationem
3261 5588 3323 5627 ac
3378 5573 3491 5640 spi-

1922 5671 2196 5728 ritualium
2231 5671 2494 5729 bonorum
2525 5671 2824 5728 subsidium
2852 5667 3142 5739 pollicitus,
3195 5674 3248 5720 et
3271 5673 3493 5734 practer-
