4054 6376
632 391 772 448 im
1619 391 1679 447 S.
1723 389 1993 447 CYIilLLI
2032 386 2508 444 ALEXANDRINI
2551 380 2868 439 ARCHIEP.
3670 386 3773 441 Nil

630 527 694 567 ea
750 509 1216 566 resnscitationem
1282 509 1583 576 emortuis,
1629 520 1681 565 et
1731 526 2014 580 supremas
2039 511 2218 573 sedes,

2179 525 2218 573 ς,
2247 520 2295 578 Α
2322 505 2540 575 ἀγαθῶν
2567 501 2853 574 χορηγίαν,
2884 498 2964 551 ἔτι
2994 513 3051 549 τε
3071 494 3205 566 πρὸς
3236 493 3429 558 τούτοις
3452 493 3532 566 τήν
3554 496 3607 549 ὲκ
3629 500 3780 570 νεκρῶν

633 614 695 654 ac
724 614 842 669 quae
871 599 942 653 ibi
972 608 1075 664 est,
1100 598 1325 667 gloriam
1356 615 1457 653 non
1483 600 1699 668 impune
1722 600 1838 655 fore
1860 600 1994 655 dicit
2028 601 2213 655 inobe—

2178 616 2213 655 :—
2323 598 2642 658 ἀναϐίωσιν,
2676 594 2771 647 καὶ
2794 592 2893 654 τ’ἀς
2924 589 3035 643 ἀνω
3060 587 3243 658 μονὰς,
3282 585 3370 639 καὶ
3394 585 3477 655 τὴν
3501 588 3647 641 αὐτόθι
3668 590 3779 656 δόξαν

633 691 900 748 dientibtts
935 691 1038 745 hoc
1064 692 1239 744 audax
1262 701 1448 745 contra
1475 692 1591 745 illos
1617 692 1948 747 institutum.
2012 691 2212 748 Veniet

2190 702 2212 748 t
2319 692 2419 742 οὐκ
2470 688 2703 758 ἀζήμιον
2738 681 2956 736 ἔσεσθαί
2999 696 3132 751 φησι
3175 680 3289 741 τοῖς
3327 677 3542 730 ἀπειθεῖν
3582 680 3786 749 ἑλομένοις

634 784 802 847 enim,
846 784 1037 851 inquit,
1092 783 1245 850 quasi
1270 783 1431 851 ignis.
1474 782 1780 838 Descendet
1806 799 2037 851 namque
2059 784 2211 837 εαξη-

2185 812 2211 823 -
2320 779 2468 850 αύτῷ
2496 779 2557 831 τὸ
2595 778 2688 829 ἐπὶ
2715 774 2924 836 τούτοις
2967 771 3291 841 ἐγχείρημα.
3324 768 3572 840 Ἧξειγὰρ
3597 769 3655 833 ὡς
3686 771 3782 840 πῦρ,

634 886 721 928 tus
747 875 987 943 ingloria
1020 874 1196 928 Patris
1218 875 1297 929 sui
1326 889 1445 929 cum
1465 876 1664 928 sanctis
1694 875 1915 945 angelis.
1945 875 2041 929 llic
2070 876 2211 930 enim

2188 891 2211 928 [ι
2322 869 2488 939 φησί’
2526 866 2899 936 καταϐήσεται
2927 862 3036 929 γὰρ
3070 860 3129 925 ἐξ
3157 859 3411 931 οὐρανῶν,
3442 861 3492 913 ὲν
3514 863 3570 931 τῇ
3604 861 3700 931 δόξῃ
3725 862 3789 914 τοῦ

635 975 717 1019 est
743 981 934 1020 currus
958 966 1099 1036 ejus,
1132 966 1286 1020 siculi
1317 977 1370 1020 et
1398 966 1449 1019 in
1475 966 1703 1022 Psalmis
1733 968 2060 1020 celebratum
2087 976 2168 1021 est
2198 985 2209 1019 :

2198 985 2209 1019 :
2323 962 2536 1031 Πατρὸς
2571 958 2735 1013 αὑτοῦ
2779 956 2916 1029 μετά
2948 956 3055 1008 τῶν
3092 955 3264 1022 ἁγίων
3303 952 3537 1021 ἀγγέλων.
3562 953 3694 1006 Τοῦτο
3716 955 3788 1024 γὰρ

640 1072 659 1105 ι
699 1054 903 1109 Currus
932 1055 1021 1108 Dei
1054 1056 1238 1109 decem
1295 1056 1531 1110 millibus
1570 1056 1874 1126 multiplex,
1906 1057 2069 1109 millia
2120 1056 2214 1110 la:-

2192 1086 2214 1097 -
2319 1054 2381 1107 τὸ
2436 1054 2590 1124 ἀρμα
2636 1050 2821 1112 αὑτοῦ,
2861 1050 3003 1102 κατὰ
3052 1048 3113 1099 το
3164 1048 3221 1098 ὲν
3266 1045 3497 1114 Ψαλμοῖς
3523 1044 3793 1114 ὑμνούμενον,

636 1148 863 1201 tanlium
891 1147 955 1201 ¹⁹.
1000 1166 1018 1199 ι
1059 1149 1245 1202 Veniet
1273 1158 1454 1203 autem
1488 1150 1799 1204 redditurus
1833 1150 2099 1204 ultionem
2160 1150 2212 1203 in

2192 1166 2212 1203 ΓΙ
2327 1164 2345 1196 ι
2375 1144 2448 1197 Τὸ
2486 1144 2639 1215 ἅρμα
2676 1140 2771 1194 τοῦ
2815 1138 2948 1194 Θεοῦ
3004 1135 3410 1209 μυριοπλάσιον,
3456 1134 3653 1203 χιλιάδες
3681 1134 3793 1201 sier,-

636 1237 839 1304 furore,
863 1246 916 1293 et
972 1239 1395 1309 increpationem
1452 1241 1505 1294 in
1550 1239 1769 1293 ﬂamma
1829 1242 1986 1310 ignis.
2051 1241 2217 1311 916

2197 1242 2217 1310 ς
2321 1238 2576 1291 νούντων.
2610 1254 2629 1287 ι
2685 1233 2842 1299 Ἥξει
2888 1232 2946 1286 δὲ
2985 1229 3277 1284 ἀποδώσων
3315 1227 3563 1296 ἐκδίκησιν
3597 1228 3643 1279 ὲν
3673 1225 3798 1295 θυμῷ,

636 1327 938 1397 lncrepatio
964 1330 1187 1385 denotat
1209 1332 1589 1401 abjectionem.
1627 1332 1777 1386 Dicet
1806 1334 1949 1386 enim
1984 1334 2069 1387 his
2120 1335 2213 1401 qui

2200 1335 2213 1386 i
2323 1331 2418 1384 καὶ
2442 1325 2926 1399 ἀποσκορακισμδν
2961 1324 3017 1376 ὲν
3050 1322 3209 1391 φλογὶ
3247 1320 3430 1390 πυρός.
3469 1319 3519 1371 ’0
3551 1316 3600 1369 δὲ
3626 1317 3798 1370 ἀποσκοο

638 1421 691 1475 in
716 1424 952 1489 peccatis
982 1424 1176 1478 mortui
1206 1434 1367 1478 sunt:
1402 1425 1707 1480 «Discedite
1738 1441 1767 1478 a
1795 1441 1901 1489 me,
1922 1426 2212 1490 maledicti,

2203 1465 2212 1490 ,
2328 1423 2593 1496 ρακισμδς
2621 1420 2772 1491 δηλοί
2794 1418 2891 1489 τὴν
2919 1415 3193 1486 ἀποϐολήν
3214 1430 3227 1444 ο
3261 1415 3374 1483 ὲρεῖ
3394 1411 3493 1482 γὰρ
3518 1413 3614 1473 τοῖς
3640 1408 3804 1461 τεθνεῶ-

638 1515 693 1569 ἱη
732 1516 909 1585 ignem
944 1526 1228 1580 azternum,
1254 1518 1347 1585 qui
1383 1527 1716 1588 praeparatus
1747 1527 1830 1573 est
1876 1519 2091 1573 diabolo
2162 1526 2215 1572 et

2202 1526 2215 1571 t
2327 1534 2409 1569 σιν
2457 1517 2515 1568 ὲν
2555 1512 2873 1583 ἁμαρτίαις·
2930 1528 2948 1560 t
2974 1504 3278 1580 Πορεύεσθε
3335 1504 3423 1555 ἀπ’
3457 1500 3803 1571 ὲμοῦ,κατηρα-

640 1608 844 1677 angelis
870 1608 988 1679 ejus
1016 1610 1084 1659 “.
1127 1628 1146 1660 ι
1185 1609 1529 1665 Judicabitur
1581 1612 1749 1677 enim,
1781 1610 1978 1680 inquit,
2043 1611 2219 1665 omnis

2206 1626 2219 1665 ι
2329 1611 2503 1682 μένοι,
2529 1610 2607 1670 εἰς
2627 1606 2687 1658 τὸ
2714 1603 2826 1675 πῦρ
2846 1602 2906 1655 τὸ
2926 1600 3164 1660 αἰώνιον,
3192 1598 3254 1649 τὸ
3268 1593 3635 1667 ἡτοιμασμένον
3655 1590 3716 1660 τῷ
3730 1591 3807 1642 δια-

642 1707 808 1764 terra,
833 1710 887 1754 et
916 1710 1168 1769 tanquam
1205 1702 1383 1771 gladio
1406 1701 1603 1756 divina:
1627 1702 1720 1755 ira:
1745 1703 2011 1772 percussi,
2066 1702 2218 1758 multi

2207 1702 2218 1756 i
2329 1703 2470 1773 δόλῳ
2550 1702 2645 1753 καὶ
2695 1700 2807 1760 τοῖς
2856 1694 3105 1763 ἀγγέλοις
3146 1690 3383 1744 αὐτοῦ’»
3434 1686 3706 1757 κριθήσεται
3738 1682 3808 1750 γὰρ

640 1792 1089 1847 vulnerabuntur.
1122 1792 1183 1847 Hi
1221 1793 1439 1848 demum
1470 1803 1599 1849 sunt
1643 1794 1735 1863 qui
1772 1808 1960 1863 pmnas
1981 1797 2220 1864 pendunt

2209 1807 2220 1851 ι
2326 1793 2490 1860 οῦτω,
2534 1791 2721 1861 φησιν,
2752 1792 2785 1859 ή
2822 1789 3085 1857 σύμπασα
3118 1784 3211 1853 γῆ,
3254 1780 3347 1835 καὶ
3373 1779 3550 1850 ὥσπερ
3587 1776 3677 1831 ἀπὸ
3722 1778 3810 1846 ῥομ-

640 1882 1003 1949 inevitabiles,
1026 1894 1081 1939 et
1111 1885 1163 1939 in
1209 1882 1483 1939 ﬂammam
1536 1895 1764 1940 currunt
1817 1888 2217 1954 inexstinctam,

2209 1929 2217 1954 ,
2253 1890 2296 1950 Β
2325 1885 2490 1954 φαίας
2523 1885 2620 1953 τῆς
2650 1882 2801 1944 θείας
2827 1879 2999 1950 ὀργῆς
3028 1876 3334 1947 πληγέντες
3366 1872 3540 1926 πολλοὶ
3560 1866 3810 1941 τραυματίαι

643 1974 959 2042 catenisque
988 1988 1211 2029 suorum
1248 1984 1594 2044 peccatorum
1623 1975 1929 2042 constricti,
1986 1977 2223 2030 maxime

2213 1993 2223 2029 ι
2327 1981 2666 2051 γενήσονται.
2706 1970 2865 2031 Οὗτοι
2896 1975 2941 2027 δ’
2976 1974 3043 2027 ἂν
3090 1968 3200 2025 εἷεν
3240 1972 3291 2024 οἱ
3336 1969 3431 2041 τὴν
3470 1968 3679 2037 ἄφυκτον
3712 1961 3814 2031 6:16--

640 2076 773 2118 vero
804 2063 1034 2117 aliorum
1064 2064 1419 2134 subjicientur
1448 2063 1731 2134 supplicio,
1768 2064 1966 2133 inquit,
2025 2064 2226 2129 expiati

2213 2064 2226 2118 i
2335 2091 2487 2145 μενοι
2515 2072 2693 2141 δίκην,
2725 2070 2820 2123 καὶ
2852 2071 2931 2131 εἰς
2965 2065 3230 2121 ἄσϐεστον
3260 2063 3539 2135 τρέχοντες
3576 2058 3732 2127 φλόγα,
3755 2053 3814 2106 καὶ

641 2165 699 2210 ει
728 2157 937 2225 purgati
984 2157 1037 2210 in
1063 2157 1255 2221 hortis,
1290 2157 1341 2211 id
1374 2166 1478 2222 est,
1518 2157 1827 2227 rejicientes
1888 2156 2217 2227 redemptis-

2215 2187 2217 2196 ι
2327 2166 2535 2236 σειραῖς
2567 2161 2677 2216 τῶν
2723 2161 2869 2214 ἰδίων
2912 2156 3403 2228 πλημμελημάτων
3436 2149 3816 2220 κατεσφιγμένον

644 2263 767 2304 nem
808 2264 903 2319 per
938 2247 1254 2318 iChristum,
1286 2258 1343 2301 et
1400 2257 1808 2303 contemnentes
1857 2250 2086 2318 gratiam
2134 2262 2228 2317 per

2217 2262 2228 2278 '
2328 2254 2562 2325 μάλιστα
2618 2252 2676 2305 δὲ
2722 2251 2834 2304 τῶν
2884 2250 3057 2305 ἄλλων
3120 2247 3569 2318 ύπενεχθήσονται
3621 2246 3678 2311 τῇ
3716 2240 3818 2307 δίκῃ.

643 2352 1049 2395 sacrosanctum
1110 2341 1424 2410 baptisma,
1483 2355 1602 2408 qua:
1650 2340 1913 2409 justiticat
1974 2340 2221 2408 impium,

2329 2348 2522 2416 φησὶν,
2571 2347 2620 2398 oi
2670 2342 3013 2413 ἁγνιζόμενοι
3057 2342 3152 2396 καὶ
3201 2339 3611 2410 καθαριζύμενοι
3649 2336 3713 2396 είς
3740 2333 3822 2391 τοὺς

641 2431 898 2500 omnique
957 2439 1137 2484 errato
1199 2429 1436 2483 absolvit
1488 2430 1727 2499 peccatis
1785 2439 2211 2499 eonspurcatos,

2326 2438 2559 2507 κήπους,
2607 2434 2921 2501 τουτέστιν,
2978 2433 3029 2484 οἱ
3078 2430 3470 2501 παρωσάμενοι
3519 2427 3607 2496 μὲν
3649 2422 3730 2492 τήν
3769 2419 3824 2471 διὰ

644 2531 892 2576 amantes
938 2521 1168 2590 denique
1236 2522 1289 2575 in
1341 2532 1529 2575 errore
1581 2522 1759 2590 potius
1797 2531 1852 2576 et
1912 2522 2219 2592 ignorantia

2325 2525 2563 2598 Χριστοῦ
2592 2525 2881 2596 λύτρωσιν,
2907 2524 3001 2578 καὶ
3031 2524 3131 2593 τὴν
3160 2521 3251 2574 διά
3280 2519 3378 2573 τοῦ
3416 2519 3567 2587 ἁγίου
3593 2512 3826 2585 βαπτίσμα-

644 2615 871 2679 versari,
900 2622 954 2669 et
984 2630 1090 2669 non
1124 2613 1255 2669 deos
1320 2615 1567 2681 adorare,
1618 2614 1709 2683 qui
1757 2614 1921 2669 etiam
1974 2615 2055 2669 usi
2103 2622 2227 2669 sunt

2324 2636 2416 2682 τες
2444 2619 2809 2690 ἀτιμάσαντες
2834 2617 3013 2687 χάριν,
3068 2612 3393 2668 δικαιοῦσαν
3440 2611 3529 2663 τὸν
3567 2606 3730 2674 ἀσεὸἧ.
3770 2602 3828 2653 καὶ

644 2709 1054 2763 lustrationibus
1124 2707 1351 2777 impuris
1428 2716 1482 2762 et
1541 2707 1855 2763 immundis.
1926 2708 2226 2777 Expiantnr

2326 2709 2526 2771 παντὸς
2558 2708 2884 2778 αίτιάματος
2911 2706 3367 2760 ἀπαλλάττουσαν
3413 2704 3536 2766 τοὺς
3575 2702 3680 2761 ταῖς
3709 2697 3830 2764 ἁμαρ-

642 2802 875 2853 enimut
926 2798 1259 2863 existimant,
1313 2810 1435 2851 cum
1489 2810 1617 2864 erga
1667 2797 1870 2866 seipsos
1921 2794 2221 2864 falluntur;

2325 2800 2469 2863 τίαις
2501 2799 2943 2869 μεμολυσμένους
2968 2816 2985 2852 τ
3016 2797 3410 2867 ἀγαπήσαντες
3436 2795 3496 2848 δὲ
3526 2792 3703 2863 μᾶλλον
3733 2788 3777 2838 τί
3799 2788 3832 2835 ἐν

642 2892 727 2946 vel
756 2890 900 2945 enim
928 2889 1356 2960 aspergebantur
1380 2889 1555 2957 aquis,
1593 2887 1677 2942 vel
1704 2888 1854 2943 taces
1878 2890 2058 2958 igneas
2106 2900 2225 2943 tan-

2325 2893 2503 2965 πλάνῃ
2581 2891 2674 2944 καὶ
2715 2890 2907 2962 ἀγνοίᾳ
2952 2893 3300 2961 περιπατεῖν,
3348 2889 3448 2941 καὶ
3482 2887 3615 2947 θεοῖς
3646 2884 3739 2944 τοῖς
3772 2879 3835 2930 θὶι

644 2999 803 3053 quam
834 2984 886 3037 in
919 2983 1107 3037 orbem
1137 2980 1604 3047 circumferentes,
1644 2982 1854 3033 animas
1889 2995 2016 3035 suas
2068 2980 2224 3034 vitio-

2325 2980 2445 3038 οῦσι
2473 2986 2818 3055 προσκυνεῖν,
2871 2983 2920 3036 οἳ
2958 2984 3053 3036 καὶ
3093 2984 3401 3053 κέχρηνται
3446 2976 3838 3050 περιρραντηρίως

643 3090 764 3128 rum
802 3072 1230 3142 inquinamentis
1265 3070 1496 3125 faedatas
1519 3070 1838 3139 abstergere
1862 3084 1924 3124 se
1940 3070 2219 3139 putabant.

2325 3074 2653 3145 ἀκαθάρτοις
2695 3076 2789 3128 καὶ
2824 3076 3112 3146 ῥυπαροῖς.
3164 3072 3620 3144 Περιαγνίζονται
3656 3069 3761 3138 γὰρ,
3791 3065 3838 3125 ὡς

642 3168 799 3234 Quod
861 3175 1042 3220 autem
1112 3163 1429 3219 munditiem
1478 3177 1693 3217 omnem
1754 3176 1818 3217 ac
1897 3162 2218 3230 probitatem

2326 3170 2455 3239 γοῦν
2485 3172 2709 3236 οἴονται,
2746 3171 2886 3225 κατά
2915 3172 3056 3237 σφᾶς
3085 3170 3285 3232 αύτούς
3320 3168 3627 3228 πλανῶντες
3658 3162 3733 3215 καὶ
3756 3159 3843 3210 πλι-

643 3274 868 3330 prorsus
891 3255 1255 3328 neglexerint,
1288 3265 1342 3309 et
1402 3269 1468 3309 ne
1506 3257 1736 3309 humana
1789 3255 2003 3322 quidem
2045 3264 2221 3310 mente

2250 3272 2292 3329 ο
2326 3263 2578 3333 νώμενοι.
2616 3264 2688 3315 Ἦ
2716 3265 2824 3333 γὰρ
2867 3261 3021 3314 ὕδασι
3062 3262 3521 3331 κατεῤῥαίνοντο,
3556 3260 3703 3329 ἤγουν
3730 3252 3842 3321 δᾷδας

642 3350 853 3419 praediti
903 3347 1126 3413 fuerint,
1181 3347 1275 3401 sed
1338 3345 1603 3414 jumentis
1654 3345 2042 3413 insipientibus
2090 3346 2224 3399 assi-

2327 3357 2438 3426 πῦρ
2473 3356 2914 3428 περιενεγκόντες
2949 3353 3155 3423 κύκλῳ,
3205 3354 3550 3423 διασμήχειν
3581 3349 3671 3410 τὰς
3704 3340 3847 3398 ἑαυτῶν

646 3443 820 3506 miles,
849 3441 1106 3503 ostendit,
1129 3454 1251 3493 cum
1278 3438 1445 3492 dicit:
1473 3436 1776 3505 Expiantur
1807 3438 1859 3490 in
1919 3438 2114 3503 hortis,
2171 3436 2223 3491 id

2324 3448 2503 3519 ψυχὰς
2534 3448 2639 3500 τῶν
2672 3449 2736 3500 ὲκ
2766 3444 3100 3515 φαυλότητος
3129 3445 3427 3515 λογισμῶν
3458 3442 3571 3515 [σί.
3596 3428 3849 3511 μολυσμιῖιη

646 3543 754 3602 est,
795 3534 849 3587 in
881 3531 1204 3586 nemoribus
1243 3529 1328 3583 vel
1348 3529 1523 3592 silvis,
1554 3530 1653 3583 sub
1672 3542 1874 3597 quercu
1932 3538 1986 3582 et
2030 3527 2224 3597 populo

2325 3538 2514 3608 ᾤοντο.
2557 3539 2680 3592 Ὀτι
2734 3537 2788 3589 δὲ
2836 3537 3192 3606 κοσμιότητος
3246 3536 3353 3587 καὶ
3408 3531 3699 3589 ἐπιεικείας
3736 3522 3853 3579 οὐδείς

644 3638 701 3681 ει
740 3626 935 3680 arbore
994 3626 1270 3678 umbrosa.
1325 3620 1763 3675 Exstruebantur
1828 3634 2060 3688 namque
2116 3619 2224 3673 illic

2325 3632 2443 3683 ἐστι
2472 3630 2751 3692 παντελῶς
2777 3629 2928 3699 παρά
2960 3644 3023 3695 γε
3051 3628 3165 3690 τοῖς
3200 3627 3487 3689 τοιούτοις
3524 3626 3553 3676 ὁ
3593 3622 3749 3688 λόγος,

646 3720 715 3775 ab
744 3718 873 3789 ipsis
935 3731 1045 3771 ara:
1065 3724 1119 3771 et
1171 3714 1393 3770 delubra
1436 3714 1789 3779 daemonibus,
1833 3714 1886 3767 in
1946 3714 2223 3767 vestibulis

2324 3723 2445 3776 οὐδὲ
2491 3722 2614 3785 νοῦς
2660 3719 3166 3790 ἀνθρωποπρεπὴς,
3220 3712 3777 3788 παρασυνεῶιήθησαν
3822 3702 3855 3752 δε

646 3820 826 3865 autem
884 3809 1234 3865 delubrorum
1290 3807 1544 3861 carnibus
1616 3806 1791 3861 suillis
1846 3806 2218 3860 vescebantur.

2328 3815 2527 3885 μᾶλλον
2583 3817 2695 3875 τοῖς
2748 3816 2970 3884 κτήνεσι
3027 3813 3138 3873 τοῖς
3210 3810 3508 3879 ἀνοήτοις,
3578 3800 3854 3885 διαδείκνυσίί

646 3906 800 3972 Quod
831 3903 1044 3972 quidem
1067 3910 1445 3971 argumentum
1467 3908 1553 3953 est
1594 3899 1844 3953 luxuriae.
1909 3900 2223 3953 Adorabant

2324 3883 2515 3969 εἰπὼν,
2547 3905 2628 3957 ὅτι
2672 3904 2981 3972 ἀγνίζονται
3021 3901 3119 3971 μὲν
3159 3901 3219 3953 ὲν
3251 3901 3495 3968 κήποις,
3535 3893 3795 3949 τουτέστιν,
3829 3883 3862 3931 έν

649 3997 1078 4051 abominationes
1120 4002 1174 4049 et
1220 4007 1448 4047 murem.
1475 3991 1554 4046 Eo
1608 3995 1751 4046 enim
1786 3992 2029 4046 stultitiae
2086 3990 2221 4060 lapsi

2326 4001 2439 4061 τοῖς
2493 3997 2735 4059 ἄλσεσιν,
2770 3997 2938 4066 ήγούν
2981 3994 3247 4065 δρυμοῖς,
3300 3990 3579 4043 ὑποκάτω
3628 3982 3763 4054 δρυὸς
3805 3972 3861 4026 κλλ

644 4099 805 4144 erant
840 4085 1206 4157 superstitiosi
1226 4085 1453 4153 aliquot,
1477 4093 1534 4137 ut
1563 4085 1727 4138 etiam
1762 4083 1990 4136 murium
2018 4091 2221 4136 statuas

2320 4088 2537 4158 λεύκης,
2580 4088 2673 4140 καὶ
2701 4087 2914 4157 δένδρου
2963 4084 3390 4147 συσκιάζοντος.
3454 4076 3859 4158 Ἐξῳκοωμηντῖί

645 4198 708 4236 ac
738 4154 940 4249 figuras
965 4180 1249 4235 baberent.
1327 4177 1433 4231 Sed
1466 4176 1517 4230 hi
1547 4188 1754 4240 omnes,
1816 4173 2009 4241 inquit,
2061 4171 2221 4227 simul

2321 4179 2431 4249 γὰρ
2457 4154 2587 4249 παρ’
2608 4177 2786 4230 αὐτῶν
2821 4154 3016 4230 αὐτόσε
3062 4175 3241 4247 βωμοὶ
3289 4176 3397 4229 καὶ
3437 4172 3647 4243 τεμένη
3673 4166 3767 4226 τοῖς
3794 4154 3865 4208 δαί.

645 4290 811 4330 consu
822 4282 1053 4338 mentur,
1074 4271 1126 4326 id
1148 4268 1604 4340 est,pariter:cum
1630 4266 1817 4319 lsraeli
1835 4266 2013 4335 tis;qui
2033 4266 2220 4320 inobe-

2325 4288 2503 4342 μοσιν,
2545 4271 2605 4323 ἐν
2645 4270 2702 4322 δὲ
2744 4273 2858 4331 τοῖς
2917 4267 3213 4339 προθύροις
3270 4267 3398 4321 τῶν
3462 4260 3705 4335 τεμενῶν
3746 4250 3871 4323 {latim

645 4366 857 4419 dientes
902 4360 1144 4417 fuerunt.
1203 4362 1415 4416 Etenim
1450 4376 1469 4410 ι
1508 4357 1620 4429 Ego
1642 4358 1762 4411 novi
1793 4372 1956 4425 opera
2008 4372 2215 4423 eorum,

2321 4363 2490 4433 κρέας
2514 4362 2679 4416 ῦειον.
2734 4361 3033 4427 Ἀπόδειξις
3061 4360 3117 4414 δὲ
3147 4361 3248 4413 καὶ
3282 4359 3465 4413 τοῦτο
3491 4354 3717 4429 τρύσῆς.
3754 4347 3869 4433 Heri?

643 4467 699 4512 et
726 4455 1113 4526 cogitationem
1146 4466 1354 4508 eorum.
1395 4468 1415 4502 ι
1468 4450 1858 4519 Cogitationem
1887 4450 2012 4503 dicit
2056 4449 2220 4502 ratio-

2321 4430 2548 4507 εκύνουν
2581 4454 2638 4507 δὲ
2668 4456 2764 4507 καὶ⁵
2816 4453 2884 4507 τά
2919 4454 3273 4525 βδελύγματα
3330 4452 3439 4505 καὶ
3487 4451 3582 4503 τὸν
3633 4443 3746 4517 μῦν.
3780 4430 3874 4490 Καῗί

644 4550 807 4613 cinia,
857 4561 977 4618 qua:
998 4546 1190 4608 secuti,
1217 4544 1358 4599 foeda
1389 4544 1501 4596 litec
1561 4540 1799 4596 facinora
1848 4542 2211 4596 invenerunt:

2271 4607 2287 4618 ι
2325 4547 2499 4599 ίκοντο
2526 4546 2634 4617 γὰρ
2668 4547 2796 4611 ἴσως
2814 4549 2893 4611 εἰς
2931 4546 3091 4600 τοῦτο
3135 4542 3603 4617 φρενοϐλαϐείας
3638 4536 3737 4590 τῶν

644 4643 786 4696 unde
826 4642 939 4695 ista:
991 4639 1153 4693 etiam
1199 4635 1631 4689 abominationes
1692 4634 2048 4702 irrepserunt,
2094 4647 2217 4687 cum

2277 4605 2791 4708 ’δαιμόνων-τινὲς,
2818 4605 2894 4702 ὡς
2932 4639 3025 4691 καλ¹
3075 4605 3232 4708 tto-Civ
3283 4636 3452 4708 ἔχειν
3486 4636 3549 4687 ὲν
3590 4631 3763 4701 animi;
3790 4616 3878 4689 3595'

646 4746 807 4784 unum
834 4739 1023 4783 natura
1054 4738 1108 4781 et
1140 4741 1264 4781 vere
1313 4724 1479 4778 Deum
1506 4724 1683 4778 colere
1709 4723 2057 4793 oportuisset.

2330 4730 2475 4797 ματά
2502 4747 2561 4782 τε
2595 4729 2690 4782 καῖ¹
2716 4729 2943 4792 τύπους.
2979 4728 3119 4781 Ἀλλ’
3142 4722 3303 4782 οὗτοι
3345 4728 3593 4789 πάντες,
3624 4717 3801 4791 ίφησὶνι
3824 4711 3875 4758 ἐπ’

644 4822 704 4874 τὸ
750 4821 881 4873 αὐτὸ
925 4817 1387 4886 ἀναλωθήσονται,
1429 4814 1918 4885 τουτέστιν,;ὁμοῦ
1985 4817 2098 4878 τοῖς
2147 4817 2510 4890 ἀπειθήσασιν
2564 4821 2622 4885 ἐξ
2692 4820 2943 4891 Ἰσραήλο
2976 4837 2995 4871 ι
3049 4817 3195 4888 Ἐγὼ
3245 4818 3375 4889 γὰρ
3442 4820 3627 4885 ἔγνων
3694 4809 3755 4863 τὰ
3799 4803 3883 4871 ερῖί

643 4914 823 4967 αὐτῶν
854 4914 949 4966 καὶ
975 4913 1065 4964 τὸν
1116 4911 1375 4981 λογισμὸν
1399 4910 1598 4964 αὐτῶν.
1627 4929 1645 4962 ι
1690 4910 1964 4982 Δογισμὸν
1998 4911 2054 4963 δέ
2088 4930 2221 4984 φησι
2293 4915 2391 4980 τάς
2430 4915 2770 4987 ἐνθυμήσεις,
2804 4910 2891 4979 αἶς
2948 4913 3455 4985 ἀκολουθήσαντες
3480 4907 3723 4982 αξσχρῶν
3752 4906 3879 4962 ἐπιχεῖ

648 5010 906 5081 ρημάτων
935 5008 1220 5076 γεγόνασιν
1252 5006 1493 5077 εὑρεταὶ,
1522 5007 1588 5059 δι’
1617 5000 1691 5059 ὧν
1732 5008 1913 5069 αὐτοῖς
1943 5008 2036 5059 καὶ
2090 5011 2123 5078 ή
2184 5008 2290 5062 τῶν
2331 5011 2714 5082 βδελυγμάτων
2755 5013 2978 5081 γέγονεν
3019 5010 3285 5081 εἰσφορὰ,
3341 5010 3547 5063 καίτοι
3595 5007 3711 5059 δέον
3756 4999 3819 5052 ἑνὶ
3846 5009 3885 5053 τι

646 5106 806 5176 φύσει
854 5104 948 5156 καὶ
980 5102 1193 5172 ἀληθῶς
1219 5102 1500 5172 λατρεύειν
1529 5101 1669 5172 Θεῷ.

718 5195 877 5251 Vens.
916 5194 1099 5261 18,19.
1142 5190 1301 5246 Venio
1333 5202 1715 5263 utcongregem
1745 5211 1919 5248 omnes
1948 5206 2122 5265 gentes
2172 5206 2219 5249 et

2401 5196 2679 5265 Ἔρχομαι
2717 5193 3083 5263 συναγαγεῖν
3117 5192 3344 5247 πάντα
3380 5194 3463 5248 τὰ
3507 5195 3679 5258 ἔθνη,
3714 5186 3797 5240 καὶ
3830 5182 3891 5239 τὰς

645 5290 873 5361 linguas.
903 5286 970 5339 Et
1016 5286 1241 5349 venient,
1295 5303 1356 5338 ac
1381 5285 1627 5338 videbunt
1654 5286 1879 5355 gloriam
1916 5304 2087 5340 meam
2113 5301 2131 5338 :
2180 5297 2228 5341 et

2325 5288 2627 5358 γλώσσας.
2667 5287 2778 5341 Καὶ
2814 5286 3056 5353 ἥξουσι,
3115 5287 3216 5339 καὶ
3276 5287 3572 5354 ὄψονται
3618 5282 3728 5349 τὴν
3765 5274 3888 5335 δέξέπ

644 5360 905 5436 dimittam
954 5395 1109 5447 super
1166 5394 1251 5432 eos
1285 5380 1526 5447 signum:
1588 5377 1749 5447 917
1778 5390 1824 5432 et
1883 5381 2116 5432 emittam
2164 5397 2227 5433 ea:

2318 5399 2457 5449 μου,
2518 5379 2618 5433 καὶ
2683 5379 3027 5447 καταλείψω
3074 5378 3165 5430 ἐπ’
3229 5379 3500 5445 αὐτοὺς
3560 5372 3798 5444 σημεῖα.
3839 5380 3894 5414 ιθ*

648 5474 760 5527 illis
791 5474 881 5541 qui
916 5472 1106 5524 saluati
1157 5470 1349 5539 fuerint
1382 5473 1451 5522 ad
1486 5481 1682 5537 gentes,
1716 5480 1765 5527 et
1810 5472 1877 5523 ad
1919 5472 2151 5535 Tharsis,
2176 5485 2225 5527 et

2320 5467 2709 5536 ἐξαποστελῶ
2736 5469 2805 5533 ἐξ
2831 5467 3031 5523 αὐτῶν
3068 5469 3559 5537 σεσωσμένους
3585 5470 3675 5532 εἰς
3698 5464 3763 5517 τὰ
3785 5458 3894 5513 tm.

645 5565 698 5616 in
729 5564 903 5626 Phud,
930 5562 1065 5623 Lud,
1100 5561 1332 5628 Mosoch,
1383 5573 1431 5616 et
1482 5561 1691 5628 Thobel,
1754 5575 1798 5617 ct
1836 5565 1889 5615 in
1940 5563 2218 5629 Graeciam,

2320 5566 2415 5619 καὶ
2441 5567 2526 5630 εὶς
2547 5562 2817 5632 Θαρσεῖς,
2851 5562 2949 5615 καὶ
2992 5562 3169 5625 Φοὺδ,
3192 5563 3317 5615 καὶ
3348 5564 3539 5617 Λοὺδ
3560 5604 3575 5624 ,
3611 5561 3708 5614 καὶ.
3735 5550 3900 5611 Mod;

644 5666 691 5705 et
738 5655 939 5708 imula;
966 5666 1208 5716 remotas,
1234 5656 1321 5723 qui
1356 5671 1457 5706 non
1477 5654 1756 5707 audierunt
1785 5671 1967 5708 nomen
2022 5671 2215 5720 meum,

2321 5658 2416 5711 καὶ
2451 5655 2655 5723 Θοὸὲλ,
2692 5655 2790 5710 καὶ
2813 5657 2898 5721 εἰς
2943 5654 3055 5724 τὴν
3100 5652 3435 5719 Ἐλλάδα,
3476 5655 3584 5708 καὶ
3616 5655 3702 5719 είς
3727 5648 3814 5712 τὰς
3836 5636 3900 5701 πὶ·

715 5825 763 5858 ³⁹
782 5826 928 5884 Plal.
959 5829 1237 5894 u\'tt,18.
1318 5829 1354 5859 ¹¹
1391 5826 1577 5881 Matlli.
1617 5845 1739 5892 xxv,
1774 5829 1860 5881 41.
