4054 6376
323 379 457 436 1445

1413 378 1479 432 IN
1521 377 1753 433 ISAIAB‘I
1794 378 1921 434 LIB.
1966 379 2029 434 V.
2073 377 2307 437 TOMUS
2345 381 2429 437 VI.

3425 387 3558 446 1446

320 514 469 564 σους
497 496 602 565 τὰς
630 499 842 566 πεῇἳρω,
880 499 934 550 οἳ
968 501 1075 552 οὐκ
1105 500 1406 567 ἀκηκόασί
1430 519 1551 569 μου
1580 502 1648 553 τὸ
1687 502 1871 570 ὄνομα

2000 520 2158 572 neque
2192 506 2427 557 viderunt
2464 504 2685 573 gloriam
2718 520 2904 568 meam,
2934 507 3417 576 annuntiabuntqne
3439 508 3553 577 glo-

320 590 458 643 οὺδὲ
500 589 792 657 ἑωράκασι
834 590 948 657 τὴν
976 591 1163 655 δόξαν
1184 610 1324 659 μου,
1358 594 1453 644 καί
1486 594 1889 664 ἀναγγελοῦσὶ

313 699 413 750 μοι
442 681 557 749 τὴν
579 680 769 746 δόξαν
792 683 863 735 ἐν
888 682 1011 749 τοῖς
1047 685 1304 738 ἔθνεσιν.

412 772 893 842 Ανακεφαλαίωσιν
935 774 1120 845 ὥσπερ
1162 775 1283 828 τινὰ
1318 775 1411 828 τοῦ
1461 776 1658 839 παντὸς
1703 776 1880 845 λόγου,

318 865 406 915 καὶ
440 864 655 932 ἁπάσης
702 867 1039 935 προφητείας
1081 867 1167 920 διὰ
1206 868 1433 920 τουτωνὶ
1472 872 1705 921 ποιεῖται
1752 871 1885 940 Χρι-

318 955 457 1017 στὸς,
490 957 581 1007 καὶ
608 955 682 1018 ὡς
716 958 773 1009 ὲν
830 956 1054 1029 βραχέσι
1092 959 1185 1011 καὶ
1219 959 1663 1029 συνεσταλμένοις
1703 961 1884 1029 ἀπαγ-

316 1046 490 1115 γέλλει
540 1046 608 1100 ea:
664 1049 758 1101 ἀπ’
810 1049 985 1119 ἀρχῆς
1025 1050 1187 1120 μέχρι
1228 1050 1435 1114 τέλους,
1468 1052 1562 1104 καὶ
1606 1051 1703 1121 τῆς
1745 1051 1884 1122 μετὰ

317 1139 514 1209 σαρκὸς
559 1138 870 1208 οἰκονομίας
913 1140 1012 1207 τὴν
1056 1141 1301 1211 δύναμιν,
1355 1144 1731 1213 Διαμέμνηται
1776 1144 1882 1215 γὰρ

311 1232 403 1282 καὶ
435 1230 532 1299 τῆς
555 1228 800 1300 κλήσεως
823 1230 931 1282 τῶν
961 1230 1147 1296 ἐθνῶν,
1178 1234 1270 1284 καὶ
1296 1234 1395 1303 τῆς
1418 1235 1525 1286 τῶν
1550 1236 1719 1303 ἁγίων
1748 1237 1882 1307 ἀπο-

314 1321 513 1374 στόλων
555 1321 892 1387 ἀναδείξεως,
939 1325 1031 1376 καὶ
1063 1325 1143 1377 ὅτι
1182 1326 1687 1398 προσκυνηοήσεται
1730 1329 1881 1398 παρὰ

312 1413 490 1484 πάσης
521 1415 619 1484 τῆς
649 1415 738 1465 ὑπ’
761 1414 1007 1484 οὐρανόν.
1057 1416 1114 1467 Ὀ
1142 1417 1239 1485 μὲν
1268 1417 1375 1488 γὰρ
1411 1418 1577 1471 πάλαι
1607 1419 1788 1487 νόμος,
1822 1418 1880 1471 ἓν

310 1499 400 1551 καὶ
432 1499 589 1568 μόνον
615 1503 920 1571 συνήγαγεν
937 1502 1274 1573 ἕθνος,δῆλον
1297 1504 1351 1557 δὲ
1370 1506 1451 1558 ὅτι
1470 1507 1528 1559 τὸ
1553 1508 1611 1571 ἐξ
1640 1508 1876 1577 Ἰσραὴλ,

309 1591 401 1644 καὶ
436 1592 565 1661 μίαν
594 1593 817 1646 ἐκάλεσε
849 1593 1120 1662 γλῶσσαν.
1154 1594 1213 1649 ’0
1254 1595 1311 1649 δὲ
1340 1598 1542 1667 Κύριος
1581 1599 1738 1668 ήμῶν
1777 1600 1879 1667 ’1η-

309 1682 432 1746 σοῦς
464 1684 695 1754 Χριστὸς
740 1685 861 1754 οὐχὶ
906 1686 1086 1756 μόνοις
1132 1690 1245 1750 τοῖς
1276 1688 1334 1753 ἐξ
1372 1689 1601 1759 αἵματος
1639 1691 1872 1762 Ἰσραὴλ,

305 1775 402 1842 τῆς
424 1776 568 1845 μετὰ
605 1775 801 1846 σαρκὸς
834 1778 1140 1847 οἰκονομίας
1171 1779 1269 1849 τὴν
1312 1779 1540 1850 δύναμιν
1571 1782 1872 1852 ἐχαρίζετο,

1996 595 2127 645 riam
2161 610 2327 646 meam
2350 595 2485 646 inter
2499 603 2695 662 gentes.

2056 768 2527 836 Anaccphalacosin
2570 770 2857 839 quamdam
2888 770 3037 824 hisce
3090 773 3271 827 verbis
3306 772 3435 829 facit
3473 784 3554 829 to-

1986 857 2092 912 tius
2141 862 2404 915 orationis
2460 871 2515 914 et
2561 863 2724 916 tutius
2766 863 3061 931 prophetia:
3118 864 3364 920 Christus
3420 886 3434 922 :
3499 876 3555 923 et

1984 950 2220 1004 breviter
2250 952 2511 1022 quasique
2542 953 2813 1007 succincte
2839 969 2959 1023 qua:
2985 956 3052 1007 ab
3102 954 3255 1009 initio
3282 957 3345 1010 ad
3394 959 3551 1012 linem
3578 988 3591 1033 ι

1984 1055 2152 1110 usque
2200 1040 2341 1095 facta
2395 1051 2539 1106 sunt,
2611 1046 2971 1113 virtutemque
3022 1044 3440 1114 dispensationis
3496 1039 3585 1101 in"

1983 1146 2145 1187 carne
2171 1134 2404 1202 expedit.
2439 1134 2839 1188 Commemorat
2891 1136 3035 1189 enim
3098 1146 3151 1190 et
3212 1139 3551 1193 vocationem

1982 1225 2217 1293 gentium
2258 1236 2310 1279 et
2334 1237 2645 1280 sanctorum
2691 1226 3058 1296 apostolorum
3106 1228 3547 1297 patelactiouem,

1981 1325 2034 1367 et
2076 1318 2215 1383 quod
2271 1318 2338 1371 ab
2398 1319 2649 1372 universo
2702 1328 2969 1373 terrarum
3021 1322 3153 1375 orbe
3213 1319 3547 1376 adorabitur.

1984 1404 2147 1460 Vetus
2176 1407 2318 1459 enim
2348 1406 2432 1460 lex
2458 1425 2616 1463 unam
2641 1410 2808 1464 solam
2840 1421 3077 1482 gentem,
3100 1413 3353 1468 nimirum
3378 1414 3551 1469 Israe-

1980 1494 2179 1551 liticam
2202 1500 2566 1569 congregavit,
2604 1512 2836 1555 etunam
2865 1503 3100 1573 linguam
3141 1506 3379 1560 vocavit.
3439 1506 3543 1562 Do-

1980 1585 2154 1639 minus
2176 1595 2353 1640 autem
2379 1597 2561 1642 noster
2587 1588 2743 1644 Jesus
2769 1591 3019 1646 Christus
3067 1608 3171 1647 non
3206 1594 3339 1650 solis
3373 1594 3547 1651 Israe-

1978 1676 2124 1731 litico
2145 1680 2405 1748 sanguine
2426 1681 2559 1735 ortis
2582 1681 2835 1737 virtutem
2861 1683 3285 1753 dispensationis
3320 1687 3372 1740 in
3426 1703 3547 1741 car-

1980 1783 2046 1822 ne
2073 1769 2356 1837 impertiit,
2384 1772 2478 1825 sed
2517 1775 2660 1825 omni
2688 1785 2742 1826 et
2762 1775 2905 1842 genti
2930 1786 2987 1829 et
3026 1776 3239 1843 lingua.
3264 1778 3544 1846 Siquidem

305 1866 442 1919 ἁλλὰ
484 1866 588 1936 γὰρ
630 1867 770 1920 ἔθνει
803 1869 964 1920 παντὶ
1012 1870 1104 1920 καὶ
1140 1869 1375 1932 ἁπάσαις
1405 1869 1698 1937 γλώσσαις.
1733 1873 1873 1941 Ἔφη

1981 1861 2114 1914 dixit
2144 1878 2243 1931 per
2299 1863 2469 1934 lyram
2519 1864 2843 1922 Psallentis:
2907 1887 2925 1919 ι
2954 1870 3149 1924 Audite
3198 1872 3330 1936 haec,
3356 1886 3545 1928 omnes

304 1958 433 2025 γοῦν
478 1957 566 2009 διὰ
621 1959 719 2028 τῆς
764 1959 856 2012 τοῦ
904 1959 1210 2023 Ψάλλοντος
1248 1960 1447 2030 λύρας·
1497 1976 1519 2013 ε
1585 1961 1874 2015 Ἀκούσατε

306 2047 500 2113 ταῦτα,
526 2048 705 2102 πάντα
735 2050 801 2101 τὰ
822 2050 948 2120 ἔθνη
971 2066 984 2079 ο
1017 2051 1363 2113 ἐνωτίσασθε,
1389 2052 1587 2116 πάντες
1620 2055 1667 2105 οί
1698 2071 1877 2106 κατοι-

304 2139 525 2202 κοῦντες
549 2140 647 2211 τὴν
685 2141 1007 2211 οἰκουμένην
1032 2158 1044 2171 ·
1084 2160 1103 2191 ι
1141 2141 1335 2194 οὐκοῦν
1355 2142 1600 2206 ἅπαντας
1631 2144 1729 2213 μὲν
1752 2161 1875 2197 συν-

307 2228 437 2293 άξω,
467 2229 629 2299 φησίν
652 2245 665 2259 ο
702 2249 720 2281 ι
753 2231 1001 2297 ’Ἠξουσι,
1033 2232 1125 2283 καὶ
1148 2231 1367 2300 ὄψονται
1390 2232 1488 2302 τὴν
1511 2233 1667 2299 δόξαν
1700 2252 1821 2305 μου.
1847 2254 1866 2289 ι

304 2320 612 2391 Κέκληνται
640 2323 748 2393 γὰρ
766 2322 1119 2386 διὰπίστεως,
1143 2324 1237 2376 καὶ
1255 2325 1303 2375 ot
1329 2324 1456 2378 ποτὲ
1481 2327 1698 2395 μακρὰν
1724 2328 1874 2390 ὄντες

305 2417 591 2483 γεγόνασιν
633 2417 818 2484 ἐγγὺς,
864 2418 955 2468 καὶ
1004 2415 1285 2468 τεθέανται.
1328 2416 1426 2487 τὴν
1472 2416 1628 2481 δόξαν
1667 2419 1829 2472 αὐτοῦ
1856 2438 1869 2451 ’

306 2507 446 2571 πῶς,
485 2506 517 2578 ἢ
554 2507 673 2560 τίνα
701 2506 897 2577 τρόπον
951 2507 1241 2577 Ἀκηκόασι
1266 2507 1373 2578 γὰρ
1404 2508 1491 2561 διὰ
1517 2510 1624 2562 τῶν
1645 2511 1873 2580 εὐαγγε-

299 2599 465 2653 λικῶν
513 2600 903 2670 κηρυγμάτων,
937 2599 1018 2652 ὅτι
1052 2599 1146 2652 καὶ
1182 2601 1428 2670 ίσουργὸς
1460 2603 1552 2654 καὶ
1595 2603 1870 2675 ίσοσθενής

292 2690 417 2743 ¹ἐστι
444 2690 522 2759 τῷ
548 2689 665 2760 Θεῷ
692 2690 786 2743 καὶ
813 2690 1009 2760 Πατρὶ,
1033 2692 1127 2742 καὶ
1155 2690 1261 2742 τῶν
1289 2691 1429 2763 ὑπὲρ
1465 2692 1621 2761 λόγον
1650 2696 1872 2762 γέγονεν

300 2779 684 2850 ἀποτελεστής,
703 2777 842 2834 ὥστε
862 2780 956 2832 καὶ
981 2781 1208 2852 νεκροὺς
1225 2782 1289 2835 ὲκ
1318 2798 1421 2853 μνη
1432 2784 1615 2853 μάτων
1638 2786 1866 2857 ἐγεῖραι,

301 2873 396 2926 καὶ
426 2873 645 2941 τυφλοῖς
682 2874 880 2926 ἐνεῖναι
925 2872 985 2924 τὸ
1017 2873 1154 2941 φῶς,
1190 2873 1351 2946 ἕτερὰ
1396 2881 1455 2927 τε
1490 2875 1625 2946 πρὸς
1662 2877 1871 2940 τούτοις

298 2962 634 3034 ἐργάσασθαι
669 2961 738 3014 τὰ
768 2961 967 3023 παντὸς
1006 2960 1130 3027 ἄξια
1163 2962 1257 3014 καὶ
1308 2963 1485 3031 λόγου,
1521 2966 1614 3017 καὶ
1662 2964 1871 3035 θαύμα-

298 3069 412 3117 τος.
437 3054 642 3122 Ἤγουν
665 3052 785 3106 καθ’
815 3052 1002 3124 ἕτερον
1032 3054 1255 3124 τρόπον’
1288 3053 1571 3109 τεθέανται
1593 3055 1688 3125 τὴν
1716 3056 1869 3123 δόξαν

298 3142 486 3207 αὑτοῦ,
530 3142 1052 3215 μυσταγωγηθέντες
1097 3145 1179 3197 ὅτι
1218 3143 1349 3206 Θεὸς
1377 3140 1445 3215 ἦν
1493 3147 1521 3197 ὁ
1550 3145 1741 3212 Λόγος,
1774 3149 1868 3200 καὶ

298 3204 883 3308 γέγονέίὰνθρῶπόςλ
921 3236 981 3288 οὐ
1011 3204 1120 3306 γὰρ
1155 3237 1295 3289 κατὰ
1330 3204 1457 3301 τους
1499 3204 1782 3302 Ἰουδαίους
1816 3242 1865 3292 oi
1895 3204 1940 3266 C

298 3327 359 3393 ἐξ
394 3326 563 3379 ἐθνῶν
602 3328 891 3397 εἰρήκασιο
928 3344 946 3377 ι
993 3327 1145 3379 Διατί
1182 3328 1245 3379 σὺ
1272 3326 1554 3399 ἄνθρωπος
1578 3327 1654 3380 ὣν
1696 3332 1869 3391 ποιεῖς

298 3418 518 3471 σεαυτὸν
557 3418 726 3482 Θεόν;
782 3438 800 3470 ι
846 3418 1251 3486 Ἐπεγνωκότες
1302 3417 1359 3470 δὲ
1425 3418 1625 3487 μᾶλλον
1675 3419 1734 3471 τὺ
1782 3421 1868 3471 ἐπ’

292 3507 448 3577 αὐτῷ
482 3508 912 3577 μυστήριον,τὰς
944 3508 1093 3577 ἱερὰς
1117 3508 1331 3570 ὲκείνας
1354 3509 1623 3561 ἀναϐοῶσι
1652 3510 1865 3578 φωνάς·

300 3617 321 3649 ι
368 3599 439 3652 Σὺ
465 3596 514 3653 εἱ
539 3601 568 3652 ὁ
589 3599 821 3669 Χριστὸς
849 3601 877 3652 ὁ
910 3599 1035 3661 Υἱὸς
1057 3598 1150 3651 τοῦ
1179 3598 1311 3650 Θεοῦ
1348 3600 1442 3650 τοῦ
1469 3598 1690 3665 ζῶντος,
1730 3619 1749 3651 ι
1776 3602 1870 3653 καὶ

298 3690 406 3759 μὴν
432 3692 649 3742 κάκεῖνο
680 3691 818 3759 πρὸς
852 3689 1024 3757 τούτῳ
1056 3689 1118 3741 τὸ
1158 3689 1247 3741 διὰ
1284 3689 1394 3742 τῶν
1437 3690 1606 3758 ἁγίων
1634 3693 1867 3744 ἀποστό-

294 3782 423 3846 λων,
464 3798 482 3831 ι
536 3780 773 3851 Ἀληθῶς
798 3782 932 3833 θεοῦ
964 3782 1089 3844 Υἱὸς
1117 3778 1186 3834 εἷ.
1225 3801 1243 3833 ι
1283 3782 1532 3837 Τέθειται
1562 3784 1619 3837 δὲ
1658 3784 1751 3837 καὶ
1780 3786 1866 3838 ἐπ’

293 3874 480 3935 αὐτοῖς
522 3874 745 3943 σημεῖον
765 3888 778 3900 '
811 3873 885 3935 ὼς
913 3873 1021 3944 γὰρ
1057 3875 1083 3925 ὁ
1114 3874 1323 3937 Παῦλός
1362 3893 1526 3944 φησιν
1548 3915 1562 3941 ,
1594 3896 1612 3927 ι
1636 3877 1868 3948 Ἐσφρα-

294 3964 563 4034 γίσθημεν
596 3964 673 4034 τῷ
706 3963 976 4033 πνεύματι
1020 3966 1119 4037 τῆς
1152 3966 1597 4036 ἀπολυτρώσεως,
1625 3970 1719 4022 καὶ
1747 3971 1868 4032 ταῖς

293 4057 550 4111 ἁπάντων
601 4055 756 4128 ήμῶν
804 4057 1053 4127 καρδίαις
1109 4058 1461 4130 ὲνεμορφώθη
1502 4060 1737 4131 Χριστὸς
1779 4062 1867 4115 διὰ

299 4149 533 4219 μετοχῆς
547 4149 640 4202 τοῦ
663 4149 817 4217 ἁγίου
841 4148 979 4202 [Iw-:6
989 4167 1173 4219 ματος.
1198 4168 1217 4201 ι
1252 4151 1382 4204 Ἀπὸ
1400 4151 1456 4203 δέ
1472 4168 1535 4219 γε
1550 4152 1658 4205 τῶν
1676 4154 1868 4207 ἀνασε-

298 4240 613 4309 σωσμένων,
640 4241 820 4311 φησὶν,
847 4239 1127 4293 ἀποστελῶ
1147 4242 1227 4304 είς
1259 4241 1327 4295 τὰ
1361 4242 1509 4311 ἔθνη,
1559 4244 1638 4305 εἰς
1680 4242 1866 4297 τούσδε

296 4333 393 4385 καὶ
411 4331 616 4385 τούσδε.
640 4334 809 4403 Ἐθνη
832 4332 888 4385 δὲ
908 4332 1083 4386 ταῦτα
1112 4333 1179 4385 τὰ
1207 4335 1303 4404 μὲν
1334 4336 1413 4398 είς
1438 4335 1696 4407 ἑσπέραν,
1722 4336 1788 4390 τὰ
1809 4338 1866 4391 δὲ

295 4425 379 4486 εἰς
411 4422 514 4493 ήῶ,
546 4441 612 4476 τα
636 4423 689 4476 δὲ
724 4425 815 4477 καὶ
861 4424 921 4476 ὲν
970 4425 1080 4485 τοῖς
1106 4424 1484 4495 βορειοτέροις,
1520 4428 1685 4497 ἤγουν
1726 4429 1869 4483 κατὰ

295 4516 398 4586 τήν
436 4516 703 4586 Ἐλλήνων
741 4516 946 4589 χώραν,
980 4518 1074 4570 καὶ
1120 4520 1198 4580 εἰς
1227 4518 1326 4580 τὰς
1357 4518 1613 4572 ἐπέκεινα
1651 4523 1864 4591 νήσους.
1900 4544 1943 4599 ι)

301 4627 318 4658 ι
345 4608 509 4672 Ἐκεῖ,
530 4607 715 4678 φησὶν,
748 4606 1103 4677 ἁναγγελοῦσι
1121 4608 1217 4678 τὴν
1237 4608 1376 4680 ἐμὴν
1394 4609 1569 4674 δόξαν.
1602 4629 1621 4663 ι
1656 4612 1730 4664 Οὐ
1763 4613 1869 4684 γὰρ

295 4701 653 4769 σεσιγήκασιν
682 4700 729 4752 οί
763 4699 1020 4770 μαθηταὶ,
1056 4700 1381 4771 διεκήρυξαν
1422 4701 1477 4754 δὲ
1507 4703 1781 4773 πανταχοῦ
1809 4704 1869 4757 τὸ

300 4808 319 4839 ι
356 4789 683 4858 Εὑαγγέλιον
712 4790 809 4861 τῆς
842 4790 1135 4861 βασιλείας,
1160 4791 1377 4859 καὶςεῶν
1394 4792 1552 4864 ἱερῶν
1585 4796 1867 4866 κηρυγμά-

291 4895 403 4931 των
435 4879 533 4950 τήν
564 4878 814 4950 δύναμιν.

366 4967 475 5022 Καὶ
503 4967 722 5031 ἄξουσι
770 4969 913 5037 τοὺς
953 4970 1256 5040 ἀδελφοὺς
1305 4971 1470 5041 ὑμῶν
1509 4972 1577 5025 ἐκ
1621 4973 1864 5027 πάντων

288 5055 412 5111 τῶν
456 5056 647 5112 ἐθνῶν
686 5056 877 5129 δῶρον
918 5064 1114 5129 Κυρίῳ
1140 5064 1268 5131 μεθ’
1295 5064 1491 5116 ἵππων
1545 5065 1643 5117 καὶ
1681 5065 1862 5135 ἁρμά-

287 5167 430 5213 των,
460 5150 530 5204 ἐν
573 5150 916 5219 λαμπήναις
963 5153 1224 5221 ἡμιόνων
1254 5155 1405 5223 μετὰ
1436 5155 1744 5221 σκιαδίων,
1776 5158 1862 5221 εἰς

287 5241 408 5308 τὴν
456 5242 634 5311 ἁγίαν
665 5241 845 5295 πόλιν
884 5242 1291 5313 Ἰερουσαλὴμ,
1338 5246 1468 5298 εἷπε
1509 5247 1744 5313 Κύριος,
1780 5247 1861 5312 ὠς

288 5332 369 5384 ἂν
403 5333 763 5404 ἐνέγκαισαν
808 5337 861 5389 οί
890 5336 1005 5390 viai
1044 5336 1288 5404 Ἰσραὴλ
1318 5338 1444 5406 ἐμοὶ
1489 5338 1594 5403 τὰς
1647 5339 1863 5403 θυσίας

287 5424 491 5477 αὐτῶν
526 5428 675 5495 μετὰ
715 5428 973 5497 ψαλμῶν
1003 5431 1090 5493 είς
1134 5428 1239 5482 τὸν
1284 5426 1453 5482 οἷκον
1493 5431 1732 5496 map/0v,
1760 5432 1856 5484 καὶ

287 5515 394 5568 ἀπ’
464 5518 658 5571 αὐτῶν
713 5519 981 5589 λήψομαι
1038 5520 1212 5589 ίερεῖς
1260 5520 1357 5573 καὶ
1406 5523 1678 5587 Λευΐτας,
1728 5519 1859 5575 εἷπε

287 5606 526 5673 Κύριος.

1977 1963 2186 2021 gentes;
2227 1956 2528 2010 auscultate
2577 1972 2764 2012 omnes
2796 1960 2885 2028 qui
2947 1961 3201 2016 habitatis
3247 1963 3538 2017 orbem‘h

1976 2042 2208 2099 Proinde
2253 2062 2462 2113 omnes,
2502 2050 2711 2119 inquit,
2739 2055 3097 2123 congregabo.
3153 2072 3172 2105 ι
3202 2054 3454 2121 Venient,
3488 2065 3543 2111 et

1978 2135 2232 2189 videbunt
2294 2139 2517 2208 gloriam
2578 2157 2771 2197 meam.
2806 2162 2823 2194 ι
2876 2144 3007 2197 Nam
3079 2162 3176 2215 per
3234 2148 3391 2201 ﬁdem
3450 2164 3543 2203 vo-

1976 2226 2079 2279 cati
2141 2239 2302 2295 sunt,
2351 2241 2405 2283 et
2443 2234 2531 2299 qui
2574 2238 2844 2302 quondam
2894 2238 3119 2291 aberant
3169 2240 3375 2307 procul,
3415 2238 3543 2294 facti

1974 2327 2100 2370 sant
2130 2320 2432 2388 propinqui,
2476 2333 2529 2374 et
2566 2326 2911 2394 contemplati
2966 2338 3091 2382 sunt
3144 2330 3366 2398 gloriam
3405 2330 3541 2398 ejus.

1975 2406 2076 2471 Qui
2124 2416 2177 2460 et
2226 2411 2529 2476 quomodo?
2582 2413 2914 2468 Audivernnt
2975 2418 3116 2469 enim
3165 2432 3229 2471 ex
3269 2418 3541 2488 Evangelii

1973 2497 2372 2566 przetlicatioue,
2395 2516 2515 2555 eum
2546 2504 2802 2572 aqualem
2834 2515 2943 2558 tum
2991 2509 3241 2575 Ope-ribus
3285 2519 3393 2563 tum
3449 2526 3543 2580 po-

1974 2588 2138 2641 tentia
2182 2588 2289 2643 Deo
2342 2601 2396 2644 et
2443 2591 2587 2645 Patri
2639 2608 2780 2657 esse,
2837 2608 2891 2650 et
2921 2610 2983 2650 ea
3036 2599 3264 2667 gessiSse
3310 2614 3428 2667 qua:
3455 2614 3545 2653 ex-

1973 2680 2157 2747 plicari
2185 2685 2363 2736 verbis
2394 2700 2498 2738 non
2537 2698 2783 2754 possunt,
2812 2688 2945 2741 adeo
2974 2698 3029 2740 ut
3070 2699 3308 2744 mortuos
3337 2692 3541 2745 excita-

1973 2770 2043 2824 rit
2063 2786 2091 2825 e
2121 2774 2499 2840 monumentis,
2522 2784 2574 2830 et
2597 2777 2753 2831 caecis
2781 2776 2957 2831 hnneu
2995 2780 3301 2845 immiserit,
3328 2782 3538 2851 aliaque

1970 2862 2036 2915 ad
2067 2862 2180 2917 hinc
2207 2872 2458 2932 operatus
2484 2865 2664 2932 fuerit,
2700 2881 2818 2936 quae
2850 2882 2948 2922 nec
2995 2882 3253 2925 enarrare
3295 2886 3393 2926 nec
3444 2874 3542 2925 ad-

1972 2954 2155 3008 mirari
2198 2957 2327 3010 satis
2386 2972 2688 3027 possumus.
2747 2957 2838 3013 Vel
2896 2960 3004 3013 alio
3046 2961 3204 3015 modo
3242 2980 3256 3016 :
3290 2963 3543 3019 viderunt

1970 3046 2192 3115 gloriam
2226 3046 2366 3114 ejus,
2413 3049 2637 3102 instituti
2664 3060 2718 3104 et
2745 3051 2938 3116 edocti,
2974 3051 3138 3106 Deum
3158 3068 3278 3108 esse
3307 3052 3540 3109 Verbum

1971 3146 2025 3190 et
2057 3137 2330 3191 hominem
2361 3154 2480 3193 esse
2504 3139 2727 3195 factum.
2759 3139 2873 3193 Non
2899 3142 3063 3207 enim,
3106 3153 3163 3197 ut
3212 3141 3401 3221 Judaei,
3462 3148 3541 3201 sic

1971 3240 2156 3299 gentes
2185 3230 2469 3285 dixerunt:
2508 3248 2526 3281 ι
2569 3231 2749 3297 Quare
2789 3243 2842 3287 tu
2905 3248 3025 3288 cum
3056 3235 3131 3289 sis
3183 3236 3359 3303 homo,
3408 3238 3541 3293 fauis

1973 3333 2025 3378 te
2064 3325 2238 3393 ipsum
2298 3325 2465 3378 Deum
2489 3324 2628 3379 "‘li
2686 3326 2797 3381 Imo
2853 3343 2972 3381 cum
3024 3330 3369 3397 agnovissent
3425 3332 3542 3400 ejus

1971 3416 2307 3483 mysterium,
2367 3430 2551 3470 sacras
2610 3417 2725 3471 illas
2787 3430 3037 3472 resonant
3086 3436 3320 3474 vocesn
3358 3421 3434 3475 Tu
3481 3437 3539 3476 es

1968 3506 2211 3559 Christus
2241 3505 2405 3559 Filius
2432 3508 2519 3560 Dei
2556 3509 2781 3564 viventis
2809 3510 2907 3563 η.»
2944 3511 3007 3563 Et
3032 3512 3159 3565 illud
3186 3529 3366 3581 porro,
3397 3517 3537 3584 quod

1969 3609 1999 3647 a
2034 3596 2234 3648 sanctis
2263 3596 2520 3664 apostolis
2552 3597 2749 3650 dictum
2813 3609 2937 3653 est:
2974 3619 2993 3650 ι
3049 3600 3185 3656 Vere
3245 3602 3338 3660 Dei
3370 3603 3539 3660 Filius

1969 3698 2027 3737 es
2063 3685 2123 3737 η.
2158 3704 2176 3736 ι
2210 3685 2418 3739 Edituni
2453 3696 2535 3740 est
2560 3702 2772 3756 quoque
2818 3693 3027 3760 signum
3064 3695 3203 3762 apud
3235 3709 3348 3750 eos.
3378 3694 3534 3763 Nam,

1970 3786 2025 3828 ut
2063 3775 2255 3831 Paulus
2276 3778 2393 3831 ait:
2438 3797 2456 3828 ι
2488 3779 2758 3849 Obsignati
2813 3796 2998 3837 sumus
3054 3785 3243 3852 spiritu
3308 3789 3537 3855 promis-

1967 3868 2155 3930 sinitis,
2188 3871 2498 3923 etomnium
2526 3873 2776 3926 cordibus
2804 3874 3099 3942 impressus
3129 3885 3184 3930 et
3215 3877 3536 3934 informatus

1966 3968 2050 4012 est
2080 3960 2325 4014 Christus
2350 3963 2768 4031 participatione
2811 3966 2987 4020 sancti
3039 3968 3276 4037 Spiritus
3306 3970 3373 4025 ".
3406 3989 3425 4023 ι
3456 3972 3536 4026 Ex

1968 4051 2034 4104 iis
2067 4052 2371 4120 qnisalvati
2418 4053 2639 4121 fuerint,
2696 4057 2889 4127 inquit,
2925 4060 3166 4114 emittam
3222 4060 3288 4116 ad
3344 4074 3536 4132 gentes

1969 4144 2103 4197 alias
2138 4156 2296 4213 atque
2322 4146 2476 4201 alias.
2510 4146 2646 4201 Sunt
2672 4151 2812 4202 enim
2866 4162 3053 4219 gentes
3090 4152 3191 4217 has,
3225 4155 3416 4223 partim
3468 4158 3535 4210 ad

1968 4235 2321 4303 occidentem,
2377 4241 2571 4307 partim
2610 4241 2674 4293 ad
2742 4240 3034 4304 orientem,
3064 4242 3232 4313 918
3291 4246 3532 4314 quaedam

1970 4327 2021 4381 in
2051 4328 2219 4398 plagis
2254 4331 2319 4383 ad
2345 4330 2647 4399 aquilonem
2691 4333 3055 4400 vergentibus,
3107 4346 3161 4387 et
3209 4336 3259 4388 in
3314 4336 3535 4404 regione

1968 4416 2278 4472 Cra-corum
2325 4434 2387 4472 ac
2431 4420 2619 4473 insulis
2680 4420 3045 4476 ulterioribus.
3083 4441 3101 4474 ι
3137 4421 3283 4489 Illic,
3334 4424 3529 4494 inquit,

1972 4509 2368 4564 annuntiabunt
2397 4511 2620 4579 gloriam
2653 4527 2879 4566 meam.»
2913 4511 3028 4567 Non
3077 4514 3220 4568 enim
3262 4513 3529 4571 siluerunt

1974 4600 2239 4670 discipuli,
2293 4604 2387 4657 sed
2449 4605 2647 4673 ubique
2671 4602 3019 4674 Evangelium
3050 4607 3198 4677 regni
3246 4615 3301 4662 et
3359 4622 3531 4664 sacrae

1966 4691 2359 4760 praedicationis
2384 4694 2635 4747 virtutem
2689 4697 2916 4762 pracdica
2928 4706 3067 4747 runt.

2033 4974 2193 5030 Vens.
2231 4976 2321 5041 20,
2350 4978 2437 5031 2L
2472 4979 2538 5032 Et
2564 4981 2817 5034 adducent
2855 4982 3047 5051 fratres
3085 4994 3274 5037 vestros
3309 5001 3372 5039 ex
3419 5002 3531 5039 om-

1966 5070 2115 5121 nibus
2147 5070 2382 5138 gentibus
2420 5074 2614 5124 donum
2654 5072 2876 5127 Domino
2924 5091 3038 5126 cum
3066 5077 3230 5143 equis,
3286 5080 3528 5132 curribus

1965 5172 2015 5215 et
2062 5164 2257 5219 lecticis
2310 5167 2592 5231 mulorum,
2654 5184 2771 5221 cum
2823 5171 3142 5225 umbraculis
3195 5174 3248 5225 in
3294 5184 3529 5226 sanctam

1966 5253 2224 5307 civitatem
2279 5254 2595 5324 Jerusalem,
2622 5258 2754 5311 dixit
2788 5257 3080 5313 Dominus:
3111 5263 3261 5324 quasi
3307 5262 3529 5331 afferant

1960 5343 2060 5410 ﬁlii
2122 5343 2293 5399 Israel
2346 5350 2474 5400 mihi
2510 5350 2707 5402 hostias
2745 5366 2869 5404 suas
2905 5368 3021 5404 cum
3067 5352 3281 5419 psalmis
3328 5357 3383 5406 in
3430 5355 3529 5407 do-

1962 5451 2100 5486 mum
2131 5435 2367 5498 Domini,
2398 5450 2444 5491 et
2478 5455 2542 5492 ea:
2567 5442 2639 5493 eis
2659 5458 2862 5495 sumam
2893 5445 3184 5497 sacerdotes
3213 5454 3259 5499 et
3321 5444 3528 5513 levitas,

1959 5526 2089 5580 dixit
2127 5529 2375 5583 Dominus
2394 5574 2405 5585 .

366 5786 409 5817 "
439 5785 575 5839 Psal.
609 5803 790 5853 xu'iu,
821 5790 874 5842 ἓ.
957 5790 1171 5844 "Joau.
1210 5806 1261 5855 ι,
1286 5790 1376 5845 35.
1458 5791 1502 5821 ¹⁵
1540 5778 1729 5844 Matth.
1763 5804 1871 5857 xvn,

1980 5831 1992 5843 .
2073 5792 2113 5825 "
2147 5792 2334 5847 Matth.
2364 5809 2474 5859 le,
2507 5795 2596 5850 53.
2634 5796 2676 5827 ¹⁸
2708 5794 2902 5866 Epltes.
2938 5795 3088 5861 1,13,
3127 5798 3209 5851 Η.
