4054 6376
571 323 707 384 ΗΠ

573 549 749 588 torum
782 532 1141 600 apostolorum
1207 529 1536 596 prscdicatio,
1587 529 1727 595 apud
1753 542 1942 597 gemes
2004 543 2141 598 quas

575 626 829 688 diximus,
858 608 912 677 et
946 623 998 676 in
1030 635 1216 674 earum
1255 620 1587 688 regionibus,
1625 620 1708 673 his
1728 620 1906 674 verbis
1932 622 2151 673 demon-

574 727 730 770 strat:
773 733 792 766 ι
836 715 1054 767 Vestras
1104 712 1274 770 enim.
1326 710 1557 774 fratres,
1608 712 1779 780 inquit
1825 714 1932 782 (ιιι
1977 713 2150 764 oratio

574 810 639 860 ad
721 805 988 859 Israelitas
1061 805 1344 857 credentes
1413 803 1739 873 habeatur),
1790 820 1853 855 ex
1906 803 2151 868 gentibus

575 900 844 953 adducent
871 898 1007 949 dona
1030 895 1307 948 Domino.»
1334 895 1628 962 Namgvelut
1648 894 1930 948 anathema
1958 902 2012 946 et
2035 909 2152 946 mu-

576 1006 680 1042 nus
715 991 778 1041 ad
810 988 1033 1056 gloriam
1060 984 1154 1039 Dei
1184 995 1559 1039 consecratum
1585 997 1722 1051 erat,
1754 985 1990 1055 gentium
2015 984 2152 1038 mul-

575 1082 765 1142 titudo,
798 1094 890 1147 per
919 1079 1074 1131 ﬁdem
1110 1079 1176 1131 ab
1197 1078 1448 1131 omnibus
1497 1077 1647 1131 vitiis
1674 1077 1944 1140 absoluta,
1981 1085 2034 1130 et
2053 1092 2150 1146 per

573 1189 784 1225 sacrmu
808 1173 1076 1224 lavacrum
1109 1171 1362 1224 omnibus
1383 1169 1607 1235 abiectis
1629 1170 1905 1232 sordibus,
1933 1177 1986 1222 et
2015 1184 2152 1238 qua-

573 1259 614 1310 si
649 1260 862 1310 xenium
893 1273 956 1311 ac
1004 1257 1287 1311 donarium
1326 1258 1632 1325 apostolica:
1690 1258 1987 1320 industriae,
2045 1257 2152 1309 Deo

571 1351 831 1405 oblatum.
883 1350 958 1403 De
989 1349 1091 1402 hoc
1157 1349 1336 1417 itaque
1376 1350 1701 1415 gloriantur,
1756 1350 2010 1418 gaudium
2059 1365 2154 1403 eos

571 1456 726 1495 suum
758 1451 812 1494 et
862 1455 1117 1492 coronam
1171 1455 1325 1492 suam
1383 1441 1742 1495 nominantes.
1812 1440 2149 1495 Facillimum

572 1542 750 1585 autem
785 1531 898 1584 fore
921 1547 984 1584 ac
1014 1531 1209 1593 levem,
1243 1531 1363 1585 sine
1403 1532 1550 1585 omni
1609 1533 1824 1598 sudore,
1886 1532 2150 1586 industria

571 1633 626 1677 et
655 1623 858 1687 labore,
892 1623 1126 1692 gentium
1159 1624 1224 1674 ad
1277 1621 1444 1677 Deum
1494 1626 1884 1689 reversionem,
1916 1624 2155 1678 declarat

572 1725 778 1783 aperte,
814 1714 958 1768 velut
989 1714 1238 1782 exemplo
1267 1729 1296 1768 a
1359 1714 1514 1768 nobis
1567 1724 1804 1783 sumpto,
1854 1731 1975 1768 cum
2026 1715 2155 1767 dicit

1546 319 1612 374 "S.
1657 311 1934 375 CYRILLI
1975 311 2446 373 ALEXANDRINI
2489 313 2808 375 ARCHIE‘P.

644 444 794 510 Quod
819 438 1002 495 eﬂica‘x
1037 437 1256 492 omnino
1273 439 1458 490 Tutura
1496 439 1564 489 sit
1606 447 1659 490 et
1688 437 1962 491 fructuosa
1991 451 2150 491 sanc-
2178 445 2224 501 Α

3689 327 3821 382 1448

2325 439 2447 490 Ὅτι
2502 439 2678 507 πάντη
2729 455 2788 490 τε
2835 438 2929 490 καὶ
2975 437 3192 500 πάντως
3247 440 3467 509 ἐνεργὸν
3532 443 3678 496 ἔσται
3728 449 3818 499 καί.

2252 527 2530 599 ἔγκαρπον
2583 529 2643 581 τὸ
2698 529 2786 581 διὰ
2841 529 2950 580 τῶν
2985 528 3154 594 ἁγίων
3201 531 3514 584 ἀποστόλων
3565 535 3816 608 κήρυγμα

2252 623 2404 692 παρὰ
2430 624 2542 684 τοῖς
2577 622 2988 692 ὡνομασμένοις
3022 622 3195 676 ἔθνεσι
3229 624 3324 676 καί¹
3356 626 3474 688 ταῖς
3517 625 3685 680 αὐτῶν
3725 628 3818 698 χὼ»

2255 729 2394 783 ραις,
2428 713 2784 786 διαδείκνυσιν
2826 714 2885 766 ἐν
2930 713 3140 778 τούτοις
3167 731 3181 744 ⁸
3223 733 3241 765 ι
3267 715 3406 777 Τοὺς
3435 716 3544 788 γὰρ
3573 717 3816 786 ἀδελφοὺς

2253 803 2428 873 ὑμῶν,
2473 825 2490 856 ι
2525 805 2708 873 φησιν,
2741 803 2807 856 ἵν’
2841 807 2868 857 ὁ
2917 804 3072 872 λόγος
3195 804 3334 875 πρὸς
3364 807 3487 868 τοὺς
3517 806 3575 870 ἐξ
3606 807 3820 876 αἵματος

2265 895 2481 966 Ἰσραὴλ
2512 895 2927 959 πιστεύσαντας,
2966 913 2986 946 ‹
3030 895 3136 948 ἀπὸ
3174 895 3281 947 τῶν
3317 895 3486 948 ἐθνῶν
3518 897 3703 960 ἄξουσι
3720 898 3824 950 δῶ-

2256 1003 2348 1056 ρον
2370 985 2448 1056 τῷ
2471 985 2677 1057 Κυρίῳ.
2712 1005 2730 1037 ι
2767 983 3047 1054 Ἀνάθημα
3075 986 3182 1056 γὰρ
3202 985 3395 1058 ῶσπερ
3423 989 3502 1053 είς
3522 990 3676 1056 δόξαν
3697 991 3827 1044 Θεοῦ

2251 1079 2361 1130 τῶν
2385 1079 2553 1131 ἐθνῶν
2582 1079 2803 1147 γέγονεν
2831 1082 2862 1148 ὴ
2897 1080 3126 1150 πληθὺς,
3154 1080 3545 1151 ἀπηλλαγμένη
3581 1083 3678 1152 μέν
3700 1101 3832 1136 παν-

2253 1171 2343 1233 τὸς
2372 1171 2695 1239 αἰτιάματος
2735 1170 2824 1222 διὰ
2865 1171 2962 1240 τῆς
3003 1172 3264 1233 πίστεως,
3298 1171 3392 1222 καὶ
3436 1172 3612 1225 πάντα
3666 1173 3826 1243 ῥύπον

2252 1258 2601 1312 ἀποϐαλοῦσα
2638 1259 2724 1334 διὰ
2775 1258 2869 1310 τοῦ
2917 1259 3074 1326 ἁγίου
3131 1258 3526 1329 βαπτίσματος,
3574 1261 3743 1326 ξένιον
3777 1261 3830 1312 ἰέ

2253 1350 2402 1403 ὥσπε
2413 1368 2442 1420 ρ
2473 1351 2845 1404 ἁποστολικῶν
2875 1351 3304 1420 σπουδασμὰτων
3326 1351 3729 1422 προσκομισθὲν
3755 1352 3826 1422 τῷ

2253 1444 2394 1514 Θεῷ.
2429 1444 2752 1513 Καυχῶνται
2775 1445 2906 1512 γοῦν
2935 1446 3021 1497 ἐπ’
3044 1443 3192 1514 αὐτῷ
3224 1443 3288 1512 δὴ
3315 1444 3508 1513 τούτῳ,
3539 1443 3712 1514 χαρὰν
3738 1445 3826 1495 αὑ-

2256 1537 2383 1598 τοὺς
2411 1536 2502 1588 καὶ
2531 1535 2792 1604 στέφανον
2820 1535 3026 1588 ἑαυτῶν
3062 1536 3435 1605 ὀνομάζοντες.
3470 1536 3592 1587 Ὅτι
3623 1536 3675 1587 δὲ
3699 1536 3826 1586 ἀπο-

2254 1631 2465 1700 νωτάτη
2496 1629 2634 1695 λίαν,
2669 1631 2760 1682 καὶ
2794 1629 3012 1698 ἱδρῶτος
3054 1629 3176 1698 δίχα
3209 1629 3434 1690 παντὸς,
3460 1630 3553 1680 καὶ
3596 1627 3824 1694 ἀγῶνος,

2257 1723 2352 1775 καὶ
2380 1723 2554 1775 πόνων
2585 1723 2615 1792 ἡ
2663 1720 2796 1792 προς
2821 1720 2952 1772 Θεὸν
2995 1718 3300 1791 ἐπιστροφὴ
3333 1719 3442 1770 τῶν
3473 1717 3660 1780 ἐθνῶν,
3706 1715 3833 1769 καθ-

571 1806 913 1859 adducendas
941 1820 1061 1858 esse
1089 1820 1209 1858 cum
1251 1805 1427 1871 equis,
1493 1805 1760 1865 curribus,
1816 1805 2043 1868 lecticis,
2094 1818 2147 1859 et

2257 1812 2463 1882 ίστησιν
2486 1811 2749 1879 ἐναργῶς,
2779 1810 2854 1872 ὡς
2883 1813 2946 1862 ἐκ
2965 1810 3403 1880 παραδείγματος
3422 1810 3512 1862 τοῦ
3535 1806 3655 1861 καφ
3685 1810 3831 1878 ἡμᾶς

571 1897 921 1951 umbraculis.
951 1895 1081 1949 Nam
1109 1908 1166 1949 ut
1199 1895 1288 1963 qui
1323 1896 1405 1950 his
1432 1898 1590 1950 rebus
1641 1897 1743 1950 iter
1793 1913 1950 1952 suum
1983 1897 2147 1949 conli-

571 1988 742 2055 ciunt,
769 1987 913 2042 nullo
937 1987 1116 2040 labore
1146 1987 1480 2052 expediunt,
1514 1989 1591 2041 sic
1641 1989 1732 2055 qui
1783 2002 1814 2042 e
1853 1989 2154 2057 graecanico

569 2095 756 2133 errore
779 2080 842 2132 ad
881 2081 1043 2132 Deum
1071 2082 1316 2142 redeunt,
1348 2080 1431 2130 via
1459 2079 1612 2146 plana
1642 2089 1700 2133 et
1724 2079 1846 2131 trita
1908 2079 2150 2143 veniunt,

569 2185 634 2224 ac
665 2179 873 2224 tantum
901 2186 1004 2224 non
1037 2171 1198 2233 vecti,
1228 2179 1281 2222 et
1313 2169 1419 2222 Deo
1442 2170 1584 2222 omni
1610 2183 1702 2223 eos
1730 2168 1988 2237 requietis
2051 2185 2146 2238 ge-

571 2277 703 2316 nere
752 2263 1026 2331 dignante.
1058 2260 1286 2316 Venient
1331 2271 1508 2314 autem
1547 2260 1817 2329 quonam?
1841 2261 1890 2313 in
1915 2271 2154 2314 sanctam

570 2355 869 2417 civitatein,
909 2369 1102 2420 nempe
1133 2351 1453 2416 Jerusalem,
1493 2367 1612 2421 quae
1661 2363 1744 2406 est
1771 2352 1860 2406 Dei
1929 2355 2158 2405 vivent-s

569 2447 834 2502 Ecclesia.
870 2447 1145 2516 Eruntque
1199 2448 1333 2498 adeo
1383 2445 1602 2514 iucundi
1662 2455 1716 2497 et
1774 2445 2004 2511 accepti,
2056 2444 2152 2511 qui

571 2541 834 2595 accedunt
865 2541 929 2592 ad
955 2537 1143 2602 Deum,
1180 2537 1402 2607 perinde
1424 2538 1579 2606 quasi
1619 2535 1818 2600 hostia,
1848 2537 2156 2605 inquit-,ad-

572 2633 859 2688 duceretur
881 2647 1000 2685 eum
1029 2631 1150 2684 odis
1189 2641 1242 2683 et
1269 2645 1446 2683 rerum
1473 2630 1774 2683 divinarum
1831 2628 2157 2683 celebratio-

579 2739 671 2778 ne.
705 2724 814 2777 lmo
841 2733 895 2776 et
927 2740 946 2772 ‹
978 2723 1054 2776 Ex
1087 2723 1194 2776 illis
1221 2738 1430 2776 sumam
1463 2721 1775 2776 sacerdotes
1796 2729 1850 2773 et
1899 2719 2154 2774 levitas»

571 2817 648 2870 Ex
684 2816 917 2885 quibus?
942 2814 1051 2868 Nec
1080 2814 1225 2868 enim
1248 2815 1614 2869 satisconstat
1640 2823 1819 2866 utrum
1856 2826 1922 2866 ex
1963 2813 2029 2865 iis
2065 2812 2158 2880 qui

572 2909 724 2963 missi
753 2907 960 2962 suntad
984 2907 1284 2960 vocandum
1333 2914 1538 2973 gentes,
1569 2920 1636 2956 an
1657 2904 1942 2971 cxillisqui
1985 2903 2157 2955 vocati

569 3008 720 3053 sunt.
742 2996 1132 3051 Verumtamen
1156 2997 1491 3049 inveniemus
1505 2995 1677 3048 ethoc
1690 3002 1744 3045 et
1759 2992 1926 3061 919
1943 2991 2067 3044 illud
2085 3009 2163 3042 es-

569 3104 648 3144 se.
670 3088 1146 3157 Namisacerdotes
1191 3086 1534 3141 oraculorum
1585 3084 1790 3138 Christi
1833 3084 2159 3135 exstiterunt

2256 1904 2427 1972 λέγων
2450 1946 2463 1967 ,
2496 1905 2576 1956 ὅτι
2619 1904 2941 1974 ἁχθήσονται
2979 1902 3097 1970 μεθ’
3126 1903 3309 1954 ἵππων
3359 1903 3450 1954 καὶ
3482 1900 3739 1971 ἁρμάτων
3769 1901 3852 1963 ἐν,

2256 1994 2567 2064 λαμπήναις
2601 1995 2696 2046 καὶ
2731 1992 3024 2055 σκιαδίοιςο
3063 1989 3253 2062 ὥσπερ
3296 1989 3404 2060 γὰρ
3429 1989 3579 2042 οἱδιὰ
3618 1987 3826 2040 τούτων

2255 2087 2556 2155 ὁδοιπορεῖν
2605 2084 2875 2148 εἰωθότες,
2925 2083 3280 2153 ἁπονωτὰτην
3326 2081 3422 2152 τὴν
3465 2079 3831 2151 προκειμένην

2257 2180 2440 2241 αὐτοῖς
2476 2176 2799 2247 κατορθοῦσι
2839 2175 3026 2246 τρίϐον
3049 2192 3062 2204 ·
3093 2175 3262 2236 οὕτως
3288 2175 3337 2226 οἱ
3371 2175 3434 2224 ὲκ
3472 2173 3676 2243 πλάνης
3713 2170 3836 2222 Ἐλ-

2257 2270 2481 2338 ληνικῆς
2517 2268 2652 2339 πρὸς
2697 2268 2828 2319 Θεὸν
2880 2268 3299 2338 ἐπιστρέφοντες
3340 2265 3428 2317 διὰ
3471 2264 3618 2327 λείας
3647 2263 3840 2332 ὥσπερ

2259 2363 2351 2414 καὶ
2385 2360 2736 2430 ἐστρωμένης
2765 2358 2985 2428 ἥξουσιν
3017 2358 3158 2415 ὁδοῦ,
3201 2359 3294 2410 καὶ
3331 2357 3607 2426 μονονουχὶ
3636 2357 3730 2407 καὶ
3760 2355 3842 2407 δο-

2264 2452 2495 2523 ρυιρορού
2506 2467 2674 2520 μενοι,
2705 2450 2797 2501 καὶ
2831 2450 3050 2517 ἁπάσης
3078 2449 3272 2510 αὐτοὺς
3296 2446 3610 2514 ἁναπαύλης
3629 2445 3846 2510 ἀξιοῦν-

2259 2561 2350 2607 τος
2376 2543 2510 2596 Θεοῦ
2528 2560 2539 2570 ·
2567 2542 2754 2611 ἥξουσι
2778 2541 2855 2603 δὲ,
2878 2539 2980 2592 ποῦ
3003 2557 3016 2604 ;
3043 2541 3136 2601 Εἰς
3161 2541 3259 2608 τὴν
3287 2538 3446 2607 ἁγίαν
3469 2538 3643 2602 πόλιν,
3672 2539 3845 2609 ἡγουν

2274 2633 2648 2705 Ἰερουσαλὴμ,
2695 2631 2816 2701 ἥτις
2867 2632 3012 2683 ἐστὶν
3073 2630 3367 2700 Ἐκκλησία
3413 2629 3547 2681 Θεοῦ
3599 2629 3842 2692 ζῶντος·

2263 2727 2472 2778 ἔσονται
2502 2723 2558 2777 δὲ
2595 2721 2768 2785 οὕτως
2790 2720 2937 2789 ἡδεῖς
2981 2721 3072 2772 καὶ
3103 2719 3491 2792 εὐπρόσδεκτοι
3523 2717 3846 2788 προσιόντες

2261 2814 2613 2886 Θεῷμῖισανεὶ
2639 2814 2730 2868 καὶ
2753 2813 2911 2866 θυσία
2939 2811 3347 2882 προσαγομένη,
3369 2811 3521 2881 φησι,
3551 2811 3670 2878 μετ’
3698 2809 3846 2879 ᾠδῆς

2265 2911 2359 2963 καὶ
2407 2907 2731 2975 δοξολογίας.
2783 2904 2942 2958 Ἀλλὰ
2991 2905 3086 2957 καὶ
3117 2923 3136 2957 ι
3183 2905 3298 2956 Ἀπ’
3350 2904 3526 2955 αὐτῶν
3571 2901 3842 2971 λήψομαι,

2264 3002 2418 3070 φησὶ,
2446 3002 2538 3053 καὶ
2574 3001 2759 3068 ἱερεῖς,
2791 2998 2884 3049 καὶ
2914 2998 3166 3058 Λευῖτας.
3210 3015 3228 3046 ‹
3275 2997 3392 3048 Ἀπ’
3429 2995 3611 3047 αὐτῶν
3653 2994 3733 3058 δὲ,
3766 2996 3842 3046 τί-

2264 3109 2404 3155 νων;
2440 3089 2605 3142 Οῦπω
2634 3089 2778 3158 μάλα
2806 3089 2995 3157 σαφὲς,
3029 3089 3254 3160 πότερον
3283 3088 3346 3139 ἐκ
3375 3086 3480 3138 τῶν
3509 3085 3842 3138 ἀποσταλέν-

569 3195 785 3249 citroque
803 3179 969 3231 divini
985 3177 1232 3246 discipuli
1251 3195 1264 3230 :
1283 3177 1452 3229 vocati
1468 3186 1644 3228 autem
1663 3186 1864 3228 suntex
1883 3173 2126 3226 ϐνωιτιιιιί
2143 3200 2155 3209 -

2264 3200 2369 3234 των
2399 3184 2478 3244 είς
2525 3182 2584 3234 τὸ
2623 3183 2844 3234 καλέσαι
2873 3182 2999 3242 τοὺς
3042 3179 3101 3244 ἐξ
3141 3180 3328 3240 ἐθνῶν,
3361 3180 3528 3248 Ιἤγουν
3569 3176 3631 3242 ἐξ
3667 3176 3841 3230 αὐτῶν

567 3285 808 3339 rL-grege
821 3269 992 3333 multi,
1015 3267 1253 3322 etadhuc
1267 3270 1604 3320 vocanturad
1623 3265 2006 3326 sacerdotium,
2043 3263 2154 3314 Deo

569 3363 687 3418 ilios
716 3364 782 3416 ad
807 3363 1100 3415 novitatem
1129 3361 1252 3414 vita:
1281 3369 1334 3413 et
1374 3358 1568 3413 mentis
1613 3354 1993 3410 transferente.
2021 3352 2150 3406 Nam

566 3453 703 3508 ﬁdes
730 3453 874 3508 velut
903 3451 1117 3522 reﬁngit
1143 3451 1208 3503 ad
1239 3451 1288 3502 id
1318 3449 1459 3519 quod
1487 3451 1536 3503 ei
1572 3448 1766 3516 placet,
1791 3446 2012 3500 electos.

2263 3274 2372 3326 τῶν
2413 3273 2794 3344 κεκλημένων·
2836 3272 2974 3341 πλὴν
3007 3271 3204 3340 ἀληθὲς
3244 3271 3301 3324 ὃν
3334 3273 3645 3342 εὑρήσομεν
3689 3267 3843 3321 τοῦτό

2259 3385 2320 3419 τε
2366 3367 2606 3419 κάκεῖνο.
2650 3364 2947 3434 Ἱερουργοὶ
2999 3368 3106 3432 γὰρ
3147 3364 3404 3431 γεγόνασι
3444 3363 3551 3416 τῶν
3580 3363 3666 3415 διὰ
3699 3363 3844 3430 Χρι-

2263 3457 2388 3511 στοῦ
2442 3456 2827 3525 θεσπισμάτων
2880 3456 2978 3507 καὶ
3023 3456 3073 3506 οἱ
3119 3453 3399 3508 θεσπέσιοι
3449 3453 3706 3524 μαθηταί·
3740 3452 3840 3504 κέ-

568 3567 792 3638 κληνται
825 3565 880 3618 δὲ
905 3563 1040 3635 πρὸς
1067 3562 1385 3634 ἱερωσύνην,
1419 3561 1510 3614 καὶ
1547 3563 1626 3624 εἰς
1652 3557 1812 3629 δεῦρο
1858 3555 2148 3610 καλοῦνται
2185 3553 2369 3608 πολλοὶ
2404 3550 2513 3603 τῶν
2581 3549 2641 3614 ἐξ
2697 3547 2899 3616 ἀγέλης
2961 3547 3111 3609 ὄντες
3153 3546 3492 3617 Ἑλληνικῆς,
3515 3544 3645 3597 Θεοῦ
3696 3545 3837 3614 μεθ-

571 3661 816 3720 ιστάντος
861 3657 939 3718 είς
991 3656 1287 3724 καινότητα
1335 3654 1479 3722 ζωῆς
1526 3652 1619 3706 καὶ
1666 3650 1894 3722 γνώμης
1941 3649 2158 3712 αὐτούς.
2213 3643 2595 3716 Ἀναχαλκεύει
2650 3642 2758 3712 γὰρ
2808 3642 2997 3710 ὥσπερ
3044 3643 3076 3710 ἡ
3113 3641 3297 3702 πίστις
3337 3643 3415 3698 εἰς
3472 3639 3529 3691 τὸ
3565 3638 3711 3708 αὐτῷ
3746 3638 3845 3688 δο-

568 3751 697 3806 κοῦν
720 3753 844 3813 τοὺς
876 3749 1311 3819 ἐξειλεγμένους.

641 3846 806 3899 Vsus.
839 3843 927 3909 22,
951 3843 1042 3897 25.
1072 3844 1236 3908 Quem
1257 3841 1539 3895 admodum
1585 3840 1721 3893 enim
1761 3837 1946 3891 cretum
1973 3852 2161 3890 novum

568 3947 618 3988 et
653 3943 792 3988 terra
830 3948 1119 4002 "eumque
1146 3947 1239 4000 ego
1286 3931 1449 3998 facio,
1494 3931 1549 3982 in
1600 3942 1875 3997 conspectu
1907 3942 2020 3980 meo
2050 3942 2164 3977 ma-

569 4028 854 4092 nent,dicit
877 4025 1170 4078 Dominus:
1193 4026 1266 4076 ita
1284 4025 1440 4076 stabit
1463 4037 1632 4074 semen
1657 4032 1881 4073 vestrum
1908 4027 1955 4071 et
1977 4031 2161 4069 uonien

567 4129 812 4181 vestrum,
861 4117 956 4171 erit
988 4133 1086 4186 que
1123 4117 1316 4169 mensis
1339 4130 1404 4167 ea:
1445 4129 1638 4174 meme,
1671 4123 1717 4164 et
1777 4110 2066 4165 Sabbutum
2095 4124 2159 4160 ex

569 4212 822 4266 Sabbato.
872 4208 1050 4262 Veniet
1097 4209 1263 4260 omnis
1309 4223 1472 4271 caro,
1527 4217 1578 4256 ut
1621 4209 1672 4256 in
1712 4211 1987 4272 conspectu
2049 4217 2158 4252 meo

569 4305 753 4356 adoret
780 4302 835 4354 in
855 4297 1177 4360 Jerusalem,
1202 4299 1336 4351 dixit
1361 4296 1618 4349 Dominus
1643 4294 1805 4348 Deus.

637 4478 975 4533 Firmitatem
997 4477 1110 4547 Spei
1130 4477 1182 4530 in
1196 4476 1449 4531 omnibus
1464 4473 1621 4529 bonis
1634 4472 1916 4543 pollicetur
1931 4471 2156 4541 diligeu-
2191 4508 2233 4560 υ

568 4571 712 4626 tibus
727 4587 805 4636 se,
820 4578 874 4626 et
889 4571 1281 4641 apparitionem
1299 4585 1451 4624 suam
1465 4569 1904 4641 agnoscentibus.
1927 4567 1996 4622 Ut
2008 4566 2150 4621 enim

568 4663 764 4733 inquit,
798 4678 920 4716 cum
951 4677 1121 4716 novos
1167 4663 1332 4716 ccelos
1366 4671 1420 4715 et
1448 4676 1645 4715 novam
1687 4669 1886 4714 terram
1924 4657 2154 4712 fabrica-

565 4753 760 4818 verim,
787 4753 863 4806 ita
890 4753 1061 4806 sinam
1100 4766 1342 4813 manere,
1386 4765 1490 4803 nec
1532 4765 1594 4802 ea
1621 4749 1788 4802 ullum
1820 4756 2032 4817 tempus
2061 4745 2154 4798 de-

565 4844 726 4900 lebit:
763 4845 834 4898 ita
874 4860 1057 4899 semen
1094 4853 1148 4898 et
1173 4857 1371 4896 nomen
1440 4851 1678 4895 vestrum
1709 4839 1873 4893 stabit
1919 4838 1973 4891 in
2018 4852 2150 4891 cnn-

567 4947 757 5007 spectu
783 4953 924 4993 meo.
955 4937 1132 4990 Novos
1159 4937 1306 4990 enim
1352 4935 1521 4990 caelos
1550 4944 1604 4987 et
1632 4947 1828 4987 novam
1854 4940 2052 4985 terram
2081 4945 2145 4982 ac

570 5029 967 5098 promissiones
1015 5027 1132 5092 ejus
1169 5036 1564 5096 exspectamus,
1613 5023 1911 5078 secundum
1937 5021 1986 5074 id
2009 5020 2150 5089 quod

568 5121 829 5190 scriptum
875 5129 957 5173 est
989 5119 1053 5175 ”.
1103 5119 1426 5172 Sanctorqu
1477 5125 1655 5170 autem
1688 5130 1838 5184 spem
1887 5121 2150 5166 staturam

568 5227 785 5283 semper
837 5221 892 5266 et
955 5227 1386 5281 permansuram,
1443 5208 1876 5279 sapientissimus
1953 5206 2153 5259 Paulus

564 5305 940 5366 conﬁrmabit,
991 5303 1236 5356 scribens
1267 5304 1332 5364 ¹⁸,
1384 5303 1525 5356 dona
1574 5311 1629 5353 et
1670 5299 2008 5353 vocationem
2053 5297 2148 5374 Dei

570 5414 690 5452 esse
726 5397 843 5450 sine
907 5395 1246 5464 ptrnitentia.
1298 5394 1494 5446 Semen
1551 5392 1731 5460 itaque
1779 5377 2142 5452 benedictum,

567 5490 695 5544 illud
716 5505 745 5542 a
763 5488 963 5541 sanctis
987 5486 1243 5555 apostolis
1262 5485 1371 5537 Deo
1394 5485 1656 5547 oblatum,
1686 5481 1988 5535 servabitur
2025 5495 2144 5548 per-

572 5596 756 5650 petuo,
788 5581 1046 5648 nulloque
1100 5577 1259 5632 modo
1306 5576 1569 5638 interibit,
1605 5590 1668 5628 ac
1696 5573 1842 5627 velut
1873 5587 1995 5627 cum
2025 5584 2137 5624 coa-

647 5757 690 5790 ¹¹¹
721 5756 759 5808 ll
787 5759 929 5812 Ριξξι.
955 5774 1034 5822 ιιι,
1073 5758 1160 5812 l3.
1238 5757 1279 5788 ¹⁸
1319 5753 1474 5808 Rom.
1504 5771 1577 5821 xi,
1607 5753 1697 5806 ‘29.

2337 3832 2441 3882 Ὃν
2471 3829 2698 3894 τρόπον
2747 3823 2856 3894 γὰρ
2901 3827 2934 3876 o’
2978 3824 3235 3890 oﬁpaw‘c
3280 3823 3500 3888 καινός,
3538 3824 3640 3878 καὶ
3676 3826 3715 3892 ἢ
3774 3827 3854 3896 τῇ

2264 3921 2464 3988 καινὴ,
2499 3920 2537 3972 ἂ
2564 3917 2679 3987 ἐγὼ
2701 3915 2850 3970 ποιῶ
2873 3915 3039 3985 μένει
3068 3915 3324 3967 ἐνώπιόν
3357 3933 3496 3983 μου,
3526 3915 3696 3986 λέγει
3731 3921 3854 3972 κύ-

2253 4031 2402 4082 ριος·
2454 4012 2643 4074 οὕτως
2695 4007 2990 4076 στήσεται
3031 4005 3098 4059 τὸ
3143 4005 3377 4074 σπέρμα
3411 4005 3596 4075 ὑμῶν,
3645 4011 3750 4062 καὶ
3787 4009 3854 4062 τὸ

2263 4107 2449 4174 ὄνομα
2479 4101 2665 4172 ὑμῶν,
2701 4102 2799 4154 καὶ
2858 4099 3027 4152 ἔσται
3056 4098 3184 4166 μὴν
3219 4099 3285 4150 ἐκ
3308 4099 3522 4167 μηνὸς,
3550 4099 3662 4152 καὶ
3703 4101 3836 4154 Σάό

2262 4201 2443 4251 ὄατον
2486 4197 2556 4249 ἐκ
2595 4193 2921 4248 Σαϐϐἀτου.
2967 4191 3127 4254 Ἥξει
3174 4189 3338 4244 πᾶσα
3389 4190 3545 4257 σὰρξ
3584 4191 3853 4244 ἐνώπιόν

2255 4307 2374 4360 μου
2414 4285 2840 4357 προσκυνῆσαι
2881 4285 2948 4335 ἐν
2990 4283 3406 4351 Ἰερουσαλὴμ,
3455 4279 3592 4335 εἶπε
3635 4286 3850 4352 Κύριος

2259 4387 2292 4435 ό
2321 4382 2484 4446 Θεός.

2331 4471 2402 4523 Τὸ
2429 4469 2764 4541 ἀκρὰδαντον
2803 4469 2900 4538 τῆς
2932 4467 3140 4528 ἐλπίδος
3176 4470 3286 4530 τοῖς
3324 4468 3409 4535 ἐφ’
3445 4467 3662 4523 ἅπασιν
3712 4473 3850 4539 ἁγαο

2261 4561 2372 4622 οοῖς
2414 4562 2750 4630 ὑπισχνεῖται
2784 4560 3017 4629 Χριστὸς
3047 4561 3157 4620 τοῖς
3201 4559 3486 4624 ἀγαπῶσιν
3533 4561 3733 4625 αὐτὸν,
3764 4563 3850 4614 καὶ

2265 4657 2374 4716 τοῖς
2409 4653 2746 4720 ἐπεγνωκόσι
2780 4651 2878 4719 τὴν
2905 4652 3224 4717 ἐπιφάνειαν
3255 4649 3436 4702 αὑτοῦ.
3472 4651 3696 4725 Ὥσπερ
3723 4655 3848 4722 γὰρ,

2264 4747 2417 4816 φησὶ,
2455 4746 2853 4814 καινουργήσας
2881 4741 2970 4793 τον
3007 4741 3232 4812 οὐρανὸν
3272 4743 3365 4794 καὶ
3391 4741 3491 4812 τὴν
3533 4744 3669 4814 γῆν,
3710 4746 3846 4798 οὕτω

2263 4836 2444 4903 μένειν
2492 4835 2672 4895 ἐάσω,
2716 4833 2808 4886 καὶ⁴
2857 4833 3031 4895 οὐδεὶς
3079 4831 3219 4884 αὐτὰ
3272 4832 3571 4885 καταλύσει
3623 4837 3839 4906 χρόνος

2257 4924 2400 4976 οῦτω
2431 4924 2492 4976 τὸ
2519 4925 2738 4993 σπέρμα
2777 4921 2950 4991 ὑμῶν,
3003 4921 3096 4972 καὶ
3135 4921 3196 4970 τὸ
3233 4920 3401 4988 ὄνομα
3437 4923 3714 4991 στήσεται
3759 4926 3820 4974 ἑν·

2251 5013 2424 5066 ώπιόν
2459 5031 2580 5082 μου.
2624 5015 2861 5075 Καινοῦς
2907 5012 3014 5082 γὰρ
3051 5012 3332 5081 οὐρανοὺς.
3361 5013 3456 5064 καὶ
3490 5015 3695 5087 καινὴν
3722 5015 3835 5083 γῆν.

2250 5107 2343 5157 καὶ
2387 5104 2455 5156 τὰ
2500 5104 2894 5177 ἐπαγγέλματα
2939 5101 3102 5154 αὑτοῦ
3152 5102 3570 5173 προσδοκῶμεν,
3605 5107 3747 5158 κατὰ
3787 5106 3838 5157 τῖ’

2251 5196 2655 5265 γεγραμμένον.
2701 5199 2821 5248 Ὅτι
2852 5195 2906 5246 δὲ
2939 5196 3033 5246 καὶ
3062 5195 3225 5262 ήτῶν
3257 5195 3427 5263 ἁγίων
3454 5197 3620 5260 ἐλπὶς
3652 5199 3841 5265 στήσε-

2252 5307 2344 5342 ται
2385 5290 2469 5342 ἀεὶ
2516 5291 2608 5342 καὶ
2643 5289 2906 5359 διαμενεῖ,
2938 5287 3272 5339 πιστώσεται
3311 5287 3543 5358 γράφων
3589 5293 3620 5342 ὁ
3646 5292 3838 5344 πάντη,

2255 5399 2353 5452 φος
2384 5381 2612 5444 Παῦλος,
2655 5382 2735 5433 ὅτι
2777 5379 3166 5450 ἀμεταμέλητα
3203 5379 3270 5431 τὰ
3301 5380 3650 5450 χαρίσματα,
3688 5382 3842 5447 nit;

2253 5476 2445 5544 κλῆσις
2470 5473 2563 5526 τοῦ
2595 5473 2752 5526 Θεοῦ.
2787 5473 2995 5525 Οὐκοῦν
3036 5472 3094 5524 τὸ
3125 5473 3346 5541 σπέρμα
3374 5473 3435 5525 τὸ
3479 5472 3845 5542 εὐλογημένον

2247 5568 2308 5618 τὺ
2339 5567 2426 5618 διὰ
2459 5564 2566 5616 τῶν
2597 5564 2766 5631 ἁγίων
2797 5561 3109 5615 ἀποστόλων
3135 5562 3548 5632 προσκομισθὲν
3585 5564 3667 5632 τῷ
3706 5560 3839 5630 Θεῷ.
