4054 6376
345 404 477 471 ma

1434 402 1495 465 ia
1536 416 1768 467 ιδΑιΑιι
1807 400 1935 467 Lm.
1984 416 2045 467 ν.
2074 415 2315 470 't'onus
2350 400 2437 467 γι.

3476 406 3498 468 i
3510 419 3613 471 tau

338 535 644 605 σωθήσεται
692 532 783 587 διὰ
831 531 1052 595 παντὸς,
1102 530 1588 601 καταφθαρήσεται
1638 530 1747 602 γὰρ
1790 532 1911 585 κατ’

2025 530 2069 585 Io
2100 540 2157 586 et
2187 541 2332 587 terra
2370 531 2728 602 permanebit,
2767 534 3010 590 omnium
3044 534 3293 593 uestrum
3323 536 3613 593 Servatore

339 616 525 679 δῦδένα
552 624 773 697 τρόπον,
819 622 936 677 ἀλλ’
969 619 1080 676 οἷον
1112 620 1329 693 οὐρανῷ
1360 637 1421 673 τε
1465 622 1559 674 καὶ
1584 623 1655 691 γῇ
1703 620 1919 674 συνδια-

341 718 510 786 μενετ,
546 718 864 790 συνέχοντος
892 716 971 779 εἰς
995 712 1155 768 τοῦτο
1182 712 1277 766 τοῦ
1308 714 1525 767 πάντων
1550 716 1583 783 ἡ
1593 712 1710 782 μῶν
1739 713 1922 783 Σωτῆ-

339 826 430 881 po;
454 810 717 884 Χριστοῦ.
739 811 860 864 Ὅτι
876 808 932 862 δὲ
954 808 1139 871 καὶείς
1162 805 1401 859 ἐπίδοσιν
1422 806 1509 859 ἀεὶ
1529 804 1797 877 μείξοναὴ
1814 804 1923 859 τῶν

343 902 746 956 πιστευσάντων
788 900 875 954 ἀεὶ
913 899 1248 971 προϐήσεται
1284 898 1512 969 πληθὺς,
1550 899 1791 954 διδάσκει
1830 898 1922 952 λέ-

344 1010 468 1064 των,
506 996 589 1049 ὄτι
620 1013 640 1047 ι
686 994 810 1065 Μὴν
842 996 906 1047 ὲκ
945 992 1134 1064 μηνὸς,
1181 975 1584 1046 καῖ’Σάϐϐατον
1613 994 1677 1044 ὲκ
1713 992 1924 1045 Σαϐϐά-

343 1106 452 1155 του,
482 1087 601 1158 ἥξει
646 1088 799 1140 πᾶσα
844 1085 982 1156 σὰρξ
1031 1085 1260 1140 ἐνώπιόν
1312 1102 1411 1155 μου
1456 1083 1832 1155 προσκυνῆσαι
1866 1086 1925 1137 ἐν

347 1176 730 1249 Ἰερουσαλήμ.
790 1194 809 1227 ι
853 1175 928 1228 Οὐ
979 1174 1088 1245 γὰρ
1135 1172 1540 1226 διαλελοίπασιν
1593 1171 1642 1223 οἱ
1701 1169 1926 1222 πιστεύ-

338 1285 531 1333 σαντες
563 1270 643 1332 εἰς
666 1268 923 1340 Χριστὸν,
945 1267 1060 1321 ἀλλ’
1096 1265 1157 1331 ἐξ
1178 1265 1386 1320 ἐκείνου
1421 1263 1516 1318 τοῦ
1557 1260 1773 1333 καιροῦ,
1799 1260 1924 1315 καθ’

343 1362 396 1415 ὃν
432 1360 759 1431 διεκήρυξαν
789 1362 837 1415 οἱ
886 1359 1164 1413 θεσπέσιοι
1214 1356 1475 1428 μαθηταὶ,
1513 1353 1609 1408 καὶ
1642 1357 1723 1417 ei;
1766 1351 1925 1423 δεῦρο

340 1454 668 1525 βαδίζουσιν,
706 1453 755 1506 οἱ
799 1453 897 1524 μὲν
941 1454 1006 1504 ὲκ
1034 1452 1135 1521 τῆς
1181 1449 1442 1503 πολυθὼυ
1486 1447 1695 1517 πλάνης
1736 1446 1797 1500 τὸ
1824 1444 1926 1514 τῆς

342 1548 573 1618 ἀληθοῦς
599 1546 933 1616 θεογνωσίας
958 1545 1224 1616 διψῶντες
1250 1544 1387 1612 φῶς,
1417 1545 1466 1596 oi
1509 1542 1566 1595 δὲ
1601 1542 1696 1595 καὶ
1724 1543 1787 1594 ἐκ
1830 1556 1928 1592 τα-

344 1639 566 1710 γμάτων
603 1637 933 1703 Ἰουδαϊκῶν,
961 1638 1011 1689 εἰ
1049 1635 1144 1689 καὶ
1182 1634 1302 1688 καθ’
1337 1635 1454 1701 ἕνα,
1490 1634 1584 1688 καὶ
1625 1634 1684 1685 οὐ
1720 1630 1922 1684 πολλοί.

342 1730 487 1800 Πλὴν
515 1728 705 1799 ἥξουσι
736 1728 829 1781 καὶ
862 1728 1036 1792 αὐτοὶ,
1062 1725 1421 1795 κεκλήσονται
1448 1726 1557 1796 γὰρ
1588 1725 1645 1778 ὲν
1675 1723 1926 1794 ἐσχάτοις

343 1820 434 1875 τοῦ
480 1820 677 1884 αἰῶνος
712 1822 944 1891 καιροῖς,
992 1819 1121 1873 ὅταν
1168 1818 1231 1871 τὸ
1279 1819 1553 1889 πλήρωμα
1594 1816 1703 1869 τῶν
1758 1814 1927 1868 ἐθνῶν

342 1912 580 1983 εἰσέλθῃ,
611 1911 756 1965 καθά
776 1927 941 1979 φησιν
972 1911 1001 1963 ό
1024 1908 1302 1979 πάνσοφος
1332 1892 1545 1972 Παῦλος

410 2004 522 2059 Καὶ
545 2004 970 2069 ἐξελευσονται
994 2004 1049 2057 ot
1068 2001 1245 2071 ἅγιοι,
1267 2000 1367 2055 καί
1390 1999 1643 2069 ὄψονται
1662 2000 1736 2054 τὰ
1759 1999 1927 2053 κῶλα

341 2092 460 2149 τῶν
474 2095 799 2161 ἀνθρωπωγ
816 2092 934 2147 τῶν
953 2094 1452 2161 παραϐεϐηκότων
1471 2091 1539 2144 ἐν
1554 2091 1704 2160 ἐμοί.
1733 2091 1796 2143 '0
1812 2094 1925 2159 γὰρ

339 2187 591 2255 σκώληξ
614 2185 816 2241 αὐτῶν
855 2187 927 2240 οὐ
956 2185 1330 2252 τελευτήσει,
1367 2184 1464 2238 καὶ
1489 2183 1554 2237 τὸ
1576 2183 1696 2252 πῦρ
1725 2184 1924 2238 αὐτῶν

340 2280 411 2333 οὐ
456 2280 883 2345 σϐεσθησεται,
928 2277 1032 2332 καὶ
1078 2277 1324 2331 ἔσονται
1364 2277 1449 2340 εἰς
1492 2274 1707 2343 ὅρασιν
1753 2273 1922 2345 πάσῃ

334 2373 523 2440 σαρκί
528 2413 539 2424 ,

410 2466 596 2518 Ἐοικι
621 2463 709 2516 διὰ
732 2479 936 2516 τουτων
960 2462 1060 2524 τάς
1090 2460 1474 2532 ἐπενεχθείσας
1497 2463 1611 2524 τοῖς
1651 2458 1923 2523 Ἰουδαίοις

338 2554 624 2624 συμφορὰς
674 2550 959 2623 βούλεσθαι
1014 2551 1231 2621 δηλοῦν,
1284 2550 1350 2615 ἃς
1401 2550 1691 2622 ὑπομεῖναί
1740 2567 1923 2621 φαμεν

336 2646 534 2708 αὐτοὺς
566 2644 653 2698 διὰ
676 2644 775 2714 τῆς
816 2642 1101 2715 Ῥωμαίων
1133 2643 1337 2714 χειρὸς,
1362 2636 1807 2713 κατοὶδῃωθέντος
1834 2642 1923 2715 δη-

339 2740 511 2794 λονότι
548 2738 643 2791 τοῦ
692 2736 845 2801 ναοῦ,
884 2738 979 2790 καὶ
1011 2737 1304 2807 ῶμοτάτην
1334 2738 1549 2807 σφαγὴν
1592 2735 1920 2806 ὑπομεινάν-

339 2848 444 2885 των
475 2831 748 2885 ἁπάντων.
797 2830 1057 2899 Γεγόνασι
1104 2828 1237 2898 γοῦν
1270 2827 1443 2881 ταῦτα
1488 2826 1775 2893 παθόντες,
1825 2826 1923 2880 καὶ⁹

338 2925 415 2986 τίς
446 2924 634 2994 ὅρασιν
658 2921 809 2993 πάσῃ
843 2922 1029 2991 σαρκὶ,
1070 2920 1165 2973 καὶ
1189 2919 1474 2990 μονονουχὶ
1498 2919 1597 2988 τὴν
1615 2918 1771 2990 δίκην
1797 2920 1922 2972 ἀτε-

334 3015 594 3086 λεύτητον
648 3015 883 3086 ἔχουσιν.
924 3013 1097 3067 Τοῦτο
1143 3012 1252 3082 γάρ
1302 3013 1435 3074 ἴσως
1479 3011 1736 3082 ὑποδηλοῖ
1781 3011 1921 3081 μήτε

337 3108 693 3179 τεθνήξεσθαι
736 3108 913 3176 λέγειν
945 3107 1036 3159 τὸν
1079 3104 1339 3176 σκώληκα
1386 3105 1585 3171 αὐτῶν,
1621 3104 1761 3175 μήτε
1814 3102 1921 3174 μὴν

334 3200 771 3268 κατευνασθῆναι
824 3200 886 3253 τὸ
928 3198 1060 3270 πῦρ.
1090 3198 1379 3252 Βούλονται
1405 3198 1463 3251 δέ
1496 3214 1661 3260 τινες,
1690 3198 1787 3250 καὶ
1841 3199 1919 3259 εἰς

334 3295 426 3349 τὸν
454 3295 647 3367 καιρὸν
666 3294 767 3364 τῆς
795 3294 1102 3357 συντελείας
1135 3291 1230 3346 τοῦ
1261 3292 1456 3355 αἰῶνος
1484 3290 1609 3353 τοὺς
1634 3289 1765 3359 περὶ
1792 3288 1917 3342 τού-

335 3405 442 3441 των
494 3387 850 3457 ἀνακομίζειν
900 3387 1123 3455 λόγους,
1166 3386 1255 3438 ὅτε
1300 3383 1408 3437 τῶν
1454 3380 1917 3454 παραϐεϐηκότων

333 3479 497 3532 οἱονεὶ
553 3477 621 3531 τὰ
655 3476 806 3531 κῶλα
841 3476 1132 3547 ῥιφήσεται
1172 3474 1501 3545 πεμπόμενα
1542 3475 1623 3535 εὶς
1674 3472 1916 3535 κόλασιν,

330 3574 429 3625 καὶ
458 3573 538 3635 είς
561 3571 736 3640 φλόγα
777 3569 876 3640 τὴν
904 3567 1281 3638 ἀτελεύτητον.
1317 3567 1464 3619 Ἐκεῖ
1501 3565 1608 3636 γὰρ
1639 3566 1667 3617 ό
1701 3561 1918 3633 σκώληξ

334 3662 441 3715 τῶν
477 3661 894 3732 κεκολασμένων
925 3660 1078 3731 ζήσει
1118 3657 1403 3728 διηνεκῶς,
1448 3656 1542 3709 καὶ
1579 3654 1679 3708 οὑκ
1699 3652 1764 3707 ἂν
1798 3652 1920 3705 σϐε-

336 3753 490 3825 σθείη
520 3753 581 3807 τὸ
612 3753 745 3823 πῦρ.
786 3752 964 3822 Ἥμᾶς
995 3752 1052 3805 δὲ
1081 3750 1286 3803 τούτων
1328 3748 1589 3803 ἁπάντων
1619 3743 1919 3809 ἀπαλλάξει

335 3846 588 3918 Χριστὸς,
618 3846 685 3899 δι’
710 3836 795 3912 οὗ,
823 3846 920 3899 καὶ
948 3843 1067 3917 μεθ’
1094 3839 1155 3900 οὗ
1183 3846 1218 3917 ἡ
1239 3843 1369 3911 δόξα
1383 3843 1464 3916 τῷ
1490 3842 1610 3914 Θεῷ
1634 3842 1916 3913 καὶΠατρὶ

2022 620 2239 678 Christo
2276 624 2406 679 illud
2454 624 2770 679 continente
2817 635 2871 680 et
2898 640 3277 686 conservante.
3335 630 3491 698 Quod
3519 646 3613 686 au-

2023 725 2135 770 tem
2165 716 2511 771 credentium
2549 716 2845 773 multitudo
2874 734 3091 790 semper
3121 722 3177 777 in
3218 724 3478 795 majorem
3515 737 3611 779 ac-

2024 810 2328 865 cessionem
2374 809 2710 879 provebetur
2743 819 2801 865 et
2826 812 3271 882 ampliﬁeabitur,
3316 818 3495 881 docet,
3525 816 3611 870 in—

2023 904 2251 973 quiens:
2280 921 2300 955 ι
2341 902 2582 959 Mensam
2607 919 2674 958 ex
2710 920 2922 969 mense,
2938 906 3234 963 Sabbatum
3256 925 3319 963 ex
3352 910 3609 973 Sabbato',

2024 995 2206 1050 veniet
2238 994 2416 1049 omnis
2449 1010 2595 1060 caro,
2628 1004 2688 1049 ut
2726 995 2779 1049 in
2818 1006 3115 1067 conspectu
3162 1014 3286 1055 meo
3322 1000 3510 1055 adoret
3555 1001 3611 1055 in

2024 1084 2341 1143 Jerusalem.
2377 1107 2395 1139 ι
2433 1086 2720 1157 Nunquam
2755 1089 2901 1142 enim
2948 1089 3137 1144 venire
3178 1100 3460 1145 cessarunt
3488 1108 3613 1147 cre-

2025 1179 2218 1235 dentes
2272 1178 2331 1235 in
2377 1178 2676 1244 Christum,
2728 1181 2799 1234 ab
2846 1194 2913 1234 eo
2969 1189 3236 1250 tempore,
3279 1197 3388 1252 quo
3442 1182 3611 1237 divini

2025 1270 2651 1341 discipuliprtedicarunt
2672 1279 2727 1325 et
2744 1270 2808 1325 ad
2825 1270 2971 1326 hunc
2987 1288 3160 1342 usque
3180 1273 3323 1329 diem
3347 1274 3569 1329 veniunt
3593 1293 3606 1328 :

2026 1361 2116 1416 alii
2146 1378 2212 1417 ex
2228 1362 2610 1432 multiplicium
2628 1364 2852 1418 deorum
2894 1379 3100 1429 errore,
3137 1380 3280 1420 vera:
3307 1366 3399 1419 Dei
3421 1366 3609 1437 cogni-

2027 1454 2193 1509 tionis
2222 1454 2399 1510 lucem
2433 1455 2703 1521 sitientes,
2738 1456 2830 1511 alii
2857 1471 2925 1512 ex
2969 1456 3217 1513 tribubus
3257 1456 3609 1521 Judaicis,li-

2028 1555 2114 1603 cet
2167 1547 2390 1611 viritim,
2423 1563 2530 1603 non
2577 1549 2875 1603 turmatim.
2908 1548 3144 1604 Venient
3182 1558 3364 1604 tamen
3407 1558 3463 1605 et
3508 1550 3607 1614 illi,

2027 1640 2285 1695 extremis
2335 1641 2481 1696 enim
2546 1642 2734 1696 mundi
2822 1643 3165 1712 temporibus
3236 1643 3607 1705 vocabuntur.

2028 1742 2153 1787 ‘cum
2200 1732 2474 1804 plenitudo
2521 1734 2762 1804 gentium
2797 1733 3100 1800 intraverit,
3162 1743 3222 1790 ut
3267 1735 3346 1789 ait
3390 1734 3609 1805 sapien-

2030 1824 2272 1880 tissimus
2304 1823 2503 1880 Paulus
2532 1826 2598 1877 ‘9.

2097 2004 2261 2057 Vsus.
2301 2001 2392 2056 ει.
2434 2000 2503 2054 Et
2529 2002 2862 2069 egrediantur
2890 2003 3081 2068 sancti,
3108 2014 3156 2057 et
3184 2004 3427 2058 uidebunt
3446 2020 3609 2057 mem-

2026 2096 2121 2148 bra
2160 2096 2433 2149 hominum
2504 2096 2592 2165 qui
2627 2096 2961 2164 prevaricati
3002 2096 3209 2149 suntin
3256 2112 3356 2149 me.
3400 2094 3606 2150 Vcrmis

2023 2189 2164 2242 enim
2186 2202 2366 2240 eorum
2402 2202 2505 2240 non
2535 2187 2806 2252 morietur,
2845 2185 3012 2256 920
3056 2196 3104 2241 et
3132 2187 3270 2257 ignis
3288 2202 3469 2241 eorum
3507 2202 3607 2239 non

2024 2281 2403 2352 exstinguetur,
2432 2291 2684 2348 eruntque
2716 2280 2770 2333 in
2811 2280 3056 2333 visionem
3083 2280 3224 2334 omni
3252 2281 3422 2334 carni.
3479 2352 3483 2357 .

2097 2456 2323 2511 Videtur
2359 2455 2451 2510 hic
2489 2454 2802 2509 inferendas
2836 2453 3039 2510 ludatis
3085 2455 3420 2512 calamitates
3470 2457 3607 2514 velle

2024 2547 2352 2621 signiﬁcare,
2393 2562 2528 2617 quas
2548 2562 2736 2616 passos
2762 2562 2855 2602 eos
2884 2547 3116 2603 dicimus
3156 2563 3185 2602 a
3238 2547 3606 2605 Romanorum

2024 2656 2209 2704 manu,
2235 2639 2513 2695 devastato
2544 2638 2749 2694 scilicet
2769 2639 2988 2709 templo,
3010 2639 3372 2710 omnibusque
3396 2643 3606 2697 crudeli

2020 2732 2299 2789 occisione
2326 2732 2569 2787 sublatis.
2590 2729 2717 2785 Haec
2748 2731 2891 2800 passi
2920 2738 3069 2796 sunt,
3100 2741 3367 2803 eruntque
3392 2742 3599 2802 specta-

2024 2825 2361 2880 culumomni
2383 2824 2553 2889 carni,
2570 2822 2901 2893 etsupplicio
2915 2832 3124 2879 tantum
3145 2840 3258 2881 non
3282 2835 3489 2882 aeterno
3520 2826 3605 2883 af-

2025 2914 2296 2971 ﬁcientur.
2316 2914 2425 2969 lloc
2437 2914 2581 2968 enim
2598 2912 2845 2968 fortassis
2857 2912 3183 2979 innuit,cum
3200 2914 3352 2981 dicit,
3366 2929 3605 2970 vermena

2026 3021 2217 3062 eorum
2242 3020 2356 3062 non
2375 3004 2728 3069 moriturum,
2765 3001 2821 3057 ei
2837 3003 3015 3074 ignem
3035 3020 3146 3059 non
3172 3006 3502 3060 exstinctum
3528 3005 3597 3059 iri

2026 3104 2118 3148 aut
2134 3095 2501 3165 consopitum.
2529 3090 2667 3146 Sunt
2685 3091 2777 3160 qui
2797 3092 2987 3149 volunt
3000 3096 3161 3150 verba
3176 3095 3291 3150 haec
3308 3095 3375 3150 ad
3393 3105 3605 3167 tempus

2035 3184 2527 3241 consummationis
2541 3181 2723 3238 saeculi
2753 3186 2959 3241 referre
2979 3205 2991 3241 :
3014 3185 3230 3256 quando
3247 3186 3600 3255 praevarican-

2024 3277 2160 3331 tium
2181 3278 2346 3332 veluti
2364 3279 2609 3334 membra
2630 3280 2987 3350 projicientur
3022 3280 3115 3349 qui
3140 3278 3357 3347 relegati
3388 3288 3517 3335 sunt
3539 3280 3605 3335 ad

2024 3369 2350 3438 supplicium
2384 3377 2439 3423 et
2460 3366 2732 3425 ﬂammam
2764 3371 3172 3440 sempiternam.
3200 3368 3311 3424 Illic
3328 3369 3473 3424 enim
3487 3384 3605 3423 vero

2024 3464 2128 3518 mis
2148 3461 2417 3532 supplicio
2441 3462 2768 3517 amictorum
2786 3461 2931 3516 vivet
2948 3472 3236 3532 perpetuo,
3261 3470 3318 3515 et
3342 3460 3483 3531 ignis
3496 3475 3604 3515 non

2025 3557 2423 3625 exstinguetur.
2443 3553 2552 3609 Nos
2582 3562 2761 3609 autem
2783 3554 3037 3608 omnibus
3077 3553 3423 3608 bislibcrabit
3447 3553 3592 3616 Chri,

2027 3658 2164 3711 stus,
2188 3663 2284 3718 per
2303 3662 2465 3718 quem
2480 3656 2673 3702 etcum
2692 3661 2799 3717 quo
2816 3646 2885 3701 sit
2901 3646 3069 3717 gloria
3085 3646 3196 3701 Deo
3219 3657 3278 3701 et
3309 3645 3451 3700 Patri
3478 3661 3603 3701 cunt

2023 3751 2214 3798 sancto
2245 3741 2472 3813 Spiritu,
2495 3740 2551 3795 in
2575 3754 2791 3797 omnem
2820 3738 3142 3795 swcultrum
3166 3740 3599 3812 perpetuitatem.

2020 3846 2219 3899 Amen.

336 3941 433 3995 σὺν
462 3939 601 4011 ἁγίῳ
626 3938 926 4010 Πνεῦματι,
961 3940 1041 4004 είς
1072 3956 1198 4004 τους
1223 3938 1425 4004 αἰῶνας
1448 3938 1557 3993 τῶν
1583 3935 1814 3994 αἰώνων.
1860 3935 2050 4009 Ἀμήν.

425 4124 473 4155 ι’
507 4124 661 4180 llom.
688 4139 768 4191 xl,
791 4122 881 4178 ‘25.

656 5925 927 5996 Panos.
972 5926 1091 5991 Gn.
1141 5926 1337 5992 LXX.
