4054 6376
450 333 584 392 ΗΜ
1438 334 1497 390 S.
1538 336 1808 392 CYRILLI
1846 336 2317 393 ALEXANDRINI
2355 339 2673 397 ARCHIEP.
3547 352 3682 406 14-1-2

1555 492 3659 530 Μ

449 486 1550 523 m7

552 695 807 853 AD
934 696 1618 857 TOMUM
1727 700 1867 852 ΙΙ
1982 694 3569 859 SUPPLEMENTUM.

1151 1141 2021 1259 FRAGMENTA
2104 1142 2295 1257 EX
2368 1141 2978 1258 CATENIS

695 1391 777 1454 IN
817 1390 1264 1465 JEREMIAM,
1314 1390 1666 1465 BARUGH,
1719 1389 2231 1454 EZECHIELEM
2283 1391 2385 1452 ET
2438 1378 2847 1453 DANIELEM
2906 1388 3395 1453 PROPHETAS.

1666 1748 1789 1837 IN
1862 1741 2523 1837 JEREMIAM.

1022 1968 1117 2031 (Ex
1151 1972 1323 2019 catena
1365 1964 1618 2017 Michaelis
1652 1964 1885 2018 Ghislerli
1919 1962 1968 2013 in
2001 1964 2285 2015 Jeremiam.
2320 1960 2546 2025 Lugduni
2579 1959 2718 2023 i625,
2754 1962 2785 2010 5
2819 1966 2935 2013 tom.
2971 1957 3080 2020 fol.)

508 2291 593 2360 ιιι,
620 2293 710 2348 23.
747 2290 877 2348 Vere
914 2292 970 2347 iu
993 2292 1317 2347 mendacium
1337 2300 1483 2346 erant
1517 2281 1674 2344 colles
1707 2299 1757 2345 et
1792 2290 2004 2359 fortitu-
2031 2292 2083 2354 Δ

2181 2285 2399 2347 Ὄντως
2425 2283 2510 2350 εἰς
2531 2280 2761 2352 ψεῦδος
2798 2275 2960 2353 ἦσαν
2988 2283 3043 2336 oi
3064 2280 3282 2346 βουνοί
3304 2284 3401 2339 καὶ
3431 2284 3690 2351 δύναμις

441 2391 509 2441 do
542 2385 829 2450 montium;
860 2389 965 2437 etc.

2110 2375 2230 2430 τῶν
2258 2374 2461 2446 ὀρέων,
2497 2392 2551 2429 κ.
2577 2392 2630 2430 τ.
2670 2374 2719 2433 λ.

508 2477 766 2531 Montium
795 2484 849 2531 et
878 2473 1091 2531 collium
1148 2473 1411 2537 meminit,
1440 2472 1691 2543 quoniam
1722 2470 1775 2525 in
1809 2471 1887 2525 eis
1917 2483 2011 2539 per

2180 2466 2555 2538 Διαμέμνηται
2587 2465 2730 2539 ὀρῶν
2759 2466 2852 2521 καὶ
2885 2465 3107 2537 βουνῶν,
3146 2468 3374 2540 ἐπείπερ
3406 2471 3461 2522 ὲν
3497 2468 3688 2531 αὐτοῖς

436 2568 613 2637 prisca
654 2566 742 2621 illa
775 2576 1018 2636 tempora
1083 2563 1207 2620 fana
1253 2563 1475 2618 delubra
1495 2576 1600 2631 que
1666 2569 2006 2617 exstruentes

2110 2558 2252 2611 κατὰ
2294 2560 2418 2623 τοὺς
2457 2558 2722 2629 ἀρχαίους
2771 2559 3013 2622 ἐκείνους
3059 2561 3279 2631 καιροὺς
3314 2562 3434 2632 ἱερά
3473 2578 3533 2613 τε
3585 2560 3688 2612 καὶ

437 2670 494 2715 et
539 2674 662 2715 aras
730 2658 1021 2728 erigentes,
1071 2655 1400 2713 daemonibus
1462 2669 1624 2724 quam
1673 2652 2010 2725 gratissimas

2108 2648 2310 2719 τεμένη
2342 2648 2658 2719 δειμάμενοι
2701 2648 2796 2702 καὶ
2844 2648 3061 2719 βωμοὺς
3099 2651 3530 2721 ἀναστήσαντες,
3566 2654 3690 2714 τοῖς

436 2748 682 2804 victimas
716 2747 1030 2803 offerebant.

2107 2739 2405 2811 δαιμονίοις
2430 2740 2794 2811 χαριεστάτας
2824 2740 3218 2811 προσεκόμιζον
3246 2742 3450 2805 θυσίας.

505 2840 592 2906 ιιι,
620 2839 716 2894 24.
752 2837 1004 2908 Confusio
1032 2846 1205 2891 autem
1227 2835 1541 2905 consumpsit
1564 2834 1765 2889 labores
1796 2844 2006 2904 patrum

2190 2834 2260 2888 Ἦ
2283 2833 2351 2886 δὲ
2386 2834 2650 2903 αἰσχύνη
2687 2832 3077 2887 κατανάλωσε
3104 2834 3247 2900 τοὺς
3272 2836 3539 2905 μόχθους
3564 2834 3690 2889 τῶν

436 2943 736 2985 nostrorum
761 2933 825 2983 ab
859 2927 1210 2983 adolescentia
1238 2942 1440 2980 eorum.

2107 2926 2378 2993 πατέρων
2416 2922 2588 2994 ἡμῶν
2616 2926 2735 2979 ἀπὸ
2768 2926 3048 2993 νεότητος
3069 2925 3286 2981 αὐτῶν.

505 3020 882 3076 Confusionetn
924 3028 1119 3074 vocant
1141 3034 1265 3074 vere
1308 3018 1682 3089 turpissimum
1721 3025 1775 3073 et
1826 3016 2005 3089 inglo-

2177 3016 2449 3088 Αίσχύνην
2478 3017 2694 3086 λέγουσι
2727 3017 2825 3086 τὴν
2855 3017 3071 3081 ἀληθῶς
3107 3019 3279 3073 ἀκλεᾶ
3318 3020 3408 3073 καὶ
3438 3020 3691 3086 ἀδοξοτά·

434 3113 572 3168 rium
603 3111 865 3167 idolorum
895 3111 1094 3165 cultum
1123 3118 1176 3165 et
1212 3119 1514 3164 versantem
1548 3110 1601 3163 in
1628 3124 1692 3165 eo
1738 3124 2003 3175 errorem,

2105 3128 2205 3181 την
2249 3109 2713 3179 είδο).ωλατρείαν,
2748 3109 2840 3162 καὶ
2869 3108 2965 3179 τὴν
2993 3110 3085 3163 ἐπὶ
3110 3110 3283 3181 τούτῳ
3322 3112 3609 3182 πλάνησιν,
3654 3115 3692 3184 ἡ

433 3206 523 3275 qui
558 3213 612 3258 et
635 3213 843 3273 patrum
882 3217 1100 3258 suorum
1135 3201 1345 3256 labores
1372 3201 1645 3257 comedit:
1704 3202 2006 3271 insumpse-

2104 3201 2199 3254 καὶ
2225 3202 2351 3263 τοὺς
2390 3201 2623 3271 μόχθους
2660 3199 2769 3253 τῶν
2813 3200 3063 3272 πατέρων
3093 3202 3268 3255 αὐτῶν
3298 3204 3654 3258 κατανάλωσε
3674 3224 3687 3235 ο

434 3305 561 3349 runt
587 3294 732 3349 enim
770 3309 900 3349 oves
938 3308 1069 3349 suas
1101 3300 1155 3347 et
1205 3290 1421 3358 vitulos,
1456 3291 1791 3347 daemonibus
1847 3307 2001 3347 saera

2104 3290 2506 3363 δεδαπανήκασι
2554 3291 2663 3362 γὰρ
2716 3291 3125 3363 ἱερουργοῦντες
3171 3296 3285 3357 τοῖς
3342 3294 3559 3364 δαίμοσι
3619 3297 3693 3349 τὰ

432 3396 770 3457 peragentes,
804 3385 1203 3455 prudentiaeque
1249 3386 1504 3439 damnum
1534 3398 1637 3438 una
1673 3398 1796 3439 eum
1846 3384 2004 3439 bonis

2104 3381 2351 3453 πρόϐατα
2379 3381 2579 3449 αὐτῶν,
2613 3383 2706 3436 καὶ
2761 3383 2889 3447 τοὺς
2925 3383 3155 3453 μόσχους
3186 3386 3383 3454 αὐτῶν,
3419 3387 3512 3439 καὶ
3546 3405 3692 3457 φρο-

432 3479 736 3534 subierunt.

2103 3474 2308 3545 νήσεως
2334 3474 2537 3543 ζημίαν
2561 3474 2694 3544 ὁμοῦ
2724 3476 2837 3537 τοῖς
2864 3469 3015 3528 οὖσιν
3041 3475 3358 3547 ὑπέμειναν.

506 3569 571 3635 ν,
602 3570 654 3625 1.
692 3568 809 3624 Heu
838 3570 999 3623 mihi!
1032 3568 1156 3640 quia
1211 3564 1385 3639 deﬁcit
1446 3569 1625 3622 anima
1669 3583 1785 3623 mea
1849 3584 2003 3638 super

2167 3565 2237 3616 Οἵ
2266 3580 2367 3633 μοι
2385 3565 2406 3616 .'
2432 3564 2521 3618 ὅτι
2548 3555 2820 3618 ἐκλείπει
2852 3565 2890 3632 ἠ
2923 3564 3092 3634 ψυχή
3130 3584 3250 3635 μου
3288 3567 3384 3621 ἐπὶ
3422 3568 3551 3635 τοῖς
3582 3570 3692 3624 ἁν-

430 3662 737 3731 interfectis.
770 3661 1179 3716 Circumcurrite
1205 3662 1259 3715 in
1291 3661 1385 3715 viis
1418 3656 1735 3715 Jerusalem.

2102 3651 2440 3723 ῃρημένοις.
2498 3654 2889 3724 Περιδράμετε
2957 3655 3027 3708 ἐν
3074 3654 3203 3722 ταῖς
3258 3657 3420 3723 ὁδοῖς
3474 3659 3693 3726 Ἰερου-

2104 3751 2339 3803 σαλήιι.

506 3838 695 3895 Viden’
737 3839 1040 3895 occisorum
1070 3853 1229 3894 causa
1262 3839 1421 3894 nimis
1448 3838 1714 3894 dolentem
1734 3838 1999 3894 lubentis-
2086 3864 2089 3867 ι

2104 3751 2255 3803 σαλτ
2325 3786 2339 3801 .

2185 3748 2350 3911 Ὀἐές
2384 3840 2441 3892 ὲν
2480 3840 2689 3903 τούτοις
2716 3839 2973 3893 ὠδίνοντα
3003 3841 3101 3911 μὲν
3126 3841 3219 3894 ἐπὶ
3255 3843 3368 3905 τοῖς
3394 3843 3695 3917 ἀνῃρημέ-

428 3931 672 4000 araeque
711 3926 1011 3984 Jerusalem
1045 3930 1289 3985 misereri
1329 3938 1687 4001 appetentem,
1724 3930 1816 3985 sed
1861 3945 1999 4001 quo-

2102 3945 2236 3994 νοις,
2267 3930 2362 3983 καὶ
2388 3931 2695 4002 προχείρως
2731 3931 2831 4001 μὲν
2858 3930 3028 3985 ἐλεεῖν
3057 3931 3306 3987 ἐθέλοντα
3335 3933 3434 4004 τὴν
3476 3936 3695 4005 Ἰερου-

428 4021 714 4077 dammodo
742 4036 771 4075 a
810 4019 989 4090 seipso
1017 4020 1349 4092 impeditum,
1379 4032 1435 4077 et
1469 4030 1675 4077 tantum
1703 4038 1806 4077 non
1838 4038 1995 4078 revo-

2103 4019 2317 4090 σαλὴμ,
2354 4020 2668 4091 εἰργόμενον
2712 4020 2770 4073 δέ
2814 4038 2930 4083 πως
2969 4021 3057 4091 ὑφ’
3105 4022 3333 4086 ἑαυτοῦ,
3386 4029 3692 4097 μονονουχὶ

429 4121 639 4168 cantem
684 4112 918 4167 divinam
954 4111 1332 4182 benignitatem
1365 4114 1434 4169 ob
1467 4115 1765 4185 iniquitatis
1810 4129 2000 4170 exceso

2099 4109 2157 4163 ἃ
2188 4112 2281 4163 καὶ
2309 4111 2735 4182 ἀνασειράζοντα
2767 4111 2864 4183 τὴν
2897 4112 3175 4184 θεοπρεπῆ
3208 4114 3555 4186 γαληνότητα
3600 4119 3692 4172 διὸ

428 4219 570 4268 sum,
604 4212 934 4274 quaerentem
984 4213 1161 4260 tamen
1204 4205 1575 4275 iniquitatibus
1647 4208 1996 4262 commisera-

2098 4203 2161 4255 τὸ
2184 4203 2283 4273 τῆς
2316 4204 2589 4275 ἁμαρτίας
2623 4204 2945 4274 ὑπέρογκονσ
2962 4204 3227 4275 ζητοῦντα
3249 4206 3295 4259 δ’
3320 4203 3413 4260 οὖν
3442 4209 3605 4279 ὅμως
3630 4213 3693 4265 τὸ

427 4296 628 4352 tionem
647 4294 1021 4365 volentemque
1038 4308 1134 4365 per
1153 4311 1316 4351 unum
1344 4306 1587 4352 avertere
1613 4297 1786 4351 iram?
1819 4298 1991 4353 Unum

2098 4296 2491 4367 κατοικτείρειν
2538 4297 2638 4360 τὰς
2702 4298 3007 4368 ἁμαρτίας,
3062 4299 3157 4352 καὶ
3199 4299 3283 4368 ἐφ’
3318 4300 3398 4351 ἐνὶ
3449 4301 3693 4357 θέλοντα

424 4387 572 4442 enim
607 4386 880 4443 hominem
911 4387 978 4443 ab
1012 4387 1097 4443 his
1128 4388 1221 4458 qui
1274 4390 1660 4459 percurrebant
1716 4404 1996 4445 common-

2098 4387 2388 4442 καταλύειν
2422 4388 2489 4442 τὰ
2518 4388 2578 4453 ἐξ
2605 4389 2807 4459 ὀργῆς;
2838 4388 2978 4441 Ἕνα
3009 4390 3116 4461 γὰρ
3152 4390 3319 4461 ἄνδρα
3351 4393 3479 4457 τοὺς
3517 4412 3695 4467 περι-

423 4479 586 4535 strari
620 4478 718 4533 sibi
746 4477 986 4546 iubebat.

2098 4477 2317 4544 θέοντας
2340 4481 2706 4536 ἐπιδεικνύναι
2734 4481 2925 4537 πιστὸν
2949 4484 3009 4535 ὲν
3035 4483 3172 4554 αὐτῇ
3202 4483 3533 4540 διετάττετο.

496 4571 561 4639 ν,
591 4571 645 4625 4.
686 4569 755 4625 Et
819 4588 912 4642 ego
952 4571 1367 4627 dixi:Fortasse
1428 4574 1605 4641 inopes
1639 4582 1794 4641 sunt,
1847 4577 1992 4645 quia,

2168 4571 2278 4625 Kal
2315 4572 2429 4643 ἐγὼ
2468 4569 2607 4627 εἶπα
2632 4591 2645 4604 ·
2684 4576 2861 4641 Ἴσως
2909 4574 3135 4641 πτωχοί
3176 4577 3322 4641 είσι,
3367 4575 3525 4631 διότι
3569 4582 3694 4635 οὐκ

422 4675 526 4719 etc.
2094 4660 2515 4732 ἐδυνήθησαν,
2548 4683 2602 4719 κ.
2628 4685 2679 4721 τ.
2711 4667 2762 4721 λ.

490 4754 591 4822 Qui
643 4754 873 4826 majores
914 4764 1144 4812 erantet
1166 4755 1410 4824 ampliori
1440 4756 1738 4812 sacerdotio
1771 4757 1995 4830 fungen-

2170 4753 2243 4806 Τὸ
2268 4751 2502 4826 προῦχον
2533 4758 2624 4811 καὶ
2659 4760 2943 4831 ἱερώτερον
2974 4762 3033 4813 ὲν
3058 4762 3170 4824 τοῖς
3203 4758 3483 4825 Ἰουδαίοις
3512 4764 3694 4818 ταλα-

423 4858 503 4902 tes
530 4847 667 4917 apud
692 4845 905 4902 Iudaeos
938 4847 1134 4902 merito
1158 4862 1257 4917 pro
1286 4847 1657 4902 miserioribus
1688 4847 1989 4915 habentur;

2097 4844 2301 4908 νίζεται
2334 4846 2430 4916 μὲν
2456 4847 2681 4911 εἰκότως
2711 4888 2725 4902 .
2761 4850 3150 4921 ραγδαιοτέραν
3171 4849 3226 4903 δὲ
3250 4849 3347 4920 τὴν
3370 4850 3553 4922 ὀργὴν
3597 4857 3698 4909 ἐπ-

422 4937 620 5007 quibus
684 4938 845 4993 etiam
900 4937 980 4992 ira
1040 4938 1402 4995 abundantior
1468 4937 1639 4993 ell'usa
1685 4949 1788 4994 est.
1840 4939 2023 5018 Quod‘

2096 4934 2359 5005 ήντλησεν
2390 4937 2557 5007 αὐτῷ.
2587 4940 2697 4992 Καὶ
2742 4940 2899 4994 τοῦτο
2940 4944 3195 5013 σαφηνιεῖ
3231 4941 3405 5010 λέγων
3449 4946 3634 5010 αὐτὸς
3668 4951 3697 5002 ὁ

420 5030 638 5101 planum
681 5029 811 5085 iacit
855 5030 1123 5097 Christus,
1158 5030 1426 5101 inquiens,
1468 5027 1558 5085 Va:
1596 5029 1759 5094 vobis,
1791 5031 1992 5086 Scriba:

2099 5024 2368 5097 Χριστὸς,
2400 5030 2546 5082 Οὐαὶ
2589 5030 2748 5100 ὑμῖν,
2797 5032 3167 5102 Fpamtateic
3213 5033 3311 5087 καὶ
3358 5036 3700 5104 Φαρισαῖοι

419 5132 470 5175 et
500 5118 763 5174 Pharistei
802 5121 1103 5191 hypocritw,
1162 5123 1286 5192 quia
1334 5124 1567 5177 circuitis
1616 5139 1759 5176 mare
1801 5133 1848 5177 et
1879 5125 1989 5177 ario-

2097 5118 2434 5185 ὑποκριταὶ,
2463 5118 2551 5172 ὅτι
2589 5120 2890 5192 περιάγετε
2916 5123 3029 5191 τὴν
3059 5125 3381 5178 θάλασσαν
3425 5127 3530 5179 καὶ
3569 5131 3698 5199 τὴν

419 5212 544 5265 dam
603 5223 660 5263 ut
698 5211 909 5281 faciatis
948 5228 1107 5265 unum
1152 5215 1493 5285 proselytum,
1527 5223 1632 5269 etc.

2093 5208 2301 5277 ξηρὰν,
2339 5209 2585 5275 ποιῆσαι
2609 5213 2717 5267 ἕνα
2744 5215 3136 5283 προσήλυτον
3155 5255 3169 5277 ,
3207 5234 3260 5269 κ.
3292 5235 3345 5271 τ.
3376 5219 3425 5272 ἑ.

491 5297 575 5362 γι,
606 5298 695 5352 10.
744 5298 826 5353 Ad
852 5316 1001 5369 quem
1044 5301 1230 5371 loquar
1250 5312 1297 5355 et
1327 5302 1705 5356 contestabor?

2157 5302 2315 5369 Πρὸς
2340 5305 2476 5357 τίνα
2502 5306 2755 5375 λαλήσω
2784 5308 2881 5360 καὶ
2910 5308 3416 5378 διειμιιρτύρομαι;

487 5388 805 5458 Opprobriis
877 5392 1021 5445 enim
1098 5393 1318 5447 verbum
1386 5393 1587 5449 Christi
1660 5396 1986 5465 impetebant

2153 5395 2547 5461 Κατωνείδιζον
2579 5398 2687 5469 γὰρ
2724 5399 2785 5452 τό
2825 5398 2975 5470 ῥῆμα
3015 5399 3275 5471 Χριστοῦ,
3306 5404 3420 5464 τοῖς
3458 5404 3701 5474 ἀκροω-

417 5492 541 5531 cum
574 5480 642 5533 de
688 5479 779 5534 illo
811 5480 1055 5536 dicerent
1083 5480 1436 5552 auditoribus,
1470 5482 1798 5538 Dwmonium
1832 5486 1983 5539 habet

2093 5485 2267 5556 μένοις
2308 5490 2434 5559 περὶ
2486 5490 2649 5543 αὑτοῦ
2700 5491 2975 5560 λέγοντεςσ
3024 5494 3344 5563 Δαιμόνιον
3387 5494 3522 5564 ἔχει
3582 5502 3694 5555 καὶ

415 5576 464 5617 et
506 5566 723 5623 insanit.
759 5570 895 5636 Quid
919 5573 1088 5643 ipsum
1120 5574 1356 5629 auditis?

2080 5576 2354 5644 μαίνεται
2373 5596 2387 5609 ο
2413 5580 2469 5632 τι
2488 5580 2675 5634 αὐτοῦ
2698 5583 2947 5636 ἀκούετε
2960 5600 2979 5646 ;

484 5653 597 5723 Vl-l,
635 5658 718 5711 i7.
765 5660 1019 5732 Nunquid
1064 5681 1166 5720 non
1193 5665 1331 5721 uides
1382 5668 1507 5737 quid
1540 5668 1639 5738 ipsi
1690 5667 1889 5737 faciunt
1925 5668 1979 5723 in

2160 5669 2309 5738 Οὐχὶ
2352 5671 2493 5739 ὁρᾷς
2538 5676 2595 5729 τί
2631 5676 2798 5730 αὐτοὶ
2837 5675 3079 5731 ποιοῦσι
3122 5678 3194 5732 ἐν
3245 5676 3375 5745 ταῖς
3412 5680 3696 5736 πόλεσιν

421 5745 714 5803 civitatibus
754 5750 886 5806 Iuda
903 5756 929 5809 .’

754 5750 779 5803 1
785 5753 886 5806 uda
903 5756 929 5809 .’
2096 5760 2280 5815 Ἰούδα
2301 5780 2317 5827 ;
