  <div class='ocr_page' id='page_1' title='image "/cluster/home/n/w/nwhite01/storage/ocr_20150623/70/nnc1.0046980253/756.png"; bbox 0 0 4054 6376; ppageno 0'>
   <div class='ocr_carea' id='block_1_1' title="bbox 364 419 504 486">
    <p class='ocr_par' dir='ltr' id='par_1_1' title="bbox 364 419 504 486">
     <span class='ocr_line' id='line_1_1' title="bbox 364 419 504 486; baseline -0.007 0"><span class='ocrx_word' id='word_1_1' title='bbox 364 419 504 486; x_wconf 63' lang='grc' dir='ltr'>ιιῖὶὸ</span> 
     </span>
    </p>
   </div>
   <div class='ocr_carea' id='block_1_2' title="bbox 1490 408 2417 491">
    <p class='ocr_par' dir='ltr' id='par_1_2' title="bbox 1490 408 2417 491">
     <span class='ocr_line' id='line_1_2' title="bbox 1490 408 2417 491; baseline 0.01 -8"><span class='ocrx_word' id='word_1_2' title='bbox 1490 426 1911 486; x_wconf 75' lang='lat' dir='ltr'><strong>FRAGMENTA</strong></span> <span class='ocrx_word' id='word_1_3' title='bbox 1949 431 2017 486; x_wconf 79' lang='lat' dir='ltr'>IN</span> <span class='ocrx_word' id='word_1_4' title='bbox 2053 408 2417 491; x_wconf 63' lang='lat' dir='ltr'><strong>iuuentam.</strong></span> 
     </span>
    </p>
   </div>
   <div class='ocr_carea' id='block_1_3' title="bbox 3464 425 3600 496">
    <p class='ocr_par' dir='ltr' id='par_1_3' title="bbox 3464 425 3600 496">
     <span class='ocr_line' id='line_1_3' title="bbox 3464 425 3600 496; baseline 0.022 -3"><span class='ocrx_word' id='word_1_5' title='bbox 3464 425 3600 496; x_wconf 65' lang='lat' dir='ltr'><strong>list</strong></span> 
     </span>
    </p>
   </div>
   <div class='ocr_carea' id='block_1_4' title="bbox 458 538 1924 623">
    <p class='ocr_par' dir='ltr' id='par_1_4' title="bbox 458 538 1924 621">
     <span class='ocr_line' id='line_1_4' title="bbox 458 538 1924 621; baseline 0.003 -23"><span class='ocrx_word' id='word_1_6' title='bbox 458 544 593 615; x_wconf 79' lang='grc' dir='ltr'>Οσίᾳ</span> <span class='ocrx_word' id='word_1_7' title='bbox 617 544 681 615; x_wconf 86' lang='grc' dir='ltr'>δὴ</span> <span class='ocrx_word' id='word_1_8' title='bbox 718 538 809 597; x_wconf 79' lang='grc' dir='ltr'><strong>οῦν</strong></span> <span class='ocrx_word' id='word_1_9' title='bbox 842 545 1238 617; x_wconf 85' lang='grc' dir='ltr'>τετιμώρηνται</span> <span class='ocrx_word' id='word_1_10' title='bbox 1264 548 1451 618; x_wconf 73' lang='grc' dir='ltr'>ψήφῳ.</span> <span class='ocrx_word' id='word_1_11' title='bbox 1486 547 1798 612; x_wconf 77' lang='grc' dir='ltr'>’Λναθέντες</span> <span class='ocrx_word' id='word_1_12' title='bbox 1818 549 1924 621; x_wconf 82' lang='grc' dir='ltr'><strong>γὰρ</strong></span> 
     </span>
    </p>
   </div>
   <div class='ocr_carea' id='block_1_5' title="bbox 2029 538 3598 623">
    <p class='ocr_par' dir='ltr' id='par_1_5' title="bbox 2104 552 3598 623">
     <span class='ocr_line' id='line_1_5' title="bbox 2104 552 3598 623; baseline 0.003 -15"><span class='ocrx_word' id='word_1_13' title='bbox 2104 552 2255 608; x_wconf 86' lang='lat' dir='ltr'><strong>Justa</strong></span> <span class='ocrx_word' id='word_1_14' title='bbox 2297 552 2721 623; x_wconf 68' lang='lat' dir='ltr'><strong>ptena&#39;mulctati</strong></span> <span class='ocrx_word' id='word_1_15' title='bbox 2754 565 2897 611; x_wconf 88' lang='lat' dir='ltr'><strong>sunt.</strong></span> <span class='ocrx_word' id='word_1_16' title='bbox 2928 555 3059 611; x_wconf 82' lang='lat' dir='ltr'><strong>Cum</strong></span> <span class='ocrx_word' id='word_1_17' title='bbox 3086 553 3227 610; x_wconf 74' lang='lat' dir='ltr'><strong>enim</strong></span> <span class='ocrx_word' id='word_1_18' title='bbox 3259 558 3413 613; x_wconf 85' lang='lat' dir='ltr'>rebus</span> <span class='ocrx_word' id='word_1_19' title='bbox 3444 573 3598 613; x_wconf 88' lang='lat' dir='ltr'><strong>crea-</strong></span> 
     </span>
    </p>
   </div>
   <div class='ocr_carea' id='block_1_6' title="bbox 358 635 1929 711">
    <p class='ocr_par' dir='ltr' id='par_1_6' title="bbox 358 635 1929 711">
     <span class='ocr_line' id='line_1_6' title="bbox 358 635 1929 711; baseline 0.003 -22"><span class='ocrx_word' id='word_1_20' title='bbox 358 635 535 689; x_wconf 84' lang='grc' dir='ltr'>κτίσει</span> <span class='ocrx_word' id='word_1_21' title='bbox 570 636 633 688; x_wconf 86' lang='grc' dir='ltr'>τὸ</span> <span class='ocrx_word' id='word_1_22' title='bbox 663 635 828 699; x_wconf 79' lang='grc' dir='ltr'>σέϐας</span> <span class='ocrx_word' id='word_1_23' title='bbox 849 674 865 699; x_wconf 85' lang='grc'><strong>,</strong></span> <span class='ocrx_word' id='word_1_24' title='bbox 894 636 990 690; x_wconf 78' lang='grc' dir='ltr'>καὶ</span> <span class='ocrx_word' id='word_1_25' title='bbox 1029 639 1141 701; x_wconf 88' lang='grc' dir='ltr'>τοῖς</span> <span class='ocrx_word' id='word_1_26' title='bbox 1172 637 1354 709; x_wconf 77' lang='grc' dir='ltr'>ἔργοις</span> <span class='ocrx_word' id='word_1_27' title='bbox 1396 638 1506 691; x_wconf 86' lang='grc' dir='ltr'><strong>τῶν</strong></span> <span class='ocrx_word' id='word_1_28' title='bbox 1553 639 1696 692; x_wconf 84' lang='grc' dir='ltr'><strong>ἰδίων</strong></span> <span class='ocrx_word' id='word_1_29' title='bbox 1729 640 1929 711; x_wconf 84' lang='grc' dir='ltr'>χειρῶν</span> 
     </span>
    </p>
   </div>
   <div class='ocr_carea' id='block_1_7' title="bbox 356 725 1929 800">
    <p class='ocr_par' dir='ltr' id='par_1_7' title="bbox 356 725 1929 800">
     <span class='ocr_line' id='line_1_7' title="bbox 356 725 1929 800; baseline 0.003 -21"><span class='ocrx_word' id='word_1_30' title='bbox 356 725 772 798; x_wconf 67' lang='grc' dir='ltr'>λατρεύσαντες,</span> <span class='ocrx_word' id='word_1_31' title='bbox 793 725 947 782; x_wconf 75' lang='grc' dir='ltr'>αὐτοὶ</span> <span class='ocrx_word' id='word_1_32' title='bbox 972 729 1093 790; x_wconf 83' lang='grc' dir='ltr'>ταῖς</span> <span class='ocrx_word' id='word_1_33' title='bbox 1120 727 1279 792; x_wconf 87' lang='grc' dir='ltr'>ίδίαις</span> <span class='ocrx_word' id='word_1_34' title='bbox 1302 729 1646 800; x_wconf 83' lang='grc' dir='ltr'>ἐπήντλησαν</span> <span class='ocrx_word' id='word_1_35' title='bbox 1667 731 1929 799; x_wconf 81' lang='grc' dir='ltr'><strong>κεφαλαῖς</strong></span> 
     </span>
    </p>
   </div>
   <div class='ocr_carea' id='block_1_8' title="bbox 356 816 1927 890">
    <p class='ocr_par' dir='ltr' id='par_1_8' title="bbox 356 816 1927 890">
     <span class='ocr_line' id='line_1_8' title="bbox 356 816 1927 890; baseline 0.003 -20"><span class='ocrx_word' id='word_1_36' title='bbox 356 817 428 871; x_wconf 83' lang='grc' dir='ltr'><strong>τά</strong></span> <span class='ocrx_word' id='word_1_37' title='bbox 459 819 523 870; x_wconf 87' lang='grc' dir='ltr'>ὲκ</span> <span class='ocrx_word' id='word_1_38' title='bbox 548 816 911 888; x_wconf 81' lang='grc' dir='ltr'>θείας.ὀργῆς.</span> <span class='ocrx_word' id='word_1_39' title='bbox 943 818 1017 871; x_wconf 79' lang='grc' dir='ltr'>Οὐ</span> <span class='ocrx_word' id='word_1_40' title='bbox 1048 818 1153 890; x_wconf 70' lang='grc' dir='ltr'><strong>γὰρ</strong></span> <span class='ocrx_word' id='word_1_41' title='bbox 1175 818 1375 882; x_wconf 81' lang='grc' dir='ltr'><strong>ἀδίκως</strong></span> <span class='ocrx_word' id='word_1_42' title='bbox 1419 821 1714 875; x_wconf 73' lang='grc' dir='ltr'><strong>ἐκτείνεται</strong></span> <span class='ocrx_word' id='word_1_43' title='bbox 1736 822 1927 875; x_wconf 81' lang='grc' dir='ltr'><strong>δίκτυα</strong></span> 
     </span>
    </p>
   </div>
   <div class='ocr_carea' id='block_1_9' title="bbox 360 908 1375 981">
    <p class='ocr_par' dir='ltr' id='par_1_9' title="bbox 360 908 1375 981">
     <span class='ocr_line' id='line_1_9' title="bbox 360 908 1375 981; baseline 0.005 -20"><span class='ocrx_word' id='word_1_44' title='bbox 360 910 679 978; x_wconf 57' lang='grc' dir='ltr'>πτερωτοῖςδ</span> <span class='ocrx_word' id='word_1_45' title='bbox 714 908 857 963; x_wconf 86' lang='grc' dir='ltr'><strong>κατά</strong></span> <span class='ocrx_word' id='word_1_46' title='bbox 879 910 941 962; x_wconf 81' lang='grc' dir='ltr'>τὸ</span> <span class='ocrx_word' id='word_1_47' title='bbox 970 911 1375 981; x_wconf 80' lang='grc' dir='ltr'>γεγραμμένον.</span> 
     </span>
    </p>
   </div>
   <div class='ocr_carea' id='block_1_10' title="bbox 441 1001 1097 1071">
    <p class='ocr_par' dir='ltr' id='par_1_10' title="bbox 441 1001 1097 1071">
     <span class='ocr_line' id='line_1_10' title="bbox 441 1001 1097 1071; baseline 0.002 -16"><span class='ocrx_word' id='word_1_48' title='bbox 441 1001 874 1071; x_wconf 78' lang='grc' dir='ltr'>ᾞσχύνθησαν</span> <span class='ocrx_word' id='word_1_49' title='bbox 895 1003 1097 1071; x_wconf 69' lang='grc' dir='ltr'>σοφοί.</span> 
     </span>
    </p>
   </div>
   <div class='ocr_carea' id='block_1_11' title="bbox 429 1092 1926 1166">
    <p class='ocr_par' dir='ltr' id='par_1_11' title="bbox 429 1092 1926 1166">
     <span class='ocr_line' id='line_1_11' title="bbox 429 1092 1926 1166; baseline 0.001 -19"><span class='ocrx_word' id='word_1_50' title='bbox 429 1094 634 1163; x_wconf 81' lang='grc' dir='ltr'>Σοφοὺς</span> <span class='ocrx_word' id='word_1_51' title='bbox 657 1092 832 1147; x_wconf 77' lang='grc' dir='ltr'>ἔοικεν</span> <span class='ocrx_word' id='word_1_52' title='bbox 858 1096 917 1147; x_wconf 82' lang='grc' dir='ltr'>ἐν</span> <span class='ocrx_word' id='word_1_53' title='bbox 948 1093 1156 1159; x_wconf 81' lang='grc' dir='ltr'><strong>τούτοις</strong></span> <span class='ocrx_word' id='word_1_54' title='bbox 1186 1095 1485 1166; x_wconf 77' lang='grc' dir='ltr'>ύπσδηλοῦν</span> <span class='ocrx_word' id='word_1_55' title='bbox 1512 1097 1635 1161; x_wconf 72' lang='grc' dir='ltr'>τοῦς</span> <span class='ocrx_word' id='word_1_56' title='bbox 1662 1098 1773 1150; x_wconf 84' lang='grc' dir='ltr'><strong>τῶν</strong></span> <span class='ocrx_word' id='word_1_57' title='bbox 1816 1097 1926 1150; x_wconf 83' lang='grc' dir='ltr'><strong>Ἐλ-</strong></span> 
     </span>
    </p>
   </div>
   <div class='ocr_carea' id='block_1_12' title="bbox 356 1184 1926 1261">
    <p class='ocr_par' dir='ltr' id='par_1_12' title="bbox 356 1184 1926 1261">
     <span class='ocr_line' id='line_1_12' title="bbox 356 1184 1926 1261; baseline 0.003 -24"><span class='ocrx_word' id='word_1_58' title='bbox 356 1184 536 1255; x_wconf 84' lang='grc' dir='ltr'>λήνων</span> <span class='ocrx_word' id='word_1_59' title='bbox 580 1184 836 1253; x_wconf 83' lang='grc' dir='ltr'>λογάδας,</span> <span class='ocrx_word' id='word_1_60' title='bbox 891 1185 1120 1257; x_wconf 83' lang='grc' dir='ltr'>ποιητάς</span> <span class='ocrx_word' id='word_1_61' title='bbox 1160 1204 1219 1240; x_wconf 88' lang='grc' dir='ltr'><strong>τε</strong></span> <span class='ocrx_word' id='word_1_62' title='bbox 1292 1189 1385 1241; x_wconf 74' lang='grc' dir='ltr'><strong>καὶ</strong></span> <span class='ocrx_word' id='word_1_63' title='bbox 1437 1189 1824 1261; x_wconf 75' lang='grc' dir='ltr'>συγγραφέας·</span> <span class='ocrx_word' id='word_1_64' title='bbox 1876 1190 1926 1241; x_wconf 81' lang='grc' dir='ltr'>οἳ</span> 
     </span>
    </p>
   </div>
   <div class='ocr_carea' id='block_1_13' title="bbox 356 1276 1925 1351">
    <p class='ocr_par' dir='ltr' id='par_1_13' title="bbox 356 1276 1925 1351">
     <span class='ocr_line' id='line_1_13' title="bbox 356 1276 1925 1351; baseline 0.001 -21"><span class='ocrx_word' id='word_1_65' title='bbox 356 1277 602 1346; x_wconf 83' lang='grc' dir='ltr'>γλῶτταν</span> <span class='ocrx_word' id='word_1_66' title='bbox 657 1276 755 1349; x_wconf 80' lang='grc' dir='ltr'>μὲν</span> <span class='ocrx_word' id='word_1_67' title='bbox 792 1276 1004 1347; x_wconf 77' lang='grc' dir='ltr'>ἔχουσιν</span> <span class='ocrx_word' id='word_1_68' title='bbox 1045 1278 1223 1349; x_wconf 81' lang='grc' dir='ltr'>εὐφυᾶ</span> <span class='ocrx_word' id='word_1_69' title='bbox 1268 1280 1361 1333; x_wconf 80' lang='grc' dir='ltr'>καὶ</span> <span class='ocrx_word' id='word_1_70' title='bbox 1404 1279 1925 1351; x_wconf 62' lang='grc' dir='ltr'>ἐτεριειργασμὲνην,</span> 
     </span>
    </p>
   </div>
   <div class='ocr_carea' id='block_1_14' title="bbox 357 1368 1928 1443">
    <p class='ocr_par' dir='ltr' id='par_1_14' title="bbox 357 1368 1928 1443">
     <span class='ocr_line' id='line_1_14' title="bbox 357 1368 1928 1443; baseline 0.003 -21"><span class='ocrx_word' id='word_1_71' title='bbox 357 1371 452 1424; x_wconf 74' lang='grc' dir='ltr'>καὶ</span> <span class='ocrx_word' id='word_1_72' title='bbox 492 1372 612 1433; x_wconf 74' lang='grc' dir='ltr'>ταῖς</span> <span class='ocrx_word' id='word_1_73' title='bbox 640 1369 748 1424; x_wconf 78' lang='grc' dir='ltr'>τῶν</span> <span class='ocrx_word' id='word_1_74' title='bbox 790 1368 963 1438; x_wconf 83' lang='grc' dir='ltr'>λόγων</span> <span class='ocrx_word' id='word_1_75' title='bbox 1005 1370 1296 1441; x_wconf 77' lang='grc' dir='ltr'>κομψείαις</span> <span class='ocrx_word' id='word_1_76' title='bbox 1332 1370 1712 1443; x_wconf 66' lang='grc' dir='ltr'><strong>ἐξησκημένην</strong></span> <span class='ocrx_word' id='word_1_77' title='bbox 1752 1374 1831 1436; x_wconf 83' lang='grc' dir='ltr'><strong>είς</strong></span> <span class='ocrx_word' id='word_1_78' title='bbox 1866 1374 1928 1426; x_wconf 81' lang='grc' dir='ltr'>τὸ</span> 
     </span>
    </p>
   </div>
   <div class='ocr_carea' id='block_1_15' title="bbox 357 1461 1928 1535">
    <p class='ocr_par' dir='ltr' id='par_1_15' title="bbox 357 1461 1928 1535">
     <span class='ocr_line' id='line_1_15' title="bbox 357 1461 1928 1535; baseline 0.001 -21"><span class='ocrx_word' id='word_1_79' title='bbox 357 1461 613 1532; x_wconf 71' lang='grc' dir='ltr'>ἐπίχαρι,</span> <span class='ocrx_word' id='word_1_80' title='bbox 660 1462 974 1533; x_wconf 77' lang='grc' dir='ltr'>φρονήσεως</span> <span class='ocrx_word' id='word_1_81' title='bbox 1006 1461 1065 1514; x_wconf 75' lang='grc' dir='ltr'>δὲ</span> <span class='ocrx_word' id='word_1_82' title='bbox 1109 1461 1211 1531; x_wconf 79' lang='grc' dir='ltr'>τῆς</span> <span class='ocrx_word' id='word_1_83' title='bbox 1255 1462 1487 1533; x_wconf 76' lang='grc' dir='ltr'>ἀληθοῦς</span> <span class='ocrx_word' id='word_1_84' title='bbox 1532 1464 1791 1534; x_wconf 84' lang='grc' dir='ltr'>ἀμέτοχοι</span> <span class='ocrx_word' id='word_1_85' title='bbox 1830 1463 1928 1535; x_wconf 79' lang='grc' dir='ltr'>τὴν</span> 
     </span>
    </p>
   </div>
   <div class='ocr_carea' id='block_1_16' title="bbox 356 1553 1924 1626">
    <p class='ocr_par' dir='ltr' id='par_1_16' title="bbox 356 1553 1924 1626">
     <span class='ocr_line' id='line_1_16' title="bbox 356 1553 1924 1626; baseline 0.001 -19"><span class='ocrx_word' id='word_1_86' title='bbox 356 1553 605 1621; x_wconf 82' lang='grc' dir='ltr'>καρδίαν.</span> <span class='ocrx_word' id='word_1_87' title='bbox 632 1554 719 1617; x_wconf 85' lang='grc' dir='ltr'>Ὠς</span> <span class='ocrx_word' id='word_1_88' title='bbox 738 1553 845 1625; x_wconf 87' lang='grc' dir='ltr'><strong>γάρ</strong></span> <span class='ocrx_word' id='word_1_89' title='bbox 861 1555 889 1606; x_wconf 86' lang='grc' dir='ltr'>ὁ</span> <span class='ocrx_word' id='word_1_90' title='bbox 908 1553 1182 1622; x_wconf 81' lang='grc' dir='ltr'>πάνσοφος</span> <span class='ocrx_word' id='word_1_91' title='bbox 1204 1554 1407 1625; x_wconf 80' lang='grc' dir='ltr'>γράφει</span> <span class='ocrx_word' id='word_1_92' title='bbox 1432 1554 1643 1618; x_wconf 83' lang='grc' dir='ltr'>Παῦλος</span> <span class='ocrx_word' id='word_1_93' title='bbox 1659 1594 1674 1619; x_wconf 90' lang='grc'><strong>,</strong></span> <span class='ocrx_word' id='word_1_94' title='bbox 1710 1575 1727 1606; x_wconf 74' lang='grc' dir='ltr'><strong>ι</strong></span> <span class='ocrx_word' id='word_1_95' title='bbox 1755 1555 1924 1626; x_wconf 88' lang='grc' dir='ltr'>Ἐμα-</span> 
     </span>
    </p>
   </div>
   <div class='ocr_carea' id='block_1_17' title="bbox 354 1645 1927 1718">
    <p class='ocr_par' dir='ltr' id='par_1_17' title="bbox 354 1645 1927 1718">
     <span class='ocr_line' id='line_1_17' title="bbox 354 1645 1927 1718; baseline 0.001 -18"><span class='ocrx_word' id='word_1_96' title='bbox 354 1645 667 1717; x_wconf 84' lang='grc' dir='ltr'>ταιώθησαν</span> <span class='ocrx_word' id='word_1_97' title='bbox 694 1649 751 1700; x_wconf 81' lang='grc' dir='ltr'>ὲν</span> <span class='ocrx_word' id='word_1_98' title='bbox 779 1649 891 1710; x_wconf 82' lang='grc' dir='ltr'>τοῖς</span> <span class='ocrx_word' id='word_1_99' title='bbox 908 1645 1278 1717; x_wconf 83' lang='grc' dir='ltr'>διαλογισμοῖς</span> <span class='ocrx_word' id='word_1_100' title='bbox 1296 1646 1496 1710; x_wconf 85' lang='grc' dir='ltr'>αὐτῶν,</span> <span class='ocrx_word' id='word_1_101' title='bbox 1515 1649 1608 1702; x_wconf 77' lang='grc' dir='ltr'>καὶ</span> <span class='ocrx_word' id='word_1_102' title='bbox 1636 1647 1927 1718; x_wconf 77' lang='grc' dir='ltr'>ἐσκοτίσθη</span> 
     </span>
    </p>
   </div>
   <div class='ocr_carea' id='block_1_18' title="bbox 354 1731 1924 1808">
    <p class='ocr_par' dir='ltr' id='par_1_18' title="bbox 354 1731 1924 1808">
     <span class='ocr_line' id='line_1_18' title="bbox 354 1731 1924 1808; baseline -0.001 -17"><span class='ocrx_word' id='word_1_103' title='bbox 354 1739 390 1808; x_wconf 81' lang='grc' dir='ltr'>ἠ</span> <span class='ocrx_word' id='word_1_104' title='bbox 434 1736 692 1799; x_wconf 88' lang='grc' dir='ltr'>ἀσύνετος</span> <span class='ocrx_word' id='word_1_105' title='bbox 736 1734 915 1789; x_wconf 86' lang='grc' dir='ltr'>αὐτῶν</span> <span class='ocrx_word' id='word_1_106' title='bbox 955 1734 1170 1807; x_wconf 86' lang='grc' dir='ltr'>καρδία.</span> <span class='ocrx_word' id='word_1_107' title='bbox 1215 1736 1514 1799; x_wconf 80' lang='grc' dir='ltr'>Φάσκοντες</span> <span class='ocrx_word' id='word_1_108' title='bbox 1562 1731 1701 1790; x_wconf 81' lang='grc' dir='ltr'>εἶναι</span> <span class='ocrx_word' id='word_1_109' title='bbox 1751 1738 1924 1807; x_wconf 71' lang='grc' dir='ltr'>σοφοὶ,</span> 
     </span>
    </p>
   </div>
   <div class='ocr_carea' id='block_1_19' title="bbox 356 1823 1927 1900">
    <p class='ocr_par' dir='ltr' id='par_1_19' title="bbox 356 1823 1927 1900">
     <span class='ocr_line' id='line_1_19' title="bbox 356 1823 1927 1900; baseline -0.001 -17"><span class='ocrx_word' id='word_1_110' title='bbox 356 1828 771 1900; x_wconf 64' lang='grc' dir='ltr'>ἐμωράνθησαν,</span> <span class='ocrx_word' id='word_1_111' title='bbox 787 1843 806 1879; x_wconf 67' lang='grc' dir='ltr'><strong>ι</strong></span> <span class='ocrx_word' id='word_1_112' title='bbox 827 1828 920 1881; x_wconf 77' lang='grc' dir='ltr'>καὶ</span> <span class='ocrx_word' id='word_1_113' title='bbox 937 1827 1083 1898; x_wconf 81' lang='grc' dir='ltr'>ἑξῆς.</span> <span class='ocrx_word' id='word_1_114' title='bbox 1102 1827 1309 1882; x_wconf 84' lang='grc' dir='ltr'>Οὐκοῦν</span> <span class='ocrx_word' id='word_1_115' title='bbox 1330 1828 1483 1897; x_wconf 72' lang='grc' dir='ltr'>σοφοὶ</span> <span class='ocrx_word' id='word_1_116' title='bbox 1504 1830 1622 1898; x_wconf 82' lang='grc' dir='ltr'>μὲν,</span> <span class='ocrx_word' id='word_1_117' title='bbox 1635 1828 1697 1880; x_wconf 87' lang='grc' dir='ltr'>τό</span> <span class='ocrx_word' id='word_1_118' title='bbox 1714 1844 1778 1896; x_wconf 87' lang='grc' dir='ltr'><strong>γε</strong></span> <span class='ocrx_word' id='word_1_119' title='bbox 1792 1823 1927 1900; x_wconf 79' lang='grc' dir='ltr'>ἧκον</span> 
     </span>
    </p>
   </div>
   <div class='ocr_carea' id='block_1_20' title="bbox 356 1920 1921 1992">
    <p class='ocr_par' dir='ltr' id='par_1_20' title="bbox 356 1920 1921 1992">
     <span class='ocr_line' id='line_1_20' title="bbox 356 1920 1921 1992; baseline -0.001 -17"><span class='ocrx_word' id='word_1_120' title='bbox 356 1924 437 1984; x_wconf 77' lang='grc' dir='ltr'><strong>είς</strong></span> <span class='ocrx_word' id='word_1_121' title='bbox 467 1922 648 1992; x_wconf 75' lang='grc' dir='ltr'>φωνὴν</span> <span class='ocrx_word' id='word_1_122' title='bbox 681 1921 775 1974; x_wconf 82' lang='grc' dir='ltr'>καὶ</span> <span class='ocrx_word' id='word_1_123' title='bbox 803 1920 1070 1989; x_wconf 80' lang='grc' dir='ltr'>γλῶτταν,</span> <span class='ocrx_word' id='word_1_124' title='bbox 1102 1921 1294 1990; x_wconf 80' lang='grc' dir='ltr'>ἄσοφοι</span> <span class='ocrx_word' id='word_1_125' title='bbox 1329 1920 1385 1974; x_wconf 80' lang='grc' dir='ltr'>δὲ</span> <span class='ocrx_word' id='word_1_126' title='bbox 1436 1922 1515 1984; x_wconf 77' lang='grc' dir='ltr'><strong>εἰς</strong></span> <span class='ocrx_word' id='word_1_127' title='bbox 1540 1920 1641 1990; x_wconf 82' lang='grc' dir='ltr'>τὴν</span> <span class='ocrx_word' id='word_1_128' title='bbox 1672 1921 1921 1992; x_wconf 86' lang='grc' dir='ltr'>καρδίαν.</span> 
     </span>
    </p>
   </div>
   <div class='ocr_carea' id='block_1_21' title="bbox 366 2011 1926 2083">
    <p class='ocr_par' dir='ltr' id='par_1_21' title="bbox 366 2011 1926 2083">
     <span class='ocr_line' id='line_1_21' title="bbox 366 2011 1926 2083; baseline -0.001 -16"><span class='ocrx_word' id='word_1_129' title='bbox 366 2013 429 2067; x_wconf 82' lang='grc' dir='ltr'><em>Ἦ</em></span> <span class='ocrx_word' id='word_1_130' title='bbox 469 2012 538 2066; x_wconf 80' lang='grc' dir='ltr'>δὲ</span> <span class='ocrx_word' id='word_1_131' title='bbox 573 2014 758 2081; x_wconf 64' lang='grc' dir='ltr'>σοφία</span> <span class='ocrx_word' id='word_1_132' title='bbox 785 2011 892 2066; x_wconf 86' lang='grc' dir='ltr'><strong>τοῦ</strong></span> <span class='ocrx_word' id='word_1_133' title='bbox 921 2012 1152 2081; x_wconf 85' lang='grc' dir='ltr'>κόσμου</span> <span class='ocrx_word' id='word_1_134' title='bbox 1188 2013 1404 2067; x_wconf 86' lang='grc' dir='ltr'>τούτου</span> <span class='ocrx_word' id='word_1_135' title='bbox 1427 2012 1619 2083; x_wconf 83' lang='grc' dir='ltr'>μωρία</span> <span class='ocrx_word' id='word_1_136' title='bbox 1654 2011 1816 2082; x_wconf 77' lang='grc' dir='ltr'>παρὰ</span> <span class='ocrx_word' id='word_1_137' title='bbox 1847 2011 1926 2078; x_wconf 83' lang='grc' dir='ltr'>τῷ</span> 
     </span>
    </p>
   </div>
   <div class='ocr_carea' id='block_1_22' title="bbox 356 2104 1347 2176">
    <p class='ocr_par' dir='ltr' id='par_1_22' title="bbox 356 2104 1347 2176">
     <span class='ocr_line' id='line_1_22' title="bbox 356 2104 1347 2176; baseline 0.001 -17"><span class='ocrx_word' id='word_1_138' title='bbox 356 2104 481 2169; x_wconf 87' lang='grc' dir='ltr'><strong>Θεῷ</strong></span> <span class='ocrx_word' id='word_1_139' title='bbox 512 2106 666 2170; x_wconf 82' lang='grc' dir='ltr'>ἐστι,</span> <span class='ocrx_word' id='word_1_140' title='bbox 690 2106 831 2159; x_wconf 87' lang='grc' dir='ltr'><strong>κατά</strong></span> <span class='ocrx_word' id='word_1_141' title='bbox 854 2105 916 2158; x_wconf 87' lang='grc' dir='ltr'>τὸ</span> <span class='ocrx_word' id='word_1_142' title='bbox 944 2105 1347 2176; x_wconf 73' lang='grc' dir='ltr'>γεγραμμένονι</span> 
     </span>
    </p>
   </div>
   <div class='ocr_carea' id='block_1_23' title="bbox 438 2195 1513 2264">
    <p class='ocr_par' dir='ltr' id='par_1_23' title="bbox 438 2195 1513 2264">
     <span class='ocr_line' id='line_1_23' title="bbox 438 2195 1513 2264; baseline 0.002 -15"><span class='ocrx_word' id='word_1_143' title='bbox 438 2197 678 2251; x_wconf 77' lang='grc' dir='ltr'>Ἐλαίαν</span> <span class='ocrx_word' id='word_1_144' title='bbox 712 2197 935 2264; x_wconf 78' lang='grc' dir='ltr'>ὡραίαν</span> <span class='ocrx_word' id='word_1_145' title='bbox 960 2197 1211 2251; x_wconf 81' lang='grc' dir='ltr'>εὔσκιον</span> <span class='ocrx_word' id='word_1_146' title='bbox 1240 2195 1321 2263; x_wconf 85' lang='grc' dir='ltr'>τῷ</span> <span class='ocrx_word' id='word_1_147' title='bbox 1346 2196 1513 2251; x_wconf 83' lang='grc' dir='ltr'>εῖδει.</span> 
     </span>
    </p>
   </div>
   <div class='ocr_carea' id='block_1_24' title="bbox 438 2287 1926 2361">
    <p class='ocr_par' dir='ltr' id='par_1_24' title="bbox 438 2287 1926 2361">
     <span class='ocr_line' id='line_1_24' title="bbox 438 2287 1926 2361; baseline 0 -19"><span class='ocrx_word' id='word_1_148' title='bbox 438 2288 676 2361; x_wconf 77' lang='grc' dir='ltr'>Ἀχρειοῖ</span> <span class='ocrx_word' id='word_1_149' title='bbox 711 2287 821 2359; x_wconf 83' lang='grc' dir='ltr'><strong>γὰρ</strong></span> <span class='ocrx_word' id='word_1_150' title='bbox 852 2288 1157 2359; x_wconf 84' lang='grc' dir='ltr'>ὁλοτρόπως</span> <span class='ocrx_word' id='word_1_151' title='bbox 1187 2289 1285 2360; x_wconf 79' lang='grc' dir='ltr'>τὴν</span> <span class='ocrx_word' id='word_1_152' title='bbox 1315 2287 1410 2342; x_wconf 90' lang='grc' dir='ltr'><strong>τοῦ</strong></span> <span class='ocrx_word' id='word_1_153' title='bbox 1436 2287 1722 2361; x_wconf 82' lang='grc' dir='ltr'>ἀνθρώπου</span> <span class='ocrx_word' id='word_1_154' title='bbox 1747 2289 1926 2361; x_wconf 74' lang='grc' dir='ltr'>ψυχὴν</span> 
     </span>
    </p>
   </div>
   <div class='ocr_carea' id='block_1_25' title="bbox 352 2382 1926 2455">
    <p class='ocr_par' dir='ltr' id='par_1_25' title="bbox 352 2382 1926 2455">
     <span class='ocr_line' id='line_1_25' title="bbox 352 2382 1926 2455; baseline -0.002 -17"><span class='ocrx_word' id='word_1_155' title='bbox 352 2384 416 2438; x_wconf 77' lang='grc' dir='ltr'><strong>τὸ</strong></span> <span class='ocrx_word' id='word_1_156' title='bbox 451 2382 814 2454; x_wconf 60' lang='grc' dir='ltr'>ἀωφοιτῆσαι</span> <span class='ocrx_word' id='word_1_157' title='bbox 857 2382 993 2436; x_wconf 87' lang='grc' dir='ltr'>Θεοῦ</span> <span class='ocrx_word' id='word_1_158' title='bbox 1039 2383 1134 2437; x_wconf 80' lang='grc' dir='ltr'>καὶ</span> <span class='ocrx_word' id='word_1_159' title='bbox 1170 2382 1467 2455; x_wconf 88' lang='grc' dir='ltr'>ἀμοιρῆσαι</span> <span class='ocrx_word' id='word_1_160' title='bbox 1513 2382 1791 2447; x_wconf 86' lang='grc' dir='ltr'>παντελῶς</span> <span class='ocrx_word' id='word_1_161' title='bbox 1823 2382 1926 2452; x_wconf 82' lang='grc' dir='ltr'>τῆς</span> 
     </span>
    </p>
   </div>
   <div class='ocr_carea' id='block_1_26' title="bbox 353 2472 1925 2545">
    <p class='ocr_par' dir='ltr' id='par_1_26' title="bbox 353 2472 1925 2545">
     <span class='ocr_line' id='line_1_26' title="bbox 353 2472 1925 2545; baseline -0.002 -16"><span class='ocrx_word' id='word_1_162' title='bbox 353 2474 485 2545; x_wconf 78' lang='grc' dir='ltr'>παρ’</span> <span class='ocrx_word' id='word_1_163' title='bbox 522 2474 686 2529; x_wconf 73' lang='grc' dir='ltr'>αὑτοῦ</span> <span class='ocrx_word' id='word_1_164' title='bbox 729 2473 947 2545; x_wconf 69' lang='grc' dir='ltr'>χάριτος</span> <span class='ocrx_word' id='word_1_165' title='bbox 986 2474 1080 2527; x_wconf 75' lang='grc' dir='ltr'>καὶ</span> <span class='ocrx_word' id='word_1_166' title='bbox 1124 2473 1468 2545; x_wconf 80' lang='grc' dir='ltr'>ἐπικουρίας.</span> <span class='ocrx_word' id='word_1_167' title='bbox 1516 2472 1773 2542; x_wconf 74' lang='grc' dir='ltr'>Φοϐερὸν</span> <span class='ocrx_word' id='word_1_168' title='bbox 1818 2473 1925 2544; x_wconf 82' lang='grc' dir='ltr'>γὰρ</span> 
     </span>
    </p>
   </div>
   <div class='ocr_carea' id='block_1_27' title="bbox 352 2561 1524 2633">
    <p class='ocr_par' dir='ltr' id='par_1_27' title="bbox 352 2561 1524 2633">
     <span class='ocr_line' id='line_1_27' title="bbox 352 2561 1524 2633; baseline 0.001 -17"><span class='ocrx_word' id='word_1_169' title='bbox 352 2564 421 2617; x_wconf 74' lang='grc' dir='ltr'>τὸ</span> <span class='ocrx_word' id='word_1_170' title='bbox 449 2564 735 2633; x_wconf 73' lang='grc' dir='ltr'>ἐμπεσεῖν</span> <span class='ocrx_word' id='word_1_171' title='bbox 765 2566 853 2629; x_wconf 87' lang='grc' dir='ltr'>εἱς</span> <span class='ocrx_word' id='word_1_172' title='bbox 881 2563 1083 2633; x_wconf 75' lang='grc' dir='ltr'>χεῖρας</span> <span class='ocrx_word' id='word_1_173' title='bbox 1112 2564 1259 2619; x_wconf 84' lang='grc' dir='ltr'>Θεοῦ</span> <span class='ocrx_word' id='word_1_174' title='bbox 1288 2561 1524 2630; x_wconf 68' lang='grc' dir='ltr'>ζῶντος.</span> 
     </span>
    </p>
   </div>
   <div class='ocr_carea' id='block_1_28' title="bbox 422 2654 875 2724">
    <p class='ocr_par' dir='ltr' id='par_1_28' title="bbox 422 2654 875 2724">
     <span class='ocr_line' id='line_1_28' title="bbox 422 2654 875 2724; baseline -0.002 -15"><span class='ocrx_word' id='word_1_175' title='bbox 422 2655 579 2724; x_wconf 79' lang='grc' dir='ltr'>Πρὸς</span> <span class='ocrx_word' id='word_1_176' title='bbox 606 2654 683 2709; x_wconf 83' lang='grc' dir='ltr'>σὲ</span> <span class='ocrx_word' id='word_1_177' title='bbox 709 2657 875 2723; x_wconf 68' lang='grc' dir='ltr'>ἔθνη.</span> 
     </span>
    </p>
   </div>
   <div class='ocr_carea' id='block_1_29' title="bbox 423 2751 1923 2824">
    <p class='ocr_par' dir='ltr' id='par_1_29' title="bbox 423 2751 1923 2824">
     <span class='ocr_line' id='line_1_29' title="bbox 423 2751 1923 2824; baseline 0.001 -21"><span class='ocrx_word' id='word_1_178' title='bbox 423 2752 486 2805; x_wconf 84' lang='grc' dir='ltr'><strong>Εἰ</strong></span> <span class='ocrx_word' id='word_1_179' title='bbox 508 2751 615 2823; x_wconf 76' lang='grc' dir='ltr'><strong>γὰρ</strong></span> <span class='ocrx_word' id='word_1_180' title='bbox 646 2752 742 2806; x_wconf 78' lang='grc' dir='ltr'>καὶ</span> <span class='ocrx_word' id='word_1_181' title='bbox 778 2751 1064 2821; x_wconf 87' lang='grc' dir='ltr'>γεγόνασιν</span> <span class='ocrx_word' id='word_1_182' title='bbox 1093 2752 1346 2824; x_wconf 77' lang='grc' dir='ltr'>ὑϐρισταὶ</span> <span class='ocrx_word' id='word_1_183' title='bbox 1388 2754 1484 2807; x_wconf 76' lang='grc' dir='ltr'>καὶ</span> <span class='ocrx_word' id='word_1_184' title='bbox 1508 2752 1789 2819; x_wconf 82' lang='grc' dir='ltr'><strong>ἀπειθεῖς,</strong></span> <span class='ocrx_word' id='word_1_185' title='bbox 1830 2754 1923 2806; x_wconf 74' lang='grc' dir='ltr'>καὶ</span> 
     </span>
    </p>
   </div>
   <div class='ocr_carea' id='block_1_30' title="bbox 353 2840 1924 2915">
    <p class='ocr_par' dir='ltr' id='par_1_30' title="bbox 353 2840 1924 2915">
     <span class='ocr_line' id='line_1_30' title="bbox 353 2840 1924 2915; baseline 0.001 -19"><span class='ocrx_word' id='word_1_186' title='bbox 353 2843 642 2906; x_wconf 79' lang='grc' dir='ltr'>ἀσυνεσίας</span> <span class='ocrx_word' id='word_1_187' title='bbox 688 2842 910 2913; x_wconf 79' lang='grc' dir='ltr'>ἔμπλεω</span> <span class='ocrx_word' id='word_1_188' title='bbox 960 2842 1060 2914; x_wconf 81' lang='grc' dir='ltr'>τὴν</span> <span class='ocrx_word' id='word_1_189' title='bbox 1102 2843 1340 2899; x_wconf 82' lang='grc' dir='ltr'>διάνοιαν</span> <span class='ocrx_word' id='word_1_190' title='bbox 1394 2843 1629 2915; x_wconf 78' lang='grc' dir='ltr'>ἔχοντες,</span> <span class='ocrx_word' id='word_1_191' title='bbox 1670 2845 1786 2899; x_wconf 86' lang='grc' dir='ltr'>ἀλλ’</span> <span class='ocrx_word' id='word_1_192' title='bbox 1829 2840 1924 2898; x_wconf 80' lang='grc' dir='ltr'><strong>οὖν</strong></span> 
     </span>
    </p>
   </div>
   <div class='ocr_carea' id='block_1_31' title="bbox 354 2933 1922 3009">
    <p class='ocr_par' dir='ltr' id='par_1_31' title="bbox 354 2933 1922 3009">
     <span class='ocr_line' id='line_1_31' title="bbox 354 2933 1922 3009; baseline 0.002 -23"><span class='ocrx_word' id='word_1_193' title='bbox 354 2933 615 2998; x_wconf 74' lang='grc' dir='ltr'>σώζονται</span> <span class='ocrx_word' id='word_1_194' title='bbox 642 2936 737 2988; x_wconf 74' lang='grc' dir='ltr'>καὶ</span> <span class='ocrx_word' id='word_1_195' title='bbox 765 2933 1075 2999; x_wconf 79' lang='grc' dir='ltr'>δοξάζονται</span> <span class='ocrx_word' id='word_1_196' title='bbox 1109 2936 1261 3008; x_wconf 86' lang='grc' dir='ltr'><strong>παρά</strong></span> <span class='ocrx_word' id='word_1_197' title='bbox 1291 2935 1548 3009; x_wconf 87' lang='grc' dir='ltr'>Χριστοῦ.</span> <span class='ocrx_word' id='word_1_198' title='bbox 1593 2936 1839 3007; x_wconf 83' lang='grc' dir='ltr'>Ἀπαρχὴ</span> <span class='ocrx_word' id='word_1_199' title='bbox 1864 2936 1922 2990; x_wconf 87' lang='grc' dir='ltr'>δὲ</span> 
     </span>
    </p>
   </div>
   <div class='ocr_carea' id='block_1_32' title="bbox 351 3020 1924 3099">
    <p class='ocr_par' dir='ltr' id='par_1_32' title="bbox 351 3020 1924 3099">
     <span class='ocr_line' id='line_1_32' title="bbox 351 3020 1924 3099; baseline 0.002 -21"><span class='ocrx_word' id='word_1_200' title='bbox 351 3026 556 3079; x_wconf 85' lang='grc' dir='ltr'>τούτων</span> <span class='ocrx_word' id='word_1_201' title='bbox 599 3026 885 3094; x_wconf 82' lang='grc' dir='ltr'>γεγόνασιν</span> <span class='ocrx_word' id='word_1_202' title='bbox 933 3026 982 3078; x_wconf 88' lang='grc' dir='ltr'><strong>οί</strong></span> <span class='ocrx_word' id='word_1_203' title='bbox 1026 3025 1315 3097; x_wconf 78' lang='grc' dir='ltr'>ἀθλοφόροι</span> <span class='ocrx_word' id='word_1_204' title='bbox 1360 3026 1637 3099; x_wconf 78' lang='grc' dir='ltr'>μάρτυρες</span> <span class='ocrx_word' id='word_1_205' title='bbox 1661 3067 1676 3091; x_wconf 87' lang='grc'><em>,</em></span> <span class='ocrx_word' id='word_1_206' title='bbox 1711 3020 1787 3081; x_wconf 85' lang='grc' dir='ltr'>ὧν</span> <span class='ocrx_word' id='word_1_207' title='bbox 1824 3028 1924 3098; x_wconf 86' lang='grc' dir='ltr'>τῆς</span> 
     </span>
    </p>
   </div>
   <div class='ocr_carea' id='block_1_33' title="bbox 351 3114 1923 3188">
    <p class='ocr_par' dir='ltr' id='par_1_33' title="bbox 351 3114 1923 3188">
     <span class='ocr_line' id='line_1_33' title="bbox 351 3114 1923 3188; baseline 0.003 -21"><span class='ocrx_word' id='word_1_208' title='bbox 351 3116 603 3180; x_wconf 83' lang='grc' dir='ltr'>εὐκλείας</span> <span class='ocrx_word' id='word_1_209' title='bbox 638 3117 673 3186; x_wconf 80' lang='grc' dir='ltr'><strong>ἡ</strong></span> <span class='ocrx_word' id='word_1_210' title='bbox 719 3114 1008 3188; x_wconf 79' lang='grc' dir='ltr'>φαιδρότης</span> <span class='ocrx_word' id='word_1_211' title='bbox 1039 3116 1167 3187; x_wconf 82' lang='grc' dir='ltr'>ὃλην</span> <span class='ocrx_word' id='word_1_212' title='bbox 1211 3116 1515 3187; x_wconf 80' lang='grc' dir='ltr'>ἀστράπτει</span> <span class='ocrx_word' id='word_1_213' title='bbox 1553 3116 1651 3186; x_wconf 80' lang='grc' dir='ltr'>τὴν</span> <span class='ocrx_word' id='word_1_214' title='bbox 1692 3117 1787 3171; x_wconf 81' lang='grc' dir='ltr'><strong>ὑπ’</strong></span> <span class='ocrx_word' id='word_1_215' title='bbox 1833 3118 1923 3171; x_wconf 81' lang='grc' dir='ltr'>ού-</span> 
     </span>
    </p>
   </div>
   <div class='ocr_carea' id='block_1_34' title="bbox 355 3206 536 3275">
    <p class='ocr_par' dir='ltr' id='par_1_34' title="bbox 355 3206 536 3275">
     <span class='ocr_line' id='line_1_34' title="bbox 355 3206 536 3275; baseline 0.017 -16"><span class='ocrx_word' id='word_1_216' title='bbox 355 3206 536 3275; x_wconf 80' lang='grc' dir='ltr'>ρανόν.</span> 
     </span>
    </p>
   </div>
   <div class='ocr_carea' id='block_1_35' title="bbox 421 3297 1179 3365">
    <p class='ocr_par' dir='ltr' id='par_1_35' title="bbox 421 3297 1179 3365">
     <span class='ocr_line' id='line_1_35' title="bbox 421 3297 1179 3365; baseline 0 -14"><span class='ocrx_word' id='word_1_217' title='bbox 421 3297 531 3353; x_wconf 78' lang='grc' dir='ltr'><strong>Καὶ</strong></span> <span class='ocrx_word' id='word_1_218' title='bbox 563 3298 734 3352; x_wconf 76' lang='grc' dir='ltr'>ἔσται</span> <span class='ocrx_word' id='word_1_219' title='bbox 760 3299 840 3365; x_wconf 87' lang='grc' dir='ltr'>ὡς</span> <span class='ocrx_word' id='word_1_220' title='bbox 867 3297 935 3352; x_wconf 85' lang='grc' dir='ltr'>τὸ</span> <span class='ocrx_word' id='word_1_221' title='bbox 973 3298 1179 3362; x_wconf 77' lang='grc' dir='ltr'>ξύλον.</span> 
     </span>
    </p>
   </div>
   <div class='ocr_carea' id='block_1_36' title="bbox 421 3389 1923 3465">
    <p class='ocr_par' dir='ltr' id='par_1_36' title="bbox 421 3389 1923 3465">
     <span class='ocr_line' id='line_1_36' title="bbox 421 3389 1923 3465; baseline 0.001 -22"><span class='ocrx_word' id='word_1_222' title='bbox 421 3391 497 3443; x_wconf 85' lang='grc' dir='ltr'>υύ</span> <span class='ocrx_word' id='word_1_223' title='bbox 534 3389 643 3462; x_wconf 80' lang='grc' dir='ltr'><strong>γὰρ</strong></span> <span class='ocrx_word' id='word_1_224' title='bbox 685 3391 776 3444; x_wconf 72' lang='grc' dir='ltr'><strong>ἐπὶ</strong></span> <span class='ocrx_word' id='word_1_225' title='bbox 818 3390 1034 3462; x_wconf 77' lang='grc' dir='ltr'>πλούτῳ</span> <span class='ocrx_word' id='word_1_226' title='bbox 1080 3391 1226 3462; x_wconf 88' lang='grc' dir='ltr'>μέγα</span> <span class='ocrx_word' id='word_1_227' title='bbox 1254 3393 1472 3465; x_wconf 82' lang='grc' dir='ltr'>φρονεῖ,</span> <span class='ocrx_word' id='word_1_228' title='bbox 1508 3389 1633 3444; x_wconf 77' lang='grc' dir='ltr'>οὔτε</span> <span class='ocrx_word' id='word_1_229' title='bbox 1672 3389 1778 3461; x_wconf 83' lang='grc' dir='ltr'>μὴν</span> <span class='ocrx_word' id='word_1_230' title='bbox 1810 3390 1923 3445; x_wconf 85' lang='grc' dir='ltr'>δια-</span> 
     </span>
    </p>
   </div>
   <div class='ocr_carea' id='block_1_37' title="bbox 351 3483 1923 3555">
    <p class='ocr_par' dir='ltr' id='par_1_37' title="bbox 351 3483 1923 3555">
     <span class='ocr_line' id='line_1_37' title="bbox 351 3483 1923 3555; baseline -0.001 -18"><span class='ocrx_word' id='word_1_231' title='bbox 351 3484 522 3537; x_wconf 79' lang='grc' dir='ltr'>κένων</span> <span class='ocrx_word' id='word_1_232' title='bbox 559 3483 822 3554; x_wconf 81' lang='grc' dir='ltr'>δοξαρίων</span> <span class='ocrx_word' id='word_1_233' title='bbox 867 3484 1024 3547; x_wconf 85' lang='grc' dir='ltr'>ὲκτδς</span> <span class='ocrx_word' id='word_1_234' title='bbox 1066 3484 1308 3553; x_wconf 86' lang='grc' dir='ltr'>γεγονὼς</span> <span class='ocrx_word' id='word_1_235' title='bbox 1356 3484 1455 3555; x_wconf 83' lang='grc' dir='ltr'>τὴν</span> <span class='ocrx_word' id='word_1_236' title='bbox 1499 3485 1671 3555; x_wconf 75' lang='grc' dir='ltr'>ὀσφὺν</span> <span class='ocrx_word' id='word_1_237' title='bbox 1712 3484 1923 3555; x_wconf 73' lang='grc' dir='ltr'>ὑψηλήν</span> 
     </span>
    </p>
   </div>
   <div class='ocr_carea' id='block_1_38' title="bbox 350 3573 1923 3646">
    <p class='ocr_par' dir='ltr' id='par_1_38' title="bbox 350 3573 1923 3646">
     <span class='ocr_line' id='line_1_38' title="bbox 350 3573 1923 3646; baseline -0.001 -18"><span class='ocrx_word' id='word_1_238' title='bbox 350 3575 506 3646; x_wconf 82' lang='lat' dir='ltr'><strong>(sic)°</strong></span> <span class='ocrx_word' id='word_1_239' title='bbox 547 3573 884 3643; x_wconf 82' lang='grc' dir='ltr'>είκαιότητος</span> <span class='ocrx_word' id='word_1_240' title='bbox 907 3574 1014 3644; x_wconf 78' lang='grc' dir='ltr'><strong>γὰρ</strong></span> <span class='ocrx_word' id='word_1_241' title='bbox 1040 3573 1239 3637; x_wconf 89' lang='grc' dir='ltr'>ταῦτα,</span> <span class='ocrx_word' id='word_1_242' title='bbox 1266 3573 1362 3628; x_wconf 75' lang='grc' dir='ltr'>καὶ</span> <span class='ocrx_word' id='word_1_243' title='bbox 1392 3575 1577 3646; x_wconf 73' lang='grc' dir='ltr'>ἕτερον</span> <span class='ocrx_word' id='word_1_244' title='bbox 1610 3574 1781 3627; x_wconf 80' lang='grc' dir='ltr'>οὐδέν.</span> <span class='ocrx_word' id='word_1_245' title='bbox 1815 3576 1923 3627; x_wconf 81' lang='grc' dir='ltr'><strong>Καὶ</strong></span> 
     </span>
    </p>
   </div>
   <div class='ocr_carea' id='block_1_39' title="bbox 349 3664 1923 3737">
    <p class='ocr_par' dir='ltr' id='par_1_39' title="bbox 349 3664 1923 3737">
     <span class='ocr_line' id='line_1_39' title="bbox 349 3664 1923 3737; baseline -0.001 -19"><span class='ocrx_word' id='word_1_246' title='bbox 349 3667 459 3737; x_wconf 80' lang='grc' dir='ltr'>γάρ</span> <span class='ocrx_word' id='word_1_247' title='bbox 501 3669 647 3719; x_wconf 76' lang='grc' dir='ltr'>ἐστιν</span> <span class='ocrx_word' id='word_1_248' title='bbox 693 3664 937 3733; x_wconf 78' lang='grc' dir='ltr'>ἀσφαλὲς</span> <span class='ocrx_word' id='word_1_249' title='bbox 987 3665 1240 3736; x_wconf 76' lang='grc' dir='ltr'>ἐνέχυρον</span> <span class='ocrx_word' id='word_1_250' title='bbox 1275 3667 1354 3728; x_wconf 84' lang='grc' dir='ltr'><strong>είς</strong></span> <span class='ocrx_word' id='word_1_251' title='bbox 1389 3665 1682 3737; x_wconf 82' lang='grc' dir='ltr'>σωτηρίαν,</span> <span class='ocrx_word' id='word_1_252' title='bbox 1722 3665 1784 3717; x_wconf 81' lang='grc' dir='ltr'>τὸ</span> <span class='ocrx_word' id='word_1_253' title='bbox 1830 3666 1923 3717; x_wconf 75' lang='grc' dir='ltr'>ἐπὶ</span> 
     </span>
    </p>
   </div>
   <div class='ocr_carea' id='block_1_40' title="bbox 350 3754 1922 3826">
    <p class='ocr_par' dir='ltr' id='par_1_40' title="bbox 350 3754 1922 3826">
     <span class='ocr_line' id='line_1_40' title="bbox 350 3754 1922 3826; baseline 0.001 -18"><span class='ocrx_word' id='word_1_254' title='bbox 350 3755 471 3826; x_wconf 84' lang='grc' dir='ltr'>Θεῷ</span> <span class='ocrx_word' id='word_1_255' title='bbox 522 3754 838 3809; x_wconf 83' lang='grc' dir='ltr'>πεποιθέναι</span> <span class='ocrx_word' id='word_1_256' title='bbox 892 3755 970 3825; x_wconf 84' lang='grc' dir='ltr'>τῷ</span> <span class='ocrx_word' id='word_1_257' title='bbox 1026 3755 1203 3808; x_wconf 76' lang='grc' dir='ltr'>πάντα</span> <span class='ocrx_word' id='word_1_258' title='bbox 1268 3755 1534 3825; x_wconf 79' lang='grc' dir='ltr'>ἰσχύοντι·</span> <span class='ocrx_word' id='word_1_259' title='bbox 1601 3756 1662 3809; x_wconf 79' lang='grc' dir='ltr'>τὸ</span> <span class='ocrx_word' id='word_1_260' title='bbox 1717 3757 1775 3809; x_wconf 84' lang='grc' dir='ltr'>δὲ</span> <span class='ocrx_word' id='word_1_261' title='bbox 1836 3756 1922 3826; x_wconf 78' lang='grc' dir='ltr'><strong>ἐφ’</strong></span> 
     </span>
    </p>
   </div>
   <div class='ocr_carea' id='block_1_41' title="bbox 351 3846 1922 3918">
    <p class='ocr_par' dir='ltr' id='par_1_41' title="bbox 351 3846 1922 3918">
     <span class='ocr_line' id='line_1_41' title="bbox 351 3846 1922 3918; baseline 0.001 -19"><span class='ocrx_word' id='word_1_262' title='bbox 351 3847 561 3917; x_wconf 76' lang='grc' dir='ltr'>ἑτέροις</span> <span class='ocrx_word' id='word_1_263' title='bbox 622 3847 733 3900; x_wconf 73' lang='grc' dir='ltr'>τισὶ</span> <span class='ocrx_word' id='word_1_264' title='bbox 788 3846 1059 3900; x_wconf 82' lang='grc' dir='ltr'>ποιεῖσθαι</span> <span class='ocrx_word' id='word_1_265' title='bbox 1116 3846 1215 3916; x_wconf 78' lang='grc' dir='ltr'>τὴν</span> <span class='ocrx_word' id='word_1_266' title='bbox 1271 3846 1495 3910; x_wconf 77' lang='grc' dir='ltr'>ἐλπίδα,</span> <span class='ocrx_word' id='word_1_267' title='bbox 1548 3849 1772 3918; x_wconf 83' lang='grc' dir='ltr'>μάταιον</span> <span class='ocrx_word' id='word_1_268' title='bbox 1828 3850 1922 3901; x_wconf 73' lang='grc' dir='ltr'>καὶ</span> 
     </span>
    </p>
   </div>
   <div class='ocr_carea' id='block_1_42' title="bbox 351 3937 645 4006">
    <p class='ocr_par' dir='ltr' id='par_1_42' title="bbox 351 3937 645 4006">
     <span class='ocr_line' id='line_1_42' title="bbox 351 3937 645 4006; baseline 0.01 -15"><span class='ocrx_word' id='word_1_269' title='bbox 351 3937 645 4006; x_wconf 80' lang='grc' dir='ltr'>ἀνωφελές.</span> 
     </span>
    </p>
   </div>
   <div class='ocr_carea' id='block_1_43' title="bbox 434 4028 995 4098">
    <p class='ocr_par' dir='ltr' id='par_1_43' title="bbox 434 4028 995 4098">
     <span class='ocr_line' id='line_1_43' title="bbox 434 4028 995 4098; baseline -0.002 -14"><span class='ocrx_word' id='word_1_270' title='bbox 434 4028 588 4084; x_wconf 81' lang='grc' dir='ltr'>Ἰδοὺ</span> <span class='ocrx_word' id='word_1_271' title='bbox 615 4030 695 4095; x_wconf 89' lang='grc' dir='ltr'>ὠς</span> <span class='ocrx_word' id='word_1_272' title='bbox 723 4033 755 4084; x_wconf 86' lang='grc' dir='ltr'><strong><em>ό</em></strong></span> <span class='ocrx_word' id='word_1_273' title='bbox 782 4033 995 4098; x_wconf 82' lang='grc' dir='ltr'>πηλός.</span> 
     </span>
    </p>
   </div>
   <div class='ocr_carea' id='block_1_44' title="bbox 420 4116 1922 4195">
    <p class='ocr_par' dir='ltr' id='par_1_44' title="bbox 420 4116 1922 4195">
     <span class='ocr_line' id='line_1_44' title="bbox 420 4116 1922 4195; baseline 0.003 -20"><span class='ocrx_word' id='word_1_274' title='bbox 420 4121 802 4176; x_wconf 83' lang='grc' dir='ltr'>Μεταπλάττει</span> <span class='ocrx_word' id='word_1_275' title='bbox 832 4122 939 4193; x_wconf 86' lang='grc' dir='ltr'>γὰρ</span> <span class='ocrx_word' id='word_1_276' title='bbox 978 4121 1215 4187; x_wconf 85' lang='grc' dir='ltr'>εὐκόλως</span> <span class='ocrx_word' id='word_1_277' title='bbox 1243 4124 1329 4193; x_wconf 69' lang='grc' dir='ltr'><strong>ἐφ’</strong></span> <span class='ocrx_word' id='word_1_278' title='bbox 1367 4116 1521 4195; x_wconf 80' lang='grc' dir='ltr'>ᾧπερ</span> <span class='ocrx_word' id='word_1_279' title='bbox 1559 4125 1626 4178; x_wconf 86' lang='grc' dir='ltr'>ἂν</span> <span class='ocrx_word' id='word_1_280' title='bbox 1651 4125 1826 4178; x_wconf 79' lang='grc' dir='ltr'>’ἐλοιτο</span> <span class='ocrx_word' id='word_1_281' title='bbox 1860 4127 1922 4179; x_wconf 84' lang='grc' dir='ltr'>τὸ</span> 
     </span>
    </p>
   </div>
   <div class='ocr_carea' id='block_1_45' title="bbox 354 4213 954 4283">
    <p class='ocr_par' dir='ltr' id='par_1_45' title="bbox 354 4213 954 4283">
     <span class='ocr_line' id='line_1_45' title="bbox 354 4213 954 4283; baseline 0 -17"><span class='ocrx_word' id='word_1_282' title='bbox 354 4217 484 4282; x_wconf 77' lang='grc' dir='ltr'>παρ’</span> <span class='ocrx_word' id='word_1_283' title='bbox 517 4213 681 4267; x_wconf 83' lang='grc' dir='ltr'>αὐτοῦ</span> <span class='ocrx_word' id='word_1_284' title='bbox 710 4216 954 4283; x_wconf 84' lang='grc' dir='ltr'>γεγονός.</span> 
     </span>
    </p>
   </div>
   <div class='ocr_carea' id='block_1_46' title="bbox 417 4305 1273 4374">
    <p class='ocr_par' dir='ltr' id='par_1_46' title="bbox 417 4305 1273 4374">
     <span class='ocr_line' id='line_1_46' title="bbox 417 4305 1273 4374; baseline 0.001 -16"><span class='ocrx_word' id='word_1_285' title='bbox 417 4308 537 4359; x_wconf 82' lang='grc' dir='ltr'><strong>Οὐκ</strong></span> <span class='ocrx_word' id='word_1_286' title='bbox 565 4305 696 4360; x_wconf 78' lang='grc' dir='ltr'>ἰδοὺ</span> <span class='ocrx_word' id='word_1_287' title='bbox 727 4310 784 4360; x_wconf 82' lang='lat' dir='ltr'><strong>a.’</strong></span> <span class='ocrx_word' id='word_1_288' title='bbox 809 4307 1015 4374; x_wconf 58' lang='grc' dir='ltr'>λόγου</span> <span class='ocrx_word' id='word_1_289' title='bbox 1046 4322 1102 4359; x_wconf 90' lang='grc' dir='ltr'><strong>κ.</strong></span> <span class='ocrx_word' id='word_1_290' title='bbox 1142 4323 1193 4359; x_wconf 87' lang='grc' dir='ltr'><strong>τ.</strong></span> <span class='ocrx_word' id='word_1_291' title='bbox 1224 4307 1273 4360; x_wconf 90' lang='grc' dir='ltr'><strong>λ.</strong></span> 
     </span>
    </p>
   </div>
   <div class='ocr_carea' id='block_1_47' title="bbox 423 4394 1920 4470">
    <p class='ocr_par' dir='ltr' id='par_1_47' title="bbox 423 4394 1920 4470">
     <span class='ocr_line' id='line_1_47' title="bbox 423 4394 1920 4470; baseline 0.003 -23"><span class='ocrx_word' id='word_1_292' title='bbox 423 4395 536 4469; x_wconf 84' lang='grc' dir='ltr'><strong>Πῦρ</strong></span> <span class='ocrx_word' id='word_1_293' title='bbox 570 4394 822 4468; x_wconf 76' lang='grc' dir='ltr'>ὀνομάζει</span> <span class='ocrx_word' id='word_1_294' title='bbox 871 4394 932 4448; x_wconf 82' lang='grc' dir='ltr'>τὸ</span> <span class='ocrx_word' id='word_1_295' title='bbox 973 4396 1324 4465; x_wconf 78' lang='grc' dir='ltr'>εὐαγγελικὺν</span> <span class='ocrx_word' id='word_1_296' title='bbox 1366 4398 1459 4451; x_wconf 74' lang='grc' dir='ltr'>καὶ</span> <span class='ocrx_word' id='word_1_297' title='bbox 1506 4399 1771 4469; x_wconf 83' lang='grc' dir='ltr'>σωτήριον</span> <span class='ocrx_word' id='word_1_298' title='bbox 1824 4400 1920 4470; x_wconf 81' lang='grc' dir='ltr'><strong>κή-</strong></span> 
     </span>
    </p>
   </div>
   <div class='ocr_carea' id='block_1_48' title="bbox 355 4488 1920 4561">
    <p class='ocr_par' dir='ltr' id='par_1_48' title="bbox 355 4488 1920 4561">
     <span class='ocr_line' id='line_1_48' title="bbox 355 4488 1920 4561; baseline 0.004 -22"><span class='ocrx_word' id='word_1_299' title='bbox 355 4504 542 4559; x_wconf 77' lang='grc' dir='ltr'>ρυγμα</span> <span class='ocrx_word' id='word_1_300' title='bbox 569 4529 581 4552; x_wconf 92' lang='grc'><strong>,</strong></span> <span class='ocrx_word' id='word_1_301' title='bbox 652 4489 686 4559; x_wconf 82' lang='grc' dir='ltr'><strong>ἢ</strong></span> <span class='ocrx_word' id='word_1_302' title='bbox 738 4489 833 4543; x_wconf 81' lang='grc' dir='ltr'>καὶ</span> <span class='ocrx_word' id='word_1_303' title='bbox 891 4488 1060 4559; x_wconf 78' lang='grc' dir='ltr'>αὐτὴν</span> <span class='ocrx_word' id='word_1_304' title='bbox 1113 4489 1212 4561; x_wconf 78' lang='grc' dir='ltr'>τὴν</span> <span class='ocrx_word' id='word_1_305' title='bbox 1254 4488 1348 4543; x_wconf 87' lang='grc' dir='ltr'><strong>τοῦ</strong></span> <span class='ocrx_word' id='word_1_306' title='bbox 1394 4489 1553 4559; x_wconf 80' lang='grc' dir='ltr'>ἁγίου</span> <span class='ocrx_word' id='word_1_307' title='bbox 1603 4491 1920 4561; x_wconf 87' lang='grc' dir='ltr'>Πνεύματος</span> 
     </span>
    </p>
   </div>
   <div class='ocr_carea' id='block_1_49' title="bbox 2033 644 3598 718">
    <p class='ocr_par' dir='ltr' id='par_1_49' title="bbox 2033 644 3598 718">
     <span class='ocr_line' id='line_1_49' title="bbox 2033 644 3598 718; baseline 0.004 -19"><span class='ocrx_word' id='word_1_308' title='bbox 2033 644 2099 699; x_wconf 86' lang='lat' dir='ltr'><strong>tis</strong></span> <span class='ocrx_word' id='word_1_309' title='bbox 2127 644 2327 699; x_wconf 88' lang='lat' dir='ltr'><strong>cultum</strong></span> <span class='ocrx_word' id='word_1_310' title='bbox 2362 644 2753 713; x_wconf 79' lang='lat' dir='ltr'><strong>exbibuissent,</strong></span> <span class='ocrx_word' id='word_1_311' title='bbox 2782 661 3110 715; x_wconf 89' lang='lat' dir='ltr'><strong>suarumque</strong></span> <span class='ocrx_word' id='word_1_312' title='bbox 3146 658 3398 702; x_wconf 85' lang='lat' dir='ltr'><strong>manuum</strong></span> <span class='ocrx_word' id='word_1_313' title='bbox 3435 664 3598 718; x_wconf 85' lang='lat' dir='ltr'><strong>opera</strong></span> 
     </span>
    </p>
   </div>
   <div class='ocr_carea' id='block_1_50' title="bbox 2030 733 3595 805">
    <p class='ocr_par' dir='ltr' id='par_1_50' title="bbox 2030 733 3595 805">
     <span class='ocr_line' id='line_1_50' title="bbox 2030 733 3595 805; baseline 0.004 -18"><span class='ocrx_word' id='word_1_314' title='bbox 2030 744 2087 787; x_wconf 93' lang='lat' dir='ltr'><strong>ut</strong></span> <span class='ocrx_word' id='word_1_315' title='bbox 2139 733 2303 788; x_wconf 89' lang='lat' dir='ltr'><strong>Deum</strong></span> <span class='ocrx_word' id='word_1_316' title='bbox 2343 734 2680 802; x_wconf 86' lang='lat' dir='ltr'><strong>adorassent,</strong></span> <span class='ocrx_word' id='word_1_317' title='bbox 2711 735 2765 789; x_wconf 89' lang='lat' dir='ltr'><strong>in</strong></span> <span class='ocrx_word' id='word_1_318' title='bbox 2794 750 2889 790; x_wconf 86' lang='lat' dir='ltr'><strong>sua</strong></span> <span class='ocrx_word' id='word_1_319' title='bbox 2913 737 3089 805; x_wconf 77' lang='lat' dir='ltr'><strong>capita</strong></span> <span class='ocrx_word' id='word_1_320' title='bbox 3134 734 3371 791; x_wconf 80' lang='lat' dir='ltr'><strong>divinam</strong></span> <span class='ocrx_word' id='word_1_321' title='bbox 3407 740 3595 794; x_wconf 86' lang='lat' dir='ltr'><strong>conci-</strong></span> 
     </span>
    </p>
   </div>
   <div class='ocr_carea' id='block_1_51' title="bbox 2031 826 3599 898">
    <p class='ocr_par' dir='ltr' id='par_1_51' title="bbox 2031 826 3599 898">
     <span class='ocr_line' id='line_1_51' title="bbox 2031 826 3599 898; baseline 0.006 -22"><span class='ocrx_word' id='word_1_322' title='bbox 2031 833 2211 879; x_wconf 88' lang='lat' dir='ltr'><strong>tarunt</strong></span> <span class='ocrx_word' id='word_1_323' title='bbox 2289 826 2444 881; x_wconf 78' lang='lat' dir='ltr'><strong>iram.</strong></span> <span class='ocrx_word' id='word_1_324' title='bbox 2483 826 2598 883; x_wconf 76' lang='lat' dir='ltr'><strong>Non</strong></span> <span class='ocrx_word' id='word_1_325' title='bbox 2661 829 2805 883; x_wconf 90' lang='lat' dir='ltr'><strong>enim</strong></span> <span class='ocrx_word' id='word_1_326' title='bbox 2861 828 3057 898; x_wconf 88' lang='lat' dir='ltr'><strong>injuste</strong></span> <span class='ocrx_word' id='word_1_327' title='bbox 3107 830 3241 883; x_wconf 87' lang='lat' dir='ltr'><strong>retia</strong></span> <span class='ocrx_word' id='word_1_328' title='bbox 3296 828 3599 885; x_wconf 84' lang='lat' dir='ltr'><strong>volatilibus</strong></span> 
     </span>
    </p>
   </div>
   <div class='ocr_carea' id='block_1_52' title="bbox 2027 915 3325 985">
    <p class='ocr_par' dir='ltr' id='par_1_52' title="bbox 2027 915 3325 985">
     <span class='ocr_line' id='line_1_52' title="bbox 2027 915 3325 985; baseline 0.002 -16"><span class='ocrx_word' id='word_1_329' title='bbox 2027 916 2410 978; x_wconf 81' lang='lat' dir='ltr'><strong>extenduntur,</strong></span> <span class='ocrx_word' id='word_1_330' title='bbox 2435 915 2587 983; x_wconf 79' lang='lat' dir='ltr'><strong>juxta</strong></span> <span class='ocrx_word' id='word_1_331' title='bbox 2612 916 2663 971; x_wconf 90' lang='lat' dir='ltr'><strong>id</strong></span> <span class='ocrx_word' id='word_1_332' title='bbox 2694 917 2834 985; x_wconf 89' lang='lat' dir='ltr'><strong>quod</strong></span> <span class='ocrx_word' id='word_1_333' title='bbox 2861 918 3119 985; x_wconf 89' lang='lat' dir='ltr'><strong>scriptum</strong></span> <span class='ocrx_word' id='word_1_334' title='bbox 3165 925 3249 972; x_wconf 88' lang='lat' dir='ltr'><strong>est</strong></span> <span class='ocrx_word' id='word_1_335' title='bbox 3286 919 3325 971; x_wconf 78' lang='grc'>⁸.</span> 
     </span>
    </p>
   </div>
   <div class='ocr_carea' id='block_1_53' title="bbox 2110 1006 3031 1078">
    <p class='ocr_par' dir='ltr' id='par_1_53' title="bbox 2110 1006 3031 1078">
     <span class='ocr_line' id='line_1_53' title="bbox 2110 1006 3031 1078; baseline 0.007 -18"><span class='ocrx_word' id='word_1_336' title='bbox 2110 1006 2238 1071; x_wconf 84' lang='lat' dir='ltr'>VIII,</span> <span class='ocrx_word' id='word_1_337' title='bbox 2268 1007 2319 1062; x_wconf 89' lang='lat'><strong>9.</strong></span> <span class='ocrx_word' id='word_1_338' title='bbox 2345 1006 2566 1078; x_wconf 80' lang='lat' dir='ltr'><strong>Confusi</strong></span> <span class='ocrx_word' id='word_1_339' title='bbox 2598 1019 2717 1063; x_wconf 86' lang='lat' dir='ltr'><strong>sunt</strong></span> <span class='ocrx_word' id='word_1_340' title='bbox 2755 1009 3031 1076; x_wconf 74' lang='lat' dir='ltr'><strong>sapientes.</strong></span> 
     </span>
    </p>
   </div>
   <div class='ocr_carea' id='block_1_54' title="bbox 2102 1098 3597 1169">
    <p class='ocr_par' dir='ltr' id='par_1_54' title="bbox 2102 1098 3597 1169">
     <span class='ocr_line' id='line_1_54' title="bbox 2102 1098 3597 1169; baseline -0.001 -14"><span class='ocrx_word' id='word_1_341' title='bbox 2102 1098 2384 1169; x_wconf 74' lang='lat' dir='ltr'><strong>Sapientes</strong></span> <span class='ocrx_word' id='word_1_342' title='bbox 2415 1100 2623 1155; x_wconf 81' lang='lat' dir='ltr'><strong>videtur</strong></span> <span class='ocrx_word' id='word_1_343' title='bbox 2663 1098 2967 1167; x_wconf 82' lang='lat' dir='ltr'><strong>signiﬁcare</strong></span> <span class='ocrx_word' id='word_1_344' title='bbox 3022 1100 3076 1155; x_wconf 94' lang='lat' dir='ltr'><strong>in</strong></span> <span class='ocrx_word' id='word_1_345' title='bbox 3127 1100 3213 1155; x_wconf 90' lang='lat' dir='ltr'><strong>bis</strong></span> <span class='ocrx_word' id='word_1_346' title='bbox 3266 1100 3597 1169; x_wconf 70' lang='lat' dir='ltr'><strong>praestantis-</strong></span> 
     </span>
    </p>
   </div>
   <div class='ocr_carea' id='block_1_55' title="bbox 2028 1189 3593 1263">
    <p class='ocr_par' dir='ltr' id='par_1_55' title="bbox 2028 1189 3593 1263">
     <span class='ocr_line' id='line_1_55' title="bbox 2028 1189 3593 1263; baseline 0 -17"><span class='ocrx_word' id='word_1_347' title='bbox 2028 1191 2196 1246; x_wconf 84' lang='lat' dir='ltr'><strong>simos</strong></span> <span class='ocrx_word' id='word_1_348' title='bbox 2248 1189 2558 1246; x_wconf 63' lang='lat' dir='ltr'><strong>Grsecorum</strong></span> <span class='ocrx_word' id='word_1_349' title='bbox 2603 1200 2789 1262; x_wconf 84' lang='lat' dir='ltr'><strong>poetas</strong></span> <span class='ocrx_word' id='word_1_350' title='bbox 2814 1201 2868 1246; x_wconf 89' lang='lat' dir='ltr'><strong>et</strong></span> <span class='ocrx_word' id='word_1_351' title='bbox 2893 1192 3209 1262; x_wconf 89' lang='lat' dir='ltr'><strong>scriptores,</strong></span> <span class='ocrx_word' id='word_1_352' title='bbox 3240 1189 3437 1263; x_wconf 77' lang='lat' dir='ltr'><strong>linguze</strong></span> <span class='ocrx_word' id='word_1_353' title='bbox 3478 1193 3593 1262; x_wconf 86' lang='lat' dir='ltr'><strong>qui-</strong></span> 
     </span>
    </p>
   </div>
   <div class='ocr_carea' id='block_1_56' title="bbox 2027 1282 3597 1354">
    <p class='ocr_par' dir='ltr' id='par_1_56' title="bbox 2027 1282 3597 1354">
     <span class='ocr_line' id='line_1_56' title="bbox 2027 1282 3597 1354; baseline 0.001 -19"><span class='ocrx_word' id='word_1_354' title='bbox 2027 1282 2148 1337; x_wconf 85' lang='lat' dir='ltr'><strong>dem</strong></span> <span class='ocrx_word' id='word_1_355' title='bbox 2189 1282 2492 1352; x_wconf 83' lang='lat' dir='ltr'><strong>aptitudine</strong></span> <span class='ocrx_word' id='word_1_356' title='bbox 2540 1291 2595 1338; x_wconf 87' lang='lat' dir='ltr'><strong>et</strong></span> <span class='ocrx_word' id='word_1_357' title='bbox 2633 1285 2699 1338; x_wconf 89' lang='lat' dir='ltr'><strong>ad</strong></span> <span class='ocrx_word' id='word_1_358' title='bbox 2742 1283 3123 1354; x_wconf 79' lang='lat' dir='ltr'><strong>proferendum</strong></span> <span class='ocrx_word' id='word_1_359' title='bbox 3156 1284 3426 1340; x_wconf 78' lang='lat' dir='ltr'><strong>versatilis</strong></span> <span class='ocrx_word' id='word_1_360' title='bbox 3449 1293 3505 1339; x_wconf 88' lang='lat' dir='ltr'><strong>&#39;et</strong></span> <span class='ocrx_word' id='word_1_361' title='bbox 3530 1286 3597 1337; x_wconf 89' lang='lat' dir='ltr'><strong>ad</strong></span> 
     </span>
    </p>
   </div>
   <div class='ocr_carea' id='block_1_57' title="bbox 2029 1371 3593 1445">
    <p class='ocr_par' dir='ltr' id='par_1_57' title="bbox 2029 1371 3593 1445">
     <span class='ocr_line' id='line_1_57' title="bbox 2029 1371 3593 1445; baseline 0.001 -20"><span class='ocrx_word' id='word_1_362' title='bbox 2029 1371 2257 1441; x_wconf 87' lang='lat' dir='ltr'><strong>lepidam</strong></span> <span class='ocrx_word' id='word_1_363' title='bbox 2289 1373 2553 1428; x_wconf 78' lang='lat' dir='ltr'><strong>sermonis</strong></span> <span class='ocrx_word' id='word_1_364' title='bbox 2591 1374 2910 1445; x_wconf 83' lang='lat' dir='ltr'><strong>elegantiam</strong></span> <span class='ocrx_word' id='word_1_365' title='bbox 2942 1377 3358 1428; x_wconf 73' lang='lat' dir='ltr'><strong>accommOdatrc</strong></span> <span class='ocrx_word' id='word_1_366' title='bbox 3387 1372 3593 1441; x_wconf 88' lang='lat' dir='ltr'><strong>pollen-</strong></span> 
     </span>
    </p>
   </div>
   <div class='ocr_carea' id='block_1_58' title="bbox 2030 1461 3597 1533">
    <p class='ocr_par' dir='ltr' id='par_1_58' title="bbox 2030 1461 3597 1533">
     <span class='ocr_line' id='line_1_58' title="bbox 2030 1461 3597 1533; baseline 0 -15"><span class='ocrx_word' id='word_1_367' title='bbox 2030 1473 2128 1529; x_wconf 88' lang='lat' dir='ltr'><strong>tes,</strong></span> <span class='ocrx_word' id='word_1_368' title='bbox 2160 1467 2251 1519; x_wconf 86' lang='lat' dir='ltr'><strong>sed</strong></span> <span class='ocrx_word' id='word_1_369' title='bbox 2284 1472 2380 1519; x_wconf 77' lang='lat' dir='ltr'><strong>cur</strong></span> <span class='ocrx_word' id='word_1_370' title='bbox 2413 1463 2672 1519; x_wconf 85' lang='lat' dir='ltr'><strong>habentes</strong></span> <span class='ocrx_word' id='word_1_371' title='bbox 2705 1476 2832 1519; x_wconf 90' lang='lat' dir='ltr'><strong>vere</strong></span> <span class='ocrx_word' id='word_1_372' title='bbox 2871 1462 3165 1532; x_wconf 62' lang='lat' dir='ltr'><strong>prudentiae</strong></span> <span class='ocrx_word' id='word_1_373' title='bbox 3194 1473 3404 1533; x_wconf 73' lang='lat' dir='ltr'><strong>echrs.</strong></span> <span class='ocrx_word' id='word_1_374' title='bbox 3439 1461 3597 1518; x_wconf 79' lang='lat' dir='ltr'><strong>Sicut</strong></span> 
     </span>
    </p>
   </div>
   <div class='ocr_carea' id='block_1_59' title="bbox 2026 1553 3595 1623">
    <p class='ocr_par' dir='ltr' id='par_1_59' title="bbox 2026 1553 3595 1623">
     <span class='ocr_line' id='line_1_59' title="bbox 2026 1553 3595 1623; baseline 0.001 -15"><span class='ocrx_word' id='word_1_375' title='bbox 2026 1556 2171 1609; x_wconf 86' lang='lat' dir='ltr'><strong>enim</strong></span> <span class='ocrx_word' id='word_1_376' title='bbox 2203 1557 2345 1609; x_wconf 90' lang='lat' dir='ltr'><strong>omni</strong></span> <span class='ocrx_word' id='word_1_377' title='bbox 2386 1555 2611 1611; x_wconf 74' lang='lat' dir='ltr'><strong>scicntia</strong></span> <span class='ocrx_word' id='word_1_378' title='bbox 2646 1555 2901 1623; x_wconf 67' lang='lat' dir='ltr'><strong>praeditus</strong></span> <span class='ocrx_word' id='word_1_379' title='bbox 2944 1554 3142 1609; x_wconf 80' lang='lat' dir='ltr'><strong>Paulus</strong></span> <span class='ocrx_word' id='word_1_380' title='bbox 3165 1553 3296 1621; x_wconf 80' lang='lat' dir='ltr'><strong>ait’,</strong></span> <span class='ocrx_word' id='word_1_381' title='bbox 3349 1553 3595 1609; x_wconf 62' lang='lat' dir='ltr'><strong>Evanue+</strong></span> 
     </span>
    </p>
   </div>
   <div class='ocr_carea' id='block_1_60' title="bbox 2028 1648 3597 1719">
    <p class='ocr_par' dir='ltr' id='par_1_60' title="bbox 2028 1648 3597 1719">
     <span class='ocr_line' id='line_1_60' title="bbox 2028 1648 3597 1719; baseline 0.001 -21"><span class='ocrx_word' id='word_1_382' title='bbox 2028 1658 2149 1701; x_wconf 87' lang='lat' dir='ltr'><strong>runt</strong></span> <span class='ocrx_word' id='word_1_383' title='bbox 2181 1648 2236 1702; x_wconf 88' lang='lat' dir='ltr'><strong>in</strong></span> <span class='ocrx_word' id='word_1_384' title='bbox 2264 1649 2668 1719; x_wconf 76' lang='lat' dir='ltr'><strong>cogitationibus</strong></span> <span class='ocrx_word' id='word_1_385' title='bbox 2722 1649 2857 1712; x_wconf 91' lang='lat' dir='ltr'><strong>suis,</strong></span> <span class='ocrx_word' id='word_1_386' title='bbox 2901 1658 2953 1702; x_wconf 78' lang='lat' dir='ltr'><strong>et</strong></span> <span class='ocrx_word' id='word_1_387' title='bbox 2986 1648 3235 1718; x_wconf 74' lang='lat' dir='ltr'><strong>insipiens</strong></span> <span class='ocrx_word' id='word_1_388' title='bbox 3275 1663 3457 1701; x_wconf 88' lang='lat' dir='ltr'><strong>eorum</strong></span> <span class='ocrx_word' id='word_1_389' title='bbox 3506 1664 3597 1701; x_wconf 90' lang='lat' dir='ltr'><strong>cor</strong></span> 
     </span>
    </p>
   </div>
   <div class='ocr_carea' id='block_1_61' title="bbox 2028 1740 3594 1808">
    <p class='ocr_par' dir='ltr' id='par_1_61' title="bbox 2028 1740 3594 1808">
     <span class='ocr_line' id='line_1_61' title="bbox 2028 1740 3594 1808; baseline -0.001 -15"><span class='ocrx_word' id='word_1_390' title='bbox 2028 1740 2415 1794; x_wconf 86' lang='lat' dir='ltr'><strong>obtenebratum</strong></span> <span class='ocrx_word' id='word_1_391' title='bbox 2472 1751 2591 1804; x_wconf 86' lang='lat' dir='ltr'><strong>est;</strong></span> <span class='ocrx_word' id='word_1_392' title='bbox 2670 1748 2960 1794; x_wconf 78' lang='lat' dir='ltr'><strong>asserentes</strong></span> <span class='ocrx_word' id='word_1_393' title='bbox 3028 1753 3083 1794; x_wconf 87' lang='lat' dir='ltr'><strong>se</strong></span> <span class='ocrx_word' id='word_1_394' title='bbox 3155 1754 3266 1794; x_wconf 85' lang='lat' dir='ltr'><strong>esse</strong></span> <span class='ocrx_word' id='word_1_395' title='bbox 3315 1740 3594 1808; x_wconf 77' lang='lat' dir='ltr'><strong>sapientes.</strong></span> 
     </span>
    </p>
   </div>
   <div class='ocr_carea' id='block_1_62' title="bbox 2026 1828 3595 1901">
    <p class='ocr_par' dir='ltr' id='par_1_62' title="bbox 2026 1828 3595 1901">
     <span class='ocr_line' id='line_1_62' title="bbox 2026 1828 3595 1901; baseline 0 -17"><span class='ocrx_word' id='word_1_396' title='bbox 2026 1830 2180 1885; x_wconf 87' lang='lat' dir='ltr'><strong>stulti</strong></span> <span class='ocrx_word' id='word_1_397' title='bbox 2207 1832 2379 1900; x_wconf 78' lang='lat' dir='ltr'><strong>effecti</strong></span> <span class='ocrx_word' id='word_1_398' title='bbox 2423 1841 2566 1897; x_wconf 85' lang='lat' dir='ltr'><strong>sunt,</strong></span> <span class='ocrx_word' id='word_1_399' title='bbox 2614 1841 2669 1888; x_wconf 89' lang='lat' dir='ltr'><strong>et</strong></span> <span class='ocrx_word' id='word_1_400' title='bbox 2692 1832 2918 1901; x_wconf 86' lang='lat' dir='ltr'><strong>reliqua.</strong></span> <span class='ocrx_word' id='word_1_401' title='bbox 2950 1828 3229 1901; x_wconf 83' lang='lat' dir='ltr'><strong>Sapientes</strong></span> <span class='ocrx_word' id='word_1_402' title='bbox 3260 1832 3423 1901; x_wconf 85' lang='lat' dir='ltr'><strong>igitur</strong></span> <span class='ocrx_word' id='word_1_403' title='bbox 3455 1832 3595 1901; x_wconf 83' lang='lat' dir='ltr'><strong>quod</strong></span> 
     </span>
    </p>
   </div>
   <div class='ocr_carea' id='block_1_63' title="bbox 2029 1922 3594 1993">
    <p class='ocr_par' dir='ltr' id='par_1_63' title="bbox 2029 1922 3594 1993">
     <span class='ocr_line' id='line_1_63' title="bbox 2029 1922 3594 1993; baseline 0.001 -17"><span class='ocrx_word' id='word_1_404' title='bbox 2029 1922 2223 1976; x_wconf 89' lang='lat' dir='ltr'><strong>attinet</strong></span> <span class='ocrx_word' id='word_1_405' title='bbox 2263 1923 2329 1977; x_wconf 89' lang='lat' dir='ltr'><strong>ad</strong></span> <span class='ocrx_word' id='word_1_406' title='bbox 2365 1922 2601 1993; x_wconf 82' lang='lat' dir='ltr'><strong>linguam</strong></span> <span class='ocrx_word' id='word_1_407' title='bbox 2651 1930 2704 1978; x_wconf 90' lang='lat' dir='ltr'><strong>et</strong></span> <span class='ocrx_word' id='word_1_408' title='bbox 2747 1938 2954 1987; x_wconf 87' lang='lat' dir='ltr'><strong>vocem,</strong></span> <span class='ocrx_word' id='word_1_409' title='bbox 2988 1922 3150 1978; x_wconf 90' lang='lat' dir='ltr'><strong>corde</strong></span> <span class='ocrx_word' id='word_1_410' title='bbox 3176 1937 3306 1977; x_wconf 83' lang='lat' dir='ltr'><strong>.vero</strong></span> <span class='ocrx_word' id='word_1_411' title='bbox 3336 1922 3594 1989; x_wconf 81' lang='lat' dir='ltr'><strong>insipien-</strong></span> 
     </span>
    </p>
   </div>
   <div class='ocr_carea' id='block_1_64' title="bbox 2028 2010 3596 2081">
    <p class='ocr_par' dir='ltr' id='par_1_64' title="bbox 2028 2010 3596 2081">
     <span class='ocr_line' id='line_1_64' title="bbox 2028 2010 3596 2081; baseline 0.001 -17"><span class='ocrx_word' id='word_1_412' title='bbox 2028 2019 2128 2067; x_wconf 91' lang='lat' dir='ltr'><strong>tes.</strong></span> <span class='ocrx_word' id='word_1_413' title='bbox 2154 2010 2427 2080; x_wconf 81' lang='lat' dir='ltr'><strong>Sapientia</strong></span> <span class='ocrx_word' id='word_1_414' title='bbox 2456 2012 2594 2065; x_wconf 87' lang='lat' dir='ltr'><strong>enim</strong></span> <span class='ocrx_word' id='word_1_415' title='bbox 2625 2010 2783 2081; x_wconf 79' lang='lat' dir='ltr'><strong>hujus</strong></span> <span class='ocrx_word' id='word_1_416' title='bbox 2802 2011 2985 2065; x_wconf 85' lang='lat' dir='ltr'><strong>mundi</strong></span> <span class='ocrx_word' id='word_1_417' title='bbox 3014 2010 3335 2076; x_wconf 84' lang='lat' dir='ltr'><strong>stultitia,ut</strong></span> <span class='ocrx_word' id='word_1_418' title='bbox 3361 2026 3424 2065; x_wconf 78' lang='lat' dir='ltr'><strong>ex</strong></span> <span class='ocrx_word' id='word_1_419' title='bbox 3450 2010 3596 2065; x_wconf 84' lang='lat' dir='ltr'><strong>Scri-</strong></span> 
     </span>
    </p>
   </div>
   <div class='ocr_carea' id='block_1_65' title="bbox 2025 2102 3050 2173">
    <p class='ocr_par' dir='ltr' id='par_1_65' title="bbox 2025 2102 3050 2173">
     <span class='ocr_line' id='line_1_65' title="bbox 2025 2102 3050 2173; baseline 0 -16"><span class='ocrx_word' id='word_1_420' title='bbox 2025 2104 2198 2173; x_wconf 87' lang='lat' dir='ltr'><strong>pturis</strong></span> <span class='ocrx_word' id='word_1_421' title='bbox 2229 2104 2486 2158; x_wconf 86' lang='lat' dir='ltr'><strong>habemus</strong></span> <span class='ocrx_word' id='word_1_422' title='bbox 2520 2103 2561 2169; x_wconf 87' lang='grc'>³,</span> <span class='ocrx_word' id='word_1_423' title='bbox 2576 2104 2716 2171; x_wconf 87' lang='lat' dir='ltr'><strong>apud</strong></span> <span class='ocrx_word' id='word_1_424' title='bbox 2746 2102 2911 2157; x_wconf 86' lang='lat' dir='ltr'><strong>Deum</strong></span> <span class='ocrx_word' id='word_1_425' title='bbox 2956 2113 3050 2157; x_wconf 89' lang='lat' dir='ltr'><strong>est.</strong></span> 
     </span>
    </p>
   </div>
   <div class='ocr_carea' id='block_1_66' title="bbox 2095 2195 3286 2265">
    <p class='ocr_par' dir='ltr' id='par_1_66' title="bbox 2095 2195 3286 2265">
     <span class='ocr_line' id='line_1_66' title="bbox 2095 2195 3286 2265; baseline -0.003 -16"><span class='ocrx_word' id='word_1_426' title='bbox 2095 2195 2187 2262; x_wconf 82' lang='grc' dir='ltr'><strong>ΧΙ,</strong></span> <span class='ocrx_word' id='word_1_427' title='bbox 2227 2196 2310 2250; x_wconf 86' lang='lat' dir='ltr'><strong>Ili.</strong></span> <span class='ocrx_word' id='word_1_428' title='bbox 2341 2195 2549 2251; x_wconf 76' lang='lat' dir='ltr'><strong>Olivam</strong></span> <span class='ocrx_word' id='word_1_429' title='bbox 2572 2196 2866 2265; x_wconf 80' lang='lat' dir='ltr'><strong>pulchram,</strong></span> <span class='ocrx_word' id='word_1_430' title='bbox 2890 2195 3014 2249; x_wconf 84' lang='lat' dir='ltr'><strong>bene</strong></span> <span class='ocrx_word' id='word_1_431' title='bbox 3042 2200 3286 2264; x_wconf 80' lang='lat' dir='ltr'><strong>opacam.</strong></span> 
     </span>
    </p>
   </div>
   <div class='ocr_carea' id='block_1_67' title="bbox 2096 2285 3595 2344">
    <p class='ocr_par' dir='ltr' id='par_1_67' title="bbox 2096 2285 3595 2344">
     <span class='ocr_line' id='line_1_67' title="bbox 2096 2285 3595 2344; baseline -0.003 -1"><span class='ocrx_word' id='word_1_432' title='bbox 2096 2288 2327 2344; x_wconf 90' lang='lat' dir='ltr'><strong>Omnino</strong></span> <span class='ocrx_word' id='word_1_433' title='bbox 2379 2290 2524 2342; x_wconf 89' lang='lat' dir='ltr'><strong>enim</strong></span> <span class='ocrx_word' id='word_1_434' title='bbox 2570 2287 2803 2343; x_wconf 84' lang='lat' dir='ltr'><strong>hominis</strong></span> <span class='ocrx_word' id='word_1_435' title='bbox 2846 2287 3083 2341; x_wconf 84' lang='lat' dir='ltr'><strong>animum</strong></span> <span class='ocrx_word' id='word_1_436' title='bbox 3130 2285 3369 2340; x_wconf 84' lang='lat' dir='ltr'><strong>inutilem</strong></span> <span class='ocrx_word' id='word_1_437' title='bbox 3424 2285 3595 2339; x_wconf 80' lang='lat' dir='ltr'><strong>reddit</strong></span> 
     </span>
    </p>
   </div>
   <div class='ocr_carea' id='block_1_68' title="bbox 2026 2375 3589 2450">
    <p class='ocr_par' dir='ltr' id='par_1_68' title="bbox 2026 2375 3589 2450">
     <span class='ocr_line' id='line_1_68' title="bbox 2026 2375 3589 2450; baseline -0.004 -14"><span class='ocrx_word' id='word_1_438' title='bbox 2026 2395 2057 2436; x_wconf 91' lang='lat' dir='ltr'><strong>a</strong></span> <span class='ocrx_word' id='word_1_439' title='bbox 2086 2379 2193 2436; x_wconf 91' lang='lat' dir='ltr'><strong>Deo</strong></span> <span class='ocrx_word' id='word_1_440' title='bbox 2223 2381 2476 2436; x_wconf 84' lang='lat' dir='ltr'><strong>recedere</strong></span> <span class='ocrx_word' id='word_1_441' title='bbox 2509 2379 2732 2450; x_wconf 85' lang='lat' dir='ltr'><strong>ejusque</strong></span> <span class='ocrx_word' id='word_1_442' title='bbox 2766 2379 2978 2448; x_wconf 87' lang='lat' dir='ltr'><strong>penitus</strong></span> <span class='ocrx_word' id='word_1_443' title='bbox 3007 2377 3178 2448; x_wconf 87' lang='lat' dir='ltr'><strong>gratia</strong></span> <span class='ocrx_word' id='word_1_444' title='bbox 3227 2375 3589 2446; x_wconf 75' lang='lat' dir='ltr'><strong>sull‘ragioque</strong></span> 
     </span>
    </p>
   </div>
   <div class='ocr_carea' id='block_1_69' title="bbox 2026 2466 3591 2540">
    <p class='ocr_par' dir='ltr' id='par_1_69' title="bbox 2026 2466 3591 2540">
     <span class='ocr_line' id='line_1_69' title="bbox 2026 2466 3591 2540; baseline -0.004 -16"><span class='ocrx_word' id='word_1_445' title='bbox 2026 2470 2249 2540; x_wconf 82' lang='lat' dir='ltr'><strong>privari.</strong></span> <span class='ocrx_word' id='word_1_446' title='bbox 2296 2469 2629 2525; x_wconf 76' lang='lat' dir='ltr'><strong>Horrendum</strong></span> <span class='ocrx_word' id='word_1_447' title='bbox 2676 2469 2819 2525; x_wconf 88' lang='lat' dir='ltr'><strong>enim</strong></span> <span class='ocrx_word' id='word_1_448' title='bbox 2869 2468 3098 2522; x_wconf 82' lang='lat' dir='ltr'><strong>incidere</strong></span> <span class='ocrx_word' id='word_1_449' title='bbox 3150 2468 3207 2520; x_wconf 84' lang='lat' dir='ltr'><strong>in</strong></span> <span class='ocrx_word' id='word_1_450' title='bbox 3246 2479 3432 2520; x_wconf 80' lang='lat' dir='ltr'><strong>manus</strong></span> <span class='ocrx_word' id='word_1_451' title='bbox 3495 2466 3591 2519; x_wconf 81' lang='lat' dir='ltr'><strong>Dei</strong></span> 
     </span>
    </p>
   </div>
   <div class='ocr_carea' id='block_1_70' title="bbox 2024 2563 2295 2618">
    <p class='ocr_par' dir='ltr' id='par_1_70' title="bbox 2024 2563 2295 2618">
     <span class='ocr_line' id='line_1_70' title="bbox 2024 2563 2295 2618; baseline -0.015 0"><span class='ocrx_word' id='word_1_452' title='bbox 2024 2563 2236 2618; x_wconf 81' lang='lat' dir='ltr'><strong>viventis</strong></span> <span class='ocrx_word' id='word_1_453' title='bbox 2254 2563 2295 2614; x_wconf 69' lang='grc'>⁸.</span> 
     </span>
    </p>
   </div>
   <div class='ocr_carea' id='block_1_71' title="bbox 2095 2653 2780 2725">
    <p class='ocr_par' dir='ltr' id='par_1_71' title="bbox 2095 2653 2780 2725">
     <span class='ocr_line' id='line_1_71' title="bbox 2095 2653 2780 2725; baseline 0 -17"><span class='ocrx_word' id='word_1_454' title='bbox 2095 2653 2257 2718; x_wconf 79' lang='lat' dir='ltr'>XVII,</span> <span class='ocrx_word' id='word_1_455' title='bbox 2290 2654 2376 2709; x_wconf 84' lang='lat' dir='ltr'><strong>l9.</strong></span> <span class='ocrx_word' id='word_1_456' title='bbox 2413 2656 2493 2707; x_wconf 81' lang='lat' dir='ltr'><strong>Ad</strong></span> <span class='ocrx_word' id='word_1_457' title='bbox 2522 2665 2568 2708; x_wconf 88' lang='lat' dir='ltr'><strong>te</strong></span> <span class='ocrx_word' id='word_1_458' title='bbox 2589 2660 2780 2725; x_wconf 76' lang='lat' dir='ltr'><strong>gentes.</strong></span> 
     </span>
    </p>
   </div>
   <div class='ocr_carea' id='block_1_72' title="bbox 2097 2743 3629 2816">
    <p class='ocr_par' dir='ltr' id='par_1_72' title="bbox 2097 2743 3629 2816">
     <span class='ocr_line' id='line_1_72' title="bbox 2097 2743 3629 2816; baseline -0.002 -17"><span class='ocrx_word' id='word_1_459' title='bbox 2097 2747 2413 2816; x_wconf 76' lang='lat' dir='ltr'><strong>Quanquam</strong></span> <span class='ocrx_word' id='word_1_460' title='bbox 2446 2746 2589 2800; x_wconf 89' lang='lat' dir='ltr'><strong>enim</strong></span> <span class='ocrx_word' id='word_1_461' title='bbox 2624 2745 2895 2816; x_wconf 74' lang='lat' dir='ltr'><strong>iniuriosa:</strong></span> <span class='ocrx_word' id='word_1_462' title='bbox 2949 2745 3103 2800; x_wconf 70' lang='lat' dir='ltr'><strong>facta:</strong></span> <span class='ocrx_word' id='word_1_463' title='bbox 3146 2745 3256 2799; x_wconf 88' lang='lat' dir='ltr'><strong>sint</strong></span> <span class='ocrx_word' id='word_1_464' title='bbox 3291 2752 3345 2798; x_wconf 88' lang='lat' dir='ltr'><strong>et</strong></span> <span class='ocrx_word' id='word_1_465' title='bbox 3398 2743 3590 2797; x_wconf 53' lang='lat' dir='ltr'><strong>inobea</strong></span> <span class='ocrx_word' id='word_1_466' title='bbox 3626 2764 3629 2767; x_wconf 45' lang='grc' dir='ltr'><strong>δ</strong></span> 
     </span>
    </p>
   </div>
   <div class='ocr_carea' id='block_1_73' title="bbox 2026 2838 3586 2909">
    <p class='ocr_par' dir='ltr' id='par_1_73' title="bbox 2026 2838 3586 2909">
     <span class='ocr_line' id='line_1_73' title="bbox 2026 2838 3586 2909; baseline -0.003 -15"><span class='ocrx_word' id='word_1_467' title='bbox 2026 2839 2236 2895; x_wconf 89' lang='lat' dir='ltr'><strong>dientes</strong></span> <span class='ocrx_word' id='word_1_468' title='bbox 2298 2838 2615 2909; x_wconf 80' lang='lat' dir='ltr'><strong>plenamque</strong></span> <span class='ocrx_word' id='word_1_469' title='bbox 2667 2838 2988 2906; x_wconf 56' lang='lat' dir='ltr'><strong>insipientia;</strong></span> <span class='ocrx_word' id='word_1_470' title='bbox 3024 2846 3256 2892; x_wconf 86' lang='lat' dir='ltr'><strong>mentem</strong></span> <span class='ocrx_word' id='word_1_471' title='bbox 3302 2838 3586 2901; x_wconf 83' lang='lat' dir='ltr'><strong>habentes,</strong></span> 
     </span>
    </p>
   </div>
   <div class='ocr_carea' id='block_1_74' title="bbox 2025 2922 3594 2999">
    <p class='ocr_par' dir='ltr' id='par_1_74' title="bbox 2025 2922 3594 2999">
     <span class='ocr_line' id='line_1_74' title="bbox 2025 2922 3594 2999; baseline -0.004 -13"><span class='ocrx_word' id='word_1_472' title='bbox 2025 2931 2300 2986; x_wconf 82' lang='lat' dir='ltr'><strong>salvantur</strong></span> <span class='ocrx_word' id='word_1_473' title='bbox 2339 2939 2515 2985; x_wconf 86' lang='lat' dir='ltr'><strong>tamen</strong></span> <span class='ocrx_word' id='word_1_474' title='bbox 2544 2939 2599 2984; x_wconf 91' lang='lat' dir='ltr'><strong>et</strong></span> <span class='ocrx_word' id='word_1_475' title='bbox 2636 2929 3006 2999; x_wconf 83' lang='lat' dir='ltr'><strong>gloriﬁcantur</strong></span> <span class='ocrx_word' id='word_1_476' title='bbox 3033 2944 3065 2983; x_wconf 88' lang='lat' dir='ltr'><strong>a</strong></span> <span class='ocrx_word' id='word_1_477' title='bbox 3118 2928 3352 2983; x_wconf 86' lang='lat' dir='ltr'><strong>Christo.</strong></span> <span class='ocrx_word' id='word_1_478' title='bbox 3399 2922 3594 2982; x_wconf 83' lang='lat' dir='ltr'><strong>Primi-</strong></span> 
     </span>
    </p>
   </div>
   <div class='ocr_carea' id='block_1_75' title="bbox 2024 3020 3591 3091">
    <p class='ocr_par' dir='ltr' id='par_1_75' title="bbox 2024 3020 3591 3091">
     <span class='ocr_line' id='line_1_75' title="bbox 2024 3020 3591 3091; baseline -0.003 -13"><span class='ocrx_word' id='word_1_479' title='bbox 2024 3023 2113 3079; x_wconf 67' lang='lat' dir='ltr'><strong>tiae</strong></span> <span class='ocrx_word' id='word_1_480' title='bbox 2143 3030 2321 3079; x_wconf 86' lang='lat' dir='ltr'><strong>autem</strong></span> <span class='ocrx_word' id='word_1_481' title='bbox 2365 3037 2554 3077; x_wconf 85' lang='lat' dir='ltr'><strong>earum</strong></span> <span class='ocrx_word' id='word_1_482' title='bbox 2599 3021 2816 3076; x_wconf 81' lang='lat' dir='ltr'><strong>fuerunt</strong></span> <span class='ocrx_word' id='word_1_483' title='bbox 2844 3020 3081 3076; x_wconf 63' lang='lat' dir='ltr'><strong>victoria:</strong></span> <span class='ocrx_word' id='word_1_484' title='bbox 3108 3021 3325 3091; x_wconf 75' lang='lat' dir='ltr'><strong>prtemia</strong></span> <span class='ocrx_word' id='word_1_485' title='bbox 3357 3022 3591 3075; x_wconf 86' lang='lat' dir='ltr'><strong>assecuti</strong></span> 
     </span>
    </p>
   </div>
   <div class='ocr_carea' id='block_1_76' title="bbox 2024 3112 3590 3186">
    <p class='ocr_par' dir='ltr' id='par_1_76' title="bbox 2024 3112 3590 3186">
     <span class='ocr_line' id='line_1_76' title="bbox 2024 3112 3590 3186; baseline -0.003 -17"><span class='ocrx_word' id='word_1_486' title='bbox 2024 3126 2313 3186; x_wconf 85' lang='lat' dir='ltr'><strong>martyres,</strong></span> <span class='ocrx_word' id='word_1_487' title='bbox 2336 3129 2566 3184; x_wconf 88' lang='lat' dir='ltr'><strong>quorum</strong></span> <span class='ocrx_word' id='word_1_488' title='bbox 2617 3113 2799 3185; x_wconf 67' lang='lat' dir='ltr'><strong>gloria:</strong></span> <span class='ocrx_word' id='word_1_489' title='bbox 2851 3112 3069 3169; x_wconf 87' lang='lat' dir='ltr'><strong>claritas</strong></span> <span class='ocrx_word' id='word_1_490' title='bbox 3114 3112 3423 3167; x_wconf 86' lang='lat' dir='ltr'><strong>universum</strong></span> <span class='ocrx_word' id='word_1_491' title='bbox 3469 3112 3590 3165; x_wconf 56' lang='lat' dir='ltr'><strong>illus</strong></span> 
     </span>
    </p>
   </div>
   <div class='ocr_carea' id='block_1_77' title="bbox 1949 3207 2403 3287">
    <p class='ocr_par' dir='ltr' id='par_1_77' title="bbox 1949 3207 2403 3287">
     <span class='ocr_line' id='line_1_77' title="bbox 1949 3207 2403 3287; baseline -0.004 -23"><span class='ocrx_word' id='word_1_492' title='bbox 1949 3229 1992 3287; x_wconf 72' lang='grc' dir='ltr'>ο</span> <span class='ocrx_word' id='word_1_493' title='bbox 2025 3216 2160 3264; x_wconf 87' lang='lat' dir='ltr'><strong>strat</strong></span> <span class='ocrx_word' id='word_1_494' title='bbox 2195 3207 2403 3262; x_wconf 91' lang='lat' dir='ltr'><strong>orbem.</strong></span> 
     </span>
    </p>
   </div>
   <div class='ocr_carea' id='block_1_78' title="bbox 2095 3294 3100 3368">
    <p class='ocr_par' dir='ltr' id='par_1_78' title="bbox 2095 3294 3100 3368">
     <span class='ocr_line' id='line_1_78' title="bbox 2095 3294 3100 3368; baseline 0 -17"><span class='ocrx_word' id='word_1_495' title='bbox 2095 3297 2255 3363; x_wconf 77' lang='lat' dir='ltr'>XVII,</span> <span class='ocrx_word' id='word_1_496' title='bbox 2287 3298 2339 3352; x_wconf 92' lang='lat'><strong>8.</strong></span> <span class='ocrx_word' id='word_1_497' title='bbox 2372 3294 2442 3351; x_wconf 86' lang='grc' dir='ltr'>Ει</span> <span class='ocrx_word' id='word_1_498' title='bbox 2463 3298 2562 3351; x_wconf 88' lang='lat' dir='ltr'><strong>erit</strong></span> <span class='ocrx_word' id='word_1_499' title='bbox 2593 3306 2845 3368; x_wconf 79' lang='lat' dir='ltr'><strong>tauquam</strong></span> <span class='ocrx_word' id='word_1_500' title='bbox 2877 3298 3100 3366; x_wconf 84' lang='lat' dir='ltr'><strong>lignum.</strong></span> 
     </span>
    </p>
   </div>
   <div class='ocr_carea' id='block_1_79' title="bbox 2096 3389 3592 3460">
    <p class='ocr_par' dir='ltr' id='par_1_79' title="bbox 2096 3389 3592 3460">
     <span class='ocr_line' id='line_1_79' title="bbox 2096 3389 3592 3460; baseline -0.001 -16"><span class='ocrx_word' id='word_1_501' title='bbox 2096 3390 2213 3444; x_wconf 82' lang='lat' dir='ltr'><strong>Non</strong></span> <span class='ocrx_word' id='word_1_502' title='bbox 2259 3390 2399 3444; x_wconf 91' lang='lat' dir='ltr'><strong>enim</strong></span> <span class='ocrx_word' id='word_1_503' title='bbox 2464 3390 2706 3460; x_wconf 88' lang='lat' dir='ltr'><strong>superbit</strong></span> <span class='ocrx_word' id='word_1_504' title='bbox 2765 3390 2819 3443; x_wconf 91' lang='lat' dir='ltr'><strong>in</strong></span> <span class='ocrx_word' id='word_1_505' title='bbox 2870 3389 3092 3455; x_wconf 78' lang='lat' dir='ltr'><strong>divitiis,</strong></span> <span class='ocrx_word' id='word_1_506' title='bbox 3124 3402 3294 3458; x_wconf 87' lang='lat' dir='ltr'><strong>neque</strong></span> <span class='ocrx_word' id='word_1_507' title='bbox 3354 3389 3592 3443; x_wconf 88' lang='lat' dir='ltr'><strong>inanium</strong></span> 
     </span>
    </p>
   </div>
   <div class='ocr_carea' id='block_1_80' title="bbox 2024 3479 3593 3553">
    <p class='ocr_par' dir='ltr' id='par_1_80' title="bbox 2024 3479 3593 3553">
     <span class='ocr_line' id='line_1_80' title="bbox 2024 3479 3593 3553; baseline 0.001 -19"><span class='ocrx_word' id='word_1_508' title='bbox 2024 3481 2374 3553; x_wconf 86' lang='lat' dir='ltr'><strong>quarumdam</strong></span> <span class='ocrx_word' id='word_1_509' title='bbox 2398 3480 2687 3551; x_wconf 87' lang='lat' dir='ltr'><strong>gloriarum</strong></span> <span class='ocrx_word' id='word_1_510' title='bbox 2720 3495 2942 3549; x_wconf 86' lang='lat' dir='ltr'><strong>compos</strong></span> <span class='ocrx_word' id='word_1_511' title='bbox 2965 3480 3137 3534; x_wconf 81' lang='lat' dir='ltr'><strong>lactus</strong></span> <span class='ocrx_word' id='word_1_512' title='bbox 3168 3479 3365 3534; x_wconf 84' lang='lat' dir='ltr'><strong>attollit</strong></span> <span class='ocrx_word' id='word_1_513' title='bbox 3403 3495 3593 3549; x_wconf 57' lang='lat' dir='ltr'><strong>supev</strong></span> 
     </span>
    </p>
   </div>
   <div class='ocr_carea' id='block_1_81' title="bbox 2024 3570 3593 3644">
    <p class='ocr_par' dir='ltr' id='par_1_81' title="bbox 2024 3570 3593 3644">
     <span class='ocr_line' id='line_1_81' title="bbox 2024 3570 3593 3644; baseline -0.004 -14"><span class='ocrx_word' id='word_1_514' title='bbox 2024 3575 2252 3640; x_wconf 84' lang='lat' dir='ltr'><strong>cilium;</strong></span> <span class='ocrx_word' id='word_1_515' title='bbox 2298 3573 2452 3644; x_wconf 90' lang='lat' dir='ltr'><strong>plena</strong></span> <span class='ocrx_word' id='word_1_516' title='bbox 2491 3582 2617 3626; x_wconf 92' lang='lat' dir='ltr'><strong>sunt</strong></span> <span class='ocrx_word' id='word_1_517' title='bbox 2652 3573 2796 3627; x_wconf 90' lang='lat' dir='ltr'><strong>enim</strong></span> <span class='ocrx_word' id='word_1_518' title='bbox 2866 3573 2979 3626; x_wconf 63' lang='lat' dir='ltr'><strong>haec</strong></span> <span class='ocrx_word' id='word_1_519' title='bbox 3037 3570 3326 3637; x_wconf 79' lang='lat' dir='ltr'><strong>futilitatis,</strong></span> <span class='ocrx_word' id='word_1_520' title='bbox 3373 3582 3427 3627; x_wconf 88' lang='lat' dir='ltr'><strong>et</strong></span> <span class='ocrx_word' id='word_1_521' title='bbox 3463 3572 3593 3625; x_wconf 85' lang='lat' dir='ltr'><strong>nihil</strong></span> 
     </span>
    </p>
   </div>
   <div class='ocr_carea' id='block_1_82' title="bbox 2026 3663 3593 3734">
    <p class='ocr_par' dir='ltr' id='par_1_82' title="bbox 2026 3663 3593 3734">
     <span class='ocr_line' id='line_1_82' title="bbox 2026 3663 3593 3734; baseline -0.004 -13"><span class='ocrx_word' id='word_1_522' title='bbox 2026 3668 2189 3722; x_wconf 90' lang='lat' dir='ltr'><strong>aliud.</strong></span> <span class='ocrx_word' id='word_1_523' title='bbox 2222 3667 2433 3721; x_wconf 90' lang='lat' dir='ltr'><strong>Etenim</strong></span> <span class='ocrx_word' id='word_1_524' title='bbox 2466 3674 2636 3718; x_wconf 92' lang='lat' dir='ltr'><strong>tutum</strong></span> <span class='ocrx_word' id='word_1_525' title='bbox 2667 3666 2857 3734; x_wconf 82' lang='lat' dir='ltr'><strong>pignus</strong></span> <span class='ocrx_word' id='word_1_526' title='bbox 2896 3664 2960 3717; x_wconf 86' lang='lat' dir='ltr'><strong>ad</strong></span> <span class='ocrx_word' id='word_1_527' title='bbox 2988 3666 3211 3717; x_wconf 78' lang='lat' dir='ltr'><strong>salutem</strong></span> <span class='ocrx_word' id='word_1_528' title='bbox 3242 3673 3347 3726; x_wconf 89' lang='lat' dir='ltr'><strong>est,</strong></span> <span class='ocrx_word' id='word_1_529' title='bbox 3378 3665 3430 3717; x_wconf 92' lang='lat' dir='ltr'><strong>in</strong></span> <span class='ocrx_word' id='word_1_530' title='bbox 3463 3663 3593 3728; x_wconf 83' lang='lat' dir='ltr'><strong>Deo,</strong></span> 
     </span>
    </p>
   </div>
   <div class='ocr_carea' id='block_1_83' title="bbox 2024 3755 3591 3830">
    <p class='ocr_par' dir='ltr' id='par_1_83' title="bbox 2024 3755 3591 3830">
     <span class='ocr_line' id='line_1_83' title="bbox 2024 3755 3591 3830; baseline -0.005 -16"><span class='ocrx_word' id='word_1_531' title='bbox 2024 3761 2113 3830; x_wconf 92' lang='lat' dir='ltr'><strong>qui</strong></span> <span class='ocrx_word' id='word_1_532' title='bbox 2144 3760 2320 3815; x_wconf 86' lang='lat' dir='ltr'><strong>omnia</strong></span> <span class='ocrx_word' id='word_1_533' title='bbox 2363 3766 2561 3829; x_wconf 85' lang='lat' dir='ltr'><strong>potest,</strong></span> <span class='ocrx_word' id='word_1_534' title='bbox 2610 3758 2916 3823; x_wconf 79' lang='lat' dir='ltr'><strong>conlidere;</strong></span> <span class='ocrx_word' id='word_1_535' title='bbox 2942 3765 2996 3810; x_wconf 90' lang='lat' dir='ltr'><strong>et</strong></span> <span class='ocrx_word' id='word_1_536' title='bbox 3027 3756 3079 3809; x_wconf 93' lang='lat' dir='ltr'><strong>in</strong></span> <span class='ocrx_word' id='word_1_537' title='bbox 3122 3755 3241 3810; x_wconf 84' lang='lat' dir='ltr'><strong>aliis</strong></span> <span class='ocrx_word' id='word_1_538' title='bbox 3274 3755 3591 3823; x_wconf 75' lang='lat' dir='ltr'><strong>Quibusdam</strong></span> 
     </span>
    </p>
   </div>
   <div class='ocr_carea' id='block_1_84' title="bbox 2026 3848 2937 3924">
    <p class='ocr_par' dir='ltr' id='par_1_84' title="bbox 2026 3848 2937 3924">
     <span class='ocr_line' id='line_1_84' title="bbox 2026 3848 2937 3924; baseline -0.008 -15"><span class='ocrx_word' id='word_1_539' title='bbox 2026 3870 2174 3924; x_wconf 92' lang='lat' dir='ltr'><strong>spem</strong></span> <span class='ocrx_word' id='word_1_540' title='bbox 2211 3867 2429 3922; x_wconf 89' lang='lat' dir='ltr'><strong>ponere,</strong></span> <span class='ocrx_word' id='word_1_541' title='bbox 2462 3850 2618 3906; x_wconf 89' lang='lat' dir='ltr'><strong>l&#39;utile</strong></span> <span class='ocrx_word' id='word_1_542' title='bbox 2642 3859 2698 3905; x_wconf 88' lang='lat' dir='ltr'><strong>et</strong></span> <span class='ocrx_word' id='word_1_543' title='bbox 2730 3848 2937 3903; x_wconf 91' lang='lat' dir='ltr'><strong>inutile.</strong></span> 
     </span>
    </p>
   </div>
   <div class='ocr_carea' id='block_1_85' title="bbox 2098 3936 3117 4010">
    <p class='ocr_par' dir='ltr' id='par_1_85' title="bbox 2098 3936 3117 4010">
     <span class='ocr_line' id='line_1_85' title="bbox 2098 3936 3117 4010; baseline -0.004 -14"><span class='ocrx_word' id='word_1_544' title='bbox 2098 3936 2279 4005; x_wconf 76' lang='lat' dir='ltr'>XVIII,</span> <span class='ocrx_word' id='word_1_545' title='bbox 2302 3943 2354 3997; x_wconf 86' lang='lat'><strong>6.</strong></span> <span class='ocrx_word' id='word_1_546' title='bbox 2405 3940 2542 3996; x_wconf 85' lang='lat' dir='ltr'><strong>Ecce</strong></span> <span class='ocrx_word' id='word_1_547' title='bbox 2568 3942 2703 3996; x_wconf 82' lang='lat' dir='ltr'><strong>sicut</strong></span> <span class='ocrx_word' id='word_1_548' title='bbox 2745 3940 2914 3994; x_wconf 85' lang='lat' dir='ltr'><strong>lutum</strong></span> <span class='ocrx_word' id='word_1_549' title='bbox 2946 3939 3117 4010; x_wconf 80' lang='lat' dir='ltr'><strong>ﬁguli.</strong></span> 
     </span>
    </p>
   </div>
   <div class='ocr_carea' id='block_1_86' title="bbox 2093 4030 3592 4102">
    <p class='ocr_par' dir='ltr' id='par_1_86' title="bbox 2093 4030 3592 4102">
     <span class='ocr_line' id='line_1_86' title="bbox 2093 4030 3592 4102; baseline -0.002 -12"><span class='ocrx_word' id='word_1_550' title='bbox 2093 4034 2466 4090; x_wconf 83' lang='lat' dir='ltr'><strong>Trausl&#39;ormat.</strong></span> <span class='ocrx_word' id='word_1_551' title='bbox 2533 4034 2676 4087; x_wconf 90' lang='lat' dir='ltr'><strong>enim</strong></span> <span class='ocrx_word' id='word_1_552' title='bbox 2752 4035 2955 4102; x_wconf 83' lang='lat' dir='ltr'><strong>absque</strong></span> <span class='ocrx_word' id='word_1_553' title='bbox 3013 4032 3116 4085; x_wconf 86' lang='lat' dir='ltr'><strong>ulla</strong></span> <span class='ocrx_word' id='word_1_554' title='bbox 3180 4030 3489 4089; x_wconf 88' lang='lat' dir='ltr'><strong>dillicultale</strong></span> <span class='ocrx_word' id='word_1_555' title='bbox 3542 4034 3592 4087; x_wconf 89' lang='lat' dir='ltr'><strong>iu</strong></span> 
     </span>
    </p>
   </div>
   <div class='ocr_carea' id='block_1_87' title="bbox 2025 4123 3590 4199">
    <p class='ocr_par' dir='ltr' id='par_1_87' title="bbox 2025 4123 3590 4199">
     <span class='ocr_line' id='line_1_87' title="bbox 2025 4123 3590 4199; baseline -0.004 -15"><span class='ocrx_word' id='word_1_556' title='bbox 2025 4128 2385 4199; x_wconf 88' lang='lat' dir='ltr'><strong>quodcunque</strong></span> <span class='ocrx_word' id='word_1_557' title='bbox 2425 4128 2525 4182; x_wconf 86' lang='lat' dir='ltr'><strong>sibi</strong></span> <span class='ocrx_word' id='word_1_558' title='bbox 2570 4126 2879 4181; x_wconf 89' lang='lat' dir='ltr'><strong>collubitum</strong></span> <span class='ocrx_word' id='word_1_559' title='bbox 2917 4123 3076 4180; x_wconf 78' lang='lat' dir='ltr'><strong>fuerit</strong></span> <span class='ocrx_word' id='word_1_560' title='bbox 3145 4139 3253 4179; x_wconf 90' lang='lat' dir='ltr'><strong>rem</strong></span> <span class='ocrx_word' id='word_1_561' title='bbox 3306 4139 3335 4177; x_wconf 87' lang='lat' dir='ltr'><strong>a</strong></span> <span class='ocrx_word' id='word_1_562' title='bbox 3388 4139 3447 4180; x_wconf 88' lang='lat' dir='ltr'><strong>se</strong></span> <span class='ocrx_word' id='word_1_563' title='bbox 3506 4126 3590 4178; x_wconf 77' lang='lat' dir='ltr'><strong>l’a-</strong></span> 
     </span>
    </p>
   </div>
   <div class='ocr_carea' id='block_1_88' title="bbox 2024 4230 2187 4275">
    <p class='ocr_par' dir='ltr' id='par_1_88' title="bbox 2024 4230 2187 4275">
     <span class='ocr_line' id='line_1_88' title="bbox 2024 4230 2187 4275; baseline -0.025 0"><span class='ocrx_word' id='word_1_564' title='bbox 2024 4230 2187 4275; x_wconf 87' lang='lat' dir='ltr'><strong>ctam.</strong></span> 
     </span>
    </p>
   </div>
   <div class='ocr_carea' id='block_1_89' title="bbox 2092 4310 3137 4376">
    <p class='ocr_par' dir='ltr' id='par_1_89' title="bbox 2092 4310 3137 4376">
     <span class='ocr_line' id='line_1_89' title="bbox 2092 4310 3137 4376; baseline -0.001 -9"><span class='ocrx_word' id='word_1_565' title='bbox 2092 4310 2283 4376; x_wconf 70' lang='lat' dir='ltr'>XXIII,</span> <span class='ocrx_word' id='word_1_566' title='bbox 2310 4310 2399 4365; x_wconf 74' lang='lat'><strong>29.</strong></span> <span class='ocrx_word' id='word_1_567' title='bbox 2430 4311 2617 4365; x_wconf 86' lang='lat' dir='ltr'><strong>Nonne</strong></span> <span class='ocrx_word' id='word_1_568' title='bbox 2646 4328 2759 4365; x_wconf 83' lang='lat' dir='ltr'><strong>ecce</strong></span> <span class='ocrx_word' id='word_1_569' title='bbox 2786 4311 2941 4365; x_wconf 84' lang='lat' dir='ltr'><strong>verba</strong></span> <span class='ocrx_word' id='word_1_570' title='bbox 2973 4312 2997 4364; x_wconf 89' lang='lat'><strong><em>?</em></strong></span> <span class='ocrx_word' id='word_1_571' title='bbox 3027 4320 3137 4366; x_wconf 90' lang='lat' dir='ltr'><strong>etc.</strong></span> 
     </span>
    </p>
   </div>
   <div class='ocr_carea' id='block_1_90' title="bbox 2094 4402 3594 4474">
    <p class='ocr_par' dir='ltr' id='par_1_90' title="bbox 2094 4402 3594 4474">
     <span class='ocr_line' id='line_1_90' title="bbox 2094 4402 3594 4474; baseline -0.003 -18"><span class='ocrx_word' id='word_1_572' title='bbox 2094 4404 2271 4474; x_wconf 86' lang='lat' dir='ltr'><strong>Ignem</strong></span> <span class='ocrx_word' id='word_1_573' title='bbox 2300 4402 2530 4473; x_wconf 83' lang='lat' dir='ltr'><strong>appellat</strong></span> <span class='ocrx_word' id='word_1_574' title='bbox 2572 4403 2934 4474; x_wconf 84' lang='lat' dir='ltr'><strong>evangelicam</strong></span> <span class='ocrx_word' id='word_1_575' title='bbox 2961 4402 3361 4470; x_wconf 88' lang='lat' dir='ltr'><strong>salutaremque</strong></span> <span class='ocrx_word' id='word_1_576' title='bbox 3406 4402 3594 4470; x_wconf 71' lang='lat' dir='ltr'><strong>prmdi-</strong></span> 
     </span>
    </p>
   </div>
   <div class='ocr_carea' id='block_1_91' title="bbox 2028 4493 3593 4563">
    <p class='ocr_par' dir='ltr' id='par_1_91' title="bbox 2028 4493 3593 4563">
     <span class='ocr_line' id='line_1_91' title="bbox 2028 4493 3593 4563; baseline -0.002 -14"><span class='ocrx_word' id='word_1_577' title='bbox 2028 4495 2298 4550; x_wconf 90' lang='lat' dir='ltr'><strong>cationem</strong></span> <span class='ocrx_word' id='word_1_578' title='bbox 2322 4536 2337 4560; x_wconf 90' lang='lat'><strong>,</strong></span> <span class='ocrx_word' id='word_1_579' title='bbox 2371 4494 2455 4549; x_wconf 90' lang='lat' dir='ltr'><strong>vel</strong></span> <span class='ocrx_word' id='word_1_580' title='bbox 2509 4506 2562 4549; x_wconf 84' lang='lat' dir='ltr'><strong>et</strong></span> <span class='ocrx_word' id='word_1_581' title='bbox 2601 4494 2772 4563; x_wconf 86' lang='lat' dir='ltr'><strong>ipsam</strong></span> <span class='ocrx_word' id='word_1_582' title='bbox 2803 4494 3038 4562; x_wconf 85' lang='lat' dir='ltr'><strong>Spiritus</strong></span> <span class='ocrx_word' id='word_1_583' title='bbox 3086 4493 3257 4547; x_wconf 86' lang='lat' dir='ltr'><strong>sancti</strong></span> <span class='ocrx_word' id='word_1_584' title='bbox 3305 4493 3593 4562; x_wconf 30' lang='lat' dir='ltr'><strong>participas</strong></span> 
     </span>
    </p>
   </div>
   <div class='ocr_carea' id='block_1_92' title="bbox 357 4576 1924 4657">
    <p class='ocr_par' dir='ltr' id='par_1_92' title="bbox 357 4580 1919 4653">
     <span class='ocr_line' id='line_1_92' title="bbox 357 4580 1919 4653; baseline 0.003 -21"><span class='ocrx_word' id='word_1_585' title='bbox 357 4580 592 4650; x_wconf 79' lang='grc' dir='ltr'>μέθεξιν,</span> <span class='ocrx_word' id='word_1_586' title='bbox 624 4580 652 4633; x_wconf 78' lang='grc' dir='ltr'><strong>ὃ</strong></span> <span class='ocrx_word' id='word_1_587' title='bbox 683 4582 777 4634; x_wconf 75' lang='grc' dir='ltr'>καὶ</span> <span class='ocrx_word' id='word_1_588' title='bbox 805 4582 943 4652; x_wconf 76' lang='grc' dir='ltr'>πυρὶ</span> <span class='ocrx_word' id='word_1_589' title='bbox 974 4581 1388 4653; x_wconf 80' lang='grc' dir='ltr'>παρεικάζεται.</span> <span class='ocrx_word' id='word_1_590' title='bbox 1420 4582 1529 4635; x_wconf 79' lang='grc' dir='ltr'><strong>Καὶ</strong></span> <span class='ocrx_word' id='word_1_591' title='bbox 1564 4582 1694 4650; x_wconf 88' lang='grc' dir='ltr'>γοῦν</span> <span class='ocrx_word' id='word_1_592' title='bbox 1729 4583 1759 4633; x_wconf 83' lang='grc' dir='ltr'>ὁ</span> <span class='ocrx_word' id='word_1_593' title='bbox 1786 4585 1919 4638; x_wconf 80' lang='grc' dir='ltr'><strong>πάν-</strong></span> 
     </span>
    </p>
   </div>
   <div class='ocr_carea' id='block_1_93' title="bbox 2029 4576 3594 4657">
    <p class='ocr_par' dir='ltr' id='par_1_93' title="bbox 2029 4583 3594 4657">
     <span class='ocr_line' id='line_1_93' title="bbox 2029 4583 3594 4657; baseline -0.004 -15"><span class='ocrx_word' id='word_1_594' title='bbox 2029 4588 2225 4643; x_wconf 87' lang='lat' dir='ltr'><strong>tionem</strong></span> <span class='ocrx_word' id='word_1_595' title='bbox 2272 4590 2361 4657; x_wconf 90' lang='lat' dir='ltr'><strong>qui</strong></span> <span class='ocrx_word' id='word_1_596' title='bbox 2405 4599 2459 4642; x_wconf 88' lang='lat' dir='ltr'><strong>et</strong></span> <span class='ocrx_word' id='word_1_597' title='bbox 2502 4586 2610 4657; x_wconf 84' lang='lat' dir='ltr'><strong>igni</strong></span> <span class='ocrx_word' id='word_1_598' title='bbox 2663 4586 3007 4640; x_wconf 85' lang='lat' dir='ltr'><strong>assimilatur.</strong></span> <span class='ocrx_word' id='word_1_599' title='bbox 3054 4583 3231 4651; x_wconf 83' lang='lat' dir='ltr'><strong>Quare</strong></span> <span class='ocrx_word' id='word_1_600' title='bbox 3284 4592 3338 4639; x_wconf 90' lang='lat' dir='ltr'><strong>et</strong></span> <span class='ocrx_word' id='word_1_601' title='bbox 3377 4585 3594 4653; x_wconf 77' lang='lat' dir='ltr'><strong>sapien-</strong></span> 
     </span>
    </p>
   </div>
   <div class='ocr_carea' id='block_1_94' title="bbox 356 4672 1921 4743">
    <p class='ocr_par' dir='ltr' id='par_1_94' title="bbox 356 4672 1921 4743">
     <span class='ocr_line' id='line_1_94' title="bbox 356 4672 1921 4743; baseline 0.001 -18"><span class='ocrx_word' id='word_1_602' title='bbox 356 4690 514 4741; x_wconf 77' lang='grc' dir='ltr'>σοφος</span> <span class='ocrx_word' id='word_1_603' title='bbox 552 4673 802 4743; x_wconf 84' lang='grc' dir='ltr'>Ἰωάννης</span> <span class='ocrx_word' id='word_1_604' title='bbox 833 4672 862 4722; x_wconf 82' lang='grc' dir='ltr'>ὁ</span> <span class='ocrx_word' id='word_1_605' title='bbox 885 4672 1195 4743; x_wconf 76' lang='grc' dir='ltr'>Βαπτιστὴς</span> <span class='ocrx_word' id='word_1_606' title='bbox 1240 4672 1367 4742; x_wconf 75' lang='grc' dir='ltr'>περὶ</span> <span class='ocrx_word' id='word_1_607' title='bbox 1403 4672 1568 4725; x_wconf 84' lang='grc' dir='ltr'>αὑτοῦ</span> <span class='ocrx_word' id='word_1_608' title='bbox 1597 4690 1656 4725; x_wconf 90' lang='grc' dir='ltr'><strong>τε</strong></span> <span class='ocrx_word' id='word_1_609' title='bbox 1694 4674 1790 4727; x_wconf 72' lang='grc' dir='ltr'>καὶ</span> <span class='ocrx_word' id='word_1_610' title='bbox 1829 4672 1921 4726; x_wconf 83' lang='grc' dir='ltr'><strong>τοῦ</strong></span> 
     </span>
    </p>
   </div>
   <div class='ocr_carea' id='block_1_95' title="bbox 353 4763 1919 4837">
    <p class='ocr_par' dir='ltr' id='par_1_95' title="bbox 353 4763 1919 4837">
     <span class='ocr_line' id='line_1_95' title="bbox 353 4763 1919 4837; baseline 0.001 -20"><span class='ocrx_word' id='word_1_611' title='bbox 353 4764 570 4819; x_wconf 82' lang='grc' dir='ltr'>πάντων</span> <span class='ocrx_word' id='word_1_612' title='bbox 598 4764 756 4834; x_wconf 82' lang='grc' dir='ltr'>ἡμῶν</span> <span class='ocrx_word' id='word_1_613' title='bbox 787 4764 1036 4837; x_wconf 84' lang='grc' dir='ltr'>Σωτῆρος</span> <span class='ocrx_word' id='word_1_614' title='bbox 1073 4763 1246 4835; x_wconf 87' lang='grc' dir='ltr'>Ἰησοῦ</span> <span class='ocrx_word' id='word_1_615' title='bbox 1271 4763 1507 4836; x_wconf 88' lang='grc' dir='ltr'>Χριστοῦ</span> <span class='ocrx_word' id='word_1_616' title='bbox 1546 4764 1688 4818; x_wconf 77' lang='grc' dir='ltr'>οὕτω</span> <span class='ocrx_word' id='word_1_617' title='bbox 1725 4764 1919 4835; x_wconf 80' lang='grc' dir='ltr'>φησίν·</span> 
     </span>
    </p>
   </div>
   <div class='ocr_carea' id='block_1_96' title="bbox 365 4853 1919 4925">
    <p class='ocr_par' dir='ltr' id='par_1_96' title="bbox 365 4853 1919 4925">
     <span class='ocr_line' id='line_1_96' title="bbox 365 4853 1919 4925; baseline 0.003 -17"><span class='ocrx_word' id='word_1_618' title='bbox 365 4856 507 4925; x_wconf 75' lang='grc' dir='ltr'><strong>ἐγὼ</strong></span> <span class='ocrx_word' id='word_1_619' title='bbox 541 4854 697 4925; x_wconf 81' lang='grc' dir='ltr'>ὑμᾶς</span> <span class='ocrx_word' id='word_1_620' title='bbox 725 4855 895 4909; x_wconf 81' lang='grc' dir='ltr'>ὕδατι</span> <span class='ocrx_word' id='word_1_621' title='bbox 914 4853 1181 4920; x_wconf 82' lang='grc' dir='ltr'>,ϐαπτίζω</span> <span class='ocrx_word' id='word_1_622' title='bbox 1214 4856 1302 4919; x_wconf 78' lang='grc' dir='ltr'>εὶς</span> <span class='ocrx_word' id='word_1_623' title='bbox 1323 4856 1668 4925; x_wconf 78' lang='grc' dir='ltr'>μετανοίαν,</span> <span class='ocrx_word' id='word_1_624' title='bbox 1696 4874 1751 4909; x_wconf 89' lang='grc' dir='ltr'><strong>κ.</strong></span> <span class='ocrx_word' id='word_1_625' title='bbox 1780 4873 1834 4910; x_wconf 85' lang='grc' dir='ltr'><strong>τ.</strong></span> <span class='ocrx_word' id='word_1_626' title='bbox 1869 4855 1919 4912; x_wconf 87' lang='grc' dir='ltr'><strong>λ.</strong></span> 
     </span>
    </p>
   </div>
   <div class='ocr_carea' id='block_1_97' title="bbox 366 4943 1924 5019">
    <p class='ocr_par' dir='ltr' id='par_1_97' title="bbox 366 4943 1924 5019">
     <span class='ocr_line' id='line_1_97' title="bbox 366 4943 1924 5019; baseline 0.002 -20"><span class='ocrx_word' id='word_1_627' title='bbox 366 4945 572 5018; x_wconf 80' lang='grc' dir='ltr'>Ὀρθῶς</span> <span class='ocrx_word' id='word_1_628' title='bbox 602 4943 695 5001; x_wconf 79' lang='grc' dir='ltr'>οὖν</span> <span class='ocrx_word' id='word_1_629' title='bbox 726 4948 831 5018; x_wconf 80' lang='grc' dir='ltr'>ἔφη</span> <span class='ocrx_word' id='word_1_630' title='bbox 859 4949 888 5002; x_wconf 86' lang='grc' dir='ltr'><strong>ὁ</strong></span> <span class='ocrx_word' id='word_1_631' title='bbox 921 4947 1156 5019; x_wconf 84' lang='grc' dir='ltr'>Χριστός</span> <span class='ocrx_word' id='word_1_632' title='bbox 1175 4964 1187 4977; x_wconf 92' lang='grc'><strong>·</strong></span> <span class='ocrx_word' id='word_1_633' title='bbox 1217 4947 1342 5015; x_wconf 82' lang='grc' dir='ltr'>Πῦρ</span> <span class='ocrx_word' id='word_1_634' title='bbox 1371 4944 1561 5019; x_wconf 82' lang='grc' dir='ltr'>ἦλθον</span> <span class='ocrx_word' id='word_1_635' title='bbox 1581 4949 1801 5014; x_wconf 77' lang='grc' dir='ltr'>,βαλεῖν</span> <span class='ocrx_word' id='word_1_636' title='bbox 1824 4949 1924 5003; x_wconf 76' lang='grc' dir='ltr'><em>ἐπὶ</em></span> 
     </span>
    </p>
   </div>
   <div class='ocr_carea' id='block_1_98' title="bbox 354 5035 1566 5107">
    <p class='ocr_par' dir='ltr' id='par_1_98' title="bbox 354 5035 1566 5107">
     <span class='ocr_line' id='line_1_98' title="bbox 354 5035 1566 5107; baseline -0.002 -17"><span class='ocrx_word' id='word_1_637' title='bbox 354 5037 469 5104; x_wconf 73' lang='grc' dir='ltr'><strong>τὴν</strong></span> <span class='ocrx_word' id='word_1_638' title='bbox 506 5036 643 5106; x_wconf 75' lang='grc' dir='ltr'>γῆν,</span> <span class='ocrx_word' id='word_1_639' title='bbox 674 5039 771 5091; x_wconf 80' lang='grc' dir='ltr'>καὶ</span> <span class='ocrx_word' id='word_1_640' title='bbox 800 5037 857 5090; x_wconf 87' lang='grc' dir='ltr'><strong>τί</strong></span> <span class='ocrx_word' id='word_1_641' title='bbox 883 5037 1032 5091; x_wconf 75' lang='grc' dir='ltr'>θέλω</span> <span class='ocrx_word' id='word_1_642' title='bbox 1060 5040 1109 5091; x_wconf 79' lang='lat' dir='ltr'><strong>ei</strong></span> <span class='ocrx_word' id='word_1_643' title='bbox 1142 5036 1260 5106; x_wconf 81' lang='grc' dir='ltr'>ἤδη</span> <span class='ocrx_word' id='word_1_644' title='bbox 1290 5035 1566 5107; x_wconf 55' lang='lat' dir='ltr'><strong>dﬂigam);</strong></span> 
     </span>
    </p>
   </div>
   <div class='ocr_carea' id='block_1_99' title="bbox 427 5128 999 5197">
    <p class='ocr_par' dir='ltr' id='par_1_99' title="bbox 427 5128 999 5197">
     <span class='ocr_line' id='line_1_99' title="bbox 427 5128 999 5197; baseline -0.002 -16"><span class='ocrx_word' id='word_1_645' title='bbox 427 5129 536 5181; x_wconf 73' lang='grc' dir='ltr'><strong>Καὶ</strong></span> <span class='ocrx_word' id='word_1_646' title='bbox 565 5128 999 5197; x_wconf 72' lang='grc' dir='ltr'>ὺπεστρέψατε.</span> 
     </span>
    </p>
   </div>
   <div class='ocr_carea' id='block_1_100' title="bbox 434 5220 1923 5296">
    <p class='ocr_par' dir='ltr' id='par_1_100' title="bbox 434 5220 1923 5296">
     <span class='ocr_line' id='line_1_100' title="bbox 434 5220 1923 5296; baseline 0.004 -24"><span class='ocrx_word' id='word_1_647' title='bbox 434 5221 600 5291; x_wconf 77' lang='grc' dir='ltr'>Ὀρᾷς</span> <span class='ocrx_word' id='word_1_648' title='bbox 647 5220 795 5283; x_wconf 84' lang='grc' dir='ltr'>ὃπως</span> <span class='ocrx_word' id='word_1_649' title='bbox 827 5221 927 5273; x_wconf 81' lang='grc' dir='ltr'>οὐκ</span> <span class='ocrx_word' id='word_1_650' title='bbox 963 5222 1213 5293; x_wconf 81' lang='grc' dir='ltr'>ἀνέχεται</span> <span class='ocrx_word' id='word_1_651' title='bbox 1244 5221 1354 5274; x_wconf 85' lang='grc' dir='ltr'><strong>τῶν</strong></span> <span class='ocrx_word' id='word_1_652' title='bbox 1393 5221 1583 5275; x_wconf 84' lang='grc' dir='ltr'>τύπων</span> <span class='ocrx_word' id='word_1_653' title='bbox 1624 5222 1923 5296; x_wconf 79' lang='grc' dir='ltr'>ἀθετουμέ-</span> 
     </span>
    </p>
   </div>
   <div class='ocr_carea' id='block_1_101' title="bbox 353 5309 1925 5382">
    <p class='ocr_par' dir='ltr' id='par_1_101' title="bbox 353 5309 1925 5382">
     <span class='ocr_line' id='line_1_101' title="bbox 353 5309 1925 5382; baseline 0 -19"><span class='ocrx_word' id='word_1_654' title='bbox 353 5328 481 5373; x_wconf 88' lang='grc' dir='ltr'>νων,</span> <span class='ocrx_word' id='word_1_655' title='bbox 516 5309 719 5381; x_wconf 81' lang='grc' dir='ltr'>μᾶλλον</span> <span class='ocrx_word' id='word_1_656' title='bbox 747 5310 804 5363; x_wconf 85' lang='grc' dir='ltr'>δὲ</span> <span class='ocrx_word' id='word_1_657' title='bbox 832 5311 1002 5381; x_wconf 80' lang='grc' dir='ltr'>αὐτῆς</span> <span class='ocrx_word' id='word_1_658' title='bbox 1025 5311 1123 5381; x_wconf 79' lang='grc' dir='ltr'>τῆς</span> <span class='ocrx_word' id='word_1_659' title='bbox 1148 5309 1404 5381; x_wconf 89' lang='grc' dir='ltr'>ἀληθείας</span> <span class='ocrx_word' id='word_1_660' title='bbox 1436 5310 1832 5382; x_wconf 79' lang='grc' dir='ltr'>ὲξυϐρισμένης</span> <span class='ocrx_word' id='word_1_661' title='bbox 1849 5311 1925 5373; x_wconf 85' lang='grc' dir='ltr'>ὡς</span> 
     </span>
    </p>
   </div>
   <div class='ocr_carea' id='block_1_102' title="bbox 356 5404 1928 5476">
    <p class='ocr_par' dir='ltr' id='par_1_102' title="bbox 356 5404 1928 5476">
     <span class='ocr_line' id='line_1_102' title="bbox 356 5404 1928 5476; baseline 0 -19"><span class='ocrx_word' id='word_1_662' title='bbox 356 5407 414 5457; x_wconf 79' lang='grc' dir='ltr'>ὲν</span> <span class='ocrx_word' id='word_1_663' title='bbox 459 5408 640 5469; x_wconf 84' lang='grc' dir='ltr'>σκιαῖς</span> <span class='ocrx_word' id='word_1_664' title='bbox 678 5405 794 5471; x_wconf 80' lang='grc' dir='ltr'>ἕτις</span> <span class='ocrx_word' id='word_1_665' title='bbox 844 5405 1277 5475; x_wconf 75' lang='grc' dir='ltr'>Ἀμεταμέλητα</span> <span class='ocrx_word' id='word_1_666' title='bbox 1318 5404 1427 5474; x_wconf 80' lang='grc' dir='ltr'>γὰρ</span> <span class='ocrx_word' id='word_1_667' title='bbox 1474 5405 1548 5459; x_wconf 83' lang='grc' dir='ltr'>τὰ</span> <span class='ocrx_word' id='word_1_668' title='bbox 1591 5405 1928 5476; x_wconf 83' lang='grc' dir='ltr'>χαρίσματα</span> 
     </span>
    </p>
   </div>
   <div class='ocr_carea' id='block_1_103' title="bbox 358 5498 1922 5569">
    <p class='ocr_par' dir='ltr' id='par_1_103' title="bbox 358 5498 1922 5569">
     <span class='ocr_line' id='line_1_103' title="bbox 358 5498 1922 5569; baseline 0.002 -21"><span class='ocrx_word' id='word_1_669' title='bbox 358 5498 454 5552; x_wconf 81' lang='grc' dir='ltr'>καὶ</span> <span class='ocrx_word' id='word_1_670' title='bbox 504 5498 542 5564; x_wconf 69' lang='grc' dir='ltr'>ἡ</span> <span class='ocrx_word' id='word_1_671' title='bbox 586 5498 807 5567; x_wconf 71' lang='grc' dir='ltr'>κλῆσις</span> <span class='ocrx_word' id='word_1_672' title='bbox 850 5499 956 5553; x_wconf 86' lang='grc' dir='ltr'><strong>τοῦ</strong></span> <span class='ocrx_word' id='word_1_673' title='bbox 1000 5498 1168 5563; x_wconf 80' lang='grc' dir='ltr'>Θεοῦ,</span> <span class='ocrx_word' id='word_1_674' title='bbox 1216 5499 1359 5552; x_wconf 83' lang='grc' dir='ltr'>κατὰ</span> <span class='ocrx_word' id='word_1_675' title='bbox 1407 5498 1472 5551; x_wconf 82' lang='grc' dir='ltr'><strong>τὺ</strong></span> <span class='ocrx_word' id='word_1_676' title='bbox 1514 5498 1922 5569; x_wconf 87' lang='grc' dir='ltr'>γεγραμμένον.</span> 
     </span>
    </p>
   </div>
   <div class='ocr_carea' id='block_1_104' title="bbox 360 5588 1923 5655">
    <p class='ocr_par' dir='ltr' id='par_1_104' title="bbox 360 5588 1923 5655">
     <span class='ocr_line' id='line_1_104' title="bbox 360 5588 1923 5655; baseline 0.003 -17"><span class='ocrx_word' id='word_1_677' title='bbox 360 5588 497 5652; x_wconf 80' lang='grc' dir='ltr'>Τοὺς</span> <span class='ocrx_word' id='word_1_678' title='bbox 527 5590 581 5643; x_wconf 77' lang='grc' dir='ltr'>δὲ</span> <span class='ocrx_word' id='word_1_679' title='bbox 608 5590 897 5654; x_wconf 65' lang='grc' dir='ltr'>ἀνι-,θέντας</span> <span class='ocrx_word' id='word_1_680' title='bbox 931 5589 1077 5655; x_wconf 77' lang='grc' dir='ltr'>ἅπαξ</span> <span class='ocrx_word' id='word_1_681' title='bbox 1123 5590 1312 5645; x_wconf 85' lang='grc' dir='ltr'>ἀνόπιν</span> <span class='ocrx_word' id='word_1_682' title='bbox 1360 5589 1611 5653; x_wconf 73' lang='grc' dir='ltr'>ἕλκοντες</span> <span class='ocrx_word' id='word_1_683' title='bbox 1660 5589 1923 5653; x_wconf 81' lang='grc' dir='ltr'><strong>⁹ιουδαῖοι,</strong></span> 
     </span>
    </p>
   </div>
   <div class='ocr_carea' id='block_1_105' title="bbox 360 5678 1923 5753">
    <p class='ocr_par' dir='ltr' id='par_1_105' title="bbox 360 5678 1923 5753">
     <span class='ocr_line' id='line_1_105' title="bbox 360 5678 1923 5753; baseline 0.002 -22"><span class='ocrx_word' id='word_1_684' title='bbox 360 5681 453 5733; x_wconf 76' lang='grc' dir='ltr'>καὶ</span> <span class='ocrx_word' id='word_1_685' title='bbox 481 5683 592 5745; x_wconf 87' lang='grc' dir='ltr'>τοῖς</span> <span class='ocrx_word' id='word_1_686' title='bbox 618 5683 715 5752; x_wconf 80' lang='grc' dir='ltr'>τῆς</span> <span class='ocrx_word' id='word_1_687' title='bbox 758 5682 1001 5748; x_wconf 80' lang='grc' dir='ltr'>δουλείας</span> <span class='ocrx_word' id='word_1_688' title='bbox 1026 5678 1182 5748; x_wconf 75' lang='grc' dir='ltr'>αὖθις</span> <span class='ocrx_word' id='word_1_689' title='bbox 1212 5683 1575 5753; x_wconf 80' lang='grc' dir='ltr'>ὑποφέροντες</span> <span class='ocrx_word' id='word_1_690' title='bbox 1608 5680 1791 5750; x_wconf 79' lang='grc' dir='ltr'>ζυγοῖς</span> <span class='ocrx_word' id='word_1_691' title='bbox 1811 5723 1825 5748; x_wconf 95' lang='grc'><strong>,</strong></span> <span class='ocrx_word' id='word_1_692' title='bbox 1860 5682 1923 5734; x_wconf 84' lang='grc' dir='ltr'>τὸ</span> 
     </span>
    </p>
   </div>
   <div class='ocr_carea' id='block_1_106' title="bbox 2029 4674 3593 4745">
    <p class='ocr_par' dir='ltr' id='par_1_106' title="bbox 2029 4674 3593 4745">
     <span class='ocr_line' id='line_1_106' title="bbox 2029 4674 3593 4745; baseline -0.004 -13"><span class='ocrx_word' id='word_1_693' title='bbox 2029 4678 2273 4734; x_wconf 90' lang='lat' dir='ltr'><strong>tissimus</strong></span> <span class='ocrx_word' id='word_1_694' title='bbox 2315 4678 2551 4732; x_wconf 83' lang='lat' dir='ltr'><strong>Joannes</strong></span> <span class='ocrx_word' id='word_1_695' title='bbox 2590 4675 2828 4745; x_wconf 77' lang='lat' dir='ltr'><strong>Baptista</strong></span> <span class='ocrx_word' id='word_1_696' title='bbox 2871 4676 2935 4730; x_wconf 88' lang='lat' dir='ltr'><strong>de</strong></span> <span class='ocrx_word' id='word_1_697' title='bbox 2976 4689 3036 4730; x_wconf 89' lang='lat' dir='ltr'><strong>se</strong></span> <span class='ocrx_word' id='word_1_698' title='bbox 3094 4674 3210 4744; x_wconf 87' lang='lat' dir='ltr'><strong>ipso</strong></span> <span class='ocrx_word' id='word_1_699' title='bbox 3245 4684 3300 4728; x_wconf 88' lang='lat' dir='ltr'><strong>et</strong></span> <span class='ocrx_word' id='word_1_700' title='bbox 3352 4676 3593 4733; x_wconf 87' lang='lat' dir='ltr'><strong>omnium</strong></span> 
     </span>
    </p>
   </div>
   <div class='ocr_carea' id='block_1_107' title="bbox 2030 4762 3596 4835">
    <p class='ocr_par' dir='ltr' id='par_1_107' title="bbox 2030 4762 3596 4835">
     <span class='ocr_line' id='line_1_107' title="bbox 2030 4762 3596 4835; baseline -0.003 -13"><span class='ocrx_word' id='word_1_701' title='bbox 2030 4780 2268 4824; x_wconf 89' lang='lat' dir='ltr'><strong>nostrum</strong></span> <span class='ocrx_word' id='word_1_702' title='bbox 2314 4766 2591 4822; x_wconf 86' lang='lat' dir='ltr'><strong>Salvatore</strong></span> <span class='ocrx_word' id='word_1_703' title='bbox 2635 4765 2761 4821; x_wconf 80' lang='lat' dir='ltr'><strong>Jesu</strong></span> <span class='ocrx_word' id='word_1_704' title='bbox 2816 4765 3034 4822; x_wconf 89' lang='lat' dir='ltr'><strong>Christo</strong></span> <span class='ocrx_word' id='word_1_705' title='bbox 3067 4765 3146 4819; x_wconf 88' lang='lat' dir='ltr'><strong>sic</strong></span> <span class='ocrx_word' id='word_1_706' title='bbox 3184 4765 3287 4819; x_wconf 88' lang='lat' dir='ltr'><strong>ait:</strong></span> <span class='ocrx_word' id='word_1_707' title='bbox 3342 4762 3453 4835; x_wconf 85' lang='lat' dir='ltr'><strong>Ego</strong></span> <span class='ocrx_word' id='word_1_708' title='bbox 3510 4782 3596 4818; x_wconf 75' lang='lat' dir='ltr'><strong>vos</strong></span> 
     </span>
    </p>
   </div>
   <div class='ocr_carea' id='block_1_108' title="bbox 2029 4856 3593 4929">
    <p class='ocr_par' dir='ltr' id='par_1_108' title="bbox 2029 4856 3593 4929">
     <span class='ocr_line' id='line_1_108' title="bbox 2029 4856 3593 4929; baseline -0.002 -16"><span class='ocrx_word' id='word_1_709' title='bbox 2029 4860 2234 4929; x_wconf 80' lang='lat' dir='ltr'><strong>baptizo</strong></span> <span class='ocrx_word' id='word_1_710' title='bbox 2263 4860 2318 4912; x_wconf 85' lang='lat' dir='ltr'><strong>in</strong></span> <span class='ocrx_word' id='word_1_711' title='bbox 2356 4875 2492 4928; x_wconf 91' lang='lat' dir='ltr'><strong>aqua</strong></span> <span class='ocrx_word' id='word_1_712' title='bbox 2532 4861 2601 4911; x_wconf 87' lang='lat' dir='ltr'><strong>ad</strong></span> <span class='ocrx_word' id='word_1_713' title='bbox 2635 4857 2992 4924; x_wconf 74' lang='lat' dir='ltr'><strong>pwuitentiam</strong></span> <span class='ocrx_word' id='word_1_714' title='bbox 3022 4857 3065 4921; x_wconf 84' lang='grc'>⁸,</span> <span class='ocrx_word' id='word_1_715' title='bbox 3090 4856 3194 4911; x_wconf 80' lang='lat' dir='ltr'><strong>etc.</strong></span> <span class='ocrx_word' id='word_1_716' title='bbox 3234 4856 3396 4911; x_wconf 80' lang='lat' dir='ltr'><strong>llecle</strong></span> <span class='ocrx_word' id='word_1_717' title='bbox 3436 4857 3593 4927; x_wconf 83' lang='lat' dir='ltr'><strong>igitur</strong></span> 
     </span>
    </p>
   </div>
   <div class='ocr_carea' id='block_1_109' title="bbox 2028 4948 3593 5019">
    <p class='ocr_par' dir='ltr' id='par_1_109' title="bbox 2028 4948 3593 5019">
     <span class='ocr_line' id='line_1_109' title="bbox 2028 4948 3593 5019; baseline -0.001 -14"><span class='ocrx_word' id='word_1_718' title='bbox 2028 4952 2163 5005; x_wconf 76' lang='lat' dir='ltr'><strong>dixit</strong></span> <span class='ocrx_word' id='word_1_719' title='bbox 2193 4950 2479 5005; x_wconf 84' lang='lat' dir='ltr'><strong>Christus:</strong></span> <span class='ocrx_word' id='word_1_720' title='bbox 2506 4948 2689 5019; x_wconf 86' lang='lat' dir='ltr'><strong>Ignem</strong></span> <span class='ocrx_word' id='word_1_721' title='bbox 2732 4950 2846 5003; x_wconf 86' lang='lat' dir='ltr'><strong>veni</strong></span> <span class='ocrx_word' id='word_1_722' title='bbox 2884 4950 3088 5003; x_wconf 84' lang='lat' dir='ltr'><strong>mittere</strong></span> <span class='ocrx_word' id='word_1_723' title='bbox 3110 4964 3266 5015; x_wconf 82' lang='lat' dir='ltr'><strong>super</strong></span> <span class='ocrx_word' id='word_1_724' title='bbox 3303 4958 3519 5012; x_wconf 82' lang='lat' dir='ltr'><strong>terram,</strong></span> <span class='ocrx_word' id='word_1_725' title='bbox 3543 4960 3593 5004; x_wconf 84' lang='lat' dir='ltr'><strong>et</strong></span> 
     </span>
    </p>
   </div>
   <div class='ocr_carea' id='block_1_110' title="bbox 2028 5040 2931 5115">
    <p class='ocr_par' dir='ltr' id='par_1_110' title="bbox 2028 5040 2931 5115">
     <span class='ocr_line' id='line_1_110' title="bbox 2028 5040 2931 5115; baseline -0.008 -17"><span class='ocrx_word' id='word_1_726' title='bbox 2028 5046 2151 5115; x_wconf 83' lang='lat' dir='ltr'><strong>quid</strong></span> <span class='ocrx_word' id='word_1_727' title='bbox 2181 5044 2292 5099; x_wconf 80' lang='lat' dir='ltr'><strong>volo</strong></span> <span class='ocrx_word' id='word_1_728' title='bbox 2320 5043 2420 5098; x_wconf 84' lang='lat' dir='ltr'><strong>nisi</strong></span> <span class='ocrx_word' id='word_1_729' title='bbox 2448 5051 2505 5096; x_wconf 83' lang='lat' dir='ltr'><strong>ut</strong></span> <span class='ocrx_word' id='word_1_730' title='bbox 2527 5043 2843 5096; x_wconf 84' lang='lat' dir='ltr'><strong>accendatur</strong></span> <span class='ocrx_word' id='word_1_731' title='bbox 2873 5040 2931 5092; x_wconf 70' lang='lat'><strong>6?</strong></span> 
     </span>
    </p>
   </div>
   <div class='ocr_carea' id='block_1_111' title="bbox 2096 5129 2968 5197">
    <p class='ocr_par' dir='ltr' id='par_1_111' title="bbox 2096 5129 2968 5197">
     <span class='ocr_line' id='line_1_111' title="bbox 2096 5129 2968 5197; baseline 0 -11"><span class='ocrx_word' id='word_1_732' title='bbox 2096 5130 2329 5197; x_wconf 74' lang='lat' dir='ltr'><strong>XXXIV,</strong></span> <span class='ocrx_word' id='word_1_733' title='bbox 2364 5131 2449 5186; x_wconf 85' lang='lat' dir='ltr'><strong>I6.</strong></span> <span class='ocrx_word' id='word_1_734' title='bbox 2482 5129 2549 5186; x_wconf 85' lang='lat' dir='ltr'><strong>Et</strong></span> <span class='ocrx_word' id='word_1_735' title='bbox 2605 5133 2791 5186; x_wconf 82' lang='lat' dir='ltr'><strong>reversi</strong></span> <span class='ocrx_word' id='word_1_736' title='bbox 2821 5133 2968 5186; x_wconf 82' lang='lat' dir='ltr'><strong>estis.</strong></span> 
     </span>
    </p>
   </div>
   <div class='ocr_carea' id='block_1_112' title="bbox 2099 5224 3589 5295">
    <p class='ocr_par' dir='ltr' id='par_1_112' title="bbox 2099 5224 3589 5295">
     <span class='ocr_line' id='line_1_112' title="bbox 2099 5224 3589 5295; baseline 0 -17"><span class='ocrx_word' id='word_1_737' title='bbox 2099 5224 2256 5281; x_wconf 79' lang='lat' dir='ltr'><strong>Vides</strong></span> <span class='ocrx_word' id='word_1_738' title='bbox 2281 5235 2341 5280; x_wconf 90' lang='lat' dir='ltr'><strong>ut</strong></span> <span class='ocrx_word' id='word_1_739' title='bbox 2387 5240 2529 5295; x_wconf 74' lang='lat' dir='ltr'><strong>aegre</strong></span> <span class='ocrx_word' id='word_1_740' title='bbox 2586 5224 2824 5295; x_wconf 87' lang='lat' dir='ltr'><strong>patiatur</strong></span> <span class='ocrx_word' id='word_1_741' title='bbox 2882 5224 3083 5294; x_wconf 85' lang='lat' dir='ltr'><strong>llguras</strong></span> <span class='ocrx_word' id='word_1_742' title='bbox 3137 5226 3431 5288; x_wconf 90' lang='lat' dir='ltr'><strong>contemni,</strong></span> <span class='ocrx_word' id='word_1_743' title='bbox 3482 5225 3589 5279; x_wconf 90' lang='lat' dir='ltr'><strong>imo</strong></span> 
     </span>
    </p>
   </div>
   <div class='ocr_carea' id='block_1_113' title="bbox 2026 5314 3596 5387">
    <p class='ocr_par' dir='ltr' id='par_1_113' title="bbox 2026 5314 3596 5387">
     <span class='ocr_line' id='line_1_113' title="bbox 2026 5314 3596 5387; baseline -0.001 -18"><span class='ocrx_word' id='word_1_744' title='bbox 2026 5316 2307 5372; x_wconf 85' lang='lat' dir='ltr'><strong>veritatem</strong></span> <span class='ocrx_word' id='word_1_745' title='bbox 2367 5316 2540 5387; x_wconf 87' lang='lat' dir='ltr'><strong>ipsam</strong></span> <span class='ocrx_word' id='word_1_746' title='bbox 2595 5314 2773 5369; x_wconf 88' lang='lat' dir='ltr'><strong>adhuc</strong></span> <span class='ocrx_word' id='word_1_747' title='bbox 2831 5315 2930 5369; x_wconf 88' lang='lat' dir='ltr'><strong>sub</strong></span> <span class='ocrx_word' id='word_1_748' title='bbox 2994 5317 3179 5369; x_wconf 86' lang='lat' dir='ltr'><strong>umbra</strong></span> <span class='ocrx_word' id='word_1_749' title='bbox 3254 5316 3596 5371; x_wconf 73' lang='lat' dir='ltr'><strong>contumeliis</strong></span> 
     </span>
    </p>
   </div>
   <div class='ocr_carea' id='block_1_114' title="bbox 2030 5406 3597 5476">
    <p class='ocr_par' dir='ltr' id='par_1_114' title="bbox 2030 5406 3597 5476">
     <span class='ocr_line' id='line_1_114' title="bbox 2030 5406 3597 5476; baseline -0.003 -15"><span class='ocrx_word' id='word_1_750' title='bbox 2030 5408 2186 5463; x_wconf 83' lang='lat' dir='ltr'><strong>allici.</strong></span> <span class='ocrx_word' id='word_1_751' title='bbox 2248 5406 2375 5463; x_wconf 85' lang='lat' dir='ltr'><strong>Sine</strong></span> <span class='ocrx_word' id='word_1_752' title='bbox 2419 5407 2721 5476; x_wconf 70' lang='lat' dir='ltr'><strong>paenitentia</strong></span> <span class='ocrx_word' id='word_1_753' title='bbox 2761 5407 2899 5460; x_wconf 85' lang='lat' dir='ltr'><strong>enim</strong></span> <span class='ocrx_word' id='word_1_754' title='bbox 2942 5415 3063 5460; x_wconf 89' lang='lat' dir='ltr'><strong>sunt</strong></span> <span class='ocrx_word' id='word_1_755' title='bbox 3126 5406 3266 5460; x_wconf 86' lang='lat' dir='ltr'><strong>dona</strong></span> <span class='ocrx_word' id='word_1_756' title='bbox 3307 5417 3357 5460; x_wconf 85' lang='lat' dir='ltr'><strong>et</strong></span> <span class='ocrx_word' id='word_1_757' title='bbox 3394 5407 3597 5459; x_wconf 86' lang='lat' dir='ltr'><strong>vacatio</strong></span> 
     </span>
    </p>
   </div>
   <div class='ocr_carea' id='block_1_115' title="bbox 2031 5496 3598 5568">
    <p class='ocr_par' dir='ltr' id='par_1_115' title="bbox 2031 5496 3598 5568">
     <span class='ocr_line' id='line_1_115' title="bbox 2031 5496 3598 5568; baseline -0.004 -15"><span class='ocrx_word' id='word_1_758' title='bbox 2031 5499 2148 5566; x_wconf 82' lang='lat' dir='ltr'><strong>Dei,</strong></span> <span class='ocrx_word' id='word_1_759' title='bbox 2190 5500 2482 5556; x_wconf 82' lang='lat' dir='ltr'><strong>secundum</strong></span> <span class='ocrx_word' id='word_1_760' title='bbox 2519 5498 2658 5568; x_wconf 90' lang='lat' dir='ltr'><strong>quod</strong></span> <span class='ocrx_word' id='word_1_761' title='bbox 2711 5498 2969 5566; x_wconf 90' lang='lat' dir='ltr'><strong>scriptum</strong></span> <span class='ocrx_word' id='word_1_762' title='bbox 3026 5498 3186 5553; x_wconf 85' lang='lat' dir='ltr'><strong>est&quot;.</strong></span> <span class='ocrx_word' id='word_1_763' title='bbox 3229 5496 3407 5552; x_wconf 88' lang='lat' dir='ltr'><strong>Semel</strong></span> <span class='ocrx_word' id='word_1_764' title='bbox 3469 5510 3598 5549; x_wconf 79' lang='lat' dir='ltr'><strong>vero</strong></span> 
     </span>
    </p>
   </div>
   <div class='ocr_carea' id='block_1_116' title="bbox 2028 5585 3598 5659">
    <p class='ocr_par' dir='ltr' id='par_1_116' title="bbox 2028 5585 3598 5659">
     <span class='ocr_line' id='line_1_116' title="bbox 2028 5585 3598 5659; baseline -0.004 -14"><span class='ocrx_word' id='word_1_765' title='bbox 2028 5590 2279 5645; x_wconf 89' lang='lat' dir='ltr'><strong>dimissos</strong></span> <span class='ocrx_word' id='word_1_766' title='bbox 2320 5590 2654 5644; x_wconf 89' lang='lat' dir='ltr'><strong>retrahentes</strong></span> <span class='ocrx_word' id='word_1_767' title='bbox 2688 5586 2856 5642; x_wconf 66' lang='lat' dir='ltr'><strong>Judaei</strong></span> <span class='ocrx_word' id='word_1_768' title='bbox 2894 5589 3103 5659; x_wconf 90' lang='lat' dir='ltr'><strong>subque</strong></span> <span class='ocrx_word' id='word_1_769' title='bbox 3147 5587 3423 5643; x_wconf 86' lang='lat' dir='ltr'><strong>servitutis</strong></span> <span class='ocrx_word' id='word_1_770' title='bbox 3465 5585 3598 5656; x_wconf 85' lang='lat' dir='ltr'><strong>jugo</strong></span> 
     </span>
    </p>
   </div>
   <div class='ocr_carea' id='block_1_117' title="bbox 2028 5679 3591 5749">
    <p class='ocr_par' dir='ltr' id='par_1_117' title="bbox 2028 5679 3591 5749">
     <span class='ocr_line' id='line_1_117' title="bbox 2028 5679 3591 5749; baseline -0.002 -13"><span class='ocrx_word' id='word_1_771' title='bbox 2028 5684 2324 5749; x_wconf 86' lang='lat' dir='ltr'><strong>mittentes,</strong></span> <span class='ocrx_word' id='word_1_772' title='bbox 2372 5680 2433 5733; x_wconf 83' lang='grc' dir='ltr'>τὸ</span> <span class='ocrx_word' id='word_1_773' title='bbox 2494 5680 2621 5735; x_wconf 84' lang='lat' dir='ltr'><strong>Sine</strong></span> <span class='ocrx_word' id='word_1_774' title='bbox 2676 5680 2983 5749; x_wconf 76' lang='lat' dir='ltr'><strong>paenitentia</strong></span> <span class='ocrx_word' id='word_1_775' title='bbox 3040 5696 3145 5734; x_wconf 90' lang='lat' dir='ltr'><strong>non</strong></span> <span class='ocrx_word' id='word_1_776' title='bbox 3198 5679 3591 5742; x_wconf 83' lang='lat' dir='ltr'><strong>observarunt;</strong></span> 
     </span>
    </p>
   </div>
   <div class='ocr_carea' id='block_1_118' title="bbox 423 5858 1924 5926">
    <p class='ocr_par' dir='ltr' id='par_1_118' title="bbox 423 5858 1924 5926">
     <span class='ocr_line' id='line_1_118' title="bbox 423 5858 1924 5926; baseline 0.009 -14"><span class='ocrx_word' id='word_1_777' title='bbox 423 5858 799 5924; x_wconf 56' lang='lat' dir='ltr'><strong>.‘Prov.t,l7.</strong></span> <span class='ocrx_word' id='word_1_778' title='bbox 876 5867 1066 5924; x_wconf 74' lang='lat' dir='ltr'><strong>’Rom.</strong></span> <span class='ocrx_word' id='word_1_779' title='bbox 1094 5866 1228 5923; x_wconf 65' lang='lat' dir='ltr'><strong>1.2L</strong></span> <span class='ocrx_word' id='word_1_780' title='bbox 1308 5865 1711 5926; x_wconf 76' lang='lat' dir='ltr'><strong>&#39;lCor.m.lO.</strong></span> <span class='ocrx_word' id='word_1_781' title='bbox 1791 5867 1924 5926; x_wconf 56' lang='lat' dir='ltr'><strong>‘llel</strong></span> 
     </span>
    </p>
   </div>
   <div class='ocr_carea' id='block_1_119' title="bbox 2029 5858 3589 5926">
    <p class='ocr_par' dir='ltr' id='par_1_119' title="bbox 2029 5859 3589 5925">
     <span class='ocr_line' id='line_1_119' title="bbox 2029 5859 3589 5925; baseline -0.006 -1"><span class='ocrx_word' id='word_1_782' title='bbox 2029 5886 2071 5924; x_wconf 66' lang='grc' dir='ltr'><strong>ι.</strong></span> <span class='ocrx_word' id='word_1_783' title='bbox 2092 5868 2178 5925; x_wconf 77' lang='lat'><strong>5|.</strong></span> <span class='ocrx_word' id='word_1_784' title='bbox 2256 5867 2276 5899; x_wconf 83' lang='grc'><strong><em>⁸</em></strong></span> <span class='ocrx_word' id='word_1_785' title='bbox 2298 5865 2485 5921; x_wconf 66' lang='grc' dir='ltr'>Μαι-ω</span> <span class='ocrx_word' id='word_1_786' title='bbox 2507 5905 2522 5923; x_wconf 86' lang='grc'><strong>.</strong></span> <span class='ocrx_word' id='word_1_787' title='bbox 2563 5864 2616 5919; x_wconf 91' lang='lat'><strong>7.</strong></span> <span class='ocrx_word' id='word_1_788' title='bbox 2702 5864 2868 5923; x_wconf 81' lang='lat' dir='ltr'><strong>‘Luc.</strong></span> <span class='ocrx_word' id='word_1_789' title='bbox 2898 5879 2993 5923; x_wconf 78' lang='lat' dir='ltr'><strong>xu.</strong></span> <span class='ocrx_word' id='word_1_790' title='bbox 3017 5863 3107 5920; x_wconf 63' lang='lat'><strong>49.</strong></span> <span class='ocrx_word' id='word_1_791' title='bbox 3181 5864 3200 5894; x_wconf 80' lang='lat'><strong>&#39;</strong></span> <span class='ocrx_word' id='word_1_792' title='bbox 3226 5863 3380 5919; x_wconf 82' lang='lat' dir='ltr'><strong>Rom.</strong></span> <span class='ocrx_word' id='word_1_793' title='bbox 3401 5876 3475 5922; x_wconf 76' lang='grc' dir='ltr'><strong>ιι.</strong></span> <span class='ocrx_word' id='word_1_794' title='bbox 3500 5859 3589 5917; x_wconf 67' lang='lat'><strong>39.</strong></span> 
     </span>
    </p>
   </div>
  </div>
