4054 6376
508 344 651 432 itss

1500 361 1555 415 S.
1598 357 1871 415 CYRILLI
1910 354 2379 413 ALEXANDRINI
2422 355 2740 411 ARClllEP.

3587 359 3701 417 1456

508 495 834 560 quapropter
886 482 1243 543 oﬂ'enderunt,
1274 477 1513 550 mysterii
1539 478 1645 531 vim
1677 478 2082 542 iubonorantes,

2216 474 2605 546 ιμεταμέλητον
2652 475 2713 526 οὐ
2772 452 3157 542 τετηρήκασιοί
3189 462 3703 542 προσκε’κρούκασί.τε

508 592 563 637 et
593 581 638 637 si
679 579 852 634 adhuc
881 577 935 630 in
967 573 1151 645 ﬁguris
1176 582 1311 627 eral.
1348 569 1715 625 Justiﬁcamur
1738 577 1915 623 autem
1958 568 2085 638 quia

508 672 679 741 gratis
730 685 823 739 per
847 666 1077 739 gratiam
1127 662 1259 717 nihil
1326 660 1617 716 oﬂ‘erentes
1675 674 1771 729 pro
1808 659 1917 713 vita
1966 674 2087 728 qum

509 769 565 822 in
612 764 827 820 Christo
867 771 968 827 est,
997 773 1097 813 nec
1141 764 1317 824 empta
1364 753 1631 808 libertatis
1671 752 1866 822 gloria,
1896 754 2087 806 huma-

512 862 681 913 nitate
719 854 929 910 Domini
956 861 1009 907 et
1029 848 1403 907 benevolentia
1424 847 1477 901 in
1510 844 1759 900 homines
1802 859 1915 899 rem
1948 842 2090 896 hanc

513 950 805 1005 lucramur.

584 1124 743 1190 XLII,
775 1122 859 1176 l5.
894 1120 953 1177 Si
988 1136 1074 1175 vos
1110 1118 1380 1183 dederitis,
1415 1127 1522 1172 etc.

582 1218 717 1271 Nam
767 1216 891 1286 quia
939 1213 1315 1285 Egyptiorum
1361 1210 1530 1279 copiis
1582 1210 1905 1278 auxiliisque
1965 1209 2089 1263 freti

515 1327 575 1366 se
625 1308 966 1380 apponebant
1028 1304 1359 1376 Babyloniis,
1418 1302 1619 1356 idcirco
1666 1301 1906 1356 dolentes
1974 1310 2095 1371 post

519 1402 945 1473 Hierosolymam
975 1409 1028 1453 et
1054 1398 1357 1452 Samariam
1382 1406 1733 1464 expugnatas,
1767 1394 1965 1448 bellum
1992 1394 2095 1447 illis

518 1494 838 1557 intulerunt,
888 1501 941 1545 et
972 1488 1129 1544 facile
1175 1486 1454 1541 victoriam
1485 1494 1841 1555 reportarunt.

586 1671 772 1738 XLIV,
802 1670 890 1725 14.
913 1667 976 1721 Ut
1008 1673 1350 1724 revertantur,
1376 1673 1486 1718 etc.

588 1772 723 1825 Cum
772 1766 911 1820 Deus
941 1760 1268 1829 insequitur,
1303 1755 1479 1810 nullus
1506 1754 1833 1824 periclitanti
1863 1753 2093 1807 salutem

2189 567 2280 620 διὰ
2307 567 2486 633 τοῦτο,
2530 566 2623 618 τοῦ
2682 565 2981 636 μυστηρίου
3008 564 3105 634 τὴν
3134 562 3357 633 δύναμιν
3382 562 3704 634 ἀτιμάζοντες,

2189 662 2239 712 εἰ
2268 660 2364 713 καὶ
2405 654 2474 729 ἦν
2517 660 2575 711 ἐν
2601 657 2793 721 τύποις
2828 655 2929 710 ἔτι.
2964 653 3331 725 Δικαιούμεθα
3355 653 3407 707 δὲ
3432 656 3503 709 ὅτι
3536 656 3707 726 δωρεὰν

2189 751 2278 805 διὰ
2304 751 2526 822 χάριτος
2554 749 2655 819 τῆς
2689 752 2745 802 ἐν
2777 747 2999 819 Χριστῷ
3033 747 3178 817 ζωῆς
3207 745 3538 815 ἀντάλλαγμα
3570 765 3708 819 προσ-

2190 843 2506 912 ενεγκόντες
2552 841 2739 905 οὐδὲν,
2807 840 2922 893 ἀλλ’
2980 838 3101 892 οὐδὲ
3151 839 3252 908 τὴν
3297 825 3398 906 τῆς
3447 838 3713 910 ἐλευθερίας

2193 935 2554 1004 ἐκπριάμενοι
2592 932 2771 1000 δόξαν,
2811 933 3110 1003 ἡμερότητι
3151 930 3208 983 δὲ
3262 931 3355 983 καὶ
3390 929 3713 1002 φιλανθρωπίᾳ

2193 1029 2494 1096 Δεσποτικῇ
2526 1026 2586 1079 τὸ
2619 1026 2808 1096 χρῆμα
2832 1023 3221 1093 κερδαίνοντες.

2281 1120 2422 1173 Ἐὰν
2448 1117 2619 1187 ὑμεῖς
2649 1116 2820 1179 δῶτε,
2852 1133 2906 1169 κ.
2945 1132 2996 1168 τ.
3039 1115 3089 1167 λ.

2280 1208 2499 1280 Ἐπειδὴ
2548 1207 2659 1278 γὰρ
2709 1210 2831 1270 ταὶς
2887 1204 3200 1273 Αἰγυπτίων
3256 1204 3571 1275 ἐπικουρίαις
3619 1207 3719 1257 ἐπι-

2198 1300 2571 1371 θαρσήσαντες
2620 1296 2981 1367 ἀντεφέροντο
3025 1296 3137 1356 τοῖς
3183 1291 3545 1358 Βαϐυλωνίοις,
3577 1294 3720 1363 ταύτῃ

2197 1410 2278 1446 τοι
2316 1390 2677 1459 λελυπημένοι
2712 1387 2847 1458 μετὰ
2875 1386 2974 1457 τὴν
2998 1385 3106 1438 τῶν
3139 1383 3514 1454 Ἰεροσολύμων
3537 1386 3615 1438 καὶ
3640 1388 3723 1454 τῆς

2200 1480 2510 1551 Σαμαρείας
2533 1480 2755 1543 ἅλωσιν,
2787 1477 3091 1547 ἐτράποντο
3122 1491 3223 1528 κατ
3265 1474 3459 1539 αὐτῶν,
3495 1476 3580 1528 καὶ
3615 1475 3724 1544 ἀμο-

2200 1574 2326 1644 γητὶ
2350 1572 2718 1640 νενικήκασιν.

2277 1667 2387 1720 Τοῦ
2420 1662 2797 1731 ἐπιστρέψαι,
2825 1678 2880 1714 κ.
2913 1679 2962 1714 τ.
2997 1660 3046 1713 λ.

2274 1759 2443 1811 Ὅταν
2491 1754 2663 1827 διώκῃ
2712 1753 2867 1818 Θεὸς,
2926 1752 3099 1817 οὐδεὶς
3145 1750 3414 1804 ἀνασώσει
3451 1750 3534 1802 τὸν
3576 1749 3727 1802 κινδυ-

522 1865 664 1919 ierre
691 1867 870 1931 potest
891 1874 907 1923 ;
927 1855 1018 1910 sed
1044 1853 1350 1920 ubicunque
1371 1849 1493 1919 quis
1513 1847 1696 1913 fuerit,
1717 1847 1788 1901 ibi
1804 1848 1896 1901 irae
1912 1847 2099 1902 obvius

2216 1852 2425 1905 δεύοντα
2445 1865 2457 1877 ·
2486 1846 2600 1900 ἀλλ’
2624 1844 2860 1914 ἐνθὰπερ
2894 1843 2958 1897 ἂν
2989 1845 3076 1914 εῐη
3123 1861 3227 1907 τις,
3262 1844 3377 1896 ἐκεῖ
3406 1839 3730 1911 περιτεύξεται

522 1956 643 2013 erit.

590 2046 774 2107 XLVI.
794 2045 886 2099 25.
918 2041 1050 2095 Ecce
1079 2040 1305 2093 ulciscar
1332 2038 1573 2089 Ammon.

593 2140 781 2212 Cyrilli
826 2138 983 2192 simul
1012 2148 1059 2192 et
1100 2132 1415 2201 Apolinarii.
1463 2128 1567 2183 Per
1614 2128 1844 2180 Ammon
1918 2133 2094 2179 autem

525 2246 651 2293 sunt
684 2234 777 2305 qui
800 2230 1179 2287 Alexandriam
1206 2225 1526 2294 intelligant,
1555 2221 1626 2274 ita
1669 2220 1795 2275 olim
1828 2230 2094 2279 vocatam,

526 2336 584 2383 ut
626 2338 682 2381 et
738 2325 792 2379 in
858 2320 1068 2376 Nahum
1143 2316 1369 2371 habetur
1420 2330 1434 2365 :
1489 2311 1630 2366 Num
1706 2310 1890 2364 melior
1935 2326 1988 2362 es
2044 2321 2099 2361 ιιι

528 2420 774 2470 Ammone
807 2429 924 2483 qua:
974 2410 1175 2464 habitat
1239 2409 1294 2460 in
1341 2403 1644 2474 [luminibus
1676 2402 1701 2454 ?
1746 2401 1908 2471 Aqua:
1957 2401 2099 2453 circa

528 2515 711 2580 ipsam,
753 2507 903 2576 cujus
948 2501 1273 2557 abundantia
1305 2512 1470 2556 mare,
1508 2506 1556 2549 et
1607 2511 1747 2564 aqua
1779 2495 1914 2545 muri
1942 2493 2097 2560 ejus;

531 2602 809 2666 rEtltiopia
862 2595 1119 2667 fortitudo
1154 2592 1289 2661 ejus,
1330 2601 1377 2643 et
1432 2586 1717 2657 lEgyptus,
1756 2595 1803 2637 et
1841 2601 1947 2637 non
1977 2601 2102 2636 con-

530 2700 741 2751 stitutus
780 2703 855 2748 est
894 2691 1032 2758 fuga:
1084 2685 1383 2745 terminus;
1427 2690 1476 2734 et
1539 2677 1690 2732 Libes
1745 2686 1993 2731 venerunt
2047 2677 2100 2728 in

531 2788 787 2845 auxilium
820 2786 952 2854 ejus,
984 2793 1030 2837 et
1078 2782 1193 2850 ipsa
1230 2780 1285 2831 in
1328 2772 1840 2841 transmigrationem
1888 2768 2101 2837 pro/ici-

532 2891 700 2937 scetur
720 2877 764 2933 ⁸.
791 2876 989 2933 Verum
1033 2874 1146 2927 hzec
1198 2881 1437 2939 tempora
1483 2864 1664 2936 priora
1707 2870 1834 2916 sunt
1873 2859 2103 2914 mdilica-

533 2976 679 3029 tione
731 2967 1043 3024 Alexandri.
1095 2962 1349 3017 Fortasse
1381 2971 1511 3028 ergo
1554 2964 1679 3008 ante
1737 2951 2102 3006 Alexandrum

533 3066 662 3120 urbs
695 3062 765 3117 ibi
805 3069 955 3120 erat,
992 3066 1045 3111 et
1073 3058 1405 3110 destructam
1482 3046 1820 3101 restauravit.
1875 3044 2103 3111 Quidam

535 3172 660 3211 vero
691 3154 840 3208 aiunt
871 3150 1056 3206 Jovem
1090 3148 1156 3201 ab
1192 3142 1457 3213 [Egyptiis
1500 3140 1822 3192 Aminouam
1875 3134 2101 3199 vocari,

2202 1942 2282 2013 τῷ
2318 1940 2495 2010 θυμῷ.

2286 2035 2441 2090 Ἰδοὺ
2470 2032 2585 2103 ἐγὼ
2612 2030 2833 2085 ἐκδικῶ
2854 2031 2961 2084 τὸν
3007 2028 3251 2099 Ἀμμὼν.

2276 2128 2577 2196 Κυρίλλου
2621 2126 2689 2178 τὸ
2727 2123 2874 2178 αὐτὸ
2922 2125 3019 2176 καὶ
3073 2120 3499 2188 Ἀπολιναρίου.
3546 2113 3739 2186 ’Δμμὼν

2204 2222 2260 2275 δὲ
2301 2221 2349 2273 οἱ
2396 2218 2494 2288 μὲν
2537 2219 2638 2287 τὴν
2678 2215 3090 2286 Ἀλεξάνδρειαν
3120 2214 3395 2283 λέγουσιν,
3437 2211 3570 2263 οὕτω
3597 2208 3737 2262 πάλαι

2206 2310 2565 2381 καλουμένην,
2608 2309 2683 2373 ὠς
2710 2309 2806 2362 καὶ
2833 2309 2889 2360 ἐν
2917 2305 2995 2377 τῷ
3033 2306 3231 2376 Ναούμ
3270 2321 3436 2375 φησι’
3460 2303 3546 2370 Μὴ
3582 2300 3742 2369 κρείτ-

2206 2420 2321 2457 των·
2358 2398 2416 2456 εί
2437 2401 2518 2456 σὺ
2543 2399 2655 2469 τῆς
2699 2398 2944 2469 Ἂμμὼν,
2986 2397 3098 2465 τῆς
3137 2397 3533 2461 κατοικούσης
3560 2395 3621 2447 ἐν
3656 2407 3739 2443 πο-

2209 2494 2442 2563 ταμοῐς;
2470 2491 2651 2559 Ὕδωρ
2698 2491 2905 2554 κύκλῳ
2944 2487 3133 2557 αὐτῆς
3182 2483 3262 2557 ἧς
3298 2488 3339 2555 ἡ
3390 2485 3623 2552 εὐπορία
3658 2482 3739 2537 θά-

2206 2589 2434 2647 λασσα,
2453 2583 2550 2637 καὶ
2570 2583 2726 2651 ὕδωρ
2757 2580 2831 2635 τὰ
2863 2581 3028 2648 τείχη
3063 2577 3289 2647 αὐτῆς·
3320 2577 3579 2633 Αἰθιοπία
3599 2572 3749 2641 ίσχὺς

2208 2678 2397 2745 αὐτῆς
2423 2678 2520 2731 καί
2550 2677 2874 2747 Αἴγυπτος,
2900 2674 2998 2729 καὶ
3028 2675 3140 2727 οὐκ
3165 2674 3318 2739 ἐστη
3347 2668 3525 2735 πέρας
3544 2665 3641 2732 τῆς
3666 2681 3747 2733 59v-

2207 2768 2322 2838 τῆς
2338 2786 2350 2798 ’
2378 2768 2475 2822 καὶ
2495 2768 2709 2834 Λίϐυες
2731 2766 3008 2836 ἐγένοντο
3022 2764 3240 2832 βοηθοὶ
3275 2760 3487 2827 αὐτῆς,
3508 2758 3599 2812 καὶ
3620 2753 3747 2820 αἱ)τή

2209 2862 2295 2926 είς
2318 2861 2627 2929 μετοικίαν
2657 2858 3036 2927 πορεύσεται.
3068 2855 3207 2909 Ἀλλ’
3228 2856 3284 2908 οἱ
3310 2852 3569 2924 παρόντες
3602 2847 3752 2918 καιρᾱι

2209 2952 2308 3020 τῆς
2365 2950 2719 3021 Ἀλεξάνδρου
2772 2947 3141 3020 πρεσϐύτεροι
3187 2946 3448 3007 κτίσεως.
3495 2944 3640 3001 Ἴσως
3679 2933 3753 2989 οὖν

2212 3043 2320 3113 πρὸ
2356 3041 2708 3113 Ἀλεξάνδρου
2744 3041 2899 3103 πόλις
2929 3040 3175 3110 ὑπῆρχεν
3220 3038 3363 3101 ἐκεῖ,
3396 3036 3489 3089 καὶ
3514 3028 3755 3100 παυσαμέ-

2212 3150 2309 3203 νην
2342 3132 2612 3186 ἁνέκτισε.
2648 3132 2805 3195 Τινὲς
2833 3131 2889 3184 δέ
2928 3148 3093 3200 φασιν
3135 3130 3209 3193 ὡς
3251 3127 3550 3199 Ἀμμωνᾶν
3573 3124 3651 3177 τὸν
3679 3120 3755 3172 Δία

534 3248 675 3303 unde
712 3254 767 3300 et
791 3240 1141 3297 Ammoniaca
1178 3235 1322 3304 regio
1344 3240 1701 3301 nuncupatur,
1733 3242 1894 3299 quem
1931 3227 2096 3281 lilium

2216 3223 2459 3277 καλοῦσιν
2492 3222 2802 3291 Αἰγύπτιοι,
2835 3223 2929 3292 ἀφ’
2984 3213 3046 3275 οὗ
3086 3221 3184 3275 καὶ
3224 3216 3590 3291 Ἀμμωνιακὴ
3622 3227 3756 3283 προς·

536 3338 679 3393 illius
708 3344 885 3397 vocat,
914 3340 1169 3399 tanquam
1200 3326 1268 3379 ab
1302 3324 1420 3392 ipsa
1463 3322 1565 3376 diis
1619 3319 1908 3388 ascriptum
1936 3336 1953 3382 ;
2004 3326 2108 3371 stu-

536 3442 624 3484 tua
652 3428 797 3482 enim
840 3433 924 3479 est
945 3437 1105 3476 manu
1145 3418 1372 3473 artilicis
1436 3413 1677 3471 coniecta
1704 3455 1718 3479 ,
1751 3426 1949 3481 quam,
1996 3410 2106 3473 ait,

539 3518 816 3591 Babylonii
851 3516 1066 3586 capient
1107 3520 1438 3578 caeterosque
1478 3508 1688 3561 illorum
1720 3519 1856 3575 quos
1907 3518 2111 3556 memo-

2210 3313 2530 3386 αγορεύεται
2564 3312 2748 3384 χώρα·
2779 3312 2837 3365 ὂν
2866 3312 3039 3383 αὐτῆς
3082 3311 3200 3364 υἱὸν
3246 3311 3409 3365 καλεῖ
3439 3309 3513 3371 ὡς
3549 3303 3663 3375 παρ’
3689 3301 3757 3355 αὖ·

2209 3410 2310 3478 τῆς
2346 3404 2770 3474 θεοποιηθέντα·
2821 3404 3198 3475 χειροποίητον
3232 3403 3346 3473 γὰρ
3386 3401 3447 3454 τὸ
3487 3397 3711 3467 ἄγαλμα,
3735 3390 3760 3442 ὃ

2211 3498 2300 3569 δὴ,
2344 3497 2532 3568 φησὶν,
2588 3497 2637 3549 οἱ
2686 3494 3016 3549 Βαόυλὼνιοι
3064 3493 3508 3566 παραλήψονται,
3549 3486 3757 3544 καὶτοὺς

540 3574 623 3669 rat
651 3574 942 3668 deolelutl
986 3621 1113 3661 vero
1160 3618 1316 3673 super
1350 3574 1704 3654 'Pharaonem
1738 3574 1794 3652 iet
1825 3594 2109 3666 [Egyptum

2216 3591 2407 3653 ἄλλους
2431 3588 2611 3643 αὐτῶν
2654 3586 2747 3652 οὓς
2807 3586 3004 3655 ἐπάγει
3035 3586 3214 3650 Θεούς.
3248 3586 3328 3639 Τὸ
3351 3584 3410 3638 δέ
3455 3582 3551 3637 ἐπὶ
3594 3574 3763 3647 Φαραὼ

539 3712 823 3754 commune
858 3694 1080 3750 verbum
1117 3693 1278 3746 habet
1318 3689 1565 3742 ulciscar.

612 3787 799 3856 XLIX,
828 3787 914 3842 10.
952 3784 1018 3839 Et
1053 3783 1264 3855 angelos
1290 3782 1358 3835 ad
1387 3790 1558 3850 gentes
1587 3780 1745 3833 misit.

612 3881 960 3938 Munitionem
1001 3888 1178 3932 autem
1232 3874 1368 3928 dixit
1402 3887 1535 3940 quos
1575 3870 1837 3925 Jeremius
1878 3866 2115 3936 angelos,

543 3985 597 4031 et
638 3971 999 4046 Symmachus
1042 3969 1289 4021 nuntium
1342 3964 1630 4033 exposuit;
1659 3961 1881 4029 intelligi
1940 3970 2117 4014 autem

546 4077 720 4139 potest
755 4066 981 4120 obsidio.
1034 4063 1304 4117 Convocat
1349 4074 1474 4113 vero
1520 4059 1776 4112 adversus
1832 4053 2118 4107 ldummam

546 4160 639 4216 Dei
693 4170 856 4213 nutus
902 4165 1088 4227 gentes
1132 4153 1347 4215 multas,
1389 4160 1445 4205 et
1488 4159 1662 4204 motos
1713 4163 1743 4201 a
1788 4162 1848 4202 se
1903 4146 2122 4216 angelos

547 4261 721 4307 vocat.
757 4248 885 4303 Moti
913 4247 1109 4318 quippe
1152 4261 1181 4298 a
1211 4244 1318 4299 Deo
1352 4244 1417 4297 ad
1451 4242 1668 4305 bellum,
1692 4251 1881 4294 mutuo
1929 4251 1989 4293 se
2026 4237 2124 4292 sol-

548 4343 868 4401 licitabant,
922 4348 980 4392 ut
1021 4337 1223 4391 Abdius
1280 4334 1398 4399 ait;
1453 4347 1721 4405 aggressa:
1779 4330 1922 4386 enim
1997 4337 2125 4383 sunt

549 4451 672 4491 cum
717 4431 918 4489 lsraele
960 4430 1246 4509 ldunneam
1277 4437 1331 4482 et
1367 4423 1760 4493 circumpositae
1801 4430 2008 4492 gentes.
2046 4420 2126 4475 Ad

2215 3683 2315 3737 καὶ
2339 3683 2666 3752 Αἴγυπτον,
2692 3680 2837 3734 κατὰ
2874 3679 3055 3734 κοινοῦ
3087 3679 3204 3749 ἔχει
3232 3678 3298 3731 τὸ
3325 3674 3564 3731 ἐκδικῶ.

2290 3774 2400 3829 Kal
2431 3773 2728 3845 ἀγγέλους
2759 3776 2846 3839 εὶς
2882 3772 3025 3838 ἔθνη
3060 3771 3419 3825 ἀπέστειλε.

2292 3868 2593 3939 Περιοχὴν
2638 3867 2695 3921 δὲ
2732 3862 2885 3921 εἶπεν
2928 3865 3023 3928 οὓς
3058 3864 3339 3936 Ἱερεμίας
3370 3860 3672 3932 ἀγγέλους,
3697 3852 3771 3907 καὶ

2221 3962 2516 4034 Σύμμαχος
2572 3960 2863 4030 ἀγγελίαν
2910 3957 3209 4024 ἐξέδωκεν⁹
3268 3956 3451 4010 νοοῖτο
3510 3951 3552 4004 δ’
3597 3950 3654 4004 ἂν
3698 3942 3770 3997 καὶ

2222 4055 2554 4121 πολιορκία.
2612 4052 2789 4106 Καλεῖ
2836 4050 2893 4104 δέ
2959 4048 3099 4103 κατὰ
3156 4048 3260 4119 τῆς
3314 4044 3620 4117 Ἰδουμαίας
3674 4038 3775 4103 ἔθνη

2224 4145 2396 4198 πολλὰ
2432 4146 2494 4197 τὸ
2542 4144 2685 4196 θεῖον
2732 4141 2933 4211 νεῦμα,
2983 4140 3079 4194 καλ¹
3125 4139 3226 4210 τὴν
3281 4136 3349 4203 ἐξ
3395 4134 3560 4189 αὑτοῦ
3597 4130 3774 4197 κίνησιν

2225 4237 2491 4307 ἀγγέλους
2522 4232 2664 4289 εἶπε.
2698 4234 3028 4305 Κινηθέντες
3058 4232 3171 4304 γὰρ
3213 4233 3282 4285 ἐκ
3313 4229 3455 4284 Θεοῦ
3501 4220 3777 4299 πρδς⁶πόλιο

2230 4347 2347 4401 μον,
2396 4328 2661 4400 ἀλλήλους
2711 4327 2986 4398 ἠρέθιζον,
3040 4325 3116 4389 ὥς
3162 4342 3335 4396 φησιν
3395 4318 3603 4376 Ἀεδιού
3625 4334 3636 4347 ’
3680 4330 3776 4368 συν·

2230 4419 2511 4472 εισέὸαλον
2544 4421 2652 4490 γὰρ
2681 4421 2793 4483 τοῖς
2822 4419 2882 4484 ἐξ
2918 4416 3136 4488 Ἰσραὴλ
3166 4418 3250 4480 είς
3294 4413 3604 4485 Ἰδουμαίαν
3630 4406 3711 4462 καὶ
3730 4401 3781 4454 τὰ

554 4528 839 4582 Ιόιιιιιαιιιιιι
886 4502 1047 4594 porro
1076 4535 1366 4575 conversus
1394 4519 1499 4573 ait:
1537 4515 1672 4571 Ecce
1702 4513 1977 4587 parvulum
2006 4512 2103 4567 ded

2232 4513 2496 4584 περίοικα
2532 4511 2640 4565 τῶν
2668 4511 2858 4565 ἐθνῶν.
2891 4510 3038 4594 ῌρὸς
3071 4508 3392 4579 Ἰδουμαίαν
3436 4507 3494 4559 δὲ
3524 4496 3779 4576 μεταστρέ-

559 4633 607 4676 te
635 4622 690 4674 in
713 4616 1033 4687 gentibus,et
1057 4625 1227 4669 tamen
1255 4612 1424 4681 {actus
1454 4586 1877 4679 contemptibilis,
1908 4607 1964 4659 in
1993 4604 2109 4673 ipsi:

2224 4604 2331 4673 ψας
2355 4646 2370 4667 ,
2407 4603 2605 4673 φησίνο
2650 4602 2795 4656 Ἰδοὺ
2827 4586 3044 4671 μικρὸν
3083 4599 3286 4655 ἔδωκά
3332 4614 3411 4653 σε
3448 4598 3520 4652 ἐν
3562 4595 3783 4648 ἔθνεσιν.

559 4710 951 4767 calamitatibus
1007 4704 1375 4771 insolescebas,
1413 4706 1661 4771 ignorans
1711 4697 1851 4769 quod
1885 4694 2128 4766 capieris,

559 4808 674 4861 licet
705 4805 901 4860 exultes
927 4812 1177 4868 tanquam
1221 4798 1401 4867 aquila
1432 4795 1822 4849 habitationem.
1861 4790 1948 4845 llli
1981 4802 2131 4853 vero,

2227 4696 2363 4750 ἀλλ’
2407 4694 2563 4764 ὅμως
2608 4695 3135 4762 εὐκαταφρόνητος
3170 4696 3510 4761 γενόμενος
3554 4687 3784 4757 ἐφρόνεις

2228 4791 2316 4854 εὶς
2348 4787 2497 4858 μέγα
2520 4788 2617 4841 ἐπὶ
2652 4787 2781 4853 ταῖς
2808 4787 3210 4855 δυσχερείαις,
3231 4784 3485 4853 ἀγνοῶν
3514 4784 3593 4848 ὡς
3615 4775 3788 4838 ἁλώσρ

560 4898 628 4953 Et
663 4899 761 4952 erit
804 4895 1044 4950 Idumam
1082 4864 1287 4946 deserta
1335 4898 1389 4945 et
1425 4903 1543 4957 quas
1583 4893 1902 4955 sequuntur,
1940 4880 2109 4935 simili:

2232 4879 2346 4933 κᾶν
2374 4878 2629 4948 ὑψώσῃς
2648 4880 2727 4945 ὡς
2749 4880 2923 4946 ἀετὸς
2951 4879 3067 4947 τὴν
3094 4878 3489 4943 κατοίκησιν.
3512 4873 3600 4943 Τῷ
3620 4871 3691 4933 δὲ,
3714 4864 3787 4919 καὶ

557 4992 691 5048 dixit
718 4988 1033 5044 Abditas“o
1060 5004 1072 5039 :
1102 4986 1172 5040 Et
1192 4986 1290 5039 erit
1320 4986 1506 5036 domus
1534 4979 1685 5034 Esau
1711 4979 1771 5032 in
1796 4975 2065 5044 stipulam,
2087 4989 2109 5026 ε

2234 4973 2406 5027 ἔσται
2440 4973 2745 5041 Ἰδουμαία
2767 4974 2854 5037 εὶς
2879 4972 3119 5031 ἄϐατον,
3156 4969 3255 5023 καὶ
3295 4971 3417 5031 τοῖς
3454 4964 3666 5034 ἐφεξῆς,
3700 4976 3793 5012 συν·

559 5083 871 5139 accendetur
899 5080 956 5133 in
985 5095 1090 5143 eos,
1127 5087 1175 5130 et
1214 5092 1315 5129 non
1341 5076 1436 5128 erit
1482 5069 1674 5140 ignifer
1701 5069 1755 5122 in
1783 5069 1937 5121 domo
1973 5062 2136 5117 Esau.

557 5175 709 5242 Quod
753 5174 917 5228 etiam
980 5168 1218 5241 profanis
1256 5165 1611 5233 scriptoribus
1636 5160 1809 5228 adagii
1864 5158 1982 5212 loco
2027 5163 2129 5215 est,

565 5248 647 5321 Ne
674 5266 894 5336 ignifero
937 5262 1145 5332 quidem
1189 5260 1477 5328 parcilum,
1518 5255 1693 5311 dehis
1721 5253 1811 5323 qui
1848 5251 1915 5305 ad
1960 5250 2132 5302 inter:

565 5359 843 5413 neciouem
879 5355 1002 5409 caesi
1051 5359 1195 5407 sunt.
1230 5349 1461 5404 Praeibat
1508 5349 1652 5403 enim
1699 5347 1915 5416 quidam
1956 5343 2134 5398 ferens

565 5452 743 5519 ignem
780 5459 835 5504 et
876 5447 1117 5502 lustrans
1152 5454 1277 5499 ante
1308 5458 1541 5514 pugnam
1571 5443 1753 5507 acies;
1803 5439 1998 5509 lexque
2021 5445 2137 5491 erat

570 5542 836 5597 neminem
864 5539 941 5594 illi
967 5538 1217 5593 hostilem
1248 5535 1468 5606 injicere
1500 5548 1735 5589 manum.

645 5841 668 5873 ⁸
702 5843 908 5897 Nahum
937 5856 1019 5905 ιιι,
1046 5842 1097 5895 8.
1175 5844 1267 5875 ⁸·ιο
1295 5845 1501 5910 Abdiac,
1544 5846 1628 5899 18.

2238 5064 2350 5134 ῳδὰ
2380 5064 2542 5117 πάλιν
2566 5063 2768 5133 ἔφησεν
2783 5062 2994 5117 Ἀὂδιού
3012 5077 3025 5091 ·
3047 5060 3159 5115 Kal
3190 5062 3377 5116 ἔσται
3399 5062 3434 5113 ὁ
3458 5054 3620 5122 οἶκος
3648 5046 3790 5108 Ἡσαῦ

2240 5159 2327 5223 εἰς
2367 5157 2668 5227 καλάμην,
2708 5157 2805 5211 καὶ
2847 5155 3293 5221 ἐκκαυθήσεται
3326 5156 3423 5218 εἰς
3460 5150 3692 5214 αὐτοὺς,
3722 5141 3793 5197 καὶ

2241 5253 2353 5304 οὐκ
2381 5250 2554 5304 ἔσται
2575 5250 2882 5317 πυρφόρος
2909 5248 2979 5301 ἐν
3001 5246 3082 5313 τῷ
3113 5247 3265 5312 οῐκῳ
3288 5246 3508 5302 Ἡσαῦ.
3540 5244 3603 5297 Ἦ
3626 5242 3675 5293 δὲ
3694 5250 3795 5303 παρ’

2233 5340 2388 5411 οιμία
2436 5342 2531 5395 καὶ
2578 5342 2730 5410 παρὰ
2764 5343 2876 5404 τοῖς
2906 5339 3010 5404 ἔξω
3059 5340 3294 5410 κρατείο
3343 5338 3509 5393 Οὐδὲ
3538 5332 3799 5402 πυρφόρα

2234 5435 2504 5503 ἐλείφθη,
2549 5433 2641 5485 ἐπὶ
2686 5433 2795 5486 τῶν
2841 5432 3011 5503 ἄρδην
3062 5431 3490 5502 ἀπολλυμένων.
3544 5423 3797 5499 Προηγεῖτθ

2238 5524 2348 5595 γάρ
2378 5542 2461 5589 τις
2495 5523 2603 5594 πῦρ
2639 5524 2799 5594 ἔχων,
2834 5526 2926 5577 καὶ
2957 5523 3384 5594 περικαθαίρων
3424 5523 3535 5594 πρὸ
3586 5520 3678 5588 τῆς
3705 5530 3790 5579 συὲ

2242 5619 2404 5690 ϐολῆς
2450 5621 2519 5673 τὰ
2570 5617 2976 5690 στρατεύματα,
3016 5617 3109 5670 καὶ
3147 5616 3321 5686 νόμος
3353 5611 3427 5686 ἦν
3458 5612 3659 5685 μηδένα
3694 5601 3798 5660 κατὰ

2242 5710 2432 5763 τούτου
2462 5712 2615 5780 χεῖρα
2644 5708 2831 5779 φέρειν
2868 5707 3146 5777 πολέμιον.
