4054 6376
371 436 507 494 1457

454 553 865 624 Ἱατρεύσαμεν
881 555 996 623 τὴν
1018 557 1367 615 Βαϐυλῶνα.

438 642 733 696 Βαϐυλῶνα
773 646 873 714 τὴν
908 646 1260 719 Ἰερουσαλὴμ
1289 651 1346 703 ὲν
1396 651 1608 717 τούτοις
1644 657 1945 728 κατονομά-

370 734 572 800 ζουσιν,
604 733 683 798 ὡς
703 734 773 789 τὰ
802 737 1017 807 ἐκείνης
1052 742 1336 810 μιμεῖσθαι
1375 746 1805 816 σπουδάζουσαν,
1846 752 1946 804 καὶ

370 823 519 877 οὐδὲν
548 824 885 879 ἀποδέουσαν
910 828 1010 899 τῆς
1055 828 1164 883 τῶν
1188 830 1360 886 ἐθνῶν
1402 834 1603 906 χώρας,
1637 838 1697 891 τό
1720 855 1785 907 γε
1812 834 1948 911 ἧκον

372 918 451 980 εἰς
492 916 605 982 ἕξιν
650 919 897 985 τελείαν,
937 923 1032 976 καὶ
1069 923 1131 977 τὸ
1179 925 1256 995 μὴ
1299 927 1589 998 ἀνέχεσθαι
1635 934 1803 1003 τιμᾷν
1855 933 1948 986 τὸν

376 1009 551 1153 νόμίιέ
600 1010 718 1081 1Ιγτοι
767 1015 867 1086 τῆς
921 1019 1266 1088 προφητικῆς
1321 1022 1701 1091 παιδαγωγίας
1739 1025 1803 1079 τὸ
1849 1027 1949 1079 ὲπ-

376 1116 485 1153 ωωε
550 1118 596 1153 c,

372 1116 597 1169 ωφεΑες.

1418 439 1841 497 FRAGMENTA
1883 441 1956 495 IN
1989 444 2467 505 EZECIIIELEM.‘

3501 455 3637 513 N58

1974 568 2021 624 A
2118 568 2206 633 LI,
2238 569 2287 626 9.
2321 568 2631 623 Curavimus
2696 566 3035 637 Babylonem.

2128 661 2369 733 Babylon
2413 661 2501 716 bic
2521 671 2746 716 vocatur
2791 659 3637 729 Jerusalem,quippequasillam

2056 752 2263 808 imitata
2310 759 2414 819 est,
2440 751 2682 822 nihilque
2733 750 3011 806 diﬂ'erebat
3057 765 3087 803 a
3146 750 3279 804 locis
3323 750 3635 817 gentilium,

2052 849 2194 915 quod
2232 846 2426 900 attinet
2454 846 2521 900 ad
2560 845 2856 914 perfectum
2900 843 3065 897 animi
3120 853 3317 897 statum
3360 851 3414 896 et
3444 840 3636 897 volun-

2054 948 2217 992 tatem
2264 952 2367 991 non
2410 936 2709 992 honorandi
2769 936 2940 1005 legem
2980 933 3064 989 vel
3099 933 3471 988 instructionis
3510 946 3636 1001 pro—

2054 1029 2284 1099 pheticaa
2306 1029 2594 1085 utilitatem

403 1322 3618 1353 ..______________________________________________

1378 1496 1503 1585 IN
1582 1499 2039 1590 LIBRUM
2112 1499 2623 1591 BARUCH.

1163 1710 1256 1776 (Ex
1295 1712 1469 1762 eadem
1501 1710 1736 1763 Ghislerii
1765 1718 1938 1762 catena
1974 1714 2021 1760 in
2054 1712 2339 1774 Jeremiam,
2377 1718 2492 1761 tom.
2529 1712 2616 1773 Ill,
2650 1726 2700 1774 p.
2735 1713 2867 1774 255.)

448 2034 570 2090 Ὅτι
603 2029 686 2091 σὺ
712 2035 1045 2104 καθήμενος
1073 2037 1160 2102 εις
1187 2036 1294 2090 τὸν
1322 2037 1525 2092 αἰῶνα.

460 2128 573 2182 Ἀεὶ
606 2127 714 2198 γὰρ
760 2126 856 2182 καὶ
884 2127 943 2180 ὲν
976 2127 1139 2180 παντὶ
1168 2127 1343 2199 χρόνῳ
1371 2127 1583 2198 φθαρτή
1620 2127 1769 2179 ἐστιν
1796 2126 1830 2197 ή
1859 2143 1955 2178 πε-

382 2220 652 2292 ποιημένη
689 2219 871 2289 φύσις,
926 2220 1021 2273 καὶ
1063 2218 1169 2273 τῶν
1213 2218 1488 2291 γεννητῶν
1539 2220 1595 2271 ὲν
1639 2218 1850 2281 τούτοις
1897 2218 1958 2270 τὸ

386 2312 606 2383 μέτρον.
638 2310 889 2382 Κάθηται
916 2309 972 2362 δὲ
1005 2311 1039 2380 ἡ
1072 2311 1290 2364 πάντων
1318 2312 1551 2379 τεχνῖτις
1589 2309 1684 2362 καὶ
1706 2309 1958 2379 δημιουρ-

381 2403 475 2470 γὸς
510 2403 688 2473 σοφία,
736 2402 1015 2455 τουτέστιν
1059 2402 1350 2472 ἀκλόνητον
1399 2401 1511 2472 ἔχει
1539 2400 1638 2471 τὴν
1670 2402 1728 2454 ἐν
1773 2401 1959 2453 ταυτό-

381 2510 505 2564 τητι
538 2494 817 2567 διαμονήν.
863 2495 971 2548 Καὶ
1012 2493 1221 2548 πάλιν
1265 2494 1451 2565 Ἦμῶν
1497 2493 1605 2563 γὰρ
1638 2492 1855 2556 κάθισις
1901 2494 1958 2545 ἐν

381 2583 591 2645 τούτοις
637 2584 697 2636 τὸ
747 2584 1085 2654 ἁκρὰδαντόν
1134 2600 1193 2635 τε
1236 2583 1329 2635 καὶ
1379 2581 1662 2653 ἱδρυμένον
1708 2583 1807 2650 τῆς
1857 2580 1958 2631 ὐπ-

383 2674 611 2745 άρξεως,
657 2676 750 2727 καὶ
789 2675 1050 2746 διαμονῆς
1094 2674 1190 2743 τῆς
1225 2672 1487 2726 ἀνωτάτω
1532 2671 1721 2724 πασῶν
1772 2670 1959 2733 οὐσίας

384 2765 675 2837 ὑποδηλοί·
720 2766 779 2819 τὸ
813 2766 890 2833 δὲ,
935 2765 1094 2836 ἡμᾶς
1122 2766 1507 2819 ἀπόλλυσθαι
1536 2762 1643 2816 τὸν
1670 2761 1873 2825 αἰῶνα,
1900 2762 1959 2814 τὸ

384 2852 524 2909 εἶναι
553 2855 825 2927 φθαρτοὺς
860 2857 997 2908 κατὰ
1043 2854 1222 2926 ποὶντα
1266 2852 1482 2923 καιρὸν,
1512 2851 1576 2903 τό
1613 2866 1677 2918 γε
1708 2844 1843 2919 ἧκον
1880 2851 1958 2911 εἰς

384 2951 474 3004 τὸν
506 2949 602 3003 τοῦ
636 2947 967 3018 πεποιῆσθαι
1008 2948 1200 3016 λόγον·
1251 2946 1408 3017 εἴπερ
1450 2946 1599 2999 ἐστὶν
1640 2942 1839 3012 ἀληθὲς
1875 2942 1957 2994 ὅτι

384 3040 492 3093 πᾶν
521 3039 583 3092 τὸ
621 3039 679 3091 ὲν
707 3038 939 3106 γενέσει,
974 3036 1065 3089 καὶ
1099 3034 1436 3106 παρενεχθὲν
1460 3035 1527 3087 ἐκ
1568 3032 1662 3087 τοῦ
1696 3032 1771 3104 μὴ
1808 3032 1959 3094 ὅντος

386 3133 465 3196 εἰς
510 3131 572 3185 τὸ
602 3125 777 3197 εἶναι,
826 3131 1001 3201 πάντη
1050 3147 1110 3183 τε
1146 3130 1243 3183 καὶ
1292 3128 1512 3191 πάντως
1555 3126 1844 3183 ὑπόκειται
1894 3126 1960 3195 τῇ

386 3222 580 3296 φθορᾷ-

1983 2043 2027 2098 Β
2123 2033 2209 2099 III,
2245 2035 2298 2089 5.
2332 2034 2472 2101 Quia
2496 2042 2548 2087 tu
2573 2033 2716 2088 sedes
2745 2036 2797 2086 in
2824 2035 3206 2101 sempiternum.

2126 2125 2353 2194 Semper
2397 2125 2539 2180 enim
2585 2134 2636 2181 et
2681 2127 2871 2194 quovis
2920 2135 3166 2195 tempore
3209 2136 3398 2178 natura
3450 2138 3634 2179 creata

2055 2218 2385 2287 corruptioni
2426 2218 2656 2272 obnoxia
2698 2227 2801 2283 est,
2847 2226 2900 2271 et
2940 2232 3003 2271 ea
3042 2233 3163 2287 qua:
3193 2216 3330 2271 facta
3374 2226 3499 2272 sunt
3539 2219 3638 2273 has

2054 2310 2255 2365 habent
2293 2325 2593 2365 mensuras.
2630 2310 2791 2365 Sedet
2832 2317 3009 2363 autem
3050 2308 3289 2362 omnium
3331 2308 3549 2363 artifex.
3578 2318 3635 2363 et

2057 2402 2299 2457 effectrix
2349 2401 2645 2471 sapientia,
2685 2403 2784 2457 hoc
2828 2411 2911 2455 est
2956 2401 3332 2456 inconcussam
3375 2399 3539 2455 habet
3584 2400 3637 2454 in

2067 2496 2255 2549 eodem
2291 2502 2435 2547 statu
2470 2492 3002 2561 permanentiam.Et
3030 2509 3251 2547 rursus:
3278 2491 3462 2546 Sessio
3494 2492 3655 2546 enim.

2066 2588 2119 2640 in
2165 2587 2253 2641 his
2291 2587 2567 2640 immotam
2606 2586 2924 2655 ﬁrmamque
2962 2585 3225 2639 rationem
3260 2584 3549 2638 exsistendi
3584 2593 3643 2637 et

2065 2675 2425 2746 perennitatis
2454 2675 2769 2730 substantiae
2794 2674 2937 2728 omni
2967 2672 3421 2743 praestantissime
3446 2670 3642 2741 signiti-

2065 2780 2184 2835 cat;
2219 2769 2348 2823 illud
2382 2784 2537 2834 vero,
2572 2785 2662 2821 nos
2698 2770 2864 2835 perire
2900 2769 2954 2819 in
2991 2782 3191 2829 meum,
3225 2765 3368 2819 omni
3404 2775 3644 2831 tempore

2052 2862 2429 2932 corruptibiles
2459 2875 2580 2916 esse
2596 2876 2660 2915 eo
2689 2860 2831 2930 quod
2864 2859 3063 2915 conditi
3099 2873 3284 2913 sumus
3322 2875 3336 2910 :
3367 2856 3631 2925 siquidem

2060 2967 2259 3007 verum
2292 2960 2375 3007 est
2402 2966 2561 3006 omne
2590 2950 2731 3020 quod
2762 2956 3066 3018 generatur,
3094 2958 3149 3002 et
3179 2963 3245 3002 ex
3282 2960 3385 3000 non
3419 2953 3542 3000 eute
3576 2944 3661 2998 ad.

2060 3062 2186 3103 esse
2216 3047 2451 3115 transiit,
2483 3045 2792 3100 necessario
2817 3041 3148 3109 corruptioni
3177 3038 3497 3108 subiacere.

1484 3622 1608 3709 IN
1682 3620 2440 3710 EZECHIELEM
2493 3606 2559 3701 ’⁸.

1078 3838 1240 3911 (Aug.
1270 3835 1393 3903 ΜΑι,
1432 3837 1723 3892 Bibliotheca
1757 3851 1878 3888 nova
1911 3838 1962 3886 P4

2068 3850 2135 3898 m,
2173 3837 2233 3897 11,
2263 3837 2372 3893 467,
2407 3838 2572 3891 Romae
2605 3834 2743 3893 1844,
2779 3832 2925 3894 in-I.)

458 4196 568 4251 Καὶ
597 4194 887 4262 τέσσαρες
923 4192 1213 4262 πτέρυγες
1246 4191 1327 4257 τῷ
1351 4193 1462 4246 ἑνί.

458 4289 600 4359 (Cat.
630 4287 825 4342 Ezech.
861 4284 900 4339 f.
926 4284 1048 4339 192.
1073 4285 1151 4354 b.)
1188 4285 1485 4354 Ἑστήκασι
1508 4284 1618 4355 γὰρ
1648 4285 1734 4339 ἀεί
1766 4302 1880 4348 πως
1906 4288 1961 4338 αἱ

395 4381 572 4452 νοεραὶ
610 4380 703 4433 καὶ⁵
732 4379 843 4434 ἄνω
880 4378 1159 4446 δυνάμεις,
1207 4377 1308 4430 οὐκ
1349 4377 1676 4441 ὀκλάζουσαι
1721 4378 1857 4448 πρὸς
1895 4378 1965 4430 τὰ

395 4469 622 4541 αἰσχίω,
654 4469 789 4523 ἀλλὰ
833 4470 931 4538 τὴν
970 4466 1136 4539 ὀρθὴν
1185 4469 1279 4520 καὶ
1311 4466 1615 4537 ἀμώμητον
1651 4467 1748 4538 τῆς
1779 4468 1969 4530 αὑταῖς

396 4560 707 4634 πρεπούσης
740 4558 883 4629 ζωῆς
923 4559 1235 4630 διᾴττουσιν
1269 4558 1474 4628 τρίϐον.

458 4652 566 4708 Καὶ
590 4652 832 4706 ἔσονται
850 4650 951 4703 ἐπὶ
986 4648 1104 4701 τῶν
1129 4647 1315 4716 ὀρέων
1336 4649 1417 4715 ὡς
1457 4648 1822 4716 περιστεραί.

463 4742 605 4815 (Cat.
643 4742 681 4795 i'.
721 4740 842 4796 I98.
868 4740 946 4810 b.)
982 4740 1045 4791 Ui
1076 4740 1341 4811 μακάριοι
1378 4738 1647 4810 μαθηταίο
1682 4737 1969 4810 περιῆλθον
1998 4722 2002 4727 ’

398 4834 502 4907 γὰρ
548 4835 722 4888 πᾶσαν
785 4832 874 4884 ὑπ’
952 4831 1179 4901 οὐρανὸν
1204 4872 1219 4897 ,
1288 4830 1349 4884 τὸ
1399 4829 1635 4901 Χριστοῦ
1687 4829 1974 4894 λαλοῦντες

393 4927 714 4998 μυστήριον,
743 4925 836 4977 καὶ
872 4923 1017 4995 ᾠδὴν
1043 4924 1137 4975 καὶ
1169 4922 1339 4993 λύραν
1365 4922 1581 4993 ἔχοντες
1615 4922 1766 4977 αὐτὸ.

462 5019 574 5073 Kal
612 5018 720 5071 ἐὰν
763 5013 916 5070 ὦσιν
954 5018 1010 5069 οἱ
1048 5015 1208 5085 τρεῖς
1246 5012 1463 5082 ἄνδρες
1500 5010 1667 5070 οὗτοι
1702 5015 1772 5067 ἑν
1799 5012 1971 5083 μέσῳ

391 5112 601 5181 αὐτῆς,
631 5110 779 5174 Νῶε,
808 5111 906 5167 καὶ
938 5110 1186 5178 Δανιὴλ,
1213 5108 1313 5163 καὶ
1349 5107 1484 5162 Ἰώϐ.

466 5205 609 5276 (Cat.
642 5205 681 5259 I'.
715 5204 840 5258 205.
869 5203 948 5273 b.)
992 5202 1210 5272 Ἐπειδὴ
1243 5194 1397 5273 οἶμαι
1428 5201 1539 5255 δεῖν
1581 5202 1681 5254 οὐκ
1706 5200 1968 5254 ἀϐασανίο

394 5316 554 5362 στους
581 5299 676 5368 ὲᾷν
701 5296 798 5360 τὰς
834 5295 932 5348 τοῦ
979 5296 1261 5367 προφήτου
1307 5294 1515 5364 φωνὰς,
1557 5295 1689 5365 φέρε
1719 5294 1967 5363 λέγωμεν

1989 4204 2030 4261 C
2133 4197 2171 4258 Ι,
2199 4195 2251 4249 6.
2280 4195 2349 4249 Et
2374 4206 2602 4266 quatuor
2626 4197 2727 4252 ulte
2760 4199 2870 4251 uni.

2139 4285 2296 4341 Stant
2327 4301 2543 4356 semper
2588 4288 2979 4344 intellectuales
3013 4303 3366 4359 superumque
3396 4289 3642 4355 virtutes,

2067 4380 2208 4434 haud
2250 4381 2500 4450 equidem
2540 4383 2608 4436 ad
2650 4383 2824 4451 turpia
2867 4384 3135 4447 labantes,
3166 4385 3258 4438 sed
3294 4383 3421 4453 quia
3464 4383 3646 4452 potius

2069 4478 2273 4523 rectam
2308 4478 2363 4523 et
2395 4470 2775 4539 inculpabilem
2812 4472 3183 4528 convenientis
3216 4472 3318 4527 sibi
3352 4474 3474 4526 vita:
3504 4472 3644 4525 viam

2069 4563 2381 4616 decurrunt.

2146 4652 2257 4717 VII,
2288 4652 2376 4707 16.
2408 4654 2477 4707 Et
2505 4663 2656 4707 erunt
2683 4670 2838 4719 super
2859 4665 3053 4710 montes
3079 4664 3138 4709 ut
3163 4655 3435 4709 columbae.

2148 4745 2296 4799 Beati
2357 4746 2610 4800 nimirum
2670 4746 2955 4814 discipuli;
3014 4747 3069 4800 hi
3132 4746 3274 4800 enim
3336 4747 3646 4800 universum

2081 4839 2337 4893 mundum
2371 4839 2791 4903 circumierunt,
2824 4837 3024 4893 Christi
3061 4837 3418 4906 praedicantes
3448 4847 3649 4908 myste-

2070 4934 2229 4994 rium,
2264 4931 2424 5000 idque
2455 4932 2629 4986 instar
2655 4930 2851 4985 cantici
2877 4937 2931 4984 et
2962 4929 3092 4999 lyrae
3120 4929 3400 4985 habentes.

2140 5021 2277 5085 XIV,
2308 5023 2394 5077 14.
2422 5020 2490 5075 Et
2514 5023 2559 5077 si
2587 5022 2783 5091 fuerint
2810 5022 2865 5076 in
2896 5021 3064 5075 medio
3085 5020 3199 5089 ejus
3227 5029 3329 5074 tres
3356 5020 3477 5087 viri,
3509 5019 3646 5085 Noe,

2066 5115 2256 5169 Daniel
2284 5125 2332 5169 et
2362 5114 2485 5172 Job.

2139 5204 2274 5272 Quia
2314 5207 2550 5260 arbitror
2581 5220 2686 5260 non
2721 5218 2844 5259 esse
2879 5204 2997 5260 sine
3024 5204 3276 5259 examine
3306 5212 3639 5272 praetereun—

2072 5299 2167 5353 das
2202 5299 2475 5368 prOphetae
2504 5311 2697 5360 voces,
2730 5311 2829 5367 age
2858 5296 3101 5351 dicamus
3133 5309 3391 5361 curnam,
3427 5295 3653 5348 mortuis

393 5390 448 5444 τί
482 5390 704 5461 δήποτε,
726 5386 850 5441 Νῶε
879 5388 977 5441 καὶ
1008 5386 1129 5441 Ἰὼϐ
1159 5388 1252 5441 καὶ
1280 5385 1479 5456 Δανιὴλ
1507 5385 1815 5440 τεθνεώτων
1838 5384 1962 5455 ἤδη,

2066 5387 2271 5456 jamdiu
2315 5385 2535 5443 Noacho
2574 5402 2641 5442 ac
2672 5385 2843 5452 Jobo,
2868 5393 2924 5441 et
2950 5385 3082 5456 {ipso
3117 5384 3353 5442 fortasse
3388 5383 3615 5439 Daniele
3692 5464 3693 5469 η

474 5590 691 5659 nyrilli
718 5590 770 5644 in
801 5589 1035 5644 minores
1057 5589 1346 5659 prophetas
1366 5587 1737 5642 commentarii
1758 5596 1973 5641 exstant

404 5657 569 5725 editi;
607 5661 732 5713 item
770 5663 823 5714 in
856 5657 1069 5714 Isaiam.
1100 5659 1153 5712 In
1184 5658 1470 5713 Jeremiam
1503 5673 1629 5712 vero
1669 5659 1823 5711 multi
1848 5667 1974 5712 sunt

404 5726 506 5780 loci
538 5728 721 5797 Cyl-illi
771 5730 823 5785 in
861 5730 1117 5785 Ghislerii
1159 5729 1300 5783 edita
1359 5728 1545 5782 Graece
1572 5738 1625 5781 et
1668 5726 1859 5781 Latine
1881 5743 1973 5779 ca-

406 5804 553 5850 tena.
590 5799 670 5868 ln_
694 5798 962 5855 Danielem
1003 5800 1147 5852 locos
1178 5798 1367 5868 Cyrilli
1411 5799 1678 5868 edidimus
1722 5812 1818 5868 nos
1847 5813 1971 5850 cum

407 5874 598 5921 catena
634 5866 907 5933 Vaticana,
934 5868 1130 5937 Script.
1160 5866 1257 5924 vet.
1288 5866 1349 5924 t.l
1384 5867 1542 5937 (Bibl.
1578 5866 1710 5923 Nov.
1734 5866 1797 5936 ll,
1823 5867 1967 5933 467).

2085 5586 2323 5654 Denique
2352 5586 2416 5658 ad
2469 5584 2806 5658 Ezechielem
2859 5601 3110 5658 magnam
3151 5587 3647 5658 legimusPatrmn

2081 5671 2324 5710 catenam
2376 5657 2427 5709 in
2481 5656 2671 5711 codice
2721 5656 2967 5723 quodam
2996 5656 3277 5724 Vaticano,
3317 5657 3403 5710 ubi
3470 5666 3646 5711 tamen

2083 5727 2298 5779 nonnisi
2358 5742 2549 5792 pauca,
2600 5742 2718 5794 quae
2767 5728 2855 5782 hic
2913 5729 3254 5793 exhibemus,
3301 5726 3485 5796 Cyrilli
3535 5728 3647 5779 fra-

2081 5806 2294 5868 gmenta
2319 5798 2703 5862 comperimus,
2726 5799 2971 5864 quamvis
3002 5798 3214 5852 aliunde
3236 5808 3444 5852 constat
3475 5798 3649 5868 Cyril-

2083 5866 2187 5920 lqu
2220 5881 2368 5922 more
2396 5881 2495 5922 suo
2528 5868 2580 5921 itt
2614 5868 2945 5924 Ezccltielem
2979 5869 3085 5923 late
3110 5870 3407 5937 scripsisse.
3436 5866 3560 5923 Mat.
