4054 6376
368 421 496 478 1461

1485 411 1908 466 l-‘IiAGMbNI‘A
1949 407 2014 462 IN
2056 407 2429 463 DANIELEM.

2407 305 2464 314 ,,..

3491 409 3629 464 “62

439 832 644 886 Catena
677 827 865 882 Latina
889 828 944 882 in
976 825 1300 881 Ezechielem
1331 841 1362 878 a
1406 823 1743 893 Vitlalpando
1779 824 1915 878 edita
1945 821 2145 892 (Roma:
2177 822 2337 888 1596,
2361 821 2397 877 5
2418 823 2517 877 vol.
2546 823 2669 892 fol.)
2711 825 2922 878 nonnisi
2967 826 3287 894 paucissima
3303 825 3489 895 Cyrilli
3518 826 3630 893 fra-

371 912 602 973 gmenta
633 902 868 973 exhibet;
910 899 1185 973 ea_etiam_
1195 899 1269 949 ita
1303 896 1516 964 proprio
1545 910 1702 964 acopo
1735 895 2147 950 accommodavit
2174 905 2370 948 catena:
2397 895 2566 948 editor
2606 905 2660 948 ut
2688 912 2794 950 non
2833 895 2948 964 jam
2979 895 3210 966 Cyrillus
3251 898 3521 967 loquatur,
3548 900 3632 950 sed

371 966 478 1043 ipse
525 969 915 1038 Villalpandur.
954 968 1110 1024 EDIT.
1150 966 1324 1022 Pun.

1169 1517 1293 1606 IN
1372 1513 1992 1604 DANIELEM
2069 1509 2850 1605 PROPHETAMo

1305 1819 1458 1884 (Aug.
1485 1815 1612 1883 MAI,
1655 1818 1874 1873 Biblioth.
1913 1835 2020 1872 nov.
2059 1821 2198 1871 Patr.
2235 1819 2297 1883 il,
2333 1820 2465 1884 467.)

449 2355 621 2410 Τοῦτο
660 2358 702 2410 δ’
747 2351 814 2429 ἦν
846 2355 1034 2429 ἕτερον
1077 2356 1232 2410 οὐδὲν
1274 2357 1415 2430 πλὴν
1461 2360 1544 2412 ὅτι
1595 2360 1960 2428 μεγαλαυχεῖν
1988 2364 2034 2420 Α

2136 2359 2201 2426 ν,
2233 2360 2288 2414 '2.
2317 2358 2461 2416 Nihil
2495 2359 2639 2415 aliud
2667 2359 2768 2415 hoc
2797 2366 2918 2414 erat
2941 2371 3102 2428 quam
3135 2367 3326 2413 contra
3353 2357 3444 2414 Dei
3475 2359 3647 2429 maje-

377 2449 521 2504 κατὰ
563 2449 662 2520 τῆς
711 2449 867 2520 δόξης
912 2449 1003 2502 τοῦ
1053 2449 1227 2515 Θεοῦ,
1275 2449 1706 2521 κατεπαίρεσθαί
1750 2468 1810 2503 τε
1864 2449 1958 2502 τοῦ

378 2538 784 2607 προεστηκότος
812 2538 922 2591 τῶν
950 2538 1009 2605 ἐξ
1040 2539 1278 2610 Ἰσραὴλ,
1298 2539 1373 2603 ὡς
1412 2539 1551 2593 κατὰ
1595 2541 1798 2611 μηδένα
1836 2540 1961 2611 τρό-

378 2647 479 2682 πον
506 2629 700 2699 ὀνῆσαι
725 2631 912 2701 δεδυνη
923 2631 1082 2702 μένον
1111 2631 1204 2685 τὸν
1240 2632 1369 2685 ἴδιον
1397 2631 1546 2686 λαόν.

448 2724 652 2776 Βίϐλοι
680 2722 1098 2791 ἠνεῴχθησαν.

451 2814 580 2866 "Ore
630 2814 737 2885 γὰρ
784 2815 841 2866 ἐν
880 2813 1010 2867 εἴδει
1041 2815 1234 2883 γέγονε
1276 2815 1354 2887 τῷ
1385 2815 1508 2869 καθ’
1553 2817 1700 2888 ἡμᾶς
1727 2818 1756 2869 ὁ
1792 2817 1963 2871 Μονο-

379 2905 563 2976 γενὴς,
591 2907 711 2958 τότε
735 2907 829 2959 καὶ
857 2904 1073 2974 βίϐλους
1103 2907 1341 2978 ἀνέῳξεν
1380 2909 1408 2961 ὁ
1442 2909 1650 2980 Πατήρ
1673 2909 1765 2962 καὶ
1793 2908 1962 2978 ἀνῆκε

383 2997 485 3066 μὲν
518 2998 611 3050 τοῦ
651 2998 937 3069 κρίνεσθαι
975 2999 1102 3062 τοὺς
1146 3000 1364 3070 ἐνόχους
1413 3000 1746 3071 ἁμαρτίαις,
1787 3001 1962 3070 ἐφῆκε

380 3090 436 3142 δὲ
493 3093 606 3154 τοῖς
636 3091 1043 3162 ἀνδριζομένοις
1081 3092 1142 3145 τὸ
1177 3093 1558 3164 ἐγγράφεσθαι
1603 3111 1664 3146 τε
1706 3095 1800 3147 καὶ
1836 3095 1962 3148 ενα-

383 3183 698 3254 ριθμεῖσθαι
745 3184 930 3240 λοιπὸν
980 3187 1094 3248 τοῖς
1137 3186 1252 3241 ἄνω
1291 3185 1474 3257 χοροῖς
1530 3185 1628 3238 καὶ
1669 3187 1726 3240 ὲν
1773 3186 1962 3257 μνήμῃ

380 3274 615 3331 κεῖσθαι.

451 3369 562 3421 Καὶ
615 3368 667 3420 τί
715 3369 884 3434 ἐστιν,
930 3367 1078 3434 Ἕως
1121 3366 1229 3422 τοῦ
1269 3366 1538 3421 Παλαιοῦ
1573 3365 1691 3420 τῶν
1730 3365 1966 3435 ἡμερῶν

378 3461 452 3530 ἔρ
459 3464 647 3520 θασεν
663 3477 681 3527 ;

447 3548 594 3622 τΛερα
625 3549 894 3614 τοπικῶς;
954 3544 1090 3602 Εἶτα
1130 3547 1248 3611 πῶς
1277 3546 1438 3601 τοῦτο
1475 3548 1575 3600 οὐκ
1614 3547 1858 3618 ἁμαϐές;
1883 3548 1964 3602 ὅτι

385 3643 459 3712 μὴ
489 3644 547 3694 ὲν
567 3630 728 3712 ’τόπῳ
765 3642 827 3694 τὸ
860 3640 1015 3693 Θεῖον
1037 3656 1049 3669 ·
1084 3639 1284 3710 πληροῖ
1308 3639 1416 3710 γὰρ
1439 3639 1507 3692 τὰ
1536 3639 1734 3694 πάντα.
1769 3640 1833 3692 Τί
1870 3635 1964 3693 οὖν

2063 2461 2258 2507 statem
2282 2452 2570 2524 jactantia,
2595 2452 2720 2508 dum
2751 2451 3014 2506 adversus
3039 2450 3252 2506 Israelis
3279 2459 3640 2519 protectorem

2062 2542 2364 2611 extollitur,
2395 2544 2550 2613 quasi
2601 2544 2651 2599 is
2699 2541 2896 2615 populo
2937 2556 3037 2598 suo
3087 2540 3232 2596 nulla
3282 2556 3342 2597 re
3393 2541 3640 2611 prodesse

2063 2638 2345 2708 potuisset.

2135 2726 2248 2794 VII,
2277 2727 2364 2782 10.
2392 2726 2537 2781 Libri
2562 2728 2729 2793 aperti
2755 2735 2896 2791 sunt.

2137 2819 2270 2874 Cum
2311 2820 2366 2873 in
2406 2817 2583 2875 forma
2626 2826 2812 2873 nostra
2853 2815 3175 2886 Unigenitus
3220 2812 3488 2885 apparuit,
3523 2821 3642 2870 tunc

2066 2914 2233 2969 libros
2255 2911 2418 2967 Pater
2437 2911 2677 2982 aperuit;
2706 2911 3015 2979 omissaque
3037 2923 3252 2964 reorum
3276 2904 3641 2969 damnatione.

2066 3006 2275 3076 copiam
2336 3004 2467 3060 fecit
2527 3003 2667 3074 frugi
2727 3002 3040 3058 hominibus
3091 3009 3267 3057 semet
3322 2996 3642 3054 lnscribendi

2066 3095 2567 3166 adnumerandique
2608 3093 2925 3152 coelestibus
2958 3090 3143 3148 choris
3174 3097 3341 3161 atque
3377 3087 3432 3143 in
3467 3087 3641 3143 album

2065 3190 2357 3247 referendi.

2137 3368 2250 3436 VII,
2289 3369 2377 3424 i3.
2407 3366 2546 3434 Quid
2567 3374 2670 3430 est,
2707 3365 2868 3434 itaque
2898 3363 2966 3416 ad
2993 3360 3281 3430 Antiquam
3305 3359 3508 3412 dierum
3536 3373 3642 3424 per-

2066 3464 2246 3519 venit?
2287 3459 2423 3515 Num
2471 3459 2537 3513 de
2583 3459 2701 3512 loco
2744 3470 2924 3511 sermo
2962 3453 3083 3509 est?
3118 3451 3281 3520 Atqui
3326 3449 3428 3506 hoc
3475 3465 3642 3505 uoum

2067 3554 2358 3610 absurdum
2407 3550 2511 3606 sit?
2544 3549 2808 3617 Quoniam
2856 3547 2996 3602 Deus
3029 3545 3081 3599 in
3118 3543 3235 3599 loco
3268 3557 3373 3598 non
3411 3552 3525 3606 est,
3560 3557 3639 3596 set

2068 3648 2250 3704 omnia
2297 3643 2502 3714 implet.
2540 3641 2677 3708 Quid
2722 3653 2848 3709 ergo
2891 3648 3003 3700 est,
3040 3652 3200 3706 usque
3250 3635 3319 3688 ad
3369 3635 3643 3703 Antiquior

381 3732 496 3783 ἐστι
531 3730 610 3796 τὸ,
642 3731 791 3795 Ἕως
819 3730 927 3783 τοῦ
959 3728 1225 3784 Παλαιοῦ
1273 3729 1393 3783 τῶν
1420 3729 1661 3800 ἡμερῶν
1683 3730 1971 3800 ἐφθασεη
2002 3726 2048 3786 Β

2074 3739 2282 3791 dierum
2315 3733 2584 3800 pervenit?
2616 3731 2673 3785 lu
2706 3730 2931 3801 gloriam
2965 3726 3172 3782 scilicet
3202 3723 3378 3779 Patris
3408 3723 3646 3794 pervenit

381 3823 476 3884 Εἰς
507 3821 608 3892 τὴν
647 3820 804 3886 δόξαν
849 3821 944 3874 τοῦ
979 3821 1193 3891 Πατρὸς
1220 3822 1466 3892 δηλονότι
1499 3821 1733 3891 ἔφθασεν
1758 3825 1785 3875 ὁ
1814 3822 1962 3886 Υἱός.

381 3916 465 3968 Κα
481 3915 504 3966 ἰ
531 3913 698 3966 πόθεν
718 3913 882 3967 τοῦτο
904 3913 1051 3966 ἔστιν
1075 3913 1223 3977 ἰδεῖν,
1247 3913 1349 3985 ἔφη
1373 3915 1534 3968 πάλιν
1557 3914 1718 3976 αὐτὸς
1740 3912 1934 3985 ἐφεξῆς
1951 3930 1965 3945 ·

379 4006 552 4071 Αὐτῷ
578 4006 755 4074 ἐδόθη
787 4008 825 4074 ἡ
859 4006 995 4076 τιμὴ
1030 4005 1129 4060 καὶ
1145 4007 1454 4071 βασιλεία.
1479 4008 1717 4061 Ἤκουσε
1741 4007 1849 4079 γὰρ
1873 4007 1968 4061 τοῦ

2066 4009 2285 4063 Audivit
2329 4007 2474 4062 enim
2522 4005 2740 4062 Patrem
2792 4002 3058 4057 dicentem
3113 4017 3128 4054 :

2073 3827 2262 3882 Filius.
2295 3824 2448 3892 Quod
2498 3825 2672 3894 ipsum
2719 3819 2862 3874 unde
2909 3817 3218 3873 innotescat
3267 3814 3408 3869 idem
3465 3821 3645 3883 postea

2068 3917 2332 3988 propheta
2377 3914 2554 3971 dicit:
2607 3911 2859 3967 Traditus
2897 3917 2977 3964 est
3017 3908 3077 3976 ei.
3106 3907 3274 3961 honor
3313 3915 3367 3960 et
3408 3921 3646 3974 regnum.

3182 3997 3320 4054 Sede
3373 4015 3404 4051 a
3451 3998 3646 4051 dextris

383 4097 597 4169 ΙΙατρὸς
625 4098 874 4167 λέγοντος
891 4115 904 4130 ο
937 4098 1134 4153 Κάθου
1162 4099 1231 4152 ἐκ
1260 4098 1475 4164 δεξιῶν
1496 4117 1615 4170 μου
1640 4100 1750 4165 ἕως
1773 4099 1851 4154 ἂν
1883 4098 1964 4155 θῶ

2066 4098 2215 4162 meis,
2263 4097 2426 4151 donec
2473 4111 2666 4166 ponam
2714 4091 2957 4147 inimicos
3001 4097 3116 4144 tuos
3142 4086 3422 4143 scabellum
3463 4085 3646 4153 pedum

382 4192 522 4258 τοὺς
543 4192 796 4262 ἐχθρούς
827 4207 943 4248 σου
967 4191 1303 4250 ὑποπόδιον
1330 4191 1449 4246 τῶν
1479 4191 1680 4247 ποδῶν
1705 4205 1837 4248 σου.

439 4311 451 4338 ι
496 4307 639 4364 Psal.
671 4324 778 4375 cur,
813 4311 859 4364 l.

2065 4203 2274 4244 tuorum
2299 4190 2336 4240 ¹.
