4100 6508
479 371 542 428 ιι
1173 362 1179 369 ’
1491 367 1550 421 S.
1590 362 1863 420 CYRILLI
1906 363 2376 420 ALEXANDRINI
2416 366 2733 424 ARClllEP.
3674 376 3738 432 l2

471 485 664 537 dorem
693 489 747 536 et
767 481 1086 537 industriam
1110 481 1160 536 in
1180 480 1333 536 bonis
1363 480 1553 536 studiis
1576 480 1808 535 locatam
1844 480 2036 550 ignavi:

2160 482 2566 553 σπουδάσμασιν
2602 486 2801 556 ἱδρῶτα
2847 485 2939 539 καὶ
2983 488 3143 539 πόνον
3172 486 3270 557 τῆς
3309 486 3367 540 ἐν
3407 486 3486 559 τῷ
3517 488 3736 561 ρέγχειν

479 572 933 641 praestabiliorem
961 587 1102 637 esse,
1129 588 1193 628 ac
1227 572 1472 627 laborare
1498 573 1693 628 melius
1725 586 1869 635 esse,
1894 586 2052 642 quam

477 673 747 719 stertere:
780 678 879 720 nec
923 664 1080 734 plane
1137 662 1363 727 diﬁisus,
1417 664 1547 733 quin
1593 663 1882 732 aliquando
1930 678 2056 733 pos-

478 770 590 806 sem
624 754 826 823 aliquid
859 768 1055 808 n0vum
1084 764 1139 808 et
1190 753 1397 807 varium
1457 752 1699 806 invenire
1730 770 1743 806 :
1806 754 2053 822 quando-

470 846 690 913 quidem
729 846 866 899 Deus
898 845 1037 899 banc
1056 844 1571 899 commentationum
1600 845 1741 895 viam
1760 844 2054 898 rationem-

475 952 577 1005 que
630 936 840 988 dilatat.
881 934 1150 1004 Srriptum
1183 945 1263 989 est
1298 936 1443 989 enim
1474 952 1485 987 :
1519 953 1537 986 ι
1580 932 1771 987 Latum
1828 935 2043 989 manda-

470 1034 485 1074 t
517 1042 583 1077 nu
635 1034 782 1079 tuum
810 1027 1155 1079 vehementer
1187 1026 1224 1077 ³.
1265 1044 1283 1076 ι

545 1116 890 1183 Propltetavit
925 1118 1086 1184 igitur
1138 1117 1326 1170 beatus
1367 1116 1532 1171 Isaias
1572 1115 1902 1187 temporibus
1960 1129 2049 1170 re-

472 1209 558 1276 gni
590 1204 859 1272 Ocltozite,
896 1217 949 1261 rt
975 1204 1261 1267 Juatbami,
1299 1206 1496 1260 Acbazi
1550 1215 1604 1260 et
1634 1206 1895 1260 Ezechiat.
1937 1205 2052 1275 Age

468 1315 618 1361 γυνθ,
657 1309 894 1365 tempora
940 1297 1363 1366 uniuscujusque
1404 1298 1665 1352 memoria
1726 1308 2047 1366 repetamus

467 1403 517 1439 et
558 1405 663 1457 quo
698 1401 857 1458 pacto
912 1389 1142 1458 quisque
1171 1388 1390 1453 vixerit,
1446 1387 1651 1442 cursim
1703 1396 1757 1440 et
1807 1387 2043 1441 Strictim

470 1482 733 1534 dieanms.
812 1480 1207 1547 l’erspiciemus
1269 1480 1412 1533 enim
1465 1480 1593 1534 hinc
1665 1478 2041 1559 pr0plteticum

469 1589 774 1627 sermonem
804 1573 968 1627 rebus
1020 1572 1187 1641 gestis
1214 1582 1267 1626 et
1313 1570 1645 1641 temporibus
1676 1572 1806 1639 ipsis
1828 1585 2050 1625 accom-

468 1665 743 1718 modatum
795 1679 936 1727 esse,
989 1674 1040 1717 et
1093 1672 1575 1733 peropportunum.
1626 1663 1793 1718 Ozias
1837 1663 2042 1731 itaque,

2156 573 2383 644 ὰργείας
2407 574 2619 645 ἀμείνω
2646 594 2706 629 τε
2756 572 2896 630 εἶναι
2936 578 3337 645 πεπιστευκὼς,
3363 580 3458 633 κα)⁵
3494 580 3593 633 οὐκ
3624 583 3770 634 εἰσ-’

2155 665 2300 719 ἁπαν
2328 666 2646 739 ἀπειρηκὼς
2668 667 2767 740 τὴν
2795 669 3004 733 ὲλπίδα,
3032 669 3125 723 τοῦ
3161 669 3257 724 καὶ
3285 670 3396 724 ἐσθ’
3430 672 3517 724 ὅτε
3548 672 3737 729 καινὸν

2154 758 2248 811 καὶ
2284 758 2683 831 ἐξηλλαγμένον
2711 764 3035 833 προσευρεῖν
3067 779 3118 815 τι
3150 761 3429 824 δύνασθαι,
3466 762 3734 834 κατευρύ-

2152 864 2334 913 νοντας
2371 850 2506 904 Θεοῦ
2547 852 2645 923 τὴν
2678 852 2736 905 έν
2779 869 2844 923 γε
2889 855 3000 915 τοῖς
3036 853 3355 924 θεωρήμασι
3402 853 3607 924 τρίϐον.
3638 852 3736 904 Γέ-

2154 956 2396 1010 γραπται
2428 941 2559 1014 γὰρ,
2587 942 2669 997 ὅτι
2700 961 2719 995 ι
2755 943 3056 1015 Πλατεῖαὴ
3099 943 3289 1015 ἐντολή
3323 962 3416 997 σου
3445 945 3668 1015 σφόδρα.
3709 964 3727 994 ι

2222 1113 2565 1185 Προφητεύει
2591 1116 2769 1170 τοίνυν
2798 1115 2826 1169 6
2858 1116 3127 1188 μακάριος
3165 1117 3391 1181 Ἡσαΐας
3430 1120 3486 1171 ὲν
3522 1121 3730 1190 καιροῖς

2154 1204 2428 1274 βασιλείας
2487 1208 2748 1279 Ὀχοζίου,
2799 1212 2894 1263 καὶ
2956 1211 3209 1280 Ἰωάιθπιρι.ς
3260 1211 3356 1264 καὶ
3402 1211 3592 1281 Ἀχαζ,
3638 1212 3731 1263 καὶ

2164 1297 2427 1364 Ἐζεκίου,
2459 1300 2571 1353 Καὶ
2607 1302 2739 1372 φέρε
2779 1301 2885 1355 τῶν
2911 1302 3140 1355 ἑκάστου
3183 1302 3388 1372 καιρῶν
3431 1303 3730 1373 διαμνημο-

2150 1388 2451 1459 νεύσωμεν,
2499 1390 2682 1444 διεϐίω
2729 1409 2788 1444 τε
2844 1393 2991 1455 ὃπως
3040 1392 3409 1463 ἐπιδρομάδην
3457 1392 3725 1462 λέγωμεν.

2150 1479 2420 1551 Εἰσόμεθα
2449 1481 2557 1552 γὰρ
2587 1481 2852 1548 ἐντεῦθεν,
2882 1484 2962 1537 ὅτι
2994 1485 3104 1546 τοῖς
3131 1484 3426 1553 δρωμένοις
3451 1483 3590 1537 κατὰ
3616 1501 3733 1537 και-

2151 1574 2278 1643 ροὺς
2322 1573 2547 1644 πρέπων
2574 1574 2633 1627 τέ
2668 1577 2781 1627 ἐστι
2818 1575 2912 1627 καὶ
2940 1574 3341 1646 ἁρμοδιώτατος
3381 1577 3481 1648 τῆς
3520 1593 3733 1647 προφη-

2147 1664 2298 1727 τείας
2325 1667 2353 1717 6
2378 1664 2785 1735 λόγος-Γέγονε
2823 1666 2999 1720 τοίνυν
3031 1668 3259 1739 εὐσεϐὴς
3289 1668 3426 1740 ἀνὴρ
3462 1671 3491 1721 6
3525 1669 3728 1733 Ὀζίας,

466 1755 557 1822 qui
585 1765 638 1807 et
668 1753 934 1807 Oeltozias
980 1754 1154 1808 dictus
1206 1764 1310 1819 est,
1363 1755 1449 1807 vir
1506 1755 1624 1822 pius
1687 1753 1806 1820 fuit,
1873 1768 2036 1821 eoque

2147 1757 2176 1809 6
2227 1757 2320 1809 καὶ
2356 1756 2620 1827 Ὀχοζίας,
2672 1758 2981 1829 προϐέϐηκε
3026 1759 3089 1831 δὴ
3134 1759 3268 1829 ὁμοῦ
3322 1760 3479 1830 δόξης
3524 1777 3581 1813 τε
3634 1761 3731 1813 καὶ

465 1843 834 1912 amplitudinis
873 1853 928 1897 et
969 1846 1220 1914 potentiae
1256 1857 1564 1915 provecms,
1609 1855 1667 1899 ut
1731 1858 1917 1921 gentes
1950 1844 2036 1900 Ju-

2150 1843 2329 1914 ἰσχύος
2368 1846 2447 1908 είς
2484 1845 2661 1907 τοῦτο,
2698 1846 2772 1908 ὡς
2819 1848 3232 1918 κατακρατῆσαι
3276 1845 3383 1898 τῶν
3413 1845 3581 1897 ἐθνῶν
3619 1845 3730 1897 τῶν

464 1938 590 1991 diem
622 1936 879 1991 ﬁnitimas
919 1937 1208 2005 subegerit,
1251 1937 1433 1989 multis
1461 1937 1665 1990 tributa
1726 1936 2044 2005 imposuerit

462 2043 527 2082 ac
555 2029 787 2097 sceptris
829 2030 942 2083 suis
1001 2027 1318 2095 subjecerit,
1345 2030 1506 2083 urbes
1540 2030 1877 2093 instaurarit,
1903 2028 2039 2082 alias

463 2120 757 2188 acceperit,
801 2118 1104 2188 ﬁnibusque
1141 2118 1375 2173 Judaica:
1418 2130 1575 2173 terra:
1606 2119 1935 2186 adiunxerit.
1961 2118 2041 2170 Ad

462 2220 764 2264 extremum
824 2225 954 2264 vero
1038 2210 1329 2263 bumamun
1388 2211 1641 2278 quiddam
1692 2224 1879 2276 passus
1936 2218 2038 2263 est.

462 2302 815 2358 Iutmoderata
863 2302 1005 2356 enim
1050 2301 1152 2356 hac
1202 2300 1471 2355 alllucntia
1514 2310 1568 2356 et
1604 2301 1787 2370 gloria:
1840 2301 2035 2371 ampli-

464 2393 647 2446 tudine
679 2393 873 2459 victus,
920 2391 1086 2445 altum
1123 2394 1521 2461 quodammodo
1573 2394 1769 2462 sapuit,
1832 2395 2041 2450 morbo-

460 2498 566 2551 que
597 2482 864 2551 superbiae
913 2492 1213 2551 correptus,
1249 2483 1320 2551 ι·
1352 2482 1447 2550 ipsi
1488 2483 1623 2535 adeo
1684 2483 1881 2536 divinae
1934 2482 2036 2553 legi

459 2590 519 2628 se
567 2574 837 2643 opposuit,
879 2573 1075 2643 quippe
1112 2573 1200 2643 qui
1264 2573 1550 2628 sacerdotii
1601 2574 1762 2627 divini
1834 2589 2038 2643 praero-

459 2667 637 2733 gativa
686 2665 985 2719 ornandum
1021 2680 1079 2719 se
1114 2679 1177 2720 ac
1203 2667 1565 2719 coronandum
1601 2667 1942 2722 existimarit.
1982 2666 2036 2721 In

458 2756 718 2827 templum
790 2756 932 2810 enim
998 2756 1088 2810 Dei
1145 2756 1465 2829 irrumpere,
1538 2773 1601 2811 ac
1656 2758 1766 2814 Deo
1821 2760 2038 2815 sufﬁtus

454 2851 685 2920 ipsemet
754 2847 1008 2912 adoiere,
1079 2859 1132 2903 et
1190 2864 1307 2916 qua:
1364 2850 1415 2903 in
1506 2851 1622 2921 lege
1679 2862 1836 2906 erant
1898 2868 2037 2922 pra:-

456 2941 679 3011 seripta,
738 2948 934 3011 praeter
960 2940 1127 3008 legem
1164 2941 1381 3011 exsequi
1452 2942 1666 2998 molitus
1713 2951 1815 3000 est.
1871 2945 2034 2999 Eam-

457 3047 561 3102 que
593 3033 663 3089 ob
707 3047 926 3087 causam
984 3032 1127 3100 lepra
1177 3034 1432 3087 continuo
1479 3048 1789 3103 percussus,
1864 3035 2037 3090 evasit

2144 1933 2528 2004 προσηκόντων
2574 1936 2672 2005 τὴν
2713 1935 2990 2000 Ἰουδαίαν,
3048 1936 3141 1989 καὶ
3197 1936 3302 2007 μὴν
3347 1934 3441 1988 καὶ
3488 1934 3731 2005 δασμοὺς

2144 2021 2410 2077 ἐπιθεῖναι
2431 2023 2668 2089 πολλοῖς,
2693 2025 2786 2078 καὶ
2811 2027 3106 2096 σκήπτροις
3132 2024 3279 2088 ἰδίοις
3302 2025 3377 2088 ὡς
3398 2023 3456 2089 ἐξ
3481 2025 3732 2095 ἀνάγκης

2142 2115 2484 2185 ὑπενεγκεῖν,
2523 2118 2917 2188 ἁναδείμασθαί
2946 2135 3003 2170 τε
3034 2118 3238 2183 πόλεις,
3274 2118 3368 2170 καὶ
3400 2116 3728 2188 προσλαϐεῖν

2140 2205 2354 2275 ἑτέρας,
2384 2209 2477 2261 καὶ
2526 2208 2756 2277 συνάψαι
2791 2212 2904 2272 τοῖς
2949 2209 3117 2280 ὁρίοις
3160 2210 3257 2279 τῆς
3300 2208 3565 2263 Ἰουδαίων
3598 2210 3727 2280 γῆς.

2139 2293 2275 2354 Εἶτά
2298 2316 2349 2353 τι
2385 2299 2620 2352 πέπονθε
2650 2300 2758 2352 τῶν
2785 2299 3160 2370 ἀνθρωπίνων.
3216 2299 3348 2353 Ἀπὸ
3380 2302 3489 2371 γάρ
3523 2318 3604 2355 τοι
3621 2302 3731 2371 τῆς

2139 2390 2279 2460 ἄγαν
2312 2391 2542 2462 τρυφῆς,
2578 2391 2670 2443 καὶ
2709 2394 2774 2461 τῇ
2815 2391 2914 2463 τῆς
2941 2391 3190 2455 εὐκλείας
3233 2386 3474 2462 ὑπεροχῇ
3511 2409 3731 2463 νενικη-

2143 2482 2324 2552 μένος,
2354 2483 2554 2554 τρόπον
2595 2482 2718 2537 τινὰ
2758 2484 3100 2554 πεφρόνηκεν
3146 2483 3347 2555 ὑψηλὰ,
3389 2485 3483 2537 καὶ
3520 2486 3587 2555 τῇ
3626 2484 3727 2553 τῆς

2140 2574 2443 2645 ὐπεραψίας
2482 2575 2622 2646 νόσῳ
2660 2575 3092 2646 κεκρατημένος,
3124 2575 3218 2628 καὶ
3248 2572 3410 2627 αὑτοῦ
3439 2572 3533 2626 τοῦ
3576 2574 3724 2627 θείου

2140 2665 2507 2737 κατεξανέστη
2565 2666 2752 2737 νόμου.
2806 2667 2972 2738 ᾭήθη
3020 2667 3129 2736 γὰρ
3177 2666 3285 2718 δεῖν
3339 2667 3574 2728 καὶτοῖς
3624 2670 3723 2739 τῆς

2139 2756 2289 2821 θείας
2323 2758 2622 2829 ἱερωσύνης
2652 2758 2960 2828 αὐχήμασιν
3011 2756 3203 2811 ἑαυτὸν
3244 2757 3561 2826 στεφανοῦν.
3603 2759 3729 2813 Ἐπ-

2137 2850 2392 2920 εχείρησε
2429 2849 2537 2919 γὰρ
2571 2852 2650 2914 εἰς
2682 2849 2773 2903 τὸν
2813 2849 2952 2903 θεῖον
2985 2848 3257 2903 εἰσελάσαι
3284 2849 3427 2913 ναὸν,
3468 2852 3633 2917 αὐτὸς
3669 2854 3725 2906 δὲ

2136 2941 2203 2995 δι’
2232 2940 2427 2995 ἑαυτοῦ
2468 2940 2669 3013 θυμιᾷν
2712 2941 2791 3013 τῷ
2824 2940 2942 3012 Θεῷ
2976 2940 3070 2994 καὶ
3101 2940 3342 3012 πληροῦν
3379 2943 3626 3014 ἐκνόμως
3658 2945 3727 2998 τὰ

2137 3032 2518 3103 νενομισμένα.
2560 3032 2780 3102 Ταύτης
2820 3032 2984 3086 ἕνεκα
3022 3032 3121 3103 τῆς
3164 3032 3344 3096 αἰτίας
3382 3032 3725 3106 λελέπρωται

459 3124 1000 3194 contemptissimus:
1061 3125 1412 3179 exsecrabilis
1445 3127 1586 3181 enim
1647 3126 1939 3182 secundum
1969 3127 2036 3179 le-

2140 3124 2507 3194 παραχρῆμα,
2538 3123 2633 3176 καὶ
2676 3118 2745 3193 ἦν
2794 3122 3118 3193 ἀτιμότατος
3141 3140 3152 3152 ·
3189 3123 3385 3194 μιαρὸς
3422 3125 3532 3195 γὰρ
3582 3126 3725 3179 κατὰ

455 3227 701 3285 gemest,
744 3217 832 3285 qui
883 3216 1070 3269 morbo
1105 3215 1265 3285 lepra:
1326 3225 1557 3273 tenetur.
1620 3217 1748 3275 Post
1793 3215 2034 3274 succedit

459 3309 513 3363 in
574 3322 796 3378 regnum
840 3307 984 3362 Ozize
1037 3308 1153 3378 ejus
1223 3320 1416 3381 gnatus
1466 3308 1802 3376 Joatbamus,
1871 3311 2034 3366 homo

459 3399 677 3469 quidem
708 3399 849 3467 pius,
884 3409 1259 3454 verumtamen
1307 3401 1517 3455 excelsa
1560 3416 1666 3455 non
1703 3401 1889 3466 diruit,
1936 3400 2031 3456 sed

457 3490 715 3546 Israelita:
741 3490 1037 3546 etiamnum
1067 3491 1450 3547 sacriﬁcarunt
1496 3492 1750 3561 operibus
1807 3506 2030 3546 suarum

457 3597 732 3649 manuum,
769 3593 975 3638 montes
1002 3590 1055 3637 et
1099 3584 1267 3639 colles
1304 3584 1797 3653 occupantes,‘sub
1820 3598 2024 3653 quercu

455 3685 507 3730 et
539 3675 752 3745 populo,
784 3685 838 3729 et
863 3675 1057 3731 arbore
1087 3677 1361 3743 umbrosa,
1408 3678 1534 3746 quia
1568 3674 2025 3747 bonum’umbra-

456 3767 656 3832 culum,
687 3768 827 3821 sicut
870 3767 940 3821 ait
994 3766 1165 3823 Oseas
1213 3767 1535 3823 '.Defuncto
1600 3777 1777 3821 autem
1812 3765 2034 3822 Joatba—

455 3874 565 3925 mo,
597 3859 832 3928 capessit
855 3868 1126 3929 sceptrum
1158 3859 1533 3925 Aebazus,vir
1556 3857 2034 3914 exsecratissimus

456 3967 487 4007 a
545 3952 725 4006 divina
774 3952 1034 4021 religione
1062 3952 1384 4019 abhorrens,
1414 3951 1670 4021 omnique
1702 3948 2030 4021 ﬂagitiorum

456 4060 654 4117 genere
680 4057 986 4116 coopertus.
1019 4046 1069 4099 Is
1114 4045 1371 4117 templum
1432 4044 1608 4114 ipsum
1666 4044 1757 4099 Dei
1815 4044 2030 4110 clausit,

454 4137 737 4192 sacriﬁciis
759 4153 826 4193 ex
847 4137 978 4208 legis
1005 4137 1317 4208 praescripto
1352 4135 1722 4191 universitatis
1757 4135 1922 4190 Deum
1939 4149 2034 4191 co-

458 4231 569 4287 lere
600 4231 792 4295 vetuit,
820 4230 954 4287 festa
974 4229 1281 4286 Judaeorum
1314 4242 1410 4297 pro
1440 4240 1589 4282 more
1618 4226 1885 4282 celebrata
1910 4242 2034 4298 pro-

454 4325 649 4389 bibuit,
693 4326 802 4380 aris
827 4325 880 4379 in
931 4323 1079 4379 omni
1126 4321 1243 4377 loco
1287 4318 1629 4376 Hierusalem
1660 4321 1886 4386 erectis,
1916 4336 2029 4377 ma-

450 4432 522 4473 nu
573 4416 786 4473 condita
818 4417 1047 4472 adorare
1105 4413 1286 4483 jussit,
1348 4421 1404 4468 et
1460 4412 1723 4467 catlorum
1782 4414 2029 4469 militiam

2139 3217 2302 3287 νόμον
2335 3219 2362 3269 6
2403 3214 2480 3286 τῷ
2524 3215 2624 3285 τῆς
2674 3216 2882 3287 λέπρας
2922 3214 3085 3270 πάθει
3136 3216 3551 3287 κατισχυμένος.
3589 3214 3725 3271 Εἶτα

2133 3308 2433 3377 διαδέχεται
2461 3307 2560 3378 τὴν
2588 3306 2680 3360 τοῦ
2716 3306 2892 3372 Ὀζίου
2919 3306 3194 3377 βασιλείαν
3224 3310 3251 3362 6
3296 3308 3356 3373 ἐξ
3417 3308 3587 3362 αὑτοῦ
3629 3327 3725 3378 γε-

2133 3398 2306 3468 γονὼς
2351 3397 2867 3469 Ἰωάθαμ,φιλόθεος
2916 3400 3013 3470 μὲν
3040 3399 3198 3470 ἀνὴρ,
3229 3398 3368 3471 πλὴν
3397 3401 3496 3453 οὐκ
3538 3401 3724 3471 ἐξῇρε,

2135 3491 2288 3561 φησι,
2319 3490 2388 3541 τὰ
2421 3489 2621 3558 ὑψηλὰ,
2658 3488 2772 3542 ἀλλ’
2802 3489 2957 3548 ἔθυον
2980 3489 3059 3543 ἔτι
3087 3494 3199 3554 τοῖς
3227 3490 3408 3561 ἔργοις
3430 3491 3540 3545 τῶν
3580 3493 3725 3547 ἰδίων

2133 3582 2331 3653 χειρῶν
2359 3582 2409 3635 οἰ
2439 3581 2500 3646 ἐξ
2539 3581 2773 3653 Ἰσραὴλ,
2804 3581 2904 3654 ὅρη
2948 3600 3007 3636 τε
3041 3583 3135 3637 καὶ
3178 3584 3399 3654 βουνοὺς
3435 3585 3723 3657 καταλαμ-

2136 3670 2411 3735 ϐάνοντες,
2455 3671 2714 3724 ὑποκάτω
2755 3671 2936 3745 δρυὸς,
2984 3674 3077 3727 καὶ
3119 3672 3338 3745 λεύκης,
3372 3673 3465 3727 καὶ
3501 3676 3720 3749 δένδρου

2136 3759 2471 3827 σκιάζοντος,
2522 3762 2666 3817 καθά
2715 3781 2880 3835 φησιν
2926 3764 3120 3835 Ὠσηὲ,
3167 3766 3250 3819 ὅτι
3301 3766 3465 3820 καλὸν
3517 3769 3717 3840 σκέπη.

2134 3852 2564 3925 Τελευτήσαντος
2591 3854 2648 3909 δὲ
2693 3855 2930 3927 Ίωάθκμ
2959 3856 3261 3927 διαδέχεται
3294 3857 3353 3911 τὺ
3381 3857 3664 3929 σκῆπτρον
3692 3861 3722 3913 6

2138 3945 2317 4018 Ἀχαζ
2346 3944 2485 4018 ἀνὴρ
2518 3945 2937 4018 βδελυρώτατος,
2965 3948 3058 4001 καὶ
3079 3947 3358 4019 θεομισὴς,
3394 3949 3488 4003 καὶ
3510 3950 3609 4019 τῆς
3640 3953 3721 4015 εἰς

2133 4037 2303 4107 ἄκρον
2341 4035 2676 4107 φαυλότητος
2712 4036 2949 4108 ήκούσης
2987 4036 3257 4107 ἔμπλεως.
3289 4029 3457 4100 Οὗτος
3502 4038 3597 4091 καὶ
3626 4040 3724 4092 αύ-

2133 4130 2224 4184 τὸν
2253 4129 2346 4185 τὸν
2375 4130 2517 4185 θεῖον
2565 4129 2775 4183 ἔκλεισε
2806 4128 2951 4193 ναὸν,
2982 4128 3077 4183 καὶ
3109 4131 3229 4194 ταῖς
3267 4130 3407 4185 κατὰ
3443 4130 3606 4201 νόμον
3629 4132 3723 4185 θυ-

2135 4223 2278 4288 σίαις
2303 4224 2405 4277 οὐκ
2434 4222 2583 4294 ⁴ἠφίει
2625 4220 3121 4293 καταγεραίρεσθαι
3149 4220 3241 4274 τὸν
3263 4221 3370 4275 τῶν
3396 4221 3532 4276 ὅλων
3564 4222 3719 4289 Θεὸν,

2134 4313 2413 4369 κεκώλυκε
2443 4314 2500 4369 δὲ
2536 4314 2630 4367 καὶ
2656 4313 2753 4377 τὰς
2785 4312 2846 4377 ἐξ
2872 4312 3026 4376 ἔθους
3058 4311 3165 4366 τῶν
3203 4313 3474 4367 Ἰουδαίων
3504 4314 3718 4386 ἑορτὰς,

2133 4407 2230 4462 καὶ
2260 4410 2319 4461 ὲν
2351 4406 2515 4459 παντὶ
2541 4405 2690 4475 τόπῳ
2710 4405 2810 4473 τῆς
2852 4404 3207 4475 Ἰερουσαλὴμ
3239 4403 3456 4474 βωμοὺς
3478 4404 3717 4477 ἀναστή-

446 4511 700 4566 'veuerari
741 4528 755 4566 :
793 4510 921 4580 quin
949 4517 1004 4563 οι
1027 4506 1228 4562 liberos
1250 4520 1379 4559 suos
1404 4519 1500 4575 per
1528 4505 1704 4576 ignem
1768 4507 2024 4572 traduxit,

2140 4517 2233 4565 σας
2256 4500 2582 4572 προσκυνεῖν
2603 4495 2821 4549 ἐκέλευε
2844 4494 2911 4547 τὰ
2935 4495 3292 4566 χειρόκμητα,
3324 4496 3417 4549 καὶ
3438 4495 3722 4569 λατρεύειν

437 4605 504 4663 'id
552 4614 655 4671 est,
691 4601 1019 4658 cremavitin
1053 4597 1378 4653 sacriﬁcium
1412 4598 1637 4665 impuris
1661 4596 2024 4665 daemonibus,

435 4710 633 4770 atque,
669 4705 726 4751 ut
770 4693 1083 4751 summatim
1114 4699 1170 4744 et
1204 4688 1370 4744 semel
1413 4689 1617 4753 dicam,
1652 4689 1705 4743 in
1747 4690 1893 4744 onmi
1925 4690 2027 4743 im-

442 4793 671 4862 'pietttlis
699 4801 899 4859 genere
952 4782 1226 4839 volutatus
1300 4791 1405 4836 est.
1477 4781 1676 4836 Deinde
1727 4782 2023 4836 secundum

452 4872 597 4941 bun‘c
620 4879 865 4947 regnavit
928 4872 1211 4937 Ezechias,
1296 4872 1379 4926 vir
1427 4872 1548 4942 pius
1611 4883 1667 4926 et
1718 4872 2023 4939 religiosus,

450 4976 588 5045 atqui
607 4981 661 5029 et
675 4972 797 5026 b0ni
813 4963 1332 5029 administer,omuis
1357 4963 1479 5018 boni
1499 4972 1821 5028 sectator,et
1839 4962 2033 5016 divina:

430 5048 752 5123 't‘oluutatis
766 5059 1007 5114 eﬁ‘ector.
1026 5057 1075 5111 Is
1095 5055 1274 5110 omnia
1302 5056 1572 5110 mandavit
1607 5054 1719 5109 ﬁeri
1744 5062 1800 5109 et
1830 5053 2029 5114 valere,

454 5169 786 5228 quaecunque
810 5150 1024 5206 fuerant
1042 5149 1239 5205 Acltazi
1263 5147 1795 5218 praevaricationibus
1817 5155 2035 5198 contra-

456 5250 557 5315 ria,
579 5255 637 5300 ut
662 5243 753 5311 qui
775 5240 953 5311 templi
986 5240 1128 5293 fores
1159 5238 1388 5308 aperuit,
1403 5239 1523 5291 dein
1541 5233 1809 5290 sacriﬁcia
1826 5244 1879 5287 et
1901 5232 2035 5285 libu-

456 5341 631 5393 tiones
678 5332 957 5388 constituit
994 5329 1107 5385 Deo
1131 5328 1458 5392 olIerendas,
1491 5325 1829 5396 utlegalibus
1857 5323 2024 5376 mini-

456 5428 638 5482 steriis
666 5426 1016 5478 ltonoraretur
1039 5435 1052 5474 :
1075 5421 1237 5476 etiam
1256 5418 1474 5476 Pascha:
1496 5417 1690 5487 legem,
1712 5413 1870 5483 longo
1898 5423 2030 5465 tem—

458 5532 589 5589 pure
632 5515 1015 5581 intermissam,
1049 5511 1407 5568 revocandam
1428 5508 1641 5563 curavit
1671 5516 1723 5560 et
1763 5519 2031 5559 renovan-

457 5611 583 5663 dam
608 5622 760 5663 :aras
784 5615 1020 5661 etmanu'
1037 5604 1251 5661 condita
1276 5600 1476 5655 excidit
1495 5617 1506 5653 :
1525 5597 1761 5654 hariolos
1785 5603 1838 5653 et
1869 5594 2030 5653 falsos

529 5821 545 5852 ⁸
579 5818 725 5874 l‘sal.
753 5833 939 5883 cxvm,
973 5813 1060 5871 96.
1141 5815 1158 5844 ²
1198 5810 1334 5867 Osee
1392 5823 1461 5874 tv,
1502 5807 1582 5861 15.

2132 4591 2229 4662 τὴν
2255 4588 2516 4660 στρατιὰν
2541 4586 2633 4640 τοῦ
2666 4584 2897 4656 οὐρανοῦ
2922 4600 2934 4614 ·
2964 4585 3059 4638 καὶ
3086 4585 3192 4655 μὴν
3217 4584 3312 4639 καὶ
3337 4585 3405 4638 τὰ
3425 4586 3532 4639 ῐδια
3555 4587 3722 4642 τέκνα

2132 4683 2392 4753 διήγαγεν
2436 4682 2492 4733 ὲν
2525 4678 2677 4748 πυρὶ,
2711 4676 2976 4741 τουτέστι,
3024 4677 3362 4732 κατέκαυσεν
3400 4679 3481 4743 είς
3529 4679 3721 4733 θυσίαν

2133 4775 2247 4835 τοῖς
2301 4768 2636 4844 ἀκαθάρτοις
2692 4769 2934 4839 δαίμοσι,
2982 4770 3077 4823 καὶ
3131 4769 3470 4835 ἁπαξαπλῶς
3523 4773 3719 4837 εἰπεῖν,

2133 4863 2335 4933 τρόπος
2378 4861 2526 4933 αὐτῷ
2572 4861 2891 4924 δυσσεϐείας
2938 4862 3357 4931 ἁνεπιτήδευτος
3400 4857 3470 4934 ἦν
3523 4862 3718 4926 οὐδείς.
3810 4927 3827 4941 .

2139 4951 2272 5007 Εἶτα
2310 4953 2448 5023 μετὰ
2472 4951 2663 5006 τοῦτον
2705 4951 3089 5024 βεϐασίλευκεν
3130 4953 3373 5023 Ἐζεκίας
3407 4954 3548 5025 ἀνὴρ
3577 4953 3723 5008 εὐσε-

2140 5046 2239 5115 ϐὴς
2268 5046 2363 5099 καὶ
2386 5044 2652 5113 φιλόθεος,
2683 5045 2776 5099 καὶ
2791 5045 3134 5116 δικαιοσύνης
3160 5044 3441 5115 πρύτανις,
3467 5044 3561 5098 καὶ
3594 5060 3724 5096 παν-

2137 5138 2230 5199 τὸς
2280 5136 2485 5205 ἀγαθοῦ
2539 5138 2815 5209 ζηλωτὴς,
2880 5138 2975 5190 καὶ
3032 5137 3141 5189 τῶν
3197 5136 3352 5190 θείων
3401 5135 3722 5207 θελημάτων

2139 5231 2397 5302 ἐργάτης.
2429 5227 2596 5295 Οὗτος
2616 5231 2709 5284 τοῦ
2738 5233 2914 5302 Ἀχαζ
2941 5232 3397 5303 παρανομήμασιν
3425 5232 3531 5284 πᾶν
3558 5230 3723 5301 πράτ-

2137 5321 2325 5376 τεσθαί
2358 5339 2415 5375 τε
2445 5323 2538 5377 καὶ
2581 5322 2784 5394 ἰσχύειν
2819 5322 3067 5377 ἐκέλευεν
3089 5339 3102 5353 ·
3131 5322 3301 5393 ἀνῆκε
3350 5322 3451 5393 μὲν
3488 5321 3595 5392 γὰρ
3624 5321 3722 5385 τὰς

2134 5412 2229 5468 τοῦ
2261 5412 2389 5468 ναοῦ
2435 5413 2623 5486 θύρας,
2666 5411 2783 5467 εἰτα
2812 5413 3022 5481 θυσίας,
3056 5413 3148 5467 καὶ
3194 5412 3423 5476 σπονδὰς
3468 5410 3721 5465 διετύπον

2137 5504 2512 5577 προσάγεσθαι
2552 5505 2630 5575 τῷ
2674 5504 2815 5575 Θεῷ,
2851 5505 2940 5559 καὶ
2972 5508 3090 5567 ταῖς
3129 5503 3269 5558 κατὰ
3299 5503 3462 5574 νόμον
3507 5504 3721 5572 ἱερουρ-

2144 5596 2285 5673 γίαις
2317 5596 2702 5673 γεραίρεσθαιο
2735 5598 2827 5650 καὶ
2862 5597 2967 5667 μὴν
2998 5598 3090 5651 καὶ
3115 5596 3237 5667 δίχα
3260 5595 3464 5667 χρόνων
3496 5591 3722 5665 μακρῶν
