4100 6474
342 384 417 439 15
1544 386 1609 442 IN
1650 387 1886 442 ISAIAM
1930 386 2056 444 LIB.
2098 387 2137 443 I.
2181 387 2388 446 ORA'I'.
2434 391 2475 446 I.
3595 402 3657 458 Η

336 501 439 555 τὸν
470 500 569 555 ἐπὶ
608 501 688 572 τῷ
716 501 913 572 Πάσχα
948 502 1110 574 νόμον
1163 501 1569 558 ἀνανεωσασθαι
1599 507 1812 578 ὁρᾶται.
1844 508 1939 560 Κα-

2063 517 2241 575 vates,
2272 520 2878 569 etmcantamentorum
2910 515 3125 571 turbam
3150 518 3417 589 quasique
3448 537 3639 590 greges

337 594 490 647 θεῐλε
522 595 750 664 τεμένη,
782 595 878 648 καὶ
907 594 1147 665 βωμοὺς,
1186 596 1279 649 καὶ
1305 596 1671 668 χειρόκμητα,
1701 615 1766 666 γν
1789 598 1951 661 ῖλστας

334 703 399 739 τε
440 686 541 740 καὶ
593 686 1013 757 ψευδομάντεις,
1057 693 1149 741 καὶ
1195 686 1296 750 τὰς
1343 688 1450 740 τῶν
1489 690 1712 756 ἐπῳδῶν
1758 692 1959 759 ἀγέλας

336 778 581 850 ἠρεμεῖν
606 778 888 842 ἐκέλευσε,
924 780 1019 832 καλ¹
1047 774 1115 848 ἦν
1157 777 1295 850 ἀνὴρ
1335 780 1538 848 ἀγαθὸς
1570 782 1628 835 ἐν
1660 781 1957 853 ὀφθαλμοῖς

336 870 439 922 τοῦ
462 869 625 924 θεοῦ.
651 870 865 924 Οὐκοῦν
888 870 1188 942 ἐπειδήπερ
1218 872 1277 923 ὲν
1305 874 1516 942 καιροῖς
1543 872 1819 942 βασιλείας
1848 874 1956 928 τῶν

336 962 554 1033 ἀρτίως
595 964 731 1033 ἡμῖν
792 963 1138 1035 εἰρημένων,
1187 964 1319 1018 ποτὲ
1367 965 1468 1036 μὲν
1516 966 1753 1032 ὼξύνετο
1817 968 1954 1039 πρὸς

338 1053 515 1125 ὀργὰς
538 1054 569 1104 6
590 1053 701 1108 τῶν
726 1054 864 1108 ὅλων
887 1054 1045 1120 Θεὸς,
1068 1055 1583 1129 εἰδωλολατροῦντος
1597 1059 1692 1112 τοῦ
1714 1060 1949 1132 Ἰσραήλ·

336 1146 474 1199 ποτὲ
509 1146 567 1199 δὲ
599 1145 695 1199 καὶ
732 1146 1083 1216 ἐμαλάσσετο
1126 1147 1262 1219 πρὸς
1286 1148 1345 1201 τὸ
1372 1148 1600 1220 ἥμερον,
1639 1150 1950 1219 μεταπλατ-

334 1238 578 1309 τομένου
604 1240 744 1311 πρὸς
769 1240 1052 1293 εὐσέϐειαν
1078 1240 1164 1294 διὰ
1190 1240 1288 1311 τῆς
1306 1240 1401 1295 τοῦ
1426 1243 1756 1309 κρατοῦντος
1780 1246 1951 1297 ἐπιει-

334 1333 532 1395 κείας·
563 1331 738 1403 ταύτῃ
778 1349 861 1385 τοι
906 1333 1173 1403 μέμικται
1205 1333 1305 1404 τῆς
1327 1335 1663 1406 προφητείας
1701 1337 1729 1389 6
1767 1335 1943 1404 λόγος,

335 1426 434 1476 καὶ
459 1424 727 1495 πλείστην
762 1424 863 1494 μὲν
887 1424 1022 1494 ὅσην
1045 1424 1157 1477 ἐσθ’
1188 1425 1277 1478 ὅτε
1300 1429 1537 1479 ποιεῖται
1562 1426 1662 1498 τὴν
1689 1427 1945 1499 ἀπειλὴν,

332 1514 412 1575 ὡς
458 1514 858 1581 δυσσεᾷοῦντος
907 1513 1004 1567 τοῦ
1052 1515 1290 1586 Ἰσραὴλ,
1342 1516 1692 1587 ὑποσχέσεως
1738 1518 1795 1573 δὲ
1848 1522 1948 1591 τῆς

333 1608 424 1660 ἐπ’
455 1606 686 1675 ἀγαθοῖς
726 1606 1040 1676 εἰσκομίζει
1080 1606 1257 1676 λόγον.
1301 1608 1683 1679 Διαμέμνηται
1710 1609 1768 1662 δὲ
1810 1628 1947 1664 παν-

331 1699 505 1770 ταχοῦ
554 1705 657 1772 τῆς
703 1701 793 1754 διὰ
826 1700 921 1753 τοῦ
967 1701 1210 1771 Χριστοῦ
1259 1700 1602 1772 λυτρώσεως,
1662 1702 1756 1757 καὶ
1780 1705 1944 1776 φησὶν

332 1790 414 1843 ὅτι
441 1793 587 1845 κατὰ
614 1792 843 1867 καιροὺς
878 1792 978 1863 μὲν
1012 1793 1163 1847 ἐσται
1193 1792 1293 1863 τῆς
1337 1794 1474 1862 πρὸς
1514 1793 1648 1847 Θεὸν
1672 1795 1939 1865 οἰκειότη-

2059 600 2285 656 sustulit
2317 611 2408 656 :et
2430 602 2512 656 vir
2536 603 2717 660 bonus
2744 615 2866 661 erat
2898 606 2951 661 in
2982 619 3272 677 conspectu
3308 609 3423 664 Dci.
3454 610 3644 680 Itaque

2064 706 2192 745 cem
2231 693 2614 750 universitatis
2639 697 2804 763 Deus,
2847 701 3187 769 temporibus
3234 701 3453 766 horum,
3498 718 3638 771 quos

2059 785 2170 856 jam
2198 786 2461 847 diximus.
2483 804 2631 843 nunc
2648 790 2716 844 ad
2747 791 2882 845 iram
2904 803 3285 856 exacueretur,
3306 794 3507 850 Israele
3529 797 3647 850 ido-

2062 877 2295 934 lolatriae
2327 880 2507 936 dedito
2541 900 2554 937 :
2585 900 2751 949 nunc,
2784 900 2848 939 eo
2899 901 3164 943 converso
3214 887 3283 942 ad
3338 887 3655 958 religionem

2056 981 2280 1041 propter
2319 974 2575 1030 virtutem
2619 986 2674 1032 et
2720 979 3045 1048 probitatem
3097 981 3381 1051 principis,
3423 981 3490 1035 ad
3542 980 3660 1048 pla-

2055 1064 2393 1120 cabilitatem
2445 1067 2864 1125 emollesceret:
2901 1072 3028 1127 hinc
3086 1074 3265 1127 oratio
3308 1072 3469 1140 hujus
3527 1087 3656 1141 pro-

2055 1154 2252 1223 phetia
2286 1158 2445 1211 mista
2478 1161 2803 1229 est_,etvelut
2836 1164 3033 1218 Israele
3056 1164 3223 1235 impie
3240 1165 3653 1233 agente.miuas

2053 1249 2322 1305 interdum
2374 1268 2569 1323 graves
2599 1254 2863 1310 intendit:
2913 1257 3052 1315 alias
3072 1266 3248 1313 autem
3281 1258 3657 1328 promissionis

2052 1340 2315 1398 bonorum
2336 1345 2663 1402 mentionem
2690 1349 2822 1405 facit
2849 1368 2863 1405 :
2891 1350 3093 1420 ubique
3114 1366 3243 1406 vero
3264 1351 3657 1421 redemptionis

2048 1448 2148 1504 per
2194 1436 2468 1493 Christum
2500 1442 2829 1497 mentionem
2864 1444 3060 1513 injicit,
3088 1446 3273 1514 aitque
3313 1446 3656 1512 subsequen-

2054 1527 2198 1583 tibus
2215 1532 2547 1600 temporibus
2571 1548 2598 1586 a
2624 1537 2887 1591 societate
2904 1538 3327 1592 etcoutnliernio
3353 1537 3444 1591 Dei
3475 1546 3658 1592 exter-

2052 1620 2366 1678 minandum
2428 1625 2708 1692 Israelem,
2785 1644 3166 1685 successuram
3231 1644 3359 1684 vero
3407 1628 3651 1699 gentium

2051 1713 2475 1784 multitudinem,
2520 1734 2616 1788 per
2653 1722 2816 1776 Iidem
2884 1723 2936 1776 in
3000 1722 3217 1777 Christo
3277 1722 3655 1792 justiticatam.

2051 1803 2234 1870 Quare
2286 1809 2417 1863 mihi
2453 1810 2667 1866 videtur
2689 1813 2881 1869 beatus
2912 1816 3172 1885 propheta
3205 1815 3371 1870 Isaias
3409 1830 3513 1868 non
3536 1812 3652 1867 sola

331 1901 425 1947 τος
471 1885 845 1956 ἀπόπεμπτος
889 1888 919 1939 6
971 1886 1207 1959 Ἰσραὴλ,
1263 1887 1674 1960 εἰσδεχθήσεται
1727 1889 1784 1943 δὲ
1835 1890 1939 1945 τῶν

2056 1900 2354 1967 prophetiae
2384 1907 2560 1971 gratia
2591 1906 2885 1973 plurimum
2922 1918 3246 1972 exornatus,
3285 1906 3379 1961 sed
3414 1916 3471 1960 et
3494 1906 3657 1959 deco-

330 1978 506 2031 ἐθνῶν
534 1981 568 2049 ή
607 1979 819 2049 πληθὺς
851 1980 1211 2053 δικαιουμένη
1238 1980 1326 2034 διὰ
1358 1981 1461 2052 τῆς
1495 1982 1732 2048 πίστεως
1754 1984 1853 2055 τῆς
1886 1985 1945 2039 ἐν

329 2069 580 2141 Χριστῷ.
615 2072 782 2123 Ὥστε
812 2090 904 2142 μοι
943 2072 1094 2125 δοκεῖ
1120 2073 1423 2141 στεφανοῦν
1449 2068 1507 2129 εὖ
1542 2075 1690 2146 μάλα
1715 2075 1806 2130 τὸν
1841 2094 1945 2147 μα-

328 2164 528 2235 κάριον
561 2167 856 2236 προφήτην
905 2165 1157 2233 Ἡσαΐαν,
1206 2167 1329 2237 οὐχὶ
1361 2170 1427 2238 τῇ
1465 2168 1567 2239 τῆς
1605 2170 1947 2241 προφητείας

326 2257 517 2329 χάριτι
551 2258 715 2330 μόνῃ,
748 2257 886 2312 ἀλλὰ
921 2258 1033 2329 γὰρ
1069 2259 1163 2311 καὶ
1195 2263 1307 2324 τοῖς
1348 2260 1730 2326 ἀποπολικοίς
1771 2264 1944 2335 αὐχή-

2053 1987 2209 2043 ribus
2235 1993 2605 2061 apostoli.Est
2632 1997 2777 2050 enim
2810 1998 2897 2051 hic
2919 1998 3180 2079 propheta
3211 1997 3372 2051 simul
3401 2007 3457 2053 et
3522 2011 3654 2065 apo-

2053 2081 2274 2137 stolus:
2331 2096 2388 2140 et
2440 2084 2626 2142 iubae
2688 2089 2984 2158 scriptione
3006 2106 3104 2146 sua
3174 2091 3390 2145 habebit
3446 2104 3674 2159 sermo-I

2054 2187 2151 2227 nos
2204 2175 2532 2246 evangelicae
2581 2180 2982 2248 praedicationis
3047 2183 3342 2253 splendore
3402 2196 3510 2235 non
3559 2194 3654 2235 ca-

2055 2276 2262 2323 rentes.

330 2364 523 2417 μασιν.
573 2350 662 2402 Ἑν
700 2348 887 2420 ταύτῷ
928 2349 1037 2421 γὰρ
1078 2350 1224 2405 ἔστιν
1256 2354 1546 2424 προφήτης
1582 2369 1642 2406 τε
1713 2354 1851 2424 ἅμα,
1884 2356 1980 2410 καὶ
2017 2355 2353 2427 ·ἀπόστολος,
2407 2364 2504 2415 καὶ
2549 2365 2652 2435 τῆς
2698 2365 2808 2420 τῶν
2855 2368 3233 2438 εὐαγγελικῶν
3273 2366 3649 2440 κηρυγμάτων

327 2447 695 2519 φαιδρότητος
730 2449 831 2502 οὐκ
870 2449 1250 2520 ἡμοιρηκότας
1270 2450 1399 2514 τοὺς
1456 2449 1559 2522 τῆς
1603 2449 1798 2506 ἑαυτοῦ
1846 2454 2172 2527 συγγραφῆς
2201 2457 2486 2530 ποιήσεται
2519 2459 2726 2530 λόγους.

974 2542 1195 2595 ΛΟΓΟΣ
1232 2546 1313 2596 A'.

407 2629 664 2699 Ὀρασις
698 2630 781 2699 ἣν
808 2629 974 2687 εἶδεν
1019 2633 1268 2702 Ἡσαΐας
1297 2635 1430 2702 υἱός
1467 2637 1675 2707 Ἀμὼς,
1720 2636 1800 2706 ἣν
1821 2634 1945 2693 εἶδε

325 2723 486 2777 κατὰ
531 2721 646 2791 τῆς
707 2721 1029 2791 Ἰουδαίας,
1081 2726 1180 2779 καὶ
1240 2728 1394 2781 κατὰ
1436 2728 1827 2800 Ἰερουσαλὴμ
1872 2730 1944 2783 ἐν

322 2816 623 2882 βασιλείᾳ
688 2817 901 2882 Ὀζῖου,
955 2818 1053 2874 καὶ
1116 2820 1386 2892 Ἰωάθαμ,
1442 2822 1541 2876 καὶ
1580 2822 1782 2893 Ἀχαᾷ
1841 2823 1942 2878 καὶ

338 2908 604 2971 Ἐζεκίου
644 2909 703 2964 οἳ
734 2912 1156 2967 ἐϐασίλευσαν
1181 2913 1293 2984 τῆς
1328 2916 1647 2983 Ἰουδαίας.

402 3003 520 3055 Οὔκ
547 3003 616 3056 ἂν
663 2999 822 3075 οἶμαι
863 3003 1217 3073 διαψεύσαιτὸ
1254 3023 1338 3070 τις
1377 3008 1555 3061 ἐκεῖνο
1593 3005 1765 3062 εἰπὼν
1813 3006 1943 3079 περὶ

327 3096 439 3150 τῶν
492 3095 668 3163 ἁγίων
730 3096 1053 3167 προφητῶν,
1107 3096 1184 3159 ὡς
1231 3098 1292 3150 οὑ
1326 3099 1495 3171 μόνην
1542 3099 1789 3171 ἐδέχοντο
1833 3098 1941 3154 τῶν

2673 2555 2934 2612 ORATIO
2971 2557 3007 2611 I.

2119 2642 2250 2699 CAP.
2283 2645 2322 2713 1,
2355 2662 2486 2703 vsss
2523 2650 2569 2703 Ι.
2618 2649 2781 2717 I’isio,
2841 2671 2998 2723 quam
3064 2655 3192 2708 vidit
3270 2655 3451 2712 Isaias
3502 2660 3649 2728 ﬁlias

2048 2732 2231 2801 Amos,
2256 2752 2417 2805 quam
2449 2739 2575 2793 vidit
2598 2753 2780 2796 contra
2807 2743 3077 2809 Judream,
3134 2754 3183 2799 et
3208 2757 3394 2801 contra
3445 2748 3648 2806 Hieru-

2051 2822 2239 2888 salem,
2275 2825 2331 2879 in
2358 2841 2516 2895 regno
2548 2826 2699 2883 θεία»
2722 2839 2772 2884 et
2822 2831 3097 2900 Joatltam,
3133 2845 3178 2888 et
3213 2836 3411 2907 Ac/taz,
3437 2852 3483 2895 et
3511 2841 3650 2899 Eze-

2053 2914 2209 2981 chiw,
2260 2918 2351 2986 qui
2393 2931 2679 2988 regnarunt
2703 2926 2758 2977 in
2799 2922 3018 2981 Judwa.

2128 3005 2184 3062 Si
2260 3010 2385 3080 quis
2433 3012 2598 3078 dicat,
2660 3026 2880 3072 sanctos
2953 3021 3244 3093 prophetas
3304 3043 3409 3083 nou
3473 3031 3645 3087 solam

2053 3113 2236 3153 rerum
2301 3100 2607 3158 futurarum
2674 3108 3042 3178 cognitionem
3098 3118 3396 3187 accepisse,
3450 3123 3644 3192 praelu-

327 3189 612 3260 ἐσομένων
649 3187 751 3261 τὴν
784 3189 1013 3257 γνῶσιν,
1053 3189 1611 3265 καταλαμπρύνοντος
1653 3192 1716 3246 τὸ
1752 3193 1939 3264 χρῆμα

2048 3199 2207 3243 cente
2271 3189 2377 3246 hoc
2429 3193 2557 3259 illis,
2612 3204 2669 3249 et
2724 3197 2778 3249 in
2869 3198 3082 3256 animos
3140 3182 3465 3263 insonante-
3512 3225 3640 3264 san-

326 3285 515 3346 αὐτοῖς
534 3282 630 3335 τοῦ
653 3283 812 3352 ἁγίου
839 3282 1181 3354 Πνεύματος,
1215 3285 1309 3337 καὶ
1338 3284 1661 3356 ἐνηχοῦντος
1692 3287 1770 3350 εἰς
1791 3284 1938 3351 νοῦν,

325 3376 466 3429 ἀλλὰ
501 3377 614 3450 γὰρ
654 3377 752 3429 καὶ
774 3375 959 3430 αὐτῶν
989 3375 1102 3429 ἔσθ’
1132 3377 1222 3430 ὅτε
1250 3376 1359 3431 τῶν
1387 3380 1733 3451 πραγμάτων
1763 3378 1941 3434 εἰπὼν

324 3470 408 3523 ὅτι
438 3468 686 3538 ἐγίνοντο
712 3468 928 3542 θεωροί.
963 3471 1152 3523 Ἐοικε
1180 3470 1359 3524 τοίνυν
1381 3473 1409 3525 6
1439 3474 1711 3545 μακάριος
1735 3476 1941 3548 προφή-

325 3579 428 3633 της
461 3562 696 3625 Ἡσαῖας
724 3564 837 3625 τοῖς
868 3561 971 3633 τῆς
999 3561 1239 3627 διανοίας
1279 3563 1494 3634 ὄμμασι
1536 3565 1606 3619 τὰ
1645 3566 1786 3620 κατὰ
1816 3584 1940 3621 και-

328 3659 459 3724 ροὺς
491 3656 731 3727 ἐσόμενα
780 3656 922 3710 κατὰ
961 3656 1063 3728 τῆς
1113 3656 1376 3722 Ἰουδαίας
1419 3657 1712 3714 τεθεᾶσθαι
1765 3661 1936 3733 πάθη,

323 3746 487 3801 τοῦτο
519 3748 621 3818 μὲν
654 3749 754 3811 τὰς
786 3746 898 3801 τῶν
931 3746 1204 3819 πολεμίων
1234 3746 1521 3820 φάλαγγας
1551 3752 1935 3827 καταδῃούσας

320 3840 422 3913 τὴν
456 3842 589 3914 γῆν,
631 3842 792 3897 τοῦτο
819 3842 877 3895 δὲ
908 3842 1009 3906 τὰς
1055 3842 1241 3907 πόλεις
1285 3844 1682 3917 ἠρημωμένας,
1715 3848 1810 3903 καὶ
1856 3849 1935 3902 οἶ-

322 3950 458 3996 κους
482 3935 971 4007 ὲμπιπραμένους,
1000 3936 1093 3989 καὶ
1109 3935 1209 3989 ὅσα
1230 3939 1342 4001 τοῖς
1373 3936 1468 3990 τοῦ
1488 3937 1726 4010 πολέμου
1750 3940 1935 4011 νόμοις

322 4028 636 4099 πράττεται
668 4028 801 4099 παρ’
832 4027 1050 4099 ἐχθρῶν
1074 4027 1247 4101 ταύτῃ
1267 4045 1349 4082 τοι
1390 4030 1809 4103 προγέγραπται
1836 4034 1935 4104 τῆς

323 4121 699 4192 προφητείας·
736 4140 755 4172 ι
787 4122 1018 4191 Ὄρασις
1046 4121 1115 4192 ἦν
1143 4118 1284 4175 εἶδεν
1318 4122 1548 4187 Ἡσαΐας
1566 4124 1684 4189 υίὸς
1728 4125 1930 4197 Ἀμὼς,

321 4212 470 4266 κατὰ
517 4213 617 4284 τῆς
660 4213 928 4276 Ἰουδαίας
966 4214 1060 4267 καὶ
1104 4214 1248 4268 κατὰ
1295 4215 1673 4289 Ἰερουσαλήμ.
1714 4237 1734 4271 υ
1782 4220 1934 4273 Ἐπι-

323 4306 661 4379 σημαίνεται
694 4305 751 4359 δὲ
783 4308 1073 4379 χρησίμως
1101 4309 1225 4373 τοὺς
1250 4309 1359 4363 τῶν
1388 4309 1656 4380 βασιλέων
1680 4314 1929 4384 καιροὺς,

322 4398 411 4452 ἶνα
445 4399 712 4469 φαίνηται
739 4398 872 4463 Θεὸς
915 4400 1246 4471 προσφόρως
1288 4404 1403 4466 τοῖς
1432 4402 1667 4456 ἑκάστου
1706 4404 1932 4476 τρόποις

317 4492 388 4546 τὰ
417 4493 478 4545 ὲν
503 4492 582 4562 τῷ
615 4494 875 4567 προφήτῃ
900 4491 1099 4548 λαλῶν.

393 4584 633 4647 Ἄκουε,
683 4583 939 4650 οὐρανέ,
977 4584 1077 4638 καὶ
1117 4584 1415 4651 ἐνωτίζου,
1445 4587 1526 4658 τῆ
1543 4629 1559 4653 ,
1589 4588 1679 4644 ὅτι
1710 4591 1928 4660 Κύριος

317 4673 638 4742 ἐλάλησεν
665 4712 679 4736 ,
722 4672 896 4739 Υἰοὺς
925 4673 1232 4742 ἐγέννησα
1262 4676 1357 4729 καὶ
1395 4676 1641 4745 ily-(orm,
1663 4678 1832 4732 αὐτοὶ
1863 4677 1931 4732 δέ

312 4782 392 4835 με
422 4765 764 4832 ἠθέτησαν.
802 4766 1001 4836 Ἔγνω
1037 4768 1197 4834 ,βοῦς
1244 4768 1354 4823 τὸν
1392 4769 1796 4840 κτησάμενον,
1830 4771 1931 4825 καὶ

317 4856 468 4922 ὄνος
492 4854 614 4925 τὴν
648 4855 891 4927 φάτνην
918 4858 1028 4912 τοῦ
1078 4859 1293 4928 κυρίου
1335 4861 1556 4915 αὑτοῦ·
1588 4861 1836 4932 Ἰσραὴλ
1863 4861 1931 4917 δέ

310 4964 393 5019 με
426 4949 547 5004 οὐκ
588 4947 766 5020 ἔγνω,
794 4951 895 5004 καὶ
928 4954 962 5005 ὀ
992 4952 1144 5017 λαός
1167 4969 1247 5022 με
1272 4954 1344 5007 οὐ
1379 4952 1676 5022 συνῆκεν.

390 5042 462 5098 Ti
501 5043 567 5098 τὸ
599 5044 815 5115 χρῆμα,
847 5044 933 5108 τίς
974 5045 1003 5097 6
1034 5044 1215 5112 λόγος,
1246 5045 1343 5099 καὶ
1376 5046 1428 5099 τί
1457 5045 1537 5100 ἂν.
1557 5046 1804 5118 βούλοιτο
1832 5049 1929 5120 δη-

316 5135 448 5192 λοῦν
479 5135 809 5209 περιαθρεῖν
844 5138 1166 5206 ἀναγκαῖον.
1203 5139 1654 5211 Διαμαρτύρεται
1683 5143 1792 5214 γὰρ
1819 5142 1930 5196 ὦσ-

317 5246 430 5303 περ
468 5228 708 5301 οὐρανόν
735 5246 794 5283 τε
834 5231 930 5283 καὶ
958 5228 1067 5299 γῆν
1099 5231 1128 5283 6
1169 5230 1441 5302 μακάριος
1476 5235 1799 5305 προφήτης,
1835 5236 1929 5313 καί

317 5319 485 5374 τοῦτο
515 5320 779 5392 πράττων
818 5321 921 5374 οὐκ
949 5320 1122 5388 ἀθεεὶ,
1152 5321 1314 5393 πλὴν,
1347 5324 1449 5377 οὐκ
1496 5324 1682 5391 ἰδίους,
1710 5326 1846 5381 Θεοῦ
1871 5328 1929 5381 δὲ

323 5414 535 5487 μᾶλλον
569 5409 714 5469 εἶναι
747 5414 879 5478 τοὺς
907 5413 1103 5485 λόγους
1139 5417 1328 5487 φησίν.
1369 5418 1490 5472 Ὀτι
1532 5418 1711 5490 πάντη
1743 5436 1803 5473 τε
1831 5421 1928 5475 καὶ

318 5508 548 5573 πάντως
593 5508 736 5580 πρὸς
784 5508 962 5580 πέρας
1008 5509 1340 5581 ἐκϐήσονται
1373 5510 1461 5564 διὰ
1488 5510 1679 5565 τούτου
1725 5513 1929 5584 σημαί-

318 5619 451 5665 νων,
506 5601 602 5656 καὶ
644 5603 764 5665 τοῖς
795 5598 891 5654 τοῦ
929 5600 1126 5656 παθεῖν
1167 5602 1388 5674 δείμασι
1432 5603 1757 5660 καταπτοῶν
1799 5606 1928 5670 τοὺς

318 5688 740 5760 ἀκροωμένους.
796 5690 1114 5763 ’Ἀμήχανον
1162 5691 1273 5762 γὰρ
1331 5691 1704 5765 ψευδοεπῆσαι
1758 5694 1922 5749 Θεὸν·

318 5782 459 5852 ὁμοῦ
504 5782 563 5837 δὲ
604 5785 861 5847 κάκεῖνο,
911 5783 1167 5856 καθάπερ
1197 5778 1434 5856 ἐγῷμαι,
1468 5787 1921 5854 κατασκευάζων.

333 5872 553 5948 Ἐπειδὴ
587 5876 701 5949 γὰρ
748 5874 978 5947 ἔμελλεν
1028 5874 1129 5941 τὰς
1174 5878 1316 5932 κατὰ
1357 5877 1459 5950 τῆς
1518 5880 1778 5945 Ἰουδαίας
1828 5889 1923 5937 καὶ

2046 3292 2136 3337 cto
2193 3282 2423 3355 Spiritu,
2520 3288 2879 3344 verumetiam
2935 3308 3117 3350 rerum
3173 3297 3412 3368 ipsarum
3465 3318 3636 3372 quan—

2045 3374 2223 3444 doque
2291 3386 2630 3448 spectatores
2696 3384 3015 3453 exstitisse,
3063 3404 3187 3445 eum
3243 3406 3345 3463 ego
3423 3396 3644 3453 minime

2042 3481 2230 3523 errare
2336 3485 2495 3540 posse
2580 3474 2842 3531 arbitror.
2947 3478 3133 3550 Itaque
3243 3484 3434 3542 beatus
3519 3506 3643 3560 pro-

2046 3559 2210 3627 pheta
2274 3561 2466 3629 Isaias,
2526 3567 2668 3621 mala
2764 3585 2887 3640 quae
2960 3584 3148 3629 contra
3196 3574 3437 3635 Judaeam
3502 3559 3639 3636 tem-

2042 3652 2270 3720 poribus
2340 3655 2756 3728 insequentibus
2821 3662 3005 3720 futura
3074 3677 3269 3736 erant,
3350 3673 3446 3743 ι’·
3499 3663 3641 3743 plia-

2043 3743 2228 3817 langes
2266 3747 2504 3805 hostium
2560 3760 2763 3809 terram
2808 3760 3161 3826 vastantium,
3217 3764 3379 3820 urbes
3428 3766 3640 3823 desola-

2042 3849 2144 3905 tas,
2198 3842 2391 3899 domos
2446 3846 2718 3915 incensas,
2765 3861 2820 3906 et
2871 3869 3212 3927 quamunque
3259 3860 3476 3916 tandem
3515 3863 3641 3934 jure

2039 3933 2162 3989 belli
2219 3935 2334 3991 ﬁeri
2378 3938 2555 3995 solent
2605 3943 2674 3998 ab
2731 3944 3005 4014 hostibus,
3059 3952 3257 4006 mentis
3296 3954 3456 4010 oculo
3504 3933 3639 4010 con-

2042 4027 2333 4098 lemplatus
2367 4033 2583 4089 videtur
2609 4053 2623 4090 :
2652 4038 2881 4107 ideoque
2935 4043 3240 4111 praphetia:
3272 4050 3425 4115 quasi
3460 4065 3640 4118 prote-

2045 4120 2158 4175 mio
2196 4124 2460 4194 scriptum
2496 4137 2624 4183 est:
2663 4148 2683 4182 ι
2719 4129 2870 4188 Visio
2901 4148 3062 4204 quam
3095 4136 3230 4191 vidit
3276 4138 3445 4195 Isaias
3495 4141 3639 4198 [ilius

2034 4214 2248 4283 Amos,
2304 4229 2497 4275 contra
2555 4220 2796 4281 Judaeam
2868 4234 2923 4282 et
2981 4237 3168 4283 contra
3226 4230 3552 4289 Jerusalem.
3609 4253 3632 4290 ι

2036 4304 2357 4377 Opportune
2400 4326 2534 4367 sane
2565 4328 2753 4384 regum
2784 4325 3026 4385 tempora
3060 4319 3330 4389 designat,
3375 4336 3433 4378 ut
3465 4340 3635 4396 appa-

2038 4406 2157 4451 reat
2200 4397 2366 4453 Deum
2406 4403 2524 4456 haec
2578 4404 3009 4478 uniuscujusque
3043 4410 3285 4467 moribus
3322 4428 3636 4475 accommo-
3697 4432 3707 4472 '.

1961 4530 2007 4585 Β
2036 4488 2162 4544 date
2188 4505 2289 4558 per
2317 4493 2638 4564 prophetam
2671 4497 2876 4554 dicere.

2112 4582 2273 4642 Vsus.
2308 4586 2363 4642 2.
2404 4587 2580 4655 Audi,
2622 4589 2840 4658 caelum,
2868 4600 2918 4647 et
2944 4594 3160 4651 auribus
3192 4600 3418 4668 percipe,
3468 4611 3631 4671 terra,

2033 4681 2157 4747 quia
2187 4677 2445 4735 Dominus
2476 4681 2682 4737 loculus
2711 4696 2785 4738 est
2806 4700 2826 4739 :
2865 4684 3038 4741 Filios
3059 4690 3217 4757 genui
3248 4700 3295 4744 et
3333 4695 3499 4761 erexi,
3532 4699 3633 4767 ipsi

2033 4779 2206 4823 autem
2246 4783 2551 4837 spreverunt
2587 4790 2688 4829 me.
2729 4772 2985 4847 Cognovit
3026 4779 3116 4834 bos
3153 4796 3541 4853 possessorem,
3584 4802 3632 4843 et

2032 4860 2215 4915 asinus
2259 4879 2490 4935 prmepe
2535 4867 2739 4922 domini
2788 4871 2873 4923 sui
2901 4862 2929 4935 ;’
2957 4879 3014 4924 at
3047 4869 3222 4926 Israel
3267 4889 3349 4928 me
3398 4892 3499 4933 non
3540 4896 3630 4936 co-

1936 4994 1942 5000 .
2030 4951 2230 5018 gnovit,
2267 4964 2315 5007 et
2346 4957 2573 5024 populus
2603 4975 2685 5012 me
2716 4975 2821 5014 non
2850 4962 3128 5022 intellexit.

2003 5111 2006 5115 ν
2102 5045 2245 5140 Quid
2285 5046 2389 5103 hoc
2428 5051 2505 5104 rei
2545 5052 2636 5116 sit,
2663 5066 2785 5123 quae
2814 5057 3028 5125 oratio,
3066 5071 3117 5116 et
3150 5066 3280 5135 quid
3322 5068 3633 5140 signiﬁcare

2033 5136 2196 5203 velit,
2235 5154 2417 5210 opem
2468 5146 2704 5213 pretium
2753 5148 2862 5205 erit
2906 5154 3276 5214 considerare.
3311 5136 3631 5221 Obtestatur

2032 5229 2178 5285 enim
2235 5232 2398 5287 veluti
2448 5237 2649 5292 coelum
2700 5247 2756 5294 et
2810 5251 3011 5300 terram
3069 5248 3263 5308 beatus
3319 5257 3625 5327 propheta:

2031 5324 2174 5391 quod
2207 5324 2336 5381 dum
2370 5326 2523 5397 facit,
2570 5347 2674 5390 non
2705 5334 2826 5391 sine
2853 5338 3037 5397 divino
3064 5344 3292 5402 consilio
3324 5324 3483 5417 facit;
3525 5349 3632 5404 imo

2031 5433 2138 5473 non
2162 5436 2293 5477 suos
2321 5436 2443 5479 esse
2474 5426 2606 5481 dicit
2636 5443 2941 5499 sermones,
2978 5437 3074 5492 sed
3124 5438 3243 5494 Dei.
3285 5440 3402 5508 Quo
3455 5440 3634 5498 innuit

2028 5514 2257 5571 omnino
2290 5530 2354 5573 ea
2386 5519 2454 5573 ad
2486 5520 2694 5577 exitum
2730 5537 3055 5594 perventura
3076 5569 3092 5595 ,
3142 5540 3199 5587 et
3236 5533 3428 5588 horum
3457 5536 3631 5590 malo-

2031 5621 2154 5661 rum
2188 5619 2333 5665 metu
2363 5613 2642 5671 auditores
2678 5619 2925 5686 percellit
2950 5640 2962 5674 :
2985 5637 3083 5678 nec
3113 5626 3257 5679 enim
3293 5626 3407 5682 ﬁeri
3430 5639 3628 5700 poteSt,

2029 5710 2085 5753 ut
2114 5699 2255 5756 Deus
2271 5700 2467 5759 falsum
2492 5707 2671 5763 dicat:
2694 5711 2965 5783 sinuilque
2995 5714 3160 5783 illud,
3199 5727 3257 5773 ut
3289 5734 3391 5791 ego
3409 5699 3626 5792 quidem

2027 5793 2229 5859 sentio,
2295 5798 2604 5864 praemuniit.
2647 5799 2916 5868 Quoniam
2978 5806 3121 5861 enim
3155 5818 3345 5865 contra
3383 5808 3623 5865 Judmam

2025 5894 2077 5940 et
2108 5883 2406 5944 Jerusalcm
2442 5891 2839 5955 vaticinaturus
2881 5906 3023 5964 crat,
3059 5910 3113 5955 et
3147 5900 3283 5956 mala
3320 5902 3466 5958 omni
3494 5917 3620 5956 ora-
