4100 6492
282 400 351 458 ΓΙ
1488 389 1552 446 ΙΝ
1598 387 1831 446 [SAL-\M
1872 386 2001 444 LIB.
2046 387 2063 442 l
2128 391 2340 448 ORAT.
2382 392 2424 448 l.
3546 391 3625 449 18‘

291 539 310 571 ι
357 517 672 587 ’Δνάστηθι
702 514 800 569 καὶ
830 513 1052 586 κρίθητι
1082 512 1218 587 πρὸς
1234 510 1300 568 τὰ
1323 512 1446 584 ὅρη,
1478 513 1572 567 καὶ
1590 510 1905 566 ἀκουσάτω-

2015 530 2105 580 per
2164 514 2307 570 hanc
2377 511 2660 584 propheta:
2720 522 2907 565 vocem
2980 512 3268 577 propterea
3334 507 3607 561 dit-imus.

288 627 392 664 σαν
422 611 475 662 ot
513 606 699 679 βουνοὶ
724 604 825 677 τὴν
851 607 1045 677 φωνήν
1067 622 1184 658 σου.
1227 603 1546 669 Ἀκούσατε,
1577 602 1779 674 βουνοὶ,
1802 603 1902 675 τὴν

291 701 481 773 κρίσιν
519 697 618 752 τοῦ
652 697 895 770 Κυρίου,
942 698 1037 750 καὶ
1080 698 1136 750 αἱ
1174 697 1481 769 φάραγγες,
1518 695 1747 767 θεμέλια
1802 696 1902 763 τῆς

292 794 420 865 γῆς,
446 794 533 846 ὅτι
565 792 757 863 κρίσις
789 790 871 861 τῷ
895 789 1089 861 Κυρίῳ
1118 790 1256 860 πρὸς
1296 790 1390 844 τὸν
1423 789 1552 842 λαὸν
1583 786 1773 856 αὑτοῦ,
1806 789 1903 843 καὶ

304 885 441 958 μετά
460 884 553 938 τοῦ
592 883 814 955 Ἰσραὴλ
847 882 1311 954 διελεγχθήσεται.
1339 902 1359 935 ι
1383 883 1494 936 Καὶ
1509 880 1628 936 οὔτι
1659 900 1762 936 που
1799 900 1902 952 cp:-

310 976 403 1048 μὲν
429 976 514 1029 ὃτι
543 975 688 1046 πρός
712 991 779 1042 γε
810 972 882 1027 τὰ
917 973 1019 1045 ὅρη
1048 973 1144 1026 καὶ
1184 975 1311 1037 τοὺς
1347 973 1576 1045 βουνοὺς
1609 974 1834 1043 γέγονεν
1865 976 1899 1047 ή

307 1069 481 1140 κρίσις
502 1067 587 1135 τῷ
617 1066 813 1138 Κυρίῳ
841 1066 933 1120 διά
971 1066 1073 1136 τῆς
1099 1065 1197 1119 τοῦ
1238 1067 1523 1138 προφήτου
1560 1068 1767 1138 φωνῆς,
1801 1068 1905 1121 ἐδι-

305 1160 500 1225 κάζετο
546 1159 607 1213 δὲ
654 1158 860 1229 μᾶλλον
892 1157 972 1229 τῷ
1018 1157 1155 1231 πρὸς
1184 1159 1357 1228 αὐτὴν
1384 1159 1484 1232 τὴν
1510 1160 1769 1215 ἀσέϐειαν
1806 1160 1904 1216 τοῦ

311 1252 536 1325 Ἰσραὴλ
581 1254 697 1315 τοῖς
737 1254 797 1306 ἐν
828 1253 945 1316 τοῖς
986 1251 1139 1322 ὄρεσι
1170 1253 1267 1308 καὶ
1298 1253 1511 1325 βουνοῖς
1550 1254 1646 1331 καὶ
1682 1254 1900 1319 νάπαις.

311 1345 609 1415 Ἡλέγχετο
635 1346 745 1417 γὰρ
777 1346 1063 1418 ἀμετρίως
1085 1344 1518 1419 δεδυσσεΰηκὼς,
1549 1347 1645 1401 καὶ
1683 1348 1904 1418 βωμοὺς

299 1441 394 1494 καὶ
421 1440 631 1510 τεμένη
670 1440 1099 1504 κατασκευάσας
1135 1441 1256 1493 ἐκεῖ
1278 1443 1391 1505 τοῖς
1424 1441 1765 1514 ἀκαθάρτοις
1792 1441 1905 1495 δαί-

300 1549 483 1603 μοσιν.
509 1533 725 1586 Οὐκοῦν
760 1533 1069 1606 ἐπειδήπερ
1092 1537 1143 1589 οἱ
1167 1534 1226 1601 ἐξ
1261 1536 1481 1608 Ἰσραὴλ
1507 1536 1609 1608 τῆς
1642 1538 1725 1601 είς
1772 1537 1905 1591 Θεὸν

298 1625 485 1688 αἰδοῦς
536 1625 916 1695 ἀλογήσαντες
956 1628 1375 1698 προσεκύνησαν
1420 1631 1490 1701 τῇ
1539 1631 1771 1701 στρατιᾷ
1808 1628 1904 1684 τοῦ

297 1715 557 1788 ούρανοῦ,
592 1716 729 1789 ἡλίῳ
750 1734 812 1771 τε
847 1719 994 1789 φημὶ
1021 1720 1114 1773 καὶ
1152 1720 1374 1793 σελήνῃ,
1396 1720 1682 1791 δεχόμενοι
1719 1721 1779 1775 δὲ
1811 1721 1906 1777 καὶ

2007 608 2273 664 adversus
2314 615 2526 662 montes
2578 613 2633 660 et
2672 602 2839 660 colles
2890 599 3152 671 judicium
3210 599 3437 653 Domino
3478 599 3611 654 inis-

2006 717 2065 757 se
2118 719 2134 757 :
2186 708 2244 756 at
2308 700 2489 769 potius
2545 704 2731 754 contra
2794 696 2969 765 ipsam
3036 693 3372 763 impietatem
3433 691 3610 748 lsrae~

2006 794 2094 859 lis,
2159 807 2280 862 quae
2332 800 2454 848 erat
2513 791 2568 845 in
2628 788 2928 853 montibus,
2971 796 3027 843 et
3079 788 3329 852 collibus,
3364 800 3419 840 et
3473 787 3610 842 luris

2003 887 2058 958 3
2091 886 2298 957 judicio
2320 882 2773 941 conﬂictabatur.
2822 882 3037 939 Etenim
3094 883 3460 951 reprehensus
3502 894 3610 945 est,

2005 980 2149 1048 quod
2172 978 2312 1033 haud
2332 975 2592 1033 mediocri
2648 989 2709 1030 se
2756 975 3038 1047 impietate
3092 974 3333 1039 fmdarit,
3390 974 3611 1042 itlicque

2008 1071 2308 1126 immundis
2334 1069 2674 1124 daemonibus
2693 1082 2817 1124 aras
2863 1078 3027 1138 atque
3067 1066 3289 1121 delubra
3317 1075 3606 1120 exstruXe-
3638 1114 3641 1117 λ

2006 1166 2100 1222 rit.
2126 1163 2265 1221 Cum
2322 1164 2758 1234 ergolsraelitat,
2808 1162 3159 1220 observantia
3190 1172 3247 1217 et
3298 1160 3608 1217 reverentia

2008 1274 2133 1330 erga
2184 1258 2351 1314 Deum
2383 1257 2711 1329 posthabita,
2743 1257 2993 1312 militiam
3038 1255 3188 1318 celi,
3216 1256 3385 1310 solem
3411 1253 3534 1309 dico
3554 1261 3611 1308 et

2009 1352 2190 1407 lunam
2210 1351 2524 1419 adorarent,
2552 1361 2606 1406 et
2626 1359 2843 1419 sumpta
2869 1364 2938 1404 ex
2966 1358 3114 1404 terra
3140 1348 3395 1410 materia,
3424 1348 3605 1415 lignis,

2010 1442 2254 1515 inquam,
2280 1454 2334 1499 et
2369 1443 2672 1514 lapidibus,‘
2704 1443 2851 1498 idola
2876 1441 2979 1498 sibi
3009 1443 3243 1513 quisque
3259 1457 3359 1512 pro
3375 1440 3611 1496 arbitra-

2011 1549 2065 1594 tu
2098 1539 2799 1610 facerenttappositissime
2828 1552 3016 1593 eorum
3048 1538 3100 1593 in
3131 1537 3254 1591 istis
3276 1535 3610 1605 impietatem

2010 1634 2315 1698 subinnuit,
2345 1644 2402 1687 et
2453 1632 2601 1688 velut
2653 1632 2709 1688 in
2762 1640 3143 1703 argumentum
3191 1639 3247 1684 et
3269 1629 3610 1683 demonstra-

2013 1727 2215 1783 tionem
2268 1726 2469 1782 caelum
2531 1741 2597 1782 ac
2658 1735 2859 1780 terram
2930 1724 3182 1796 producit
3234 1724 3286 1777 in
3345 1723 3605 1785 medium,

300 1810 395 1912 τὴν
419 1813 490 1865 ὲκ
512 1812 622 1880 γῆς
654 1811 812 1884 ὕλην,
850 1812 985 1877 ξύλα
1013 1813 1072 1867 τέ
1095 1830 1240 1885 φημι
1270 1815 1366 1869 καὶ
1399 1813 1604 1879 λίθους,
1631 1815 1905 1887 ἐποίησαν

2015 1820 2293 1891 inquiens:
2328 1838 2349 1874 ι
2383 1819 2546 1885 Audi,
2571 1818 2791 1883 caelum,
2816 1829 2874 1875 et
2916 1818 3188 1881 ausculta,
3248 1825 3415 1878 terra,
3479 1816 3606 1885 quia

297 1902 516 1966 ἑαυτοῖς
544 1903 749 1957 εἴδωλα
770 1904 915 1959 κατά
932 1906 996 1960 τὸ
1024 1906 1242 1978 ἑκάστῳ
1262 1906 1477 1971 δοκοῦν,
1496 1906 1910 1978 οίκονομώτατα

298 1992 417 2047 λίαν
459 1993 564 2065 τὴν
612 1996 671 2048 ἐν
714 1995 931 2061 τούτοις
986 1998 1166 2052 αὐτῶν
1200 1997 1460 2054 ἀσέϐειαν
1508 1998 1907 2065 ύπαινίττεται,

298 2087 392 2139 καὶ
420 2081 539 2141 οἷον
571 2089 656 2152 είς
678 2087 905 2159 ἔλεγχον
929 2092 1024 2143 καὶ
1046 2089 1324 2156 ἀπόδειξιν
1354 2090 1587 2161 οὐρανόν
1606 2108 1666 2144 τε
1689 2091 1785 2144 καὶ
1804 2090 1909 2161 γῆν

294 2179 373 2243 εἰς
398 2179 571 2250 μέσον
588 2180 784 2252 ὥσπερ
805 2183 1177 2253 παρακομίζει
1196 2182 1391 2252 λέγων,
1407 2202 1425 2237 ι
1440 2185 1666 2251 Ἀκουε,
1684 2185 1908 2257 ούρανὲ,

295 2272 389 2325 καὶ
423 2272 714 2336 ὲνωτίζου,
751 2274 847 2344 γῆ,
898 2274 981 2327 ὅτι
1029 2273 1235 2346 Κύριος
1282 2274 1578 2347 ἐλάλησεν,
1606 2296 1624 2330 ι
1652 2274 1762 2332 Καὶ
1782 2276 1908 2331 καθ’

294 2363 490 2435 ἕτερον
522 2364 582 2418 δὲ
606 2365 836 2436 τρόπον,
870 2364 1101 2430 πολλοὺς
1122 2363 1264 2421 εἶναι
1298 2369 1482 2440 φαμὲν
1502 2368 1629 2435 τοὺς
1662 2372 1911 2444 πατέρας

293 2460 355 2511 ὲν
387 2457 643 2529 οὐρανῷ,
665 2460 795 2524 τοὺς
824 2463 1235 2531 πνευματικοὺς
1259 2463 1424 2533 δῆλον
1450 2463 1534 2518 ὅτι
1552 2479 1568 2496 ο
1597 2466 1829 2530 πολλοὺς
1851 2466 1909 2521 δὲ

293 2553 503 2621 ὁμοίως
537 2554 637 2607 καὶ
677 2554 774 2607 ἐπὶ
793 2554 899 2625 τῆς
926 2556 1055 2626 γῆς,
1080 2554 1240 2609 τοῦτο
1272 2557 1375 2625 μὲν
1404 2560 1726 2630 σαρκικοὺς,
1745 2560 1906 2615 τοῦτο

292 2646 349 2700 δὲ
374 2647 812 2718 πνευματικούς.
851 2647 1017 2702 Ἀλλά
1041 2648 1256 2714 τούτοις
1297 2650 1399 2722 μὲν
1452 2650 1627 2706 ἅπασι
1656 2656 1770 2716 τοῖς
1802 2671 1910 2708 πα-

292 2739 463 2809 τράσι
487 2741 608 2803 τοῖς
637 2739 755 2793 ἄνω
776 2756 840 2793 τε
873 2740 971 2794 καί⁵
1000 2741 1154 2795 κάτω
1183 2744 1336 2814 παρά
1359 2743 1467 2798 τῶν
1495 2744 1601 2799 ὑπὸ
1632 2748 1793 2817 χεῖρα
1821 2747 1910 2800 τέ-
1934 2774 1941 2781 -

294 2847 453 2883 κνων
486 2830 869 2900 προσάγονται
891 2832 1072 2903 τιμαί.
1101 2834 1372 2905 Χαίρουσι
1392 2835 1450 2890 δὲ
1470 2835 1591 2891 λίαν
1614 2839 1664 2890 oi
1685 2855 1911 2909 τετιμη-

296 2923 482 2993 μένοι,
517 2923 619 2978 καὶ
644 2924 824 2989 οὐδείς
852 2927 1005 2979 ἐστιν
1024 2928 1083 2980 ὲν
1104 2928 1309 2992 αὐτοῖς,
1344 2929 1403 2995 ὃς
1424 2930 1486 2983 ού
1521 2931 1700 3003 πάντῃ
1729 2949 1790 2985 τε
1814 2933 1911 2986 καὶ

297 3015 535 3079 πάντως
571 3018 811 3069 ποιεῖται
840 3016 1186 3090 δυσφὸρητον
1212 3018 1275 3074 τὸ
1309 3020 1730 3092 ἀχαριστεῖσθαι
1757 3024 1910 3095 παρά

293 3105 409 3160 τῶν
432 3105 670 3160 τέκνων.
703 3108 770 3160 ⁸0
798 3106 863 3179 δὴ
899 3108 1190 3174 πεπονθὼς
1214 3111 1243 3164 ὁ
1274 3109 1386 3165 τῶν
1414 3112 1553 3167 ὅλων
1584 3112 1748 3179 Θεὸς,
1780 3116 1910 3180 τούς

2014 1911 2276 1967 Dominus
2314 1911 2530 1969 locutus
2587 1921 2724 1968 est.»
2764 1910 2884 1967 Jam
2947 1910 3131 1966 etalio
3160 1910 3321 1964 modo
3376 1908 3608 1963 dicimus

2011 2015 2132 2058 esse
2170 2002 2372 2058 multos
2393 2003 2448 2057 in
2509 2002 2651 2057 ctelo
2694 2012 2903 2073 patres,
2952 2001 3228 2071 spiritales
3302 2000 3605 2054 videlicet:

2013 2094 2366 2150 multositem
2401 2096 2455 2149 in
2485 2102 2630 2149 terra
2661 2104 2770 2150 tam
2821 2093 3092 2158 carnales,
3152 2108 3319 2164 quam
3376 2093 3602 2163 spiritu-

2012 2185 2146 2242 ales.
2211 2184 2480 2242 Omnibus
2549 2197 2734 2243 autem
2816 2186 2901 2241 his
2977 2195 3089 2239 tum
3186 2184 3422 2252 superis,
3495 2195 3608 2236 tum

2012 2278 2367 2335 inferioribus
2406 2280 2641 2334 honores
2674 2278 3013 2334 exhibentur
3040 2292 3072 2332 a
3127 2276 3340 2339 liberis,
3370 2284 3610 2343 potesta-

2014 2372 2050 2425 ti
2088 2373 2326 2441 ipsorum
2362 2371 2630 2426 subditis:
2675 2380 2731 2427 et
2770 2371 3048 2441 impendio
3103 2370 3363 2441 gaudent,
3399 2369 3610 2424 honore

2012 2462 2191 2519 all'ecti
2223 2481 2238 2518 :
2271 2477 2372 2518 nec
2411 2474 2498 2518 est
2531 2479 2725 2519 eorum
2771 2462 3060 2532 quisquam
3109 2461 3201 2531 qui
3250 2475 3355 2515 non
3387 2460 3612 2514 omnino

2012 2552 2360 2610 intolerabile
2397 2554 2581 2620 ducat,
2614 2552 2843 2623 ingratis
2873 2551 3048 2608 modis
3109 2551 3333 2607 tractari
3393 2564 3425 2604 a
3462 2550 3604 2606 libe-

2012 2648 2108 2702 ris.
2141 2644 2256 2703 Hoc
2276 2646 2389 2717 jam
2418 2661 2617 2716 passus
2640 2655 2694 2701 et
2734 2645 2979 2702 sentiens
3009 2643 3385 2700 universitatis
3440 2641 3604 2708 Deus,
3638 2680 3641 2687 ι

2011 2750 2198 2808 patres
2219 2747 2329 2793 tam
2371 2737 2425 2792 in
2472 2738 2636 2802 casio,
2716 2752 2881 2807 quam
2909 2736 2965 2792 in
3024 2744 3173 2791 terra
3245 2742 3607 2801 contestatur,

2013 2834 2235 2888 dicens:
2268 2832 2437 2897 Audi,
2475 2814 2687 2897 mlum,
2719 2840 2766 2887 et
2795 2829 3063 2895 ausculta,
3088 2839 3249 2891 terra,
3277 2829 3402 2897 quia
3429 2827 3613 2882 Domi-

2013 2943 2111 2981 nus
2141 2925 2348 2979 locutus
2388 2933 2463 2979 est
2491 2938 2511 2978 :
2552 2921 2723 2978 Filios
2761 2939 2916 2994 genu:
2950 2932 3000 2978 et
3049 2921 3219 2986 erexi,
3272 2922 3373 2991 ipsi
3434 2932 3611 2975 autem

2011 3029 2314 3088 spreuerant
2376 3032 2485 3072 me.
2523 3016 2796 3086 Receptus
2824 3016 2971 3069 enim
3002 3028 3099 3084 per
3138 3013 3369 3082 gratiam
3420 3012 3610 3080 Israel,

2012 3123 2068 3169 et
2098 3114 2471 3171 misericordia
2519 3111 2756 3167 ﬁliorum
2818 3108 3093 3179 dignatus,
3156 3120 3187 3160 a
3232 3107 3341 3160 Deo
3393 3106 3614 3175 genitus

293 3214 356 3251 τε
381 3199 445 3252 ὲν
475 3198 700 3270 οὐρανῷ
733 3200 829 3254 καὶ
859 3201 953 3254 ἐπὶ
984 3201 1087 3271 τῆς
1123 3202 1227 3273 γῆς
1257 3205 1502 3276 πατέρας
1529 3205 1912 3279 διαμαρτύρε--

2015 3224 2139 3265 esse
2168 3208 2367 3263 dicitur
2396 3225 2413 3263 :
2441 3208 2570 3265 dum
2616 3217 2749 3259 vers
2778 3217 2843 3258 ac
2907 3198 3209 3270 spiritualis
3264 3198 3609 3269 regeneratio

296 3309 392 3346 ται
442 3291 653 3359 λέγων’
688 3294 931 3357 Ἄκουε,
957 3294 1199 3362 οὐρανέ,
1220 3296 1318 3349 καὶ
1352 3296 1650 3363 ἐνωτίζου,
1686 3300 1786 3370 γῆ,
1818 3301 1909 3355 ὅτι

2015 3302 2069 3357 in
2111 3301 2273 3357 nobis
2298 3314 2396 3371 per
2451 3296 2638 3362 liuent,
2674 3309 2869 3364 nempe
2893 3293 2952 3347 in
3007 3291 3228 3347 Christo
3263 3305 3613 3346 consumma-

302 3386 528 3453 Κύριος
571 3385 891 3454 ἐλάλησεν
915 3402 928 3416 ·
970 3387 1149 3453 Υἰοὺς
1185 3388 1490 3459 ἐγέννησα
1524 3391 1625 3445 καὶ
1668 3393 1910 3461 figienda,

300 3478 482 3532 αὐτοὶ
522 3476 595 3530 δέ
635 3496 712 3548 με
738 3478 1070 3547 ἠθέτησαν.
1116 3481 1426 3553 Είσδεχθεὶς
1468 3484 1579 3557 γὰρ
1622 3486 1651 3538 ὁ
1698 3485 1915 3558 Ἰσραὴλ

299 3570 395 3624 διὰ
442 3571 550 3639 τῆς
597 3571 848 3644 χάριτος,
900 3573 998 3627 καὶ
1038 3573 1140 3644 τῆς
1179 3576 1295 3639 τοῖς
1333 3566 1547 3641 τέκνοις
1592 3578 1916 3650 πρεπούσης

301 3661 619 3733 ἠξιωμένος
652 3663 897 3731 φειδοῦς,
928 3665 1295 3737 γεγεννῆσθαι
1317 3667 1538 3737 λέγεται
1564 3669 1717 3741 παρὰ
1748 3670 1910 3736 Θεοῦ,

305 3753 413 3823 τῆς
468 3752 711 3823 ἀληθοῦς
754 3756 850 3808 καὶ
907 3757 1293 3827 πνευματικῆς
1351 3758 1769 3830 ἀναγεννὴσεως
1826 3761 1914 3830 ἐφ’

300 3846 442 3915 ἡμῖν
475 3847 1005 3921 ἐκπεπερασμένης.
1038 3852 1138 3905 Διὰ
1169 3852 1407 3916 πεστεως
1439 3853 1495 3906 δὲ
1522 3853 1681 3924 δῆλον
1708 3855 1792 3909 ὃτι
1815 3857 1916 3928 τῆς

301 3940 365 3991 ιν
406 3939 671 4012 Χριστῷ·
699 3943 1084 4015 γεγεννήμεθα
1123 3945 1233 4016 γὰρ
1281 3945 1340 4012 ἐξ
1377 3946 1573 4012 ὓδατος
1616 3950 1711 4002 καὶ
1757 3948 1919 4003 πνεύ-

307 4048 507 4101 ματος,
555 4033 654 4086 καὶ
697 4032 909 4121 δέδοται
955 4036 1056 4106 μὲν
1100 4039 1212 4101 τοῖς
1264 4038 1646 4112 ἀρχαιοτέροις
1694 4041 1918 4112 πνεῦμα

304 4122 583 4188 δουλείας,
614 4127 666 4178 εί
696 4127 791 4180 καὶ
823 4128 1171 4198 πρωτότοκος
1206 4126 1273 4202 ἦν
1297 4133 1393 4185 καὶ
1416 4133 1736 4204 ὠνόμασται
1766 4133 1914 4198 λαός.

314 4216 490 4287 Ἡμῖν
513 4217 596 4278 δὲ,
630 4217 733 4288 τῆς
769 4220 1048 4283 υἱοθεσίας
1083 4220 1257 4293 ὄνομα
1300 4239 1360 4275 τε
1410 4224 1505 4277 καὶ
1546 4224 1786 4296 πνεῦμα,
1827 4241 1921 4278 κε-

304 4309 571 4382 χάρισται
596 4313 626 4365 ὁ
649 4312 974 4375 Θεός.‹”οτι
993 4313 1103 4384 γάρ
1130 4316 1274 4377 ὲστε,
1303 4334 1320 4366 ι
1351 4316 1566 4387 φησὶν,ι
1603 4316 1919 4381 uiuiﬁcus—

305 4402 605 4457 ἑστειλενδ
631 4401 770 4467 Θεὸς
815 4404 877 4458 τὸ
912 4405 1135 4476 πνεῦμα
1175 4405 1269 4460 τοῦ
1308 4405 1442 4459 Υίοῦ
1472 4406 1664 4470 αὐτοῦ,
1701 4408 1784 4470 είς
1818 4408 1921 4470 τάς

306 4496 545 4567 καρδίας
573 4497 756 4569 ὑμῶν,
789 4498 999 4567 κράζον
1035 4497 1205 4552 ’Δδὸὰ
1233 4502 1262 4553 ὁ
1296 4500 1504 4571 πατήρ.
1544 4517 1564 4550 ι
1599 4499 1917 4571 Γεγέννηκα

2016 3406 2124 3450 tur.
2180 3394 2362 3451 Geniti
2389 3393 2537 3449 enim
2564 3404 2753 3447 sumus
2792 3402 2861 3443 ex
2892 3402 3033 3458 aqua
3075 3394 3133 3440 et
3172 3384 3393 3455 spiritu.
3435 3382 3610 3455 Majo-

2018 3488 2169 3544 ribus
2199 3487 2417 3557 quidem
2461 3484 2625 3540 datus
2654 3490 2741 3538 est
2784 3481 3012 3552 spiritus
3064 3477 3368 3543 servitutis,
3429 3492 3612 3548 quan-

2016 3580 2216 3634 tumvis
2242 3576 2405 3633 fuerit
2433 3575 2849 3645 primogenitum
2878 3581 2934 3628 et
2957 3571 3137 3627 dictus
3164 3569 3327 3626 etiam
3356 3568 3610 3639 populus:

2017 3671 2173 3727 nobis
2206 3680 2389 3727 autem
2428 3668 2571 3725 Deus
2624 3666 2877 3738 spiritum
2940 3662 3251 3733 adoptionis
3306 3669 3361 3716 et
3416 3674 3613 3716 nomen

2019 3763 2226 3819 tribuit.
2250 3779 2269 3814 ι
2307 3760 2572 3829 Quoniam
2609 3760 2777 3825 enim,
2801 3776 2824 3812 ι
2854 3757 3032 3827 inquit
3109 3755 3201 3810 lilii
3239 3754 3397 3819 estis,
3433 3753 3618 3809 emisit

2018 3855 2162 3913 Deus
2193 3855 2444 3925 spiritum
2468 3854 2590 3911 Filii
2633 3853 2717 3909 sui
2768 3853 2823 3908 in
2884 3851 3052 3906 corda
3105 3859 3309 3914 vestra,
3375 3846 3617 3905 claman-

2020 3958 2155 4019 tem,
2187 3947 2342 4004 Abba
2402 3955 2559 4019 pater
2600 3946 2644 4002 ⁸.
2680 3964 2700 3999 ι
2762 3945 2972 4002 idcirco
3002 3942 3175 3999 dicit:
3241 3940 3418 3998 Gen-ni
3450 3940 3614 4001 ﬁlios,

2020 4050 2122 4091 nec
2145 4035 2201 4092 id
2257 4038 2437 4103 modo,
2503 4035 2599 4092 sed
2651 4033 2842 4101 Evexi,
2874 4034 2931 4088 id
2991 4041 3096 4097 est,
3149 4031 3427 4087 enutrivi:
3489 4044 3615 4083 nam

2022 4128 2127 4186 hoc
2177 4130 2408 4186 aliorum
2441 4130 2797 4199 interpretum
2822 4126 3096 4197 expositio
3149 4124 3337 4181 habet.
3395 4122 3619 4177 Libera.

2024 4232 2108 4277 tus
2177 4222 2379 4292 quippe
2447 4220 2635 4286 Israel,
2711 4234 2821 4275 non
2901 4220 3150 4274 desertus
3203 4231 3269 4272 ac
3323 4216 3619 4272 destitutus

2022 4314 2223 4369 auxilio
2268 4315 2524 4382 deinceps
2564 4313 2683 4380 fuit,
2738 4328 2845 4367 non
2889 4312 3094 4367 artioris
3147 4309 3319 4364 divini
3366 4321 3611 4376 expers:

2024 4416 2208 4475 utpote
2261 4405 2354 4475 qui
2407 4414 2665 4474 tauquam
2724 4403 2869 4458 illius
2921 4420 2951 4458 a
2996 4411 3155 4473 patre
3212 4415 3338 4456 vere
3383 4399 3616 4454 ﬁliorum

2025 4505 2242 4554 amante
2271 4507 2327 4553 et
2383 4496 2865 4569 indulgentissimo
2933 4494 3298 4559 nutriebatur,
3355 4513 3375 4548 ι
3408 4491 3616 4548 Panem

306 4589 442 4660 γὰρ,
470 4590 667 4662 φησὶν,
703 4592 878 4655 υἱοὺς,
901 4592 999 4646 καὶ
1028 4592 1088 4645 ού
1118 4590 1208 4646 διὰ
1245 4591 1404 4646 τοῦτο
1436 4595 1618 4664 μόνον,
1642 4592 1781 4648 ἀλλὰ
1809 4593 1912 4666 γὰρ

2024 4605 2267 4661 namque
2293 4589 2682 4659 cteliuittquit,
2709 4608 2728 4642 ι
2759 4589 2907 4645 dedit
2938 4587 3064 4655 illis,
3092 4601 3286 4658 panem
3301 4585 3617 4657 angelorum

308 4680 409 4734 καὶ
435 4680 660 4751 ὖψωσα,
691 4681 843 4735 τοῦτ’
875 4680 1047 4747 ἔστιν,
1080 4682 1383 4753 ἀνέθρεψα.
1408 4681 1580 4738 Τοῦτο
1609 4683 1720 4755 γὰρ
1749 4686 1782 4756 ἡ
1811 4684 1921 4740 τῶν

308 4772 525 4843 ἑτέρων
560 4772 820 4845 μηνυτῶν
847 4773 1093 4837 ἐπίδοσις
1121 4773 1258 4845 ἔχει.
1283 4775 1713 4847 Δελυτρωμένος
1756 4777 1868 4849 γὰρ
1892 4780 1922 4833 ὁ

322 4865 580 4937 Ἰσραὴλ,
638 4865 741 4919 οὐκ
785 4866 1222 4938 ἀνεπικούρητος
1274 4862 1344 4939 ἦν
1385 4867 1524 4939 μετὰ
1573 4868 1771 4935 τοῦτο,
1824 4871 1923 4926 καὶ

308 4959 544 5028 ἀγάπης
577 4958 785 5029 ἔρημος
827 4959 929 5029 τῆς
959 4962 1114 5030 παρά
1156 4959 1317 5015 Θεοῦ.
1367 4961 1656 5032 Τέθραπτο
1687 4962 1795 5037 γὰρ
1827 4981 1924 5017 κα-

311 5051 501 5123 θᾶπερ
534 5066 624 5114 τις
649 5051 767 5114 υἱὸς
802 5054 870 5105 ἐκ
896 5051 1214 5122 φιλόπαιδος
1246 5052 1468 5125 ἀληθῶς
1522 5055 1616 5108 καὶ
1647 5056 1925 5128 φιλοστορ·

310 5145 570 5214 γωτάτου
637 5143 868 5218 πατρός.
917 5161 936 5195 ι
990 5144 1191 5214 Ἀρτον
1238 5145 1350 5218 γὰρ
1380 5146 1636 5218 ούρανοῦ,
1675 5166 1694 5199 ι
1722 5148 1912 5220 φησὶν,

317 5238 565 5291 σΞδωκεν
604 5238 817 5303 αὐτοῖς,
848 5238 1015 5310 ἄρτον
1043 5238 1292 5308 ἀγγέλων
1324 5239 1530 5308 ἔφαγεν
1560 5238 1868 5312 ἄνθρωπος.
1900 5262 1918 5295 ι

320 5325 631 5402 Ἐτρένξετο
670 5329 731 5385 δὲ
779 5330 988 5402 ἑτέρως
1038 5331 1137 5386 καὶ
1169 5335 1251 5397 εἰς
1278 5332 1494 5400 εύεξίαν
1543 5335 1926 5407 πνευματικὴν

309 5423 407 5479 διὰ
437 5422 545 5496 τῆς
579 5422 829 5495 ιννύμως
862 5424 1061 5494 σοφίας
1091 5424 1187 5479 καὶ¹
1232 5426 1591 5497 προφητικῶν
1617 5426 1922 5500 παιδευμά-

311 5536 453 5581 om.
508 5517 971 5590 ἀποκομιζόπων
1021 5521 1258 5584 ἀστείως
1311 5521 1390 5585 είς
1441 5521 1741 5590 ἐπίγνωσιν
1788 5522 1922 5593 ἀλη-

311 5609 493 5673 θείας,
541 5608 693 5664 τοῦτ’
724 5607 840 5663 ἔστι
882 5610 1143 5681 Χριστοῦ.
1179 5611 1387 5682 Γράφει
1431 5611 1563 5680 γοῦν
1612 5615 1641 5666 ὁ
1686 5613 1918 5679 Παῦλος,

2024 4688 2261 4744 comedit
2288 4688 2454 4743 homo
2474 4682 2544 4740 δ’.
2566 4698 2592 4737 ι
2615 4681 2759 4749 Quin
2783 4686 2841 4736 et
2892 4679 3001 4736 alio
3030 4679 3191 4735 modo
3211 4679 3480 4735 enutritus
3508 4688 3614 4741 est,

2021 4780 2364 4850 vegetatione
2408 4792 2474 4833 ac
2519 4776 2718 4833 robore
2776 4773 3068 4845 spiritu-ali,
3126 4787 3222 4842 per
3281 4770 3607 4841 sapientiam

2024 4873 2161 4945 legis
2203 4881 2259 4928 et
2306 4878 2577 4941 prazcepta
2644 4868 3001 4935 institutaque
3040 4865 3455 4936 prophetarum,
3493 4879 3616 4932 qua:

2027 4967 2094 5022 ad
2123 4965 2181 5039 ﬁ.
2200 4964 2529 5035 agnitionem
2561 4961 2829 5024 veritatis,
2857 4959 3115 5015 nimirum
3144 4956 3374 5023 Christi,
3400 4955 3618 5024 placide

2024 5073 2089 5115 ac
2122 5057 2359 5113 molliter
2394 5054 2723 5125 provehunt.
2785 5050 2993 5107 Scribit
3052 5047 3321 5118 siquidem
3382 5045 3615 5102 Paulus:

2028 5149 2245 5219 «itaque
2317 5149 2399 5201 lex
2454 5145 2785 5217 paedagogus
2846 5154 3035 5198 noster
3104 5140 3285 5196 factus
3351 5140 3405 5194 in
3460 5136 3622 5194 Chri-

2022 5253 2165 5297 stum
2197 5241 2242 5295 ⁸.
2282 5260 2302 5293 ι
2362 5240 2433 5294 At
2483 5239 2627 5295 enim
2672 5252 2795 5292 eum
2852 5240 2945 5306 qui
3000 5243 3266 5307 genuerat
3290 5231 3615 5303 repudiavit.

2023 5333 2092 5389 Et
2141 5335 2265 5405 quis
2319 5331 2538 5388 tandem
2597 5329 2761 5399 huius
2800 5326 3011 5399 repudii
3079 5323 3318 5380 modus?
3376 5322 3620 5377 Aversns

2028 5435 2114 5482 est
2161 5426 2310 5481 enim
2356 5432 2417 5479 ut
2476 5422 2640 5476 etiam
2682 5420 2914 5475 coluerit
2971 5434 3067 5475 eos
3121 5417 3212 5487 qui
3285 5426 3479 5472 natura
3545 5414 3618 5471 dii

2029 5532 2142 5572 non
2215 5525 2345 5572 sum
2380 5554 2397 5579 ,
2482 5512 2860 5584 lahoravitque
2940 5510 3132 5566 morbo
3205 5508 3312 5563 alio
3410 5523 3623 5580 magna

2027 5610 2313 5680 cujusdam
2352 5606 2748 5672 etirenationis,
2806 5619 2874 5659 ac
2899 5603 3046 5673 quod
3100 5602 3186 5659 his
3241 5600 3402 5673 longe
3429 5602 3622 5657 absur-

312 5706 517 5758 ιὭστε
530 5704 733 5770 ὀνόμος
745 5702 1099 5772 παιδαγωγὸς
1128 5702 1285 5776 ἡμῶν
1311 5705 1538 5772 γέγονεν
1562 5706 1642 5769 εἰς
1661 5706 1912 5778 Χριστόν.

2030 5703 2151 5761 (tius
2207 5711 2315 5769 est,
2347 5716 2413 5757 ne
2440 5702 2724 5759 brutornm
2783 5697 3003 5768 quidem
3047 5694 3405 5752 animantium
3458 5697 3618 5751 bene-

374 5861 412 5894 "
455 5858 615 5918 Rom.
654 5878 770 5927 rm,
812 5863 896 5917 l5.
978 5861 1016 5893 ³⁸
1057 5842 1206 5917 Ρειιιξ
1233 5879 1394 5931 Lxxv,
1424 5863 1515 5933 ει,
1546 5864 1636 5919 25.
1716 5864 1737 5896 '
1766 5864 1940 5920 Galat.
1980 5880 2061 5929 ιιι.
2093 5864 2186 5919 24.
