4100 6474
444 379 513 435 19
1270 430 1279 435 .
1516 386 1574 440 S.
1617 381 1888 441 CYRILLI
1929 379 2405 437 ALEXANDRINI
2443 379 2765 435 ARCIIIEP.
3641 383 3715 439 2O

442 496 732 552 volentiam
794 512 955 568 quam
1038 499 1127 554 illa
1180 513 1307 569 erga
1378 497 1630 557 dominos
1676 502 1898 565 habent,
1948 507 2031 554 est

2146 497 2287 550 Ἀλλ’
2314 496 2549 568 ὴθέτησε
2580 497 2671 550 τὸν
2697 497 3054 568 γεννήσαντα.
3101 496 3210 551 Καὶ
3245 496 3329 561 τίς
3366 496 3394 549 6
3436 496 3534 567 τῆς
3581 500 3705 555 605-

440 589 700 644 imitatns.
761 588 897 645 Hinc
958 608 1061 645 non
1140 591 1257 646 sine
1314 607 1479 648 causa
1544 594 1656 650 ait:
1691 612 1711 646 ι
1762 592 2027 664 Cognovit

445 681 540 731 tms
600 693 966 746 possessorem
1006 694 1186 746 suum,
1239 690 1295 735 et
1340 682 1523 737 asinus
1560 697 1799 752 prresepe
1853 682 2027 735 domi—

446 769 499 820 ni
549 770 653 836 sui;
684 770 1049 825 Israelautem
1097 787 1185 827 me
1217 788 1322 827 non
1347 776 1617 844 cognovit,
1668 784 1725 829 et
1799 772 2028 842 populus

445 874 532 915 me
572 876 677 915 non
732 861 1015 916 intellexit.
1057 881 1078 915 ι
1131 862 1265 918 Nam
1316 866 1359 920 si
1410 877 1556 920 emat
1613 866 1735 934 quis
1812 865 2024 928 bovem,

446 950 593 1002 illum
637 950 821 1020 utique
851 951 1072 1007 habebit
1109 956 1175 1008 ad
1217 955 1291 1010 rei
1330 957 1547 1010 rusticae
1605 972 1830 1011 munera
1915 957 2026 1011 Uti-

445 1042 735 1105 lissimum,
763 1042 878 1097 sive
935 1053 1133 1099 terram
1190 1061 1349 1101 arare
1415 1047 1561 1113 velit,
1614 1049 1728 1104 sive
1774 1051 1827 1103 in
1891 1066 2019 1105 area

443 1134 723 1198 triturare,
778 1144 831 1188 et
889 1134 1143 1192 frumenti
1202 1139 1410 1208 paleam
1466 1149 1743 1196 excutere.
1781 1142 1839 1196 Si
1897 1158 2029 1198 vero

443 1228 568 1297 quis
637 1230 850 1283 asinum
929 1240 1161 1296 coemat,
1255 1241 1461 1287 naturae
1512 1235 1679 1288 etiam
1744 1243 1891 1290 motu
1974 1244 2030 1290 et

445 1320 682 1388 impulsu
720 1331 947 1378 vocatur
980 1324 1046 1376 ad
1105 1324 1426 1393 obsequium
1502 1336 1556 1379 et
1629 1341 1727 1397 pro
1784 1329 1867 1383 his
1906 1342 2027 1397 quae

439 1412 626 1479 jaceut
702 1413 754 1466 in
804 1415 1136 1484 praesepibus
1177 1416 1566 1485 subiectionem
1622 1420 1775 1487 quasi
1830 1435 2028 1487 repen-

447 1506 527 1558 dit
588 1513 643 1559 et
668 1505 1056 1561 obedientiam.
1119 1509 1269 1565 Onus
1344 1510 1488 1564 enim
1575 1510 1777 1579 bajulat
1817 1512 2027 1579 volens,

446 1606 502 1651 et
544 1597 734 1652 herilis
775 1597 973 1655 laboris
1008 1600 1271 1657 ﬁtsocius
1302 1616 1366 1657 ac
1424 1604 1714 1673 particeps.
1775 1604 1846 1659 At
1915 1604 2032 1660 hzec

447 1689 663 1757 quidem
698 1690 771 1744 ita
813 1706 872 1746 se
899 1692 1093 1748 habent
1145 1692 1203 1749 in
1230 1695 1342 1750 his.
1385 1694 1553 1751 lsrael
1576 1708 1754 1751 autem
1790 1699 2029 1767 sapiens,

449 1785 502 1836 in
546 1782 681 1853 legis
744 1784 1050 1855 paedagogia
1099 1788 1366 1853 initiatus,
1422 1804 1532 1859 quo
1581 1789 1635 1843 id
1695 1789 1840 1859 quod
1901 1805 1932 1844 e
1974 1805 2031 1844 re

2128 592 2340 661 τήσεως
2377 588 2579 660 τρόπος
2610 589 2696 658 εἴη
2732 587 2831 653 ἄν;
2880 587 3152 658 ἐτράπετο
3176 587 3285 657 γὰρ
3317 587 3396 650 είς
3427 604 3492 656 γε
3522 589 3583 641 τὸ
3617 588 3710 641 θέ-

2129 682 2241 734 λειν
2264 682 2374 744 τοῖς
2412 678 2673 749 μηφύσει
2702 678 2988 752 λατρεύειν
3030 678 3194 745 Θεοῖς,
3237 677 3498 748 νενόσηκε
3532 677 3588 730 δὲ
3616 679 3713 731 καὶ

2131 772 2352 844 ἑτέρως,
2391 770 2526 824 πολὺ
2556 769 2617 822 τὸ
2651 771 2880 840 ἐξήνιον,
2915 768 3008 823 καὶ
3037 769 3098 821 τὸ
3121 767 3202 821 ἔτι
3229 767 3434 821 τούτων
3467 768 3548 831 είς
3588 767 3713 820 ἀτο-

2131 866 2262 920 πίαν
2300 864 2579 926 ἐπέκεινα,
2619 861 2743 916 οὔτε
2788 862 2958 933 αὐτὴν
2993 862 3302 932 μεμίμηται
3345 859 3453 914 τῶν
3501 859 3712 927 ἀλόγων

2131 956 2285 1022 ζώων
2314 956 2414 1028 τὴν
2457 953 2692 1018 εὔνοιαν,
2738 954 2807 1024 ἦν
2854 953 2921 1007 ἂν
2960 952 3135 1023 ἔχοιεν
3169 954 3351 1006 ἐκεῖνα
3400 951 3538 1022 πρὸς
3583 951 3714 1014 τοὺς

2129 1048 2412 1110 δεσπότας.
2448 1044 2637 1118 Ταύτῃ
2656 1062 2739 1097 τοι
2770 1043 2962 1113 φησίν*
2999 1061 3018 1094 ι
3054 1045 3237 1111 Ἔγνω
3284 1042 3410 1112 βοῦς
3452 1041 3543 1094 τὸν
3573 1058 3711 1110 κτη-

2137 1140 2392 1210 σάμενον,
2441 1138 2538 1190 καὶ
2592 1136 2713 1199 ὄνος
2755 1135 2853 1206 τὴν
2902 1136 3108 1204 φάτνην
3150 1133 3242 1187 τοῦ
3281 1134 3472 1205 κυρίου
3521 1131 3709 1196 αὐτοῦ,

2143 1230 2360 1301 Ἰσραὴλ
2388 1229 2445 1282 δέ
2476 1245 2543 1299 με
2570 1227 2670 1280 οὐκ
2693 1226 2854 1295 ἔγνω,
2886 1225 2982 1278 κα)⁵
3006 1227 3035 1278 ὁ
3060 1224 3188 1289 λαός
3217 1242 3284 1295 με
3309 1224 3370 1278 οὐ
3401 1227 3653 1295 συνῆκεν.
3686 1242 3706 1276 ι

2134 1321 2455 1393 Ἀνθρωπος
2488 1320 2585 1390 μὲν
2607 1319 2715 1389 γὰρ
2743 1319 2791 1369 εἰ
2827 1316 3114 1386 ὲκπρίαιτο
3142 1315 3292 1386 βοῦν,
3338 1314 3451 1380 ἕξει
3478 1315 3541 1386 δὴ
3570 1315 3710 1369 πάν-

2131 1433 2239 1479 τως
2271 1414 2432 1468 αὑτδν
2469 1414 2550 1475 εἰς
2596 1410 2666 1463 τὰ
2716 1410 2816 1479 τῆς
2848 1408 3157 1477 γεωπονίας
3200 1407 3336 1478 ἔργα
3367 1406 3713 1477 χρησιμώτα-

2132 1525 2245 1569 τον,
2277 1504 2435 1559 τοῦτο
2487 1504 2584 1574 μὲν
2628 1501 2818 1574 ἀροῦν,
2871 1503 2919 1554 εί
2947 1500 3141 1563 ἕλοιτο,
3174 1498 3273 1569 τὴν
3299 1499 3426 1568 γῆν,
3460 1497 3618 1551 τοῦτο
3655 1497 3712 1550 δὲ

2134 1601 2213 1662 εἰς
2237 1597 2336 1666 τὴν
2375 1595 2488 1649 ἆλω
2529 1591 2981 1658 καταλεπτύνειν,
3015 1592 3108 1645 καὶ
3144 1590 3466 1660 ἀποκρίνειν
3495 1588 3590 1641 τοῦ
3628 1588 3711 1641 σί-

2132 1708 2227 1744 του
2251 1690 2311 1742 τὸ
2344 1689 2565 1759 ἄχυρον.
2596 1687 2658 1739 Εἰ
2697 1686 2752 1739 δὲ
2781 1685 2844 1755 δή
2877 1701 2960 1747 τις
2990 1683 3211 1756 πρίαιτο
3266 1681 3361 1734 καὶ
3388 1680 3530 1738 ὄνον,
3560 1696 3714 1748 φυσι-

2135 1783 2252 1842 κοῖς
2281 1778 2374 1833 καὶ
2399 1776 2561 1839 αὐτὸς
2596 1776 2894 1846 κινήμασιν
2925 1773 3171 1827 καλεῖται
3202 1771 3340 1843 πρὸς
3378 1769 3711 1833 εὐπείθειαν,

447 1882 550 1938 est,
593 1872 893 1943 intelligere
941 1888 1143 1946 posset,
1193 1850 1533 1948 majestatem
1600 1850 1924 1937 Dei-multis
1976 1891 2031 1935 et

2141 1872 2232 1926 καὶ
2261 1866 2373 1924 οἷόν
2412 1887 2535 1923 τινα
2574 1868 2684 1921 τῶν
2716 1869 2772 1920 ἐν
2804 1867 3035 1934 φάτναις
3080 1863 3229 1933 αὐτῷ
3263 1862 3529 1933 κειμένων
3562 1861 3713 1914 ἀντί-

451 1963 866 2019 admirabilibus
920 1967 1090 2036 signis
1176 1970 1419 2033 edoctus,
1454 1972 1609 2027 asino
1641 1981 1694 2025 et
1743 1972 1879 2026 hove
1951 1972 2035 2026 in-

455 2058 700 2113 teriorem
767 2072 825 2112 se
858 2068 1110 2130 praestat,
1172 2068 1227 2115 et
1297 2075 1326 2114 a
1397 2061 1571 2117 brutis
1623 2063 2035 2117 mansuetudine

450 2159 504 2203 et
537 2152 807 2221 probitate
851 2165 1157 2223 superatus,
1209 2154 1495 2208 Dominum
1560 2155 1849 2225 ignoravit.
1892 2153 2035 2210 Bene

451 2258 582 2298 sane
633 2245 762 2301 illud
803 2246 1122 2301 dixitzNon
1189 2248 1359 2314 novit,
1417 2263 1525 2302 non
1592 2249 1875 2304 intellexit.
1928 2246 2031 2302 Ta-

453 2337 607 2392 metsi
640 2339 806 2409 enim,
838 2349 899 2395 ut
944 2340 1076 2407 dixi,
1148 2341 1373 2412 gloriam
1412 2352 1468 2396 et
1528 2343 1866 2412 majestatem
1936 2344 2031 2397 Dei

450 2428 735 2497 didicerat,
812 2440 992 2487 tamen
1071 2433 1296 2503 quodin
1352 2432 1671 2490 eﬂrenatam
1730 2435 2020 2504 quamdam

453 2520 860 2586 perversitatem
931 2521 1213 2591 prolapsus
1301 2530 1405 2588 est,
1479 2533 1770 2593 propterea
1845 2525 1893 2578 ei
1939 2526 2032 2593 qui

453 2625 557 2667 non
625 2623 868 2677 noverat,
938 2628 1047 2667 non
1099 2615 1383 2670 dissimilis
1468 2616 1590 2669 l‘uit.
1653 2613 1807 2681 Quod
1849 2615 1901 2670 ni
1955 2617 2029 2671 ita

450 2716 580 2758 Vere
624 2714 789 2768 esset,
820 2705 1136 2774 neutiquam
1180 2705 1408 2761 dixisset
1445 2706 1591 2776 ligno
1621 2725 1633 2760 :
1683 2707 1858 2760 «Deus
1886 2723 2036 2763 meus

449 2807 512 2847 es
562 2801 639 2860 tu,
667 2811 689 2845 ι
749 2802 806 2848 et
842 2793 1003 2861 lapidi
1045 2811 1058 2845 :
1093 2812 1111 2844 ι
1150 2792 1229 2847 Tu
1274 2796 1506 2864 genuisti
1573 2809 1680 2848 me.
1719 2813 1739 2847 ι
1808 2794 1961 2851 Unde
1985 2805 2038 2851 et

457 2900 477 2932 ι
503 2882 795 2951 obstupuit,
833 2900 851 2934 ι
882 2882 1077 2950 inquit,
1104 2900 1122 2932 ι
1155 2883 1353 2938 caelum
1401 2898 1563 2952 super
1614 2883 1745 2947 hoc,
1779 2893 1834 2938 et
1878 2884 2039 2938 vehe-

452 2984 667 3029 menter
722 2988 883 3043 supra
929 2974 1145 3029 modum
1201 2974 1511 3042 inhorruit,
1567 2974 1699 3029 dicit
1754 2975 2036 3034 Dominus.

452 3067 588 3135 Quia
652 3068 757 3122 duo
860 3066 998 3121 mala
1063 3067 1299 3136 patravit
1367 3067 1592 3138 populus
1660 3084 1868 3125 meus:
1955 3085 2040 3125 me

453 3162 856 3231 dereliquerunt
936 3159 1139 3215 fontem
1223 3174 1377 3229 aqua:
1436 3160 1599 3230 vivze,
1650 3170 1705 3216 et
1782 3160 2111 3250 foderuntc

453 3253 557 3307 sibi
610 3253 873 3307 cisternas
896 3252 1178 3317 contritas,
1225 3266 1346 3321 quae
1385 3266 1490 3306 non
1545 3261 1799 3323 poterunt
1840 3268 2035 3322 aquam

460 3346 747 3401 continere
776 3345 818 3399 ⁸.
856 3363 875 3397 ι
909 3342 1099 3399 Posset
1147 3356 1328 3398 autem
1361 3344 1464 3399 hoe
1487 3344 1706 3400 Christo
1730 3360 2036 3400 accommo-

456 3440 571 3494 dari
623 3447 682 3493 ut
737 3438 881 3493 dicat
929 3436 996 3493 de
1027 3435 1130 3490 illis
1160 3453 1173 3489 :
1202 3433 1369 3489 Israel
1400 3450 1528 3490 vero
1581 3452 1669 3492 me
1720 3453 1824 3492 non
1862 3438 2040 3499 novit,

455 3544 512 3587 et
563 3531 796 3602 populus
857 3544 943 3585 me
987 3545 1090 3583 non
1134 3527 1425 3584 intellexit.
1459 3527 1739 3599 Siquidem
1775 3529 2036 3599 perillunt

459 3625 598 3678 facta
630 3632 714 3677 est
750 3622 836 3676 illa
892 3621 1059 3675 etiam
1113 3618 1335 3688 antiqua
1393 3620 1717 3691 redemptio.
1745 3621 1811 3675 Et
1864 3622 2041 3691 posita

456 3722 544 3767 est
601 3712 683 3766 lex
748 3711 813 3766 ad
885 3719 1097 3778 tempus
1184 3723 1356 3780 usque
1427 3711 1804 3776 correctionis,
1883 3710 2042 3766 sicuti

459 3806 725 3876 scriptum
786 3811 892 3859 est.
944 3803 1080 3859 Cum
1109 3810 1288 3858 autem
1326 3804 1515 3857 umbra
1567 3803 1716 3857 nullo
1749 3803 1911 3858 modo
1947 3817 2045 3857 nos

453 3897 756 3966 justiﬁeare
778 3905 985 3967 posset,
1048 3896 1224 3951 illuxit
1278 3896 1435 3952 nobis
1486 3895 1541 3949 in
1587 3908 1753 3950 carne
1801 3891 2048 3961 unigeni-

460 3999 575 4044 tum
616 3989 711 4044 Dei
738 3987 998 4053 Verbum,
1040 3998 1099 4043 ut
1172 3988 1276 4044 lide
1337 3990 1405 4042 ad
1474 3986 1648 4056 ipsum
1725 3985 2046 4040 accedentes

456 4081 811 4150 justiilcarct,
866 4090 970 4134 eta
1012 4089 1187 4135 morte
1211 4088 1375 4149 atque
1435 4086 1661 4149 peccato
1703 4076 1966 4131 liberaret
2000 4075 2043 4127 τ.

462 4170 515 4240 5
543 4168 924 4225 Verumtamen
967 4183 1089 4224 cum
1127 4183 1231 4224 non
1285 4168 1434 4223 novit
1498 4165 1665 4220 Israel
1703 4164 2050 4234 quantumvis

464 4272 651 4333 aperte
697 4264 1002 4320 dicentem:
1053 4281 1072 4313 ι
1107 4262 1303 4326 Amen,
1334 4274 1490 4315 amen
1551 4258 1674 4313 dico
1735 4255 1911 4322 vobis,
1958 4256 2047 4324 qui

462 4367 768 4408 sermonem
806 4366 983 4406 meum
1009 4351 1180 4416 audit,
1223 4358 1279 4405 et
1305 4349 1481 4406 credit
1527 4349 1577 4403 ei
1622 4348 1712 4418 qui
1750 4347 1897 4402 misit
1938 4360 2048 4411 me,

464 4443 624 4497 hibet
655 4443 823 4498 vitam
872 4452 1154 4507 aeternam,
1208 4449 1263 4496 et
1309 4442 1361 4494 in
1407 4440 1671 4510 judicium
1717 4453 1822 4493 non
1876 4438 2045 4501 venit,

465 4536 559 4588 sed
588 4536 807 4592 transiit
864 4552 929 4591 ex
1001 4544 1174 4590 morte
1216 4534 1281 4587 ad
1312 4533 1482 4585 vitam
1513 4569 1528 4584 .
1563 4532 1615 4583 ⁸»

2134 1965 2279 2018 δοσιν
2311 1964 2545 2014 ποιεῖται
2585 1960 2685 2032 τὴν
2733 1957 3010 2021 ὑπόταξιν.
3049 1955 3369 2026 Ἀχθοφορεῖ
3408 1953 3519 2023 γὰρ
3549 1950 3712 2014 ἑκὼν,

2136 2057 2230 2112 καὶ
2258 2055 2349 2109 τὸν
2385 2053 2478 2107 τοῦ
2509 2052 2769 2106 δεσπότου
2808 2040 3090 2121 μερίζεται
3126 2048 3307 2101 πόνον.
3350 2044 3510 2098 Ἀλλά
3555 2045 3710 2097 ταυτὶ

2140 2148 2237 2220 μὲν
2264 2150 2321 2201 ἐν
2349 2146 2580 2208 τούτοις.
2630 2144 2688 2196 '0
2718 2142 2775 2196 δὲ
2805 2142 2968 2210 σοφὸς
3010 2139 3227 2211 Ἰσραὴλ
3257 2139 3316 2191 ἐν
3339 2136 3489 2206 νόμῳ
3515 2134 3715 2187 παιδα-

2135 2236 2507 2307 γωγούμενος,
2539 2234 2635 2287 ἐπὶ
2679 2232 2737 2286 τὸ
2769 2232 2879 2284 δεῖν
2909 2231 3108 2284 εἰδέναι
3157 2231 3219 2282 τὸ
3260 2224 3527 2294 ὠφελοῦν,
3550 2227 3578 2279 6
3618 2225 3716 2293 τὴν

2134 2330 2231 2383 τοῦ
2262 2329 2396 2383 Θεοῦ
2433 2327 2588 2392 δόξαν
2615 2326 2704 2380 διὰ
2734 2323 2947 2378 πολλῶν
2970 2324 3061 2377 καὶ
3092 2320 3442 2389 ἀξιαγὰστων
3474 2315 3715 2387 σημείων

2136 2417 2565 2491 ἐκμεμαθηκὼς,
2620 2415 2745 2470 ὄνου
2792 2414 2887 2468 καὶ
2924 2413 3044 2483 βοός
3075 2410 3308 2464 κατόπιν
3340 2408 3580 2479 ἔρχεται,
3622 2405 3716 2457 καὶ

2136 2513 2236 2582 τῆς
2278 2512 2385 2563 τῶν
2419 2509 2629 2577 ἀλόγων
2676 2505 2979 2568 ἐπιεικείας
3009 2501 3320 2573 ἡττώμενος
3354 2497 3595 2569 ἠγνόηκε
3623 2495 3715 2547 τὸν

2137 2602 2425 2672 δεσπότην.
2458 2596 2531 2652 Εὖ
2565 2598 2621 2651 δέ
2653 2597 2716 2669 δὴ
2749 2596 2952 2665 σφόδρα
2985 2594 3065 2657 τὸ,
3094 2593 3195 2645 οῦκ
3235 2590 3398 2658 ἔγνω,
3429 2585 3618 2657 φησιν,
3651 2585 3712 2637 ού

2140 2693 2392 2761 συνῆκεν.
2422 2688 2614 2743 Καίτοι
2647 2687 2756 2757 γὰρ
2802 2680 3160 2755 μεμαθηκὼς,
3198 2680 3273 2742 ὡς
3306 2677 3465 2749 έφην,
3490 2679 3588 2746 τὴν
3620 2673 3716 2727 τοῦ

2139 2783 2274 2837 Θεοῦ
2323 2780 2502 2845 δόξαν,
2541 2779 2637 2831 καὶ
2668 2776 2759 2829 διὰ
2782 2775 2844 2827 τὸ
2871 2771 3171 2827 ἀπονεῦσαι
3200 2770 3321 2822 λίαν
3351 2770 3431 2829 εἰς
3461 2764 3716 2836 ἀχάλινον

2139 2872 2434 2946 ἐκτροπὴν,
2466 2872 2523 2924 ἐν
2555 2870 2656 2941 ἴσῳ
2695 2868 2918 2936 γέγονεν
2948 2863 3025 2935 τῷ
3061 2860 3372 2932 ἠγνοηκότι.
3407 2860 3470 2911 Εἰ
3501 2857 3608 2927 γὰρ
3643 2855 3716 2926 μὴ

2140 2966 2298 3021 τοῦτό
2341 2947 2488 3018 ἐστιν
2520 2961 2757 3031 άληθῶς,
2807 2958 2907 3011 οῦκ
2937 2955 3004 3010 ἂν
3051 2955 3154 3025 ἔφη
3190 2952 3266 3023 τῷ
3301 2951 3458 3016 ξύλῳ,
3514 2966 3533 2999 ι
3586 2946 3718 3008 Θεός

2145 3077 2247 3132 μου
2289 3054 2340 3111 εἴ
2369 3055 2432 3109 σύ
2459 3073 2471 3086 ο
2507 3072 2524 3105 ι
2562 3054 2655 3106 καὶ
2695 3049 2774 3122 τῷ
2818 3048 2951 3118 λίθῳ
2980 3088 2994 3105 ,
3033 3065 3050 3098 t
3094 3049 3168 3101 Σὺ
3222 3040 3517 3111 ἐγέννησάς
3564 3055 3651 3109 με.
3694 3056 3713 3088 ι

2142 3128 2305 3205 ἐὈθεν
2340 3167 2358 3198 ι
2389 3146 2600 3213 ἐξέστη,
2632 3162 2649 3193 ι
2683 3142 2870 3213 φησιν,
2906 3159 2923 3191 ι
2965 3140 2992 3190 ὁ
3023 3136 3248 3209 οὐρανὸς
3280 3136 3371 3188 ἐπὶ
3405 3132 3599 3200 τούτῳ,
3621 3128 3719 3181 καὶ

2143 3239 2360 3313 ἔφριξεν
2407 3238 2500 3290 ἐπὶ
2542 3236 2724 3289 πλεῖον
2757 3231 2984 3302 σφόδρα,
3018 3229 3163 3297 λέγει
3204 3226 3430 3297 Κύριος.
3470 3224 3590 3313 Ὅτι
3629 3218 3722 3271 δύο

2142 3312 2237 3388 και
2282 3331 2494 3401 πονηρά
2524 3328 2777 3398 ἐποίησεν
2803 3327 2831 3378 6
2857 3323 2988 3386 λαός
3046 3338 3146 3392 μου
3169 3360 3183 3381 ,
3229 3317 3254 3370 ὲ
3264 3317 3328 3389 μὲ
3364 3312 3721 3383 ἐγκατέλιπον

2144 3424 2328 3496 πηγὴν
2373 3422 2564 3484 ὓδατος
2613 3418 2834 3484 ζῶντος,
2888 3414 2983 3469 καὶ
3016 3412 3230 3485 ὤρυξαν
3274 3409 3455 3469 αὐτοῖς
3486 3405 3723 3465 λάκκους

2146 3512 2669 3587 συντετριμμένους,
2703 3509 2751 3563 οἳ
2780 3509 2839 3562 οὐ
2870 3508 3189 3576 δυνήσονται
3224 3500 3367 3569 ῦὸωρ
3396 3496 3662 3565 συνέχειν.
3698 3512 3716 3543 ι

2144 3584 2358 3682 Πρέποι
2401 3608 2444 3660 δ’
2496 3605 2561 3659 ἂν
2595 3603 2689 3657 καὶ
2723 3600 2872 3670 αὐτῷ
2906 3597 2983 3669 τῷ
3011 3594 3231 3667 Χριστῷ
3279 3590 3341 3644 τὸ
3386 3590 3551 3657 φάναι
3595 3584 3724 3682 mp}

2147 3675 2326 3758 αῦτιῦν
2380 3699 2461 3767 τὸ,
2506 3694 2722 3769 Ἰσραὴλ
2753 3693 2809 3745 δὲ
2855 3692 2953 3743 οὐκ
2987 3688 3149 3758 ἔγνω.
3181 3685 3274 3737 καί
3319 3684 3345 3736 6
3385 3680 3513 3742 λαός
3567 3675 3721 3769 με

2148 3798 2404 3866 συνῆκεν.
2453 3768 2649 3859 Γέγονε
2688 3787 2786 3858 μὲν
2814 3785 2923 3856 γὰρ
2954 3782 3047 3836 καὶ
3080 3783 3113 3852 ή
3147 3779 3317 3833 πάλαι
3360 3768 3723 3866 λύτᾲρωσιςᾼίξι⁹

2148 3859 2330 3941 αὑτοῦ.
2371 3881 2618 3936 Τέθειται
2645 3880 2701 3932 δέ
2730 3878 2824 3932 καὶ
2851 3878 2879 3929 6
2901 3876 3065 3944 νόμος
3095 3871 3256 3942 μέχρι
3288 3864 3483 3936 καιροῦ
3502 3859 3728 3931 διορθώ-

2151 3994 2327 4040 σεως,
2364 3973 2508 4027 καθὰ
2560 3972 2893 4040 γέγραπται.
2942 3963 3160 4032 Ἐπειδὴ
3205 3962 3281 4014 δέ.
3328 3999 3342 4012 .
3388 3998 3401 4011 .
3436 3953 3726 4022 ἀνέφικτον

2147 4066 2389 4123 δικαιοῦν
2423 4065 2569 4136 ἡμᾶς
2599 4060 2861 4115 δύνασθαι
2896 4058 2994 4127 τὴν
3048 4054 3229 4117 σκιὰν,
3277 4050 3547 4117 ἐπέφανεν
3592 4046 3727 4136 ἡμῖν

2153 4158 2291 4231 μετὰ
2342 4133 2543 4225 σαρκὸς
2574 4156 2602 4206 ὁ
2634 4148 2930 4223 μονογενὴς
2978 4146 3072 4200 τοῦ
3120 4142 3255 4197 Θεοῦ
3303 4136 3614 4231 Λόγος,ᾼῖνα
3651 4133 3729 4231 δι-

2150 4248 2362 4321 καιώσῃ
2394 4249 2462 4317 τῇ
2493 4246 2672 4298 πίστει
2721 4241 2846 4304 τοὺς
2880 4236 3209 4311 προσιόντας
3243 4230 3414 4300 αὐτῷ,
3440 4229 3534 4282 καὶ
3560 4223 3730 4280 ἁπαλ-

2151 4341 2286 4413 λάξῃ
2329 4315 2562 4393 θανάτου
2613 4335 2709 4389 καὶ
2745 4330 3040 4403 ἁμαρτίας.
3092 4325 3231 4380 Ἀλλ’
3264 4324 3323 4375 ού
3360 4320 3591 4388 συνῆκεν
3628 4315 3728 4368 αὐ-

2151 4436 2242 4488 τον
2261 4408 2548 4501 όίτραὴλ,
2584 4426 2763 4480 καίτοι
2789 4423 3041 4491 λέγοντος
3068 4417 3287 4486 σαφῶς·
3313 4435 3331 4466 ι
3356 4414 3548 4483 Ἀμὴν,
3582 4408 3729 4501 ἀμὴν

2090 4524 2134 4577 1)
2157 4525 2303 4591 λέγω
2331 4498 2497 4590 ὑμῖν,
2536 4519 2565 4570 6
2603 4517 2711 4570 τὸν.
2734 4516 2892 4583 λόγον
2941 4529 3041 4583 μου
3089 4508 3304 4563 ἀκούων
3340 4506 3431 4560 καὶ
3460 4498 3730 4555 πιστεύων

464 4627 544 4699 τῷ
583 4628 856 4701 πέμψαντί
890 4648 977 4701 με,
1006 4630 1119 4700 ἔχει
1150 4627 1295 4699 ζωὴν
1338 4625 1576 4691 αἰώνιον,
1607 4624 1700 4678 καὶ
1738 4626 1819 4689 εἰς
1874 4621 2055 4692 κρίσιν
2093 4622 2193 4674 οὐκ
2220 4618 2458 4688 ἔρχεται,
2506 4612 2643 4666 ἀλλὰ
2712 4608 3090 4681 μεταϐέϐηκεν
3123 4607 3188 4658 ἐκ
3227 4601 3320 4656 τοῦ
3382 4598 3613 4654 θανάτου
3653 4596 3732 4657 εἰς

362 4765 371 4771 .
466 4725 564 4794 τὴν
595 4724 759 4798 ζωήν.
793 4745 812 4779 ι

543 4821 703 4874 Vens.
727 4820 782 4874 Δ.
803 4817 897 4873 Va:
913 4835 1036 4888 gens
1066 4817 1352 4885 peccatrix,
1367 4818 1588 4883 populus
1605 4814 1787 4884 plenus
1805 4809 2051 4882 peccatis,

466 4928 640 4966 semen
664 4928 905 4983 nequam,
937 4910 1038 4978 [iiii
1074 4909 1297 4974 scelesti,
1350 4906 1702 4975 dereliquistis
1750 4903 2050 4966 Dominum,

469 5010 516 5055 ct
547 5003 847 5056 concitasti:
884 5000 952 5054 ad
980 4999 1310 5053 iracundiam
1338 4996 1591 5052 Sanctum
1612 4995 1799 5051 Israel.

538 5093 764 5166 Repudii
785 5095 942 5148 modo
971 5092 1290 5162 Optiutcjam
1314 5088 1578 5158 exposito,
1609 5097 1664 5143 et
1692 5084 2059 5156 magnitudine

466 5187 641 5242 bruta:
665 5199 850 5239 eorum
882 5180 1198 5236 insulsitatis
1241 5179 1625 5241 demonstrata,
1657 5175 1914 5231 transfert
1942 5186 2054 5228 Sta-

469 5279 567 5331 tim
604 5274 899 5330 orationem
935 5269 1128 5340 partim
1186 5270 1251 5323 ad
1290 5283 1477 5323 eorum
1506 5268 1735 5322 miseriae
1784 5265 2048 5336 praedica-

470 5368 694 5429 tionem,
733 5364 927 5432 partim
961 5362 1026 5415 ad
1082 5360 1491 5413 territationem.
1544 5360 1708 5413 Decet
1745 5358 1911 5418 enim,
1938 5353 2052 5422 opi-

470 5473 594 5519 nor,
629 5457 682 5507 in
710 5453 901 5523 primis
935 5464 1219 5523 personam
1246 5450 1539 5520 prophetae,
1580 5457 1787 5503 tantum
1828 5462 1934 5500 non
1961 5459 2055 5499 eos

472 5547 774 5615 deplorare,
803 5555 859 5600 et
894 5560 962 5600 ex
996 5543 1261 5597 immenso
1303 5544 1416 5595 zelo
1447 5541 1664 5610 pietatis
1696 5542 1977 5608 insurgere
1992 5550 2057 5591 ac

474 5638 693 5693 dicere:
733 5637 818 5692 Va:
841 5637 986 5707 genti
1020 5634 1298 5705 improba},
1325 5631 1520 5701 populo
1545 5633 1688 5686 vitiis
1721 5640 1939 5693 onusto,
1970 5641 2057 5681 se-

548 5795 571 5828 '
593 5793 794 5853 Jerem.
825 5812 883 5863 tt,
924 5796 985 5850 l2
1016 5809 1127 5863 seq.

1206 5794 1226 5824 ⁷
1263 5792 1423 5847 llebr.
1466 5808 1539 5855 Ix,
1585 5792 1663 5843 ιο.
1744 5790 1763 5817 ³¹
1793 5787 1948 5842 Joan.
1986 5798 2034 5850 v,
2068 5780 2138 5835 24

2224 4801 2368 4857 Οὐαὶ
2393 4801 2569 4863 ἔθνος
2583 4792 2952 4865 ἁμαρτωλὸν,
2970 4790 3121 4856 λαὸς
3142 4789 3382 4856 πλήρης
3411 4785 3729 4857 ἁμαρτιῶν,

2149 4894 2387 4962 σπέρμα
2413 4887 2701 4958 πονηρὸν,
2734 4885 2848 4940 υἱοὶ
2879 4882 3111 4951 ἄνομον
3162 4880 3612 4949 ἑγκατελείπετε
3628 4875 3735 4928 τὸν

2150 4988 2387 5054 Κύριον,
2411 4983 2510 5037 καὶ
2541 4979 2951 5048 παρωργὶσατε
2971 4975 3079 5029 τὸν
3100 4974 3301 5042 "Aa-tor
3329 4970 3435 5025 τοῦ
3463 4966 3730 5036 Ἰσραήλ.

2224 5080 2326 5133 Τὸν
2347 5079 2443 5148 τῆς
2477 5075 2785 5144 ἁθετήσεως
2830 5069 3029 5139 τρόπον
3084 5060 3142 5119 εὖ
3186 5064 3330 5135 μάλα
3377 5061 3732 5130 διηγγελκὼς,

2157 5170 2252 5225 καὶ
2290 5172 2387 5240 τῆς
2421 5166 2645 5235 ἐνούσης
2685 5163 2865 5225 αὐτοῖς
2898 5158 3119 5226 ἀλογίας
3174 5153 3505 5227 παραδείξας
3552 5151 3612 5203 τὸ
3645 5150 3739 5219 μέ-

2156 5264 2334 5333 γεθος,
2374 5260 2657 5332 μεθίστησι
2697 5254 3038 5326 παραχρῆμα
3079 5251 3171 5304 τὸν
3213 5249 3392 5317 λόγον,
3442 5244 3599 5299 τοῦτο
3640 5243 3736 5333 μὲν

2157 5358 2234 5419 εις
2289 5349 2617 5420 ταλανισμὸν
2674 5348 2760 5400 ἐπ’
2811 5345 2996 5405 αὐτοῖς
3039 5339 3303 5412 δηλονότι,
3359 5335 3518 5388 τοῦτο
3559 5333 3603 5386 δ’
3670 5325 3736 5384 αὖ

2158 5446 2318 5501 πάλιν
2351 5442 2486 5514 πρὸς
2508 5437 2816 5509 ἐπίπληξιν.
2845 5434 3050 5506 Πρέποι
3084 5432 3128 5485 δ’
3161 5429 3248 5495 ἂν,
3285 5424 3479 5514 οἶμαι,
3504 5422 3581 5494 τῷ
3607 5439 3740 5493 προι

2162 5532 2375 5605 φητικῷ
2399 5513 2403 5514 ν
2430 5527 2708 5601 προσώπῳ
2761 5525 2995 5596 μάλιστα
3061 5520 3121 5574 τὸ
3213 5513 3496 5588 μονονουχὶ
3550 5527 3739 5565 κατοι-

2164 5603 2366 5693 μώζειν
2412 5619 2629 5681 αὐτοὺς,
2683 5617 2773 5669 καὶ
2804 5617 2867 5668 ἐκ
2896 5612 3097 5683 πολλῆς
3138 5608 3277 5677 ἄγαν
3306 5603 3581 5675 φιλοθείας
3613 5615 3741 5654 κατ⁴
