4100 6520
1506 418 1576 475 IN
1617 419 1856 478 lSAlAM
1896 420 2026 479 LIB.
2069 422 2108 478 l.
2147 421 2355 480 ORAT.
2399 427 2441 479 ῐ.

3515 415 3599 469 ἓξ·

274 531 668 601 ιξινίστασθαί
696 549 759 587 τε
786 534 883 590 καὶ
915 534 1096 606 λέγειν
1115 550 1128 566 ⁸
1178 537 1316 591 Οὐαὶ⁸
1348 537 1500 605 ἔθνος
1548 541 1893 613 ἁμαρτωλὸν,

2013 545 2132 600 mini
2193 543 2459 608 maleﬁco,
2518 540 2644 597 ﬁliis
2708 539 2953 610 perditis.
2997 534 3232 592 Omnino
3274 542 3453 586 autem
3492 538 3583 600 qui

273 624 396 688 λαὸς
438 623 663 695 πλήρης
683 626 997 698 ἁμαρτιῶν,
1034 629 1255 701 σπέρμα
1302 630 1565 701 πονηρὸν,
1614 630 1722 683 υἱοὶ
1762 630 1885 685 ἀνο-

275 735 382 789 μοι.
414 715 655 770 Ἐπεται
679 718 813 785 γοῦν
846 719 1069 783 πάντως
1116 721 1231 785 τοῖς
1256 719 1472 773 ἀθετεῖν
1513 738 1580 792 με
1616 719 1883 787 θέλουσιν,

272 811 360 865 τὸν
382 812 651 867 ἁπάντων
684 812 825 883 ἡμῖν
875 811 1101 880 ἀγαθῶν
1131 811 1350 884 δωτῆρα
1377 811 1533 880 Θεὸν,
1567 813 1629 867 τὺ
1680 813 1886 869 ἀναπόο

273 921 463 958 νιπτον
488 903 637 975 ἔχειν
662 904 766 974 τὴν
818 903 1118 976 ἁμαρτίαν,
1174 906 1271 958 καὶ
1299 904 1661 977 πεφορτίσθαι
1691 906 1885 971 δεινοῖς

278 996 541 1065 ἀφύκτοις
567 996 940 1069 ἐγκλήμασιν.
970 998 1142 1051 Νοσεϊ
1169 999 1280 1070 γάρ
1308 1016 1428 1062 πως
1455 999 1544 1054 ἀεὶ
1567 999 1601 1070 ἡ
1624 998 1885 1070 ἀθέτησις

280 1084 366 1157 τὴν
392 1086 730 1151 ἀπόστασιν,
762 1086 865 1158 τῆς
893 1088 974 1151 εἰς
999 1088 1108 1140 πᾶν
1139 1087 1322 1141 ὁτιοῦν
1347 1087 1457 1141 τῶν
1479 1090 1546 1141 ἐκ
1570 1089 1755 1143 τόπων
1793 1107 1888 1161 με·

280 1177 532 1250 ταεολήν.
580 1178 770 1251 Ταύτῃ
807 1196 896 1233 τοι
940 1180 1033 1234 καὶ
1066 1180 1349 1251 ἐπήγαγεν
1372 1178 1535 1245 εὐθὺς
1585 1178 1669 1249 τὸ,
1693 1180 1888 1249 ἐγκατ-

278 1269 525 1324 ελείπετε
552 1270 648 1326 τὸν
691 1271 928 1344 Κύριον.
971 1272 1203 1344 Σπέρμα
1230 1273 1287 1326 δὲ
1330 1272 1593 1346 ὀνομάζει
1627 1272 1884 1344 πονηρὸν,

278 1363 372 1433 οὐχ
408 1362 493 1427 ὡς
544 1363 731 1428 ὄντας,
771 1364 806 1435 ἢ
850 1365 1259 1436 πεποιημένους
1300 1366 1445 1420 κατὰ
1491 1367 1656 1436 φύσιν
1709 1364 1887 1419 τοιού-

279 1472 424 1521 τοος,
455 1456 577 1510 ἀλλ’
628 1458 715 1512 ὅτι
768 1457 1062 1528 γεγόνασιν
1094 1459 1161 1512 ὲκ
1192 1458 1447 1531 πονηρῶν
1484 1459 1736 1531 πατέρων
1782 1459 1889 1513 υἱοὶ

281 1550 532 1621 πονηροὶ,
563 1550 709 1605 κατά
741 1566 810 1620 γε
840 1551 942 1623 τὴν
982 1550 1229 1607 Ἰωάννου
1266 1553 1476 1624 φωνήν·
1513 1554 1617 1624 ἔφη
1654 1552 1764 1624 γὰρ
1794 1554 1889 1605 καὶ

281 1639 465 1703 αὐτοῖς
497 1642 616 1705 τοῖς
642 1640 1046 1713 γραμματεῦσι
1089 1642 1188 1696 καὶ
1220 1640 1541 1713 Φαρισαίοις
1571 1639 1891 1711 ἐρχομένοις

282 1733 371 1786 ἐπὶ
398 1733 463 1787 τὸ
495 1734 597 1804 τῆς
630 1733 925 1805 μετανοίας
974 1733 1279 1805 βάπτισμα,
1322 1751 1342 1785 ι
1387 1734 1705 1805 γεννήματα
1745 1731 1889 1804 ἐχιδ-

283 1822 406 1880 νῶν.
448 1843 470 1876 ο
516 1824 707 1893 ’Δγιοι
743 1826 843 1897 μὲν
868 1825 981 1897 γὰρ
1011 1824 1464 1904 ὁμολογουμένως
1508 1824 1559 1878 οἱ
1590 1822 1799 1895 πρῶτοί
1830 1839 1889 1876 τε

1993 638 2237 692 omnium
2312 635 2629 704 largitorem
2660 635 2922 687 bonorum
2956 628 3122 681 Deum
3176 623 3461 694 repudiare
3493 636 3585 673 vo-

1990 734 2123 799 lunt,
2189 731 2241 786 hi
2307 739 2367 784 ut
2406 728 2552 783 vitiis
2583 726 3042 785 contaminemur,
3105 732 3381 784 nunquam
3403 714 3589 769 cluen-

1988 826 2094 893 dis,
2139 823 2502 895 gravibusque
2532 832 2695 889 atque
2741 813 3166 886 inexpiabilibus
3216 810 3433 881 ﬂagitiis
3460 824 3590 861 one-

1991 927 2198 980 rentur,
2241 929 2465 972 necesse
2495 923 2596 969 est.
2629 909 2821 965 Trahit
2851 908 2996 963 enim
3054 919 3269 973 semper
3324 900 3590 971 quodam-
3632 914 3639 933 ι

1991 1005 2152 1060 modo
2182 1003 2297 1058 haec
2325 1002 2629 1072 repudiatio
2660 1000 2908 1054 morbum
2951 994 3272 1051 defectionis
3299 1005 3351 1045 et
3371 999 3586 1058 aposta-
3614 1032 3621 1039 .

1994 1098 2109 1161 sim,
2137 1094 2529 1167 demigratione
2549 1093 2601 1146 in
2627 1106 2789 1146 omne
2812 1101 2978 1159 genus
3006 1084 3285 1142 foeditatis.
3309 1081 3445 1136 lliuc
3464 1078 3595 1134 illud

1991 1185 2352 1250 moxinducit,
2389 1203 2407 1236 ι
2431 1182 2807 1252 Dereliquistis
2836 1179 3142 1236 Doininum.
3176 1175 3409 1229 iSemen
3430 1184 3592 1240 porro

1994 1277 2294 1333 maleﬁcum
2323 1276 2477 1342 dicit,
2516 1290 2622 1330 non
2671 1273 2796 1343 quia
2832 1281 3018 1329 essent
3045 1280 3137 1322 aut
3174 1268 3369 1321 ﬁerent
3392 1279 3457 1317 ex
3492 1278 3590 1315 na-

1993 1380 2110 1424 tura
2138 1369 2299 1434 tales,
2350 1368 2445 1423 sed
2472 1366 2615 1438 quod
2653 1366 2765 1421 nati
2795 1374 2923 1420 sunt
2966 1378 3032 1417 ex
3062 1360 3306 1430 patrihus
3336 1354 3598 1424 improbis

1992 1461 2087 1516 ﬁlii
2129 1477 2343 1532 quoque
2366 1460 2616 1531 improbi,
2648 1460 2800 1529 juxta
2841 1470 3030 1513 vocem
3071 1451 3323 1508 Joannis.
3355 1449 3404 1504 ls
3439 1446 3593 1502 enim

1993 1551 2200 1608 Scribis
2228 1562 2280 1608 et
2314 1551 2607 1607 Pharisaeis
2635 1551 2702 1604 ad
2725 1549 3050 1619 baptismum
3079 1542 3410 1615 paenitentiae
3443 1552 3601 1593 acce-

1991 1642 2277 1698 dentibus:
2307 1640 2650 1710 ¢Progenies,
2671 1637 2867 1708 inquit,
2893 1635 3292 1707 viperarunt’.o
3319 1629 3486 1686 Primi
3510 1627 3594 1683 nio

1991 1736 2190 1791 mirum
2222 1735 2297 1790 illi
2326 1736 2392 1789 ab
2422 1733 2580 1789 initio
2606 1742 2810 1803 patres,
2844 1730 3002 1798 plane
3031 1727 3204 1783 sancti
3232 1723 3596 1780 exstiterunt:

1994 1828 2085 1899 qui
2133 1842 2263 1882 vero
2315 1826 2435 1882 illos
2466 1826 2636 1882 secuti
2688 1832 2837 1891 sunt,
2892 1819 3301 1877 sceleratissimi
3352 1815 3593 1871 luerunt.

282 1917 375 1969 καὶ
401 1915 465 1982 ἐξ
488 1918 672 1988 ἀρχῆς
701 1918 961 1989 πατέρες,
995 1902 1241 1989 βδελυροὶ
1269 1917 1326 1971 δὲ
1355 1916 1477 1971 λίαν
1520 1916 1570 1970 οί
1611 1917 1726 1987 μετ’
1750 1914 1893 1969 ὲκεί-

2013 1918 2297 1973 lnnutritos
2318 1934 2450 1990 ergo
2480 1918 2672 1989 patriis
2695 1914 2959 1980 moribus,
2996 1921 3051 1967 et
3082 1911 3282 1965 avitam
3325 1911 3599 1962 sectantes

282 2026 425 2072 νους.
468 2006 977 2079 ’ἓν-τεθραμμένοις
1037 2007 1102 2079 δὴ
1163 2002 1259 2062 οῦν
1312 2010 1426 2071 τοῖς
1471 2005 1581 2060 τῶν
1639 2004 1894 2077 πατέρων

281 2099 451 2164 ἔθεσι,
488 2101 588 2153 καὶ
612 2098 953 2172 προγονικὴν
974 2099 1277 2170 ζηλοῦντας
1302 2098 1647 2171 ἀνοσιότητα,
1672 2096 1895 2169 σπέρμα

280 2192 526 2265 πονηρὸν
552 2192 845 2264 ὠνόμασεν
908 2192 1157 2257 εἰκότως.
1209 2190 1740 2261 Ἐγκαταλελοίπασι
1785 2188 1896 2259 γάρ

280 2287 373 2338 τὸν
414 2285 651 2357 Κύριον,
683 2284 777 2338 καὶ
819 2285 1259 2358 παροτρύνοντες
1304 2285 1407 2339 οὐκ
1453 2283 1764 2337 ἐπαύσαντο
1805 2281 1898 2334 τὸν

280 2377 440 2446 ᾶγιον
460 2377 561 2431 τοῦ
606 2376 849 2449 Ἰσραὴλ,
889 2378 1138 2432 τουτέστι
1169 2377 1427 2448 Χριστόν.
1479 2378 1557 2430 Οὐ
1617 2378 1727 2448 γὰρ
1774 2393 1899 2431 συν-

280 2470 429 2541 ῆκαν
462 2469 529 2523 τὸ
565 2470 657 2522 ἐπ’
687 2470 840 2543 αὐτῷ
863 2471 1184 2542 μυστήριον.
1214 2469 1506 2541 Τοιγάρτοι
1535 2472 1631 2524 καὶ
1664 2471 1896 2542 μεμενή-

282 2574 449 2612 κασιν
508 2559 570 2612 ὲν
628 2559 964 2631 πληρώματι
1025 2559 1138 2613 τῶν
1197 2561 1345 2615 ίδίων
1418 2560 1726 2633 ἁμαρτιῶν.
1789 2563 1901 2616 Καὶ

282 2650 448 2704 τοῦτο
472 2652 668 2714 αὐτοῖς
696 2650 939 2722 ἔφασκεν
958 2654 986 2706 ὁ
1006 2652 1242 2722 Χριστός
1264 2669 1277 2683 ·
1311 2672 1329 2704 ι
1357 2653 1554 2727 Ἀμὴν,
1585 2655 1732 2726 ἀμὴν
1756 2654 1903 2724 λέγω

280 2742 442 2813 ὑμῖν,
482 2743 583 2797 ἐὰν
644 2742 722 2816 μὴ
783 2744 1135 2815 πιστεύσητε,
1194 2745 1279 2798 ὅτι
1334 2744 1448 2815 ἐγὼ
1495 2746 1632 2817 εἰμὶ,
1687 2749 1745 2800 ὲν
1782 2750 1903 2811 ταῖς

281 2835 597 2905 ἁμαρτίαις
658 2837 815 2907 ὑμῶν
891 2837 1274 2891 ἀποθανεῖσθε.
1342 2857 1362 2890 ι
1434 2839 1655 2911 Πλήρης
1717 2842 1901 2895 τοίνυν

283 2926 585 2998 ἁμαρτιῶν
611 2929 642 2980 ὁ
679 2928 919 2997 Ἰσραὴλ,
959 2930 1053 2986 xxi
1073 2931 1155 2997 εἰς
1187 2928 1349 2988 τοῦτο
1381 2928 1568 2988 λοιπὸν
1601 2933 1905 3008 ἀφιγμένος

286 3024 640 3095 φαυλότητος
665 3068 682 3092 ,
718 3020 797 3089 ὡς
835 3026 1072 3097 πρέπειν
1109 3023 1260 3096 αὐτῷ
1307 3026 1370 3080 τὸ
1415 3028 1741 3093 κολάζεσθαι
1771 3030 1901 3083 δεῖν.

288 3116 712 3189 Πεπληρώκασι
758 3115 869 3187 γὰρ
913 3118 1010 3169 καὶ
1057 3116 1213 3170 αὐτοὶ
1269 3117 1334 3170 τὸ
1378 3118 1576 3190 μέτρον
1602 3120 1711 3173 τῶν
1761 3121 1906 3175 ἰδίων

287 3212 579 3283 πατέρων,
610 3209 757 3264 κατά
798 3209 898 3281 τὴν
918 3208 1012 3263 τοῦ
1037 3210 1290 3282 Σωτῆρος
1320 3215 1505 3283 φωνήν
1527 3254 1540 3266 .
1590 3213 1768 3284 Μέχρι
1808 3214 1908 3284 μὲν

2004 2011 2359 2081 impietatem,
2386 2025 2572 2067 semen
2614 2008 2919 2065 maleﬁcum
2966 2020 3072 2061 non
3125 2001 3398 2057 immerito
3426 1996 3601 2051 nomio

2004 2105 2175 2163 navit.
2203 2104 2621 2175 Dereliquerunt
2648 2116 2884 2172 namque
2918 2099 3224 2160 Dominum,
3266 2103 3319 2149 et
3349 2092 3613 2148 Sanctum

2005 2196 2241 2263 lsraelis,
2266 2198 2479 2255 scilicet
2510 2196 2811 2261 Christum,
2833 2192 3111 2250 concitare
3134 2202 3239 2244 non
3262 2185 3610 2241 destiterunt.

2006 2289 2328 2361 Illysterium'
2348 2291 2493 2346 enim
2530 2291 2596 2346 de
2625 2289 2715 2345 illo
2745 2304 2853 2345 non
2888 2286 3312 2343 intellexerunt:
3344 2278 3529 2347 itaque
3554 2275 3619 2329 in

2005 2383 2300 2438 cumuloac
2329 2383 2659 2453 plenitudine
2683 2396 2903 2437 suorum
2935 2387 3284 2450 peccatorum
3312 2376 3625 2449 laeserunt,

2009 2476 2160 2544 Quod
2203 2478 2368 2534 etiam
2400 2477 2504 2532 illis
2524 2476 2774 2533 Christus
2827 2474 2993 2529 dixit:
3040 2472 3265 2532 «Amen,
3297 2481 3458 2522 amen
3492 2463 3633 2517 dico-

2012 2570 2182 2638 voLis,
2219 2571 2262 2626 si
2307 2584 2415 2625 non
2455 2569 2820 2631 credideritis,
2851 2567 2974 2637 quia
3013 2579 3114 2635 ego
3145 2578 3287 2629 sum,
3329 2561 3384 2614 in
3419 2571 3614 2628 pecca-

2012 2665 2081 2719 tis
2117 2666 2308 2720 vestris
2336 2662 2641 2718 moriemini
2669 2662 2768 2715 ιθ.»
2799 2659 3040 2716 Onustus
3063 2658 3246 2726 itaque
3269 2654 3414 2709 vitiis
3450 2649 3635 2717 Israela

2010 2775 2076 2814 ea
2107 2760 2319 2813 i'emum
2359 2758 2604 2829 pervenit
2640 2754 2920 2827 nequitia),
2960 2760 3020 2807 ut
3055 2766 3245 2821 poenas
3291 2763 3414 2805 eum
3465 2745 3625 2801 luere

2014 2848 2178 2904 fuerit
2202 2849 2590 2919 aequissimum.
2621 2847 2832 2903 Etenim
2868 2844 3300 2915 expleverunt-et
3329 2839 3428 2910 ipsi
3466 2852 3619 2893 men--

2014 2958 2197 3000 Sttt‘aut
2230 2950 2441 3011 patrum
2479 2956 2723 3005 suorum,
2767 2940 2923 3011 juxta
2967 2952 3152 2993 vocem
3192 2930 3616 2990 Servatoris‘”.

2012 3041 2069 3112 6
2087 3039 2166 3095 Ad
2182 3036 2400 3108 aliquod
2415 3035 2557 3093 enim
2578 3044 2788 3105 tempus
2807 3044 2861 3089 et
2880 3028 3321 3088 mensuram-fert
3339 3028 3478 3082 Deus
3489 3041 3622 3082 con-

2020 3142 2281 3201 temptem
2341 3129 2806 3200 delinquentium:
2849 3141 2972 3183 cum
3017 3134 3198 3181 autem
3227 3123 3290 3176 ad
3327 3118 3620 3190 plenitudi-

2021 3242 2140 3279 nem
2169 3232 2223 3279 ct
2270 3222 2640 3279 maturitatem
2695 3220 2901 3289 peccati
2947 3225 3129 3273 notam
3156 3215 3259 3269 sibi
3308 3222 3359 3269 et
3399 3225 3624 3281 perspe-

292 3305 404 3376 γάρ
458 3319 616 3366 τινος
649 3302 849 3373 καιροῦ
900 3303 996 3355 καὶ
1046 3302 1248 3374 μέτρου
1309 3305 1554 3376 φορητὴν
1600 3309 1835 3384 ποιεῖται
1886 3309 1908 3360 ό

2019 3330 2162 3374 ctam
2181 3317 2291 3388 jam
2315 3314 2659 3385 pertigerint,
2682 3311 3004 3382 supplicium
3022 3309 3241 3378 irrogat,
3261 3321 3324 3360 ac
3351 3320 3445 3373 pro
3469 3304 3628 3357 inodo

289 3395 431 3461 Θεὸς
496 3396 611 3450 τῶν
660 3393 1135 3467 πλημμελούντων
1175 3396 1274 3468 τὴν
1322 3398 1764 3470 καταφρόνησιν·
1807 3401 1913 3468 ἀφ-

294 3507 318 3543 ι
334 3488 536 3560 ίμένης
563 3487 624 3541 δὲ
646 3487 747 3560 ἤδη
781 3487 920 3559 πρὸς
945 3487 1228 3559 πλήρωσιν
1246 3486 1348 3559 τὴν
1377 3488 1729 3561 ἐγνωσμένην
1765 3489 1915 3561 αύτῷ

297 3582 405 3654 τῆς
457 3580 764 3653 ἁμαρτίας,
800 3581 1058 3652 ἐπιφέρει
1108 3582 1206 3646 τὰς
1260 3581 1437 3647 δίκας,
1495 3583 1590 3636 καὶ
1638 3582 1917 3652 ἀναλόγως

296 3678 418 3739 τοῖς
472 3673 923 3745 πλημμελήμασι
970 3673 1193 3738 κολάζει
1232 3674 1325 3727 τὸν
1365 3675 1587 3746 ἀπειθῆ.
1631 3677 1743 3729 Καὶ
1787 3677 1918 3746 γοῦν

296 3769 333 3821 ὸ
364 3766 663 3838 προφήτης
694 3767 977 3837 Ζαχαρίας
1002 3766 1202 3838 μέτρον
1234 3765 1585 3837 τεθεαμένος,
1618 3769 1782 3840 ἤρετο
1819 3768 1921 3839 μὲν

299 3858 401 3914 τὸν
429 3857 711 3942 μακάριον
742 3858 998 3927 ἄγγελον,
1022 3861 1051 3912 ὅ
1080 3876 1133 3912 τι
1167 3858 1231 3931 δὴ
1258 3859 1416 3913 τοῦτό
1444 3860 1564 3913 ἐστι
1602 3861 1665 3914 τὸ
1718 3862 1923 3933 μέτρον

301 3956 371 4005 τὸ
404 3951 872 4022 ἐκπορευόμενον.
908 3952 967 4006 '0
988 3952 1046 4006 δὲ
1089 3952 1227 4024 πρὸς
1256 3953 1443 4021 αὑτὸν,
1477 3954 1628 4027 Αὕτη
1667 3958 1699 4029 ἡ
1738 3956 1924 4012 ἀδικία

291 4044 500 4100 ἀὐτῶν
530 4046 591 4099 ὲν
644 4045 799 4118 πάσῃ
830 4047 896 4117 τῇ
932 4047 1027 4117 γῇ.
1061 4046 1359 4120 Μεμένηκε
1403 4048 1583 4103 τοίνυν
1634 4050 1929 4122 ἀναπότρι-

309 4155 450 4191 πτον
504 4136 649 4209 ἔχων
705 4138 807 4210 τὴν
873 4139 1154 4210 ἁμαρτίαν
1183 4142 1210 4193 ὁ
1261 4140 1499 4214 Ἰσραὴλ,
1555 4142 1650 4196 καὶ
1707 4143 1807 4214 τὴν
1839 4143 1929 4198 διὰ

307 4232 563 4304 Χριστοῦ
621 4232 894 4306 κάθαρσιν
946 4234 1048 4288 οὐκ
1100 4234 1336 4305 ἠθέλησε
1384 4234 1589 4301 λαϐεῖν,
1639 4237 1776 4291 ἀλλὰ
1820 4237 1929 4311 γὰρ

2020 3421 2073 3466 et
2113 3410 2324 3465 ratione
2348 3408 2668 3464 delictorum
2706 3404 3079 3461 inobedieutes
3116 3415 3272 3471 poena
3317 3399 3503 3453 allicit.
3531 3394 3627 3450 Ni-

2024 3503 2222 3557 mirum
2253 3502 2392 3555 hanc
2419 3514 2726 3555 mensuram
2746 3496 3092 3567 conspicatus
3122 3494 3385 3564 propheta
3417 3490 3629 3545 Zacha-

2026 3596 2158 3660 rias,
2191 3591 2543 3660 interrogavit
2597 3591 2813 3645 beatum
2870 3585 3139 3658 angelum,
3185 3596 3437 3654 quaenam
3487 3590 3634 3636 esset

2028 3684 2142 3739 haec
2162 3696 2412 3737 mensura
2436 3697 2556 3752 quae
2590 3681 2905 3750 egreditur:
2928 3677 3016 3731 hic
3039 3688 3169 3731 vero
3191 3673 3256 3728 ad
3292 3671 3464 3737 illum,
3508 3669 3634 3724 llaec

2028 3782 2113 3830 cst
2142 3774 2402 3845 iniquitas
2433 3787 2622 3829 eorum
2658 3771 2747 3842 qui
2781 3780 2907 3826 sunt
2938 3768 2990 3823 in
3037 3767 3293 3822 universa
3321 3774 3480 3819 terra.
3513 3761 3637 3816 [lm-

2030 3868 2099 3924 sit
2118 3867 2343 3939 proinde
2371 3866 2550 3923 Israel
2568 3866 2621 3920 in
2655 3872 2879 3935 peccato
2904 3861 3200 3924 iudelehili,
3228 3873 3329 3915 nec
3348 3856 3634 3914 emundari

2034 3962 2207 4016 voluit
2276 3976 2373 4032 per
2418 3959 2891 4016 Christumrimo
2939 3971 3071 4012 vero
3122 3957 3291 4011 etiam
3345 3951 3637 4022 dereliquit

2033 4068 2185 4121 eum,
2218 4069 2340 4108 cum
2401 4053 2559 4108 ﬁdem
2609 4066 2733 4122 qua:
2761 4050 2814 4106 in
2851 4049 3005 4103 illum
3034 4056 3117 4103 est
3146 4062 3250 4101 non
3301 4045 3637 4115 recipiendo,

2039 4156 2151 4201 tum
2195 4148 2258 4202 ad
2301 4146 2416 4203 haec
2455 4145 2721 4202 dicendo:
2784 4141 2957 4207 Tolle,
2999 4142 3145 4207 tolle,
3198 4138 3456 4209 cruciﬁge
3490 4153 3637 4201 eum,

2037 4249 2128 4296 et:
2162 4238 2277 4295 Non
2324 4239 2589 4295 habemus
2618 4252 2799 4307 regem
2830 4235 2932 4291 nisi
2973 4235 3243 4291 CmSarem
3271 4234 3336 4287 η.

311 4328 458 4401 πρὸς
480 4325 663 4397 τούτῳ
702 4325 1114 4392 καταλελοιπὼς
1177 4328 1363 4394 αὑτὸν,
1395 4328 1484 4383 διὰ
1529 4328 1623 4383 τοῦ
1666 4330 1805 4401 μήτε
1864 4331 1966 4403 τὴν
2004 4335 2084 4399 είς
2111 4334 2276 4388 αὐτὸν
2344 4331 2728 4405 προσήκασθαι
2761 4329 2963 4392 πίστιν,
2994 4328 3167 4380 είπεϊν
3192 4343 3251 4379 τε
3279 4323 3414 4395 πρὸς
3444 4320 3621 4392 τούτῳ

309 4420 570 4496 τδ,Δῖρε,
602 4417 752 4492 αἶρε,
784 4421 1025 4494 σταύρου
1062 4422 1244 4489 αὑτὸν,
1294 4423 1411 4488 καὶ,
1454 4423 1568 4478 Οὐκ
1602 4423 1799 4495 ἔχομεν
1828 4425 2053 4496 βασιλέα
2083 4429 2131 4480 εί
2167 4426 2253 4499 μὴ·
2274 4427 2553 4497 Καίσαρα.

396 4516 462 4570 Τί
500 4514 595 4567 ἔτι
650 4511 932 4582 πληγῆτε
979 4512 1407 4581 προστιθέντες
1430 4513 1729 4585 ἀνομίω·;
1770 4513 1908 4571 πᾶσι

2013 4541 2017 4568 ›
2117 4518 2288 4573 Vens.
2331 4517 2385 4574 5.
2416 4517 2560 4584 Quid
2592 4514 2961 4587 percutiamini
3007 4513 3170 4579 ultra,
3234 4512 3485 4566 adJeutes
3537 4513 3647 4565 ini-

316 4603 567 4677 κεφαλὴ
589 4606 682 4671 εὶς
719 4604 938 4669 πόνον,
982 4605 1082 4658 καὶ
1123 4603 1294 4660 πᾶσα
1318 4605 1533 4674 καρδία
1561 4609 1649 4673 εὶς
1688 4608 1898 4676 λύπην
1927 4625 1939 4642 ο

328 4699 484 4757 Ἀπὸ
518 4696 733 4751 ποδῶν
763 4696 878 4763 ἕως
908 4695 1204 4767 κεφαλῆς,
1237 4700 1351 4753 οὐκ
1394 4698 1569 4753 ἔστιν
1600 4700 1695 4753 ἐπ’
1737 4700 1944 4768 αὐτοῖς

320 4792 692 4862 δλοκληρία,
747 4790 888 4847 οὔτε
939 4791 1192 4861 τραῦμα,
1272 4792 1413 4847 οὔτε
1480 4794 1734 4864 μώλωιρθ,
1806 4796 1945 4851 οὔτε

320 4885 541 4958 πληγὴ
570 4882 1042 4956 φλεγμαίνουσα
1054 4899 1074 4948 ;
1107 4886 1219 4938 οὐκ
1257 4883 1434 4939 ἔστιν
1471 4875 1765 4956 μάλαγμά
1814 4887 1946 4941 ἐπι-

322 4979 541 5042 θεῖναι,
576 4976 719 5033 οὔτε
754 4977 985 5039 ἔλαιον.
1016 4976 1154 5031 οὔτε
1188 4974 1627 5045 καταδέσμους.

411 5070 507 5137 Ὦς
544 5071 638 5142 ἐφ’
681 5070 803 5134 ἑνὸς
848 5069 1107 5142 σώματος
1137 5068 1246 5122 τῶν
1313 5068 1622 5124 Ἰουδαϊκῶν
1670 5070 1950 5142 συστημά-

322 5183 461 5230 των,
520 5160 746 5237 μικρῶν
796 5162 858 5217 τέ
909 5179 1055 5235 φημι
1102 5162 1198 5216 καὶ
1253 5162 1528 5234 μεγάλων,
1585 5163 1680 5216 καὶ
1734 5162 1843 5217 τῶν
1893 5164 1951 5215 ἐν

330 5258 604 5331 μεσότητι
648 5255 962 5329 νοουμένων
993 5256 1233 5309 ποιεῖται
1266 5254 1634 5324 robe-16700;.
1669 5255 1853 5308 Ἔοικε
1895 5255 1952 5309 δὲ

2047 4615 2298 4684 quitatem
2319 4613 2353 4668 ?'
2377 4609 2547 4667 Omne
2587 4620 2744 4679 caput
2771 4610 2825 4664 in
2845 4608 3025 4662 labore
3050 4616 3098 4661 et
3131 4622 3282 4661 omne
3310 4621 3402 4659 cor
3435 4606 3488 4658 in
3514 4620 3643 4657 mm-

2049 4721 2166 4759 rare
2181 4720 2201 4760 :
2218 4721 2249 4757 a
2266 4702 2482 4773 pedibus
2509 4701 2578 4755 ad
2608 4708 2765 4770 caput
2789 4716 2949 4770 usque
2966 4715 3071 4753 non
3092 4701 3236 4751 estin
3253 4713 3312 4751 eo
3339 4697 3641 4765 integritas,

2050 4814 2214 4868 neque
2232 4795 2442 4859 vulnus,
2471 4811 2636 4865 neque
2659 4795 2813 4860 livor,
2836 4809 2998 4863 neque
3018 4793 3173 4863 plaga
3196 4802 3422 4856 tumens,
3440 4805 3542 4843 non
3571 4800 3647 4844 est

2051 4888 2313 4959 malagma
2345 4888 2630 4959 imponere,
2663 4902 2826 4957 neque
2885 4886 3078 4949 oleum,
3115 4899 3278 4954 neque
3305 4882 3645 4952 alligaturus.

2126 5066 2201 5124 De
2239 5082 2347 5123 uno
2372 5066 2519 5123 velut
2553 5081 2781 5134 corpore
2822 5062 3060 5118 Judaicm
3096 5060 3396 5124 societatis,
3431 5059 3497 5114 de
3527 5074 3652 5127 pra-

2053 5160 2160 5230 vis,
2187 5161 2430 5230 inquam,
2482 5167 2537 5212 et
2576 5156 2791 5228 magnis
2836 5165 2893 5210 et
2929 5152 3187 5209 mediocri
3224 5159 3372 5207 sorte
3409 5149 3653 5220 praeditis

2054 5252 2367 5308 hominibus
2395 5263 2704 5305 sermonem
2730 5248 2984 5303 instituit.
3018 5245 3195 5314 Caput
3226 5245 3441 5300 videtur
3471 5241 3657 5298 dicere

329 5346 583 5419 κεφαλὴν
618 5346 719 5418 μὲν
770 5346 1087 5420 ὀνομάζειν.
1149 5345 1243 5401 τὸν
1288 5348 1403 5411 τοῖς
1454 5345 1736 5418 βασιλείας
1783 5347 1908 5419 αύχί

2057 5359 2203 5412 eum,
2227 5343 2318 5413 qui
2351 5341 2502 5414 regni
2540 5340 2914 5412 praerogativis
2944 5348 3177 5395 ornatus
3206 5346 3290 5395 est
3316 5354 3330 5391 :
3372 5350 3470 5393 cor
3497 5349 3650 5401 vero,

334 5456 507 5511 μασιν
558 5438 842 5511 εὐπρεπῆ.
877 5439 1127 5512 Καρδίαν
1172 5436 1252 5505 δὲ,
1304 5438 1409 5509 τὴν
1473 5437 1627 5510 ίεράν
1673 5438 1770 5492 καὶ
1814 5439 1908 5491 ἀπι

2058 5442 2463 5491 sacrosanctam
2493 5438 2548 5487 et
2605 5432 2863 5487 selectam
2928 5430 3150 5496 tribum,
3191 5428 3244 5485 id
3300 5436 3406 5489 est,
3450 5424 3655 5480 Leviti-

332 5531 533 5586 λεκτον
567 5530 771 5603 φυλὴν,
797 5529 1045 5585 τουτέστι
1093 5528 1192 5600 τὴν
1218 5526 1532 5600 Λευῖτικὴν,
1582 5529 1658 5592 ὡς
1696 5528 1772 5599 τῷ
1805 5528 1907 5599 νόμ

2059 5542 2207 5595 eam,
2239 5524 2402 5581 veluti
2425 5524 2544 5596 lege
2571 5524 2865 5589 eruditam,
2898 5535 2955 5577 et
2995 5537 3184 5577 curam
3223 5519 3386 5575 totius
3407 5516 3655 5586 corporis

338 5623 776 5693 σεσοφισμένην,
807 5622 904 5675 καὶ
945 5621 1041 5675 τοῦ
1073 5621 1276 5684 παντὸς
1309 5620 1563 5689 σώματος
1596 5619 1824 5690 ἔχουσαν
1858 5621 1908 5675 τί

2065 5628 2364 5689 gerentem.
2404 5616 2600 5673 «Lahia
2637 5618 2780 5671 enim
2805 5615 3130 5681 sacerdotis,
3158 5631 3177 5666 ι
3203 5612 3397 5682 inquit,
3422 5628 3442 5663 ι
3468 5617 3657 5665 costo-

341 5716 635 5788 φροντίδα.
667 5734 687 5768 ι
723 5715 895 5785 Χείλη
926 5714 1035 5787 γὰρ
1069 5715 1283 5785 ἱερέως,
1328 5735 1344 5763 ι
1382 5714 1569 5783 φησὶν,
1609 5732 1624 5765 ι
1657 5712 1908 5781 φυλάξετε

2068 5712 2214 5767 dieut
2249 5708 2536 5779 judicium,
2566 5718 2621 5764 ct
2657 5708 2826 5780 legem
2861 5708 3136 5777 requirent
3165 5719 3230 5759 ex
3261 5718 3357 5760 ore
3388 5701 3652 5775 ejus“'.u

415 5901 438 5932 ⁹
469 5899 665 5955 Matth.
705 5914 789 5967 ιιι,
833 5897 886 5953 7.
968 5896 1010 5929 ¹⁶
1044 5895 1204 5952 Joan.
1245 5910 1360 5962 vui,
1396 5895 1485 5951 2L
1568 5894 1630 5926 ¹⁰’
1661 5893 1850 5951 Matth.
1881 5912 1908 5951 κ

2013 5929 2034 5963 ι,
2071 5894 2160 5950 52.
2241 5894 2278 5926 “
2306 5892 2463 5949 Joau.
2495 5908 2608 5959 xIx,
2646 5891 2733 5947 15.
2814 5891 2876 5923 ¹¹⁶
2916 5888 3125 5946 Malach
3190 5904 3248 5955 tt,
3290 5888 3346 5946 7.

1568 5894 1630 5926 ¹⁰⁹
1661 5893 1850 5951 Matth.
1881 5910 2034 5963 XXIII,
2071 5894 2160 5950 52.
2241 5894 2278 5926 “
2306 5892 2463 5949 Joau.
2495 5908 2608 5959 xIx,
2646 5891 2733 5947 15.

6 6514 45 6520 -—
88 6508 389 6520 fit—fr
