4100 6490
449 367 522 427 93
1451 376 1510 429 S.
1550 373 1827 432 CYBILLI
1865 372 2333 433 ALEXANDKN!
2376 374 2695 429 ARCHIEP.
3642 378 3719 434 24

456 490 624 548 Pedes
646 493 863 549 demum
904 508 997 550 eos
1016 507 1134 548 esse
1162 491 1255 560 ait,
1288 492 1450 563 quiin
1480 496 1769 563 postremis
1797 503 1948 559 sunt,
1975 503 2019 549 el

2135 492 2338 564 κρίσιν,
2398 494 2491 547 καὶ
2552 494 2717 564 νόμον
2778 491 3171 564 ὲκζητήαουσιν
3226 496 3291 547 ὲκ
3335 492 3598 564 στόματος
3620 496 3716 549 αὐ-

454 588 544 650 qui
582 593 833 654 tanquam
858 585 1095 640 inmam
1123 585 1174 638 in
1208 584 1403 655 populo
1441 587 1728 641 stationem
1763 586 2029 641 obtinent.

454 672 686 730 Proinde
714 691 836 730 cum
865 685 1004 729 terra
1028 673 1249 730 Iudaica
1276 676 1614 733 calamitates
1650 693 1753 732 non
1785 677 2033 733 ferendas

455 766 831 830 sustinuisset,
870 766 1318 835 dcpopulantibns
1357 782 1475 821 eam
1514 783 1657 823 nunc
1691 768 2030 840 Babyloniis,

457 870 599 911 nunc
617 856 855 912 finitimis
869 858 1139 927 gentibus,
1156 869 1211 913 et
1226 869 1444 928 propter
1461 860 1788 930 impietatem
1807 861 1858 915 in
1876 859 2034 916 Citri-

454 957 619 1010 stum,
645 948 1010 1004 Romanorum
1033 951 1279 1006 manibus
1294 959 1439 1007 esset
1471 953 1883 1018 concremanda,
1909 966 2029 1006 cum

454 1052 638 1093 eorum
668 1041 831 1094 etiam
881 1055 1101 1109 regnum
1120 1043 1470 1097 evertendum
1500 1051 1666 1110 esset,
1696 1042 2031 1114 (alienigena:

452 1132 595 1187 enim
618 1147 712 1187 eos
746 1133 1093 1202 subegerunt)
1120 1150 1350 1205 cumque
1374 1136 1662 1191 sacerdotii
1687 1135 1867 1189 munia
1889 1134 2028 1204 apud

450 1239 545 1277 eos
576 1230 873 1288 cessarent,
908 1222 1188 1277 sacriﬁciis
1234 1223 1527 1289 subversis,
1578 1224 1778 1292 templo
1815 1224 2030 1278 sublato

453 1329 557 1367 non
605 1313 715 1369 aris
748 1314 1111 1376 manentibus,
1139 1330 1244 1369 non
1280 1315 1601 1381 sacerdotio,
1630 1316 1759 1384 fnon
1785 1316 2028 1371 declara-

453 1404 708 1468 tionibus,
749 1404 904 1473 juxta
932 1404 1209 1474 prophetae
1257 1418 1467 1470 vocem,
1510 1404 1636 1459 hinc
1680 1404 1856 1459 dicit:
1889 1404 2029 1470 Quid

449 1494 822 1563 percutiamini
848 1494 1011 1560 ultra,
1045 1496 1306 1550 addentes
1343 1496 1721 1565 iniquitatem?
1761 1494 2026 1551 lnﬂictum

447 1596 551 1651 est,
582 1586 777 1656 inquit,
807 1586 957 1641 vobis
988 1601 1147 1640 omne
1163 1601 1332 1655 genus
1356 1587 1449 1640 ira:
1474 1596 1529 1641 et
1562 1588 1807 1658 supplicii
1840 1604 1868 1641 a
1896 1589 2024 1655 Deo,

447 1680 593 1734 diras
635 1679 1026 1747 continuasque
1062 1679 1195 1735 alias
1245 1692 1410 1748 super
1453 1680 1590 1735 alias
1636 1694 1826 1747 pinnas
1860 1682 2028 1751 depo-

446 1778 631 1826 scente
666 1788 680 1824 :
721 1770 771 1840 7
821 1769 984 1824 nibilo
1019 1779 1196 1824 tamen
1240 1773 1417 1825 minus
1444 1779 1840 1841 eontemptores
1867 1773 2023 1836 estis,

2133 585 2249 639 τοῦ.
2286 606 2304 638 ι
2334 585 2504 649 Πόδας
2528 585 2584 638 δὲ
2614 581 2753 638 εἶναι
2782 603 2913 657 φησι
2938 586 3062 649 τοὺς
3094 588 3152 639 ὲν
3179 585 3448 655 ἐσχάτοις.
3478 585 3572 638 καὶ
3609 581 3728 638 οἷον

2134 677 2433 731 κατωτάτω
2479 676 2744 745 λαχόντας
2791 676 2947 741 τάξιν
3001 679 3057 731 ὲν
3105 679 3219 740 τοῖς
3276 678 3447 739 λαοῖς.
3507 674 3725 730 Οὐκοῦν

2131 768 2427 839 ἐπειδήπερ
2473 768 2751 821 δύσοιστον
2799 767 2899 838 μὲν
2968 768 3070 839 ἤδη
3125 766 3498 836 ταλαιπωρίαν
3540 768 3575 837 ῄ
3611 766 3720 818 τῶν

2145 860 2415 913 Ἰουδαίων
2445 860 2830 931 ὑπομεμένηκε
2855 859 2949 929 γῆ,
2980 859 3395 932 καταδῃούντων
3414 856 3602 927 αὐτὴν,
3629 857 3719 910 ὅτε

2135 950 2234 1021 μὲν
2294 950 2670 1018 Βαϐυλωνίων,
2727 952 2816 1004 ὅτε
2878 951 2935 1004 δὲ
2990 950 3098 1004 τῶν
3149 949 3457 1021 προσοίκων
3524 949 3718 1012 ἐθνῶν,

2130 1039 2346 1115 ἔμελλε
2373 1043 2869 1114 καταπίμπρασθαι
2901 1045 3021 1106 ταῖς
3059 1042 3342 1113 Ῥωμαίων
3398 1041 3588 1111 χερσὶν
3631 1040 3719 1092 διὰ

2128 1136 2228 1206 τὴν
2260 1137 2340 1198 είς
2367 1136 2603 1206 Χριστὸν
2632 1135 2907 1199 ἀσέϐειαν,
2942 1134 3037 1187 καὶ
3087 1131 3569 1203 ἀνατραπήσεσοαι
3620 1131 3719 1201 μὲν

2127 1227 2161 1296 ἠ
2192 1228 2321 1299 παρ’
2378 1229 2561 1291 αὐτοῖς
2619 1226 2889 1296 βασιλεία,
2943 1227 3323 1294 κεκρατήκασι
3373 1222 3483 1291 γὰρ
3537 1222 3718 1274 αὐτῶν

2129 1316 2467 1386 ἀλλογενεῖς,
2534 1318 2917 1388 ἀπρακτήσειν
2963 1316 3022 1369 δὲ
3069 1315 3201 1385 παρ’
3254 1316 3459 1377 αὐτοῖς,
3504 1314 3599 1366 καὶ
3646 1312 3717 1367 τὰ

2126 1406 2227 1477 τῆς
2253 1405 2555 1477 ἱερωσύνης
2594 1406 2752 1477 ἔργα,
2781 1406 2980 1461 θυσιῶν
3023 1405 3542 1475 ἀνατετραμμὲνων,
3583 1402 3720 1456 καθ·

2128 1498 2409 1570 ῃρημένου
2446 1498 2541 1551 τοῦ
2592 1498 2743 1562 ναοῦ,
2780 1497 3183 1568 θυσιαστηρίων
3214 1497 3319 1549 οὑκ
3361 1495 3554 1556 ὄντων,
3592 1490 3718 1545 οὔτε

2131 1590 2423 1661 ίερατείας,
2448 1589 2569 1643 οὔτε
2597 1589 2791 1657 δήλων,
2835 1588 2978 1643 κατὰ
3010 1588 3112 1659 τὴν
3155 1586 3249 1641 τοῦ
3290 1587 3571 1656 προφήτου
3601 1601 3719 1653 φω-

2127 1682 2247 1752 νὴν,
2295 1680 2465 1750 ταύτῃ
2502 1681 2584 1734 τοί
2636 1695 2792 1751 φησι,
2812 1680 2876 1734 Τί
2921 1678 3002 1734 ἔτι
3041 1680 3288 1749 πληγῆτε
3332 1675 3721 1747 προστιθέντες

2129 1774 2361 1843 ἀνομίαν
2388 1790 2401 1835 ;
2430 1772 2810 1843 ἑπενήνεκται,
2833 1771 3019 1849 φησιν,
3050 1771 3180 1841 ὑμῖν
3210 1772 3320 1823 πᾶν
3349 1765 3490 1830 εἶδος
3522 1768 3720 1837 ὀργῆς,

448 1872 505 1917 et
534 1836 1085 1930 aiumniiniquitatis.
1111 1862 1253 1931 Ergo
1276 1861 1402 1931 quid
1431 1836 1802 1931 percutie-ntiui
1843 1862 2019 1918 ultra?

2131 1836 2244 1920 καὶ.
2277 1866 2430 1920 αἰκία
2482 1836 2634 1936 παρὰ
2673 1836 3103 1936 Θεοῦςσκληρὰς
3146 1862 3242 1916 καὶ
3283 1836 3723 1930 ἁλλεπαλλήλους

444 1967 691 2024 quaenam
717 1953 936 2009 ultionis
966 1968 1220 2008 mensura
1247 1953 1401 2008 vobis
1438 1955 1543 2007 erit
1572 1955 1703 2007 satis
1734 1954 1801 2009 ad
1831 1969 2021 2009 emen-

445 2047 763 2102 dationem?
802 2045 861 2101 In
883 2061 1092 2101 summa
1123 2058 1244 2114 quae
1272 2045 1566 2107 acerbitas,
1592 2060 1710 2115 qua:
1744 2044 2023 2100 calamitas

446 2138 631 2194 lnl‘erri
662 2138 853 2206 possit,
891 2152 1010 2206 quae
1037 2135 1150 2203 jam
1192 2152 1298 2191 non
1338 2136 1574 2190 accidit?
1622 2136 1796 2191 Omne
1861 2148 2023 2205 caput

445 2230 612 2299 dolet,
642 2242 803 2285 omne
836 2243 930 2284 cor
967 2236 1182 2294 mmret,
1226 2242 1256 2280 a
1299 2227 1528 2297 pedibus
1555 2229 1621 2283 ad
1647 2237 1805 2299 caput
1828 2244 2017 2299 usque.

444 2322 655 2377 Etenim
673 2321 762 2391 qui
786 2322 931 2391 regia
960 2320 1222 2391 dignitate
1247 2320 1540 2389 pollebant,
1566 2320 1844 2376 laboribus
1873 2322 2013 2375 haud

446 2431 635 2471 narum
667 2414 1088 2480 aﬂlictabantur,
1120 2428 1244 2470 cum
1284 2415 1350 2469 ad
1382 2414 1741 2470 resistendum
1782 2416 2018 2486 impres-

446 2506 692 2564 sionibuc
714 2509 954 2565 hostium
976 2524 1133 2579 pares
1156 2523 1265 2563 non
1293 2516 1504 2564 essent.
1534 2508 1860 2563 Sacerdotes
1883 2511 2016 2564 item

445 2601 639 2655 dolore
667 2601 851 2656 ali‘ecti
884 2600 1180 2670 alllictique
1208 2606 1337 2655 sunt
1374 2600 1599 2663 abolito,
1625 2608 1687 2654 ut
1740 2598 2013 2664 dixeram,

444 2687 737 2742 sacriﬁcio.
774 2686 948 2742 Pedes
970 2703 1211 2758 quoque,
1261 2687 1365 2742 hoc
1399 2696 1503 2752 est,
1535 2688 1763 2742 extremi
1834 2688 2016 2743 homi-

450 2795 546 2834 nes
587 2789 644 2835 ct
698 2780 872 2835 inﬁmi
930 2779 1399 2849 percutiebantur,
1436 2788 1543 2833 tam
1602 2780 1786 2834 hostili
1837 2780 2017 2845 gladio

443 2854 868 2937 coii‘éisirquam
903 2869 1045 2923 tame
1076 2868 1442 2923 etSterilitate
1466 2868 1679 2931 domiti,
1708 2877 1764 2924 et
1789 2869 1841 2922 in
1865 2884 2016 2923 sum-

443 2976 548 3017 mae
573 2960 809 3017 miseria:
829 2960 1123 3015 discrimen
1150 2960 1393 3016 adducti.
1454 2961 1597 3017 Dicit
1636 2962 1818 3032 itaque
1849 2978 1865 3020 :
1895 2962 2015 3018 Non

442 3064 529 3109 est
568 3055 789 3117 vulnus,
826 3054 987 3120 livor,
1017 3053 1171 3123 plaga
1202 3063 1442 3120 tumens,
1499 3069 1605 3110 nec
1636 3064 1721 3110 est
1752 3054 2017 3125 malagma

439 3144 583 3208 quod
616 3159 876 3215 apponas,
927 3161 1030 3201 non
1056 3145 1256 3210 oleum,
1291 3160 1398 3200 non
1434 3145 1758 3216 alligatum.
1789 3147 2016 3214 Quando

444 3237 652 3292 scilicet
679 3238 902 3292 modicae
961 3238 1131 3307 plagae
1162 3237 1460 3290 humanum
1494 3252 1693 3308 corpus
1742 3240 2016 3305 infestant,

439 3338 495 3384 ιιι
534 3345 697 3384 unum
748 3331 1120 3387 tantummodo
1181 3333 1482 3387 membrum
1557 3331 1794 3400 pervasit
1834 3331 2015 3396 Iaisio;

444 3434 573 3477 tunc
622 3422 917 3479 moderata:
971 3424 1282 3479 curationes
1330 3440 1515 3480 eorum
1551 3425 1641 3494 qui
1693 3423 1769 3478 rei
1801 3423 2020 3478 medicae

440 3515 593 3583 gnari
628 3522 771 3579 sunt,
803 3522 927 3583 puta
960 3515 1259 3586 malagmaf,
1294 3514 1609 3585 ligamenta,
1644 3526 1700 3570 et
1735 3514 1837 3570 olei
1873 3515 2019 3569 inun-

439 3603 548 3659 ctio
584 3614 870 3661 contentas
897 3616 1076 3677 partes
1108 3623 1171 3661 ac
1196 3607 1397 3677 rigidas
1431 3607 1726 3674 resolvens,
1765 3622 1889 3665 esse
1925 3623 2018 3678 po-

440 3686 783 3750 teruntosui.
824 3694 957 3750 Cum
999 3705 1176 3750 autem
1208 3712 1418 3766 corpus
1458 3704 1628 3752 totum
1702 3707 2016 3766 corruptum

436 3796 543 3854 est,
578 3789 874 3856 'quodnam
925 3790 1230 3845 curationis
1265 3804 1435 3859 genus
1476 3790 1757 3860 proderit?
1788 3790 2019 3860 Superat

438 3878 583 3935 enim
626 3895 845 3935 omnem
900 3882 1266 3937 remediorum
1316 3882 1423 3935 vim
1466 3896 1530 3936 ac
1584 3881 1839 3936 virtutem
1882 3881 2018 3935 artis

437 3971 754 4041 magnitudo
798 3972 993 4028 morbi.
1047 3973 1234 4043 itaque
1294 3972 1520 4043 populus
1584 3971 1841 4028 Judaicus
1902 3973 2012 4043 jam

438 4065 820 4122 consauciatus
869 4067 1055 4121 sanari
1123 4081 1231 4121 non
1292 4075 1468 4135 p0test
1517 4082 1532 4120 :
1602 4075 1656 4120 et
1703 4066 2016 4120 inveteratis

440 4157 647 4213 morbis
684 4172 805 4212 cum
836 4158 1047 4214 laboret
1096 4156 1531 4224 intolerabiliter,
1576 4172 1673 4212 nec
1704 4156 1811 4212 ullo
1856 4157 2016 4212 modo

437 4248 485 4303 ei
517 4251 759 4305 succurri
790 4250 978 4321 possit,
1007 4251 1228 4306 omnino
1246 4250 1428 4320 periit.
1459 4248 1607 4304 Unde
1630 4250 1863 4305 etdivini
1889 4265 2005 4319 pro-

436 4343 611 4405 pheta:
634 4342 890 4397 dixerunt
923 4360 937 4397 :
989 4360 1010 4395 ι
1043 4342 1367 4398 Curavimus
1404 4340 1754 4412 Babylonem,
1786 4356 1893 4396 non
1926 4350 2016 4395 est

2129 1958 2393 2031 ὲξῄτησθε
2461 1957 2636 2022 δῖκας,
2666 1956 2779 2009 ἀλλ’
2812 1955 2964 2008 οὐδὲν
3009 1950 3172 2025 ἦττον
3211 1954 3333 2007 ἐστὲ
3374 1967 3729 2023 καταφρονηο

2126 2048 2219 2102 ταὶ
2292 2048 2386 2102 καὶ
2442 2048 2674 2117 ἀνομίας
2722 2045 3031 2117 σύντροφοι.
3075 2045 3142 2098 Τί
3191 2040 3285 2097 οὖν
3315 2043 3396 2096 ἔτι
3432 2040 3727 2111 πληγῆτες

2129 2143 2280 2195 ποῖον
2304 2142 2431 2209 ὑμῖν
2468 2138 2651 2201 αίκίας
2682 2138 2904 2209 ἀρκέσει
2942 2137 3143 2208 μέτρον
3184 2136 3265 2198 εἰς
3303 2132 3731 2203 ὲπανόρθωσιν;

2125 2234 2179 2287 τί
2231 2232 2286 2286 δὲ
2322 2232 2458 2295 ὅλως
2516 2230 2938 2300 ὲπενεχθήσεται
2977 2229 3087 2282 τῶν
3140 2225 3349 2289 δεινῶν,
3387 2225 3415 2278 ὃ
3469 2225 3544 2294 μή
3608 2240 3733 2287 πως

2128 2322 2510 2395 συμϐέϐηκεν;
2573 2323 2722 2375 πᾶσα
2778 2321 2988 2391 κεφαλὴ
3043 2321 3124 2382 είς
3176 2319 3358 2381 πόνον,
3418 2316 3515 2368 καὶ
3567 2316 3732 2369 πᾶσα

2125 2415 2322 2485 καρδία
2348 2416 2426 2478 εἰς
2457 2413 2633 2482 λύπην
2679 2411 2787 2466 ἀπὸ
2841 2411 3016 2464 ποδῶν
3047 2410 3157 2473 ἓως
3196 2407 3460 2477 κεφαλῆς.
3513 2406 3581 2457 Οἱ
3628 2403 3731 2474 μὲν

2124 2507 2235 2577 γάρ
2278 2507 2378 2578 τὴν
2430 2505 2679 2576 βασιλίδα
2717 2504 2881 2575 τιμὴν
2935 2502 3192 2572 λαχόντες
3232 2500 3613 2566 πεπονήκασιν
3663 2497 3731 2550 οὗ

2126 2597 2384 2667 μετρίως,
2429 2596 2703 2664 ἀντισχεῖν
2744 2594 2844 2646 οὐκ
2890 2591 3106 2661 ἔχοντες
3150 2591 3268 2652 ταῖς
3296 2586 3406 2641 τῶν
3440 2586 3735 2656 πολεμίων

2124 2688 2403 2758 ἐμϐολαῖς.
2456 2686 2798 2755 Λελύπηνται
2851 2685 2948 2736 καὶ
3000 2683 3050 2735 οἱ
3107 2683 3275 2750 ἱερεῖς
3321 2677 3612 2750 ἀργούσης
3656 2679 3737 2741 ὡς

2122 2776 2259 2845 ἔφην
2294 2775 2505 2839 θυσίας.
2549 2774 2907 2843 Ἐπλήττοντο
2929 2772 2989 2825 δὲ
3010 2771 3103 2824 καὶ
3133 2772 3183 2823 oi
3209 2770 3389 2833 πόδες,
3432 2770 3738 2824 τουτέστιν

2122 2865 2172 2917 οἱ
2211 2863 2511 2916 τελευταῖοι
2550 2862 2643 2915 καὶ
2692 2860 3016 2914 κατώτατοι.
3077 2859 3248 2912 Τοῦτο
3315 2859 3411 2928 μὲν
3457 2861 3586 2923 τοῖς
3624 2859 3743 2914 τῶν

2123 2955 2398 3024 πολεμίων
2435 2953 2614 3020 ξίφεσι
2652 2951 3053 3022 δαπανώμενοι,
3094 2951 3254 3003 τοῦτο
3303 2949 3361 3003 δὲ
3411 2948 3508 3003 καὶ
3547 2950 3741 3020 λιμοῖς

2122 3064 2183 3101 τε
2214 3047 2309 3100 καὶ
2345 3046 2648 3118 ἀκαρπίαις
2678 3043 3171 3116 κατατρυχόμενοι,
3198 3041 3292 3095 καὶ
3335 3041 3431 3111 τῆς
3471 3041 3733 3112 ἀκράτου

2120 3138 2495 3208 ταλαιπωρίας
2531 3138 2609 3201 είς
2652 3139 2847 3206 πεῖραν
2884 3134 3255 3205 ὲνηνεγμὲνοι.
3288 3132 3592 3201 Τοιγάρτοι
3623 3149 3735 3203 φη-

2123 3229 2229 3293 σὶν,
2254 3230 2366 3284 Οὐκ
2395 3229 2510 3281 ἐστι
2554 3228 2818 3299 μάλαγμα
2856 3226 3143 3291 ἐπιθεῖναι,
3196 3223 3305 3277 οὔτ’
3351 3222 3559 3289 ἔλαιον,
3601 3223 3736 3279 οὔτε

2121 3313 2522 3389 καταδέσμουξ.
2570 3320 2687 3370 Ὄτ“
2715 3318 2782 3371 ἂν
2835 3318 2932 3388 μὲν
2967 3315 3075 3389 γὰρ
3122 3312 3426 3385 σύμμετροί
3464 3330 3622 3378 τινες
3652 3315 3740 3386 τῷ

2122 3410 2448 3481 ἀνθρωπίνῳ
2499 3409 2709 3480 σώματι
2763 3408 3104 3479 συμϐαίνωσι
3156 3405 3383 3475 πληγαὶ,
3428 3406 3532 3458 καὶ
3604 3406 3740 3461 καθ’

2121 3502 2238 3566 ἐνὸς
2275 3501 2343 3555 io:
2389 3501 2580 3572 μέλους
2640 3501 2674 3570 ἡ
2721 3498 2923 3570 βλάϐη,
2967 3497 3291 3570 τοτηνικάδε
3333 3496 3598 3567 χρήσιμα
3632 3499 3742 3571 τῆς

2120 3594 2229 3648 τῶν
2256 3592 2612 3663 θεραπεύσειν
2661 3593 2878 3645 εἰδότων
2931 3588 3233 3651 ἐπιεικείας
3281 3587 3350 3640 τὰ
3396 3588 3735 3660 εὑρήματα,

2119 3682 2231 3740 οἷον
2279 3687 2563 3758 μάλαγμα,
2601 3685 2696 3739 καὶ
2740 3683 3091 3753 κατάδεσμοι,
3152 3680 3246 3733 καὶ
3302 3679 3486 3734 ἐλαίου
3542 3682 3743 3754 χρίσις

2119 3778 2332 3848 χολῶσα
2383 3778 2451 3832 τὰ
2475 3776 2876 3845 συντεινόμενα.
2903 3775 3072 3826 Ὅταν
3116 3770 3172 3824 δὲ
3207 3770 3275 3823 δι’
3302 3771 3422 3823 ὅλον
3460 3773 3526 3825 τὸ
3564 3774 3743 3844 σῶμα

2119 3870 2269 3939 νοσῇ,
2301 3868 2393 3922 καὶ
2421 3867 2503 3935 ἐφ’
2535 3864 2712 3936 ἑαυτῷ
2763 3862 3214 3933 καταφθείρηται,
3258 3862 3409 3923 ποῖος
3444 3862 3613 3934 αὐτῷ
3646 3865 3748 3917 οε-

2123 3960 2352 4032 ραπείας
2387 3959 2596 4030 ὀνίνησι
2645 3956 2883 4027 τρόπος;
2918 3955 3045 4024 νικᾷ.
3099 3952 3210 4023 γὰρ
3257 3953 3481 4016 πάντως
3524 3956 3643 4010 τῶν
3674 3962 3747 4012 ἐκ

2116 4052 2314 4124 τέχνης
2370 4047 2828 4120 ἐπικουρημάτων
2884 4045 2983 4116 τὴν
3018 4044 3265 4114 δύναμιν,
3308 4044 3406 4113 τῆς
3451 4046 3628 4101 νόσου
3672 4050 3743 4103 τὸ

2122 4143 2374 4214 μέγεθος.
2421 4140 2665 4201 Ἀνίάτος
2698 4134 2986 4206 τοιγαροῦν
3028 4138 3062 4205 ἡ
3102 4132 3211 4187 τῶν
3258 4132 3544 4189 Ἰουδαίων
3595 4140 3751 4210 πλη-

2119 4237 2216 4299 θὺς
2250 4229 2619 4303 περιπεσοῦσα
2647 4227 2980 4301 τραύμασιν,
3028 4226 3122 4279 καὶ
3157 4224 3456 4295 ἀφορήτως
3489 4230 3753 4287 νοσοῦσα

2118 4325 2188 4380 τὰ
2228 4325 2285 4392 ἐξ
2329 4323 2522 4396 ὀργῆς,
2558 4319 2837 4375 ἀπόλωλεν
2871 4318 3200 4391 όλοτρόπως,
3249 4314 3492 4386 μηδενὸς
3542 4324 3752 4389 αὺτοῖς

436 4443 649 4501 sanata,
699 4434 1035 4490 deseruimus
1096 4449 1216 4488 eam
1271 4436 1336 4489 ".
1371 4453 1391 4487 θ
1426 4408 1687 4502 Babyloni
1745 4434 2012 4504 siquidem

2127 4418 2485 4489 βοηθήσαντος
2510 4416 2734 4485 τρόπου.
2775 4412 3066 4480 Τοιγάρτοι
3104 4408 3341 4478 ἔφασκον
3390 4418 3498 4464 και
3552 4416 3609 4468 οἱ
3661 4416 3755 4471 θε.

436 4527 679 4595 gentium
714 4526 857 4592 urbi;
898 4534 956 4581 et
1005 4526 1120 4582 haec
1166 4528 1296 4582 urbs
1335 4527 1462 4582 licet
1506 4537 1691 4584 sancta
1726 4526 1868 4581 dicta
1916 4524 2009 4586 sit,

2127 4509 2330 4561 σπέσιοι
2386 4506 2699 4575 προφῆται·
2763 4521 2781 4553 ι
2829 4500 3221 4569 ’ἰατρεύσαμεν
3256 4498 3355 4569 τὴν
3387 4501 3751 4574 Βαϐυλῶνα,

438 4592 663 4687 propter
705 4617 1039 4685 impietatem
1075 4617 1127 4672 in
1153 4618 1429 4674 Christum
1481 4620 1736 4684 maxime,
1779 4626 1834 4673 et
1887 4615 2012 4685 quia

2127 4601 2208 4655 ιιαὶ
2267 4599 2369 4653 οὐκ
2412 4597 2559 4667 ἰάθη,
2618 4594 3081 4663 ἐγκατελείπομεν
3134 4592 3324 4660 αὐτήν.
3359 4610 3378 4644 ι
3428 4594 3754 4656 Βαϐυλῶνι

440 4683 563 4763 ram
626 4683 952 4765 manuﬁfactis
1010 4710 1379 4780 oppleverunt,
1423 4720 1730 4782 comparata
1761 4716 1847 4763 est
1881 4683 2015 4761 :iut-

2127 4694 2220 4764 γὰρ
2253 4694 2319 4763 τῇ
2368 4690 2475 4744 τῶν
2522 4686 2690 4740 ἐθνῶν
2721 4685 3136 4757 παρεικάζεται,
3182 4683 3358 4737 καίτοι
3397 4687 3574 4753 πόλις
3604 4693 3755 4762 ἁγία

435 4811 561 4871 pote
592 4816 712 4856 cum
738 4818 768 4858 a
798 4776 1185 4860 consuetudine
1209 4776 1566 4876 institutoque
1596 4801 2014 4873 Babyloniorum

2127 4779 2606 4852 ιατωνομασμένη,
2658 4778 2749 4833 διά
2781 4795 2864 4831 τοι
2906 4776 3142 4848 μάλιστα
3197 4776 3294 4846 τὴν
3328 4776 3418 4840 είς
3484 4781 3755 4850 Χριστὸν

437 4894 751 4962 neutiquam
782 4894 1097 4949 recederet:
1133 4910 1259 4965 qua:
1300 4897 1443 4951 dicta
1493 4906 1581 4951 est
1625 4895 1789 4949 etiam
1820 4892 2016 4947 civitas

2127 4875 2392 4935 lmé63tav,
2419 4872 2564 4944 ἢκαὶ
2594 4872 2675 4925 ὅτι
2715 4869 2825 4924 τῶν
2865 4869 3254 4940 χειροποιήτων
3286 4867 3757 4941 ἐνεπίμπλασαν

436 4987 785 5059 sculptilium.

2127 4967 2306 5039 αὐτὴν,
2339 4964 2414 5028 ὡς
2438 4964 2558 5018 κατ’
2588 4961 2776 5016 οὐδένα
2810 4960 3009 5030 τρόπον
3028 4962 3094 5030 τῇ
3127 4956 3506 5017 Βαϐυλωνίων
3563 4982 3759 5041 παρα.

2118 5060 2408 5131 χωρήσειν,
2434 5058 2470 5128 ἢ
2502 5054 2597 5110 καὶ¹
2647 5052 3057 5125 ὠνόμασταιγῆ
3091 5050 3200 5104 τῶν
3228 5049 3531 5117 γλυπτῶν.

505 5147 669 5205 Vens.
703 5147 757 5204 7.
800 5146 962 5204 Terra
1013 5159 1181 5204 vestra
1240 5146 1470 5208 deserta,
1525 5146 1764 5199 civitates
1827 5153 2013 5198 castra:

434 5240 544 5309 igni
576 5252 821 5295 cremata
864 5249 1008 5305 sunt,
1062 5241 1318 5310 regionem
1371 5247 1605 5291 nostram
1646 5236 1699 5289 in
1730 5246 2011 5305 conspectu

436 5344 600 5388 castra
625 5333 782 5386 alieni
812 5333 1087 5387 devorant.
1133 5332 1199 5384 Et
1228 5338 1430 5382 uastata
1465 5337 1563 5391 est,
1591 5342 1771 5381 eversa
1791 5344 1823 5381 a
1852 5342 2012 5396 popu-

432 5423 497 5479 li:
527 5425 733 5479 alienis.

502 5517 654 5583 Quod
710 5516 914 5571 dictum
950 5513 1234 5568 videbatur
1268 5511 1664 5583 quodammodo
1703 5512 2007 5582 obscurius,

433 5619 596 5676 quam
645 5607 750 5662 dici
806 5607 1065 5672 oportuit,
1101 5604 1153 5658 id
1206 5604 1421 5675 planum
1472 5614 1526 5658 et
1567 5615 1810 5675 apertum
1846 5604 1995 5660 facit.

434 5698 575 5765 Quid
631 5697 775 5753 enim
826 5700 929 5752 hoc
956 5696 1244 5766 signiticet,
1280 5712 1384 5752 non
1427 5705 1511 5752 est
1547 5697 1811 5768 malagma
1852 5698 1994 5768 quod

514 5851 557 5882 “
597 5848 793 5906 Jercm.
830 5860 901 5906 LI.
932 5848 982 5905 9.

2193 5150 2253 5205 Ἠ
2296 5147 2372 5219 γῆ
2397 5145 2566 5217 ὑμῶν
2592 5146 2831 5215 ἕρημος,
2870 5146 2927 5197 αἱ
2961 5142 3168 5206 πόλεις
3215 5139 3390 5209 ὑμῶν
3424 5147 3762 5215 πυρίκαυο

2116 5257 2271 5304 στοι,
2331 5239 2443 5308 τὴν
2490 5239 2688 5310 χώραν
2744 5235 2912 5307 ὑμῶν
2970 5233 3225 5287 ἐνώπιον
3287 5231 3477 5299 ὑμῶν
3542 5240 3761 5298 ἀλλό-

2117 5350 2263 5402 τριοι
2330 5331 2759 5385 κατεσθίουσιν
2807 5323 3022 5390 αὐτήν.
3078 5322 3187 5377 Καὶ
3221 5319 3558 5391 ἠρήμωται
3606 5348 3761 5387 κατ-

2116 5418 2489 5491 εστραμμένη
2520 5417 2641 5473 ὑπὸ
2673 5414 2839 5472 λαῶν
2868 5412 3219 5481 ἀλλοτρίων.

2188 5513 2262 5567 Τὸ
2304 5510 2674 5582 ἀσαφέστερόν
2725 5525 2840 5571 πως
2907 5507 2941 5578 ἢ
2999 5504 3138 5577 χρῆν
3190 5502 3467 5572 εἰρῆσθαι
3539 5511 3762 5570 δοκοῦν

2118 5603 2440 5674 καθίστησιν
2474 5599 2719 5672 ἐναργές.
2756 5597 2821 5649 Τί
2870 5597 2977 5667 γὰρ
3012 5595 3077 5649 ἂν
3125 5592 3379 5663 βούλοιτο
3419 5597 3644 5670 δηλοῦν
3666 5605 3761 5668 τὸ.

2102 5698 2202 5752 οὐκ
2226 5694 2338 5750 εστι
2381 5693 2644 5764 μάλαγμα
2680 5688 2967 5755 ἐπιθεῖναι,
2994 5685 3116 5739 οὔτε
3139 5685 3343 5751 ἔλαιον,
3388 5688 3532 5746 οὕτε
3570 5714 3762 5753 κατι.
