4100 6522
415 371 491 428 25

1606 370 1675 426 1N
1717 369 1951 427 ιδΑιΑιι
1991 369 2120 427 LIB.
2163 370 2208 431 1.
2247 371 2456 431 OBAT.
2500 374 2540 429 Ι.

3648 377 3723 429 26

413 489 688 558 δέσμους·
734 486 1088 558 διιρμηνεύει
1122 486 1356 552 λευκῶς,
1401 486 1735 559 ἠρημῶσθαι
1782 487 1883 560 τὴν
1923 487 2031 558 γῆν

2140 501 2467 562 apponatur,
2498 506 2605 547 non
2628 492 2804 548 oleum
2825 534 2840 560 ,
2877 470 2985 547 no—n
3007 490 3343 562 alligatum?
3384 492 3608 549 Terram
3630 511 3724 551 eo-

413 579 596 646 λέγων
648 575 856 644 αὐτῶν,
914 577 1289 649 ὲμπρισθῆναι
1329 578 1388 632 δὲ
1435 578 1663 643 καὶτὰς
1699 578 1885 641 πόλεις
1929 581 2029 635 καὶ

415 670 692 740 ὑπόχειρα
726 668 988 737 γενέσθαι
1018 669 1129 722 τῶν
1170 669 1404 741 ἐχθρῶν,
1448 671 1543 724 καὶ
1590 670 1752 725 τοῦτο
1806 671 2031 740 ἀλλογε-

414 762 550 827 νῶν,
585 762 663 825 ὡς
718 763 1008 833 μονονουχὶ
1039 762 1133 815 καὶ
1190 763 1411 817 ἅπασαν
1463 764 1528 817 ἐκ
1588 763 1806 837 βάθρων
1848 764 2030 819 αὐτῶν

415 853 859 925 ἀνατετράφθαι.
895 853 1226 918 Πλειστάκις
1249 854 1348 924 μὲν
1368 848 1464 908 οὖν
1489 854 1838 925 συμϐέϐηκεν
1886 854 2030 909 ἀλῶ-

417 959 510 996 ναι
534 942 637 1013 τὴν
671 942 960 1005 Ἰουδαίαν,
988 942 1093 996 ὑπό
1125 959 1185 996 τε
1228 943 1531 1015 Ἀσσυρίων
1555 945 1651 999 καὶ
1687 945 2026 1014 Αἰγυπτίων,

416 1035 617 1106 Σύρων
668 1053 731 1089 τε
762 1036 858 1090 καὶ
904 1036 1239 1101 Μωαϐιτῶν,
1309 1039 1625 1111 Ἰδουμαίων
1671 1057 1733 1093 τε
1776 1040 1871 1094 καὶ
1921 1042 2030 1095 τῶν

417 1127 781 1198 καλουμένων
836 1128 1165 1199 Φιλιστιεὶμ,
1207 1130 1326 1201 ἦτοι
1388 1131 1787 1187 Παλαιπινῶν.
1869 1131 2031 1186 Ἀλλά

416 1220 581 1289 ὀλίγα
620 1220 901 1286 παθοῦσα,
940 1222 1040 1274 καὶ
1098 1223 1434 1294 συμμέτροις
1484 1223 1597 1277 ἐσθ’
1652 1226 1742 1278 ὅτε
1796 1242 2031 1297 περιπε-

419 1314 599 1369 σοῦσα
624 1317 937 1385 συμφοραῖς
962 1313 1124 1368 πάλιν
1144 1316 1442 1386 ἀνήνεγκεν
1469 1316 1849 1387 ἐπαμύνοντος
1873 1318 2030 1384 Θεοῦ,

418 1407 520 1458 καὶ
551 1405 720 1458 αὑτοῦ
750 1406 1045 1476 μοτοῦντος
1088 1406 1183 1460 τοῦ
1238 1406 1563 1477 πλήξαντος.
1621 1409 1926 1463 Ἀπόλιυλεν
1976 1409 2035 1463 δὲ

417 1495 739 1566 ὀλοτρόπως
801 1496 944 1566 μετὰ
973 1496 1067 1549 τὸν
1112 1495 1208 1549 τοῦ
1258 1497 1511 1569 Σωτῆρος
1553 1500 1810 1570 σταυρὸν,
1859 1517 2035 1555 κατα-

417 1586 700 1656 δῃούντων
750 1586 923 1657 αὐτὴν
955 1588 1374 1643 Οὐεσπασιανοῦ
1424 1607 1484 1644 τε
1527 1592 1619 1647 καὶ
1678 1590 1861 1645 Τίτου.
1898 1592 2034 1645 Τότε

420 1676 535 1748 γάρ
592 1676 659 1747 δὴ
722 1678 1078 1749 συμϐέϐηκεν
1122 1681 1604 1753 κατεμπρισθῆναι
1670 1683 1771 1754 μὲν
1826 1684 2031 1750 πόλεις,

418 1767 648 1822 ἃπασαν
700 1769 760 1823 δὲ
803 1771 915 1824 τῶν
973 1773 1331 1829 ἐνοικούντων
1391 1775 1555 1847 κενὴν
1614 1775 1872 1845 γενέσθαι
1934 1775 2032 1848 τὴν

415 1858 631 1930 χώραν,
682 1863 778 1916 καὶ
832 1863 940 1917 ὑπὸ
993 1868 1152 1935 χεῖρα
1194 1868 1381 1921 πεσεῖν
1425 1867 1538 1922 τῶν
1583 1869 2029 1941 κεκρατηκότων,
2063 1848 2106 1907 Β

416 1953 834 2026 παμμοχθηρὸν
859 1955 918 2009 δὲ
949 1956 1011 2009 τὸ
1046 1957 1278 2011 ἐνώπιον
1337 1959 1520 2014 αὐτῶν
1568 1962 1737 2032 ἧγουν
1782 1960 2035 2033 ὁρώντων

415 2045 518 2096 καὶ
550 2045 965 2118 ἀλγυνομένων,
1014 2050 1107 2120 ὑφ’
1149 2051 1357 2124 ἑτέροις
1400 2048 1541 2106 εἶναι
1596 2054 1698 2126 τὴν
1746 2055 1852 2125 γῆν
1903 2072 2035 2108 κατ-

415 2135 749 2209 εσθιομὲνην
779 2140 983 2209 τρόπον
1006 2141 1131 2195 τινὰ
1146 2143 1242 2195 καὶ
1263 2144 1685 2216 δαπανωμένην.
1712 2146 1785 2199 Τὸ
1805 2146 1905 2216 μὲν
1926 2145 2035 2219 γὰρ

416 2228 667 2293 ἀπόντας
691 2229 929 2287 ἀκοῦσαι
954 2234 1115 2304 μόνον
1135 2236 1277 2305 τάχα
1315 2254 1421 2290 που
1456 2238 1701 2310 φορητὴν
1740 2239 1924 2303 αὐτοῖς
1968 2239 2036 2292 ἂν

417 2322 716 2393 ἐνεποίησε
748 2324 849 2396 τὴν
877 2326 1079 2400 λύπην.
1105 2330 1179 2383 Τὸ
1200 2331 1258 2384 δὲ
1282 2331 1378 2384 καὶ
1410 2334 1685 2404 παρόντας
1713 2336 1866 2404 ὁρᾷν,
1919 2331 2037 2388 εἶτα

420 2416 597 2486 μηδὲν
627 2418 935 2489 ἐπαμύνειν
968 2421 1232 2479 δύνασθαι
1293 2427 1673 2498 κατηχθῆσθαι
1728 2429 1786 2481 δὲ
1844 2428 2037 2499 ὥσπερ

417 2512 545 2573 ταῖς
584 2510 648 2575 ἐξ
685 2511 936 2583 ἀνάγκης
962 2519 1277 2588 συμφοραῖς
1299 2518 1578 2573 δύσοιστον
1603 2520 1718 2591 ἔχει
1756 2521 1851 2574 καὶ
1894 2539 2039 2593 παμ-

417 2601 563 2654 πολὺ
612 2601 678 2654 τὸ
713 2602 944 2659 λυποῦν.
994 2610 1090 2660 Δεῖ
1116 2608 1183 2679 δὴ
1226 2605 1320 2664 οὖν
1352 2612 1502 2682 ἡμᾶς
1546 2611 1621 2682 μὴ
1672 2614 2035 2684 παροργίξειν

416 2691 516 2744 τὸν
540 2693 700 2761 ἅγιον
733 2694 831 2748 τοῦ
878 2696 1116 2770 Ἰσραὴλ,
1154 2700 1243 2753 ἵνα
1291 2699 1369 2773 μὴ
1420 2704 1636 2773 ὁρατοῖς
1665 2721 1726 2758 τε
1756 2706 1851 2758 καὶ
1875 2706 2036 2778 ἀορά-

417 2800 538 2849 τοις
593 2788 1025 2859 περιπίπτωμεν
1085 2791 1301 2863 ἐχθροῖς
1368 2796 1451 2858 είς
1516 2794 1588 2847 τά
1650 2795 1752 2864 τῆς
1810 2797 2036 2866 ἀτιμίας

419 2874 866 2941 καταϐιϐάζουσι
893 2880 1064 2950 πάθη,
1106 2882 1202 2935 καὶ
1235 2883 1345 2937 πᾶν
1380 2883 1646 2956 ὀχύρωμα
1679 2885 1775 2939 τοῦ
1798 2889 1856 2941 ὲν
1904 2888 2036 2957 ἡμῖν

418 2965 579 3032 ὕντος
602 2969 700 3022 νοῦ
748 2972 1246 3043 καταστρέφουσιν,
1280 2974 1356 3038 ὡς
1401 2979 1807 3049 κατανέμεσθαι
1833 2981 2053 3051 τρόπον’

418 3061 549 3115 τινὰ
577 3062 679 3134 τὴν
717 3063 912 3118 ἀθλίαν
938 3065 1141 3138 ψυχὴν,
1178 3074 1273 3121 καὶ
1325 3071 1531 3134 πάντας
1581 3072 1753 3142 αὐτῆς
1791 3073 2037 3144 δαπανᾷν

420 3155 550 3219 τοὺς
583 3160 857 3227 καρποὺς,
905 3159 994 3213 ἵνα
1019 3156 1132 3214 οἷον
1184 3160 1328 3233 ξηρὰ
1366 3179 1427 3216 τε
1456 3165 1550 3217 καὶ
1593 3164 1789 3236 ἄτιμος
1832 3162 1890 3239 ᾗ,
1939 3167 2033 3220 καὶ

419 3246 798 3311 ἁκανθοτόκος
824 3251 1153 3323 εὑρίσκηται
1203 3254 1299 3322 γῆ,
1327 3248 1391 3326 ἦς
1420 3255 1481 3309 τὸ
1508 3256 1663 3320 τέλος
1697 3258 1779 3321 είς
1812 3258 2030 3326 καῦσιν,

420 3338 570 3392 κατά
593 3340 696 3410 τὴν
727 3339 825 3393 τοῦ
854 3341 1130 3411 μακαρίου
1157 3342 1371 3397 Παύλου
1410 3347 1617 3417 φωνήν.

506 3430 1166 3502 Ἐγκατακλειέρθήσεται
1191 3437 1226 3504 ἡ
1250 3436 1513 3505 θυγάτηρ
1537 3437 1692 3492 Σιὼν
1720 3440 1803 3505 ὡς
1826 3439 2033 3508 σκηνὴ

418 3522 495 3576 ἐν
522 3522 859 3593 ἀμπελῶνι,
894 3526 995 3580 καί
1027 3527 1529 3598 ὀπωροφυλάκιον
1552 3531 1625 3583 ἐν
1663 3533 2033 3601 σικνυηλιὶτῳ,

416 3616 505 3683 ὡς
532 3619 716 3684 πόλις
745 3621 1256 3690 πολιορκουμένη.

507 3709 779 3791 Ἐλεεινὸν
801 3711 862 3763 τὸ
889 3711 1113 3783 χρῆμα*
1149 3713 1269 3777 πῶς
1315 3713 1426 3785 γὰρ
1476 3715 1537 3768 οὐ
1591 3716 1792 3789 θρήνου
1824 3735 1884 3771 τε
1939 3718 2038 3773 καὶ

418 3801 679 3871 οίμωγῆς
725 3800 914 3866 datm;
946 3804 981 3873 ή
1016 3803 1127 3874 γὰρ
1156 3803 1325 3857 πάλαι
1357 3803 1626 3876 θυγάτηρ,
1662 3809 1758 3861 καὶ
1786 3811 1853 3879 τῇ
1900 3808 2037 3881 κλή-

424 3908 511 3945 σει
540 3892 724 3964 τοιᾷδε
750 3894 1117 3964 τετιμημένη,
1152 3896 1246 3949 καὶ
1269 3892 1383 3950 οἷον
1419 3898 1526 3952 ὑπὸ
1557 3900 1729 3970 πατρὶ
1754 3899 2039 3973 φιλοστορ-

420 3985 646 4054 γοτάτῳ
695 3986 1017 4057 πράττουσα
1046 3987 1125 4060 τῷ
1161 3988 1302 4061 Θεῷ,
1337 3991 1370 4062 ἡ
1399 3992 1576 4061 φειδοῖ
1614 3993 1711 4047 καὶ
1742 3994 1931 4067 ἀγάπῃ
1966 3999 2034 4067 τῇ

419 4079 559 4148 ⁸παρ’
595 4080 767 4134 αὐτοῦ
798 4078 1103 4150 μεθύουσα,
1135 4082 1230 4135 καὶ
1258 4083 1383 4146 ταῖς
1420 4086 1501 4148 εἰς
1556 4083 1713 4155 λῆξιν
1762 4087 2036 4151 εὐκλείαις

421 4171 563 4240 παρ’
612 4170 782 4225 αὑτοῦ
823 4172 1267 4246 στεφανουμένη,
1322 4175 1421 4229 καὶ⁸
1461 4176 1890 4248 κατακρατοῦσα
1927 4178 2039 4233 τῶν

419 4264 894 4333 ἀνθειστηκότων,
939 4266 1036 4318 καὶ
1059 4266 1359 4338 ἀμετρήτῳ
1388 4267 1592 4340 πληθυῖ
1615 4269 1727 4325 τῶν
1755 4269 2038 4325 ἐνοικούν-

422 4372 536 4410 των
601 4356 780 4426 αὐτὴν
825 4356 1221 4428 περιεχομένη,
1271 4358 1304 4427 ή
1358 4360 1738 4430 παμμακαρία
1781 4364 1878 4416 καὶ
1920 4363 2038 4416 δια-

421 4445 624 4515 εὸητος
648 4444 811 4510 Σιὼν,
838 4448 1008 4517 ήγουν
1060 4446 1441 4519 Ἰερουσαλὴμ,
1470 4442 2064 4530 ἐγκαταλειξρθήσεται,

2059 3207 2102 3265 C

2133 599 2253 640 rum
2285 593 2555 640 vastatam
2612 599 2736 641 esse
2770 584 3002 640 candide
3028 593 3084 640 et
3122 585 3412 657 perspicue
3448 586 3721 656 interpre-

2133 682 2300 738 tatur,
2368 672 2617 742 dicitque
2670 673 2831 729 urbes
2894 673 3164 738 incensas,
3209 674 3263 727 in
3306 688 3577 742 manuque
3603 690 3724 729 esse

2132 763 2368 819 hostium
2396 772 2560 832 atque
2584 764 2721 820 adeo
2750 765 3201 834 alienigenarum,
3254 774 3534 833 totamque
3566 768 3723 820 modo

2135 872 2243 912 non
2273 872 2302 909 a
2332 856 2391 928 8
2455 856 2828 910 fundamentis
2874 857 3118 911 excisam
3148 871 3288 910 esse.
3339 855 3724 927 Szrpentiinero

2135 949 2353 1020 quidem
2398 949 2619 1015 accidit,
2660 958 2717 1002 ut
2747 959 3036 1017 caperetur
3063 947 3271 1010 Jndma.
3302 949 3372 1003 ab
3407 949 3648 1021 Assyriis
3666 959 3725 1004 et

2134 1040 2429 1112 Egyptiis,
2460 1040 2613 1113 Syris
2674 1051 2729 1096 et
2781 1041 3051 1103 Moabitis,
3120 1045 3188 1096 ab
3228 1042 3503 1105 ldumaeis,
3565 1050 3621 1096 et
3657 1042 3726 1098 ab

2139 1135 2220 1189 bis
2253 1134 2345 1205 qui
2388 1133 2699 1188 Pbilisshim
2735 1148 2831 1187 seu
2866 1132 3138 1186 Palmstini
3166 1142 3464 1189 vocantur:
3496 1144 3551 1187 at
3585 1133 3725 1187 levia

2135 1226 2379 1294 pertulit,
2410 1234 2465 1279 et
2497 1225 2549 1278 in
2583 1224 2725 1277 mala
2760 1223 2951 1278 incidit
2984 1222 3313 1289 tolerabilia,
3347 1234 3402 1278 et
3427 1224 3727 1292 opitulante

2138 1318 2248 1373 Deo
2276 1316 2504 1387 ipsoque
2527 1316 2852 1370 vulnerante
2878 1316 3295 1384 perrutieutem,
3327 1331 3518 1372 rursus
3545 1331 3725 1371 emer-

2136 1411 2226 1465 sit.
2261 1410 2464 1466 Verum
2517 1418 2634 1479 post
2669 1407 2987 1463 Servatoris
3017 1423 3239 1462 crucem
3292 1406 3628 1473 Vespasiano
3660 1422 3728 1463 ac

2137 1503 2263 1557 Tito
2316 1516 2437 1555 eam
2486 1498 2870 1572 populantibus
2915 1498 3166 1552 funditus
3216 1508 3297 1551 est
3332 1499 3528 1553 deleta.
3573 1498 3729 1555 Tunc

2136 1595 2282 1649 enim
2357 1594 2561 1659 evenit,
2625 1602 2684 1645 ut
2755 1593 2920 1646 urbes
2986 1591 3426 1654 incenderentur,
3472 1590 3726 1646 universa

2136 1685 2300 1739 etiam
2329 1684 2477 1754 regio
2533 1682 2727 1737 incolis
2762 1697 2935 1737 vacua
3002 1692 3262 1749 vastaque
3305 1681 3622 1735 redderetur
3673 1686 3730 1735 et

2142 1778 2195 1828 in
2235 1790 2454 1829 manum
2512 1774 2782 1827 victorum
2835 1772 3127 1836 recideret,
3182 1772 3437 1841 quodque
3480 1770 3727 1826 omnium

2137 1865 2506 1920 miserrimum
2533 1873 2637 1929 est,
2691 1862 2744 1917 in
2786 1874 3082 1933 conspectu
3136 1863 3397 1929 ipsorum,
3434 1861 3566 1929 ipsis
3620 1861 3727 1916 sci-

2136 1957 2262 2012 licet
2297 1971 2481 2011 coram
2523 1955 2890 2024 spectantibus
2915 1994 2930 2019 ,
2984 1964 3148 2024 atque
3187 1952 3495 2008 dolentibus
3524 1963 3727 2008 terram

2137 2064 2259 2105 esse
2297 2048 2420 2102 aliis
2459 2048 2757 2112 subditam,
2801 2057 2856 2100 et
2884 2061 3103 2100 exesam
3135 2044 3534 2114 quodammodo
3565 2056 3729 2113 atque

2135 2150 2532 2209 consumptam.
2568 2137 2698 2191 Nam
2730 2139 2987 2190 absentes
3026 2137 3252 2190 auribus
3282 2136 3500 2188 haurire
3526 2134 3727 2201 Solum,

2136 2233 2379 2287 dolorem
2440 2229 2659 2284 alierret
2712 2228 2984 2291 fortassis,
3043 2235 3101 2281 at
3146 2226 3527 2281 tolerabilem:
3585 2241 3728 2294 prae-

2136 2334 2321 2380 sentes
2344 2338 2471 2378 vero
2490 2321 2710 2388 intueri,
2738 2336 2837 2376 nec
2860 2331 3038 2375 tamen
3056 2319 3351 2388 quidquam
3382 2321 3502 2387 opis
3530 2320 3729 2376 allerre
3799 2372 3809 2382 ,

2136 2430 2316 2485 posse,
2370 2414 2804 2481 necessariisque
2855 2411 3007 2479 quasi
3056 2411 3416 2479 ingemiscere
3440 2410 3729 2465 calamita-

2137 2507 2303 2569 tibus,
2338 2507 2738 2562 intolerabilius
2785 2508 3004 2576 quidem
3047 2521 3153 2571 est,
3176 2517 3229 2562 et
3260 2523 3392 2561 sane
3419 2523 3580 2575 quam
3615 2522 3732 2565 mo-

2135 2596 2355 2651 lestum.
2406 2597 2589 2663 Quare
2641 2614 2746 2652 non
2779 2608 2864 2653 est
2918 2600 3076 2654 nobis
3107 2610 3332 2653 sanctus
3362 2597 3577 2654 Israelis
3599 2613 3730 2654 con-

2134 2690 2407 2758 citandus,
2439 2707 2507 2746 ne
2548 2693 2601 2744 iu
2642 2692 2827 2746 hostes
2859 2702 2965 2745 tam
3014 2691 3396 2761 aspectabiles,
3434 2708 3597 2763 quam
3653 2695 3731 2748 in-

2135 2785 2492 2854 aspectabiles
2521 2785 2842 2847 incidamus,
2874 2785 2963 2854 qui
2995 2785 3046 2838 in
3091 2786 3262 2840 foedas
3286 2790 3729 2856 perturbationes

2136 2881 2479 2949 demergunt,
2530 2887 2581 2932 et
2603 2894 2764 2931 omne
2792 2879 3263 2947 propugnaculum
3292 2881 3492 2934 utentis
3523 2894 3727 2939 nostra

2136 2974 2480 3035 subvertunt,
2540 2985 2602 3025 ut
2660 2973 2915 3025 miseram
2970 2971 3209 3025 animam
3257 2974 3551 3040 depaseant
3591 2989 3731 3044 quo-

2138 3065 2429 3118 dammodo
2484 3078 2784 3132 omnesque
2823 3064 2941 3133 ejus
2977 3063 3192 3118 fructus
3224 3065 3532 3132 absumant,
3574 3068 3644 3120 ita
3671 3074 3731 3124 ut

2138 3158 2287 3210 arida
2340 3156 2493 3224 quasi
2553 3170 2615 3210 ac
2677 3156 2928 3227 ignobilis
2989 3166 3044 3212 et
3083 3161 3354 3213 senticosa
3384 3170 3532 3213 terra
3573 3176 3729 3228 repe-

2137 3250 2342 3313 riatur,
2382 3248 2536 3316 cujus
2593 3249 2713 3303 ﬁnis
2766 3248 3116 3316 combustio,
3193 3251 3494 3307 secundum
3582 3251 3730 3307 beati

2137 3340 2287 3394 Pauli
2325 3341 2530 3393 dietum
2559 3340 2628 3394 ¹³.
3532 3381 3555 3412 κ

2210 3432 2376 3487 Vens.
2412 3432 2466 3487 8.
2530 3432 2937 3503 Derelinquelur
2976 3434 3092 3503 ﬁlia
3149 3435 3307 3498 Sion,
3342 3444 3398 3489 ut
3427 3452 3551 3488 casa
3571 3437 3624 3488 in
3651 3450 3731 3489 νι-

2137 3543 2258 3590 nea,
2298 3536 2355 3579 ut
2415 3527 2685 3596 tugurium
2739 3527 2793 3580 in
2843 3526 2996 3580 Ιιυνιο
3040 3543 3418 3594 cucumerum,
3473 3537 3531 3580 ut
3604 3528 3727 3582 urbe

2138 3619 2370 3674 obsessa.

2211 3711 2409 3766 Misera
2450 3725 2533 3765 res
2592 3710 2881 3779 profecto:
2924 3712 3013 3779 qui
3052 3712 3197 3764 cnim
3232 3726 3337 3764 non
3378 3710 3448 3764 sit
3479 3709 3734 3766 lamentis

2136 3815 2191 3860 et
2212 3807 2356 3860 luctu
2392 3805 2591 3875 digna?
2622 3804 2755 3857 Nam
2792 3820 2915 3875 quae
2936 3804 3043 3859 lilia
3076 3806 3349 3873 quondam
3395 3803 3515 3870 fuit,
3556 3815 3607 3857 et
3637 3804 3731 3858 tali

2139 3899 2421 3954 vocatione
2468 3906 2681 3960 ornata,
2722 3912 2842 3967 quae
2886 3900 2968 3954 sic
2991 3901 3099 3969 egit
3132 3900 3233 3953 sub
3264 3908 3417 3965 patre
3445 3898 3730 3968 indulgen-

2140 3991 2354 4045 tissimo
2412 3991 2546 4054 Deo,
2598 4004 2719 4059 quae
2766 3989 3145 4044 misericordia
3192 3998 3243 4043 et
3293 3989 3559 4041 charltate
3612 3987 3732 4052 ejus

2138 4083 2288 4137 ebria
2349 4082 2751 4151 quodantmudo
2792 4080 2932 4135 facta
2967 4091 3073 4143 est.
3113 4080 3448 4133 nobilissima
3487 4089 3630 4131 sorte
3664 4079 3733 4131 ab

2138 4190 2204 4229 eo
2231 4185 2513 4239 coronata,
2551 4190 2669 4243 quae
2691 4174 2875 4227 hostes
2910 4173 3243 4242 subjugavit,
3308 4180 3366 4226 et
3415 4171 3734 4224 innumera-

2140 4265 2231 4320 bili
2282 4264 2625 4319 multitudine
2667 4264 3015 4318 incolentinnt
3060 4263 3257 4316 referta
3290 4273 3347 4315 et
3399 4261 3581 4314 cincta
3612 4259 3733 4325 l'uit,

2140 4357 2396 4426 perbeata
2454 4357 2544 4410 illa
2591 4357 2807 4422 quidem
2848 4363 2904 4409 et
2952 4355 3325 4425 percelebrata
3373 4350 3526 4411 Simt,
3572 4348 3733 4404 Jeru-

2142 4448 2312 4504 salem
2380 4447 2708 4502 videlicet:
2761 4446 2899 4508 hate,
2973 4447 3220 4515 inquam,
3304 4445 3731 4513 derelinquetut‘,

420 4540 620 4609 φησίν.
657 4538 817 4592 Τοῦτ’
845 4540 1017 4605 ἔστιν,
1048 4539 1257 4611 ἕρημος
1284 4541 1462 4596 ἔσται.
1497 4543 1686 4616 Γυμνή
1724 4560 1785 4597 τε
1823 4546 2037 4618 ἀπομε-

2145 4554 2341 4610 nempe
2377 4539 2595 4594 deserta
2629 4538 2757 4603 erit,
2798 4545 2854 4593 et
2893 4554 3015 4594 cum
3052 4538 3246 4592 robore
3292 4538 3561 4603 corporis,
3620 4547 3732 4593 tum

421 4636 509 4687 νεῖ
567 4631 786 4700 καὶτῆς
827 4632 923 4686 τοῦ
970 4632 1236 4697 σώζοντος
1280 4634 1615 4704 εὐσθενείας,
1643 4637 1739 4691 καὶ
1767 4638 1877 4693 τῶν
1904 4642 2038 4694 ἐνοι-

422 4727 676 4780 κούντων
708 4727 903 4796 αὐτήν.
937 4726 1535 4799 Ἐγκαταλειφθήσεται
1575 4729 1632 4783 δὲ
1672 4729 1866 4797 οὕτως,
1902 4731 2038 4786 ὡσεὶ

424 4820 609 4892 σκηνὴ
641 4822 702 4872 ὲν
739 4820 1054 4889 ἀμπελῶνι,
1094 4820 1191 4873 καὶ
1234 4820 1314 4884 ὡς
1353 4821 1809 4892 ὀπωροφυλάκιον
1839 4827 1897 4878 ὲν
1950 4842 2036 4878 σι-

424 4911 693 4982 κυηλάτῳ
711 4912 805 4964 καὶ
831 4911 907 4975 ὡς
927 4911 1083 4976 πόλις
1101 4912 1558 4985 πολιορκουμένη.
1584 4916 1648 4968 Οἱ
1666 4915 1767 4985 μὲν
1797 4915 1907 4987 γὰρ
1927 4916 2037 4972 τῶν

424 5001 792 5072 ἀμπελώνων
812 5003 1145 5073 τεταγμένοι
1168 5003 1430 5073 φύλακες,
1460 5003 1825 5077 ὲντεθηλότων
1851 5007 2036 5071 αὐτοῖς

426 5094 540 5145 τῶν
575 5093 821 5166 βοτρύων
853 5094 961 5157 ἑτι,
1008 5094 1270 5166 πλείστην
1313 5112 1374 5148 τε
1425 5096 1559 5168 ὅσην
1609 5097 1893 5152 ποιοῦνται
1938 5099 2041 5170 τὴν

426 5185 737 5255 ἀσφάλειαν
757 5226 773 5251 ,
826 5189 923 5241 καὶ
973 5189 1102 5252 τοὺς
1145 5178 1466 5259 ἀποκείρειν
1527 5189 1813 5255 ἐθέλοντας
1869 5208 2040 5245 κατα-

430 5277 663 5332 πτοοῦσι
695 5278 920 5350 λῃστάς.
951 5280 1062 5333 Καὶ
1088 5279 1159 5333 τά
1188 5279 1298 5334 τῶν
1331 5280 1538 5351 θηρίων
1565 5281 1853 5335 ἐλαύνουσι
1883 5282 2036 5354 γένη.

434 5372 599 5437 Ἐθος
623 5373 683 5427 δὲ
709 5374 871 5427 τοῦτο
907 5373 1042 5445 δρᾷν
1088 5375 1184 5428 καὶ
1228 5379 1342 5441 τοῖς
1372 5376 1481 5429 τῶν
1524 5378 1868 5449 σικυηλάτων
1913 5380 2036 5432 ἐπι-

430 5470 698 5538 τηρηταίς
730 5466 855 5537 ἤτοι
881 5466 1196 5532 δεσπόταις.
1245 5466 1779 5540 Συγκεκομισμένων
1825 5471 1884 5524 δὲ
1925 5471 2037 5526 τῶν

432 5557 705 5629 βοτρύων,
732 5559 830 5613 καὶ
861 5561 1291 5633 πεπατημένων,
1323 5562 1418 5616 καὶ
1442 5563 1553 5618 τῶν
1582 5566 1641 5617 ὲν
1687 5565 2037 5638 σικυηλάτοις

433 5647 817 5721 ἐξῃρημένων,
850 5650 911 5703 τὸ
955 5650 1064 5704 τῶν
1112 5651 1492 5720 φυλαττόντων
1540 5656 1783 5720 ἐπιεικὲς
1827 5657 2039 5711 ἀνεῖται

512 5829 557 5861 ¹³
588 5829 750 5886 Hebre
798 5846 870 5896 vi,
902 5833 955 5887 8.

2141 4634 2336 4691 incolis
2409 4633 2524 4689 suis
2610 4632 2811 4686 nudata
2871 4650 2887 4688 :
2949 4643 3012 4687 et
3094 4632 3171 4686 ita
3271 4632 3731 4699 derelinquetur,

2139 4737 2198 4782 ut
2242 4740 2368 4781 casa
2441 4725 2497 4781 in
2553 4726 2732 4790 vinea,
2775 4734 2833 4779 ut
2882 4725 3156 4795 tugurium
3210 4725 3262 4778 in
3327 4722 3734 4786 cucumerario,

2140 4819 2198 4889 9
2230 4826 2283 4872 et
2318 4827 2375 4871 ut
2428 4818 2561 4873 urbs
2609 4819 2854 4873 obsessa.
2892 4816 2997 4884 Qui
3039 4817 3317 4870 vinearum
3368 4815 3512 4869 enim
3545 4825 3734 4868 citsto-

2139 4912 2245 4966 diis
2269 4911 2662 4981 praaliciuntnr,
2690 4912 2922 4966 racemis
2944 4908 3057 4980 jam
3095 4910 3401 4978 vigentibus
3430 4917 3488 4961 ιιι
3525 4908 3577 4960 in
3613 4915 3732 4961 tuto

2141 5020 2205 5058 ac
2229 5020 2427 5059 securo
2455 5006 2584 5069 sint,
2616 5006 2907 5075 plurimum
2944 5004 3285 5067 adnituntur,
3319 5011 3375 5057 et
3410 4999 3563 5055 fures
3588 5039 3604 5065 ,
3638 4998 3735 5069 qui

2141 5098 2437 5167 decerpere
2470 5098 2698 5163 volunt,
2756 5104 3002 5162 terrent,
3034 5105 3090 5149 et
3135 5093 3377 5149 ferarum
3404 5107 3607 5164 genera
3643 5105 3737 5144 ar-

2142 5198 2269 5244 cent
2303 5207 2318 5243 :
2352 5189 2493 5257 quod
2534 5189 2696 5243 etiam
2747 5187 2999 5243 factitare
3031 5189 3083 5241 in
3123 5199 3275 5240 more
3298 5193 3387 5240 est
3446 5181 3732 5239 excubito-

2144 5282 2317 5345 ribus,
2347 5295 2441 5334 seu
2475 5277 2713 5336 dominis
2758 5277 3285 5331 cucumerariorum.
3316 5271 3573 5327 Racemis
3603 5283 3734 5323 vero

2142 5371 2500 5442 comportatis
2528 5380 2583 5425 et
2613 5368 2863 5433 calcatis,
2884 5376 2940 5423 et
2973 5366 3245 5422 fructibus
3271 5365 3363 5435 qui
3393 5363 3450 5419 in
3478 5374 3734 5417 cucume-

2148 5474 2310 5530 rariis
2341 5481 2470 5528 sunt
2498 5470 2719 5535 ablatis,
2762 5467 3029 5524 sedulitas
3077 5463 3504 5524 custodientium
3547 5460 3602 5515 in
3638 5474 3737 5528 po-

2146 5575 2354 5621 eterum
2403 5564 2722 5632 remittitur,
2752 5572 2806 5618 et
2851 5562 2950 5625 illi,
2978 5561 3094 5635 suis
3138 5556 3344 5614 relictis
3371 5551 3733 5615 umbraculis,

2147 5659 2374 5716 liberam
2411 5656 2747 5728 irrumpeudi
2789 5659 3115 5725 potestatem
3163 5647 3367 5704 t'aciunt
3400 5644 3733 5717 quibuscum
