  <div class='ocr_page' id='page_1' title='image "/cluster/home/n/w/nwhite01/storage/ocr_20150623/70:no.3/coo.31924054869726/022.png"; bbox 0 0 4100 6544; ppageno 0'>
   <div class='ocr_carea' id='block_1_1' title="bbox 423 381 2024 450">
    <p class='ocr_par' dir='ltr' id='par_1_1' title="bbox 423 387 2024 450">
     <span class='ocr_line' id='line_1_1' title="bbox 423 387 2024 450; baseline -0.002 -2"><span class='ocrx_word' id='word_1_1' title='bbox 423 394 505 450; x_wconf 66' lang='grc' dir='ltr'>εει</span> <span class='ocrx_word' id='word_1_2' title='bbox 1624 389 1691 445; x_wconf 85' lang='grc' dir='ltr'><strong>ΙΝ</strong></span> <span class='ocrx_word' id='word_1_3' title='bbox 1731 387 1972 445; x_wconf 79' lang='lat' dir='ltr'><strong>ISAIAM</strong></span> <span class='ocrx_word' id='word_1_4' title='bbox 2012 387 2024 443; x_wconf 88' lang='lat' dir='ltr'><strong>l</strong></span> 
     </span>
    </p>
   </div>
   <div class='ocr_carea' id='block_1_2' title="bbox 2131 381 3724 450">
    <p class='ocr_par' dir='ltr' id='par_1_2' title="bbox 2131 381 3724 447">
     <span class='ocr_line' id='line_1_2' title="bbox 2131 381 3724 447; baseline 0.001 -2"><span class='ocrx_word' id='word_1_5' title='bbox 2131 431 2142 445; x_wconf 91' lang='lat'><strong>.</strong></span> <span class='ocrx_word' id='word_1_6' title='bbox 2189 388 2233 445; x_wconf 91' lang='lat' dir='ltr'><strong>I.</strong></span> <span class='ocrx_word' id='word_1_7' title='bbox 2276 387 2484 447; x_wconf 72' lang='lat' dir='ltr'><strong>OItAT.</strong></span> <span class='ocrx_word' id='word_1_8' title='bbox 2526 387 2568 446; x_wconf 89' lang='grc' dir='ltr'><strong>Ι.</strong></span> <span class='ocrx_word' id='word_1_9' title='bbox 3654 381 3724 435; x_wconf 73' lang='grc'><strong>³⁸)</strong></span> 
     </span>
    </p>
   </div>
   <div class='ocr_carea' id='block_1_3' title="bbox 419 511 2024 586">
    <p class='ocr_par' dir='ltr' id='par_1_3' title="bbox 419 512 2024 586">
     <span class='ocr_line' id='line_1_3' title="bbox 419 512 2024 586; baseline 0.001 -18"><span class='ocrx_word' id='word_1_10' title='bbox 419 514 696 583; x_wconf 71' lang='grc' dir='ltr'>σπέρμα,</span> <span class='ocrx_word' id='word_1_11' title='bbox 726 512 809 577; x_wconf 84' lang='grc' dir='ltr'>ὠς</span> <span class='ocrx_word' id='word_1_12' title='bbox 847 512 1085 583; x_wconf 80' lang='grc' dir='ltr'><strong>Σόδομα</strong></span> <span class='ocrx_word' id='word_1_13' title='bbox 1120 513 1197 568; x_wconf 79' lang='grc' dir='ltr'><strong>ἂν</strong></span> <span class='ocrx_word' id='word_1_14' title='bbox 1235 515 1623 586; x_wconf 71' lang='grc' dir='ltr'><strong>ἐγενήθημεν,</strong></span> <span class='ocrx_word' id='word_1_15' title='bbox 1654 515 1753 570; x_wconf 77' lang='grc' dir='ltr'>καὶ</span> <span class='ocrx_word' id='word_1_16' title='bbox 1788 516 1869 584; x_wconf 85' lang='grc' dir='ltr'>ὡς</span> <span class='ocrx_word' id='word_1_17' title='bbox 1914 516 2024 570; x_wconf 89' lang='grc' dir='ltr'><strong>Γο-</strong></span> 
     </span>
    </p>
   </div>
   <div class='ocr_carea' id='block_1_4' title="bbox 2131 511 3727 586">
    <p class='ocr_par' dir='ltr' id='par_1_4' title="bbox 2159 511 3727 585">
     <span class='ocr_line' id='line_1_4' title="bbox 2159 511 3727 585; baseline 0.003 -18"><span class='ocrx_word' id='word_1_18' title='bbox 2159 514 2237 568; x_wconf 82' lang='lat' dir='ltr'><strong>bis</strong></span> <span class='ocrx_word' id='word_1_19' title='bbox 2261 530 2457 579; x_wconf 79' lang='lat' dir='ltr'><strong>semen,</strong></span> <span class='ocrx_word' id='word_1_20' title='bbox 2507 531 2735 569; x_wconf 75' lang='lat' dir='ltr'><strong>essemus</strong></span> <span class='ocrx_word' id='word_1_21' title='bbox 2763 524 2817 568; x_wconf 89' lang='lat' dir='ltr'><strong>ut</strong></span> <span class='ocrx_word' id='word_1_22' title='bbox 2858 511 3092 570; x_wconf 84' lang='lat' dir='ltr'><strong>Sodoma</strong></span> <span class='ocrx_word' id='word_1_23' title='bbox 3116 554 3130 578; x_wconf 89' lang='lat'><strong>,</strong></span> <span class='ocrx_word' id='word_1_24' title='bbox 3174 525 3221 568; x_wconf 80' lang='lat' dir='ltr'><strong>et</strong></span> <span class='ocrx_word' id='word_1_25' title='bbox 3253 516 3403 585; x_wconf 84' lang='lat' dir='ltr'><strong>quasi</strong></span> <span class='ocrx_word' id='word_1_26' title='bbox 3435 515 3727 572; x_wconf 81' lang='lat' dir='ltr'><strong>Camorrlm</strong></span> 
     </span>
    </p>
   </div>
   <div class='ocr_carea' id='block_1_5' title="bbox 412 604 1164 675">
    <p class='ocr_par' dir='ltr' id='par_1_5' title="bbox 412 604 1164 675">
     <span class='ocr_line' id='line_1_5' title="bbox 412 604 1164 675; baseline 0.004 -18"><span class='ocrx_word' id='word_1_27' title='bbox 412 607 622 674; x_wconf 73' lang='grc' dir='ltr'><strong>μὸρῤα</strong></span> <span class='ocrx_word' id='word_1_28' title='bbox 653 604 733 659; x_wconf 81' lang='grc' dir='ltr'><strong>ἂν</strong></span> <span class='ocrx_word' id='word_1_29' title='bbox 759 606 1164 675; x_wconf 76' lang='grc' dir='ltr'><strong>ὡμοιώθημεν.</strong></span> 
     </span>
    </p>
   </div>
   <div class='ocr_carea' id='block_1_6' title="bbox 502 695 2030 772">
    <p class='ocr_par' dir='ltr' id='par_1_6' title="bbox 502 695 2030 772">
     <span class='ocr_line' id='line_1_6' title="bbox 502 695 2030 772; baseline 0.003 -22"><span class='ocrx_word' id='word_1_30' title='bbox 502 695 1015 768; x_wconf 79' lang='grc' dir='ltr'>Καταπρησθείσης</span> <span class='ocrx_word' id='word_1_31' title='bbox 1044 700 1141 769; x_wconf 83' lang='grc' dir='ltr'><strong>τῆς</strong></span> <span class='ocrx_word' id='word_1_32' title='bbox 1169 698 1356 770; x_wconf 84' lang='grc' dir='ltr'>χώρας</span> <span class='ocrx_word' id='word_1_33' title='bbox 1400 698 1572 755; x_wconf 86' lang='grc' dir='ltr'>διάτοι</span> <span class='ocrx_word' id='word_1_34' title='bbox 1621 700 1722 772; x_wconf 86' lang='grc' dir='ltr'>τὴν</span> <span class='ocrx_word' id='word_1_35' title='bbox 1767 702 1847 765; x_wconf 77' lang='grc' dir='ltr'>εἰς</span> <span class='ocrx_word' id='word_1_36' title='bbox 1892 702 2030 772; x_wconf 85' lang='grc' dir='ltr'>Χρι-</span> 
     </span>
    </p>
   </div>
   <div class='ocr_carea' id='block_1_7' title="bbox 423 788 2032 865">
    <p class='ocr_par' dir='ltr' id='par_1_7' title="bbox 423 788 2032 865">
     <span class='ocr_line' id='line_1_7' title="bbox 423 788 2032 865; baseline 0.003 -23"><span class='ocrx_word' id='word_1_37' title='bbox 423 789 560 843; x_wconf 82' lang='grc' dir='ltr'>στὸν</span> <span class='ocrx_word' id='word_1_38' title='bbox 607 788 891 854; x_wconf 74' lang='grc' dir='ltr'>ἀσέϐειαν,</span> <span class='ocrx_word' id='word_1_39' title='bbox 944 790 1220 843; x_wconf 81' lang='grc' dir='ltr'><strong>σέσωσται</strong></span> <span class='ocrx_word' id='word_1_40' title='bbox 1275 791 1370 845; x_wconf 73' lang='grc' dir='ltr'><strong>καὶ</strong></span> <span class='ocrx_word' id='word_1_41' title='bbox 1404 791 1547 846; x_wconf 79' lang='grc' dir='ltr'>οὕτω</span> <span class='ocrx_word' id='word_1_42' title='bbox 1587 792 1649 846; x_wconf 83' lang='grc' dir='ltr'>τὺ</span> <span class='ocrx_word' id='word_1_43' title='bbox 1682 793 2032 865; x_wconf 88' lang='grc' dir='ltr'>κατάλειμμα</span> 
     </span>
    </p>
   </div>
   <div class='ocr_carea' id='block_1_8' title="bbox 419 879 2034 955">
    <p class='ocr_par' dir='ltr' id='par_1_8' title="bbox 419 879 2034 955">
     <span class='ocr_line' id='line_1_8' title="bbox 419 879 2034 955; baseline 0.002 -21"><span class='ocrx_word' id='word_1_44' title='bbox 419 882 523 934; x_wconf 84' lang='grc' dir='ltr'><strong>τοῦ</strong></span> <span class='ocrx_word' id='word_1_45' title='bbox 598 879 841 951; x_wconf 81' lang='grc' dir='ltr'>Ἰσραὴλ,</span> <span class='ocrx_word' id='word_1_46' title='bbox 888 880 1028 934; x_wconf 83' lang='grc' dir='ltr'>Θεοῦ</span> <span class='ocrx_word' id='word_1_47' title='bbox 1077 883 1569 955; x_wconf 83' lang='grc' dir='ltr'>κατοικτείροντος,</span> <span class='ocrx_word' id='word_1_48' title='bbox 1624 885 1720 938; x_wconf 80' lang='grc' dir='ltr'><strong>καὶ</strong></span> <span class='ocrx_word' id='word_1_49' title='bbox 1767 888 1887 948; x_wconf 84' lang='grc' dir='ltr'>ταῖς</span> <span class='ocrx_word' id='word_1_50' title='bbox 1925 884 2034 938; x_wconf 81' lang='grc' dir='ltr'>τῶν</span> 
     </span>
    </p>
   </div>
   <div class='ocr_carea' id='block_1_9' title="bbox 421 974 2036 1047">
    <p class='ocr_par' dir='ltr' id='par_1_9' title="bbox 421 974 2036 1047">
     <span class='ocr_line' id='line_1_9' title="bbox 421 974 2036 1047; baseline 0.002 -20"><span class='ocrx_word' id='word_1_51' title='bbox 421 974 688 1045; x_wconf 80' lang='grc' dir='ltr'><strong>πατέρων</strong></span> <span class='ocrx_word' id='word_1_52' title='bbox 725 976 972 1045; x_wconf 78' lang='grc' dir='ltr'><strong>μνήμαις</strong></span> <span class='ocrx_word' id='word_1_53' title='bbox 1007 975 1179 1047; x_wconf 77' lang='grc' dir='ltr'>δῶρον</span> <span class='ocrx_word' id='word_1_54' title='bbox 1210 976 1464 1047; x_wconf 64' lang='grc' dir='ltr'>καθάπερ</span> <span class='ocrx_word' id='word_1_55' title='bbox 1504 996 1557 1031; x_wconf 85' lang='grc' dir='ltr'><strong>τι</strong></span> <span class='ocrx_word' id='word_1_56' title='bbox 1586 978 1680 1031; x_wconf 72' lang='grc' dir='ltr'>καὶ</span> <span class='ocrx_word' id='word_1_57' title='bbox 1713 978 1872 1031; x_wconf 83' lang='grc' dir='ltr'>τοῦτο</span> <span class='ocrx_word' id='word_1_58' title='bbox 1897 978 2036 1047; x_wconf 83' lang='grc' dir='ltr'>μετὰ</span> 
     </span>
    </p>
   </div>
   <div class='ocr_carea' id='block_1_10' title="bbox 420 1064 2036 1139">
    <p class='ocr_par' dir='ltr' id='par_1_10' title="bbox 420 1064 2036 1139">
     <span class='ocr_line' id='line_1_10' title="bbox 420 1064 2036 1139; baseline 0.001 -23"><span class='ocrx_word' id='word_1_59' title='bbox 420 1066 538 1118; x_wconf 80' lang='grc' dir='ltr'>τῶν</span> <span class='ocrx_word' id='word_1_60' title='bbox 569 1065 751 1119; x_wconf 80' lang='grc' dir='ltr'>ἄλλων</span> <span class='ocrx_word' id='word_1_61' title='bbox 775 1064 1056 1136; x_wconf 79' lang='grc' dir='ltr'>ἐξαίρετον</span> <span class='ocrx_word' id='word_1_62' title='bbox 1088 1067 1477 1137; x_wconf 80' lang='grc' dir='ltr'>ἀπονέμοντος.</span> <span class='ocrx_word' id='word_1_63' title='bbox 1512 1068 1586 1121; x_wconf 83' lang='grc' dir='ltr'><strong>Οὐ</strong></span> <span class='ocrx_word' id='word_1_64' title='bbox 1617 1067 1726 1139; x_wconf 81' lang='grc' dir='ltr'>γὰρ</span> <span class='ocrx_word' id='word_1_65' title='bbox 1755 1066 2036 1120; x_wconf 81' lang='grc' dir='ltr'><strong>ἀπόλωλεν</strong></span> 
     </span>
    </p>
   </div>
   <div class='ocr_carea' id='block_1_11' title="bbox 420 1157 2031 1231">
    <p class='ocr_par' dir='ltr' id='par_1_11' title="bbox 420 1157 2031 1231">
     <span class='ocr_line' id='line_1_11' title="bbox 420 1157 2031 1231; baseline 0.001 -20"><span class='ocrx_word' id='word_1_66' title='bbox 420 1158 767 1229; x_wconf 76' lang='grc' dir='ltr'>δλοτρόπως,</span> <span class='ocrx_word' id='word_1_67' title='bbox 804 1157 929 1211; x_wconf 76' lang='grc' dir='ltr'>οὔτε</span> <span class='ocrx_word' id='word_1_68' title='bbox 964 1160 1074 1229; x_wconf 78' lang='grc' dir='ltr'><strong>μὴν</strong></span> <span class='ocrx_word' id='word_1_69' title='bbox 1112 1158 1171 1225; x_wconf 75' lang='grc' dir='ltr'>ἐξ</span> <span class='ocrx_word' id='word_1_70' title='bbox 1220 1160 1402 1213; x_wconf 82' lang='grc' dir='ltr'>αὐτῶν</span> <span class='ocrx_word' id='word_1_71' title='bbox 1431 1159 1756 1229; x_wconf 73' lang='grc' dir='ltr'><strong>κατεσείσθη</strong></span> <span class='ocrx_word' id='word_1_72' title='bbox 1792 1159 2031 1231; x_wconf 79' lang='grc' dir='ltr'>βάθρων,</span> 
     </span>
    </p>
   </div>
   <div class='ocr_carea' id='block_1_12' title="bbox 422 1245 2034 1321">
    <p class='ocr_par' dir='ltr' id='par_1_12' title="bbox 422 1245 2034 1321">
     <span class='ocr_line' id='line_1_12' title="bbox 422 1245 2034 1321; baseline 0.001 -19"><span class='ocrx_word' id='word_1_73' title='bbox 422 1250 565 1303; x_wconf 81' lang='grc' dir='ltr'>ἀλλὰ</span> <span class='ocrx_word' id='word_1_74' title='bbox 599 1250 915 1320; x_wconf 77' lang='grc' dir='ltr'><strong>μεμένηκεν</strong></span> <span class='ocrx_word' id='word_1_75' title='bbox 947 1251 1005 1302; x_wconf 81' lang='grc' dir='ltr'>ἐν</span> <span class='ocrx_word' id='word_1_76' title='bbox 1034 1250 1329 1320; x_wconf 72' lang='grc' dir='ltr'>λειψάνοις.</span> <span class='ocrx_word' id='word_1_77' title='bbox 1366 1245 1549 1305; x_wconf 83' lang='grc' dir='ltr'>’Ἦσαν</span> <span class='ocrx_word' id='word_1_78' title='bbox 1590 1252 1700 1321; x_wconf 81' lang='grc' dir='ltr'>γὰρ</span> <span class='ocrx_word' id='word_1_79' title='bbox 1745 1251 1807 1316; x_wconf 80' lang='grc' dir='ltr'>ἐξ</span> <span class='ocrx_word' id='word_1_80' title='bbox 1854 1252 2034 1305; x_wconf 80' lang='grc' dir='ltr'>αὐτῶν</span> 
     </span>
    </p>
   </div>
   <div class='ocr_carea' id='block_1_13' title="bbox 422 1339 2037 1414">
    <p class='ocr_par' dir='ltr' id='par_1_13' title="bbox 422 1339 2037 1414">
     <span class='ocr_line' id='line_1_13' title="bbox 422 1339 2037 1414; baseline 0.001 -21"><span class='ocrx_word' id='word_1_81' title='bbox 422 1341 526 1393; x_wconf 77' lang='grc' dir='ltr'><strong>καὶ</strong></span> <span class='ocrx_word' id='word_1_82' title='bbox 572 1341 623 1393; x_wconf 84' lang='lat' dir='ltr'><strong>oi</strong></span> <span class='ocrx_word' id='word_1_83' title='bbox 656 1340 935 1393; x_wconf 87' lang='grc' dir='ltr'>θεσπέσιοι</span> <span class='ocrx_word' id='word_1_84' title='bbox 988 1339 1251 1411; x_wconf 80' lang='grc' dir='ltr'>μαθηταὶ,</span> <span class='ocrx_word' id='word_1_85' title='bbox 1298 1342 1393 1394; x_wconf 75' lang='grc' dir='ltr'><strong>καὶ</strong></span> <span class='ocrx_word' id='word_1_86' title='bbox 1430 1343 1538 1414; x_wconf 80' lang='grc' dir='ltr'>μὴν</span> <span class='ocrx_word' id='word_1_87' title='bbox 1580 1342 1672 1396; x_wconf 77' lang='grc' dir='ltr'><strong>καὶ</strong></span> <span class='ocrx_word' id='word_1_88' title='bbox 1721 1343 1835 1395; x_wconf 83' lang='grc' dir='ltr'>ὅσοι</span> <span class='ocrx_word' id='word_1_89' title='bbox 1873 1358 2037 1396; x_wconf 87' lang='grc' dir='ltr'>πεπι-</span> 
     </span>
    </p>
   </div>
   <div class='ocr_carea' id='block_1_14' title="bbox 424 1432 2033 1507">
    <p class='ocr_par' dir='ltr' id='par_1_14' title="bbox 424 1432 2033 1507">
     <span class='ocr_line' id='line_1_14' title="bbox 424 1432 2033 1507; baseline 0.002 -21"><span class='ocrx_word' id='word_1_90' title='bbox 424 1432 728 1487; x_wconf 84' lang='grc' dir='ltr'>στεύκασιν</span> <span class='ocrx_word' id='word_1_91' title='bbox 759 1434 841 1497; x_wconf 84' lang='grc' dir='ltr'><strong>είς</strong></span> <span class='ocrx_word' id='word_1_92' title='bbox 868 1434 960 1487; x_wconf 85' lang='grc' dir='ltr'><strong>τὸν</strong></span> <span class='ocrx_word' id='word_1_93' title='bbox 992 1433 1199 1505; x_wconf 78' lang='grc' dir='ltr'>Κύριον</span> <span class='ocrx_word' id='word_1_94' title='bbox 1232 1435 1390 1505; x_wconf 77' lang='grc' dir='ltr'>ἡμῶν</span> <span class='ocrx_word' id='word_1_95' title='bbox 1425 1434 1635 1505; x_wconf 79' lang='grc' dir='ltr'>Ἰησοῦν</span> <span class='ocrx_word' id='word_1_96' title='bbox 1656 1436 1748 1489; x_wconf 84' lang='grc' dir='ltr'><strong>τὸν</strong></span> <span class='ocrx_word' id='word_1_97' title='bbox 1774 1435 2033 1507; x_wconf 87' lang='grc' dir='ltr'>Χριστόν.</span> 
     </span>
    </p>
   </div>
   <div class='ocr_carea' id='block_1_15' title="bbox 422 1521 2032 1597">
    <p class='ocr_par' dir='ltr' id='par_1_15' title="bbox 422 1521 2032 1597">
     <span class='ocr_line' id='line_1_15' title="bbox 422 1521 2032 1597; baseline 0 -18"><span class='ocrx_word' id='word_1_98' title='bbox 422 1526 817 1596; x_wconf 81' lang='grc' dir='ltr'>Κληθήσονται</span> <span class='ocrx_word' id='word_1_99' title='bbox 844 1525 903 1578; x_wconf 85' lang='grc' dir='ltr'><strong>δὲ</strong></span> <span class='ocrx_word' id='word_1_100' title='bbox 951 1526 1046 1579; x_wconf 80' lang='grc' dir='ltr'><strong>καὶ</strong></span> <span class='ocrx_word' id='word_1_101' title='bbox 1076 1528 1136 1579; x_wconf 81' lang='grc' dir='ltr'>ὲν</span> <span class='ocrx_word' id='word_1_102' title='bbox 1163 1527 1417 1597; x_wconf 74' lang='grc' dir='ltr'>ἐσχάτοις</span> <span class='ocrx_word' id='word_1_103' title='bbox 1444 1527 1540 1581; x_wconf 85' lang='grc' dir='ltr'><strong>τοῦ</strong></span> <span class='ocrx_word' id='word_1_104' title='bbox 1570 1521 1767 1591; x_wconf 79' lang='grc' dir='ltr'>αἰῶνος</span> <span class='ocrx_word' id='word_1_105' title='bbox 1797 1530 2032 1597; x_wconf 81' lang='grc' dir='ltr'>καιροῖς,</span> 
     </span>
    </p>
   </div>
   <div class='ocr_carea' id='block_1_16' title="bbox 423 1616 2035 1689">
    <p class='ocr_par' dir='ltr' id='par_1_16' title="bbox 423 1616 2035 1689">
     <span class='ocr_line' id='line_1_16' title="bbox 423 1616 2035 1689; baseline -0.001 -18"><span class='ocrx_word' id='word_1_106' title='bbox 423 1618 526 1671; x_wconf 76' lang='grc' dir='ltr'><strong>καὶ</strong></span> <span class='ocrx_word' id='word_1_107' title='bbox 554 1619 606 1670; x_wconf 78' lang='grc' dir='ltr'>οἱ</span> <span class='ocrx_word' id='word_1_108' title='bbox 641 1618 812 1687; x_wconf 78' lang='grc' dir='ltr'>μήπω</span> <span class='ocrx_word' id='word_1_109' title='bbox 842 1616 1261 1681; x_wconf 86' lang='grc' dir='ltr'>πιστεύσαντες.</span> <span class='ocrx_word' id='word_1_110' title='bbox 1298 1619 1409 1672; x_wconf 73' lang='grc' dir='ltr'><strong>Καὶ</strong></span> <span class='ocrx_word' id='word_1_111' title='bbox 1438 1619 1575 1688; x_wconf 83' lang='grc' dir='ltr'>πρός</span> <span class='ocrx_word' id='word_1_112' title='bbox 1607 1634 1670 1687; x_wconf 88' lang='grc' dir='ltr'><strong>γε</strong></span> <span class='ocrx_word' id='word_1_113' title='bbox 1701 1617 1858 1672; x_wconf 85' lang='grc' dir='ltr'>τοῦτο</span> <span class='ocrx_word' id='word_1_114' title='bbox 1886 1618 2035 1689; x_wconf 82' lang='grc' dir='ltr'>ἡμᾶς</span> 
     </span>
    </p>
   </div>
   <div class='ocr_carea' id='block_1_17' title="bbox 426 1707 2031 1780">
    <p class='ocr_par' dir='ltr' id='par_1_17' title="bbox 426 1707 2031 1780">
     <span class='ocr_line' id='line_1_17' title="bbox 426 1707 2031 1780; baseline -0.001 -17"><span class='ocrx_word' id='word_1_115' title='bbox 426 1707 772 1763; x_wconf 76' lang='grc' dir='ltr'>πιστώσεται</span> <span class='ocrx_word' id='word_1_116' title='bbox 834 1708 995 1778; x_wconf 84' lang='grc' dir='ltr'>λόγος</span> <span class='ocrx_word' id='word_1_117' title='bbox 1058 1710 1417 1780; x_wconf 81' lang='grc' dir='ltr'>προφητικός.</span> <span class='ocrx_word' id='word_1_118' title='bbox 1482 1711 1649 1779; x_wconf 84' lang='grc' dir='ltr'>Λέγει</span> <span class='ocrx_word' id='word_1_119' title='bbox 1706 1710 1763 1763; x_wconf 86' lang='grc' dir='ltr'>δὲ</span> <span class='ocrx_word' id='word_1_120' title='bbox 1824 1710 2031 1774; x_wconf 79' lang='grc' dir='ltr'>οὕτως’</span> 
     </span>
    </p>
   </div>
   <div class='ocr_carea' id='block_1_18' title="bbox 429 1800 2030 1876">
    <p class='ocr_par' dir='ltr' id='par_1_18' title="bbox 429 1800 2030 1876">
     <span class='ocr_line' id='line_1_18' title="bbox 429 1800 2030 1876; baseline 0.003 -24"><span class='ocrx_word' id='word_1_121' title='bbox 429 1820 450 1852; x_wconf 79' lang='grc' dir='ltr'><strong>ι</strong></span> <span class='ocrx_word' id='word_1_122' title='bbox 497 1801 624 1876; x_wconf 76' lang='grc' dir='ltr'>Ἔτι</span> <span class='ocrx_word' id='word_1_123' title='bbox 670 1800 878 1865; x_wconf 79' lang='grc' dir='ltr'>πολλὰς</span> <span class='ocrx_word' id='word_1_124' title='bbox 924 1802 1143 1873; x_wconf 78' lang='grc' dir='ltr'>ἡμέρας</span> <span class='ocrx_word' id='word_1_125' title='bbox 1188 1802 1520 1873; x_wconf 87' lang='grc' dir='ltr'>καθήσονται</span> <span class='ocrx_word' id='word_1_126' title='bbox 1555 1805 1604 1856; x_wconf 78' lang='lat' dir='ltr'><strong>oi</strong></span> <span class='ocrx_word' id='word_1_127' title='bbox 1644 1804 1752 1857; x_wconf 72' lang='grc' dir='ltr'>υἱοὶ</span> <span class='ocrx_word' id='word_1_128' title='bbox 1795 1804 2030 1876; x_wconf 84' lang='grc' dir='ltr'>Ἰσραὴλ,</span> 
     </span>
    </p>
   </div>
   <div class='ocr_carea' id='block_1_19' title="bbox 2137 607 2613 664">
    <p class='ocr_par' dir='ltr' id='par_1_19' title="bbox 2137 607 2613 664">
     <span class='ocr_line' id='line_1_19' title="bbox 2137 607 2613 664; baseline -0.006 0"><span class='ocrx_word' id='word_1_129' title='bbox 2137 607 2333 664; x_wconf 73' lang='lat' dir='ltr'><strong>similes</strong></span> <span class='ocrx_word' id='word_1_130' title='bbox 2368 622 2613 661; x_wconf 76' lang='lat' dir='ltr'><strong>essemus.</strong></span> 
     </span>
    </p>
   </div>
   <div class='ocr_carea' id='block_1_20' title="bbox 2215 698 3726 771">
    <p class='ocr_par' dir='ltr' id='par_1_20' title="bbox 2215 698 3726 771">
     <span class='ocr_line' id='line_1_20' title="bbox 2215 698 3726 771; baseline 0 -15"><span class='ocrx_word' id='word_1_131' title='bbox 2215 701 2443 756; x_wconf 94' lang='lat' dir='ltr'><strong>Incensa</strong></span> <span class='ocrx_word' id='word_1_132' title='bbox 2478 702 2699 768; x_wconf 81' lang='lat' dir='ltr'><strong>regione</strong></span> <span class='ocrx_word' id='word_1_133' title='bbox 2726 707 2948 770; x_wconf 78' lang='lat' dir='ltr'><strong>propter</strong></span> <span class='ocrx_word' id='word_1_134' title='bbox 2977 698 3309 769; x_wconf 80' lang='lat' dir='ltr'><strong>impietatem</strong></span> <span class='ocrx_word' id='word_1_135' title='bbox 3341 700 3392 754; x_wconf 90' lang='lat' dir='ltr'><strong>in</strong></span> <span class='ocrx_word' id='word_1_136' title='bbox 3424 700 3726 771; x_wconf 78' lang='lat' dir='ltr'><strong>Christum,</strong></span> 
     </span>
    </p>
   </div>
   <div class='ocr_carea' id='block_1_21' title="bbox 2139 792 3729 861">
    <p class='ocr_par' dir='ltr' id='par_1_21' title="bbox 2139 792 3729 861">
     <span class='ocr_line' id='line_1_21' title="bbox 2139 792 3729 861; baseline 0.001 -12"><span class='ocrx_word' id='word_1_137' title='bbox 2139 794 2214 849; x_wconf 90' lang='lat' dir='ltr'><strong>ita</strong></span> <span class='ocrx_word' id='word_1_138' title='bbox 2254 804 2438 848; x_wconf 89' lang='lat' dir='ltr'><strong>tamen</strong></span> <span class='ocrx_word' id='word_1_139' title='bbox 2476 792 2719 861; x_wconf 61' lang='lat' dir='ltr'><strong>reliquias</strong></span> <span class='ocrx_word' id='word_1_140' title='bbox 2758 792 2971 846; x_wconf 89' lang='lat' dir='ltr'><strong>lsraelis</strong></span> <span class='ocrx_word' id='word_1_141' title='bbox 3001 804 3229 847; x_wconf 64' lang='lat' dir='ltr'><strong>servata:</strong></span> <span class='ocrx_word' id='word_1_142' title='bbox 3251 802 3400 856; x_wconf 91' lang='lat' dir='ltr'><strong>sunt,</strong></span> <span class='ocrx_word' id='word_1_143' title='bbox 3430 793 3729 851; x_wconf 85' lang='lat' dir='ltr'><strong>miserante</strong></span> 
     </span>
    </p>
   </div>
   <div class='ocr_carea' id='block_1_22' title="bbox 2141 883 3729 954">
    <p class='ocr_par' dir='ltr' id='par_1_22' title="bbox 2141 883 3729 954">
     <span class='ocr_line' id='line_1_22' title="bbox 2141 883 3729 954; baseline 0.001 -14"><span class='ocrx_word' id='word_1_144' title='bbox 2141 887 2289 950; x_wconf 90' lang='lat' dir='ltr'><strong>Deo;</strong></span> <span class='ocrx_word' id='word_1_145' title='bbox 2323 896 2492 954; x_wconf 89' lang='lat' dir='ltr'><strong>atque</strong></span> <span class='ocrx_word' id='word_1_146' title='bbox 2524 886 2625 939; x_wconf 90' lang='lat' dir='ltr'><strong>hoc</strong></span> <span class='ocrx_word' id='word_1_147' title='bbox 2655 886 2812 954; x_wconf 88' lang='lat' dir='ltr'><strong>quasi</strong></span> <span class='ocrx_word' id='word_1_148' title='bbox 2852 883 3172 938; x_wconf 81' lang='lat' dir='ltr'><strong>beneﬁcium</strong></span> <span class='ocrx_word' id='word_1_149' title='bbox 3212 885 3353 939; x_wconf 86' lang='lat' dir='ltr'><strong>inter</strong></span> <span class='ocrx_word' id='word_1_150' title='bbox 3385 894 3583 941; x_wconf 66' lang='lat' dir='ltr'><strong>cretera</strong></span> <span class='ocrx_word' id='word_1_151' title='bbox 3611 888 3729 941; x_wconf 82' lang='lat' dir='ltr'><strong>exi-</strong></span> 
     </span>
    </p>
   </div>
   <div class='ocr_carea' id='block_1_23' title="bbox 2138 973 3729 1044">
    <p class='ocr_par' dir='ltr' id='par_1_23' title="bbox 2138 973 3729 1044">
     <span class='ocr_line' id='line_1_23' title="bbox 2138 973 3729 1044; baseline 0.001 -13"><span class='ocrx_word' id='word_1_152' title='bbox 2138 977 2305 1031; x_wconf 90' lang='lat' dir='ltr'><strong>mium</strong></span> <span class='ocrx_word' id='word_1_153' title='bbox 2335 977 2839 1043; x_wconf 67' lang='lat' dir='ltr'><strong>memorizeputrum</strong></span> <span class='ocrx_word' id='word_1_154' title='bbox 2875 974 3158 1043; x_wconf 60' lang='lat' dir='ltr'><strong>largiente.</strong></span> <span class='ocrx_word' id='word_1_155' title='bbox 3190 973 3297 1028; x_wconf 84' lang='lat' dir='ltr'><strong>Nec</strong></span> <span class='ocrx_word' id='word_1_156' title='bbox 3329 976 3472 1027; x_wconf 88' lang='lat' dir='ltr'><strong>enim</strong></span> <span class='ocrx_word' id='word_1_157' title='bbox 3504 991 3729 1044; x_wconf 81' lang='lat' dir='ltr'><strong>prorsus</strong></span> 
     </span>
    </p>
   </div>
   <div class='ocr_carea' id='block_1_24' title="bbox 2137 1066 3730 1136">
    <p class='ocr_par' dir='ltr' id='par_1_24' title="bbox 2137 1066 3730 1136">
     <span class='ocr_line' id='line_1_24' title="bbox 2137 1066 3730 1136; baseline -0.001 -14"><span class='ocrx_word' id='word_1_158' title='bbox 2137 1068 2363 1131; x_wconf 87' lang='lat' dir='ltr'><strong>interiit,</strong></span> <span class='ocrx_word' id='word_1_159' title='bbox 2404 1083 2502 1121; x_wconf 89' lang='lat' dir='ltr'><strong>nec</strong></span> <span class='ocrx_word' id='word_1_160' title='bbox 2531 1069 2598 1123; x_wconf 89' lang='lat' dir='ltr'><strong>ah</strong></span> <span class='ocrx_word' id='word_1_161' title='bbox 2635 1068 2764 1136; x_wconf 85' lang='lat' dir='ltr'><strong>ipsis</strong></span> <span class='ocrx_word' id='word_1_162' title='bbox 2792 1066 3161 1120; x_wconf 74' lang='lat' dir='ltr'><strong>l‘umlamentis</strong></span> <span class='ocrx_word' id='word_1_163' title='bbox 3182 1066 3473 1120; x_wconf 80' lang='lat' dir='ltr'><strong>convulsus</strong></span> <span class='ocrx_word' id='word_1_164' title='bbox 3503 1078 3607 1131; x_wconf 90' lang='lat' dir='ltr'><strong>est,</strong></span> <span class='ocrx_word' id='word_1_165' title='bbox 3635 1067 3730 1121; x_wconf 87' lang='lat' dir='ltr'><strong>sed</strong></span> 
     </span>
    </p>
   </div>
   <div class='ocr_carea' id='block_1_25' title="bbox 2137 1156 3727 1228">
    <p class='ocr_par' dir='ltr' id='par_1_25' title="bbox 2137 1156 3727 1228">
     <span class='ocr_line' id='line_1_25' title="bbox 2137 1156 3727 1228; baseline -0.002 -14"><span class='ocrx_word' id='word_1_166' title='bbox 2137 1160 2292 1214; x_wconf 76' lang='lat' dir='ltr'><strong>ha:sit</strong></span> <span class='ocrx_word' id='word_1_167' title='bbox 2326 1160 2379 1213; x_wconf 93' lang='lat' dir='ltr'><strong>in</strong></span> <span class='ocrx_word' id='word_1_168' title='bbox 2413 1159 2675 1228; x_wconf 80' lang='lat' dir='ltr'><strong>reliquiis.</strong></span> <span class='ocrx_word' id='word_1_169' title='bbox 2726 1156 2861 1211; x_wconf 84' lang='lat' dir='ltr'><strong>Nam</strong></span> <span class='ocrx_word' id='word_1_170' title='bbox 2937 1172 3002 1211; x_wconf 82' lang='lat' dir='ltr'><strong>ex</strong></span> <span class='ocrx_word' id='word_1_171' title='bbox 3049 1156 3154 1210; x_wconf 89' lang='lat' dir='ltr'><strong>illis</strong></span> <span class='ocrx_word' id='word_1_172' title='bbox 3189 1157 3519 1210; x_wconf 81' lang='lat' dir='ltr'><strong>exstiterunt</strong></span> <span class='ocrx_word' id='word_1_173' title='bbox 3558 1157 3727 1211; x_wconf 85' lang='lat' dir='ltr'><strong>divini</strong></span> 
     </span>
    </p>
   </div>
   <div class='ocr_carea' id='block_1_26' title="bbox 2137 1247 3730 1320">
    <p class='ocr_par' dir='ltr' id='par_1_26' title="bbox 2137 1247 3730 1320">
     <span class='ocr_line' id='line_1_26' title="bbox 2137 1247 3730 1320; baseline -0.004 -15"><span class='ocrx_word' id='word_1_174' title='bbox 2137 1250 2405 1319; x_wconf 83' lang='lat' dir='ltr'><strong>discipuli,</strong></span> <span class='ocrx_word' id='word_1_175' title='bbox 2443 1258 2498 1303; x_wconf 83' lang='lat' dir='ltr'><strong>et</strong></span> <span class='ocrx_word' id='word_1_176' title='bbox 2525 1249 2742 1320; x_wconf 87' lang='lat' dir='ltr'><strong>quidem</strong></span> <span class='ocrx_word' id='word_1_177' title='bbox 2784 1257 3051 1319; x_wconf 76' lang='lat' dir='ltr'><strong>quotquot</strong></span> <span class='ocrx_word' id='word_1_178' title='bbox 3080 1247 3132 1301; x_wconf 91' lang='lat' dir='ltr'><strong>in</strong></span> <span class='ocrx_word' id='word_1_179' title='bbox 3166 1247 3450 1300; x_wconf 90' lang='lat' dir='ltr'><strong>Dominum</strong></span> <span class='ocrx_word' id='word_1_180' title='bbox 3483 1257 3730 1301; x_wconf 90' lang='lat' dir='ltr'><strong>nostrum</strong></span> 
     </span>
    </p>
   </div>
   <div class='ocr_carea' id='block_1_27' title="bbox 2134 1342 3728 1413">
    <p class='ocr_par' dir='ltr' id='par_1_27' title="bbox 2134 1342 3728 1413">
     <span class='ocr_line' id='line_1_27' title="bbox 2134 1342 3728 1413; baseline -0.003 -12"><span class='ocrx_word' id='word_1_181' title='bbox 2134 1344 2318 1401; x_wconf 84' lang='lat' dir='ltr'><strong>Jesum</strong></span> <span class='ocrx_word' id='word_1_182' title='bbox 2371 1344 2648 1399; x_wconf 82' lang='lat' dir='ltr'><strong>Christum</strong></span> <span class='ocrx_word' id='word_1_183' title='bbox 2691 1359 2840 1413; x_wconf 87' lang='lat' dir='ltr'><strong>spem</strong></span> <span class='ocrx_word' id='word_1_184' title='bbox 2867 1342 3151 1413; x_wconf 65' lang='lat' dir='ltr'><strong>ﬁdemque</strong></span> <span class='ocrx_word' id='word_1_185' title='bbox 3189 1342 3542 1411; x_wconf 75' lang='lat' dir='ltr'><strong>conjecerunt</strong></span> <span class='ocrx_word' id='word_1_186' title='bbox 3570 1360 3584 1395; x_wconf 92' lang='lat'><strong>:</strong></span> <span class='ocrx_word' id='word_1_187' title='bbox 3613 1351 3728 1396; x_wconf 90' lang='lat' dir='ltr'><strong>tum</strong></span> 
     </span>
    </p>
   </div>
   <div class='ocr_carea' id='block_1_28' title="bbox 2136 1433 3725 1503">
    <p class='ocr_par' dir='ltr' id='par_1_28' title="bbox 2136 1433 3725 1503">
     <span class='ocr_line' id='line_1_28' title="bbox 2136 1433 3725 1503; baseline -0.002 -11"><span class='ocrx_word' id='word_1_188' title='bbox 2136 1439 2476 1494; x_wconf 86' lang='lat' dir='ltr'><strong>vocabuntur</strong></span> <span class='ocrx_word' id='word_1_189' title='bbox 2508 1438 2773 1503; x_wconf 76' lang='lat' dir='ltr'><strong>extremis</strong></span> <span class='ocrx_word' id='word_1_190' title='bbox 2809 1437 2992 1491; x_wconf 73' lang='lat' dir='ltr'><strong>szeeuti</strong></span> <span class='ocrx_word' id='word_1_191' title='bbox 3052 1435 3389 1503; x_wconf 79' lang='lat' dir='ltr'><strong>temporibus</strong></span> <span class='ocrx_word' id='word_1_192' title='bbox 3421 1442 3478 1488; x_wconf 89' lang='lat' dir='ltr'><strong>et</strong></span> <span class='ocrx_word' id='word_1_193' title='bbox 3522 1435 3597 1500; x_wconf 89' lang='lat' dir='ltr'><strong>hi,</strong></span> <span class='ocrx_word' id='word_1_194' title='bbox 3631 1433 3725 1503; x_wconf 86' lang='lat' dir='ltr'><strong>qui</strong></span> 
     </span>
    </p>
   </div>
   <div class='ocr_carea' id='block_1_29' title="bbox 2137 1522 3733 1583">
    <p class='ocr_par' dir='ltr' id='par_1_29' title="bbox 2137 1522 3733 1583">
     <span class='ocr_line' id='line_1_29' title="bbox 2137 1522 3733 1583; baseline -0.003 0"><span class='ocrx_word' id='word_1_195' title='bbox 2137 1530 2374 1583; x_wconf 88' lang='lat' dir='ltr'><strong>nondum</strong></span> <span class='ocrx_word' id='word_1_196' title='bbox 2393 1529 2760 1583; x_wconf 87' lang='lat' dir='ltr'><strong>crediderunt.</strong></span> <span class='ocrx_word' id='word_1_197' title='bbox 2791 1528 2870 1582; x_wconf 80' lang='lat' dir='ltr'><strong>Ad</strong></span> <span class='ocrx_word' id='word_1_198' title='bbox 2895 1527 3010 1581; x_wconf 77' lang='lat' dir='ltr'><strong>hrec</strong></span> <span class='ocrx_word' id='word_1_199' title='bbox 3043 1525 3200 1579; x_wconf 83' lang='lat' dir='ltr'><strong>ﬁdem</strong></span> <span class='ocrx_word' id='word_1_200' title='bbox 3233 1525 3392 1578; x_wconf 87' lang='lat' dir='ltr'><strong>nobis</strong></span> <span class='ocrx_word' id='word_1_201' title='bbox 3419 1522 3578 1579; x_wconf 72' lang='lat' dir='ltr'><strong>faciet</strong></span> <span class='ocrx_word' id='word_1_202' title='bbox 3604 1538 3733 1579; x_wconf 71' lang='lat' dir='ltr'><strong>vero</strong></span> 
     </span>
    </p>
   </div>
   <div class='ocr_carea' id='block_1_30' title="bbox 2135 1616 3732 1687">
    <p class='ocr_par' dir='ltr' id='par_1_30' title="bbox 2135 1616 3732 1687">
     <span class='ocr_line' id='line_1_30' title="bbox 2135 1616 3732 1687; baseline -0.003 -12"><span class='ocrx_word' id='word_1_203' title='bbox 2135 1621 2262 1675; x_wconf 90' lang='lat' dir='ltr'><strong>bum</strong></span> <span class='ocrx_word' id='word_1_204' title='bbox 2293 1660 2308 1685; x_wconf 95' lang='lat'><strong>,</strong></span> <span class='ocrx_word' id='word_1_205' title='bbox 2344 1619 2485 1687; x_wconf 84' lang='lat' dir='ltr'><strong>quod</strong></span> <span class='ocrx_word' id='word_1_206' title='bbox 2518 1619 2591 1672; x_wconf 90' lang='lat' dir='ltr'><strong>ita</strong></span> <span class='ocrx_word' id='word_1_207' title='bbox 2625 1619 2787 1673; x_wconf 87' lang='lat' dir='ltr'><strong>habet</strong></span> <span class='ocrx_word' id='word_1_208' title='bbox 2824 1636 2837 1673; x_wconf 92' lang='lat'><strong>:</strong></span> <span class='ocrx_word' id='word_1_209' title='bbox 2869 1637 2888 1670; x_wconf 75' lang='grc' dir='ltr'><strong>ι</strong></span> <span class='ocrx_word' id='word_1_210' title='bbox 2919 1617 3055 1685; x_wconf 88' lang='lat' dir='ltr'><strong>Quia</strong></span> <span class='ocrx_word' id='word_1_211' title='bbox 3088 1618 3284 1671; x_wconf 73' lang='lat' dir='ltr'><strong>multm</strong></span> <span class='ocrx_word' id='word_1_212' title='bbox 3314 1616 3429 1670; x_wconf 84' lang='lat' dir='ltr'><strong>dies</strong></span> <span class='ocrx_word' id='word_1_213' title='bbox 3464 1617 3732 1670; x_wconf 76' lang='lat' dir='ltr'><strong>sedebunt</strong></span> 
     </span>
    </p>
   </div>
   <div class='ocr_carea' id='block_1_31' title="bbox 2138 1706 3733 1781">
    <p class='ocr_par' dir='ltr' id='par_1_31' title="bbox 2138 1706 3733 1781">
     <span class='ocr_line' id='line_1_31' title="bbox 2138 1706 3733 1781; baseline -0.003 -16"><span class='ocrx_word' id='word_1_214' title='bbox 2138 1712 2230 1765; x_wconf 83' lang='lat' dir='ltr'><strong>ﬁlii</strong></span> <span class='ocrx_word' id='word_1_215' title='bbox 2264 1710 2477 1765; x_wconf 88' lang='lat' dir='ltr'><strong>lsraelis</strong></span> <span class='ocrx_word' id='word_1_216' title='bbox 2504 1751 2519 1773; x_wconf 92' lang='lat'><strong>,</strong></span> <span class='ocrx_word' id='word_1_217' title='bbox 2576 1710 2696 1764; x_wconf 89' lang='lat' dir='ltr'><strong>sine</strong></span> <span class='ocrx_word' id='word_1_218' title='bbox 2749 1726 2897 1781; x_wconf 81' lang='lat' dir='ltr'><strong>rege,</strong></span> <span class='ocrx_word' id='word_1_219' title='bbox 2939 1710 3059 1765; x_wconf 89' lang='lat' dir='ltr'><strong>sine</strong></span> <span class='ocrx_word' id='word_1_220' title='bbox 3111 1708 3379 1778; x_wconf 87' lang='lat' dir='ltr'><strong>principe,</strong></span> <span class='ocrx_word' id='word_1_221' title='bbox 3419 1707 3537 1762; x_wconf 90' lang='lat' dir='ltr'><strong>sine</strong></span> <span class='ocrx_word' id='word_1_222' title='bbox 3567 1706 3733 1762; x_wconf 83' lang='lat' dir='ltr'><strong>sacri-</strong></span> 
     </span>
    </p>
   </div>
   <div class='ocr_carea' id='block_1_32' title="bbox 2140 1799 3728 1869">
    <p class='ocr_par' dir='ltr' id='par_1_32' title="bbox 2140 1799 3728 1869">
     <span class='ocr_line' id='line_1_32' title="bbox 2140 1799 3728 1869; baseline -0.004 -10"><span class='ocrx_word' id='word_1_223' title='bbox 2140 1804 2282 1866; x_wconf 87' lang='lat' dir='ltr'><strong>licio,</strong></span> <span class='ocrx_word' id='word_1_224' title='bbox 2315 1806 2434 1858; x_wconf 90' lang='lat' dir='ltr'><strong>sine</strong></span> <span class='ocrx_word' id='word_1_225' title='bbox 2462 1804 2646 1869; x_wconf 80' lang='lat' dir='ltr'><strong>altari,</strong></span> <span class='ocrx_word' id='word_1_226' title='bbox 2672 1804 2789 1857; x_wconf 89' lang='lat' dir='ltr'><strong>sine</strong></span> <span class='ocrx_word' id='word_1_227' title='bbox 2822 1804 3149 1865; x_wconf 88' lang='lat' dir='ltr'><strong>sacerdotio,</strong></span> <span class='ocrx_word' id='word_1_228' title='bbox 3175 1803 3295 1856; x_wconf 91' lang='lat' dir='ltr'><strong>sine</strong></span> <span class='ocrx_word' id='word_1_229' title='bbox 3326 1799 3728 1854; x_wconf 80' lang='lat' dir='ltr'><strong>manifestatio-</strong></span> 
     </span>
    </p>
   </div>
   <div class='ocr_carea' id='block_1_33' title="bbox 420 1874 2024 1967">
    <p class='ocr_par' dir='ltr' id='par_1_33' title="bbox 420 1874 2024 1967">
     <span class='ocr_line' id='line_1_33' title="bbox 420 1874 2024 1967; baseline 0.002 -22"><span class='ocrx_word' id='word_1_230' title='bbox 420 1874 718 1956; x_wconf 56' lang='grc' dir='ltr'>σῦκ’δντος</span> <span class='ocrx_word' id='word_1_231' title='bbox 753 1893 1023 1963; x_wconf 77' lang='grc' dir='ltr'>βασιλέως</span> <span class='ocrx_word' id='word_1_232' title='bbox 1051 1893 1178 1948; x_wconf 77' lang='grc' dir='ltr'>οὐδὲ</span> <span class='ocrx_word' id='word_1_233' title='bbox 1216 1895 1368 1959; x_wconf 74' lang='grc' dir='ltr'>ὄντος</span> <span class='ocrx_word' id='word_1_234' title='bbox 1397 1895 1684 1967; x_wconf 82' lang='grc' dir='ltr'>ἄρχοντος,</span> <span class='ocrx_word' id='word_1_235' title='bbox 1723 1899 1825 1950; x_wconf 84' lang='grc' dir='ltr'><strong>οὐκ</strong></span> <span class='ocrx_word' id='word_1_236' title='bbox 1869 1874 2024 1965; x_wconf 71' lang='grc' dir='ltr'>οὔσης</span> 
     </span>
    </p>
   </div>
   <div class='ocr_carea' id='block_1_34' title="bbox 2131 1874 3734 1967">
    <p class='ocr_par' dir='ltr' id='par_1_34' title="bbox 2142 1893 3734 1961">
     <span class='ocr_line' id='line_1_34' title="bbox 2142 1893 3734 1961; baseline -0.004 -10"><span class='ocrx_word' id='word_1_237' title='bbox 2142 1897 2324 1952; x_wconf 87' lang='lat' dir='ltr'><strong>nibus.</strong></span> <span class='ocrx_word' id='word_1_238' title='bbox 2363 1897 2555 1951; x_wconf 81' lang='lat' dir='ltr'><strong>POSIea</strong></span> <span class='ocrx_word' id='word_1_239' title='bbox 2605 1906 2951 1951; x_wconf 86' lang='lat' dir='ltr'><strong>revertentur</strong></span> <span class='ocrx_word' id='word_1_240' title='bbox 2996 1894 3093 1949; x_wconf 80' lang='lat' dir='ltr'><strong>ﬁlii</strong></span> <span class='ocrx_word' id='word_1_241' title='bbox 3150 1893 3359 1957; x_wconf 88' lang='lat' dir='ltr'><strong>Israel,</strong></span> <span class='ocrx_word' id='word_1_242' title='bbox 3397 1903 3449 1947; x_wconf 91' lang='lat' dir='ltr'><strong>et</strong></span> <span class='ocrx_word' id='word_1_243' title='bbox 3482 1898 3734 1961; x_wconf 67' lang='lat' dir='ltr'><strong>quaerent</strong></span> 
     </span>
    </p>
   </div>
   <div class='ocr_carea' id='block_1_35' title="bbox 423 1985 2037 2059">
    <p class='ocr_par' dir='ltr' id='par_1_35' title="bbox 423 1985 2037 2059">
     <span class='ocr_line' id='line_1_35' title="bbox 423 1985 2037 2059; baseline 0.004 -23"><span class='ocrx_word' id='word_1_244' title='bbox 423 1985 645 2047; x_wconf 77' lang='grc' dir='ltr'>θυσίας,</span> <span class='ocrx_word' id='word_1_245' title='bbox 701 1985 826 2038; x_wconf 77' lang='grc' dir='ltr'>οὐδὲ</span> <span class='ocrx_word' id='word_1_246' title='bbox 882 1985 1038 2049; x_wconf 75' lang='grc' dir='ltr'>ὄντος</span> <span class='ocrx_word' id='word_1_247' title='bbox 1098 1985 1510 2059; x_wconf 82' lang='grc' dir='ltr'>θυσιαστηρίου,</span> <span class='ocrx_word' id='word_1_248' title='bbox 1573 1986 1696 2041; x_wconf 72' lang='grc' dir='ltr'>οὔτε</span> <span class='ocrx_word' id='word_1_249' title='bbox 1756 1989 2037 2058; x_wconf 85' lang='grc' dir='ltr'>ίερατείας</span> 
     </span>
    </p>
   </div>
   <div class='ocr_carea' id='block_1_36' title="bbox 417 2076 2036 2153">
    <p class='ocr_par' dir='ltr' id='par_1_36' title="bbox 417 2076 2036 2153">
     <span class='ocr_line' id='line_1_36' title="bbox 417 2076 2036 2153; baseline 0.003 -24"><span class='ocrx_word' id='word_1_250' title='bbox 417 2076 551 2130; x_wconf 67' lang='grc' dir='ltr'>οὔτε</span> <span class='ocrx_word' id='word_1_251' title='bbox 609 2077 810 2147; x_wconf 80' lang='grc' dir='ltr'>δήλων.</span> <span class='ocrx_word' id='word_1_252' title='bbox 895 2078 1009 2131; x_wconf 76' lang='grc' dir='ltr'>Καὶ</span> <span class='ocrx_word' id='word_1_253' title='bbox 1072 2080 1211 2151; x_wconf 84' lang='grc' dir='ltr'>μετὰ</span> <span class='ocrx_word' id='word_1_254' title='bbox 1258 2080 1433 2135; x_wconf 74' lang='grc' dir='ltr'>ταῦτα</span> <span class='ocrx_word' id='word_1_255' title='bbox 1502 2081 1925 2153; x_wconf 61' lang='grc' dir='ltr'>ἐπιστρέφουσιν</span> <span class='ocrx_word' id='word_1_256' title='bbox 1984 2084 2036 2134; x_wconf 81' lang='lat' dir='ltr'><strong>oi</strong></span> 
     </span>
    </p>
   </div>
   <div class='ocr_carea' id='block_1_37' title="bbox 419 2171 2037 2246">
    <p class='ocr_par' dir='ltr' id='par_1_37' title="bbox 419 2171 2037 2246">
     <span class='ocr_line' id='line_1_37' title="bbox 419 2171 2037 2246; baseline 0.003 -23"><span class='ocrx_word' id='word_1_257' title='bbox 419 2171 535 2225; x_wconf 79' lang='grc' dir='ltr'>υἱοὶ</span> <span class='ocrx_word' id='word_1_258' title='bbox 594 2172 835 2244; x_wconf 81' lang='grc' dir='ltr'>Ἰσραὴλ,</span> <span class='ocrx_word' id='word_1_259' title='bbox 913 2172 1009 2226; x_wconf 77' lang='grc' dir='ltr'><strong>καὶ</strong></span> <span class='ocrx_word' id='word_1_260' title='bbox 1052 2174 1444 2243; x_wconf 81' lang='grc' dir='ltr'>ἐπιζητήσουσι</span> <span class='ocrx_word' id='word_1_261' title='bbox 1510 2173 1716 2246; x_wconf 86' lang='grc' dir='ltr'>Κύριον</span> <span class='ocrx_word' id='word_1_262' title='bbox 1766 2175 1858 2227; x_wconf 80' lang='grc' dir='ltr'><strong>τὸν</strong></span> <span class='ocrx_word' id='word_1_263' title='bbox 1904 2173 2037 2228; x_wconf 84' lang='grc' dir='ltr'>Θεὸν</span> 
     </span>
    </p>
   </div>
   <div class='ocr_carea' id='block_1_38' title="bbox 418 2262 2035 2337">
    <p class='ocr_par' dir='ltr' id='par_1_38' title="bbox 418 2262 2035 2337">
     <span class='ocr_line' id='line_1_38' title="bbox 418 2262 2035 2337; baseline 0.002 -21"><span class='ocrx_word' id='word_1_264' title='bbox 418 2262 611 2318; x_wconf 78' lang='grc' dir='ltr'>αὐτῶν</span> <span class='ocrx_word' id='word_1_265' title='bbox 667 2265 763 2318; x_wconf 61' lang='grc' dir='ltr'><strong>καὶ⁹</strong></span> <span class='ocrx_word' id='word_1_266' title='bbox 818 2265 984 2318; x_wconf 72' lang='grc' dir='ltr'>Δαὸὶδ</span> <span class='ocrx_word' id='word_1_267' title='bbox 1030 2266 1123 2321; x_wconf 85' lang='grc' dir='ltr'><strong>τὸν</strong></span> <span class='ocrx_word' id='word_1_268' title='bbox 1213 2266 1438 2337; x_wconf 81' lang='grc' dir='ltr'>βασιλέα</span> <span class='ocrx_word' id='word_1_269' title='bbox 1484 2267 1696 2323; x_wconf 82' lang='grc' dir='ltr'>αὐτῶν.</span> <span class='ocrx_word' id='word_1_270' title='bbox 1774 2267 1885 2321; x_wconf 81' lang='grc' dir='ltr'><strong>Καὶ</strong></span> <span class='ocrx_word' id='word_1_271' title='bbox 1942 2269 2035 2320; x_wconf 86' lang='grc' dir='ltr'><strong>ὲκ-</strong></span> 
     </span>
    </p>
   </div>
   <div class='ocr_carea' id='block_1_39' title="bbox 422 2357 2035 2430">
    <p class='ocr_par' dir='ltr' id='par_1_39' title="bbox 422 2357 2035 2430">
     <span class='ocr_line' id='line_1_39' title="bbox 422 2357 2035 2430; baseline 0.002 -22"><span class='ocrx_word' id='word_1_272' title='bbox 422 2358 724 2428; x_wconf 83' lang='grc' dir='ltr'>στήσονται</span> <span class='ocrx_word' id='word_1_273' title='bbox 783 2358 877 2411; x_wconf 75' lang='grc' dir='ltr'><strong>ἐπὶ</strong></span> <span class='ocrx_word' id='word_1_274' title='bbox 932 2357 1010 2429; x_wconf 83' lang='grc' dir='ltr'>τῷ</span> <span class='ocrx_word' id='word_1_275' title='bbox 1059 2358 1273 2430; x_wconf 82' lang='grc' dir='ltr'>Κυρίῳ,</span> <span class='ocrx_word' id='word_1_276' title='bbox 1327 2360 1422 2412; x_wconf 73' lang='grc' dir='ltr'>καὶ</span> <span class='ocrx_word' id='word_1_277' title='bbox 1486 2359 1579 2412; x_wconf 76' lang='grc' dir='ltr'>ἐπὶ</span> <span class='ocrx_word' id='word_1_278' title='bbox 1639 2362 1754 2423; x_wconf 80' lang='grc' dir='ltr'>τοῖς</span> <span class='ocrx_word' id='word_1_279' title='bbox 1808 2359 2035 2426; x_wconf 84' lang='grc' dir='ltr'>ἀγαθοῖς</span> 
     </span>
    </p>
   </div>
   <div class='ocr_carea' id='block_1_40' title="bbox 423 2442 2036 2519">
    <p class='ocr_par' dir='ltr' id='par_1_40' title="bbox 423 2442 2036 2519">
     <span class='ocr_line' id='line_1_40' title="bbox 423 2442 2036 2519; baseline 0.004 -24"><span class='ocrx_word' id='word_1_280' title='bbox 423 2442 598 2496; x_wconf 75' lang='grc' dir='ltr'>αὑτοῦ</span> <span class='ocrx_word' id='word_1_281' title='bbox 628 2445 718 2496; x_wconf 82' lang='grc' dir='ltr'>ἐπ’</span> <span class='ocrx_word' id='word_1_282' title='bbox 752 2446 985 2516; x_wconf 75' lang='grc' dir='ltr'>ἐσχάτου</span> <span class='ocrx_word' id='word_1_283' title='bbox 1012 2447 1122 2499; x_wconf 84' lang='grc' dir='ltr'><strong>τῶν</strong></span> <span class='ocrx_word' id='word_1_284' title='bbox 1162 2448 1409 2519; x_wconf 82' lang='grc' dir='ltr'>ἡμερῶν.</span> <span class='ocrx_word' id='word_1_285' title='bbox 1447 2467 1465 2499; x_wconf 74' lang='grc' dir='ltr'><strong>ι</strong></span> <span class='ocrx_word' id='word_1_286' title='bbox 1502 2448 1612 2502; x_wconf 72' lang='grc' dir='ltr'>Καὶ</span> <span class='ocrx_word' id='word_1_287' title='bbox 1643 2448 1751 2519; x_wconf 82' lang='grc' dir='ltr'><strong>μὴν</strong></span> <span class='ocrx_word' id='word_1_288' title='bbox 1795 2449 1889 2503; x_wconf 76' lang='grc' dir='ltr'><strong>καὶ</strong></span> <span class='ocrx_word' id='word_1_289' title='bbox 1917 2450 2036 2502; x_wconf 82' lang='grc' dir='ltr'><strong>ὲτέ-</strong></span> 
     </span>
    </p>
   </div>
   <div class='ocr_carea' id='block_1_41' title="bbox 421 2534 2031 2613">
    <p class='ocr_par' dir='ltr' id='par_1_41' title="bbox 421 2534 2031 2613">
     <span class='ocr_line' id='line_1_41' title="bbox 421 2534 2031 2613; baseline 0.006 -27"><span class='ocrx_word' id='word_1_290' title='bbox 421 2535 563 2599; x_wconf 76' lang='grc' dir='ltr'>ρωθι</span> <span class='ocrx_word' id='word_1_291' title='bbox 610 2536 641 2587; x_wconf 76' lang='grc' dir='ltr'><strong>ὁ</strong></span> <span class='ocrx_word' id='word_1_292' title='bbox 690 2534 799 2588; x_wconf 81' lang='grc' dir='ltr'>τῶν</span> <span class='ocrx_word' id='word_1_293' title='bbox 848 2536 987 2591; x_wconf 82' lang='grc' dir='ltr'>ὅλων</span> <span class='ocrx_word' id='word_1_294' title='bbox 1017 2537 1185 2601; x_wconf 82' lang='grc' dir='ltr'>Θεός’</span> <span class='ocrx_word' id='word_1_295' title='bbox 1221 2558 1240 2591; x_wconf 80' lang='grc' dir='ltr'><strong>ι</strong></span> <span class='ocrx_word' id='word_1_296' title='bbox 1290 2540 1355 2592; x_wconf 84' lang='grc' dir='ltr'><strong>Τί</strong></span> <span class='ocrx_word' id='word_1_297' title='bbox 1407 2557 1466 2593; x_wconf 87' lang='grc' dir='ltr'><strong>σε</strong></span> <span class='ocrx_word' id='word_1_298' title='bbox 1518 2540 1690 2595; x_wconf 87' lang='grc' dir='ltr'>διαθῶ</span> <span class='ocrx_word' id='word_1_299' title='bbox 1753 2542 2031 2613; x_wconf 74' lang='grc' dir='ltr'>Ἐςρραῖμς</span> 
     </span>
    </p>
   </div>
   <div class='ocr_carea' id='block_1_42' title="bbox 432 2627 2033 2709">
    <p class='ocr_par' dir='ltr' id='par_1_42' title="bbox 432 2627 2033 2709">
     <span class='ocr_line' id='line_1_42' title="bbox 432 2627 2033 2709; baseline 0.007 -30"><span class='ocrx_word' id='word_1_300' title='bbox 432 2627 803 2698; x_wconf 75' lang='grc' dir='ltr'>’Υπερασπιῶ</span> <span class='ocrx_word' id='word_1_301' title='bbox 826 2646 940 2694; x_wconf 88' lang='grc' dir='ltr'>σου,</span> <span class='ocrx_word' id='word_1_302' title='bbox 977 2630 1303 2702; x_wconf 80' lang='grc' dir='ltr'>Ἰσραήλςτί</span> <span class='ocrx_word' id='word_1_303' title='bbox 1331 2649 1389 2685; x_wconf 89' lang='grc' dir='ltr'><strong>σε</strong></span> <span class='ocrx_word' id='word_1_304' title='bbox 1411 2632 1614 2700; x_wconf 79' lang='grc' dir='ltr'>διαθῶ;</span> <span class='ocrx_word' id='word_1_305' title='bbox 1651 2636 1794 2689; x_wconf 78' lang='grc' dir='ltr'>Ὠσεὶ</span> <span class='ocrx_word' id='word_1_306' title='bbox 1823 2637 2033 2709; x_wconf 83' lang='grc' dir='ltr'>Ἀδάμα</span> 
     </span>
    </p>
   </div>
   <div class='ocr_carea' id='block_1_43' title="bbox 416 2719 2033 2800">
    <p class='ocr_par' dir='ltr' id='par_1_43' title="bbox 416 2719 2033 2800">
     <span class='ocr_line' id='line_1_43' title="bbox 416 2719 2033 2800; baseline 0.007 -29"><span class='ocrx_word' id='word_1_307' title='bbox 416 2719 673 2790; x_wconf 72' lang='grc' dir='ltr'>θήσομαι</span> <span class='ocrx_word' id='word_1_308' title='bbox 712 2736 795 2783; x_wconf 91' lang='grc' dir='ltr'><strong>σε,</strong></span> <span class='ocrx_word' id='word_1_309' title='bbox 823 2722 917 2774; x_wconf 75' lang='grc' dir='ltr'>καὶ</span> <span class='ocrx_word' id='word_1_310' title='bbox 947 2721 1022 2786; x_wconf 86' lang='grc' dir='ltr'>ὼς</span> <span class='ocrx_word' id='word_1_311' title='bbox 1056 2722 1336 2793; x_wconf 79' lang='grc' dir='ltr'>Σεϐωείμ’</span> <span class='ocrx_word' id='word_1_312' title='bbox 1380 2726 1734 2798; x_wconf 86' lang='grc' dir='ltr'>μετεστράφη</span> <span class='ocrx_word' id='word_1_313' title='bbox 1769 2728 1801 2798; x_wconf 84' lang='grc' dir='ltr'>ἡ</span> <span class='ocrx_word' id='word_1_314' title='bbox 1832 2727 2033 2800; x_wconf 82' lang='grc' dir='ltr'>καρδία</span> 
     </span>
    </p>
   </div>
   <div class='ocr_carea' id='block_1_44' title="bbox 425 2813 2029 2890">
    <p class='ocr_par' dir='ltr' id='par_1_44' title="bbox 425 2813 2029 2890">
     <span class='ocr_line' id='line_1_44' title="bbox 425 2813 2029 2890; baseline 0.006 -26"><span class='ocrx_word' id='word_1_315' title='bbox 425 2829 558 2881; x_wconf 79' lang='grc' dir='ltr'>μου,</span> <span class='ocrx_word' id='word_1_316' title='bbox 592 2814 653 2867; x_wconf 82' lang='grc' dir='ltr'>ἐν</span> <span class='ocrx_word' id='word_1_317' title='bbox 696 2813 775 2883; x_wconf 81' lang='grc' dir='ltr'>τῷ</span> <span class='ocrx_word' id='word_1_318' title='bbox 808 2813 981 2885; x_wconf 80' lang='grc' dir='ltr'>αὐτῷ.</span> <span class='ocrx_word' id='word_1_319' title='bbox 1018 2816 1402 2890; x_wconf 86' lang='grc' dir='ltr'>Συνεταράχθη</span> <span class='ocrx_word' id='word_1_320' title='bbox 1447 2819 1478 2888; x_wconf 84' lang='grc' dir='ltr'><strong>ή</strong></span> <span class='ocrx_word' id='word_1_321' title='bbox 1518 2819 1856 2890; x_wconf 81' lang='grc' dir='ltr'>μεταμέλειά</span> <span class='ocrx_word' id='word_1_322' title='bbox 1885 2837 1988 2890; x_wconf 90' lang='grc' dir='ltr'><strong>μου</strong></span> <span class='ocrx_word' id='word_1_323' title='bbox 2014 2838 2029 2853; x_wconf 78' lang='grc' dir='ltr'><strong><em>ο</em></strong></span> 
     </span>
    </p>
   </div>
   <div class='ocr_carea' id='block_1_45' title="bbox 418 2903 2028 2983">
    <p class='ocr_par' dir='ltr' id='par_1_45' title="bbox 418 2903 2028 2983">
     <span class='ocr_line' id='line_1_45' title="bbox 418 2903 2028 2983; baseline 0.006 -28"><span class='ocrx_word' id='word_1_324' title='bbox 418 2903 484 2955; x_wconf 71' lang='grc' dir='ltr'>οὐ</span> <span class='ocrx_word' id='word_1_325' title='bbox 523 2904 602 2975; x_wconf 82' lang='grc' dir='ltr'>μὴ</span> <span class='ocrx_word' id='word_1_326' title='bbox 638 2906 857 2975; x_wconf 83' lang='grc' dir='ltr'>ποιήσω</span> <span class='ocrx_word' id='word_1_327' title='bbox 896 2908 1038 2960; x_wconf 81' lang='grc' dir='ltr'>κατὰ</span> <span class='ocrx_word' id='word_1_328' title='bbox 1079 2908 1179 2978; x_wconf 83' lang='grc' dir='ltr'><strong>τὴν</strong></span> <span class='ocrx_word' id='word_1_329' title='bbox 1208 2910 1379 2981; x_wconf 81' lang='grc' dir='ltr'>ὀργὴν</span> <span class='ocrx_word' id='word_1_330' title='bbox 1421 2910 1515 2964; x_wconf 81' lang='grc' dir='ltr'><strong>τοῦ</strong></span> <span class='ocrx_word' id='word_1_331' title='bbox 1551 2911 1724 2981; x_wconf 85' lang='grc' dir='ltr'>θυμοῦ</span> <span class='ocrx_word' id='word_1_332' title='bbox 1779 2929 1901 2983; x_wconf 89' lang='grc' dir='ltr'>μου.</span> <span class='ocrx_word' id='word_1_333' title='bbox 1953 2912 2028 2966; x_wconf 81' lang='grc' dir='ltr'><strong>Οὐ</strong></span> 
     </span>
    </p>
   </div>
   <div class='ocr_carea' id='block_1_46' title="bbox 421 2994 2030 3077">
    <p class='ocr_par' dir='ltr' id='par_1_46' title="bbox 421 2994 2030 3077">
     <span class='ocr_line' id='line_1_46' title="bbox 421 2994 2030 3077; baseline 0.008 -30"><span class='ocrx_word' id='word_1_334' title='bbox 421 2996 503 3067; x_wconf 78' lang='grc' dir='ltr'>μὴ</span> <span class='ocrx_word' id='word_1_335' title='bbox 530 2994 920 3068; x_wconf 65' lang='grc' dir='ltr'>ἐγκαταλείψω</span> <span class='ocrx_word' id='word_1_336' title='bbox 941 3000 1039 3053; x_wconf 88' lang='grc' dir='ltr'><strong>τοῦ</strong></span> <span class='ocrx_word' id='word_1_337' title='bbox 1063 3000 1452 3073; x_wconf 78' lang='grc' dir='ltr'>ἐξαλειφθῆναι</span> <span class='ocrx_word' id='word_1_338' title='bbox 1481 3006 1571 3059; x_wconf 78' lang='grc' dir='ltr'><strong>τὸν</strong></span> <span class='ocrx_word' id='word_1_339' title='bbox 1608 3004 1868 3077; x_wconf 79' lang='grc' dir='ltr'>Ἐφρατμ,</span> <span class='ocrx_word' id='word_1_340' title='bbox 1896 3006 2030 3060; x_wconf 82' lang='grc' dir='ltr'>διότι</span> 
     </span>
    </p>
   </div>
   <div class='ocr_carea' id='block_1_47' title="bbox 417 3087 2023 3167">
    <p class='ocr_par' dir='ltr' id='par_1_47' title="bbox 417 3087 2023 3167">
     <span class='ocr_line' id='line_1_47' title="bbox 417 3087 2023 3167; baseline 0.007 -27"><span class='ocrx_word' id='word_1_341' title='bbox 417 3087 539 3156; x_wconf 76' lang='grc' dir='ltr'><strong>ἐγὼ</strong></span> <span class='ocrx_word' id='word_1_342' title='bbox 585 3088 722 3152; x_wconf 83' lang='grc' dir='ltr'>Θεός</span> <span class='ocrx_word' id='word_1_343' title='bbox 768 3093 905 3161; x_wconf 82' lang='grc' dir='ltr'>εἰμι,</span> <span class='ocrx_word' id='word_1_344' title='bbox 957 3094 1053 3145; x_wconf 76' lang='grc' dir='ltr'><strong>καὶ</strong></span> <span class='ocrx_word' id='word_1_345' title='bbox 1081 3094 1183 3147; x_wconf 82' lang='grc' dir='ltr'><strong>οὐκ</strong></span> <span class='ocrx_word' id='word_1_346' title='bbox 1215 3093 1508 3166; x_wconf 82' lang='grc' dir='ltr'>ἅνθρωπος</span> <span class='ocrx_word' id='word_1_347' title='bbox 1558 3098 1616 3151; x_wconf 82' lang='grc' dir='ltr'>ἔν</span> <span class='ocrx_word' id='word_1_348' title='bbox 1658 3115 1740 3151; x_wconf 91' lang='grc' dir='ltr'><strong>σοι</strong></span> <span class='ocrx_word' id='word_1_349' title='bbox 1784 3098 1960 3167; x_wconf 78' lang='grc' dir='ltr'>ἅγιος.</span> <span class='ocrx_word' id='word_1_350' title='bbox 2004 3118 2023 3151; x_wconf 75' lang='grc' dir='ltr'><strong>ι</strong></span> 
     </span>
    </p>
   </div>
   <div class='ocr_carea' id='block_1_48' title="bbox 2140 1988 3734 2055">
    <p class='ocr_par' dir='ltr' id='par_1_48' title="bbox 2140 1988 3734 2055">
     <span class='ocr_line' id='line_1_48' title="bbox 2140 1988 3734 2055; baseline -0.003 -14"><span class='ocrx_word' id='word_1_351' title='bbox 2140 1990 2427 2042; x_wconf 88' lang='lat' dir='ltr'><strong>Dominum</strong></span> <span class='ocrx_word' id='word_1_352' title='bbox 2469 1988 2637 2041; x_wconf 83' lang='lat' dir='ltr'><strong>Deum</strong></span> <span class='ocrx_word' id='word_1_353' title='bbox 2673 2004 2866 2051; x_wconf 91' lang='lat' dir='ltr'><strong>suum,</strong></span> <span class='ocrx_word' id='word_1_354' title='bbox 2900 1997 2954 2042; x_wconf 89' lang='lat' dir='ltr'><strong>et</strong></span> <span class='ocrx_word' id='word_1_355' title='bbox 2987 1988 3158 2042; x_wconf 84' lang='lat' dir='ltr'><strong>David</strong></span> <span class='ocrx_word' id='word_1_356' title='bbox 3188 2001 3366 2055; x_wconf 84' lang='lat' dir='ltr'><strong>regem</strong></span> <span class='ocrx_word' id='word_1_357' title='bbox 3416 2000 3571 2039; x_wconf 88' lang='lat' dir='ltr'><strong>sumn</strong></span> <span class='ocrx_word' id='word_1_358' title='bbox 3599 2023 3615 2047; x_wconf 92' lang='lat'><strong>,</strong></span> <span class='ocrx_word' id='word_1_359' title='bbox 3677 1993 3734 2037; x_wconf 85' lang='lat' dir='ltr'><strong>et</strong></span> 
     </span>
    </p>
   </div>
   <div class='ocr_carea' id='block_1_49' title="bbox 2140 2077 3733 2150">
    <p class='ocr_par' dir='ltr' id='par_1_49' title="bbox 2140 2077 3733 2150">
     <span class='ocr_line' id='line_1_49' title="bbox 2140 2077 3733 2150; baseline -0.004 -13"><span class='ocrx_word' id='word_1_360' title='bbox 2140 2082 2436 2150; x_wconf 75' lang='lat' dir='ltr'><strong>stupeburtt</strong></span> <span class='ocrx_word' id='word_1_361' title='bbox 2468 2080 2534 2135; x_wconf 91' lang='lat' dir='ltr'><strong>ad</strong></span> <span class='ocrx_word' id='word_1_362' title='bbox 2562 2079 2874 2145; x_wconf 88' lang='lat' dir='ltr'><strong>Dominum,</strong></span> <span class='ocrx_word' id='word_1_363' title='bbox 2923 2089 2978 2133; x_wconf 88' lang='lat' dir='ltr'><strong>et</strong></span> <span class='ocrx_word' id='word_1_364' title='bbox 3005 2095 3169 2148; x_wconf 80' lang='lat' dir='ltr'><strong>super</strong></span> <span class='ocrx_word' id='word_1_365' title='bbox 3196 2078 3351 2133; x_wconf 89' lang='lat' dir='ltr'><strong>bonis</strong></span> <span class='ocrx_word' id='word_1_366' title='bbox 3378 2078 3517 2144; x_wconf 88' lang='lat' dir='ltr'><strong>ejus,</strong></span> <span class='ocrx_word' id='word_1_367' title='bbox 3549 2077 3601 2129; x_wconf 88' lang='lat' dir='ltr'><strong>itt</strong></span> <span class='ocrx_word' id='word_1_368' title='bbox 3633 2091 3733 2130; x_wconf 83' lang='lat' dir='ltr'><strong>tto-</strong></span> 
     </span>
    </p>
   </div>
   <div class='ocr_carea' id='block_1_50' title="bbox 2141 2170 3728 2229">
    <p class='ocr_par' dir='ltr' id='par_1_50' title="bbox 2141 2170 3728 2229">
     <span class='ocr_line' id='line_1_50' title="bbox 2141 2170 3728 2229; baseline -0.003 -1"><span class='ocrx_word' id='word_1_369' title='bbox 2141 2175 2377 2229; x_wconf 90' lang='lat' dir='ltr'><strong>vissimis</strong></span> <span class='ocrx_word' id='word_1_370' title='bbox 2408 2175 2598 2229; x_wconf 87' lang='lat' dir='ltr'><strong>diebus</strong></span> <span class='ocrx_word' id='word_1_371' title='bbox 2625 2172 2690 2226; x_wconf 83' lang='grc'><strong>¹⁹.</strong></span> <span class='ocrx_word' id='word_1_372' title='bbox 2723 2193 2740 2225; x_wconf 71' lang='grc' dir='ltr'><strong>ι</strong></span> <span class='ocrx_word' id='word_1_373' title='bbox 2800 2174 2863 2227; x_wconf 88' lang='lat' dir='ltr'><strong>Et</strong></span> <span class='ocrx_word' id='word_1_374' title='bbox 2916 2173 3113 2227; x_wconf 89' lang='lat' dir='ltr'><strong>alicuhi</strong></span> <span class='ocrx_word' id='word_1_375' title='bbox 3139 2173 3522 2226; x_wconf 87' lang='lat' dir='ltr'><strong>universorum</strong></span> <span class='ocrx_word' id='word_1_376' title='bbox 3551 2170 3728 2224; x_wconf 89' lang='lat' dir='ltr'><strong>Deus:</strong></span> 
     </span>
    </p>
   </div>
   <div class='ocr_carea' id='block_1_51' title="bbox 2144 2262 3730 2334">
    <p class='ocr_par' dir='ltr' id='par_1_51' title="bbox 2144 2262 3730 2334">
     <span class='ocr_line' id='line_1_51' title="bbox 2144 2262 3730 2334; baseline -0.003 -14"><span class='ocrx_word' id='word_1_377' title='bbox 2144 2285 2163 2320; x_wconf 79' lang='grc' dir='ltr'><strong>ι</strong></span> <span class='ocrx_word' id='word_1_378' title='bbox 2196 2266 2471 2334; x_wconf 88' lang='lat' dir='ltr'><strong>Quidtibi,</strong></span> <span class='ocrx_word' id='word_1_379' title='bbox 2506 2284 2525 2318; x_wconf 87' lang='grc'>›</span> <span class='ocrx_word' id='word_1_380' title='bbox 2555 2265 2749 2334; x_wconf 90' lang='lat' dir='ltr'><strong>inquit,</strong></span> <span class='ocrx_word' id='word_1_381' title='bbox 2786 2284 2805 2317; x_wconf 79' lang='grc' dir='ltr'><strong>ι</strong></span> <span class='ocrx_word' id='word_1_382' title='bbox 2850 2265 3044 2320; x_wconf 79' lang='lat' dir='ltr'><strong>faciam</strong></span> <span class='ocrx_word' id='word_1_383' title='bbox 3090 2262 3398 2334; x_wconf 87' lang='lat' dir='ltr'><strong>Ephraim?</strong></span> <span class='ocrx_word' id='word_1_384' title='bbox 3439 2263 3730 2333; x_wconf 82' lang='lat' dir='ltr'><strong>I’rotegam</strong></span> 
     </span>
    </p>
   </div>
   <div class='ocr_carea' id='block_1_52' title="bbox 2140 2359 3728 2432">
    <p class='ocr_par' dir='ltr' id='par_1_52' title="bbox 2140 2359 3728 2432">
     <span class='ocr_line' id='line_1_52' title="bbox 2140 2359 3728 2432; baseline -0.006 -12"><span class='ocrx_word' id='word_1_385' title='bbox 2140 2375 2192 2420; x_wconf 90' lang='lat' dir='ltr'><strong>te</strong></span> <span class='ocrx_word' id='word_1_386' title='bbox 2223 2363 2425 2420; x_wconf 88' lang='lat' dir='ltr'><strong>Israel?</strong></span> <span class='ocrx_word' id='word_1_387' title='bbox 2449 2363 2588 2432; x_wconf 86' lang='lat' dir='ltr'><strong>Quid</strong></span> <span class='ocrx_word' id='word_1_388' title='bbox 2641 2364 2735 2418; x_wconf 89' lang='lat' dir='ltr'><strong>tibi</strong></span> <span class='ocrx_word' id='word_1_389' title='bbox 2782 2361 3029 2417; x_wconf 70' lang='lat' dir='ltr'><strong>faciam?</strong></span> <span class='ocrx_word' id='word_1_390' title='bbox 3070 2359 3139 2416; x_wconf 92' lang='lat' dir='ltr'><strong>Ut</strong></span> <span class='ocrx_word' id='word_1_391' title='bbox 3164 2360 3370 2414; x_wconf 84' lang='lat' dir='ltr'><strong>Adama</strong></span> <span class='ocrx_word' id='word_1_392' title='bbox 3408 2374 3600 2429; x_wconf 89' lang='lat' dir='ltr'><strong>ponam</strong></span> <span class='ocrx_word' id='word_1_393' title='bbox 3639 2366 3728 2423; x_wconf 90' lang='lat' dir='ltr'><strong>te,</strong></span> 
     </span>
    </p>
   </div>
   <div class='ocr_carea' id='block_1_53' title="bbox 2142 2448 3729 2524">
    <p class='ocr_par' dir='ltr' id='par_1_53' title="bbox 2142 2448 3729 2524">
     <span class='ocr_line' id='line_1_53' title="bbox 2142 2448 3729 2524; baseline -0.005 -15"><span class='ocrx_word' id='word_1_394' title='bbox 2142 2454 2241 2524; x_wconf 77' lang='grc' dir='ltr'><strong>ιι</strong></span> <span class='ocrx_word' id='word_1_395' title='bbox 2276 2463 2333 2508; x_wconf 89' lang='lat' dir='ltr'><strong>et</strong></span> <span class='ocrx_word' id='word_1_396' title='bbox 2374 2462 2433 2508; x_wconf 90' lang='lat' dir='ltr'><strong>ttt</strong></span> <span class='ocrx_word' id='word_1_397' title='bbox 2462 2453 2703 2508; x_wconf 88' lang='lat' dir='ltr'><strong>Seboim.</strong></span> <span class='ocrx_word' id='word_1_398' title='bbox 2730 2453 3065 2506; x_wconf 90' lang='lat' dir='ltr'><strong>Conversum</strong></span> <span class='ocrx_word' id='word_1_399' title='bbox 3094 2460 3177 2504; x_wconf 88' lang='lat' dir='ltr'><strong>est</strong></span> <span class='ocrx_word' id='word_1_400' title='bbox 3197 2466 3292 2503; x_wconf 87' lang='lat' dir='ltr'><strong>cor</strong></span> <span class='ocrx_word' id='word_1_401' title='bbox 3309 2465 3484 2503; x_wconf 91' lang='lat' dir='ltr'><strong>meum</strong></span> <span class='ocrx_word' id='word_1_402' title='bbox 3517 2450 3567 2501; x_wconf 92' lang='lat' dir='ltr'><strong>in</strong></span> <span class='ocrx_word' id='word_1_403' title='bbox 3589 2448 3729 2517; x_wconf 91' lang='lat' dir='ltr'><strong>ipso,</strong></span> 
     </span>
    </p>
   </div>
   <div class='ocr_carea' id='block_1_54' title="bbox 2135 2540 3732 2615">
    <p class='ocr_par' dir='ltr' id='par_1_54' title="bbox 2135 2540 3732 2615">
     <span class='ocr_line' id='line_1_54' title="bbox 2135 2540 3732 2615; baseline -0.004 -14"><span class='ocrx_word' id='word_1_404' title='bbox 2135 2546 2461 2601; x_wconf 85' lang='lat' dir='ltr'><strong>conturbata</strong></span> <span class='ocrx_word' id='word_1_405' title='bbox 2513 2555 2602 2600; x_wconf 87' lang='lat' dir='ltr'><strong>est</strong></span> <span class='ocrx_word' id='word_1_406' title='bbox 2652 2546 2933 2615; x_wconf 79' lang='lat' dir='ltr'><strong>pcenitndo</strong></span> <span class='ocrx_word' id='word_1_407' title='bbox 2978 2560 3119 2607; x_wconf 84' lang='lat' dir='ltr'><strong>mea,</strong></span> <span class='ocrx_word' id='word_1_408' title='bbox 3157 2560 3265 2598; x_wconf 92' lang='lat' dir='ltr'><strong>non</strong></span> <span class='ocrx_word' id='word_1_409' title='bbox 3327 2540 3732 2608; x_wconf 79' lang='lat' dir='ltr'><strong>faciam,juxta</strong></span> 
     </span>
    </p>
   </div>
   <div class='ocr_carea' id='block_1_55' title="bbox 2135 2636 3733 2706">
    <p class='ocr_par' dir='ltr' id='par_1_55' title="bbox 2135 2636 3733 2706">
     <span class='ocr_line' id='line_1_55' title="bbox 2135 2636 3733 2706; baseline -0.003 -13"><span class='ocrx_word' id='word_1_410' title='bbox 2135 2640 2271 2695; x_wconf 90' lang='lat' dir='ltr'><strong>iram</strong></span> <span class='ocrx_word' id='word_1_411' title='bbox 2336 2639 2536 2693; x_wconf 81' lang='lat' dir='ltr'><strong>furoris</strong></span> <span class='ocrx_word' id='word_1_412' title='bbox 2619 2640 2745 2705; x_wconf 87' lang='lat' dir='ltr'><strong>mei,</strong></span> <span class='ocrx_word' id='word_1_413' title='bbox 2808 2653 2915 2691; x_wconf 90' lang='lat' dir='ltr'><strong>non</strong></span> <span class='ocrx_word' id='word_1_414' title='bbox 2989 2636 3293 2706; x_wconf 87' lang='lat' dir='ltr'><strong>relinquam</strong></span> <span class='ocrx_word' id='word_1_415' title='bbox 3359 2646 3417 2689; x_wconf 93' lang='lat' dir='ltr'><strong>ut</strong></span> <span class='ocrx_word' id='word_1_416' title='bbox 3488 2636 3733 2688; x_wconf 71' lang='lat' dir='ltr'><strong>dolemur</strong></span> 
     </span>
    </p>
   </div>
   <div class='ocr_carea' id='block_1_56' title="bbox 2135 2727 3732 2802">
    <p class='ocr_par' dir='ltr' id='par_1_56' title="bbox 2135 2727 3732 2802">
     <span class='ocr_line' id='line_1_56' title="bbox 2135 2727 3732 2802; baseline -0.003 -17"><span class='ocrx_word' id='word_1_417' title='bbox 2135 2731 2414 2802; x_wconf 85' lang='lat' dir='ltr'><strong>Ephraim,</strong></span> <span class='ocrx_word' id='word_1_418' title='bbox 2441 2730 2638 2799; x_wconf 84' lang='lat' dir='ltr'><strong>quippe</strong></span> <span class='ocrx_word' id='word_1_419' title='bbox 2672 2745 2772 2801; x_wconf 80' lang='lat' dir='ltr'><strong>ego</strong></span> <span class='ocrx_word' id='word_1_420' title='bbox 2827 2731 2966 2784; x_wconf 90' lang='lat' dir='ltr'><strong>Deus</strong></span> <span class='ocrx_word' id='word_1_421' title='bbox 2993 2744 3136 2793; x_wconf 90' lang='lat' dir='ltr'><strong>sum,</strong></span> <span class='ocrx_word' id='word_1_422' title='bbox 3174 2744 3279 2781; x_wconf 89' lang='lat' dir='ltr'><strong>non</strong></span> <span class='ocrx_word' id='word_1_423' title='bbox 3332 2727 3515 2790; x_wconf 90' lang='lat' dir='ltr'><strong>homo,</strong></span> <span class='ocrx_word' id='word_1_424' title='bbox 3569 2728 3622 2781; x_wconf 90' lang='lat' dir='ltr'><strong>in</strong></span> <span class='ocrx_word' id='word_1_425' title='bbox 3678 2736 3732 2781; x_wconf 85' lang='lat' dir='ltr'><strong>te</strong></span> 
     </span>
    </p>
   </div>
   <div class='ocr_carea' id='block_1_57' title="bbox 2134 2820 3730 2892">
    <p class='ocr_par' dir='ltr' id='par_1_57' title="bbox 2134 2820 3730 2892">
     <span class='ocr_line' id='line_1_57' title="bbox 2134 2820 3730 2892; baseline -0.004 -11"><span class='ocrx_word' id='word_1_426' title='bbox 2134 2824 2463 2881; x_wconf 54' lang='lat' dir='ltr'><strong>sanctus“:</strong></span> <span class='ocrx_word' id='word_1_427' title='bbox 2484 2823 2686 2888; x_wconf 86' lang='lat' dir='ltr'><strong>Audin,</strong></span> <span class='ocrx_word' id='word_1_428' title='bbox 2707 2838 2813 2891; x_wconf 92' lang='lat' dir='ltr'><strong>quo</strong></span> <span class='ocrx_word' id='word_1_429' title='bbox 2833 2834 2989 2892; x_wconf 82' lang='lat' dir='ltr'><strong>pacto</strong></span> <span class='ocrx_word' id='word_1_430' title='bbox 3014 2838 3116 2874; x_wconf 89' lang='lat' dir='ltr'><strong>non</strong></span> <span class='ocrx_word' id='word_1_431' title='bbox 3137 2837 3232 2889; x_wconf 88' lang='lat' dir='ltr'><strong>pro</strong></span> <span class='ocrx_word' id='word_1_432' title='bbox 3250 2822 3343 2875; x_wconf 69' lang='lat' dir='ltr'><strong>ira:</strong></span> <span class='ocrx_word' id='word_1_433' title='bbox 3363 2820 3730 2889; x_wconf 82' lang='lat' dir='ltr'><strong>magnitudine</strong></span> 
     </span>
    </p>
   </div>
   <div class='ocr_carea' id='block_1_58' title="bbox 2133 2908 3730 2980">
    <p class='ocr_par' dir='ltr' id='par_1_58' title="bbox 2133 2908 3730 2980">
     <span class='ocr_line' id='line_1_58' title="bbox 2133 2908 3730 2980; baseline -0.006 -7"><span class='ocrx_word' id='word_1_434' title='bbox 2133 2931 2193 2972; x_wconf 83' lang='lat' dir='ltr'><strong>se</strong></span> <span class='ocrx_word' id='word_1_435' title='bbox 2224 2924 2415 2970; x_wconf 89' lang='lat' dir='ltr'><strong>contra</strong></span> <span class='ocrx_word' id='word_1_436' title='bbox 2477 2928 2573 2969; x_wconf 91' lang='lat' dir='ltr'><strong>eos</strong></span> <span class='ocrx_word' id='word_1_437' title='bbox 2624 2912 2892 2977; x_wconf 82' lang='lat' dir='ltr'><strong>facturum</strong></span> <span class='ocrx_word' id='word_1_438' title='bbox 2947 2910 3286 2980; x_wconf 79' lang='lat' dir='ltr'><strong>polliceatur,</strong></span> <span class='ocrx_word' id='word_1_439' title='bbox 3330 2917 3386 2963; x_wconf 90' lang='lat' dir='ltr'><strong>at</strong></span> <span class='ocrx_word' id='word_1_440' title='bbox 3450 2908 3730 2963; x_wconf 82' lang='lat' dir='ltr'><strong>denuntiet</strong></span> 
     </span>
    </p>
   </div>
   <div class='ocr_carea' id='block_1_59' title="bbox 2132 3003 3729 3077">
    <p class='ocr_par' dir='ltr' id='par_1_59' title="bbox 2132 3003 3729 3077">
     <span class='ocr_line' id='line_1_59' title="bbox 2132 3003 3729 3077; baseline -0.006 -14"><span class='ocrx_word' id='word_1_441' title='bbox 2132 3018 2259 3063; x_wconf 87' lang='lat' dir='ltr'><strong>ante</strong></span> <span class='ocrx_word' id='word_1_442' title='bbox 2317 3007 2495 3077; x_wconf 77' lang='lat' dir='ltr'><strong>potius</strong></span> <span class='ocrx_word' id='word_1_443' title='bbox 2528 3005 2868 3060; x_wconf 82' lang='lat' dir='ltr'><strong>clementiam</strong></span> <span class='ocrx_word' id='word_1_444' title='bbox 2900 3003 3380 3073; x_wconf 84' lang='lat' dir='ltr'><strong>delinquentihtts,</strong></span> <span class='ocrx_word' id='word_1_445' title='bbox 3411 3017 3473 3055; x_wconf 91' lang='lat' dir='ltr'><strong>ae</strong></span> <span class='ocrx_word' id='word_1_446' title='bbox 3505 3003 3557 3054; x_wconf 91' lang='lat' dir='ltr'><strong>iu</strong></span> <span class='ocrx_word' id='word_1_447' title='bbox 3593 3016 3729 3070; x_wconf 85' lang='lat' dir='ltr'><strong>pau-</strong></span> 
     </span>
    </p>
   </div>
   <div class='ocr_carea' id='block_1_60' title="bbox 2133 3093 3728 3168">
    <p class='ocr_par' dir='ltr' id='par_1_60' title="bbox 2133 3093 3728 3168">
     <span class='ocr_line' id='line_1_60' title="bbox 2133 3093 3728 3168; baseline -0.005 -14"><span class='ocrx_word' id='word_1_448' title='bbox 2133 3099 2213 3155; x_wconf 90' lang='lat' dir='ltr'><strong>cis</strong></span> <span class='ocrx_word' id='word_1_449' title='bbox 2274 3097 2520 3168; x_wconf 87' lang='lat' dir='ltr'><strong>reliquiis</strong></span> <span class='ocrx_word' id='word_1_450' title='bbox 2568 3095 2823 3151; x_wconf 83' lang='lat' dir='ltr'><strong>Israelem</strong></span> <span class='ocrx_word' id='word_1_451' title='bbox 2880 3093 3304 3149; x_wconf 77' lang='lat' dir='ltr'><strong>remanserunt?</strong></span> <span class='ocrx_word' id='word_1_452' title='bbox 3342 3093 3495 3160; x_wconf 85' lang='lat' dir='ltr'><strong>Quod</strong></span> <span class='ocrx_word' id='word_1_453' title='bbox 3540 3095 3728 3148; x_wconf 86' lang='lat' dir='ltr'><strong>eodem</strong></span> 
     </span>
    </p>
   </div>
   <div class='ocr_carea' id='block_1_61' title="bbox 432 3181 2024 3279">
    <p class='ocr_par' dir='ltr' id='par_1_61' title="bbox 432 3181 2024 3264">
     <span class='ocr_line' id='line_1_61' title="bbox 432 3181 2024 3264; baseline 0.006 -30"><span class='ocrx_word' id='word_1_454' title='bbox 432 3181 687 3246; x_wconf 78' lang='grc' dir='ltr'>Ἀκούεις</span> <span class='ocrx_word' id='word_1_455' title='bbox 714 3183 866 3247; x_wconf 83' lang='grc' dir='ltr'>ὅπως</span> <span class='ocrx_word' id='word_1_456' title='bbox 893 3187 956 3238; x_wconf 83' lang='grc' dir='ltr'><strong>οὐ</strong></span> <span class='ocrx_word' id='word_1_457' title='bbox 1000 3185 1144 3240; x_wconf 78' lang='grc' dir='ltr'>κατὰ</span> <span class='ocrx_word' id='word_1_458' title='bbox 1176 3187 1238 3240; x_wconf 78' lang='grc' dir='ltr'>τὸ</span> <span class='ocrx_word' id='word_1_459' title='bbox 1268 3188 1499 3259; x_wconf 83' lang='grc' dir='ltr'>μέγεθος</span> <span class='ocrx_word' id='word_1_460' title='bbox 1537 3191 1636 3260; x_wconf 85' lang='grc' dir='ltr'>τῆς</span> <span class='ocrx_word' id='word_1_461' title='bbox 1670 3191 1841 3264; x_wconf 84' lang='grc' dir='ltr'>ὀργῆς</span> <span class='ocrx_word' id='word_1_462' title='bbox 1870 3193 2024 3263; x_wconf 84' lang='grc' dir='ltr'>ποιή-</span> 
     </span>
    </p>
   </div>
   <div class='ocr_carea' id='block_1_62' title="bbox 2131 3181 3727 3279">
    <p class='ocr_par' dir='ltr' id='par_1_62' title="bbox 2132 3186 3727 3258">
     <span class='ocr_line' id='line_1_62' title="bbox 2132 3186 3727 3258; baseline -0.003 -12"><span class='ocrx_word' id='word_1_463' title='bbox 2132 3192 2296 3246; x_wconf 90' lang='lat' dir='ltr'><strong>etiam</strong></span> <span class='ocrx_word' id='word_1_464' title='bbox 2371 3193 2532 3244; x_wconf 84' lang='lat' dir='ltr'><strong>modo</strong></span> <span class='ocrx_word' id='word_1_465' title='bbox 2591 3188 2859 3258; x_wconf 88' lang='lat' dir='ltr'><strong>superiori</strong></span> <span class='ocrx_word' id='word_1_466' title='bbox 2926 3188 3186 3241; x_wconf 84' lang='lat' dir='ltr'><strong>memoria</strong></span> <span class='ocrx_word' id='word_1_467' title='bbox 3255 3188 3414 3241; x_wconf 87' lang='lat' dir='ltr'><strong>nobis</strong></span> <span class='ocrx_word' id='word_1_468' title='bbox 3469 3186 3727 3241; x_wconf 86' lang='lat' dir='ltr'><strong>ostendit.</strong></span> 
     </span>
    </p>
   </div>
   <div class='ocr_carea' id='block_1_63' title="bbox 418 3274 2024 3354">
    <p class='ocr_par' dir='ltr' id='par_1_63' title="bbox 418 3274 2024 3354">
     <span class='ocr_line' id='line_1_63' title="bbox 418 3274 2024 3354; baseline 0.007 -29"><span class='ocrx_word' id='word_1_469' title='bbox 418 3291 540 3327; x_wconf 82' lang='grc' dir='ltr'>σειν</span> <span class='ocrx_word' id='word_1_470' title='bbox 602 3274 727 3327; x_wconf 89' lang='grc' dir='ltr'>κατ’</span> <span class='ocrx_word' id='word_1_471' title='bbox 790 3276 974 3330; x_wconf 79' lang='grc' dir='ltr'>αὐτῶν</span> <span class='ocrx_word' id='word_1_472' title='bbox 1027 3277 1427 3348; x_wconf 80' lang='grc' dir='ltr'>ἐπηγγείλατο,</span> <span class='ocrx_word' id='word_1_473' title='bbox 1481 3282 1909 3354; x_wconf 84' lang='grc' dir='ltr'>προύπισχνεῖτο</span> <span class='ocrx_word' id='word_1_474' title='bbox 1967 3284 2024 3337; x_wconf 80' lang='grc' dir='ltr'>δὲ</span> 
     </span>
    </p>
   </div>
   <div class='ocr_carea' id='block_1_64' title="bbox 391 3365 2019 3440">
    <p class='ocr_par' dir='ltr' id='par_1_64' title="bbox 391 3365 2019 3440">
     <span class='ocr_line' id='line_1_64' title="bbox 391 3365 2019 3440; baseline 0.009 -22"><span class='ocrx_word' id='word_1_475' title='bbox 391 3365 972 3440; x_wconf 74' lang='grc' dir='ltr'>’μᾶλλονπλημμε.</span> <span class='ocrx_word' id='word_1_476' title='bbox 1056 3413 1071 3424; x_wconf 91' lang='grc'><strong>.</strong></span> <span class='ocrx_word' id='word_1_477' title='bbox 1149 3410 1165 3426; x_wconf 94' lang='grc'><strong>.</strong></span> <span class='ocrx_word' id='word_1_478' title='bbox 1243 3411 1261 3429; x_wconf 93' lang='grc'><strong>.</strong></span> <span class='ocrx_word' id='word_1_479' title='bbox 1339 3411 1356 3428; x_wconf 90' lang='grc'><strong>.</strong></span> <span class='ocrx_word' id='word_1_480' title='bbox 1434 3410 1451 3429; x_wconf 89' lang='grc'><strong>.</strong></span> <span class='ocrx_word' id='word_1_481' title='bbox 1530 3412 1545 3428; x_wconf 91' lang='lat'><strong>.</strong></span> <span class='ocrx_word' id='word_1_482' title='bbox 1625 3413 1641 3430; x_wconf 91' lang='lat'><strong>.</strong></span> <span class='ocrx_word' id='word_1_483' title='bbox 1721 3416 1736 3431; x_wconf 92' lang='lat'><strong>.</strong></span> <span class='ocrx_word' id='word_1_484' title='bbox 1815 3413 1832 3431; x_wconf 89' lang='lat'><strong>.</strong></span> <span class='ocrx_word' id='word_1_485' title='bbox 1910 3416 1926 3431; x_wconf 92' lang='lat'><strong>.</strong></span> <span class='ocrx_word' id='word_1_486' title='bbox 2004 3416 2019 3432; x_wconf 93' lang='lat'><strong>.</strong></span> 
     </span>
    </p>
   </div>
   <div class='ocr_carea' id='block_1_65' title="bbox 1320 3464 2024 3541">
    <p class='ocr_par' dir='ltr' id='par_1_65' title="bbox 1320 3464 2024 3541">
     <span class='ocr_line' id='line_1_65' title="bbox 1320 3464 2024 3541; baseline 0.01 -24"><span class='ocrx_word' id='word_1_487' title='bbox 1320 3464 1630 3536; x_wconf 81' lang='grc' dir='ltr'>ἠπείθησαν</span> <span class='ocrx_word' id='word_1_488' title='bbox 1659 3467 1759 3537; x_wconf 82' lang='grc' dir='ltr'>μὲν</span> <span class='ocrx_word' id='word_1_489' title='bbox 1790 3468 1899 3541; x_wconf 84' lang='grc' dir='ltr'>γὰρ</span> <span class='ocrx_word' id='word_1_490' title='bbox 1929 3471 2024 3524; x_wconf 55' lang='grc' dir='ltr'><strong>καὶ¹</strong></span> 
     </span>
    </p>
   </div>
   <div class='ocr_carea' id='block_1_66' title="bbox 415 3552 2023 3631">
    <p class='ocr_par' dir='ltr' id='par_1_66' title="bbox 415 3552 2023 3631">
     <span class='ocr_line' id='line_1_66' title="bbox 415 3552 2023 3631; baseline 0.006 -25"><span class='ocrx_word' id='word_1_491' title='bbox 415 3553 565 3606; x_wconf 70' lang='grc' dir='ltr'>κατὰ</span> <span class='ocrx_word' id='word_1_492' title='bbox 602 3552 703 3623; x_wconf 79' lang='grc' dir='ltr'>τὴν</span> <span class='ocrx_word' id='word_1_493' title='bbox 729 3553 938 3626; x_wconf 81' lang='grc' dir='ltr'>ἔρημον</span> <span class='ocrx_word' id='word_1_494' title='bbox 981 3558 1030 3609; x_wconf 87' lang='grc' dir='ltr'>οἱ</span> <span class='ocrx_word' id='word_1_495' title='bbox 1062 3555 1122 3622; x_wconf 79' lang='grc' dir='ltr'>ἐξ</span> <span class='ocrx_word' id='word_1_496' title='bbox 1160 3556 1379 3630; x_wconf 80' lang='grc' dir='ltr'>Ἰσραὴλ</span> <span class='ocrx_word' id='word_1_497' title='bbox 1417 3559 1555 3630; x_wconf 78' lang='grc' dir='ltr'>πρὸς</span> <span class='ocrx_word' id='word_1_498' title='bbox 1581 3560 1765 3631; x_wconf 71' lang='grc' dir='ltr'>αύτρῖς</span> <span class='ocrx_word' id='word_1_499' title='bbox 1802 3561 2023 3631; x_wconf 78' lang='grc' dir='ltr'>γεγονό-</span> 
     </span>
    </p>
   </div>
   <div class='ocr_carea' id='block_1_67' title="bbox 412 3646 2021 3725">
    <p class='ocr_par' dir='ltr' id='par_1_67' title="bbox 412 3646 2021 3725">
     <span class='ocr_line' id='line_1_67' title="bbox 412 3646 2021 3725; baseline 0.007 -30"><span class='ocrx_word' id='word_1_500' title='bbox 412 3659 510 3708; x_wconf 85' lang='grc' dir='ltr'><strong>τες</strong></span> <span class='ocrx_word' id='word_1_501' title='bbox 542 3647 658 3708; x_wconf 87' lang='grc' dir='ltr'>τοῖς</span> <span class='ocrx_word' id='word_1_502' title='bbox 680 3646 776 3699; x_wconf 79' lang='grc' dir='ltr'><strong>τοῦ</strong></span> <span class='ocrx_word' id='word_1_503' title='bbox 821 3648 1090 3718; x_wconf 83' lang='grc' dir='ltr'>Ἰορδάνου</span> <span class='ocrx_word' id='word_1_504' title='bbox 1117 3650 1341 3720; x_wconf 83' lang='grc' dir='ltr'>νάμασι,</span> <span class='ocrx_word' id='word_1_505' title='bbox 1375 3652 1469 3704; x_wconf 69' lang='grc' dir='ltr'><strong>καὶ</strong></span> <span class='ocrx_word' id='word_1_506' title='bbox 1503 3651 1862 3724; x_wconf 82' lang='grc' dir='ltr'>κληρονομεῖν</span> <span class='ocrx_word' id='word_1_507' title='bbox 1891 3655 2021 3725; x_wconf 85' lang='grc' dir='ltr'>μέλ-</span> 
     </span>
    </p>
   </div>
   <div class='ocr_carea' id='block_1_68' title="bbox 411 3736 2016 3819">
    <p class='ocr_par' dir='ltr' id='par_1_68' title="bbox 411 3736 2016 3819">
     <span class='ocr_line' id='line_1_68' title="bbox 411 3736 2016 3819; baseline 0.008 -30"><span class='ocrx_word' id='word_1_508' title='bbox 411 3736 605 3799; x_wconf 72' lang='grc' dir='ltr'>λοντες</span> <span class='ocrx_word' id='word_1_509' title='bbox 637 3737 741 3808; x_wconf 83' lang='grc' dir='ltr'>τῆς</span> <span class='ocrx_word' id='word_1_510' title='bbox 790 3740 1127 3810; x_wconf 70' lang='grc' dir='ltr'>ἐπαγγελίας</span> <span class='ocrx_word' id='word_1_511' title='bbox 1159 3745 1259 3815; x_wconf 80' lang='grc' dir='ltr'>τὴν</span> <span class='ocrx_word' id='word_1_512' title='bbox 1312 3742 1434 3815; x_wconf 87' lang='grc' dir='ltr'>γῆν.</span> <span class='ocrx_word' id='word_1_513' title='bbox 1492 3745 1656 3798; x_wconf 86' lang='grc' dir='ltr'>Ὅθεν</span> <span class='ocrx_word' id='word_1_514' title='bbox 1706 3745 1811 3819; x_wconf 78' lang='grc' dir='ltr'><strong>ἔφη</strong></span> <span class='ocrx_word' id='word_1_515' title='bbox 1850 3747 2016 3812; x_wconf 77' lang='grc' dir='ltr'>Θεόςο</span> 
     </span>
    </p>
   </div>
   <div class='ocr_carea' id='block_1_69' title="bbox 418 3828 2020 3907">
    <p class='ocr_par' dir='ltr' id='par_1_69' title="bbox 418 3828 2020 3907">
     <span class='ocr_line' id='line_1_69' title="bbox 418 3828 2020 3907; baseline 0.007 -25"><span class='ocrx_word' id='word_1_516' title='bbox 418 3849 439 3881; x_wconf 77' lang='grc' dir='ltr'><strong>ι</strong></span> <span class='ocrx_word' id='word_1_517' title='bbox 495 3828 590 3892; x_wconf 78' lang='grc' dir='ltr'>Ὦς</span> <span class='ocrx_word' id='word_1_518' title='bbox 614 3828 808 3901; x_wconf 75' lang='grc' dir='ltr'>ὤμοσα</span> <span class='ocrx_word' id='word_1_519' title='bbox 847 3834 905 3886; x_wconf 82' lang='grc' dir='ltr'>ὲν</span> <span class='ocrx_word' id='word_1_520' title='bbox 938 3836 1004 3905; x_wconf 85' lang='grc' dir='ltr'>τῇ</span> <span class='ocrx_word' id='word_1_521' title='bbox 1041 3834 1177 3906; x_wconf 82' lang='grc' dir='ltr'>ὀργῇ</span> <span class='ocrx_word' id='word_1_522' title='bbox 1218 3853 1343 3907; x_wconf 87' lang='grc' dir='ltr'>μου,</span> <span class='ocrx_word' id='word_1_523' title='bbox 1396 3838 1447 3890; x_wconf 84' lang='grc' dir='ltr'>εἰ</span> <span class='ocrx_word' id='word_1_524' title='bbox 1492 3838 1891 3893; x_wconf 75' lang='grc' dir='ltr'>εἰσελεύσονται</span> <span class='ocrx_word' id='word_1_525' title='bbox 1939 3843 2020 3905; x_wconf 87' lang='grc' dir='ltr'>εἰς</span> 
     </span>
    </p>
   </div>
   <div class='ocr_carea' id='block_1_70' title="bbox 409 3920 2018 4000">
    <p class='ocr_par' dir='ltr' id='par_1_70' title="bbox 409 3920 2018 4000">
     <span class='ocr_line' id='line_1_70' title="bbox 409 3920 2018 4000; baseline 0.007 -26"><span class='ocrx_word' id='word_1_526' title='bbox 409 3920 518 3992; x_wconf 80' lang='grc' dir='ltr'><strong>τὴν</strong></span> <span class='ocrx_word' id='word_1_527' title='bbox 550 3923 900 3979; x_wconf 75' lang='grc' dir='ltr'>κατάπαυσίν</span> <span class='ocrx_word' id='word_1_528' title='bbox 925 3942 1051 3995; x_wconf 90' lang='grc' dir='ltr'>μου.</span> <span class='ocrx_word' id='word_1_529' title='bbox 1084 3946 1103 3978; x_wconf 70' lang='grc' dir='ltr'><strong>ι</strong></span> <span class='ocrx_word' id='word_1_530' title='bbox 1133 3927 1399 3981; x_wconf 81' lang='grc' dir='ltr'>Πέπτωκε</span> <span class='ocrx_word' id='word_1_531' title='bbox 1428 3928 1538 4000; x_wconf 79' lang='grc' dir='ltr'>γὰρ</span> <span class='ocrx_word' id='word_1_532' title='bbox 1559 3928 1629 3983; x_wconf 83' lang='grc' dir='ltr'>τὰ</span> <span class='ocrx_word' id='word_1_533' title='bbox 1656 3929 1806 3985; x_wconf 82' lang='grc' dir='ltr'>κῶλα</span> <span class='ocrx_word' id='word_1_534' title='bbox 1836 3932 2018 3988; x_wconf 80' lang='grc' dir='ltr'>αὐτῶν</span> 
     </span>
    </p>
   </div>
   <div class='ocr_carea' id='block_1_71' title="bbox 410 4012 2019 4097">
    <p class='ocr_par' dir='ltr' id='par_1_71' title="bbox 410 4012 2019 4097">
     <span class='ocr_line' id='line_1_71' title="bbox 410 4012 2019 4097; baseline 0.011 -34"><span class='ocrx_word' id='word_1_535' title='bbox 410 4012 477 4064; x_wconf 81' lang='grc' dir='ltr'>ὲν</span> <span class='ocrx_word' id='word_1_536' title='bbox 503 4015 571 4084; x_wconf 81' lang='grc' dir='ltr'>τῇ</span> <span class='ocrx_word' id='word_1_537' title='bbox 604 4013 817 4086; x_wconf 75' lang='grc' dir='ltr'>ἐρήμῳ,</span> <span class='ocrx_word' id='word_1_538' title='bbox 867 4016 963 4068; x_wconf 75' lang='grc' dir='ltr'><strong>καὶ</strong></span> <span class='ocrx_word' id='word_1_539' title='bbox 999 4016 1241 4083; x_wconf 76' lang='grc' dir='ltr'>ἅπαντες</span> <span class='ocrx_word' id='word_1_540' title='bbox 1278 4018 1697 4095; x_wconf 86' lang='grc' dir='ltr'>δεδαπάνηνται,</span> <span class='ocrx_word' id='word_1_541' title='bbox 1731 4023 1871 4097; x_wconf 81' lang='grc' dir='ltr'>πλὴν</span> <span class='ocrx_word' id='word_1_542' title='bbox 1904 4027 2019 4079; x_wconf 87' lang='grc' dir='ltr'><strong>Χα-</strong></span> 
     </span>
    </p>
   </div>
   <div class='ocr_carea' id='block_1_72' title="bbox 408 4103 2018 4188">
    <p class='ocr_par' dir='ltr' id='par_1_72' title="bbox 408 4103 2018 4188">
     <span class='ocr_line' id='line_1_72' title="bbox 408 4103 2018 4188; baseline 0.01 -32"><span class='ocrx_word' id='word_1_543' title='bbox 408 4103 511 4157; x_wconf 69' lang='grc' dir='ltr'>λὶδ</span> <span class='ocrx_word' id='word_1_544' title='bbox 553 4104 672 4168; x_wconf 84' lang='grc' dir='ltr'>υἱὸς</span> <span class='ocrx_word' id='word_1_545' title='bbox 729 4106 958 4179; x_wconf 77' lang='grc' dir='ltr'>Ἰεφονῆ,</span> <span class='ocrx_word' id='word_1_546' title='bbox 994 4109 1088 4163; x_wconf 77' lang='grc' dir='ltr'><strong>καὶ</strong></span> <span class='ocrx_word' id='word_1_547' title='bbox 1135 4110 1347 4182; x_wconf 83' lang='grc' dir='ltr'>Ἰησοῦς</span> <span class='ocrx_word' id='word_1_548' title='bbox 1391 4115 1419 4167; x_wconf 86' lang='grc' dir='ltr'><strong>ό</strong></span> <span class='ocrx_word' id='word_1_549' title='bbox 1446 4115 1539 4168; x_wconf 85' lang='grc' dir='ltr'><strong>τοῦ</strong></span> <span class='ocrx_word' id='word_1_550' title='bbox 1570 4117 1747 4188; x_wconf 82' lang='grc' dir='ltr'>Ναυῆ.</span> <span class='ocrx_word' id='word_1_551' title='bbox 1796 4118 2018 4171; x_wconf 88' lang='grc' dir='ltr'>Συνεισ-</span> 
     </span>
    </p>
   </div>
   <div class='ocr_carea' id='block_1_73' title="bbox 407 4200 2017 4285">
    <p class='ocr_par' dir='ltr' id='par_1_73' title="bbox 407 4200 2017 4285">
     <span class='ocr_line' id='line_1_73' title="bbox 407 4200 2017 4285; baseline 0.01 -33"><span class='ocrx_word' id='word_1_552' title='bbox 407 4200 624 4272; x_wconf 64' lang='grc' dir='ltr'>ἔϐησαν</span> <span class='ocrx_word' id='word_1_553' title='bbox 652 4201 732 4272; x_wconf 80' lang='grc' dir='ltr'>τῷ</span> <span class='ocrx_word' id='word_1_554' title='bbox 763 4203 869 4273; x_wconf 84' lang='grc' dir='ltr'><strong>νέῳ</strong></span> <span class='ocrx_word' id='word_1_555' title='bbox 899 4202 1034 4274; x_wconf 81' lang='grc' dir='ltr'>λαῷ,</span> <span class='ocrx_word' id='word_1_556' title='bbox 1079 4207 1174 4259; x_wconf 75' lang='grc' dir='ltr'><strong>καὶ</strong></span> <span class='ocrx_word' id='word_1_557' title='bbox 1205 4207 1418 4278; x_wconf 78' lang='grc' dir='ltr'>διῆλθον</span> <span class='ocrx_word' id='word_1_558' title='bbox 1455 4210 1546 4263; x_wconf 81' lang='grc' dir='ltr'><strong>τὸν</strong></span> <span class='ocrx_word' id='word_1_559' title='bbox 1601 4207 1893 4285; x_wconf 80' lang='grc' dir='ltr'>Ἰορδάνην,</span> <span class='ocrx_word' id='word_1_560' title='bbox 1921 4213 2017 4268; x_wconf 75' lang='grc' dir='ltr'><strong>καὶ</strong></span> 
     </span>
    </p>
   </div>
   <div class='ocr_carea' id='block_1_74' title="bbox 407 4295 2015 4370">
    <p class='ocr_par' dir='ltr' id='par_1_74' title="bbox 407 4295 2015 4370">
     <span class='ocr_line' id='line_1_74' title="bbox 407 4295 2015 4370; baseline 0.006 -22"><span class='ocrx_word' id='word_1_561' title='bbox 407 4295 621 4367; x_wconf 80' lang='grc' dir='ltr'>κλῆρον</span> <span class='ocrx_word' id='word_1_562' title='bbox 658 4297 929 4367; x_wconf 76' lang='grc' dir='ltr'>ἐσχήκασι</span> <span class='ocrx_word' id='word_1_563' title='bbox 959 4297 1051 4351; x_wconf 83' lang='grc' dir='ltr'><strong>τὸν</strong></span> <span class='ocrx_word' id='word_1_564' title='bbox 1095 4299 1247 4370; x_wconf 84' lang='grc' dir='ltr'>παρὰ</span> <span class='ocrx_word' id='word_1_565' title='bbox 1282 4300 1440 4358; x_wconf 84' lang='grc' dir='ltr'>Θεοῦ.</span> <span class='ocrx_word' id='word_1_566' title='bbox 1490 4301 1672 4367; x_wconf 85' lang='grc' dir='ltr'>Τύπος</span> <span class='ocrx_word' id='word_1_567' title='bbox 1715 4303 1760 4356; x_wconf 86' lang='grc' dir='ltr'>δ’</span> <span class='ocrx_word' id='word_1_568' title='bbox 1809 4303 1875 4358; x_wconf 87' lang='grc' dir='ltr'><strong>ἂν</strong></span> <span class='ocrx_word' id='word_1_569' title='bbox 1904 4299 2015 4359; x_wconf 83' lang='grc' dir='ltr'>εἶεν</span> 
     </span>
    </p>
   </div>
   <div class='ocr_carea' id='block_1_75' title="bbox 405 4384 2011 4464">
    <p class='ocr_par' dir='ltr' id='par_1_75' title="bbox 405 4384 2011 4464">
     <span class='ocr_line' id='line_1_75' title="bbox 405 4384 2011 4464; baseline 0.004 -22"><span class='ocrx_word' id='word_1_570' title='bbox 405 4384 565 4443; x_wconf 75' lang='grc' dir='ltr'>οὗτοι</span> <span class='ocrx_word' id='word_1_571' title='bbox 610 4388 709 4441; x_wconf 84' lang='grc' dir='ltr'><strong>τοῦ</strong></span> <span class='ocrx_word' id='word_1_572' title='bbox 759 4389 1209 4460; x_wconf 84' lang='grc' dir='ltr'>καταλείμματος</span> <span class='ocrx_word' id='word_1_573' title='bbox 1255 4390 1352 4446; x_wconf 86' lang='grc' dir='ltr'><strong>τοῦ</strong></span> <span class='ocrx_word' id='word_1_574' title='bbox 1393 4393 1632 4464; x_wconf 84' lang='grc' dir='ltr'>Ἰσραὴλ,</span> <span class='ocrx_word' id='word_1_575' title='bbox 1661 4396 2011 4464; x_wconf 68' lang='grc' dir='ltr'>σεσωσμένοι)</span> 
     </span>
    </p>
   </div>
   <div class='ocr_carea' id='block_1_76' title="bbox 412 4479 2014 4555">
    <p class='ocr_par' dir='ltr' id='par_1_76' title="bbox 412 4479 2014 4555">
     <span class='ocr_line' id='line_1_76' title="bbox 412 4479 2014 4555; baseline 0.005 -24"><span class='ocrx_word' id='word_1_576' title='bbox 412 4479 521 4550; x_wconf 79' lang='grc' dir='ltr'><strong>μὲν</strong></span> <span class='ocrx_word' id='word_1_577' title='bbox 550 4479 622 4533; x_wconf 75' lang='grc' dir='ltr'>δι’</span> <span class='ocrx_word' id='word_1_578' title='bbox 653 4479 904 4551; x_wconf 78' lang='grc' dir='ltr'>ὑπακοῆς</span> <span class='ocrx_word' id='word_1_579' title='bbox 933 4480 1172 4545; x_wconf 86' lang='grc' dir='ltr'>πίστεως</span> <span class='ocrx_word' id='word_1_580' title='bbox 1215 4483 1318 4552; x_wconf 87' lang='grc' dir='ltr'><strong>τῆς</strong></span> <span class='ocrx_word' id='word_1_581' title='bbox 1359 4485 1440 4547; x_wconf 86' lang='grc' dir='ltr'><strong>είς</strong></span> <span class='ocrx_word' id='word_1_582' title='bbox 1473 4484 1729 4555; x_wconf 83' lang='grc' dir='ltr'>Χριστὸν,</span> <span class='ocrx_word' id='word_1_583' title='bbox 1760 4485 2014 4538; x_wconf 76' lang='grc' dir='ltr'>διαϐιϐα-</span> 
     </span>
    </p>
   </div>
   <div class='ocr_carea' id='block_1_77' title="bbox 2134 3277 3727 3340">
    <p class='ocr_par' dir='ltr' id='par_1_77' title="bbox 2134 3277 3727 3340">
     <span class='ocr_line' id='line_1_77' title="bbox 2134 3277 3727 3340; baseline -0.005 -3"><span class='ocrx_word' id='word_1_584' title='bbox 2134 3283 2305 3337; x_wconf 85' lang='lat' dir='ltr'><strong>Erant</strong></span> <span class='ocrx_word' id='word_1_585' title='bbox 2365 3282 2511 3336; x_wconf 87' lang='lat' dir='ltr'><strong>enim</strong></span> <span class='ocrx_word' id='word_1_586' title='bbox 2580 3279 2839 3333; x_wconf 72' lang='lat' dir='ltr'><strong>Israelita:</strong></span> <span class='ocrx_word' id='word_1_587' title='bbox 2906 3277 3167 3333; x_wconf 84' lang='lat' dir='ltr'><strong>increduli</strong></span> <span class='ocrx_word' id='word_1_588' title='bbox 3233 3277 3287 3331; x_wconf 92' lang='lat' dir='ltr'><strong>in</strong></span> <span class='ocrx_word' id='word_1_589' title='bbox 3325 3279 3564 3340; x_wconf 89' lang='lat' dir='ltr'><strong>deserto,</strong></span> <span class='ocrx_word' id='word_1_590' title='bbox 3606 3292 3727 3330; x_wconf 91' lang='lat' dir='ltr'><strong>eum</strong></span> 
     </span>
    </p>
   </div>
   <div class='ocr_carea' id='block_1_78' title="bbox 2132 3365 3729 3442">
    <p class='ocr_par' dir='ltr' id='par_1_78' title="bbox 2132 3365 3729 3442">
     <span class='ocr_line' id='line_1_78' title="bbox 2132 3365 3729 3442; baseline -0.006 -12"><span class='ocrx_word' id='word_1_591' title='bbox 2132 3382 2319 3430; x_wconf 87' lang='lat' dir='ltr'><strong>essent</strong></span> <span class='ocrx_word' id='word_1_592' title='bbox 2365 3386 2533 3442; x_wconf 88' lang='lat' dir='ltr'><strong>prope</strong></span> <span class='ocrx_word' id='word_1_593' title='bbox 2589 3369 2762 3440; x_wconf 81' lang='lat' dir='ltr'><strong>ipsum</strong></span> <span class='ocrx_word' id='word_1_594' title='bbox 2817 3369 2992 3422; x_wconf 91' lang='lat' dir='ltr'><strong>rivum</strong></span> <span class='ocrx_word' id='word_1_595' title='bbox 3057 3366 3329 3427; x_wconf 81' lang='lat' dir='ltr'><strong>Jordauis.</strong></span> <span class='ocrx_word' id='word_1_596' title='bbox 3392 3365 3729 3434; x_wconf 83' lang='lat' dir='ltr'><strong>jamjamque</strong></span> 
     </span>
    </p>
   </div>
   <div class='ocr_carea' id='block_1_79' title="bbox 2134 3456 3820 3534">
    <p class='ocr_par' dir='ltr' id='par_1_79' title="bbox 2134 3456 3820 3534">
     <span class='ocr_line' id='line_1_79' title="bbox 2134 3456 3820 3534; baseline -0.005 -12"><span class='ocrx_word' id='word_1_597' title='bbox 2134 3476 2333 3522; x_wconf 85' lang='lat' dir='ltr'><strong>terram</strong></span> <span class='ocrx_word' id='word_1_598' title='bbox 2376 3462 2751 3534; x_wconf 87' lang='lat' dir='ltr'><strong>promissionis</strong></span> <span class='ocrx_word' id='word_1_599' title='bbox 2801 3462 3127 3529; x_wconf 87' lang='lat' dir='ltr'><strong>possessuri,</strong></span> <span class='ocrx_word' id='word_1_600' title='bbox 3171 3463 3313 3514; x_wconf 87' lang='lat' dir='ltr'><strong>unde</strong></span> <span class='ocrx_word' id='word_1_601' title='bbox 3360 3459 3502 3514; x_wconf 82' lang='lat' dir='ltr'><strong>Deus</strong></span> <span class='ocrx_word' id='word_1_602' title='bbox 3538 3479 3551 3515; x_wconf 88' lang='lat'><strong>:</strong></span> <span class='ocrx_word' id='word_1_603' title='bbox 3581 3477 3600 3511; x_wconf 74' lang='grc' dir='ltr'><strong>ι</strong></span> <span class='ocrx_word' id='word_1_604' title='bbox 3637 3459 3727 3514; x_wconf 91' lang='lat' dir='ltr'><strong>Sic</strong></span> <span class='ocrx_word' id='word_1_605' title='bbox 3815 3456 3820 3461; x_wconf 74' lang='grc'><em>’</em></span> 
     </span>
    </p>
   </div>
   <div class='ocr_carea' id='block_1_80' title="bbox 2124 3549 3726 3626">
    <p class='ocr_par' dir='ltr' id='par_1_80' title="bbox 2124 3549 3726 3626">
     <span class='ocr_line' id='line_1_80' title="bbox 2124 3549 3726 3626; baseline -0.004 -18"><span class='ocrx_word' id='word_1_606' title='bbox 2124 3556 2325 3626; x_wconf 85' lang='lat' dir='ltr'><strong>juravi,</strong></span> <span class='ocrx_word' id='word_1_607' title='bbox 2350 3573 2368 3607; x_wconf 74' lang='grc' dir='ltr'><strong>ι</strong></span> <span class='ocrx_word' id='word_1_608' title='bbox 2389 3554 2581 3624; x_wconf 86' lang='lat' dir='ltr'><strong>inquit,</strong></span> <span class='ocrx_word' id='word_1_609' title='bbox 2612 3570 2629 3603; x_wconf 84' lang='lat' dir='ltr'><strong>t</strong></span> <span class='ocrx_word' id='word_1_610' title='bbox 2661 3554 2715 3607; x_wconf 91' lang='lat' dir='ltr'><strong>in</strong></span> <span class='ocrx_word' id='word_1_611' title='bbox 2735 3554 2815 3608; x_wconf 87' lang='lat' dir='ltr'><strong>ira</strong></span> <span class='ocrx_word' id='word_1_612' title='bbox 2849 3568 2986 3616; x_wconf 90' lang='lat' dir='ltr'><strong>mea,</strong></span> <span class='ocrx_word' id='word_1_613' title='bbox 3009 3550 3064 3605; x_wconf 91' lang='lat' dir='ltr'><strong>Si</strong></span> <span class='ocrx_word' id='word_1_614' title='bbox 3092 3550 3458 3604; x_wconf 74' lang='lat' dir='ltr'><strong>introibuutin</strong></span> <span class='ocrx_word' id='word_1_615' title='bbox 3488 3549 3726 3617; x_wconf 87' lang='lat' dir='ltr'><strong>requiem</strong></span> 
     </span>
    </p>
   </div>
   <div class='ocr_carea' id='block_1_81' title="bbox 2130 3645 3723 3707">
    <p class='ocr_par' dir='ltr' id='par_1_81' title="bbox 2130 3645 3723 3707">
     <span class='ocr_line' id='line_1_81' title="bbox 2130 3645 3723 3707; baseline -0.005 0"><span class='ocrx_word' id='word_1_616' title='bbox 2130 3651 2393 3707; x_wconf 75' lang='lat' dir='ltr'><strong>meam“.</strong></span> <span class='ocrx_word' id='word_1_617' title='bbox 2432 3670 2452 3702; x_wconf 72' lang='grc' dir='ltr'><strong>ι</strong></span> <span class='ocrx_word' id='word_1_618' title='bbox 2490 3649 2818 3704; x_wconf 85' lang='lat' dir='ltr'><strong>Ceciderunt</strong></span> <span class='ocrx_word' id='word_1_619' title='bbox 2864 3648 3106 3700; x_wconf 83' lang='lat' dir='ltr'><strong>tnetnbra</strong></span> <span class='ocrx_word' id='word_1_620' title='bbox 3152 3661 3339 3699; x_wconf 88' lang='lat' dir='ltr'><strong>eorum</strong></span> <span class='ocrx_word' id='word_1_621' title='bbox 3383 3645 3435 3698; x_wconf 90' lang='lat' dir='ltr'><strong>in</strong></span> <span class='ocrx_word' id='word_1_622' title='bbox 3471 3645 3723 3699; x_wconf 86' lang='lat' dir='ltr'><strong>deserto:</strong></span> 
     </span>
    </p>
   </div>
   <div class='ocr_carea' id='block_1_82' title="bbox 2128 3736 3724 3809">
    <p class='ocr_par' dir='ltr' id='par_1_82' title="bbox 2128 3736 3724 3809">
     <span class='ocr_line' id='line_1_82' title="bbox 2128 3736 3724 3809; baseline -0.006 -11"><span class='ocrx_word' id='word_1_623' title='bbox 2128 3754 2182 3798; x_wconf 87' lang='lat' dir='ltr'><strong>et</strong></span> <span class='ocrx_word' id='word_1_624' title='bbox 2212 3758 2402 3798; x_wconf 84' lang='lat' dir='ltr'><strong>omnes</strong></span> <span class='ocrx_word' id='word_1_625' title='bbox 2435 3742 2738 3809; x_wconf 84' lang='lat' dir='ltr'><strong>consumpti</strong></span> <span class='ocrx_word' id='word_1_626' title='bbox 2783 3749 2910 3794; x_wconf 86' lang='lat' dir='ltr'><strong>sunt</strong></span> <span class='ocrx_word' id='word_1_627' title='bbox 2967 3746 3165 3808; x_wconf 59' lang='lat' dir='ltr'><strong>prieter</strong></span> <span class='ocrx_word' id='word_1_628' title='bbox 3220 3736 3478 3792; x_wconf 84' lang='lat' dir='ltr'><strong>Calelmm</strong></span> <span class='ocrx_word' id='word_1_629' title='bbox 3556 3736 3724 3789; x_wconf 87' lang='lat' dir='ltr'><strong>lilium</strong></span> 
     </span>
    </p>
   </div>
   <div class='ocr_carea' id='block_1_83' title="bbox 2125 3828 3726 3908">
    <p class='ocr_par' dir='ltr' id='par_1_83' title="bbox 2125 3828 3726 3908">
     <span class='ocr_line' id='line_1_83' title="bbox 2125 3828 3726 3908; baseline -0.006 -16"><span class='ocrx_word' id='word_1_630' title='bbox 2125 3835 2391 3908; x_wconf 85' lang='lat' dir='ltr'><strong>Jephone,</strong></span> <span class='ocrx_word' id='word_1_631' title='bbox 2436 3848 2490 3891; x_wconf 90' lang='lat' dir='ltr'><strong>et</strong></span> <span class='ocrx_word' id='word_1_632' title='bbox 2526 3833 2652 3890; x_wconf 83' lang='lat' dir='ltr'><strong>Jesu</strong></span> <span class='ocrx_word' id='word_1_633' title='bbox 2723 3833 2892 3887; x_wconf 84' lang='lat' dir='ltr'><strong>tilium</strong></span> <span class='ocrx_word' id='word_1_634' title='bbox 2956 3830 3127 3894; x_wconf 81' lang='lat' dir='ltr'><strong>Nave,</strong></span> <span class='ocrx_word' id='word_1_635' title='bbox 3169 3830 3259 3898; x_wconf 91' lang='lat' dir='ltr'><strong>qui</strong></span> <span class='ocrx_word' id='word_1_636' title='bbox 3307 3828 3533 3898; x_wconf 84' lang='lat' dir='ltr'><strong>ingressi</strong></span> <span class='ocrx_word' id='word_1_637' title='bbox 3598 3837 3726 3882; x_wconf 87' lang='lat' dir='ltr'><strong>sunt</strong></span> 
     </span>
    </p>
   </div>
   <div class='ocr_carea' id='block_1_84' title="bbox 2127 3920 3721 3997">
    <p class='ocr_par' dir='ltr' id='par_1_84' title="bbox 2127 3920 3721 3997">
     <span class='ocr_line' id='line_1_84' title="bbox 2127 3920 3721 3997; baseline -0.008 -13"><span class='ocrx_word' id='word_1_638' title='bbox 2127 3946 2233 3984; x_wconf 90' lang='lat' dir='ltr'><strong>una</strong></span> <span class='ocrx_word' id='word_1_639' title='bbox 2277 3945 2401 3983; x_wconf 90' lang='lat' dir='ltr'><strong>cum</strong></span> <span class='ocrx_word' id='word_1_640' title='bbox 2457 3928 2652 3997; x_wconf 88' lang='lat' dir='ltr'><strong>populo</strong></span> <span class='ocrx_word' id='word_1_641' title='bbox 2709 3940 2868 3990; x_wconf 87' lang='lat' dir='ltr'><strong>novo,</strong></span> <span class='ocrx_word' id='word_1_642' title='bbox 2913 3936 2968 3980; x_wconf 87' lang='lat' dir='ltr'><strong>et</strong></span> <span class='ocrx_word' id='word_1_643' title='bbox 3025 3925 3363 3978; x_wconf 77' lang='lat' dir='ltr'><strong>transierunt</strong></span> <span class='ocrx_word' id='word_1_644' title='bbox 3401 3920 3721 3986; x_wconf 80' lang='lat' dir='ltr'><strong>Jordanem,</strong></span> 
     </span>
    </p>
   </div>
   <div class='ocr_carea' id='block_1_85' title="bbox 2124 4015 3724 4086">
    <p class='ocr_par' dir='ltr' id='par_1_85' title="bbox 2124 4015 3724 4086">
     <span class='ocr_line' id='line_1_85' title="bbox 2124 4015 3724 4086; baseline -0.007 -9"><span class='ocrx_word' id='word_1_645' title='bbox 2124 4032 2179 4078; x_wconf 90' lang='lat' dir='ltr'><strong>et</strong></span> <span class='ocrx_word' id='word_1_646' title='bbox 2201 4037 2230 4076; x_wconf 91' lang='lat' dir='ltr'><strong>a</strong></span> <span class='ocrx_word' id='word_1_647' title='bbox 2254 4022 2361 4076; x_wconf 89' lang='lat' dir='ltr'><strong>Deo</strong></span> <span class='ocrx_word' id='word_1_648' title='bbox 2377 4030 2576 4075; x_wconf 85' lang='lat' dir='ltr'><strong>sortem</strong></span> <span class='ocrx_word' id='word_1_649' title='bbox 2595 4017 2870 4073; x_wconf 81' lang='lat' dir='ltr'><strong>consecuti</strong></span> <span class='ocrx_word' id='word_1_650' title='bbox 2897 4028 3044 4071; x_wconf 86' lang='lat' dir='ltr'><strong>sunt.</strong></span> <span class='ocrx_word' id='word_1_651' title='bbox 3068 4015 3266 4086; x_wconf 81' lang='lat' dir='ltr'><strong>Figura</strong></span> <span class='ocrx_word' id='word_1_652' title='bbox 3289 4030 3407 4069; x_wconf 84' lang='lat' dir='ltr'><strong>esse</strong></span> <span class='ocrx_word' id='word_1_653' title='bbox 3427 4023 3653 4083; x_wconf 89' lang='lat' dir='ltr'><strong>possunt</strong></span> <span class='ocrx_word' id='word_1_654' title='bbox 3670 4021 3724 4066; x_wconf 90' lang='lat' dir='ltr'><strong>et</strong></span> 
     </span>
    </p>
   </div>
   <div class='ocr_carea' id='block_1_86' title="bbox 2135 4105 3721 4185">
    <p class='ocr_par' dir='ltr' id='par_1_86' title="bbox 2135 4105 3721 4185">
     <span class='ocr_line' id='line_1_86' title="bbox 2135 4105 3721 4185; baseline -0.006 -15"><span class='ocrx_word' id='word_1_655' title='bbox 2135 4116 2190 4171; x_wconf 91' lang='lat' dir='ltr'><strong>hi</strong></span> <span class='ocrx_word' id='word_1_656' title='bbox 2223 4116 2572 4185; x_wconf 82' lang='lat' dir='ltr'><strong>reliquiarum</strong></span> <span class='ocrx_word' id='word_1_657' title='bbox 2601 4110 2836 4174; x_wconf 83' lang='lat' dir='ltr'><strong>lsraelis,</strong></span> <span class='ocrx_word' id='word_1_658' title='bbox 2863 4126 2983 4179; x_wconf 78' lang='lat' dir='ltr'><strong>quze</strong></span> <span class='ocrx_word' id='word_1_659' title='bbox 3035 4125 3130 4179; x_wconf 90' lang='lat' dir='ltr'><strong>per</strong></span> <span class='ocrx_word' id='word_1_660' title='bbox 3170 4109 3534 4163; x_wconf 82' lang='lat' dir='ltr'><strong>obedientiam</strong></span> <span class='ocrx_word' id='word_1_661' title='bbox 3598 4105 3721 4161; x_wconf 84' lang='lat' dir='ltr'><strong>ﬁdei</strong></span> 
     </span>
    </p>
   </div>
   <div class='ocr_carea' id='block_1_87' title="bbox 2127 4203 3719 4272">
    <p class='ocr_par' dir='ltr' id='par_1_87' title="bbox 2127 4203 3719 4272">
     <span class='ocr_line' id='line_1_87' title="bbox 2127 4203 3719 4272; baseline -0.011 -4"><span class='ocrx_word' id='word_1_662' title='bbox 2127 4216 2181 4268; x_wconf 91' lang='lat' dir='ltr'><strong>in</strong></span> <span class='ocrx_word' id='word_1_663' title='bbox 2214 4208 2495 4265; x_wconf 86' lang='lat' dir='ltr'><strong>Christum</strong></span> <span class='ocrx_word' id='word_1_664' title='bbox 2525 4217 2777 4270; x_wconf 70' lang='lat' dir='ltr'><strong>servatm,</strong></span> <span class='ocrx_word' id='word_1_665' title='bbox 2813 4203 3154 4272; x_wconf 84' lang='lat' dir='ltr'><strong>trajectoque</strong></span> <span class='ocrx_word' id='word_1_666' title='bbox 3206 4203 3488 4254; x_wconf 86' lang='lat' dir='ltr'><strong>nobiseum</strong></span> <span class='ocrx_word' id='word_1_667' title='bbox 3526 4213 3719 4253; x_wconf 82' lang='lat' dir='ltr'><strong>sacro-</strong></span> 
     </span>
    </p>
   </div>
   <div class='ocr_carea' id='block_1_88' title="bbox 2124 4293 3716 4363">
    <p class='ocr_par' dir='ltr' id='par_1_88' title="bbox 2124 4293 3716 4363">
     <span class='ocr_line' id='line_1_88' title="bbox 2124 4293 3716 4363; baseline -0.01 -7"><span class='ocrx_word' id='word_1_668' title='bbox 2124 4312 2316 4356; x_wconf 84' lang='lat' dir='ltr'><strong>sancto</strong></span> <span class='ocrx_word' id='word_1_669' title='bbox 2342 4299 2605 4358; x_wconf 74' lang='lat' dir='ltr'><strong>Iordane,</strong></span> <span class='ocrx_word' id='word_1_670' title='bbox 2638 4299 2803 4351; x_wconf 86' lang='lat' dir='ltr'><strong>etiam</strong></span> <span class='ocrx_word' id='word_1_671' title='bbox 2833 4311 3053 4363; x_wconf 76' lang='lat' dir='ltr'><strong>regnum</strong></span> <span class='ocrx_word' id='word_1_672' title='bbox 3088 4294 3349 4348; x_wconf 68' lang='lat' dir='ltr'><strong>caelorum</strong></span> <span class='ocrx_word' id='word_1_673' title='bbox 3378 4293 3716 4346; x_wconf 65' lang='lat' dir='ltr'><strong>hmreditarir</strong></span> 
     </span>
    </p>
   </div>
   <div class='ocr_carea' id='block_1_89' title="bbox 2122 4384 3710 4461">
    <p class='ocr_par' dir='ltr' id='par_1_89' title="bbox 2122 4384 3710 4461">
     <span class='ocr_line' id='line_1_89' title="bbox 2122 4384 3710 4461; baseline -0.007 -16"><span class='ocrx_word' id='word_1_674' title='bbox 2122 4393 2412 4461; x_wconf 85' lang='lat' dir='ltr'><strong>accipient.</strong></span> <span class='ocrx_word' id='word_1_675' title='bbox 2449 4389 2669 4445; x_wconf 87' lang='lat' dir='ltr'><strong>Gratias</strong></span> <span class='ocrx_word' id='word_1_676' title='bbox 2728 4389 2914 4456; x_wconf 81' lang='lat' dir='ltr'><strong>itaque</strong></span> <span class='ocrx_word' id='word_1_677' title='bbox 2962 4399 3128 4453; x_wconf 75' lang='lat' dir='ltr'><strong>agens</strong></span> <span class='ocrx_word' id='word_1_678' title='bbox 3202 4386 3487 4452; x_wconf 85' lang='lat' dir='ltr'><strong>propheta,</strong></span> <span class='ocrx_word' id='word_1_679' title='bbox 3552 4384 3710 4436; x_wconf 84' lang='lat' dir='ltr'><strong>dieil-</strong></span> 
     </span>
    </p>
   </div>
   <div class='ocr_carea' id='block_1_90' title="bbox 2121 4476 3692 4547">
    <p class='ocr_par' dir='ltr' id='par_1_90' title="bbox 2121 4476 3692 4547">
     <span class='ocr_line' id='line_1_90' title="bbox 2121 4476 3692 4547; baseline -0.01 -6"><span class='ocrx_word' id='word_1_680' title='bbox 2121 4487 2239 4541; x_wconf 82' lang='lat' dir='ltr'><strong>Nisi</strong></span> <span class='ocrx_word' id='word_1_681' title='bbox 2299 4483 2554 4536; x_wconf 80' lang='lat' dir='ltr'><strong>Dominus</strong></span> <span class='ocrx_word' id='word_1_682' title='bbox 2622 4478 2860 4533; x_wconf 81' lang='lat' dir='ltr'><strong>Sabaoth</strong></span> <span class='ocrx_word' id='word_1_683' title='bbox 2934 4477 3231 4547; x_wconf 77' lang='lat' dir='ltr'><strong>reliquisset</strong></span> <span class='ocrx_word' id='word_1_684' title='bbox 3302 4476 3449 4529; x_wconf 84' lang='lat' dir='ltr'><strong>nobis</strong></span> <span class='ocrx_word' id='word_1_685' title='bbox 3522 4491 3692 4527; x_wconf 80' lang='lat' dir='ltr'><strong>semen</strong></span> 
     </span>
    </p>
   </div>
   <div class='ocr_carea' id='block_1_91' title="bbox 410 4566 2024 4649">
    <p class='ocr_par' dir='ltr' id='par_1_91' title="bbox 410 4569 2014 4649">
     <span class='ocr_line' id='line_1_91' title="bbox 410 4569 2014 4649; baseline 0.005 -27"><span class='ocrx_word' id='word_1_686' title='bbox 410 4569 639 4634; x_wconf 80' lang='grc' dir='ltr'>σθέντος</span> <span class='ocrx_word' id='word_1_687' title='bbox 664 4570 724 4624; x_wconf 81' lang='grc' dir='ltr'>δὲ</span> <span class='ocrx_word' id='word_1_688' title='bbox 764 4573 883 4641; x_wconf 85' lang='grc' dir='ltr'>μεθ’</span> <span class='ocrx_word' id='word_1_689' title='bbox 920 4572 1079 4643; x_wconf 84' lang='grc' dir='ltr'>ἡμῶν</span> <span class='ocrx_word' id='word_1_690' title='bbox 1108 4573 1197 4626; x_wconf 80' lang='grc' dir='ltr'><strong>τὸν</strong></span> <span class='ocrx_word' id='word_1_691' title='bbox 1222 4573 1377 4643; x_wconf 75' lang='grc' dir='ltr'>ἅγιον</span> <span class='ocrx_word' id='word_1_692' title='bbox 1416 4576 1712 4647; x_wconf 85' lang='grc' dir='ltr'>Ἰορδάνην,</span> <span class='ocrx_word' id='word_1_693' title='bbox 1765 4578 1859 4630; x_wconf 82' lang='grc' dir='ltr'>καὶ</span> <span class='ocrx_word' id='word_1_694' title='bbox 1882 4577 2014 4649; x_wconf 87' lang='grc' dir='ltr'>κλη-</span> 
     </span>
    </p>
   </div>
   <div class='ocr_carea' id='block_1_92' title="bbox 2131 4566 3716 4649">
    <p class='ocr_par' dir='ltr' id='par_1_92' title="bbox 2131 4566 3716 4634">
     <span class='ocr_line' id='line_1_92' title="bbox 2131 4566 3716 4634; baseline -0.009 0"><span class='ocrx_word' id='word_1_695' title='bbox 2131 4594 2346 4634; x_wconf 67' lang='lat' dir='ltr'><strong>meum:</strong></span> <span class='ocrx_word' id='word_1_696' title='bbox 2413 4585 2468 4629; x_wconf 86' lang='lat' dir='ltr'><strong>ut</strong></span> <span class='ocrx_word' id='word_1_697' title='bbox 2525 4572 2779 4634; x_wconf 82' lang='lat' dir='ltr'><strong>Sodoma,</strong></span> <span class='ocrx_word' id='word_1_698' title='bbox 2828 4584 3057 4623; x_wconf 71' lang='lat' dir='ltr'><strong>essemus</strong></span> <span class='ocrx_word' id='word_1_699' title='bbox 3123 4566 3427 4623; x_wconf 81' lang='lat' dir='ltr'><strong>Gomorrhu:</strong></span> <span class='ocrx_word' id='word_1_700' title='bbox 3500 4566 3716 4620; x_wconf 76' lang='lat' dir='ltr'><strong>similes.</strong></span> 
     </span>
    </p>
   </div>
   <div class='ocr_carea' id='block_1_93' title="bbox 412 4658 2013 4737">
    <p class='ocr_par' dir='ltr' id='par_1_93' title="bbox 412 4658 2013 4737">
     <span class='ocr_line' id='line_1_93' title="bbox 412 4658 2013 4737; baseline 0.006 -25"><span class='ocrx_word' id='word_1_701' title='bbox 412 4660 748 4731; x_wconf 82' lang='grc' dir='ltr'>ρονομήσειν</span> <span class='ocrx_word' id='word_1_702' title='bbox 793 4659 1080 4729; x_wconf 79' lang='grc' dir='ltr'>μέλλοντος</span> <span class='ocrx_word' id='word_1_703' title='bbox 1118 4658 1228 4733; x_wconf 79' lang='grc' dir='ltr'>τὴν¹</span> <span class='ocrx_word' id='word_1_704' title='bbox 1258 4663 1368 4718; x_wconf 83' lang='grc' dir='ltr'>τῶν</span> <span class='ocrx_word' id='word_1_705' title='bbox 1414 4665 1663 4735; x_wconf 80' lang='grc' dir='ltr'>οὐρανῶν</span> <span class='ocrx_word' id='word_1_706' title='bbox 1714 4665 2013 4737; x_wconf 83' lang='grc' dir='ltr'>βασιλείαν.</span> 
     </span>
    </p>
   </div>
   <div class='ocr_carea' id='block_1_94' title="bbox 410 4751 2014 4830">
    <p class='ocr_par' dir='ltr' id='par_1_94' title="bbox 410 4751 2014 4830">
     <span class='ocr_line' id='line_1_94' title="bbox 410 4751 2014 4830; baseline 0.007 -27"><span class='ocrx_word' id='word_1_707' title='bbox 410 4751 750 4822; x_wconf 81' lang='grc' dir='ltr'>Εὑχαριστεῐ</span> <span class='ocrx_word' id='word_1_708' title='bbox 774 4751 1066 4825; x_wconf 82' lang='grc' dir='ltr'>τοιγαροῦν</span> <span class='ocrx_word' id='word_1_709' title='bbox 1093 4756 1123 4807; x_wconf 85' lang='grc' dir='ltr'><strong>δ</strong></span> <span class='ocrx_word' id='word_1_710' title='bbox 1150 4757 1458 4828; x_wconf 82' lang='grc' dir='ltr'>προφήτης,</span> <span class='ocrx_word' id='word_1_711' title='bbox 1499 4758 1675 4827; x_wconf 83' lang='grc' dir='ltr'>λέγων</span> <span class='ocrx_word' id='word_1_712' title='bbox 1698 4775 1713 4790; x_wconf 74' lang='grc' dir='ltr'><strong><em>ο</em></strong></span> <span class='ocrx_word' id='word_1_713' title='bbox 1813 4762 1880 4814; x_wconf 80' lang='lat' dir='ltr'><strong>El</strong></span> <span class='ocrx_word' id='word_1_714' title='bbox 1927 4759 2014 4830; x_wconf 83' lang='grc' dir='ltr'>μὴ</span> 
     </span>
    </p>
   </div>
   <div class='ocr_carea' id='block_1_95' title="bbox 406 4843 2018 4919">
    <p class='ocr_par' dir='ltr' id='par_1_95' title="bbox 406 4843 2018 4919">
     <span class='ocr_line' id='line_1_95' title="bbox 406 4843 2018 4919; baseline 0.004 -21"><span class='ocrx_word' id='word_1_715' title='bbox 406 4843 637 4911; x_wconf 80' lang='grc' dir='ltr'>Κύριος</span> <span class='ocrx_word' id='word_1_716' title='bbox 669 4843 917 4899; x_wconf 75' lang='grc' dir='ltr'>Σαϐαὼθ</span> <span class='ocrx_word' id='word_1_717' title='bbox 980 4846 1379 4915; x_wconf 69' lang='grc' dir='ltr'>ἐγκατέλιπεν</span> <span class='ocrx_word' id='word_1_718' title='bbox 1429 4849 1575 4918; x_wconf 74' lang='grc' dir='ltr'><strong>ἡμῖν</strong></span> <span class='ocrx_word' id='word_1_719' title='bbox 1626 4849 1886 4919; x_wconf 80' lang='grc' dir='ltr'>σπέρμα,</span> <span class='ocrx_word' id='word_1_720' title='bbox 1936 4852 2018 4917; x_wconf 87' lang='grc' dir='ltr'>ὡς</span> 
     </span>
    </p>
   </div>
   <div class='ocr_carea' id='block_1_96' title="bbox 408 4933 2019 5009">
    <p class='ocr_par' dir='ltr' id='par_1_96' title="bbox 408 4933 2019 5009">
     <span class='ocr_line' id='line_1_96' title="bbox 408 4933 2019 5009; baseline 0.004 -22"><span class='ocrx_word' id='word_1_721' title='bbox 408 4933 658 5002; x_wconf 77' lang='grc' dir='ltr'>Σόδομα</span> <span class='ocrx_word' id='word_1_722' title='bbox 710 4933 790 4987; x_wconf 79' lang='grc' dir='ltr'><strong>ἂν</strong></span> <span class='ocrx_word' id='word_1_723' title='bbox 848 4936 1256 5006; x_wconf 69' lang='grc' dir='ltr'>ἐγενήθημεν,</span> <span class='ocrx_word' id='word_1_724' title='bbox 1326 4938 1425 4992; x_wconf 75' lang='grc' dir='ltr'>καὶ</span> <span class='ocrx_word' id='word_1_725' title='bbox 1472 4940 1552 5004; x_wconf 81' lang='grc' dir='ltr'>ὡς</span> <span class='ocrx_word' id='word_1_726' title='bbox 1600 4941 1881 5009; x_wconf 77' lang='grc' dir='ltr'><strong>Γομόῤῥα</strong></span> <span class='ocrx_word' id='word_1_727' title='bbox 1940 4938 2019 4994; x_wconf 84' lang='grc' dir='ltr'><strong>ἂν</strong></span> 
     </span>
    </p>
   </div>
   <div class='ocr_carea' id='block_1_97' title="bbox 407 5024 2019 5102">
    <p class='ocr_par' dir='ltr' id='par_1_97' title="bbox 407 5024 2019 5102">
     <span class='ocr_line' id='line_1_97' title="bbox 407 5024 2019 5102; baseline 0.005 -24"><span class='ocrx_word' id='word_1_728' title='bbox 407 5024 824 5095; x_wconf 58' lang='grc' dir='ltr'>ὡμοιώθημεν.</span> <span class='ocrx_word' id='word_1_729' title='bbox 873 5029 1315 5100; x_wconf 78' lang='grc' dir='ltr'>Λελατρευκότος</span> <span class='ocrx_word' id='word_1_730' title='bbox 1360 5030 1470 5102; x_wconf 87' lang='grc' dir='ltr'>γὰρ</span> <span class='ocrx_word' id='word_1_731' title='bbox 1513 5030 1755 5095; x_wconf 80' lang='grc' dir='ltr'>εἰδώλοις</span> <span class='ocrx_word' id='word_1_732' title='bbox 1780 5031 1873 5084; x_wconf 86' lang='grc' dir='ltr'><strong>τοῦ</strong></span> <span class='ocrx_word' id='word_1_733' title='bbox 1916 5032 2019 5086; x_wconf 83' lang='grc' dir='ltr'>Ἰσ-</span> 
     </span>
    </p>
   </div>
   <div class='ocr_carea' id='block_1_98' title="bbox 410 5117 2016 5194">
    <p class='ocr_par' dir='ltr' id='par_1_98' title="bbox 410 5117 2016 5194">
     <span class='ocr_line' id='line_1_98' title="bbox 410 5117 2016 5194; baseline 0.005 -25"><span class='ocrx_word' id='word_1_734' title='bbox 410 5117 581 5188; x_wconf 82' lang='grc' dir='ltr'>ραὴλ,</span> <span class='ocrx_word' id='word_1_735' title='bbox 614 5118 899 5183; x_wconf 81' lang='grc' dir='ltr'>ἀνελόντος</span> <span class='ocrx_word' id='word_1_736' title='bbox 931 5120 988 5174; x_wconf 81' lang='grc' dir='ltr'>δὲ</span> <span class='ocrx_word' id='word_1_737' title='bbox 1031 5122 1127 5174; x_wconf 78' lang='grc' dir='ltr'><strong>καὶ</strong></span> <span class='ocrx_word' id='word_1_738' title='bbox 1172 5123 1482 5193; x_wconf 73' lang='grc' dir='ltr'>προφήτας,</span> <span class='ocrx_word' id='word_1_739' title='bbox 1527 5123 1913 5194; x_wconf 80' lang='grc' dir='ltr'>ἀρνησαμένου</span> <span class='ocrx_word' id='word_1_740' title='bbox 1956 5141 2016 5178; x_wconf 85' lang='grc' dir='ltr'><strong>τε</strong></span> 
     </span>
    </p>
   </div>
   <div class='ocr_carea' id='block_1_99' title="bbox 408 5208 2015 5285">
    <p class='ocr_par' dir='ltr' id='par_1_99' title="bbox 408 5208 2015 5285">
     <span class='ocr_line' id='line_1_99' title="bbox 408 5208 2015 5285; baseline 0.006 -25"><span class='ocrx_word' id='word_1_741' title='bbox 408 5208 676 5277; x_wconf 72' lang='grc' dir='ltr'>Χριστὸν,</span> <span class='ocrx_word' id='word_1_742' title='bbox 735 5210 937 5279; x_wconf 78' lang='grc' dir='ltr'>μᾶλλον</span> <span class='ocrx_word' id='word_1_743' title='bbox 986 5211 1042 5264; x_wconf 81' lang='grc' dir='ltr'>δὲ</span> <span class='ocrx_word' id='word_1_744' title='bbox 1089 5213 1184 5266; x_wconf 80' lang='grc' dir='ltr'><strong>καὶ</strong></span> <span class='ocrx_word' id='word_1_745' title='bbox 1214 5213 1576 5278; x_wconf 76' lang='grc' dir='ltr'>ἀπεκτονότος</span> <span class='ocrx_word' id='word_1_746' title='bbox 1610 5214 1705 5267; x_wconf 82' lang='grc' dir='ltr'><strong>τὸν</strong></span> <span class='ocrx_word' id='word_1_747' title='bbox 1770 5215 2015 5285; x_wconf 82' lang='grc' dir='ltr'>ἀρχηγὸν</span> 
     </span>
    </p>
   </div>
   <div class='ocr_carea' id='block_1_100' title="bbox 394 5300 2017 5379">
    <p class='ocr_par' dir='ltr' id='par_1_100' title="bbox 394 5300 2017 5379">
     <span class='ocr_line' id='line_1_100' title="bbox 394 5300 2017 5379; baseline 0.007 -26"><span class='ocrx_word' id='word_1_748' title='bbox 394 5300 515 5371; x_wconf 73' lang='grc' dir='ltr'>’τῆς</span> <span class='ocrx_word' id='word_1_749' title='bbox 568 5302 737 5374; x_wconf 80' lang='grc' dir='ltr'>ζωῆς,</span> <span class='ocrx_word' id='word_1_750' title='bbox 799 5303 891 5357; x_wconf 82' lang='grc' dir='ltr'><strong>τὸν</strong></span> <span class='ocrx_word' id='word_1_751' title='bbox 947 5305 1185 5360; x_wconf 84' lang='grc' dir='ltr'>εἰσάπαν</span> <span class='ocrx_word' id='word_1_752' title='bbox 1249 5306 1470 5379; x_wconf 79' lang='grc' dir='ltr'>ὄλεθρον</span> <span class='ocrx_word' id='word_1_753' title='bbox 1527 5309 2017 5379; x_wconf 68' lang='grc' dir='ltr'>καταψηφίσασθαι</span> 
     </span>
    </p>
   </div>
   <div class='ocr_carea' id='block_1_101' title="bbox 410 5392 2017 5475">
    <p class='ocr_par' dir='ltr' id='par_1_101' title="bbox 410 5392 2017 5475">
     <span class='ocr_line' id='line_1_101' title="bbox 410 5392 2017 5475; baseline 0.007 -30"><span class='ocrx_word' id='word_1_754' title='bbox 410 5392 625 5455; x_wconf 73' lang='grc' dir='ltr'>παντὸς</span> <span class='ocrx_word' id='word_1_755' title='bbox 664 5393 859 5463; x_wconf 83' lang='grc' dir='ltr'>γένους</span> <span class='ocrx_word' id='word_1_756' title='bbox 892 5398 1063 5468; x_wconf 75' lang='grc' dir='ltr'>ἐχρῆν</span> <span class='ocrx_word' id='word_1_757' title='bbox 1085 5398 1177 5451; x_wconf 80' lang='grc' dir='ltr'><strong>τὸν</strong></span> <span class='ocrx_word' id='word_1_758' title='bbox 1205 5400 1311 5452; x_wconf 83' lang='grc' dir='ltr'><strong>τῶν</strong></span> <span class='ocrx_word' id='word_1_759' title='bbox 1340 5400 1477 5453; x_wconf 82' lang='grc' dir='ltr'>ὅλων</span> <span class='ocrx_word' id='word_1_760' title='bbox 1507 5401 1660 5455; x_wconf 85' lang='grc' dir='ltr'>Θεόν.</span> <span class='ocrx_word' id='word_1_761' title='bbox 1708 5402 1927 5475; x_wconf 79' lang='grc' dir='ltr'>Ἐπειδὴ</span> <span class='ocrx_word' id='word_1_762' title='bbox 1959 5403 2017 5456; x_wconf 85' lang='grc' dir='ltr'>δέ</span> 
     </span>
    </p>
   </div>
   <div class='ocr_carea' id='block_1_102' title="bbox 408 5486 2012 5566">
    <p class='ocr_par' dir='ltr' id='par_1_102' title="bbox 408 5486 2012 5566">
     <span class='ocr_line' id='line_1_102' title="bbox 408 5486 2012 5566; baseline 0.007 -29"><span class='ocrx_word' id='word_1_763' title='bbox 408 5488 566 5538; x_wconf 76' lang='grc' dir='ltr'>ἐστιν</span> <span class='ocrx_word' id='word_1_764' title='bbox 607 5486 817 5554; x_wconf 77' lang='grc' dir='ltr'>ἀγαθὸς</span> <span class='ocrx_word' id='word_1_765' title='bbox 855 5488 996 5560; x_wconf 84' lang='grc' dir='ltr'>ὑπὲρ</span> <span class='ocrx_word' id='word_1_766' title='bbox 1023 5489 1201 5558; x_wconf 85' lang='grc' dir='ltr'>λόγον,</span> <span class='ocrx_word' id='word_1_767' title='bbox 1235 5494 1505 5564; x_wconf 77' lang='grc' dir='ltr'>τετήρηκε</span> <span class='ocrx_word' id='word_1_768' title='bbox 1541 5493 1602 5546; x_wconf 84' lang='grc' dir='ltr'><strong>τὸ</strong></span> <span class='ocrx_word' id='word_1_769' title='bbox 1642 5494 2012 5566; x_wconf 80' lang='grc' dir='ltr'>κατάλειμμα,</span> 
     </span>
    </p>
   </div>
   <div class='ocr_carea' id='block_1_103' title="bbox 408 5579 2015 5658">
    <p class='ocr_par' dir='ltr' id='par_1_103' title="bbox 408 5579 2015 5658">
     <span class='ocr_line' id='line_1_103' title="bbox 408 5579 2015 5658; baseline 0.009 -29"><span class='ocrx_word' id='word_1_770' title='bbox 408 5581 509 5631; x_wconf 74' lang='grc' dir='ltr'>καῖι</span> <span class='ocrx_word' id='word_1_771' title='bbox 536 5579 599 5631; x_wconf 84' lang='grc' dir='ltr'><strong>ού</strong></span> <span class='ocrx_word' id='word_1_772' title='bbox 647 5580 938 5646; x_wconf 86' lang='grc' dir='ltr'>γεγόνασιν</span> <span class='ocrx_word' id='word_1_773' title='bbox 987 5582 1046 5635; x_wconf 85' lang='grc' dir='ltr'>ὲν</span> <span class='ocrx_word' id='word_1_774' title='bbox 1082 5583 1180 5653; x_wconf 76' lang='grc' dir='ltr'>ἴσῳ</span> <span class='ocrx_word' id='word_1_775' title='bbox 1223 5589 1337 5650; x_wconf 85' lang='grc' dir='ltr'>τοῖς</span> <span class='ocrx_word' id='word_1_776' title='bbox 1366 5587 1642 5657; x_wconf 82' lang='grc' dir='ltr'>Σοδόμοις,</span> <span class='ocrx_word' id='word_1_777' title='bbox 1669 5590 1720 5641; x_wconf 79' lang='grc' dir='ltr'>οἱ</span> <span class='ocrx_word' id='word_1_778' title='bbox 1753 5591 2015 5658; x_wconf 80' lang='grc' dir='ltr'>παγγενεξ</span> 
     </span>
    </p>
   </div>
   <div class='ocr_carea' id='block_1_104' title="bbox 407 5671 2010 5742">
    <p class='ocr_par' dir='ltr' id='par_1_104' title="bbox 407 5671 2010 5742">
     <span class='ocr_line' id='line_1_104' title="bbox 407 5671 2010 5742; baseline 0.011 -19"><span class='ocrx_word' id='word_1_779' title='bbox 407 5688 469 5724; x_wconf 79' lang='grc' dir='ltr'><strong>τε</strong></span> <span class='ocrx_word' id='word_1_780' title='bbox 531 5671 628 5723; x_wconf 78' lang='grc' dir='ltr'><strong>καὶ</strong></span> <span class='ocrx_word' id='word_1_781' title='bbox 673 5672 928 5726; x_wconf 75' lang='grc' dir='ltr'>πανοικεὶ</span> <span class='ocrx_word' id='word_1_782' title='bbox 980 5676 1075 5729; x_wconf 77' lang='grc' dir='ltr'><strong>καὶ</strong></span> <span class='ocrx_word' id='word_1_783' title='bbox 1129 5677 1319 5742; x_wconf 81' lang='grc' dir='ltr'>αὑταῖς</span> <span class='ocrx_word' id='word_1_784' title='bbox 1362 5720 1374 5733; x_wconf 95' lang='grc'><strong>.</strong></span> <span class='ocrx_word' id='word_1_785' title='bbox 1420 5720 1434 5734; x_wconf 92' lang='grc'><strong>.</strong></span> <span class='ocrx_word' id='word_1_786' title='bbox 1480 5721 1494 5734; x_wconf 94' lang='grc'><strong>.</strong></span> <span class='ocrx_word' id='word_1_787' title='bbox 1537 5717 1556 5738; x_wconf 89' lang='grc'><strong>.</strong></span> <span class='ocrx_word' id='word_1_788' title='bbox 1601 5720 1615 5735; x_wconf 94' lang='grc'><strong>.</strong></span> <span class='ocrx_word' id='word_1_789' title='bbox 1660 5721 1673 5735; x_wconf 95' lang='grc'><strong><em>.</em></strong></span> <span class='ocrx_word' id='word_1_790' title='bbox 1719 5723 1732 5736; x_wconf 95' lang='grc'><strong>.</strong></span> <span class='ocrx_word' id='word_1_791' title='bbox 1772 5723 1786 5736; x_wconf 92' lang='grc'><strong>.</strong></span> <span class='ocrx_word' id='word_1_792' title='bbox 1833 5723 1847 5737; x_wconf 91' lang='grc'>.</span> <span class='ocrx_word' id='word_1_793' title='bbox 1888 5725 1902 5737; x_wconf 90' lang='grc'><strong>.</strong></span> <span class='ocrx_word' id='word_1_794' title='bbox 1945 5724 1957 5737; x_wconf 95' lang='grc'><em>.</em></span> <span class='ocrx_word' id='word_1_795' title='bbox 1997 5728 2010 5741; x_wconf 95' lang='grc'><strong>.</strong></span> 
     </span>
    </p>
   </div>
   <div class='ocr_carea' id='block_1_105' title="bbox 2124 4659 3719 4741">
    <p class='ocr_par' dir='ltr' id='par_1_105' title="bbox 2124 4659 3719 4741">
     <span class='ocr_line' id='line_1_105' title="bbox 2124 4659 3719 4741; baseline -0.011 -13"><span class='ocrx_word' id='word_1_796' title='bbox 2124 4673 2261 4729; x_wconf 88' lang='lat' dir='ltr'><strong>Nam</strong></span> <span class='ocrx_word' id='word_1_797' title='bbox 2301 4670 2559 4741; x_wconf 89' lang='lat' dir='ltr'><strong>quoniam</strong></span> <span class='ocrx_word' id='word_1_798' title='bbox 2624 4666 2787 4723; x_wconf 84' lang='lat' dir='ltr'><strong>idolis</strong></span> <span class='ocrx_word' id='word_1_799' title='bbox 2866 4664 3056 4719; x_wconf 87' lang='lat' dir='ltr'><strong>serviit</strong></span> <span class='ocrx_word' id='word_1_800' title='bbox 3107 4661 3297 4726; x_wconf 79' lang='lat' dir='ltr'><strong>Israel,</strong></span> <span class='ocrx_word' id='word_1_801' title='bbox 3333 4676 3471 4729; x_wconf 90' lang='lat' dir='ltr'><strong>eque</strong></span> <span class='ocrx_word' id='word_1_802' title='bbox 3543 4659 3719 4713; x_wconf 77' lang='lat' dir='ltr'><strong>medio</strong></span> 
     </span>
    </p>
   </div>
   <div class='ocr_carea' id='block_1_106' title="bbox 2123 4752 3720 4837">
    <p class='ocr_par' dir='ltr' id='par_1_106' title="bbox 2123 4752 3720 4837">
     <span class='ocr_line' id='line_1_106' title="bbox 2123 4752 3720 4837; baseline -0.008 -18"><span class='ocrx_word' id='word_1_803' title='bbox 2123 4766 2415 4837; x_wconf 82' lang='lat' dir='ltr'><strong>prOphetas</strong></span> <span class='ocrx_word' id='word_1_804' title='bbox 2451 4761 2765 4827; x_wconf 84' lang='lat' dir='ltr'><strong>sustulit,ac</strong></span> <span class='ocrx_word' id='word_1_805' title='bbox 2793 4762 3009 4831; x_wconf 81' lang='lat' dir='ltr'><strong>negavit</strong></span> <span class='ocrx_word' id='word_1_806' title='bbox 3040 4759 3340 4819; x_wconf 87' lang='lat' dir='ltr'><strong>Christum,</strong></span> <span class='ocrx_word' id='word_1_807' title='bbox 3374 4756 3482 4809; x_wconf 91' lang='lat' dir='ltr'><strong>imo</strong></span> <span class='ocrx_word' id='word_1_808' title='bbox 3540 4752 3720 4819; x_wconf 85' lang='lat' dir='ltr'><strong>potius</strong></span> 
     </span>
    </p>
   </div>
   <div class='ocr_carea' id='block_1_107' title="bbox 2123 4850 3717 4925">
    <p class='ocr_par' dir='ltr' id='par_1_107' title="bbox 2123 4850 3717 4925">
     <span class='ocr_line' id='line_1_107' title="bbox 2123 4850 3717 4925; baseline -0.007 -16"><span class='ocrx_word' id='word_1_809' title='bbox 2123 4856 2424 4925; x_wconf 88' lang='lat' dir='ltr'><strong>principem</strong></span> <span class='ocrx_word' id='word_1_810' title='bbox 2454 4855 2595 4921; x_wconf 78' lang='lat' dir='ltr'><strong>vitae,</strong></span> <span class='ocrx_word' id='word_1_811' title='bbox 2617 4855 2722 4908; x_wconf 90' lang='lat' dir='ltr'><strong>vita</strong></span> <span class='ocrx_word' id='word_1_812' title='bbox 2757 4854 3022 4922; x_wconf 86' lang='lat' dir='ltr'><strong>privavit:</strong></span> <span class='ocrx_word' id='word_1_813' title='bbox 3045 4850 3266 4904; x_wconf 77' lang='lat' dir='ltr'><strong>Omnino</strong></span> <span class='ocrx_word' id='word_1_814' title='bbox 3305 4856 3469 4902; x_wconf 89' lang='lat' dir='ltr'><strong>totam</strong></span> <span class='ocrx_word' id='word_1_815' title='bbox 3499 4855 3717 4914; x_wconf 79' lang='lat' dir='ltr'><strong>gentem</strong></span> 
     </span>
    </p>
   </div>
   <div class='ocr_carea' id='block_1_108' title="bbox 2127 4943 3715 5008">
    <p class='ocr_par' dir='ltr' id='par_1_108' title="bbox 2127 4943 3715 5008">
     <span class='ocr_line' id='line_1_108' title="bbox 2127 4943 3715 5008; baseline -0.009 -4"><span class='ocrx_word' id='word_1_816' title='bbox 2127 4963 2302 5005; x_wconf 87' lang='lat' dir='ltr'><strong>morte</strong></span> <span class='ocrx_word' id='word_1_817' title='bbox 2387 4951 2645 5003; x_wconf 88' lang='lat' dir='ltr'><strong>damnare</strong></span> <span class='ocrx_word' id='word_1_818' title='bbox 2697 4947 3069 5002; x_wconf 81' lang='lat' dir='ltr'><strong>universitatis</strong></span> <span class='ocrx_word' id='word_1_819' title='bbox 3139 4943 3308 4996; x_wconf 89' lang='lat' dir='ltr'><strong>Deum</strong></span> <span class='ocrx_word' id='word_1_820' title='bbox 3383 4945 3715 5008; x_wconf 87' lang='lat' dir='ltr'><strong>oportuerat.</strong></span> 
     </span>
    </p>
   </div>
   <div class='ocr_carea' id='block_1_109' title="bbox 2123 5034 3720 5109">
    <p class='ocr_par' dir='ltr' id='par_1_109' title="bbox 2123 5034 3720 5109">
     <span class='ocr_line' id='line_1_109' title="bbox 2123 5034 3720 5109; baseline -0.008 -14"><span class='ocrx_word' id='word_1_821' title='bbox 2123 5040 2258 5095; x_wconf 88' lang='lat' dir='ltr'><strong>Cum</strong></span> <span class='ocrx_word' id='word_1_822' title='bbox 2287 5051 2466 5094; x_wconf 88' lang='lat' dir='ltr'><strong>autem</strong></span> <span class='ocrx_word' id='word_1_823' title='bbox 2501 5041 2573 5093; x_wconf 89' lang='lat' dir='ltr'><strong>sit</strong></span> <span class='ocrx_word' id='word_1_824' title='bbox 2600 5054 2760 5109; x_wconf 80' lang='lat' dir='ltr'><strong>supra</strong></span> <span class='ocrx_word' id='word_1_825' title='bbox 2797 5054 2961 5107; x_wconf 88' lang='lat' dir='ltr'><strong>quam</strong></span> <span class='ocrx_word' id='word_1_826' title='bbox 2999 5036 3103 5090; x_wconf 84' lang='lat' dir='ltr'><strong>dici</strong></span> <span class='ocrx_word' id='word_1_827' title='bbox 3166 5043 3341 5103; x_wconf 88' lang='lat' dir='ltr'><strong>potest</strong></span> <span class='ocrx_word' id='word_1_828' title='bbox 3407 5034 3601 5093; x_wconf 81' lang='lat' dir='ltr'><strong>bonus,</strong></span> <span class='ocrx_word' id='word_1_829' title='bbox 3635 5043 3720 5083; x_wconf 84' lang='lat' dir='ltr'><strong>re-</strong></span> 
     </span>
    </p>
   </div>
   <div class='ocr_carea' id='block_1_110' title="bbox 2123 5118 3717 5197">
    <p class='ocr_par' dir='ltr' id='par_1_110' title="bbox 2123 5118 3717 5197">
     <span class='ocr_line' id='line_1_110' title="bbox 2123 5118 3717 5197; baseline -0.009 -8"><span class='ocrx_word' id='word_1_830' title='bbox 2123 5134 2336 5189; x_wconf 89' lang='lat' dir='ltr'><strong>siduum</strong></span> <span class='ocrx_word' id='word_1_831' title='bbox 2360 5132 2620 5197; x_wconf 89' lang='lat' dir='ltr'><strong>servavit,</strong></span> <span class='ocrx_word' id='word_1_832' title='bbox 2653 5140 2706 5185; x_wconf 90' lang='lat' dir='ltr'><strong>et</strong></span> <span class='ocrx_word' id='word_1_833' title='bbox 2749 5132 2863 5197; x_wconf 90' lang='lat' dir='ltr'><strong>pari</strong></span> <span class='ocrx_word' id='word_1_834' title='bbox 2895 5126 3211 5182; x_wconf 85' lang='lat' dir='ltr'><strong>conditione</strong></span> <span class='ocrx_word' id='word_1_835' title='bbox 3236 5139 3356 5177; x_wconf 90' lang='lat' dir='ltr'><strong>eum</strong></span> <span class='ocrx_word' id='word_1_836' title='bbox 3422 5118 3717 5184; x_wconf 83' lang='lat' dir='ltr'><strong>Sodomitis</strong></span> 
     </span>
    </p>
   </div>
   <div class='ocr_carea' id='block_1_111' title="bbox 2123 5213 3711 5294">
    <p class='ocr_par' dir='ltr' id='par_1_111' title="bbox 2123 5213 3711 5294">
     <span class='ocr_line' id='line_1_111' title="bbox 2123 5213 3711 5294; baseline -0.009 -13"><span class='ocrx_word' id='word_1_837' title='bbox 2123 5242 2230 5281; x_wconf 92' lang='lat' dir='ltr'><strong>non</strong></span> <span class='ocrx_word' id='word_1_838' title='bbox 2296 5223 2536 5289; x_wconf 79' lang='lat' dir='ltr'><strong>fuerunt,</strong></span> <span class='ocrx_word' id='word_1_839' title='bbox 2587 5225 2678 5294; x_wconf 86' lang='lat' dir='ltr'><strong>qui</strong></span> <span class='ocrx_word' id='word_1_840' title='bbox 2726 5238 2848 5277; x_wconf 90' lang='lat' dir='ltr'><strong>cum</strong></span> <span class='ocrx_word' id='word_1_841' title='bbox 2914 5230 3026 5273; x_wconf 87' lang='lat' dir='ltr'><strong>toto</strong></span> <span class='ocrx_word' id='word_1_842' title='bbox 3080 5231 3279 5289; x_wconf 82' lang='lat' dir='ltr'><strong>genere</strong></span> <span class='ocrx_word' id='word_1_843' title='bbox 3352 5231 3416 5270; x_wconf 89' lang='lat' dir='ltr'><strong>ac</strong></span> <span class='ocrx_word' id='word_1_844' title='bbox 3487 5213 3711 5277; x_wconf 80' lang='lat' dir='ltr'><strong>familia,</strong></span> 
     </span>
    </p>
   </div>
   <div class='ocr_carea' id='block_1_112' title="bbox 2125 5306 3703 5386">
    <p class='ocr_par' dir='ltr' id='par_1_112' title="bbox 2125 5306 3703 5386">
     <span class='ocr_line' id='line_1_112' title="bbox 2125 5306 3703 5386; baseline -0.01 -12"><span class='ocrx_word' id='word_1_845' title='bbox 2125 5334 2246 5374; x_wconf 81' lang='lat' dir='ltr'><strong>Cum</strong></span> <span class='ocrx_word' id='word_1_846' title='bbox 2284 5318 2415 5386; x_wconf 85' lang='lat' dir='ltr'><strong>ipsis</strong></span> <span class='ocrx_word' id='word_1_847' title='bbox 2438 5317 2665 5369; x_wconf 85' lang='lat' dir='ltr'><strong>urbibus</strong></span> <span class='ocrx_word' id='word_1_848' title='bbox 2692 5315 2798 5384; x_wconf 83' lang='lat' dir='ltr'><strong>igni</strong></span> <span class='ocrx_word' id='word_1_849' title='bbox 2825 5312 3129 5380; x_wconf 83' lang='lat' dir='ltr'><strong>consumpti</strong></span> <span class='ocrx_word' id='word_1_850' title='bbox 3159 5316 3304 5365; x_wconf 86' lang='lat' dir='ltr'><strong>sunt.</strong></span> <span class='ocrx_word' id='word_1_851' title='bbox 3331 5308 3387 5362; x_wconf 82' lang='lat' dir='ltr'><strong>Si</strong></span> <span class='ocrx_word' id='word_1_852' title='bbox 3419 5307 3509 5376; x_wconf 90' lang='lat' dir='ltr'><strong>qui</strong></span> <span class='ocrx_word' id='word_1_853' title='bbox 3536 5306 3703 5361; x_wconf 88' lang='lat' dir='ltr'><strong>etiam</strong></span> 
     </span>
    </p>
   </div>
   <div class='ocr_carea' id='block_1_113' title="bbox 2126 5394 3715 5471">
    <p class='ocr_par' dir='ltr' id='par_1_113' title="bbox 2126 5394 3715 5471">
     <span class='ocr_line' id='line_1_113' title="bbox 2126 5394 3715 5471; baseline -0.009 -8"><span class='ocrx_word' id='word_1_854' title='bbox 2126 5410 2380 5463; x_wconf 91' lang='lat' dir='ltr'><strong>vitiorum</strong></span> <span class='ocrx_word' id='word_1_855' title='bbox 2443 5407 2697 5463; x_wconf 73' lang='lat' dir='ltr'><strong>sordibus</strong></span> <span class='ocrx_word' id='word_1_856' title='bbox 2738 5406 2907 5459; x_wconf 86' lang='lat' dir='ltr'><strong>teneri</strong></span> <span class='ocrx_word' id='word_1_857' title='bbox 2936 5443 2951 5468; x_wconf 93' lang='lat'><strong>,</strong></span> <span class='ocrx_word' id='word_1_858' title='bbox 2992 5409 3321 5471; x_wconf 87' lang='lat' dir='ltr'><strong>peccatoque</strong></span> <span class='ocrx_word' id='word_1_859' title='bbox 3369 5400 3455 5452; x_wconf 76' lang='lat' dir='ltr'><strong>vix</strong></span> <span class='ocrx_word' id='word_1_860' title='bbox 3500 5394 3715 5451; x_wconf 87' lang='lat' dir='ltr'><strong>delebili</strong></span> 
     </span>
    </p>
   </div>
   <div class='ocr_carea' id='block_1_114' title="bbox 2123 5484 3712 5567">
    <p class='ocr_par' dir='ltr' id='par_1_114' title="bbox 2123 5484 3712 5567">
     <span class='ocr_line' id='line_1_114' title="bbox 2123 5484 3712 5567; baseline -0.01 -11"><span class='ocrx_word' id='word_1_861' title='bbox 2123 5501 2480 5558; x_wconf 90' lang='lat' dir='ltr'><strong>contaminari</strong></span> <span class='ocrx_word' id='word_1_862' title='bbox 2514 5500 2728 5553; x_wconf 83' lang='lat' dir='ltr'><strong>volunt:</strong></span> <span class='ocrx_word' id='word_1_863' title='bbox 2762 5497 2848 5551; x_wconf 81' lang='lat' dir='ltr'><strong>Itis</strong></span> <span class='ocrx_word' id='word_1_864' title='bbox 2885 5510 3102 5567; x_wconf 82' lang='lat' dir='ltr'><strong>quoque</strong></span> <span class='ocrx_word' id='word_1_865' title='bbox 3147 5484 3250 5548; x_wconf 83' lang='lat' dir='ltr'><strong>hoc</strong></span> <span class='ocrx_word' id='word_1_866' title='bbox 3284 5492 3424 5545; x_wconf 86' lang='lat' dir='ltr'><strong>idem</strong></span> <span class='ocrx_word' id='word_1_867' title='bbox 3459 5489 3712 5553; x_wconf 71' lang='lat' dir='ltr'><strong>accidet;</strong></span> 
     </span>
    </p>
   </div>
   <div class='ocr_carea' id='block_1_115' title="bbox 2123 5581 3711 5666">
    <p class='ocr_par' dir='ltr' id='par_1_115' title="bbox 2123 5581 3711 5666">
     <span class='ocr_line' id='line_1_115' title="bbox 2123 5581 3711 5666; baseline -0.009 -17"><span class='ocrx_word' id='word_1_868' title='bbox 2123 5597 2321 5666; x_wconf 89' lang='lat' dir='ltr'><strong>quibus</strong></span> <span class='ocrx_word' id='word_1_869' title='bbox 2360 5610 2389 5649; x_wconf 88' lang='lat' dir='ltr'><strong>a</strong></span> <span class='ocrx_word' id='word_1_870' title='bbox 2430 5594 2585 5648; x_wconf 88' lang='lat' dir='ltr'><strong>nobis</strong></span> <span class='ocrx_word' id='word_1_871' title='bbox 2616 5592 2720 5646; x_wconf 89' lang='lat' dir='ltr'><strong>diei</strong></span> <span class='ocrx_word' id='word_1_872' title='bbox 2754 5599 2932 5661; x_wconf 85' lang='lat' dir='ltr'><strong>potest</strong></span> <span class='ocrx_word' id='word_1_873' title='bbox 2974 5604 3079 5643; x_wconf 88' lang='lat' dir='ltr'><strong>non</strong></span> <span class='ocrx_word' id='word_1_874' title='bbox 3124 5587 3296 5640; x_wconf 89' lang='lat' dir='ltr'><strong>male:</strong></span> <span class='ocrx_word' id='word_1_875' title='bbox 3335 5601 3354 5634; x_wconf 76' lang='grc' dir='ltr'><strong>ι</strong></span> <span class='ocrx_word' id='word_1_876' title='bbox 3386 5581 3467 5636; x_wconf 84' lang='lat' dir='ltr'><strong>An</strong></span> <span class='ocrx_word' id='word_1_877' title='bbox 3495 5581 3711 5635; x_wconf 88' lang='lat' dir='ltr'><strong>divitias</strong></span> 
     </span>
    </p>
   </div>
   <div class='ocr_carea' id='block_1_116' title="bbox 2126 5674 3708 5757">
    <p class='ocr_par' dir='ltr' id='par_1_116' title="bbox 2126 5674 3708 5757">
     <span class='ocr_line' id='line_1_116' title="bbox 2126 5674 3708 5757; baseline -0.011 -15"><span class='ocrx_word' id='word_1_878' title='bbox 2126 5687 2386 5742; x_wconf 87' lang='lat' dir='ltr'><strong>bonitatis</strong></span> <span class='ocrx_word' id='word_1_879' title='bbox 2420 5680 2639 5757; x_wconf 53' lang='lat' dir='ltr'><strong>ejus,&#39;ct</strong></span> <span class='ocrx_word' id='word_1_880' title='bbox 2679 5681 2974 5754; x_wconf 74' lang='lat' dir='ltr'><strong>patientiae,</strong></span> <span class='ocrx_word' id='word_1_881' title='bbox 3018 5688 3073 5734; x_wconf 84' lang='lat' dir='ltr'><strong>et</strong></span> <span class='ocrx_word' id='word_1_882' title='bbox 3108 5674 3539 5748; x_wconf 74' lang='lat' dir='ltr'><strong>longanimitatis</strong></span> <span class='ocrx_word' id='word_1_883' title='bbox 3583 5686 3708 5728; x_wconf 80' lang='lat' dir='ltr'><strong>oon-</strong></span> 
     </span>
    </p>
   </div>
   <div class='ocr_carea' id='block_1_117' title="bbox 494 5827 2206 5910">
    <p class='ocr_par' dir='ltr' id='par_1_117' title="bbox 494 5827 2206 5910">
     <span class='ocr_line' id='line_1_117' title="bbox 494 5827 2206 5910; baseline 0.008 -26"><span class='ocrx_word' id='word_1_884' title='bbox 494 5829 537 5859; x_wconf 82' lang='lat'>&quot;</span> <span class='ocrx_word' id='word_1_885' title='bbox 571 5827 714 5885; x_wconf 81' lang='lat' dir='ltr'><strong>Osce</strong></span> <span class='ocrx_word' id='word_1_886' title='bbox 798 5846 884 5897; x_wconf 86' lang='lat' dir='ltr'><strong>Ill,</strong></span> <span class='ocrx_word' id='word_1_887' title='bbox 918 5829 971 5899; x_wconf 60' lang='lat' dir='ltr'><strong>ai,</strong></span> <span class='ocrx_word' id='word_1_888' title='bbox 1004 5831 1056 5886; x_wconf 82' lang='lat'><strong>5.</strong></span> <span class='ocrx_word' id='word_1_889' title='bbox 1140 5832 1185 5866; x_wconf 72' lang='lat'><strong>‘°</strong></span> <span class='ocrx_word' id='word_1_890' title='bbox 1220 5833 1362 5890; x_wconf 87' lang='lat' dir='ltr'><strong>Osee</strong></span> <span class='ocrx_word' id='word_1_891' title='bbox 1442 5836 1602 5892; x_wconf 71' lang='lat'><strong>1|..8.</strong></span> <span class='ocrx_word' id='word_1_892' title='bbox 1682 5839 1724 5871; x_wconf 80' lang='grc'>²¹</span> <span class='ocrx_word' id='word_1_893' title='bbox 1761 5838 1904 5895; x_wconf 87' lang='lat' dir='ltr'><strong>Psal.</strong></span> <span class='ocrx_word' id='word_1_894' title='bbox 1935 5857 2080 5910; x_wconf 73' lang='grc' dir='ltr'>χειν,</span> <span class='ocrx_word' id='word_1_895' title='bbox 2121 5840 2206 5898; x_wconf 81' lang='lat' dir='ltr'><strong>tl.</strong></span> 
     </span>
    </p>
   </div>
  </div>
