4100 6468
458 374 539 435 ’35
1463 375 1520 432 S.
1563 375 1839 432 CYRIILI
1881 373 2352 431 ALEXANDRIM
2390 375 2711 432 ARCIIIEP.
3445 384 3450 395 ’
3663 383 3731 434 36

478 508 640 566 quam
670 493 997 562 voluptatem
1026 507 1089 547 ex
1122 491 1237 547 istls
1264 501 1483 560 caperet
1512 492 1688 547 Dens?
1716 492 1847 558 Quis
1872 490 2040 560 exegit

2153 505 2235 543 σει
2280 490 2389 562 γὰρ
2429 491 2600 557 ὅπως,
2639 493 2758 544 εἰπέ
2793 508 2902 562 μοι,
2942 490 3033 544 τδν
3076 490 3185 545 τῶν
3226 490 3362 544 ὅλων
3408 492 3539 547 Θεὸν
3579 497 3733 567 κριὸς

474 587 589 641 haec
622 587 687 640 de
745 585 990 639 manibus
1018 583 1253 638 vestris?
1292 583 1400 637 Etsi
1434 584 1576 636 enim
1623 582 1799 637 Moses
1835 582 2047 636 locutus

471 690 557 735 est
599 680 666 733 de
711 677 943 731 victimis
993 685 1046 728 ct
1082 675 1306 741 hostiis,
1344 690 1406 730 ea
1456 685 1636 727 tamen
1682 674 1862 728 cultus
1911 672 2048 725 ratio

470 772 770 842 antiquitus
804 771 911 824 Deo
948 768 1166 822 minime
1199 767 1296 821 fuit
1332 777 1576 835 accepta.
1616 765 1886 821 Nimirum
1921 767 2045 833 quia

470 880 565 931 per
597 866 819 931 liguram
850 871 902 915 et
927 863 1172 915 umbram
1205 861 1272 914 ad
1303 861 1586 913 veritatem
1628 860 1832 913 erudiri
1884 872 2047 926 opor-

471 956 636 1019 tebat,
669 954 856 1021 legaiia
885 953 1178 1008 constituta
1213 965 1339 1005 sunt
1373 966 1545 1021 usque
1589 952 1654 1004 ad
1700 960 1912 1019 tempus
1957 951 2044 1003 in-

468 1046 841 1107 stauratiouis,
881 1058 980 1097 nec
1026 1044 1096 1096 ita
1145 1051 1321 1095 tamen
1364 1043 1687 1106 constituta,
1731 1041 1883 1110 quasi
1921 1053 2046 1094 vere

467 1134 578 1189 Deo
620 1146 793 1202 grata.
847 1133 956 1189 Nec
1002 1134 1222 1189 omnino
1264 1144 1320 1187 et
1364 1133 1607 1188 absolute
1652 1135 1719 1188 de
1764 1132 2045 1186 sacrillciis

466 1224 729 1296 legalibus
770 1234 854 1280 est
904 1226 1118 1279 locutus
1151 1243 1165 1278 :
1198 1235 1254 1277 at
1298 1226 1421 1293 quia
1466 1224 1678 1277 inﬁrma
1727 1239 1879 1277 mens
1926 1232 2046 1277 erat

475 1331 687 1377 eorum.
720 1316 810 1384 qui
860 1316 1010 1370 hisce
1059 1317 1378 1369 rudimentis
1427 1326 1554 1369 tunc
1604 1314 2042 1377 instituebantur,

466 1420 566 1472 per
592 1416 775 1476 typum
804 1414 859 1459 et
890 1406 1134 1459 umbram
1166 1407 1231 1459 ad
1263 1407 1544 1459 veritatem
1569 1406 1720 1474 quasi
1753 1420 1912 1458 manu
1942 1407 2043 1457 du-

467 1497 753 1550 cebantur.
812 1495 917 1550 Sed
961 1496 1287 1550 adventante
1332 1505 1602 1563 tempore,
1649 1511 1756 1565 quo
1796 1496 2042 1549 veritatis

467 1586 917 1656 pulchritudinem
961 1589 1241 1654 oportebat
1278 1587 1603 1649 enitescere,
1654 1597 1809 1657 typus
1855 1585 2041 1641 irritus

464 1686 571 1742 est,
606 1678 791 1729 umbra
842 1678 1065 1730 inutilis.
1102 1678 1228 1732 Ideo
1260 1679 1337 1731 ait
1367 1700 1380 1733 :
1406 1677 1629 1733 Calcare
1656 1681 1791 1732 atria
1823 1695 1935 1733 mea
1972 1694 2043 1735 ne

465 1767 839 1835 perrexeritis.
885 1766 941 1821 Si
987 1767 1299 1822 obtuleritis
1332 1769 1716 1836 sitnilaginetn,
1749 1771 1910 1823 inane
1952 1772 2039 1823 in-

2146 580 2636 653 ὼλοκαυτωμένος;
2668 584 2722 635 τί
2748 583 2804 636 δὲ
2833 583 2893 636 τὸ
2932 583 3040 636 τῶν
3069 584 3248 654 ἀρνῶν
3284 585 3406 655 ἥσει
3444 587 3641 659 στέαρ;
3682 593 3730 644 εί

2145 671 2201 723 δὲ
2223 672 2286 742 δὴ
2312 673 2405 726 καὶ
2433 673 2651 744 τράγων
2673 673 2764 725 καὶ
2793 672 3008 743 ταύρων
3033 669 3170 744 αἷμα
3203 675 3581 746 προσφέροιτο,
3615 678 3731 742 πῶς

2146 761 2341 831 ἡσθείη
2375 762 2463 815 διὰ
2487 762 2645 815 τοῦτο
2683 761 2848 827 Θεὸςς
2883 763 2965 824 τίς
3000 762 3109 832 γὰρ
3137 762 3430 836 ἐξεζήτησε
3462 765 3634 819 ταῦτα
3664 769 3729 820 ἐκ

2143 852 2256 906 τῶν
2289 852 2487 923 χειρῶν
2519 852 2711 921 ὑμῶνς
2757 854 2805 906 εί
2848 852 2956 920 γὰρ
2988 854 3082 907 καὶ
3125 854 3423 925 λελάληκεν
3460 860 3488 911 6
3521 860 3728 929 Μωσῆς

2146 943 2272 1011 περὶ
2302 944 2764 1013 ὁλοκαυτωμάτων
2801 944 2895 996 καὶ
2932 945 3150 1003 θυσιῶν,
3192 946 3306 998 ἀλλ’
3331 944 3399 1018 ἦν
3429 949 3521 1000 καὶ
3555 950 3728 1003 πάλαι

2144 1033 2243 1103 τῆς
2290 1033 2501 1086 τοιᾶσδε
2545 1033 2799 1102 λατρείας
2838 1035 2867 1086 6
2907 1034 3106 1103 τρόπος
3142 1035 3442 1107 ἁϐούλητος
3470 1039 3549 1108 τῷ
3577 1040 3721 1109 Θεῷ.

2157 1123 2372 1193 Ἐπειδὴ
2420 1123 2477 1176 δὲ
2515 1122 2604 1176 διά
2640 1122 2810 1176 τύπου
2854 1123 2948 1175 καὶ
2990 1125 3146 1187 σκιᾶς
3196 1125 3560 1195 παιδαγωγεῖν
3618 1128 3727 1181 ἔδει

2144 1208 2284 1279 πρὸς
2313 1209 2768 1281 ἀλήθειαν,μέχρι
2797 1210 2993 1281 καιροῦ
3027 1212 3364 1283 διορθώσεως
3390 1215 3627 1269 τέθειται
3657 1218 3726 1270 τὰ

2143 1299 2202 1351 ὲν
2222 1300 2393 1369 νόμῳ,
2428 1300 2623 1353 οὐκοῦν
2653 1300 2778 1354 ὅσον
2808 1297 2942 1374 ἧκεν
2968 1302 3047 1364 είς
3071 1320 3136 1371 γε
3163 1303 3221 1355 τὺ
3248 1304 3444 1373 ἀληθὲς
3466 1308 3726 1376 ἀρέσκειν

2142 1391 2222 1461 τῷ
2250 1390 2391 1461 Θεῷ·
2427 1392 2534 1444 οὐδ’
2567 1392 2632 1445 ἂν
2663 1392 2798 1457 ὅλως
2824 1393 3051 1463 ὲλάλησε
3081 1396 3208 1467 περὶ
3235 1395 3434 1448 θυσιῶν
3455 1396 3563 1449 τῶν
3586 1399 3727 1452 κατᾶ

2143 1483 2325 1552 νόμον.
2370 1483 2587 1553 Ἐπειδὴ
2611 1484 2666 1536 δὲ
2696 1486 2804 1539 τῶν
2829 1485 2889 1538 τὸ
2911 1486 3164 1556 τηνικάδε
3197 1504 3270 1538 πα
3281 1487 3542 1555 ιδαγωγου
3551 1490 3728 1558 μένων

2142 1573 2374 1645 ἀσθενὴς
2406 1569 2474 1644 ἦν
2517 1577 2546 1627 6
2587 1575 2730 1640 νοῦς,
2771 1576 3246 1646 κεχειραγώγηντο
3287 1578 3375 1631 διά
3418 1579 3588 1632 τύπου
3631 1581 3727 1632 καὶ

2142 1666 2240 1733 τῆς
2278 1666 2417 1719 κατά
2445 1666 2505 1719 τὸ
2528 1667 2764 1737 γράμμα
2794 1670 2949 1731 σκιᾶς
2979 1670 3055 1732 είς
3080 1668 3361 1739 ἀλήθειαν.
3407 1671 3724 1739 Ἐνεστηκό-

2143 1774 2234 1820 τος
2258 1757 2315 1809 δὲ
2344 1756 2438 1810 τοῦ
2471 1762 2687 1828 καιροῦ,
2718 1759 2838 1812 καθ’
2865 1759 2923 1812 ὃν
2952 1760 3059 1813 ἔδει
3083 1761 3144 1813 τὸ
3179 1760 3361 1814 λοιπὸν
3386 1760 3445 1813 τὸ
3475 1762 3572 1830 τῆς
3597 1762 3729 1830 ἁλη-

465 1872 689 1911 censum
719 1867 825 1922 est,
854 1859 1187 1911 abominatio
1222 1861 1352 1913 mihi
1386 1870 1490 1914 est.
1527 1860 1637 1915 Nos
1668 1861 1810 1914 enim
1846 1862 1949 1915 title
1989 1863 2040 1916 in

2147 1849 2297 1910 θείας
2345 1848 2697 1917 ἐκφαίνεσθαι
2732 1850 2946 1912 κάλλος,
2975 1852 3225 1922 περιττὸς
3255 1854 3282 1905 6
3312 1852 3500 1917 τύπος,
3537 1853 3730 1924 ἀνόνη-

465 1944 741 2000 Christum
771 1946 1040 2009 illttstrati,
1075 1949 1387 2014 spirituales
1427 1950 1635 2005 hostias
1666 1952 1782 2008 Deo
1815 1954 2047 2007 offeren-

471 2039 573 2095 tes,
602 2042 789 2085 sancta
823 2034 942 2101 ejus
967 2035 1252 2103 itnpletnus
1281 2039 1441 2103 atria,
1476 2040 1727 2093 nimirum
1762 2043 2041 2099 ecclesias.

466 2121 718 2177 Christus
768 2134 946 2179 autem
1003 2126 1054 2179 in
1100 2128 1348 2183 ecclesiis
1393 2130 1598 2185 Judaici
1649 2132 1828 2188 cultus
1881 2135 2042 2189 ritum

467 2213 690 2268 minime
719 2215 929 2283 recipit.
966 2214 1100 2269 Nam
1133 2218 1224 2286 qui
1274 2218 1631 2289 similaginem
1658 2221 1779 2277 oleo
1806 2238 2046 2277 macera-

469 2315 580 2361 tam
607 2316 662 2361 et
700 2308 978 2363 incensum
1006 2310 1205 2365 cadens
1235 2312 1337 2366 sub
1365 2326 1585 2366 sensum
1615 2312 1811 2370 offerre
1841 2317 2041 2380 volent,

468 2399 778 2467 neutiquam
812 2400 1186 2458 admitteutur.
1216 2403 1559 2458 Meminimus
1586 2406 1730 2459 enim
1765 2408 1831 2460 tle
1866 2422 1933 2461 eo
1965 2407 2045 2462 lo-

465 2498 651 2541 cutum
701 2501 821 2541 esse
866 2488 1078 2544 Deum:
1111 2490 1455 2544 Abominatio
1501 2503 1582 2545 est
1636 2493 1790 2546 mihi.
1834 2492 1897 2546 Et
1946 2508 2044 2547 nos

464 2579 682 2647 quidem
717 2589 863 2633 certe
892 2592 1237 2635 sacrosancta
1270 2581 1321 2635 in
1358 2582 1579 2636 Christo
1619 2581 1755 2638 festa
1798 2583 2045 2639 celebra-

472 2685 614 2725 mus.
649 2670 719 2724 At
751 2669 921 2725 Judaai
948 2689 976 2724 a
1009 2673 1204 2744 typicis
1232 2673 1715 2741 signiﬁcationibus
1754 2692 1859 2730 non
1892 2692 2046 2732 rece-

464 2762 677 2825 dentes.
719 2763 770 2817 in
819 2762 1129 2820 Neomeniis
1168 2766 1324 2819 tubas
1360 2764 1567 2829 inﬂant,
1615 2767 1754 2820 diem
1792 2766 2044 2821 feriatum

465 2863 659 2922 putant
692 2870 813 2909 esse
844 2855 1161 2923 Sabhatum,
1190 2866 1245 2911 et
1272 2856 1413 2911 diem
1442 2872 1562 2926 qua:
1601 2872 1791 2925 magna
1820 2859 2039 2925 dicitur,

464 2946 670 3001 colunt.
696 2947 772 3001 Ea
800 2962 929 3001 vero
954 2959 1037 3001 est
1063 2946 1209 3011 festi,
1242 2950 1383 3018 quod
1416 2948 1888 3004 tabernaculorum
1915 2950 2044 3004 lixio

465 3047 714 3104 vocatur,
744 3039 863 3093 dies
888 3047 1153 3095 extrema.
1174 3039 1401 3096 Etiamsi
1433 3041 1539 3095 Deo
1555 3041 1822 3111 jejuuent,
1849 3044 2042 3114 pugnis

468 3130 746 3185 humiliter
777 3147 835 3186 se
866 3133 1175 3187 verberant.
1216 3134 1575 3201 Quamobrem
1609 3137 1833 3190 audiant
1866 3137 2040 3205 ipsum

466 3221 736 3277 dicentem
767 3239 783 3278 :
817 3224 919 3294 15
957 3225 1115 3279 Festa
1151 3237 1332 3280 vestra
1374 3229 1487 3281 odit
1518 3228 1697 3281 anima
1727 3243 1866 3283 mea.
1916 3228 2043 3285 ﬂare

473 3323 651 3369 autem
710 3316 876 3381 dicit,
917 3332 1023 3386 quo
1066 3333 1094 3371 a
1143 3318 1279 3389 typis
1326 3318 1392 3372 ad
1438 3318 1720 3373 veritatem
1775 3321 2038 3387 traducat,

464 3408 895 3478 persuadeatque
942 3421 1001 3463 ut
1026 3410 1229 3463 Christi
1268 3412 1502 3465 oraculis
1534 3412 1804 3467 cervicem
1848 3414 2044 3467 mentis

466 3510 804 3567 supponunt,
846 3510 899 3555 ut
954 3501 1233 3556 nobiscum
1288 3503 1600 3573 evangelice
1649 3516 1952 3569 versentur,
1990 3515 2046 3559 et

463 3590 733 3645 suavitate
779 3591 1002 3646 odorum
1060 3592 1384 3662 spiritalium
1444 3594 1607 3649 Deum
1649 3597 2041 3665 permulceant,

467 3683 735 3753 quasique
761 3684 1057 3753 thymiama
1091 3685 1372 3753 spirituale
1396 3687 1446 3741 ei
1480 3697 1801 3743 consecrent
1827 3702 2037 3741 morum

467 3773 822 3838 modestiam,
856 3775 1210 3842 charitatem,
1243 3787 1481 3832 mutuum
1514 3794 1785 3843 amorem,
1832 3780 2041 3848 patien-

468 3865 622 3930 tiam,
662 3868 1095 3935 temperantiam,
1124 3878 1178 3922 et
1205 3880 1333 3924 aute
1365 3870 1495 3933 alia,
1518 3870 1699 3927 (idem.
1730 3871 1825 3926 liis
1848 3871 2043 3927 hostiis

465 3958 712 4026 placatur
736 3958 899 4024 Deus.
924 3971 977 4015 et
998 3962 1432 4031 evangelicorum
1462 3966 1842 4021 vaticiniorum
1869 3966 2042 4021 virtus

464 4050 549 4105 his
578 4052 911 4107 ornamentis
942 4065 1165 4109 coronat
1194 4057 1496 4111 credentes.

2147 1958 2237 2004 τος
2283 1942 2315 2012 ἡ
2344 1941 2490 1994 σκιά.
2532 1941 2714 2012 Ταύτῃ
2735 1958 2817 1995 τοι
2851 1942 3035 2011 φησὶν,
3062 1944 3142 1995 ὅτι
3169 1943 3361 1996 Πατεῖν
3386 1943 3483 2015 τὴν
3515 1945 3729 2000 αὐλῶνα

2150 2050 2250 2101 μου
2287 2033 2347 2085 οὐ
2388 2033 2785 2105 προσθήσεσθε.
2834 2036 2961 2088 Ἐὰν
2998 2035 3238 2105 φέρησθε
3281 2037 3578 2105 σεμίδαλιν,
3628 2040 3731 2108 pa-

2145 2141 2294 2176 ταιον
2323 2124 2595 2195 θυμίαμα,
2630 2125 2905 2196 βδέλυγμά
2930 2128 3020 2196 μοί
3056 2130 3224 2181 ἐστιν.
3267 2128 3458 2196 Ἡμεῖς
3490 2130 3586 2195 μὲν
3619 2130 3729 2199 γὰρ

2145 2215 2196 2267 oi
2260 2215 2442 2267 πίστει
2493 2218 2558 2285 τῇ
2604 2218 2679 2278 εἰς
2729 2217 2961 2287 Χριστὸν
3013 2218 3575 2290 ὲκλελαμπρυσμένοι,
3628 2220 3728 2285 τὰς
3826 2276 3827 2279 η

2146 2306 2523 2376 πνευματικὰς
2569 2306 2758 2369 θυσίας
2804 2308 3265 2378 προσκομιοῦντες
3308 2310 3385 2380 τῷ
3431 2310 3572 2381 Θεῷ,
3630 2311 3730 2373 τὰς

2145 2396 2309 2465 ἁγίας
2348 2396 2512 2451 αὐτοῦ
2565 2398 2879 2470 πληροῦμεν
2927 2400 3113 2461 αὐλὰς,
3161 2402 3307 2453 τοῦτ’
3340 2402 3486 2454 ἔστιν
3528 2402 3729 2473 ἐκκλη-

2148 2490 2287 2549 σίας.
2346 2490 2745 2561 Ἀπαράδεκτος
2799 2492 2853 2543 δὲ
2902 2491 3055 2560 παρὰ
3088 2492 3326 2562 Χριστοῦ
3365 2493 3640 2556 παντελῶς
3671 2495 3730 2545 ὲν

2145 2583 2464 2650 ἐκκλησίαις
2492 2585 2590 2655 τῆς
2629 2584 2924 2654 Ἰουδαϊκῆς
2953 2584 3211 2655 λατρείας
3242 2588 3270 2638 6
3297 2586 3513 2655 τρόπος.
3545 2584 3730 2639 Είσδε-

2147 2674 2321 2745 χθεῖεν
2348 2676 2457 2745 γὰρ
2496 2675 2562 2728 ἂν
2599 2675 2801 2744 ἣκιστά
2842 2691 2903 2742 γε
2945 2675 3220 2744 σεμίδαλιν
3249 2676 3603 2740 ἐλαιόδευτον,
3636 2677 3732 2729 καὶ

2143 2766 2204 2819 τὸ
2244 2765 2499 2835 αἰσθητὸν
2544 2765 2797 2835 θυμίαμα
2835 2765 3128 2836 προσάγειν
3163 2764 3459 2830 ἐθέλοντες.
3503 2766 3732 2835 Μεμνὴ-

2148 2858 2287 2929 μεθα
2317 2857 2425 2928 γὰρ
2471 2856 2605 2909 Θεοῦ
2649 2857 2895 2925 λέγοντος
2933 2857 3059 2927 περὶ
3101 2856 3284 2910 αὐτοῦ’
3329 2857 3611 2925 Βδέλυγμά
3639 2859 3729 2927 μοί

2145 2950 2312 3002 ἐστιν.
2343 2949 2453 3003 Καὶ
2474 2951 2633 3020 ἡμεῖς
2660 2949 2758 3019 μὲν
2791 2947 2886 3009 τὰς
2918 2949 3075 3016 ἁγίας
3106 2949 3198 3000 ἐπὶ
3228 2948 3446 3021 Χριστῷ
3470 2948 3730 3019 τελοῦμεν

2144 3042 2357 3115 ἑορτάς.
2399 3040 2643 3095 Ἰουδαῖοί
2671 3058 2735 3109 γε
2775 3041 2880 3112 μὴν
2906 3042 3015 3094 τῶν
3056 3042 3114 3093 ἐν
3142 3043 3335 3104 τύποις
3373 3042 3474 3095 οὐκ
3517 3039 3731 3107 tema-

2149 3153 2319 3205 μενοι,
2384 3134 2734 3197 σαλπίζουσιν
2797 3136 2856 3186 ὲν
2920 3134 3230 3203 Νεομηνίας
3295 3134 3500 3204 ἡμέρᾳ,
3559 3132 3729 3202 ἀργὸν

2146 3226 2404 3297 ἡγοῦνται
2438 3224 2498 3277 τὸ
2528 3223 2822 3290 Σάϐϐατόν,
2857 3224 2951 3277 καὶ
2985 3225 3082 3295 τὴν
3116 3224 3456 3295 καλουμένην
3489 3222 3730 3294 μεγάλην

2143 3317 2379 3388 τιμῶσιν
2411 3318 2647 3387 ἡμέραν.
2682 3316 2836 3369 Ἔστι
2868 3315 2926 3369 δὲ
2965 3315 3104 3386 αὕτη
3138 3317 3233 3385 τῆς
3272 3318 3464 3386 ἑορτῆς
3497 3316 3593 3385 τῆς
3632 3332 3732 3368 κα-

2144 3409 2412 3480 λουμένης
2448 3408 2821 3479 σκηνοπηγίας
2864 3408 2897 3478 ἡ
2929 3407 3235 3473 τελευταία,
3271 3409 3372 3460 κᾶν
3416 3410 3463 3460 εἰ
3506 3406 3731 3476 νηστεύ-

2148 3519 2299 3555 σειαν
2332 3500 2407 3571 τῷ
2438 3498 2577 3571 Θεῷ,
2618 3499 2882 3552 τύπτουσι
2924 3503 3169 3569 πυγμαῖς
3217 3499 3489 3552 ταπεινόν.
3523 3496 3731 3552 Οὐκοῦν

2145 3592 2494 3647 ἀκουέτωσαν
2522 3592 2773 3659 λέγοντος
2802 3590 2989 3643 αὐτοῦ’
3029 3592 3140 3653 Τὰς
3173 3591 3364 3662 ἑορτὰς
3402 3590 3555 3660 ὑμῶν
3584 3590 3733 3659 μισεῖ

2146 3686 2181 3756 ὴ
2214 3684 2357 3755 ψυχή
2391 3700 2513 3754 μου.
2547 3683 2733 3737 Ταῦτα
2767 3682 2823 3736 δέ
2864 3699 2997 3753 φησι
3039 3682 3295 3753 μεθιστὰς
3327 3684 3391 3735 ἐκ
3422 3682 3607 3735 τύπων
3637 3681 3731 3734 ἐπὶ

2145 3777 2205 3831 τὸ
2230 3776 2446 3847 ἀληθὲς,
2475 3776 2571 3829 καὶ
2601 3778 2713 3837 τοῖς
2742 3774 2830 3828 διὰ
2856 3773 3092 3844 Χριστοῦ
3126 3773 3489 3843 θεσπίσμασιν
3524 3772 3730 3842 ὑποφέ-

2149 3886 2261 3941 ρειν
2297 3868 2607 3923 ἀναπείθων
2649 3867 2741 3918 τὸν
2777 3866 2878 3936 τῆς
2916 3866 3153 3929 διανοίας
3191 3865 3411 3936 αὐχένα,
3446 3866 3533 3918 ἴνα
3576 3864 3731 3918 πολι-

2144 3960 2385 4015 τεύοιντο
2432 3960 2550 4030 μεθ’
2590 3958 2748 4031 ἡμῶν
2787 3956 3177 4025 εὐαγγελικῶς.
3217 3958 3349 4020 Ταῖς
3386 3959 3605 4027 νοηταῖς
3648 3955 3732 4008 εύ-

2144 4059 2366 4128 οσμίαις
2386 4039 2874 4125 κατευφραίνοντες
2892 4053 3045 4107 Θεόν.
3071 4055 3180 4106 Καὶ⁵
3199 4052 3388 4125 ὥσπερ
3410 4071 3461 4106 τι
3480 4052 3731 4124 θυμίαμα

464 4141 832 4211 πνευματικὸν
874 4142 1215 4208 ἀνατιθέντες
1255 4144 1405 4216 αὐτῷ
1442 4146 1504 4199 τὸ
1579 4145 1821 4209 ἐπιεικὲς
1851 4146 1933 4210 είς
1967 4146 2223 4219 τρόπους,
2257 4148 2355 4218 τὴν
2403 4146 2644 4217 ἀγάπην,
2712 4146 2809 4216 τὴν
2849 4143 3222 4215 φιλαλληλίαν,
3264 4144 3364 4213 τὴν
3432 4144 3727 4214 ὑπομονὴν,

458 4237 559 4309 τὴν
589 4239 935 4309 ἐγκράτειαν,
966 4239 1059 4291 καὶ
1094 4238 1202 4310 πρό
1245 4256 1309 4307 γε
1340 4239 1449 4292 τῶν
1476 4237 1651 4292 ἄλλων
1696 4239 1794 4310 τὴν
1835 4240 2039 4296 πίστιν.
2081 4241 2373 4305 Τοιαύταις
2433 4239 2646 4303 Θυσίαις
2677 4240 3049 4311 εὐαρεστεῖται
3115 4238 3269 4301 Θεὸς,
3305 4238 3401 4292 καὶ
3436 4238 3545 4293 τῶν
3572 4238 3731 4305 εὐαγ-

459 4330 694 4397 γελικῶν
730 4330 1118 4402 θεσπισμάτων
1139 4334 1172 4405 ἡ
1195 4334 1427 4405 δύναμις
1449 4334 1561 4395 τοῖς
1586 4332 1849 4400 τοιούτοις
1872 4337 2188 4410 αὐχήμασιν
2234 4336 2360 4399 τοὺς
2382 4335 2735 4399 πιστεύοντας
2769 4336 3042 4403 στεφανοῖ.

537 4427 699 4484 Vsus.
741 4428 824 4482 l5.
861 4426 1014 4482 Facti
1045 4432 1168 4484 estis
1205 4430 1411 4484 mihiin
1460 4431 1784 4499 satietatem,
1828 4450 2039 4503 aequa-

2228 4431 2583 4503 Ἐγενήθητέ
2604 4449 2709 4500 μοι
2736 4434 2824 4498 εις
2851 4430 3241 4499 πλησμονὴν,
3263 4448 3375 4486 ουκ
3405 4434 3491 4486 ἔτι
3519 4435 3730 4500 ἀνήσω

459 4535 617 4588 quam
655 4519 792 4573 ultra
842 4519 1106 4575 dimittam
1159 4531 1373 4589 peccata
1406 4530 1604 4576 vestra.
1659 4521 1794 4577 Cum
1849 4542 2037 4580 manus

458 4611 814 4678 expanderitis
847 4613 915 4665 ad
959 4629 1059 4679 me,
1096 4622 1329 4667 avertam
1381 4613 1559 4667 oculos
1609 4618 1809 4667 me‘osa
1862 4615 2035 4668 vobis.

460 4700 530 4755 Et
577 4702 624 4755 si
673 4706 965 4757 orationem
998 4704 1361 4771 muttipiicetis
1390 4744 1405 4769 ,
1457 4719 1560 4757 non
1605 4705 1889 4759 exaudiam
1927 4720 2036 4760 vos.

460 4792 652 4848 Manus
677 4796 813 4849 enim
840 4807 1024 4851 vestra:
1045 4796 1213 4864 plena!
1235 4803 1357 4849 sunt
1396 4796 1676 4864 sanguine.

528 4966 658 5035 Quae
678 4984 763 5025 res
789 4971 1095 5026 satietatem
1119 4978 1174 5025 et
1206 4984 1467 5024 nauseam
1514 4971 1753 5041 pariunt,
1797 4971 2030 5029 fastidiri

456 5060 675 5127 debent,
710 5070 765 5116 et
811 5062 1033 5117 omnino
1063 5063 1214 5130 parvi
1250 5061 1419 5126 ﬁunt,
1457 5064 1566 5117 imo
1604 5065 1657 5118 in
1707 5065 1890 5120 odium
1932 5082 2032 5121 ve-

456 5153 630 5206 niunt.
664 5152 943 5222 Siquidem
995 5153 1429 5221 sapientissimus
1475 5155 1757 5222 Salomon,
1802 5158 1977 5228 inquit
2014 5175 2028 5212 :

460 5260 479 5297 ι
523 5243 700 5300 Tarde
728 5244 868 5300 inter
911 5244 1098 5315 pedem
1146 5254 1295 5299 tuum
1347 5246 1411 5299 ad
1445 5246 1677 5301 amicum
1711 5257 1859 5302 tuum
1887 5292 1903 5316 ,
1964 5265 2032 5305 ne

454 5345 608 5392 satur
635 5335 710 5389 tui
745 5336 920 5388 oderit
953 5343 1004 5388 te
1055 5335 1120 5388 ".
1158 5354 1176 5388 ι
1233 5335 1375 5391 Dicit
1424 5338 1609 5407 itaque
1662 5341 2033 5396 universitatis

455 5426 599 5483 Deus
646 5424 848 5481 Iudaeis
885 5445 900 5481 :
937 5427 1294 5484 Exsaturatus
1343 5444 1466 5485 sum
1522 5431 1767 5487 exsoleta
1813 5434 2029 5498 umbra,

456 5529 657 5584 vosque
681 5514 937 5571 molestos
967 5516 1099 5572 mihi
1131 5532 1255 5574 esse
1280 5519 1442 5587 duco,
1462 5521 1508 5577 si
1532 5521 1920 5591 ingrediamini
1955 5523 2024 5576 ad

453 5607 876 5677 comparandum
901 5621 1081 5664 coram
1107 5626 1215 5667 me.
1250 5613 1485 5669 Aversor
1498 5615 1660 5669 etiam
1692 5615 1866 5671 solum
1891 5629 2032 5671 con-

530 5787 574 5820 ⁸¹
598 5785 759 5843 Prov.
799 5803 924 5860 xxv,
954 5791 1041 5848 17.

2138 4520 2248 4586 τὰς
2292 4520 2584 4589 ἁμαρτίας
2623 4517 2809 4588 ὑμῶν.
2845 4520 3029 4571 Ὅταν
3063 4518 3171 4585 τὰς
3202 4520 3402 4589 χεῖρας
3425 4522 3730 4588 ἐκτείνητε

2140 4609 2291 4678 πρός
2327 4625 2426 4678 με,
2460 4609 2836 4677 ίάποστρέψω
2886 4608 3028 4673 τοὺς
3078 4609 3425 4679 ὀφθαλμούς
3469 4628 3587 4679 μου
3626 4611 3727 4679 ἀφ’

2139 4698 2328 4768 ὑμῶν.
2389 4700 2498 4754 Καὶ
2560 4699 2668 4753 ἐὰν
2730 4700 3077 4766 πληθύνητε
3140 4697 3256 4767 τὴν
3323 4698 3556 4766 δέησιν,
3614 4702 3727 4753 οὐκ

2140 4792 2477 4861 ἀκούσομαι
2529 4789 2717 4860 ὑμῶν.
2764 4792 2835 4845 At
2888 4790 2997 4861 γὰρ
3046 4790 3239 4861 χεῖρες
3271 4791 3438 4861 ὑμῶν
3480 4793 3728 4860 αἵματος

2142 4881 2419 4950 πλήρεις.

2213 4976 2293 5029 Τὰ
2320 4977 2399 5040 είς
2429 4973 2743 5045 πλησμονὴν
2763 4975 2882 5045 ἦτοι
2911 4973 3070 5045 κόρον
3093 4975 3296 5045 ἥκοντα
3324 4973 3432 5029 τῶν
3467 4978 3727 5046 πραγμά-

2140 5085 2250 5122 των
2316 5065 2775 5138 καταφρονεῖσθαι
2831 5066 2993 5135 φιλεῖ,
3047 5066 3143 5119 καὶ
3199 5066 3380 5134 ὀλίγου
3447 5067 3726 5129 παντελῶς

2139 5160 2387 5227 ἀξιοῦται
2415 5161 2593 5229 λόγου,
2628 5158 2829 5231 μᾶλλον
2859 5159 2915 5212 δὲ
2947 5158 3047 5230 ἤδη
3089 5158 3183 5211 καὶ
3216 5158 3305 5211 διὰ
3336 5158 3527 5229 μίσους
3573 5161 3723 5233 ἔρχε-

2137 5273 2248 5311 ται.
2263 5256 2372 5310 Καὶ
2393 5254 2522 5324 γοῦν
2542 5257 2569 5308 6
2584 5253 2891 5322 σοφώτατος
2910 5249 3177 5319 Σολομὼν,
3205 5269 3222 5299 ι
3246 5249 3495 5322 Βραδέως
3516 5253 3724 5320 εἴσαγε,

2139 5347 2291 5415 φησὶ,
2326 5346 2417 5399 σὺν
2466 5345 2601 5399 πόδα
2657 5342 2793 5415 πρὸς
2843 5342 2932 5396 τὸν
2973 5340 3159 5410 φίλον,
3206 5341 3293 5394 ἵνα
3345 5340 3418 5413 μὴ
3462 5342 3718 5412 πλησθείς

2141 5456 2236 5493 σου
2273 5440 2480 5511 μισήσῃ
2512 5454 2593 5490 σε.
2633 5454 2653 5488 ο
2691 5436 2834 5505 Ἔφη
2864 5437 3046 5488 τοίνυν
3089 5433 3366 5497 Ἰουδαίοις
3395 5436 3424 5489 6
3449 5435 3557 5488 τῶν
3585 5435 3721 5490 ὅλων

2138 5528 2294 5593 Θεὸς,
2316 5528 2810 5599 Κατακεκόρεσμαι
2847 5526 2946 5597 τῆς
2981 5525 3148 5579 ἑώλου
3183 5524 3361 5589 σκιᾶς,
3392 5524 3633 5597 ἡγοῦμαι
3664 5524 3722 5579 δὲ

2139 5619 2238 5691 ἤδη
2287 5620 2597 5692 φορτικοὺς,
2639 5618 2743 5674 κᾶν
2790 5617 3109 5689 εἰσέρχησθε
3154 5617 3382 5688 ὀφθῆναί
3434 5636 3542 5690 μοι.
3576 5620 3719 5690 Παρ-
