4100 6496
343 377 415 432 57
1506 369 1568 425 IN
1610 370 1841 427 ISAIAM
1880 368 1960 425 ιι]

2065 372 2101 427 Ι.
2139 369 2354 428 οιιΑΤ.
2397 372 2417 425 l
2694 395 2699 399 ·
3591 382 3659 436 33

340 491 614 566 αιτοῦμαι
637 492 695 547 δὲ
726 491 822 546 καὶ
846 490 1019 564 μόνην
1051 489 1205 562 ὑμῶν
1232 491 1330 564 τὴν
1360 491 1509 546 θέαν·
1532 492 1634 546 οὐκ
1666 491 1747 546 ἔτι
1774 492 1960 564 ἀνήσω

2070 498 2315 559 speetum
2354 491 2546 559 vestri,
2583 505 2690 546 non
2736 489 3013 545 remittam
3038 488 3270 561 amplius
3300 502 3521 561 peccata
3559 507 3656 550 ve-

342 585 447 649 τάς
494 585 777 656 ἀμαρτίας
826 584 1005 655 ὑμῶν.
1048 584 1225 639 Πάλαι
1260 585 1360 656 μὲν
1398 583 1508 655 γὰρ
1548 586 1601 638 οἱ
1642 586 1700 652 ἑξ
1740 585 1962 658 Ἰσραὴλ

339 677 587 739 ἀνοσίως
616 676 1050 735 ἀπονενευκότες
1090 675 1185 728 ἐπὶ
1224 675 1284 729 τὸ
1323 674 1541 729 ἑλέσθαι
1581 676 1691 729 δεῖν
1729 676 1822 728 τὸν
1851 675 1962 729 τῶν

342 770 493 821 ὅλων
517 768 653 821 Θεὸν
682 767 1049 839 παροτρύνειν
1069 768 1154 837 ἐφ’
1177 768 1425 832 ἑαυτοὺς,
1448 767 1535 822 διὰ
1557 768 1648 821 τοῦ
1674 767 1960 839 λατρεύειν

337 865 410 932 τῇ
447 862 652 924 κτίσει,
686 863 1017 932 προσκυνεῖν
1048 860 1104 913 δὲ
1137 861 1230 913 καὶ
1265 860 1450 923 αὐτοῖς
1481 863 1594 925 τοῖς
1628 860 1815 933 ἔργοις
1846 861 1958 915 τῶν

334 939 497 1005 ίδίων
526 952 753 1022 χειρῶν,
792 952 1035 1007 δέδονται
1065 955 1179 1015 τοῖς
1220 953 1585 1016 Βαϐυλωνίοις
1632 954 1725 1008 καὶ
1754 957 1959 1009 ἀπεκοο

345 1044 630 1115 μίσθησαν
673 1045 776 1112 τῆς
817 1044 1081 1108 Ἰουδαίας
1112 1045 1472 1116 αἰχμάλωτοι,
1503 1047 1596 1100 καὶ
1631 1049 1960 1118 κατῳκήκαο

342 1153 428 1188 σιν
464 1137 525 1188 ἐν
556 1138 670 1199 τοῖς
710 1135 897 1206 ὄρεσιν
942 1136 1171 1208 Περσῶν
1215 1136 1308 1190 καὶ
1355 1137 1576 1209 Μήδων,
1615 1138 1819 1210 πικράν
1863 1138 1960 1194 καὶ

340 1227 633 1279 δύσοιστον
684 1227 1020 1292 ἀνατλάντες
1067 1228 1329 1285 δουλείαν.
1387 1229 1604 1301 Ἐπειδὴ
1657 1231 1715 1284 δὲ
1776 1232 1961 1295 αὐτοῖς

342 1315 759 1388 ἑϐδομηκοστὸν
786 1316 909 1382 ἑτος
935 1317 1268 1379 τετέλεσται,
1298 1302 1550 1388 κατηλέει
1582 1318 1745 1372 πάλιν
1775 1320 1804 1372 6
1835 1317 1958 1387 φιλ-

341 1406 683 1477 οικτείρμων
737 1405 893 1470 Θεός.
944 1407 1058 1460 Καὶ
1103 1406 1234 1475 γοῦν
1281 1406 1357 1470 ὡς
1394 1409 1452 1461 ἑν
1484 1407 1563 1478 τῷ
1596 1406 1842 1479 Ζαχαρία
1867 1406 1960 1476 γέ-

343 1516 625 1569 γραπται,
659 1499 762 1563 τὰς
793 1501 935 1571 ὑπὲρ
963 1500 1145 1553 αὐτῶν
1172 1502 1409 1554 ἐποιεῖτο
1437 1500 1592 1564 λιτάς
1622 1501 1650 1553 6
1687 1502 1958 1572 μακάριος

343 1591 609 1659 ἄγγελος,
646 1589 847 1660 λέγων·
884 1611 903 1642 ‹
939 1591 1113 1662 Κύριε
1144 1591 1564 1663 παντοκράτωρ,
1588 1591 1693 1654 ἓως
1718 1590 1862 1655 τίνος
1894 1591 1955 1644 ού

346 1684 426 1754 μὴ
453 1674 706 1753 ἑλεήσέις
734 1683 833 1754 τήν
862 1683 1246 1755 Ἰερουσαλὴμ,
1280 1685 1373 1737 καί
1406 1683 1505 1749 τὰς
1542 1682 1727 1745 πόλεις
1764 1682 1954 1749 Ἰούδα,

342 1775 411 1838 ἃς
439 1776 745 1846 ύπέριδες;
786 1773 948 1828 τοῦτο
996 1774 1397 1846 ἑϐδομηκοστὸν
1438 1773 1578 1838 ἑτοςο
1618 1792 1636 1825 ι
1683 1774 1777 1827 καὶ
1820 1773 1957 1843 πρός

2073 590 2208 636 stra.
2245 581 2385 637 Olim
2422 582 2567 637 enim
2614 581 2874 638 lsraelita:
2906 597 3028 636 eum
3064 582 3228 652 impie
3272 582 3656 649 descivissent,

2068 674 2144 729 ita
2172 684 2229 728 ut
2258 675 2638 731 universitatis
2669 675 2835 730 Deum
2863 676 2915 729 in
2949 690 3011 730 se
3049 674 3474 739 exacerbarent,
3500 691 3655 729 creat

2068 774 2247 819 turam
2302 766 2572 833 colendo,
2613 767 2838 836 ipsaque
2901 780 3068 835 opera
3120 781 3375 821 manuum
3427 783 3653 822 suarum

2064 858 2379 924 adorando,
2438 858 2625 913 traditi
2673 865 2802 913 sunt
2832 858 3147 928 Babyloniis
3176 899 3192 925 ,
3248 869 3303 913 et
3347 874 3416 913 ex
3465 858 3652 914 Judaea

2064 948 2289 1004 abducti
2309 959 2437 1003 sunt
2461 950 2685 1018 captivi,
2708 949 2839 1005 etin
2862 948 3157 1004 Persarum
3185 965 3347 1020 atque
3372 951 3654 1006 Medorum

2066 1041 2265 1097 ﬁnibus
2292 1041 2703 1109 habitaverunt,
2729 1043 2983 1097 acerbam
3006 1057 3071 1097 ae
3094 1058 3200 1098 non
3237 1035 3514 1097 ferendam
3537 1060 3657 1098 ser-

2063 1134 2297 1190 vitutem
2344 1133 2662 1189 subeuntes.
2714 1134 2923 1189 Exacto
2977 1133 3192 1188 demum
3249 1137 3653 1205 septuagesimo

2063 1239 2234 1290 anno,
2287 1226 2485 1279 iterum
2532 1224 2846 1281 misericors
2879 1225 3021 1281 Deus
3078 1226 3495 1281 commiseratus
3548 1236 3650 1281 est.

2064 1315 2346 1388 Siquidem
2400 1326 2459 1372 ut
2504 1317 2557 1371 in
2610 1317 2885 1373 Zacltaria
2947 1318 3212 1389 scriptum
3261 1326 3385 1385 est,
3463 1331 3654 1388 preces

2060 1409 2334 1480 supplices
2385 1425 2482 1479 pro
2516 1410 2621 1464 illis
2673 1411 2812 1469 l’utlit
2856 1412 3048 1466 beatus
3095 1410 3363 1481 angelus,
3413 1411 3648 1465 dicens:

2066 1519 2086 1553 ι
2126 1501 2355 1556 Domine
2383 1503 2752 1573 omnipotens,
2777 1518 3062 1573 quousque
3090 1513 3142 1557 ιιι
3189 1519 3297 1557 non
3351 1503 3651 1557 miserebe-

2060 1594 2136 1649 ris
2162 1593 2488 1658 Jerusalem,
2554 1605 2609 1649 et
2641 1596 2857 1650 urbium
2901 1594 3063 1657 Juda,
3114 1611 3252 1665 quas
3283 1594 3588 1664 despexisti
3628 1593 3652 1649 τ

2060 1684 2159 1740 Hic
2191 1702 2366 1741 annus
2398 1695 2482 1741 est
2520 1687 2981 1755 septuagesimus.
3015 1705 3032 1738 ι
3073 1686 3140 1741 Ει
3191 1688 3258 1741 ad
3304 1687 3419 1741 ham
3461 1686 3602 1742 Deus
3635 1700 3652 1740 :

2066 1797 2085 1830 ι
2115 1778 2334 1835 Zelatus
2355 1795 2472 1833 sunt
2502 1776 2801 1834 Jerusalem
2832 1789 2889 1833 et
2919 1779 3049 1834 Sion
3104 1779 3229 1833 zelo
3254 1788 3547 1848 magno,et
3574 1779 3655 1833 ira

341 1885 409 1935 γε
439 1867 620 1920 ταῦτα
653 1866 787 1930 Θεός
844 1886 863 1917 ι
899 1866 1184 1937 Ἑζήλωσα
1212 1866 1310 1938 τὴν
1345 1866 1704 1938 Ἰερουσαλὴμ
1733 1866 1827 1918 καὶ
1858 1865 1959 1936 τὴν

2065 1890 2256 1942 magna
2286 1875 2495 1927 irascor
2534 1886 2698 1940 super
2749 1881 2937 1942 gentes
2982 1888 3102 1941 qua:
3156 1889 3263 1926 una
3305 1873 3651 1942 conspirant.

343 1958 487 2011 Σιὼν
522 1957 690 2027 ζῆλον
721 1958 922 2028 μέγαν,
955 1959 1050 2010 καὶ
1081 1956 1237 2029 Ουμῷ
1267 1958 1490 2029 μεγάλῳ
1522 1957 1634 2026 ἑγὼ
1670 1957 1963 2029 ὀργίζομαι

340 2049 441 2101 ὲπὶ
464 2049 538 2102 τά
564 2048 699 2118 ἔθνη
734 2048 803 2101 τά
836 2047 1318 2117 συνεπιτιθὲμενα,
1347 2047 1464 2102 ἀνθ’
1495 2039 1569 2100 ὧν
1597 2045 1708 2116 ἑγὼ
1741 2047 1838 2117 μὲν
1866 2046 1962 2117 όρ-

340 2140 549 2212 γίσθην
569 2140 751 2209 ὀλίγα,
783 2140 939 2195 αὐτοὶ
967 2139 1025 2192 δὲ
1057 2138 1414 2193 συνεπέθεντο
1442 2141 1520 2202 είς
1552 2138 1699 2192 κακά
1721 2136 1964 2192 »Οὐκοῦν

342 2232 600 2304 ἀνῄρηκε
635 2234 735 2303 μὲν
766 2232 889 2284 τότε
927 2233 1028 2295 τάς
1067 2231 1341 2303 ἁμαρτίας
1381 2231 1585 2297 αὐτῶν,
1631 2229 1962 2302 λελύτρωται

340 2327 481 2397 γάρ,
514 2326 615 2379 καὶ
640 2324 981 2396 ἀνεκομίσθη
1014 2324 1178 2378 πάλιν
1210 2326 1289 2388 εἰς
1324 2324 1423 2395 τὴν
1451 2323 1685 2377 ἑαυτῶν.
1722 2323 1879 2377 Μετὰ
1903 2324 1964 2377 δέ

341 2436 410 2486 γε
454 2418 550 2472 τὸν
596 2417 693 2471 τοῦ
744 2419 1001 2489 Σωτῆρος
1044 2417 1299 2490 σταυρὸν,
1329 2416 1514 2471 οὐκέτι
1552 2416 1653 2480 τάς
1681 2417 1960 2488 ἁμαρτίας

341 2512 535 2575 αὐτοῖς
560 2511 787 2581 ἀνήσειν
818 2508 1238 2578 ἐπαγγέλλεται,
1273 2509 1362 2563 διά
1389 2526 1473 2563 τοι
1501 2509 1560 2563 τὸ
1594 2511 1843 2580 μακροὺς
1874 2506 1960 2578 ἐφ’

342 2605 564 2665 ἑαυτοῖς
589 2602 941 2671 διαγενέσθαι
976 2603 1224 2675 καιροὺς,
1256 2599 1440 2665 καθὼς
1473 2600 1820 2672 μεμενήκασι
1848 2603 1963 2666 τοῖς

341 2696 405 2761 ἑξ
435 2696 614 2768 ὀργῆς
650 2696 952 2767 κινήμασιν
992 2694 1447 2767 ὑπενηνεγμένοι.
1474 2695 1597 2747 Ὅτι
1635 2696 1732 2765 μὲν
1762 2694 1872 2767 γὰρ
1903 2698 1962 2751 ἑν

341 2789 605 2862 ἐσχάτοις
633 2789 1027 2859 ἐλεηθήσονται
1058 2791 1293 2860 καιροῖς,
1318 2791 1384 2860 τῇ
1411 2788 1490 2852 είς
1516 2787 1750 2860 Χριστὸν
1778 2786 1962 2861 χάριτι

344 2880 472 2952 μεθ’
504 2879 671 2952 ἡμῶν
710 2878 1106 2949 δικαιούμενοι,
1152 2879 1444 2954 διεκήρυξε
1498 2879 1559 2932 τὸ
1612 2880 1850 2952 γράμμα
1900 2881 1963 2934 τὸ

345 2973 500 3045 ἱερὸν
526 3012 541 3037 ,
565 2971 760 3044 ἐπειδὴ
788 2972 865 3035 δὲ,
895 2973 971 3036 ὡς
998 2972 1157 3043 ἔφην,
1188 2971 1323 3026 πολὺ
1350 2972 1460 3025 τῶν
1496 2972 1664 3026 πάλαι
1698 2974 1960 3046 μακρότεε

344 3085 432 3140 por.
465 3066 762 3137 γεγόνασιν
787 3067 875 3118 ἐπ’
903 3067 1103 3129 αὐτοὺς
1128 3068 1176 3120 οἱ
1205 3067 1302 3138 τῆς
1323 3066 1493 3136 ὀργῆς
1546 3067 1747 3138 χρόνοι.
1775 3067 1958 3140 Ταύτῃ

339 3160 429 3212 τοί
482 3177 673 3231 φησιν’
713 3158 913 3213 Οὐκέτι
957 3159 1144 3230 ἀνήσω
1199 3161 1299 3222 τάς
1344 3159 1620 3231 ἁμαρτίας
1655 3158 1833 3229 ὑμῶν·
1868 3163 1960 3213 καὶ

342 3252 473 3306 καθ’
505 3253 701 3322 ἕτερον
736 3252 815 3315 δὲ,
844 3253 893 3304 εί
919 3251 1122 3321 βούλει,
1152 3251 1375 3323 τρόπον,
1409 3254 1474 3323 τῇ
1509 3251 1618 3305 τῶν
1657 3251 1957 3323 προκειμέ-

341 3363 453 3399 νων
504 3344 690 3416 ἐννοίᾳ
734 3343 1085 3417 προσϐαλεῖς.
1132 3342 1545 3415 Προσεκόμιζον
1591 3342 1783 3408 θυσίας
1818 3344 1961 3399 κατά

340 3436 435 3489 τὶν
465 3435 642 3487 πάλαι
664 3434 829 3504 νόμον
854 3435 905 3486 οἱ
934 3434 993 3501 ἑξ
1022 3433 1263 3505 Ἰσραήλ,
1288 3434 1388 3497 τάς
1416 3433 1557 3505 ὑπὲρ
1584 3450 1648 3503 γε
1676 3433 1784 3487 τῶν
1813 3434 1960 3489 ἰδίων

340 3528 869 3600 πλημμελημάτων.
894 3529 1124 3599 Ἔριφος
1153 3527 1209 3579 δὲ
1232 3527 1323 3581 καὶ
1348 3528 1519 3598 ἀμνὸς
1549 3527 1838 3596 ἐσφάζετο,
1867 3528 1961 3581 καὶ

344 3621 655 3693 συνεχώρει
685 3621 839 3684 Θεός.
871 3621 986 3676 Οὐκ
1007 3621 1279 3685 άνικάνως
1306 3619 1523 3692 ἔχοντος
1553 3620 1649 3674 καὶ
1676 3621 1844 3675 πάλαι
1863 3618 1959 3674 τοῦ

340 3716 516 3787 νόμου
547 3714 772 3785 βοηθεῖν
797 3702 1197 3785 ἀρχαιοτέροις,
1238 3711 1546 3784 ἐμορφοῦτο
1578 3712 1688 3784 γὰρ
1720 3714 1779 3767 ἑν
1809 3712 1962 3785 αὑτῷ

338 3806 404 3859 τὸ
429 3802 679 3876 Χριστοῦ
716 3805 1041 3876 μυστήριον.
1088 3802 1312 3874 Ἐπειδὴ
1347 3803 1404 3856 δὲ
1446 3802 1720 3874 ἑπέφανεν
1764 3806 1793 3857 6
1827 3804 1963 3876 Χρι-

344 3894 497 3959 στὸς,
532 3896 846 3964 ἀπρακτεῖν
883 3892 992 3945 ἔδει
1038 3892 1224 3946 λοιπὸν
1253 3894 1353 3965 τήν
1384 3893 1440 3946 ἐν
1472 3892 1629 3964 τύπῳ
1669 3892 1955 3965 κάθαρσιν,

339 3990 419 4053 ὡς
450 3988 555 4058 τῆς
583 3986 853 4056 ἀληθείας
883 3985 987 4058 ήδη
1035 3984 1338 4057 παρούσης.
1371 3984 1494 4037 ’Ότι
1533 3984 1711 4038 τοίνυν
1737 3984 1835 4038 οὐκ
1862 3986 1961 4055 ἀρ·

341 4082 501 4137 κέσει
535 4080 677 4150 πρὸς
706 4080 903 4149 ἄφεσιν
929 4080 1115 4142 αὐτοῖς
1159 4080 1193 4150 ή
1231 4078 1398 4149 νόμου
1432 4078 1559 4132 σκιά
1588 4079 1687 4151 τὴν
1713 4078 1800 4133 διά
1826 4081 1961 4150 Χρι-

345 4176 477 4231 στοῦ
526 4175 827 4246 λύτρωσιν,
878 4172 942 4226 οὐ
998 4173 1402 4244 προσιεμένοις,
1450 4173 1715 4239 διδάσκει,
1762 4173 1958 4243 λέγων’

344 4268 553 4324 Οὐκέτι
587 4268 782 4337 ἀνήσω
817 4263 919 4330 τάς
952 4264 1230 4337 ἁμαρτίας
1276 4264 1450 4336 ὑμῶν.
1503 4265 1670 4319 Οὔπω
1717 4266 1814 4337 μὲν
1851 4266 1960 4337 γὰρ

344 4360 643 4432 παρούσης
694 4356 798 4427 τῆς
840 4354 1124 4429 ἀληθείας,
1174 4358 1362 4427 φησιν,
1409 4356 1812 4428 συγκεχώρηκα
1851 4362 1963 4423 τοῖς

344 4452 546 4516 τύποις
602 4449 841 4521 ὠφελεῖν
881 4447 1144 4503 δύνασθαι
1186 4449 1314 4513 τοὺς
1359 4448 1577 4518 ἐνόχους
1622 4449 1958 4521 ἁμαρτίαις,

346 4551 488 4605 altior.
511 4552 581 4622 τῇ
617 4549 761 4621 πρὸς
790 4548 890 4621 τὴν
921 4546 1180 4620 ἀλήθειαν
1219 4549 1313 4602 καὶ
1341 4547 1502 4602 τοῦτο
1534 4546 1723 4612 ποιῶν,
1754 4544 1961 4616 παρού-
1995 4579 2036 4635 D

348 4665 451 4719 σης
505 4647 565 4700 δὲ
612 4644 718 4720 ἤδη
768 4644 867 4700 καὶ
916 4643 1396 4715 ἀναδεδειγμένης,
1427 4642 1664 4714 ἀδρανὴς
1708 4643 1736 4694 6
1765 4640 1954 4707 τύπος,

346 4739 620 4804 ἀνόνητος
659 4736 695 4809 ἡ
742 4733 892 4791 σκιά.
924 4734 1038 4789 Καὶ
1075 4735 1261 4807 ἀνήσω
1300 4734 1399 4805 μὲν
1429 4733 1614 4787 οὐκέτι
1647 4732 1744 4796 τὰς
1779 4733 1959 4805 ἁμαρ-

345 4831 472 4894 τίας
531 4826 717 4900 ὑμῶν,
766 4826 1109 4894 ἐπαιρόντων
1157 4825 1214 4880 δὲ
1248 4826 1348 4890 τὰς
1386 4829 1596 4897 χεῖρας,
1626 4826 1957 4897 ἀποστρέψῃ)

343 4921 475 4985 τοὺς
521 4900 847 4993 ὀφθαλμούς,
886 4933 1017 4989 μου,
1056 4916 1161 4971 κᾶν
1213 4918 1262 4970 εί
1307 4916 1565 4979 πλείστας
1605 4917 1735 4979 ὅσας
1782 4917 1956 4968 ποιεῖν

344 5010 564 5065 ἕλοισθε
599 5006 916 5075 τάςλιτάς,
951 5007 1053 5063 οὐκ
1080 5007 1412 5080 εἰσδέξομαι.
1442 5003 1569 5078 Ἆρ’
1601 5003 1695 5062 οὖν
1743 5008 1956 5080 ἀπέστη

343 5102 441 5156 τοῦ
504 5097 653 5155 εἶναι
682 5096 948 5173 ’χρηστὸς
995 5100 1027 5154 6
1067 5098 1176 5155 τῶν
1213 5100 1352 5155 ὅλων
1388 5099 1753 5172 δημιουργός;
1788 5101 1959 5173 ήγουν

344 5192 657 5248 ἐπελάθετο
690 5191 789 5247 τοῦ
823 5191 1167 5264 οίκτειρῆσαι
1202 5190 1374 5258 Θεός;
1407 5192 1696 5264 Οὐδαμῶς,
1748 5192 1914 5263 φησιν
1938 5228 1957 5259 ,

344 5286 466 5358 εἰμὶ
480 5285 621 5355 γὰρ,
648 5283 766 5363 είμξ.
794 5284 1036 5359 χρηστός
1069 5300 1131 5340 τε
1158 5285 1253 5339 καὶ
1287 5283 1493 5354 ἀγαθὸς
1521 5287 1618 5338 καὶ
1656 5285 1955 5356 φιλοικτίρ-

348 5396 492 5451 μων,
551 5376 719 5451 μόνον
759 5376 820 5447 δὲ
858 5376 984 5450 οὐχὶ
1023 5376 1176 5432 ἀκων
1215 5377 1551 5449 ἀποστρέφω
1587 5377 1713 5441 τοὺς
1750 5376 1958 5446 ὀφθαλ-

348 5470 508 5541 μούς.
540 5469 608 5522 Al
636 5467 753 5549 τάρ
776 5470 965 5549 χεῖρες
990 5467 1146 5540 ὑμῶν
1171 5468 1404 5541 αἵματος
1428 5469 1680 5540 πλήρεις.
1713 5469 1957 5533 Ἀκούεις

344 5564 500 5627 ὅπως
518 5561 584 5615 τὸ
608 5559 713 5632 τῆς
733 5554 1052 5632 μιαιφονίας
1077 5560 1260 5625 αὐτοῖς
1279 5560 1663 5639 είσκεκόμικεν
1682 5560 1849 5633 ἑγκλη
1858 5580 1956 5633 μα,

348 5656 644 5727 σιωπήσας
667 5653 740 5708 τά
767 5653 936 5727 ἕτερα
967 5652 1077 5710 τῶν
1106 5656 1504 5727 πταισμάτωνς
1533 5654 1711 5709 καίτοι
1742 5654 1958 5719 πολλοῖς

420 5809 467 5843 ⁸³
490 5807 726 5865 Zacbar.
762 5825 801 5865 ι.
838 5809 1024 5865 12-15.

2063 1966 2169 2021 Pro
2192 1982 2258 2022 eo
2288 1968 2431 2036 quod
2465 1983 2564 2037 ego
2589 1968 2759 2020 iratus
2788 1982 2906 2019 sum
2939 1982 3129 2035 parum
3155 2005 3173 2033 ,
3222 1967 3325 2032 ipsi
3360 1981 3464 2019 una
3502 1981 3609 2021 con
3629 1995 3646 2008 -

2063 2063 2344 2131 spirarunt
2377 2062 2444 2115 ad
2482 2061 2622 2115 mala
2653 2061 2722 2113 ³¹.
2765 2080 2785 2113 t
2828 2060 3015 2129 Itaque
3046 2069 3155 2113 tttttt
3184 2060 3398 2115 remisit
3431 2060 3651 2114 illorum

2066 2161 2326 2221 peccata;
2360 2150 2622 2205 liberatus
2657 2150 2763 2222 ιϐ
2807 2151 2950 2204 enim
2985 2160 3089 2213 est,
3123 2160 3176 2203 et
3202 2152 3379 2203 denuo
3402 2150 3456 2203 in
3494 2164 3653 2215 suam

2070 2246 2309 2315 ipsorum
2331 2244 2823 2299 tet'ramreduetus.
2850 2242 2979 2299 Post
3032 2245 3450 2300 crueil‘txionetn
3498 2245 3649 2305 deni-

2063 2353 2172 2409 que
2198 2335 2536 2404 Servatoris,
2564 2352 2669 2392 non
2696 2340 2929 2408 amplius
2957 2353 3015 2394 se
3039 2348 3263 2407 peccata
3289 2337 3652 2393 remissurum

2062 2432 2385 2499 denuntiat,
2431 2441 2721 2502 propterea
2770 2432 2912 2502 quod
2970 2433 3022 2486 in
3079 2432 3187 2486 illis
3234 2438 3656 2501 perseverarent

2063 2524 2223 2595 longo
2261 2535 2524 2595 tempore,
2550 2540 2659 2594 quo
2734 2526 2952 2593 quidem
3008 2524 3295 2580 interVaHo
3332 2532 3657 2579 manserunt

2064 2618 2159 2672 ira:
2185 2616 2304 2685 ejus
2345 2618 2513 2671 furori
2554 2628 2609 2671 et
2660 2618 2791 2671 ictui
2831 2617 3080 2672 obnoxii.
3124 2616 3278 2683 Quod
3339 2626 3518 2671 tamen
3556 2632 3656 2670 no-

2063 2710 2304 2764 vissimis
2338 2708 2672 2777 temporibus
2696 2707 3129 2763 misericordiam
3154 2721 3651 2777 consequerentur,

2061 2806 2233 2875 gratia
2292 2806 2343 2860 itt
2406 2804 2690 2861 Christum
2750 2807 3031 2860 nobiseum
3082 2804 3412 2875 jttstiﬁcati,
3477 2818 3652 2860 sacrae

2067 2895 2288 2952 Litterae
2315 2898 2644 2966 praedicant;
2672 2896 2789 2961 sed,
2815 2906 2874 2949 ut
2905 2896 3039 2955 dixi,
3061 2896 3219 2964 longe
3251 2896 3454 2949 diutius
3486 2910 3653 2965 quant

2063 3000 2208 3056 ante,
2243 2991 2339 3045 irae
2367 2999 2581 3060 tempus
2612 2989 2861 3055 duravit;
2908 2980 3116 3043 ideirco
3173 2988 3348 3042 divit:
3384 2987 3499 3042 Non
3530 3003 3653 3041 am-

2065 3082 2203 3152 plius
2224 3084 2497 3136 remittam
2517 3091 2739 3151 peccata
2763 3090 2968 3136 vestra.
2996 3080 3180 3135 Addas
3217 3088 3398 3134 autem
3440 3081 3484 3134 si
3535 3080 3655 3149 pla-

2062 3184 2149 3227 cet
2174 3183 2226 3228 et
2246 3172 2394 3226 alittd
2436 3173 2565 3227 huic
2595 3172 2905 3230 sementim.
2961 3171 3304 3227 lsraelitaeex
3330 3172 3498 3226 veteri
3535 3173 3642 3227 ritu

2066 3263 2426 3333 institutoque
2476 3262 2609 3331 legis
2672 3260 2944 3316 sacriﬁcia
3004 3258 3343 3327 oil'erebant,
3381 3275 3478 3329 pro
3536 3259 3653 3315 suis

2062 3353 2319 3418 delictis,
2383 3354 2573 3408 haedus
2632 3361 2812 3407 autem
2869 3362 2924 3405 et
2965 3367 3136 3421 agnus
3184 3354 3546 3416 mactabatur,
3599 3336 3693 3408 σι’

2063 3443 2383 3516 indulgebat
2426 3444 2588 3498 Deus.
2620 3443 2832 3511 Quippe
2855 3459 2980 3497 cum
3019 3455 3176 3497 vetns
3207 3443 3374 3496 etiam
3412 3442 3496 3497 lex
3545 3457 3652 3498 non

2063 3536 2314 3593 inefﬁcax
2347 3536 2510 3592 fuerit
2539 3537 2603 3589 ad
2632 3535 3009 3605 opitulandum
3043 3534 3366 3605 majoribus,
3398 3534 3645 3590 delinea—

2061 3630 2224 3685 batttr
2255 3629 2404 3684 enim
2434 3629 2487 3683 in
2520 3644 2582 3684 ea
2606 3627 2810 3684 ΟΙιιίςιί
2859 3627 3208 3698 mysterium.
3262 3625 3491 3693 Quando
3522 3640 3653 3681 vero

2063 3723 2318 3793 apparuit
2355 3723 2631 3787 Christus,
2683 3736 2937 3777 enervem
2999 3735 3122 3774 esse
3170 3719 3462 3787 Oportebat
3500 3719 3655 3774 dein-

2064 3828 2193 3883 ceps
2249 3812 2475 3884 legalem
2517 3813 2974 3882 puriﬁcationem,
3007 3798 3339 3882 utpote‘cum
3357 3812 3471 3882 jam
3497 3812 3656 3868 ades-

2065 3914 2149 3960 set
2184 3906 2409 3959 veritas.
2471 3901 2590 3957 Non
2640 3917 2772 3967 ergo
2803 3902 2938 3957 satis
2995 3917 3118 3956 esse
3157 3903 3223 3955 ad
3270 3902 3653 3957 remissionem

2066 3996 2197 4068 legis
2229 3998 2498 4062 umbram,
2536 3995 2642 4051 illis
2670 3994 2875 4050 Christi
2908 3993 3342 4062 redemptionem
3373 4010 3480 4048 non
3530 4009 3650 4048 ant-

2066 4087 2456 4158 plectentibus,
2487 4087 2665 4153 docet,
2697 4084 2950 4154 inquiens
2982 4100 2995 4136 :
3034 4082 3150 4137 Non
3200 4084 3480 4148 remittant
3535 4099 3656 4138 am-

2063 4182 2207 4254 plius
2223 4189 2446 4251 peccata
2477 4188 2681 4234 vestra.
2720 4174 2963 4230 Veritate
2985 4175 3154 4241 enim,
3179 4175 3374 4245 inquit,
3409 4176 3650 4230 nondum

2064 4282 2358 4344 praesente,
2400 4272 2675 4334 concessi,
2708 4278 2767 4323 ut
2797 4266 3119 4337 typijuvat-e
3146 4276 3369 4333 possent
3414 4265 3656 4333 peccatis

2067 4363 2361 4433 implicitos
2391 4401 2407 4426 ,
2469 4360 2643 4430 ipsius
2687 4358 2939 4412 veritatis
2986 4357 3288 4411 reverentia
3341 4356 3503 4410 etiam
3553 4357 3656 4423 hoc

2067 4454 2294 4516 faciens,
2325 4468 2433 4522 qua
2475 4448 2875 4521 prmsentejam
2934 4463 2997 4502 ac
3039 4446 3413 4502 demonstrata
3450 4487 3465 4510 ,
3529 4448 3639 4502 im-

2066 4546 2275 4604 becillis
2308 4546 2477 4616 ﬁgura
2509 4552 2612 4607 est,
2644 4552 2697 4596 et
2719 4544 2908 4597 umbra
2949 4556 3138 4612 parum
3171 4540 3389 4595 efﬁcax.
3440 4540 3502 4592 Et
3540 4556 3646 4596 tton

2068 4639 2343 4695 remittam
2376 4636 2608 4706 amplius
2639 4642 2861 4703 peccata
2901 4643 3115 4698 vestra;
3157 4633 3251 4686 sed
3301 4631 3347 4686 si
3375 4633 3652 4702 exttatnle-

2069 4730 2189 4785 ritis
2239 4742 2454 4790 manus,
2502 4732 2745 4778 avertam
2791 4722 2978 4777 oculos
3035 4737 3208 4787 meos,
3248 4734 3303 4777 et
3355 4723 3397 4777 si
3463 4738 3655 4792 preces

2068 4818 2610 4891 multiplicaveritis,
2678 4830 2785 4870 non
2846 4815 3162 4883 suscipiam.
3227 4814 3438 4884 Ergone
3493 4815 3655 4870 desiit

2066 4929 2188 4970 esse
2237 4911 2501 4980 benignus
2570 4909 2658 4963 bic
2709 4906 3086 4961 universitatis
3146 4907 3323 4975 opifex
3364 4909 3388 4961 ί
3442 4908 3656 4979 Ergone

2066 5008 2268 5063 oblitus
2300 5016 2389 5059 est
2435 5003 2684 5059 misereri
2724 5002 2911 5059 Deus?
2965 5003 3365 5071 Nequaquam,
3424 5001 3597 5073 inquit
3632 5021 3649 5061 :

2082 5117 2202 5159 sum
2234 5099 2406 5163 enim,
2438 5112 2555 5153 sum
2585 5108 2638 5152 et
2664 5082 2955 5163 humanus,
3007 5105 3062 5151 et
3106 5098 3306 5163 bonus,
3360 5103 3416 5151 et
3440 5096 3656 5151 miseri-

2066 5205 2216 5253 cors,
2248 5198 2458 5243 tantum
2512 5203 2617 5242 non
2665 5187 2871 5242 invitus
2902 5196 3155 5242 avertens
3210 5187 3418 5244 oculos.
3460 5186 3654 5244 Manus

2068 5281 2340 5351 siquidem
2402 5290 2602 5336 vestra:
2651 5280 2825 5350 plena:
2868 5290 2996 5334 sunt
3062 5283 3350 5352 sanguine.
3409 5281 3653 5341 Audisne

2071 5391 2195 5431 eum
2251 5373 2466 5429 caeteris
2516 5373 2838 5429 criminibus
2875 5373 3193 5444 praeteritis,
3253 5375 3418 5428 caedis
3474 5372 3653 5428 dicam

2070 5469 2382 5539 impingere
2409 5467 2433 5523 ?
2473 5466 2715 5522 Tametsi
2751 5468 2999 5538 pluribus
3030 5482 3127 5522 eos
3152 5468 3298 5522 vitiis
3340 5466 3651 5536 implicatos

2067 5578 2189 5618 esse
2228 5560 2707 5631 deprehendimus.
2753 5559 2888 5616 Nam
2942 5560 3267 5614 audiverunt
3324 5556 3463 5614 εγω
3510 5557 3657 5628 genti

2071 5655 2351 5725 improbae,
2416 5652 2614 5723 populo
2669 5652 2818 5710 vitiis
2850 5661 3093 5717 onusto,
3144 5650 3339 5707 semini
3384 5648 3654 5717 maleﬁco,
