4100 6478
488 375 559 432 89
1486 367 1545 422 S.
1585 366 1860 423 CYRlLLl
1901 364 2371 422 ALEXANDRINI
2409 365 2728 420 ARCIIIEP.
3689 374 3754 427 it)

488 487 611 543 ﬁliis
647 483 891 556 perditis.
921 480 1054 538 Cum
1108 496 1239 537 vero
1275 482 1440 537 etiam
1464 483 1759 553 prophetas
1814 484 2058 539 trux-ida-

2164 482 2486 554 αἰτιάμασιν
2529 485 2749 554 ἐνόχους
2783 484 2941 548 ὄντας
2980 486 3305 556 εὑρήσομεν.
3348 488 3581 542 Ἤκουον
3624 491 3753 562 γὰρ,

486 580 637 643 rint,
686 576 894 645 ipsique
934 574 1172 637 Christo,
1211 573 1452 628 omnium
1503 585 1748 630 nostrum
1791 575 2067 631 Servatori

486 671 682 739 impias
734 683 927 723 manus
960 668 1246 721 attulerint
1277 684 1293 720 :
1326 667 1452 721 hinc
1481 676 1536 722 et
1559 666 1778 736 quidem
1805 667 1929 737 jure
1972 682 2067 736 op-

488 763 618 815 timo
634 760 1003 830 gravissimam
1023 758 1422 812 accusationem
1437 765 1490 811 et
1505 757 1570 812 ad
1595 757 2062 812 condemnandum

486 852 617 906 satis
643 850 926 918 capitalem
953 847 1329 912 illisintcudit,
1371 847 1559 900 dicens
1584 861 1599 899 :
1632 844 1825 899 Manus
1854 854 2055 897 vestrae

483 943 655 1013 plenae
694 953 820 1011 sunt
862 941 1149 1008 sanguine.
1182 939 1392 993 Avertit
1441 946 1621 992 autem
1669 934 1864 990 faciem
1894 934 2059 997 Deus,

483 1044 538 1088 et
582 1034 763 1095 Pater,
798 1033 901 1102 17
928 1032 1126 1100 quippe
1174 1046 1281 1084 non
1332 1030 1608 1085 sustinens
1645 1027 1829 1082 videre
1874 1038 2063 1079 manus

482 1126 879 1180 homicidarum
929 1124 1020 1177 filii
1045 1125 1123 1177 sui
1150 1121 1414 1188 sanguine
1448 1122 1728 1175 rubentes.

2173 575 2311 628 Οὐαὶ
2354 575 2507 639 ἔθνος
2566 576 2910 647 ἁμαρτωλδν,
2971 577 3099 639 λαὸς
3163 578 3381 649 πλήρης
3447 582 3751 652 ἁμαρτιῶν,

2172 664 2393 737 σπέρμα
2430 669 2686 740 πονηρὸν,
2719 670 2826 721 υἱοὶ
2850 670 3059 739 ἄνομοι.
3102 670 3316 741 Ἐπειδὴ
3341 671 3396 724 δὲ
3422 673 3752 728 ἀπεκτόνασι

2167 757 2297 819 τοὺς
2345 758 2651 829 προφήτας,
2694 760 2788 812 καὶ
2842 761 2991 830 αὐτῷ
3030 760 3128 824 τὰς
3174 763 3424 827 ἀνοσίους
3476 766 3753 835 ἐπήγαγον

2168 847 2357 915 χεῖρας
2398 846 2476 916 τῷ
2513 852 2728 901 πάντων
2760 849 2918 919 ἡμῶν
2958 853 3164 923 σωτῆρι
3198 855 3418 924 Χριστῷ
3438 895 3451 914 ,
3484 855 3652 927 ταύτῃ
3670 873 3751 908 τοι

2168 937 2260 988 καὶ
2288 937 2431 1006 μάλα
2461 939 2686 1003 εἰκότως
2713 941 2773 993 τὸ
2798 943 3146 1011 παγχάλεπον
3172 944 3440 1016 ἔγκλημα,
3468 947 3559 1000 καὶ
3582 948 3641 1000 τὸ
3671 950 3747 1010 είς

2172 1026 2355 1078 πᾶσαν
2402 1027 2727 1098 κατάκρισιν
2769 1029 2973 1101 ἀρκοῦν
3017 1033 3199 1096 αὐτοῖς
3242 1034 3511 1103 ἐπιφέρει,
3553 1033 3770 1109 λέγων,

2166 1116 2234 1166 At
2259 1118 2439 1187 χεῖρες
2480 1118 2634 1187 ὑμῶν
2678 1120 2909 1190 αἵματος
2941 1121 3188 1192 πλήρεις.
3232 1123 3663 1193 ’Δποστρὲιρειδὲ
3692 1126 3751 1179 τὸ

482 1226 771 1288 πρόσωπον
797 1218 825 1270 6
846 1214 978 1280 Θεὸς
1002 1218 1098 1270 καὶ
1125 1215 1336 1307 Πατὴρ,
1362 1215 1437 1277 ὡς
1462 1213 1592 1284 ὁρᾷν
1616 1210 1715 1265 οῦκ
1770 1207 2096 1279 ἀνεχόμενος
2133 1201 2212 1276 τῷ
2257 1206 2448 1277 αἵματι
2485 1209 2578 1262 τοῦ
2615 1209 2747 1269 Υἱοῦ
2812 1214 3236 1284 πεφοινιγμένας
3270 1214 3349 1268 ἔτι
3376 1214 3485 1269 τῶν
3529 1225 3750 1286 μιαιφο-

481 1325 588 1362 νων
616 1310 712 1372 τὰς
732 1310 940 1379 χεῖρας.

553 1402 715 1455 Vens.
756 1401 842 1454 16.
873 1398 1171 1464 ιαυσηιίηί,
1211 1397 1599 1451 mundiulote.

557 1492 801 1548 Pcccatis
838 1492 889 1544 in
929 1489 1247 1545 memoriam
1278 1489 1574 1551 revocatis,
1603 1501 1699 1542 eos
1726 1484 2060 1554 despondere

484 1585 725 1638 animum
760 1597 866 1635 non
902 1581 1052 1643 sinit,
1095 1580 1188 1633 sed
1222 1579 1451 1649 gratiam
1483 1593 1549 1632 ex
1584 1577 1821 1633 bonitate
1850 1585 1905 1631 et
1948 1575 2061 1631 cle-

485 1676 682 1730 mentia
733 1671 1026 1741 profectam
1071 1671 1454 1739 percommode
1494 1669 1676 1737 infert,
1714 1682 1814 1724 nec
1848 1666 2063 1722 fraudat

483 1782 576 1820 cos
605 1762 890 1826 beneﬁcio,
928 1762 1070 1831 quod
1106 1777 1204 1832 per
1225 1761 1504 1816 Christum
1529 1762 1781 1815 omnibus
1807 1774 1906 1828 per
1940 1756 2058 1811 uui-

480 1871 697 1911 versum
743 1867 1012 1908 terrarum
1053 1853 1241 1907 orbem
1272 1860 1359 1907 est
1406 1853 1765 1921 propositum.
1812 1869 1832 1902 ι
1866 1848 2065 1905 Omnes

483 1950 626 2004 enim
674 1948 1113 2009 declinaverunt,
1155 1945 1317 2000 simul
1352 1946 1570 2000 inutiles
1610 1944 1737 1999 facti
1780 1952 1905 1999 sunt
1936 1942 2000 1995 ⁸³.
2040 1960 2059 1991 ι

482 2040 552 2095 Et
589 2040 855 2093 obnoxius
908 2036 1082 2092 factus
1123 2046 1209 2090 est
1249 2040 1480 2090 mundus
1529 2039 1655 2101 Dco,
1712 2037 1834 2105 quia
1878 2043 2065 2105 gentes

480 2119 789 2188 creaturam
818 2130 1122 2194 coluerunt,
1167 2128 1424 2182 Israelita:
1462 2128 1641 2199 legem
1686 2127 1789 2182 sibi
1823 2138 1921 2195 per
1952 2124 2067 2179 Mo-

482 2239 593 2280 sem
647 2223 827 2276 datam
893 2222 1188 2274 violarunt.
1243 2220 1514 2275 Caeterum
1567 2221 1820 2289 gentibus
1885 2222 2062 2277 illuxit

480 2314 751 2378 Christus,
779 2324 833 2369 et
877 2314 945 2367 ad
989 2314 1288 2368 mirabilem
1315 2315 1434 2384 ejus
1478 2314 1653 2368 lucem
1677 2324 1883 2369 vocatae
1916 2322 2063 2382 sunt,

479 2418 536 2464 et
575 2410 664 2477 qui
713 2422 816 2461 non
850 2406 1077 2476 populus
1114 2408 1424 2474 quondam,
1477 2405 1605 2460 facti
1646 2414 1772 2460 sunt
1807 2406 2055 2475 populus.

479 2496 647 2551 Judaei
678 2508 857 2549 autem
911 2494 1094 2548 miseri
1146 2495 1198 2547 in
1232 2495 1408 2563 ipsum
1453 2494 1773 2548 debacchati
1822 2502 1968 2558 sunt,
2012 2502 2066 2547 ct

479 2586 785 2655 Principem
815 2587 938 2638 vitae
978 2586 1093 2637 neci
1125 2585 1387 2638 dederunt
1420 2584 1603 2653 impie,
1628 2584 1844 2639 etiamsi
1874 2597 2065 2639 rursus

478 2686 539 2731 ut
572 2677 710 2730 Deus
757 2676 972 2729 revixit.
998 2673 1139 2740 Quia
1172 2689 1301 2727 vero
1333 2675 1503 2727 bonus
1532 2682 1636 2736 est,
1667 2683 1721 2728 et
1740 2689 1931 2729 omnes
1964 2675 2062 2727 ho-

478 2767 655 2821 mines
686 2765 888 2819 servari
925 2764 1061 2827 vult,
1106 2772 1162 2816 et
1210 2763 1276 2815 ad
1320 2764 1651 2832 agnitionem
1681 2764 1930 2817 veritatis
1967 2777 2064 2816 ve-

479 2857 621 2922 nire,
658 2857 870 2925 illisque
897 2859 1034 2908 adeo
1059 2854 1196 2907 viam
1220 2854 1411 2908 salutis
1434 2851 1781 2921 patefacere:
1811 2868 1905 2909 eos
1931 2869 2064 2923 quo-

480 2963 588 3019 que
619 2949 775 3017 jubet
807 2954 1026 3015 peccata
1050 2944 1304 3013 abjicere,
1326 2945 1650 3013 justilicatos
1672 2944 1841 3012 gratis
1869 2956 1926 2999 et
1955 2960 2061 2999 non

478 3052 550 3093 ex
581 3037 835 3107 Operibus
875 3035 1027 3104 legis,
1072 3036 1183 3089 imo
1223 3035 1394 3103 magis
1433 3049 1527 3104 per
1557 3034 1716 3088 fidem
1759 3045 1815 3088 et
1843 3049 2061 3088 sacrum

2233 1389 2576 1455 Λούσασθε,
2604 1390 2853 1459 καθαροί
2882 1392 3145 1460 γίνεσθε.

2235 1480 2406 1534 Πάλιν
2442 1482 2639 1545 αὐτοὺς
2678 1483 2758 1545 είς
2785 1483 3092 1553 ἀνάμνησιν
3118 1484 3227 1539 τῶν
3260 1486 3617 1558 ἠσεϐημένων
3646 1492 3745 1545 αύ-

2161 1573 2277 1635 τοϊς
2329 1571 2572 1639 ἐνεγκὼν
2624 1572 3025 1641 ἀπογινώσκειν
3066 1577 3167 1628 οὐκ
3221 1578 3303 1646 es.
3360 1578 3641 1651 Ἐπιφέρει
3689 1583 3745 1635 δὲ

2164 1662 2455 1733 χρησίμως
2476 1664 2576 1736 τὴν
2598 1663 2658 1730 ἐξ
2686 1666 3023 1736 ἡμερότητος
3052 1669 3209 1738 χάριν
3257 1670 3364 1723 Καὶ
3389 1672 3489 1725 οὐκ
3511 1672 3746 1745 ἐξείργει

2097 1791 2137 1846 Β
2163 1754 2265 1824 τῆς
2296 1756 2506 1826 δωρεᾶς
2547 1755 2651 1822 τῆς
2691 1757 3049 1829 προτεθείσης
3082 1760 3168 1813 διὰ
3212 1762 3447 1833 Χριστοῦ
3485 1768 3598 1828 τοῖς
3643 1767 3746 1819 άνὰ

2168 1847 2347 1900 πᾶσαν
2395 1849 2495 1918 τὴν
2550 1849 2641 1902 ὑπ’
2689 1850 2936 1919 οὐρανόν.
2989 1870 3007 1903 t
3046 1853 3254 1915 Πάντες
3293 1854 3401 1926 γάρ
3445 1854 3741 1921 ἐξέκλιναν,

2168 1937 2287 2009 ἅμα
2314 1938 2713 2011 ἢχρειώθησαν.
2750 1959 2767 1991 ι
2812 1942 2922 1996 Καὶ
2948 1942 3197 2007 ὑπόδικος
3222 1944 3444 2013 γέγονεν
3482 1947 3510 1999 6
3541 1948 3745 2018 κόσμος

2165 2028 2242 2100 τῷ
2278 2028 2417 2099 Θεῷ,
2452 2028 2560 2082 τῶν
2608 2029 2708 2101 μὲν
2747 2030 2918 2084 ἐθνῶν
2962 2036 3024 2102 τῇ
3068 2035 3238 2086 κτίσει
3288 2036 3742 2107 λελατρευκότων,

2164 2120 2272 2173 τῶν
2298 2138 2361 2188 γε
2386 2121 2490 2192 μὴν
2522 2121 2811 2195 ὲξἹσραὴλ
2832 2124 2922 2177 τὸν
2941 2126 3030 2178 διὰ
3051 2127 3294 2190 Μωσέως
3323 2128 3499 2192 αὐτοῖς
3526 2128 3745 2187 δοθέντα

2165 2209 2630 2280 παραϐεϐηκότων
2679 2212 2861 2282 νόμον.
2905 2212 3041 2265 Ἀλλ’
3076 2214 3387 2284 ἐπέλαμψεν
3432 2218 3461 2269 6
3512 2219 3744 2287 Χριστὸς

2163 2303 2277 2364 τοῖς
2309 2301 2506 2369 ἔθνεσι,
2543 2304 2639 2357 καὶ
2679 2304 2941 2374 κέκληται
2985 2305 3120 2375 πρὸς
3152 2305 3212 2358 τὸ
3243 2306 3550 2377 θαυμαστὸν
3577 2309 3742 2362 αὑτοῦ

2166 2393 2302 2462 φῶς·
2339 2394 2432 2445 καὶ
2454 2395 2483 2447 6
2513 2394 2641 2447 ποτὲ
2670 2397 2730 2447 οῦ
2754 2395 2903 2460 λαὸς,
2939 2397 3192 2465 γεγόνασι
3219 2397 3363 2462 λαός.
3416 2400 3655 2453 Ἰουδαῖοί
3677 2417 3739 2469 γι

2167 2483 2276 2554 μὴν
2329 2484 2379 2536 οἰ
2415 2483 2643 2548 τάλανες
2696 2487 3167 2558 πεπαροινήκασιν
3210 2490 3290 2552 εἰς
3345 2489 3600 2558 Χριστὸν,
3648 2489 3741 2543 καὶ

2164 2575 2409 2646 ἀρχηγὸν
2439 2576 2567 2630 ὄντα
2596 2577 2695 2647 τῆς
2718 2577 2863 2648 ζωῆς
2890 2579 3258 2633 ἀπεκτόνασιν
3292 2581 3542 2645 ἀνοσίως,
3571 2583 3620 2635 εί
3651 2581 3741 2636 καὶ

2164 2667 2364 2722 ἀνεϐίω
2398 2668 2559 2722 πάλιν
2579 2669 2655 2733 ὡς
2680 2670 2833 2731 Θεός.
2876 2669 3091 2741 Ἐπειδὴ
3124 2673 3181 2725 δέ
3216 2674 3364 2726 ἐστιν
3390 2673 3609 2741 ἀγαθὸς,
3648 2675 3743 2728 καὶ

2165 2761 2374 2822 πάντας
2408 2760 2727 2831 ἀνθρώπους
2759 2760 2904 2815 θέλει
2941 2761 3199 2832 σωθῆναι,
3225 2763 3321 2816 καὶ
3346 2765 3424 2826 είς
3451 2764 3742 2832 ἐπίγνωσιν

2165 2850 2423 2922 ἀληθείας
2449 2850 2931 2923 ἐλθεῖν,ἁνευρύνει
2957 2854 3050 2907 καὶ
3087 2854 3249 2918 αὐτὸς
3291 2854 3391 2926 τὴν
3428 2855 3529 2924 τῆς
3565 2873 3741 2928 σωτηη

2166 2942 2290 3014 ρίας
2333 2943 2451 2996 ὁδὸν
2493 2944 2586 2997 καὶ
2613 2944 3013 3015 ἀποκρούεσθαι
3044 2945 3259 2999 κελεύει
3306 2948 3372 3000 τὰ
3398 2947 3739 3018 ἐγκλήματα,

2164 3036 2543 3106 δικαιουμένου
2573 3036 2779 3108 δωρεὰν
2824 3039 2917 3090 καὶ
2945 3040 3045 3092 οὐκ
3083 3040 3142 3105 ἐξ
3167 3039 3343 3109 ἔργων
3370 3043 3553 3111 νόμον.
3591 3043 3745 3095 Μᾶλ-

479 3129 767 3197 baptisma,
803 3127 1028 3196 ideoque
1056 3126 1132 3179 ait
1161 3143 1173 3179 :
1201 3144 1220 3179 t
1255 3125 1553 3193 Lavantini,
1589 3126 1776 3179 mundi
1810 3135 2003 3181 estote.
2037 3144 2056 3177 ι

2164 3126 2254 3180 λον
2288 3127 2346 3179 δὲ
2368 3126 2457 3180 διὰ
2492 3128 2591 3198 τῆς
2622 3129 2876 3193 πίστεως,
2904 3132 2997 3184 καὶ
3029 3131 3123 3185 τοῦ
3154 3132 3309 3202 ἁγίου
3345 3133 3739 3205 βαπτίσματος,

480 3221 634 3288 Quod
664 3230 816 3272 vetus
847 3217 929 3273 lex
972 3216 1137 3272 etiam
1175 3217 1281 3272 illis
1309 3231 1405 3286 per
1432 3219 1653 3271 umbras
1691 3216 1969 3286 ﬁguravit,
2001 3227 2057 3272 et

482 3314 712 3381 gratiam
743 3327 838 3381 per
866 3326 1078 3366 sacrum
1104 3311 1379 3365 lavacrqu
1416 3322 1542 3364 ante
1564 3312 1895 3379 prazdicavit.
1924 3312 2065 3365 Dixit

480 3406 624 3460 enim
658 3404 855 3458 alicubi
902 3404 1042 3457 Deus
1078 3407 1144 3457 ad
1170 3405 1506 3457 sacerdotem
1545 3401 1784 3456 Mosem:
1819 3420 1838 3453 ι
1867 3403 2064 3471 Accipe

481 3499 702 3553 chitas
733 3497 799 3552 de
834 3498 1009 3553 medio
1041 3496 1272 3550 filiorum
1306 3494 1492 3560 Israel,
1521 3507 1572 3551 et
1598 3496 1913 3564 purificahis
1945 3510 2061 3562 eos,

479 3599 536 3646 et
575 3592 653 3645 sic
684 3590 851 3645 facies
884 3591 1014 3658 ipsis
1063 3590 1496 3658 purificationem
1546 3602 1759 3643 eorum.
1798 3590 2063 3659 Asperges

480 3699 575 3739 eos
619 3699 754 3753 aqua
808 3682 1230 3751 purilicatiouis,
1288 3691 1342 3735 et
1399 3681 1749 3751 superveniet
1801 3683 2060 3735 novacula

482 3791 645 3844 super
684 3785 853 3828 totum
882 3790 1078 3843 corpus
1101 3789 1311 3837 eorum,
1341 3783 1395 3826 et
1420 3772 1677 3826 laVabunt
1709 3780 1886 3826 vestes
1910 3788 2060 3835 snas,

482 3881 546 3920 ac
571 3867 751 3919 mutuli
783 3865 1027 3920 erunt“.
1056 3883 1075 3917 ι
1111 3865 1241 3918 Dein
1273 3864 1577 3931 cuiusmodi
1602 3864 1827 3931 sitaqua
1870 3862 2057 3932 purifi-

480 3960 733 4023 catiouis,
778 3957 974 4014 Paulus
1015 3958 1449 4027 sapientissimus
1503 3954 1720 4009 docebit
1768 3956 1916 4009 hisce
1943 3971 2063 4010 ver-

479 4052 565 4109 bis
603 4074 614 4108 :
654 4071 672 4104 t
717 4053 773 4107 Si
805 4054 947 4108 enim
975 4054 1198 4123 sanguis
1229 4052 1507 4107 hircorum
1539 4060 1593 4104 et
1631 4051 1951 4115 vitulorum,
2008 4059 2062 4105 et

480 4142 619 4197 cinis
662 4144 909 4211 juveucae
958 4158 1216 4212 aspersus
1264 4143 1573 4211 inquinatos
1639 4142 1949 4197 sanctificat
1994 4143 2061 4195 ad

480 4238 664 4291 carnis
725 4236 1168 4289 cmundatiouem
1230 4254 1244 4288 :
1309 4244 1513 4304 quanto
1588 4236 1760 4305 magis
1834 4234 2060 4302 sanguis

479 4331 681 4385 Christi
720 4330 800 4381 ⁸⁸2
828 4348 846 4380 ι
874 4331 1139 4395 Quocirca
1179 4329 1452 4383 carnalem
1501 4329 1716 4398 quidem
1751 4328 1836 4383 lcx
1866 4342 2064 4381 emun-

2163 3219 2336 3292 ταύτῃ
2357 3236 2439 3273 τοι
2464 3222 2620 3292 φησί·
2649 3239 2668 3272 ι
2693 3220 2994 3283 Λούσασθε,
3025 3224 3254 3294 καθαροὶ
3273 3225 3549 3291 γένεσθε.»
3575 3225 3743 3280 Τοῦτο

2164 3310 2258 3363 καὶ
2287 3313 2316 3364 6
2353 3309 2520 3366 πάλαι
2545 3310 2710 3381 νόμος
2739 3313 2923 3374 αὐτοῖς
2947 3313 3023 3375 ὡς
3052 3314 3110 3364 ἐν
3139 3316 3317 3376 σκιαῖς
3343 3314 3617 3379 διετύπου,
3649 3314 3743 3368 καὶ

2165 3405 2607 3475 προανεκήρυττε
2636 3406 2736 3474 τὴν
2760 3408 2920 3478 χάριν
2961 3407 3061 3477 τὴν
3098 3406 3187 3461 δῐὰ
3226 3408 3320 3461 τοῦ
3353 3409 3511 3476 ἁγίου
3550 3408 3744 3479 βαπτί-

2166 3514 2390 3567 σματος.
2443 3498 2586 3568 Ἔφη
2618 3500 2727 3571 γάρ
2765 3517 2866 3553 που
2912 3500 3042 3564 Θεὸς
3096 3500 3233 3572 πρὸς
3280 3500 3371 3554 τὸν
3421 3502 3743 3572 ἱεροφάντην

2163 3590 2390 3643 Μωσέα’
2443 3609 2462 3641 4
2501 3590 2646 3643 Λάϐε
2703 3593 2829 3656 τοὺς
2871 3593 3105 3657 Δευῖτας
3147 3595 3211 3646 ὲκ
3252 3594 3419 3664 μέσου
3464 3594 3573 3646 τῶν
3610 3594 3743 3646 υἱῶν

2178 3682 2412 3756 Ἰσραὴλ,
2456 3686 2551 3737 καὶ
2574 3686 2754 3751 ἀγυιεῖ
2785 3687 3004 3750 αὐτοὺς,
3033 3686 3127 3738 καὶ
3154 3684 3327 3747 οὕτως
3366 3688 3614 3755 ποιήσεις
3642 3690 3741 3742 αύ-

2163 3776 2275 3837 τοῖς
2318 3774 2409 3827 τὸν
2446 3774 2710 3843 ἁγνισμὸν
2739 3775 2937 3830 αὐτῶν.
2984 3776 3344 3846 Περιρρανείς
3371 3775 3567 3839 αὐτοὺς
3601 3776 3746 3848 ὕδωρ

2165 3864 2455 3934 ἁγνισμοῦ,
2503 3866 2597 3919 καὶ
2642 3864 2994 3919 ἐπελεύσεται
3038 3865 3201 3937 ξυρὸν
3233 3866 3326 3918 ἐπὶ
3356 3868 3463 3919 πᾶν
3492 3865 3553 3920 τὸ
3584 3867 3744 3938 σῶμα

2162 3958 2363 4011 αὐτῶν.
2398 3959 2508 4011 Καὶ
2535 3958 2795 4013 πλυνοῦσι
2829 3960 2897 4013 τὰ
2931 3960 3121 4029 ἱμάτια
3150 3961 3349 4023 αὐτῶν,
3388 3962 3481 4014 καὶ
3514 3962 3744 4033 καθαροὶ

2164 4052 2399 4104 ἔσονται.
2444 4069 2464 4102 ι
2504 4047 2636 4104 Εἶτα
2663 4053 2815 4107 ποῖον
2844 4053 2963 4106 ἐστὶ
2981 4051 3039 4104 τὸ
3070 4051 3212 4122 ὕδωρ
3243 4052 3337 4105 τοῦ
3373 4053 3637 4122 ἁγνισμοῦ
3668 4053 3744 4108 δι-

2162 4142 2312 4207 δάξει
2342 4141 2514 4211 λέγων
2548 4144 2576 4194 6
2608 4141 2918 4211 σοφώτατος
2948 4141 3181 4205 Παῦλοςο
3222 4161 3239 4194 ι
3287 4142 3347 4195 Εἰ
3379 4144 3486 4213 γὰρ
3512 4144 3572 4196 τὸ
3603 4138 3743 4213 αἷμα

2161 4234 2380 4304 τράγων
2405 4233 2497 4285 καὶ
2529 4232 2763 4303 μόσχων,
2785 4233 2877 4285 καὶ
2900 4232 3094 4295 σποδὸς
3117 4231 3399 4301 δαμάλεως
3423 4235 3744 4302 ῥαντίζουσα

2161 4326 2289 4389 τοὺς
2339 4326 2770 4395 κεκοινωμένους
2818 4323 3032 4393 ἁγιάζει
3077 4325 3213 4397 πρὸς
3248 4325 3346 4394 τὴν
3400 4325 3501 4395 τῆς
3543 4326 3744 4397 σαρκὸς

481 4422 751 4475 datioueut
780 4436 874 4488 per
902 4436 1096 4489 aquam
1125 4422 1522 4489 purificationis
1550 4420 1730 4475 eichit
1761 4438 1776 4475 :
1810 4419 2058 4474 Christus

2164 4419 2529 4488 καθαρότητα,
2563 4419 2714 4487 πόσῳ
2750 4416 2949 4486 μᾶλλον
2990 4417 3051 4470 τὸ
3073 4413 3214 4489 αἷμα
3246 4418 3516 4489 Χριστοῦ;
3546 4437 3565 4471 ι
3600 4419 3742 4473 Οὐκ-

482 4524 662 4565 autem
701 4528 796 4581 per
837 4514 1160 4580 baptismum
1200 4526 1393 4566 omnes
1438 4516 1628 4566 sordes
1669 4512 1836 4564 animi
1876 4512 2058 4563 deter-

481 4603 578 4673 git.
612 4602 873 4669 Bstptizati
913 4604 1056 4655 enim
1096 4617 1282 4657 sumus
1331 4604 1537 4672 Spiritu
1584 4613 1773 4655 sancto
1816 4610 1870 4655 et
1913 4600 2057 4667 igne,

483 4697 576 4763 qni
608 4695 863 4762 eXroquit
895 4708 1056 4749 Omtte
1092 4696 1201 4748 vitii
1230 4711 1398 4766 genus
1433 4697 1483 4748 in
1534 4696 1688 4748 nobis
1723 4703 1778 4747 et
1807 4693 2053 4761 collique-

479 4785 611 4841 facit
635 4787 1054 4855 quodammodo,
1089 4797 1145 4841 et
1188 4800 1245 4841 ut
1274 4787 1521 4840 inutilem
1554 4784 2061 4853 materiam,quasi-

482 4892 585 4947 que
611 4876 934 4946 quisquilias
978 4878 1237 4933 absumit.
1292 4876 1427 4931 Nam
1460 4877 1565 4930 hoc
1614 4875 1755 4941 ignis
1802 4889 1940 4944 opus
1978 4882 2061 4929 est

478 4977 533 5021 et
568 4968 864 5037 proprimn.
902 4966 1129 5023 Planum
1160 4967 1291 5027 facit
1317 4956 1421 5020 hiic
1461 4964 1522 5022 Β.
1551 4965 1773 5031 Paulus,
1820 4966 2007 5021 dicens
2042 4984 2055 5021 :

485 5076 507 5111 ο
547 5058 649 5113 Per
681 5059 839 5114 fidem
861 5060 1127 5114 divinitus
1162 5058 1476 5112 admonitus
1506 5057 1620 5111 Noe
1648 5056 1856 5126 aptavit
1876 5073 2059 5111 arcam

480 5151 537 5206 in
556 5152 782 5206 salutent
802 5152 992 5208 domus
1014 5167 1129 5207 sum
1152 5149 1219 5215 ³⁸,
1250 5167 1270 5201 ι
1310 5150 1359 5201 in
1380 5164 1482 5216 qua
1503 5163 1684 5216 paucae
1714 5149 1815 5205 hoc
1830 5158 1933 5213 est,
1956 5150 2064 5222 18

482 5253 606 5299 octo
631 5244 823 5298 animat
854 5254 1189 5299 conservata:
1217 5250 1345 5296 sunt
1373 5242 1425 5295 in
1452 5256 1591 5310 aqua
1620 5258 1633 5295 :
1664 5259 1684 5293 ι
1714 5240 1868 5311 cujus
1889 5241 2058 5311 ﬁgura

478 5335 806 5403 baptismns,
836 5350 977 5390 nunc
1010 5343 1329 5400 servatnos,
1357 5334 1447 5403 qui
1484 5348 1591 5389 non
1619 5343 1704 5390 est
1729 5335 1910 5389 carnis
1939 5349 2059 5389 sor-

483 5424 631 5480 dium
665 5426 958 5495 depositio,
996 5424 1090 5480 sed
1121 5424 1467 5480 conscientia:
1517 5426 1670 5480 bona:
1708 5425 2058 5497 interrogatio

483 5513 537 5570 in
571 5517 739 5571 lieum
767 5516 834 5569 ⁸⁷.
868 5533 888 5567 ι
921 5515 1074 5583 Quod
1106 5512 1397 5571 Iudaicum
1440 5518 1694 5587 populum
1740 5518 1919 5573 facere
1954 5535 2063 5573 mo-

482 5613 617 5672 net,
683 5605 909 5660 dicens:
949 5623 967 5657 ι
1008 5605 1229 5672 Lavate,
1281 5609 1462 5663 tnuudi
1507 5618 1723 5663 estote:
1763 5628 1781 5661 ι
1821 5610 1926 5665 hoc
1951 5622 2057 5676 cst,

556 5785 602 5819 ⁹¹
630 5782 773 5842 Psal.
809 5798 927 5849 vui,
962 5785 1016 5840 5.
1091 5786 1138 5818 ³⁸
1164 5785 1323 5845 Num.
1360 5804 1479 5852 rm,
1510 5788 1541 5840 7
1563 5804 1678 5857 seq.

1785 5790 1830 5822 ³⁸
1863 5788 2027 5845 Hebr.
2059 5804 2135 5857 ιι,
2166 5789 2251 5858 15,
2290 5788 2378 5843 it.
2457 5789 2502 5821 ³⁸
2537 5787 2700 5843 Hebr.
2743 5802 2818 5852 XI,
2853 5786 2901 5840 Τ.

2163 4507 2258 4559 οῦν
2298 4507 2567 4574 σαρκικὴν
2600 4505 2699 4575 μὲν
2726 4506 2753 4557 6
2785 4507 2943 4575 νόμος
2973 4508 3208 4561 ἐποιεῖτο
3230 4508 3328 4578 τὴν
3357 4510 3622 4580 κάθαρσιν
3654 4508 3744 4564 διά

2160 4597 2258 4653 τοῦ
2285 4598 2473 4661 ὓδατος
2491 4596 2587 4651 τοῦ
2622 4596 2909 4666 ἁγνισμοῦ.
2936 4600 3236 4670 Διασμήχει
3260 4599 3314 4651 δὲ
3342 4604 3369 4655 6
3397 4601 3627 4674 Χριστὸς
3655 4601 3744 4657 διὰ

2161 4690 2257 4744 τοῦ
2286 4691 2441 4758 ἁγίου
2477 4690 2853 4762 βαπτίσματος
2909 4692 3087 4744 πάντα
3113 4692 3284 4763 ῥύπον
3311 4694 3341 4762 η
3352 4693 3466 4762 μῶν
3491 4692 3739 4762 ψυχικόν.

2164 4782 2587 4851 Βεϐαπτίσμεθα
2618 4783 2728 4851 γὰρ
2757 4785 2814 4834 ὲν
2842 4784 3115 4853 Πνεύματι
3144 4783 3282 4853 ἁγίῳ
3317 4784 3409 4838 καὶ
3449 4785 3603 4855 πυρὶ,
3635 4784 3743 4837 πᾶν

2164 4870 2305 4938 εἶδος
2333 4874 2431 4945 τῆς
2457 4875 2513 4926 ἐν
2537 4875 2669 4945 ἡμῖν
2690 4872 3022 4944 φαυλότητος
3052 4874 3333 4943 μονονουχὶ
3365 4876 3741 4945 συντήκοντος,

2167 4967 2263 5021 καὶ
2303 4966 2379 5031 ὡς
2433 4968 2703 5037 ἄχρηστον
2741 4966 3088 5030 δαπανῶντός
3121 4983 3242 5019 τινα
3282 4965 3547 5036 συρφετὸν
3589 4965 3739 5034 ῦληνο

2167 5059 2329 5131 ἔργον
2372 5059 2483 5130 γὰρ
2514 5059 2669 5113 τοῦτο
2714 5058 2902 5130 πυρός.
2946 5056 3115 5110 Τοῦτό
3157 5074 3239 5111 τοι
3273 5057 3366 5110 καὶ
3410 5059 3439 5109 6
3472 5057 3743 5126 μακάριος

2168 5153 2380 5218 Παῦλος
2409 5154 2681 5220 διασαφεῖ.
2714 5151 2904 5220 λέγων·
2938 5169 2957 5202 ι
2991 5150 3176 5204 Πίστει
3199 5148 3592 5220 χρηματισθεὶς
3617 5146 3741 5201 Νῶε

2166 5241 2539 5298 κατεσκεύασε
2591 5240 2821 5294 κιϐωτὸν
2874 5241 2953 5303 είς
3000 5238 3272 5309 σωτηρίαν
3318 5236 3411 5290 τοῦ
3448 5238 3597 5290 οῐκου
3642 5234 3741 5288 αὐ-

2163 5334 2282 5397 τοῦ,
2327 5355 2345 5387 ι
2380 5337 2460 5398 είς
2483 5334 2551 5406 ἢν
2582 5334 2781 5400 ὀλίγαι,
2815 5331 2960 5384 τοῦτ’
2991 5330 3158 5395 ἐστιν,
3183 5327 3328 5382 ὀκτὼ
3356 5327 3527 5399 ψυχαὶ
3555 5323 3745 5381 διεσώ-

2162 5426 2339 5496 θησαν
2363 5425 2428 5478 δι’
2451 5423 2661 5487 ὓδατος.
2697 5441 2716 5475 ι
2754 5423 2820 5475 Ὃ
2844 5421 2938 5474 καὶ
2964 5421 3112 5492 ἡμᾶς
3140 5419 3435 5475 ἀντίτυπον
3461 5414 3558 5471 νῦν
3582 5415 3744 5481 σώζει

2172 5517 2476 5589 βάπτισμα,
2509 5519 2570 5571 οὐ
2598 5516 2799 5588 σαρκὸς
2829 5514 3085 5578 ἀπόθεσις
3110 5512 3304 5585 ῥύπου,
3339 5510 3474 5564 ἀλλὰ
3506 5508 3744 5578 συνειδήη

2170 5627 2308 5673 σεως
2336 5608 2546 5678 ἀγαθῆς
2588 5608 2919 5680 ἐπερώτημα
2945 5609 3022 5670 είς
3042 5605 3193 5661 Θεόν.
3227 5624 3245 5655 ι
3279 5605 3344 5657 Ὃ
3371 5602 3433 5675 δὴ
3456 5601 3743 5671 miriﬁci:

2959 5783 3195 5843 "lPetr.
3226 5799 3306 5848 tu,
3332 5780 3425 5843 21.
