4100 6516
379 405 446 463 ιι
1571 396 1641 453 IN
1682 396 1916 454 lSAlAM
1959 399 1985 454 ι

2131 400 2172 457 l.
2215 400 2424 458 ORAT.
2468 401 2509 456 l.
3442 388 3465 404 °
3607 403 3680 459 ta

376 520 604 577 ἑλέσθαι
631 521 768 593 δρᾷν
793 522 908 584 τοῖς
941 519 1212 574 Ἰουδαίων
1240 517 1434 588 δήμοις
1483 518 1865 590 συμϐουλεύει,
1898 521 1985 573 λέ-

2097 521 2301 578 abluite
2352 521 2640 586 maculam,
2690 521 3027 594 justificante
3055 535 3152 577 vos
3193 534 3260 577 ex
3310 519 3597 575 clementia
3628 530 3682 575 et

375 630 513 681 TW‘
564 633 586 667 ι
634 612 943 675 Λούσασθε,
997 611 1230 682 καθαροὶ
1277 611 1522 679 γένεσθε·
1564 630 1582 662 ι
1623 611 1771 666 τοῦτ’
1812 613 1982 676 ἐστιν,

373 701 726 773 ἀπονίψασθε
753 701 855 773 τὴν
887 701 1102 771 κηλῖδα,
1143 699 1480 764 δικαιοῦντος
1507 703 1658 773 ἡμᾶς
1692 702 1750 769 ἐξ
1780 703 1986 774 ήμερόυ

371 813 544 866 τητος
578 794 674 848 καὶ
705 793 1125 864 φιλανθρωπίας
1160 791 1256 846 τοῦ
1285 795 1415 865 παρ’
1446 793 1602 864 ὑμῶν
1628 794 1981 866 ὑϐρισμένου.

372 888 730 958 Εὑρίσκομεν
756 886 828 940 δὲ·
844 887 941 940 καὶ
967 887 1061 940 τὸν
1085 885 1372 940 Θεσπέσιον
1392 886 1598 958 Πέτρον
1625 887 1986 960 ἐπιπλήττον-

375 999 443 1035 τα
468 981 576 1052 μὲν
610 981 799 1044 αὐτοῖς
823 980 902 1044 ὡς
933 979 1264 1033 ἀπεκτονόσι
1297 980 1389 1032 τὸν
1421 979 1522 1052 τῆς
1548 978 1696 1050 ζωῆς
1715 980 1982 1053 ἀρχηγὸν,

373 1074 473 1128 καὶ
503 1074 800 1145 αἰτήσασιν
832 1071 1005 1144 ἄνδρα
1034 1071 1201 1141 φονέα
1229 1071 1559 1144 χαρισθῆναι
1597 1073 1802 1141 αὐτοῖς,
1836 1072 1982 1127 τοῦτ’

374 1164 495 1220 ἔστι
522 1165 618 1220 τὸν
639 1165 935 1238 Βαραϐάμ.
970 1164 1121 1237 Πλὴν
1146 1164 1518 1222 διανίστανται
1546 1165 1683 1238 πρὸς
1707 1166 1990 1236 μετάγνω-

2095 615 2450 684 benignitate,
2492 630 2579 679 eo,
2605 615 2697 685 qui
2748 615 2888 686 apud
2928 629 3024 670 vos
3062 614 3408 670 contumeliis
3455 612 3682 670 allectus

2094 716 2200 766 est.
2253 707 2512 765 Videmus
2554 711 2718 765 etiam
2775 711 3016 767 divinum
3086 710 3308 768 Petrum
3353 727 3450 769 eos
3500 711 3684 767 incre-

2095 813 2244 869 pare,
2275 801 2418 870 quod
2469 801 2592 856 vitae
2647 803 2949 874 principem
3002 803 3396 871 interfecerint,
3444 817 3498 861 et
3537 805 3684 876 quod

2099 888 2463 954 homicidam,
2521 891 2734 947 scilicet
2789 890 3129 958 Barabbam,
3178 893 3280 950 sibi
3337 894 3528 950 donari
3587 908 3684 963 po-

2095 980 2440 1038 stulaverint.
2483 981 2534 1038 ls
2579 992 2758 1040 tamen
2815 985 2980 1040 etiam
3031 987 3235 1041 excitat
3284 985 3350 1040 ad
3409 987 3683 1056 pmniten-

2093 1072 2269 1142 tiam;
2331 1074 2407 1130 ait
2467 1076 2612 1132 enim
2657 1091 2672 1129 :
2717 1094 2737 1130 ι
2783 1077 2849 1132 Et
2900 1093 3082 1143 nunc,
3134 1078 3356 1144 fratres,
3413 1079 3528 1134 scio
3586 1092 3684 1133 vos

2084 1181 2183 1239 per
2213 1167 2573 1239 ignorantiam
2623 1168 2838 1236 fecisse,
2881 1170 3023 1225 sicut
3067 1179 3122 1226 ct
3163 1169 3436 1240 principes
3485 1170 3680 1229 vestri.

376 1275 463 1312 σιν
487 1274 506 1294 ο
537 1258 646 1331 ἔφη
702 1257 814 1330 γάρ
841 1273 855 1287 ·
898 1276 918 1310 ι
951 1259 1065 1312 Καὶ
1104 1255 1221 1324 νῦν,
1261 1257 1502 1328 ἀδελφοὶ,
1542 1254 1661 1314 οῐδα
1711 1259 1794 1314 ὅτι
1846 1258 1985 1316 κατά

2091 1258 2420 1331 Resipiscite
2468 1262 2655 1333 igitur,
2709 1273 2767 1318 et
2820 1262 3129 1334 baptizetur
3175 1263 3549 1334 unusquisque
3590 1278 3686 1318 ve-

374 1350 608 1418 ἇγνοιαν
670 1350 952 1420 ἐπράξατε
1005 1349 1200 1422 ὥσπερ
1245 1351 1344 1404 καὶ
1398 1352 1448 1405 οἱ
1485 1351 1748 1422 ἄρχοντες
1807 1351 1986 1422 ὑμῶν.

373 1445 776 1514 Μετανοήσατε
804 1437 901 1497 οῦν
932 1441 1029 1499 καὶ
1059 1441 1416 1514 βαπτισθήτω
1441 1442 1676 1508 ἕκαστος
1705 1443 1864 1514 ὑμῶν
1893 1444 1991 1502 ἐπὶ

2087 1358 2262 1408 strum
2299 1353 2351 1407 in
2383 1355 2604 1411 nomine
2649 1353 2864 1410 Domini
2895 1355 3064 1411 nostri
3087 1353 3216 1411 Jesu
3250 1355 3476 1423 Christi,
3503 1364 3560 1410 et
3588 1370 3686 1410 ae-

2086 1445 2306 1516 cipietis
2353 1446 2555 1503 donum
2610 1449 2850 1519 Spiritus
2907 1450 3105 1504 sancti.
3137 1448 3308 1507 Vobis
3354 1448 3498 1504 enim
3557 1457 3684 1503 sunt

373 1537 453 1608 τῷ
497 1538 728 1608 ὀνόματι
774 1536 872 1591 τοῦ
920 1537 1131 1609 Κυρίου
1176 1537 1334 1609 ἡμῶν
1382 1537 1558 1610 Ἰησοῦ
1597 1537 1860 1610 Χριστοῦ,
1895 1537 1985 1594 καὶ

2101 1540 2494 1610 promissiones
2513 1552 2570 1600 et
2599 1543 2726 1600 ﬁliis
2757 1544 2953 1601 vestris
2983 1543 3050 1599 ³⁸.
3092 1563 3113 1598 ›

372 1629 616 1702 λήψεσθε
679 1629 779 1700 τὴν
800 1628 1013 1702 δωρεὰν
1041 1629 1136 1683 τοῦ
1193 1630 1350 1700 ἁγίου
1382 1631 1718 1702 Πνεύματος.
1755 1630 1915 1702 Ὑμῖν
1940 1631 2050 1703 γάρ
2076 1631 2215 1686 εἰσιν
2239 1633 2297 1688 αί
2323 1633 2648 1704 ἐπαγγελίαι
2675 1635 2771 1690 καὶ
2800 1637 2912 1700 τοῖς
2938 1636 3150 1701 τέκνοις
3181 1635 3356 1707 ὑμῶν.
3397 1655 3417 1690 ι

457 1722 746 1792 Ἀφέλετε
787 1722 897 1791 τὰς
939 1724 1236 1793 πονηρίας
1269 1723 1390 1778 ἀπὸ
1423 1723 1542 1778 τῶν·
1566 1723 1788 1794 ψυχῶν
1819 1721 1984 1794 ὑμῶν

2161 1725 2326 1782 Vens.
2369 1726 2457 1782 16.
2487 1728 2707 1798 Auferte
2750 1729 2892 1783 mala
2927 1745 2992 1784 ex
3031 1730 3312 1785 animabus
3362 1729 3572 1798 vestris,
3615 1730 3682 1784 ab

372 1814 673 1870 ἀπέναντι
700 1815 824 1870 τῶν
854 1815 1182 1887 ὀφθαλμῶν
1208 1831 1352 1887 μων
1380 1817 1704 1872 παύσασθε
1728 1816 1846 1875 ἀπὸ
1867 1816 1989 1870 τῶν·

370 1905 684 1976 πονηριῶν
714 1903 909 1976 ὑμῶν.

457 1999 707 2070 ’Δπόχρη
741 1998 844 2069 μὲν
865 1995 1002 2070 πρὸς
1035 1996 1296 2068 ἀπόνιψιν
1326 1997 1604 2070 ἁμαρτίας
1635 1996 1696 2052 τὸ
1718 1998 1987 2070 σωτήριον

371 2091 469 2146 καὶ
503 2089 664 2160 ἆγιον
697 2090 1006 2161 βάπτισμα,
1034 2090 1130 2143 καὶ
1157 2090 1258 2161 τὴν
1293 2087 1402 2143 τῶν
1439 2090 1542 2162 ἤδη
1578 2090 1988 2163 προεπταισμέ⁶

369 2201 482 2239 νων
537 2183 837 2255 διασμήχει
893 2180 1108 2254 κηλῖδα.
1145 2179 1362 2254 Χρῆναι
1408 2179 1466 2234 δέ
1506 2199 1649 2252 φημι
1676 2181 1802 2245 τοὺς
1836 2181 1987 2247 ἅπαξ

367 2277 770 2348 ήγιασμένους;
807 2272 1061 2346 καθαράς
1115 2275 1212 2329 καὶ
1250 2271 1541 2346 ἀμώμους,
1581 2274 1658 2338 ὡς
1690 2275 1756 2329 ἂν
1785 2269 1888 2328 οἷοί
1925 2291 1984 2330 τε

368 2366 506 2437 εἷεν,
539 2369 641 2432 τὰς
667 2367 878 2423 ἑαυτῶν
904 2366 1197 2439 φυλάττειν
1235 2364 1416 2436 ψυχὰς
1457 2365 1552 2420 καὶ
1580 2364 1987 2438 διαμεμνῆσθαι

371 2463 478 2534 μὲν
525 2462 623 2515 τοῦ
663 2461 942 2531 λέγοντος·
979 2478 998 2512 ι
1039 2459 1196 2532 Πάσῃ
1237 2458 1454 2530 φυλακῇ
1500 2453 1663 2532 τήρει
1708 2459 1810 2531 σὴν
1850 2476 1988 2532 καρ-

367 2557 512 2611 δίαν.
549 2575 569 2610 ι
596 2557 712 2610 Καὶ
745 2554 935 2609 πάλιν·
985 2571 1004 2606 ι
1045 2554 1171 2608 Ἐὰν
1193 2551 1414 2623 πνεῦμα
1446 2551 1542 2605 τοῦ
1573 2551 1985 2619 ἐξουσιάζοντος

369 2648 555 2721 ἀναϐῇ
587 2648 687 2702 ἐπὶ
716 2646 801 2712 σὲ,
831 2647 998 2700 τόπον
1029 2662 1123 2699 σου
1148 2644 1222 2716 (1)
1257 2644 1330 2716 μὴ
1361 2645 1528 2714 ἀφῇς,
1550 2644 1631 2697 ὅτι
1656 2642 1794 2715 ἴαμα
1816 2659 1987 2698 κατα-

368 2741 580 2797 παύσει
607 2740 887 2812 ἁμαρτίας
925 2737 1193 2810 μεγάλας.
1234 2756 1252 2790 ι
1279 2736 1538 2790 Πλεῖσται
1567 2734 1668 2807 μὲν
1695 2735 1819 2789 ὅσαι
1849 2733 1987 2806 πρὸς

367 2836 442 2891 τὰ
461 2833 670 2906 αἰσχίω
696 2833 998 2904 βλέπουσαι
1027 2830 1125 2902 τὴν
1156 2827 1251 2886 τοῦ
1279 2828 1570 2900 ἀνθρώπου
1599 2826 1774 2914 ψυχὴν
1812 2843 1986 2882 κατα-

371 2926 620 2983 σείουσιν
672 2925 864 2998 ἡδοναὶ
853 2964 898 2998 _,
935 2923 1034 2978 καὶ
1079 2921 1186 2994 πρό
1219 2938 1284 2992 γε
1323 2921 1431 2974 τῶν
1476 2919 1674 2989 ἄλλων,
1719 2922 1748 2976 6
1785 2921 1844 2976 ὲν
1871 2921 1986 2986 τοῖς

371 3019 573 3094 μέλεσι
609 3019 713 3091 τῆς
741 3016 947 3090 σαρκὸς
979 3014 1223 3088 ἔμφυτός
1250 3031 1312 3070 τε
1342 3015 1436 3071 καὶ
1470 3013 1770 3086 ἀγριαίνων
1798 3012 1980 3085 νόμος

2093 1816 2259 1871 oculis
2292 1820 2463 1886 meis,-
2499 1820 2750 1891 quiescite
2779 1837 2812 1875 a
2841 1820 3056 1876 malitiit
3083 1821 3290 1877 vestris.

2163 1997 2242 2053 Ad
2277 1997 2487 2068 peccati
2527 2011 2762 2068 namque
2815 1996 3152 2053 ablutionem
3192 1994 3391 2053 sutiicit
3435 1995 3680 2052 salutare

2089 2100 2146 2149 et
2183 2105 2402 2148 sacrum
2439 2091 2739 2158 lavacrum,
2786 2089 3159 2160 abstergitque
3207 2089 3550 2160 superiorum
3587 2091 3682 2145 de-

2089 2183 2343 2241 lictorum
2373 2183 2662 2242 maculam.
2688 2184 2792 2252 Qui
2816 2197 2947 2240 vero
2969 2183 3140 2244 semel
3169 2183 3497 2240 sanetitlcati
3527 2191 3678 2246 sunt,

2088 2277 2300 2334 animas
2338 2291 2466 2334 suas
2497 2278 2676 2349 quoad
2725 2274 2842 2346 ejus
2871 2275 2985 2332 ﬁeri
3028 2285 3233 2347 potest,
3269 2289 3437 2345 puras
3480 2284 3537 2330 et
3567 2274 3676 2329 illi-

2086 2368 2243 2444 batas
2276 2383 2500 2426 servare
2544 2377 2797 2440 oportere
2847 2368 2948 2436 ait,
2986 2380 3044 2425 et
3091 2383 3363 2424 memores
3393 2381 3514 2423 esse
3557 2364 3674 2434 ejus

2087 2461 2178 2532 qui
2201 2463 2346 2529 dicit
2375 2479 2390 2517 :
2424 2479 2442 2516 ι
2485 2461 2645 2518 Omni
2678 2461 2924 2519 custodia
2956 2461 3116 2520 'serva
3146 2477 3240 2518 cor
3270 2468 3420 2516 tuum
3447 2459 3516 2518 ³⁹.
3556 2478 3576 2514 ι
3615 2459 3680 2515 Et

2089 2539 2280 2608 rursus
2311 2541 2340 2607 ε’
2373 2570 2392 2604 ι
2445 2551 2504 2608 Si
2547 2553 2777 2624 spiritus
2811 2552 3147 2613 dominantis
3179 2553 3486 2610 ascenderit
3510 2552 3566 2607 in
3601 2561 3674 2617 te,

2087 2662 2184 2703 cer
2219 2655 2368 2702 tuum
2413 2661 2480 2701 ne
2519 2645 2786 2714 dimittas,
2822 2646 2950 2717 quia
2997 2645 3207 2702 medela
3255 2645 3517 2718 reprimet
3548 2659 3678 2715 pec-

2088 2749 2210 2795 cata
2256 2739 2423 2794 multa
2452 2738 2518 2796 "°.
2553 2757 2572 2792 ι
2607 2737 2866 2810 Voluptas
2915 2740 3060 2794 enim
3105 2753 3297 2810 magna
3345 2754 3466 2810 qua;
3511 2739 3676 2795 etiam

2088 2847 2212 2890 cum
2265 2832 2602 2912 turpitudine
2651 2833 2944 2904 conjuncta
2991 2841 3098 2899 est,
3145 2832 3385 2890 hominis
3435 2831 3677 2892 animam

2090 2923 2406 2990 labefactat,
2442 2923 2820 2996 imprimisque
2862 2939 2974 2997 prae
3023 2923 3144 2980 aliis
3188 2923 3273 2980 lex
3314 2922 3366 2979 in
3411 2926 3678 2983 membris

2090 3019 2488 3075 carnisviusita
2526 3028 2580 3074 et
2621 3016 2884 3086 efferata;
2932 3017 3000 3073 ad
3054 3017 3192 3087 hac,
3241 3032 3423 3088 pravae
3467 3017 3677 3092 cegita-

368 3082 498 3168 εἶτα
525 3082 680 3184 πρὸς¹
694 3082 910 3174 τούτοις
935 3082 1281 3180 διαλογισμοὶ
1312 3082 1564 3181 πονηροῖ,
1593 3104 1730 3179 πρὸς
1764 3082 1875 3158 πᾶν
1908 3099 1985 3157 εἱ-

2093 3113 2273 3170 tiones
2320 3113 2374 3169 in
2416 3127 2580 3169 omne
2629 3113 2884 3167 vitiorum
2921 3125 3096 3183 genus
3141 3123 3380 3168 mentem
3432 3120 3674 3168 nostram

369 3207 465 3270 δος
498 3203 840 3276 φαυλότητος
871 3201 973 3256 οὐκ
999 3200 1244 3270 ἀγεννῶς
1273 3195 1796 3275 καταϐροχιξόμενοι
1816 3197 1908 3252 τὸν
1929 3197 1988 3251 ὲν

371 3301 510 3372 ἡμῖν
533 3299 666 3353 ὄντα
693 3296 840 3351 νοῦν.
866 3297 961 3349 Δεῖ
982 3295 1049 3366 δὴ
1071 3289 1164 3349 οὖν
1185 3293 1295 3348 τῶν
1315 3291 1574 3348 τοιούτων
1601 3291 1862 3346 ἁπάντων
1889 3291 1990 3346 ἀπ-

373 3393 598 3467 έχεσθαι
619 3390 809 3446 κακῶν
825 3391 951 3454 τοὺς
978 3387 1472 3462 βεὸαπτισμένους,
1492 3385 1703 3453 καὶτὰς
1721 3384 1989 3458 πονηρίας

373 3486 600 3555 ἀφελεῖν
631 3483 745 3538 ἀπὸ
763 3484 866 3555 τῆς
893 3481 1032 3545 ἰδίας
1050 3479 1250 3551 ψυχῆς·
1280 3478 1375 3533 καὶ
1390 3477 1508 3536 οὔτι
1535 3477 1697 3549 μόνον
1714 3478 1772 3533 ὲν
1787 3477 1988 3548 ὀφθαλ-

376 3582 499 3650 μοῖς
529 3576 862 3649 ἀνθρώπων,
893 3573 1037 3628 ἀλλὰ
1067 3573 1161 3628 καὶ
1191 3573 1248 3626 ὲν
1278 3569 1582 3641 ὀφθαλμοῖς
1615 3569 1854 3642 μάλιστα
1889 3569 1984 3623 τοῦ

373 3671 556 3725 πάντα
577 3667 783 3730 εἰδότος
800 3683 863 3719 τε
884 3665 980 3719 κα)⁸
995 3663 1304 3736 ἐφορῶντος
1325 3661 1482 3718 Θεοῦ.
1518 3661 1986 3717 Ὑποπλάττονται

375 3763 478 3834 μὲν
492 3761 605 3833 γὰρ
618 3760 733 3814 ἐσθ’
744 3761 833 3814 ὅτε
847 3759 907 3812 τὸ
919 3753 1062 3813 εἶναι
1077 3756 1328 3830 χρηστοὶ,
1342 3755 1438 3811 καὶ
1452 3754 1552 3828 τὴν
1567 3754 1667 3826 τῆς
1683 3752 1986 3819 ἐπιεικείας

370 3855 597 3927 δόκησιν
621 3851 1127 3925 παρακλέπτοντες,
1154 3848 1358 3903 ἔσωθεν
1385 3847 1442 3902 δέ
1470 3849 1609 3902 εἰσιν
1635 3846 1793 3901 λύκοι
1815 3846 1986 3918 ἅρπα-

371 3965 490 4018 γες,
527 3946 676 4002 κατά
705 3945 769 3999 τὸ
805 3942 1216 4016 γεγραμμένον.
1247 3941 1359 3995 Καὶ
1393 3941 1524 4013 περὶ
1553 3941 1776 4007 παντὸς,
1807 3937 1982 4012 οἶμαι,

370 4039 620 4095 τοιούτου
642 4038 736 4092 τὸν
757 4037 870 4092 τῶν
890 4037 1029 4090 ὅλων
1049 4034 1204 4099 Θεὸν.
1229 4032 1318 4090 διὰ
1340 4033 1525 4104 φωνῆς
1553 4032 1820 4105 Ἱερεμίου
1851 4049 1992 4102 προο

371 4134 550 4205 φήτου
573 4132 779 4201 λέγειν·
814 4149 834 4182 ι
860 4128 954 4200 Τῷ
978 4127 1208 4199 στόματι
1230 4125 1398 4182 αὑτοῦ
1419 4125 1573 4179 λαλεῖ
1592 4123 1866 4198 εἰρηνικὰ,
1890 4124 1987 4179 καὶ

371 4227 430 4279 ὲν
461 4224 644 4296 ἑαυτῷ
677 4223 791 4293 ἔχει
815 4221 917 4294 τὴν
948 4220 1170 4291 ἔχθραν.
1201 4239 1218 4272 ι
1272 4219 1383 4273 Καὶ
1419 4218 1527 4290 μὴν
1557 4217 1652 4270 καὶ
1678 4215 1863 4287 φωνῆς
1886 4212 1984 4268 τοῦ

371 4320 541 4375 Δαδίδ
561 4336 574 4349 ·
640 4336 660 4369 ι
696 4314 1121 4385 Ἡπαλύνθησαν
1145 4313 1195 4366 οἱ
1218 4312 1366 4382 λόγοι
1391 4312 1573 4367 αὐτῶν
1600 4310 1740 4380 ὑπὲρ
1780 4309 1983 4376 ἔλαιον,

373 4411 468 4464 καὶ
496 4409 656 4464 αὐτοί
682 4410 790 4462 είσι
821 4406 1050 4478 βολίδες.
1074 4425 1092 4457 ι
1147 4404 1287 4458 Ἀλλ’
1317 4405 1368 4456 εί
1397 4403 1492 4460 καὶ
1522 4402 1708 4455 πᾶσαν
1745 4403 1985 4454 ποιοῖντο

373 4503 616 4574 σπουδὴν
647 4503 730 4566 εἷς
765 4518 830 4571 γε
860 4499 924 4554 τὸ
958 4500 1070 4554 δεῖν
1101 4497 1363 4552 δύνασθαι
1397 4494 1604 4558 λαθεῖν,
1637 4495 1666 4547 ὁ
1708 4492 1978 4548 κατοικῶν

369 4603 428 4653 ὲν
466 4599 728 4672 οὐρανοῖς
775 4593 1138 4665 ἐκγελάσεται
1189 4591 1412 4654 αὐτοὺς,
1460 4587 1557 4643 καὶ
1581 4589 1610 4641 6
1638 4585 1845 4659 Κύριος
1883 4587 1979 4641 ὲκ-

369 4692 676 4763 μυκτηριεῖ
702 4689 920 4752 αὐτούς.
959 4681 1112 4741 Οἶδεν
1142 4683 1272 4754 γὰρ,
1311 4677 1454 4736 οἶδεν
1504 4681 1737 4754 καρδίαν
1766 4680 1860 4735 καὶ
1887 4697 1978 4734 νε-

369 4783 569 4855 φρούς.
601 4783 660 4836 Ὀ
681 4782 741 4836 δὲ
770 4779 990 4850 ἀληθῶς
1017 4776 1221 4848 ἀγαθὸς
1242 4773 1482 4838 τοιοῦτος
1507 4773 1661 4827 ἔσται
1688 4772 1826 4845 μετά
1845 4770 1980 4826 Θεοῦ

368 4876 470 4928 καὶ
497 4871 830 4944 ἀνθρώπων,
855 4871 932 4932 ὡς
955 4867 1064 4939 γὰρ
1091 4869 1120 4922 6
1139 4865 1354 4929 Παῦλος
1376 4865 1539 4936 φησιν
1555 4881 1568 4896 ο
1603 4881 1624 4916 ι
1644 4861 1983 4935 Προνοούμε-

369 4984 452 5020 νοι
481 4965 628 5024 καλὰ
668 4963 902 5020 ἐνώπιον
933 4961 1163 5034 Κυρίου,
1213 4959 1350 5014 ἀλλά
1387 4962 1481 5013 καὶ
1504 4957 1736 5013 ἐνώπιον
1765 4955 1981 5028 ἀνθρώ-

368 5077 513 5114 πων.
537 5078 556 5110 ι
595 5058 761 5126 Μέγα
791 5056 973 5110 τοίνυν
995 5055 1057 5108 τὸ
1083 5052 1278 5126 ἐξᾶραι
1305 5052 1405 5116 τὰς
1426 5049 1692 5123 πονηρίας
1721 5050 1982 5105 ἀπέναντι

367 5155 480 5223 τῶν
513 5151 817 5222 ὀφθαλμῶν
849 5148 944 5204 τοῦ
988 5146 1146 5202 Θεοῦ.
1184 5146 1296 5200 Καὶ
1319 5145 1463 5216 τάχα
1502 5161 1606 5198 που
1633 5141 1872 5205 τοιοῦτός
1899 5157 1984 5204 τις

367 5241 438 5317 ἦν
488 5248 518 5300 6
566 5243 885 5316 Ναθαναὴλ,
947 5241 1077 5315 περὶ
1124 5232 1188 5294 οῦ
1229 5255 1396 5310 φησιν
1439 5239 1468 5291 6
1513 5236 1783 5310 Χριστός·
1828 5252 1847 5288 ι
1876 5233 1983 5288 Ἴδε

369 5335 594 5409 ἀληθῶς
610 5335 974 5409 Ἰσραηλίτης,
1000 5324 1121 5402 ὲνῷ
1145 5331 1294 5397 δόλος
1309 5331 1411 5385 οὐκ
1431 5329 1598 5385 ἔστιν.
1629 5348 1646 5383 ι
1673 5327 1987 5394 Παύσασθε,

370 5431 562 5501 φησιν,
619 5429 734 5485 ἀπὸ
779 5428 890 5482 τῶν
926 5425 1204 5497 πονηριῶν
1236 5423 1417 5497 ὑμῶν,
1461 5423 1608 5480 τοῦτ’
1634 5410 1772 5492 ἐστι,
1814 5440 1989 5478 κατα-

370 5523 596 5577 λείπετε
625 5523 729 5593 τῆς
752 5521 1055 5594 συντρόφου
1085 5536 1147 5575 τε
1171 5520 1304 5592 ὑμῖν
1330 5519 1426 5575 καὶ
1450 5516 1735 5591 έντριδοῦς
1765 5519 1990 5587 δυστρο-

353 5617 530 5697 πίας,
566 5618 949 5688 μεταστήσατε
981 5616 1119 5687 πρὸς
1148 5614 1218 5669 τὰ
1238 5613 1449 5686 ἀμείνω
1478 5613 1579 5684 τὴν
1612 5609 1823 5665 ἑαυτῶν
1856 5609 1986 5662 δυσ-

441 5739 491 5772 ³⁸
517 5739 645 5795 Act.
695 5756 777 5805 ιιι,
823 5740 928 5805 l7;
965 5755 1029 5802 ιι.
1073 5739 1186 5806 58,
1222 5737 1310 5793 59.
1423 5737 1469 5770 ³³
1509 5735 1672 5806 Prov.
1703 5749 1787 5796 tv,
1834 5731 1927 5806 ἓξ.

353 5793 416 5866 ξδ’
451 5793 866 5876 Ρεαιξνιινῖῖἶ.
912 5793 990 5842 ”⁶³
1016 5793 1186 5867 Rom:
1215 5825 1316 5876 ιιι,
1357 5811 1446 5864 t7.
1522 5807 1567 5837 ⁸⁸
1607 5793 1780 5860 Ιοιιιι.
1816 5817 1855 5869 t,
1886 5801 1976 5858 47.

441 5903 531 5976 (Ι)
556 5901 892 5959 Humfrcdus
920 5903 1050 5974 legit
1085 5903 1318 5975 καρδίαν
1350 5920 1468 5959 σου.

739 6001 1022 6060 Panos.
1072 6001 1190 6060 (in.
1240 6000 1442 6060 LXX.

2036 5731 2084 5762 ‘°
2119 5732 2270 5789 Eccl.
2303 5748 2358 5801 κ,
2389 5733 2443 5789 4.

2088 3207 2249 3278 plane
2280 3207 2679 3279 demergentes.
2731 3206 3042 3276 Baptizatos
3075 3206 3238 3277 igitur
3264 3215 3478 3276 oportet
3511 3206 3579 3262 ab
3609 3205 3677 3262 il.

2089 3298 2344 3356 liusmodi
2394 3299 2692 3356 sceleribus
2751 3299 3006 3356 omnibus
3056 3299 3374 3356 desistere:
3435 3315 3536 3357 nec
3583 3313 3676 3354 so-

2088 3391 2202 3448 lum
2234 3391 2412 3448 abhis
2435 3391 2683 3462 partibus
2710 3405 2832 3462 quae
2853 3399 3074 3448 exstant
3102 3399 3158 3448 et
3183 3391 3236 3447 in
3257 3399 3552 3462 conspectu
3581 3406 3678 3463 po-

2089 3484 2210 3541 sita:
2258 3493 2409 3549 Sunt,
2451 3484 2547 3541 sed
2587 3491 2643 3540 et
2685 3483 2754 3539 ab
2786 3483 2967 3538 anima
3009 3497 3105 3539 sua
3152 3482 3452 3553 nequitiam
3491 3497 3676 3538 remo-

2089 3591 2216 3632 vere
2251 3589 2266 3630 :
2305 3575 2540 3632 maxime
2570 3591 2695 3632 cum
2731 3575 2911 3631 videat
2937 3575 3080 3632 Deus
3106 3583 3162 3630 et
3185 3574 3442 3647 inspiciat
3466 3576 3675 3631 omnia.

2089 3667 2363 3724 Simulum
2388 3669 2592 3724 etenim
2633 3682 3026 3739 nonnunquam
3058 3667 3256 3734 bonos,
3293 3674 3348 3723 et
3386 3667 3676 3739 probitatis

2088 3762 2402 3832 Opinionem
2435 3770 2778 3833 aucupanlur
2826 3769 2880 3816 et
2917 3760 3070 3831 quasi
3119 3755 3479 3828 suffurantur,
3524 3759 3675 3814 intus

2088 3865 2211 3906 cum
2240 3851 2350 3905 sint
2378 3850 2486 3922 lupi
2520 3865 2766 3921 rapaces,
2801 3851 3098 3906 secundum
3127 3849 3184 3904 id
3227 3849 3370 3919 quod
3405 3849 3671 3920 scriptum

2087 3951 2172 3998 est
2225 3941 2293 3997 “.
2346 3941 2423 3996 De
2472 3941 2668 4014 quibus
2718 3943 2972 3996 omnibus
3021 3942 3259 3997 arbitror
3301 3940 3677 3996 universitatis

2087 4035 2256 4092 Deum
2288 4050 2422 4092 voce
2455 4035 2704 4091 Jeremiaz
2741 4035 2920 4092 dicere
2949 4051 2961 4088 :
3003 4053 3022 4087 ι
3053 4033 3158 4090 Ore
3184 4050 3282 4090 suo
3316 4033 3554 4104 loquitur
3581 4048 3678 4104 pa-

2087 4127 2266 4194 cifica,
2305 4137 2361 4183 et
2393 4126 2501 4200 ιθ
2533 4129 2674 4198 apud
2714 4141 2835 4182 sese
2873 4126 3037 4182 habet
3066 4127 3252 4184 odium
3278 4127 3348 4183 δ’.
3395 4145 3414 4178 ι
3447 4125 3590 4194 Quin
3623 4134 3678 4183 et

2085 4235 2221 4276 voce
2277 4220 2497 4276 Davidis
2554 4235 2572 4274 :
2634 4237 2653 4271 ι
2701 4217 2889 4275 Molliti
2950 4230 3080 4275 sunt
3143 4233 3426 4276 sermones
3483 4232 3675 4274 eorum

2086 4327 2252 4383 super
2276 4313 2551 4377 oleum,et
2579 4310 2681 4380 ipsi
2722 4321 2850 4366 sunt
2872 4310 3050 4380 jacula
3079 4310 3146 4364 ".
3180 4328 3201 4362 ι
3239 4309 3352 4365 lmo
3383 4319 3679 4380 quantum-

2087 4405 2170 4459 vis
2216 4403 2390 4458 latere
2439 4402 2682 4472 cupiant,
2725 4401 2815 4471 qui
2854 4401 3066 4456 habitat
3124 4401 3178 4456 in
3224 4399 3382 4455 ccelis
3428 4399 3680 4454 irridebit

2087 4509 2185 4551 eos
2243 4505 2299 4549 et
2358 4493 2620 4549 Dominus
2678 4492 3034 4550 subsannabit
3104 4507 3220 4548 eos.
3288 4489 3451 4547 Novit
3529 4490 3680 4546 enim

2089 4586 2200 4654 ille,
2247 4585 2398 4640 novit
2454 4586 2617 4641 corda
2677 4593 2734 4641 et
2799 4600 2978 4641 renes.
3045 4584 3114 4639 At
3171 4584 3262 4654 qui
3315 4598 3444 4640 vere
3503 4583 3682 4640 bonus

2087 4690 2191 4747 est,
2251 4681 2325 4736 ita
2365 4680 2474 4736 erit
2512 4686 2568 4736 et
2619 4681 2762 4753 apud
2819 4681 2986 4736 Deum
3031 4689 3088 4734 et
3131 4679 3272 4751 apud
3316 4677 3586 4744 homines,
3622 4690 3682 4734 ut

2088 4786 2143 4830 et
2177 4774 2313 4830 dicit
2358 4773 2563 4830 Paulus
2609 4791 2623 4828 :
2681 4792 2701 4828 ι
2743 4773 3096 4829 Providentes
3145 4771 3286 4828 bona
3337 4786 3444 4825 non
3505 4770 3680 4825 solum

2089 4883 2275 4924 coram
2307 4866 2564 4932 Domino,
2611 4867 2705 4923 sed
2735 4875 2791 4922 et
2839 4881 3024 4923 coram
3065 4863 3376 4921 hominibus
3411 4862 3478 4920 “.
3506 4881 3526 4915 ι
3565 4861 3683 4916 Ma-

2089 4975 2256 5031 gnum
2307 4959 2492 5029 itaque
2551 4958 2657 5014 hoc
2704 4966 2807 5024 est,
2861 4958 3179 5029 iniquitates
3221 4959 3290 5013 ab
3341 4955 3518 5012 oculis
3585 4953 3682 5009 Dei

2090 5054 2435 5109 submovere.
2464 5051 2653 5124 Qualis
2676 5061 2797 5108 erat
2817 5051 3144 5117 Nathanael,
3169 5051 3236 5107 de
3257 5067 3365 5123 quo
3385 5050 3638 5107 Christus
3664 5065 3681 5101 :

2097 5164 2116 5198 ι
2159 5145 2300 5202 Ecce
2342 5158 2473 5201 vere
2515 5143 2789 5212 Israelita,
2836 5143 2889 5199 in
2931 5158 3041 5214 quo
3089 5142 3247 5198 dolus
3291 5157 3397 5198 non
3432 5150 3516 5196 est
3542 5137 3613 5194 “.
3656 5159 3676 5189 ι

2097 5238 2356 5296 Desistite
2389 5238 2578 5310 igitur,
2610 5238 2809 5309 inquit,
2845 5237 2913 5294 ab
2948 5237 3326 5309 iniquitatibus
3357 5235 3555 5291 vestris
3582 5251 3595 5287 :
3625 5229 3683 5287 id

2091 5341 2198 5400 est,
2229 5331 2466 5390 desinite
2506 5331 2856 5389 committere
2903 5340 3189 5402 peccatum
3224 5330 3368 5400 quod
3396 5327 3680 5383 nobiscum

2090 5441 2196 5480 una
2246 5425 2508 5482 coalescit
2553 5434 2610 5482 et
2652 5425 3000 5491 inhaerescit;
3057 5425 3124 5480 ad
3177 5423 3400 5479 meliora
3444 5435 3541 5476 cor
3590 5408 3716 5472 ve?

2089 5528 2265 5572 strum
2316 5518 2640 5576 convertite.
2675 5517 2829 5586 Quod
2874 5518 2920 5573 si
2964 5518 3081 5574 haec
3123 5516 3375 5574 Christus
3416 5509 3676 5582 Ιοίιιιὶιιιτο

2088 5608 2308 5668 Judaeos
2359 5610 2593 5666 crimine
2653 5626 2968 5677 arcessens,
3022 5610 3198 5680 cogita
3276 5621 3398 5679 quae
3446 5601 3682 5659 fecerint

2546 5732 2590 5765 ’⁵⁸
2626 5732 2820 5789 Matth.
2852 5748 2959 5799 vn,
2997 5731 3083 5786 15.
3191 5729 3239 5760 ⁸⁸
3268 5727 3471 5787 Jerem.
3502 5743 3548 5782 tt
3577 5766 3592 5790 ,
3624 5727 3676 5787 8.

3243 5991 3284 6051 2
