2050 3237
183 230 219 259 l5
772 228 805 256 IN
826 227 943 257 ISAIAM
963 228 983 256 L

1048 228 1068 256 l.
1090 229 1196 257 ORAT.
1217 228 1238 257 Ι.
1803 230 1841 259 46

181 287 229 313 τὸν
243 285 319 318 νοῦν,
338 286 393 313 κᾶν
409 286 476 321 γοῦν
501 286 540 318 εἰς
555 279 644 322 ἀρχὰς
665 285 733 313 ίέναι
747 287 798 322 τῆς
813 286 929 313 ἑκτόπου
944 286 986 313 κα]

1046 287 1163 315 Proinde
1177 293 1242 315 vere
1253 286 1323 314 bona
1340 290 1382 315 est
1397 286 1539 323 disciplina
1554 287 1705 323 Evangelii,
1720 292 1748 317 et
1760 287 1840 318 Chri—

181 332 396 368 βδελυρωτάτης
422 332 583 369 ἐπιθυμίας.
606 332 711 360 Οὐκοῦν
727 333 759 360 τὸ
781 334 863 361 καλὸν
882 333 991 370 ἀληθῶς

180 375 226 411 εἴη
239 376 273 403 ἂν
284 376 315 403 τὸ
331 376 452 412 μάθημα
464 377 495 403 τδ
507 377 696 412 εὐαγγελικὺν,
712 379 760 405 καὶ
771 378 823 414 τῆς
835 379 865 406 ὲν
879 378 991 415 Χριστῷ

181 422 325 454 πολιτείας
339 424 357 459 ἡ
373 423 501 459 δύναμις.
536 423 738 460 Ἐπιφωνητέον
752 424 785 460 δὴ
802 423 851 452 οὖν
868 426 926 457 τοῖς
941 424 989 452 τοῦ

183 467 352 503 γράμματος
366 468 473 503 φίλοις,
491 479 501 495 ι
516 468 625 497 Μάθετε
643 469 726 496 καλὸν
747 471 852 503 ποιεῖν,
871 469 990 506 ἐκζητή-

186 522 250 541 σατε
267 514 396 550 κρίσιν,›
426 515 500 542 τοῦτ’
523 515 592 550 ἔστι,
621 516 652 542 τδ
675 515 779 552 κρίνειν
801 516 900 552 ὀρθῶς.
915 515 989 552 Πρὸς

183 559 239 594 γὰρ
248 560 308 591 τοῖς
321 559 414 592 ἄλλοις
425 560 603 597 ἀτοπήμασιν
620 560 733 595 ἔιπασιν,
756 562 919 598 νενοσήκασι
942 562 990 589 καὶ

180 605 265 632 τοῦτο
289 606 342 641 τῆς
357 607 494 635 Ἰουδαίων
518 608 682 644 συναγωγῆς
702 609 727 635 οἱ
748 608 927 644 καθηγεῖσθαι
941 607 990 635 λα-

181 652 291 688 χόντες,
308 653 340 679 τὸ
356 653 395 689 μὴ
419 653 516 690 ὀρθὰς,
539 654 624 690 φημὶ,
646 654 784 682 ποιεῖσθαι
801 655 850 687 τὰς
869 655 911 690 ἐφ’
927 655 991 682 ἑκά-

182 706 241 733 στῳ
262 698 410 734 πράγματι
427 699 550 735 κρίσεις·
573 699 742 736 ψηφοφορεῖν
763 700 792 727 δὲ
810 700 910 736 μᾶλλον
928 699 988 727 ἀδί-

181 753 253 777 κως.
270 745 319 772 καὶ
333 744 430 781 δώρων
442 746 577 782 ἡττᾶσθαι
591 747 637 774 καὶ
650 747 801 782 χρημάτων
817 747 925 782 ἡδονῆς,
942 745 990 773 καὶ

181 792 242 823 τοῖς
256 790 364 818 ἀδικεῖν
378 790 505 818 ἐθέλουσι
517 792 692 820 καταπωλεῑν
703 792 753 828 τῆς
762 791 867 820 ἑαυτῶν
880 792 988 819 ἀνοσίου

183 836 287 872 βουλῆς
310 835 361 871 τὴν
391 836 512 864 σύνεσιν.
534 838 579 870 Ὠς
606 837 660 874 γὰρ
679 846 762 874 φησιν
784 839 799 865 ό
824 838 988 874 προφήτης,

185 892 196 909 ι
208 883 241 910 Οἱ
268 882 421 918 ἡγούμενοι
443 883 529 919 αὐτῆς
543 883 612 919 μετά
622 883 717 919 δώρων
734 884 851 920 ἔκρινον.
863 893 872 909 ι
892 883 990 918 Ἀναγ-

181 929 252 956 καία
281 927 431 964 τοιγαροῦν
461 930 479 964 ἡ
509 929 623 965 ἐντολὴ,
648 930 697 957 καὶ
721 930 778 962 τοῖς
800 929 989 964 εὐαγγελικῶς

1042 332 1139 359 stianae
1157 332 1338 360 institutionis
1355 333 1442 361 virtus
1467 338 1549 369 atque
1563 333 1693 362 eﬂicacia.
1710 334 1838 364 Claman-

1043 378 1107 405 dum
1121 382 1164 405 est
1186 378 1269 414 igitur
1283 379 1380 406 litterae
1395 380 1564 408 amatoribus
1580 390 1586 408 :
1608 390 1618 408 ι
1632 381 1737 410 Discite
1752 382 1838 411 benc-

1043 423 1146 458 facere,
1160 425 1297 459 exquirite
1308 424 1453 460 judicium,
1474 435 1484 452 ι
1500 426 1616 460 scilicet,
1630 432 1660 455 ut
1675 433 1750 456 recte
1764 425 1855 462 judi-'

1042 470 1120 497 cetis.
1134 470 1203 498 Nam
1217 475 1316 506 praeter
1329 470 1398 499 alias
1415 471 1556 501 foeditates
1567 480 1671 507 omnes,
1686 474 1739 502 hoc
1755 474 1839 502 etiam

1042 517 1138 544 morbo
1163 516 1327 545 laborabant
1347 517 1467 546 Iudaica:
1482 518 1633 555 Synagogte
1648 521 1720 547 nacti
1736 521 1840 556 princi-

1042 565 1147 595 patum,
1171 562 1243 596 quod
1257 567 1332 589 recte
1347 562 1453 590 scilicet
1470 571 1603 599 nusquam
1611 564 1777 600 judicarent,
1789 566 1838 594 sed

1042 603 1145 640 injuste
1159 605 1251 641 potius
1266 605 1373 634 ferrent
1389 607 1523 641 calculos,
1546 613 1574 636 et
1590 616 1734 637 munerum
1754 615 1838 646 atque

1041 649 1177 678 donorum
1204 650 1334 679 illecebra
1354 659 1613 689 corrumperentur,
1630 655 1839 692 volentibusque

1042 695 1147 724 inferre
1158 696 1298 732 injuriam,
1315 699 1399 735 impio
1412 707 1464 728 suo
1477 701 1591 729 consilio
1608 701 1835 738 suﬂragarentur.

1043 742 1078 770 Ut
1101 743 1174 771 enim
1190 745 1322 779 propheta
1349 746 1439 781 inquit
1465 755 1472 774 :
1494 756 1504 773 (
1534 747 1625 776 Duces
1644 749 1704 784 ejus
1726 755 1838 785 propter

1041 797 1155 818 munera
1168 791 1330 826 judicabant
1350 793 1385 821 “.
1409 803 1420 820 ι
1440 793 1602 823 Necessaria
1627 796 1709 831 igitur
1733 805 1837 832 praece-

1041 836 1098 872 ptio
1120 841 1174 870 est,
1191 838 1273 866 etiam
1296 839 1349 873 his,
1365 840 1411 875 qui
1425 841 1583 876 evangelica
1605 843 1719 877 cupiunt
1736 840 1837 877 vivere,

1041 888 1093 908 nec
1111 881 1145 909 ad
1156 881 1292 917 justitiam
1308 883 1424 918 inutilis,
1442 886 1664 921 rectejudicare,
1682 896 1734 916 non
1752 889 1778 917 in
1790 897 1839 918 ex-

1042 928 1128 956 ternis
1147 929 1236 957 solum
1253 929 1345 963 rebus,
1366 931 1420 966 2],
1441 932 1489 959 sed
1504 932 1531 960 in
1546 932 1609 961 aliis
1627 934 1711 962 etiam
1731 943 1791 970 quze
1803 936 1838 964 ad
1869 958 1872 962 ί

181 974 310 1002 ἐθέλουσι
328 974 380 1011 ζῇν
398 975 451 1002 οὐκ
466 975 616 1011 ἀσυντελὴς
632 977 673 1008 είς
686 975 860 1012 δικαιοσύνην
883 976 914 1003 τὺ
928 976 986 1011 κρί-

1042 973 1164 1002 animum
1174 979 1202 1003 et
1218 975 1252 1003 ad
1264 983 1313 1004 eor
1329 981 1455 1011 spectant
1474 986 1482 1005 :
1500 983 1576 1012 puta,
1589 987 1650 1007 cum
1659 981 1731 1009 Deus
1742 982 1837 1010 vitium

180 1031 241 1050 νειν
265 1014 369 1058 ὀρθῶς,
384 1022 436 1049 οὐκ
462 1022 491 1049 ἓν
517 1031 548 1057 γε
573 1023 652 1058 μόνον
675 1024 731 1055 τοῖς
747 1022 799 1055 ἔξω
816 1023 987 1058 πράγμασιν,

179 1069 253 1096 ἀλλὰ
264 1069 314 1096 καὶ
328 1070 387 1101 τοῖς
402 1070 443 1102 είς
455 1069 519 1097 νοῦν
531 1070 579 1096 καὶ
593 1070 720 1105 καρδίαν.
738 1068 800 1097 Οἴον
813 1071 844 1106 δή
858 1070 884 1096 τί
899 1080 970 1106 φημι
981 1079 988 1086 ο

181 1113 250 1141 Θεοῦ
265 1113 318 1150 τὴν
329 1114 489 1150 φαυλότητα
509 1115 722 1150 καταψέγοντος,
738 1116 843 1143 ἐπαινεῖ
858 1116 959 1151 ταύτην
976 1118 989 1143 6

181 1160 319 1192 Σατανᾶς.
345 1161 402 1188 Καὶ
423 1161 438 1188 ό
460 1161 510 1196 μὲν
534 1161 580 1188 τοῦ
607 1162 734 1197 Σωτῆρος
748 1164 822 1198 ἡμᾶς
847 1163 989 1190 ἀναπείθει

181 1206 278 1242 νόμος,
290 1206 456 1242 ἀξιέραστον
465 1206 603 1233 ποιεῖσθαι
615 1206 644 1234 τὸ
655 1207 772 1241 ἀγαθόν·
784 1208 908 1235 ἀνθέλκει
921 1209 989 1244 πρὸς

181 1253 214 1280 τὸ
228 1253 354 1280 ἐναντίον
377 1253 493 1286 ἐκεῖνος.
509 1254 577 1280 Τότε
598 1254 630 1289 δὴ
644 1255 704 1281 τότε
720 1254 817 1290 κριτὴς
834 1254 929 1289 ὥσπερ
946 1255 988 1286 τίς

181 1299 242 1325 ἐστι
260 1299 310 1326 καὶ
322 1298 454 1335 δικαστὴς
467 1300 497 1326 ὲν
510 1300 577 1335 ἡμῖν
590 1301 604 1326 ὁ
619 1300 697 1332 νοῦς·
714 1301 762 1327 καὶ
779 1300 924 1332 ἐπαινέσας
939 1301 988 1335 μὲν

181 1343 213 1371 τὸ
227 1344 344 1379 ἀγαθὸν,
368 1345 416 1371 καὶ
436 1345 504 1372 αὐτὸ
526 1345 557 1371 τὸ
578 1346 677 1381 χρῆναι
698 1347 809 1381 κρατεῖν
830 1346 986 1381 ἀπονέμων,

181 1391 336 1427 ὲξεζήτησε
351 1390 453 1427 κρίσιν.
473 1391 598 1423 Ἐπιδούς
612 1400 643 1426 γε
665 1391 718 1427 μὴν
733 1392 884 1427 φαυλότητι
904 1392 934 1418 τὸ
950 1401 988 1419 νι-

181 1437 247 1473 xiv,
264 1436 318 1470 ἔξω
333 1436 431 1471 γέγονε
453 1436 501 1463 τοῦ
527 1437 631 1473 κρίνειν
649 1437 748 1472 ὀρθῶς,
776 1437 821 1464 καὶ
841 1437 987 1464 ἀκούσεται

180 1483 299 1515 δικαίως
310 1491 318 1499 ⁸
335 1492 345 1510 ‹
357 1483 427 1511 Οὐαὶ
438 1484 463 1510 οἱ
474 1484 600 1518 λέγοντες
614 1484 644 1510 τὸ
660 1484 779 1519 πονηρὸν
793 1484 886 1517 καλὸν,
902 1485 948 1511 κού¹
958 1484 989 1510 τὸ

182 1529 268 1557 καλὸν
286 1532 409 1566 πονηρόν
421 1539 429 1547 ’
449 1530 513 1557 οὐαὶ
528 1531 552 1557 οἱ
567 1530 693 1565 λέγοντες
716 1531 748 1558 τὺ
772 1532 871 1567 πικρὴν
888 1532 986 1566 γλυκὺ,

182 1577 232 1604 καὶ
247 1575 280 1603 τδ
290 1575 379 1611 γλυκὺ
399 1576 517 1612 πικρόν·
537 1578 560 1604 οἱ
573 1577 695 1609 τιθέντες
710 1577 740 1604 τὺ
752 1578 847 1610 σκότος
863 1579 902 1610 εὶς
919 1577 986 1612 φῶς,

181 1623 232 1649 καὶ
246 1622 277 1649 τὺ
294 1623 354 1657 φῶς
365 1623 406 1655 εἰς
421 1624 528 1656 σκότος.
542 1633 551 1650 ι
573 1624 692 1660 Αΰχημα
704 1624 793 1651 τοίνυν
810 1624 987 1658 εὐαγγελικὸν

181 1669 212 1696 τὺ
223 1669 331 1705 κρίνειν
342 1669 443 1705 ὀρθῶς,
459 1670 508 1697 καὶ
523 1671 674 1706 ἐπαμύνειν
688 1671 887 1706 ἀδικουμένοις.
901 1670 987 1696 Τοῦτο

181 1715 250 1752 γὰρ,
261 1713 352 1751 οἴμαι,
362 1715 432 1749 ἐστὶ,
442 1716 483 1750 τὸ,
494 1726 503 1742 ι
515 1717 647 1743 Ῥύσασθε
661 1717 847 1751 ἀδικούμενον.
856 1726 865 1743 ›
876 1717 986 1751 Ἐπιτη-

180 1760 272 1788 δεύειν
286 1761 316 1788 δὲ
326 1761 380 1797 χρὴ
393 1761 462 1797 πρὸς
470 1762 559 1797 τούτῳ
568 1762 602 1795 τῇ,
610 1762 763 1797 συμπαθὲς,
780 1763 826 1788 καὶ
838 1762 867 1788 τὸ
882 1762 985 1797 ἀπροσ-

181 1807 376 1843 ωπόληπτον.ι
386 1808 507 1844 Κρίνατε
513 1809 633 1844 ὀρφανῷ,
641 1819 650 1835 ι
662 1809 754 1844 genam
766 1809 812 1835 καὶ
823 1808 984 1835 δικαιώσατε

180 1854 273 1889 χήραν
284 1860 291 1867 ⁸
305 1853 353 1881 καὶ
363 1853 452 1888 δεῦτε,
471 1854 519 1881 καὶ
532 1854 743 1890 διελεγχθῶμεν,
758 1855 831 1889 λέγει
844 1855 947 1889 Κύριος
960 1863 981 1880 ἰ

179 1899 231 1934 οὐχ
241 1899 281 1931 ὼς
291 1899 451 1935 κρινόμενοι
461 1899 501 1935 τῷ
511 1899 634 1935 Δεσπότῃ
647 1908 653 1932 ;
672 1908 680 1925 ι
693 1899 906 1935 Δικαιωθήσεται
919 1901 983 1935 γὰρ,

180 1946 263 1982 φησὶ,
277 1946 389 1978 πάντως
402 1947 432 1973 ὲν
448 1947 505 1978 τοῖς
519 1946 609 1981 λόγοις
623 1946 716 1979 αὑτοῦ,
735 1947 781 1973 καὶ¹
795 1947 903 1982 νικήσει
923 1955 984 1982 κρι-

179 1992 329 2027 νόμενος.)
351 1992 450 2019 Ἔσται
467 1993 522 2028 γὰρ
548 1992 636 2024 οὐδεὶς
661 1993 716 2019 ἀπὸ
738 1993 825 2028 ῥύπου
851 1994 982 2029 καθαρὸς,

178 2038 240 2065 ἀλλ’
254 2038 318 2065 οὐδὲ
340 2038 511 2074 καυχήσεται
531 2047 573 2070 τις
596 2038 680 2074 ἁγνὴν
698 2038 769 2074 ἔχειν
785 2039 834 2074 τὴν
859 2040 983 2074 καρδίαν,

178 2084 385 2120 διελεγχὸμενοι
415 2085 445 2112 δὲ
471 2084 582 2120 μᾶλλον,
607 2085 654 2111 καὶ
680 2085 761 2112 οἱονε)¹
788 2085 848 2112 καθ’
871 2086 984 2116 ἑαυτοὺς

178 2130 389 2166 δοκιμάζοντες,
412 2131 437 2158 εί
464 2131 502 2167 μὴ
525 2133 575 2167 τῆς
597 2131 672 2163 θείας
690 2132 845 2166 φιλοτιμίας
869 2132 983 2167 μέγεθος

180 2178 250 2205 πολύ
271 2178 303 2205 τέ
330 2178 388 2204 ἐστι
411 2178 459 2204 καὶ
474 2177 647 2213 ἁξιόληπτον.
665 2178 714 2209 Ὦς
733 2186 764 2211 γε
787 2179 801 2204 ὁ
821 2177 902 2211 σοφὸς
917 2179 983 2213 ἡμῖν

179 2225 285 2261 γράφει
308 2224 435 2256 Παῦλος·
459 2234 469 2250 ι
486 2224 543 2251 Ούκ
567 2224 630 2256 ἄξια
655 2223 690 2250 τὰ
706 2224 856 2259 παθήματα
869 2224 914 2250 τοῦ
937 2223 983 2250 νῦν

178 2270 280 2306 καιροῦ
290 2269 362 2306 πρὸς
375 2273 426 2305 τὴν
441 2269 596 2306 μέλλουσαν
609 2269 687 2301 δόξαν
701 2270 929 2305 ἀποκαλυφθῆναι
943 2271 983 2301 εἰς

1042 1020 1165 1054 damnat,
1181 1020 1297 1050 Satanas
1313 1023 1423 1057 laudat;
1451 1032 1513 1051 cum
1534 1025 1576 1053 lex
1599 1026 1753 1055 Servutoris
1772 1036 1837 1056 sua-

1041 1066 1087 1093 det
1104 1067 1203 1095 bonum
1235 1076 1297 1097 esse
1312 1070 1438 1103 amabile,
1455 1071 1500 1099 ille
1516 1072 1600 1100 trahit
1612 1074 1645 1100 ad
1658 1075 1838 1103 contrarium.

1042 1112 1118 1140 Tunc
1134 1114 1159 1141 in
1182 1115 1260 1142 nobis
1273 1123 1350 1143 mens
1363 1116 1445 1144 veluti
1460 1117 1544 1152 judex
1566 1124 1606 1146 est
1628 1125 1655 1147 et
1671 1121 1784 1148 arbiter.
1807 1123 1835 1149 Si

1041 1160 1114 1194 quod
1129 1160 1230 1187 bonum
1244 1166 1285 1188 est
1302 1163 1424 1197 probarit
1437 1184 1444 1197 ,
1467 1165 1547 1199 eique
1574 1166 1728 1200 superiores
1745 1173 1836 1202 partes

1042 1205 1154 1239 tribuat,
1169 1206 1225 1240 jam
1241 1209 1388 1242 quuisivit
1409 1210 1552 1243 judicium.
1572 1212 1619 1239 Sin
1643 1213 1710 1240 vitio
1729 1214 1837 1249 adjudi-

1041 1256 1084 1278 cet
1102 1252 1257 1286 victoriam,
1277 1255 1392 1282 discedit
1418 1261 1474 1283 tum
1501 1265 1515 1284 a
1542 1258 1787 1294 rcctejudicando,
1810 1266 1837 1289 et

1041 1298 1138 1325 merito
1153 1299 1247 1326 audiet
1264 1309 1271 1327 ι
1288 1309 1297 1325 ι
1316 1300 1363 1328 Vae
1379 1301 1421 1329 his
1437 1303 1482 1337 qui
1502 1304 1594 1331 dicunt
1609 1305 1708 1332 malum
1723 1307 1835 1341 bonum,

1040 1348 1067 1370 ct
1093 1344 1193 1372 bonum
1221 1345 1321 1373 malum
1346 1355 1354 1374 ;
1377 1348 1422 1382 qui
1441 1349 1534 1377 dicunt
1559 1358 1683 1378 amarum
1701 1353 1789 1387 dulce,
1810 1361 1838 1381 et

1040 1390 1117 1418 dulce
1132 1398 1256 1419 amarum
1276 1402 1282 1419 :
1300 1394 1346 1427 qui
1365 1398 1474 1422 vertunt
1495 1397 1621 1424 tenebras
1640 1397 1666 1424 in
1692 1398 1790 1432 lucem,
1809 1406 1836 1427 et

1040 1435 1128 1464 lucem
1142 1436 1169 1464 in
1187 1438 1314 1465 tenebras
1335 1438 1368 1465 ⁵⁸.
1387 1449 1397 1465 ι
1417 1439 1508 1468 Gloria
1527 1441 1610 1476 igitur
1625 1449 1652 1469 et
1671 1443 1728 1470 laus
1746 1444 1835 1471 Evan-

1040 1482 1103 1516 gelii
1126 1488 1179 1516 est,
1206 1490 1279 1511 recte
1302 1485 1436 1519 judicare,
1462 1491 1490 1513 et
1506 1493 1652 1521 Oppressus
1680 1490 1835 1520 defendere.

1040 1527 1098 1555 lloc
1126 1529 1197 1555 enim
1211 1548 1218 1562 ,
1241 1530 1348 1564 opinor,
1373 1535 1432 1564 est,
1454 1540 1463 1557 ι
1481 1531 1608 1560 Liberate
1638 1542 1807 1569 oppressum.
1824 1547 1833 1564 ι

1041 1574 1201 1603 Exercenda
1217 1581 1256 1603 est
1276 1581 1408 1611 przcterea
1423 1578 1624 1607 commiseratio
1638 1582 1771 1616 quaedam,
1787 1591 1836 1611 nec

1041 1630 1222 1656 personarum
1237 1628 1378 1657 respectus
1391 1624 1542 1652 habendus.
1557 1625 1781 1663 Patrocinamini,
1795 1631 1836 1656 in-

1041 1669 1111 1703 quit,
1127 1670 1239 1704 pupillo,
1262 1675 1289 1697 et
1301 1671 1389 1698 viduae
1408 1678 1518 1699 causam
1541 1674 1623 1707 agite,
1642 1678 1668 1701 et
1686 1675 1792 1709 adeste,
1809 1682 1836 1705 ct

1042 1716 1222 1751 disputemus,
1239 1716 1307 1744 dicit
1329 1717 1472 1750 Dominus,
1497 1726 1550 1746 non
1576 1721 1653 1754 quasi
1667 1721 1768 1756 judicio
1787 1724 1833 1750 de-

1041 1768 1178 1790 certantes
1196 1771 1257 1791 cum
1281 1764 1418 1792 Domino:
1445 1774 1454 1790 ι
1471 1764 1669 1794 Justificabitur
1688 1768 1760 1796 enim
1776 1778 1834 1796 om—

1042 1810 1107 1836 nino
1132 1810 1159 1836 in
1183 1810 1355 1838 sermonibus
1380 1812 1448 1844 suis,
1465 1816 1492 1839 et
1511 1813 1601 1840 vincet
1625 1821 1686 1841 cum
1701 1815 1836 1850 judieabi-

1042 1861 1085 1883 tur
1101 1855 1136 1883 ⁸³.
1155 1866 1164 1882 ι
1185 1856 1270 1884 Nemo
1287 1858 1388 1893 quippe
1406 1859 1460 1886 erit
1474 1859 1581 1895 integer
1596 1861 1773 1897 sordiumque
1786 1871 1835 1898 pu—

1040 1908 1098 1934 rus,
1115 1902 1162 1929 sed
1190 1910 1278 1937 neque
1301 1902 1461 1938 gloriabitur
1482 1905 1625 1939 quisquam
1650 1908 1779 1934 mundum
1801 1917 1830 1936 se

1041 1947 1143 1975 habere
1172 1955 1245 1975 cor:
1275 1953 1302 1975 at
1321 1948 1410 1983 potius
1441 1956 1586 1984 arguentes
1611 1956 1637 1978 et
1664 1952 1737 1979 velut
1764 1955 1834 1988 apud

1040 1996 1144 2029 seipsos
1162 1994 1318 2030 probantes,
1337 1996 1407 2023 sitne
1435 1997 1591 2032 magnitudo
1609 1998 1707 2026 divinae
1729 2001 1834 2035 magni—

1041 2042 1157 2069 licentiw
1173 2041 1268 2075 multa,
1286 2042 1524 2078 etaniplectenda.
1548 2042 1623 2071 Sicut
1646 2050 1673 2072 et
1688 2045 1765 2073 nobis
1788 2054 1834 2074 sa—

1040 2088 1117 2122 piens
1135 2086 1234 2115 Paulus
1250 2089 1346 2116 scribit
1362 2098 1368 2116 :
1387 2098 1395 2114 ι
1413 2088 1471 2117 Νοιι
1488 2095 1551 2118 sunt
1567 2091 1711 2126 condignae
1728 2094 1833 2127 passio-

1041 2142 1088 2162 nes
1101 2134 1180 2169 hujus
1198 2135 1328 2167 temporis
1343 2136 1375 2162 ad
1395 2136 1514 2165 futuram
1530 2136 1642 2172 gloriam
1658 2145 1718 2171 qua).
1731 2139 1836 2165 revela-

1039 2181 1114 2207 bitur
1127 2181 1152 2206 in
1170 2180 1247 2206 nobis
1265 2179 1297 2205 ⁵³.
1315 2189 1324 2205 ι
1343 2179 1394 2212 Qui
1409 2187 1474 2214 ergo
1495 2187 1510 2206 a
1533 2180 1600 2214 legis
1620 2181 1791 2210 institutione
1807 2190 1835 2211 et

1039 2226 1249 2254 cunversmione
1274 2225 1306 2252 ad
1332 2226 1494 2253 Christianae
1516 2227 1577 2254 vita:
1602 2226 1763 2263 elegantiam
1787 2238 1834 2265 per

1041 2273 1118 2300 tidem
1135 2272 1336 2307 quodammodo
1358 2272 1547 2305 traducuntur,
1574 2273 1615 2301 his
1635 2274 1771 2308 promittit
1790 2284 1833 2303 re-

180 2318 289 2353 ὴμᾶς.«
328 2316 515 2354 ’Υπισχνεῐται
544 2317 689 2353 τοιγαροῦν
717 2318 773 2348 τοῖς
802 2318 834 2344 ὲκ
867 2317 983 2352 νομικῆς

1041 2319 1248 2353 promissionem
1266 2327 1372 2352 eorum,
1392 2319 1417 2346 in
1435 2320 1533 2354 quibus
1549 2320 1605 2354 jam
1628 2325 1693 2348 ante
1709 2322 1834 2350 oll'ende--

177 2364 295 2399 ἀγωγῆς
322 2363 568 2399 μεθορμιζομὲνοις
591 2364 693 2399 τρόπον
719 2363 780 2390 τινὰ
797 2363 841 2390 διὰ
862 2364 912 2398 τῆς
937 2364 983 2390 πί-

1041 2370 1108 2393 runt.
1130 2365 1174 2392 llla
1192 2365 1263 2393 enim
1278 2370 1320 2393 est
1339 2371 1437 2392 nostrae
1456 2366 1512 2400 spei
1536 2367 1675 2400 introitus,
1693 2372 1720 2395 ct
1735 2368 1833 2397 divina:

179 2419 268 2443 στεως
283 2412 324 2443 είς
336 2411 501 2446 ἁστειότητα
518 2411 576 2446 βίου
590 2411 636 2438 τοῦ
653 2411 724 2438 κατὰ
739 2411 867 2446 Χριστὸν,
887 2411 984 2445 ἄφεσιν

1041 2421 1098 2446 erga
1116 2420 1165 2439 nos
1176 2412 1328 2439 clementiae
1344 2412 1480 2447 primitiae,
1498 2416 1526 2439 et
1540 2413 1621 2441 veluti
1634 2413 1716 2447 janua
1733 2421 1765 2442 ac
1777 2415 1831 2442 via.

178 2458 234 2485 τῶν
265 2458 317 2494 ήδη
346 2458 603 2494 προεπταισμένων.
621 2458 694 2494 Αὕτη
718 2458 771 2492 γὰρ
797 2458 877 2493 ἡμῶν
895 2459 911 2492 ἡ
936 2458 985 2492 τῆς

1041 2458 1110 2486 Fidei
1128 2463 1218 2485 autem
1242 2459 1356 2493 gratiam
1382 2466 1443 2485 cum
1460 2459 1501 2486 his
1520 2459 1565 2494 qui
1594 2460 1673 2488 valde
1696 2460 1833 2495 inquinati

177 2503 291 2534 ἐλπίδος
305 2503 429 2538 εἰσϐολὴ.
449 2503 496 2530 καὶ
509 2505 558 2539 τῆς
574 2503 649 2535 θείας
665 2504 705 2534 είς
722 2504 795 2538 ἡμᾶς
815 2504 985 2538 ἡμερότητος

1041 2509 1108 2537 sunt,
1128 2509 1184 2531 tum
1212 2505 1295 2531 etiam
1318 2504 1427 2538 paulum
1451 2505 1547 2532 morbo
1567 2504 1681 2538 allectis,
1710 2507 1777 2535 satis
1797 2509 1831 2535 ad
1853 2544 1857 2553 ⁸

176 2550 305 2586 ἀπαρχὴ,
331 2550 402 2586 θύρα
425 2559 456 2577 τε
473 2550 568 2586 ὥσπερ
585 2550 631 2576 καὶ
656 2550 726 2580 ὁδός.
747 2550 808 2576 ’Ὁτι
824 2550 850 2575 δὲ
866 2550 911 2576 καὶ
927 2551 982 2580 τοῖς

1041 2552 1258 2578 emundationem
1274 2552 1418 2578 valituram
1434 2559 1505 2583 esse,
1525 2553 1604 2580 Iidem
1624 2553 1699 2587 facit,
1712 2554 1806 2582 dicens
1823 2565 1829 2582 :

177 2597 296 2631 εἰσάγαν
323 2596 558 2632 μεμολυσμένοις,
588 2595 677 2622 καίτοι
701 2596 744 2621 ἐπ’
768 2595 879 2622 ἔλαττον
903 2596 982 2622 τοῦτο

1041 2608 1047 2622 ι
1070 2598 1097 2624 Si
1116 2598 1171 2625 sint
1197 2603 1307 2632 peccata
1325 2602 1415 2625 vestra
1436 2603 1465 2625 ut
1491 2606 1621 2633 purpura,
1641 2599 1714 2626 velut
1742 2601 1832 2628 nivem

177 2642 368 2678 νενοσηκόσιν,
393 2642 508 2677 ἀρκέσει
526 2642 595 2677 πρὸς
611 2642 802 2677 ἀποκάθαρσιν
828 2643 844 2676 ἡ
868 2641 911 2668 διὰ
936 2642 979 2667 πίε

1041 2644 1164 2671 inalbabo
1183 2653 1190 2669 ι
1205 2650 1231 2671 et
1243 2644 1265 2671 si
1279 2644 1334 2670 sint
1351 2649 1380 2670 ut
1393 2644 1547 2678 (teet-inuiti,
1565 2645 1641 2679 quasi
1661 2645 1752 2673 lauant
1765 2646 1833 2673 inal-

175 2693 267 2721 οτεως
279 2689 374 2724 χάρις,
389 2687 533 2716 ἀναπείθει
547 2687 634 2722 λέγων
645 2696 651 2702 ·
668 2696 677 2712 ι
695 2688 757 2715 Ἐὰν
774 2685 840 2714 ὦσιν
851 2689 878 2714 αἱ
896 2688 984 2723 ἀμαρ-

1041 2690 1115 2717 habo.
1137 2700 1145 2715 )
1173 2689 1244 2717 Nihil
1275 2690 1347 2716 cnim
1368 2689 1514 2718 dilliculter
1537 2691 1648 2724 eluitur,
1668 2691 1722 2720 Deo
1739 2691 1832 2719 deter--

175 2738 235 2764 τίαι
248 2736 329 2772 ὑμῶν
345 2736 383 2767 ὡς
398 2734 549 2771 φοινικοῦν,
571 2735 608 2766 ὼς
633 2735 710 2770 χιόνα
724 2735 847 2761 λευκανῶ
858 2745 864 2749 -
882 2735 929 2762 ἐὰν
954 2736 982 2761 δὲ

1041 2741 1127 2770 gente.
1145 2736 1378 2768 Quemadmodum
1403 2740 1430 2763 et
1448 2736 1548 2764 Paulus
1566 2738 1604 2764 ait
1623 2746 1629 2764 :
1654 2737 1721 2765 «Ubi
1743 2738 1832 2765 abun-

175 2781 244 2811 ὦσιν
261 2783 301 2814 ὡς
315 2782 454 2815 κόκκινον,
465 2782 503 2814 ὼς
514 2782 587 2817 ἔριον
600 2782 734 2809 λευκανῶ,
754 2792 763 2807 ι
789 2783 981 2809 Δυσέκπλυτον

1041 2782 1112 2809 davit
1133 2787 1286 2816 peccatum,
1313 2782 1545 2817 superabundavit
1567 2787 1595 2809 et
1610 2783 1695 2817 gratia
1709 2783 1743 2810 ⁸⁸.
1769 2793 1778 2809 ι
1801 2784 1833 2811 Et

175 2830 231 2866 γὰρ
258 2829 338 2856 οὐδὲν
358 2829 427 2856 Θεοῦ
455 2829 662 2864 διασμήχοντος.
693 2828 736 2860 Ὠς
762 2829 815 2864 γὰρ
841 2830 854 2855 ὁ
876 2830 981 2861 Παῦλος

1041 2837 1132 2856 rursus
1154 2838 1159 2856 :
1183 2838 1191 2854 ι
1209 2829 1275 2862 Quis
1302 2830 1443 2856 accusabit
1472 2829 1604 2857 adversus
1634 2830 1737 2858 electos
1765 2832 1832 2859 Dei?

175 2877 272 2912 φησιν,
296 2871 354 2902 ιοῦ
373 2875 401 2901 δὲ
420 2875 587 2902 ἐπλεόνασεν
607 2875 623 2909 ἠ
645 2874 777 2910 ἁμαρτία,
797 2875 979 2910 ὑπερεπερίσ-

1041 2871 1164 2910 Deusqu
1179 2876 1321 2911 justilicat,
1334 2877 1396 2910 quis
1412 2881 1453 2903 est
1470 2876 1515 2911 qui
1535 2876 1698 2904 condemnet
1712 2876 1753 2903 δεῖ
1768 2888 1777 2904 ι

177 2933 276 2953 σευσεν
293 2924 310 2959 ἠ
328 2923 418 2960 χάρις.
445 2925 501 2951 Καὶ
523 2923 620 2950 πάλιν·
644 2933 653 2948 ι
666 2923 713 2955 Τίς
730 2923 872 2957 ἐγκαλέσει
900 2925 969 2959 μετὰ
989 2925 1123 2952 ἐκλεκτῶν
1140 2924 1207 2951 Θειῦ
1220 2934 1226 2957 ;
1240 2924 1305 2956 Θεὺς
1321 2925 1334 2950 ὁ
1349 2923 1473 2958 δικαιῶν,
1493 2923 1534 2955 τίς
1550 2925 1564 2950 ὁ
1584 2924 1756 2960 κατακρίνων
1769 2934 1792 2957 ;›

215 2983 238 2999 ¹¹
259 2982 415 3018 lsa.v,23.
453 2983 477 2998 "
492 2982 543 3011 lsa.
566 2990 592 3016 v,
610 2981 656 3009 ΞΟ.
695 2983 718 2997 ⁵³
736 2981 806 3010 Psal.
832 2991 856 3015 L,
881 2983 905 3009 ti.
947 2983 967 2998 "'

1041 2992 1067 3011 n.
1094 2992 1150 3018 rm,
1172 2984 1212 3011 18.
1253 2985 1274 2999 ⁵⁵
1292 2984 1369 3012 Rom.
1393 2991 1419 3017 ν,
1441 2983 1485 3010 20.
1508 2984 1530 3000 ⁸⁸
1547 2983 1626 3011 Ιιοιη.
1648 2991 1706 3018 vni,
1725 2983 1830 3016 55,5‘.

0 3207 174 3228 ~-»--=aa.-.,.
181 3222 183 3224 ,
