4100 6476
439 445 504 496 Η
1455 423 1510 477 S.
1554 418 1833 477 CYRILLI
1875 410 2352 471 ALEXANDRINI
2391 408 2712 467 ARCHIEP.
3643 405 3710 462 48

504 563 666 617 VIus.

431 651 568 708 bona
605 650 713 720 22
754 659 905 702 teme
934 643 1232 699 comedetis.
1260 639 1322 696 Si
1353 654 1469 694 uero
1502 635 1797 699 nolueritis,
1832 641 1881 686 et
1917 647 2021 686 non

409 744 744 810 lnudiveritis
787 755 887 801 me,
925 736 1136 806 gladius
1165 750 1256 788 vos
1295 729 1587 787 devorabit.
1631 726 1704 782 Os
1747 728 1883 780 enim
1917 725 2024 780 Do-

410 831 567 898 ;mini
599 831 832 884 locutum
865 835 938 881 est
969 826 1101 880 lucc.

402 909 420 936 Ρ

504 959 713 1016 Aﬂ‘atus
741 966 826 1012 est
863 953 1137 1010 Israelitas
1181 950 1556 1006 universitatis
1601 948 1765 1011 Deus,
1807 961 1903 1014 per
1935 959 2022 1000 sa-

438 1051 830 1122 pientissimum
854 1045 1110 1116 Moysen:
1136 1062 1154 1096 ι
1181 1042 1319 1098 Ecce
1347 1055 1448 1111 ego
1470 1039 1626 1110 posui
1658 1040 1708 1092 in
1731 1045 2023 1107 consqectu

445 1154 538 1199 tuo
571 1143 712 1196 viam
747 1139 870 1194 vita:
897 1147 953 1192 et
993 1137 1134 1190 viam
1171 1135 1363 1190 mortis
1388 1132 1458 1186 ".
1489 1150 1508 1184 ι
1544 1130 1724 1185 Posita
1764 1128 1908 1184 enim
1939 1135 2024 1182 est

439 1237 595 1292 nobis
641 1234 708 1288 ad
751 1243 1043 1300 utrumque
1073 1227 1291 1294 semita,
1341 1233 1396 1281 et
1444 1223 1652 1279 {ructus
1683 1221 2022 1277 voluntatum

441 1330 705 1398 cujusque
747 1339 845 1380 ceu
884 1321 1234 1378 ﬂosculorum
1271 1328 1355 1373 est
1385 1315 1644 1386 praeclare
1674 1321 1728 1369 et
1760 1311 2019 1382 legitime.

442 1432 536 1475 aut
559 1427 749 1475 contra
787 1414 1000 1485 culpate
1035 1413 1237 1467 vivere.
1280 1409 1388 1464 Sed
1421 1423 1520 1462 nec
1545 1420 1664 1462 esse
1700 1412 1877 1475 potest
1903 1401 2020 1456 cui-

442 1526 603 1578 quam
653 1507 901 1570 dubium,
943 1504 1076 1574 quin
1123 1502 1178 1556 hi
1227 1501 1318 1571 qui
1351 1498 1573 1569 probam
1606 1504 1679 1550 et’
1703 1493 2020 1564 praeclaram

444 1605 659 1670 Deoque
681 1595 1111 1666 acceptissimam
1132 1592 1319 1644 vivunt
1335 1589 1521 1652 vitam,
1546 1601 1761 1656 semper
1777 1584 1842 1638 ad
1858 1583 2020 1637 vitam

443 1691 855 1748 subvehantur:
894 1683 984 1754 qui
1037 1693 1216 1736 autem
1257 1677 1630 1748 voluptatibus
1670 1673 1828 1729 malis
1855 1671 2022 1727 dediti

443 1791 566 1838 sunt
587 1790 641 1835 et
663 1776 888 1840 addicti,
917 1773 1120 1828 exitum
1154 1769 1354 1824 habent
1381 1767 1691 1821 tendentem
1715 1763 1769 1818 in
1796 1763 2022 1818 exitium

445 1885 499 1929 et
538 1870 840 1926 interitum.
876 1866 1062 1935 itaque
1107 1863 1317 1915 fructus
1359 1857 1684 1914 obedientite
1716 1854 1844 1917 erit,
1879 1853 2022 1908 bona

715 559 804 622 19,
836 556 924 610 20.
981 553 1045 607 Et
1097 553 1141 606 si
1186 547 1476 611 volueritis,
1516 555 1564 600 et
1612 544 1657 597 si
1719 539 2020 604 audieritis,

2201 534 2310 590 Καὶ
2334 534 2444 587 ἐὰν
2463 531 2694 600 θέλητε,
2720 529 2815 583 καί
2841 524 3241 593 εὶσακούσητό
3261 540 3404 594 μου,
3428 522 3500 575 τὰ
3519 523 3710 591 ἀγαθά

2122 626 2234 696 τῆς
2261 625 2374 696 γῆς
2395 624 2682 695 φάγεσθε.
2726 621 2867 676 Ἐὰν
2899 619 2967 673 δὲ
3005 617 3084 689 μὴ
3121 619 3357 685 θέλητε,
3384 615 3543 684 μηδὲ
3580 617 3709 668 εισ-

2125 718 2430 784 ακούσητέ
2475 732 2616 784 μου,
2665 711 2931 794 μάχαιρα
2959 708 3113 780 ὑμᾶς
3145 707 3469 762 κατέδεται.
3505 705 3574 759 Τὸ
3602 708 3712 776 γὰρ

2126 810 2322 878 στόμα
2357 805 2579 876 Κυρίου
2605 803 2872 872 ἐλάλησε
2909 801 3114 855 ταῦτα.

2195 939 2638 1013 Προσπεφώνηκέ
2684 955 2787 992 που
2833 938 2943 1000 τοῖς
2991 935 3051 1003 ἐξ
3089 935 3306 1006 Ἰσραὴλ
3351 935 3380 988 ὁ
3409 934 3519 986 τῶν
3575 933 3712 986 ὅλων

2122 1034 2254 1098 Θεὸς
2293 1034 2380 1087 διὰ
2411 1031 2505 1086 τοῦ
2540 1031 2814 1099 πανσόφου
2838 1027 3103 1090 Μωσέως⁶
3144 1045 3163 1078 ι
3208 1026 3337 1079 Ἰδοὺ
3365 1025 3573 1078 δέδωκα
3606 1025 3713 1096 πρὸ
3806 1031 3809 1034 ’

2122 1122 2417 1195 προσώπου
2453 1139 2548 1174 σου
2576 1121 2675 1192 τὴν
2704 1119 2822 1173 ὁδὸν
2851 1119 2952 1188 τῆς
2991 1117 3158 1188 ζωῆς,
3199 1116 3295 1170 καὶ
3320 1117 3418 1186 τὴν
3448 1114 3567 1169 ὁδὸν
3615 1103 3711 1168 τοῦ

2123 1216 2377 1270 θανάτου.
2400 1234 2419 1267 ο
2448 1213 2700 1268 Τέθειται
2741 1210 2851 1284 γὰρ
2880 1213 2938 1264 ἐν
2967 1210 3099 1280 ἡμῖν
3139 1209 3174 1280 ἡ
3203 1209 3290 1262 ἐπ’
3313 1209 3480 1278 άμφω
3502 1205 3708 1278 τρίϐος,

2121 1305 2219 1360 καὶ
2261 1305 2370 1359 τῶν
2411 1306 2644 1359 ἑκάστου
2692 1301 3074 1373 διανευμάτων
3097 1339 3113 1364 ,
3171 1301 3340 1372 ἤγουν
3390 1298 3710 1370 Θελημάτων

2124 1397 2337 1466 καρπὸς
2364 1396 2431 1450 ἂν
2462 1396 2672 1466 γένοιτο
2700 1395 2761 1448 τὸ
2804 1393 3088 1447 διαϐιῶναι
3133 1391 3405 1463 λαμπρῶς
3435 1391 3528 1444 καὶ
3565 1390 3712 1443 ἐννό-

2127 1506 2261 1560 μως,
2300 1489 2468 1560 ἦγουν
2515 1489 2766 1558 ἑτεροίως
2806 1485 3256 1555 κατεψεγμένως.
3312 1481 3454 1537 Ἀλλ’
3500 1483 3601 1534 οὐκ
3643 1479 3711 1534 ἂν

2123 1580 2414 1633 ἐνδοιάσειέ
2439 1596 2542 1642 τις,
2581 1578 2657 1642 ὡς
2693 1579 2743 1631 οἱ
2781 1579 2878 1649 μὲν
2917 1577 3008 1630 τὸν
3041 1575 3242 1645 ἀγαθὸν
3277 1575 3370 1628 καὶ
3404 1572 3705 1627 ἀπόλεκτον

2125 1671 2218 1724 καὶ
2243 1669 2360 1740 Θεῷ
2383 1669 2698 1739 φιλαίτατον
2725 1667 2966 1739 βιοῦντες
2995 1667 3127 1737 βίον,
3166 1666 3342 1732 πάντη
3366 1682 3424 1718 τε
3447 1665 3541 1717 καὶ
3571 1664 3710 1716 πάν-

2123 1779 2231 1826 τως
2261 1761 2614 1832 καταίρουσιν
2641 1763 2721 1824 είς
2750 1760 2916 1831 ζωήν.
2945 1759 3072 1828 Οῖγε
3105 1758 3208 1830 μὴν
3233 1759 3354 1820 ταῖς
3383 1757 3463 1819 εἰς
3490 1755 3551 1808 τὸ
3580 1753 3726 1824 φαῦ-

2125 1853 2214 1907 λον
2243 1853 2455 1923 ἡδοναῖς
2485 1851 2808 1923 ἡττώμενοι,
2837 1851 2895 1904 τὸ
2940 1849 3092 1913 τέλος
3121 1849 3332 1919 ἔχουσιν
3361 1847 3441 1910 εἰς
3487 1844 3708 1915 δλεθρον

447 1977 604 2020 terrm
638 1959 946 2019 comedere,
975 1968 1096 2023 quae
1144 1950 1346 2006 sanctis
1385 1954 1688 2016 praeparata
1740 1951 1848 2009 est;
1875 1939 2029 2009 cujus

2133 1945 2226 1999 καὶ
2253 1944 2551 1999 ἀπώλειαν.
2579 1942 2902 2006 Εύπειθείας
2929 1938 3022 1997 οὖν
3045 1941 3153 2012 ἄρα
3179 1939 3390 2012 καρπὸς
3411 1938 3473 1992 τὸ
3513 1939 3709 2006 φαγεῖν

445 2050 694 2108 meminit
720 2048 884 2103 etiam
915 2044 1033 2115 ipse
1055 2042 1319 2096 Dominus
1354 2046 1539 2092 noster
1565 2035 1726 2091 Jesds
1751 2033 2022 2096 Christus,

445 2149 499 2202 in
533 2147 674 2199 banc
703 2138 1027 2196 sententiam
1068 2152 1081 2189 :
1121 2151 1140 2186 ‹
1170 2133 1322 2187 Beati
1357 2131 1534 2197 mites,
1559 2130 1682 2198 quia
1714 2125 1817 2197 ipsi
1851 2126 2023 2180 haere-

453 2236 703 2292 ditabunt
729 2242 928 2287 terram
954 2227 1022 2283 ⁸⁸.
1057 2244 1077 2278 ι
1109 2225 1346 2281 Fructus
1377 2231 1556 2277 autem
1589 2219 1806 2274 malitiae
1832 2227 1885 2273 et
1903 2215 2026 2271 vita:

445 2329 746 2400 ﬂagitiosa-3,
787 2332 872 2379 est
912 2320 1120 2377 inutilis
1159 2315 1499 2389 poenitentia,
1535 2323 1592 2368 et
1622 2326 1689 2367 ex
1721 2311 1904 2366 divina
1948 2309 2027 2363 ira

446 2421 658 2494 gladius
688 2425 741 2472 et
777 2413 1044 2477 interitus,
1074 2421 1134 2464 ut
1176 2411 1379 2465 dictum
1413 2411 1516 2472 est,
1556 2413 1610 2459 et
1649 2401 1776 2473 qttid
1811 2416 1916 2455 non
1947 2401 2025 2455 is-

449 2488 704 2566 iiusmodi
753 2501 1055 2562 malorum?
1082 2498 1396 2556 Orationem
1432 2509 1560 2550 vero
1604 2507 1756 2548 suam
1800 2489 1906 2545 ﬁde
1935 2488 2023 2543 di-

447 2616 604 2673 gnam
637 2613 755 2655 esse
784 2591 1120 2652 demonstrat
1171 2589 1456 2659 propheta,
1501 2600 1622 2641 cum
1656 2598 1779 2646 mox
1813 2581 1977 2636 infert
2011 2598 2023 2632 :

453 2672 579 2750 iOs
618 2689 830 2748 Domini
887 2686 1131 2741 locutum
1178 2689 1262 2737 est
1310 2679 1447 2734 haec.
1487 2695 1506 2729 ›
1549 2676 1686 2731 Cum
1740 2673 1882 2730 enim
1911 2672 2028 2727 ﬁeri

448 2805 554 2842 non
583 2783 758 2855 possit
793 2789 855 2835 ut
899 2778 1040 2833 Deus
1069 2773 1385 2837 mentiatur,
1421 2775 1605 2824 manet
1633 2767 1778 2822 enim
1817 2778 2031 2833 semper

450 2881 590 2933 idem
625 2873 769 2945 quod
806 2879 909 2934 est,
954 2882 1148 2935 nempe
1190 2863 1437 2919 veritas:
1483 2872 1662 2914 antron
1715 2866 1800 2913 est
1843 2869 2032 2911 neces-

449 2970 594 3025 sario
631 2962 1033 3031 intelligendum
1068 2973 1132 3014 ea
1168 2970 1289 3027 quae
1321 2951 1678 3024 praenuntiata
1711 2957 1858 3016 sunt,
1907 2961 2028 3003 cer-

453 3061 659 3116 tissime
691 3057 758 3110 ad
787 3055 948 3108 ﬁnem
977 3065 1101 3106 esse
1135 3045 1504 3118 perventura?
1532 3041 1743 3098 Etenim
1774 3039 1902 3093 illud
1932 3052 2030 3092 ne-

450 3165 666 3208 cessum
738 3153 822 3203 est
883 3141 1258 3203 considerare,
1343 3136 1572 3191 miriﬁce
1635 3143 1690 3189 et
1751 3132 2033 3200 insigniter

451 3242 709 3313 prodesse
773 3247 1079 3291 sermonem
1153 3228 1571 3300 propheticum,
1645 3239 1769 3279 cum
1833 3220 2032 3276 animis

452 3311 818 3404 perfectorum
883 3330 938 3379 et
1001 3319 1402 3383 maturorum,’
1437 3325 1548 3370 tum
1608 3328 1797 3370 eorum
1864 3311 2029 3366 etiam
2059 3311 2100 3339 υ

451 3403 546 3494 qui
615 3416 847 3490 genuina
915 3424 1280 3486 germanaque
1349 3408 1456 3462 llde
1523 3405 1759 3461 nondum
1834 3403 2032 3458 contir-

369 3513 376 3522 '
453 3523 691 3570 utantur.
753 3509 887 3564 Cum
952 3505 1095 3560 enim
1167 3499 1408 3572 posuerit
1451 3495 1825 3554 universitatis
1885 3495 2030 3549 Deus

456 3608 513 3660 in
575 3600 935 3674 propensione
983 3610 1193 3661 eorum,
1249 3594 1342 3664 qui
1396 3591 1730 3654 erudiantur,
1772 3602 1896 3644 cum
1937 3587 2034 3642 bo-

453 3711 584 3761 num
619 3695 836 3765 eligere,
875 3699 986 3746 tum
1026 3702 1056 3744 a
1093 3687 1249 3742 malis
1283 3685 1559 3750 recedere,
1597 3681 1806 3751 liquido
1839 3679 2034 3751 probat

456 3799 641 3842 rerum
673 3781 1044 3839 faciendarum
1075 3785 1131 3834 et
1160 3775 1534 3848 fugiendarqu
1566 3773 1807 3827 habenas
1837 3770 2034 3840 cuique

455 3875 766 3933 mortalium
797 3875 1034 3937 dedisse,
1075 3878 1134 3924 ut
1163 3871 1230 3923 ad
1268 3870 1321 3923 id
1359 3865 1503 3938 quod
1537 3863 1764 3935 elegerit
1797 3863 1940 3932 quis,
1971 3861 2035 3915 li-

456 3971 585 4024 bere
617 3967 697 4022 ire
729 3972 933 4036 posset.
963 3963 1098 4017 Cum
1133 3961 1236 4016 hoc
1276 3973 1459 4014 verum
1493 3955 1584 4021 sit,
1614 3947 1749 4009 vana
1777 3952 2032 4020 nimirum

455 4067 512 4114 et
541 4057 737 4128 frigida
762 4055 934 4111 sutela
959 4061 1064 4120 est,
1095 4049 1429 4108 contendere
1457 4062 1522 4102 ac
1551 4047 1755 4113 dicere,
1789 4043 2036 4100 naturale

455 4165 574 4206 esse
623 4151 676 4204 in
725 4147 946 4203 homine
981 4143 1208 4207 malum,
1243 4141 1329 4196 vel
1363 4139 1636 4195 fortunam
1691 4147 1785 4192 aut
1837 4135 2032 4201 fatum,

456 4255 552 4299 aut
576 4242 918 4300 nativitatem
948 4238 1163 4294 clavum
1201 4247 1380 4289 rerum
1429 4231 1794 4286 humanarum
1837 4227 2037 4297 guber-

457 4351 624 4401 nare,
657 4340 711 4388 ει
755 4332 822 4386 ad
871 4329 1014 4401 quod
1052 4327 1248 4396 cuique
1281 4338 1472 4378 eorum
1511 4321 1726 4392 placet,
1763 4317 2036 4389 quoslibet

457 4443 556 4499 pro
590 4440 687 4483 suo
723 4423 990 4480 arbitratu
1016 4419 1258 4488 adigere,
1307 4425 1367 4469 ut
1396 4414 1614 4477 vitium,
1655 4423 1748 4466 aut
1781 4412 2035 4464 virtutem

456 4518 660 4582 colant,
692 4530 798 4570 non
834 4513 902 4568 ad
942 4511 995 4566 id
1030 4507 1336 4563 voluntario
1363 4505 1621 4574 impulsu,
1654 4504 1750 4558 sed
1779 4512 2033 4571 tanquam

2127 2037 2280 2092 ἔσται
2303 2038 2372 2092 τὰ
2400 2037 2580 2108 ἀγαθά
2621 2038 2722 2108 τῆς
2772 2036 2876 2107 γῆς
2924 2036 3024 2106 τῆς
3066 2037 3178 2098 τοῖς
3224 2033 3400 2102 ἁγίοις
3443 2031 3709 2102 ηὐτρεπι-

2130 2131 2355 2202 σμένης,
2400 2125 2468 2202 ἦς
2511 2130 2608 2184 καὶ
2637 2129 2798 2192 αὐτὸς
2823 2127 3188 2199 διαμέμνηται
3228 2126 3401 2194 λέγων
3447 2126 3476 2177 ό
3506 2123 3709 2194 Κύριος

2128 2222 2284 2295 ἡμῶν
2314 2221 2520 2292 Ἰησοῦς
2541 2219 2806 2292 Χριστός·
2840 2237 2858 2270 ι
2879 2217 3153 2288 Μακάριοι
3182 2217 3232 2272 οἱ
3260 2216 3476 2286 πραεῖς,
3501 2214 3582 2267 ὅτι
3613 2214 3713 2268 αὑ-

2127 2315 2210 2368 τοὶ
2258 2313 2726 2386 κληρονομήσουσι
2770 2311 2869 2382 τὴν
2917 2310 3039 2381 γῆν.
3068 2327 3088 2362 ι
3137 2307 3462 2377 Σκαιότητος
3509 2306 3566 2359 δὲ
3615 2305 3710 2359 καὶ

2132 2405 2248 2476 βίου
2285 2405 2766 2476 φιλαμαρτήμονος
2809 2405 2841 2473 ἡ
2879 2402 3136 2472 ἀνόνητος
3179 2399 3583 2472 ὑστεροὸουλία,
3615 2399 3711 2453 καὶ⁵

2129 2493 2197 2548 τὰ
2228 2495 2292 2548 ἐκ
2322 2494 2472 2558 Θείας
2493 2494 2682 2564 ὀργῆς.
2713 2493 2958 2564 μάχαιρά
2983 2509 3042 2544 τε
3065 2491 3159 2544 καὶ
3185 2490 3426 2562 ὄλεθρος,
3450 2489 3526 2553 ὡς
3552 2489 3709 2560 ἔφην,

2133 2587 2228 2640 καὶ
2256 2586 2310 2640 τί
2339 2587 2449 2657 γὰρ
2471 2586 2592 2656 οὐχὶ
2615 2585 2871 2639 τοιούτων
2913 2583 3133 2651 κακῶν;
3173 2581 3506 2649 ’Δξιόπιστον
3539 2582 3594 2634 δὲ
3621 2582 3713 2635 τὸν

2132 2675 2326 2730 ἑαυτοῦ
2375 2676 2534 2744 λόγον
2582 2677 2610 2728 ό
2662 2674 2946 2746 προφήτης
2989 2671 3300 2740 ἀποφαίνει,
3349 2669 3712 2738 προσεπάγων

2134 2769 2314 2832 εὐθὺς,
2382 2769 2462 2821 ὅτι
2520 2785 2539 2818 ι
2583 2767 2657 2819 Τὸ
2715 2765 2888 2835 στόμα
2941 2763 3144 2833 Κυρίου
3189 2760 3415 2830 ἑλάλησε
3469 2759 3709 2832 ταῦτα.»

2145 2858 2364 2928 Ἐπειδὴ
2408 2856 2464 2910 δὲ
2500 2857 2783 2926 ἀμήχανον
2826 2853 2886 2907 τὸ
2909 2851 3212 2922 ψεύσασοαι
3237 2852 3328 2904 τὸν
3364 2850 3497 2903 Θεὸν
3537 2850 3712 2922 (μένει

2133 2939 2243 3021 γάρ
2273 2951 2362 3004 ἀεὶ
2397 2946 2547 3002 τοῦθ’
2568 2947 2704 3017 ὅπερ
2733 2944 2898 3009 ἐστὶν,
2929 2940 3156 3014 ἀλήθεια
3192 2942 3250 2994 δέ
3279 2941 3565 3013 δηλονότι),
3597 2939 3714 3004 πῶς

2132 3042 2234 3094 οὐκ
2265 3041 2477 3110 ἀνάγκη
2505 3039 2644 3092 νοεῖν
2670 3038 2752 3090 ὅτι
2779 3035 2955 3105 πάντη
2979 3051 3040 3088 τε
3072 3033 3168 3087 καὶ
3194 3033 3411 3096 πάντως
3439 3033 3516 3096 είς
3541 3031 3714 3101 πέρας
3791 3030 3796 3035 ’

2135 3130 2510 3204 ἐκϐήσεταιτά
2530 3128 2948 3202 προηγγελμένα
2973 3145 2987 3195 ;
3009 3127 3156 3198 Πλὴν
3190 3129 3366 3180 ἐκεῖνο
3399 3125 3716 3197 περιαθρεῖν

2135 3226 2454 3294 ἀναγκαῖον,
2484 3223 2560 3287 ὡς
2586 3223 2794 3294 ὀνίνησι
2815 3222 3086 3284 πλουσίως
3118 3223 3146 3273 ό
3171 3219 3508 3291 προφητικὸς
3535 3218 3711 3286 λόγος,

2133 3320 2232 3382 τάς
2252 3335 2311 3371 τε
2343 3316 2452 3370 τῶν
2480 3315 2886 3387 ἀκεραιοτέρων
2913 3313 2994 3367 ἑτι
3013 3311 3212 3382 ψυχάς,
3243 3311 3337 3365 καὶ
3361 3310 3467 3381 μὴν
3497 3310 3593 3363 καὶ
3617 3308 3713 3371 τάς

2132 3409 2240 3464 τῶν
2272 3409 2374 3480 ήδη
2403 3408 2640 3480 γνησίων
2669 3406 2766 3461 καὶ
2805 3404 3105 3477 ἱδρυμένων
3156 3403 3215 3456 ἐν
3244 3402 3448 3457 πίστει.
3491 3398 3713 3470 Ἐπειδὴ

2133 3500 2241 3572 γὰρ
2266 3499 2510 3552 τέθεικεν
2539 3500 2568 3551 ό
2597 3496 2705 3550 τῶν
2732 3495 2871 3549 ὅλων
2904 3493 3036 3558 Θεὸς
3065 3493 3124 3546 ἐν
3155 3493 3276 3555 ταῖς
3304 3489 3412 3545 τῶν
3441 3489 3716 3556 παιδαγω-

2133 3586 2414 3657 γουμένων
2450 3587 2645 3658 ῥοπαῖς
2664 3584 2724 3638 τὸ
2752 3581 2970 3638 ἑλέσθαι
3007 3582 3107 3654 μὲν
3129 3581 3191 3634 τὸ
3219 3579 3447 3650 ἀγαθὸν,
3487 3580 3715 3648 ἀποφοι-

2134 3681 2232 3751 τᾷν
2279 3678 2336 3733 δὲ
2386 3677 2495 3730 τῶν
2530 3676 2769 3746 φαύλων,
2828 3673 3316 3745 πεπληροφόρηκεν
3359 3673 3442 3725 ὅτι
3474 3671 3574 3734 τὰς
3605 3669 3715 3724 τῶν

2136 3771 2427 3843 πρακτέων
2454 3769 2488 3839 ἢ
2525 3769 2600 3841 μὴ
2623 3769 2852 3823 δέδωκεν
2884 3766 3099 3837 ἑκάστῳ
3129 3765 3238 3818 τῶν
3283 3764 3377 3817 ἐπὶ
3400 3763 3505 3834 γῆς
3536 3765 3712 3835 ἡνίας,

2135 3865 2232 3919 καὶ
2273 3865 2358 3932 ἐφ’
2389 3865 2527 3933 ὅπερ
2576 3863 2641 3916 ἂν
2698 3861 2869 3915 ἐλοιτό
2909 3877 3015 3926 τις,
3067 3859 3249 3912 ἐλάσει
3298 3858 3416 3928 μετ’
3445 3857 3712 3921 ἐξουσίας.

2148 3954 2368 4026 Ἐπειδὴ
2395 3954 2452 4008 δὲ
2473 3953 2631 4008 τοῦτό
2673 3955 2822 4007 ἐστιν
2863 3951 3082 4023 ἀληθὲς,
3123 3951 3329 4002 εἰκαῖον
3358 3948 3460 4020 ἤδη
3486 3947 3579 4001 καὶ
3611 3947 3717 4018 ψυ-

2137 4048 2288 4119 χρὸν,
2319 4047 2415 4100 καὶ
2454 4046 2760 4117 ραψῲδημα
2790 4045 2850 4097 τὺ
2897 4039 3260 4097 διατείνεσθαι
3304 4058 3366 4094 τε
3391 4041 3486 4093 καὶ
3512 4039 3716 4109 λέγειν,

2143 4140 2226 4192 ὅτι
2267 4139 2494 4208 φυσικὸν
2518 4139 2575 4191 ἐν
2602 4135 2874 4208 ἀνθρώπῳ
2901 4135 2964 4188 τὸ
2995 4133 3163 4188 κακόν
3185 4148 3199 4165 ’
3247 4135 3414 4205 ἤγουν
3456 4131 3539 4185 ὃτι
3579 4131 3715 4201 τύχη

2137 4248 2197 4284 τε
2226 4231 2319 4283 καὶ
2337 4230 2668 4301 εἱμαρμένη,
2703 4228 2799 4284 καὶ
2827 4227 3044 4295 γένεσις
3076 4222 3498 4297 πηδαλιουχοῦσι
3527 4221 3596 4276 τὰ
3626 4224 3719 4276 ἀν-

2148 4323 2430 4395 Θρώπινα,
2483 4322 2576 4376 καὶ
2621 4322 2756 4395 πρός
2786 4337 2849 4390 γε
2900 4321 2961 4373 τὸ
3016 4320 3221 4388 ἑκάστῃ
3254 4315 3463 4382 δοκοῦν,
3517 4314 3610 4378 οὓς
3653 4312 3717 4366 ἂν

2138 4417 2342 4470 ἑλοιντο
2394 4415 2868 4484 κατασφίγγουσαι
2914 4410 3246 4482 φαυλότητός
3285 4425 3344 4462 τε
3390 4407 3481 4461 καὶ
3517 4405 3718 4478 ἀρετῆς

2137 4505 2488 4562 ἀποτελοῦσιν
2522 4506 2778 4577 ἐργάτας,
2819 4505 2920 4558 οὐκ
2957 4503 3281 4565 ἑθελουσίοις
3321 4502 3514 4571 ῥοπαῖς
3542 4501 3719 4560 ἰόντας

458 4609 759 4668 inevitabili
801 4605 956 4662 nutui
1011 4600 1280 4672 subjugati
1329 4608 1386 4654 et
1431 4596 1656 4659 subditi,
1708 4595 2031 4649 necessitate

2139 4603 2217 4664 εἰς
2239 4601 2416 4667 τοῦτο,
2445 4597 2916 4668 κατεζευγμένους
2960 4595 3018 4648 δὲ
3063 4593 3256 4665 ὥσπερ
3290 4591 3556 4662 ἀφύκτοις
3596 4588 3720 4643 νεύ-

454 4699 853 4759 dominantium
887 4708 1032 4765 aegre
1061 4709 1125 4747 ac
1161 4689 1448 4746 difﬁculter
1471 4687 1711 4756 impulsi.
1746 4685 1957 4740 Etenim
1989 4685 2032 4740 si

455 4795 658 4850 malum
697 4800 893 4846 natura
928 4797 1033 4852 est,
1080 4783 1187 4854 23
1231 4797 1297 4837 ac
1341 4782 1395 4836 in
1437 4779 1740 4837 substantia
1785 4778 2034 4842 inhaeret,

456 4897 516 4941 ut
550 4885 640 4940 isti
690 4891 985 4952 nugantur,
1021 4875 1290 4947 quomodo
1328 4887 1427 4942 pro
1468 4871 1884 4941 uniuscujusque
1941 4885 2038 4925 vo-

459 4981 682 5039 luntate,
729 4975 813 5029 vel
840 4968 1145 5034 invalescit,
1177 4966 1262 5022 vel
1297 4963 1649 5020 debilitatur?
1676 4963 1732 5018 Si
1755 4963 1902 5018 enim
1927 4961 2040 5016 vel-

459 5070 560 5122 lent
598 5068 771 5121 bonus
805 5076 946 5127 esse,
982 5058 1115 5112 nihil
1165 5055 1350 5112 obstat
1401 5053 1690 5124 quominus
1731 5054 1856 5110 talis
1899 5067 2037 5123 quo-

457 5175 563 5228 que
590 5157 793 5209 videar.
845 5152 901 5206 Si
965 5151 1094 5204 item
1152 5146 1349 5212 malus,
1400 5146 1534 5201 nihil
1583 5147 1744 5200 etiam
1785 5145 2042 5214 impediet

459 5247 751 5318 quominus
806 5243 873 5295 ad
913 5240 966 5296 id
1009 5239 1173 5294 etiam
1214 5237 1453 5292 delabar.
1495 5234 1591 5291 Ubi
1649 5237 1861 5290 tandem
1927 5234 2038 5288 for-

459 5345 608 5390 tunae
667 5342 722 5387 et
785 5331 881 5384 fati
940 5328 1152 5384 v’irtus?
1182 5327 1248 5381 Et
1301 5341 1421 5396 qua:
1476 5335 1562 5380 est
1612 5324 1699 5379 illa
1759 5323 2035 5388 nativitas,

460 5442 581 5500 qua:
638 5423 730 5477 ulli
788 5422 1068 5478 hominum
1123 5419 1466 5474 necessitatis
1516 5417 1705 5488 jugnm
1763 5415 2032 5484 imponit,

463 5517 508 5572 si
560 5516 720 5570 modo
764 5515 864 5568 hoc
920 5511 1184 5581 cujusque
1251 5510 1579 5563 voluntatem
1636 5515 1917 5576 sequatur,
1978 5513 2037 5559 ut

463 5616 778 5682 praestantes
827 5604 1224 5670 obedientiam,
1293 5603 1432 5657 bona
1476 5611 1634 5655 terrae
1696 5598 2037 5653 comedam?

540 5819 583 5852 "
611 5827 765 5883 Deut.
794 5841 925 5890 xxx,
952 5826 1037 5880 l5.
1116 5824 1162 5854 ⁸⁸
1219 5819 1405 5874 Matth.
1440 5833 1492 5881 v,
1521 5815 1575 5870 4.

2139 4705 2293 4758 μασι,
2330 4688 2424 4739 καὶ
2464 4686 2818 4756 δυσφορήτως
2847 4685 3072 4755 ἔχοντας
3109 4685 3176 4755 τῇ
3220 4682 3330 4736 τῶν
3373 4679 3720 4752 κρατούντων

2135 4780 2369 4849 ἀνάγκῃ.
2423 4779 2486 4830 Ei
2515 4776 2624 4848 γὰρ
2673 4777 2834 4846 φύσει
2867 4778 2928 4831 τὸ
2975 4776 3164 4842 κακὸν,
3217 4775 3314 4828 καὶ
3355 4771 3721 4827 ἐνυπόστατόν

2135 4870 2306 4931 ἐστιν,
2359 4866 2433 4931 ὡς
2473 4866 2603 4934 γοῦν
2649 4867 2846 4920 ἐκεῖνοι
2891 4865 3182 4938 ληροῦντές
3230 4878 3396 4934 φασιο
3445 4862 3562 4925 πῶς
3609 4862 3722 4923 τοῖς

2138 4960 2372 5013 ἑκάστου
2401 4958 2670 5030 θελήμασι
2700 4959 3026 5030 κρατύνεταί
3052 4975 3113 5012 τε
3134 4957 3231 5011 καὶ
3260 4955 3507 5020 ἀσθενεῖ;
3541 4955 3589 5006 εἰ
3613 4953 3724 5022 γάρ

2139 5051 2362 5121 ἑλοίμην
2415 5047 2556 5105 εῖναι
2602 5051 2856 5122 χρηστὸς,
2926 5051 2986 5104 τὸ
3033 5049 3244 5104 κωλύον
3293 5049 3445 5102 οὐδὲν
3493 5044 3721 5118 ὁρᾶσθαι

2138 5140 2400 5196 τοιοῦτον.
2433 5143 2494 5194 Εἰ
2536 5142 2595 5195 δὲ
2627 5143 2690 5214 δὴ
2722 5143 2815 5195 καὶ
2845 5143 3098 5214 πονηρὸς,
3133 5139 3445 5210 ἀπείρξειεν
3481 5138 3547 5192 ἂν
3571 5135 3722 5190 οὐδὲν

2140 5235 2236 5288 καὶ
2261 5234 2396 5305 πρός
2433 5251 2496 5302 γε
2537 5225 2695 5288 τοῦτο
2719 5233 3078 5288 κατολισθεῖν.
3107 5232 3219 5286 Ποῦ
3262 5232 3320 5286 δὲ
3344 5230 3409 5302 δὴ
3435 5228 3602 5300 τύχης
3632 5227 3724 5282 καὶ

2139 5325 2480 5395 εἱμαρμένης
2508 5325 2541 5395 ἡ
2583 5323 2847 5395 δύναμις;
2883 5324 2918 5396 ἢ
2946 5322 3074 5376 ποία
3101 5337 3186 5383 τις
3213 5319 3427 5388 γένεσις
3471 5319 3724 5384 ἐπιφέρει

2137 5415 2248 5470 τισὶ
2275 5417 2365 5468 τὸν
2397 5414 2457 5481 ἐξ
2481 5415 2726 5486 ἀνάγκης
2747 5415 2932 5485 ζυγὸν,
2961 5417 3010 5467 εἰ
3033 5416 3144 5477 τοῖς
3168 5411 3398 5466 ἑκάστου
3425 5406 3725 5478 θελήμασιν

2143 5508 2444 5576 ἀκολουθεῖ,
2475 5509 2569 5562 καὶ
2592 5509 2654 5562 τὸ
2682 5511 2876 5578 φαγεῖν
2907 5507 2977 5562 τὰ
3007 5506 3189 5576 ἀγαθά
3222 5505 3319 5575 τῆς
3347 5505 3450 5574 γῆς
3483 5495 3726 5570 πληροῦν

2145 5599 2433 5671 ἑλομένους
2461 5599 2559 5670 τὴν
2591 5600 2857 5671 ὑπακοὴν,
2893 5599 2988 5654 καὶ
3015 5597 3121 5670 μὴν
3168 5595 3261 5652 καὶ
3293 5594 3351 5648 τὸ
3382 5592 3544 5665 ἔργον
3571 5585 3722 5658 γενέ·
