2050 3235
170 194 231 238 με)

793 186 826 215 [Ν
848 183 966 214 lSAlAM
986 181 1051 210 LIB.
1072 181 1094 211 l.
1114 180 1222 210 ORAT.
1242 179 1263 208 Ι.

1816 174 1850 203 50

174 230 180 259 ἴ
199 252 262 278 σθαι
283 251 336 286 τῆς
362 248 502 286 μαχαίρας
525 247 579 284 (Ι),
603 248 628 275 εἰ
647 248 703 279 τοῖς
723 246 805 278 θείοις
827 242 1000 279 ἀντεξάγοιεν

1071 239 1174 275 deoque
1188 237 1278 273 gladio
1293 238 1418 272 pereant,
1440 235 1463 262 si
1484 240 1533 269 per
1557 230 1769 260 inobedientiani
1785 237 1848 267 pcr-

194 297 294 332 νόμοις
310 296 342 324 τὸ
357 295 471 327 ἀπειθὲς
485 295 534 322 καὶ
547 294 698 330 δυσήκοονς
790 323 792 326 τ

233 342 305 376 Πῶς
321 342 444 378 ἐγένετο
456 341 555 376 ,πόρνη
569 341 661 373 πόλις
675 338 770 373 πιστὴ
785 337 872 370 Σιὼν,
883 336 1003 371 πλήρης

200 389 333 424 κρίσεως
341 397 353 421 ;
368 389 443 424 πρὶν
459 388 480 423 ἡ
494 387 673 421 δικαιοσύνη
696 384 840 420 ἐκοιμήθη
855 383 891 411 ὲν
902 382 982 417 αὐτῇ
993 402 1002 415 ,

203 435 260 463 νῦν
276 434 313 461 δὲ
326 434 485 469 φονευται.

237 478 460 515 Καταθαυμάζει
485 478 587 515 τρόπον
612 476 674 504 τινὰ
700 475 752 512 τῆς
779 475 916 503 Ἰουδαίων
941 482 1004 501 συν-

204 525 318 561 αγωγῆς
331 525 383 561 τὴν
392 524 466 552 οὓτω
484 523 598 560 σαθρὰν,
611 523 658 550 καὶ
671 522 723 549 οὐκ
739 522 901 557 εὐάφορμον
918 529 1004 556 μετα-

202 571 299 607 ϐολὴν,
312 570 365 606 τῆς
381 570 425 603 εἷς
443 579 476 605 γε
491 570 528 597 τὰ
544 570 639 606 χείρω,
655 570 745 605 φημὶ,
764 569 813 596 καὶ
827 568 877 603 τὴν
901 568 934 594 ὲκ
950 566 1006 593 τῶν

202 616 360 653 ἀμεινόνων
373 617 415 648 εἰς
425 616 460 644 τὰ
477 616 577 652 αίσχίω
596 616 775 652 μετάστασιν.
790 615 876 650 Νόμῳ
889 614 939 650 μὲν
950 615 1005 650 γὰρ

202 663 246 700 τῷ
260 663 307 691 διὰ
324 663 451 695 Μωσέως
472 663 524 698 τὴν
540 663 587 690 τοῦ
607 663 793 698 συμφέροντος
808 662 910 696 γνῶσιν
932 663 1006 688 ἐπαι-

202 709 319 742 δεύετο,
340 709 389 737 καὶ
404 711 444 741 είς
461 709 566 736 ἕκαστα
587 710 640 736 τῶν
665 709 812 745 πρακτέων
827 707 1007 743 διακομιστὴν

202 755 326 791 ἔχουσαν
340 755 387 782 τὸν
402 755 450 782 τοῦ
464 754 533 782 Θεοῦ
550 755 639 789 λόγον,
661 755 777 790 λαμπρὰ
793 754 839 781 καὶ
854 754 1006 788 εὐδοκιμω-

203 802 276 836 τάτη
288 821 301 832 .
313 801 363 829 καὶ
383 801 551 836 ἀξιὰγαστος
565 799 599 837 ἦν
610 822 617 835 ,
636 801 774 832 πλείστοις
797 801 870 832 ὅσοις
894 799 1008 835 ἀνδράσι

203 847 381 883 διαπρεπὴς,
397 846 439 880 οἷς
453 848 468 874 ὁ
483 848 533 883 τῆς
549 847 725 881 δικαιοσύνης
740 847 847 882 καρπὸς
869 846 1007 881 ἑπήνθησε

205 892 363 924 πλουσίως,
382 894 430 920 καὶ
449 893 615 929 ἁξιόληπτος
638 890 672 928 ἦν
690 892 729 927 τῷ
751 891 821 927 Θεῷ.
838 889 929 918 Ἶισαν
954 891 1003 926 μὲν

204 939 264 974 γὰρ
287 939 319 965 ὲν
336 939 406 974 αὐτῇ
423 938 565 974 προφῆται
590 947 620 964 τε
646 939 693 965 καὶ
710 939 803 973 ἱερεῖς,
826 937 873 964 καὶ
888 937 942 963 τῶν
959 936 1009 971 τῆς

203 983 387 1019 δικαιοσύνης
407 984 498 1020 ἔργων
514 984 680 1019 μελεδωνοὶ,
703 984 749 1011 καὶ
773 983 845 1010 λαῶν
861 983 1009 1019 ἡγούμενοι

203 1030 394 1065 φυλάττοντες
408 1029 510 1065 κρίσιν,
523 1031 570 1057 καὶ
586 1030 668 1065 νόμον
684 1029 793 1065 ἔχοντες
808 1029 854 1056 ἐπὶ
872 1028 1008 1064 γλώττης,

203 1076 256 1102 καὶ
279 1075 376 1111 τρόπῳ
398 1075 483 1102 παντὶ
501 1075 611 1111 χρηστῷ
628 1084 658 1102 τε
683 1076 730 1102 καὶ
746 1074 842 1110 ἀγαθῷ
860 1074 1009 1109 κατηγλαῖ·

204 1120 319 1157 σμένοι.
344 1118 414 1148 Εἶτα
439 1121 496 1148 τῶν
520 1120 649 1148 τοιούτων
671 1121 802 1148 ἁπάντων
827 1120 1010 1156 ἐστερημένη,

206 1167 314 1204 μᾶλλον
334 1167 385 1203 τῆς
401 1167 520 1203 ἀρχαίας
536 1167 645 1202 ἐκείνης
662 1167 815 1198 ἐπιεικείας
831 1167 939 1200 ἀλογεῖν
952 1166 1011 1193 ἑλο-

207 1214 294 1250 μένη,
310 1214 360 1241 καὶ
379 1213 482 1249 θεμένη
501 1215 567 1250 παρ’
585 1213 662 1241 οὐδὲν
673 1213 723 1248 τὴν
741 1214 781 1244 είς
793 1212 860 1239 Θεὸν
875 1212 953 1245 αίδῶ,
964 1221 1000 1239 κα

206 1261 354 1296 ἀγάπησιν
368 1260 423 1297 πρὸ
437 1261 488 1296 μὲν
497 1260 546 1296 τῆς
558 1260 605 1287 τοῦ
621 1260 752 1295 Σωτῆρος
765 1259 845 1295 ἡμῶν
861 1259 1012 1294 ἐπιδημίας

207 1307 424 1343 προσκεκὼηκε
444 1308 501 1339 τοῖς
522 1307 560 1343 μὴ
580 1306 660 1342 φύσει
679 1306 761 1338 θεοῖς,
780 1305 826 1332 τὸν
847 1305 896 1332 ἕνα
920 1314 949 1331 τε
965 1305 1013 1331 καὶ

207 1354 325 1391 ἀληθῶς
343 1353 485 1389 Δεσπότην
497 1354 557 1384 ταῖς
581 1353 622 1384 είς
635 1352 714 1379 τοῦτο
734 1351 875 1386 πορνείαις
888 1350 1014 1381 ἐκτόπως

208 1388 442 1436 Ιειεεριυίερίζουσα.
458 1388 515 1427 Καὶ
528 1396 574 1426 οἷά
593 1407 636 1431 τις
649 1398 810 1430 πολύκοινος
833 1398 879 1424 καὶ
899 1388 1013 1432 σεσοϐη-

210 1446 284 1483 μένη
301 1446 372 1482 γυνὴ
389 1445 460 1473 κατὰ
485 1445 599 1476 πολλοὺς
614 1444 733 1480 ἠσέϐησε
752 1444 881 1479 τρόπους.
902 1442 1015 1469 Ἀλλοτε

209 1491 307 1523 ἄλλοις
328 1490 517 1526 προσκειμένῃ
539 1491 726 1526 καθηγηταῖς,
754 1489 823 1525 πρὸς
849 1489 903 1515 πᾶν
925 1487 1016 1514 ὁτιοῦν

209 1537 269 1566 τῶν
294 1537 501 1574 ἀπηχθημένων
526 1537 602 1573 παρὰ
623 1536 691 1563 Θεοῦ
714 1535 885 1572 διακομίζειν
904 1535 1015 1561 εἰδόσιν.

210 1584 343 1611 Aleti-rat
359 1583 426 1618 γοῦν
453 1582 539 1618 αὐτὴν
558 1582 602 1610 διὰ
624 1582 717 1617 φωνῆς
738 1582 870 1618 Ἰερεμίου
895 1581 983 1616 λέγων
1002 1582 1016 1606 ὁ

210 1628 270 1656 τῶν
282 1628 354 1656 ὅλων
364 1627 433 1660 Θεός
443 1635 449 1642 ·
465 1637 476 1655 ι
497 1627 550 1654 Ἴδε
568 1627 586 1654 ἃ
600 1628 713 1663 ἐποίησέ
730 1636 775 1663 μοι
791 1628 807 1663 ἡ
828 1627 955 1654 κατοικία
968 1625 1016 1652 τοῦ

218 1676 345 1713 Ἰσραὴλ,
372 1675 546 1712 ἐπεπορεὺοη
573 1676 619 1702 ἐπὶ
652 1676 707 1702 πᾶν
735 1675 797 1711 ὅρος
825 1676 939 1711 ὑψηλὸν,
970 1676 1017 1702 καὶ

212 1723 350 1750 ὑποκάτω
374 1722 475 1754 παντὸς
497 1722 578 1756 ξύλου
603 1722 752 1755 ἀλσώδους,
778 1723 824 1749 καὶ
853 1723 1017 1758 ὲπόρνευσεν

212 1771 285 1798 ἐκεῖ.
305 1779 314 1796 ι
332 1770 390 1797 Καὶ
409 1769 492 1797 πάλιν
515 1769 553 1801 ὡς
577 1769 646 1805 πρὸς
669 1769 773 1805 αὐτήν·
797 1778 807 1795 ι
831 1769 894 1796 Ἐὰν
920 1768 1019 1801 ἐξαπο-

214 1816 318 1853 στέλλῃ
335 1815 406 1852 ἀνὴρ
420 1815 469 1852 τὴν
484 1817 602 1851 γυναῖκα
616 1815 712 1847 αὐτοῦ,
728 1816 775 1842 καὶ
796 1815 953 1842 ἀπελθοῦσα
968 1815 1015 1842 ἀπ’

213 1863 302 1890 αὐτοῦ
318 1862 433 1898 γένηται
447 1862 525 1898 ἀνδρὶ
541 1862 637 1898 ἑτέρῳ,
652 1862 688 1897 μὴ
706 1862 938 1889 ἀνακαλύπτουσα
951 1863 1018 1889 ἀνα-

214 1907 338 1943 καλύψει
352 1908 421 1944 πρὸς
441 1907 525 1935 αὐτὸν
540 1907 595 1940 έτι;
613 1907 644 1934 οὐ
668 1907 818 1944 μαινομένη
839 1908 1018 1944 μιανοήσεται

214 1956 288 1992 γυνὴ
308 1955 423 1991 ἐκείνης
445 1954 538 1981 καὶσὺ
554 1953 754 1990 ὲξεπόρνευσας
772 1955 801 1981 έν
821 1955 934 1989 ποιμέσι
955 1955 1017 1981 πολ-

213 2004 285 2036 λοῖς,
296 2003 346 2029 καὶ
363 1996 552 2033 ἀνεκάλυπτες
567 2000 636 2036 πρός
657 2010 702 2036 με,
717 2001 791 2035 λέγει
809 1999 968 2037 Κύριος.Ἀ
974 2010 1019 2037 ρον

213 2051 283 2082 τοὺς
299 2048 458 2085 ὀφθαλμούς
478 2057 524 2075 σου
548 2049 587 2080 είς
609 2048 730 2080 εὐθεῖαν,
757 2049 805 2075 καὶ
828 2048 876 2081 ἴδε,
898 2048 950 2075 ποῦ
971 2049 1020 2075 οὐκ

215 2095 388 2132 ὲξεφύρθης,
403 2096 450 2123 ἐπὶ
465 2096 526 2127 ταῖς
541 2095 611 2127 ὁδοῖς
625 2095 756 2127 Exime-at;
773 2095 876 2128 αὐτοῖς,
893 2095 959 2121 ὡσεὶ
975 2104 1019 2121 κο-

217 2142 295 2179 ρώνη
311 2143 341 2169 ὲν
354 2142 453 2178 ιρήμῳ
469 2141 548 2178 μόνῃ.
567 2142 623 2168 Καὶ
641 2142 757 2177 ὲμίανας
777 2141 826 2177 τὴν
846 2143 899 2177 γῆν
915 2143 944 2169 ὲν
960 2143 1020 2173 ταῖς

217 2189 365 2225 πορνείαις
379 2197 438 2221 σου,
453 2188 502 2216 καὶ
520 2190 549 2215 ἐν
573 2189 634 2221 ταῖς
650 2189 761 2220 κακίαις
787 2197 844 2221 σου,
869 2188 917 2215 καὶ
943 2189 1021 2223 ἔσχες

217 2235 357 2271 ποιμένας
374 2234 491 2266 πολλοὺς
504 2235 545 2266 είς
556 2233 723 2269 πρόσκομμα
737 2234 937 2269 σεαυτῇ.¹’οψις
955 2234 1021 2269 πόρ-

217 2290 271 2316 νης
292 2281 404 2316 ἐγένετό
421 2289 480 2313 σοι,
502 2279 779 2316 ἁπηνῃσχύνξτ]ησας
804 2281 874 2316 πρὸς
893 2281 1022 2312 πάντας.»

218 2328 467 2364 Καταφρονήσασα
488 2326 554 2363 γὰρ,
578 2327 616 2359 ὡς
638 2326 717 2362 ἔφην,
740 2327 791 2361 τῆς
815 2327 868 2353 ὑπὸ
887 2327 946 2361 Θεῷ
963 2327 1024 2354 δου-

218 2374 310 2407 λείας,
324 2373 464 2410 ἐτράπετο
478 2373 547 2409 πρὸς
561 2373 713 2399 ἀπόστασιν
723 2373 838 2404 καὶτοῖς
853 2373 1023 2409 ἀκαθάρτοις

219 2421 375 2457 πνεύμασι,
388 2420 435 2447 καὶ
448 2421 505 2452 τοῖς
516 2420 571 2447 τῶν
582 2419 701 2447 εἰδώλων
715 2419 910 2455 θεραπευταῖς,
921 2420 1021 2455 ἐχρῆτο

219 2467 340 2504 ποιμέσι
357 2467 406 2494 καὶ
422 2466 605 2498 διδασκάλοις.
623 2466 679 2493 Καὶ
696 2466 777 2493 ταυτὶ
799 2466 866 2501 μὲν,
884 2466 921 2498 ὡς
943 2466 1023 2501 ἔφην,

219 2514 278 2549 πρὸ
306 2512 359 2548 τῆς
383 2511 432 2539 τοῦ
453 2512 585 2548 Σωτῆρος
611 2511 691 2547 ἡμῶν
719 2510 867 2547 ἐπιδημίας
894 2511 943 2545 τῆς
971 2510 1024 2536 τῶν

226 2558 368 2587 Ἰουδαίων
381 2558 549 2593 Συναγωγῆς
560 2556 596 2584 τὰ
608 2557 780 2592 ἐγκλήματα.
800 2556 910 2591 Ἐπειδὴ
926 2556 954 2583 δὲ
970 2557 1025 2587 τοῖς

220 2605 272 2632 ἐπὶ
297 2604 350 2640 τῆς
369 2604 422 2639 γῆς
449 2602 610 2639 ἐπέλαμψεν
635 2602 650 2628 ὁ
674 2601 792 2637 Χριστὸς
820 2600 949 2635 (ὲπέφανε
971 2600 1026 2636 γὰρ

220 2652 304 2687 ἡμῖν,
321 2650 395 2678 κατὰ
406 2650 438 2677 τὸ
449 2648 655 2684 γεγραμμένον,
666 2647 732 2679 Θεὸς
748 2646 873 2683 Κύριος),
888 2646 938 2672 οὐκ
951 2645 1027 2681 αὐτῷ

224 2698 332 2734 μᾶλλον
347 2697 450 2735 ἐχρῆτο
466 2696 600 2731 παιδευτῇ
612 2704 619 2710 ·
634 2695 767 2731 τετίμηκε
790 2694 819 2720 δὲ
841 2693 1026 2726 διδασκαλίας,

222 2744 386 2781 ἐντάλματα
410 2742 581 2780 ἀνθρώπων*
601 2742 648 2769 καὶ
672 2741 717 2768 τὸν
736 2741 817 2768 καλὸν
840 2740 940 2775 ἀφεῖσα
970 2748 1029 2766 ποι-

261 2835 285 2852 ¹¹
300 2833 404 2862 Jercm.
425 2840 470 2864 tu.
483 2832 509 2860 6.
549 2832 571 2849 ⁶⁰
583 2831 649 2859 ibid.
670 2830 736 2863 1,2,
754 2829 780 2856 5.

262 2904 304 2938 (l)
323 2902 479 2938 ilumfred.,
493 2901 604 2938 materia
615 2905 638 2927 et
655 2898 908 2938 opiis_ﬁaizt_gladii.
921 2896 1024 2938 Tritum

226 2931 302 2975 apud
315 2938 428 2967 Graecos
450 2931 578 2972 loquendi
605 2931 699 2969 genus.
723 2931 827 2962 lle-liud.
847 2934 893 2961 lib.
912 2940 930 2966 t,
946 2931 1027 2965 ἔργον

1055 286 1244 319 vicaciamque
1260 283 1360 311 divinis
1376 282 1483 317 legibus
1495 278 1693 308 adversentur?

1091 330 1174 359 νης.
1195 330 1241 359 2i.
1261 329 1398 362 Quomodo
1419 328 1492 363 facta
1508 331 1548 355 ut
1570 325 1697 353 mentri:
1718 323 1794 357 Sion,
1814 325 1851 350 ci-

1054 378 1120 404 vitas
1134 375 1232 411 ﬁdelis,
1250 375 1327 410 plena
1337 374 1455 408 judicii?
1470 372 1504 400 In
1521 380 1574 407 qua
1593 371 1701 408 juttitia
1717 369 1850 400 dormivit,

1055 423 1084 450 in
1095 431 1126 450 ea
1141 430 1210 449 nunc
1227 420 1378 448 homicidae.

1090 468 1249 496 Admiratur
1260 465 1461 502 quodammodo
1478 464 1598 492 Iudaicae
1612 463 1764 499 Synagnga:
1785 460 1854 488 adeo

1055 514 1197 542 ﬂaccidam
1230 518 1258 541 et
1287 512 1420 540 lubricam
1448 510 1638 543 mutationem,
1669 508 1853 536 mulationem

1056 562 1119 589 dico
1132 565 1161 589 et
1178 560 1321 588 transitum
1339 559 1366 586 in
1385 557 1533 591 deteriora,
1550 562 1576 585 et
1600 564 1633 584 ex
1652 554 1811 583 melioribus
1826 553 1853 580 in

1058 609 1194 645 turpiora.
1216 607 1254 635 Ex
1291 606 1374 634 llosis
1397 605 1530 640 siquidem
1556 604 1624 639 lege,
1645 602 1769 629 notitiam
1795 598 1852 633 eius

1057 657 1127 691 quod
1145 655 1210 682 utile
1229 658 1281 687 est,
1303 653 1451 681 docebatur
1472 660 1478 678 :
1503 655 1529 677 et
1545 657 1606 677 eum
1629 649 1675 676 Dei
1699 653 1853 675 sermonem

1059 702 1136 737 quasi
1154 700 1351 728 internuntium
1370 704 1396 725 et
1413 697 1584 725 tabellarium
1600 695 1724 726 haberet,
1742 693 1788 727 qui
1800 692 1857 719 siu-

1059 750 1120 786 gula
1140 757 1200 784 quae
1216 748 1320 783 agenda
1337 750 1400 774 sunt
1424 745 1539 773 referret
1562 749 1589 771 et
1612 743 1779 778 deportaret.
1801 739 1859 766 illn.

1059 785 1123 824 stris
1139 804 1171 823 ac
1197 793 1407 830 spectatissima,
1435 797 1463 819 et
1486 789 1668 818 admiratione
1688 788 1770 821 digna
1798 785 1857 815 fuit,

1059 851 1091 870 ac
1119 841 1284 878 percelebris
1319 839 1388 874 apud
1413 835 1627 873 quamplurimas
1658 833 1802 865 homines,
1833 832 1858 857 in

1060 877 1158 924 quibus
1181 887 1292 922 iustitia:
1320 886 1425 913 fructus
1448 883 1588 918 opulenter
1613 885 1639 908 et
1665 880 1767 907 all‘atim
1786 877 1860 905 cillo-

1062 936 1126 969 ruit,
1143 939 1255 969 eratque
1274 933 1328 960 Deo
1346 935 1468 965 accepta.
1486 929 1657 957 Exstiteruut
1686 927 1758 954 enim
1777 925 1804 952 in
1828 932 1859 950 ea

1064 981 1203 1017 propheta:
1218 987 1250 1007 ac
1262 979 1428 1011 sacerdotes,
1445 981 1472 1003 et
1491 976 1536 1011 qui
1559 974 1673 1010 jnstitia:
1701 971 1861 999 muneribus

1062 1016 1262 1063 iungebantur:
1278 1023 1461 1052 multitudinis
1484 1028 1591 1057 quoque
1612 1018 1742 1055 pra-lecti,
1767 1016 1860 1052 judieii

1064 1079 1171 1102 tenaces
1199 1077 1226 1100 et
1258 1072 1384 1100 custodes
1415 1070 1535 1103 fuerunt,
1562 1068 1703 1103 legemque
1721 1066 1747 1092 in
1770 1065 1860 1098 lingua

1063 1121 1226 1150 habuerunt,
1250 1119 1328 1147 bonis
1354 1117 1561 1151 commodisque
1592 1113 1713 1141 moribus
1734 1111 1861 1138 omnibus

1063 1165 1201 1195 honestati
1216 1170 1243 1193 et
1266 1163 1400 1192 exornati.
1422 1163 1463 1190 Ad
1483 1166 1637 1190 extremum
1665 1166 1730 1186 vero
1753 1157 1797 1184 bis
1822 1160 1862 1182 tot

1065 1220 1096 1241 ac
1114 1213 1196 1239 tantis
1226 1211 1322 1243 bonis,
1350 1216 1378 1237 et
1405 1210 1516 1243 antiqua
1548 1207 1615 1234 adeo
1643 1206 1686 1233 illa
1714 1204 1861 1240 probitate,

1065 1259 1141 1294 quasi
1160 1258 1269 1288 orbata,
1287 1256 1489 1284 inconsiderate
1510 1253 1606 1282 maluit
1631 1259 1721 1288 agere,
1748 1255 1775 1277 et
1801 1249 1863 1277 reli-

1065 1307 1172 1341 gionem
1188 1312 1219 1332 ac
1233 1303 1412 1332 reverentiam
1427 1309 1492 1337 erga
1508 1301 1590 1329 Deum
1614 1305 1790 1333 amoremque
1814 1305 1863 1331 pro

1066 1352 1151 1379 nihilo
1163 1351 1237 1378 duxit
1253 1355 1336 1386 atque
1356 1348 1531 1384 contempsit.
1556 1346 1695 1381 Siquidem
1716 1349 1779 1372 ante
1801 1343 1860 1371 Serv

1066 1398 1170 1424 vatoris
1202 1396 1287 1424 nostri
1318 1395 1476 1425 adventum,
1502 1393 1626 1420 adoravit
1659 1390 1730 1419 haud
1767 1394 1865 1417 natum

1067 1445 1132 1471 deos
1147 1453 1154 1470 :
1172 1450 1255 1470 unum
1274 1447 1364 1469 autem
1383 1446 1410 1469 et
1426 1448 1491 1468 vere
1514 1439 1657 1467 Dotninum
1674 1436 1865 1465 fornicationi-

1068 1491 1117 1518 bus
1135 1491 1161 1517 in
1178 1490 1229 1517 hoc
1244 1488 1361 1524 repertis
1379 1488 1460 1522 impie
1478 1487 1591 1518 lzedens,
1609 1489 1636 1514 et
1651 1489 1779 1519 tanquam
1802 1490 1866 1518 pro-

1068 1537 1161 1564 stitula
1186 1537 1319 1570 quaepiam
1353 1542 1384 1561 ac
1411 1534 1510 1561 lasciva
1534 1532 1631 1560 mulier
1659 1530 1751 1558 multis
1769 1529 1866 1557 variis-

1030 1596 1051 1625 C
1069 1590 1122 1618 que
1144 1583 1229 1610 modis
1248 1582 1329 1616 impia
1350 1581 1409 1613 fuit,
1431 1580 1499 1607 alias
1519 1579 1580 1607 aliis
1603 1578 1792 1606 adhaerescens
1818 1577 1868 1603 do—

1070 1628 1262 1663 ctoribus,qui
1276 1627 1310 1655 ad
1329 1627 1438 1662 quidvis
1468 1627 1522 1653 lleo
1546 1625 1663 1653 invisum
1687 1623 1871 1657 infestumque.

1071 1674 1204 1701 adducere
1216 1678 1361 1701 noverant.
1385 1672 1503 1699 Accusat
1522 1671 1613 1705 itaque
1637 1670 1710 1698 illam
1737 1668 1872 1696 universi¢

1071 1720 1134 1747 tatis
1160 1720 1230 1746 Deus
1251 1725 1317 1746 voce
1334 1717 1460 1745 Ieremia:
1481 1726 1487 1744 :
1511 1726 1520 1743 ι
1536 1716 1595 1744 Scis
1625 1722 1686 1750 quae
1716 1713 1781 1741 fecit
1803 1711 1871 1740 mihi

1070 1766 1166 1793 donms
1179 1764 1261 1793 lsracl
1278 1773 1284 1792 :
1297 1765 1424 1792 abierunt
1438 1764 1471 1790 ad
1482 1770 1589 1791 omnem
1602 1766 1721 1790 montem
1733 1759 1870 1788 excelsum

1070 1817 1097 1839 et
1114 1812 1165 1839 sub
1182 1811 1256 1839 omni
1278 1811 1350 1846 ligno
1374 1809 1504 1838 frondoso
1528 1809 1640 1836 seortati
1666 1813 1731 1835 sunt
1748 1807 1781 1835 ⁵⁵.
1806 1816 1815 1833 ι
1837 1805 1871 1833 Ει

1073 1866 1165 1886 rursus
1182 1858 1258 1894 quasi
1273 1858 1307 1886 ad
1324 1857 1397 1885 illam
1412 1866 1418 1884 :
1439 1866 1448 1882 ι
1468 1856 1497 1884 Si
1515 1856 1649 1884 dimiserit
1672 1855 1734 1890 quis
1757 1861 1869 1881 uxorem

1072 1911 1255 1940 suam,eaque
1268 1904 1398 1932 recedens
1412 1903 1514 1936 abillo,
1525 1903 1609 1930 nubat
1621 1901 1679 1929 viro
1690 1900 1779 1932 alteri,
1794 1907 1871 1927 num-

1072 1951 1135 1986 quid
1152 1955 1293 1979 revertens
1315 1955 1468 1978 revertetur
1485 1949 1540 1985 24.
1559 1949 1592 1976 ad
1610 1947 1690 1976 eum?
1711 1953 1801 1975 nonne
1815 1945 1872 1980 pol—

1073 1998 1128 2024 luta
1142 1997 1278 2032 polluetur
1291 2004 1360 2024 uxor
1376 1996 1438 2023 illa?
1459 1995 1491 2023 Et
1514 2001 1541 2022 tu
1560 1995 1693 2022 fornicata
1719 2001 1749 2020 cs
1775 1992 1801 2019 in
1826 1999 1873 2025 pa-

1073 2043 1195 2071 storibus
1212 2043 1314 2076 multis,
1330 2046 1358 2071 et
1374 2041 1556 2070 revertebaris
1572 2041 1604 2068 ad
1621 2048 1673 2073 me,
1694 2039 1760 2067 dicit
1775 2038 1870 2065 Domi~

1073 2097 1136 2119 nus.
1151 2089 1252 2117 Attolle
1267 2089 1361 2117 oculos
1386 2092 1447 2116 tuos
1472 2088 1499 2115 in
1526 2093 1643 2120 rectum,
1674 2090 1701 2113 et
1724 2085 1796 2116 vide,
1828 2083 1873 2110 ubi

1075 2143 1129 2163 non
1143 2139 1323 2170 conspurcata
1336 2135 1384 2162 sis.
1401 2134 1429 2161 ln
1442 2135 1492 2161 viis
1509 2133 1623 2161 sedebas
1639 2132 1690 2166 eis,
1711 2130 1790 2165 Quasi
1813 2137 1874 2157 cor-

1072 2182 1118 2208 nix
1147 2181 1289 2214 solitaria;
1318 2180 1439 2215 polluisti
1478 2184 1577 2206 terram
1604 2178 1631 2205 in
1662 2176 1874 2204 seortationibus

1074 2228 1139 2260 tuis,
1152 2233 1179 2255 et
1200 2227 1225 2254 in
1242 2227 1342 2254 malitia
1361 2232 1417 2254 tua.
1435 2236 1444 2252 ι
1475 2225 1597 2253 Habuisti
1621 2229 1746 2260 pastores
1776 2222 1876 2249 multos

1042 2279 1064 2307 Ι)
1079 2276 1104 2302 in
1121 2275 1298 2303 oll'ensionem
1310 2275 1358 2302 tibi
1374 2274 1436 2308 ipsi.
1453 2272 1550 2300 Facies
1566 2270 1721 2299 meretricis
1740 2270 1810 2297 facta
1834 2274 1876 2295 est

1077 2322 1134 2355 tibi,
1153 2322 1212 2349 sine
1226 2321 1325 2348 rubore
1354 2320 1425 2347 facta
1446 2327 1476 2347 es
1493 2320 1525 2346 ad
1544 2326 1639 2345 omnes
1661 2317 1694 2345 ⁵ο.
1722 2326 1731 2342 ι
1753 2316 1873 2345 Etenim,

1077 2369 1115 2395 uti
1131 2368 1265 2401 dixeram,
1286 2366 1390 2394 cultum
1418 2365 1540 2393 divinum
1569 2367 1723 2399 aspernata,
1749 2361 1775 2389 in
1810 2368 1874 2395 apu-

1078 2414 1193 2442 stasiam
1207 2420 1340 2441 conversa
1353 2416 1395 2439 est.
1419 2420 1426 2437 :
1443 2418 1474 2438 ac
1491 2409 1647 2446 pastoribus
1665 2407 1877 2439 doctoribusquc

1081 2468 1129 2488 usa
1143 2464 1195 2493 est,
1214 2459 1329 2494 impuris
1354 2457 1496 2493 spiritibus
1513 2461 1541 2484 et
1562 2455 1697 2483 idolorum
1718 2451 1877 2481 cultoribus.

1080 2507 1152 2539 liceo,
1170 2506 1206 2534 ita
1217 2510 1245 2533 ut
1257 2505 1324 2538 dixi,
1337 2504 1448 2532 fuerunt
1459 2508 1524 2530 ante
1548 2500 1705 2529 Servatoris
1729 2499 1876 2526 adventum

1080 2553 1200 2582 Judaicze
1217 2552 1366 2587 Synagogaa
1383 2550 1498 2578 scelera.
1512 2548 1660 2582 Postquam
1676 2553 1741 2573 vero
1753 2545 1779 2572 in
1798 2544 1879 2571 terris

1081 2599 1207 2628 Christus
1217 2597 1326 2631 ell'ulsit,
1339 2596 1464 2633 apparuit
1478 2594 1550 2622 enim
1564 2593 1642 2621 nobis
1652 2592 1721 2619 Deus
1733 2590 1878 2622 Dominus,

1082 2652 1112 2674 ut
1130 2646 1262 2680 scriptum
1280 2648 1332 2676 est,
1354 2651 1407 2670 non
1430 2641 1506 2670 illum
1524 2640 1647 2668 adhibuit
1671 2643 1877 2674 praceptorem,

1083 2691 1130 2719 sed
1145 2689 1228 2718 coluit
1241 2689 1331 2723 potius
1349 2687 1498 2718 doctrinas,
1519 2685 1644 2713 mandata
1668 2683 1826 2714 hominum;
1849 2689 1881 2708 ac

1083 2738 1153 2766 bono
1166 2741 1276 2771 pastore
1290 2735 1443 2770 repudiato,
1461 2733 1505 2768 qui
1520 2733 1552 2759 ad
1565 2731 1655 2759 omnia
1672 2728 1880 2764 praeclarissima

1082 2894 1209 2928 γενέσθαι
1225 2892 1354 2927 πολέμου·
1373 2890 1481 2925 Syncs.,
1502 2888 1582 2924 ἔργον
1599 2888 1725 2923 γενέσθαι
1748 2887 1883 2921 συκοφάν-

1083 2938 1141 2957 τοι).
