4100 6472
444 303 509 360 5|
1472 305 1530 361 S.
1573 306 1847 364 CYRILLI
1887 308 2358 367 ALEXANDRINI
2398 312 2718 370 ARClllEP.
3188 304 3191 307 b
3271 383 3279 391 .
3646 316 3678 372 5

445 415 695 473 instituta
746 419 1043 487 perducere
1094 427 1340 485 noverat,
1388 420 1594 478 Scribis
1638 435 1691 481 et
1731 424 2009 483 Pharisaei:

2130 430 2289 501 μένα,
2324 431 2416 486 τὸν
2448 432 2531 497 είς
2575 434 2685 487 πᾶν
2716 429 2893 485 ὁτιοῦν
2930 429 3041 485 τῶν
3073 431 3312 498 ἀρίστων
3354 430 3714 503 ἀποκομίζειν

444 506 782 578 agglutinata
815 519 919 573 est,
952 519 1006 564 et
1039 509 1277 566 addicta.
1324 506 1480 568 llunc
1511 514 1579 568 ad
1620 516 1836 570 modum
1875 532 2026 574 scor-

444 605 554 651 tata
579 605 682 664 est,
710 599 923 653 etiamsi
955 599 1036 653 lex
1078 609 1132 654 et
1157 601 1436 670 propheta:
1466 602 1667 659 Christi
1710 608 2025 677 mysterium

441 686 491 740 ci
519 686 896 756 praedicerent,
927 697 981 743 et
1004 688 1179 759 ipsum
1209 689 1522 747 adfuturum
1554 695 1844 765 aliquando
1884 713 2024 768 pra:-

441 769 779 832 nuntiarent.
812 795 831 829 ι
867 776 1145 843 Quomodo
1168 779 1351 850 igitur,
1389 800 1408 834 ι
1450 782 1646 853 inquit,
1683 803 1700 835 ι
1751 784 1891 839 facta
1941 795 2027 842 est

441 869 703 923 meretrix
738 868 932 923 civitas
966 869 1140 925 fidelis
1170 870 1323 940 Sion,
1355 873 1510 941 plena
1552 873 1795 943 judicio?
1834 895 1852 928 ι
1888 875 2020 933 Per-

438 954 567 1023 inde
608 964 693 1012 est
718 971 783 1013 ac
809 958 854 1014 si
892 959 1097 1016 diceret
1132 980 1145 1017 :
1183 961 1313 1028 Quae
1370 971 1452 1020 tot
1493 966 1560 1019 ad
1610 966 2020 1039 intelligendum

441 1045 761 1104 occasiones
822 1051 1055 1122 accepit,
1119 1052 1229 1108 imo
1282 1069 1415 1111 vero
1476 1072 1594 1125 qua:
1650 1059 2024 1129 spiritualibus

436 1135 763 1208 adiumentis
822 1141 1148 1210 abundavit,
1193 1145 1248 1201 in
1285 1147 1643 1205 defectionem
1700 1160 1755 1208 et
1802 1163 2022 1223 aposta-

438 1231 573 1285 siam
603 1232 847 1299 deﬂuit,
868 1235 995 1290 olim
1032 1237 1207 1295 ﬁdelis
1244 1249 1301 1295 et
1342 1240 1567 1312 iustitia!
1600 1244 1917 1312 operatrix?
1962 1246 2019 1302 ln

438 1337 546 1391 qua
595 1322 807 1393 iustitia
844 1326 1131 1395 habitavit,
1160 1332 1264 1387 hoc
1297 1340 1398 1399 est,
1436 1333 1517 1387 lex
1551 1337 1858 1405 conquievit
1895 1338 2019 1409 (do-

440 1403 704 1471 micilium
750 1417 895 1473 enim
956 1423 1225 1490 quoddam
1278 1426 1395 1494 ejus
1443 1424 1563 1492 fuit,
1619 1428 1702 1483 his
1736 1428 2020 1485 elementis

440 1504 631 1571 primis
671 1509 882 1565 erudita
924 1511 1258 1582 multitudo),
1300 1516 1525 1571 nuncin
1564 1531 1627 1572 ea
1672 1518 2018 1575 diversantur

438 1596 760 1655 homicidae?
795 1601 1038 1659 Audisne
1070 1619 1215 1671 eum,
1243 1607 1464 1677 reliquis
1496 1609 1750 1666 omnibus
1788 1621 2015 1682 praeter-

2128 516 2327 589 είδότα,
2366 519 2773 593 προσεκολλήθη
2805 520 2915 584 τοῖς
2953 517 3274 591 ἀρχιερεῦσι
3315 519 3410 572 καὶ
3454 520 3715 592 Γραμμα-

2128 612 2325 677 ταίοις,
2356 596 2452 666 καὶ
2484 613 2591 683 μὴν
2616 612 2673 666 δὲ
2705 613 2800 665 καὶ
2825 610 3162 681 Φαρισαίοις.
3181 611 3624 681 Ἐκπεπόρνευκε
3655 613 3713 665 δὲ

2129 700 2272 755 κατά
2300 701 2488 756 τοῦτον
2521 702 2612 755 τὸν
2639 702 2862 773 τρόπον.
2896 700 3089 754 Καίτοι
3121 700 3216 754 καὶ
3250 701 3412 770 νόμον
3442 700 3535 754 καὶ
3569 716 3706 770 προ-

2130 794 2314 864 φητῶν
2347 792 2914 865 προανακεκραγότων
2945 792 3082 863 αὐτῇ
3122 791 3185 845 τὸ
3224 791 3461 863 Χριστοῦ
3495 792 3704 863 μυστή-

2129 904 2266 958 ριον,
2301 887 2397 941 καὶ
2429 887 2511 940 ὅτι
2545 885 2818 958 παρέσται
2863 884 3006 940 κατὰ
3052 886 3277 956 καιροὺς
3325 885 3709 957 προαπηγγελ-
3752 880 3757 885 ’

2126 976 2322 1031 κότων.
2358 996 2376 1029 ι
2409 977 2538 1042 Πῶς
2558 973 2650 1033 οῦν
2685 979 2924 1047 ἐγένετο,
2946 978 3104 1049 φησὶ,
3139 980 3313 1050 πόρνη
3350 978 3506 1042 πόλις
3540 977 3706 1049 πιστὴ

2126 1064 2264 1121 Σιὼν
2298 1067 2512 1140 πλήρης
2554 1070 2823 1143 κρίσεως;
2859 1090 2878 1122 ι
2921 1073 3147 1142 Ὅμοιον
3172 1069 3305 1124 ὡσεὶ
3330 1069 3507 1139 λέγοιο
3541 1070 3708 1132 Ποίας

2123 1160 2365 1215 λαϐοῦσα
2414 1162 2515 1225 τὰς
2563 1163 2659 1216 τοῦ
2705 1165 2882 1217 νοσεῖν
2929 1162 3223 1234 ἀφορμὰς,
3275 1163 3475 1233 μᾶλλον
3500 1160 3558 1214 δὲ
3588 1160 3707 1225 πῶς

2123 1251 2432 1322 ἀνάμεστος
2457 1246 2592 1307 οὖσα
2634 1253 3025 1324 πνευματικῶν
3064 1253 3530 1325 ἐπικουρημάτων
3569 1269 3704 1306 κατ⁹

2121 1341 2350 1398 ὡλισοεν
2389 1345 2470 1407 είς
2502 1343 2805 1398 ἀπόστασιν
2837 1343 3064 1415 ήπάλαι
3095 1343 3262 1416 πιστὴ
3294 1344 3390 1404 καὶ
3425 1340 3704 1423 δικαιοσύέ

2121 1451 2220 1506 νης
2249 1434 2509 1507 ἐργάτις,
2558 1429 2679 1510 ὲνῇ
2730 1436 3028 1490 κατέλυσεν
3069 1437 3103 1507 ἡ
3154 1433 3503 1505 δικαιοσύνη,
3553 1431 3703 1486 τοῦτ’

2118 1525 2289 1591 ἐστιν,
2332 1526 2682 1581 ἀνεπαύσατο
2722 1527 2918 1598 νόμος;
2955 1524 3105 1589 οἶκος
3133 1526 3243 1597 γὰρ
3273 1525 3462 1596 ῶσπερ
3488 1541 3573 1588 τις
3599 1524 3701 1578 αύ-

2117 1615 2213 1672 τοῦ
2244 1617 2468 1687 γέγονεν
2507 1619 2541 1686 ή
2576 1617 2688 1672 τῶν
2736 1617 3275 1688 παιδαγωγουμένων
3314 1616 3557 1687 πληθὺς,
3604 1613 3701 1668 νῦν

437 1688 639 1758 missis,
671 1693 941 1749 actionem
975 1696 1135 1752 caedis
1175 1697 1281 1754 illis
1315 1699 1621 1757 intentare?
1658 1703 2009 1762 Attraxerunl

2117 1707 2177 1762 δὲ
2205 1708 2609 1763 καταλελύκασι
2644 1708 2923 1778 φονευταί.
2969 1708 3215 1773 Ἀκούεις
3240 1709 3323 1761 ὅτι
3355 1706 3536 1762 πάντα
3557 1723 3700 1778 παρ-

432 1794 669 1851 namque
699 1782 752 1837 in
776 1795 968 1873 _caput
1002 1801 1157 1842 suum
1208 1790 1506 1860 pretiosum
1549 1792 1753 1851 Christi
1796 1799 2009 1869 sangui-

2116 1799 2199 1864 εὶς
2222 1800 2293 1855 τὰ
2314 1800 2479 1872 ἕτερα
2504 1801 2604 1873 τὴν
2645 1776 2956 1873 μιαιφονίαν
2986 1801 3171 1865 αὐτοῖς
3191 1799 3448 1869 ὲγκαλεῖ;
3476 1776 3696 1870 Κατην-

436 1883 588 1936 nem,
619 1886 741 1927 cum
775 1871 950 1929 Pilato
994 1876 1281 1934 dicerent:
1332 1899 1350 1933 ι
1411 1879 1643 1954 Sanguis
1690 1885 1810 1957 ejus
1851 1904 2014 1960 super

432 1978 535 2020 nos
594 1973 647 2020 et
688 1981 852 2037 super
886 1967 1029 2026 ﬁlios
1064 1982 1283 2029 nostros
1333 1974 1399 2031 “.
1446 1995 1465 2028 ι
1506 1976 1644 2046 Quin
1692 1991 1748 2035 et
1793 1993 2013 2042 sanctos

428 2059 725 2129 prophetas
745 2061 1116 2134 sustulerunt;
1152 2066 1203 2121 id
1226 2069 1369 2137 quod
1410 2070 1519 2126 illis
1555 2070 1744 2130 beatus
1784 2074 2014 2146 Stepha«

430 2163 537 2203 nus
570 2148 767 2218 ohjecit
802 2170 816 2207 :
856 2170 877 2205 ι
921 2154 1059 2211 Dura
1094 2158 1310 2215 cervice
1339 2169 1392 2215 et
1417 2162 1681 2218 increduli
1712 2166 1892 2232 corde,
1915 2184 2012 2225 vos

430 2255 645 2312 semper
676 2243 902 2315 Spiritui
938 2259 1128 2306 sancto
1160 2251 1431 2309 resistitis.
1463 2254 1632 2321 Quem
1666 2274 1697 2313 e
1733 2262 2011 2332 prophetis

431 2347 537 2386 non
571 2333 959 2395 interfecerunt
981 2351 1159 2411 patres
1189 2345 1389 2401 vestri?
1414 2343 1481 2402 Ut
1503 2357 1685 2419 patres
1716 2354 1903 2421 vestri,
1937 2356 2007 2412 ita

429 2433 486 2476 et
514 2438 608 2481 vos
636 2425 705 2484 θ’.
748 2446 769 2481 s

499 2599 669 2659 Vsus.
690 2604 785 2672 22,
817 2606 909 2663 25.
946 2608 1234 2681 Argentum
1259 2624 1483 2672 vestrum
1511 2620 1812 2688 reprobum.
1862 2620 2033 2680 Cau-'

424 2710 585 2761 pones
611 2697 690 2752 tui
722 2699 937 2754 miscent
967 2703 1143 2759 vinum
1177 2722 1341 2777 aqua,
1387 2710 1651 2780 principes
1703 2714 1782 2768 tui
1831 2716 2009 2771 inobe-

431 2786 633 2844 dientes
656 2798 800 2860 sunt,
832 2794 965 2848 socii
998 2795 1199 2865 furum,
1229 2799 1337 2870 25
1366 2801 1639 2873 diligentes
1660 2822 1898 2875 munera,
1921 2826 2006 2864 se-

410 2886 639 2964 .quentes
692 2882 1119 2952 retributionem,
1170 2891 1387 2960 pupillis
1434 2909 1538 2948 non
1582 2894 1908 2967 judicantes,
1957 2912 2005 2958 et

419 2966 627 3036 judicio
661 2970 833 3027 vidua:
859 2990 962 3028 non
994 2978 1339 3037 attendentes.

2113 1891 2349 1967 τλήκασι
2394 1894 2505 1965 γὰρ
2550 1893 2652 1965 τῆς
2701 1892 2911 1948 ἑαυτῶν
2943 1893 3186 1964 κεφαλῆς
3226 1892 3287 1946 τὸ
3327 1892 3507 1964 τίμιον
3555 1885 3697 1962 αἷμα

2113 1985 2388 2059 Χριστοῦ,
2441 1984 2660 2058 Πιλάτῳ
2713 1985 2994 2054 λέγοντες*
3033 2004 3052 2037 ‹
3085 1984 3161 2038 Τὸ
3206 1978 3350 2055 αἷμα
3397 1981 3562 2038 αὑτοῦ
3608 1982 3693 2051 ἐφ’

2112 2080 2266 2151 ἡμᾶς
2308 2079 2405 2133 καὶ
2444 2077 2539 2133 ἐπὶ
2562 2076 2634 2131 τὰ
2671 2076 2840 2132 τέκνα
2865 2075 3047 2148 ἡμῶν.
3084 2094 3103 2129 ι
3148 2075 3486 2147 ’Λνῃρήκασι
3510 2073 3568 2128 δὲ
3602 2073 3698 2126 καὶ

2114 2171 2401 2242 προφήτας
2430 2169 2618 2239 ἁγίους
2638 2184 2653 2199 ο
2685 2167 2963 2222 καὶτοῦτο
2988 2167 3175 2231 αὐτοῖς
3206 2167 3234 2221 ὁ
3262 2165 3532 2239 μακάριος
3565 2163 3696 2218 Στέ-

2114 2281 2283 2333 φανος
2321 2262 2589 2328 ὠνείδισε,
2617 2260 2794 2330 λέγων
2813 2277 2829 2294 ο
2859 2278 2878 2312 ι
2903 2257 3382 2331 Σκληροτράχηλοι
3409 2256 3505 2311 καὶ
3535 2257 3696 2311 ἀπειο

2114 2355 2225 2416 θεῖς
2260 2357 2325 2427 τῇ
2374 2354 2607 2427 καρδίᾳ,
2657 2354 2819 2425 ὑμεῖς
2850 2352 2939 2406 ἀεὶ
2994 2350 3074 2422 τῷ
3119 2348 3403 2420 Πνεύματι
3437 2346 3516 2419 τῷ
3548 2345 3695 2417 ἁγίῳ

2110 2447 2491 2502 ἀντιπίπτετε.
2523 2444 2659 2500 Τίνα
2687 2443 2795 2498 τῶν
2822 2442 3116 2515 προφητῶν
3139 2441 3241 2495 οὐκ
3277 2439 3607 2494 ἀπέκτειναν
3638 2436 3691 2490 οί

2111 2538 2351 2607 πατέρες
2381 2538 2568 2609 ὑμῶν;
2609 2537 2699 2601 Ὠς
2732 2535 2784 2590 οἱ
2811 2535 3049 2609 πατέρες
3077 2535 3230 2606 ὑμῶν
3257 2534 3351 2588 καὶ
3381 2533 3561 2605 ὑμεῖς.
3599 2550 3619 2585 ι

2188 2628 2260 2687 Τὸ
2295 2631 2582 2701 ἀργύριον
2604 2624 2774 2698 ὑμῶν
2818 2625 3127 2697 ἀδόκιμον.
3174 2626 3239 2679 Ol
3271 2622 3537 2691 κάπηλοι
3571 2635 3691 2676 σου

2105 2724 2403 2796 μίσγουσι
2466 2722 2579 2778 τὸν
2625 2716 2795 2776 οἶνον
2837 2717 3011 2773 ὕδατι
3033 2757 3049 2784 ,
3110 2717 3166 2772 οὶ
3217 2715 3509 2785 ἄρχον-τές
3567 2730 3687 2769 σου

2110 2815 2449 2882 ἀπειθοῦσι,
2489 2811 2766 2870 κοινωνοί
2796 2806 3093 2875 κλεπτῶν,
3116 2805 3465 2879 ἀγαπῶντες
3499 2804 3690 2874 δῶρα,

2109 2908 2428 2976 διώκοντες
2454 2903 2845 2975 ἀνταπόδομα
2868 2942 2884 2969 ,
2916 2900 3203 2971 ὀρφανοῖς
3245 2900 3316 2955 οὐ
3358 2898 3688 2969 κρίνοντες,

2111 3000 2209 3055 καὶ
2237 3000 2436 3070 κρίσει
2470 2997 2663 3069 χήρας
2688 2997 2761 3051 οὐ
2789 2994 3222 3078 προσέχοντες.

496 3060 706 3120 Causas
730 3067 1046 3124 mutationis
1070 3070 1122 3126 in
1147 3072 1386 3131 deterius
1421 3075 1580 3145 plane
1622 3092 1906 3138 enumerat
1938 3099 2002 3141 ac

497 3154 709 3183 "an..-
742 3173 756 3183 .
801 3165 851 3183 ιιι
895 3161 1337 3183 ...ηι---νι-.-.ιμη
1406 3182 1427 3183 η
1456 3168 1515 3183 ,.o
1579 3170 1592 3182 ς
1870 3176 1902 3183 -.

2181 3060 2297 3165 Τῆς
2329 3092 2423 3147 ἐπὶ
2466 3060 2563 3146 ea
2581 3060 2750 3163 χείρω
2791 3060 3099 3161 μεταϐολῆς
3131 3064 3231 3183 τάς
3277 3086 3459 3183 αἰτίας
3499 3085 3694 3183 ἀπαρι-

425 3154 757 3223 perspicue:
798 3165 854 3212 et
892 3161 1344 3229 quemadmodum
1404 3168 1719 3238 potissimus
1762 3176 2005 3235 medicus

2112 3154 2334 3258 θμεῖται
2364 3154 2719 3252 σαφῶςίίζαὶ
2757 3154 2947 3252 ῶσπερ
2991 3154 3074 3243 τις
3116 3177 3227 3232 τῶν
3257 3176 3692 3248 εὑτεχνεστάτων

428 3247 697 3318 quispiam
749 3251 968 3322 aegrotis
1009 3253 1183 3310 morbi
1223 3259 1540 3317 occasiones
1585 3264 1782 3334 aperit,
1834 3268 1913 3324 sic
1955 3278 2011 3325 et

425 3338 518 3397 ille
541 3341 765 3413 cupiens
798 3363 819 3397 ι
855 3359 1046 3403 omnes
1087 3347 1336 3407 homines
1365 3352 1545 3409 salvos
1574 3353 1716 3424 ﬁeri,
1744 3367 1908 3429 atque
1939 3360 2008 3416 ad

427 3432 760 3504 agnitionem
789 3437 1039 3494 veritatis
1069 3442 1356 3510 pervenire
1380 3443 1445 3509 ⁸³,
1481 3464 1501 3499 ι
1537 3445 1622 3502 his
1654 3449 1747 3520 qui
1786 3464 1854 3506 ex
1901 3451 2007 3507 im-

425 3526 622 3594 peritia
671 3528 740 3583 ab
777 3528 1006 3586 honesto
1052 3533 1359 3606 decoroque
1405 3535 1763 3610 deﬂexerunt,
1812 3559 2009 3601 causas

425 3615 775 3675 alllictionutn
821 3629 878 3678 et
913 3622 1231 3680 delictorum
1270 3630 1515 3699 exponit.
1576 3650 1596 3685 ι
1633 3631 1944 3705 Reprobum
1982 3655 2003 3691 ι

400 3710 597 3790 τοίη),
640 3713 834 3784 inquit,
874 3724 957 3772 est
993 3735 1014 3770 ι
1047 3731 1330 3791 argentum
1364 3733 1628 3781 vestrum.
1661 3745 1680 3780 ι
1708 3726 2006 3799 Argentum

402 3813 586 3881 _vocat
612 3810 923 3877 reprobum,
955 3821 1248 3880 praecepta,
1279 3828 1398 3884 quae
1431 3817 1572 3888 apud
1605 3819 1750 3889 ipsos
1779 3820 2010 3879 inoleve-

424 3907 575 3964 runt,
602 3914 707 3955 non
738 3900 971 3972 ingenua
1017 3914 1109 3961 aut
1156 3906 1420 3978 liberalia,
1476 3911 1571 3968 sed
1623 3913 1771 3969 omni
1826 3916 2008 3986 potius

425 3988 787 4048 detestatione
830 3992 1052 4061 referta,
1092 4012 1157 4053 ac
1201 4013 1321 4068 quse
1344 4002 1554 4080 obesse,
1591 4018 1697 4060 non
1748 4007 2008 4076 prodesse

423 4079 763 4139 auditoribus
805 4094 1076 4154 poterant.
1122 4086 1271 4146 Solet
1313 4079 1571 4147 nimirum
1611 4092 1892 4164 Scriptura
1924 4096 2009 4152 di-

396 4171 629 4250 .vinilus
666 4175 928 4246 aspirata,
976 4179 1327 4237 catecheseos
1368 4198 1671 4251 sermones,
1700 4169 1809 4256 qui
1864 4189 2003 4258 apud

420 4266 677 4336 populum
727 4268 999 4325 subditum
1031 4271 1324 4341 habentur,
1371 4286 1653 4348 argentum
1702 4280 2000 4351 appellare.

421 4353 491 4413 Et
514 4374 644 4416 sane
676 4361 935 4421 Dominus
967 4363 1337 4423 noster'Jesus
1366 4368 1618 4427 Christus
1671 4371 1850 4429 simile
1883 4387 2004 4429 esse

2112 3276 2316 3348 ἰατρῶν
2366 3275 2485 3338 τοῖς
2541 3271 2930 3345 ἡῤῥωστηκόσι
2990 3271 3139 3339 λέγει
3195 3270 3297 3334 τὰς
3365 3266 3462 3322 τοῦ
3516 3267 3694 3322 νοσεῖν

2110 3368 2391 3443 ἀφορμὰς,
2438 3367 2582 3423 οὕτω
2616 3367 2713 3421 καὶ
2742 3366 2905 3431 αὐτὸς
2949 3366 2977 3419 ὁ
3017 3365 3228 3428 πάντας
3254 3360 3573 3434 ἀνθρώπους
3604 3358 3693 3412 θέ-

2098 3444 2216 3531 ίλων
2267 3461 2542 3533 σωθῆναι,
2591 3457 2686 3513 καὶ
2715 3459 2794 3523 είς
2841 3456 3140 3526 ἐπίγνωσιν
3186 3450 3443 3524 ἀληθείας
3489 3447 3690 3513 ἐλθεῖν,

2096 3528 2222 3620 τοῖς
2260 3554 2318 3622 ἐξ
2361 3528 2604 3626 ἀμαθίας
2649 3550 3034 3624 ήρῤωστηκόσι
3080 3545 3176 3601 τοῦ
3226 3543 3531 3617 πρέποντος
3577 3539 3693 3593 δια-

2106 3650 2297 3721 τρανοῖ
2328 3646 2426 3710 τὰς
2476 3644 2656 3709 αίτίας
2688 3644 2797 3697 τῶν
2830 3643 2887 3697 ὲν
2920 3640 3103 3737 αὐτοῖς
3153 3637 3343 3737 παθῶν
3373 3635 3471 3737 καλἶ
3506 3632 3691 3737 πλημ-

2111 3716 2461 3812 μελημάτων.
2505 3754 2523 3788 ι
2576 3734 2859 3807 Ἀδόκιμον
2900 3733 3010 3804 γὰρ
3054 3731 3114 3785 τὺ
3143 3724 3686 3828 ἀργύριον-ῦμῶνζ)

2110 3830 2266 3903 φησί.
2322 3830 2435 3883 Καὶ
2491 3826 2755 3900 ἀργύριον
2809 3826 2908 3897 μὲν
2954 3823 3213 3894 ἀδόκιμον
3269 3815 3529 3891 ὀνομάζει
3579 3816 3691 3869 τῶν

2110 3920 2243 3993 παρ’
2285 3921 2468 3984 αὐτοῖς
2500 3918 2841 3975 διδασκάλων
2878 3918 2969 3971 τὸν
2998 3912 3100 3970 οὐκ
3136 3913 3336 3983 εὐφυᾶ,
3386 3909 3587 4010 μάλλον
3632 3906 3691 4010 δὲ

2109 4014 2203 4069 καὶ
2232 4012 2515 4085 βδελυρίας
2557 4011 2777 4081 ἁπάσης
2820 4009 3116 4082 ὲπίμεστον
3147 4006 3305 4074 λόγον
3324 4022 3338 4037 ο
3370 4002 3466 4057 καὶ
3508 4001 3693 4069 ἀδικῆ-

2090 4098 2203 4162 σαι
2247 4104 2447 4177 μᾶλλον
2490 4105 2636 4175 ἤπερ
2675 4101 2868 4172 ὀνῆσαι
2915 4100 3209 4171 δυνάμενον
3249 4098 3378 4162 τοῦς
3411 4092 3690 4167 ἀκροωμέ-

2109 4196 2619 4263 νους.Κατείθισται
2647 4192 2704 4247 δέ
2733 4209 2852 4256 πως
2879 4192 2914 4263 ἡ
2945 4190 3307 4253 θεόπνευστος
3336 4185 3531 4259 Γραφὴ
3560 4182 3694 4245 τοὺς

2108 4291 2211 4363 τῆς
2236 4289 2591 4361 κατηχήσεως
2620 4285 2835 4355 λόγους,
2878 4283 2972 4349 οὓς
3017 4283 3083 4338 ἂν
3125 4279 3362 4338 ποιοῖντό
3406 4294 3550 4342 τινες
3575 4277 3691 4341 τοῖς

2108 4383 2214 4438 ὑπὸ
2247 4384 2406 4455 χεῖρα
2452 4380 2605 4443 λαοῖς
2650 4376 2917 4449 ἀργύριον
2967 4373 3284 4430 ἀποκαλεῖν.
3337 4371 3449 4425 Kal.
3490 4367 3622 4438 γοῦν
3661 4368 3691 4421 ὁ

422 4450 556 4507 dicit
579 4452 625 4484 ’δ
660 4468 887 4525 regnum
933 4458 1195 4515 cmlorum
1243 4459 1445 4515 homini
1479 4460 1876 4531 patrifamilias,
1910 4465 2001 4535 qui

2112 4450 2317 4544 Κύριος
2336 4450 2505 4540 ⁷ήμῶν
2541 4464 2750 4536 Ἰησοῦς
2776 4466 2804 4519 ὁ
2833 4463 3066 4535 Χριστὸς
3098 4460 3417 4535 ὁμοιοῦσθαί
3438 4474 3572 4529 φησι
3590 4455 3690 4527 τὴν

418 4543 764 4613 profecturus
807 4563 1033 4623 peregre
1081 4550 1313 4608 vocavit
1341 4567 1533 4610 servos
1573 4568 1701 4610 suos
1750 4567 1845 4611 :et
1883 4557 2010 4613 huic

421 4634 638 4704 quidem
670 4638 1078 4713 deditquinque
1116 4643 1341 4710 talenta,
1376 4642 1452 4700 illi
1493 4659 1622 4700 vero
1667 4646 1792 4709 duo.
1841 4663 2005 4702 unum

419 4724 598 4795 alteri,
651 4730 849 4800 quibus
893 4733 1077 4791 labore
1114 4748 1212 4791 suo
1253 4736 1542 4803 defunctis,
1591 4737 1781 4809 dignas
1820 4737 2008 4796 laudes

418 4819 700 4877 reddens:
738 4842 759 4875 ‹
799 4823 968 4895 Euge,
1013 4827 1208 4897 inquit,
1255 4841 1413 4884 serve
1460 4826 1604 4885 bone
1635 4840 1690 4886 et
1740 4829 1935 4886 ﬁdelis.
1979 4850 1999 4884 ι

418 4908 483 4964 Ei
512 4921 694 4969 autem
734 4915 823 4985 qui
854 4914 1139 4972 abscondit
1170 4918 1454 4986 talentum,
1490 4918 1734 4989 nihilque
1777 4920 2001 4976 omnino

416 5003 606 5060 labore
633 5008 954 5077 acquisivit:
985 5026 1006 5062 ι
1042 5008 1229 5075 Serve,
1266 5029 1288 5064 ι
1326 5012 1420 5077 ait,
1451 5030 1471 5064 ι
1501 5027 1733 5082 nequam
1754 5020 1808 5067 et
1828 5006 2000 5084 piger,

415 5097 702 5163 oportebat
735 5106 786 5153 te
811 5098 1027 5155 mittere
1062 5110 1345 5168 argentum
1378 5117 1557 5157 meum
1597 5103 1998 5172 nummulariis,

415 5197 473 5240 et
507 5202 607 5257 ego
643 5203 895 5246 reversus
951 5205 1130 5245 meum
1180 5206 1301 5246 cum
1342 5192 1547 5253 fenore.
1584 5194 1931 5264 recepissem.
1971 5213 1992 5249 ι

414 5278 577 5335 Canit
606 5280 770 5335 etiam
814 5281 1003 5338 beatus
1040 5281 1210 5337 David
1244 5302 1256 5338 :
1302 5302 1321 5335 ι
1361 5283 1583 5355 Eloquia
1621 5284 1854 5353 Domini,
1887 5287 2000 5343 elo-

414 5370 540 5438 quia
587 5387 746 5442 pura,
793 5382 1077 5443 argentum
1114 5374 1235 5445 igne
1281 5378 1670 5445 examinatum,
1712 5381 1992 5448 probatum

416 5472 576 5517 terra:
605 5464 676 5520 ⁸⁸.
717 5483 736 5516 ι
770 5465 1148 5523 Adulterinum
1196 5471 1377 5540 itaque
1432 5479 1488 5525 et
1547 5488 1649 5527 non
1712 5474 1993 5540 probatum

414 5565 701 5623 argentum
727 5555 848 5625 luit,
879 5560 1023 5629 quod
1066 5562 1207 5630 apud
1243 5560 1455 5621 Judaaos
1486 5566 1623 5632 erat,
1660 5566 1709 5619 id
1736 5575 1841 5633 est,
1877 5582 1997 5637 qua:

2111 4560 2389 4634 βασιλείαν
2440 4556 2551 4612 τῶν
2598 4555 2843 4627 οὐρανῶν
2884 4553 3157 4625 ἀνθρώπῳ
3194 4550 3583 4621 οἰκοδεσπότῃ,
3630 4546 3690 4610 ὃς

2113 4651 2326 4724 μέλλων
2353 4647 2660 4720 ἀποδημεῖν
2688 4647 2916 4702 ἐκάλεσε
2940 4649 3065 4712 τοὺς
3098 4643 3295 4699 ἑαυτοῦ
3331 4642 3571 4706 δούλους·
3596 4640 3692 4695 καὶ

2105 4743 2151 4815 ᾧ
2181 4746 2279 4817 μὲν
2324 4742 2491 4798 ἔδωκε
2524 4742 2689 4797 πέντε
2716 4741 2979 4806 τάλαντα,
3011 4734 3056 4810 ᾧ
3081 4740 3138 4793 δὲ
3168 4738 3248 4806 ἓν,
3280 4735 3376 4792 καὶ
3404 4735 3692 4806 ἀπεδήμη-

2109 4853 2226 4892 σεν·
2262 4833 2598 4906 πεπονηκόσι
2624 4832 2683 4886 δὲ
2716 4833 2902 4897 αὐτοῖς
2929 4848 3054 4902 περ.
3099 4868 3113 4883 .
3159 4870 3172 4883 .
3218 4870 3232 4884 .
3273 4829 3400 4890 τοὺς
3433 4826 3688 4888 ἐπαίνους

2109 4922 2420 4988 ἀποδιδοὺς,
2457 4941 2475 4974 ι
2508 4916 2606 4987 Εὖ,
2635 4920 2786 4974 δοῦλε
2811 4919 3003 4990 ἀγαθὲ,
3042 4920 3136 4973 καὶ
3169 4917 3383 4983 ntust,»
3416 4914 3569 4987 φησί.
3598 4916 3689 4985 Τῷ

2108 5034 2172 5087 γε
2217 5014 2322 5088 μὴν
2369 5013 2839 5086 ἀποκρύψαντιτδ
2869 5013 3151 5077 τάλαντον,
3199 5007 3691 5082 προσειργασμένῳ

2106 5108 2164 5163 δὲ
2204 5107 2488 5170 παντελῶς
2517 5104 2692 5173 οὐδὲν,
2729 5123 2748 5158 ι
2790 5104 3012 5175 Πονηρὲ
3068 5101 3247 5167 δοῦλε,
3284 5121 3303 5155 ι
3337 5100 3493 5172 φησὶ,
3537 5119 3555 5150 ι
3596 5098 3689 5153 καὶ

2106 5201 2328 5273 ὀκνηρὲ,
2359 5198 2465 5252 ἔδει
2509 5215 2571 5253 σε
2613 5198 2799 5269 βαλεῖν
2831 5198 2893 5250 τὸ
2923 5192 3188 5268 ἀργύριόν
3218 5209 3319 5265 μου
3345 5195 3457 5254 τοῖς
3483 5206 3688 5264 τραπε-

2108 5291 2319 5357 ζίταις,
2371 5290 2528 5360 κάγὼ
2578 5288 2750 5343 ἐλθὼν
2787 5286 3134 5358 ἐκομισάμην
3182 5285 3249 5340 ἂν
3288 5284 3362 5337 ’τὸ
3410 5283 3544 5355 ὲμὺν
3590 5282 3686 5334 σὺν

2103 5383 2270 5455 τόκῳ.
2309 5404 2328 5437 ι
2370 5382 2580 5437 Ψάλλει
2617 5381 2674 5435 δέ
2709 5397 2812 5435 που
2843 5379 2939 5434 καὶ
2962 5382 2990 5433 ὁ
3015 5376 3304 5441 θεσπέσιος
3330 5374 3524 5430 Δαϐίδ·
3554 5391 3574 5426 ‹
3602 5372 3688 5427 Τὰ

2104 5476 2259 5546 λόγια
2303 5473 2531 5547 Κυρίου,
2579 5473 2738 5543 λόγια
2780 5472 2943 5541 ἀγνά,
2989 5469 3253 5542 ἀργύριον
3293 5466 3684 5539 πεπυρωμένον

2104 5568 2326 5639 δόκιμον
2356 5569 2422 5638 τῇ
2450 5570 2540 5638 γῇ.
2570 5564 2840 5636 Κίϐδηλον
2868 5559 2960 5617 οὖν
2987 5563 3095 5634 ἄρα
3127 5560 3223 5617 καὶ
3251 5561 3513 5631 ἀδόκιμον
3545 5573 3683 5612 παν-

494 5734 537 5770 ⁸⁸
574 5737 760 5795 Matth;
810 5755 980 5809 xxv",
1015 5742 1104 5799 25.
1179 5747 1223 5778 "
1249 5747 1369 5802 Act.
1415 5762 1510 5815 vn,
1554 5748 1643 5815 51,
1673 5747 1762 5803 52.
1841 5748 1886 5781 ⁸³
1914 5747 1934 5803 l
1966 5748 2007 5803 T

2112 5749 2203 5804 ιιὶι.
2249 5765 2306 5817 n,
2344 5749 2396 5803 4.
2475 5748 2519 5781 ⁸⁸
2549 5746 2738 5804 Matth.
2766 5762 2896 5814 xxv,
2931 5744 3117 5803 “~29.
3198 5746 3237 5779 ³⁸
3265 5745 3407 5802 Psal.
3449 5758 3527 5813 ιι,
3558 5739 3609 5797 7.
