4100 6512
397 375 486 452 ,εδ
1589 373 1654 431 IN
1691 369 1947 430 lSAlAM-
1973 370 2012 425 ι.

2147 369 2190 424 ι.
2231 367 2444 426 enitr.
2483 366 2539 450 l._
3650 359 3723 442 δὲ

395 482 582 555 ¹τελιῖις
614 487 884 563 ἀργύριον
914 489 977 544 τὸ
1002 488 1155 562 παρὰ
1184 491 1297 556 τοῖς
1340 490 1646 558 Ἰουδαίοις,
1668 491 1814 548 τοῦτ’
1840 491 2010 553 ἔστιν,

2120 485 2384 542 a.Scribis
2424 500 2489 541 ac
2531 484 2825 541 Pbarisaais
2867 482 3316 556 proficiscebatur
3361 481 3570 549 oratio;
3621 481 3713 560 qui

407 582 437 632 ὁ
468 581 628 652 παρὰ
655 580 765 634 τῶν
803 582 1187 655 Γραμματέων
1221 585 1318 639 καὶ
1345 586 1662 658 Φαρισαίων
1698 585 1857 654 λάγος
1879 624 1894 646 ,
1925 579 2026 652 οἶα.

406 673 475 743 δὴ
505 673 606 726 καὶ
635 674 908 744 καπήλοις
930 677 1320 750 προσεοικότες
1345 676 1498 730 ὕδατι
1515 676 1606 733 τὸν
1626 671 1770 730 οἶνον
1800 677 2033 747 μίσγειν¹

406 764 642 834 ἦθελθψ
693 767 842 820 τοῦτ’
889 769 1031 833 ἐστι,
1078 769 1498 842 νενοθευμένην,
1536 772 1630 825 καὶ
1657 772 1758 825 οὐκ
1796 772 2018 842 ἁκαπή-

411 855 604 911 λευτον
657 857 949 913 ἐποιοῦντο
995 861 1099 916 τοῦ
1140 861 1312 932 νόμου
1344 863 1444 934 τὴν
1488 862 1788 935 ἐξήγησιν·
1841 881 2020 935 παραυ

419 947 714 1012 πλέκοντες
761 967 822 1008 τι,
841 952 942 1004 καὶ
977 953 1128 1007 ίδίων
1180 954 1366 1019 αὐτοῖς
1396 955 1743 1028 θελημάτων,
1789 956 1884 1010 καὶ
1913 956 2018 1027 ψυ-

417 1037 564 1109 χρῶν
591 1041 691 1095 καὶ
721 1040 1107 1116 ὑδαρεστέρων
1148 1045 1368 1101 ἐννοιῶν
1413 1050 1894 1122 παρεισκρίνοντες
1919 1049 2021 1103 οὐκ

411 1130 611 1200 ἀμιγεῖ
639 1132 738 1186 τοῦ
772 1133 1020 1206 χείρονος
1039 1175 1056 1201 ,
1087 1137 1208 1192 οὐδὲ
1239 1139 1317 1203 ὡς
1347 1138 1414 1194 ἂν
1461 1140 1603 1195 εῐποι
1652 1158 1737 1206 τις
1780 1142 2019 1211 ἄκρατον

413 1223 710 1280 ἐποιοῦντο
754 1228 856 1299 τῆς
901 1227 998 1281 τοῦ
1033 1228 1325 1300 νομοθέτου
1362 1230 1557 1302 βουλῆς
1599 1232 1697 1303 τὴν
1739 1231 2015 1287 ἀπόδοσιν.

411 1315 530 1370 Καὶ
587 1317 724 1386 γοῦν
756 1319 1060 1391 προσίεσαν
1096 1321 1194 1393 μὲν
1222 1324 1272 1376 οἱ
1300 1322 1659 1394 Γραμματεῖς
1702 1324 1798 1380 καὶ
1824 1327 1872 1378 oi
1911 1325 2019 1377 Φα-

414 1408 624 1476 ρισαῖοι
667 1407 748 1479 τῷ
775 1410 998 1482 Σωτῆρι
1047 1411 1298 1494 λέγοντές
1334 1432 1467 1468 ποτε
1494 1432 1509 1448 ο
1550 1435 1570 1468 ι
1610 1416 1711 1471 Διὰ
1737 1417 1790 1470 τί
1827 1418 1875 1482 οἱ
1913 1434 2020 1491 μα,-

391 1495 583 1570 ’θηταί
621 1518 716 1555 σου
748 1504 1154 1574 παραϐαίνουσι
1181 1507 1282 1577 τὴν
1303 1508 1606 1586 παράδοσιν
1636 1509 1746 1569 τῶν
1775 1509 2020 1581 τερεσευ-

411 1592 631 1664 τέρων;
667 1595 730 1649 ού
767 1597 878 1669 γὰρ
923 1597 1220 1679 νίπτονται.
1261 1601 1366 1679 τὰς
1407 1604 1599 1676 χεῖρας
1647 1602 1850 1670 αὐτῶν,
1891 1603 2020 1657 ὅταν

2120 578 2457 648 cauponibus
2494 575 2782 644 assimiles,
2841 591 2980 646 aqua
3022 575 3208 630 vinum
3256 567 3718 648 permiscuerunt,

2121 671 2174 725 id
2202 681 2312 736 est,
2343 669 2480 743 legis
2526 669 3039 737 interpretationem
3085 667 3326 739 spuriam
3363 675 3418 721 et
3459 649 3726 740 adulteri-

2121 777 2244 816 nam
2275 761 2598 818 aflinxerunt
2630 778 2645 817 :
2690 769 2743 816 et
2763 761 3067 817 intexentes
3098 775 3194 815 sna
3221 759 3466 830 quadam
3496 759 3713 830 placita,

2122 869 2187 912 ac
2248 855 2474 928 frigidos
2516 855 2823 924 dilutosque
2883 868 3076 910 sensus
3125 854 3552 923 interponentes,
3606 842 3722 930 non

2122 961 2353 1013 meram,
2391 956 2450 1001 ut
2489 947 2561 1001 ita
2611 946 2866 1012 dixerim,
2912 945 3214 1014 simplicem
3264 959 3327 1000 ac
3356 959 3574 1015 puram,
3621 944 3716 999 sed

2123 1054 2244 1095 cum
2268 1039 2542 1096 deteriore
2573 1039 2789 1094 mistam
2816 1037 3141 1110 Iegislatoris
3162 1036 3455 1093 voluntatis
3473 1035 3726 1112 explica:

2122 1131 2325 1186 tionem
2351 1129 2726 1187 reddiderunt.
2762 1128 3028 1210 Adiernnt
3054 1129 3321 1210 nimirum
3365 1115 3726 1210 Servatorem'

2124 1223 2330 1279 Scriba:
2387 1238 2451 1278 ac
2535 1222 2797 1279 Pharisiei
2850 1203 3166 1294 aliquando
3200 1261 3218 1292 ,
3275 1203 3340 1294 ac
3399 1209 3654 1300 dixerunt
3702 1235 3727 1278 :_

2128 1333 2147 1368 ι
2190 1317 2372 1407 Quare
2411 1314 2665 1400 discipuli
2711 1315 2784 1370 tni
2840 1312 3318 1401 transgrediuntur
3369 1310 3730 1398 traditionem

2123 1405 2398 1465 seniorum
2414 1406 2580 1463 ?‘l\'on
2606 1407 2749 1462 enim
2782 1405 2966 1459 lavant
2993 1419 3186 1458 manus
3209 1418 3362 1470 suas,
3386 1418 3505 1457 cum
3525 1417 3718 1472 panem

2123 1501 2333 1573 edunt?
2356 1519 2375 1552 ι
2406 1499 2613 1575 Quibus
2639 1497 2727 1553 ille
2758 1517 2771 1553 :
2804 1515 2823 1550 ι
2864 1497 3045 1565 Quare
3069 1505 3124 1550 et
3156 1510 3276 1562 vos,
3311 1495 3505 1575 inquit,
3542 1481 3730 1573 trans?

2124 1571 2772 1664 grediminipraeceptum
2812 1590 2903 1644 Dei
2947 1597 3170 1658 propter
3223 1571 3568 1642 traditionem
3605 1571 3720 1640 've-

411 1683 510 1737 τὺν
540 1684 708 1752 ἄρτον
740 1687 1039 1744 ἐσθίουσιν.
1082 1691 1141 1745 '0
1183 1676 1242 1746 δέ
1270 1676 1410 1766 πρὸς
1447 1695 1648 1760 αὐτούς
1676 1714 1688 1727 ’
1717 1697 1817 1750 Διά
1844 1697 1898 1750 τί
1927 1698 2012 1750 καὶ

2127 1683 2335 1736 stram?
2363 1681 2496 1736 Nam
2550 1681 2695 1736 Dens
2756 1680 2893 1736 dixit
2933 1701 2943 1735 :
2980 1678 3198 1734 Honora
3249 1688 3459 1748 patrem
3511 1687 3567 1734 et
3609 1693 3721 1731 ma-

413 1776 579 1847 ὑμεῖς
628 1780 1001 1852 παραϐαίνετε
1041 1783 1144 1855 τὴν
1185 1786 1408 1860 ἐντολὴν
1444 1788 1540 1842 τοῦ
1582 1788 1756 1852 Θεοῦ,
1792 1789 1880 1843 διὰ
1923 1788 2012 1860 τὴν

2127 1789 2298 1845 trem;
2332 1778 2443 1850 26
2471 1788 2562 1834 et:
2589 1775 2690 1844 Qui
2729 1774 3003 1830 maledicit
3033 1775 3171 1844 patri
3205 1781 3300 1828 aut
3331 1773 3515 1840 matri,
3543 1782 3722 1828 morte

409 1849 723 1948 παράδοσιν
745 1875 902 1946 ὑμῶν
920 1894 944 1945 ;,
963 1877 1022 1931 Ὁ
1042 1849 1153 1950 γάρ
1174 1880 1307 1946 Θεὸς
1327 1849 1499 1945 είπεν,
1523 1882 1670 1955 Τίμα
1692 1849 1782 1938 τον
1804 1849 2012 1956 πατέρα

2127 1849 2422 1925 moriatur.
2453 1869 2523 1923 At
2553 1884 2648 1924 vos
2677 1867 2908 1922 dicitis:
2947 1865 3004 1922 Si
3037 1865 3159 1935 quis
3205 1865 3406 1920 dixerit
3449 1865 3588 1935 patri
3631 1865 3719 1922 vel

407 1962 512 2014 καὶ
547 1963 656 2033 τὴν
689 1965 929 2036 μητέρα,
978 1969 1093 2034 καὶ,
1145 1971 1174 2027 ὁ
1221 1971 1541 2040 κακολογῶν
1578 1973 1794 2045 πατέρα
1831 1973 1864 2046 ἢ
1918 1993 2022 2046 μη-

404 2053 572 2124 τέρα,
611 2054 831 2129 θανάτῳ
886 2058 1234 2122 τελευτάτω·
1265 2061 1425 2134 ὑμεῖς
1472 2062 1529 2116 δέ
1572 2063 1784 2134 λέγετε,
1816 2066 1914 2130 Ὃς
1954 2065 2021 2120 ἂν

403 2146 548 2219 εἴπῃ
570 2146 651 2220 τῷ
673 2149 872 2222 πατέρι
899 2151 933 2222 ἢ
964 2153 1185 2224 μητέρι,
1200 2153 1405 2226 Δῶρον,
1421 2155 1449 2209 ὃ
1473 2156 1538 2210 ἂν
1562 2155 1622 2222 ἐξ
1650 2156 1785 2224 ἐμοῦ
1810 2156 2022 2229 ὠφελη-

403 2236 535 2309 θῇς,
561 2239 622 2294 οὐ
653 2241 729 2312 μὴ
762 2244 986 2315 τιμήσει
1016 2245 1109 2299 τὸν
1134 2248 1346 2318 πατέρα
1378 2248 1545 2302 αὐτοῦ
1573 2247 1605 2320 ἢ
1642 2249 1741 2322 τὴν
1769 2251 2018 2323 μητέρα·

401 2329 508 2382 καὶ
535 2332 871 2402 ἠκυρὼσατε
900 2334 1002 2406 τὴν
1035 2336 1257 2410 ἐντολὴν
1283 2338 1378 2392 τοῦ
1419 2339 1554 2395 Θεοῦ
1596 2341 1686 2396 διὰ
1714 2343 1815 2414 τὴν
1842 2344 2020 2416 παρά-

399 2420 576 2476 σασιν
628 2424 809 2496 ὑμῶν.
842 2445 863 2479 ι
930 2427 1102 2501 Ὁρᾷς
1159 2430 1218 2483 ἐν
1282 2431 1499 2496 τούτοις
1557 2436 1655 2507 τῆς
1719 2435 2018 2512 Ἰουδαῖκῆς

399 2516 728 2586 καπηλείας
764 2518 911 2589 σαφῆ
963 2519 1036 2594 τὰ
1080 2522 1443 2596 ἐγκλήματα;
1492 2528 1615 2591 ταῖς
1645 2527 1758 2600 γὰρ
1788 2519 2018 2595 οἰκείαις

397 2605 785 2676 παραδόσεσιν
816 2610 1049 2666 ἔπεσθαι
1099 2611 1208 2667 δεῖν
1254 2613 1552 2682 ἐθέλοντες,
1593 2617 1834 2690 ἀκύρους
1878 2621 2017 2675 ἀπέ-

397 2716 606 2768 φαινον
629 2701 760 2765 τοὺς
792 2701 886 2756 τοῦ
937 2703 1076 2759 Θεοῦ
1111 2705 1333 2778 νόμους.
1380 2709 1883 2783 Ὑποπλαττόμενοι
1915 2715 2017 2785 μὲν

399 2789 736 2860 ἐξηγεῖσθαι
769 2792 863 2845 καὶ
890 2794 1128 2862 αὐτοὺς,
1177 2801 1629 2873 συνεισφέροντες
1666 2803 1725 2857 δὲ
1777 2805 2016 2876 παραδό-

401 2900 525 2946 σεις
557 2883 763 2948 ἑώλους
787 2886 885 2939 καὶ
917 2885 1154 2960 ψυχρὰς.
1196 2893 1449 2948 Αίτιᾶται
1477 2895 1535 2949 δέ
1570 2897 1698 2961 τοὺς
1722 2896 2012 2970 ἄρχοντας,

397 2975 484 3038 ὡς
523 2977 660 3030 πολὺ
711 2978 1008 3045 νοσοῦντας
1058 2982 1120 3036 τὸ
1166 2983 1401 3056 ἐξήνιον,
1452 2987 1548 3042 καὶ
1583 2989 1790 3062 γαῦρον
1822 2990 2016 3064 ὥσπερ

395 3066 794 3132 ἀνατείνοντας
835 3067 930 3123 τὸν
958 3070 1186 3142 αὐχένα,
1226 3075 1322 3128 καὶ
1372 3076 1622 3135 ἀπειθεῖν
1675 3082 2008 3153 ᾑρημένους.

2123 1962 2542 2030 matri,Mnnus,
2567 1965 2933 2038 quodcunque
2967 1967 3051 2037 est
3080 1973 3151 2038 ex,
3182 1974 3292 2026 me,
3323 1960 3421 2030 tibi
3449 1959 3717 2031 proderit,

2122 2071 2228 2112 non
2262 2054 2651 2128 Ιιοιιοιήίίὶοιιιιίι
2671 2061 2882 2125 patrem
2915 2065 3074 2136 suum
3112 2037 3198 2106 vel
3247 2037 3479 2136 matrem
3528 2065 3680 2108 suam
3701 2047 3724 2119 ;'

2121 2160 2176 2204 et
2203 2148 2414 2203 irritum
2450 2147 2656 2220 fecistis
2698 2127 3030 2222 praeceptum
3055 2127 3173 2200 'Dei
3208 2127 3722 2214 promer-traditio;
3779 2164 3782 2168 λ

2123 2253 2243 2311 nem
2271 2248 2507 2296 vestram
2535 2239 2602 2292 ⁸⁸.
2643 2258 2661 2291 ι
2694 2238 2931 2311 Videsne
2961 2239 3012 2292 in
3046 2238 3130 2294 bis
3155 2238 3332 2293 verbis
3369 2237 3718 2314 manifestum

2121 2333 2328 2389 crimen
2374 2331 2610 2389 Judaicze
2651 2331 2914 2388 fallaciae?
2957 2331 3092 2386 Dum
3132 2330 3278 2386 enim
3318 2345 3444 2386 suas
3487 2345 3552 2388 ac
3593 2317 3726 2401 pro:

2117 2426 2268 2495 prias
2298 2425 2622 2481 traditiones
2653 2424 2953 2481 consectari
2987 2423 3193 2492 volunt,
3223 2424 3406 2479 irritas
3428 2421 3526 2478 Dei
3561 2423 3707 2494 leges

2125 2517 2375 2573 fecerunt
2407 2535 2422 2572 :
2462 2517 2730 2589 ﬁngentes
2765 2517 2980 2586 quidem
3001 2497 3113 2573 'eas
3146 2531 3206 2574 se
3248 2517 3564 2587 exposuisse
3594 2535 3608 2572 :
3636 2504 3720 2572 in?

2118 2609 2361 2666 ferentes
2391 2619 2569 2666 tamen
2619 2609 2942 2666 traditiones
2981 2609 3170 2666 futiles
3205 2624 3270 2665 ac
3308 2609 3551 2680 frigidas.
3579 2595 3718 2664 Insi-

2117 2703 2470 2767 mulatporro
2500 2701 2776 2773 principes
2811 2708 2871 2757 ut
2907 2702 2998 2770 qui
3039 2700 3233 2756 effreni
3285 2701 3520 2770 quodam
3575 2700 3717 2786 fastu

2117 2793 2450 2860 laborarent,
2478 2804 2532 2849 et
2562 2794 2773 2850 sublata
2799 2793 2954 2865 quasi
3002 2794 3213 2850 cervice
3246 2793 3468 2849 obedire
3494 2793 3715 2850 nollent.

2115 2884 2233 2942 Non
2261 2887 2404 2942 enim
2441 2887 2609 2966 fidem.
2636 2887 2838 2962 Christi
2869 2887 3162 2943 admittere
3188 2886 3497 2955 voluerunt,
3539 2901 3718 2956 quan-

2118 2980 2318 3050 tumvis
2353 2980 2438 3035 lex
2494 2979 2697 3051 passim
2738 2995 2900 3050 supra
2935 2989 2990 3036 et
3022 2978 3186 3046 infra,
3233 2977 3352 3049 ejus
3398 2980 3716 3052 mysterium

2123 3073 2464 3140 clamitaret,
2493 3074 2659 3148 idque
2692 3073 2996 3148 innumeris
3031 3073 3208 3129 modis
3257 3073 3591 3130 ostenderet.
3631 3072 3718 3148 Si-

397 3160 622 3258 Ούγὰρ
651 3160 848 3258 ᾔθελον
883 3165 1213 3235 προσίεσθαι
1265 3167 1367 3239 τὴν
1419 3170 1604 3226 πίστιν
1636 3173 1737 3245 τὴν
1777 3177 1857 3240 είς
1887 3177 2012 3248 Χρι-

2126 3167 2343 3236 quidem
2371 3176 2428 3222 et
2450 3165 2716 3224 Dominus
2745 3175 2930 3223 noster
2949 3163 3110 3223 Jesus
3132 3164 3382 3222 Christus
3412 3167 3519 3224 illis
3544 3167 3679 3225 dixit
3701 3156 3714 3223 ἑ

400 3251 537 3304 στὸν
589 3251 866 3322 δηλονότι,
900 3257 1082 3318 καίτοι
1113 3258 1214 3314 τοῦ
1247 3259 1414 3332 νόμου
1437 3262 1870 3338 διακεκραγότος
1916 3271 2014 3324 ath-

398 3345 522 3407 τοῖς
553 3344 668 3399 ἀνω
695 3363 757 3400 τε
788 3346 885 3400 καὶ
911 3348 1086 3414 κάτω,
1134 3349 1196 3404 τὸ
1236 3353 1324 3405 ἐπ’
1368 3353 1518 3426 αὐτῷ
1567 3360 1888 3432 μυστήριον,
1920 3364 2014 3416 καὶ

399 3438 556 3492 κατά
590 3440 823 3510 μυρίους
865 3441 1025 3507 ὅσους
1058 3444 1192 3498 αὐτὸ
1232 3445 1572 3514 δεικνύοντος
1605 3453 1864 3523 τρόπους.
1906 3457 2016 3524 Καὶ

397 3527 542 3595 γοῦν
570 3527 678 3601 ἔφη
712 3531 851 3602 πρὸς
885 3533 1090 3599 αὐτοὺς
1119 3536 1148 3588 ὁ
1177 3535 1384 3608 Κύριος
1437 3541 1593 3612 ἡμῶν
1639 3544 1845 3614 Ἰησοῦς
1878 3548 1924 3600 Χ
1935 3564 2014 3619 ρι-

399 3619 567 3685 στός·
603 3641 622 3673 ι
663 3623 735 3675 Ἢ
766 3623 978 3679 δοκεῖτε
1030 3627 1114 3680 ὅτι
1145 3627 1257 3697 ἐγὼ
1291 3634 1661 3704 κατηγορήσω
1695 3635 1850 3706 ὑμῶν
1876 3637 2013 3708 πρὸς

394 3714 500 3767 τὸν
529 3715 792 3786 Πατέρα;
825 3717 1019 3771 Ἔστιν
1047 3719 1076 3771 ὀ
1102 3721 1428 3793 κατηγορῶν
1459 3723 1635 3795 ὑμῶν,
1664 3728 1892 3800 Μωσῆς,
1928 3731 2012 3795 εἰς

396 3806 464 3860 ὃν
501 3807 664 3877 ὑμεῖς
693 3807 986 3878 ἠλπίσατε.
1023 3810 1086 3863 Εἰ
1117 3811 1225 3885 γὰρ
1258 3814 1578 3869 ἐπιστεύετε
1624 3818 1798 3890 Μωσῇ
1824 3859 1840 3885 ,
1889 3821 2012 3874 ἐπι-

399 3901 635 3954 στεύετε
670 3901 738 3956 ἂν
773 3903 921 3973 ἐμοὶ,
955 3905 1086 3975 περὶ
1111 3903 1221 3978 γὰρ
1261 3907 1399 3978 ἐμοῦ
1450 3910 1656 3975 ἐκεῖνος
1683 3910 1943 3984 ἔγραψεν.
1984 3933 2002 3965 ι

411 3995 696 4059 ’Λπειθεῖς
743 3992 839 4050 οὖν
879 3996 1012 4068 ἄρα,
1065 3999 1204 4070 μήτε
1245 3999 1344 4073 τὴν
1391 4001 1485 4055 τοῦ
1533 4003 1698 4075 νόμου
1755 4005 2010 4078 βούλησιν

397 4089 652 4161 ἄκρατον
687 4089 881 4162 ὥσπερ
920 4091 1016 4144 καὶ
1051 4091 1346 4148 ἀνόθευτον
1397 4094 1776 4167 διερμηνεύειν
1804 4098 2010 4153 ἐθέλον-

393 4200 497 4246 τες
543 4184 658 4245 τοῖς
702 4180 905 4246 ἄλλοις.
962 4183 1101 4253 μήτε
1153 4184 1261 4255 μὴν
1315 4184 1414 4255 τὴν
1458 4184 1548 4239 διὰ
1601 4187 1850 4252 Μωσέως
1913 4190 2015 4262 καὶ.

396 4274 708 4347 προφητῶν
734 4277 830 4330 καὶ
862 4275 1034 4344 ἁγίων
1079 4278 1621 4350 προκεκηρυγμένην
1665 4282 2006 4352 τιμήσαντες

394 4366 613 4422 πίστιν.
646 4367 723 4420 Οὐ
767 4367 881 4437 γὰρ
914 4367 1108 4438 1ἤθελον
1155 4369 1468 4425 ὑπακοῦσαι
1501 4371 1715 4442 λέγοντι
1762 4373 1842 4446 τῷ
1871 4376 2006 4446 Χρι-

399 4459 518 4532 στῷ
539 4477 555 4494 ·
591 4479 612 4513 ι
631 4459 801 4514 Δεῦτε
829 4460 970 4532 πρός
999 4478 1088 4532 με,
1137 4462 1342 4527 πάντες
1362 4465 1411 4518 οἱ
1442 4465 1742 4529 κοπιῶντες
1776 4468 1872 4521 καὶ¹
1903 4485 2004 4521 πε-

2125 3275 2144 3308 ι
2210 3257 2492 3313 Putatisne
2541 3273 2628 3314 me
2679 3266 3061 3314 accusaturum
3109 3271 3206 3314 vos
3252 3257 3392 3327 apud
3451 3257 3712 3328 Patrem}

2120 3351 2214 3406 Est
2247 3351 2338 3422 qui
2371 3360 2592 3407 accuset
2619 3366 2743 3419 vos,
2795 3349 2992 3416 Moses,
3037 3351 3090 3406 in
3149 3366 3257 3419 quo
3306 3366 3407 3407 vos
3457 3342 3713 3408 fiduciam

2118 3445 2453 3502 collocastis.
2487 3445 2544 3500 Si
2577 3445 2723 3500 enim
2760 3443 3135 3501 credidissetis
3163 3433 3716 3508 Mosi,credidissetis

2119 3548 2169 3593 et
2197 3537 2328 3593 mihi
2372 3536 2486 3594 :de
2533 3551 2620 3592 me
2663 3537 2809 3594 enim
2854 3535 2944 3592 ille
2997 3535 3217 3606 scripsit
3267 3534 3332 3590 ⁸⁷.
3378 3553 3397 3588 ι
3437 3519 3713 3616 Priefracti

2116 3631 2300 3700 itaque
2327 3639 2506 3695 erant,
2557 3644 2734 3700 neque
2764 3629 2901 3698 legis
2943 3627 3278 3683 voluntatem
3331 3641 3547 3698 puram,
3582 3609 3716 3681 sim;

2115 3720 2308 3792 plicem
2366 3720 2768 3792 genuinamque
2805 3719 3156 3791 interpretari
3199 3717 3455 3797 volebant
3490 3717 3711 3797 populo,

2113 3831 2292 3887 neque
2324 3814 2485 3871 fidem
2533 3829 2627 3886 per
2663 3813 2864 3871 Mosem
2909 3822 2964 3870 et
2991 3814 3284 3884 prophetas
3309 3795 3526 3892 sanctos
3562 3795 3701 3884 prie;

2113 3909 2343 3964 dicatam
2366 3908 2565 3974 colere,
2592 3923 2768 3978 neque
2795 3908 3174 3977 obtemperare
3196 3905 3422 3973 Christo
3449 3904 3649 3961 dicenti
3685 3922 3699 3960 :

2121 4019 2139 4053 ι
2166 3999 2361 4056 Venite
2390 4001 2456 4055 ad
2481 4015 2588 4070 me,
2619 4015 2812 4056 omnes
2840 4001 2931 4070 qui
2957 3999 3218 4070 laboratis
3241 3983 3294 4053 et
3309 3998 3517 4054 onerati
3541 3997 3696 4068 estis,

2109 4100 2167 4147 et
2225 4105 2326 4161 ego
2383 4090 2624 4146 reficiam
2670 4106 2789 4147 vos.
2837 4077 3109 4170 [inponite
3151 4089 3342 4160 jugum
3389 4103 3565 4143 meum
3616 4075 3712 4143 vol-

2109 4182 2192 4238 bis
2225 4183 2291 4239 ⁸⁸.
2329 4201 2349 4236 ι
2384 4181 2600 4239 Etenim
2642 4183 2900 4256 quoniam
2945 4163 3065 4239 duri
3101 4193 3154 4238 et
3185 4182 3556 4239 inobedientes
3587 4181 3706 4237 fue-

2112 4286 2261 4342 runt,
2293 4287 2578 4334 consortes
2610 4276 2794 4348 furum
2828 4259 3153 4335 exstiterunt
3191 4296 3206 4329 :
3237 4277 3435 4348 partim
3477 4275 3712 4347 largien-

2110 4369 2253 4425 tibus
2303 4385 2530 4425 munera
2579 4343 2994 4441 cdnsentiendo,
3053 4369 3252 4439 partim
3303 4383 3426 4424 cum
3483 4351 3710 4424 nefariis

2107 4461 2353 4518 consiliis
2414 4461 2612 4541 perditi
2655 4461 2813 4517 simul
2849 4471 2905 4517 et
2933 4458 3269 4540 furacissimi
3296 4460 3568 4534 discipuli,
3603 4460 3711 4541 Do-

399 4552 800 4626 φορτισμένοι,
830 4553 989 4623 κάγὼ
1013 4554 1315 4610 ἀναπαύσω
1363 4558 1530 4629 ὑμᾶς.
1565 4559 1771 4630 ’Ἄρατε
1804 4559 1896 4614 τὸν
1921 4561 2008 4626 ζυ-

2116 4557 2321 4611 minum
2361 4539 2610 4610 nostrum
2637 4551 2821 4610 Jesum
2851 4553 3134 4633 Christum
3163 4536 3463 4624 prodeatis,
3493 4535 3708 4637 conspi-

397 4648 502 4716 γόν
530 4663 636 4718 μου
661 4645 749 4716 ἐφ’
793 4647 960 4718 ὑμᾶς.
1000 4666 1020 4700 ι
1067 4649 1180 4703 Καὶ
1225 4649 1363 4720 πρός
1395 4667 1460 4720 γε
1487 4651 1564 4723 τῷ
1595 4647 1738 4707 εῖναι
1770 4652 2006 4726 σκληροί

394 4756 459 4792 τε
493 4739 590 4794 καὶ
627 4737 900 4805 ἀπειθεῖς,
932 4740 1183 4795 κοινωνοὶ
1218 4741 1478 4812 γεγόνασι
1507 4745 1757 4799 κλεπτῶν
1782 4763 1796 4777 ·
1838 4747 2002 4801 τοῦτο

397 4834 507 4905 μὲν
534 4835 650 4898 τοῖς
679 4830 1046 4904 δωροδοκοῦσι
1073 4835 1512 4906 συνκαστάμενοι
1559 4837 1716 4908 (Sic),
1757 4837 1917 4894 τοῦτο
1947 4839 2006 4893 δέ

396 4923 922 4997 συνδεδραμηκότες
949 4926 1072 4988 ταῖς
1105 4924 1344 4990 ἀνοσίοις
1367 4925 1582 4997 βουλαῖς
1603 4927 1696 4981 τοῦ
1718 4929 2008 5007 προδόντος

393 5017 592 5080 αὐτοῖς
621 5013 716 5069 τὸν
741 5015 954 5087 Κύριον
979 5015 1141 5088 ἡμῶν
1182 5015 1392 5089 Ἰησοῦν
1427 5018 1520 5072 τὸν
1549 5019 1812 5089 Χριστὸν,
1843 5022 1904 5084 ὅς
1932 5015 2002 5092 ἦν

391 5107 644 5180 πονηρός
672 5125 735 5161 τε
760 5107 880 5180 ἅμα
905 5107 1002 5162 καὶ
1037 5109 1431 5174 κλεπτίστατος
1472 5108 1741 5182 μαθητής.
1784 5111 2004 5182 Ἐρασι-

390 5203 680 5285 Χρὴματοι
709 5200 769 5255 δὲ
798 5201 894 5256 καὶ
925 5200 1129 5274 ἑτέρως
1159 5201 1208 5254 οί
1239 5201 1346 5256 τῶν
1362 5202 1632 5255 Ἰουδαίων
1661 5201 1997 5272 καθηγηταὶ,

388 5294 455 5347 τὸ
487 5291 726 5363 κύμινὸν
760 5310 821 5347 τε
848 5293 946 5347 καὶ
974 5293 1036 5346 τὸ
1062 5293 1262 5364 ἄνηθον
1285 5337 1300 5359 ,
1333 5296 1430 5348 καὶ
1461 5297 1568 5348 πᾶν
1599 5294 1834 5365 λάχανον
1869 5296 2000 5349 diro-

389 5386 781 5452 δεκατοῦντες,
816 5388 912 5442 καὶ
952 5387 1208 5456 ἀφιέντες
1250 5387 1319 5442 τὰ
1367 5387 1648 5460 βαρύτερα
1677 5388 1773 5442 τοῦ
1808 5388 1998 5460 νόμου,

388 5478 495 5550 τὴν
537 5477 749 5550 κρίσιν,
797 5480 894 5532 καί
939 5479 1003 5531 τὸ
1051 5477 1221 5543 ἔλεος,
1268 5476 1364 5532 καὶ
1391 5478 1491 5550 τὴν
1525 5477 1731 5533 πίστιν.
1782 5478 1857 5530 Ού
1892 5477 2001 5549 γὰρ

389 5570 618 5642 ἔκρινον
659 5569 920 5641 ὀρφανοῖς
953 5569 1048 5622 καὶ
1080 5570 1299 5641 χήραις.
1344 5568 1647 5642 Ζητοῦντες
1691 5569 1748 5624 δέ
1798 5569 2000 5642 μᾶλλον

389 5661 553 5735 παρὰ
587 5660 699 5716 τῶν
731 5662 1121 5733 προσαγόντων
1166 5662 1349 5726 αὐτοῖς
1384 5661 1758 5734 ἀνταπόδομα,
1783 5662 1999 5716 κατεδί-

2113 4649 2307 4705 rando.
2348 4647 2487 4723 Quin
2525 4657 2580 4703 et
2613 4646 2814 4723 alioqui
2847 4645 3042 4702 attenti
3089 4646 3312 4720 fuerunt
3345 4645 3411 4701 ad
3457 4661 3570 4703 rem
3607 4645 3707 4726 Ju-

2112 4741 2351 4796 dacorum
2414 4739 2683 4811 praefecti,
2742 4731 3056 4820 cuminum,
3102 4739 3384 4814 anethum,
3437 4750 3492 4796 et
3546 4754 3709 4797 omne

2111 4832 2234 4888 olus
2262 4833 2643 4898 decumantes;
2683 4833 2938 4911 graviora
2967 4841 3148 4888 autem
3194 4830 3330 4911 legis
3370 4832 3571 4902 capita,
3614 4831 3706 4902 ju-

2113 4925 2337 4991 dicinm,
2376 4908 2832 4990 miscricordiam,
2862 4925 3020 4999 fidem
3049 4907 3554 4995 praetermittentes.
3591 4921 3706 5002 Nec

2109 5017 2252 5073 enim
2285 5016 2905 5087 orphanisjudicabant,
2937 5031 3114 5087 neque
3142 5015 3348 5081 viduis,
3381 5015 3476 5071 sed
3516 5027 3704 5086 peten-

2109 5118 2194 5166 tes
2225 5107 2403 5180 potius
2433 5109 2500 5164 ab
2543 5109 2627 5164 his
2669 5109 2762 5179 qui
2805 5108 3089 5176 offerrent,
3145 5095 3477 5176 mercedem,
3534 5108 3702 5180 impie

2106 5201 2432 5272 quandoque
2485 5201 2922 5258 condemnabam
2976 5201 3175 5272 injuste
3235 5215 3547 5272 oppressos,
3596 5201 3700 5256 ini-

2105 5295 2430 5366 qnissiuium
2465 5293 2516 5348 in
2543 5309 2636 5350 eos
2673 5294 2942 5349 calculum
2981 5307 3043 5349 ac
3065 5294 3392 5350 sententiam
3438 5294 3697 5372 ferentes.

2106 5385 2182 5441 Ex
2212 5400 2277 5442 eo
2317 5393 2498 5440 autem
2539 5387 2682 5455 quod
2730 5386 2933 5456 injuste
2973 5385 3306 5456 iudicarent,
3359 5393 3418 5441 et
3465 5386 3699 5455 turpiter

2106 5478 2426 5534 muneribus
2447 5479 2738 5546 servirent,
2771 5478 2933 5534 etiam
2966 5479 3022 5534 in
3055 5479 3230 5550 ipsum
3263 5477 3538 5534 Christum
3570 5488 3698 5534 sunt

2106 5569 2309 5626 furiose
2340 5571 2680 5628 debacchati.
2717 5563 2964 5628 Ut'enim
3004 5587 3033 5626 a
3078 5569 3288 5642 populis
3327 5583 3556 5624 munera
3597 5569 3698 5624 ba-

2105 5663 2521 5730 berent,vine:e
2562 5665 2843 5720 dominum
2897 5679 3002 5720 non
3066 5671 3406 5734 receperunt,
3457 5677 3578 5718 eam
3637 5663 3691 5718 in

465 5838 514 5870 “
546 5835 739 5892 Matth.
779 5853 868 5903 XV,
904 5836 1018 5893 1-6.
1097 5839 1139 5870 ⁸⁷
1176 5837 1330 5895 Joan.
1364 5853 1414 5907 v,
1447 5838 1540 5906 45,
1562 5839 1650 5896 46.
1731 5839 1774 5872 ⁵³
1806 5838 1991 5896 Matth.

2126 5839 2216 5909 28,
2249 5841 2342 5898 29.
