4100 6488
445 351 523 416 58
1474 367 1529 426 S.
1572 367 1849 430 CYlilLLl
1891 375 2360 434 ALEXANDRINI
2396 377 2713 438 Al'tCl-llEP.

3645 360 3715 442 si;

449 495 602 534 suam
645 484 862 552 preprie
898 486 1004 557 27
1043 499 1242 544 sortem
1271 504 1607 562 sevocantes,
1655 511 1776 564 quas
1832 497 1932 567 ipsi
1977 515 2005 553 c

2134 499 2302 562 καζον
2335 502 2568 566 ἀνοσίως
2603 503 2713 557 τῶν
2744 501 3114 572 ἀδικουμένων
3142 497 3252 554 ἔσθ’
3278 499 3386 563 ὅτε,
3414 498 3595 570 ψῆφον
3618 501 3707 558 ἔπ’

444 574 662 642 quidem
695 578 793 632 soli
826 579 1138 638 debebatur.
1173 584 1432 649 Quamvis
1467 589 1610 642 enim
1643 588 1724 644 lex
1765 592 1969 646 diceret
2003 611 2016 648 :

447 681 468 714 ι
505 663 844 723 lnnocentem
874 685 934 724 ac
959 671 1162 740 justum
1194 691 1296 729 non
1327 678 1543 733 occides
1575 679 1642 744 ⁸³,
1693 699 1712 731 ›
1764 696 1885 736 eum
1937 692 2020 737 ta-

443 767 566 809 men
602 755 867 813 insontem
892 759 1205 834 justumque
1234 765 1649 824 interfecerunt.

2129 590 2314 654 αὐτοῖς
2361 591 2459 662 τὴν
2500 593 2893 664 ὲκνομωτάτην
2939 590 3280 662 ἐκφέροντες.
3331 589 3464 644 Ἀπὸ
3507 589 3572 661 δὴ
3609 591 3703 644 τοῦ

2130 683 2342 752 κρίνειν
2380 684 2582 749 ἀδίκως
2631 685 2727 740 καὶ
2773 683 3014 755 αἰσχρῶς
3057 682 3322 753 ἡττᾶσθαι
3377 680 3702 750 λημμάτων,

2125 775 2220 828 καί⁵
2245 776 2325 839 εἰς
2354 775 2529 830 αὐτὸν
2575 778 3012 848 πεπαρῳνήκασι
3039 775 3130 828 τὸν
3159 775 3412 845 Χριστόν.
3441 775 3558 826 Ἵνα
3595 772 3705 842 γὰρ

439 843 614 915 ἔχοιεν
659 848 758 913 τὰς
823 853 975 922 παρά
1034 856 1143 909 τῶν
1203 856 1348 912 λαῶν
1414 861 1784 934 δωροφορίας,
1830 866 1892 918 οὐ
1956 867 2302 938 προσήκαντο
2350 868 2442 923 τὸν
2484 871 2578 924 τοῦ
2635 843 2956 941 ἀμπελῶνος
3015 843 3299 939 δεσπότην,
3347 868 3477 920 ῐδιον
3515 865 3704 919 ποιού-

440 958 594 1011 μενοι
633 943 830 1016 κλῆρον
861 948 954 1002 τὸν
996 950 1147 1022 αύτῷ
1213 955 1307 1007 καὶ
1359 957 1506 1028 μόνῳ
1562 959 1846 1030 πρέποντά
1892 978 1954 1014 τε
1992 961 2085 1015 καί⁵
2123 961 2490 1036 ὀφειλόμενον.
2536 963 2896 1018 Ἀπεκτόνασι
2939 962 3050 1034 γὰρ
3086 962 3264 1017 ἀθῶον
3314 961 3444 1016 ὄντα
3485 959 3581 1016 καὶ
3626 957 3704 1010 δί-

437 1051 608 1101 καιον,
659 1037 839 1092 καίτοι
890 1039 983 1094 τοῦ
1030 1043 1196 1114 νόμου
1251 1046 1535 1116 λέγοντος·
1592 1069 1611 1104 ι
1664 1051 1864 1106 Ἀθῶον
1919 1053 2012 1107 καὶ
2045 1053 2256 1110 δίκαιον
2281 1056 2380 1111 οὐκ
2408 1058 2744 1122 ἀποκτενεῖς.
2785 1075 2804 1109 ι

510 1128 675 1184 Vens.
706 1130 797 1186 24.
839 1131 1052 1190 Idcirco
1103 1141 1217 1194 Ιιίιό
1245 1141 1370 1196 dicit
1403 1144 1710 1200 dominator
1748 1146 2007 1203 Dominus

434 1217 708 1276 Sabaoth:
745 1221 831 1279 Vm
860 1225 1023 1292 [artes
1045 1227 1257 1286 Israel:
1293 1249 1395 1287 non
1429 1237 1651 1291 cessabit
1687 1239 1826 1294 enim
1858 1240 2010 1309 [uror

437 1325 581 1365 nteit:
654 1325 836 1370 contra
881 1321 1235 1390 adversarios,
1268 1335 1316 1380 et
1347 1325 1615 1397 judicium
1655 1330 1722 1384 de
1779 1332 2010 1387 inimicis

433 1401 562 1454 meis
599 1401 816 1468 faciam.

505 1494 710 1552 Causas
745 1515 842 1554 cur
883 1503 1104 1569 perierit
1134 1503 1431 1563 Jerusalem
1469 1509 1634 1565 refert
1681 1511 1733 1566 in
1777 1527 1870 1568 eos
1915 1512 2007 1582 qui

434 1585 794 1656 principatqu
834 1593 1169 1662 obtinebant,
1227 1608 1283 1653 et
1310 1615 1442 1656 sane
1498 1603 1715 1658 merito.
1754 1603 2008 1673 Sequitur

432 1678 577 1732 enim
625 1678 744 1736 illos
786 1693 844 1737 ut
881 1685 1172 1754 plurimum
1209 1691 1398 1764 vulgus
1428 1696 1571 1764 quod
1618 1695 1749 1765 ipsis
1783 1698 2004 1752 subest:

2188 1150 2293 1206 Διά
2336 1153 2513 1207 τοῦτο
2547 1152 2688 1207 τάδε
2723 1151 2885 1221 λέγει
2939 1154 2973 1206 ό
3014 1150 3317 1217 δεσπότης
3347 1148 3562 1215 Κύριος
3596 1147 3702 1199 Σα-

2117 1243 2271 1298 ϐαὼθ
2292 1260 2304 1274 ·
2345 1244 2486 1298 0ὺαί
2531 1247 2586 1300 οι
2615 1245 2932 1314 ἰσχύοντες
2981 1242 3228 1311 Ἰσραήλ
3251 1256 3263 1269 ·
3303 1242 3376 1294 οὺ
3402 1239 3698 1292 παύσεται

2115 1333 2229 1406 γάρ
2261 1353 2376 1402 μου
2411 1339 2445 1392 ό
2475 1336 2660 1407 θυμὸς
2684 1336 2755 1391 ἐν
2783 1336 2908 1404 τοῖς
2935 1335 3334 1399 ὑπεναντίοις,
3359 1331 3459 1385 καί
3496 1331 3700 1399 κρίσιν

2115 1427 2184 1481 ἐκ
2213 1428 2334 1482 τῶν
2355 1427 2587 1499 ἐχθρῶν
2605 1446 2727 1500 μου
2753 1428 3004 1495 ποιήσω.

2187 1521 2296 1575 Τοῦ
2331 1522 2704 1594 κατεφθάρθαι
2738 1522 2838 1592 τὴν
2885 1518 3239 1592 Ἰερουσαλὴμ
3276 1514 3559 1585 ἀνατίθησι
3596 1513 3696 1578 τὰς

2115 1614 2294 1677 αἰτίας
2325 1616 2437 1678 τοῖς
2463 1613 2819 1684 καθηγεῖσθαι
2843 1611 3088 1683 λαχοῦσι,
3139 1610 3232 1664 καὶ
3273 1607 3416 1678 μάλα
3449 1606 3695 1667 εἰκότως.

2117 1699 2350 1756 Ἐπεται
2397 1701 2506 1773 γὰρ
2545 1700 2639 1755 ἐπὶ
2680 1703 2788 1755 πᾶν
2819 1701 3002 1762 αὐτοῖς
3043 1699 3104 1752 τὸ
3143 1698 3403 1768 ὑπήκοον·
3445 1692 3699 1763 καθάπερ

431 1769 884 1840 quemadmodum
916 1787 1065 1836 certe
1101 1790 1156 1836 et
1194 1793 1465 1854 pastores,
1497 1787 1700 1857 quibus
1737 1787 2005 1859 subjectus

2116 1793 2311 1864 ἀμέλει
2341 1769 2434 1846 καῖ
2455 1769 2569 1856 τοῖς
2598 1792 2820 1863 ποιμέσι
2855 1790 2924 1845 τά
2958 1790 3063 1844 ὑπὸ
3096 1791 3252 1861 χεῖρα
3286 1787 3598 1858 θρέμματα.
3633 1784 3697 1836 Et

433 1869 538 1924 est,
569 1877 722 1932 grex.
746 1863 801 1920 Si
824 1866 968 1921 enim
996 1869 1063 1925 ad
1095 1871 1309 1940 pinguia
1337 1873 1455 1929 illos
1480 1884 1528 1930 el
1566 1877 1782 1947 copioSa
1814 1878 2011 1948 praedia

431 1955 720 2020 deducant,
749 1957 1045 2016 habiliores
1092 1966 1326 2026 evadent
1371 1966 1446 2021 illi
1472 1977 1526 2023 et
1567 1968 1707 2024 bene
1746 1969 2011 2038 saginati;

432 2045 516 2099 sin
565 2046 619 2103 in
671 2058 868 2105 terram
925 2053 1125 2110 salsam
1177 2066 1233 2110 et
1289 2057 1568 2126 spinarum
1622 2058 1891 2125 altricem,
1930 2059 2012 2114 in-

431 2135 549 2190 edia
591 2138 710 2194 illos
751 2143 978 2212 perdent
1023 2159 1088 2198 ac
1131 2147 1420 2216 periment.
1467 2149 1610 2204 ldem
1645 2159 1700 2204 et
1739 2150 1790 2204 in
1853 2149 2010 2204 nobis

431 2229 564 2305 ipsis
597 2246 784 2287 verum
807 2247 926 2290 esse
959 2236 1314 2294 inveniemus.
1354 2239 1488 2294 Nam
1541 2239 2008 2310 interpretationi-

430 2322 532 2377 bns
565 2323 690 2393 illis,
728 2341 849 2395 quae
891 2327 958 2381 ad
1007 2329 1413 2396 rectitudinem,
1463 2332 1746 2396 virtutem,
1803 2331 2008 2401 Deique

433 2415 681 2469 notitiam
717 2417 1045 2488 inculpatam
1103 2421 1398 2486 adducunt,
1460 2438 1612 2479 mens
1666 2437 1855 2479 eorum
1911 2423 2003 2492 qui

431 2502 715 2560 initiantur
746 2514 800 2560 et
827 2506 1217 2576 informantur,
1245 2509 1570 2567 fecundatur
1599 2512 1756 2582 quasi
1792 2521 1848 2568 et
1881 2512 2003 2582 pin-

429 2595 680 2662 guescit:
716 2597 956 2654 consiliis
989 2615 1118 2656 vero
1148 2602 1214 2657 ad
1257 2602 1588 2672 impietatem
1633 2604 2001 2673 vergentibus,

430 2685 496 2738 ad
551 2701 730 2742 rerum
798 2689 1104 2758 turpiorum
1181 2689 1508 2748 desiderium
1583 2695 2004 2764 aviditatemque

427 2793 587 2846 quam
618 2777 871 2837 facillime
894 2781 1186 2838 delabitur.
1212 2783 1346 2840 Tale
1367 2786 1623 2856 quiddam
1651 2788 1794 2856 passi
1828 2787 2002 2843 Israe-

427 2871 536 2925 lita:
591 2869 904 2928 Scribarum
939 2889 1003 2930 ac
1059 2873 1455 2932 Pharisaeorum
1500 2879 1876 2934 traditionibus
1914 2886 2000 2932 at-

427 2977 536 3031 que
563 2962 849 3028 doctrinis,
890 2965 1074 3022 miseri
1104 2965 1491 3038 disperierunt.
1520 2967 1636 3024 Non
1671 2970 1816 3025 enim
1854 2969 2000 3026 sine-

425 3052 556 3108 bant
580 3069 673 3110 eos
702 3069 884 3110 veram
906 3066 961 3111 et
988 3059 1336 3114 servatricem
1360 3059 1500 3114 viam
1525 3061 1795 3125 insistere,
1821 3061 1987 3127 viam,

2114 1887 2219 1956 γάρ
2259 1887 2646 1958 ἀποκομίζοιεν
2690 1888 2770 1949 εἰς
2815 1882 2977 1938 πίονά
3016 1901 3075 1938 τε
3109 1881 3252 1937 αὐτὰ
3279 1881 3375 1934 καὶ
3406 1877 3695 1949 ἀμφιλαφῆ

2113 1975 2303 2047 νομὴν,
2331 1973 2581 2046 εὕρωστά
2615 1993 2675 2028 τε
2710 1970 2821 2028 εἷεν
2863 1971 2929 2026 ἂν
2957 1972 3050 2027 καὶ
3085 1967 3332 2039 εὐτραφῆ
3369 1966 3509 2018 λίαν·
3552 1964 3600 2015 εἰ
3639 1961 3698 2014 δὲ

2111 2069 2192 2130 εἰς
2217 2068 2324 2136 γῆν
2361 2055 2577 2138 ἁλμάδα
2605 2066 2699 2120 καί¹
2726 2063 2978 2119 ἀκανθῶν
3018 2061 3250 2134 μητέρα,
3291 2053 3697 2126 καταφθεροῦσι

2111 2157 2332 2221 πάντως
2382 2157 2525 2211 αὑτά
2581 2159 2700 2220 ταῖς
2753 2153 3195 2226 κακοσιτ[ε]ίαις.
3246 2147 3499 2203 Τοιοῦτόν
3529 2163 3582 2198 τι
3610 2145 3695 2212 ἐφ’

2109 2247 2267 2319 ἡμῶν
2297 2247 2475 2302 αὐτῶν
2508 2247 2706 2318 ἀληθὲς
2743 2247 2805 2302 δν
2851 2245 3177 2317 εὑρήσομεν.
3219 2241 3554 2312 Εἰσηγήσεσι
3595 2237 3696 2308 μὲν

2108 2340 2216 2412 γὰρ
2238 2343 2356 2403 ταῖς
2391 2342 2473 2403 είς
2499 2339 2767 2410 ὀρθότητά
2789 2355 2850 2391 τε
2880 2337 2976 2392 καὶ
3008 2334 3212 2408 ἀρετὴν
3240 2335 3335 2388 καὶ
3361 2330 3694 2399 θεογνωσίαν

2107 2432 2407 2505 ἀμώμητον
2465 2431 2495 2484 ὁ
2534 2431 2642 2484 τῶν
2700 2426 3235 2498 παιδαγωγουμένων
3275 2422 3693 2478 καταπιαίνεται

2105 2522 2249 2587 νοῦς.
2279 2523 2412 2585 Ταῖς
2436 2539 2498 2591 γε
2521 2521 2628 2592 μὴν
2653 2521 2732 2584 εἰς
2758 2519 3082 2590 ἀνοσιότητα
3101 2515 3454 2587 συμῆουλίαις
3481 2513 3692 2584 ἑτοιμό-

2103 2628 2242 2670 τατα
2266 2616 2536 2686 καταρρεῖ
2567 2613 2704 2684 πρὸς
2725 2613 2825 2685 τὴν
2847 2611 2956 2666 τῶν
2986 2609 3274 2680 αἰσχιόνων
3305 2605 3490 2676 ἔφεσίν
3517 2621 3577 2657 τε
3601 2603 3693 2657 καὶ

2105 2705 2434 2778 προθυμίαν.
2487 2704 2739 2759 Τοιοῦτόν
2793 2721 2847 2756 τι
2891 2701 3222 2763 πεπονθότες
3269 2699 3318 2751 οἰ
3371 2696 3431 2761 ἐξ
3476 2695 3691 2768 Ἰσραὴλ

2101 2803 2224 2863 ταῖς
2265 2798 2374 2852 τῶν
2425 2797 2806 2868 Γραμματέων
2857 2796 2951 2850 καὶ
3003 2793 3313 2865 Φαρισαίων
3356 2790 3691 2862 παραδόσεσι

2103 2891 2196 2944 καὶ
2217 2889 2589 2952 διδασκαλίαις
2619 2890 2668 2942 οἱ
2701 2888 2929 2950 τάλανες
2952 2885 3287 2940 διολώλασιν.
3323 2885 3398 2938 Οὐ
3427 2883 3538 2954 γάρ
3565 2883 3690 2934 εἴων

2101 2982 2301 3045 αὐτοὺς
2347 2979 2444 3051 τὴν
2490 2979 2666 3050 ἀληθῆ
2715 2979 2810 3033 καὶ
2858 2978 3123 3049 σωτήριον
3165 2977 3302 3030 ἰέναι
3347 2975 3554 3046 τρίϐον,
3591 2973 3692 3044 τὴν

2100 3067 2188 3123 διὰ
2221 3067 2456 3130 πίστεως
2481 3067 2646 3136 λέγω,
2667 3066 2770 3136 τῆς
2807 3068 2888 3129 εἰς
2924 3066 3014 3119 τὸν
3046 3063 3252 3136 Κύριον
3285 3063 3444 3135 ἡμῶν
3483 3062 3690 3134 Ἰησοῦν

429 3145 680 3215 inquam,
713 3163 809 3217 per
845 3147 1026 3210 fidem,
1071 3165 1192 3220 quae
1224 3159 1308 3208 est
1344 3153 1396 3208 in
1440 3153 1724 3208 Dominum
1753 3125 1999 3210 nostrum

2109 3158 2361 3229 Χριστόν.
2379 3125 2490 3212 καὶ
2519 3125 2649 3226 γοῦν
2684 3125 3052 3228 τεθεράπευκε
3089 3125 3187 3227 μέν
3209 3125 3395 3209 θεόνἐκ
3427 3125 3689 3223 γεννετῆς

426 3234 608 3292 Jesum
639 3237 940 3295 Christum.
975 3239 1251 3311 Siquidem
1279 3253 1471 3298 curato
1499 3259 1586 3309 eo,
1619 3247 1710 3315 qui
1752 3245 1822 3301 ab
1875 3253 1999 3301 ortu

425 3343 602 3384 caecus
627 3340 766 3397 erat,
787 3346 911 3387 cum
934 3347 1030 3402 per
1051 3342 1216 3390 totam
1237 3334 1540 3393 Jerusalem
1562 3338 1731 3394 divini
1754 3339 1999 3395 miraculi

429 3421 858 3491 magnitudinem
881 3426 1301 3496 admirarentur,
1317 3445 1549 3500 cumque
1574 3431 1620 3486 is
1641 3433 1733 3501 qui
1759 3446 1789 3486 a
1813 3433 2002 3488 morbo

426 3513 689 3569 liberatus
720 3523 826 3581 est,
856 3518 1126 3573 medicum
1154 3520 1495 3590 praedicaret,
1546 3522 1753 3579 diserte
1796 3523 1999 3578 clama-

427 3605 897 3677 runtbi,quorum
929 3625 1126 3667 munus
1153 3624 1271 3668 erat
1298 3614 1364 3668 ad
1395 3616 1672 3670 veritatem
1695 3616 1996 3672 instruere:

432 3715 453 3749 ι
483 3698 558 3753 Da
587 3697 810 3766 gloriam
840 3701 969 3766 Deo,
1005 3717 1102 3758 nos
1154 3703 1359 3760 scimus
1390 3705 1533 3762 hunc
1571 3707 1842 3764 hominem
1877 3722 2002 3777 pec-

426 3794 668 3841 catorem
697 3789 817 3843 esse
833 3789 900 3845 ⁷⁸.
939 3808 958 3842 ι
997 3790 1252 3848 Testatur
1283 3805 1544 3864 praeterea
1577 3797 1793 3866 quidam
1821 3813 1852 3853 e
1878 3813 2003 3852 san-

2107 3250 2328 3320 τυφλὸν,
2377 3250 2473 3303 καὶ
2509 3247 2890 3320 τεθαυμάκασι
2939 3249 3039 3317 μὲν
3086 3250 3136 3300 οἰ
3171 3246 3313 3300 κατὰ
3361 3247 3541 3300 πᾶσαν
3591 3244 3691 3313 τὴν

2120 3342 2478 3414 Ἰερουσαλὴμ
2499 3341 2599 3413 τῆς
2634 3341 2958 3411 θεοσημείας
2994 3339 3056 3393 τὸ
3083 3339 3333 3410 μέγεθος,
3363 3337 3690 3408 κηρύττοντι

2105 3435 2164 3489 δὲ
2184 3433 2276 3488 τὸν
2308 3432 2488 3504 ἰατρὸν
2513 3433 2594 3505 τῷ
2617 3432 2710 3486 τοῦ
2740 3431 2947 3496 πάθους
2970 3430 3376 3500 ἀπηλλαγμένῳ
3396 3428 3691 3498 διαρρήδην

2108 3525 2346 3596 ἔφασκον
2400 3518 2461 3578 οῖ’
2511 3525 2880 3594 παιδαγωγεῖν
2939 3523 3245 3592 ὀφείλοντες
3295 3523 3372 3584 εἰς
3410 3519 3668 3591 ἀλήθειαν

2114 3637 2133 3670 ι
2164 3618 2263 3681 Δὸς
2291 3616 2447 3681 δόξαν
2485 3616 2561 3686 τῷ
2591 3615 2732 3687 Θεῷ,
2764 3617 2922 3686 ἡμεῖς
2961 3615 3182 3685 οἴδαμεν
3231 3613 3314 3667 ὅτι
3342 3607 3496 3676 οὗτος
3535 3613 3563 3665 ὁ
3593 3610 3690 3663 ἀν-

2107 3708 2324 3780 θρωπος
2341 3707 2667 3781 ἁμαρτωλός
2691 3708 2858 3760 ἐστιν.
2872 3726 2890 3758 ι
2911 3705 3376 3777 Ἐπιμαρτύρεται
3396 3704 3452 3757 δέ
3473 3721 3558 3765 τις
3579 3700 3691 3754 τῶν

2107 3799 2280 3869 ἁγίων
2317 3799 2751 3869 εὐαγγελιστῶν,
2785 3799 2866 3853 ὅτι
2901 3799 3000 3870 ἤδη
3036 3797 3402 3851 συνετέθειντο
3427 3797 3478 3849 οἱ
3511 3797 3692 3866 Γραμ-

425 3877 534 3933 etis
563 3879 910 3951 evangelistis
953 3881 1064 3951 jam
1106 3888 1426 3942 convenisse
1473 3885 1693 3943 Scribas
1727 3899 1782 3943 et
1812 3887 2000 3944 Phari-

2110 3895 2299 3962 ματεῖς
2326 3891 2419 3945 καί
2445 3894 2493 3946 οἱ
2514 3892 2817 3961 Φαρισαῖοι,
2850 3888 2938 3944 ἵνα
2958 3890 3053 3944 ἐάν
3081 3907 3164 3952 τις
3190 3887 3353 3953 αὐτὸν
3379 3887 3690 3959 ὁμολογήσῃ

420 3981 584 4035 meos,
639 3979 698 4024 ut
750 3972 840 4041 qui
881 3973 1028 4028 illum
1082 3975 1433 4032 confiteretur
1479 3993 1600 4034 esse
1656 3979 1932 4036 Christum
1969 3997 1999 4038 a

2109 3985 2360 4057 Χριστὸν,
2395 3983 2822 4052 ἀποσυνάγωγος
2855 3981 3102 4052 γένηται.
3133 3979 3318 4050 Ταύτῃ
3352 3996 3432 4031 τοι
3467 3978 3561 4031 καὶ
3589 3976 3688 4048 τὴν

423 4063 806 4120 communione
832 4065 1092 4124 Ecclesiae
1135 4078 1532 4140 segregaretur.
1587 4071 1820 4140 Idcirco,
1870 4074 1998 4130 dum

2109 4077 2186 4141 εἰς
2214 4075 2475 4147 ἀλλήλους
2502 4075 2634 4129 αἰδῶ
2667 4075 2770 4145 τῆς
2809 4074 3018 4127 ἑαυτῶν
3049 4073 3322 4144 σωτηρίας
3354 4068 3688 4124 ἀδουλότατα

423 4154 686 4224 pudorem
721 4172 785 4211 ac
806 4161 1190 4228 reverentiam,
1215 4177 1378 4231 quam
1412 4179 1538 4235 erga
1571 4181 1629 4222 se
1659 4165 1761 4236 ipsi
1793 4167 1997 4222 habue-

2109 4168 2595 4242 προτετιμηκότες,
2635 4167 2891 4239 ἀμέτοχοι
2927 4165 3207 4229 παντελῶς
3235 4164 3335 4234 τῆς
3367 4161 3518 4233 παρά
3549 4161 3686 4215 Θεοῦ

425 4255 592 4314 runt,
646 4249 808 4304 saluti
873 4263 984 4307 sua
1046 4252 1545 4322 imprudentissime
1615 4260 1996 4330 anteferrent;

2111 4261 2451 4334 μεμενήκασι
2478 4259 2655 4330 δόξης.
2689 4261 2801 4315 Καὶ
2829 4259 2986 4312 τοῦτο
3012 4259 3196 4321 αὐτοῖς
3225 4256 3463 4326 ἔφασκεν
3506 4256 3535 4307 ὁ
3574 4254 3689 4305 Σω-

362 4335 364 4337 ’
421 4340 645 4395 omnino
677 4340 862 4412 gloriae
908 4358 1028 4414 qum:
1060 4357 1089 4398 a
1122 4345 1232 4402 Deo
1281 4355 1366 4402 est
1413 4347 1602 4405 inanes
1641 4361 2001 4422 expertesque

2109 4357 2229 4428 τήρ·
2273 4372 2291 4406 ι
2333 4354 2458 4418 Πῶς
2485 4352 2715 4408 δύνασθε
2750 4349 3025 4406 πιστεύειν
3066 4350 3224 4415 δόξαν
3271 4347 3403 4418 παρ’
3441 4345 3687 4415 ἀλλήλων

423 4435 773 4490 exstiterunt.
803 4435 955 4503 Quod
985 4435 1092 4490 illis
1114 4438 1452 4492 denuntiavit
1480 4441 1772 4498 Servator:
1808 4461 1827 4495 ι
1854 4443 2000 4509 Quo-

2109 4444 2496 4516 λαμϐάνοντες,
2524 4443 2620 4496 καί
2644 4443 2744 4514 τὴν
2764 4442 2921 4508 δόξαν
2947 4441 3046 4511 τὴν
3071 4440 3220 4510 παρά
3241 4437 3336 4490 τοῦ
3365 4436 3524 4538 μόνου
3549 4431 3685 4538 8.50:3

428 4527 588 4584 modo
635 4530 862 4598 potestis
902 4531 1144 4593 credere,
1197 4530 1426 4601 gloriam
1478 4549 1508 4586 a
1548 4535 1702 4589 vobis
1767 4536 1998 4592 invicem

2109 4539 2167 4591 οὐ
2200 4538 2447 4607 ζητεῖτε;
2485 4554 2504 4588 ι
2547 4536 2660 4589 Καὶ
2717 4534 2824 4606 μὴν
2878 4532 2972 4587 καὶ
3017 4529 3243 4605 ἑτέρωθι
3269 4546 3280 4558 ⁸
3320 4546 3340 4581 ι
3370 4527 3506 4581 Οὐαὶ
3559 4527 3687 4597 ὑμῖν

425 4618 812 4688 pereipientes,
845 4627 899 4674 et
928 4620 1181 4690 gloriam,
1223 4636 1343 4690 qna:
1372 4637 1401 4675 a
1429 4622 1544 4678 solo
1576 4623 1686 4680 Deo
1731 4634 1835 4691 est,
1893 4642 2000 4681 non

2109 4631 2462 4701 Γραμματεῖς
2483 4630 2576 4684 καὶ
2603 4629 2881 4700 Φαρισαῖοι
2907 4623 3219 4696 ὑποκριταὶ,
3241 4623 3322 4676 ὅτι
3354 4621 3563 4674 κλείετε
3585 4620 3685 4690 τὴν

423 4711 788 4782 quaerentes“
811 4711 835 4766 i
859 4727 878 4764 ι
910 4712 976 4767 Ει
1004 4711 1168 4767 etiam
1199 4713 1396 4769 alicubi
1423 4729 1437 4768 :
1474 4734 1494 4766 ι
1518 4714 1612 4771 Van
1642 4717 1816 4782 vobis,
1847 4720 2000 4775 Scris

422 4803 508 4858 ba:
535 4813 591 4858 et
620 4790 876 4859 Pharisaei
921 4805 1258 4876 hypocritae,
1295 4806 1549 4875 quoniam
1604 4809 1854 4864 clautlitis
1916 4826 2001 4866 re-

423 4910 586 4964 gnum
631 4896 980 4952 caelorum".
1018 4914 1038 4949 ι
1092 4895 1417 4952 Scandalum
1471 4899 1635 4970 igitur
1691 4899 1822 4956 facti
1872 4911 2000 4958 sunt

2109 4719 2387 4793 βασιλείαν
2423 4720 2531 4774 τῶν
2559 4719 2855 4793 οὐρανῶν.»
2893 4716 3193 4773 Σκάνδαλον
3222 4714 3400 4768 τοίνυν
3429 4712 3683 4781 γεγόνασι

2105 4814 2220 4876 τοῖς
2249 4810 2419 4876 λαοῖς,
2444 4813 2538 4866 καὶ
2569 4813 2634 4883 τῇ
2665 4810 2789 4882 δόξῃ
2818 4806 3056 4879 Χριστοῦ
3092 4805 3454 4877 πολεμοῦντες
3480 4803 3542 4856 οὐ
3571 4802 3685 4855 δια-

2105 4901 2488 4974 λιμπάνουσιν.
2518 4901 2703 4972 Ταύτῃ
2730 4918 2813 4954 τοι
2843 4899 2970 4970 περὶ
2991 4897 3171 4953 αὐτῶν
3199 4910 3394 4966 φησιν·
3430 4912 3449 4946 ι
3473 4894 3610 4946 Οὐαὶ
3633 4895 3684 4946 οἱ

421 4983 639 5052 populo,
675 4993 731 5039 et
777 4994 965 5039 contra
1009 4984 1348 5056 maiestatem
1375 4986 1579 5044 Christi
1609 4991 1874 5046 continue
1902 5007 2005 5062 pu-

2109 4990 2398 5063 ἰσχύοντες.
2422 4992 2500 5045 Ού
2522 4989 2792 5045 παύσεται
2820 4989 2928 5059 γάρ
2966 5005 3066 5059 μου
3097 4988 3126 5041 ὁ
3151 4983 3322 5057 θυμὸς
3354 4986 3420 5038 ἐκ
3443 4983 3553 5037 τῶν
3583 4983 3682 5035 ὕπ-

420 5083 607 5142 gnant.
636 5073 748 5146 28
778 5074 916 5131 Hinc
950 5077 1132 5146 itaque
1163 5078 1296 5132 dicit
1325 5077 1392 5134 de
1423 5079 1530 5134 illis
1558 5098 1572 5134 :
1623 5098 1643 5134 ι
1681 5080 1773 5138 Vae
1814 5091 2002 5154 peten-

421 5165 587 5220 tibus.
607 5164 724 5221 Non
759 5167 996 5222 cessabit
1026 5167 1171 5223 enim
1202 5168 1355 5224 furor
1387 5184 1539 5226 meus
1574 5183 1762 5228 contra
1796 5176 1998 5242 hostes,

2097 5083 2378 5147 εναντίων,
2416 5081 2510 5136 καὶ
2545 5080 2724 5152 κρίσιν
2760 5081 2826 5133 ὲκ
2853 5077 2961 5131 τῶν
2993 5076 3206 5149 ἐχθρῶν
3251 5092 3353 5146 μου
3388 5074 3619 5143 ποιήσω.
3661 5090 3678 5124 ι

2109 5178 2274 5249 Ὁρᾷς
2295 5177 2444 5238 ὅπως
2467 5173 2746 5237 ἐναντίους
2767 5189 2827 5226 τε
2855 5171 3053 5234 αὐτοὺς
3081 5170 3175 5223 καὶ
3200 5166 3306 5238 μὴν
3329 5166 3424 5219 καί
3455 5164 3682 5236 ἐχθροὺς

419 5266 474 5310 et
512 5256 779 5326 judicium
819 5258 886 5313 de
927 5258 1162 5315 inimicis
1201 5259 1335 5316 meis
1365 5263 1652 5319 exercebo.
1707 5283 1727 5318 ι
1763 5263 2001 5324 Videsne

2109 5267 2390 5339 5νομάζεις
2442 5265 2552 5321 Καὶ
2589 5266 2676 5318 ἐπ’
2717 5250 2926 5326 αὐτοὺς
2968 5260 3031 5332 δὴ
3089 5259 3323 5330 μάλιστα
3373 5257 3443 5311 τὰ
3483 5259 3549 5309 ἐκ
3584 5256 3682 5324 τῆς

419 5362 527 5416 quo
561 5356 718 5417 pacto
745 5349 1090 5406 adversarios
1126 5350 1270 5418 illos,
1299 5361 1356 5408 et
1393 5353 1613 5423 quidem
1662 5355 1849 5412 hostes
1896 5375 1994 5428 ap-

419 5439 624 5505 pellet?
653 5437 719 5492 Et
751 5439 805 5494 in
841 5440 962 5497 illos
1005 5436 1242 5500 maxime
1278 5444 1516 5502 divinam
1567 5446 1702 5500 iram
1743 5449 1995 5504 incursu-

420 5544 537 5583 ram
580 5546 643 5583 ac
674 5533 984 5588 saavituram
1012 5536 1110 5590 ait.
1146 5535 1253 5590 Par
1279 5537 1424 5591 enim
1458 5537 1576 5605 fuit,
1617 5554 1716 5607 par
1756 5539 1858 5593 fuit
1889 5541 1997 5608 plc-

421 5620 490 5674 nti
543 5621 763 5691 gravius
792 5639 907 5688 eos,
951 5633 1005 5680 et
1044 5625 1312 5695 iudicanti
1364 5628 1606 5685 rationes
1657 5629 1883 5685 reddere
1928 5630 1996 5685 de

492 5775 536 5807 “9
568 5774 737 5842 Exod.
764 5793 918 5846 χχιιι,
957 5779 1010 5833 7.
1082 5780 1129 5820 1°
1166 5778 1321 5836 .loan.
1352 5797 1428 5850 ix,
1462 5782 1548 5837 44.
1627 5785 1669 5815 ⁷¹
1696 5782 1853 5838 Joan.
1885 5800 1936 5852 ν,
1989 5784 2077 5839 44.

2107 5357 2257 5420 Θείας
2280 5356 2450 5427 ὀργῆς
2473 5351 2798 5425 δραμεῖσθαί
2827 5348 3171 5421 φησιν.Ἔδει
3202 5346 3332 5419 γὰρ,
3365 5346 3472 5400 ἔδει
3501 5343 3682 5414 μειζό-

2105 5466 2210 5512 νως
2244 5445 2598 5511 κολάζεσθαι,
2645 5445 2738 5498 καὶ
2772 5445 2900 5506 τοὺς
2927 5441 3066 5512 ὑπὲρ
3103 5439 3204 5510 τῆς
3227 5439 3337 5493 τῶν
3365 5437 3539 5493 ἄλλων
3573 5437 3679 5490 ἀπ-

2105 5538 2300 5601 ωλείας
2339 5539 2594 5608 ὑποσχεῖν
2637 5535 2716 5606 τῷ
2749 5536 3002 5607 κρίνοντι·
3029 5534 3239 5603 λόγους.
3277 5530 3382 5595 Οὓς
3428 5527 3496 5601 ἦν
3535 5528 3682 5591 εἰκὸς

2105 5630 2359 5686 δύνασθαι
2383 5631 2476 5684 καὶ
2503 5627 2786 5693 διασώζειν
2819 5630 3034 5693 αὐτοὺς,
3067 5629 3225 5698 εἴπερ
3255 5626 3446 5698 ἡθελον
3466 5625 3604 5696 ὀρθά
3621 5641 3681 5678 τε

2161 5785 2198 5817 "‘
2230 5784 2422 5842 Matth.
2453 5801 2608 5853 xxiii,
2644 5785 2728 5839 f3.
