2050 3236
181 188 235 226 ⁵⁷,
781 183 815 213 lN
835 183 952 213 ISAIAM
973 182 1002 210 Ll

1060 181 1082 211 l.
1103 181 1209 212 OBAT.
1229 180 1251 210 l.
1803 171 1838 199 58

182 249 298 286 φρονεῖν
323 247 415 282 αὐτοὶ,
433 248 483 277 καὶ
498 247 555 280 τοῖς
569 246 661 280 ἄλλοις
677 247 781 275 ἃπασιν
797 247 848 283 τὴν
864 247 904 278 είς
915 244 996 273 τοῦτο

1055 244 1164 272 Iliorum
1178 241 1301 272 interitu.
1317 245 1399 275 quam
1411 236 1555 273 prohibere
1569 241 1602 262 ac
1616 231 1776 269 propulsare
1788 238 1840 267 po-

182 295 404 332 διακομίζουσαν
425 293 584 327 καταδεῖξαι
603 294 708 330 τρίϐον.
731 292 884 328 Ἐπεφώνει
907 291 956 319 καὶ
980 292 994 318 ὁ

183 341 336 372 Θεσπέσιος
353 340 485 376 Ἰωάννης
498 340 592 372 αὐτοῖς
607 339 655 367 ἐπὶ
663 338 694 366 τὸ
704 338 757 374 τῆς
767 337 913 374 μετανοίας
924 336 995 364 ίοῦσι

185 387 344 425 βάπτισμα·
364 397 374 414 ε
391 388 556 424 Γεννήματα
568 386 692 422 ἐχιδνῶν,
710 385 752 418 τίς
767 385 906 417 ὑπέδειξεν
919 385 993 419 ὑμῖν,

190 433 291 471 φυγήν
311 434 370 462 ἀπδ
392 435 443 471 τῆς
455 433 605 472 μελλούσης
629 434 734 470 ὀργῆςς
754 442 763 460 ι
786 432 884 466 Γέγονε
903 431 994 458 τοίνυν

348 479 426 529 παρὰ
441 479 511 507 Θεοῦ
529 479 600 507 κατά
617 479 672 506 τῶν
691 478 848 515 ἰσχυόντων·
867 477 994 513 μάλιστα,

283 525 344 554 ἔστι
356 546 364 557 ,
376 525 432 552 τῶν
447 526 514 562 παρ’
527 526 618 557 αὐτοῖς
632 524 765 558 δυνατῶν,
781 524 865 560 ἦγουν
876 523 996 559 ἡγουμέ-

193 568 256 606 ῄν,
273 571 504 610 καταδῃωθείσης
521 571 613 599 αὐτῶν
629 571 679 607 τῆς
706 570 798 606 χώρας
814 571 862 597 καὶ
874 568 995 605 παραδο-

190 618 290 656 Idm]:
315 620 375 652 τοῖς
396 617 544 654 Ῥωμαίων
569 618 772 654 γενναιοτάτοις
798 615 993 653 στρατεύμασι.

189 664 250 693 Καὶ
265 663 350 693 τοῦτο
372 665 466 697 αὐτοῖς
488 664 704 701 προμεμήνυκεν
726 664 741 690 ὁ
760 664 866 699 Σωτήρ·
884 672 893 688 ε
913 662 996 689 Ὅταν

190 710 266 757 φατε
289 710 483 757 κυκλουμένην
506 710 560 738 ὑπὸ
583 709 773 746 στρατοπέδων
792 709 841 743 τὴν
862 709 997 744 Ἰερουσα-

188 755 332 793 λὴμ.τότε
346 757 437 793 ἐρεῖτε
451 757 509 788 τοῖς
522 756 609 792 δρεσι,
620 754 765 790 Καλύψατε
779 756 853 790 ἡμᾶς
863 763 869 769 ·
882 754 929 781 καὶ
941 754 997 785 τοῖς

191 803 312 840 βουνοῖς,
327 803 434 830 Πέσατε
446 803 490 837 ἐφ’
509 803 593 839 ἡμᾶς.
609 813 618 829 ι
637 802 754 837 Φοὸερὸν
770 800 817 828 οὖν
832 801 887 836 ἄρα
900 800 930 827 τὺ
946 801 996 835 ἐμ-

191 850 289 877 πεσεῖν
303 850 345 882 είς
361 850 459 886 χεῖρας
476 849 544 876 Θεοῦ
568 849 679 882 ζῶντος·
693 849 742 884 οὐχ
759 849 800 875 ὅτι
819 848 936 884 σκληρὸς
951 848 998 874 καὶ

191 895 371 932 ἀμείλικτος·
392 896 514 932 χρηστὸς
529 897 584 932 γὰρ
607 896 708 932 μᾶλλον
731 895 778 922 καὶ
791 894 892 928 ἁγαθός
911 895 995 920 ἐστιν·

190 941 252 968 ἀλλ’
269 941 312 968 ὅτι
342 941 471 968 λυπεῖται
497 940 766 977 καταφρονούμενος,
794 940 858 967 ὃταν
884 940 998 971 ἑαυτοὺς

192 987 317 1023 μάλιστα
337 988 394 1016 τῶν
412 988 479 1023 παρ’
490 988 573 1015 αὑτοῦ
591 988 771 1024 χαρισμάτων
790 986 999 1022 ἀποστεροῦμεν

190 1034 287 1070 ἡμεῖς,
303 1034 396 1061 καίτοι
409 1034 499 1069 παρὸν
512 1034 582 1062 ἑλεῖν
596 1043 625 1061 τε
639 1034 786 1065 πλουσίως·
801 1033 848 1060 καὶ
862 1032 999 1068 ἑντρυφᾷν

190 1081 287 1113 circa;
297 1081 439 1117 ἑλομένοις
453 1081 539 1108 εἴκειν
551 1082 607 1113 τοῖς
622 1081 689 1116 παρ’
698 1080 781 1107 αὐτοῦ
794 1080 897 1115 νόμοις.
919 1080 999 1106 Ἀπο-

191 1126 349 1161 σειομένοις
363 1135 395 1154 τε
409 1128 474 1160 τοὺς
488 1128 624 1163 πονηροὺς
639 1128 686 1154 καὶ
698 1127 823 1159 ἀνοσίους
835 1126 890 1153 τῶν
903 1127 932 1153 ὲν
946 1125 1000 1161 τῷο

189 1172 219 1200 δε
235 1172 277 1209 τῷ
293 1173 346 1209 βίῳ
359 1172 551 1205 διδασκάλους·
569 1174 593 1200 οἳ
606 1174 653 1200 καὶ
667 1174 717 1209 τῆς
729 1173 849 1205 πίστεως
859 1172 909 1208 τὴν
923 1172 999 1208 ὀρθό-

191 1229 266 1255 τητα
280 1221 340 1253 τοῖς
356 1220 464 1248 ἑαυτῶν
480 1221 586 1257 ῥήμασι
606 1221 758 1257 παραλύειν
769 1220 935 1255 ἐπείγονται,
952 1220 1000 1246 καὶ

190 1268 254 1299 ταῖς
273 1267 332 1295 τῶν
346 1267 553 1303 ἀκεραιοτέρων
572 1268 674 1303 ψυχαῖς
696 1268 748 1303 τῆς
763 1267 869 1294 ἑαυτῶν
886 1267 999 1302 δυστρο-

194 1313 260 1346 πίας
282 1314 330 1341 τὸν
347 1313 387 1340 ίὸν
403 1313 556 1349 ἐκχέοντες,
575 1314 799 1350 παρατρέπουσιν
815 1314 900 1346 αὑτὰς
914 1315 953 1346 είς
970 1314 1000 1340 τὺ

191 1358 249 1386 δεῖν
261 1359 378 1388 ἑλέσθαι
387 1359 423 1388 τά
435 1360 553 1397 πονηρά.
572 1383 582 1392 ,

227 1448 288 1476 Καὶ
301 1448 407 1482 ἐπάξω
424 1448 484 1484 τὴν
497 1449 583 1484 χεῖρά
596 1458 657 1484 μου
671 1449 720 1476 ἐπὶ
737 1449 786 1483 σὲ,
803 1450 852 1477 καὶ
872 1450 1000 1484 πυρώσω

193 1503 231 1522 σε
250 1496 297 1528 είς
311 1494 458 1530 καθαρὸν,
475 1495 548 1528 τοὺς
572 1495 607 1521 δὲ
625 1495 826 1529 ἀπειθοῦντας
846 1495 999 1529 ἀπολέσω,

194 1541 246 1570 καὶ
268 1541 390 1575 πάντας
415 1542 634 1576 ὑπερηφάνους
657 1541 841 1569 ταπεινώσω·
863 1542 913 1569 καὶ
938 1542 1001 1569 ἐπι-

1046 290 1130 317 tuisse
1146 288 1230 323 ipsos,
1248 283 1396 314 verisimile
1412 285 1473 315 est,
1488 281 1512 309 si
1527 285 1556 308 et
1572 279 1622 313 ipsi
1639 281 1715 306 recte
1731 283 1839 311 sapere,

1044 339 1072 364 et
1092 334 1199 363 caeteris
1221 331 1349 361 omnibus
1378 328 1474 357 callem
1489 335 1523 355 eo
1542 325 1738 361 perdueenlem
1760 330 1841 350 mon-

1045 386 1135 409 strare
1148 379 1310 406 voluissent.
1324 373 1493 403 Occlamavit
1509 377 1536 399 et
1549 370 1659 399 divinus
1675 368 1794 396 Joannes
1807 367 1841 394 ad

1045 425 1214 463 poenitentiae
1249 423 1384 459 baptisma
1415 418 1635 448 accedentibus:
1664 425 1674 442 ‹
1695 413 1842 449 Progenies

1045 474 1216 508 viperarum,
1237 471 1298 505 quis
1323 466 1486 497 monstravit
1514 464 1592 491 vobis
1623 467 1654 489 ιιι
1679 460 1810 496 fugeretis
1825 466 1840 484 a

1046 519 1137 547 futura
1152 519 1192 546 ira
1203 517 1248 544 7'?
1262 526 1271 543 ›
1287 516 1401 549 Sumpta
1419 517 1460 540 est
1474 519 1539 546 ergo
1556 510 1624 537 ultio
1639 517 1653 536 a
1671 509 1726 535 Deo
1744 507 1778 535 de
1794 512 1843 540 p0-

1047 566 1166 594 tentibus
1181 563 1301 591 maxime
1319 559 1492 596 praesidibus,
1508 557 1533 584 id
1553 560 1605 588 est,
1624 554 1670 589 qui
1694 553 1764 588 apud
1781 552 1843 579 illos

1046 616 1126 641 erant
1148 613 1342 647 praepotentes,
1371 605 1498 633 videlicet
1514 602 1653 638 principes
1668 609 1675 633 ;
1697 599 1787 627 deleta
1803 597 1842 630 ip-

1047 666 1139 687 sorum
1152 657 1273 692 regione,
1286 659 1312 682 et
1326 649 1546 689 generosissimis
1557 648 1744 675 Romanorum
1759 643 1844 678 copiis

1046 704 1182 740 exposita.
1202 698 1429 736 Prazsigniﬁcavit
1448 698 1514 725 item
1541 695 1596 722 illis
1620 694 1672 720 hoc
1690 692 1843 719 Servator:

1050 762 1059 779 ε
1074 752 1142 780 Cum
1151 749 1275 777 videritis
1284 745 1434 776 Jerusalem
1449 744 1482 771 ab
1491 741 1613 770 exercitu
1624 739 1844 767 circumsessam,

1048 805 1113 828 tunc
1139 797 1237 826 dicetis
1254 794 1392 823 montibus
1409 800 1416 819 :
1435 791 1546 826 Operite
1561 795 1629 820 nos;
1656 791 1684 814 et
1702 784 1818 813 collibus
1837 791 1844 810 :

1048 847 1173 876 Corruite
1185 847 1211 872 in
1228 852 1277 872 nos
1286 844 1336 870 ".i
1353 840 1523 869 Horrendum
1538 842 1580 866 est
1595 836 1677 871 igitur
1688 834 1807 862 incidere
1820 834 1845 860 in

1049 902 1158 923 manum
1176 892 1224 919 Dei
1247 889 1363 917 viventis
1376 888 1430 921 7";
1446 894 1500 913 non
1515 884 1578 919 quia
1591 883 1676 911 durus
1693 887 1735 908 est
1749 887 1777 908 et
1796 881 1847 907 im-

1050 938 1192 975 placabilis
1207 944 1215 964 :
1234 936 1369 971 benignus
1381 939 1423 962 est
1436 932 1508 960 enim
1526 930 1615 966 potius
1631 934 1657 956 et
1675 929 1762 955 bonus
1777 936 1783 954 :
1800 927 1847 954 sed

1051 972 1114 1021 quia
1138 981 1291 1018 despicatui
1322 988 1354 1007 ac
1377 976 1546 1012 contemptui
1577 975 1701 1006 habitus,
1735 972 1848 1000 moleste

1050 1032 1114 1065 fert,
1132 1030 1252 1058 maxime
1284 1026 1394 1062 quando
1411 1024 1461 1059 ipsi
1480 1031 1529 1050 nos
1541 1022 1667 1058 graluitis
1687 1020 1745 1055 ejus
1770 1019 1848 1046 donis

1051 1078 1189 1113 privamus
1207 1083 1214 1102 :
1231 1074 1315 1102 etiam
1345 1079 1406 1100 cum
1422 1071 1503 1098 liceat
1536 1068 1588 1096 illis
1615 1067 1718 1094 affatim
1745 1065 1809 1097 frui,
1823 1069 1850 1091 et

1051 1112 1257 1154 circumfluere,
1290 1117 1370 1145 modo
1389 1116 1493 1151 legibus
1520 1115 1553 1141 ab
1572 1114 1631 1149 ipso
1658 1112 1721 1139 latis
1742 1118 1847 1145 parere,

1052 1168 1192 1204 improbos
1216 1174 1249 1194 ac
1265 1164 1363 1199 impios
1380 1170 1472 1190 rerum
1495 1161 1529 1188 ad
1555 1160 1638 1187 vitam
1655 1157 1849 1193 pertinentium

1053 1220 1233 1252 praeceptores
1274 1218 1368 1240 arcere
1403 1210 1430 1237 in
1468 1209 1589 1236 animum
1629 1205 1849 1236 induceremus;

1051 1261 1099 1297 qui
1117 1266 1172 1288 tum
1198 1258 1259 1286 fidei
1286 1256 1472 1285 sinceritatem
1505 1254 1562 1281 suis
1593 1252 1684 1279 verbis
1706 1256 1849 1279 enervare,

1052 1305 1186 1340 quasique
1202 1304 1297 1330 luxare
1328 1302 1472 1329 nituntur:
1495 1303 1550 1326 tum
1580 1295 1778 1332 simpliciorum
1793 1293 1851 1320 ani-

1053 1352 1104 1379 mis
1118 1359 1174 1378 suze
1202 1348 1391 1385 perversitatis
1408 1348 1484 1375 virus
1515 1346 1691 1373 infundentes
1710 1344 1737 1371 in
1756 1341 1850 1378 gravia

1052 1397 1124 1425 mala
1142 1397 1307 1431 detorquent
1322 1400 1350 1422 et
1364 1396 1501 1421 avertunt.

1087 1445 1171 1473 Vens.
1202 1441 1296 1470 25—28.
1317 1440 1353 1467 Et
1375 1439 1503 1467 inducant
1527 1444 1635 1464 manum
1663 1443 1748 1462 meum
1774 1441 1852 1468 super

1052 1498 1085 1524 te,
1104 1496 1127 1518 et
1149 1496 1294 1525 excoquom
1310 1492 1335 1514 te
1351 1486 1386 1513 ad
1407 1492 1503 1520 purum
1527 1491 1536 1511 .'
1563 1482 1741 1509 inobedientes
1765 1485 1852 1506 autent

1052 1536 1173 1572 perdam,
1198 1540 1221 1562 el
1234 1541 1324 1561 omnes
1351 1531 1475 1566 superbos
1496 1529 1654 1563 deprimam.
1670 1527 1704 1553 Et
1720 1526 1852 1559 imponam

194 1588 304 1623 στήσω
331 1587 405 1622 τοὺς
433 1586 537 1623 κριτάς
561 1594 630 1621 σου,
651 1588 692 1621 ὡς
710 1590 744 1615 τὸ
769 1589 925 1623 πρότερον,
950 1588 999 1615 καὶ

1055 1585 1154 1618 iudices
1170 1586 1229 1609 tuos
1242 1585 1269 1607 ιιι
1280 1579 1366 1614 prim,
1379 1582 1401 1604 et
1415 1575 1651 1604 cansiliariostuos
1669 1577 1697 1598 ut
1712 1572 1743 1598 ab
1758 1570 1847 1598 initio.

1060 1630 1077 1634 -·
1200 1628 1205 1634 ι
1290 1623 1399 1634 πλη-ε-
1431 1621 1520 1634 -;..;ι,.-
1544 1619 1652 1634 ἐπειέιὶπι
1696 1615 1847 1634 ηιθουηηηΙίε

195 1635 267 1670 τοὺς
286 1635 486 1670 συμϐούλους
500 1643 561 1662 σου
580 1635 620 1668 ὡς
639 1635 672 1661 τὸ
687 1634 838 1670 ἁπαρχῆς.
853 1635 911 1662 Καὶ
927 1634 1001 1669 μετὰ

195 1682 293 1710 ταῦτα
313 1681 461 1717 κληθήσῃ
481 1682 573 1715 πόλις
593 1682 801 1715 δικαιοσύνης,
816 1682 1003 1716 μητρόπολις

197 1727 293 1762 πιστὴ
312 1727 402 1755 Σιών.
429 1727 512 1755 Μετὰ
537 1728 593 1762 γὰρ
618 1728 761 1762 κρίματος
786 1727 957 1760 σωθήσεται
984 1728 1002 1761 ἡ

197 1774 394 1809 αιχμαλωσια
416 1772 525 1807 αὐτῆς,
543 1773 592 1800 καὶ
609 1774 684 1808 μετὰ
707 1773 928 1808 ἐλεημοσύνης.
947 1773 1003 1800 Καὶ

198 1819 460 1854 συντριϐήσονται
472 1821 500 1846 οι
520 1819 626 1853 ἄνομοι
646 1820 695 1846 καὶ
710 1820 737 1846 οὶ
748 1819 916 1854 ἁμαρτωλοὶ
931 1818 1002 1853 ἅμα,

199 1865 250 1893 καὶ
272 1866 301 1893 οι
318 1865 592 1901 ἐγκαταλείπων-τες
607 1865 661 1893 τὸν
675 1866 786 1901 Κύριον
798 1865 1005 1898 συγ-τελεσθή-

200 1918 311 1938 σοι-ται
314 1932 322 1939 .

241 1957 362 1991 Ἐπάγει
383 1956 433 1992 τὴν
457 1957 537 1992 χεῖρα
561 1956 644 1983 αὑτοῦ
664 1956 740 1988 Θεὸς,
765 1956 803 1987 ὡς
823 1955 1004 1990 πλήττουσαψ

200 2001 325 2029 τοιοῦτον
340 2001 396 2037 γάρ
410 2010 470 2033 πως
484 2002 528 2028 ἀεὶ
542 2002 597 2028 τῶν
609 2002 765 2029 τυπτόντων
781 2002 811 2028 τὸ
825 2001 929 2037 σχῆμα.
944 2001 1006 2027 ’Ότι

200 2050 252 2076 οὐκ
262 2049 396 2085 ἀνόνητος
407 2048 485 2075 ἔσται
497 2048 637 2080 παντελῶς
651 2049 744 2080 αὐτοῖς
757 2049 773 2083 ἡ
786 2048 836 2083 τῆς
852 2048 942 2084 χειρὸς
956 2048 1006 2073 ἑπ-

201 2095 312 2132 αγωγὴ,
325 2095 399 2123 τοῦτ’
416 2095 502 2128 ἐστιν,
520 2096 537 2131 ἡ
551 2095 606 2122 τῶν
621 2095 716 2122 δεινῶν
730 2095 824 2130 ἔφοδος
841 2103 870 2121 τε
886 2095 933 2121 καὶ
947 2095 1006 2121 πεῖα

202 2152 248 2180 ρα,
262 2142 327 2187 οῦτε
343 2142 397 2178 μὴν
408 2142 576 2179 ἀδιακρίτως
591 2142 678 2169 ἆπασι
697 2143 730 2169 τὰ
750 2142 779 2175 ἐξ
796 2142 882 2177 ὀργῆς
902 2141 1008 2176 συμϐή-

203 2199 292 2223 σεται,
321 2190 466 2227 φροντίδος
485 2190 514 2217 δὲ
540 2190 588 2217 καὶ
611 2189 719 2224 φειδοῦς
745 2188 857 2221 ἀξιώσει
881 2188 944 2219 τοὺς
964 2197 1009 2214 πε-

203 2237 400 2270 πιστευκότας,
415 2237 463 2263 καὶ
476 2237 533 2267 τοῖς
547 2235 669 2271 γνησίοις
683 2235 830 2269 ἁπονεμεῖν
847 2234 896 2269 τὴν
910 2233 956 2260 ἐπὶ
970 2233 1010 2268 τῷ

1055 1630 1089 1656 Et
1112 1633 1168 1663 post
1197 1628 1251 1653 Ιιίεο
1266 1623 1399 1652 vocaberis
1428 1621 1520 1648 civitas
1539 1619 1670 1654 jusliliw,
1696 1615 1848 1650 metropolis

1055 1662 1140 1712 ﬁdelis
1157 1674 1234 1702 Sion.
1262 1671 1329 1699 Cum
1342 1668 1447 1704 judicio
1469 1667 1539 1694 enim
1553 1665 1701 1693 servabitur
1714 1662 1853 1697 captivitas

1055 1725 1148 1759 ipsius,
1161 1726 1185 1749 et
1200 1728 1258 1747 cum
1268 1715 1462 1744 ntisericordia.
1476 1713 1509 1740 Et
1521 1716 1705 1740 convertentur
1720 1709 1805 1744 iniqui
1822 1717 1853 1735 ac

1055 1755 1202 1804 peccatores
1237 1763 1337 1795 simul,
1363 1766 1386 1789 et
1407 1760 1452 1796 qui
1484 1758 1679 1794 dereliqueruut
1709 1755 1852 1783 Dominum

1056 1818 1256 1842 consumentur.

1093 1956 1199 1985 lnducit
1215 1960 1324 1981 manum
1354 1958 1430 1980 suam
1448 1950 1529 1983 Deus,
1547 1952 1641 1983 utpote
1664 1945 1818 1975 ferientem.
1833 1944 1856 1970 is

1058 2005 1131 2033 enim
1144 2009 1254 2037 semper
1277 2005 1318 2028 est
1344 2003 1436 2035 gestus
1457 1996 1512 2031 29
1538 1993 1761 2030 percutientium.
1780 1991 1856 2024 Quod

1059 2056 1150 2079 autem
1168 2055 1280 2084 prorsus
1295 2053 1349 2073 non
1367 2045 1420 2073 erit
1438 2045 1498 2070 sine
1515 2042 1605 2069 fructu
1626 2040 1684 2068 lnec
1712 2045 1809 2066 manus
1831 2037 1857 2063 in

1059 2106 1106 2126 eos
1123 2095 1254 2127 inductio,
1271 2095 1323 2121 hoc
1339 2097 1400 2124 est,
1433 2098 1524 2118 rerum
1542 2089 1720 2116 adversarum
1737 2084 1858 2112 incursio

1066 2147 1093 2170 et
1119 2140 1244 2172 tentalio.
1263 2146 1312 2166 nec
1338 2137 1495 2172 promiscue
1509 2133 1637 2160 omnibus
1654 2132 1712 2158 limo
1725 2128 1858 2164 supplicia

1061 2187 1196 2218 accident,
1213 2184 1260 2212 sed
1283 2182 1356 2217 quod
1374 2181 1517 2209 credentes
1530 2185 1597 2205 cura
1622 2181 1649 2204 et
1669 2174 1858 2202 misericordia

1062 2234 1199 2269 dignetur,
1221 2234 1248 2258 et
1263 2228 1388 2265 genuinis
1416 2226 1479 2253 ﬁliis
1497 2224 1674 2252 servatriccm
1693 2221 1807 2257 gratiam
1824 2219 1861 2246 sit

202 2293 236 2318 γε
263 2284 320 2310 δεῖν
343 2267 528 2315 διασώζεσθαι
549 2267 629 2319 χάριν
653 2267 775 2310 διδάσκεί
799 2267 902 2315 σαφῶς.
922 2267 1000 2307 nm

1064 2279 1221 2315 largiturus,
1241 2275 1315 2304 clare
1331 2276 1419 2302 docet.
1438 2269 1708 2300 Etenimlerusalem
1721 2268 1783 2296 olim
1803 2267 1857 2294 Deo

203 2330 256 2366 μὲν
266 2329 324 2366 γὰρ
333 2329 351 2365 ἡ
368 2329 502 2364 θεομάχος
519 2327 698 2364 Ἰερουσαλὴμ
712 2327 915 2363 ὲκπεπόρνευκε
928 2326 1009 2353 πολυ-

201 2376 317 2413 τρόπως
327 2376 373 2404 διὰ
383 2375 430 2403 τοῦ
445 2375 593 2412 λατρεῦσαι
608 2375 679 2407 θεοῖς
694 2373 808 2410 ἑτέροις,
825 2375 965 2409 ἐπήγαγεν
981 2373 1010 2400 δὲ

203 2423 276 2458 αὐτῇ
293 2421 346 2457 τὴν
361 2421 443 2457 χεῖρα
461 2421 538 2452 θεὸς,
554 2421 602 2448 καὶ
619 2420 715 2455 ὥσπερ
733 2420 786 2446 τινὶ
809 2420 876 2455 πυρὶ
897 2420 957 2450 ταῖς
978 2420 1009 2445 ὲκ

203 2468 252 2496 τοῦ
277 2467 402 2503 πολέμου
421 2467 568 2503 παρεδίδου
589 2467 753 2502 συμφοραῖς.
782 2466 891 2502 Ἐπειδὴ
913 2465 941 2492 δὲ
962 2465 1010 2491 πέ-

203 2523 320 2551 πομφεν
345 2514 376 2547 ἐξ
399 2513 516 2551 οὐρανοῦ
536 2514 582 2541 τὸν
607 2513 670 2540 Υἱὸν
690 2513 704 2539 ὁ
722 2513 816 2548 Πατὴρ
832 2511 948 2547 Σωτῆρα
964 2511 1012 2538 καὶ

202 2562 372 2598 Λυτρωτὴν,
396 2559 456 2588 εἶτα
475 2561 678 2597 πεπαρῴνηκεν
697 2560 738 2591 είς
754 2559 846 2593 αὑτὸν,
867 2558 914 2586 καὶ
934 2558 968 2584 τὰ
982 2557 1012 2590 ἐξ

202 2609 331 2645 ἀκράτου
353 2608 498 2644 πέπραχεν
516 2607 657 2639 ἀπονοίας.
676 2607 714 2633 Οὐ
737 2605 889 2633 διαλέλοιπέ
905 2614 935 2631 τε
952 2607 1012 2636 ταῖς

205 2654 365 2686 ἀπειθείαις
384 2654 490 2690 ἀγρίως
512 2654 736 2693 περιυϐρίζουσμ,
754 2652 842 2679 καίτοι
856 2651 1011 2679 δικαιοῦντα

204 2701 253 2729 τδν
270 2700 374 2737 ἀσεϐῆ,
391 2701 438 2727 καὶ
456 2700 511 2727 τῶν
528 2700 651 2736 ἀρχαίων
666 2699 910 2734 πλημμελημάτων
925 2699 1012 2725 ἁπαλ-

205 2749 344 2776 ὶάττοντα
369 2747 415 2774 διὰ
440 2749 491 2782 τῆς
513 2747 642 2778 πίστεως.
664 2746 803 2781 Ἑπήγαγε
824 2745 851 2772 δὲ
871 2745 939 2780 αὐτῇ
964 2744 1012 2779 τὴν

206 2796 289 2831 χεῖρα
302 2793 397 2826 πάλιν,
416 2794 464 2822 καὶ
477 2791 533 2820 οἷόν
545 2803 587 2826 τις
599 2793 725 2829 τεχνίτης
740 2792 875 2827 διέκρινεν
888 2791 916 2817 ὲν
936 2791 1013 2825 nep",

207 2842 256 2868 καὶ
273 2841 351 2869 ἅπαν
372 2840 423 2877 μὲν
444 2841 507 2868 ὅσον
530 2839 563 2877 ἦν
587 2841 616 2867 ὲν
630 2840 698 2875 αὐτῇ
718 2839 904 2874 δοκιμώτατον
923 2847 952 2864 τε
969 2838 1016 2863 καὶ

1064 2331 1230 2360 repugnans,
1250 2330 1311 2350 cum
1327 2321 1431 2348 alienos
1445 2319 1510 2346 deos
1539 2317 1654 2345 colendo
1673 2314 1861 2349 multipliciter

1064 2376 1183 2401 scortatu
1202 2370 1309 2401 fuisset,
1327 2374 1437 2394 manum
1457 2366 1482 2393 ei
1499 2365 1568 2392 Deus
1585 2363 1702 2395 induxit,
1717 2367 1745 2389 et
1763 2361 1861 2388 inbelli

1065 2419 1237 2447 calamitates
1257 2421 1386 2449 tanquam
1414 2413 1440 2439 in
1461 2412 1551 2446 ignem
1569 2409 1712 2445 quemdam
1733 2408 1860 2442 conjecit.

1064 2465 1188 2499 Cumque
1200 2461 1298 2490 deinde
1317 2460 1396 2487 Pater
1412 2458 1510 2486 Filium
1523 2464 1538 2484 e
1551 2456 1620 2483 εωιυ
1637 2454 1716 2482 nobis
1731 2453 1861 2485 misisset,

1065 2512 1241 2538 Servatorem
1276 2514 1308 2535 ac
1352 2505 1576 2539 Redemptorem,
1600 2506 1712 2536 tumque
1742 2500 1769 2527 in
1799 2507 1862 2526 eum

1066 2557 1197 2585 bacchata
1214 2558 1287 2582 esset
1308 2552 1425 2585 furiose,
1445 2558 1532 2585 eaque
1552 2556 1585 2576 ex
1603 2548 1746 2583 impotenti
1769 2551 1861 2582 patra-

1067 2608 1108 2631 ret
1125 2601 1256 2634 amentia,
1283 2607 1333 2628 nec
1360 2598 1500 2626 desineret
1516 2603 1563 2631 per
1580 2594 1793 2623 inobedientiam
1821 2593 1862 2619 in-

1065 2650 1134 2685 signi
1146 2646 1310 2676 contumelia
1325 2646 1435 2672 afficere
1448 2652 1521 2677 eunt,
1535 2643 1581 2678 qui
1597 2642 1707 2677 impium
1717 2639 1860 2676 justillcat,

1066 2684 1126 2723 cra
1144 2693 1284 2721 veteribus
1308 2691 1420 2726 flagitiis
1450 2698 1499 2725 per
1516 2690 1595 2716 fidem
1612 2688 1728 2719 liberat;
1756 2684 1863 2712 induxit

1067 2741 1091 2768 ei
1112 2747 1222 2767 manum
1252 2739 1285 2766 de
1310 2739 1425 2772 integro,
1453 2742 1480 2763 ct
1509 2735 1585 2762 velut
1607 2732 1705 2761 artifex
1728 2730 1862 2765 quispiam

1070 2790 1131 2825 igne
1159 2788 1289 2815 discrevit
1321 2795 1327 2813 :
1359 2790 1386 2813 ct
1415 2782 1639 2819 probatissimum
1668 2786 1701 2807 ac
1733 2777 1862 2805 sclcclnm

1071 2843 1155 2870 genus
1180 2833 1349 2862 credentium
1376 2831 1427 2860 sibi
1456 2828 1606 2858 reservavit
1638 2835 1644 2853 :
1680 2824 1863 2853 adulterinum

245 2933 271 2950 ⁷³
285 2931 385 2960 Matth.
408 2939 449 2964 ιιι,
464 2931 491 2957 7.
531 2930 553 2946 7"
577 2929 643 2957 Luc.
662 2937 718 2964 xxi,
744 2929 878 2961 20;xxm,
896 2928 939 2954 3U.
980 2928 1002 2943 7'

1055 2927 1109 2954 chr.
1128 2934 1153 2959 κ,
1172 2926 1215 2952 δι.
