2050 3270
219 177 253 205 59
737 176 765 203 S.
787 174 932 204 CYRlLLl.
946 172 1181 202 ALEXANDRINI
1200 171 1361 201 ARClllEP.
1825 173 1859 200 60

219 245 284 264 vero
301 241 328 264 et
347 237 511 273 rejectitium
529 236 612 265 exitio
642 236 716 264 dedit
734 244 768 264 ac
784 236 893 265 delevit.
911 237 1011 270 Quem-

1072 235 1214 261 ιπόλεκτον
1225 234 1303 268 γένος
1321 232 1377 260 τῶν
1388 233 1611 259 πεπιστευκότων
1621 231 1699 259 τοῦτο
1711 233 1860 268 τετήρηκεν
1876 238 1878 240 ’

220 284 368 311 admodum
397 284 480 318 igitur
510 284 555 318 qui
584 282 651 318 igni,
674 282 715 310 vel
732 290 781 315 aes,
807 282 850 309 vel
866 287 1010 318 argentum

220 329 341 364 liquattt,
366 334 521 364 excoquunt
542 330 691 364 materias;
715 329 753 357 ita
773 333 801 357 et
823 336 883 364 ego,
912 329 1011 363 inquit,

220 382 332 402 cxuram
346 381 371 402 te
382 375 415 402 ad
432 382 540 409 purum.
558 375 696 410 Scriptum
710 380 753 403 est
771 380 861 402 autem
878 384 886 402 :
908 384 917 401 ι
933 374 1012 402 Eluet

220 420 352 448 Dominus
371 421 466 448 sordes
481 420 598 448 filiorum
613 425 640 448 et
667 420 784 447 filiarum
813 419 889 452 Sion,
905 424 932 447 et
950 428 1012 447 san-

220 468 328 502 guinem
341 474 356 494 e
372 467 462 494 medio
480 474 573 494 eorum
587 466 758 501 expurgabit,
775 465 869 500 spiritu
881 465 975 500 judicii
987 470 1014 492 et

221 512 327 540 ardoris
340 513 374 540 ⁷⁵.
385 522 395 539 ι
421 512 529 540 Dictum
549 517 591 540 est
621 512 703 540 etiatn
719 520 733 539 a
747 511 863 547 quodam
884 519 899 539 e
913 512 1015 539 sanctis

221 559 384 594 prophetis:
404 567 413 584 ε
432 558 528 586 Subito
550 557 681 585 venietin
706 557 836 593 templum
861 564 940 584 suum
962 556 1015 584 Do-

221 604 322 637 minus,
340 610 420 638 quem
446 610 494 630 vos
509 603 641 638 qumritis,
658 607 685 630 et
711 601 829 637 Angelus
856 602 1013 630 testamenti

221 656 303 683 quem
323 656 371 676 vos
391 649 483 676 vultis.
504 649 575 676 Ecce
603 649 688 681 venit,
712 648 778 676 dicit
803 649 955 676 Dominus:
972 656 1016 676 ec-

223 694 284 728 quis
300 693 445 721 sustinebit
469 694 541 721 diem
556 694 688 721 adventus
703 693 782 728 ejus?
805 692 851 720 Vel
864 693 925 728 quis
949 694 1015 721 sub-

223 739 302 766 sistet
319 739 345 766 in
362 744 508 774 conspectu
532 739 611 773 ejus?
625 738 693 772 Quia
715 739 772 773 ipse
797 740 871 766 venit
886 744 1014 773 tanquam

224 784 295 819 ignis
312 784 442 818 fornacis,
456 789 483 812 et
497 788 628 819 tanquam
648 784 732 811 herba
755 783 917 818 lavantium,
932 789 958 811 et
971 791 1015 813 se-

225 830 300 858 debit
323 830 453 863 conﬂans,
468 831 542 858 velut
554 836 694 866 argentum
706 838 734 859 et
745 839 841 858 aurum
852 832 886 859 ".
905 840 914 857 ι
930 831 1018 859 Aliter

225 876 306 903 etiam
336 876 414 904 nobis
441 876 588 911 explicabit
607 877 659 905 hoc
671 878 780 913 sapiens
801 877 955 909 Mattheus,
975 876 1016 903 lo-

1064 282 1093 308 ἐν
1108 281 1207 316 ἐαυτῷ,
1215 281 1246 306 τό
1257 289 1288 315 γε
1299 279 1351 315 μὴν
1365 279 1491 314 κίϐδηλον
1506 280 1552 306 καὶ
1562 279 1691 315 ἀδόκιμον
1705 281 1861 315 παραδέδω-

1064 336 1111 354 κεν
1126 328 1165 359 είς
1185 327 1295 361 ὀλεθρον
1318 326 1365 352 καὶ
1380 326 1543 360 ἀφανισμόν.
1563 326 1670 360 ’Ὠσπερ
1690 323 1736 352 οὖν
1753 326 1776 352 οἱ
1794 327 1861 361 πυρὶ

1064 373 1275 408 κατατήκοντες,
1298 373 1315 408 ἢ
1333 372 1442 407 χαλκὸν,
1457 373 1474 407 ἦ
1500 371 1630 407 ἄργυρον,
1653 372 1860 407 διακαθαίρουσι

1063 419 1113 451 τὰς
1132 418 1214 450 ὕλας·
1229 418 1300 444 οὕτω
1320 417 1408 451 κάγὼ,
1425 417 1502 452 φησι,
1521 417 1642 452 πυρώσω
1668 418 1709 449 εις
1728 416 1860 452 καθαρόν.

1063 465 1222 501 Γέγραπται
1232 464 1271 496 δὲ,
1286 464 1327 490 ὅτι
1343 472 1351 489 ι
1371 463 1515 490 Ἐκπλυνεῖ
1531 463 1633 498 Κύριος
1647 463 1692 490 τὸν
1709 462 1794 497 ῥύπον
1808 462 1861 489 τῶν

1065 508 1133 535 υἱῶν
1149 508 1196 535 καὶ
1209 508 1262 534 τῶν
1278 507 1437 543 θυγατέρων
1456 507 1536 539 Σιὼν,
1552 508 1598 534 καὶ
1616 507 1645 533 τὸ
1659 505 1728 542 αἷμα
1742 506 1861 534 ἐκκαθα-

1066 556 1120 592 ριεϊ
1148 556 1181 582 ἐκ
1202 555 1285 590 μέσου
1302 554 1402 586 αὐτῶν,
1426 555 1455 580 ἐν
1477 554 1613 588 πνεύματι
1630 553 1748 589 κρίσεως
1768 552 1815 579 καὶ
1833 553 1862 578 ἐν

1066 601 1201 637 πνεύματι
1221 600 1355 632 καύσεως.
1378 609 1386 625 ι
1406 600 1520 635 Εἴρηται
1535 599 1563 625 δὲ
1578 599 1625 625 καὶ
1636 598 1681 625 διὰ
1697 597 1788 633 φωνῆς
1803 597 1862 628 ἐνὸς

1065 648 1120 674 τῶν
1139 647 1225 681 ἁγίων
1255 647 1413 682 προφητῶν,
1433 647 1473 673 ὅτι
1493 655 1501 671 ι
1524 645 1667 680 Ἐξαίφνης
1684 644 1744 680 ἥξει
1763 644 1802 675 εἰς
1817 643 1863 670 τὸν

1066 694 1129 720 ναὸν
1145 693 1227 720 αὑτοῦ
1240 692 1354 728 Κύριος,
1377 692 1405 719 ὃν
1429 693 1507 728 ὑμεῖς
1528 692 1645 726 ζητεῖτε,
1660 691 1707 717 καὶ
1720 691 1734 716 6
1748 689 1863 724 ἄγγελος

1066 741 1116 775 τῆς
1137 739 1280 775 διαθήκης,
1301 738 1330 765 ὃν
1354 739 1432 774 ὑμεῖς
1455 738 1555 764 θέλετε.
1573 737 1639 764 Ἰδοὺ
1653 736 1773 772 ἔρχεται,
1788 735 1863 770 λέγει

1067 784 1179 821 Κύριος,
1202 784 1250 811 καὶ
1267 784 1309 816 τίς
1328 784 1461 819 ὑπομενεῖ
1479 783 1586 818 ἡμέραν
1609 782 1713 808 εἰσόδου
1731 780 1828 813 αὐτοῦς
1844 781 1861 816 ἢ

1066 830 1109 862 τίς
1120 831 1302 865 ὑποστήσεται
1315 830 1344 857 ἐν
1358 831 1392 865 τῇ
1407 829 1526 864 ὀπτασίᾳ
1546 827 1645 859 αὑτοῦ,
1661 827 1701 854 ὅτι
1715 827 1796 858 αὐτὸς
1809 827 1864 853 εῐσ-

1068 876 1236 911 πεπόρευται
1253 876 1290 906 ὡς
1302 874 1358 911 πῦρ
1369 874 1565 910 χωνευτηρίου,
1581 874 1627 900 καὶ
1638 873 1676 905 ὡς
1689 873 1742 900 πόα
1754 872 1865 899 πλυνόν-

231 928 317 955 quens
329 921 362 948 de
378 920 487 948 Christo
501 930 507 948 :
526 930 535 947 ι
548 921 604 956 Ego
618 922 726 956 baptizo
736 930 783 949 vos
795 922 821 949 in
836 929 904 956 aqua
914 921 947 948 ad
959 928 1017 956 pte-

1072 931 1134 954 των,
1152 922 1199 949 καὶ
1214 922 1349 949 καθιεῖται
1372 921 1510 956 χωνεύων,
1529 920 1566 951 ὡς
1580 919 1610 946 τὸ
1624 918 1756 954 ἀργύριον
1774 918 1820 945 καὶ
1834 917 1865 944 τὺ

226 967 369 994 nitentiam
387 976 394 994 :
412 972 439 994 at
459 968 504 1002 qui
526 975 569 995 nte
597 967 736 1003 sequitur,
756 968 853 995 fortior
885 975 928 996 me
954 972 1012 999 est,

226 1013 305 1047 cujus
330 1012 438 1040 calceos
461 1021 513 1040 non
538 1020 597 1041 sum
629 1014 725 1049 dignus
743 1018 861 1048 portare.
886 1013 946 1048 [pse
970 1020 1017 1039 vos

226 1057 374 1092 baptizabit
389 1058 415 1085 in
439 1058 540 1093 Spiritu
554 1064 647 1086 sancto
659 1064 685 1086 et
705 1060 784 1095 igne;
809 1059 887 1093 cujus
905 1058 1015 1086 ventila-

228 1104 306 1131 brum
335 1104 362 1131 in
390 1112 471 1132 manu
496 1104 566 1139 ejus,
592 1106 796 1141 etexpurgabit
818 1113 909 1133 aream
930 1113 1016 1137 suam,

227 1150 457 1185 congregabitque
479 1151 598 1178 triticum
611 1159 688 1178 suum
706 1151 733 1178 in
748 1152 888 1183 horreum,
913 1150 1017 1185 paleam

229 1201 319 1223 autem
332 1196 470 1224 comburet
492 1196 553 1232 igne
580 1196 745 1224 inexstincto
759 1197 794 1225 ⁷⁷.
808 1206 817 1223 ι
834 1197 927 1232 Itaque
953 1196 1020 1223 triti-

229 1249 292 1268 cum
307 1242 334 1268 in
365 1242 493 1269 horreum
517 1242 675 1277 colligitur:
696 1242 885 1276 infrugiferum
898 1249 974 1274 vero,
993 1241 1019 1269 id

228 1292 271 1314 est
295 1287 419 1321 paleam,
448 1288 517 1323 ignis
546 1288 605 1316 fore
634 1295 723 1315 escam
740 1287 796 1323 30
813 1288 888 1315 dicit.
911 1287 1018 1315 Modum

229 1338 318 1361 autem
334 1334 355 1361 si
367 1334 427 1368 quis
445 1335 516 1362 scire
526 1335 627 1370 cupiat,
644 1335 727 1362 verba
740 1334 879 1370 proposita
898 1333 1020 1361 declara~

229 1380 304 1419 bunt.
331 1378 391 1406 Mox
411 1379 483 1407 enim
511 1380 617 1415 inquit:
637 1389 647 1406 ‹
673 1379 864 1407 [nobcdientes
896 1378 1019 1413 perdam,

228 1429 256 1451 et
278 1426 389 1459 perdam
415 1432 510 1453 omnes
535 1424 648 1459 iniustos
662 1434 677 1453 a
695 1430 732 1459 te,
750 1432 902 1460 omnesque
925 1432 1020 1459 super-

229 1470 278 1496 bos
300 1469 461 1504 deprimam.
484 1480 493 1496 ι
518 1470 746 1505 Periitsiquidem
766 1470 950 1498 lsraelitarum
972 1477 1022 1496 an-

231 1515 303 1550 tiqua
315 1515 470 1549 multitudo,
484 1524 544 1551 quae
556 1517 582 1544 in
596 1517 736 1544 Christum
749 1516 860 1545 admisit
873 1516 1019 1552 piaculum,

230 1565 257 1587 et
274 1560 482 1596 Redemptorem
503 1562 620 1597 negavit.
639 1562 819 1590 Exterminati
843 1562 943 1597 quippe
958 1565 1021 1588 sunt

229 1613 323 1634 omnes
345 1607 471 1642 superbi,
486 1612 513 1635 et
532 1608 577 1642 qui
596 1607 687 1642 inique
713 1608 816 1641 vivunt,
831 1607 952 1636 Iudaicae
969 1609 1022 1635 sci—

230 1652 293 1679 licet
316 1652 464 1689 Synagogm
492 1653 621 1688 praefecti,
637 1659 664 1681 et
688 1654 827 1689 principes
850 1654 1022 1682 sacerdotum

230 1704 257 1725 et
268 1698 407 1726 Pharisazi.
420 1698 471 1731 Qui
485 1699 557 1726 enim
584 1699 679 1734 injusti
700 1707 752 1726 non
774 1703 837 1727 sunt
855 1703 882 1727 et
893 1707 1023 1734 arrogan-

232 1749 285 1776 tes,
302 1744 348 1779 qui
371 1744 438 1778 legis
455 1745 633 1772 reverentiam
649 1753 682 1773 ne
695 1746 837 1773 minimum
856 1746 964 1781 quidem
980 1753 1024 1772 cu-

232 1793 304 1822 rant,
329 1796 415 1817 cornu
437 1794 526 1817 autem
559 1790 585 1817 in
617 1790 736 1818 sublime
762 1790 868 1825 tollunt,
884 1795 910 1818 et
929 1795 1024 1818 contra

232 1835 315 1862 Deum
327 1835 484 1870 injustitiam
496 1836 659 1872 loquuntur?
668 1837 878 1864 Dixeruntenim
892 1846 898 1864 :
914 1846 923 1862 ι
936 1836 1022 1869 Tolle,

233 1881 307 1914 tolle,
335 1882 409 1909 cruci
427 1881 508 1917 affige
528 1882 602 1909 illum
616 1882 649 1909 ⁷⁸.
669 1892 678 1908 ι
707 1882 835 1910 Sublatus
865 1886 907 1910 est
933 1885 1023 1908 autem

232 1927 274 1954 cis
297 1927 456 1963 populorum
494 1928 673 1963 principatus,
697 1929 849 1963 designatis
875 1928 899 1954 in
928 1934 1023 1954 eorum

233 1973 320 2000 locum
336 1974 435 2000 sanctis
453 1975 593 2008 apostolis,
612 1975 644 2002 de
661 1975 759 2009 quibus
782 1974 847 2000 dicit
863 1983 868 2000 :
889 1983 898 1999 ‹
917 1973 1026 2000 Consti-

233 2024 306 2046 tuam
319 2018 423 2053 iudices
442 2024 500 2047 tuos
524 2026 551 2047 ut
569 2021 654 2055 prius,
675 2026 701 2048 ct
722 2020 895 2047 consiliarios
922 2024 982 2047 tuos
997 2023 1027 2045 ut

233 2065 268 2092 ab
292 2065 395 2093 initio.»
413 2066 501 2093 Nihilo
521 2072 610 2093 autem
632 2066 775 2094 inferiores
805 2065 912 2091 fuerunt
929 2065 1027 2100 priscis

233 2111 287 2139 illis
301 2112 403 2140 sanctis
431 2113 513 2139 divini
534 2112 670 2146 discipuli,
688 2119 755 2145 quos
772 2110 914 2144 etjudices
936 2111 1027 2146 appel-

233 2157 282 2188 lat,
299 2161 327 2184 et
347 2157 516 2185 consiliarios
537 2158 668 2185 nominat.
691 2157 844 2190 Utrumque
871 2157 942 2183 enim
961 2164 1027 2192 prte-

234 2203 373 2237 stiterunt,
391 2204 454 2230 dum
477 2209 604 2239 tanquam
623 2203 729 2236 judice;
747 2204 943 2237 redarguerth
962 2209 1026 2237 pec-

233 2252 357 2283 catores,
384 2250 505 2277 infirmos
541 2255 630 2277 autem
670 2250 878 2276 cohortarentur
906 2257 966 2283 qum
993 2250 1026 2277 ad
1044 2268 1066 2295 ο

235 2295 317 2322 robur
333 2296 475 2330 spirituale
490 2296 543 2323 illis
570 2295 629 2322 usui
645 2295 743 2322 forent.
769 2294 902 2321 Nimirum
918 2295 1028 2330 sapien-

235 2340 358 2367 tissimus
378 2340 477 2367 Paulus
491 2348 551 2367 eum
567 2340 613 2374 qui
631 2340 703 2367 inter
718 2339 880 2367 Corinthios
893 2344 1029 2367 scortatus

234 2390 287 2418 est,
308 2385 417 2413 tradidit
434 2386 542 2420 quidem
559 2385 677 2417 Satantc,
701 2387 733 2412 ad
768 2386 906 2412 interitum
926 2385 1028 2418 carnis.

235 2437 264 2459 ut
281 2432 394 2467 spiritus
419 2432 512 2460 salvus
537 2432 616 2460 fieret
634 2440 641 2459 :
660 2431 804 2459 consilium
819 2439 885 2459 vero
912 2432 958 2459 dat
981 2431 1030 2459 bo-

235 2486 311 2511 num,
324 2483 351 2506 et
362 2478 449 2513 inquit
463 2487 470 2505 ι
485 2486 495 2504 ι
510 2478 539 2506 Si
553 2478 616 2514 quis
627 2477 713 2506 frater
725 2477 889 2510 nominatus,
903 2477 944 2505 vel
955 2485 1028 2505 scor-

236 2527 318 2557 tator,
336 2524 378 2552 vel
394 2531 503 2558 avarus,
534 2524 576 2551 vel
599 2523 757 2557 idololatra,
771 2523 814 2551 vel
829 2523 1025 2560 subsannator,

236 2570 279 2598 vel
294 2570 431 2603 ebriosusI
443 2570 487 2598 vel
501 2576 596 2604 rapax,
622 2577 682 2597 cum
699 2569 855 2604 hujusmodi
870 2577 923 2597 non
938 2577 1030 2598 come-

237 2616 355 2645 dendum
365 2616 416 2643 ⁷⁸.»
431 2615 614 2650 Dejudicibus
629 2621 657 2644 et
671 2617 703 2645 de
713 2616 913 2645 consultoribus
925 2617 970 2652 qui
985 2616 1030 2644 hic

238 2661 377 2695 dicuntur,
394 2661 491 2689 beatus
504 2661 587 2689 David
604 2662 638 2690 ad
656 2663 741 2697 ipsam
758 2661 905 2691 Jerusalem
924 2664 951 2690 in
967 2663 1030 2698 Spi-

241 2708 293 2735 ritu
307 2711 402 2736 sancto
419 2707 506 2736 dixit:
526 2717 535 2734 ι
547 2707 601 2736 Pro
620 2709 741 2744 patribus
758 2709 810 2738 tuis
831 2710 886 2737 nati
907 2714 971 2738 sunt
985 2709 1032 2737 ﬁlii

241 2753 290 2781 tibi
302 2753 349 2786 7",
364 2762 374 2779 ι
392 2754 442 2780 hoc
456 2758 507 2785 est,
522 2754 581 2782 loco
595 2759 700 2789 patrum
714 2755 795 2790 geniti
806 2760 868 2782 sunt
879 2755 925 2783 tibi
936 2755 1011 2782 liberi
1024 2764 1030 2782 :

240 2799 339 2833 quippe
361 2800 407 2834 qui
426 2799 510 2828 Judazi
526 2805 614 2835 erant,
629 2805 656 2828 et
673 2808 705 2828 ex
720 2800 830 2833 ludatis,
845 2805 872 2829 et
894 2801 940 2829 lilii
959 2802 1028 2838 ejus,

273 2867 298 2884 ⁷⁸
316 2867 370 2895 lsa.
387 2876 422 2900 tv,
441 2869 467 2895 4.

520 2868 542 2885 ⁷⁸
558 2868 671 2897 Malacn.
688 2875 730 2902 ιιι,
748 2869 773 2902 1,
797 2869 823 2895 2.

240 2902 274 2919 "'
291 2902 363 2931 Psal.
379 2912 451 2936 χειν,
467 2904 509 2932 17.

876 2868 899 2884 "
919 2868 1011 2895 Matth.
1031 2876 1071 2900 ιιι,
1094 2868 1135 2900 Η,
1166 2867 1205 2896 12.

1071 968 1192 1003 χρυσίον.
1216 977 1225 995 ι
1249 967 1451 1002 Ἐτεροτρόπως
1464 966 1492 992 δὲ
1507 965 1586 992 τοῦτο
1608 964 1655 991 καὶ
1676 965 1689 990 6
1705 963 1785 998 σοφὸς
1800 964 1864 998 ἡμῖν

1070 1014 1210 1045 Ματθαῖος
1227 1013 1356 1047 διασαφεῖ
1371 1012 1457 1046 λέγων
1475 1011 1539 1047 περὶ
1552 1010 1681 1046 Χριστοῦ·
1700 1019 1709 1035 ι
1729 1009 1799 1043 Ἐγὼ
1816 1008 1865 1044 μέν

1068 1059 1123 1095 γὰρ
1138 1060 1210 1095 ὑμᾶς
1226 1059 1349 1094 βαπτίζω
1369 1059 1398 1084 ἐν
1414 1057 1491 1084 ῦδατι
1507 1058 1546 1088 εἰς
1564 1055 1719 1092 μετάνοιαν·
1739 1056 1753 1081 6
1766 1054 1795 1080 δὲ
1806 1054 1866 1080 ὀπί-

1070 1115 1109 1133 σω
1136 1115 1185 1141 μου
1211 1105 1368 1140 ἐρχόμενος,
1392 1103 1565 1139 ἰσχυρότερός
1590 1111 1640 1137 μου
1660 1100 1746 1133 ἐστὶν,
1764 1097 1793 1127 οὗ
1816 1100 1866 1126 οὐκ

1069 1152 1127 1187 εἰμὶ
1141 1151 1232 1183 ἱκανὸς
1248 1151 1282 1178 τὰ
1297 1150 1461 1185 ὑποδήματα
1477 1149 1620 1184 βαστάσαι,
1634 1147 1715 1179 αὐτὸς
1727 1147 1800 1182 ὑμᾶς
1818 1146 1867 1180 βα-

1069 1198 1160 1225 πτίσει
1174 1198 1202 1224 ἐν
1215 1197 1355 1232 [Ινεύματι
1370 1196 1440 1231 ἁγίῳ
1453 1196 1500 1222 καὶ
1515 1195 1590 1230 πυρί.
1605 1190 1641 1220 Οὑ
1653 1193 1684 1220 τὸ
1697 1193 1781 1219 πτύον
1792 1193 1819 1218 ἐν
1833 1193 1865 1227 τῆ

1069 1244 1141 1280 χειρὶ
1162 1243 1256 1276 αὑτοῦ,
1279 1242 1326 1269 καὶ
1342 1241 1515 1277 διακαθαριεῖ
1531 1241 1582 1275 τὴν
1602 1240 1695 1267 ἅλωνα
1707 1239 1800 1269 αὑτοῦ,
1819 1239 1867 1265 καὶ

1071 1288 1180 1322 συνάξει
1193 1289 1238 1315 τὸν
1255 1290 1326 1314 σῖτον
1340 1288 1423 1314 αὑτοῦ
1434 1288 1475 1319 είς
1487 1286 1535 1321 τὴν
1551 1286 1704 1321 ἀποθήκην,
1718 1285 1748 1311 τὸ
1763 1284 1790 1310 δέ
1802 1284 1868 1319 ἄχυ-

1072 1344 1117 1371 ρον
1131 1334 1298 1362 κατακαύσει
1317 1333 1384 1369 πυρὶ
1398 1333 1534 1367 ἀσϐέστῳ.
1554 1341 1562 1357 ι
1579 1330 1684 1358 Οὐκοῦν
1709 1329 1867 1364 συλλέγεται

1070 1381 1085 1407 ό
1114 1380 1163 1416 μὲν
1194 1382 1266 1412 σῖτος
1291 1380 1331 1411 εἰς
1358 1379 1513 1414 ἀποθήκην,
1529 1377 1559 1403 τὸ
1582 1377 1609 1403 δὲ
1630 1376 1767 1412 ἄχρηστον
1784 1375 1866 1408 ἆπαν,

1070 1426 1143 1453 τοῦτ’
1160 1426 1228 1459 ἐστι,
1240 1427 1271 1452 τὸ
1284 1426 1386 1460 ἄχυρον
1406 1424 1491 1459 πυρὸς
1506 1423 1616 1458 εἴρηκεν
1631 1422 1740 1449 ἔσεσθαι
1753 1421 1866 1457 τροφήν.

1071 1473 1127 1500 Καὶ
1145 1473 1215 1504 πῶς,
1237 1472 1263 1498 εἴ
1282 1481 1324 1503 τις
1347 1471 1435 1498 ἕλοιτο
1454 1470 1560 1506 μαθεῖν,
1574 1471 1590 1504 ἡ
1608 1469 1661 1495 τῶν
1681 1467 1868 1504 προκειμένων

1072 1519 1199 1554 σαφηνιεῖ
1212 1517 1336 1552 δύναμις.
1354 1517 1425 1551 Ἔφη
1446 1515 1500 1550 γὰρ
1516 1514 1596 1546 εὐθύς
1611 1522 1617 1529 ·
1633 1523 1642 1540 ‹
1661 1514 1731 1544 Τοὺς
1747 1513 1775 1539 δέ
1792 1513 1869 1539 ἀπει-

1075 1564 1188 1597 θοῦντας
1205 1563 1341 1596 ἀπολέσω,
1365 1563 1411 1589 καὶ
1436 1561 1528 1597 ἁφελῶ
1550 1561 1655 1591 πάντας
1677 1559 1794 1594 ἀνόμους
1817 1557 1870 1585 ἀπὸ

1049 1609 1059 1620 ⁴
1076 1610 1134 1642 σοῦ,
1150 1610 1196 1637 καὶ
1210 1609 1313 1640 πάντας
1327 1608 1519 1644 ὑπερηφάνους
1534 1606 1705 1634 ταπεινώσω.
1729 1614 1738 1630 ι
1756 1603 1869 1630 Διό).ωλε

1076 1657 1125 1691 μὲν
1150 1655 1205 1691 γὰρ
1230 1655 1283 1683 τῶν
1304 1655 1333 1688 ἐξ
1360 1654 1469 1690 Ἰσραὴλ
1493 1655 1510 1689 ὴ
1537 1653 1620 1679 πάλαι
1636 1651 1751 1687 πληθὺς,
1770 1650 1817 1677 καὶ
1831 1649 1870 1680 εἰς

1074 1701 1192 1737 Χριστὸν
1212 1701 1374 1737 ἀσεϐήσιισα¹
1390 1701 1436 1726 κα)⁸
1453 1698 1630 1735 ἀρνησαμένη
1650 1697 1695 1723 τὸν
1717 1695 1869 1732 λυτρωτήν·

1073 1748 1220 1784 ἐξῄρηνται
1237 1748 1264 1774 δέ
1280 1748 1378 1778 πάντες
1391 1747 1416 1773 οἱ
1429 1746 1598 1781 ὑπερήφανοι
1622 1744 1668 1771 καὶ
1693 1743 1793 1775 ζῶντες
1810 1740 1872 1768 ἀνό-

1076 1804 1144 1830 μιος,
1163 1793 1235 1821 τοῦτ’
1249 1793 1333 1825 ἐστιν,
1351 1794 1375 1819 οἱ
1400 1793 1450 1828 τῆς
1472 1791 1607 1818 Ἰουδαίων
1627 1788 1792 1823 Συναγωγῆς
1807 1788 1872 1822 ἡγε-

1077 1839 1199 1876 μονεύειν
1220 1839 1358 1874 λαχόντες,
1379 1839 1403 1865 οῑ
1420 1838 1557 1874 ἀρχιερεῖς
1571 1836 1617 1863 καὶ
1635 1835 1787 1870 Φαρισαῖοι.
1809 1832 1872 1862 Πῶς

1076 1886 1130 1920 γὰρ
1143 1886 1193 1912 οὐκ
1208 1885 1241 1911 ἂν
1256 1884 1350 1919 ἄνομοι
1365 1892 1394 1910 τε
1414 1883 1460 1909 καὶ
1480 1881 1620 1915 ἀλαζόνες,
1641 1882 1664 1907 οἱ
1683 1880 1751 1915 μήτε
1769 1878 1818 1914 τὴν
1833 1878 1873 1908 εἰς

1076 1930 1121 1958 τὸν
1138 1930 1220 1965 νόμον
1232 1930 1297 1956 αἰδῶ
1308 1929 1360 1956 κᾶν
1370 1928 1435 1962 γοῦν
1448 1927 1526 1962 ὀλίγα
1539 1936 1569 1953 τε
1586 1925 1807 1961 πεφροντικότες,
1825 1924 1873 1948 ὲπ-

1077 1977 1200 2012 αἴροντες
1224 1975 1253 2002 δὲ
1283 1975 1330 2001 καὶ
1358 1975 1389 2001 τὸ
1412 1974 1496 2009 κέρας
1517 1974 1557 2005 είς
1575 1971 1652 2007 ὕψος,
1670 1971 1716 1998 καὶ
1731 1968 1874 2000 λαλοῦντες

1077 2023 1148 2050 κατὰ
1166 2021 1212 2048 τοῦ
1225 2020 1293 2048 Θεοῦ
1309 2021 1433 2052 ἁδικίαν;
1449 2020 1583 2055 Εἰρήκασι
1596 2018 1660 2054 γὰρ,
1680 2027 1690 2044 1
1708 2015 1784 2052 Αἶρε,
1800 2012 1873 2050 αἶρε,

1078 2067 1235 2103 σταύρωσον
1254 2066 1345 2093 αὐτόν.
1364 2075 1373 2091 ι
1398 2065 1559 2101 Ἐξῄρηνται
1582 2064 1609 2091 δέ
1627 2063 1674 2090 τοῦ
1695 2061 1874 2098 καθηγεῖσθαι

1077 2113 1158 2144 λαῶν,
1183 2112 1416 2147 ἀναδεδειγμένων
1436 2111 1490 2137 τῶν
1516 2110 1598 2144 ἁγίων
1624 2108 1792 2140 ἀποστόλων,
1811 2107 1874 2142 περὶ

1077 2156 1115 2187 ὧν
1131 2168 1223 2194 φησιν,
1241 2169 1249 2184 ι
1262 2158 1418 2192 Ἑπιστήσω
1434 2157 1497 2188 τοὺς
1513 2156 1607 2191 κριτάς
1622 2164 1668 2181 σου
1684 2154 1720 2186 ὡς
1733 2154 1762 2180 τὸ
1776 2153 1875 2189 πρότε-

1080 2213 1135 2241 ρον,
1150 2204 1270 2235 καὶτοὺς
1284 2202 1452 2238 συμϐούλους
1468 2210 1514 2228 σου
1526 2202 1564 2233 ὡς
1577 2201 1607 2227 τὸ
1621 2200 1777 2235 ἀπαρχής.»
1793 2198 1875 2232 Γεγό-

1078 2259 1140 2277 νασι
1156 2250 1184 2276 δὲ
1207 2250 1267 2275 κατ’
1281 2248 1357 2274 οὐδὲν
1372 2247 1500 2278 ἐλάττους
1515 2247 1569 2273 τῶν
1586 2245 1770 2282 ἀρχαιοτέρων
1790 2244 1874 2278 ἁγίων

1078 2297 1104 2322 οἱ
1120 2295 1258 2322 θεσπέσιοι
1275 2294 1405 2330 μαθηταὶ,
1428 2293 1474 2325 οὒς
1493 2293 1540 2319 καὶ
1558 2294 1656 2329 κριτὰς
1674 2291 1812 2327 ὀνομάζει,
1829 2290 1875 2317 καὶ

1080 2340 1247 2377 συμὼύλους
1264 2340 1405 2367 ἀποκαλεῖ.
1417 2339 1568 2374 Δεδράκασι
1584 2339 1638 2374 γὰρ
1652 2338 1806 2373 ἀμφότερα,
1819 2337 1875 2367 τοῖς

1079 2386 1284 2423 ἁμαρτάνουσιν
1313 2386 1526 2421 ἐπιπλήττοντες
1553 2385 1591 2416 ὡς
1619 2384 1722 2420 κριταὶ,
1759 2383 1877 2418 συμόου-

1079 2433 1203 2465 λεὺοντες
1214 2432 1243 2459 δὲ
1256 2433 1312 2464 τοῖς
1322 2432 1486 2467 ἠσθενηκόσι
1499 2431 1534 2458 τὰ
1546 2431 1614 2467 πρὸς
1625 2430 1776 2466 εὐρωστίαν
1786 2429 1877 2460 αὐτοῖς

1082 2479 1206 2514 χρήσιμα
1232 2477 1282 2513 τὴν
1305 2477 1504 2512 πνευματικήν.
1525 2476 1581 2504 Καὶ
1604 2475 1669 2510 γοῦν
1688 2476 1703 2502 6
1723 2471 1877 2510 σοφώτατος

1081 2524 1188 2556 Παῦλος
1201 2524 1246 2551 τὸν
1261 2524 1289 2550 ὲν
1306 2523 1430 2559 Κορίνθῳ
1446 2522 1652 2559 πεπορνευκότσ.
1668 2521 1811 2557 παρεδίδου
1829 2520 1877 2555 μὲν

1081 2571 1121 2605 τῷ
1142 2571 1249 2605 Σατανᾷ
1271 2570 1311 2601 είς
1328 2569 1438 2605 ὕλεθρον
1457 2569 1507 2605 τῆς
1523 2568 1635 2605 σαρκὸς,
1657 2568 1701 2595 ἴνα
1717 2567 1748 2594 τὺ
1766 2566 1878 2601 Πνεῦμα

1084 2616 1167 2652 σωθῇ·
1183 2616 1279 2651 βουλὰς
1289 2615 1317 2642 δὲ
1332 2615 1439 2642 δίδωσιν
1453 2615 1568 2650 ἀγαθὰς,
1583 2615 1630 2642 καί
1645 2623 1727 2650 φησιν
1737 2623 1743 2629 ·
1756 2623 1765 2640 ι
1778 2612 1841 2640 Ἐὰν
1850 2611 1878 2638 δέ

1084 2670 1125 2694 τις
1137 2660 1250 2695 ἀδελφδς
1263 2660 1472 2695 ὀνομαζόμενος,
1487 2661 1504 2697 ἢ
1516 2660 1624 2696 πόρνος,
1638 2660 1654 2696 ἦ
1671 2659 1845 2692 πλεονέκτης,
1860 2656 1877 2692 ἢ

1087 2707 1294 2743 εἰδωλολάτρης,
1313 2706 1473 2743 ἧλοίδορος,
1496 2707 1513 2742 ἦ
1536 2706 1662 2742 μέθυσος,
1685 2707 1702 2742 ἢ
1722 2707 1823 2742 ἅρπαξ,
1841 2707 1879 2743 τῷ

1083 2752 1195 2789 τοιούτῳ
1206 2753 1273 2789 μηδέ
1283 2753 1442 2780 συνεσθίειν.
1450 2763 1459 2780 ι
1474 2753 1543 2789 Περὶ
1555 2754 1610 2780 τῶν
1622 2753 1714 2780 ἐνθάδε
1725 2753 1879 2788 λεγομένων

1083 2799 1183 2835 κριτῶν
1209 2800 1267 2834 ἦτοι
1289 2799 1450 2835 συμϐούλων
1474 2799 1521 2826 καὶ
1546 2800 1559 2826 6
1585 2799 1719 2834 μακάριος
1743 2798 1825 2825 Δαὸὶδ
1851 2800 1878 2825 ὲν

1261 2868 1282 2883 ⁷⁸
1299 2866 1376 2895 Joan.
1393 2874 1461 2900 xm,
1492 2866 1534 2893 l5.
1588 2866 1609 2881 ⁷⁹
1626 2865 1635 2893 l
1655 2866 1717 2894 Cor.
1736 2874 1763 2899 v,
1791 2866 1817 2897 5,
1834 2865 1876 2891 ll.
