4100 6502
334 328 404 384 ΕΙ
1538 332 1605 387 ΙΝ
1648 334 1885 390 [SAIAM
1923 334 2054 392 LIB.
2097 335 2139 393 l.
2181 337 2390 399 ORAT.
2426 338 2467 396 l.
3573 340 3643 397 62

334 448 630 521 Πνεύματι
675 450 821 522 ἀγίῳ
867 448 1007 520 πρὸς
1052 449 1223 522 αὐτὴν
1272 449 1377 523 ἔφη
1433 451 1533 524 τὴν
1574 454 1942 527 Ἰερουσαλὴμ,

2060 471 2184 528 quae
2239 467 2353 515 tum
2418 458 2542 527 fuit,
2594 458 2918 533 Synagogm,
2964 457 3133 515 divini
3168 457 3437 530 discipuli.
3485 457 3641 527 Quod

343 562 363 595 ι
390 544 542 598 Ἀντὶ
570 543 684 598 τῶν
725 542 987 614 πατέρων
1015 560 1109 597 σου
1161 543 1504 617 ἐγενήθησαν
1535 547 1585 599 οἱ
1629 546 1734 601 υἱοί
1778 564 1892 615 σου,
1926 566 1947 602 ›

330 636 487 690 τοῦτ’
506 635 683 700 ἔστιν,
700 634 791 688 Ἐν
814 633 970 700 τάξει
993 636 1248 709 πατέρων
1271 636 1529 707 γεγόνασί
1556 656 1640 693 σοι
1666 639 1735 694 τὰ
1752 640 1951 696 τέκνα·

330 729 433 784 καὶ
460 728 578 801 γὰρ
604 724 751 800 ἦσαν
778 728 1047 794 Ἰουδαῖοι,
1076 730 1173 784 καὶ
1193 730 1302 784 υίοὶ
1327 730 1427 802 τῆς
1450 731 1512 785 τδ
1536 732 1795 804 τηνικάδε
1816 735 1954 789 Συν-

332 824 571 895 αγωγῆς
593 824 646 878 οἱ
677 822 964 878 θεσπέσιοι
990 823 1252 896 μαθηταί.
1291 825 1412 880 Ὅτι
1439 825 1497 880 δὲ
1520 826 1759 900 πατέρες
1791 829 1955 899 γεγό-

340 934 467 971 νασι
509 916 626 971 τῶν
673 916 1148 984 πεπιστευκότων,
1197 916 1363 973 ἄκουε
1418 916 1635 973 Παύλου
1674 920 1951 990 λέγοντος,

350 1030 369 1063 s
391 1011 479 1066 Ἐν
493 1009 608 1084 7&9
628 1009 859 1082 Χριστῷ
888 1009 1065 1082 Ἰησοῦ
1089 1009 1179 1065 διὰ
1200 1010 1295 1065 τοῦ
1313 1012 1649 1083 Εύαγγελίου
1670 1012 1781 1083 ἐγὼ
1805 1015 1952 1086 ὑμᾶς

339 1102 672 1174 ἐγέννησα.)
701 1103 817 1157 Καὶ
851 1102 1038 1158 πάλιν·
1077 1121 1097 1155 ι
1126 1102 1329 1159 Τεκνία
1359 1121 1483 1175 μου,
1515 1105 1611 1170 οὓς
1638 1106 1802 1161 πάλιν
1829 1107 1954 1162 ὡδί-

337 1213 436 1259 νω,
467 1196 642 1268 ἄχρις
663 1189 728 1251 οῦ
759 1196 1031 1268 μορφωθῇ
1060 1196 1299 1269 Χριστὸς
1315 1197 1374 1251 ὲν
1397 1197 1545 1270 ύμῖν.
1579 1217 1598 1251 ι
1632 1200 1951 1273 Διαμέμνη-

333 1304 430 1342 ται
466 1286 531 1341 δὲ
567 1289 667 1341 καὶ
693 1288 884 1359 ἕτερος
915 1290 1050 1360 ἡμῖν
1074 1288 1184 1344 τῶν
1217 1289 1391 1358 ἁγίων
1425 1290 1722 1362 προφητῶν
1759 1291 1949 1358 αὐτοῦ,

332 1379 475 1450 περὶ
516 1380 616 1433 τοῦ
660 1380 887 1435 πάντων
931 1379 1096 1453 ὴμῶν
1131 1368 1387 1454 Σωτῆρος
1424 1381 1685 1454 Χριστοῦ,
1718 1382 1812 1437 καὶ
1850 1382 1952 1456 τῆς

330 1471 672 1537 ἀναδείξεως
701 1470 814 1526 τῶν
846 1471 1021 1542 ἁγίων
1066 1471 1230 1527 αὐτοῦ
1291 1472 1573 1545 μαθητῶν,
1626 1473 1722 1529 καί
1761 1493 1948 1547 φησιν⁹

338 1581 361 1615 ι
398 1564 538 1618 Ἰδοὺ
564 1563 633 1635 δὴ
662 1561 922 1636 βασιλεὺς
953 1563 1161 1626 δίκαιος
1193 1564 1526 1635 βασιλεύσει,
1566 1565 1662 1619 καὶ
1689 1566 1951 1637 ἄρχοντες

334 1656 484 1725 μετὰ
528 1655 767 1727 κρίσεως
797 1653 1113 1726 ἄρξουσιν.»
1147 1652 1213 1709 Oi
1252 1653 1354 1725 μὲν
1391 1654 1503 1725 γὰρ
1538 1655 1639 1726 τῆς
1679 1656 1949 1713 Ἰουδαίων

331 1748 680 1819 Συναγωγῆς
705 1746 1024 1819 ἡγούμενοι,
1054 1747 1149 1801 καὶ
1171 1745 1318 1817 ζωῆς
1344 1747 1557 1818 εἴχοντο
1579 1748 1679 1821 τῆς
1704 1747 1950 1820 ἐκνομω-

326 1840 527 1912 τάτης,
564 1841 664 1895 καὶ
690 1839 756 1894 τὸ
788 1839 931 1910 μετὰ
967 1839 1227 1911 κρίσεως,
1254 1838 1399 1893 τοῦτ’
1429 1840 1567 1907 ἔστι,
1596 1840 1947 1915 δικαιοσύνης

322 1935 531 2007 ἄρχειν
579 1935 686 1989 οὐκ
726 1934 953 2007 ᾔδεσαν.
1000 1934 1433 2001 Βασιλεύσαντος
1477 1936 1535 1991 δὲ
1565 1938 1806 2011 Χριστοῦ
1845 1942 1947 2013 τῆς

323 2029 427 2081 ὑπ’
448 2027 709 2099 οὐρανὸν,
733 2027 940 2082 δίκαιοί
962 2045 1026 2082 τε
1054 2028 1150 2082 καὶ
1178 2028 1396 2099 ἀγαθοὶ,
1427 2031 1522 2085 καὶ
1546 2034 1689 2103 μετά
1710 2033 1948 2106 κρίσεως

319 2121 623 2191 ἄρχοντες,
659 2120 711 2173 οἱ
745 2118 1028 2173 θεσπέσιοι
1055 2118 1314 2189 γεγόνασι
1346 2119 1610 2193 μαθηταί⁹
1647 2114 1724 2177 ὧν
1752 2122 1945 2178 ἀναδε-

314 2208 663 2279 δειγμένων,
707 2207 977 2281 κέκληται
1034 2207 1197 2263 πάλιν
1234 2207 1392 2273 πόλις
1426 2208 1799 2285 δικαιοσύνης,
1850 2215 1947 2269 καὶ

320 2299 676 2372 μητρόπολις
720 2298 893 2372 πιστὴ
942 2297 1107 2366 Σιὼν,
1151 2298 1301 2354 τοῦτ’
1340 2299 1511 2367 ἔστιν,
1556 2303 1591 2373 ὴ
1625 2304 1942 2379 Ἐκκλησία.

316 2393 457 2447 Ὅτι
488 2392 553 2447 δὲ
588 2394 694 2447 ούκ
726 2392 1086 2464 ἀδιακρίτως,
1119 2393 1195 2459 ὡς
1227 2393 1387 2467 ἔφην,
1431 2394 1548 2450 ἀλλ’
1595 2398 1656 2452 ὲν
1702 2400 1946 2472 φροντίδι

314 2486 425 2540 καὶ
449 2484 601 2556 λόγῳ
633 2484 713 2558 τῷ
747 2486 888 2558 μετὰ
915 2483 1266 2557 δικαιοσύνης
1314 2487 1349 2558 ἡ
1386 2487 1542 2558 παρὰ
1578 2488 1716 2544 Θεοῦ
1750 2490 1945 2560 γέγονε

313 2576 602 2649 πύρωσις,
635 2576 757 2649 ὴτοι
785 2575 1106 2648 δοκιμασία,
1138 2576 1373 2649 φανερὸν
1413 2578 1708 2652 καθίστησι
1744 2581 1807 2636 τὸ
1848 2584 1943 2637 εύ-

310 2665 639 2739 δοκιμῆσαν
667 2666 827 2735 γένος
850 2665 940 2721 διὰ
964 2666 1067 2738 τῆς
1094 2665 1353 2731 πίστεως
1384 2670 1725 2740 προσεπάγει
1746 2660 1943 2742 λέγων,

318 2759 490 2813 «Ὅτι
522 2758 667 2831 μετά
694 2759 968 2831 κρίματος
1002 2758 1309 2832 σωθήσεται
1333 2763 1368 2833 ὴ
1398 2762 1747 2835 αἰχμαλωσία
1770 2766 1943 2840 αὐτῆς

310 2853 422 2907 καὶ
461 2852 609 2923 μετά
629 2850 1030 2924 ὲλεημοσύνης,
1058 2851 1153 2906 καὶ
1188 2853 1640 2928 συντριϐήσονται
1665 2858 1715 2911 οί
1748 2857 1942 2931 ἄνομοι

309 2946 423 3002 καὶ
474 2949 526 3002 οἱ
560 2945 884 3018 ἁμαρτωλοὶ
932 2945 1071 3017 ἅμα,
1123 2946 1219 3000 καὶ
1249 2948 1301 3000 οἱ
1337 2949 1801 3018 ἐγκαταλιπόντες
1850 2955 1942 3009 τὸν

310 3038 536 3111 Κύριον
570 3036 1149 3111 συντελεσθήσονται.»
1184 3038 1635 3113 Διακεκριμένων
1690 3042 1801 3115 γὰρ
1839 3044 1940 3118 ἤδη

2056 559 2238 607 autem
2308 551 2511 608 fuerint
2561 563 2747 625 patres
2808 554 3071 620 iidelium,
3122 552 3347 608 Paulum
3400 550 3527 605 audi
3570 549 3648 604 lo-

2054 654 2310 713 quentem
2332 665 2344 701 :
2368 664 2388 698 ι
2412 647 2468 703 in
2496 647 2712 703 Christo
2738 647 2881 702 enim
2901 645 3030 702 Jesu
3050 660 3147 716 per
3170 643 3515 713 Evangelium
3541 652 3645 712 ego

2052 753 2151 795 vos
2182 738 2462 810 genui-3°.»
2486 737 2555 793 Et
2584 739 2817 795 iterum:
2845 755 2864 791 ι
2889 737 3086 803 Filioli,
3111 751 3248 805 quos
3290 736 3486 790 iterum
3522 747 3643 802 par-

2055 829 2197 885 turio
2225 829 2396 885 donec
2416 827 2682 884 formetur
2703 827 2951 903 Christus
2983 827 3036 881 in
3075 824 3341 881 vobis°°'.
3371 842 3391 876 ι
3428 822 3559 877 Dein
3586 828 3642 875 et

2055 920 2196 978 alius
2227 935 2260 977 e
2281 921 2488 977 sanctis
2510 918 2811 991 prophetis,
2843 919 2910 975 de
2930 917 3222 975 Servatore
3249 915 3492 971 omnium
3543 928 3642 969 no-

2053 1021 2227 1069 strum
2276 1010 2522 1078 Christo,
2569 1019 2624 1068 et
2658 1020 2975 1066 sanctorum
3026 1009 3197 1079 ipsius
3246 1005 3638 1077 discipulorum

2053 1104 2515 1169 manifestatione,
2548 1101 2705 1159 nobis
2756 1103 2830 1157 ita
2864 1109 3280 1165 commemorat,
3325 1106 3382 1153 et
3413 1097 3591 1168 inquit
3622 1114 3635 1150 :

2059 1216 2078 1250 ι
2112 1196 2254 1254 Ecce
2284 1212 2379 1253 rex
2401 1197 2581 1266 justus
2611 1193 2880 1266 regnabit,
2911 1204 2965 1248 et
2995 1193 3270 1264 principes
3287 1205 3410 1246 eum
3432 1187 3640 1260 judicio

2051 1298 2326 1363 praeerant
2364 1289 2434 1345 ⁸³.
2471 1304 2496 1341 ι
2549 1287 2686 1344 Nam
2772 1286 3013 1342 Iudaica:
3086 1285 3392 1357 Synagoga:
3448 1294 3639 1351 proce-

2052 1399 2163 1449 res,
2192 1393 2245 1438 et
2273 1384 2436 1436 vitam
2462 1381 2751 1437 coluerunt
2781 1394 2812 1434 a
2845 1380 2962 1450 lege
3000 1378 3104 1450 31
3140 1376 3552 1438 alienissimam,
3585 1382 3642 1429 et

2051 1491 2174 1557 eum
2216 1475 2444 1547 judicio,
2491 1474 2544 1531 id
2574 1482 2656 1531 est
2693 1472 2929 1543 justitia,
2954 1483 3142 1542 regere
3176 1467 3318 1524 baud
3348 1472 3637 1523 noverunt.

2050 1569 2317 1630 Caeterum
2354 1576 2620 1639 regnante
2672 1566 2726 1620 in
2788 1564 2950 1619 terris
2992 1562 3235 1628 Christo,
3292 1568 3351 1615 et.
3397 1557 3533 1629 justi
3585 1565 3643 1612 et

2050 1661 2180 1718 boni
2207 1661 2428 1716 fuerunt
2458 1658 2626 1715 divini
2671 1657 2941 1729 discipuli,
2996 1670 3231 1727 cumque
3268 1652 3477 1726 judicio
3501 1665 3641 1722 prte-

2051 1758 2345 1812 sederunt:
2377 1752 2572 1824 quibus
2630 1751 2989 1822 inauguratis,
3020 1763 3210 1805 rursus
3251 1747 3445 1803 civitas
3475 1746 3642 1817 justi-

2049 1849 2159 1915 tite,
2184 1852 2240 1903 et
2268 1844 2587 1916 metmpolis
2620 1843 2814 1911 ﬁdelis,
2845 1842 3002 1907 Sion,
3032 1842 3084 1897 id
3143 1849 3228 1897 est
3259 1837 3526 1903 Ecclesia,
3554 1845 3641 1894 est

2050 1938 2342 2011 appellata.
2380 1937 2649 2005 Quoniam
2705 1947 2885 1991 autem
2921 1949 3031 1990 non
3075 1935 3212 1990 citra
3247 1931 3539 1998 delectum,
3580 1937 3640 1984 nt

2050 2032 2187 2102 dixi,
2224 2032 2319 2088 sed
2378 2046 2501 2087 cum
2537 2028 2928 2092 sollicitudine,
2965 2036 3021 2085 et
3056 2026 3289 2091 ratione,
3331 2022 3636 2095 etjustitia,

2048 2125 2144 2182 Dei
2191 2126 2441 2182 excoctio
2488 2124 2606 2181 sive
2652 2121 2954 2194 exploratio
3011 2120 3266 2184 habetur,
3312 2133 3435 2189 qua:
3467 2130 3640 2188 genus

2047 2231 2147 2287 per
2179 2215 2339 2271 ﬁdem
2375 2214 2733 2286 approbatum
2786 2210 3049 2269 discernit
3098 2210 3366 2281 planeque
3404 2205 3633 2277 detegit,

2047 2322 2214 2381 porro
2256 2308 2427 2373 addit,
2462 2315 2519 2362 et
2557 2306 2690 2362 dicit
2721 2323 2737 2361 :
2784 2323 2803 2357 ι
2830 2303 2969 2370 Ouia
3004 2317 3127 2359 eum
3153 2300 3361 2371 judicio
3400 2297 3640 2356 servabi-

2048 2410 2138 2458 tur
2162 2399 2452 2470 captivitas
2474 2397 2613 2468 ejus,
2649 2408 2704 2452 et
2733 2410 2857 2451 cum
2885 2393 3285 2459 misericordia,
3315 2403 3373 2447 et
3400 2399 3639 2452 atteren-

2046 2503 2135 2549 tur
2163 2492 2333 2564 iniqui
2378 2501 2435 2548 et
2493 2498 2808 2562 peccatores
2857 2488 3042 2555 simul,
3092 2501 3155 2543 ac
3195 2484 3637 2552 derelinquentes

2044 2585 2332 2641 Dominum
2361 2583 2733 2641 delebantur.»
2775 2580 3032 2636 Discretis
3060 2578 3205 2635 enim
3234 2575 3549 2648 generibus,
3580 2584 3636 2629 ut

2045 2677 2321 2742 dicebam,
2372 2684 2430 2730 et
2477 2689 2542 2731 eo
2575 2674 2667 2745 qui
2719 2672 2952 2729 credidit
2993 2670 3314 2741 approbato,
3340 2668 3513 2723 altero
3536 2682 3639 2721 au-

2045 2778 2154 2827 tem
2179 2769 2421 2842 graviter
2440 2767 2776 2839 impingente
2804 2781 2820 2821 :
2844 2764 3077 2821 electum
3111 2761 3332 2833 quidem
3360 2768 3635 2816 servatum

2043 2873 2159 2932 est;
2219 2859 2314 2920 sed
2361 2862 2523 2934 periit
2581 2859 2844 2933 quidquid
2903 2856 3199 2913 nefandum
3274 2869 3339 2910 ac
3386 2853 3634 2909 odiosum

2044 2955 2173 3023 fuit,
2225 2963 2281 3011 et
2338 2955 2463 3009 vitae
2530 2950 2867 3009 dissolutiori
2953 2949 3316 3014 innutritum,
3371 2942 3663 3016 quidquid

2044 3049 2210 3120 impie
2241 3047 2402 3112 vixit,
2438 3055 2494 3102 et
2522 3044 2799 3102 Christum
2848 3042 3005 3099 nihili
3062 3041 3211 3107 fecit,
3270 3039 3366 3110 qui
3425 3037 3634 3094 salvum

312 3134 433 3189 τῶν
474 3134 689 3204 γενῶν,
732 3133 951 3189 καὶτοῦ
984 3134 1086 3206 μὲν
1130 3135 1564 3201 πεπιστευκότος
1594 3137 1942 3217 εύδοκιμοῦν-

2052 3140 2233 3197 facere
2270 3138 2454 3204 novit,
2504 3144 2559 3193 et
2597 3144 2819 3208 peccata
2852 3132 3102 3197 remittit,
3134 3145 3196 3186 ac
3221 3128 3395 3201 gratia
3429 3124 3637 3196 justum

310 3245 438 3296 τος,
472 3228 556 3293 ὡς
596 3228 757 3301 ἔφην,
820 3228 1053 3299 θατέρου
1087 3244 1152 3297 γε
1202 3226 1313 3300 μὴν
1361 3229 1423 3282 ού
1473 3231 1716 3302 μετρίως
1773 3251 1945 3305 προσ·-
2052 3233 2236 3289 edicit.

316 3318 721 3392 κεκρουκότος,
756 3318 1031 3373 σέσωσται
1078 3317 1181 3390 μὲν
1216 3318 1279 3373 τὸ
1314 3319 1640 3388 ἀπόλεκτον,
1672 3304 1980 3397 ὠλόθρευτο
2032 3326 2090 3380 δὲ
2151 3326 2260 3379 πᾶν
2314 3322 2439 3376 ὅσον
2496 3315 2566 3393 ἦν
2618 3320 2677 3373 ὲν
2721 3319 2905 3382 αὐτοῖς
2952 3313 3205 3388 βδελυρδν
3255 3312 3351 3367 καὶ
3391 3304 3640 3379 ἀπηχθη-

320 3409 511 3482 μένον,
566 3413 666 3467 καὶ
706 3411 969 3476 ἀπονοίας
1021 3409 1345 3484 σύντροφον,
1391 3414 1488 3468 καὶ
1565 3413 1830 3485 βεϐιωκὸς
1873 3419 2128 3484 ἀνοσίως,
2194 3414 2290 3470 καὶ
2319 3410 2559 3487 Χριστοῦ
2599 3410 2677 3484 μὴ
2733 3408 3098 3483 πεφροντικὸς
3146 3404 3243 3460 τοῦ
3276 3401 3470 3467 σώζειν
3499 3398 3639 3454 εἰδό-

314 3522 436 3570 ως,
487 3504 591 3559 καὶ
651 3503 899 3566 ἀνιέντος
949 3503 1279 3576 ἐγκλήματα
1325 3506 1421 3560 καὶ
1468 3506 1808 3574 δικαιοῦντος
1870 3514 1937 3584 τῇ
1972 3513 2181 3585 χάριτι.

389 3600 559 3653 Διότι
630 3597 1280 3668 καταισχυνθήσονται
1334 3599 1436 3654 ἐπὶ
1492 3601 1622 3668 τοῖς
1666 3583 1937 3669 εἰδώλοις

2049 3583 2060 3585 —
2122 3608 2285 3662 Vnus.
2315 3604 2409 3668 29,
2443 3602 2532 3659 30.
2569 3600 2906 3670 Quapropter
2936 3591 3330 3663 confundantur
3372 3588 3426 3642 in
3479 3583 3641 3639 idolis

314 3691 554 3758 αὐτῶν,
585 3689 627 3747 ἁ
658 3691 832 3746 αὐτοὶ
887 3692 1247 3761 ἠϐούλοντο,
1295 3693 1395 3747 καὶ
1445 3694 1938 3764 ἐπῃσχύνθησαν

2045 3700 2179 3766 suis,
2208 3713 2326 3769 qua:
2358 3696 2460 3765 ipsi
2500 3692 2781 3749 nolebant:
2818 3698 2867 3744 et
2903 3685 3114 3755 confusi
3136 3691 3253 3738 sunt
3277 3695 3433 3750 super
3467 3677 3640 3732 hortis

312 3786 419 3841 ἐπὶ
451 3784 584 3852 τοῖς
611 3784 838 3854 κήποις
860 3784 1082 3852 αὐτῶν,
1106 3784 1149 3840 ἄ
1190 3786 1605 3858 ἐπεθύμησαν.
1648 3789 1939 3847 Ἔσονται

2045 3795 2178 3860 suis,
2214 3809 2345 3865 quos
2384 3789 2813 3858 concupiverunt.
2861 3779 3264 3837 Erunt‘etenim
3296 3772 3453 3829 ueluti
3505 3781 3642 3825 tere-

312 3880 433 3950 γὰρ
463 3880 550 3948 ὡς
572 3879 936 3948 τερέϐινθος,
966 3878 1419 3948 ἀποϐεϐληκυῖα
1455 3878 1530 3934 τὰ
1576 3881 1804 3951 φύλλα,
1837 3882 1940 3938 καί.

2047 3888 2257 3942 binthus
2300 3900 2419 3957 quw
2478 3881 2669 3952 abjecit
2695 3878 2848 3950 folia,
2886 3883 3032 3947 etut
3075 3872 3259 3927 hortus
3296 3880 3491 3939 aquam
3536 3878 3640 3919 non

313 3973 401 4039 ὡς
418 3970 800 4041 παράδεισος
826 3970 987 4042 ὕδωρ
1009 3970 1098 4041 μὴ
1124 3970 1304 4041 ἔχων.
1592 3980 1597 3989 ’

2048 3979 2268 4034 habens.

391 4065 583 4137 Ἐφην
616 4064 701 4119 ὅτι
729 4063 919 4137 διττὴν
945 4066 1004 4121 ὲν
1020 4064 1236 4129 τούτοις
1261 4066 1291 4119 ὁ
1318 4062 1415 4119 τοῦ
1458 4067 1740 4139 προφήτου
1777 4066 1939 4137 λόγος

2122 4070 2244 4125 Dixi
2297 4066 2680 4140 propheticum
2731 4073 3040 4119 sermonem
3103 4054 3393 4128 genuinam
3442 4049 3497 4104 in
3551 4045 3638 4101 his

312 4159 568 4211 ποιεῖται
629 4156 733 4229 τὴν
779 4156 1059 4229 πρόφασιν
1118 4157 1219 4229 τῆς
1292 4157 1566 4214 Ἰουδαίων
1632 4159 1932 4231 ἀποϐολῆς.

2045 4162 2232 4220 verbis
2257 4175 2480 4217 causam
2539 4155 2738 4213 afferre
2769 4152 3080 4209 Judzeorum
3121 4145 3498 4204 ineusationis.
3537 4139 3641 4196 Ge-

312 4248 489 4303 Διττά
506 4249 622 4320 γὰρ
649 4248 836 4303 αὐτῶν
860 4248 933 4303 τά
953 4249 1302 4322 ἐγκλήματα.
1321 4250 1498 4305 Πάλαι
1531 4251 1631 4322 μὲν
1660 4251 1770 4326 γὰρ
1796 4252 1934 4309 Θεὸν

2045 4257 2277 4313 nuinum
2348 4252 2494 4310 enim
2562 4248 2669 4304 fuit
2727 4262 2916 4303 eorum
2991 4243 3222 4301 crimen.
3295 4237 3430 4292 Nam
3508 4235 3639 4290 olim

313 4341 580 4411 ἀφέντες,
614 4340 710 4397 τὸν
763 4341 863 4395 ἕνα
917 4340 1016 4395 καὶ
1057 4340 1242 4411 φύσει,
1297 4342 1390 4396 καὶ
1417 4341 1721 4416 λυτρωτὴν,
1774 4344 1935 4399 λελα-

2041 4350 2237 4405 relicto
2290 4361 2402 4402 uno
2455 4353 2508 4399 et
2546 4340 2783 4396 naturali
2823 4339 2935 4391 Deo
2984 4350 3049 4389 ac
3084 4326 3638 4399 Redemptore,idolu

315 4432 624 4504 τρεύκασιν
656 4430 921 4500 εἰδώλοις,
955 4433 1052 4490 καὶ
1075 4432 1342 4489 τεθύκασι
1371 4433 1562 4498 θυσίας
1589 4438 1658 4506 τῇ
1703 4439 1936 4509 στρατιᾷ

2045 4442 2348 4504 coluerunt,
2404 4434 2678 4492 sacriﬁcia
2733 4429 2943 4486 militiae
3001 4425 3123 4482 caeli
3161 4422 3636 4509 sacriﬁcaverunt,

310 4525 412 4580 ⁸τοῦ
439 4525 710 4598 ούρανοῦ,
741 4526 840 4581 καὶ
883 4528 1002 4592 τοῖς
1042 4525 1229 4597 ἔργοις
1280 4526 1392 4581 τῶν
1432 4527 1581 4582 ίδίων
1638 4527 1839 4602 χειρῶν
1879 4530 1940 4585 τὸ

315 4618 493 4683 σέϐας
558 4619 901 4684 ἀνάπτοντες
926 4659 941 4686 ,
1014 4619 1481 4690 δεδυσσεϐήκασιν
1553 4619 1614 4674 ού
1675 4621 1935 4693 μετρίως.

327 4709 562 4782 Ἐπειδὴ
597 4709 656 4763 δὲ
685 4709 821 4774 Θεὸς
866 4708 1076 4782 Κύριος
1117 4709 1392 4779 ὲπέφανεν
1453 4710 1608 4781 ἡμῖν,
1664 4710 1810 4765 κατά
1836 4711 1938 4777 τὰς

312 4803 574 4875 Γραφάς,
605 4804 920 4876 ἠρνήσαντο
959 4804 1055 4856 καὶ
1110 4803 1296 4870 αὑτὸν,
1324 4803 1422 4856 καὶ
1461 4805 1938 4877 πεπαρῳνήκασιν

308 4894 375 4948 οὐ
400 4893 650 4966 μετρίως
675 4894 758 4959 είς
777 4894 870 4949 τὸν
896 4892 999 4965 τῆς
1021 4894 1169 4966 ζωῆς
1195 4895 1462 4967 ἀρχηγόν.
1488 4895 1702 4951 Οὐκοῦν
1723 4896 1933 4967 ἀδελφά

308 4989 382 5042 τὰ
442 4987 810 5059 ἐγκλήματα,
862 4988 960 5042 καὶ
1015 4988 1116 5058 τῆς
1170 4987 1435 5052 ἀπονοίας
1498 4989 1528 5042 ὁ
1575 4988 1782 5060 τρόπος
1832 4990 1933 5044 ούκ

309 5078 600 5144 ἀπεοικὼς
625 5079 704 5152 τῷ
728 5079 953 5153 πρώτῳ,
975 5081 1178 5151 μᾶλλον
1197 5080 1255 5135 δὲ
1275 5081 1373 5135 καὶ
1395 5083 1455 5135 ὲν
1487 5081 1640 5154 αἰτίᾳ
1672 5082 1933 5147 ἀπονοίας

312 5172 557 5242 μείζονι.
592 5171 725 5239 Καὶ,
752 5169 1080 5237 ἐκολάζοντο
1115 5172 1218 5244 μὲν
1249 5172 1392 5228 κατά
1429 5188 1495 5241 γε
1542 5173 1671 5237 τοὺς
1698 5173 1805 5246 πρὸ
1827 5173 1931 5245 τῆς

307 5265 621 5336 ἐπιδημίας
643 5266 872 5338 καιροὺς
893 5267 1014 5329 ταῖς
1038 5265 1149 5319 τῶν
1168 5265 1446 5338 πολεμίων
1464 5265 1701 5336 ἐφόδοις,
1719 5265 1931 5322 πόλεων

308 5357 900 5428 ὲιιπρησμοίς,οίκων
923 5358 1264 5430 ἀνατροπαῖς
1338 5396 1347 5405 τ
1437 5401 1452 5416 .
1534 5400 1548 5414 .
1628 5399 1644 5414 .
1722 5390 1773 5413 .-
1813 5399 1829 5415 .
1911 5398 1925 5412 .

308 5449 508 5504 Ταῦτα
543 5449 658 5522 γὰρ
714 5451 890 5523 ἔδρων
943 5452 1193 5520 ἐφιέντος
1237 5450 1407 5517 Θεοῦ,
1460 5453 1670 5528 Πέρσαι
1727 5469 1788 5506 τε
1833 5452 1929 5505 καὶ

308 5542 516 5613 Μῆδοι,
540 5542 860 5609 Μωαϐῖται,
885 5545 981 5597 καὶ
999 5544 1309 5614 Ἰδουμαῖοι,
1334 5543 1429 5598 καὶ
1449 5542 1521 5598 τὰ
1541 5543 1798 5615 περίοικα
1816 5542 1927 5597 τῶν

310 5633 515 5689 ἐθνῶν.
553 5635 776 5709 Ἐπειδὴ
794 5636 873 5703 δὲ,
894 5636 972 5702 ὡς
1003 5636 1170 5707 ἔφην,
1207 5638 1302 5690 καὶ
1329 5638 1412 5701 εἰς
1450 5633 1613 5690 αὐτὸν
1648 5635 1928 5708 ἠσέϐησαν

311 5732 409 5786 τὸν
428 5730 682 5802 Χριστὸν
708 5771 723 5796 ,
741 5729 845 5782 οὐκ
878 5728 940 5783 ὲν
987 5729 1170 5799 μείοσι
1194 5728 1305 5783 τῶν
1345 5727 1724 5801 ἀρχαιοτέρων
1751 5729 1913 5799 γεγό-

388 5844 436 5877 ”
473 5842 496 5899 Ι
527 5842 657 5901 Cor.
692 5859 764 5909 tv,
799 5842 889 5900 15.
969 5842 1036 5875 ⁸⁰⁶
1071 5840 1248 5900 Galat.
1286 5858 1363 5911 tv,
1407 5840 1491 5897 i9.
1569 5842 1611 5875 ⁸³
1649 5840 1751 5898 lsa.
1784 5840 1876 5909 52,
1920 5843 1967 5898 Ι.

2036 4546 2091 4592 et
2115 4534 2375 4605 operibus
2401 4543 2659 4587 manuum
2689 4538 2912 4582 suarum
2934 4521 3141 4577 cultum
3176 4498 3506 4579 deferentes,
3531 4527 3636 4566 non

2038 4626 2303 4686 mediocri
2348 4623 2630 4694 impietate
2675 4633 2735 4675 se
2755 4615 3195 4672 obstrinxerunt.
3243 4609 3417 4665 Porro
3446 4608 3636 4672 etiam,

2037 4735 2159 4776 cum
2239 4717 2384 4772 Deus
2464 4713 2727 4768 Dominus
2794 4707 3142 4777 apparuisset
3206 4699 3386 4762 nobis,
3446 4706 3507 4752 ut
3556 4705 3643 4752 est.

2040 4808 2095 4863 in
2175 4806 2501 4876 Scripturis,
2564 4807 2833 4871 negarunt
2886 4804 2939 4851 et
2968 4795 3255 4864 ipsum,ac
3300 4789 3507 4845 nefarie
3582 4787 3637 4841 in

2040 4898 2345 4970 principem
2400 4895 2527 4948 vitae
2581 4888 2906 4947 debacebati
2955 4892 3102 4941 sunt.
3160 4881 3353 4951 Itaque
3406 4886 3641 4949 cognata

2038 5000 2096 5049 et
2122 4988 2275 5061 quasi
2318 4999 2576 5059 germana
2627 4981 2850 5038 fuerunt
2874 4976 3102 5033 crimina
3124 4993 3141 5043 ;
3163 4985 3219 5031 et
3249 4973 3413 5045 hujus
3449 4985 3640 5026 amen-

2041 5085 2129 5141 tia:
2174 5082 2370 5139 modus
2425 5077 2595 5151 priori
2643 5075 2747 5132 fuit
2786 5090 2892 5131 non
2934 5070 3252 5130 absimilis:
3292 5069 3405 5124 imo
3459 5065 3640 5136 potius

2039 5176 2214 5246 major
2239 5189 2305 5231 ac
2338 5172 2561 5245 gravior
2587 5177 2672 5227 est
2707 5166 3002 5225 dementia.
3047 5164 3113 5221 Et
3136 5163 3353 5235 quidem
3381 5156 3640 5230 tempori-

2038 5272 2140 5327 bus
2181 5283 2306 5340 qua:
2371 5268 2665 5322 adventum
2735 5265 3168 5332 praecesserunt,
3216 5254 3456 5311 hostium
3494 5251 3640 5305 irru-

2037 5360 2339 5431 ptionibus,
2402 5354 2687 5411 civitatum
2744 5346 3290 5419 conﬂagrationibus,
3349 5344 3637 5397 domorum

2035 5428 2435 5514 eversionibus,
2462 5443 2785 5501 crudelitate
2813 5441 3000 5513 gladii,
3030 5450 3322 5509 puerorum
3343 5428 3638 5489 occisioni-

2034 5545 2161 5610 bus,
2206 5549 2262 5599 et
2314 5540 2642 5596 feminarum
2680 5534 3093 5607 captivitatibus
3136 5527 3348 5584 multati
3396 5530 3525 5580 sunt
3579 5530 3638 5578 et

2036 5635 2231 5707 puniti.
2293 5634 2404 5689 Deo
2465 5644 2702 5703 namque
2770 5626 3117 5689 immittente,
3181 5619 3387 5682 Persae,
3470 5615 3631 5681 Medi,

2030 5728 2300 5797 Moabitae,
2327 5725 2544 5783 Idumaei
2577 5732 2633 5781 et
2658 5721 2862 5779 accolae
2911 5726 3100 5789 gentes
3138 5714 3239 5771 ista
3287 5710 3631 5768 iactitarunt.
