4100 6514
471 347 540 401 63
1502 346 1558 400 S.
1601 343 1877 400 CYRILLI
1920 342 2389 418 ALEXANDRINI
2428 345 2752 402 ARCIIIEP.
3665 346 3736 402 64

476 465 742 520 Caeterum
791 465 903 532 ubi,
963 464 1412 534 quemadmodum
1455 462 1588 532 dixi,
1637 465 1800 519 etiam
1827 461 1935 534 32
2000 464 2051 518 in

2159 479 2280 516 νασι
2340 463 2548 518 κακῶν.
2605 459 3072 537 Περιπεπτώκασι
3117 460 3227 532 γὰρ
3273 463 3393 525 ταῖς
3453 462 3737 534 Ῥωμαίων

478 558 654 626 ipsum
680 555 952 611 Christum
979 557 1126 625 impii
1152 554 1395 619 fuerunt,
1450 556 1504 608 in
1561 555 1718 610 malis
1754 555 2049 610 versaban-

479 659 587 713 tur,
640 663 744 702 non
787 648 1084 702 minoribus
1109 655 1203 700 aut
1255 646 1546 701 levioribus
1588 645 1714 710 illis,
1754 661 1873 716 quae
1916 661 2055 716 pra:-

478 746 787 793 cesserunt.
839 737 1147 793 lnciderunt
1184 739 1327 792 enim
1361 739 1412 791 in
1453 737 1727 793 Romanos
1759 738 2051 803 exercitus,

479 830 570 899 qui
621 831 926 885 universam
972 827 1211 884 Judaeam
1266 828 1509 882 funditus
1540 827 1877 895 deleverunt,
1930 844 2052 882 cttm

481 937 661 988 nemo,
698 923 789 993 qui
840 921 1055 991 quidem
1104 929 1289 990 posset
1335 919 1564 986 eripere,
1599 929 1654 974 et
1685 919 1753 974 ab
1802 919 1892 974 illa
1944 927 2052 974 tam

476 1013 672 1067 acerba
731 1011 1040 1068 calamitate
1123 1011 1389 1077 liberare,
1462 1009 1792 1065 subveniret.
1846 1007 2053 1063 Idcirco

479 1105 648 1158 dicit:
703 1122 722 1155 ι
766 1101 986 1158 Rubore
1035 1100 1410 1158 sulfundcntnr
1465 1103 1517 1156 in
1561 1100 1716 1155 idolis
1759 1101 1892 1166 suis,
1935 1115 2054 1170 qua:

478 1193 579 1259 ipsi
607 1193 929 1250 noluerunt:
959 1202 1015 1248 et
1039 1193 1373 1248 erubuerunt
1414 1191 1466 1246 in
1500 1191 1671 1246 hortis
1720 1192 1854 1258 suis,
1916 1204 2054 1260 quos

480 1285 890 1354 concupierunt.
930 1303 950 1337 ι
1014 1283 1245 1338 Nemora
1300 1283 1563 1353 siquidem
1625 1291 1953 1352 occupantes
2000 1291 2054 1339 et

478 1374 687 1441 colles,
740 1375 935 1429 deinde
998 1373 1135 1430 idola
1188 1374 1340 1444 juxta
1405 1373 1746 1443 proceriores
1815 1374 2050 1430 arbores

478 1475 804 1532 statuentes,
825 1475 989 1536 atque
1017 1481 1142 1521 aras
1171 1467 1460 1536 erigentes,
1494 1465 1629 1519 l'also
1645 1466 2051 1535 cognominatos

480 1557 640 1622 deos,
691 1567 997 1612 servatores
1026 1555 1384 1626 appellabant,
1419 1564 1473 1610 et
1532 1556 1585 1609 iu
1631 1556 1766 1625 ipsis
1793 1571 2050 1612 manuum

477 1663 697 1701 suarum
748 1648 1001 1717 operibus
1049 1660 1198 1716 spem
1245 1662 1457 1702 omnem
1517 1645 1814 1713 locabant;
1867 1661 2049 1716 posse,

479 1741 673 1809 inquit,
709 1755 768 1796 se
801 1739 1033 1794 inimicis
1076 1738 1386 1809 superiores
1415 1753 1536 1794 esse
1569 1749 1624 1794 et
1682 1739 2042 1796 adversantes

478 1833 633 1887 facile
675 1848 1007 1902 expugnare.
1047 1830 1179 1885 Cum
1225 1840 1402 1885 autem
1443 1831 1793 1887 advenissent
1841 1834 2049 1899 hostes,

475 1937 527 1980 et
559 1925 769 1982 hostilia
802 1925 1078 1988 fecissent,
1107 1933 1160 1978 et
1185 1925 1472 1980 destitutus
1494 1939 1523 1978 a
1545 1925 1651 1979 diis
1683 1925 1797 1980 suis
1813 1925 2052 1980 exstitis-

476 2029 558 2072 set
587 2017 772 2082 Israel,
803 2017 856 2071 in
898 2017 1055 2072 idolis
1093 2018 1204 2072 suis
1238 2017 1508 2088 pudefacti
1561 2025 1712 2072 sunt.
1747 2016 1867 2073 lllos
1905 2031 2053 2072 nam-

474 2126 582 2182 que
631 2120 757 2165 ante
803 2109 940 2165 alios
987 2125 1091 2163 una
1155 2124 1278 2164 cum
1354 2109 1528 2165 hortis
1579 2110 1818 2180 lucisque
1860 2121 2052 2167 exutos

475 2212 896 2274 conspexerunt,
931 2212 1134 2256 etcum
1192 2201 1434 2259 delubris
1494 2203 1625 2272 ipsis
1657 2211 1712 2257 et
1767 2203 2047 2260 altaribus.

476 2296 805 2350 Exciderunt
845 2295 1008 2366 igitur
1047 2309 1160 2363 spe,
1205 2297 1418 2364 quando
1447 2296 1574 2350 deos
1612 2310 1739 2351 suos
1786 2296 1893 2366 pati
1923 2312 2050 2353 con-

473 2390 836 2456 spicarentur,
897 2396 1007 2440 tum
1065 2387 1297 2456 denique
1351 2386 1440 2440 vix
1502 2387 1865 2458 iutelligentes
1922 2389 2051 2445 illud

475 2495 607 2534 voce
635 2480 905 2548 pr0phet2e
927 2478 1128 2532 dictum
1153 2493 1182 2532 a
1224 2478 1332 2533 Deo
1364 2496 1377 2533 :
1417 2497 1435 2530 ι
1467 2479 1529 2534 Et
1563 2479 1652 2533 ubi
1683 2490 1810 2536 sunt
1841 2481 1911 2536 dil
1951 2485 2048 2552 tui,

473 2589 611 2643 quos
638 2576 750 2642 ipse
783 2573 871 2626 tibi
892 2571 1097 2626 fecisti?
1124 2587 1251 2626 num
1275 2583 1494 2642 surgent
1520 2583 1573 2628 et
1603 2575 1895 2630 servabunt
1919 2585 1970 2632 te
1998 2578 2049 2632 in

477 2678 714 2734 tempore
744 2661 1044 2718 atllictionis
1077 2673 1180 2717 tua:
1196 2663 1300 2717 ⁸⁸⁸2
1329 2684 1347 2716 ι
1368 2661 1557 2719 Affecti
1582 2681 1710 2736 ergo
1735 2665 2048 2737 ignominia,

476 2761 528 2811 in
554 2757 661 2811 diis
696 2757 810 2811 suis
847 2770 983 2824 quos
1012 2755 1409 2825 expetiverunt,
1444 2765 1498 2810 et
1555 2756 1606 2811 in
1643 2759 1836 2825 hortis,
1889 2771 2052 2816 erunt

473 2857 733 2916 tanquam
771 2845 1107 2902 terebinthus
1166 2847 1392 2916 abjectis
1449 2846 1614 2914 foliis,
1654 2859 1803 2906 etut
1865 2853 2052 2910 hortus

475 2955 672 3007 aquam
727 2953 831 2992 non
862 2937 1072 2993 habens
1109 2953 1124 2993 :
1163 2937 1215 2991 id
1251 2948 1332 2993 est
1367 2939 1493 2993 nudi
1537 2948 1589 2994 et
1635 2941 2049 3011 despectissimi,

472 3039 530 3085 et
556 3031 782 3083 multum
814 3027 1125 3084 laborantes
1170 3028 1477 3095 sterilitate,
1520 3029 1750 3100 spiritali
1800 3033 2052 3090 videlicet

2158 558 2459 628 στρατιαῖς,
2484 557 2532 610 οἶ
2557 557 2650 610 καὶ
2670 559 2850 610 πᾶσαν
2878 555 3048 626 ἄρδην
3073 554 3418 626 ὠλόθρευσαν
3451 557 3732 624 Ἰουδαίαν,

2155 647 2526 718 ἐπαμύνοντος
2562 647 2810 714 οὐδενὸς,
2851 648 3020 717 ήγουν
3076 646 3352 711 ἐξελέσθαι
3410 647 3731 718 δυναμένου,

2155 739 2374 810 καὶτῆς
2401 740 2543 794 οὕτω
2575 742 2775 812 πικρᾶς
2796 738 3071 803 ἐξελέσθαι
3102 741 3404 809 συμφορᾶς.
3432 741 3615 812 ταύτῃ
3653 740 3735 800 τοί

2155 846 2343 903 φησιν,
2378 832 2461 885 δτι
2486 851 2504 883 ι
2533 828 3107 902 Κατιισχυνθήσονται
3146 834 3204 886 ἐν
3231 834 3342 895 τοῖς
3367 831 3604 896 εἰδώλοις
3641 834 3737 885 αύ-

2153 923 2284 990 τῶν,
2319 924 2354 977 ἀ
2382 923 2536 976 αὐτοὶ
2583 923 2894 994 ἠϐούλοντο,
2943 923 3040 977 καὶ
3069 923 3490 995 ἐπῃσχύνθησαν
3535 925 3593 977 ἐν
3625 927 3736 986 τοῖς

2153 1016 2352 1086 κήποις
2377 1015 2578 1078 αὐτῶν,
2611 1014 2649 1069 ἀ
2685 1014 3054 1087 ἐπεθύμησαν.
3089 1034 3108 1067 ι
3149 1016 3321 1087 Ἀλση
3362 1015 3460 1086 μὲν
3505 1014 3613 1085 γὰρ
3641 1015 3738 1068 καὶ

2157 1107 2397 1178 δρυμοὺς
2438 1106 2970 1177 καταλαμϐάνοντες,
3013 1103 3132 1161 εἶτα
3173 1109 3285 1169 τοῖς
3313 1106 3738 1177 εὐμηκεστέροις

2152 1199 2260 1253 τῶν
2313 1198 2496 1268 φυτῶν
2546 1199 2740 1254 εἴδωλα
2798 1199 3276 1270 περιιδρύσαντες,
3333 1198 3638 1268 ἐγείροντές
3676 1215 3737 1250 τε

2156 1291 2403 1363 βωμοὺς,
2462 1291 2715 1363 σωτῆρας
2792 1292 3125 1356 ἐπεκάλουν,
3177 1292 3305 1353 τοὺς
3354 1288 3739 1359 ψευδωνύμους

2158 1382 2335 1446 θεοὺς,
2377 1381 2472 1436 καὶ
2500 1383 2587 1434 ἐπ’
2624 1383 2810 1446 αὐτοῖς
2861 1383 2972 1445 τοῖς
3011 1381 3192 1454 ἔργοις
3222 1381 3330 1434 τῶν
3364 1380 3508 1433 ἰδίων
3541 1380 3738 1452 χειρῶν

2155 1475 2336 1528 πᾶσαν
2369 1473 2553 1528 ἔθεντο
2575 1474 2675 1544 τὴν
2705 1473 2914 1540 ἐλπίδα,
2940 1473 3036 1544 τὴν
3055 1473 3150 1525 τοῦ
3171 1471 3430 1527 δύνασθαι
3465 1488 3739 1542 κατευμε-

2153 1567 2335 1637 γεθεῖν
2383 1565 2632 1639 ἐχθρῶν,
2681 1566 2778 1620 καὶ
2838 1564 3307 1635 καταγωνίζεσθαι
3360 1564 3558 1637 ῥᾳδίως
3612 1563 3738 1625 τοὺς

2157 1660 2582 1730 ἀνθεστηκότας.
2621 1657 2836 1730 Ἐπειδὴ
2873 1657 2930 1712 δέ
2961 1659 3009 1711 οἰ
3048 1657 3146 1727 μέν
3186 1656 3434 1726 πολέμιοι
3463 1653 3735 1725 παρῆσαν,

2154 1751 2248 1805 καὶ
2276 1750 2566 1821 δεδράκασι
2593 1749 2661 1802 τὰ
2691 1747 2924 1820 ἐχθρῶν,
2962 1747 3350 1818 ἀπομεμένηκε
3371 1745 3427 1798 δέ
3451 1743 3600 1814 παρὰ
3630 1743 3738 1796 τῶν

2159 1840 2304 1894 ἰδίων
2343 1839 2480 1893 θεῶν
2518 1840 2944 1912 ἀνεπικούρητος
2994 1837 3229 1908 Ἰσραὴλ,
3289 1835 3738 1908 κατῃσχύνθησαν

2155 1933 2248 1988 ἐπὶ
2281 1933 2396 1997 τοῖς
2420 1931 2663 1996 εἰδώλοις
2693 1931 2892 1985 αὐτῶν.
2945 1929 3241 1983 Τεθέανται
3289 1927 3399 2000 γὰρ
3421 1929 3617 1991 αὐτοὺς
3646 1927 3739 1983 καὶ

2154 2027 2264 2100 πρό
2290 2043 2354 2096 γε
2385 2026 2494 2079 τῶν
2525 2025 2700 2080 ἄλλων
2726 2023 3174 2096 ἐμπιπραμένους
3199 2021 3333 2093 ὁμοῦ
3365 2024 3474 2084 τοῖς
3505 2021 3736 2091 κήποις,

2153 2121 2323 2191 ήγουν
2354 2120 2467 2182 τοῖς
2504 2117 2710 2183 ἄλσεσι,
2769 2117 2863 2170 καὶ
2893 2117 3072 2178 αὐτοῖς
3099 2113 3352 2184 τεμένεσι
3385 2114 3480 2166 καὶ
3512 2112 3732 2181 βωμοῖς.

2155 2210 2365 2267 Οὐκοῦν
2415 2210 2826 2283 διημαρτήκασι
2897 2209 2995 2274 τῆς
3043 2207 3291 2270 ἐλπίδος,
3333 2205 3422 2258 ὅτε
3467 2203 3739 2265 παθόντας

2153 2301 2438 2355 τεθέανται
2478 2301 2603 2363 τοὺς
2641 2298 2850 2353 ἐαυτῶν
2905 2298 3082 2363 θεοὺς,
3114 2297 3236 2350 τότε
3294 2293 3540 2355 συνέντες
3587 2293 3738 2362 μόλις

2152 2392 2215 2447 τὸ
2235 2393 2324 2448 διὰ
2349 2393 2449 2462 τῆς
2469 2389 2563 2445 τού
2596 2390 2875 2462 προφήτου
2898 2389 3080 2459 φωνῆς
3110 2387 3396 2458 εἰρημένον
3414 2385 3562 2456 παρὰ
3578 2381 3734 2436 Θεοῦ·

2159 2502 2179 2536 ι
2207 2485 2315 2538 Καὶ
2341 2481 2444 2537 ποῦ
2479 2484 2616 2536 εἰσιν
2642 2483 2689 2534 οἰ
2718 2480 2830 2534 θεοί
2861 2498 2974 2544 σου,
3005 2478 3096 2543 οὒς
3127 2478 3386 2548 ἐποίησας
3420 2474 3659 2545 σεαυτῷ;
3690 2475 3738 2526 εἰ

2154 2576 2547 2647 ἀναστήσονται
2579 2573 2672 2627 καὶ
2705 2572 2937 2626 σώσουσί
2967 2588 3026 2624 σε
3044 2572 3101 2626 ἐν
3121 2568 3296 2642 καιρῷ
3315 2568 3414 2636 τῆς
3444 2565 3738 2629 κακώσεώς

2155 2687 2248 2723 σου
2272 2686 2287 2736 ;
2319 2688 2337 2722 ι
2363 2667 2630 2731 Παθόντες
2660 2665 2838 2719 τοίνυν
2867 2664 2965 2735 τὴν
2994 2663 3259 2734 ἐντροπὴν
3288 2660 3387 2732 τὴν
3412 2659 3502 2712 ἐπί
3535 2675 3596 2726 γε
3626 2659 3739 2720 τοῖς

2155 2762 2305 2824 ἰδίοις
2341 2761 2503 2824 θεοῖς,
2537 2758 2630 2822 οὓς
2660 2757 3008 2828 ἐπεθύμησαν
3038 2755 3212 2818 αὐτοὶ,
3257 2755 3351 2807 καὶ
3413 2753 3594 2824 μέντοι
3624 2750 3744 2813 τοῖς

2153 2854 2380 2924 κήποις,
2415 2853 2628 2906 ἔσονται
2665 2851 2740 2914 ὡς
2778 2847 3086 2919 τερέϐινθος
3123 2845 3529 2914 ἀποϐεϐληκυῖα
3568 2841 3739 2911 αὐτῆς

2151 2947 2220 3000 τὰ
2247 2945 2444 3016 φύλλα,
2476 2944 2570 2997 καὶ
2604 2942 2680 3004 ὡς
2712 2942 3040 3012 παράδεισος
3093 2939 3236 3010 ὕδωρ
3274 2937 3348 3009 μὴ
3394 2937 3556 3006 έχων·
3590 2932 3737 2986 τοῦτ’

2153 3038 2291 3102 ἐστι,
2321 3035 2518 3108 γυμνοί
2572 3051 2632 3087 τε
2665 3033 2756 3087 καὶ
2782 3031 3115 3102 ἀτιμότατοι,
3155 3031 3249 3084 καὶ
3282 3029 3416 3082 πολὺ
3456 3025 3738 3088 νοσοῦντες

473 3123 737 3178 bonarum
810 3123 1103 3174 actionum.
1181 3119 1543 3177 Terebinthus
1614 3122 1757 3177 enim
1832 3133 1884 3178 et
1949 3126 2051 3181 alia

2157 3129 2254 3199 τὴν
2281 3125 2583 3197 ἀκαρπίαν,
2613 3122 2772 3193 δῆλον
2804 3121 2862 3174 δέ
2889 3121 2968 3173 ὃτι
2988 3119 3084 3189 τὴν
3111 3117 3306 3188 νοητὴν
3337 3115 3434 3186 τὴν
3460 3116 3518 3166 ἐν
3546 3111 3740 3184 πράξε-

471 3215 682 3281 species
706 3227 1042 3282 quaecunque
1088 3209 1364 3276 arborum,
1398 3213 1635 3281 quandiu
1674 3215 1787 3271 suis
1829 3215 2051 3274 floribus

473 3305 638 3358 densa
675 3309 759 3357 est
791 3311 1075 3366 ctornata,
1108 3301 1209 3356 sibi
1245 3301 1499 3357 decoram
1541 3303 1770 3373 gloriam
1809 3307 2005 3361 retinet
2035 3323 2048 3360 :

473 3396 688 3450 amissis
719 3404 898 3448 autem
929 3392 1095 3460 foliis,
1130 3393 1232 3448 erit
1269 3394 1418 3449 arida
1461 3412 1525 3450 ae
1562 3413 1752 3466 parum
1791 3397 2052 3465 formosa,

472 3503 536 3543 ac
569 3488 718 3542 velut
785 3487 1123 3542 inhonorata.
1170 3486 1369 3541 llortus
1391 3486 1604 3552 item,si
1635 3487 1811 3544 fontes
1835 3491 2050 3557 habeat,

472 3583 670 3636 densus
701 3579 805 3634 erit
841 3577 1126 3634 arboribus
1156 3577 1533 3649 fructuumque
1578 3581 1824 3636 ubertate
1873 3583 2054 3638 multi-

474 3672 664 3726 fariam
717 3671 994 3725 luxuriat:
1039 3671 1225 3742 siccus
1273 3685 1404 3726 vero
1453 3681 1508 3726 et
1552 3674 1778 3728 humore
1839 3689 2050 3740 carens,

470 3765 694 3820 omnino
722 3764 1023 3819 sterilescet
1059 3762 1328 3818 fructuum
1364 3765 1566 3832 inopia,
1592 3765 1698 3820 imo
1727 3775 1782 3820 et
1818 3766 2051 3836 ipsarum

471 3870 687 3926 quoque
723 3857 998 3910 arborum.
1054 3855 1410 3910 lnhonoratus
1451 3855 1616 3926 igitur
1650 3864 1704 3910 et
1742 3856 2049 3914 infructuo-

471 3963 565 4002 sus
592 3948 787 4001 mansit
817 3945 1002 4001 lsrael.
1034 3947 1165 4013 Quis
1191 3946 1334 4001 enim
1374 3954 1456 4000 est
1494 3946 1711 4002 virtutis
1747 3946 1955 4003 fructus
1995 3950 2050 4003 in

471 4039 739 4092 idolorum
795 4036 1132 4093 cultoribus?
1180 4041 1288 4091 Aut
1332 4036 1518 4107 quidni
1551 4038 1620 4092 sit
1662 4039 1853 4108 plenus
1904 4041 2052 4095 omni

472 4129 735 4185 dedecore
763 4138 817 4184 et
841 4130 1258 4200 contemptione,
1283 4129 1374 4198 qui
1404 4130 1612 4184 deserit
1634 4147 1798 4185 unum
1821 4142 1874 4186 et
1895 4141 2053 4186 natu-

470 4237 530 4274 ra
564 4219 764 4276 Deum?
814 4240 832 4273 ι
876 4222 967 4292 qui
1004 4223 1135 4277 dicit
1187 4221 1330 4290 ligno
1363 4239 1378 4276 :
1433 4222 1594 4276 Pater
1624 4237 1774 4276 meus
1805 4237 1862 4277 es
1895 4233 1975 4290 tu,
1999 4234 2052 4279 et

471 4312 668 4382 lapidi:
702 4313 783 4369 Tu
824 4328 909 4370 me
945 4313 1177 4385 genuisti
1199 4313 1282 4368 εει
1316 4332 1334 4366 ι
1374 4313 1487 4370 Erit
1518 4326 1694 4370 autem
1723 4315 1829 4388 33
1863 4327 1918 4371 ct
1947 4318 2052 4372 alio

472 4402 632 4456 modo
701 4401 861 4457 Israel
955 4403 1102 4457 velut
1170 4403 1509 4459 terebinthus
1582 4391 1808 4472 abiectis
1888 4407 2048 4463 foliis.

2161 3239 2244 3276 σιν
2271 3219 2523 3288 ἀγαθαῖς.
2568 3217 2635 3270 Ἦ
2678 3215 2776 3286 μὲν
2825 3218 2934 3284 γὰρ
2977 3209 3316 3283 τερέϐινθος,
3350 3209 3518 3278 ήγουν
3556 3204 3740 3274 ἔτερόν

2157 3310 2348 3364 τιτῶν
2382 3308 2587 3379 φυτῶν,
2632 3308 2737 3371 ἐως
2787 3305 2885 3375 μὲν
2931 3305 3052 3366 ταῖς
3099 3300 3256 3364 ἰδίαις
3305 3298 3494 3360 ἄνθαις
3547 3296 3740 3366 ὁρᾶται

2159 3402 2495 3472 κατάκομον,
2549 3399 2648 3469 τὴν
2701 3396 2852 3468 αὐτῷ
2900 3395 3216 3466 πρέπουσαν
3254 3388 3528 3454 ἀποσώζει
3558 3384 3735 3451 δόξαν·

2160 3493 2533 3565 ἀποϐεϐληκὺς
2555 3491 2611 3545 δὲ
2639 3491 2706 3544 τὰ
2727 3488 2924 3558 φύλλα,
2961 3486 3126 3556 ξηρὸν
3155 3484 3309 3538 ἔσται
3333 3483 3426 3536 καὶ
3469 3480 3703 3543 ἀκαλλὲς
3721 3521 3736 3544 ,

2159 3589 2254 3643 acati.
2278 3584 2387 3640 οἷον
2433 3583 2826 3656 ήτιμασμένον.
2867 3577 3201 3650 Παράδεισος
3226 3575 3282 3628 δέ
3318 3574 3500 3636 πάλιν,
3544 3573 3592 3624 εἰ
3643 3571 3740 3641 μὲν

2159 3677 2272 3747 ἔχοι
2308 3675 2513 3748 πηγὰς,
2548 3670 2958 3742 εὐδενδρότατος
3013 3668 3164 3720 ἔσται
3213 3682 3316 3729 τις,
3362 3663 3454 3718 καὶ
3488 3664 3606 3725 ταῖς
3633 3661 3740 3715 τῶν

2160 3769 2387 3838 καρπῶν
2419 3765 2700 3836 ἀφθονίαις
2739 3760 3034 3824 πολυειδῶς
3068 3758 3442 3829 ἐναϐρύνεται.
3479 3755 3653 3827 Ξηρὸς
3679 3753 3738 3806 δὲ

2161 3863 2255 3915 καὶ
2272 3859 2496 3929 ἄνυδρος
2513 3858 2609 3924 ὣν,
2636 3857 2786 3910 ἔσται
2815 3871 2918 3907 που
2937 3853 3153 3915 πάντως
3175 3853 3232 3905 ἐν
3251 3849 3519 3920 ἀκαρπίᾳ,
3542 3846 3739 3918 μᾶλλον

2158 3951 2215 4004 δέ
2262 3950 2356 4003 καὶ
2400 3948 2584 4002 αὐτῶν
2615 3949 2831 4018 νοσήσει
2860 3945 2960 4015 τὴν
3004 3942 3256 4014 ἐρημίαν.
3302 3941 3525 4010 Ἀτιμος
3559 3937 3739 3990 τοίνυν

2159 4042 2254 4096 καὶ
2291 4041 2538 4114 ἄκαρπος
2582 4037 3002 4109 ἀπομεμένηκεν
3059 4037 3088 4088 ὁ
3132 4033 3364 4105 Ἰσραήλ.
3417 4032 3576 4094 Ποῖος
3627 4029 3738 4100 γάρ

2160 4135 2275 4186 ἐστι
2297 4131 2507 4203 καρπὸς
2530 4131 2730 4202 ἀρετῆς
2746 4131 2803 4182 ἐν
2823 4130 2934 4191 τοῖς
2955 4127 3063 4181 τῶν
3089 4124 3320 4180 εἰδώλων
3343 4123 3739 4195 θεραπευταῖς;

2164 4228 2234 4279 “ll
2264 4225 2381 4288 πῶς
2411 4224 2508 4294 οὐχ
2540 4225 2760 4292 ἁπάσης
2793 4220 3014 4292 ἀτιμίας
3045 4219 3318 4289 ἔμπλεως,
3354 4218 3384 4270 ό
3421 4213 3553 4268 Θεὸν
3585 4213 3743 4282 ἀφεὶς

2157 4319 2249 4372 τὸν
2277 4317 2373 4370 ἕνα
2397 4317 2492 4370 καὶ
2515 4314 2694 4384 φύσει,
2731 4331 2749 4365 ι
2789 4313 2881 4366 καὶ
2912 4312 3082 4380 λέγων
3112 4309 3189 4381 τῷ
3216 4308 3378 4379 ξύλῳ,
3407 4307 3599 4376 Πατήρ
3637 4321 3736 4375 μου

2160 4406 2212 4464 εί
2250 4409 2314 4462 σύ
2341 4429 2355 4443 ·
2390 4409 2485 4463 καὶ
2520 4407 2598 4478 τῷ
2625 4405 2777 4475 λίθῳ,
2815 4406 2886 4458 Σὺ
2937 4401 3232 4472 ἐγέννησάς
3271 4415 3376 4472 με;
3411 4417 3429 4450 ι
3460 4398 3655 4452 Ἔσται
3684 4395 3742 4448 δὲ

471 4491 605 4545 Nam
643 4502 767 4546 ante
790 4491 1096 4547 Servatoris
1124 4492 1436 4556 adventum,
1467 4493 1594 4548 dum
1641 4495 1774 4562 legis
1796 4497 2042 4551 umbram

2156 4503 2246 4557 καὶ
2281 4501 2483 4573 ἑτέρως
2515 4498 2728 4570 Ἰσραὴλ
2766 4498 2842 4562 ὡς
2867 4496 3199 4568 τερέϐινθος,
3232 4491 3640 4562 ἀποϐεϐληκυῖα
3673 4488 3744 4542 τὰ

471 4586 789 4652 retinerent,
841 4587 1018 4640 instar
1057 4586 1312 4642 arborum
1378 4597 1556 4650 erant,
1621 4600 1742 4655 quae
1810 4585 2048 4644 fructum

2159 4593 2352 4662 φύλλα.
2389 4591 2502 4663 Πρὸ
2544 4592 2642 4660 μὲν
2695 4588 2804 4661 γὰρ
2831 4589 2928 4660 τῆς
2955 4587 3051 4642 τοῦ
3088 4587 3339 4656 Σωτῆρος
3370 4583 3528 4656 ήμῶν
3557 4581 3744 4649 ἐπιδη-

473 4692 578 4731 non
624 4677 843 4742 habent,
892 4676 1036 4734 foliis
1093 4688 1271 4732 tamen
1325 4676 1582 4749 projectis
1636 4687 1694 4734 et
1741 4681 2051 4748 propagatis

2163 4685 2313 4755 μίας,
2351 4683 2449 4753 τὴν
2481 4682 2576 4736 τοῦ
2607 4681 2774 4753 νόμου
2801 4679 3098 4752 τηροῦντες
3136 4678 3315 4741 σκιὰν,
3341 4674 3736 4747 προσεοίκεσαν

473 4767 686 4837 egregie
767 4765 1124 4824 efﬂorescunt.
1212 4767 1346 4822 Cum
1425 4767 1620 4825 deinde
1696 4767 2052 4824 olfendissent

472 4857 770 4926 Christum,
854 4859 1026 4928 ipsam
1105 4859 1268 4913 etiam
1353 4859 1557 4914 umbrae
1615 4860 2053 4917 observationem

473 4951 844 5019 perdiderunt.
878 4951 989 5007 Nec
1017 4953 1160 5006 enim
1197 4953 1334 5006 ultra
1359 4952 1652 5007 observant
1699 4953 1835 5022 legis
1885 4956 2054 5010 sacri-

475 5042 620 5106 llcia,
663 5059 763 5098 nec
791 5058 925 5099 sane
964 5043 1229 5115 legalibus
1276 5044 1614 5099 ornamentis
1648 5045 2052 5115 insigniuntur:

474 5133 567 5188 sed
595 5149 767 5203 pauca
826 5133 1118 5190 admodum
1157 5133 1352 5204 priscae
1416 5134 1594 5204 gentis
1645 5135 1892 5191 instituta
1933 5139 2059 5194 reti-

477 5233 667 5279 nentes
728 5226 782 5280 in
842 5224 1088 5293 urbibus,
1149 5223 1454 5296 infrugiferi
1513 5235 1657 5294 sunt,
1722 5229 2053 5300 Spoliatique

477 5315 795 5382 honoribus,
823 5325 877 5370 et
900 5315 1023 5387 jure
1066 5317 1284 5386 quidem
1338 5316 1562 5385 optimo.
1603 5335 1622 5369 ι
1667 5319 2059 5376 lnterl‘ecerunt

478 5406 620 5460 enim
650 5406 948 5478 principem
1001 5406 1146 5473 vitm,
1183 5421 1340 5476 quem
1368 5407 1529 5474 Deus,
1555 5409 1743 5465 solutis
1783 5410 2058 5468 doloribus

479 5499 672 5551 mortis
731 5497 1082 5567 gravissimis,
1151 5499 1408 5554 excitavit
1480 5515 1511 5554 e
1576 5501 1827 5567 mortuis,
1893 5520 2057 5572 quau-

483 5588 778 5656 doquidem
826 5589 1084 5660 possibile
1157 5607 1260 5647 non
1331 5601 1447 5647 erat
1510 5593 1659 5647 illum
1723 5595 1790 5647 ab
1846 5611 1909 5650 ea
1977 5606 2055 5650 te-

483 5683 598 5736 ucri
629 5684 717 5736 ην.
752 5701 770 5735 ι

519 5797 618 5870 _"'
644 5795 750 5852 ιω·-
783 5811 842 5860 II.
875 5795 962 5851 ἳ8.
1041 5803 1083 5834 ει
1110 5801 1236 5857 ibid.
1270 5799 1360 5855 27.
1438 5801 1507 5834 ιν
1539 5798 1660 5855 Act.
1691 5815 1774 5865 ιιι,
1804 5799 1885 5855 ts.

2161 4777 2382 4844 φυτοῖς,
2432 4772 2646 4844 καρπὸν
2708 4773 2808 4843 μὲν
2865 4769 2965 4824 οὐκ
3023 4768 3228 4839 έχουσι,
3285 4764 3425 4836 πλὴν
3487 4758 3547 4817 εὖ
3596 4760 3742 4832 μάλα

2158 4865 2636 4938 περιηνθισμένοις
2668 4866 2788 4927 ταῖς
2819 4859 2928 4917 τῶν
2976 4860 3189 4931 φύλλων
3223 4857 3494 4920 ἐκϐολαῖς.
3517 4851 3741 4922 Ἐπειδὴ

2156 4959 2216 5013 δὲ
2251 4957 2728 5029 προσκεκρούκασι
2759 4953 2838 5025 τῷ
2866 4952 3108 5025 Χριστῷ,
3135 4951 3229 5004 καὶ
3255 4949 3422 5020 αὐτὴν
3443 4944 3744 5015 ἀποϐεϐλή-

2157 5067 2286 5105 κασι
2311 5049 2408 5121 τὴν
2439 5049 2535 5120 τῆς
2563 5048 2719 5110 σκιᾶς
2740 5046 2992 5117 τήρησιν.
3031 5042 3110 5099 Ού
3137 5041 3246 5112 γὰρ
3278 5040 3358 5093 ἔτι
3386 5037 3615 5110 τηροῦσι
3644 5035 3743 5098 τὰς
3775 5031 3780 5040 ’

2157 5141 2297 5196 κατά
2323 5141 2486 5212 νόμον
2513 5139 2724 5201 θυσίας,
2752 5135 2877 5190 οὒτε
2911 5135 3017 5206 μὴν
3053 5136 3168 5198 τοῖς
3199 5132 3445 5202 νομικοῖς
3482 5127 3742 5199 αὐχήμα-

2161 5250 2244 5287 σιν
2271 5229 2722 5302 ἐπισεμνύνονταί
2763 5227 2946 5282 ποθενο
2984 5225 3229 5294 ὀλίγιστα
3284 5222 3342 5275 δέ
3380 5218 3523 5274 κατά
3562 5217 3745 5278 πόλεις

2157 5326 2268 5381 τῶν
2298 5324 2542 5395 ἀρχαίων
2593 5320 2886 5392 τηροῦντες
2935 5317 3126 5381 ἐθνῶν,
3169 5313 3411 5385 ἄκαρποι
3463 5312 3600 5365 εἰσιν
3651 5308 3749 5362 καὶ.

2157 5415 2515 5486 ἠτιμωμένοι·
2543 5415 2637 5468 καὶ
2663 5411 2806 5482 μάλα
2845 5411 3089 5472 εἰκότως.
3124 5406 3482 5461 ’Λπεκτόνασι
3509 5403 3618 5472 γὰρ
3654 5399 3744 5454 τὸν

2157 5505 2399 5576 ἀρχηγὸν
2436 5507 2534 5574 τῆς
2581 5503 2762 5573 ζωῆς,
2806 5501 2866 5555 ὃν
2907 5502 2937 5554 ὁ
2977 5500 3111 5563 Θεὸς
3153 5500 3371 5569 ἤγειρεν
3417 5498 3481 5548 ἐκ
3534 5489 3744 5554 νεκρῶν

2157 5598 2326 5659 λύσας
2363 5597 2462 5660 τὰς
2501 5596 2696 5658 ὠδῖνας
2734 5594 2828 5648 τοῦ
2853 5593 3106 5654 θανάτου,
3142 5589 3264 5644 καθ’
3303 5589 3385 5644 ὃτι
3429 5587 3528 5641 οὐκ
3558 5581 3625 5654 ἦν
3650 5581 3744 5636 δυο

2165 5689 2322 5742 νατδν
2348 5686 2664 5759 κρατεῖσθαι
2694 5685 2857 5740 αὑτὸν
2891 5683 2980 5736 ὑπ’
3015 5682 3198 5737 αὐτοῦ.
