2050 3235
143 195 180 223 05
738 187 773 216 IN
793 187 912 215 ISAIAM
932 186 996 215 LIB.
1017 188 1040 215 Ι.
1061 187 1165 215 ORAT.
1187 187 1219 214 ll.
1765 188 1801 217 ‘50

178 251 232 281 Kal
249 250 339 278 ἔσται
348 249 367 283 ή
381 249 473 284 ἰσχὺς
486 247 586 276 αὐτῶν
596 248 636 281 ὡς
647 246 766 283 καιάμη
784 247 952 279 στιππύου,

1042 246 1124 274 Vens.
1139 246 1185 274 5i.
1217 245 1248 273 Et
1272 246 1321 273 erit
1335 246 1469 281 fortitudo
1491 254 1579 276 eorum
1605 247 1674 275 velut
1702 248 1801 283 stipuo’a

142 298 191 326 καὶ
210 297 231 332 ἡ
248 296 378 331 ἐργασία
393 294 495 323 αὐτῶν
511 295 551 327 ὼς
576 293 744 328 σπινθῆρες
766 293 875 327 πυρὸς,
902 292 953 319 καὶ

142 342 434 376 κατακαυθήσονται
457 343 484 369 οἱ
521 340 628 376 ἄνομοι
662 339 712 367 καὶ
734 340 761 366 al
785 338 954 375 ἁμαρτωλοὶ

142 392 214 427 ἅμα,
231 390 285 419 καὶ
298 390 357 417 οὐκ
367 389 455 416 ἐσται
470 389 488 415 ὁ
505 387 636 415 σϐέσων.
808 382 810 384 ’

185 439 218 466 '0
248 438 336 473 σοφὸς
379 436 494 473 εἴρηκεν
524 435 661 471 Σολομὼν,
694 434 735 461 ὅτι
766 433 874 468 Σειραῖς
899 431 954 458 τῶν

149 485 244 514 ἑαυτοῦ
260 483 408 521 ἁμαρτιῶν
429 483 547 513 ἕκαστος
575 481 734 517 σφίγγεται·
743 480 797 521 ἐκαὶ
817 478 921 515 ἀληθὴς
940 478 955 505 ὁ

149 534 236 569 λόγος.
255 517 386 566 Ἱέκέστῳ
405 529 461 565 γὰρ
490 528 568 564 ήμῶν
582 528 618 555 τὰ
646 527 701 554 ἴδια
728 517 955 561 πλημμελήματα

289 578 337 605 τὸν
349 576 473 612 ὄλεθρον,
483 576 530 602 καὶ
542 575 591 606 τὰς
605 575 637 601 ὲκ
647 574 722 606 θείας
733 574 818 609 ὀργῆς
829 572 954 607 ἐπιφέρει

139 618 236 662 lum.
257 624 368 654 ὀποτόν
381 633 408 651 τι
423 622 593 650 πεπόνθασιν
608 622 633 647 οἱ
657 621 688 653 ὲξ
718 620 835 656 Ἰσραήλ.
854 619 955 654 Εἰργά-

146 667 232 702 cum
250 671 302 708 μὲν
317 670 374 706 γὰρ
388 670 496 701 ἑαυτοῖς
508 668 572 700 τοὺς
591 666 785 702 ψευδωνύμους
803 666 890 697 θεοὺς,
908 667 955 692 καὶ¹

146 719 191 746 ἐπ’
205 717 304 749 αὐτοῖς
316 716 454 752 ἐσχήκασι
468 713 518 750 τὴν
535 714 641 744 ἐλπίδα,
658 712 704 739 τοῦ
725 711 854 739 δύνασθαι
871 720 955 738 κατα-

145 765 264 801 κρατεῖν
279 762 398 799 ἐχθρῶν.
420 760 492 787 Ἀλλ’
510 760 577 787 αὐτὸ
588 759 620 796 δὴ
634 759 714 786 τοῦτο
728 760 840 793 γέγονεν
864 759 955 789 αὐτοῖς

147 810 296 848 μονονουχὶ
314 809 372 844 πῦρ
390 816 423 835 τε
451 807 499 834 καὶ
522 807 598 840 ξύλα.
628 806 678 832 Διὰ
701 806 755 841 γὰρ
779 805 883 840 ταύτην
906 805 955 840 τὴν

146 856 348 893 πλημμέλειαν
373 854 496 881 δέδονται
526 853 608 888 πυρὶ,
634 852 680 878 καὶ
708 851 786 877 τοῦτο
808 850 953 884 ἀσϐέστῳ,

145 903 222 932 τοῦτ’
237 902 308 935 ἐστι,
323 901 424 932 δειναῖς
438 908 468 927 τε
498 898 545 926 καὶ
566 897 764 933 ἀκαταλήκτοις
789 897 952 932 συμφοραῖς,

146 949 341 985 ἐπαμύνοντος
368 946 487 978 οὐδενός.
510 946 565 973 Καὶ
591 944 671 971 τοῦτο
690 945 756 979 ἡμῖν
780 943 864 978 σαφὲς
889 943 954 969 καο-

148 998 255 1031 ίστησι,
268 996 371 1030 λέγων·
385 995 441 1022 Καὶ
455 994 532 1021 ἔσται
589 994 665 1028 ἰσχὺς
685 992 775 1019 αὐτῶν
792 992 829 1023 ὡς
845 992 955 1026 καλάμη

147 1035 302 1073 unm-rion,
323 1041 371 1068 καὶ
386 1042 403 1076 ἡ
414 1040 533 1076 ἐργασία
546 1039 635 1066 αὐτῶν
649 1040 686 1070 ὡς
699 1039 847 1074 σπινθῆρες
860 1038 955 1072 πυρός.

152 1089 188 1116 Ἡ
204 1086 440 1124 προσδοκηθεῖσα,
465 1086 560 1120 φησὶν,
584 1084 694 1111 ἔσεσθαι
715 1083 830 1119 δύναμις
845 1083 937 1114 αὐτοῖς
950 1102 956 1114 ,

146 1136 230 1162 ἔσται
248 1134 289 1166 ὡς
303 1132 416 1168 καλάμη
432 1131 579 1164 στιππύου,
601 1130 675 1157 τοῦτ’
690 1130 759 1161 ἔστι,
773 1129 860 1165 τροφὴ
873 1128 958 1163 mpii;

147 1182 200 1210 καὶ
220 1181 405 1215 ὑπέκκαυμα,
421 1179 470 1206 καὶ
487 1179 522 1205 τὰ
538 1178 608 1214 ἔργα
620 1177 674 1204 τῶν
692 1176 791 1212 χειρῶν
803 1176 904 1207 αὐτῶν,
922 1174 959 1206 ὡς

124 1251 127 1255 η
149 1229 242 1264 πυρὸς
255 1227 408 1262 σπινθῆρες
421 1225 625 1260 ἀκοντιζόμενοι
651 1225 710 1250 κατ’
732 1223 831 1250 αὐτῶν.
848 1221 958 1256 Καυοή-

149 1283 250 1302 caveat
275 1271 325 1300 οὖν
351 1272 377 1298 οἱ
399 1267 497 1306 ἄνομοι
523 1270 571 1297 καὶ
595 1271 619 1296 οἱ
646 1268 803 1304 ἁμαρτωλοὶ
820 1268 886 1301 ἅμα.
904 1268 959 1292 Ποι-

151 1321 307 1358 ραιτητέον
324 1319 415 1347 τοίνυν
433 1318 464 1345 τὸ
489 1317 673 1353 προσκρούειν
693 1315 762 1350 Θεῷ,
783 1315 829 1340 καὶ
840 1313 870 1339 τὸ
895 1312 961 1347 δρᾷν

150 1367 251 1394 ἐκεῖνα

152 1433 162 1441 .
206 1432 216 1440 .
259 1431 267 1439 .
307 1431 316 1439 .
357 1430 365 1437 .
406 1430 414 1437 .
455 1430 462 1436 .
504 1428 510 1435 .
549 1408 619 1435 αὐτὰ
649 1407 703 1442 γὰρ
725 1405 854 1442 ὴμῶντὰ
873 1405 960 1439 ἔργα,

150 1459 204 1485 καὶ
231 1456 292 1493 πῦρ
315 1456 383 1491 ἡμῖν
408 1455 484 1482 ἔσται
513 1454 561 1480 καὶ
593 1453 681 1488 τροφὴ
708 1452 810 1488 πυρδς,
837 1451 962 1485 καθάπερ

150 1504 256 1540 ἀμέλει
278 1503 326 1530 καὶ
349 1501 384 1528 τὰ
404 1502 437 1528 ἐκ
461 1500 589 1536 πράξεων
602 1498 713 1533 tichva
731 1498 887 1533 αὐχήματα,
915 1496 963 1522 καὶ

153 1551 233 1585 ζωῆς
257 1549 306 1577 καὶ
330 1548 412 1585 δόξης
442 1546 610 1583 ὲμποιητικέι
634 1547 690 1578 τοῖς
718 1543 898 1580 κατορθοῦσιν
920 1543 963 1569 ab—

155 1598 184 1634 ρί
188 1606 274 1624 σκετα
279 1606 297 1624 ι.

483 1651 593 1679 ΛΟΓΟΣ
609 1651 646 1678 B'.

196 1720 227 1747 '0
247 1722 344 1756 λόγος
383 1721 400 1748 ὁ
434 1720 600 1755 γενόμενος
634 1717 714 1752 παρὰ
741 1717 853 1750 Κυρίου
886 1717 961 1750 πρὸς

159 1768 304 1800 Ἡσαΐαν,
322 1767 392 1794 υἱὸν
412 1766 518 1802 Ἀμώς,
528 1766 661 1801 περὶτῆς
676 1765 819 1798 Ἰουδαίας
832 1765 879 1791 καὶ
894 1763 960 1797 περὶ

157 1813 375 1850 Ἰερουσαλήμ.

189 1869 320 1905 Συγγενῆ
336 1869 394 1901 τοῖς
409 1868 530 1903 φθάσασι
543 1868 578 1895 τὰ
591 1866 773 1903 προκείμενα,
789 1866 836 1893 καὶ
847 1866 891 1893 διὰ
904 1866 959 1893 τῶν

153 1916 224 1943 ἴσων
239 1914 355 1943 ἐννοιῶν
369 1915 508 1951 ἐρχόμενα
526 1913 630 1941 κατίδοι
646 1921 688 1943 τις
703 1913 736 1939 ἄν
758 1912 840 1944 αὐτὰ,
861 1912 960 1938 λεπτὸν

152 1962 309 1998 ἑπιστήσας
335 1962 392 1993 τοῖς
417 1960 578 1997 θεωρήμασι
606 1959 656 1995 τῆς
680 1959 800 1990 διανοίας
824 1958 870 1985 τὸν
886 1958 957 1985 νοῦν.

151 2008 289 2043 Γεγόνασι
312 2006 368 2043 γὰρ
393 2007 418 2033 oi
444 2005 529 2033 πάλαι
545 2005 622 2040 παρὰ
641 2005 708 2032 Θεοῦ
734 2005 808 2039 λόγοι
822 2004 890 2040 πρὸς
914 2004 960 2031 τὸν

152 2054 305 2081 θεσπέσιον
321 2053 468 2089 προφήτην
482 2052 547 2087 περ)⁸
563 2053 613 2087 τῆς
630 2051 759 2083 Ἰουδαίας
773 2051 821 2077 καὶ
835 2051 898 2085 περὶ
909 2050 959 2084 τῆς

158 2098 356 2135 Ἰερουσαλήμ.
371 2097 487 2124 Δοκεῖδέ
497 2106 566 2130 πως,
579 2097 666 2132 μέσην
678 2096 740 2123 τινὰ
755 2096 802 2122 καί
813 2096 843 2122 οὺ
857 2095 959 2130 σφόδρα

152 2146 231 2182 σαφῆ
257 2145 310 2181 τῆς
335 2145 461 2180 ὁράσεως
488 2143 537 2179 τὴν
555 2143 684 2170 ἀπόδοσιν
709 2142 782 2178 ἔχειν
807 2141 854 2168 τοῦ
876 2142 959 2176 φάναι

152 2193 220 2228 περὶ
234 2191 288 2227 τῆς
312 2190 446 2222 Ἰουδαίας
463 2191 511 2217 καὶ
534 2190 600 2226 περὶ
617 2189 808 2225 Ἰερουσαλήμ.
826 2188 898 2224 Πλὴν
922 2187 960 2218 ὡς

152 2238 193 2265 ἔνι
222 2236 416 2272 σαφηνιοῦμεν
435 2235 521 2270 αὐτὴν
549 2235 598 2271 τὴν
613 2235 662 2270 τῆς
688 2235 810 2270 ὁράσεως
833 2234 958 2268 δύναμιν,

1005 297 1120 327 stuppae,
1133 297 1156 319 et
1172 301 1236 327 opus
1257 300 1348 319 eorum
1361 292 1430 319 velut
1444 293 1568 320 scintillw
1588 294 1656 328 ignis
1666 303 1673 320 ;
1685 300 1710 321 et
1731 303 1802 321 com—-

1006 339 1135 366 burentur
1162 338 1256 373 iniqui,
1274 343 1297 365 et
1322 342 1474 371 peccatores
1497 339 1586 371 simul,
1608 347 1655 366 nec
1680 340 1730 366 erit
1757 339 1802 374 qui

1004 385 1163 419 exstinguat.

1041 428 1185 463 Sapienter
1206 428 1278 456 dixit
1296 428 1424 456 Salomon
1447 437 1455 456 :
1475 428 1598 464 Quisque
1626 434 1803 465 peccatorum

1005 482 1119 502 suorum
1148 475 1326 510 compedibus
1355 474 1522 510 stringitur;
1547 476 1701 510 etquidem
1736 483 1802 503 vera

1006 525 1049 548 est
1061 521 1119 549 hac
1138 521 1238 549 oratio.
1263 520 1318 548 Sua
1335 520 1407 548 enim
1431 521 1530 555 cuique
1559 526 1681 549 nostrum
1704 522 1804 549 delicta

1007 567 1154 602 perniciem
1168 571 1273 599 creant,
1286 571 1313 594 et
1326 575 1358 594 ex
1372 568 1411 593 ira
1419 567 1509 594 divina
1524 575 1619 602 poenas
1636 567 1802 595 conflabant.

1006 614 1082 647 Quod
1101 615 1210 648 quidem
1242 615 1314 649 passi
1337 617 1400 641 sunt
1430 613 1570 641 israelitze.
1594 614 1804 641 Commentitios

1006 662 1118 689 enimet
1137 662 1204 689 falso
1220 667 1392 696 nuncupatos
1420 662 1485 689 deos
1510 661 1562 688 sibi
1586 660 1803 693 fabricaverunt,

1007 713 1089 741 alque
1118 709 1144 735 in
1171 709 1223 736 illis
1255 712 1402 743 sperarunt
1437 716 1467 735 se
1497 708 1589 734 hostes
1615 711 1804 741 superaturos.

1006 754 1139 781 Caeterum
1150 755 1201 782 hoc
1213 755 1299 789 ipsum
1315 756 1416 782 factum
1429 758 1469 782 est
1483 753 1538 781 illis
1552 758 1657 780 tantum
1674 761 1725 780 non
1736 753 1806 787 ignis

1006 805 1033 828 et
1050 801 1130 835 ligna.
1146 801 1259 836 Propter
1276 802 1344 828 hanc
1360 801 1432 827 enim
1452 801 1626 834 pravitatem,
1649 799 1703 833 igni
1715 799 1807 826 traditi

1006 854 1080 880 sunt,
1097 852 1123 874 et
1138 847 1244 881 quidem
1264 848 1319 882 igni
1343 846 1570 881 inexstinguibili,
1590 845 1718 880 gravibus
1735 846 1808 873 scili-

1008 899 1052 920 cet
1072 899 1099 921 ct
1111 893 1248 920 continuis
1262 893 1478 923 calamitatibus.
1496 892 1570 918 nullo
1587 891 1692 919 ferente
1709 899 1807 926 suppe-

1010 940 1070 966 tias.
1098 939 1124 966 Id
1154 940 1226 974 quod
1252 938 1330 966 nobis
1354 938 1526 973 perspicuum
1553 937 1632 969 facit,
1655 937 1806 972 inquiens:

1010 985 1041 1012 Et
1055 986 1107 1013 erit
1131 986 1261 1012 fortitudo
1283 993 1388 1017 eorum,
1407 989 1538 1018 tanquam
1559 984 1665 1011 culmus
1692 988 1805 1018 slttpptl’,

1010 1038 1038 1061 et
1052 1040 1145 1060 comm
1156 1039 1236 1066 opera
1247 1030 1452 1058 velutscintilla:
1468 1029 1552 1064 ignis.
1567 1029 1645 1063 Quod
1661 1032 1808 1063 sperabant

1010 1080 1061 1108 sibi
1076 1079 1134 1107 fore
1161 1078 1316 1112 praesidium
1333 1082 1360 1104 et
1388 1077 1602 1107 firmamentum,
1633 1077 1730 1111 inquit.
1755 1076 1809 1103 erit

1011 1131 1139 1160 tanquam
1165 1123 1291 1151 cumulus
1312 1127 1429 1157 stuppzr,
1451 1122 1477 1148 id
1492 1127 1543 1155 est,
1562 1122 1722 1148 alimentum
1738 1121 1808 1155 ignis

1010 1172 1135 1199 etl'omes
1165 1168 1300 1196 incendii:
1320 1174 1403 1203 atque
1414 1175 1496 1203 opera
1521 1175 1651 1194 manuum
1684 1175 1806 1198 suarum,

1011 1218 1087 1252 quasi
1104 1217 1175 1251 ignis
1189 1215 1314 1242 scintillae
1339 1214 1367 1241 in
1383 1214 1455 1248 ipsos
1466 1213 1607 1247 conijectae.
1637 1213 1809 1247 Quapropter

1013 1264 1097 1298 iniqui
1116 1263 1321 1293 comburentur,
1341 1266 1368 1287 et
1383 1265 1541 1295 peccatores
1562 1260 1674 1293 pariter.
1694 1258 1809 1293 ideoque

1012 1309 1237 1338 committendum
1255 1315 1307 1334 non
1324 1311 1376 1338 est,
1398 1306 1521 1333 utDeum
1542 1306 1656 1341 posthac
1686 1304 1809 1333 offenda-

1013 1363 1084 1387 mus,
1096 1362 1163 1382 cave
1181 1354 1356 1388 tlcsigncmus
1370 1351 1568 1386 imprudenter,
1585 1359 1644 1386 quae
1670 1359 1810 1387 propemo-

1013 1403 1076 1429 dum
1107 1401 1220 1428 invitum
1249 1400 1399 1426 accendent
1422 1400 1447 1426 in
1466 1405 1516 1425 nos
1546 1406 1618 1429 eum,
1648 1398 1692 1432 qui
1721 1402 1811 1432 potest

1013 1449 1115 1477 omnia.
1146 1448 1208 1474 llam
1221 1448 1321 1474 etenim
1352 1454 1434 1481 opera
1465 1451 1569 1478 nostra,
1596 1450 1620 1473 et
1641 1445 1710 1480 ignis
1730 1449 1811 1471 erunt

1014 1496 1103 1527 nobis,
1119 1500 1146 1522 ct
1161 1494 1309 1521 fomentum
1323 1494 1392 1528 ignis
1407 1502 1413 1520 ε
1432 1492 1660 1528 quemadmodum
1688 1491 1811 1525 profecto

1015 1547 1089 1570 recte
1104 1548 1135 1567 ac
1147 1540 1275 1575 praeclare
1297 1539 1378 1571 facta,
1396 1539 1514 1571 laudem,
1536 1538 1619 1565 vitam
1638 1542 1665 1565 et
1684 1537 1810 1572 gloriam,

977 1597 998 1626 ς,
1016 1593 1088 1616 recte
1101 1587 1254 1614 viventibus
1270 1585 1415 1613 conciliare
1428 1585 1561 1612 ridemus.

1292 1643 1347 1679 34
1364 1642 1494 1670 ORATIO
1508 1641 1540 1669 ll.

1050 1711 1114 1739 CAP.
1135 1711 1165 1738 Il.
1185 1710 1267 1738 Vens.
1294 1711 1320 1736 ‘1.
1353 1709 1464 1736 Verbum
1487 1718 1502 1736 α
1521 1709 1633 1736 Domino
1657 1709 1756 1743 fartum
1778 1709 1813 1735 ad

1016 1757 1128 1789 Isaiam,
1142 1757 1226 1791 ﬁlium
1248 1757 1338 1788 Amos,
1361 1757 1391 1782 de
1404 1755 1501 1782 Jurlwu
1516 1760 1539 1782 et
1553 1756 1585 1782 (le
1595 1755 1756 1782 Jerusalem.

1052 1859 1160 1887 Similia
1181 1858 1371 1893 superioribus
1385 1862 1449 1885 sunt
1464 1857 1522 1884 lucc
1536 1865 1596 1892 quae
1613 1865 1812 1892 proponuntur,

1014 1910 1041 1934 et
1055 1906 1112 1941 pari
1131 1904 1333 1940 quodammodo
1345 1903 1542 1930 sententiarum
1558 1909 1652 1930 tenore
1662 1903 1811 1937 procedere

1015 1953 1130 1985 videbit,
1163 1951 1287 1986 quisquis
1322 1951 1355 1978 ad
1384 1951 1453 1977 hanc
1481 1958 1536 1977 rem
1565 1950 1767 1984 intelligendam
1787 1954 1815 1977 cl.

1014 1999 1241 2026 considerandam
1266 1997 1403 2031 paululum
1434 1997 1515 2024 modo
1529 1996 1649 2023 animum
1680 2000 1814 2022 utentem-

1014 2053 1067 2080 que
1098 2044 1236 2072 adhibeat.
1252 2043 1336 2070 Facta
1353 2047 1418 2069 sunt
1431 2042 1502 2069 enim
1534 2041 1598 2068 olim
1619 2048 1633 2068 a
1657 2041 1712 2068 Deo
1728 2041 1813 2067 verba

1014 2092 1046 2118 ad
1064 2091 1183 2118 divinum
1214 2089 1372 2125 prophetatn
1389 2089 1423 2116 de
1442 2087 1533 2115 Judaaa
1551 2092 1578 2115 et
1592 2088 1625 2115 de
1649 2086 1812 2114 Jerusalem.

1015 2139 1128 2164 Videtur
1160 2142 1251 2164 autent
1274 2137 1390 2163 mediam
1422 2136 1568 2170 quamdam
1586 2142 1636 2161 nec
1668 2134 1812 2160 admodum

1015 2182 1161 2210 dilucidam
1200 2182 1314 2209 visionis
1360 2181 1571 2215 explicationem
1602 2179 1702 2206 habere
1741 2179 1813 2213 quod

1015 2231 1121 2257 dicatur
1148 2230 1181 2256 (ie
1205 2228 1297 2256 Judaca
1338 2234 1365 2255 et
1388 2229 1421 2255 de
1455 2227 1618 2255 Jerusalem.
1647 2226 1701 2253 Nos
1735 2234 1812 2259 vero,

152 2283 238 2310 οἱονεί
257 2291 319 2314 πως
328 2282 359 2309 ὲν
372 2281 470 2318 βραχεί
484 2281 694 2315 συνενεγκόντες
709 2281 748 2312 εἰς
762 2280 834 2306 νοῦν.
851 2279 958 2315 Ἐπειδὴ

1016 2277 1103 2312 quoad
1119 2277 1175 2310 ejus
1191 2276 1246 2302 tieri
1268 2280 1366 2310 potest,
1388 2275 1474 2310 ipsam
1492 2275 1605 2301 visionis
1620 2273 1673 2300 vim
1691 2274 1810 2300 breviter

152 2331 210 2366 γὰρ
220 2329 275 2364 τῆς
293 2328 345 2364 μὲν
359 2328 494 2363 αισθητῆς
509 2327 639 2358 Ἰουδαίας
656 2328 703 2353 καὶ
719 2328 768 2362 τῆς
784 2326 961 2362 Ἰερουσαλὴμ

152 2376 204 2411 τὴν
216 2373 323 2410 δῂωσιν
336 2374 465 2410 πειρᾶται
490 2373 592 2408 λέγειν,
610 2373 660 2408 τῆς
675 2381 706 2407 γε
727 2373 780 2408 μὴν
795 2373 825 2399 ὲν
850 2373 961 2408 Χριστῷ

153 2422 203 2448 καὶ
219 2420 326 2456 νοητῆς
339 2419 389 2456 τὴν
401 2418 605 2452 ἁνάδειξιν,καὶ
620 2420 670 2454 τὴν
683 2421 712 2446 ὲν
725 2419 792 2454 τῷδε
807 2419 846 2454 τῷ
865 2420 962 2454 κόσμῳ

153 2467 315 2503 φανέρωτιν
326 2474 333 2480 ·
353 2465 458 2501 ταύτης
483 2465 566 2493 ἕνεκα
580 2466 629 2500 τῆς
648 2465 757 2497 αἰτίας,
773 2465 822 2499 οὺχ
838 2465 908 2499 ὑπέρ
930 2473 960 2498 γε

153 2513 204 2548 τῆς
227 2511 375 2544 Ἰουδαίας,
389 2511 452 2539 οὒτε
471 2511 526 2548 μὴν
548 2511 619 2539 κατὰ
633 2511 683 2546 τῆς
705 2510 894 2546 Ἰερουσαλὴμ,
913 2511 962 2538 ἀλ-

153 2558 189 2586 λὰ
199 2559 269 2594 περὶ
280 2559 332 2593 τῆς
349 2557 489 2589 Ἰουδαίας.
504 2558 552 2585 καὶ
571 2558 636 2593 περὶ
652 2556 702 2591 τῆς
721 2556 900 2592 Ἰερουσαλὴμ
918 2566 963 2583 τε-

155 2604 275 2632 θεᾶσθαί
299 2613 368 2640 φησι
391 2605 442 2639 τὴν
466 2605 572 2640 ὅρασιν.
593 2603 732 2639 Αῑσθητὴν
752 2603 781 2630 δέ
805 2612 895 2639 φαμεν
911 2604 961 2639 τὴν

161 2651 307 2684 Ἰουδαίαν,
322 2651 371 2678 καὶ
399 2651 492 2687 μέντοι
516 2651 564 2678 καὶ
593 2650 783 2686 Ἰερουσαλὴμ,
806 2649 891 2685 αὐτὴν
914 2650 963 2684 μὲν

154 2698 205 2732 τὴν
219 2696 317 2733 χώραν
343 2698 373 2724 ὲν
428 2697 592 2733 κατῴκηκεν
608 2697 622 2723 ὁ
641 2696 765 2733 Ἰσραὴλ,
788 2696 836 2723 καὶ
853 2696 919 2723 αὐτὸ
933 2695 963 2722 τὸ

156 2744 290 2779 σύπημα
305 2743 358 2778 τῆς
377 2743 515 2770 Ἰουδαίων
531 2744 706 2779 συναγωγῆς.
720 2743 829 2779 Νοητὴν
840 2742 868 2769 δὲ
881 2742 963 2769 πάλιν

160 2789 358 2826 Ἰερουσαλὴμ,
369 2790 456 2825 ἧγουν
472 2789 614 2821 Ἰουδαίαν,
643 2790 693 2825 τὴν
714 2789 881 2824 Ἐκκλησίαν
894 2787 963 2815 εἶναι

156 2836 321 2872 νομιοῦμεν,
339 2836 400 2871 ἦτοι
415 2835 467 2872 τὴν
482 2836 511 2862 ὲν
532 2835 669 2871 πνεύματι
698 2835 866 2871 περιτομὴν,
889 2834 962 2861 τοῦτ’

157 2883 226 2917 ἐστι,
246 2883 313 2915 τοὺς
325 2883 355 2910 ἐν
372 2882 484 2918 Χριστῷ
504 2882 554 2917 τὴν
579 2882 788 2918 ἀχειροποίητον
812 2881 964 2916 περιτομὴν

159 2930 199 2964 εἰς
214 2929 282 2958 νοῦν
292 2930 406 2965 ἔχοντας
432 2930 480 2957 καὶ
496 2929 622 2965 καρδίαν.
651 2929 707 2956 Καὶ
727 2927 793 2963 γοῦν
826 2928 964 2960 Ἰουδαίοις

1012 2324 1104 2351 animo
1149 2323 1376 2357 comprehensam
1418 2321 1626 2356 explicabimus.
1676 2320 1811 2353 QuOniam

1012 2371 1084 2397 enim
1109 2370 1246 2397 sensibilis
1274 2368 1376 2396 Judrem
1404 2372 1431 2395 et
1452 2366 1604 2396 Jerusalem
1629 2367 1812 2394 vastationem

1013 2416 1104 2443 dicere
1116 2420 1241 2447 conatur,
1257 2415 1316 2450 ejus
1332 2423 1392 2450 qum
1404 2415 1429 2441 in
1446 2414 1557 2441 Christo
1586 2417 1669 2440 estet
1683 2413 1813 2448 intelligi-

1012 2463 1076 2491 bilis
1103 2463 1364 2490 demonstrationem
1398 2466 1425 2489 et
1460 2461 1672 2495 patefactionem
1700 2460 1728 2487 in
1761 2460 1813 2487 hoc

1013 2510 1132 2537 mundo:
1151 2510 1202 2536 hac
1211 2509 1243 2536 de
1255 2516 1348 2541 causa,
1367 2515 1420 2535 non
1433 2515 1515 2542 super
1528 2507 1631 2540 Iudaea,
1650 2513 1701 2534 nec
1718 2511 1813 2534 contra

1013 2555 1175 2587 Jerusalem.
1188 2556 1235 2582 sed
1245 2555 1277 2582 de
1295 2554 1399 2586 Judaea,
1417 2558 1444 2581 et
1456 2554 1488 2580 de
1500 2552 1653 2580 Jerusalem
1666 2560 1696 2580 se
1709 2552 1813 2580 vidisse

1014 2603 1080 2630 dicit
1098 2602 1241 2629 visionem.
1254 2601 1420 2629 Sensihilem
1449 2608 1514 2628 vero
1527 2600 1649 2628 .ludmam
1664 2604 1691 2628 et
1702 2599 1812 2628 Jerusa-

1015 2649 1067 2676 lem
1095 2648 1222 2681 dicimus,
1252 2649 1390 2683 regionem
1417 2648 1501 2682 ipsam
1531 2648 1556 2675 in
1593 2655 1647 2682 qua
1680 2647 1814 2674 habitavit

1015 2696 1110 2728 Israel,
1141 2700 1168 2722 ct
1193 2696 1279 2730 ipsum
1315 2695 1435 2721 Judaica:
1467 2694 1617 2730 Syuagogtc
1641 2701 1810 2722 consessum.

1014 2741 1214 2777 Intelligibilcm
1239 2748 1334 2768 rursus
1358 2740 1509 2768 Jerusalem
1532 2740 1589 2768 sive
1612 2739 1813 2771 Judteam,sta-

1016 2794 1124 2817 luemus
1139 2796 1199 2816 esse
1217 2788 1382 2821 Ecclesium,
1394 2795 1441 2816 seu
1460 2795 1520 2814 eam
1534 2794 1594 2821 qure
1618 2786 1643 2812 in
1658 2785 1756 2820 spiritu
1768 2790 1812 2813 est

1016 2836 1263 2868 circumcisionem,
1288 2835 1314 2862 id
1334 2839 1386 2867 est,
1403 2842 1451 2862 eos
1473 2834 1517 2869 qui
1551 2834 1578 2860 in
1612 2832 1723 2860 Christo
1755 2840 1811 2860 non

1017 2883 1143 2911 manibus
1159 2882 1270 2914 factam,
1285 2882 1332 2909 sed
1345 2881 1426 2908 animi
1454 2888 1486 2907 ac
1509 2880 1600 2907 cordis
1625 2879 1813 2907 circumcisio-

1017 2936 1078 2956 nem
1107 2928 1217 2957 habent.
1242 2927 1348 2963 Quippe
1376 2926 1485 2963 Judaeis
1511 2926 1639 2954 clamavit
1663 2933 1679 2955 e
1709 2924 1813 2955 sanctis
