4100 6540
478 441 546 499 67
1509 434 1569 490 S.
1607 432 1886 489 CYlllLLl
1927 426 2397 487 ALEXANDRINI
2437 429 2753 486 ARCHIEP.
3682 431 3751 488 68

489 562 770 632 prophetis
798 575 972 617 unus:
1007 554 1483 616 Circumcidamini
1515 555 1642 618 Deo,
1670 562 1726 608 et
1776 549 2056 608 circumci-

2165 550 2486 622 ἐπεφώνησέ
2534 569 2618 616 τις
2654 551 2762 604 τῶν
2802 549 2972 620 άγίων
3006 550 3330 623 προφητῶνο
3363 550 3751 623 Περιτμήθητε

484 654 624 707 dctis
651 653 830 707 cordis
846 651 1011 707 vestri
1035 649 1480 712 obstinationem,
1499 646 1600 700 viri
1623 642 1792 699 Judaei
1821 649 1876 698 et
1907 641 2062 696 habi-

481 753 660 797 tantes
713 741 1029 798 Jerusalem.
1055 739 1285 810 Agnovit
1313 738 1472 793 etiam
1514 737 1576 791 D.
1596 734 1795 789 Paulus
1819 732 2062 787 Judamm

487 836 739 895 alterum,
823 847 929 886 non
995 846 1060 885 ex
1111 844 1298 895 carne,
1350 829 1445 883 sed
1515 829 1694 897 potius
1744 826 1797 880 in
1845 825 2059 894 spiritu.

484 924 578 978 Sic
625 925 766 978 enim
815 924 1008 978 scribit
1043 941 1057 976 :
1092 941 1112 975 ι
1151 920 1269 976 Non
1331 919 1473 974 enim
1526 917 1618 989 qui
1673 918 1726 971 in
1779 916 2063 971 manifesto

483 1014 702 1070 Judaeus
763 1025 868 1080 est,
902 1031 1080 1085 neque
1129 1028 1250 1083 quae
1314 1013 1366 1067 in
1420 1010 1727 1076 manifesto,
1759 1013 1812 1064 in
1874 1023 2061 1072 carne,

481 1107 828 1161 circumcisio
869 1114 987 1160 est:
1031 1106 1124 1160 sed
1164 1104 1254 1172 qui
1287 1105 1339 1158 in
1368 1102 1580 1157 occulto
1609 1099 1826 1155 Iudaeus
1860 1108 1960 1164 est,
2008 1108 2064 1154 et

482 1195 829 1250 circumcisio
895 1194 1074 1249 cordis
1149 1194 1204 1247 in
1259 1191 1487 1262 spiritu,
1553 1207 1655 1246 non
1710 1191 1763 1246 in
1827 1190 2059 1245 littera:

485 1285 637 1353 cujus
673 1286 791 1339 laus
825 1301 929 1339 non
980 1298 1048 1339 ex
1083 1284 1409 1348 hominibus,
1449 1283 1543 1338 sed
1581 1297 1648 1337 ex
1693 1283 1802 1336 Deo
1827 1280 1997 1335 est”.
2036 1297 2056 1331 ι

482 1377 779 1446 Diligenter
835 1376 1017 1444 itaque
1059 1375 1451 1429 observandum
1513 1382 1615 1438 est,
1661 1375 1878 1441 quando
1931 1385 2060 1440 pro-

480 1468 643 1535 pheta
707 1473 897 1520 contra
963 1463 1271 1519 sensibilem
1314 1461 1634 1525 Jerusalem,
1683 1461 1767 1516 vel
1820 1460 2060 1515 Judream

485 1559 648 1610 verba
701 1554 865 1622 facit;
915 1554 1126 1622 quando
1180 1553 1305 1606 item
1357 1555 1423 1606 de
1471 1567 1534 1606 ea
1585 1566 1706 1619 quae
1752 1552 1804 1604 in
1845 1549 2061 1605 Christo

484 1653 570 1699 est
633 1652 688 1698 et
747 1642 1088 1712 intelligibili,
1151 1655 1270 1708 quae
1303 1641 1464 1694 etiam
1501 1639 1608 1710 35
1643 1654 1769 1694 vere
1819 1639 2060 1707 perfecta

482 1743 649 1790 estet
711 1733 1047 1786 iutaminata.
1079 1731 1197 1786 Jam
1255 1745 1386 1785 vero
1450 1732 1581 1800 quid
1615 1730 1783 1785 dicit?

554 1827 717 1881 Vens.
751 1825 807 1889 2,
861 1826 913 1880 5.
981 1824 1119 1888 Quia
1142 1823 1237 1877 erit
1271 1824 1324 1875 in
1364 1823 1656 1876 novissimis
1684 1821 1867 1875 diebus
1889 1818 2060 1872 mani-

2169 643 2248 713 τῷ
2280 643 2421 714 Θεῷ,
2451 645 2544 697 καὶ
2567 643 2948 714 περιτεμεῑσθε
2977 642 3076 714 τὴν
3108 643 3544 716 σκληροκαρδίαν
3569 645 3600 713 ἠ
3611 642 3748 714 μῶν,

2170 734 2363 805 ἄνδρες
2391 736 2656 799 Ἰουδαῖοι,
2704 735 2798 787 καὶ
2855 735 2904 786 oi
2955 733 3337 800 κατοικοῦντες
3369 735 3749 807 Ἰερουσαλήμ.

2171 823 2327 880 Οἶδεν
2366 826 2422 878 δέ
2449 828 2476 879 6
2502 825 2786 889 Θεσπέσιος
2819 824 3031 889 Παῦλος
3051 825 3305 879 Ἰουδαῖον
3332 826 3539 898 ἕτερον,
3573 824 3634 878 οὑ
3659 825 3751 879 τὸν

2170 915 2313 969 κατὰ
2339 916 2519 988 σάρκα
2551 916 2773 987 μᾶλλον,
2828 915 2966 969 ἀλλὰ
2997 915 3088 968 τὸν
3121 918 3178 970 ἐν
3211 917 3504 988 πνεύματι.
3541 917 3752 987 Γράφει

2169 1007 2278 1078 γὰρ
2305 1006 2506 1071 οὕτως·
2531 1027 2560 1065 ι
2588 1009 2659 1061 Οὺ
2691 1007 2799 1079 γὰρ
2825 1009 2852 1060 6
2875 1008 2932 1060 ἐν
2957 1006 3034 1078 τῷ
3061 1008 3279 1080 φανερῷ
3303 1008 3554 1070 Ἰουδαῖός
3577 1010 3748 1070 ἐστιν,

2169 1099 2292 1150 οὐδὲ.
2324 1099 2358 1168 ἡ
2389 1099 2448 1152 ἐν
2477 1097 2554 1169 τῷ
2601 1099 2823 1170 φανερῷ
2877 1099 2935 1152 ἐν
2976 1099 3139 1170 σαρκὶ
3173 1098 3466 1170 περιτομὴ,
3499 1098 3614 1152 ἀλλ’
3641 1099 3670 1150 6
3693 1099 3752 1150 ἐν

2168 1187 2247 1259 τῷ
2269 1189 2498 1262 κρυπτῷ
2559 1189 2831 1255 Ἰουδαῖος,
2887 1191 2984 1244 καὶ
3044 1191 3317 1263 περιτομὴ
3381 1191 3628 1261 καρδίας,
3689 1190 3750 1244 ἐν

2170 1281 2459 1350 πνεύματι,
2483 1281 2543 1334 οὐ
2572 1281 2880 1351 γράμματι,
2913 1273 2974 1335 οῦ
3017 1283 3044 1334 6
3085 1281 3302 1345 ἔπαινος
3324 1282 3425 1335 οὐκ
3454 1283 3512 1348 ἐξ
3534 1280 3748 1352 ἀνθρώ-

2169 1389 2307 1434 πων,
2329 1370 2444 1424 ἀλλ’
2462 1373 2527 1424 ἐκ
2552 1371 2645 1423 τοῦ
2671 1371 2828 1425 Θεοῦ.
2843 1391 2860 1422 ι
2883 1371 3004 1443 Χρὴ
3024 1371 3313 1443 τοιγαροῦν
3334 1371 3608 1441 νηφαλίως
3630 1373 3749 1424 ἐπι-

2166 1465 2376 1534 τηρεῖν,
2398 1462 2604 1532 πηνίκα
2641 1463 2787 1532 μὲνὸ
2817 1464 3102 1534 προφήτης
3140 1466 3284 1516 κατὰ
3333 1463 3433 1532 τῆς
3479 1461 3748 1531 Ἰερουσαο

2166 1555 2299 1625 λὴμ,
2338 1556 2506 1626 ἤγουν
2567 1554 2864 1620 Ἰουδαίας,
2915 1557 3150 1607 ποιεῖται
3196 1553 3408 1622 λόγους,
3455 1553 3659 1622 πηνίκα
3689 1551 3745 1605 δὲ

2167 1649 2296 1718 περὶ
2323 1648 2423 1717 τῆς
2454 1649 2511 1701 ἐν
2543 1648 2763 1718 Χριστῷ
2787 1649 2882 1702 καὶ
2915 1649 3131 1719 νοητῆς,
3171 1648 3205 1719 ἢ
3235 1648 3330 1701 καὶ
3378 1647 3594 1719 άληθῶς
3629 1647 3745 1699 ἐστι

2167 1737 2346 1790 τελεία
2381 1741 2474 1790 καὶ
2502 1737 2751 1807 ἄμωμος.
2787 1739 2854 1790 Τί
2881 1738 3060 1808 τ-οίνυν
3091 1737 3285 1808 φησίν;

2240 1825 2370 1878 Ὅτι
2416 1801 2587 1880 ἔσται
2615 1801 2685 1878 ἐν
2712 1825 2837 1890 ταῖς
2871 1801 3163 1894 ὲίτχάταιςί
3186 1801 3434 1894 ’ἡμέραις
3481 1821 3746 1894 ἐμφανὲς

480 1918 643 1987 [estus
690 1933 838 1970 mons
884 1915 1118 1978 Domini,
1179 1923 1227 1967 et
1281 1913 1467 1967 domus
1515 1912 1608 1966 Dei
1653 1914 1710 1966 in
1780 1910 2054 1965 verticibus

2160 1914 2222 1970 τὸ
2255 1915 2391 1984 ὅρος
2427 1917 2671 1984 Κυρίου,
2703 1918 2800 1970 καί
2830 1920 2863 1971 ὁ
2889 1913 3054 1983 οἶκος
3086 1916 3192 1970 τοῦ
3235 1915 3383 1970 Θεοῦ
3413 1915 3506 1970 ἐπ’
3537 1914 3746 1982 ἄκρων

478 2011 756 2072 montium,
785 2018 831 2060 et
859 2007 1136 2060 extolletur
1184 2022 1345 2073 supra
1407 2004 1587 2068 colles,
1641 2010 1692 2056 et
1742 2003 1941 2056 venient
1986 2002 2054 2054 ad

480 2099 632 2153 illum
666 2113 842 2150 omnes
868 2105 1064 2166 gentes.
1102 2093 1343 2158 Et,ibunt
1380 2105 1552 2163 gentes
1577 2091 1759 2144 multtr
1786 2098 1834 2144 et
1860 2092 2055 2142 dicent:

486 2190 693 2255 Venite,
718 2189 1064 2243 ascendamus
1085 2189 1137 2240 in
1165 2197 1386 2240 montem
1416 2184 1652 2246 Domini,
1683 2190 1731 2236 et
1757 2182 1811 2235 in
1843 2183 2056 2234 domum

481 2283 578 2336 Dei
643 2280 828 2348 Iacob,
876 2287 925 2332 et
983 2277 1314 2332 annuntiabit
1377 2276 1522 2329 nobis
1589 2275 1727 2328 uiam
1773 2288 1943 2338 suam,
2004 2283 2053 2328 et

479 2371 859 2426 ambulabimus
898 2372 951 2423 in
977 2385 1060 2423 ea.
1115 2366 1199 2421 Ea:
1234 2366 1362 2422 Sion
1390 2367 1526 2420 enim
1593 2365 1889 2434 egredietur
1946 2366 2050 2429 (ex,

478 2474 529 2520 et
570 2464 780 2520 verbum
820 2462 1034 2516 Domini
1071 2461 1134 2514 de
1162 2457 1478 2515 Jerusalem.

546 2617 858 2673 Terminata
880 2614 1240 2685 estsiquidem
1267 2622 1322 2670 et
1341 2613 1584 2669 absoluta
1598 2613 1734 2669 visio
1759 2613 2052 2683 prophetae.

477 2710 547 2766 Et
573 2707 928 2780 pracedentis
975 2706 1342 2777 praedictionis
1383 2706 1574 2760 ultima
1604 2705 1845 2760 clausula
1913 2714 2052 2759 erat.

477 2804 822 2872 Quapropter
859 2801 1066 2870 pudore
1114 2797 1426 2854 afﬁcientur
1474 2813 1637 2868 super
1696 2797 1874 2865 idolis,
1934 2811 2056 2866 quae

477 2894 582 2963 ipsi
633 2892 962 2946 voluerunt:
1002 2899 1058 2945 et
1087 2890 1420 2945 erubuerunt
1455 2904 1618 2959 super
1671 2889 1844 2944 hortis
1914 2889 2051 2953 suis,

477 2999 612 3053 quos
625 2983 1024 3053 appetiverunt.
1043 2980 1502 3048 Quemadmodum
1519 2995 1646 3035 vero
1661 2981 1864 3050 pudore
1877 2978 2055 3035 allecti

477 3073 680 3131 fuerint
750 3073 1005 3128 Israelita:
1053 3074 1106 3128 in
1152 3071 1308 3127 idolis
1349 3071 1485 3137 suis,
1534 3073 1745 3128 abunde
1798 3073 2056 3132 diximus.

476 3161 611 3218 Cum
667 3172 844 3218 autem
885 3163 1183 3233 prophetiae
1209 3163 1275 3218 de
1316 3161 1420 3216 illis
1466 3162 1669 3216 mentio
1737 3160 1884 3216 facta
1951 3164 2041 3229 sit,

2157 2001 2277 2056 τῶν
2321 2002 2524 2070 ὀρέων.
2560 2003 2669 2057 Καὶ
2698 2004 3084 2074 ὑψωθήσεται
3115 2004 3390 2072 ὑπεράνω
3434 2002 3554 2056 τῶν
3591 2005 3749 2067 ,ϐου-

2157 2092 2299 2156 νῶν,
2334 2091 2433 2144 καί
2469 2091 2731 2160 ἥξουσιν
2773 2094 2866 2146 ἐπ’
2903 2096 3048 2148 αὐτὸ
3081 2093 3283 2147 πάντα
3315 2092 3388 2146 τὰ
3417 2093 3583 2161 ἔθνη.
3632 2092 3744 2146 Καὶ

2156 2184 2558 2251 πορεύσονται
2581 2184 2724 2253 ἔθνη
2747 2185 2968 2250 πολλὰ,
2987 2183 3083 2238 καί
3109 2183 3356 2253 ἐροῦσιν
3372 2200 3386 2214 ·
3409 2183 3586 2237 Δεῦτε
3600 2183 3744 2238 ἀνα-

2157 2271 2349 2342 δῶμεν
2369 2277 2453 2339 είς
2473 2273 2536 2327 τὸ
2559 2274 2697 2342 ὄρος
2715 2274 2822 2328 τοῦ
2838 2275 3078 2343 Κυρίου,
3099 2275 3195 2329 καί
3212 2276 3300 2340 είς
3317 2274 3423 2327 τὸν
3445 2270 3614 2328 οἷκον
3633 2274 3740 2329 τοῦ

2159 2364 2306 2418 Θεοῦ
2337 2365 2560 2425 Ἰακὼϐ,
2586 2364 2684 2418 καί
2726 2365 3048 2435 ἀναγγελεῖ
3065 2365 3210 2435 ἡμῖν
3227 2366 3341 2436 τὴν
3361 2367 3506 2421 ὁδὸν
3531 2368 3738 2434 αὑτοῦ,

2156 2457 2255 2510 καί
2296 2457 2710 2526 πορευσόμεθα
2742 2457 2812 2510 ἐν
2837 2455 3014 2526 αὐτῇ.
3053 2459 3154 2512 Ἐκ
3178 2458 3288 2527 τὰρ
3319 2459 3472 2512 Σιὼν
3499 2459 3742 2523 ἐξελεύ-

2157 2561 2328 2599 σεται
2369 2546 2574 2614 νόμος,
2610 2545 2710 2599 καὶ
2741 2545 2921 2616 λόγος
2958 2548 3179 2616 Κυρίου
3207 2547 3277 2612 ἐξ
3321 2547 3736 2618 Ἰερουσαλήμ.

2227 2635 2509 2705 Κατέληξε
2563 2637 2660 2706 μὲν
2706 2637 2875 2708 γὰρὴ
2916 2638 3106 2710 ὅρασις
3136 2637 3305 2706 αὐτῷ.
3353 2639 3466 2692 Kal.
3509 2639 3607 2711 τῆς
3638 2640 3740 2710 ἤδη

2159 2725 2446 2798 φθασάσης
2480 2729 2935 2798 προαγορεύσεως
2960 2728 3023 2780 τὸ
3062 2729 3213 2793 τέλος
3241 2725 3331 2800 ἦν.
3377 2731 3519 2784 Διότι
3549 2749 3740 2785 καται-

2161 2818 2584 2889 σχυνθήσονται“
2617 2819 2711 2872 ἐπὶ
2772 2821 2887 2882 τοῖς
2947 2818 3187 2884 εἰδώλοις
3242 2821 3422 2874 αὐτῶν
3482 2822 3518 2876 ἃ
3585 2823 3743 2877 αὐτοὶ

2159 2909 2476 2979 ἠϐούλοντο,
2518 2911 2612 2963 καὶ
2656 2909 3074 2982 ἐπῃσχύνθησαν
3103 2911 3195 2964 ἐπὶ
3240 2915 3354 2976 τοῖς
3398 2914 3598 2984 κήποις
3630 2915 3744 2968 αὑ-

2157 2999 2287 3066 τῶν,
2339 2993 2415 3053 ὧν
2461 2999 2615 3052 αὐτοὶ
2658 2999 3032 3070 ἐπεθύμησαν.
3085 3001 3198 3054 Kal
3233 3001 3354 3054 τίνα
3405 3004 3501 3072 μὲν
3543 3003 3741 3073 τρόπον

2157 3090 2614 3162 κατῃσχύνθησαν
2657 3091 2707 3142 oi
2756 3090 2815 3154 ἐξ
2859 3089 3075 3162 Ἰσραὴλ
3107 3091 3199 3143 ἐπὶ
3230 3094 3343 3155 τοῖς
3375 3092 3609 3155 εἰδώλοις
3643 3093 3740 3146 αῦ-

2157 3185 2288 3248 τῶν,
2321 3182 2560 3254 διαρκῶς
2605 3183 2926 3254 εἰρήκαμεν.
2958 3183 3172 3255 Ἐπειδὴ
3217 3183 3274 3237 δὲ
3310 3186 3498 3256 μνήμη
3548 3184 3742 3254 γέγονε

480 3253 744 3322 incipiens
794 3253 1053 3322 propheta
1108 3253 1342 3307 vicinam
1391 3253 1583 3307 ordine
1619 3260 1674 3307 et
1741 3253 2039 3308 secundam

2160 3277 2257 3348 τῆς
2275 3239 2378 3327 ’ἐπ’
2410 3239 2594 3338 αὑτοίς
2643 3239 3010 3346 προφητείας,
3046 3239 3348 3347 ἀρχόμενος
3375 3239 3744 3348 δ”σὲρέφῆτης

477 3343 763 3411 visionem,
814 3353 1026 3414 tempus
1080 3343 1349 3414 designat,
1405 3357 1532 3413 quo,
1587 3357 1692 3398 non
1748 3343 1800 3398 in
1874 3343 2054 3413 aliqua

477 3445 632 3507 parte
671 3437 822 3492 orbis
845 3445 1134 3502 terrarum,
1187 3452 1296 3492 non
1345 3437 1397 3491 in
1431 3451 1533 3491 una
1590 3437 1814 3508 regione
1878 3431 1934 3492 et
1979 3437 2060 3491 ci-

477 3529 668 3594 vitate,
751 3529 947 3584 diaboli
1055 3529 1337 3596 imperium
1417 3529 1683 3595 concidet,
1743 3529 1797 3582 in
1876 3535 2046 3583 totum

477 3620 676 3675 evulso
722 3620 865 3673 cultu
926 3629 981 3673 et
1021 3620 1250 3688 profano
1294 3629 1554 3689 apparatu
1603 3619 1867 3675 idolorum
1915 3617 2057 3673 :sed

476 3727 544 3767 ex
583 3713 734 3766 omni
781 3711 899 3766 loco
951 3713 1051 3766 sub
1077 3711 1213 3766 coelo
1237 3710 1326 3766 ille
1379 3711 1598 3766 morbus
1642 3721 1697 3765 et
1751 3711 2057 3765 immundo-

480 3820 600 3858 rum
641 3805 942 3858 daemonum
1011 3803 1262 3874 tyrannis
1313 3803 1700 3859 eliminabitur.
1744 3803 2052 3859 Perfectum

479 3893 620 3948 istud
673 3905 803 3946 vero
855 3900 939 3946 est
982 3891 1298 3946 mortalibus
1391 3893 1443 3948 in
1477 3877 1757 3947 extremis
1824 3892 2054 3954 diebus,

478 3982 532 4039 id
574 3991 660 4039 est
707 3982 912 4037 ultimis
973 3983 1132 4051 hujus
1198 3983 1379 4039 sazculi
1435 3985 1789 4053 temporibus,
1860 3985 2058 4052 quibus

476 4072 816 4139 unigenitum
867 4072 959 4126 Dei
1002 4070 1238 4126 Verbum
1283 4072 1483 4128 factum
1533 4087 1686 4137 caro,
1744 4081 1928 4127 uatum
1988 4088 2056 4128 ex

478 4163 728 4227 muliere,
761 4164 1041 4233 apparuit:
1084 4178 1206 4218 cum
1241 4164 1632 4234 intelligibilem
1676 4162 1920 4219 Judmam
1969 4165 2055 4219 vel

474 4255 802 4322 Jerusalem,
862 4257 963 4310 hoc
1017 4265 1102 4310 est
1145 4256 1478 4322 Ecclesium,
1534 4255 1634 4310 sibi
1684 4257 1798 4326 ipse
1854 4273 2056 4328 repraz-

476 4353 716 4402 sentaret
742 4359 806 4399 ac
855 4345 1094 4408 sisteret,
1138 4345 1401 4415 virginem
1451 4352 1676 4413 castam,
1709 4361 1816 4401 non
1859 4363 2047 4417 rugam

476 4447 571 4491 aut
637 4436 903 4506 ejusmodi
974 4435 1250 4506 quidpiam
1338 4437 1651 4501 habentem,
1712 4439 1809 4493 sed
1875 4440 2056 4508 potius

2159 3367 2402 3436 γείτονος
2458 3365 2656 3437 ἐφεξῆς
2715 3365 2808 3419 xal.
2863 3365 3123 3436 δευτέρας
3167 3367 3444 3437 ὁράσεως,
3499 3383 3741 3438 καταση·

2161 3459 2338 3529 μαίνει
2385 3457 2476 3511 τὸν
2523 3458 2735 3528 χρόνον,
2787 3455 2908 3509 καθ’
2948 3455 3007 3509 ὃν
3052 3455 3153 3509 οὐκ
3201 3457 3282 3518 είς
3323 3456 3488 3527 μέρος
3538 3474 3591 3510 τι
3640 3456 3742 3528 τῆς

2157 3552 2293 3622 γῆς.
2339 3551 2459 3604 οὐδὲ
2503 3552 2561 3605 ὲν
2613 3551 2712 3621 μιᾷ
2758 3549 2912 3620 χώρᾳ
2941 3566 3000 3603 τε
3051 3549 3146 3604 καὶ
3203 3549 3357 3602 πόλει
3383 3549 3445 3602 τὸ
3482 3549 3575 3602 τοῦ
3621 3549 3738 3603 δια-

2158 3641 2316 3695 ϐόλου
2390 3643 2638 3694 πεσεῖται
2706 3641 2944 3710 κράτος,
3008 3639 3398 3710 καθῃρημένης
3459 3641 3540 3703 εἰς
3595 3639 3742 3694 ἅπαν

2156 3728 2257 3798 τῆς
2284 3727 2392 3780 τῶν
2421 3725 2656 3780 εἰδώλων
2681 3726 2937 3798 λατρείας
2985 3728 3078 3780 καὶ
3109 3727 3337 3798 βεϐήλου
3370 3729 3735 3800 κατασκευῆς,

2156 3819 2270 3871 ἀλλ’
2319 3818 2378 3884 ἐξ
2428 3818 2646 3887 ἁπάσης
2697 3817 3035 3888 ληφθήσεται
3089 3821 3190 3890 τῆς
3255 3818 3347 3872 ὑπ’
3405 3820 3635 3890 οὐρανὸν
3703 3823 3738 3892 ἡ

2155 3909 2332 3963 τοιάδε
2376 3909 2557 3972 νόσος,
2605 3908 2699 3961 καὶ
2735 3910 2846 3961 τῶν
2876 3910 3201 3980 ἀκαθάρτων
3231 3910 3522 3980 δαιμονίων
3569 3913 3602 3982 ἡ
3645 3929 3741 3964 τυ-

2160 4000 2363 4067 ραννίς.
2395 3999 2769 4070 Κατώρθωται
2803 4001 2859 4053 δέ
2892 4001 2986 4054 καὶ
3026 4001 3186 4054 τοῦτο
3217 4003 3331 4066 τοῖς
3375 4003 3470 4056 ἐπὶ
3511 4003 3610 4073 τῆς
3635 4004 3741 4074 γῆς

2158 4095 2216 4144 ἐν
2242 4091 2497 4162 ἐσχάταις
2535 4089 2791 4161 ἡμέραις,
2822 4089 2966 4144 τοῦτ’
2995 4089 3164 4155 ἐστιν,
3193 4092 3251 4143 ἐν
3284 4091 3614 4155 τελευταίοις
3643 4093 3738 4144 τοῦ

2158 4183 2424 4254 παρόντος
2471 4181 2662 4244 αἰῶνος
2693 4184 2924 4252 καιροῖς,
2958 4180 3082 4236 καθ’
3115 4181 3210 4245 οὒς
3234 4182 3546 4251 ἐπέλαμψεν
3581 4182 3611 4234 6
3643 4197 3741 4250 με-

2158 4276 2382 4344 νογενὴς
2417 4272 2511 4327 τοῦ
2555 4272 2691 4326 Θεοῦ
2736 4273 2941 4342 Λόγος,
2997 4275 3286 4344 γενόμενος
3353 4276 3419 4327 ἐκ
3460 4273 3734 4342 γυναικός.

2159 4368 2289 4420 Ὅτε
2323 4365 2416 4418 καὶ
2441 4365 2603 4429 αὐτὸς
2657 4363 2835 4435 ἐαυτῷ
2869 4364 3180 4434 παρέστησε
3223 4363 3324 4434 τὴν
3365 4363 3562 4434 νοητὴν
3603 4363 3738 4416 Ὶουι

2157 4456 2335 4520 δαίαν,
2370 4455 2538 4525 ἤγουν
2581 4453 2956 4525 Ἰερουσαλὴμ,
2987 4454 3130 4507 τοῦτ’
3172 4452 3338 4519 ἔστιν,
3369 4455 3468 4524 τὴν
3511 4452 3738 4524 Ἐκκλη-

475 4536 719 4582 sanctam
760 4535 816 4581 et
847 4527 1269 4592 immaculatam,
1309 4527 1386 4580 uti
1441 4528 1701 4596 scriptum
1724 4537 1829 4582 est.
1872 4530 1947 4583 De
1989 4545 2049 4584 ea

2161 4546 2280 4599 σίαν
2327 4544 2594 4615 παρθένον
2626 4545 2817 4616 ἁγνὴν,
2857 4545 2931 4615 μὴ
2966 4543 3194 4614 ἔχουσαν
3226 4545 3432 4610 σπῖλον,
3463 4544 3495 4615 ἢ
3529 4543 3735 4614 ῥυτίδα,

476 4633 608 4673 vero
638 4619 789 4685 dicit,
824 4636 844 4672 ι
879 4620 1012 4686 Quia
1046 4621 1212 4680 eritin
1241 4621 1704 4676 extremisdiebus
1735 4622 2053 4691 spectabilis

477 4725 631 4766 mons
696 4713 927 4780 Domini,
965 4721 1019 4767 et
1053 4713 1246 4767 domus
1291 4712 1380 4768 Dei
1419 4711 1589 4768 Jacob
1667 4727 1830 4782 super
1891 4714 2054 4769 editis

478 4803 777 4858 montibus.
819 4821 839 4854 ι
885 4803 1105 4873 Legitur
1129 4804 1346 4871 quidem
1411 4804 1540 4858 Sion
1612 4803 1700 4857 illa
1745 4803 2053 4863 Judaeorum

480 4892 532 4946 in
558 4903 738 4947 monte
760 4895 864 4950 sita
889 4903 945 4947 et
971 4892 1265 4958 aedificata;
1297 4893 1523 4960 intelligi
1559 4903 1735 4948 tamen
1767 4903 1945 4962 potest
1966 4895 2055 4950 hic

481 4996 586 5036 non
619 4998 804 5038 crasse
831 4991 928 5036 aut
948 4981 1372 5047 sensibiliter,at
1406 4983 1760 5051 Spiritualiter
1790 4983 2050 5050 Ecclesia,

477 5088 598 5143 qua;
637 5075 798 5130 etiam
850 5073 1020 5127 monti
1063 5083 1428 5141 comparatur.
1484 5074 1842 5131 Etenimvere
1861 5085 2052 5131 estex-

477 5167 623 5220 celsa
647 5177 701 5220 et
726 5166 971 5228 illustris,
998 5174 1052 5218 et
1068 5164 1319 5218 onmihns
1338 5165 1534 5234 ubique
1563 5167 1865 5222 notissima.
1883 5167 2055 5222 Aliter

476 5256 642 5309 etiam
685 5255 896 5309 excelsa
926 5262 1031 5319 est,
1060 5255 1320 5321 quoniam
1371 5257 1572 5310 terreni
1628 5257 1760 5311 nihil
1789 5258 1950 5327 sapit,
2000 5267 2056 5312 at

477 5360 640 5415 supra
681 5363 769 5402 res
799 5357 1043 5399 terrenas
1087 5356 1189 5408 est,
1227 5355 1280 5399 et
1322 5347 1548 5417 gloriam
1607 5348 1722 5415 Dei,
1787 5360 2054 5419 quatenus

477 5435 624 5500 licet,
673 5437 836 5489 animi
889 5436 1062 5490 oculis
1111 5437 1366 5504 intuetur,
1400 5448 1452 5492 et
1498 5439 1819 5497 sublimibus
1875 5443 2056 5497 admo-

478 5529 604 5582 dum
641 5529 707 5583 de
740 5528 850 5581 Deo
877 5528 1223 5597 Opinionibus
1248 5530 1526 5600 gloriatur.
1578 5532 1887 5590 Graecorumn
1906 5536 2050 5590 enim

478 5618 696 5682 eruditi,
727 5618 837 5690 36
874 5619 1084 5675 etiamsi
1113 5622 1392 5691 sapientia:
1427 5626 1646 5680 nomine
1681 5625 1836 5679 valde
1857 5641 2049 5696 super-

478 5709 662 5762 cilium
719 5711 972 5765 tollereut
1028 5730 1044 5768 :
1112 5727 1376 5771 creaturae
1452 5725 1629 5772 tamen
1714 5717 2049 5773 divinitatem

484 5798 769 5869 afﬁngttnt,
805 5803 1096 5874 mundique
1135 5807 1418 5866 elementis
1425 5809 1857 5888 [venerationem
1883 5811 2046 5866 attri-

558 5909 605 5943 ⁸³
634 5910 795 5973 Rom.
827 5922 900 5984 it,
933 5915 1025 5984 28,
1057 5916 1149 5974 29.

2159 4636 2193 4706 ἦ
2227 4653 2281 4688 τι
2311 4635 2418 4688 τῶν
2443 4634 2721 4700 τοιούτων,
2769 4633 2911 4688 κατὰ
2939 4634 3001 4687 τὸ
3037 4635 3456 4706 γεγραμμένον⁸
3488 4633 3648 4702 ἁγίαν
3679 4633 3737 4686 δὲ

2159 4727 2359 4798 μᾶλλον
2409 4727 2502 4780 καὶ
2545 4726 2796 4797 ἄμωμον.
2847 4727 2962 4782 Kal.
3014 4727 3142 4797 περὶ
3194 4725 3365 4795 αὐτῆς
3408 4741 3609 4796 φησιν,
3655 4725 3738 4778 ὃτι

2156 4819 2309 4872 ἐσται
2337 4821 2395 4872 ἐν
2423 4821 2544 4881 ταῖς
2574 4819 2830 4889 ἐσχάταις
2851 4819 3086 4890 ἡμέραις
3111 4818 3355 4888 ἐμφανὲς
3376 4818 3437 4870 τὸ
3463 4818 3586 4888 δρος
3620 4819 3737 4872 Κυ-

2159 4911 2297 4982 ρίου,
2340 4911 2434 4965 καὶ
2468 4912 2497 4962 6
2537 4905 2684 4973 οἶκος
2720 4910 2815 4963 τοῦ
2866 4910 3002 4963 Θεοῦ
3051 4908 3246 4963 Ἰακὼό
3279 4908 3367 4960 ἐπ’
3401 4908 3585 4978 ἄκρων
3628 4907 3738 4962 τῶν

2156 5003 2346 5074 ὀρέων.
2381 5001 2491 5054 Kal
2525 5004 2654 5071 ἡμῖν
2686 5001 2784 5071 μὲν
2827 5001 2964 5054 Σιὼν
2999 5003 3032 5070 ἡ
3059 5001 3202 5056 κατά
3232 5017 3297 5068 γε
3325 4999 3424 5070 τὴν
3459 4999 3733 5065 Ἰουδαίαν,

2157 5093 2217 5144 ὲν
2246 5091 2363 5164 ὗρει
2395 5093 2604 5145 κεῖσθαί
2634 5109 2690 5144 τε
2732 5092 2828 5145 καὶ
2868 5092 3268 5162 οἰκοδομεῖσθαι
3316 5090 3560 5158 λέγεται.
3596 5089 3737 5159 Νοη-
3783 5091 3791 5109 ¹

2158 5183 2276 5253 θείη
2303 5182 2346 5235 δ’
2384 5183 2450 5236 ἂν
2478 5179 2582 5236 ὀὐκ
2611 5181 2883 5253 αἰσθητῶς
2912 5182 3133 5252 μᾶλλον,
3175 5180 3312 5236 ἀλλὰ
3351 5181 3736 5250 πνευματικῶς

2159 5276 2218 5328 ἐν
2249 5274 2459 5337 τούτοις
2504 5276 2538 5345 ή
2586 5273 2900 5344 Ἐκκλησία,
2948 5275 2982 5345 ἢ
3035 5274 3130 5328 καὶ
3170 5274 3287 5344 ὄρει
3319 5272 3733 5346 παρεικάςεται.

2157 5364 2269 5418 Καὶ
2310 5363 2419 5434 γὰρ
2468 5363 2614 5416 ἔστιν
2642 5363 2859 5433 άληθῶς
2906 5363 3082 5434 ὑψηλὴ
3137 5364 3232 5416 καὶ
3277 5364 3594 5435 περίοπτος,
3644 5363 3735 5418 καὶ

2158 5455 2554 5526 γνωριμωτάτη
2601 5458 2712 5519 τοῖς
2757 5455 3093 5526 ἁπανταχοῦ.
3138 5455 3348 5525 Ὑψηλὴ
3399 5455 3458 5507 δέ
3502 5455 3597 5508 καὶ
3627 5455 3733 5508 ἐτέ-

2162 5561 2307 5618 ρωςο
2345 5547 2560 5615 φρονεῖν
2606 5547 2714 5617 γὰρ
2762 5545 2869 5599 τῶν
2917 5545 3176 5612 ἐπιγείων
3225 5544 3377 5598 οὐδὲν
3412 5545 3550 5610 ἀλλ’,
3597 5543 3731 5611 ὑψοῦ

2157 5637 2264 5690 τῶν
2297 5636 2554 5704 ἐπιγείων
2590 5637 2758 5701 ἐστιν,
2794 5635 2888 5688 καὶ
2925 5635 3021 5704 τὴν
3043 5635 3135 5687 τοῦ
3159 5633 3294 5686 Θεοῦ
3323 5635 3500 5701 δόξαν,
3534 5634 3608 5696 ὡς
3629 5624 3730 5697 ἔνι,

2159 5725 2445 5799 περιαθρεῖ
2491 5727 2603 5788 τοῖς
2649 5725 2748 5794 τῆς
2791 5725 3030 5786 διανοίας
3069 5723 3318 5794 ὄμμασι,
3363 5724 3457 5777 καὶ
3507 5722 3730 5792 ὑψηλοῖς

2159 5820 2298 5887 άγαν
2342 5819 2454 5882 τοῖς
2497 5817 2626 5885 περὶ
2665 5815 2830 5872 αὑτοῦ
2861 5817 3128 5887 δόγμασιν
3166 5817 3416 5886 ἐπαυχεῖ.
3461 5811 3730 5884 Ἐλλήνων
