2050 3235
150 193 185 221 69
746 199 781 227 IN
801 200 920 229 ISAIAM
938 201 1003 230 LIB.
1024 202 1044 230 Ι.
1065 202 1170 232 ORAT.
1192 204 1225 232 ll.
1768 216 1802 244 7o

150 255 271 290 μὲνγὰρ
288 256 313 282 οι
330 256 455 291 λογάδες,
479 258 568 286 καίτοι
592 261 716 297 μεγάλην
734 261 782 289 ἐπὶ
800 262 881 299 σοφίᾳ
902 263 944 300 τὴι

1007 263 1103 293 buunt.
1135 265 1285 295 Terrenam
1311 269 1445 304 siquidem
1478 271 1581 301 habent
1609 281 1742 310 mentem,
1774 281 1802 304 et

147 300 236 335 ὀφρὺν
253 300 446 335 ἀνασπῶντες,
464 303 619 333 θεοποιοῦσι
637 306 687 343 τὴν
699 308 798 341 κτίσιν,
823 310 872 336 καὶ
895 312 953 343 τοῖς

145 345 193 372 τοῦ
207 346 316 382 κόσμου
329 349 475 385 στοιχείοις
489 351 520 378 τὸ
536 351 618 385 σέϐας
630 353 791 383 ἀνάπτουσι.
804 356 953 392 Χθαμαλὺν

144 391 201 428 γὰρ
214 392 313 428 ἔχουσι
327 394 375 421 τὸν
390 396 465 430 νοῦν,
480 397 528 424 καὶ
542 400 700 436 χαμαιριφῆ
723 402 758 428 τὰ
773 391 951 438 θεωρήματα,

148 437 196 464 καὶ
226 439 278 474 τὴν
304 440 431 476 ’καρδίαν
458 442 673 480 ὲσκοτισμένην·
703 437 952 481 φάσκοντεςηεῖναι

152 484 226 518 σοφοὶ
238 486 455 522 ἐμωράνθησαν,
470 488 542 516 κατά
562 490 592 516 τὸ
606 492 810 527 γεγραμμένον.
830 493 863 520 Ἠ
877 494 905 521 δέ
919 503 952 529 γε

151 529 231 565 νοητὴ
258 530 342 564 Σιὼν,
370 533 446 560 τοῦτ’
463 534 548 568 ἔστιν,
567 537 584 572 ἠ
614 537 774 573 Ἐκκλησία,
790 540 881 567 πᾶσαν
902 541 951 576 μὲν

149 575 338 612 ὑπερίπταται
346 579 438 608 κτίσιν
450 580 553 617 ὁράτήν
564 591 595 609 τε
607 583 654 610 καὶ
661 584 788 620 ἀόρατον,
796 575 951 621 ἀφικνεῖται

147 619 175 646 δὲ
195 623 269 658 πρὸς
289 623 376 659 αὐτὴν
393 624 445 661 τὴν
457 626 512 653 τῶν
524 626 593 654 ὅλων
607 619 737 657 ἐπέκεινα
754 619 845 666 φύσιν.
860 632 951 665 Φωτὸς

148 670 203 706 γὰρ
214 670 266 697 τοῦ
279 670 355 697 θείου
367 671 556 707 μεμέστωται,
573 675 621 701 καὶ
633 675 718 712 αὐτὴν
731 676 950 711 ὲπιγινώσκουσα

145 717 194 744 καὶ
219 716 393 752 δημιουργὸν
418 719 467 745 καὶ
489 720 617 756 τεχνίτην
647 722 702 749 τῶν
731 724 800 750 ὅλων
823 725 892 760 αὐτῇ
919 734 948 751 τε

129 763 193 790 ’καὶ
209 762 280 799 μόνῃ
297 763 330 790 τὺ
345 764 418 791 κατά
434 765 545 792 πάντων
560 767 691 803 ἀπονέμει
704 770 813 805 κράτος.
838 772 892 797 Καὶ
914 773 947 807 τῇ

142 807 238 844 τοιᾷδε
253 807 319 844 δόξῃ
338 812 470 844 στεφανοῖ
482 811 529 838 τὸν
544 812 598 839 τῶν
613 814 681 841 ὅλων
703 816 880 850 παμϐασιλέα
902 818 949 843 καὶ

142 854 213 883 Θεδν
236 855 286 882 καὶ
307 855 424 892 Κύριον.
453 858 535 893 Ὀρος
562 860 707 895 τοιγαροῦν
732 863 827 897 νοητὸν
846 863 860 888 ὁ
875 861 949 895 οἶκος

131 902 190 929 ’τοῦ
204 902 276 930 Θεοῦ
289 903 404 935 δικαίως
419 903 453 930 ἂν
466 903 582 938 λέγοιτο.
599 907 653 932 Καὶ
671 907 728 934 ἔστι
749 909 892 945 διαφανὴς,
910 910 949 942 ὡς

140 948 190 976 ἐπὶ
212 949 321 984 βουνῶν
341 950 476 986 ἠρμένος.
495 951 564 987 Φαίη
582 951 604 978 δ’
621 953 654 979 ἄν
676 962 717 985 τις
735 955 778 980 ἐπ’
791 956 873 982 αὑτοῦ
899 957 946 984 καὶ
962 946 985 976 Β

128 995 218 1030 ’μάλα
231 995 350 1028 εἰκότως
363 996 396 1022 τὸ
409 996 454 1023 διὰ
472 997 523 1032 τῆς
538 997 585 1024 τοῦ
603 998 732 1034 Σωτῆρος
748 1001 849 1036 φωνῆς,
864 1003 900 1033 ὼς
914 1002 947 1029 ἐκ

138 1041 371 1077 παραδείγματος
386 1042 521 1077 ἐναργοῦς
549 1044 712 1079 εἰρημένον
743 1055 751 1071 ι
777 1047 814 1072 Οὐ
836 1047 947 1074 δύναται

136 1087 221 1119 πόλις
233 1087 375 1124 κρυϐῆναι
388 1089 482 1115 ἐπάνω
497 1088 577 1124 ὅρους
589 1090 714 1126 κειμένη.
736 1101 745 1117 ι
764 1092 819 1118 Καὶ
834 1093 946 1119 πλεῖστα

138 1132 192 1167 μὲν
210 1130 248 1159 ἂν
272 1140 317 1164 τις
338 1133 509 1166 συλλέξαιτο,
526 1135 574 1161 καὶ
591 1135 662 1170 μάλα
684 1136 782 1171 ῥᾳδίως
807 1137 840 1164 τὰ
861 1138 893 1164 δι’
908 1135 946 1165 ὧν

137 1178 217 1205 ἔστιν
233 1178 300 1205 ἰδεῖν
316 1179 394 1211 παρὰ
403 1179 465 1211 ταῖς
481 1179 673 1213 θεοπνεύστοις
695 1182 829 1217 Γραφαῖς,
842 1184 882 1210 ὅτι
899 1185 946 1211 καὶ

137 1223 260 1258 βουνοῖς,
278 1224 330 1250 καὶ
349 1223 427 1260 ὄρεσι
443 1226 643 1261 παρεικάζεται
658 1227 709 1262 τῆς
726 1230 825 1264 νοητῆς
847 1230 946 1266 Ἰερου-

136 1271 234 1306 σαλὴμ
262 1271 296 1298 τὸ
326 1272 485 1307 ἀνάστημα,
512 1273 585 1299 τοῦτ’
613 1273 680 1306 ἐστι,
699 1275 749 1310 τῆς
781 1276 945 1312 Ἐκκλησίας

133 1316 166 1343 τὸ
188 1316 272 1351 ὕψος.
289 1317 464 1353 Βαδιοῦμεοα
483 1317 512 1344 δὲ
530 1319 599 1354 πρὸς
614 1319 648 1346 τὰ
672 1320 714 1354 ἐφ’
732 1320 807 1356 ἑξῆς,
823 1324 879 1352 τοῖς
899 1331 945 1356 φι-

134 1362 291 1398 λομαθέσιν
303 1364 419 1399 ἀφέντες
434 1364 470 1391 τά
483 1365 572 1391 τοιάδε
589 1366 737 1401 συλλέγειν,
752 1369 830 1404 εἴπερ
844 1369 945 1396 ἕλοιντο

134 1409 221 1435 τοῦτο
236 1409 317 1445 δρᾷν.
339 1409 452 1445 Ἴδωμεν
469 1410 499 1437 δὲ
518 1410 545 1437 τί
561 1412 591 1438 τὸ
608 1412 702 1439 τελοῦν
718 1415 757 1445 εἰς
773 1414 865 1449 ὄνησιν
889 1417 945 1447 τοῖς

133 1455 183 1482 ἐπὶ
198 1455 254 1491 τῆς
268 1456 333 1492 γῆς.
358 1456 425 1482 ’Λπό
441 1465 474 1491 γε
491 1457 539 1483 τοῦ
558 1458 604 1484 τὸν
616 1456 690 1485 οἶκον
705 1459 752 1486 τοῦ
770 1460 837 1487 Θεοῦ
853 1461 944 1496 περίο-

134 1508 208 1527 πτον
230 1500 304 1528 οὕτω
317 1501 447 1535 γενέσθαι
461 1504 519 1534 τοῖς
541 1504 712 1539 ἁπανταχοῦ,
734 1506 771 1536 ὡς
787 1506 876 1533 δοκεῖν
893 1507 943 1543 ἤδη

134 1555 198 1578 πως
218 1546 358 1582 ὑψοῦσθαί
371 1556 402 1574 τε
423 1548 471 1574 ἐπὶ
496 1548 619 1583 βουνοὺς,
640 1550 688 1576 καὶ
709 1551 752 1577 ἐπ’
773 1552 865 1587 ἄκρων
888 1555 944 1579 κεί-

133 1593 202 1620 σθαι
216 1593 274 1620 τῶν
297 1593 395 1629 ὀρέων.
416 1594 524 1621 Οὐκοῦν
541 1595 743 1631 πληροφορήσει
763 1597 849 1632 λέγων
863 1599 943 1631 εὐθὺς

132 1637 147 1663 ὸ
166 1638 326 1674 προφήτης.
349 1648 358 1665 ί
377 1639 432 1666 Καὶ
447 1639 560 1675 ἥξουσιν
572 1641 615 1667 ἐπ’
629 1641 695 1667 αὐτὸ
710 1643 800 1670 πάντα
816 1643 849 1670 τὰ
860 1644 923 1680 ἔθνη
936 1654 941 1660 ’

133 1684 185 1711 καὶ
211 1685 398 1720 πορεύσονται
426 1686 490 1723 ἔθνη
514 1687 600 1714 πολλὰ
620 1689 668 1715 καὶ
694 1689 820 1724 ἐροῦσιν·
848 1691 941 1724 Δεῦτε,

133 1729 290 1765 ἀναδῶμεν
303 1730 345 1762 εις
356 1731 388 1757 τὸ
402 1731 465 1767 ὅρος
482 1732 531 1759 τοῦ
547 1733 662 1768 Κυρίου,
679 1735 726 1761 καὶ
742 1736 782 1766 εὶς
802 1735 848 1762 τὸν
868 1734 942 1763 οἶκον

132 1775 183 1803 τοῦ
200 1775 273 1803 θεοῦ
297 1776 406 1805 Ἰακώϐ.
425 1779 482 1805 Καὶ
501 1779 649 1814 ἀναγγελεῖ
663 1782 729 1816 ἡμῖν
746 1782 795 1817 τὴν
817 1782 876 1809 ὁδὸν
892 1784 942 1810 αὺ-

131 1824 195 1857 τοῦ,
211 1823 262 1851 καὶ
278 1825 475 1861 πορευσόμεθα
498 1827 527 1852 ὲν
540 1827 620 1863 αὐτῇ.
638 1837 647 1853 ι
663 1828 724 1855 ’Ότι
751 1829 800 1864 μὲν
812 1828 859 1857 οὖν
881 1839 942 1857 συν-

130 1870 273 1907 ηθροίσθη
287 1871 379 1899 πάντα
387 1872 421 1898 τὰ
433 1872 509 1908 ἔθνη,
519 1874 566 1900 καὶ
582 1874 818 1910 συνδεδραμήκασι
833 1876 876 1903 διὰ
892 1877 942 1912 τῆς

131 1917 258 1950 πίστεως
272 1918 315 1950 είς
331 1918 381 1954 τὴν
407 1919 584 1955 Ἐκκλησίαν,
600 1921 630 1946 οὐ
644 1922 759 1957 μακρῶν
770 1923 836 1958 ἡμῖν
850 1923 941 1958 δεήσει

134 1964 204 2000 τερος
219 1964 363 1997 ἀπόδειξιν
380 1964 479 2000 λόγων.
505 1966 579 2002 Αὐτὴ
605 1967 633 1993 δὲ
657 1967 711 1993 τῶν
736 1968 940 2005 πραγμάτωνὴ

133 2008 251 2042 ἔκϐασις
266 2009 447 2046 αὐτόμαρτυς
472 2010 549 2038 ἔσται
567 2012 614 2038 καὶ
630 2012 744 2048 ἀληθής.
762 2014 836 2050 Πλὴν
852 2015 941 2042 ἐκεῖνο

133 2053 366 2089 καταθαυμάζειν
391 2054 477 2088 ἄξιον.
503 2055 645 2091 Κέκληται
670 2058 723 2093 γὰρ
739 2058 792 2084 τῶν
814 2059 899 2086 ἐθνῶν
923 2061 939 2095 ἡ

132 2099 254 2135 πληθὺς,
269 2099 303 2127 οὐ
321 2099 367 2127 διὰ
381 2100 433 2135 τῆς
455 2100 503 2127 τοῦ
519 2102 602 2137 νόμου
621 2103 826 2138 παιδαγωγίας,
843 2105 873 2132 οὐ
895 2105 940 2132 διὰ

133 2145 287 2181 προφητῶν
315 2146 420 2181 ἁγίων·
437 2147 544 2182 ἀγείρει
561 2148 588 2174 δὲ
605 2148 707 2183 μᾶλλον
728 2149 798 2177 αὐτὰ
815 2150 874 2176 οεία
897 2159 940 2182 τις

132 2192 180 2219 καὶ
194 2192 359 2229 ἀπόρρητος
383 2193 466 2229 χάρις
488 2194 591 2229 νοητῶς
612 2195 799 2230 ὲλλάμπουσα,
824 2197 872 2223 καὶ
890 2197 940 2231 τῆς

132 2238 177 2265 διὰ
203 2238 329 2274 Χριστοῦ
354 2240 494 2276 σωτηρίας
516 2241 653 2268 ἐντιθεῖσοι
677 2242 726 2277 τὴν
756 2242 859 2277 ἔφεσιν.
885 2242 939 2269 Θέα

1006 310 1123 339 humiles
1135 313 1326 348 cogitationes,
1349 320 1440 355 etcor
1469 318 1679 348 obtenebratum
1705 330 1712 349 :
1737 330 1800 350 cutn

1004 362 1034 383 se
1059 356 1260 387 dicerentesse
1279 361 1429 396 sapientes,
1460 364 1585 393 infamati
1620 372 1694 402 sunt,
1721 368 1803 396 sicuti

1004 400 1137 436 scriptum
1166 408 1209 431 est
1233 405 1267 433 ⁸³.
1294 406 1331 433 At
1360 406 1427 435 Sion
1453 409 1651 446 intelligibilis,
1679 400 1802 442 Ecclesia

1003 447 1119 481 scilicet,
1136 455 1219 484 supra
1243 458 1352 480 omnem
1376 459 1530 484 creaturam
1552 461 1579 485 et
1605 460 1800 493 aspectabilem

1002 497 1030 519 et
1075 493 1300 530 inaspectabilem
1326 499 1426 533 evolat,
1454 506 1482 529 et
1511 502 1581 531 ultra
1606 503 1692 539 ipsam
1732 507 1815 535 adeo

1002 539 1190 569 universitatis
1226 548 1354 571 naturam
1368 546 1507 582 pertingit,
1543 548 1685 578 luceenim
1709 552 1800 581 divina

1001 584 1080 620 plena
1094 591 1146 621 est,
1169 587 1297 624 illamque
1320 592 1444 626 agnoscit
1469 593 1593 628 opiﬁcem
1611 596 1800 633 artificemque

1001 631 1204 666 universorum,
1219 634 1257 662 illi
1289 640 1371 671 atque
1409 639 1477 666 adeo
1499 639 1549 667 soli
1583 643 1733 676 potentiam
1755 631 1799 671 iin

1001 678 1091 705 omnia
1120 679 1232 712 tribuit,
1277 686 1304 709 et
1331 683 1466 716 ejusmodi
1494 685 1580 720 gloria
1608 687 1797 716 universorum

1002 723 1101 759 llcgem
1117 732 1313 760 prrepotentem
1331 736 1363 756 ac
1393 729 1536 757 Dominum
1562 737 1687 760 coronat.
1727 735 1798 761 Hinc

1001 770 1082 804 igitur
1098 778 1174 798 mons
1197 772 1376 808 intelligibilis
1400 776 1497 805 domus
1513 778 1558 804 Dei
1575 777 1637 811 jure
1652 779 1705 807 dici
1735 787 1798 814 pos-

1000 816 1046 843 sit.
1067 815 1100 842 Et
1120 821 1161 843 est
1178 817 1300 851 illustris,
1317 824 1410 854 utpote
1428 828 1510 855 supra
1527 822 1609 850 colles
1627 823 1743 851 elevata.
1760 826 1797 851 De

1000 861 1043 888 illa
1067 869 1131 889 vero
1149 862 1220 890 istud
1248 865 1343 892 merito
1365 867 1425 900 quis
1457 868 1568 900 dixerit,
1586 870 1657 903 quod
1683 870 1796 898 illustris

1000 908 1115 941 exempli
1133 908 1192 935 loco
1222 908 1376 939 Servatoris
1404 920 1469 940 voce
1494 914 1594 941 dictum
1631 921 1695 944 est:
1718 917 1794 945 «Non

999 953 1196 987 potestcivitas
1217 957 1346 983 abscondi
1361 966 1442 993 supra
1476 965 1595 988 montem
1620 963 1708 996 posita
1725 963 1758 990 “.
1783 974 1791 990 ι

999 998 1068 1025 Sunt
1093 1007 1156 1027 vero
1170 1001 1244 1035 plura
1263 1003 1314 1029 alia
1329 1011 1389 1038 qua:
1412 1004 1543 1034 facillime
1556 1008 1646 1042 colligi
1670 1017 1790 1044 possent,

999 1046 1069 1074 unde
1092 1046 1186 1074 videre
1202 1050 1284 1076 estin
1310 1049 1458 1084 Scripturis
1490 1053 1618 1081 divinitus
1642 1055 1793 1089 inspiratis,

997 1089 1147 1118 Jerusalem
1174 1092 1352 1128 intelligibilis
1394 1096 1511 1130 apicem,
1539 1099 1564 1125 id
1590 1104 1641 1131 est,
1667 1100 1794 1129 Ecclesiae

998 1137 1197 1173 celsitudinem,
1211 1140 1323 1168 collibus
1343 1147 1370 1168 et
1383 1144 1520 1171 montibus
1535 1147 1698 1180 comparari.
1732 1149 1792 1176 (Ite-

999 1187 1085 1210 terum
1100 1185 1132 1211 ad
1147 1187 1288 1220 sequentia
1306 1188 1454 1222 veniemus,
1472 1189 1530 1217 haec
1544 1192 1672 1219 studiosis
1683 1201 1795 1221 cencer-

998 1230 1085 1256 vanda
1104 1230 1298 1265 relinquentes,
1318 1234 1340 1260 si
1359 1235 1466 1268 quidem
1485 1236 1510 1262 id
1529 1236 1617 1264 facere
1634 1239 1791 1267 voluerint:

999 1275 1138 1303 videamus
1153 1284 1219 1303 vero
1252 1278 1316 1311 quid
1344 1279 1469 1308 utilitatis
1494 1283 1654 1311 mortalibus
1685 1285 1792 1319 afferat,

998 1320 1106 1348 domum
1123 1321 1168 1349 Dei
1186 1323 1255 1350 hanc
1270 1325 1448 1359 conspicuam
1471 1335 1533 1355 esse
1551 1336 1584 1355 ac
1615 1332 1792 1364 spectabilem

998 1366 1108 1394 ubilibet
1122 1368 1258 1402 omnibus,
1292 1369 1329 1396 ita
1345 1376 1372 1397 ut
1386 1370 1441 1404 jam
1469 1374 1668 1406 quodammodo
1700 1383 1793 1404 evecta

997 1417 1078 1444 supra
1099 1411 1206 1444 collem,
1231 1418 1257 1439 ct
1272 1413 1308 1440 in,
1324 1415 1406 1442 editis
1432 1418 1570 1446 montibus
1600 1419 1732 1448 collocata
1756 1424 1793 1449 vi-

997 1456 1103 1483 deatur.
1129 1457 1157 1485 ld
1177 1466 1241 1486 vero
1254 1467 1315 1487 mox
1339 1462 1469 1495 propheta
1494 1465 1600 1492 abunde
1632 1467 1790 1501 declarabit,

996 1502 1089 1530 dicens
1104 1513 1109 1530 :
1129 1512 1146 1529 (-
1157 1504 1189 1531 Et
1202 1506 1310 1533 venient
1323 1507 1355 1534 ad
1371 1515 1433 1534 eum
1455 1516 1550 1538 omnes
1566 1516 1670 1545 gentes,
1684 1518 1711 1541 et
1733 1522 1792 1541 am<

997 1547 1126 1576 bulabunt
1140 1556 1234 1584 gentes
1250 1552 1351 1585 multm,
1377 1560 1408 1580 ac
1422 1554 1513 1582 dicent
1529 1565 1535 1583 :
1550 1557 1659 1591 Adeste,
1692 1567 1790 1587 ascen-

997 1595 1092 1622 damus
1109 1596 1134 1622 in
1150 1601 1268 1624 montem
1297 1598 1402 1625 Dotnini
1420 1604 1446 1626 et
1460 1600 1485 1627 in
1500 1601 1608 1629 domum
1630 1603 1677 1631 Dei
1693 1604 1789 1633 Jacob.

997 1639 1029 1666 Et
1045 1641 1218 1668 aunnntiabit
1237 1642 1316 1669 nobis
1333 1642 1403 1669 viam
1418 1650 1507 1676 suam,
1535 1649 1562 1672 et
1593 1647 1792 1675 antbulabimus

996 1686 1021 1712 in
1042 1693 1083 1713 ea.
1102 1696 1111 1712 ι
1135 1686 1217 1721 Λιηυί
1232 1695 1326 1714 omnes
1342 1693 1437 1722 gentes
1462 1695 1571 1718 coactas
1589 1691 1685 1725 fuisse,
1700 1697 1725 1720 et
1742 1701 1792 1727 per

995 1732 1073 1759 iidem
1096 1733 1124 1759 in
1142 1733 1292 1760 Ecclesiam
1316 1734 1492 1769 conﬂuxisse,
1512 1736 1629 1772 longiori
1646 1739 1791 1766 verborum

994 1779 1108 1806 circuitu
1134 1779 1158 1806 id
1173 1780 1362 1807 demonstrare
1377 1789 1429 1808 non
1458 1782 1510 1810 erit
1529 1791 1597 1817 opus
1615 1793 1621 1811 :
1644 1784 1709 1819 quin
1735 1786 1792 1819 ipse

994 1833 1083 1853 rerum
1101 1831 1213 1853 eventus
1230 1827 1382 1861 ipsissinius
1396 1829 1448 1855 erit
1471 1837 1503 1857 ac
1526 1838 1607 1858 verus
1622 1832 1709 1859 testis.
1724 1832 1791 1860 Illud

994 1876 1085 1898 autem
1101 1872 1231 1898 admirari
1258 1880 1347 1906 opera!
1367 1874 1484 1908 pretium
1513 1875 1604 1903 fuerit.
1630 1875 1733 1905 Vocata
1750 1883 1792 1906 est

993 1918 1064 1944 enim
1093 1918 1213 1952 gentium
1236 1919 1399 1951 multitudo,
1416 1928 1469 1947 non
1496 1929 1543 1955 per
1567 1922 1633 1958 legis
1664 1924 1791 1959 paedago-

993 1963 1076 1997 giani,
1094 1970 1145 1990 non
1160 1970 1207 1997 per
1220 1969 1331 1991 sanctos
1346 1965 1510 2000 prophetas;
1526 1967 1574 1994 sed
1594 1968 1685 1995 divina
1701 1970 1790 2004 potius

992 2013 1019 2036 et
1035 2016 1132 2035 arcana
1152 2010 1275 2043 quaedam
1300 2011 1399 2045 gratia,
1429 2013 1613 2045 intelligenter
1641 2015 1788 2050 irradians,

992 2058 1019 2080 et
1034 2053 1128 2080 salutis
1144 2061 1193 2087 per
1216 2054 1355 2082 Christum
1374 2057 1539 2084 desiderium
1568 2059 1712 2093 instillatis,
1741 2068 1789 2089 eas

991 2100 1179 2134 congregavit.
1194 2099 1291 2134 Specta
1303 2102 1374 2128 enim
1386 2104 1522 2136 quomodo
1538 2105 1612 2132 nullo
1625 2107 1791 2140 prindicanto

991 2146 1043 2173 sibi
1058 2146 1174 2173 invicem
1200 2147 1352 2174 acclamant
1367 2157 1374 2175 τ
1390 2157 1399 2173 ι
1416 2149 1518 2176 Adeste
1530 2154 1557 2177 et
1570 2152 1750 2180 ascendantus
1762 2153 1790 2181 iu

990 2191 1044 2227 37
1067 2196 1185 2218 montem
1206 2191 1324 2225 Domini,
1343 2197 1369 2219 et
1395 2193 1422 2219 in
1444 2195 1553 2222 domum
1572 2196 1618 2223 Dei
1643 2196 1737 2225 Jacob.
1755 2199 1790 2227 Et

991 2237 1166 2265 annuntiabit
1195 2238 1273 2265 nobis
1290 2238 1361 2265 viam
1387 2247 1478 2273 suam,
1496 2246 1523 2268 et
1548 2242 1746 2273 ambulabimus
1761 2246 1788 2273 in

132 2283 187 2319 γὰρ
213 2283 293 2315 ὅπως
320 2283 539 2320 διακηρύξαντος
562 2286 655 2318 αὐτοῖς
678 2287 786 2319 οὐδενὸς
813 2288 938 2323 ἀλλήλοις

996 2292 1032 2311 :a.
1046 2294 1055 2310 ι
1075 2284 1194 2311 Primum
1218 2286 1379 2319 ascendunt,
1395 2287 1456 2314 dein
1480 2289 1520 2315 sic
1535 2295 1668 2324 quaerunt,
1685 2296 1713 2318 ut
1731 2300 1790 2320 ver-

132 2329 291 2364 ὲπιφωνεϊ’
318 2339 328 2355 ι
348 2329 431 2357 Δεῦτε
455 2332 502 2358 καὶ
525 2332 673 2368 ἀναθῶμεν
697 2335 737 2366 εἰς
759 2334 789 2360 τὸ
806 2334 869 2370 ὅρος
891 2335 938 2361 τοῦ

133 2375 254 2411 Κυρίου,
281 2376 331 2402 καὶ
355 2377 395 2408 είς
418 2377 466 2403 τὸν
492 2374 566 2404 οἶκον
594 2378 642 2405 τοῦ
667 2378 735 2405 Θεοῦ
768 2379 875 2412 Ἰακὼϐ,
892 2381 940 2407 καὶ

133 2421 286 2456 ἀναγγελεῖ
298 2422 367 2457 ἡμῖν
386 2422 436 2458 τὴν
450 2423 510 2449 ὁδὸν
523 2423 618 2456 αὑτοῦ,
635 2424 682 2451 καὶ
698 2425 889 2460 πορευσόμεθα
911 2427 939 2452 ὲν

133 2467 214 2503 αὐτῇ.
246 2476 257 2493 ι
287 2466 402 2502 Πρῶτον
427 2467 631 2501 ἀναϐαίνουσιν,
648 2466 698 2494 εἷθ’
715 2469 786 2495 οὕτω
812 2469 939 2504 ζητοῦσιν

134 2511 356 2547 ἐπαγγέλλεσθαι
377 2521 407 2539 τε
424 2513 471 2539 τὸν
484 2512 532 2539 τοῦ
553 2514 621 2540 Θεοῦ
645 2513 724 2547 λόγον
743 2514 844 2545 αὐτοῖς.
873 2515 940 2541 Ὑπ-

134 2557 296 2594 ισχνοῦνται
315 2557 344 2585 δὲ
359 2559 406 2585 καὶ
424 2558 544 2594 βαδίζειν
561 2559 611 2595 τὴν
627 2559 685 2586 ὁδὸν
705 2559 752 2586 τοῦ
767 2560 880 2596 Κυρίου,
894 2560 940 2596 δῆ-

134 2605 179 2632 λον
203 2605 234 2632 δὲ
257 2605 301 2632 ὃτι
321 2605 372 2641 τὴν
397 2605 592 2642 εὑαγγελικὴν,
620 2606 800 2642 προεισὸολὴν
825 2607 939 2643 ἔχουσαν

135 2651 183 2687 τὴν
208 2651 256 2679 διὰ
287 2651 409 2683 πίστεως
433 2651 578 2687 κάθαρσιν.
617 2652 736 2678 Ἐοίκασι
759 2652 786 2678 δὲ
807 2653 856 2688 τὴν
880 2654 939 2680 ὁδὸν

137 2698 240 2734 Κυρίου
258 2697 408 2733 ζητοῦντες
432 2697 537 2733 μαθεῖν,
553 2698 603 2733 τῆς
620 2698 738 2734 ἀρχαίας
759 2699 868 2734 ἐκείνης
892 2701 940 2726 καὶ

135 2742 253 2779 βεϐήλου
281 2743 389 2779 πλάνης
420 2744 648 2779 προεισδὲξασθαι
676 2745 726 2780 τὴν
754 2746 937 2780 κατάγνωσιν.

137 2789 236 2817 Ἔσται
255 2789 313 2825 γὰρ
328 2789 390 2825 οὐχὶ
411 2789 514 2825 ἑτέρως
541 2791 569 2816 ὲν
593 2791 659 2825 ἡμῖν
674 2790 727 2817 τῶν
751 2790 894 2825 βελτιόνων
922 2793 938 2829 ὴ

137 2834 242 2869 ἔφεσις,
260 2835 301 2871 μὴ
321 2835 382 2871 οὐχὶ
403 2835 436 2872 δὴ
463 2835 572 2872 πρῶτον
596 2838 868 2872 προκατεγνωκότων
884 2839 939 2867 τῶν

172 2924 194 2940 ⁸³
215 2923 300 2953 Rom.
321 2931 340 2958 I,
355 2924 401 2952 2‘2.
440 2925 464 2941 ⁸⁸
482 2924 579 2954 Matth.
595 2934 622 2960 x,
638 2926 682 2954 Μ.

991 2330 1055 2357 bum
1077 2330 1182 2357 Domini
1204 2330 1254 2358 sibi
1276 2332 1464 2365 annuntietur,
1489 2339 1513 2361 et
1538 2336 1672 2371 recipiunt
1692 2345 1721 2366 se
1739 2339 1790 2366 itu-

990 2384 1034 2403 ros
1052 2376 1121 2402 viam
1138 2375 1259 2410 Domini,
1287 2378 1414 2405 nimirum
1432 2381 1628 2415 evangelicam,
1652 2383 1728 2417 cujus
1742 2384 1791 2411 ad-

991 2421 1044 2448 itus
1058 2427 1099 2448 est
1113 2422 1238 2455 purgatio
1253 2430 1302 2457 per
1316 2423 1406 2450 iidem.
1422 2424 1473 2458 Qui
1489 2430 1580 2454 autem
1597 2428 1666 2455 viam
1684 2429 1790 2457 Domini

991 2468 1102 2503 cupiunt
1122 2468 1237 2501 discere,
1257 2469 1401 2497 inveterati
1420 2471 1492 2499 illius
1512 2477 1538 2499 ct
1560 2474 1667 2508 profani
1688 2477 1791 2505 erroris

994 2515 1248 2542 condemnationem
1271 2515 1397 2542 videntur
1420 2522 1483 2544 ante
1504 2520 1655 2554 suscipere.
1684 2522 1792 2558 Alioqui

996 2568 1047 2587 non
1073 2560 1126 2587 erit
1157 2560 1183 2587 in
1213 2560 1293 2588 nobis
1320 2561 1363 2588 illa
1395 2563 1538 2591 meliorum
1566 2567 1707 2601 expetitio,
1738 2569 1791 2597 nisi

995 2607 1069 2641 prius
1082 2611 1173 2634 vetera
1187 2607 1274 2641 prima
1292 2608 1496 2637 damnantibus.
1510 2611 1576 2644 Quis
1588 2619 1653 2648 ergo
1667 2614 1719 2642 illis
1733 2620 1793 2643 erat

995 2653 1189 2688 mystagogus?
1210 2653 1276 2687 Quis
1295 2654 1407 2682 deduxit
1422 2657 1454 2682 ad
1469 2658 1637 2691 agnitionem
1655 2661 1790 2695 veritatis,

995 2704 1022 2726 et
1046 2699 1179 2734 persuasit
1203 2700 1253 2733 eis,
1282 2705 1310 2726 ut
1335 2701 1422 2734 prima
1447 2703 1639 2733 existimarent
1664 2707 1790 2740 ridicula,

994 2752 1021 2773 et
1032 2747 1064 2773 ad
1073 2746 1227 2781 posteriora
1242 2748 1438 2775 occurrerent?
1449 2749 1546 2777 Annon
1568 2752 1689 2779 videlicet
1704 2752 1792 2780 Deus?

995 2793 1052 2827 qui,
1068 2797 1096 2819 ut
1115 2792 1180 2826 dixi,
1197 2792 1304 2820 illorum
1319 2795 1454 2824 mentibus
1472 2801 1500 2824 et
1524 2798 1600 2825 cordi
1625 2799 1723 2833 illuxit,
1740 2801 1790 2829 ad-

994 2839 1125 2875 duxitquc
1139 2845 1168 2868 ut
1184 2840 1306 2870 dicerent
1324 2843 1404 2871 simul
1419 2849 1444 2871 et
1458 2845 1593 2873 sentirent
1609 2854 1615 2873 ί
1636 2854 1646 2872 ι
1667 2846 1706 2874 Ex
1723 2846 1790 2876 Sion
