4100 6470
548 375 608 433 7i
1576 369 1634 425 S.
1673 366 1951 424 CYRILLI
1991 365 2459 423 ALEXANDRINI
2502 365 2822 422 ARCHIEP.
3744 362 3814 416 7?.

550 497 860 566 egredietur
893 496 1001 560 lex,
1036 501 1090 550 et
1133 492 1354 546 verbum
1390 487 1602 542 Domini
1634 488 1701 540 de
1748 484 2074 540 Jerusalem.
2113 502 2119 535 ι

2241 485 2431 539 πάλαι.
2469 485 2564 548 Τίς
2597 483 2690 538 οὖν
2731 484 2840 554 ἄρα
2883 481 3101 551 γέγονεν
3135 481 3316 544 αὐτοῖς
3351 481 3380 535 6
3419 479 3812 552 μυσταγωγός;

597 592 702 647 uod
749 589 1018 659 geminum
1059 597 1276 640 sensum
1321 580 1504 634 habet.
1548 579 1657 633 Aut
1699 577 1844 633 enim
1880 578 2008 632 illud
2046 577 2134 631 di-

547 696 702 750 cunt,
728 683 838 738 Nos
863 682 1083 736 verbum
1133 694 1162 732 a
1191 678 1354 732 domo
1388 675 1486 732 Dei
1527 673 1889 745 accipiemus;
1922 684 1977 730 et
2011 691 2134 730 cum

545 777 616 832 ibi
661 776 924 830 fuerimus
963 774 1186 827 verbum
1231 769 1324 824 Dei
1375 782 1786 839 cognoscemus.
1834 767 1945 823 Aut
1987 769 2132 838 quod

543 867 631 920 lex
675 865 892 935 reliquit
918 865 1085 928 Sion,
1129 873 1186 918 et
1231 877 1296 918 ex
1331 876 1395 918 ea
1450 859 1613 915 veluti
1663 859 1944 927 migravit,
1977 870 2033 916 et
2065 861 2133 918 ab

540 956 842 1012 Jerusalem
876 956 970 1011 Dei
1003 955 1242 1011 Verbum
1271 953 1527 1009 excessit.
1571 950 1870 1020 Postquam
1896 952 2039 1006 enim
2079 953 2131 1007 in

540 1047 817 1103 Christum
839 1048 1156 1103 debacchati
1187 1056 1333 1114 sunt,
1361 1056 1417 1101 et
1444 1059 1672 1114 regnum
1699 1044 1818 1113 ejus
1847 1052 2131 1115 negarunt,

540 1158 636 1198 eos
665 1143 886 1212 reliquit
931 1142 1204 1213 orphanos
1231 1151 1287 1195 et
1313 1142 1510 1207 orbos;
1543 1137 1786 1206 illudque
1818 1138 2019 1194 dictum
2049 1147 2134 1194 est

540 1249 638 1304 per
671 1235 988 1304 prophetam
1023 1254 1038 1290 :
1077 1253 1096 1286 ι
1132 1232 1199 1286 Ει
1233 1232 1344 1288 dixi
1379 1251 1392 1287 :
1424 1230 1542 1286 Non
1591 1244 1810 1301 pascam
1848 1246 1968 1296 vos,
2015 1247 2134 1287 mo-

543 1327 690 1380 riens
721 1330 1002 1390 moriatur,
1031 1335 1088 1380 et
1119 1326 1379 1381 deﬁciens
1403 1325 1636 1390 deliciat,
1668 1332 1722 1379 et
1752 1324 1981 1394 posthac
2006 1322 2134 1378 edat

540 1418 770 1486 quisque
799 1418 1036 1488 proximi
1087 1419 1169 1473 sui
1203 1432 1398 1473 carnes
1427 1417 1494 1472 ⁸⁵.
1533 1437 1552 1469 ι
1575 1402 1766 1487 Itaque
1787 1416 1874 1471 lex
1915 1429 2131 1485 egressa

538 1518 622 1564 est
651 1524 715 1564 ex
767 1511 922 1576 Sion,
955 1518 1009 1563 et
1039 1511 1258 1563 verbum
1297 1509 1508 1564 Domini
1544 1510 1614 1564 de
1645 1507 1972 1564 Jerusalem.
2004 1505 2133 1562 Post

540 1601 850 1656 Servatoris
887 1601 1030 1654 enim
1065 1615 1280 1655 crucem
1324 1601 1608 1670 obsignata
1637 1608 1723 1656 est
1754 1599 1892 1654 visio
1921 1608 1976 1654 et
2006 1612 2133 1669 pro-

539 1695 759 1763 phetia:
799 1709 899 1750 nec
925 1693 1156 1764 amplius
1183 1694 1322 1762 apud
1356 1693 1505 1761 ipsos
1547 1691 1638 1747 Dei
1679 1691 1766 1746 lex
1810 1699 1866 1747 et
1905 1692 2130 1745 verbum

539 1784 661 1838 fuit.
695 1783 928 1854 ideoque
957 1784 1174 1851 divinus
1202 1782 1403 1838 Paulus
1434 1791 1642 1836 tantum
1668 1797 1777 1838 non
1805 1781 2128 1852 desperans,

2237 576 2333 639 Τίς
2365 578 2393 629 6
2442 575 2731 645 ἀναφέρων
2769 575 2848 635 εἰς
2893 571 3186 638 ἐπίγνωσιν
3232 567 3513 638 ἀληθείας,
3549 567 3814 629 καὶάνα-

2236 667 2438 721 πείθων
2459 666 2657 729 αὐτοὺς
2688 663 3068 731 καταγέλαστα
3101 661 3201 731 μὲν
3229 661 3480 733 ἡγεῖσθαι
3504 661 3574 713 τὰ
3598 659 3810 732 πρῶτα,

2236 759 2591 830 προστρέχειν
2619 758 2673 811 δὲ
2717 759 2831 820 τοῖς
2861 755 3170 826 δευτέροις;
3205 753 3237 826 ἢ
3281 754 3524 824 δηλονότι
3573 752 3738 817 Θεὸς;
3785 756 3816 808 6

2235 853 2329 905 καὶ
2350 850 2628 921 ἐλλάμψας
2656 850 2860 914 αὐτοῖς,
2883 847 2959 912 ὼς
2991 846 3146 918 ἔφην,
3175 847 3255 910 είς
3286 845 3410 900 νοῦν
3445 845 3536 900 καὶ
3563 844 3812 916 καρδίαν,

2235 943 2328 996 καὶ
2365 942 2667 1004 ἀναπείσας
2704 941 2880 994 εἰπεῖν
2904 956 2966 991 τε
2994 937 3111 1008 ἅμα
3146 939 3239 991 καὶ
3269 940 3508 1010 φρονεῖν,
3534 938 3616 991 ὅτι
3655 955 3674 989 ι
3713 937 3810 989 Ἐκ

2236 1035 2375 1088 Σιὼν
2404 1034 2741 1101 ἐξελεύσεται
2772 1033 2956 1103 νόμος,
2984 1031 3079 1084 καὶ
3103 1030 3260 1099 λόγος
3286 1030 3492 1100 Κυρίου
3516 1030 3575 1096 ἐξ
3612 1030 3814 1101 Ἰερου-

2236 1127 2438 1198 σαλήμ.
2477 1145 2496 1178 ι
2543 1125 2736 1178 Ὠδίνει
2762 1124 2819 1178 δέ
2845 1123 3004 1177 τοῦτο
3040 1122 3234 1195 διπλῆν
3260 1123 3344 1192 ἐφ’
3387 1120 3566 1192 ἐαυτῷ
3594 1121 3692 1191 τὴν
3723 1120 3812 1173 ἐν·

2233 1237 2403 1274 νοιαν.
2441 1221 2511 1272 Ἢ
2553 1219 2662 1290 γὰρ
2693 1217 2867 1271 ἐκεῖνό
2897 1233 3081 1285 φασιν,
3110 1215 3192 1268 ὅτι
3233 1211 3532 1284 Ληψόμεθα
3560 1212 3718 1280 λόγον
3747 1213 3814 1267 ἐκ

2231 1315 2327 1369 τοῦ
2357 1312 2506 1368 οἴκου
2534 1312 2626 1365 τοῦ
2658 1310 2816 1376 Θεοῦ,
2849 1310 2944 1364 καὶ
2971 1309 3060 1362 τὸν
3084 1307 3176 1362 τοῦ
3207 1305 3342 1360 Θεοῦ
3385 1305 3543 1373 λόγον
3569 1305 3689 1357 ἐκεῖ
3721 1321 3815 1372 γε-

2234 1407 2451 1475 γονὸτες
2479 1402 2737 1473 εἰσόμεθα
2756 1419 2768 1433 ·
2802 1403 2836 1473 ἢ
2868 1402 2951 1455 ὅτι
3005 1398 3358 1454 καταλέλοιπε
3386 1398 3485 1467 τὴν
3529 1395 3690 1460 Σιὼν,
3721 1396 3816 1448 καὶ

2231 1495 2344 1552 οἷον
2377 1496 2678 1566 ἐκϐέϐηκεν
2710 1494 2805 1548 ἀπ’
2833 1491 3004 1562 αὐτῆς
3031 1492 3059 1544 6
3086 1490 3270 1561 νόμος,
3304 1488 3396 1542 καὶ
3427 1485 3536 1540 ἀπὸ
3574 1485 3674 1556 τῆς
3717 1485 3812 1536 Ἰε-

2233 1591 2519 1665 ρουσαλὴμ
2547 1587 2987 1659 ἀποπεφοίτηκεν
3012 1586 3040 1638 ὁ
3061 1582 3155 1637 τοῦ
3178 1581 3314 1636 Θεοῦ
3350 1581 3543 1650 Λόγος.
3595 1578 3812 1650 Ἐπειδὴ

2231 1684 2340 1755 γὰρ
2366 1682 2830 1752 πεπαρῳνήκασιν
2874 1680 2952 1741 είς
2994 1675 3250 1747 Χριστὸν,
3281 1672 3593 1745 ἡρνήσαντό
3623 1689 3684 1725 τε
3712 1672 3812 1741 τὴν

2235 1771 2510 1842 βασιλείαν
2555 1769 2745 1837 αὐτοῦ,
2784 1767 3176 1823 καταλέλοιπεν
3217 1765 3432 1830 αὐτοὺς,
3464 1763 3558 1818 καὶ
3597 1761 3813 1832 ἀφῆκεν

537 1883 591 1930 et
629 1853 1080 1931 inemendabilem
1128 1873 1438 1929 Judaeorum
1472 1875 1682 1929 turbam
1728 1875 2075 1943 conspicatus
2107 1887 2119 1926 :

2228 1863 2520 1936 ὀρφανούς.
2568 1863 2679 1916 Καὶ
2719 1862 2878 1916 τοῦτο
2903 1857 2971 1931 ἦν
2998 1862 3058 1914 τὸ
3087 1859 3175 1913 διὰ
3207 1857 3303 1911 τοῦ
3338 1857 3620 1928 προφήτου
3656 1853 3813 1922 λεγό-

542 1985 562 2019 ι
617 1967 811 2033 Vobis,
865 1986 885 2019 ι
945 1968 1136 2038 inquit,
1189 1985 1209 2019 ι
1265 1981 1491 2022 necesse
1540 1977 1659 2022 erat
1711 1967 1856 2035 loqui
1897 1967 2122 2020 verbum

537 2059 753 2114 Domini
787 2077 799 2112 :
829 2067 1116 2129 postquam
1151 2067 1328 2114 autem
1378 2057 1650 2128 repulistis
1697 2057 1853 2120 illud,
1891 2067 1947 2112 et
1981 2057 2123 2111 indi-

535 2166 670 2220 gnos
704 2166 797 2206 vos
843 2151 1020 2206 facitis
1058 2160 1262 2205 aeterna
1295 2150 1436 2217 vita,
1482 2162 1610 2205 ecce
1645 2148 2015 2203 convertimur
2054 2147 2124 2202 ad

537 2253 746 2312 gentes.
807 2242 899 2298 Sic
956 2244 1102 2299 enim
1159 2242 1415 2313 praecepit
1453 2241 1630 2296 nobis
1687 2239 1945 2295 Dominus
1981 2239 2051 2293 ⁸⁸.
2095 2255 2116 2292 ι

536 2335 696 2391 Disce
725 2337 885 2406 igitur
939 2351 1048 2406 quo
1081 2345 1238 2406 pacto
1269 2337 1320 2390 in
1355 2337 1527 2405 gratia
1562 2333 1658 2390 Dei
1685 2331 1957 2390 exsultent
1991 2346 2121 2403 gen-

539 2435 641 2481 tes.
672 2425 806 2480 Nam
839 2441 904 2481 ex
941 2427 1072 2482 Sion
1125 2439 1179 2481 et
1224 2425 1527 2484 Jerusalem
1563 2426 1732 2495 legem
1785 2434 1843 2480 et
1897 2423 2120 2479 verbum

536 2516 750 2572 Domini
796 2520 1086 2575 recessisse
1111 2519 1318 2584 dicunt,
1369 2518 1700 2588 omninoque
1749 2518 1816 2570 ad
1848 2530 1907 2571 se
1945 2515 2119 2570 demi-

533 2625 742 2679 grasse.
816 2609 1052 2664 Transiit
1105 2611 1249 2664 enim
1304 2611 1477 2679 gratia
1523 2611 1590 2666 ab
1640 2611 1753 2674 his,
1807 2609 1898 2678 qui
1960 2608 2118 2662 ﬁdem

536 2703 820 2758 voluerunt
871 2704 1136 2773 rejicere,
1186 2703 1254 2757 ad
1307 2718 1404 2758 eos
1449 2704 1540 2773 qui
1592 2716 1690 2772 per
1735 2701 1894 2755 ﬁdem
1944 2698 2120 2755 vocati

532 2805 680 2848 sunt.

2232 1975 2395 2029 μενον
2416 1975 2431 1990 ο
2466 1975 2486 2009 ι
2519 1955 2632 2010 Καὶ
2661 1950 2812 2021 εἶπα,
2839 1955 2898 2008 οὑ
2943 1953 3018 2024 μὴ
3063 1949 3314 2019 ποιμανῶ
3345 1949 3490 2020 ὑμᾶς
3510 1965 3524 1979 ·
3568 1946 3630 1999 τὸ
3673 1946 3812 1999 ἀπο-

2227 2049 2463 2120 θνῆσκον
2503 2047 2916 2118 ἀποθνησκέτω.
2955 2044 3053 2099 καὶ
3093 2043 3154 2097 τὸ
3183 2042 3436 2095 ἐκλεῖπον
3484 2036 3808 2101 ἐκλειπέτω,

2227 2143 2324 2197 καὶ
2358 2143 2427 2196 τά
2476 2141 2781 2195 κατάλοιπα
2835 2138 3063 2192 ἐσθιέτω
3096 2135 3383 2208 ἄνθρωπος
3432 2133 3662 2196 ἕκαστος
3704 2130 3810 2195 τὰς

2229 2239 2439 2310 σάρκας
2465 2233 2561 2289 τοῦ
2591 2233 2818 2305 πλησίον
2843 2231 3030 2287 αὐτοῦ.
3072 2250 3090 2282 ι
3137 2228 3393 2298 Ἐξῆλθεν
3433 2225 3612 2280 τοίνυν
3645 2224 3812 2294 νόμος

2228 2329 2294 2382 ἐκ
2353 2330 2453 2398 τῆς
2497 2325 2657 2390 Σιὼν,
2710 2323 2806 2377 καὶ
2851 2321 3008 2391 λόγος
3065 2320 3272 2392 Κυρίου
3327 2316 3387 2383 ἐξ
3427 2314 3806 2388 Ἰερουσαλήμ.

2241 2417 2614 2492 Ἐσφραγίσθη
2654 2415 2764 2486 γὰρ
2804 2416 2992 2485 ὅρασις
3039 2413 3135 2467 καὶ
3181 2409 3488 2483 προφητεία
3521 2405 3660 2478 μετά
3704 2403 3812 2458 τδν

2227 2511 2321 2567 τοῦ
2357 2511 2607 2582 Σωτῆρος
2640 2508 2893 2578 σταυρόν.
2923 2507 3033 2560 Καὶ
3069 2503 3252 2558 οὐκέτι
3279 2502 3408 2574 παρ’
3437 2501 3622 2564 αὐτοῖς
3657 2499 3686 2552 6
3710 2496 3810 2553 τοῦ

2227 2605 2364 2661 Θεοῦ
2390 2605 2554 2676 νόμος
2577 2621 2637 2657 τε
2668 2603 2762 2656 καὶ
2789 2601 2965 2669 λόγος.
3002 2599 3111 2654 Καὶ
3131 2597 3259 2668 γοῦν
3285 2599 3314 2651 ό
3342 2594 3630 2657 θεσπέσιος
3657 2591 3812 2646 Παῦ-

2228 2697 2319 2761 λος
2347 2695 2632 2768 μονονουχὶ
2656 2694 2752 2748 καὶ
2780 2689 3116 2762 ἀπειρηκὼς,
3163 2690 3257 2744 καὶ
3285 2686 3642 2758 ἀνουθέτητον
3686 2683 3812 2754 βλέ-

2219 2807 2336 2844 πων
2359 2789 2461 2860 τὴν
2487 2787 2596 2841 τῶν
2636 2783 2905 2839 Ἰουδαίων
2926 2781 3156 2852 πληθὺν,
3191 2799 3210 2832 ι
3233 2781 3415 2851 Ὑμῖν,
3441 2799 3457 2831 ι
3485 2779 3704 2849 φησὶν,›
3736 2770 3809 2847 ἦν

532 2887 831 2955 ἀναγκαῖον
880 2885 1176 2957 λαληθῆναι
1202 2887 1293 2941 τὸν
1341 2885 1501 2956 λόγον
1545 2886 1642 2940 τοῦ
1673 2887 1882 2959 Κυρίου
1905 2904 1916 2918 ’
1945 2885 2136 2958 ἐπειδὴ
2171 2882 2230 2938 δέ
2265 2879 2571 2936 ἀπωθεῖσθε
2612 2877 2797 2941 αὐτὸν,
2859 2874 2953 2928 καὶ
2979 2874 3080 2926 οὐκ
3117 2872 3300 2937 ἀξίους
3329 2872 3546 2942 κρίνετε
3579 2871 3811 2935 ἑαυτοὺς

531 2981 634 3048 τῆς
673 2979 892 3034 αἰωνίου
944 2980 1110 3052 ζωῆς,
1164 2982 1272 3035 ῑδοὺ
1317 2983 1664 3053 στρεφόμεθα
1704 2985 1783 3046 είς
1831 2983 1903 3036 τὰ
1954 2982 2116 3053 ἐθνη’
2194 2979 2337 3035 οὕτω
2409 2977 2518 3048 γάρ
2565 2973 2883 3029 ἐντέταλκεν
2924 2971 3065 3042 ἡμῖν
3106 2970 3134 3022 6
3177 2967 3403 3038 Κύριος.
3455 2986 3475 3020 ι
3517 2966 3682 3029 Σύνες
3709 2962 3808 3020 οὖν

529 3074 678 3137 ὅπως
731 3073 826 3127 ἐπὶ
865 3077 932 3146 τῇ
979 3073 1075 3127 τοῦ
1127 3075 1365 3144 Χριστοῦ
1422 3076 1607 3148 χάριτι
1649 3075 2116 3147 μεγαλαυχοῦνται
2191 3075 2259 3128 τὰ
2303 3071 2453 3142 ἔθνη.
2511 3067 2644 3122 Ἀπὸ
2677 3066 2788 3137 γάρ
2841 3065 2938 3135 τῆς
3005 3062 3144 3117 Σιὼν
3183 3064 3277 3115 καὶ
3311 3065 3410 3135 τῆς
3452 3061 3811 3133 Ἰερουσαλὴμ.

530 3169 892 3239 ἐκϐεϐηκέναι
937 3170 1071 3240 φασὶ
1109 3171 1272 3242 νόμον
1304 3189 1365 3225 τε
1411 3173 1506 3227 καὶ
1535 3172 1691 3242 λόγον
1722 3173 1814 3227 τοῦ
1861 3173 2069 3246 Κυρίου
2094 3214 2110 3241 ,
2166 3169 2563 3243 μεταφοιτῆσαι
2599 3167 2657 3222 δὲ
2721 3165 2940 3228 πάντως
2973 3163 3054 3227 είς
3106 3161 3266 3218 αὑτά.
3295 3159 3658 3231 Μεταϐέϐηκε
3695 3159 3809 3230 γὰρ

529 3267 564 3335 ἡ
590 3266 749 3336 χάρις
771 3267 835 3318 ἐκ
857 3263 968 3318 τῶν
1004 3265 1251 3320 ἀπειθεῖν
1277 3267 1547 3337 ἑλομένων
1584 3271 1664 3333 είς
1710 3269 1837 3332 τοὺς
1865 3268 1954 3322 διὰ
1996 3269 2095 3338 τῆς
2123 3267 2361 3328 πίστεως
2393 3262 2789 3333 κεκλημένους.

600 3361 714 3432 38
751 3359 920 3417 Vens.
949 3362 1005 3417 4.
1049 3361 1115 3416 Ει
1147 3363 1409 3432 judicabit
1441 3365 1577 3420 inter
1614 3375 1811 3436 gentes,
1841 3374 1890 3421 et
1929 3375 2111 3436 arguet

2287 3360 2400 3416 Kal
2447 3358 2641 3430 κρινεῖ
2679 3356 2992 3425 ἀναμέσον
3029 3351 3149 3408 τῶν
3180 3351 3393 3417 ἐθνῶν,
3443 3350 3543 3405 καὶ
3569 3347 3807 3419 ἐλέγξει

527 3457 776 3522 pupulum
804 3457 1049 3522 multum,
1083 3465 1132 3510 et
1169 3459 1488 3513 contundent
1517 3458 1724 3527 gladios
1746 3475 1868 3514 suos
1893 3460 1950 3513 in
1989 3475 2118 3512 ara-

528 3556 633 3613 tra,
675 3559 723 3600 et
761 3547 970 3600 lanceas
1005 3564 1128 3602 suas
1168 3549 1224 3602 in
1263 3549 1447 3618 falces,
1479 3561 1525 3604 et
1558 3567 1663 3604 non
1690 3561 1858 3605 sumet
1901 3568 2026 3622 gens
2064 3554 2120 3605 in

527 3647 732 3707 gentem
762 3638 1032 3706 gladium,
1089 3655 1250 3710 neque
1295 3641 1494 3694 discent
1531 3643 1756 3710 amplius
1802 3640 1995 3695 bellum
2029 3658 2116 3713 ge-

529 3745 664 3784 rere.

598 3821 730 3874 Cum
764 3821 1075 3891 praedixerit
1107 3822 1407 3891 potentiam
1455 3821 1654 3879 diaboli
1684 3838 1933 3879 casuram
1977 3831 2033 3879 et
2064 3824 2118 3878 in

527 3912 754 3967 nihilum
805 3913 1111 3981 abituram,
1162 3915 1540 3987 idolorumqne
1590 3917 1859 3973 ﬁctionem
1909 3917 2117 3972 irritam

527 4020 854 4073 cassamque
892 4006 1153 4070 futuram,
1186 4008 1571 4064 exhortatione
1598 4017 1780 4063 mutua
1809 4008 1914 4063 sibi
1944 4009 2120 4063 accla-

526 4095 802 4151 mantibus
856 4097 1107 4166 gentibus
1149 4116 1162 4153 :
1204 4116 1224 4150 ι
1277 4099 1479 4153 Adeste
1534 4109 1590 4154 et
1641 4101 2003 4156 ascendamus
2064 4100 2118 4155 in

525 4197 769 4240 montem
812 4187 1062 4254 Domini,
1097 4199 1151 4242 et
1198 4190 1250 4244 in
1302 4191 1522 4245 domum
1575 4190 1667 4245 Dei
1701 4189 1890 4256 Jacoh,
1937 4201 1991 4247 et
2020 4207 2119 4246 an-

526 4280 799 4335 nuntiabit
827 4282 983 4337 nobis
1011 4285 1153 4337 viam
1181 4299 1356 4350 suam,
1375 4293 1431 4338 et
1468 4285 1866 4342 ambulabimus
1893 4286 1946 4341 in
1980 4301 2066 4353 ea,
2093 4305 2112 4338 ι

523 4372 740 4438 tempus
765 4371 834 4425 ob
863 4372 1051 4427 oculos
1081 4375 1385 4430 auditorum
1417 4377 1696 4431 constituit
1721 4396 1734 4432 :
1767 4392 1875 4449 quo
1903 4394 1962 4433 ea
1997 4393 2119 4448 qua:

524 4472 950 4516 commemorata
1007 4470 1132 4516 ante
1196 4474 1325 4518 sunt
1367 4464 1432 4517 ad
1470 4467 1630 4519 linem
1673 4467 2022 4535 pervenient,
2065 4473 2119 4520 et

521 4563 592 4602 ex
623 4550 738 4620 ipsa
771 4567 950 4612 rerum
976 4555 1289 4610 conditione
1331 4557 1461 4612 facit
1491 4558 1878 4613 clarissimum.
1906 4559 2116 4614 Etenim

521 4640 650 4697 olim
681 4660 808 4699 eum
845 4653 988 4700 terra
1017 4663 1124 4702 non
1157 4657 1303 4704 esset
1336 4651 1427 4704 uni
1454 4650 1586 4721 jugo
1616 4651 1854 4717 subdita,
1886 4654 1980 4707 sed
2019 4669 2117 4723 per

2220 3453 2374 3509 λαὸν
2406 3454 2606 3508 πολύν
2629 3469 2642 3482 ·
2678 3451 2778 3505 καὶ
2813 3449 3203 3520 συγκόψουσι
3240 3446 3347 3512 τὰς
3368 3444 3667 3515 μαχαῲας
3693 3445 3806 3496 αὐ-

2220 3547 2340 3601 τῶν
2381 3549 2467 3612 είς
2518 3545 2756 3613 ἄροτρα,
2799 3541 2898 3597 καί
2939 3541 3046 3608 τὰς
3092 3539 3328 3603 ζὶϐὐνας
3363 3538 3562 3592 αὐτῶν
3599 3537 3684 3601 εὶς
3732 3534 3805 3588 τὰ

2220 3640 2504 3709 δρέπανα.
2547 3639 2657 3693 Καὶ
2697 3639 2769 3691 οὺ
2811 3635 3070 3705 λήψεται
3119 3635 3295 3700 ἔθνος
3338 3631 3436 3686 ἐπὶ
3489 3631 3663 3696 ἔθνος
3697 3629 3808 3700 μά-

2220 3749 2457 3802 χαιραν,
2493 3730 2592 3784 καί
2623 3731 2696 3784 οὺ
2726 3731 2812 3799 μὴ
2841 3727 3117 3798 μάθωσιν
3159 3728 3247 3781 ἔτι
3277 3723 3585 3795 πολεμεῖν.

2292 3823 2644 3896 Προειρηκὼς
2669 3824 2748 3876 ὅτι
2782 3823 3033 3876 πεσεῖταί
3060 3838 3117 3875 τε
3145 3821 3240 3876 καὶ
3268 3821 3549 3892 οἰχήσεται
3581 3817 3714 3889 πρὸς
3741 3815 3806 3870 τὸ

2223 3917 2392 3988 μηδὲν
2419 3917 2481 3970 τὸ
2507 3916 2602 3970 τοῦ
2624 3915 2871 3969 διαϐόλου
2903 3916 3104 3986 κράτος
3121 3931 3134 3946 °
3165 3915 3397 3986 ἀργήσει
3425 3913 3482 3966 δέ
3508 3911 3602 3965 καὶ
3627 3913 3660 3982 ἡ
3693 3909 3805 3965 τῶν

2221 4006 2456 4061 εἰδώλων
2475 4007 2692 4077 ποίησις
2714 4005 3098 4076 προτροπάδην
3118 4003 3364 4075 ἀλλήλων
3384 4000 3805 4070 ἐπιφωνούντων

2221 4098 2414 4152 ἐθνῶν·
2441 4116 2460 4150 ι
2483 4097 2666 4160 Δεῦτε,
2692 4096 2980 4166 ἀναϐὦμεν
3002 4097 3081 4159 είς
3109 4095 3169 4148 τὸ
3199 4094 3323 4164 ὄρος
3337 4093 3431 4146 τοῦ
3457 4093 3683 4162 Κυρίου,
3704 4091 3805 4146 καὶ

2221 4191 2301 4252 είς
2324 4189 2415 4244 τὸν
2435 4183 2584 4242 οἷκον
2610 4187 2704 4241 τοῦ
2733 4185 2876 4239 Θεοῦ
2897 4185 3110 4250 Ἰακὼϐ,
3127 4185 3224 4238 καὶ
3245 4184 3532 4253 ἀναγγελεῖ
3553 4184 3683 4253 ἡμῖν
3701 4181 3804 4254 τὴν

2218 4266 2338 4336 δδδν
2354 4280 2542 4345 αὑτοῦ,
2562 4281 2656 4335 καὶ
2672 4278 3051 4350 πορευσόμεθα
3073 4280 3129 4333 ἐν
3153 4278 3312 4350 αὐτῇ·
3342 4296 3360 4330 ι
3381 4276 3671 4348 καθίστησι
3688 4279 3804 4340 τοῖς

2219 4373 2592 4446 ἀκροωμένοις
2618 4371 2823 4443 ἐναργῆ
2839 4371 2929 4424 τὸν
2947 4370 3158 4441 καιρὸν,
3185 4370 3305 4424 καθ’
3319 4371 3378 4424 ὃν
3394 4371 3474 4435 είς
3492 4372 3664 4440 πέρας
3677 4369 3802 4439 ἥξει

2219 4469 2289 4521 τά
2332 4467 2709 4538 προειρημένα
2729 4506 2743 4530 ,
2781 4465 2875 4520 καὶ
2901 4465 2960 4530 ἐξ
2986 4465 3155 4534 αὐτῆς
3182 4465 3282 4536 τῆς
3320 4465 3428 4517 τῶν
3456 4463 3803 4536 πραγμάτων

2221 4559 2608 4619 καταστάσεως
2629 4561 2860 4611 ποιεῖται
2884 4554 3328 4628 γνωριμώτατον.
3350 4556 3524 4609 Πάλαι
3548 4555 3647 4626 μὲν
3664 4555 3799 4625 γὰρ,

2220 4649 2319 4702 οὐκ
2347 4648 2516 4720 οὔσης
2541 4651 2640 4721 τῆς
2673 4651 2777 4720 γῆς
2821 4649 2927 4703 ὑπὸ
2969 4646 3132 4717 ζυγὸν
3165 4647 3282 4711 ἕνα,
3332 4646 3701 4720 διωρισμένων
3742 4646 3803 4702 δὲ

523 4733 770 4791 civitates
829 4745 886 4793 et
948 4740 1195 4810 regiones
1257 4717 1719 4812 distinguerentur
1767 4717 2112 4816 gentem-et

2223 4744 2362 4798 κατά
2400 4717 2478 4796 τε-
2502 4717 2694 4816 χώρας
2719 4717 2812 4798 καὶ
2854 4743 3038 4806 πόλεις
3079 4741 3190 4797 τῶν
3233 4717 3443 4806 ἐθνῶν(
3481 4717 3574 4796 καὶ
3615 4741 3802 4804 ίδικῶς

520 4841 752 4897 quaeque
784 4829 1062 4899 sigillatim
1094 4847 1252 4887 suum
1286 4833 1514 4889 haberet
1543 4836 1733 4890 ducem
1761 4876 1776 4902 ,
1825 4837 2106 4894 dissidium

520 4925 659 4982 erat,
695 4927 751 4973 et
788 4917 934 4973 nulla
969 4921 1248 4975 hominum
1295 4923 1578 4991 permistio
1622 4931 1716 4978 aut
1749 4926 2105 4993 consociatio,

520 5009 615 5063 sed
645 5025 839 5081 pugna:
865 5021 920 5066 et
948 5012 1086 5066 bella
1113 5013 1287 5068 ubivis
1318 5014 1560 5082 gentium
1597 5017 1950 5086 perdentibus
1984 5034 2108 5077 sese

518 5108 707 5154 mutuo
746 5110 906 5155 terra:
958 5101 1382 5167 habitatoribus,
1421 5111 1475 5158 et
1524 5118 1741 5177 semper
1778 5107 1984 5163 alienas
2021 5123 2108 5164 res

519 5189 916 5257 diripientibus,
942 5203 991 5245 et
1035 5193 1286 5262 rapinam
1318 5211 1382 5249 ac
1412 5193 1703 5262 feritatem,
1735 5209 1924 5254 contra
1959 5215 2096 5270 quos

518 5282 753 5350 quisque
789 5291 1022 5350 poterat,
1057 5285 1283 5353 gloriam
1321 5302 1587 5342 summam
1631 5303 1753 5344 esse
1776 5291 2098 5347 existiman—

518 5373 684 5429 tibus.
746 5372 857 5429 Nec
913 5376 1076 5445 igitur
1114 5385 1284 5433 tutam
1326 5381 1714 5438 habitationem
1771 5385 2097 5454 habuerunt,

517 5480 734 5534 semper
777 5471 1072 5537 migrantes
1103 5471 1169 5524 ad
1200 5472 1451 5541 alteram,
1483 5481 1535 5526 et
1565 5473 1630 5528 ab
1657 5488 1718 5528 ea
1749 5489 1909 5544 quam
1937 5489 2101 5529 occu-

515 5565 713 5625 parant
764 5558 1034 5615 deturbati
1087 5577 1118 5616 a
1174 5564 1593 5633 potentioribus.
1653 5565 1920 5622 Caeterum
1973 5581 2096 5620 cum

519 5645 895 5705 universorum
975 5653 1114 5710 Deus
1177 5655 1547 5713 Romanorum
1614 5659 1844 5729 sceptris
1908 5657 2096 5713 orbem

487 5915 499 5920 _
586 5833 631 5866 "
658 5832 821 5890 Zach.
858 5853 934 5906 ιιι,
969 5838 1021 5894 9.
1096 5840 1141 5872 ⁸⁵
1172 5841 1294 5895 Act.
1331 5857 1450 5908 xui,
1487 5841 1574 5894 46.

2217 4838 2458 4910 ἑκάστης
2507 4837 2740 4909 ἐχούσης
2783 4836 2874 4891 τὸν
2918 4836 3238 4907 ἡγούμενον,
3271 4835 3467 4906 ἀμιξία
3505 4851 3565 4886 τε
3595 4828 3663 4905 ῆν
3702 4832 3801 4888 καὶ

2218 4930 2390 5002 μάχαι
2419 4932 2513 4986 καὶ
2546 4931 2795 5001 πόλεμοι,
2831 4929 3082 5000 πανταχῆ
3111 4927 3523 4999 καταδῃοῦντων
3555 4925 3799 4995 ἀλλήλων

2214 5022 2322 5077 τῶν
2352 5023 2446 5077 ἐπὶ
2486 5023 2586 5094 τῆς
2614 5023 2739 5092 γῆς,
2763 5023 2856 5077 κει)⁵
2901 5021 3309 5095 διαρπαζόντων
3341 5021 3428 5075 ἀεὶ
3466 5020 3534 5074 τά
3570 5019 3794 5090 ἑτέρων,

2215 5113 2309 5169 καὶ
2341 5115 2439 5184 τὴν
2485 5113 2608 5168 καθ’
2657 5108 2731 5167 ὧν
2773 5112 2842 5167 ἂν
2884 5112 3131 5167 δύναιντο
3200 5112 3422 5166 ἔκαστοι
3481 5107 3797 5174 πλεονεξίαν

2206 5205 2303 5258 καὶ
2369 5204 2709 5276 ἀγριότητα,
2762 5203 2918 5268 δόξαν
2979 5203 3273 5274 ἡγούμενοι
3352 5201 3451 5272 τὴν
3509 5198 3794 5254 ἀνωτάτω.

2203 5295 2411 5348 Οὐκοῦν
2441 5295 2560 5349 οὑδέ
2587 5295 2805 5366 ἀσφαλῆ
2837 5297 2937 5366 τὴν
2969 5295 3183 5366 οἴκησιν
3220 5289 3386 5366 εἶχον,
3414 5294 3500 5347 ἀεὶ
3536 5291 3794 5363 μεθιστά-

2203 5402 2356 5454 μενοι
2399 5387 2534 5457 πρὸς
2572 5387 2786 5458 ἐτέραν,
2824 5388 2919 5442 καὶ
2957 5388 3064 5441 ὑπὸ
3111 5387 3218 5440 τῶν
3266 5385 3654 5456 δυνατωτέρων
3692 5382 3796 5454 τῆς

2189 5472 2542 5549 ἐἰλημμένης
2584 5477 2963 5551 ἐξωθούμενοι.
3027 5477 3249 5550 Ἐπειδὴ
3295 5478 3353 5532 δὲ
3410 5477 3438 5529 6
3491 5477 3600 5529 τῶν
3655 5474 3794 5529 ὅλων

2206 5568 2339 5632 Θεὸς
2384 5573 2496 5635 τοῖς
2565 5571 2856 5642 Ῥωμαίων
2898 5571 3200 5643 σκήπτροις
3243 5570 3498 5642 ὑπήγαγε
3547 5567 3646 5638 τὴν
3698 5567 3793 5639 ὑπ’

2205 5659 2455 5730 οὐρανὸν,
2489 5661 2586 5733 μία
2628 5679 2687 5715 τε
2727 5661 2912 5718 λοιπὸν
2952 5663 2985 5732 ἡ
3031 5660 3175 5716 κατά
3222 5659 3462 5732 πάντων,
3502 5657 3793 5714 ἐκτέταται
