4100 6474
342 317 416 372 73
1535 313 1608 370 1N
1647 315 1884 371 lSAlAM
1924 315 2054 372 LIB.
2094 315 2136 372 ι.
2178 314 2387 373 ORAT.
2431 316 2497 371 ll.
3595 311 3662 374 ἠ

338 432 623 506 βασιλεία,
669 430 979 504 κατέληξαν
1036 435 1137 505 μὲν
1183 435 1235 488 oi.
1277 433 1529 505 πόλεμοι,
1570 435 1847 490 πέπαυται
1894 436 1944 490 δὲ

2060 447 2327 494 terrarum
2362 438 2738 506 submisisset,
2772 445 2828 495 et
2861 452 3033 493 unum
3070 436 3328 507 deinceps
3362 433 3562 505 ubique
3587 450 3664 490 re-

340 528 493 599 μάχη
542 526 645 580 καὶ
692 525 967 597 διχόνοια,
1022 525 1120 580 καὶ
1169 527 1516 599 κεκράτηκεν
1542 528 1577 599 ἡ
1610 526 1951 600 δικαιοσύνη,

331 619 433 674 καὶ
462 619 571 691 τῆς
620 619 889 691 εὐνομίας
915 618 982 673 τὸ
1014 619 1282 690 ἀσφαλὲς,
1324 620 1541 685 οὐδενὸς
1576 620 1915 692 ἁρπάζοντος
1937 638 1951 652 ·

328 715 395 770 ού
438 713 858 787 καταδῃοῦντος
903 713 987 768 ἔτι
1009 755 1024 780 ,
1066 715 1160 769 καὶ
1217 715 1427 771 πόλεων
1474 717 1507 790 ἢ
1545 717 1742 789 χωρῶν
1789 736 1956 772 κατα-

333 807 658 880 τρέχοντος·
687 806 791 860 οὑκ
824 806 1233 878 ἀνεπίπληκτον
1259 808 1475 879 ἔχοντος
1496 810 1557 863 τὸ
1581 809 1950 866 πλεονεκτεῖν.

339 898 452 952 Καὶ
482 897 607 969 οὐχὶ
652 897 820 952 τοῦτο
867 897 1055 970 μόνον,
1097 899 1235 953 ἀλλά
1282 900 1338 954 δὲ
1375 901 1579 955 δίδοται
1631 901 1731 973 μὲν
1776 903 1808 974 ὴ
1845 902 1952 956 τῶν

343 986 519 1041 ὅπλων
568 988 738 1059 χρεία
798 990 988 1061 μόνοις
1048 993 1162 1055 τοῖς
1209 994 1644 1064 μαχιμωτάτοις,
1698 994 1794 1053 καὶ
1851 994 1952 1070 τὴν

341 1079 748 1152 στρατεύσιμον
799 1081 987 1153 έχουσι
1042 1084 1219 1151 τάξιν,
1258 1084 1364 1138 ὑπὸ
1399 1085 1558 1159 χεῖρά
1588 1102 1648 1138 τε
1689 1082 1810 1145 οὖσι
1850 1088 1951 1160 τὴν

336 1169 636 1240 βασιλέως.
685 1173 1069 1244 Ἡλέγχθησαν
1103 1174 1159 1228 δὲ
1186 1175 1284 1236 καὶ
1312 1175 1513 1248 ἀσθενῆ
1545 1176 1614 1232 τὰ
1638 1177 1809 1238 πολλὰ
1842 1179 1950 1238 τῶν

333 1262 530 1329 ἐθνῶν,
570 1267 675 1320 ’ὅσα
715 1267 820 1338 τῆς
861 1268 1158 1339 Ῥωμαίων
1191 1270 1371 1342 ἀρχῆς
1412 1272 1827 1344 ἀποσεισάμενα
1855 1273 1948 1328 τὸν

330 1353 527 1427 ζυγὸν,
560 1360 756 1419 πόλεσί
793 1377 856 1413 τε
885 1361 982 1418 καὶ
1029 1360 1237 1433 χώραις
1283 1362 1493 1437 ἀγρίως
1540 1368 1819 1441 ἐπιφοιτᾷ.
1869 1365 1946 1421 Ού

328 1449 442 1522 γὰρ
483 1449 639 1504 ἐστιν
691 1453 883 1517 αὐτοῖς
927 1453 1251 1526 ἐλευθέρως,
1292 1456 1369 1521 ὡς
1400 1457 1468 1511 ἂν
1501 1457 1805 1531 βούλοιντο,
1848 1478 1949 1514 κα-

327 1543 649 1614 τατρέχειν.
697 1544 1147 1605 Ἀντανίστανται
1191 1548 1300 1619 γὰρ
1344 1548 1414 1603 τὶι
1452 1550 1738 1622 Ῥωμαίων
1781 1551 1942 1619 ὅπλα,

326 1634 431 1689 καὶ
458 1637 698 1707 ἠρεμεῖν
731 1637 1132 1706 ἀναγκάζουσι,
1169 1640 1263 1697 καὶ
1291 1641 1698 1697 καταπτοοῢσιν
1741 1643 1817 1707 ὡς
1858 1643 1948 1716 θῆ-

328 1745 472 1801 ρας,
522 1730 620 1782 καὶ
677 1732 802 1794 ταῖς
860 1732 1016 1803 παρὰ
1054 1732 1205 1803 σφῶν
1256 1734 1598 1800 εύσθενείαις
1649 1737 1946 1808 ἀνάνδρους

2060 545 2228 601 gnum
2276 529 2633 585 constitutum
2665 536 2845 595 esset,
2880 527 3020 584 bella
3055 536 3367 590 cessarunt,
3397 539 3580 596 pugna
3609 530 3665 580 et

2057 621 2326 677 dissensio
2344 622 2797 691 conquieverunt,
2811 620 3026 691 justitia
3041 618 3294 683 obtinuit,
3314 629 3477 695 atque
3497 616 3665 687 tequi-

2061 713 2187 768 tatis
2215 712 2518 769 securitas:
2543 729 2666 768 cum
2694 726 2851 767 nemo
2873 721 3109 782 raperet,
3131 725 3288 765 nemo
3300 708 3411 779 jam
3438 707 3665 779 popula-

2057 818 2231 873 retur;
2254 822 2376 862 cum
2408 822 2514 863 non
2544 806 2600 862 in
2633 808 2883 862 civitates
2907 815 3002 861 aut
3028 804 3283 877 regiones
3324 802 3664 857 incursiones

2056 895 2319 968 facerent,
2355 912 2457 953 nec
2490 894 2818 957 inﬂammari
2856 895 3153 966 cupiditate
3177 894 3487 959 divitiarum
3521 906 3662 963 pra:-

2055 988 2261 1049 clarum
2294 989 2580 1044 ducerent.
2613 985 2727 1043 Nec
2770 988 2820 1042 id
2875 989 3058 1055 modo,
3099 987 3197 1043 sed
3248 996 3304 1042 et
3356 1000 3491 1041 usus
3524 988 3663 1041 adeo

2055 1097 2334 1137 armorum
2361 1083 2592 1136 traditus
2625 1090 2709 1136 est
2746 1079 2881 1135 solis
2912 1079 3265 1135 bellatoribus
3304 1078 3576 1141 maximis,
3607 1085 3662 1131 et

2056 1173 2353 1229 militarem
2378 1173 2628 1229 ordinem
2664 1173 2999 1239 tenentibus,
3036 1185 3102 1228 ae
3124 1171 3269 1242 regis
3290 1170 3443 1241 quasi
3473 1167 3659 1224 manui

2053 1275 2218 1337 atque
2265 1266 2522 1337 potestati
2573 1265 2854 1335 subjectis.
2912 1266 3324 1335 Deprehensum
3363 1272 3450 1318 est
3493 1262 3659 1316 etiam

2054 1360 2253 1416 multas
2295 1369 2485 1431 gentes
2532 1359 2779 1431 inlirmas
2824 1374 2977 1425 esse,
3041 1370 3380 1433 quaecunque
3428 1353 3659 1409 Romani

2052 1453 2262 1524 imperii
2276 1452 2415 1525 jugo
2437 1468 2690 1522 excusso,
2710 1453 2964 1509 civitates
3000 1461 3055 1508 et
3087 1451 3338 1527 regiones
3366 1448 3661 1513 crudeliter

2050 1547 2336 1603 invadunt.
2416 1546 2537 1601 Non
2607 1547 2755 1603 enim
2832 1545 2961 1601 licet
3041 1545 3150 1602 illis
3222 1558 3326 1621 pro
3392 1540 3660 1607 arbitratu

2050 1640 2222 1696 libere
2302 1638 2543 1710 grassari
2614 1657 2630 1697 :
2705 1637 2983 1694 obsistunt
3056 1636 3202 1703 enim
3283 1633 3658 1689 Romanorum

2051 1746 2227 1797 arma,
2267 1741 2321 1785 et
2361 1732 2644 1800 quiescere
2685 1739 2886 1805 cegnnt
2914 1745 2978 1785 ac
3013 1728 3184 1789 instar
3208 1728 3454 1783 ferarum
3490 1735 3661 1781 terre:

324 1823 497 1887 ὄντας
542 1824 895 1894 ἐλέγχουσιν,
943 1825 1215 1898 Ὀρίζεται
1263 1828 1448 1883 τοίνυν
1481 1830 1575 1884 τὸν
1614 1836 1830 1900 καιρὸν,
1872 1832 1944 1896 ὡς

2055 1823 2294 1889 faciunt,
2336 1832 2389 1877 et
2428 1825 2544 1884 suis
2585 1823 2790 1883 viribus
2854 1822 3073 1880 illorum
3134 1819 3507 1889 inﬁrmitatem
3563 1832 3658 1880 aro

324 1913 493 1986 ἔφην,
541 1917 570 1969 ό
615 1916 895 1987 μακάριος
943 1919 1236 1991 προφήτης
1277 1920 1386 1991 τῆς
1425 1921 1534 1975 τῶν
1589 1923 1761 1977 ἐθνῶν
1817 1927 1950 1999 κλή-

322 2024 470 2072 eam;
508 2011 1006 2084 καὶ”ὲπιστροφῆς.
1051 2013 1161 2069 Καὶ
1195 2014 1346 2079 ποῖός
1387 2018 1534 2070 ἐστιν
1566 2009 1756 2085 οὗτοςς
1798 2020 1949 2085 Ὅτε,

319 2103 518 2171 φησιν,
573 2104 603 2156 ό
660 2104 773 2157 τῶν
818 2104 960 2159 ὅλων
1010 2105 1167 2173 Θεὸς,
1230 2107 1327 2160 καὶ
1380 2110 1792 2180 παμϐασιλεὺς,
1858 2114 1953 2165 καὶ

315 2193 540 2265 Κύριος
573 2198 759 2267 κρινεῖ
798 2197 901 2252 ἀνά
942 2198 1112 2268 μέσον
1138 2199 1249 2253 τῶν
1288 2198 1485 2269 ἐθνῶν,
1529 2201 1675 2256 τοῦτ’
1702 2202 1841 2267 ἔστι,
1880 2203 1953 2258 δι-

317 2286 634 2360 καιοσύνην
680 2291 779 2343 καὶ
815 2290 1001 2362 κρίσιν
1051 2294 1132 2356 είς
1177 2293 1358 2347 πάντα
1394 2297 1630 2350 ποιεῖται
1678 2298 1746 2353 τά
1796 2298 1949 2373 ἔθνη.

328 2380 681 2452 Κεκράτηκε
718 2383 819 2454 μὲν
843 2384 954 2455 γὰρ
977 2386 1012 2453 ἡ
1039 2384 1243 2450 ἀδικία,
1279 2386 1533 2459 καθάπερ
1562 2388 1701 2460 ἔφην
1722 2391 1949 2464 ἀρτίως,

314 2471 757 2545 διαρπαζόντων
790 2476 1002 2547 ἄλληλα
1030 2478 1140 2533 τῶν
1182 2478 1378 2547 ἐθνῶν,
1406 2482 1501 2535 καὶ
1543 2484 1721 2538 πάντα
1748 2487 1953 2557 τρόπον

313 2562 716 2636 ἐπιφερόντων
757 2568 1090 2641 ἀγριότητος
1124 2571 1219 2625 καὶ
1261 2571 1597 2641 πλεονεξίας.
1644 2576 1864 2649 Ἐπειδὴ
1893 2578 1951 2641 δὲ

313 2653 503 2708 ταῦτα
568 2656 798 2725 γέγονεν
850 2661 917 2714 ἐκ
988 2661 1182 2732 μέσου,
1246 2662 1565 2740 δικαιοσύνη
1615 2665 1710 2720 καὶ
1767 2669 1950 2740 κρίσις

312 2743 541 2822 δέδοται
582 2749 742 2823 παρὰ
788 2749 949 2820 Θεοῦ,
980 2754 1076 2806 καὶ
1113 2752 1485 2827 ἠλέγχθησαν,
1515 2757 1591 2822 ὡς
1617 2757 1776 2835 ἔφην,
1818 2760 1948 2835 ἔθνη

314 2839 507 2894 πολλά
575 2844 696 2906 τοῖς
742 2844 1039 2915 Ῥωμαίων
1108 2845 1297 2911 ὅπλοις
1364 2851 1722 2922 νενικημένα.
1783 2852 1950 2913 Ὥστε

310 2931 456 2994 τοὺς
504 2931 614 2986 ὑπὸ
664 2935 827 3005 χεῖρα
868 2934 971 3007 τὴν
1023 2934 1296 3006 βασιλέως
1351 2938 1584 2994 δεδιέναι
1623 2943 1725 3013 μὲν
1758 2943 1949 3003 οὐκέτι

312 3024 424 3089 τάς
470 3042 641 3080 τινων
689 3028 936 3098 ἐφόδους,
973 3030 1056 3094 είς
1101 3029 1260 3089 τοῦτο
1297 3031 1357 3092 δὲ
1392 3033 1494 3106 ἤδη
1550 3036 1836 3106 προελθεῖν
1880 3039 1949 3094 τὰ

315 3118 641 3190 πράγματα
690 3122 876 3188 αὐτοῖς
923 3111 1152 3196 ε’ίρὴνης
1189 3143 1252 3183 τε
1300 3128 1436 3199 ὁμοῦ
1478 3131 1572 3189 καὶ
1615 3132 1945 3206 εὐημερίας,

318 3210 403 3275 ὡς
444 3214 652 3284 μηκέτι
702 3214 915 3275 δεῖσθαι
956 3217 1059 3290 τῆς
1109 3219 1167 3272 ὲν
1209 3219 1288 3290 τῷ
1319 3221 1577 3294 πολεμεῖν
1624 3227 1942 3299 ἐμπειρίας,
1974 3208 2017 3266 c

318 3305 657 3363 ἀνθελέσθαι
704 3310 1005 3389 δὲμᾶλλον
1036 3314 1131 3369 καὶ
1176 3315 1297 3371 λίαν
1341 3318 1596 3391 ἀσμένως
1624 3324 1737 3385 τοῖς
1785 3321 1942 3393 εἰρή-

324 3417 425 3471 νης
475 3401 666 3472 ἔργοις
707 3404 943 3477 ὁμιλεῖν,
994 3409 1091 3461 καὶ
1128 3409 1237 3464 τῶν
1276 3412 1375 3483 τῆς
1416 3414 1724 3482 γεωπονίας
1776 3432 1945 3486 μετα-

320 3494 610 3551 ποιεῖσθαι
638 3497 842 3566 πόνων,
861 3500 960 3554 καὶ
990 3504 1250 3574 φροντίδα
1270 3504 1521 3561 τίθεσθαι
1548 3508 1617 3562 τά
1641 3510 1698 3562 ἐν
1729 3509 1939 3581 ἀγροῖς·

320 3588 780 3657 μεταπλάττουσι
808 3592 920 3666 γάρ
956 3596 1039 3659 είς
1068 3595 1227 3650 τοῦτο
1250 3597 1347 3651 τοῦ
1382 3599 1619 3669 πολέμου
1646 3601 1716 3656 τὰ
1745 3602 1938 3675 σκεύη,

315 3679 466 3735 ὥστε
513 3684 615 3738 καὶ
646 3687 929 3757 ῥομφαίαν
960 3690 1041 3753 εἰς
1073 3690 1306 3764 ἀρότρου
1335 3692 1527 3765 χρείαν
1565 3695 1937 3768 ἐπιλαμϐάνε-

316 3774 475 3830 σθαι·
519 3776 617 3830 καὶ¹
654 3779 768 3851 μὴν
804 3780 902 3833 καὶ
948 3781 1178 3854 ζιὸύνην
1218 3778 1602 3843 ἀποτελεῖσθαι
1631 3789 1935 3862 δρεπάνην,

314 3867 640 3951 ἀπομαθεῖν
668 3870 726 3924 δὲ
770 3873 1054 3938 παντελῶς
1084 3875 1178 3931 τὸν
1223 3877 1484 3949 πόλεμον,
1531 3883 1627 3937 καὶ
1660 3882 1760 3955 τὴν
1799 3883 1939 3957 πρὸς

311 3958 533 4036 ἄλληλα
578 3965 968 4037 παραιτεῖσθαι
1023 3968 1229 4042 μάχην.
1293 3971 1511 4047 Ἐπειδὴ
1544 3976 1654 4049 γὰρ
1705 3977 1934 4048 βεϐασί-

314 4054 486 4110 hex:
509 4054 627 4111 τῶν
651 4050 827 4113 ἐθνῶν
859 4062 889 4114 ό
909 4062 1169 4133 Χριστὸς,
1198 4065 1257 4129 ὃς
1286 4067 1441 4121 ἐστιν
1462 4069 1675 4140 εἰρήνη,
1709 4071 1937 4139 γέγονεν

311 4148 381 4201 ὲκ
418 4148 595 4221 μέσου
627 4152 782 4208 πᾶσά
807 4170 868 4208 τε
908 4155 1147 4227 διχόνοια
1176 4157 1273 4211 καὶ
1304 4157 1445 4231 ἔρις,
1476 4163 1573 4216 καὶ
1616 4163 1811 4235 μάχαι,
1835 4164 1935 4221 καὶ

312 4240 428 4294 πᾶν
481 4237 629 4308 εἶδος
672 4244 1018 4312 πλεονεξίας
1066 4248 1334 4321 ἐξῄρηται
1382 4251 1440 4305 δὲ
1482 4254 1579 4308 καὶ
1626 4254 1697 4309 τὰ
1734 4256 1801 4309 ἐκ
1836 4255 1932 4311 τοῦ

2055 1928 2245 1988 guunt.
2306 1916 2554 1979 Prtelinit
2616 1918 2803 1989 itaque
2879 1928 3122 1991 tempus,
3178 1915 3254 1970 uti
3281 1914 3424 1979 tlixi,
3463 1913 3660 1969 beatus

2052 2013 2359 2081 propheta,
2422 2017 2665 2080 gentium
2749 2008 3054 2065 vocationis
3124 2017 3182 2064 et
3260 2005 3654 2063 conversionis.
3717 2030 3720 2034 ~

2054 2103 2308 2172 Quando,
2351 2103 2552 2175 inquit,
2590 2103 2970 2160 univcrsitatis
3009 2103 3155 2159 Deus
3196 2107 3253 2156 et
3306 2106 3566 2170 regnator
3594 2112 3659 2152 ac

2054 2197 2318 2254 Dominus
2360 2198 2501 2257 inter
2550 2204 2739 2269 gentes
2764 2196 3071 2266 judicabit,
3113 2195 3219 2250 hoc
3268 2202 3354 2249 est
3381 2191 3656 2265 juStitiam

2053 2293 2166 2365 39
2189 2307 2252 2348 ac
2265 2292 2532 2362 judicium
2546 2307 2673 2363 erga
2694 2306 2887 2347 omnes
2901 2299 3092 2362 gentes
3110 2287 3407 2345 exercebit.
3437 2285 3658 2341 Praeva-

2050 2386 2156 2441 luit
2179 2385 2347 2453 enim,
2407 2394 2465 2440 ut
2485 2384 2599 2456 jam
2624 2384 2758 2453 dixi,
2793 2381 3362 2455 injustitia,'gentibus
3388 2395 3448 2437 se
3471 2387 3658 2439 mutuo

2054 2477 2458 2547 diripientibus,
2512 2488 2566 2533 et
2609 2492 2772 2533 omne
2806 2491 2981 2548 genus
3040 2474 3397 2531 immanitatis
3446 2483 3501 2529 et
3530 2472 3654 2529 libi-

2054 2569 2198 2625 dinis
2224 2571 2624 2625 inveltenliltus.
2664 2569 2759 2626 llis
2797 2583 2927 2625 vero
2979 2583 3011 2624 e
3056 2567 3233 2624 medio
3263 2566 3514 2633 sublatis,
3537 2564 3656 2645 jus-

2056 2664 2173 2719 titia
2225 2673 2279 2719 et
2304 2662 2570 2733 judicium
2595 2678 2625 2718 a
2658 2663 2769 2718 Deo
2793 2671 2922 2718 sunt
2955 2661 3083 2717 data
3116 2680 3130 2716 :
3164 2670 3221 2715 et
3249 2660 3647 2740 arguebantur,

2052 2767 2113 2819 ut
2139 2758 2277 2825 dixi,
2301 2770 2492 2830 gentes
2514 2756 2699 2812 multa:
2736 2754 3000 2823 Romanis
3025 2753 3195 2819 armis
3219 2754 3447 2810 devictae
3476 2754 3656 2813 :tadeo

2052 2860 2115 2910 ut
2149 2848 2467 2921 imperatori
2497 2848 2729 2909 subdita:
2748 2847 2929 2911 nullos
2952 2845 3188 2918 amplius
3217 2846 3453 2914 impetus
3477 2842 3656 2901 refor-

2046 2944 2347 3006 midarent.
2410 2943 2489 3005 Eo
2532 2942 2767 3014 denique
2807 2939 3221 3013 tranquillitatis
3264 2947 3320 2995 et
3347 2936 3512 2994 simul
3536 2937 3657 2995 feli-

2047 3042 2234 3097 citatis
2287 3056 2378 3096 res
2427 3054 2619 3095 eorum
2672 3047 2968 3106 venerunt,
3011 3048 3205 3099 utnon
3262 3033 3378 3111 jam
3424 3033 3657 3105 amplius

2056 3135 2267 3192 bellicae
2316 3132 2396 3189 rei
2443 3133 2712 3190 facultate
2766 3144 2822 3189 et
2882 3130 3281 3194 exercitatione
3321 3129 3653 3201 indigerent,

2047 3227 2146 3283 sed
2189 3228 2373 3283 munia
2424 3228 2584 3298 'paeis
2641 3227 2801 3299 longe
2857 3226 3135 3283 lubentius
3166 3225 3653 3313 amplecterentur,

2047 3330 2108 3376 et
2147 3319 2362 3376 labores
2382 3320 2617 3375 rusticos
2650 3320 2917 3384 colerent,
2958 3320 3152 3390 reique
3194 3318 3427 3391 agraria:
3463 3335 3651 3376 curam

2050 3414 2414 3481 susciperent.
2445 3410 2501 3466 In
2534 3413 2639 3467 hoc
2670 3414 2823 3467 enim
2847 3412 2974 3467 belli
3009 3422 3227 3467 mutant
3265 3412 3653 3478 instrumenta,

2051 3516 2108 3562 ut
2142 3505 2354 3579 gladius
2385 3508 2454 3561 ad
2481 3505 2653 3560 aratri
2680 3520 2839 3560 usum
2873 3515 3211 3571 assumatur,
3240 3504 3428 3563 lancea
3460 3504 3657 3569 cilicia,

2050 3610 2140 3655 tur
2190 3598 2324 3664 falx,
2357 3599 2692 3665 omninoque
2720 3597 2921 3659 bellum
2956 3598 3263 3663 dediscant,
3300 3610 3361 3661 et
3400 3597 3650 3672 proeliari

2044 3694 2188 3749 inter
2235 3709 2294 3749 se
2350 3694 2769 3764 sUpersedeant.
2838 3689 3111 3755 Gentibus
3151 3691 3296 3755 enim
3348 3695 3652 3764 imperante

2043 3786 2286 3854 Christo,
2346 3786 2440 3857 qui
2484 3796 2569 3844 est
2602 3801 2729 3857 pax,
2758 3802 2794 3847 e
2822 3787 3006 3847 medio
3063 3787 3318 3845 submota
3350 3796 3435 3850 est
3471 3788 3653 3843 omnis

2040 3882 2340 3946 dissensio,
2363 3892 2418 3937 et
2441 3883 2745 3948 contentio,
2772 3893 2830 3936 et
2863 3897 3077 3953 pugnae,
3101 3891 3156 3938 et
3175 3897 3338 3943 omne
3362 3899 3535 3956 genus
3557 3899 3652 3939 ce-

2042 3975 2332 4047 piditatis:
2387 3987 2445 4031 et
2493 3975 2713 4031 sublata
2757 3983 2888 4031 sunt
2947 3990 3073 4046 quae
3117 3991 3186 4034 ex
3217 3976 3360 4034 bello
3397 3977 3650 4034 oriuntur

2038 4067 2418 4141 incommoda,
2461 4079 2514 4123 et
2538 4079 2740 4134 metus,
2788 4070 2881 4138 qui
2925 4069 3052 4126 inde
3100 4070 3379 4138 nascitur;
3410 4070 3652 4131 obtinuit

2045 4173 2227 4218 autem
2275 4165 2403 4233 ejus
2457 4161 2733 4229 voluntas,
2800 4162 2893 4232 qui
2962 4163 3120 4219 nobis
3170 4164 3310 4222 dicit
3339 4181 3359 4226 ;
3391 4181 3410 4215 ι
3447 4162 3646 4230 Pacem

2044 4270 2221 4311 meam
2255 4255 2327 4310 do
2382 4254 2561 4319 vobis,
2614 4269 2807 4325 pacem
2838 4270 3016 4311 meam
3048 4256 3301 4326 relinquo
3330 4257 3483 4313 vobis
3511 4256 3580 4309 ⁸⁷.
3623 4275 3643 4307 ι

312 4334 565 4407 πολέμου
656 4337 857 4411 βλάϐη,
910 4341 1008 4394 καὶ
1082 4343 1154 4396 τὰ
1200 4344 1455 4399 ἐντεῦθεν
1524 4345 1799 4419 δείματαο
1843 4349 2163 4418 κεκράτηκε
2212 4345 2271 4398 δὲ
2313 4344 2375 4399 τὸ
2421 4343 2588 4397 αὑτοῦ
2663 4344 2877 4423 θέλημα
2921 4343 3175 4417 λέγοντος
3227 4345 3365 4423 πρὸς
3410 4345 3643 4413 αὐτούς·

314 4449 340 4483 ⁴
383 4431 638 4503 Εἰρήνην
672 4432 774 4506 τὴν
801 4435 961 4507 ἐμὴν,
984 4435 1178 4510 δίδωμι
1222 4440 1374 4511 ὑμῖν,
1398 4440 1624 4513 εἰρήνην
1651 4442 1751 4514 τὴν
1791 4443 1932 4516 ἐμὴν
1971 4442 2179 4513 ἀφίημι
2216 4441 2367 4512 ὑμῖν.
2405 4458 2424 4492 ι

381 4531 503 4587 Καὶ
537 4530 681 4599 νῦν,
717 4535 750 4587 ό
775 4528 945 4601 οἶκος
968 4534 1075 4590 τοῦ
1117 4536 1346 4604 Ἰακὼϐ,
1377 4537 1574 4600 δεῦτε,
1608 4540 1708 4593 καὶ
1730 4557 1916 4609 πορευ

2117 4536 2285 4595 Vens.
2323 4537 2379 4604 5,
2411 4536 2465 4592 6.
2495 4536 2561 4591 Et
2590 4552 2751 4604 nunc,
2773 4537 2963 4591 damus
2992 4534 3184 4601 Iacob,
3208 4536 3400 4603 venite,
3433 4548 3484 4600 et
3520 4554 3646 4592 amw

310 4620 516 4693 θῶμεν
556 4620 642 4688 τῷ
669 4623 820 4693 φωτί
861 4625 1109 4696 Κυρίου.
1163 4628 1420 4698 ’Λνῆκεν
1462 4631 1575 4701 γὰρ
1623 4631 1735 4685 τὸν
1780 4633 1937 4687 λαὸν

309 4713 510 4769 αὐτοῦ
554 4715 667 4769 τὸν
693 4711 866 4771 οἷκον
883 4718 994 4773 τοῦ
1037 4719 1307 4789 Ἰσραήλ.

383 4808 812 4881 limumque;
837 4810 1158 4884 ἀρκούντως
1184 4816 1306 4879 ταῖς
1339 4819 1790 4890 πῳαναρῤήσεσι
1824 4821 1933 4874 τᾶν

306 4896 536 4967 δεινῶν,
596 4901 703 4956 οὐκ
753 4903 823 4977 ἐᾷ
870 4907 993 4970 ταῖς
1029 4905 1412 4975 ἀπογνώσεσιν
1455 4911 1757 4966 ἀπολέσθαι
1804 4914 1931 4978 τοὺς

311 4984 849 5068 προσκεκρουκότας
875 4990 903 5029 ί
956 4999 1295 5071 ὑπεμφαίνει
1374 5001 1431 5056 δὲ
1508 5004 1591 5059 ὅτι
1643 5008 1932 5074 μετανοεῖν

306 5084 611 5159 ἑλομένοις
640 5086 805 5152 ῖλεως
846 5087 1005 5145 ἔσται
1067 5090 1221 5155 Θεός·
1270 5094 1365 5146 καὶ
1416 5096 1754 5165 μεταμαθεῖν
1815 5096 1933 5150 ἐθέ-

308 5178 475 5232 λουσι
530 5176 605 5234 τὰ
662 5179 886 5253 αἰσχίω,
956 5184 1053 5237 καὶ
1098 5186 1210 5237 τῶν
1285 5186 1591 5255 ἀμεινόνων
1654 5188 1926 5257 ἐφίεσθαι,

310 5268 656 5346 mpm“
727 5274 896 5331 πάλιν
946 5277 1051 5348 τῆς
1121 5279 1399 5351 σωτηρίας
1451 5280 1553 5352 τὴν
1600 5280 1754 5346 ὁδὸν,
1832 5284 1928 5336 καὶ

311 5360 726 5440 igitqu
770 5368 1150 5442 προσδέξεται,
1214 5374 1409 5442 καίτοιι
1445 5374 1678 5433 πλεῖστα
1723 5393 1784 5429 τε
1831 5378 1932 5430 ὅσα

310 5459 414 5515 καὶ
440 5458 551 5514 οὐκ
587 5460 752 5516 οίστά
774 5460 1340 5536 πεπλημμεληκότας.
1390 5466 1579 5540 Ταύτῃ
1602 5485 1707 5532 τοι,
1739 5470 1928 5541 φησὶν,

313 5546 651 5607 ἀναπλέκων
666 5552 943 5625 εὐτέχνως
979 5558 1093 5620 τοῖς
1114 5556 1362 5628 ἐλέγχοις
1387 5559 1478 5612 τὸν
1503 5561 1929 5631 παρακαλοῦντα

311 5643 505 5715 λόγον’
559 5660 584 5697 ι
642 5643 759 5699 Καὶ
814 5644 938 5714 νῦν,
974 5648 1004 5700 ό
1035 5641 1182 5714 οἶκος
1207 5648 1304 5704 τοῦ
1357 5651 1573 5719 Ἰακὼϐ,
1612 5651 1790 5717 δεῦτε,
1830 5654 1926 5707 καὶ

387 5801 437 5845 ⁸⁷
457 5802 628 5863 Joan.
655 5821 770 5872 xiv,
801 5805 893 5863 27.

608 5919 889 5991 ΡΑτιιοί..
928 5922 1049 5983 Gn.
1098 5923 1294 5996 LXX.

2044 4633 2284 4696 buleutas
2332 4632 2391 4692 in
2436 4631 2554 4685 luce
2612 4630 2854 4686 Domini.
2916 4630 3137 4686 Dimisit
3198 4632 3339 4688 enim
3388 4632 3640 4703 populum

2042 4740 2197 4779 suum
2220 4726 2437 4778 domum
2476 4722 2671 4780 Israel.

2114 4816 2440 4872 Graviorum
2497 4815 2765 4870 malorum
2838 4814 3110 4872 vaticiniis
3161 4814 3378 4879 abunde
3431 4829 3641 4893 perter-

2043 4908 2304 4977 refactos,
2332 4924 2440 4965 non
2467 4908 2599 4964 sinit
2631 4908 3013 4978 desperatione
3040 4923 3138 4963 eos
3168 4908 3274 4987 qui.
3292 4906 3637 4975 oﬂ‘endcrunt

2046 5004 2347 5070 perire;at
2378 5002 2690 5058 volentibus
2741 5000 3078 5073 resipiscere
3131 5003 3415 5069 subinnuit
3468 5003 3639 5060 Deum

2035 5096 2158 5151 fore
2207 5097 2543 5166 prepitium;
2596 5108 2653 5150 et
2690 5095 2783 5166 qui
2807 5096 2935 5151 vitia
2970 5098 3241 5166 deponere
3264 5108 3322 5160 et.
3347 5098 3413 5157 ad
3445 5098 3638 5155 melio-

2037 5202 2152 5242 rem
2194 5186 2406 5259 l‘rugem
2464 5189 2645 5244 redire
2684 5189 3000 5256 voluerint,
3043 5205 3239 5249 rursus
3272 5192 3466 5255 salutis
3498 5193 3637 5248 viam

2038 5280 2479 5349 patefacturum;
2534 5296 2635 5336 nec
2661 5282 2805 5337 mala
2835 5296 2896 5337 se
2931 5284 3341 5355 refrieaturum,
3372 5286 3466 5340 sed
3494 5284 3640 5355 ipsos

2042 5384 2388 5443 recepturum
2416 5375 2488 5429 ad
2519 5389 2601 5440 se,
2647 5374 2865 5431 etiamsi
2900 5375 3137 5447 plurima
3182 5386 3239 5432 et
3273 5394 3380 5432 non
3412 5376 3635 5432 ferenda

2039 5464 2437 5520 commiserint.
2476 5464 2698 5521 Atiabre
2743 5467 2889 5520 enim
2928 5467 3449 5537 reprehensionibus
3483 5464 3639 5521 inne-

2038 5569 2193 5616 elens
2210 5557 2666 5625 consolationem,
2687 5558 2823 5614 dicit
2846 5583 2859 5614 :
2882 5576 2901 5609 ι
2937 5557 3001 5618 Et
3034 5573 3201 5624 nunc,
3230 5557 3424 5614 domus
3443 5554 3632 5624 Jacob,

2039 5653 2241 5720 venite,
2275 5663 2329 5709 et
2355 5651 2702 5715 ambulemus
2731 5653 2788 5715 in
2811 5651 3019 5713 lumine
3050 5631 3288 5709 Domini.
3321 5671 3343 5713 ι
3383 5653 3637 5711 Arbitror

3320 5928 3357 5991 3
