4100 6470
484 355 553 410 75
1513 341 1568 396 8.
1613 335 1888 394 CYIIIILI
1930 333 2063 398 ALE

2169 331 2396 388 NIHHNI
2441 332 2754 390 Αιιυιιιιςιι.
3684 323 3747 374 76

487 485 613 525 vero
647 468 963 539 prophetam
1009 464 1059 518 in
1093 465 1191 518 hac
1217 460 1583 516 exhortatoria
1610 459 1856 512 oratione
1891 470 2052 525 quam

2168 451 2516 524 πορευθῶμεν
2544 450 2620 521 τῷ
2646 450 2785 520 φωτὶ
2818 450 3041 520 Κυρίου.
3081 466 3096 498 ι
3136 447 3376 516 Πρέπειν
3400 443 3457 495 δὲ
3492 437 3644 512 οἶμαι
3666 437 3747 508 τῷ

488 560 729 622 adhibet,
773 556 977 611 hortari
1018 554 1312 617 Israelitas,
1349 563 1404 605 ut
1452 551 1650 604 dicenti
1710 548 1926 604 Christo
1964 561 2056 600 au-

488 652 764 708 scultent:
805 668 823 700 ι
857 646 1105 714 Quautliu
1161 644 1332 698 lucem
1386 642 1616 706 habetis,
1678 640 1950 694 ambulate
2005 637 2058 693 iu

488 745 627 806 luce,
667 757 732 796 nc
775 742 1008 795 tenehra:
1056 751 1148 791 vos
1192 733 1654 804 comprehendant
1691 732 1756 785 ⁸⁸.
1786 751 1803 782 ι
1837 730 1955 802 Ipse
1989 731 2057 785 si-

487 834 702 903 quidem
747 840 828 886 cst
862 829 972 882 lux.
995 827 1156 897 quue
1182 827 1315 880 dixit
1353 835 1578 894 aperte:
1625 843 1641 875 ι
1666 821 1777 894 Ego
1811 838 1931 878 sum
1969 823 2059 876 lux

488 926 691 980 mundi.
742 922 853 989 Qui
887 921 1131 990 sequitur
1156 917 1774 984 me,nonambulabitiu
1803 916 2059 980 tenebris,

487 1016 578 1069 sed
604 1011 941 1082 habebit“
963 1011 1134 1064 lucem
1154 1010 1276 1063 vitae
1303 1009 1368 1062 ⁸⁵.
1395 1026 1413 1059 ι
1432 1007 1545 1063 Lux
1562 1018 1739 1063 autem
1764 1007 2062 1072 Domini,et

483 1110 599 1174 iure
629 1109 832 1177 optimo
845 1108 946 1162 dici
972 1114 1147 1174 potest
1167 1105 1334 1174 ipsius
1368 1104 1762 1172 praedicatiodd
1779 1111 2060 1170 est,cvan-

485 1201 676 1268 gelica.
707 1198 936 1252 Perinde
958 1205 1040 1250 est
1073 1209 1137 1249 ac
1164 1195 1208 1248 si
1234 1192 1397 1257 dicat,
1419 1191 1676 1246 Vivamus
1705 1193 1809 1261 pie,
1833 1205 2063 1261 evange-

488 1290 604 1344 lica:
621 1287 741 1342 vitae
755 1284 1090 1355 splendorem
1105 1281 1367 1343 colamus,
1384 1280 1544 1333 tinem
1571 1279 1764 1351 Iypicis
1785 1278 1945 1332 rebus
1969 1277 2064 1329 im-

487 1393 773 1448 ponamus,
799 1376 1045 1430 umbram
1072 1373 1464 1442 relinquamus,
1487 1371 1747 1425 Mosaicas
1771 1368 1978 1422 litteras
1995 1367 2061 1420 ad

489 1473 768 1525 veritatem
790 1465 1202 1528 transferamus,
1221 1464 1510 1519 salutarem
1526 1461 1696 1515 lucem
1713 1457 2059 1528 recipiamus.

484 1565 554 1616 At
580 1577 700 1616 cum
716 1558 885 1614 Iudaei
901 1556 1147 1626 patribus
1162 1553 1473 1610 carnalibus
1491 1551 1806 1620 gloriantes,
1827 1546 2063 1618 superci-

485 1653 616 1706 lium
637 1651 932 1720 erigerent,
954 1655 1206 1715 tanquam
1224 1651 1441 1713 propter
1459 1641 1604 1711 ipsos
1621 1639 1824 1707 dilecti,
1840 1649 1895 1693 ct
1913 1653 2060 1708 pars,

482 1757 538 1800 et
566 1761 685 1800 sors
709 1743 798 1796 Dei
821 1741 972 1806 dicti,
998 1749 1052 1794 et
1076 1737 1302 1808 populus
1327 1743 1545 1790 sanctus
1566 1743 1616 1789 et
1642 1732 1912 1798 selectus;
1938 1729 2061 1785 dein

2167 549 2421 619 προφήτῃ
2482 545 2716 616 μάλιστα
2764 544 2853 596 τὸν
2899 543 2990 595 ἐπὶ
3033 541 3166 611 τῷδε
3212 539 3369 606 λόγον
3416 532 3745 606 προτρέπειν

2166 641 2290 704 τοὺς
2345 639 2403 705 ἐξ
2472 636 2689 709 Ἰσραὴλ
2734 633 3026 688 ὑπακούειν
3090 631 3302 700 λέγοντι
3360 627 3436 697 τῷ
3481 622 3741 696 Χριστῷ·

2173 752 2188 783 ι
2231 731 2376 793 Ἕως
2404 729 2463 782 τὸ
2490 729 2603 798 φῶς
2626 727 2798 798 ἔχετε,
2833 726 3188 795 περιπατεῖτε
3243 724 3301 774 ἐν
3343 719 3422 791 τῷ
3464 718 3625 789 φωτὶ,
3661 717 3752 770 ἵνα

2169 825 2244 894 μὴ
2272 824 2305 892 ή
2354 820 2540 874 σκοτία
2587 820 2732 889 ὑμᾶς
2782 816 3087 887 καταλάϐῃ.
3125 833 3142 866 ι
3195 814 3365 876 Αὐτὸς
3407 811 3464 865 δέ
3523 811 3639 863 ἐστι
3688 809 3755 865 τὸ,

2167 914 2301 983 φῶς.
2335 913 2446 966 Καὶ
2477 911 2609 980 γοῦν
2647 911 2885 980 ἔφασκεν
2939 907 3216 979 ὲναργῶςο
3265 925 3283 957 ι
3330 903 3469 972 Ἐγώ
3523 903 3640 971 εἰμι
3685 901 3747 952 τὸ

2169 1005 2283 1076 φῶς
2306 1003 2400 1058 τοῦ
2437 1004 2666 1074 κόσμου.
2716 1003 2777 1053 ’0
2828 999 3140 1055 ἀκολουθῶν
3183 997 3327 1069 ἐμοὶ,
3367 996 3429 1049 οὐ
3477 995 3551 1065 μὴ
3589 993 3754 1066 μείνῃ

2167 1099 2224 1150 ἐν
2253 1100 2317 1168 τῇ
2358 1096 2569 1167 σκοτίᾳ,
2619 1093 2732 1148 ἀλλ’
2785 1092 2896 1158 ἕξει
2937 1091 2996 1144 τὸ
3043 1089 3158 1159 φῶς
3204 1089 3306 1158 τῆς
3349 1086 3518 1156 ζωῆς.
3566 1103 3586 1136 ι
3630 1083 3750 1144 Φῶς

2165 1190 2210 1243 δ’
2255 1189 2321 1243 ἂν
2354 1188 2563 1257 λέγοιτο
2619 1185 2847 1258 Κυρίου,
2882 1184 2977 1238 καὶ
3013 1183 3158 1253 μάλα
3205 1180 3430 1242 εἰκότως
3467 1177 3528 1229 τὸ
3581 1173 3753 1228 αὑτοῦ,

2168 1284 2448 1356 κήρυγμα,
2493 1279 2638 1334 τοῦτ’
2683 1279 2822 1344 ἔστι,
2861 1278 2922 1331 τὺ
2963 1274 3337 1344 εὐαγγελικόν.
3378 1271 3606 1341 ’Ὀμοιον
3656 1263 3753 1320 οὖν.

2167 1376 2300 1428 ὡσεὶ
2346 1374 2517 1442 λέγοι,
2568 1371 2925 1442 Διαξήσωμεν
2974 1366 3234 1430 εὐσεϐῶς,
3285 1363 3606 1434 τιμήσωμεν
3647 1359 3748 1428 τῆς

2168 1468 2530 1537 εὖαγγελικῆς
2573 1464 2852 1527 πολιτείας
2910 1462 2974 1515 τὸ
3041 1457 3360 1531 περιφανὲς,
3407 1451 3747 1522 παυσώμεθα

2168 1560 2277 1614 τῶν
2308 1561 2366 1615 ἐν
2395 1558 2607 1622 τύποις,
2636 1553 3029 1624 καταλήξωμεν
3075 1551 3175 1621 τῆς
3211 1548 3391 1610 σκιᾶς.
3424 1543 3749 1600 Μεταπλάτ-

2169 1667 2351 1723 τωμεν
2379 1649 2449 1703 τὰ
2477 1647 2721 1710 Μωσέως
2743 1646 3047 1717 γράμματα
3085 1640 3222 1711 πρὸς
3267 1635 3548 1707 ἀλήθειαν,
3580 1631 3720 1684 είσδε

2173 1744 2390 1817 ξώμεθα
2441 1743 2502 1798 τὸ
2558 1741 2826 1812 σωτήριον
2884 1736 3019 1808 φῶς.
3066 1732 3282 1800 Ἐπειδὴ
3341 1727 3398 1781 δὲ
3442 1729 3554 1817 τοῖς
3609 1724 3751 1817 κατὰ⁴

484 1842 814 1908 nngarentur
833 1846 895 1886 ac
919 1844 1142 1902 prorsus
1161 1827 1483 1898 penitusque
1503 1839 1560 1880 se
1590 1823 1770 1880 curari
1791 1837 1854 1877 ac
1870 1821 2016 1894 diligi
2036 1835 2065 1876 a

2176 1814 2355 1908 σάρκα
2375 1833 2646 1906 πατράσιν
2683 1827 3054 1900 ἐπαυχοῦντες
3091 1822 3354 1884 Ἰουδαῖοι,
3394 1816 3633 1888 μεγάλην
3664 1814 3748 1867 ἀεὶ

487 1929 595 1988 Deo
627 1927 933 1989 crederent,
971 1920 1319 1992 quantumvis
1343 1918 1511 1973 multa
1528 1916 1603 1972 illi
1642 1915 1815 1970 invisa
1861 1912 2072 1968 factita-

487 2029 628 2086 reut,
672 2013 1019 2087 quantumvis
1042 2011 1195 2066 nihili
1233 2019 1488 2081 putarent
1511 2009 1702 2079 legem,
1727 2003 2072 2077 quantumvis

483 2113 648 2169 etiam
671 2125 789 2166 eam
816 2106 1066 2164 dedecori
1098 2103 1542 2172 conletnptuique
1567 2100 1846 2166 haberent,
1871 2107 1923 2153 et
1948 2096 2073 2152 Ser-

488 2205 690 2263 vatoris
707 2204 1019 2264 adventum,
1038 2197 1270 2269 gratiam
1291 2194 1501 2249 scilicet
1521 2193 1784 2247 adventus
1803 2191 1856 2245 in
1882 2204 2070 2252 carne,

491 2314 598 2356 non
631 2295 938 2366 reciperent
978 2309 991 2345 :
1048 2287 1357 2344 necessario
1375 2284 1634 2356 propheta
1657 2284 1878 2338 minime
1893 2282 1971 2338 sic
1995 2281 2072 2335 af-

487 2390 684 2446 fectum
703 2400 824 2442 esse
842 2383 1217 2439 universorqu
1239 2379 1406 2434 Deum
1429 2379 1780 2440 demonstrat,
1797 2375 2070 2444 inquiens:

491 2481 751 2542 «Dimisit
785 2477 926 2534 enim
962 2473 1213 2546 populum
1239 2485 1420 2537 suum,
1442 2472 1658 2526 domum
1684 2467 1868 2523 Israel.
1891 2486 1908 2519 ι
1945 2465 2074 2521 Tale

484 2575 610 2646 quid
641 2589 734 2644 per
766 2571 994 2626 alterum
1027 2581 1243 2636 quoque
1263 2565 1585 2635 prophetam
1622 2560 1753 2616 dicit
1785 2560 2070 2614 universo-

485 2683 604 2722 rum
625 2667 781 2731 Dcus,
799 2661 1104 2721 Juda'orum
1123 2655 1468 2728 supercilium
1491 2653 1816 2725 deprimens,
1834 2661 1888 2708 et
1906 2651 2074 2707 insul-

483 2755 717 2814 sosillos
759 2767 878 2811 esse
919 2764 1239 2820 coarguens.
1282 2749 1519 2814 Etenim,
1558 2747 1756 2818 inquit,
1783 2747 2073 2816 concupie-

486 2859 613 2905 runt
642 2862 824 2918 agros,
857 2855 911 2900 et
941 2850 1237 2913 rapuerunt
1266 2840 1520 2912 pupillos,
1548 2847 1602 2895 et
1625 2839 1810 2894 domos
1838 2837 1888 2892 vi
1918 2851 2075 2891 occu-

486 2951 699 3012 parunt,
747 2950 802 2992 et
839 2939 892 2992 in
929 2935 1216 2992 Dominum
1261 2947 1320 2989 se
1393 2930 1726 2999 extulerunt,
1789 2931 2068 2986 dicentes:

490 3054 510 3088 ι
551 3033 740 3088 Nonne
767 3029 1033 3085 Dominus
1061 3027 1113 3082 in
1155 3025 1311 3082 nobis
1355 3023 1480 3080 est?
1532 3036 1638 3078 non
1671 3021 1925 3077 invadent
1970 3033 2070 3076 nos

489 3123 650 3190 mala.
707 3120 934 3184 Idcirco,
961 3125 1182 3187 propter
1218 3130 1337 3183 nos,
1388 3113 1516 3168 Sion
1557 3122 1617 3167 ut
1648 3127 1779 3183 ager
1801 3111 2061 3176 arabitur,

485 3223 541 3269 ct
588 3211 890 3266 Jerusalem
922 3217 978 3263 ut
1015 3221 1297 3278 pomorum
1351 3205 1596 3260 custodia
1633 3206 1756 3268 crit,
1801 3212 1857 3258 et
1908 3217 2064 3264 mons

489 3303 673 3374 templi
720 3310 973 3370 tanquam
1012 3298 1181 3353 saltus
1207 3296 1354 3352 silvae
1383 3295 1450 3350 ’°.
1481 3313 1498 3346 ι
1538 3295 1592 3349 Si
1630 3310 1734 3348 non
1773 3294 1956 3364 igitur,
1986 3295 2066 3348 iu-

486 3397 644 3467 quit,
711 3409 817 3448 una
877 3391 1158 3446 nobiscum
1211 3388 1530 3444 desideratis
1587 3387 1638 3440 iu
1689 3386 1808 3441 luce
1857 3385 2064 3446 Domini

486 3485 790 3550 ambulare,
847 3485 899 3538 id
963 3495 1068 3550 est,
1110 3483 1153 3536 si
1193 3496 1287 3553 per
1310 3480 1584 3536 Christum
1621 3478 2062 3548 praedicationem

489 3579 734 3650 rejicitis,
775 3587 831 3631 et
868 3574 1282 3629 illustrationem
1309 3573 1482 3641 ipsius
1516 3569 1881 3626 aversamini:
1913 3582 2063 3638 pror-

487 3688 581 3726 sus
611 3669 931 3740 penitusque
975 3674 1029 3720 ct
1055 3666 1170 3735 ipse
1207 3679 1363 3718 suum
1415 3662 1673 3734 p0pulum
1713 3660 1966 3719 dimittet.
2001 3659 2065 3720 Et

487 3765 592 3819 hoc
641 3771 725 3816 est
769 3760 970 3815 diserte
1030 3757 1171 3826 quod
1232 3755 1365 3812 dixit
1429 3755 1533 3808 illis
1565 3753 1824 3808 Dominus
1884 3762 2065 3806 noster

486 3857 645 3916 Jcsus
669 3853 919 3908 Christus
955 3867 968 3904 :
1009 3868 1027 3901 ι
1063 3849 1385 3911 Jerusalem,
1432 3845 1754 3910 Jerusalem,
1803 3861 1923 3914 qua:
1975 3860 2066 3899 oc-

487 3951 624 4007 cidis
656 3946 969 4020 prophetas,
1018 3946 1072 3998 e't
1122 3943 1327 4011 lapidas
1378 3941 1574 3994 missos
1614 3937 1680 3991 ad
1723 3945 1813 4004 te;
1855 3937 2067 4006 quoties

487 4041 631 4098 volui
663 4050 995 4109 congregare
1026 4035 1168 4093 ﬁlios
1203 4045 1343 4095 tuos,
1391 4030 1845 4100 quemadmodum
1876 4030 2073 4099 gallina

490 4143 784 4204 ctmgregat
843 4131 1015 4201 pullos
1065 4142 1192 4182 suos
1264 4127 1364 4180 sub
1403 4123 1504 4180 alis
1529 4123 1663 4188 suis,
1691 4131 1745 4177 et
1783 4122 2070 4180 uoluistis!

491 4230 627 4284 Ecce
661 4223 990 4294 relinquitur
1043 4218 1197 4274 vobis
1240 4219 1431 4272 domus
1462 4222 1642 4272 vestra
1692 4215 1904 4270 deserta
1951 4217 2069 4272 ⁹¹.·›

488 4322 628 4389 Quin
673 4331 726 4375 et
780 4315 1028 4372 Jeremiae
1061 4325 1196 4368 voce
1241 4309 1436 4379 inquit,
1487 4325 1504 4359 ι
1544 4307 1815 4379 Dereliqui
1853 4309 2072 4372 domum

490 4427 686 4477 meam,
727 4407 908 4464 dimisi
942 4405 1308 4460 [nereditatem
1341 4414 1514 4454 meum
1547 4401 1612 4452 ".
1640 4418 1660 4452 ι

2173 1907 2272 2001 τὴν
2319 1927 2490 1999 ὀφρὺν
2535 1924 2786 1994 ἀνασπᾷν
2826 1918 3119 1991 ἐμελέτων,
3158 1915 3234 1978 ὡς
3288 1913 3355 1965 δι’
3380 1909 3576 1970 αὐτοὺς
3614 1907 3750 1974 ἁγα-

2175 1993 2439 2090 πιίιμενοι,
2489 2015 2649 2088 μερίς
2675 1993 2739 2067 τε
2775 2013 2870 2065 καὶ
2926 2008 3126 2078 κλῆρος
3175 1997 3602 2090 χρηματίζοντες
3655 1993 3747 2090 τοῦ

2174 2082 2331 2179 Θεοῦ,
2362 2082 2458 2163 καὶ
2489 2082 2626 2179 vitae;
2671 2107 2826 2174 ἅγιος
2881 2102 2975 2155 καὶ
3009 2096 3326 2155 ἁπόλεκτος’
3363 2087 3482 2144 εἶτα
3523 2082 3748 2179 ληροῦνῗ

2173 2221 2264 2268 τες
2313 2171 2481 2274 ᾧοντο
2528 2171 2730 2268 πάντη-
2755 2211 2815 2247 τε
2874 2193 2968 2246 καὶ
3015 2191 3234 2250 πάντως
3277 2187 3334 2237 ἐν
3379 2177 3619 2250 φροντίδι
3656 2174 3750 2226 καὶ

2173 2266 2364 2369 ἀγάπη
2392 2291 2606 2346 κεῖσθαι
2652 2266 2720 2359 τῇ
2759 2283 2911 2357 παρὰ
2947 2282 3094 2354 Θεῷ·
3132 2281 3236 2334 κᾶν
3276 2278 3324 2329 εἰ
3366 2271 3536 2328 πολλὰ
3579 2266 3752 2369 δρῷεν

2174 2358 2244 2443 τά
2295 2358 2661 2454 ἀπηχθημένα
2696 2358 2889 2448 αὐτῷ’
2944 2375 3050 2429 κᾶν
3101 2375 3149 2426 εἰ
3193 2369 3358 2442 μηδὲν
3402 2366 3616 2454 ἡγοῖντο
3657 2358 3752 2411 τὸν

2173 2475 2368 2544 νόμον·
2409 2452 2513 2524 κᾶν
2555 2471 2602 2522 εἰ
2641 2466 2812 2534 αὐτὴν
2846 2462 3164 2534 ἀτιμάζοειν
3229 2460 3323 2512 καὶ
3374 2452 3754 2526 ἀπαρὰδεκτον

2176 2543 2411 2620 ποιοῖντο
2455 2562 2552 2633 τὴν
2593 2559 2686 2613 τοῦ
2749 2557 2998 2628 Σωτῆρος
3063 2551 3381 2623 ἐπιδημίαν,
3431 2549 3597 2619 ήγουν
3647 2543 3748 2611 τῆς

2177 2658 2316 2730 μετὰ
2365 2654 2568 2727 σαρκὸς
2623 2651 2935 2721 οἰκονομίας
2995 2647 3092 2718 τὴν
3141 2646 3320 2715 χάριν·
3375 2636 3688 2707 ἀναγκαίως
3719 2635 3755 2686 ὁ.

2171 2729 2459 2820 προφήτης
2496 2747 2595 2817 οὐχ
2637 2739 2740 2798 ὦδε
2772 2742 2966 2812 ἔχοντα
2997 2738 3086 2792 τὸν
3115 2736 3221 2790 τῶν
3253 2734 3388 2787 ὅλων
3423 2729 3553 2784 Θεὸν
3581 2744 3751 2784 κατα--

2171 2818 2424 2905 δεικνύει,
2456 2839 2665 2906 λέγων’
2699 2853 2723 2888 ι
2772 2831 2970 2902 Ἀνῆκε
3011 2828 3122 2899 γὰρ
3153 2827 3243 2880 τὸν
3275 2824 3402 2878 λαὸν
3443 2820 3630 2885 αὐτοῦ,
3660 2818 3750 2871 τὸν

2171 2929 2317 2988 οἷκον
2349 2929 2444 2984 τοῦ
2488 2927 2726 3002 Ἰσραήλ.
2775 2943 2793 2976 ι
2844 2921 3097 2975 Τοιοῦτόν
3117 2936 3169 2972 τι
3192 2917 3286 2971 καὶ
3305 2917 3373 2978 δι’
3411 2915 3600 2985 ἑτέρου
3625 2927 3751 2981 ’προ⁸

2170 3024 2344 3094 φήτου
2402 3001 2625 3089 φησὶνὸ
2669 3015 2777 3068 τῶν
2824 3011 2960 3065 ὅλων
2993 3007 3144 3075 Θεὸς,
3179 3006 3277 3078 τὴν
3327 3004 3436 3058 τῶν
3481 3001 3752 3056 Ἰουδαίων

2169 3093 2341 3188 ὀφρὺν
2390 3109 2800 3178 καταστρέφων,
2833 3103 2926 3158 καὶ
2981 3100 3272 3164 ἀσυνέτους
3310 3097 3470 3159 ὄντας
3513 3093 3750 3162 ἐλέγχων

2089 3169 2132 3228 C
2167 3169 2380 3269 αῦτούς.
2439 3204 2550 3258 Καὶ
2603 3169 2917 3271 ἐπεθύμουν
2957 3198 3086 3269 γὰρ,
3137 3194 3323 3266 φησιν,
3374 3190 3602 3262 ἀγροὺς,
3657 3189 3749 3241 καὶ

2161 3297 2454 3370 διήρπαζον
2483 3293 2780 3366 ὀρφανοὺς,
2807 3293 2902 3346 καὶ
2924 3292 3104 3352 οἴκους
3141 3284 3623 3342 κατεδυνάστευον,
3656 3281 3752 3332 καὶ

2160 3369 2263 3449 ἐπι
2285 3391 2376 3444 τὸν
2413 3388 2615 3458 Κύριον
2651 3383 3068 3456 ἐμεγαλύνοντο,
3103 3379 3357 3447 λέγοντες
3382 3392 3395 3406 ·
3431 3393 3449 3425 ι
3479 3373 3613 3443 Οὐχὶ
3638 3369 3750 3424 Κύ-

2165 3499 2274 3556 ριος
2309 3483 2367 3534 ἐν
2421 3483 2553 3554 ἡμῖν
2586 3482 2770 3542 ἐστιν;
2811 3477 2874 3529 οὺ
2917 3473 2992 3545 μὴ
3044 3470 3246 3540 ἐπέλθῃ
3271 3469 3357 3536 ἐφ’
3391 3469 3539 3537 ἡμᾶς
3578 3463 3746 3518 κακά.

2171 3575 2266 3628 Διὰ
2291 3572 2465 3634 τοῦτο,
2493 3571 2559 3624 δι’
2579 3571 2747 3641 ἡμᾶς,
2771 3567 2910 3621 Σιὼν
2945 3565 3021 3628 ὡς
3063 3563 3230 3636 ἀγρὸς
3259 3558 3748 3632 ἀροτριωθήσεται,

2170 3666 2264 3725 καὶ
2297 3661 2649 3735 Ἰερουσαλήμ
2677 3659 2752 3723 ὼς
2789 3655 3236 3729 ὀπωροφυλᾱικιον
3263 3652 3443 3718 ἔσται,
3483 3649 3579 3703 καὶ
3621 3647 3747 3718 ὅρος

2168 3756 2264 3810 τοῦ
2297 3754 2470 3818 οἴκου,
2497 3752 2572 3817 ὡς
2599 3735 2768 3815 ’ἄλσος
2789 3748 3016 3821 δρυμοῦ.
3053 3767 3071 3802 ι
3107 3747 3170 3800 Εἰ
3198 3745 3271 3816 μὴ
3309 3744 3486 3797 τοίνυν
3517 3741 3750 3805 ἕλοισθε,-

2172 3849 2324 3920 φησὶ,
2363 3843 2690 3918 πορεύεσθαι
2738 3843 2856 3914 μεθ’
2877 3840 3035 3912 ἡμῶν
3061 3838 3138 3909 τῷ
3160 3837 3300 3906 φωτὶ
3331 3835 3558 3906 Κυρίου,
3603 3832 3753 3886 τοῦ-ειἱ

2171 3940 2338 4006 ἐστιν,
2369 3941 2416 3992 εί
2453 3937 2828 4010 ἀπαράδεκτον
2879 3933 3118 3986 ποιεῖσθε
3165 3932 3224 3985 τὸ
3261 3931 3522 4002 κήρυγμα
3560 3926 3622 3980 τὸ
3664 3925 3752 3978 διὰ

2172 4031 2430 4104 Χριστοῦ,
2477 4031 2572 4083 καὶ
2612 4029 2703 4084 τὸν
2736 4029 2866 4099 παρ’
2895 4026 3060 4088 αὑτοῦ
3093 4021 3373 4095 φωτισμὸν
3419 4018 3751 4092 ἀποστρέφε-

2173 4126 2288 4188 σθε,
2315 4123 2496 4193 πάντη
2518 4138 2578 4176 τε
2602 4121 2698 4176 καὶ
2717 4119 2936 4182 πάντως
2965 4119 3156 4189 ἀνήσει
3187 4115 3282 4170 καὶ
3312 4114 3476 4178 αὐτὸς
3504 4113 3593 4168 τὸν
3628 4113 3752 4165 ἐαυ-

2170 4213 2264 4274 τοῦ
2291 4215 2448 4269 λαόν.
2479 4214 2588 4267 Καὶ
2625 4210 2785 4266 τοῦτό
2812 4212 2960 4274 ἐστιν
2987 4208 3237 4282 ἐναργῶς
3265 4209 3404 4278 ὅπερ
3450 4206 3555 4277 ἔφη
3613 4203 3752 4277 πρὸς

2169 4307 2368 4372 αὐτοὺς
2391 4307 2420 4360 ὁ
2465 4304 2670 4376 Κύριος
2693 4301 2850 4375 ἡμῶν
2892 4301 3097 4374 Ἰησοῦς
3125 4303 3153 4355 ὁ
3177 4299 3433 4372 Χριστός·
3475 4317 3495 4350 ι
3552 4297 3749 4367 Ἰερου-

2171 4397 2369 4470 σαλὴμ,
2410 4395 2794 4467 Ἰερουσαλὴμ,
2822 4395 2857 4476 ή
2887 4390 3269 4452 ἁποκτενοῦσα
3293 4391 3420 4453 τοὺς
3443 4388 3746 4459 προφήτας,

488 4509 584 4562 καὶ
618 4503 968 4559 λιθοϐολοῦσα
1003 4500 1130 4563 τοὺς
1167 4493 1610 4564 ἀπεσταλμένους
1636 4494 1773 4566 πρὸς
1804 4493 1992 4566 αὑτὴν,
2035 4495 2266 4557 ποσάκις
2291 4491 2536 4562 ἠθέλησα
2579 4490 3000 4560 ἐπισυναγαγεῖν
3045 4486 3117 4540 τὰ
3137 4485 3304 4540 τέκνα
3333 4482 3522 4547 σου,δν
3553 4481 3750 4552 τρόπον

490 4607 634 4675 ζρνις
659 4596 979 4662 ἐπισυνάγει
1009 4591 1076 4646 τὰ
1105 4589 1296 4645 νοσσία
1317 4587 1486 4656 αὐτῆς
1508 4584 1612 4638 ὑπὸ
1628 4585 1725 4647 τὰς
1760 4584 2058 4654 πτέρυγας,
2091 4584 2186 4638 καὶ
2205 4583 2305 4636 οὐκ
2339 4579 2674 4652 ὴθελήσατεῐ
2722 4579 2851 4637 Ἰδοὺ
2876 4577 3093 4647 ἀφίεται
3123 4577 3251 4648 ὑμῖν
3275 4576 3304 4629 ὁ
3332 4569 3479 4637 οἷκος
3511 4573 3686 4648 ὑμῶν,
3726 4593 3745 4624 ι

493 4668 604 4755 Καὶ
637 4694 740 4765 μὴν
769 4691 862 4744 καὶ
882 4686 968 4742 διὰ
992 4685 1087 4756 τῆς
1124 4680 1387 4753 Ἱερεμίου
1413 4677 1616 4747 φωνῆς,
1653 4695 1671 4726 ι
1712 4675 2178 4743 Ἐγκαταλέλοιπα
2207 4674 2297 4727 τὸν
2321 4668 2470 4726 οἶκόν
2491 4688 2615 4742 μου,
2639 4670 2828 4741 ἀφῆκα
2847 4670 2945 4741 τὴν
2973 4669 3338 4745 κληρονομίαν
3365 4686 3487 4738 μου,
3509 4689 3528 4722 ι
3562 4673 3747 4743 φησιν,

566 4790 695 4847 Ibid.
732 4783 994 4853 Quoniam
1031 4777 1227 4848 repleta
1263 4784 1336 4829 est
1363 4783 1418 4826 ut
1470 4772 1535 4824 ab
1593 4771 1742 4823 initio
1779 4770 1918 4838 regio
1947 4768 2067 4821 illo-
2101 4773 2142 4828 Ι)

493 4904 611 4943 rum
658 4880 917 4951 auguriis,
951 4884 1005 4928 ut
1044 4884 1184 4927 terra
1213 4868 1653 4944 alienigenarum,
1689 4871 1736 4917 et
1760 4862 1859 4931 ﬁlii
1887 4861 2070 4918 alieni-

492 4973 774 5049 gena'facti
793 4978 915 5026 sunt
941 4969 1073 5021 inter
1111 4964 1272 5031 ipsos.

561 5065 665 5139 ἀι
700 5059 1014 5134 Αροιοσὶιιη
1059 5049 1462 5126 quodammodo
1507 5059 1561 5104 ct
1613 5063 1756 5105 nunc
1807 5046 2066 5118 propheta

492 5163 559 5216 de
585 5147 681 5214 Dei
713 5145 933 5226 judlciis
987 5145 1244 5211 instituit,
1307 5155 1608 5211 causasque
1665 5141 1840 5195 reddit
1907 5153 2065 5194 cura

495 5253 604 5306 Deo
649 5246 844 5302 domus
881 5238 1078 5307 Israel,
1139 5238 1254 5292 sive
1285 5234 1507 5305 populus
1561 5234 1731 5303 Ipsius
1759 5232 1894 5287 adeo
1919 5230 2063 5302 juste

493 5342 803 5393 deseratur:
829 5341 884 5386 et
908 5329 1222 5386 delictorum
1249 5324 1464 5379 lsraelis
1492 5333 1600 5378 tam
1626 5334 1869 5380 veterum
1898 5335 2060 5390 quam

496 5429 815 5492 recentium,
849 5433 906 5477 ut
933 5421 1064 5487 dixi,
1111 5419 1376 5482 meminit,
1424 5431 1623 5486 eosque
1667 5415 1916 5469 inimicos
1965 5412 2060 5468 Dei

494 5535 614 5576 esse
641 5517 899 5582 ostendit,
938 5521 994 5569 et
1026 5511 1184 5568 valde
1208 5510 1450 5566 crudeles
1475 5519 1529 5564 et
1551 5508 1790 5565 immites
1831 5520 1974 5571 esse,
2009 5515 2064 5561 et

493 5608 757 5671 effrenato
796 5607 998 5677 impetu
1029 5603 1247 5660 tendere
1285 5601 1352 5656 ad
1397 5600 1578 5656 omnia
1627 5612 1963 5671 quaecunque
2007 5596 2062 5652 in

2243 4766 2372 4820 "Ou
2413 4763 2764 4832 ἐνεπλήσθη
2791 4763 2870 4839 ὡς
2896 4762 2962 4816 τό
2987 4759 3270 4831 ἀπαρχῆς
3297 4763 3336 4832 ἠ
3360 4761 3522 4832 χώρα
3552 4764 3754 4820 αὐτῶν

2168 4854 2616 4925 κληδονισμῶν,
2641 4854 2722 4919 ὼς
2743 4855 2781 4923 ἠ
2825 4851 2946 4908 τῶν
2979 4852 3372 4922 ἀλλοφύλων,
3421 4855 3519 4910 καὶ
3559 4854 3752 4913 τέκνα

2164 4949 2488 5016 ἀλλόφυλα
2516 4946 2900 5016 ἐγενήθησαν
2917 4945 2986 5005 ἐν
3011 4945 3236 5011 αὐτοῖς.

2247 5037 2616 5108 Ἀπολογεῖται
2635 5038 2832 5110 τρόπον
2857 5036 2981 5102 τινὰ
3012 5037 3106 5090 καὶ
3128 5036 3222 5091 νῦν
3248 5039 3276 5091 ὁ
3304 5038 3588 5110 προφήτης
3610 5037 3751 5110 ὑπὲρ

2162 5131 2270 5186 τῶν
2309 5130 2406 5185 τοῦ
2438 5131 2574 5185 Θεοῦ
2606 5131 2915 5202 κριμάτων,
2947 5124 3044 5186 καὶ
3087 5131 3380 5185 ἀποδίδωσι
3424 5131 3523 5195 τὰς
3569 5131 3750 5195 αἰτίας

2167 5223 2262 5279 τοῦ
2291 5225 2383 5279 καὶ
2409 5224 2616 5296 σφόδρα
2635 5223 2858 5288 δικαίως
2877 5223 3118 5278 ἀνεῖσθαι
3151 5223 3301 5294 παρὰ
3328 5222 3462 5277 Θεοῦ
3483 5224 3573 5278 τὸν
3603 5220 3750 5280 οἷκον

2168 5317 2262 5383 τοῦ
2303 5317 2536 5389 Ἰσραὴλ,
2569 5318 2688 5388 ἦτοι
2736 5316 2827 5372 τὸν
2870 5316 2997 5370 λαὸν
3052 5314 3236 5372 αὐτοῦ,
3273 5315 3746 5387 Διαμέμνηταιδὲ,

2170 5407 2246 5475 ὡς
2278 5410 2432 5483 ἔφην,
2463 5409 2707 5470 παλαιῶν
2743 5426 2801 5474 τε
2828 5411 2920 5472 καὶ
2959 5409 3094 5464 νέων
3129 5409 3618 5482 πλημμελημάτων
3653 5411 3749 5467 τοῦ

2183 5502 2416 5574 Ἰσραὴλ,
2449 5501 2767 5571 ἀφιλοθέους
2817 5501 2979 5568 ὄντας
3022 5501 3282 5574 ἐλέγχων,
3333 5503 3428 5558 καὶ
3458 5502 3594 5557 πολὺ
3635 5502 3751 5573 βλέ-

2170 5611 2370 5661 ποντας
2416 5597 2496 5660 είς
2536 5594 2596 5652 τὸ
2622 5594 2858 5666 ἀπηνὲς,
2901 5595 3002 5661 Δκοιλ.
3045 5595 3314 5667 ἀχαλίνως
3367 5596 3545 5660 ἰόντας
3612 5594 3754 5671 πρὸς

568 5762 615 5804 υ
679 5759 830 5816 Joan.
867 5773 963 5826 xu,
999 5757 1088 5818 35.
1164 5757 1526 5822 “Ioan.vm,
1566 5754 1652 5811 I2.
1681 5756 1773 5830 ,σου
1798 5753 1956 5812 Mich.
1983 5767 2067 5819 tu,

2170 5793 2184 5820 ,
2206 5751 2292 5807 12.
2365 5753 2410 5789 ⁸⁵
2441 5751 2634 5820 Matth.
2668 5767 2822 5818 χχιιι,
2853 5752 2943 5820 57,
2969 5752 3059 5808 58.
3136 5752 3182 5784 θ’
3213 5753 3420 5811 Jercm.
3450 5769 3554 5821 xu,
3583 5751 3636 5808 7.
