4100 6478
1028 368 1059 391 ο

469 397 532 449 το
1028 372 1059 391 '
1487 382 1545 437 s.
1587 378 1865 438 CYRILLI
1907 374 2377 433 ALEXANDRINI
2418 374 2721 432 metuar
3657 372 3728 431 eo

470 524 559 576 ac,
595 517 653 562 ut
679 521 835 562 sacra
870 504 1145 573 Scriptura
1176 501 1370 571 inquit,
1411 499 1607 571 Legem
1639 500 1707 554 ad
1735 497 2038 555 subsidium

2169 500 2255 561 τοῖς
2315 496 2605 567 διαθήκην,
2660 494 2786 549 οὕτε
2843 497 2918 565 μὴ
2958 494 3198 564 ὲλεήσεις
3251 490 3469 557 αὐτοὺς,
3517 491 3625 546 οὐδ’
3667 493 3727 546 οὗ

468 600 633 654 dedit.
687 598 764 651 Illi
808 610 936 651 vero
966 594 1384 665 prarceptionum
1431 595 1568 647 adeo
1598 588 2032 645 venerandarum

2169 590 2219 662 ιὴ
2249 588 2671 661 γαμόρεύσηται
2703 585 2842 658 πρὸς
2892 585 3119 648 αὐτούς’
3170 583 3269 655 τὴν
3309 582 3582 654 θυγατέρα
3635 601 3731 638 σου

470 707 598 745 cura
632 688 862 754 ahjecta,
897 685 1301 741 inconsiderate
1329 682 1580 738 conversi
1604 689 1732 737 sunt
1759 680 1826 735 ad
1854 678 2036 735 omnia

2169 682 2201 734 ὑ
2226 679 2420 744 δώσεις
2448 679 2526 748 τῷ
2559 677 2661 749 υίῷ
2693 675 2882 741 αὑτοῦ,
2919 675 3011 728 καὶ
3039 673 3139 744 τὴν
3164 672 3446 743 θυγατέρα
3471 670 3636 725 αὑτοῦ
3669 673 3733 725 οὑ

472 779 754 850 praeceptis
777 778 1082 833 contraria.
1117 775 1482 846 Applicabant
1529 773 1675 828 enim
1724 786 1783 828 se
1825 770 2038 826 divina-

475 868 709 924 tionibus
732 877 784 922 et
816 866 964 922 falsis
995 866 1289 930 vaticiniis,
1321 872 1377 919 et
1403 863 1471 918 ab
1505 861 1590 917 his
1620 860 1714 931 qui
1744 858 1902 915 idolis
1943 858 2041 913 ad-

472 960 595 1013 dicti
621 967 777 1013 erant
811 972 877 1013 ac
918 957 1133 1023 devoti,
1181 954 1485 1011 futurorum
1542 952 1787 1008 notitiam
1825 962 2040 1020 qurere-

477 1053 606 1106 bant
641 1069 654 1105 :
690 1059 746 1104 ct
796 1063 926 1103 sane
960 1046 1256 1117 prophetas
1304 1051 1525 1100 sanctos
1579 1039 1955 1112 increpabant,
1984 1052 2045 1092 ac

471 1140 724 1195 dicebant
770 1155 785 1193 :
837 1155 856 1190 ι
901 1137 1022 1191 Alia
1083 1135 1241 1190 nobis
1298 1131 1581 1203 loquimini
1628 1140 1684 1188 et
1731 1128 2048 1184 annuntiate

475 1230 630 1285 nobis
690 1229 850 1284 alium
900 1240 1140 1283 errorem
1168 1226 1236 1281 ‘5.
1268 1244 1288 1279 ι
1334 1223 1461 1280 Fuit
1500 1237 1715 1294 quoque
1760 1222 1864 1277 illis
1923 1236 2046 1276 cmn

476 1319 689 1375 ﬁliabus
727 1319 1031 1372 vicinarum
1077 1317 1318 1386 gentium
1368 1314 1781 1379 commercium,
1828 1310 2045 1367 etiamsi

478 1415 559 1467 lex
593 1414 693 1467 hoc
731 1410 1128 1472 interdixisset,
1154 1416 1354 1464 etcum
1386 1404 1704 1461 mulieribus
1736 1403 1893 1457 malis
1914 1416 2053 1471 quas

485 1507 622 1558 lleus
654 1504 779 1557 odio
806 1500 1015 1566 habuit,
1046 1508 1102 1555 et
1127 1514 1250 1569 qua:
1279 1496 1629 1553 idololatricis
1669 1493 1865 1550 ritibus
1895 1494 2053 1548 innu-

498 1596 638 1649 trita:
668 1600 844 1657 erant,
875 1600 1073 1663 praeter
1099 1590 1273 1660 legem
1317 1586 1724 1651 cohabitarunt,
1759 1585 2051 1641 liberorum

484 1688 785 1741 alienorum
826 1684 1157 1740 exstiterunt
1190 1690 1393 1752 patres,
1417 1678 1510 1750 qui
1554 1687 1791 1733 matrum
1838 1690 2056 1748 quoque

483 1792 633 1835 more
661 1777 1016 1847 institutoque
1039 1773 1279 1842 educati,
1309 1772 1481 1844 legem
1505 1769 1803 1828 Mosaicam
1824 1810 1839 1837 ,
1869 1780 1929 1824 ut
1978 1770 2053 1824 ita

2139 772 2285 845 λήψῃ
2319 772 2397 842 τῷ
2439 770 2540 841 υίῷ
2580 787 2673 823 σου
2695 785 2710 800 ο
2768 766 3069 836 ἀποστήσει
3114 765 3222 837 γὰρ
3252 763 3346 818 τὸν
3376 762 3492 817 υίόν
3512 777 3606 816 σου
3638 760 3733 815 ἀπ’

2145 864 2305 936 ἐμοῦ,
2331 862 2427 917 καὶ
2453 861 2739 932 λατρεύσει
2760 859 2902 922 θεοῖς
2936 857 3145 927 ἐτέροις
3163 873 3177 887 ο
3214 854 3308 908 καὶ
3344 852 3734 925 ὀργισθήσεται

2144 954 2303 1028 θυμῷ
2334 953 2539 1025 Κύριος
2570 954 2652 1015 εἰς
2689 951 2856 1021 ὑμᾶς,
2900 949 2995 1002 καὶ
3031 945 3401 1019 ὲξολοθρεύσει
3439 959 3500 997 σε
3538 941 3600 996 τὸ
3636 942 3734 997 τά-

2145 1063 2261 1117 χος.
2300 1066 2319 1099 ι
2358 1046 2543 1100 Πάντα
2565 1042 2675 1114 γὰρ
2713 1041 2916 1112 τρόπον
2950 1037 3251 1109 ἀσφαλείας
3294 1037 3480 1099 αὐτοῖς
3521 1034 3735 1089 ἐπενόει

2147 1138 2301 1201 Θεὸς,
2329 1136 2424 1191 καὶ
2456 1134 2602 1191 καθά
2628 1150 2763 1206 φησι
2802 1132 2865 1186 τὸ
2892 1129 3135 1203 Γράμμα
3165 1129 3225 1183 τὸ
3259 1128 3423 1199 ἱερὸν,
3444 1125 3625 1197 Νόμον
3654 1127 3738 1190 είς

2150 1229 2408 1301 βοήθειαν
2446 1227 2669 1281 ἔδωκεν.
2698 1226 2762 1279 Οἱ
2790 1224 2848 1278 δὲ
2869 1223 2979 1278 τῶν
3005 1222 3149 1276 οὕτω
3204 1218 3418 1275 σεπτῶν
3463 1216 3735 1288 ἐνταλμά-

2149 1338 2258 1377 των
2289 1318 2669 1392 ήφειδηκότες,
2695 1316 2994 1390 ἐτράποντο
3022 1312 3345 1384 παραλόγως
3371 1311 3451 1375 είς
3496 1311 3604 1363 πᾶν
3630 1308 3740 1364 τῶν

2151 1413 2557 1488 ἐντεταλμένων
2584 1412 2648 1467 τδ
2679 1409 2941 1467 ἐναντίον.
2970 1406 3334 1481 Προσέκειντο
3357 1404 3468 1475 γάρ
3491 1403 3738 1475 κληδονι-

2155 1511 2335 1580 σμοῖς,
2367 1507 2465 1561 καὶ
2486 1499 3065 1577 ψευδομαντείαις,καὶ
3098 1496 3252 1569 παρά
3292 1499 3409 1560 τοῖς
3437 1497 3545 1549 τῶν
3583 1495 3740 1548 εἰδῶ--

2153 1600 2263 1655 λων
2297 1596 2713 1674 προσιζηκότων
2751 1593 2938 1666 ζητεῖν
2964 1587 3293 1653 ἐσπούδαζον
3315 1587 3425 1642 τῶν
3467 1586 3744 1674 ἐσομένων

2153 1689 2258 1761 τὴν
2299 1671 2523 1759 γνῶσιν,
2572 1684 2753 1740 καίτοι
2793 1680 3111 1753 ,προφήταις
3158 1676 3335 1747 ἀγίοις
3383 1671 3744 1744 ἐπιτιμῶντές

2156 1797 2220 1833 τε
2254 1778 2350 1832 καὶ
2369 1777 2620 1846 λέγοντες
2643 1790 2658 1805 ·
2697 1792 2716 1827 ι
2754 1772 2922 1828 ’Δλλα
2942 1772 3076 1841 ἡμῖν
3098 1767 3333 1832 λαλεῖτε,
3355 1765 3451 1819 καὶ
3482 1762 3746 1831 ἀναγγέλ-

480 1871 674 1935 dicam,
702 1883 770 1924 ne
796 1867 940 1924 scire
991 1866 1211 1937 quidem
1252 1863 1431 1919 videri
1494 1862 1830 1935 voluerunt”
1872 1858 2058 1929 Itaque

2169 1873 2282 1925 λετε
2316 1871 2450 1941 ἡμῖν
2481 1869 2678 1939 ἑτέραν
2712 1864 3000 1935 πλάνησιν.
3059 1879 3078 1913 ι
3130 1859 3376 1929 Συνῆσαν
3409 1856 3467 1910 δὲ
3507 1856 3603 1910 καὶ
3630 1854 3748 1918 ταῖς

482 1960 697 2030 impleta
724 1965 831 2024 est,
862 1956 1060 2026 inquit,
1094 1964 1153 2009 ut
1190 1954 1257 2010 ab
1290 1953 1472 2016 initio,
1500 1953 1653 2022 regio
1694 1965 1883 2006 eorum
1917 1948 2055 2005 divi-

484 2051 797 2105 nationibus
824 2058 882 2102 ut
923 2059 1067 2104 terra
1104 2045 1557 2116 alienigenarum,
1588 2053 1651 2105 et
1677 2043 1773 2097 lilii
1800 2041 2055 2112 alienige-

484 2155 565 2193 na:
598 2137 712 2193 nati
761 2146 887 2192 sunt
926 2136 1054 2191 illis.
1100 2135 1229 2189 Erat
1266 2142 1446 2188 autem
1500 2131 1949 2190 absurdissimum
2005 2137 2061 2185 et

485 2231 878 2300 turpissimum,
895 2227 1003 2301 43
1025 2243 1090 2283 ex
1114 2227 1431 2298 alienigenis
1448 2226 1707 2282 uxoribus
1725 2234 1877 2281 natos
1898 2222 2056 2288 ﬁlios,

492 2323 583 2391 qui
634 2332 876 2378 sanctam
928 2322 1203 2377 civitatem
1262 2320 1657 2384 inhabitarant,
1706 2319 1761 2374 in
1819 2316 2058 2389 gentium

487 2415 725 2469 moribus
775 2413 981 2472 versari
1018 2428 1081 2468 ac
1136 2416 1318 2469 vivere
1368 2421 1526 2469 extra
1572 2410 1767 2481 legem.
1814 2408 1884 2464 Et
1936 2423 2059 2464 cum

489 2502 861 2573 Deusjubcret
912 2517 1130 2557 omnem
1171 2501 1473 2557 masculum
1526 2511 1651 2555 octo
1684 2500 1896 2555 dierum
1945 2499 2059 2553 cir—

484 2613 501 2645 ι
519 2592 765 2648 umeiden’
772 2592 917 2657 dum,
934 2600 1189 2660 etaperto
1205 2590 1445 2646 diceret:
1467 2607 1486 2642 ι
1499 2588 1695 2644 Tribus
1710 2587 1789 2661 [et
1804 2582 2059 2658 quatuor]

492 2683 824 2754 temporibus
854 2684 981 2737 anni
1016 2682 1303 2752 apparebit
1336 2696 1498 2738 omne
1536 2679 1839 2737 masculum
1878 2694 2062 2735 coram

488 2791 572 2832 me
592 2775 686 2842 ’νς
730 2794 749 2827 ι
787 2774 860 2828 illi
891 2786 1070 2829 tamen
1097 2776 1234 2829 istuc
1254 2788 1365 2830 non
1391 2773 1684 2839 faciebant,
1717 2772 1812 2828 sed
1846 2786 1941 2828 eos
1969 2771 2062 2842 qui

2155 1964 2265 2019 τῶν
2291 1961 2507 2035 ὁμόρων
2530 1958 2700 2015 ἐθνῶν
2725 1954 3087 2029 θυγατράσιν,
3126 1949 3488 2023 ἀπειρηκότος
3525 1946 3620 2001 τοῦ
3656 1945 3745 2001 νό-

2161 2072 2265 2127 μου
2295 2054 2356 2108 τὸ
2399 2053 2606 2125 χρῆμα.
2634 2048 2843 2105 Γύναιά
2873 2065 2934 2102 τε
2977 2043 3193 2116 πονηρά
3231 2044 3327 2097 καὶ
3373 2039 3621 2112 θεομισῆ,
3655 2035 3749 2092 καὶ⁵

2156 2151 2271 2209 τοῖς
2300 2147 2399 2218 τῆς
2422 2142 2871 2214 εἰδωλολατρείας
2905 2139 3084 2193 ἔθεσιν
3132 2134 3544 2207 ἐντεθραμμένα
3568 2147 3739 2202 παρα·

2157 2238 2343 2309 νόμως
2386 2234 2841 2306 εἰσοικισάμενοι,
2889 2228 3096 2285 παίδων
3150 2226 3446 2298 ἀλλοτρίων
3490 2222 3749 2293 γεγόνασι

2164 2330 2423 2401 πατέρες,
2485 2328 2535 2382 οἳ
2597 2327 2692 2380 καὶ
2740 2323 3104 2396 ἀνετρέφοντο
3160 2321 3273 2383 τοῖς
3333 2315 3443 2370 τῶν
3498 2315 3752 2388 μητέρων

2161 2422 2331 2489 ἐθεσι,
2360 2419 2453 2476 τὸν
2478 2418 2568 2473 διὰ
2599 2417 2847 2479 Μωσέως
2887 2414 3074 2485 νόμον,
3106 2411 3214 2468 οὐδ’
3244 2412 3369 2465 ὅσον
3395 2409 3591 2474 εἰπεῖν,
3616 2406 3751 2461 εἰδέα

2162 2530 2251 2568 ναι
2275 2508 2758 2584 προσποιούμενοι.
2784 2504 2968 2577 Ταύτῃ
2996 2504 3081 2558 τοί
3106 2519 3296 2574 φησιν,
3329 2502 3411 2555 ὅτι
3444 2497 3751 2570 ἐνεπλήσθη

2161 2601 2240 2666 ὡς
2261 2600 2323 2654 τὸ
2345 2598 2602 2671 ἀπαρχῆς
2624 2600 2659 2668 ή
2694 2596 2848 2669 χώρα
2882 2593 3063 2650 αὐτῶν
3090 2590 3465 2663 κληδονισμῶν
3488 2588 3616 2642 ὡσεὶ
3643 2586 3754 2640 τῶν

2163 2690 2500 2761 ἀλλοφύλων,
2524 2690 2617 2743 καὶ
2643 2687 2808 2741 τέκνα
2834 2683 3112 2755 ἀλλόφυλα
3132 2681 3519 2755 ἐγείνῌλθησαν
3546 2680 3750 2744 αὐτοῖς.

2161 2776 2273 2835 Ἦν
2303 2780 2360 2834 δὲ
2392 2779 2597 2851 σφόδρα
2620 2777 2729 2832 τῶν
2754 2776 2992 2843 ἀτόπων,
3018 2774 3115 2829 καὶ⁵
3145 2776 3483 2845 πάναισχρον
3514 2769 3755 2842 άληθῶς,

493 2868 604 2923 nati
633 2877 762 2923 sunt
791 2866 1095 2925 olIerebant
1124 2867 1482 2935 (immanibus,
1528 2876 1583 2924 et
1616 2867 1671 2924 in
1710 2866 1853 2924 fauis
1900 2866 2065 2923 idolo-

2169 2873 2264 2946 τὴν
2295 2872 2459 2942 ἁγίαν
2508 2871 2662 2925 πόλιν
2710 2870 3124 2941 κατῳκηκότας,
3171 2868 3298 2930 τοὺς
3344 2865 3406 2931 ἐξ
3438 2863 3755 2934 ἀλλοφύλων

493 2977 610 3014 rutn
643 2960 857 3016 illorutn
886 2977 1053 3019 causa
1082 2959 1488 3018 sacriﬁcabant.
1513 2960 1677 3017 Vides
1714 2974 1808 3018 eos
1841 2960 2064 3016 Omnino

2169 2963 2444 3035 γυναικῶν
2467 2961 2759 3032 γεγονότας
2793 2962 2977 3024 αὐτοῖς
3021 2962 3179 3027 υἱεῖς,
3208 2959 3385 3013 ἔθεσιν
3424 2956 3757 3028 Ἑλληνικοῖς

491 3053 660 3123 legem
694 3054 1065 3116 conculcasse.
1097 3062 1169 3112 At
1192 3057 1283 3127 qui
1312 3063 1730 3112 consentaneum
1763 3063 1902 3127 erat,
1943 3068 2063 3119 eos,

2169 3055 2547 3111 πολιτεύεσθαι
2602 3053 2697 3109 καὶ
2757 3052 2859 3125 ζῇν
2913 3051 3018 3120 ἔξω
3071 3050 3261 3123 νόμου.
3317 3050 3429 3103 Καὶ
3478 3046 3573 3103 τοῦ
3620 3044 3756 3101 Θεοῦ

490 3145 582 3221 qui
611 3167 676 3207 eo
705 3154 999 3222 impietatis
1026 3161 1416 3225 pervenerant,
1446 3158 1503 3204 ut
1537 3163 1605 3203 ne
1647 3145 2064 3218 Redemptorem

2169 3148 2600 3221 προστάττοντος
2634 3147 2742 3200 πᾶν
2778 3145 2993 3201 παιδίον
3016 3146 3182 3217 ἄρσεν
3212 3143 3554 3216 όκταήμερον
3596 3157 3758 3213 περι-

491 3244 707 3312 quidem
756 3257 1090 3315 cognoscere
1130 3244 1355 3310 vellent,
1407 3242 1575 3312 ipsius
1608 3240 1788 3311 populi
1845 3240 2064 3294 nomine

2169 3240 2485 3312 τέμνεσθαι,
2523 3238 2778 3309 λέγοντός
2818 3256 2879 3293 τε
2916 3239 3129 3308 σαφῶς·
3161 3254 3183 3291 ε
3214 3238 3377 3307 Τρεῖς
3405 3235 3631 3307 καιροὺς
3665 3232 3760 3287 τοῦ

492 3337 704 3391 θεωρεῖ
726 3336 750 3391 ‘l
774 3336 1033 3393 Sanctum
1069 3346 1157 3394 est
1204 3338 1371 3408 igitur
1407 3336 1461 3391 in
1501 3349 1593 3391 eos
1625 3335 1732 3391 hoc
1775 3332 2062 3404 judicium,

2170 3332 2421 3388 ἐνιαυτοῦ
2442 3330 2743 3405 ὀφθήσεται
2765 3331 2872 3387 πᾶν
2894 3328 3185 3406 ἀρσενικόν
3212 3346 3304 3385 σου
3329 3326 3557 3384 ἐνώπιόν
3586 3343 3711 3399 μου·
3738 3346 3756 3380 ι

492 3437 546 3483 ct
575 3430 874 3485 aversionis
897 3447 1000 3486 non
1023 3430 1241 3485 inﬁrma
1264 3424 1419 3484 ratio.
1452 3447 1471 3481 ι
1498 3426 1616 3484 Νοιι
1639 3427 1782 3483 enim
1809 3441 2067 3499 persona-

2173 3427 2224 3480 οῖ
2256 3425 2313 3480 δὲ
2340 3424 2500 3480 τοῦτο
2530 3426 2629 3497 μὲν
2652 3427 2763 3480 οὐκ
2792 3412 2982 3499 ἔδρων,
3013 3422 3414 3495 ἀπεκομίζοντο
3440 3421 3497 3475 δὲ
3514 3423 3623 3484 τοῖς
3645 3420 3763 3475 δαί-

494 3537 611 3575 rmn
644 3530 954 3593 acceptator
982 3532 1064 3578 est
1089 3522 1468 3577 universorum
1491 3520 1659 3591 judex
1678 3520 1745 3575 ".
1786 3538 1804 3573 ι

2181 3535 2310 3590 μοσι
2336 3518 2404 3574 τά
2436 3516 2775 3589 γεννώμενα,
2798 3520 2903 3572 καὶ
2928 3519 2993 3572 ἐν
3016 3518 3131 3581 τοῖς
3173 3517 3282 3571 τῶν
3316 3516 3549 3571 εἰδώλων
3597 3516 3762 3587 τεμέ-

494 3628 606 3666 νεσι
632 3611 728 3675 τὰς
752 3611 838 3664 ἐπ’
874 3611 1058 3675 αὐτοῖς
1089 3610 1302 3665 ἐτέλουν
1340 3610 1553 3676 θυσίας.
1600 3610 1761 3682 Ὁρᾷς,
1820 3608 2070 3680 πανταχῆ
2117 3609 2507 3681 πεπατηκότας
2538 3610 2631 3664 τὸν
2687 3610 2871 3680 νόμον.
2908 3606 3045 3664 Εἶτα
3071 3607 3191 3674 πῶς
3222 3602 3296 3681 ἦν
3325 3607 3614 3664 ἀκόλουθον
3637 3607 3765 3671 τοὺς

496 3711 574 3772 είς
602 3707 758 3762 τοῦτο
782 3707 966 3763 λοιπὸν
993 3707 1226 3779 ἥκοντας
1264 3708 1539 3774 ἀσεϐείας,
1580 3708 1655 3773 ὡς
1705 3708 1843 3779 μήτε
1879 3707 2075 3761 εἰδέναι
2112 3707 2401 3778 βούλεσθαι
2466 3710 2558 3761 τὸν
2626 3707 2933 3778 λυτρωτὴν,
2978 3705 3142 3761 αὑτοῦ
3186 3707 3315 3761 λαὸν
3362 3705 3765 3778 όνομάζεσθαις

497 3798 704 3853 ιηὶῦκοῦν
757 3798 878 3855 ὁσία
927 3797 1105 3875 ψῆφος
1145 3800 1179 3870 ἡ
1226 3799 1313 3853 ἐπ’
1352 3801 1557 3867 αὐτοῖς,
1607 3799 1702 3855 καὶ
1766 3800 1867 3870 τῆς
1915 3801 2266 3873 ἀποστροφῆς
2311 3801 2412 3855 οὐκ
2457 3799 2690 3872 ἀγεννὴς
2744 3800 2779 3871 ἡ
2824 3800 3115 3870 πρότασις.
3163 3819 3183 3853 ι
3236 3800 3765 3871 ’Δπροσωπόληπτος

498 3895 603 3965 γάρ
624 3894 653 3946 ό
675 3893 782 3947 τῶν
808 3894 945 3948 ὅλων
974 3895 1186 3967 κριτής.
1236 3912 1254 3947 ι

578 3986 738 4044 Vens.
766 3986 819 4051 7,
849 3986 903 4040 8.
930 3985 1158 4055 Impleta
1184 3997 1259 4042 est
1292 3989 1427 4044 enim
1467 3988 1608 4058 regio
1648 4002 1828 4042 eorum
1856 3998 2074 4058 argento

500 4090 544 4130 el
574 4094 729 4145 auro,
768 4093 859 4131 nec
888 4088 999 4132 erat
1032 4094 1279 4134 numerus
1312 4082 1680 4134 thesaurorum
1718 4079 1987 4148 ipsorum:
2028 4089 2076 4133 et

502 4165 696 4234 repleta
725 4174 803 4220 est
831 4177 972 4221 terra
994 4167 1162 4238 equis,
1194 4178 1242 4223 et
1284 4183 1387 4223 non
1406 4176 1518 4222 erat
1565 4182 1811 4226 numerus
1854 4168 2078 4239 quadri-

502 4274 693 4327 garum
720 4258 975 4326 ipsorum.

586 4347 699 4403 Duo
726 4349 927 4404 iterum
955 4349 1082 4404 vitia
1112 4348 1410 4407 foedissima
1440 4350 1548 4406 illis
1578 4350 1755 4410 inesse
1776 4353 1871 4421 ait,
1900 4354 2081 4409 avari-

504 4442 629 4495 tiam
648 4450 700 4495 ct
720 4441 1048 4512 superbiam.
1062 4441 1376 4498 Avaritiam
1393 4444 1635 4499 omnium
1655 4444 1917 4499 malorum
1939 4446 2083 4499 radi-

506 4547 621 4586 cem
640 4546 756 4586 esse
780 4533 1209 4604 sapientissimus
1233 4530 1435 4589 Paulus
1453 4542 1685 4588 testatur
1715 4535 2078 4604 perspicue”.

506 4624 880 4693 Arroganliam
897 4634 1075 4680 autem
1094 4624 1331 4679 retnDeo
1347 4624 1589 4679 odiosam
1608 4635 1661 4679 et
1690 4625 1944 4683 infestam
1968 4641 2089 4683 esse

507 4722 718 4769 constat
739 4715 1007 4769 unuiihus.
1052 4714 1322 4784 Scriptum
1348 4725 1429 4770 est
1450 4715 1593 4770 enim
1625 4734 1639 4771 :
1670 4734 1689 4768 ι
1718 4717 1977 4773 Dominus
1997 4733 2090 4772 su-

510 4808 688 4877 peris
710 4807 934 4871 resistit,
954 4806 1247 4862 humilibus
1267 4822 1395 4862 vero
1417 4809 1510 4863 dat
1530 4808 1759 4877 gratiam
1776 4808 1844 4863 θ’.
1872 4826 1892 4861 ι
1923 4791 2041 4863 lino
2057 4826 2087 4863 a

515 4912 616 4965 :guo
660 4903 874 4953 tandem
914 4898 1169 4966 nequitiae
1217 4913 1416 4965 genere
1461 4913 1581 4965 eos,
1627 4899 1716 4969 qui
1771 4899 2080 4955 divitiarum

513 4989 685 5041 slmlio
732 4999 1004 5052 tenentur,
1060 4989 1250 5042 abesse
1301 4989 1525 5045 videas?
1576 4989 1885 5047 Corradunt
1938 4990 2084 5046 enim

515 5080 815 5147 hujnsmodi
852 5082 1101 5134 homines
1147 5090 1442 5147 quaastum,
1477 5092 1872 5152 corrogantque
1923 5098 2091 5153 pecu-

515 5170 648 5243 nias,
693 5184 756 5224 ex
774 5166 956 5224 usuris
978 5167 1349 5235 etfenorihus,
1400 5185 1468 5226 ex
1518 5172 1810 5241 cupiditate
1855 5181 1910 5228 et
1955 5173 2093 5243 inju-

515 5262 681 5324 stitia,
711 5276 777 5316 ex
809 5261 994 5329 rapina
1025 5272 1077 5315 et
1119 5260 1413 5319 calumnia.
1453 5262 1620 5319 Adest
1661 5276 1716 5319 et
1760 5265 1963 5321 divitiis
2008 5267 2093 5322 in-

518 5351 768 5417 solentia,
808 5360 863 5406 et
911 5351 977 5405 ad
1009 5363 1304 5421 proventus
1360 5353 1690 5410 nefariarum
1740 5366 1798 5411 et
1846 5372 2097 5412 exsecra-

518 5443 853 5496 liSailllartlm
880 5442 1216 5517 voluptatum
1247 5460 1443 5521 magna
1478 5447 1811 5516 proclivitas.
1840 5446 1975 5502 Nam
2002 5450 2091 5504 ubi

517 5534 744 5598 deliciae,
780 5534 891 5606 illic
935 5538 1158 5591 omnino
1191 5538 1613 5596 comessationes
1660 5549 1809 5607 sunt,
1856 5532 2103 5596 ebrieta-'

521 5631 626 5689 tes,
660 5623 861 5693 lustra,
897 5626 1172 5701 libidines,
1225 5645 1493 5701 «mireque
1519 5647 1689 5707 genus
1720 5634 2089 5703 intemperan-

2263 3986 2639 4056 Ἐνεπλήσθη
2676 3984 2786 4055 γὰρ
2830 3984 2870 4054 ἡ
2913 3982 3073 4054 χώρα
3112 3981 3309 4038 αὐτῶν
3339 3983 3624 4055 ἀργιιριόυ
3670 3982 3767 4038 καί

2179 4078 2438 4149 χρυσοῦ,
2482 4077 2581 4132 καὶ
2608 4079 2721 4132 οὐκ
2753 4071 2833 4148 ἦν
2872 4074 3119 4146 ἀριθμὸς
3156 4072 3276 4130 τῶν
3300 4074 3623 4145 θησαυρῶν
3659 4078 3762 4130 αὐ·

2180 4169 2301 4224 τῶν
2322 4186 2336 4201 ο
2373 4169 2469 4223 καὶ
2518 4166 2877 4235 ,ἐνεπλήσθη
2919 4165 2958 4234 ἠ
3010 4163 3087 4236 τῆ
3140 4165 3358 4235 ἵππων,
3411 4164 3512 4219 καί
3540 4165 3652 4220 οὐκ
3690 4161 3771 4236 ἦν

2181 4262 2429 4333 ἀριθμὸς
2456 4260 2576 4316 τῶν
2609 4260 2887 4331 ἁρμάτων
2910 4255 3130 4313 αὐτῶν.

2253 4356 2360 4410 Δύο
2416 4356 2480 4427 δὴ
2535 4355 2701 4409 πάλιν
2749 4357 2935 4421 αὐτοῖς
2986 4356 3054 4411 τά
3113 4356 3333 4411 πάντων
3376 4357 3610 4429 μάλιστα
3662 4355 3770 4410 τῶν

2184 4447 2372 4503 κακῶν
2400 4447 2648 4517 αἰσχίονα
2681 4448 2962 4519 προσεῖναί
2992 4465 3145 4518 φησι,
3170 4448 3530 4520 φιλαργυρίαν
3557 4465 3617 4501 τε
3635 4448 3773 4518 ὁμοῦ

2187 4540 2283 4592 καὶ
2310 4539 2634 4609 ὑπεροψίαν.
2670 4542 2782 4595 Καὶ
2819 4543 2943 4612 ῥίζα
2992 4542 3090 4612 μὲν
3124 4542 3209 4595 ὅτι
3255 4543 3473 4596 πάντων
3506 4541 3622 4594 ἐστὶ
3663 4541 3774 4594 τῶν

2188 4626 2375 4681 κακῶν
2404 4630 2439 4697 ή
2489 4627 2847 4700 φιλαργυρία,
2897 4629 3320 4702 μεμαρτύρηκεν
3349 4629 3596 4703 ἐναργῶς
3623 4633 3651 4685 ὁ
3683 4647 3774 4683 σο-

2191 4717 2436 4789 φώτατος
2449 4719 2682 4786 Παῦλος.
2701 4721 2946 4792 Ἀπηχθη
2953 4721 3114 4793 μένον
3126 4722 3278 4785 δὲεὸτι
3292 4722 3389 4793 τῆς
3406 4719 3776 4793 ἀλαζον[ε]ίας

2190 4814 2252 4867 τὸ
2279 4812 2470 4883 χρῆμα
2506 4813 2658 4884 παρά
2704 4813 2846 4884 Θεῷ,
2888 4814 3180 4885 παντίοτῳ
3227 4814 3417 4884 σαφές.
3457 4814 3777 4885 Γέγραπται

2189 4902 2320 4975 γὰρ,
2348 4903 2430 4957 ὄτι
2458 4922 2477 4955 t
2510 4904 2715 4976 Κύριος
2749 4906 3120 4977 ὑπερηφάνοις
3151 4906 3553 4971 ἀντιτάσσεται,
3582 4922 3774 4958 ταπει-
3802 4951 3807 4959 .

2193 4996 2304 5059 νοῐς
2331 4994 2388 5048 δὲ
2415 4995 2598 5050 δίδωσι
2620 4997 2799 5069 χάριν.
2827 5016 2846 5050 ι
2873 4998 3208 5069 Φαυλότητος
3224 4998 3348 5054 τίνα
3373 4999 3572 5069 τρόπον
3586 4999 3685 5051 οὐκ
3710 4998 3778 5052 ἀν

2194 5101 2278 5147 τις
2301 5085 2489 5139 ἐνόντα
2539 5086 2728 5157 βλέποι
2762 5089 2916 5160 παρά
2942 5105 3006 5158 γε
3048 5092 3163 5152 τοῖς
3190 5089 3435 5143 ἐθέλουσι
3483 5088 3777 5154 πλουτεῖν;

2201 5176 2439 5228 ποιοῖντο
2471 5175 2581 5248 γὰρ
2623 5177 2675 5231 οί
2722 5178 2915 5237 τοιοίδε
2942 5179 3043 5249 τὴν
3091 5176 3200 5233 τῶν
3246 5176 3545 5250 χρημάτων
3578 5193 3777 5246 συγκο-

2202 5266 2360 5338 μιδὴν
2402 5267 2467 5325 ἔκ
2512 5285 2574 5322 τε
2617 5270 2793 5324 τόκων
2825 5270 2918 5324 καὶ
2958 5268 3335 5340 πλεονασμῶν,
3361 5271 3426 5323 ἐκ
3469 5267 3780 5334 πλεονεξίας

2200 5359 2292 5412 καὶ
2323 5359 2557 5426 ἀδικίας,
2586 5359 2647 5425 ἐξ
2688 5362 2943 5432 ἁρπαγῆς
2980 5361 3073 5415 καὶ
3098 5363 3481 5432 συκοφαντίας.
3510 5362 3781 5432 Πρόσεστι

2195 5452 2253 5505 δὲ
2278 5451 2356 5523 τῷ
2383 5452 2600 5525 πλούτῳ
2631 5456 2725 5509 καὶ
2752 5454 2815 5508 τὸ
2854 5455 3155 5526 ἀγέρωχον,
3192 5456 3287 5508 καὶ
3311 5456 3372 5509 τὸ
3412 5455 3532 5507 λίαν
3560 5454 3777 5524 ἕτοιμον

2195 5545 2275 5609 εις
2307 5548 2590 5618 ἀποφορὰν
2624 5548 2735 5602 τῶν
2763 5548 3010 5603 ἐκτόπων
3041 5548 3135 5600 καὶ
3184 5548 3599 5620 βδελυρωτάτων
3638 5546 3766 5617 ἡδο-

2194 5635 2322 5692 νῶν.
2351 5638 2526 5693 ’Ὀπου
2554 5638 2664 5712 γάρ
2688 5640 2750 5695 τὸ
2774 5644 3009 5715 τρυφᾷν,
3038 5644 3155 5698 ἐκεῖ
3206 5658 3309 5695 που
3337 5640 3555 5703 πάντως
3591 5638 3769 5707 κῶμοι

587 5743 633 5823 ’.ο
666 5743 768 5799 lsa.
804 5756 932 5823 ιλιι,
968 5742 1054 5798 10.
1131 5743 1197 5777 ⁸⁵·
1237 5742 1409 5801 Exod.
1447 5761 1604 5813 unt,
1641 5743 1730 5815 l7,
1769 5761 1961 5814 xxxrv,
2004 5745 2067 5802 2'5

2169 5746 2327 5807 Deut.
2358 5765 2470 5813 ut.
2507 5750 2592 5807 16.
2671 5751 2902 5811 "-Rom.
2936 5770 2998 5823 ιι,
3036 5756 3126 5815 Η.
3203 5755 3251 5796 ³⁸
3277 5754 3553 5817 l'l‘imoth.
3591 5768 3667 5816 Vl,
3692 5753 3782 5812 ω.

522 5812 567 5843 θ’
593 5810 709 5869 Jac.
733 5827 803 5879 tv,
828 5812 879 5866 6.
