4100 6482
509 401 581 472 ετ
1548 402 1609 459 s.
1649 396 1928 456 CYlllLLl
1966 397 2437 458 ALEXANDRINI
2475 402 2798 462 ARCHIEP.
2922 447 2930 455 .
3714 411 3788 469 gs

511 530 633 584 Ideo
657 527 790 585 dicit
827 537 1039 599 tempus
1085 525 1178 582 ira:
1215 529 1407 580 contra
1457 533 1685 577 omnem
1737 518 2086 576 contumelio-

2199 520 2296 574 καὶ
2338 521 2734 596 εὐφρανθῶμεν
2776 523 2838 579 ἐν
2875 523 3035 596 αὐτῇ.
3070 541 3090 576 ι
3129 521 3389 578 Ἕσεσθαι
3421 525 3600 580 τοίνυν
3646 531 3780 601 φησι

508 631 628 676 sum
657 625 706 674 et
732 616 1044 687 superbum.
1080 615 1146 669 Et
1168 607 1598 669 contumeliosos
1635 607 1856 679 quidem
1879 607 2094 660 videtur

507 711 712 776 dicere,
761 709 854 780 qui
899 708 1138 764 divinam
1206 703 1552 774 maiestatem
1605 701 1982 762 dedecorant,
2027 711 2094 753 eo

508 804 652 874 quod
687 818 794 858 non
857 801 1167 857 sustineant
1197 814 1318 854 eam
1347 799 1601 859 adorare,
1632 793 1729 850 sed
1770 793 1876 848 illis
1905 791 2087 862 potius

504 897 609 952 diis
632 895 941 966 alligantur,
986 907 1123 965 quos
1169 891 1270 963 ipsi
1301 887 1593 946 commenti
1632 893 1761 943 sunt
1791 905 1804 940 :
1831 884 2094 953 superbos

503 997 652 1054 vero,
671 989 763 1058 qui
777 987 1012 1042 divinam
1037 983 1602 1055 Iegemkontemnunt,
1621 987 1674 1035 et
1697 993 1817 1048 quae
1836 978 2095 1033 divinitus

501 1076 675 1131 edicta
707 1085 833 1130 sunt
865 1089 963 1145 pro
1002 1073 1171 1128 nihilo
1211 1073 1452 1139 ducunt;
1507 1069 1774 1140 siquidem
1807 1077 1862 1124 et
1905 1068 2092 1122 beatus

505 1167 672 1224 David
702 1169 774 1224 ait
803 1185 818 1223 :
853 1185 873 1220 ι
923 1165 1154 1236 Superbi
1184 1165 1358 1236 legem
1395 1161 1735 1235 pracvaricati
1768 1170 1894 1218 sunt
1923 1161 2088 1215 vehe-

503 1271 714 1318 menter
739 1261 783 1316 ⁸.
834 1279 854 1314 ι
901 1259 1166 1328 Quoniam
1207 1270 1386 1312 autem
1435 1255 1746 1326 complures
1778 1260 1966 1310 essent
1995 1268 2091 1322 per

499 1353 740 1412 Judaaam
803 1362 858 1411 et
913 1351 1222 1409 Jerusalem
1279 1349 1482 1406 divitiis
1551 1348 1809 1405 cumulati
1860 1346 2086 1414 all’atim,

499 1450 556 1504 et
583 1462 745 1517 opum
773 1447 927 1516 copia
959 1443 1108 1501 haud
1138 1442 1484 1500 mediocriter
1502 1438 1959 1505 circumﬂuereut,
1986 1455 2091 1495 cas-

503 1538 634 1594 teris
663 1537 1052 1608 praecellerent,
1089 1545 1141 1591 et
1186 1533 1422 1602 potentia
1465 1532 1599 1602 septi
1665 1544 1729 1584 ac
1761 1531 1956 1585 muniti
2003 1543 2092 1585 es-

499 1639 639 1697 sent,
689 1629 886 1699 illaque
922 1643 1035 1684 sua:
1066 1625 1367 1681 nobilitatis
1415 1623 1558 1678 haud
1615 1623 1810 1695 exigua
1867 1637 2089 1678 mensu-

500 1739 558 1780 ra
613 1723 974 1787 exsultarent,
1017 1719 1329 1791 sublatique
1358 1719 1411 1773 in
1469 1717 1664 1781 altum,
1709 1715 1880 1772 veluti
1947 1717 2090 1771 intu-

497 1824 822 1883 mescerent,
900 1815 1022 1870 ideo
1070 1814 1125 1869 in
1188 1829 1283 1870 eos
1350 1812 1588 1868 maxime
1641 1812 1780 1866 hanc
1849 1811 2087 1866 divinam

497 1909 634 1966 iram
661 1909 794 1965 dicit
859 1908 1252 1973 incursuram;
1338 1915 1541 1961 statqu
1611 1903 1877 1975 cujusque
1926 1911 2089 1974 atque

498 2004 724 2075 gradum
776 1999 1116 2072 aenigmatice
1149 1997 1555 2054 subinsinuans.
1611 1997 1838 2054 Confert
1883 1997 2086 2052 etenim

501 2094 620 2150 illos
652 2103 858 2150 etcum
897 2091 1090 2147 Libani
1133 2091 1354 2148 cedris:
1412 2109 1432 2144 ι
1471 2088 1598 2146 Vidi
1629 2089 1800 2158 enim,
1834 2109 1854 2144 ι
1886 2089 2084 2161 inquit,

503 2203 522 2240 ι
553 2187 777 2259 impium
806 2195 1048 2243 erectum
1068 2192 1123 2242 et
1156 2185 1358 2240 elatum
1390 2183 1536 2240 velut
1563 2183 1758 2239 cedros
1783 2182 1970 2259 Libani
1995 2185 2074 2251 ⁹;›

499 2256 644 2351 ψιίιί
680 2288 736 2335 ει
769 2293 892 2334 eum
936 2277 1228 2334 arboribus
1264 2275 1378 2350 48
1424 2289 1657 2348 quercus
1685 2256 1896 2339 Busan,
1918 2274 1970 2330 id
2004 2283 2086 2330 est

495 2371 806 2442 quercubus
861 2384 983 2441 qum
1024 2379 1150 2426 sunt
1181 2370 1234 2426 in
1271 2368 1586 2425 Basanitide
1635 2377 1777 2422 terra
1817 2385 1830 2423 :
1875 2377 1958 2424 est
1985 2383 2084 2422 au-

499 2474 603 2520 tem
643 2465 688 2520 is
713 2461 868 2519 locus
897 2463 949 2518 in
987 2460 1197 2527 Iudaea,
1224 2461 1318 2530 qui
1359 2475 1503 2516 nunc
1539 2457 1793 2513 Basanma
1824 2470 2078 2526 vocatur,

499 2556 808 2626 plantarum
867 2555 1052 2610 nutrix
1080 2553 1309 2624 Optima,
1333 2553 1537 2623 spissas
1579 2559 1636 2608 et
1659 2552 1796 2606 bene
1827 2567 2084 2622 proceras

499 2650 704 2704 habens
752 2647 964 2704 cedros.
993 2643 1219 2701 Confert
1268 2645 1434 2700 etiam
1483 2657 1580 2699 eos
1649 2643 1904 2698 similiter
1957 2657 2080 2698 cum

495 2737 723 2794 collibus
774 2747 830 2796 et
876 2737 1176 2802 montibus,
1215 2747 1269 2792 et
1327 2746 1450 2791 cum
1506 2735 1746 2790 turribus
1792 2743 1848 2790 et
1912 2735 2082 2792 muris

495 2831 750 2907 prmaltis.
817 2831 984 2886 Addit
1051 2828 1246 2884 deinde
1274 2842 1367 2882 eos
1411 2826 1860 2882 cumulandarum
1917 2841 2080 2897 upum

493 2925 817 2982 becasiones
867 2924 920 2976 in
977 2922 1255 2990 regionem
1299 2919 1698 2986 importavisse,
1745 2933 1870 2974 cum
1909 2919 2078 2975 dicit:

500 3033 520 3073 ι
555 3019 622 3074 Et
648 3033 813 3088 super
841 3031 1057 3073 omnem
1086 3014 1263 3069 navim
1343 3013 1532 3078 maris,
1582 3021 1638 3068 et
1673 3027 1839 3082 super
1861 3025 2078 3066 omnem

495 3119 770 3182 aspectum
819 3107 1104 3180 pulchrum
1157 3105 1520 3179 navigiorum.
1569 3123 1591 3159 ι
1657 3104 1953 3174 Dupliciter
1991 3120 2083 3159 au-

499 3211 604 3262 tem
627 3206 730 3262 hoc
755 3202 1092 3272 intelligitur.
1124 3199 1258 3256 Cum
1290 3199 1436 3256 enim
1479 3198 1896 3252 denuntiaretur
1923 3199 2080 3252 undi-

496 3305 603 3369 Que
662 3295 886 3363 bellum,
939 3303 995 3350 et
1046 3291 1373 3364 Babylonios
1439 3291 1734 3346 adventare
1784 3291 2086 3357 diceretur,

496 3406 650 3466 Spem
679 3395 732 3450 in
775 3393 943 3448 Deum
986 3389 1148 3459 ﬁgere
1165 3383 1789 3453 destiteruntlsraelitae,
1823 3395 1877 3442 et
1918 3383 2088 3457 Egy-

499 3491 642 3562 ptios
693 3488 746 3544 in
797 3483 1109 3558 praesidium
1179 3481 1518 3547 asciverunt,
1559 3477 1726 3550 Tyro,
1779 3487 1834 3532 et
1885 3477 2085 3559 accolis

497 3581 749 3652 gentibus
807 3577 1064 3636 mercede
1121 3575 1426 3632 conductis.
1475 3572 1683 3629 Omnes
1737 3571 1882 3626 enim
1937 3569 2082 3642 Tyrii

499 3673 757 3730 maritimi
795 3679 972 3736 erant,
1004 3679 1058 3725 et
1103 3669 1178 3724 rei
1220 3666 1561 3724 mercatoria:
1612 3665 1792 3734 periti,
1827 3674 1881 3719 et
1921 3677 2088 3719 naves

501 3764 772 3820 habebant
822 3761 1110 3832 magniﬁce
1162 3768 1492 3815 exstructas.
1550 3754 1846 3828 Postquam
1903 3763 2084 3808 autem

499 3857 720 3912 advenit
761 3853 1109 3926 Babylonius,
1165 3861 1457 3922 antequam
1514 3859 1718 3906 terram
1774 3846 2084 3904 Iudaeorum

500 3955 760 4015 vastaret,
791 3947 1132 4018 dcprzcdatus
1156 3954 1239 4002 est
1262 3943 1477 4015 Tyrios.
1512 3941 1682 4014 Igitur
1713 3941 1865 3998 hisee
1899 3940 2085 3996 verbis

501 4043 583 4100 vel
617 4043 721 4098 hoc
765 4041 900 4098 dicit
932 4039 1281 4111 prepheticus
1315 4037 1473 4092 nobis
1533 4049 1760 4102 sermo;
1817 4033 1902 4088 vel
1956 4030 2086 4088 illud

503 4129 798 4192 l'ortassis:
857 4133 1274 4206 Plurimi,reges
1323 4127 1487 4185 Israel
1545 4142 1712 4184 causa
1769 4125 2084 4197 negotiandi

501 4243 669 4286 naves
729 4224 1036 4293 habebant,
1075 4241 1194 4298 qua:
1231 4237 1298 4282 ex
1355 4222 1664 4280 Judmorum
1725 4221 1950 4291 regione
2022 4234 2088 4275 ac

461 4334 648 4410 ilterra
697 4333 910 4376 merces
949 4325 1326 4388 esportaren‘l,
1363 4315 1473 4372 illis
1530 4329 1718 4371 rursus
1761 4328 1830 4370 ex
1895 4311 2087 4368 alienis

502 4412 810 4486 regionibus
866 4428 932 4469 ac
966 4411 1278 4467 civitatibus
1317 4410 1674 4474 adveherent;
1729 4423 1792 4462 ex
1851 4421 1960 4476 quo
2009 4405 2088 4460 l'a-

501 4516 647 4562 ctum
669 4511 754 4562 est
781 4515 838 4560 ut
872 4505 1118 4575 ingentes
1159 4515 1290 4570 opes
1311 4496 1419 4556 illis
1443 4498 1801 4564 accreverint;
1832 4497 2087 4552 elatiores

2195 613 2297 684 τῆς
2343 614 2514 686 ὀργῆς
2562 617 2652 670 τὸν
2697 618 2888 687 καιρὸν
2931 617 3073 672 κατὰ
3123 617 3327 681 παντὸς
3368 617 3629 690 ὑϐριστοῦ
3681 623 3779 676 καὶ

2196 704 2568 777 ὑπερηφάνου.
2628 709 2741 762 Καὶ
2785 707 3047 781 ὑϐριστάς
3101 703 3203 780 μὲν
3256 709 3432 764 ἔοικεν
3491 710 3782 767 ἀνακαλεῖν

2195 798 2323 862 τοὺς
2343 839 2357 862 ,
2394 799 2511 868 οἶγε
2539 799 2640 870 τὴν
2673 799 2824 855 θείαν
2876 800 3203 872 ἀτιμάζουσι
3235 801 3417 868 δόξαν,
3447 803 3537 858 διὰ
3574 804 3670 858 τοῦ
3707 807 3780 879 μὴ

2196 891 2490 963 ἀνέχεσθαι
2519 898 2845 966 προσκυνεῖν
2863 895 3000 968 αὐτῇ
3018 937 3034 961 ,
3082 897 3443 969 προσκεῖσθαι
3465 897 3524 951 δὲ
3555 900 3778 972 μᾶλλον,

2193 979 2276 1050 οἷς
2315 985 2383 1040 ἂν
2426 986 2580 1040 αὐτοὶ
2610 987 3050 1060 διατεκτήναιντο
3097 988 3262 1054 Θεοῖς·
3301 991 3683 1064 ὑπερηφάνους
3726 994 3782 1048 δὲ

2193 1077 2323 1140 τοὺς
2353 1077 2464 1131 τῶν
2491 1077 2650 1131 θείων
2683 1079 3071 1151 ὑπερορῶντας
3102 1081 3302 1152 νόμων,
3332 1085 3428 1138 καί
3465 1086 3597 1157 παρ’
3630 1085 3784 1139 οὐδὲν

2193 1169 2466 1224 ποιεῖσθαι
2495 1170 2936 1243 μεμελετηκότας
2963 1171 3033 1226 τὰ
3057 1172 3482 1246 τεθεσπισμένα.
3518 1177 3628 1231 Καὶ
3651 1177 3781 1246 γοῦν

2189 1260 2218 1312 ὁ
2254 1262 2523 1336 μακάριος
2560 1263 2666 1334 ἔφη
2709 1264 2906 1319 Δαϐίδο
2954 1283 2973 1318 r
3019 1265 3391 1339 ’Υπερήφανοι
3437 1269 3781 1340 παρενόμουν

2205 1351 2311 1417 ἕως
2344 1354 2570 1427 σφόδρα.
2612 1375 2631 1408 ι
2674 1357 2894 1429 Ἐπειδὴ
2929 1357 2986 1413 δέ
3027 1358 3267 1414 πλεῖστοί
3297 1377 3444 1424 τινες
3469 1357 3610 1432 ἦσαν
3639 1363 3782 1417 κατὰ

2190 1445 2289 1518 τὴν
2332 1448 2592 1503 Ἰουδαίαν
2625 1449 2720 1504 καὶ
2756 1451 2940 1522 μέντοι
2985 1452 3084 1525 τὴν
3121 1453 3478 1526 Ἰερουσαλὴμ
3501 1495 3516 1520 ,
3563 1455 3781 1527 πλούτῳ

2190 1557 2251 1594 τε
2299 1541 2582 1612 κομῶντες
2627 1543 2979 1616 ἀμφιλαφῶς,
3019 1545 3115 1600 καὶ
3152 1549 3274 1612 ταῖς
3316 1547 3424 1600 τῶν
3474 1549 3780 1620 χρημάτων

2193 1636 2539 1705 περιουσίαις
2575 1637 2637 1691 ού
2691 1637 2929 1710 μετρίως
2981 1637 3389 1712 περιεχόμενοι,
3447 1641 3782 1713 προῦχοντες

2193 1735 2253 1781 τε
2285 1728 2396 1783 τῶν
2433 1727 2608 1784 ἄλλων
2647 1726 2745 1784 καὶ
2769 1731 3109 1795 δυναστείαις
3142 1726 3528 1806 ὠχυρωμένα,-
3561 1735 3780 1805 καὶτῆς

2192 1823 2322 1893 παρ’
2341 1823 2527 1888 αὐτοῖς
2556 1822 2809 1888 εὐκλείας
2833 1824 2934 1878 οὐκ
2955 1826 3036 1890 είς
3066 1825 3239 1898 βραχὺ
3270 1826 3470 1898 μέτρον
3500 1826 3781 1901 ἀναπηδή-

2199 1921 2413 1976 σαντες,
2455 1913 2682 1986 ἠρμένοι
2709 1931 2768 1968 τε
2803 1913 2964 1984 ὑψοῦ,
2997 1917 3094 1968 καὶ
3124 1916 3408 1981 οἱονείπως
3447 1915 3778 1988 ἐξογκούμε-

2195 2022 2298 2060 νοι·
2331 2005 2506 2078 ταύτῃ
2536 2016 2618 2060 τοι
2667 2007 2788 2062 κατ’
2817 2006 2997 2060 αὐτῶν
3041 2006 3124 2061 ὅτι
3175 2007 3412 2079 μάλιστα
3451 2007 3520 2061 τὰ
3567 2009 3632 2061 ἐκ
3677 2007 3779 2080 τῆς

2197 2095 2351 2160 Θείας
2375 2097 2546 2169 ὀργῆς
2570 2097 2896 2169 δραμεῖσθαί
2917 2098 3186 2170 φησι,τὴν
3209 2098 3439 2152 ἑκάστου
3460 2097 3634 2163 τάξιν,
3658 2098 3778 2170 ῆτοι

2197 2187 2396 2258 μέτρον
2439 2188 2858 2259 αἰνιγματωδῶς
2889 2189 3269 2261 ὑπεμφαίνων.
3304 2189 3641 2262 Παρεικάζει
3668 2191 3778 2262 γὰρ

2194 2279 2393 2344 αὐτοὺς
2441 2281 2537 2334 καὶ
2567 2284 2692 2345 ταῖς
2736 2281 2831 2335 τοῦ
2877 2280 3111 2344 Λιϐάνου
3143 2281 3393 2355 κέδροις·
3434 2298 3456 2334 r
3501 2281 3638 2336 Ἶδον
3666 2281 3778 2353 γὰρ

2193 2372 2398 2444 ἀσεϐῆ,
2440 2391 2460 2426 ι
2499 2372 2683 2444 φησὶν,
2729 2390 2748 2424 ι
2783 2374 3250 2447 ὑπερυψούμενον,
3279 2375 3375 2430 καὶ
3403 2373 3774 2446 ἐπαιρόμενον

2191 2466 2268 2530 ὡς
2316 2467 2418 2530 τὰς
2467 2467 2694 2539 κέδρους
2725 2466 2820 2521 τοῦ
2855 2467 3090 2522 Λιϐάνου
3116 2485 3130 2500 ο
3163 2487 3182 2518 ι
3227 2467 3322 2522 καὶ
3375 2467 3484 2540 μὴν
3523 2467 3614 2522 καὶ
3663 2469 3778 2532 τοῖς

2190 2557 2436 2637 δένδρεσι
2465 2559 2566 2634 τῆς
2593 2559 2826 2634 βαλάνου
2866 2560 3070 2626 Βασὲν,
3106 2559 3248 2615 τοῦτ’
3281 2559 3400 2614 ἔστι
3421 2603 3436 2628 ,
3466 2559 3627 2633 δρυσὶ
3655 2554 3776 2624 ταῖς

2190 2652 2248 2707 ἐν
2270 2653 2338 2725 τῇ
2368 2652 2680 2706 Βασανίτιδι
2699 2669 2714 2684 ο
2740 2651 2893 2724 χώρα
2923 2651 2981 2706 δέ
3013 2651 3148 2726 αὕτη
3185 2651 3329 2707 κατὰ
3352 2653 3453 2726 τὴν
3491 2651 3776 2715 Ἰουδαίαν,

2189 2746 2225 2818 ἥ
2267 2745 2362 2800 νῦν
2405 2744 2650 2800 καλεῖται
2705 2744 3008 2808 Βασαναία,
3059 2744 3244 2813 φυτῶν
3295 2744 3496 2817 ἀρίστη
3553 2743 3774 2816 τροφὸς,

2190 2839 2426 2910 παχείας
2479 2855 2538 2891 τε
2573 2838 2668 2891 καὶ
2711 2837 3129 2908 εὐμηκεστάτας
3157 2836 3359 2908 ἔχουσα
3387 2838 3488 2903 τὰς
3521 2837 3772 2909 κέδρους.

2192 2931 2524 3001 Παρεικάζει
2555 2929 2612 2983 δέ
2641 2928 2842 2993 αὐτοὺς
2873 2929 3075 3001 ὁμοίως
3103 2929 3313 3001 βουνοῖς
3340 2931 3436 2986 καὶ
3467 2930 3652 3003 ὄρεσι,
3679 2932 3780 2986 καὶ

2191 3019 2413 3094 προσέτι
2461 3020 2692 3094 πύργοις
2739 3023 2834 3076 καὶ
2872 3023 3110 3093 τείχεσιν
3143 3023 3390 3094 ὑψηλοῖς.
3434 3025 3558 3078 Ὅτι
3592 3023 3650 3078 δέ
3678 3025 3780 3078 καὶ

2187 3117 2288 3180 τὰς
2316 3117 2410 3170 τοῦ
2445 3114 2695 3170 πλουτεῖν
2723 3115 2982 3188 ἀφορμάς
3023 3115 3463 3170 συναποϐαλοῦσι
3501 3118 3568 3188 τῇ
3597 3117 3774 3189 χώρει,

2189 3207 2554 3278 προσεπάγει,
2586 3203 2760 3275 λέγων
2782 3223 2794 3236 ·
2819 3226 2835 3257 ι
2857 3204 2966 3258 Καὶ
2997 3207 3090 3260 ἐπὶ
3120 3201 3228 3260 πᾶν
3255 3202 3442 3261 πλοῖον
3469 3202 3774 3276 θαλάσσης,

2189 3300 2285 3354 καὶ
2316 3300 2408 3352 ἐπὶ
2431 3300 2613 3352 πᾶσαν
2640 3294 2768 3352 Θέαν
2798 3297 3000 3352 πλοίων
3026 3299 3277 3364 κάλλους.
3320 3318 3338 3352 ι
3373 3299 3504 3371 Διχῆ
3537 3297 3594 3353 δὲ
3618 3294 3779 3352 τοῦτο

2188 3397 2405 3448 νοεῖται.
2437 3391 2940 3463 Περιαγγελθέντος
2972 3391 3081 3464 γὰρ
3126 3391 3226 3465 ἤδη
3261 3391 3356 3445 τοῦ
3387 3385 3651 3463 πολέμου,
3680 3390 3777 3446 καὶ

2189 3481 2657 3560 προσδοκωμένων
2706 3485 3041 3558 παρέσεσθαι
3087 3484 3196 3539 τῶν
3247 3482 3628 3550 Βαϐυλωνίων,
3675 3481 3776 3554 τῆς

2189 3577 2270 3645 είς
2300 3577 2434 3634 Θεὸν
2464 3577 2680 3642 ἐλπίδος
2718 3577 2818 3649 τὴν
2863 3575 3106 3631 διάνοιαν
3155 3575 3573 3648 ἀποστήσαντες
3613 3576 3661 3629 οἱ
3715 3573 3774 3642 ἐξ

2201 3669 2440 3746 Ἰσραὴλ,
2464 3670 2794 3742 Αἰγυπτίους
2820 3669 3046 3724 ἐκάλουν
3069 3671 3148 3732 είς
3171 3667 3516 3740 ἐπικουρίαν,
3543 3684 3773 3737 κατεμια

2189 3762 2412 3818 σθοῦντό
2437 3779 2497 3816 τε
2528 3760 2628 3834 τὴν
2657 3760 2854 3833 Τύρον,
2887 3759 2982 3812 καὶ
3034 3759 3104 3812 τὰ
3148 3757 3405 3829 περίοικα
3443 3757 3551 3811 τῶν
3579 3755 3769 3812 ἐθνῶν.

2187 3854 2603 3928 Θαλασσουργοὶ
2633 3854 2690 3908 δέ
2719 3853 2920 3916 πάντες
2968 3852 3020 3905 οἱ
3062 3850 3274 3924 Τύριοι,
3309 3851 3403 3905 καὶ
3452 3849 3774 3922 ἐμπορικῶν

2189 3943 2639 4021 ἐπιτηδευμάτων
2659 3945 3045 4018 ἐπιστήμονες,
3071 3943 3166 3998 καὶ
3199 3943 3500 4014 φιλοτίμως
3518 3943 3619 4008 τάς
3641 3942 3774 4006 ναῦς

2188 4037 2712 4112 κατεσκευασμένοι.
2778 4035 2998 4110 Ἐπειδὴ
3041 4034 3099 4090 δέ
3151 4031 3288 4108 ἧκεν
3331 4037 3360 4090 ὁ
3407 4035 3773 4100 Βαϐυλώνιος,

2190 4135 2298 4206 πρὸ
2335 4124 2436 4205 τῆς
2493 4123 2764 4188 Ἰουδαίων
2813 4125 2938 4202 γῆς,
2987 4127 3087 4201 τὴν
3135 4127 3350 4202 Τυρίων
3397 4121 3770 4200 κατεληῖζετο.

2189 4226 2400 4282 Οὐκοῦν
2435 4222 2468 4298 ἦ
2495 4216 2652 4280 τοῦτό
2677 4241 2842 4297 φησιν
2867 4219 2896 4278 ὁ
2926 4221 3266 4294 προφητικδς
3290 4221 3426 4293 ἡμῖν
3459 4223 3518 4276 ὲν
3555 4221 3768 4284 τούτοις

2188 4319 2367 4390 λόγος,
2396 4319 2430 4392 ἢ
2463 4315 2641 4373 ἐκεῖνό
2675 4334 2778 4372 που
2805 4315 2966 4387 τάχαο
3016 4309 3266 4369 Πλεῖστοι
3313 4313 3422 4386 γὰρ
3449 4313 3559 4368 τῶν
3605 4313 3773 4386 βεϐα-

2190 4411 2513 4466 σιλευκότων
2549 4409 2643 4472 τοῦ
2681 4405 2916 4480 Ἰσραὴλ,
2935 4401 3068 4472 ναῦς
3094 4397 3240 4479 εἶχον
3270 4406 3602 4478 ἐμπορικὰς,
3623 4403 3771 4478 τῆς]

2189 4506 2255 4558 ἐκ
2288 4504 2386 4574 τῆς
2415 4499 2590 4557 Ἰνδῶν
2613 4501 2798 4573 χώρας
2822 4517 2880 4552 τε
2913 4501 3008 4554 καὶ
3032 4498 3138 4572 γῆς
3157 4491 3541 4572 ἀποφερούσας
3563 4499 3772 4563 αὐτοῖς,

504 4597 628 4656 facti
667 4608 793 4656 sunt
819 4598 1020 4664 cedris,
1048 4595 1376 4668 quercubus,
1419 4591 1696 4648 montibus
1751 4599 1810 4646 et
1839 4589 2080 4644 turribus

2191 4596 2283 4650 καὶ
2313 4589 2462 4666 τὰξς]
2487 4593 2545 4660 ἐξ
2575 4591 2778 4666 ἐτέρων
2809 4591 3004 4665 χωρῶν
3034 4593 3130 4645 καὶ
3157 4591 3398 4646 πόλεωνο
3433 4590 3557 4644 ὅθεν
3590 4591 3777 4655 αὐτοῖς

503 4707 608 4748 ιιοη
638 4689 952 4748 dissimiles.
983 4687 1136 4758 Quod
1169 4699 1298 4742 vero
1328 4683 1738 4742 conﬂaudarum
1775 4697 1939 4752 epum
1989 4695 2085 4735 oc-

2194 4681 2287 4740 καὶ
2325 4687 2354 4738 ὁ
2390 4683 2558 4748 πολὺς
2593 4680 2972 4752 συναγήγερτο
3019 4678 3282 4744 πλοῦτος
3319 4677 3379 4744 ἐξ
3418 4673 3478 4733 οὗ
3514 4675 3776 4747 γεγόνασι

501 4783 674 4850 casio,
713 4781 768 4839 id
787 4791 892 4850 est,
925 4781 1071 4836 lucra
1110 4793 1232 4850 qua:
1289 4791 1356 4832 ex
1382 4775 1750 4849 negotiatione
1805 4784 1862 4829 et
1928 4786 2086 4830 eom-

2193 4775 2409 4849 ὗψηλοὶ,
2453 4774 2667 4847 κέδροις
2699 4791 2757 4826 τε
2788 4773 2883 4827 καὶ
2920 4772 3108 4846 δρυσὶν
3150 4774 3208 4826 ἐν
3244 4772 3366 4842 ἴσῳ,
3400 4769 3554 4842 ὄρεσι
3588 4786 3647 4822 τε
3681 4769 3778 4822 καὶ

503 4878 804 4934 mutatione
843 4867 1093 4940 inﬂuunt,
1170 4869 1336 4928 simul
1393 4883 1515 4925 cum
1547 4865 1798 4946 superbis
1845 4866 2084 4938 peritura

2198 4868 2450 4940 πύργοις.
2476 4864 2686 4920 Οὐκοῦν
2713 4866 2793 4919 ὅτι
2816 4863 2912 4918 καὶ
2942 4861 3328 4916 συναπολεῖται
3351 4863 3463 4924 τοῖς
3485 4858 3781 4930 ὑπερηφά-

501 4960 636 5036 sint,
659 4967 960 5024 luculenter
975 4966 1214 5023 denotat.
1239 4963 1394 5032 Quod
1417 4963 1584 5018 etiam
1603 4957 1862 5037 Israelita:
1887 4959 2086 5015 multos

2191 4975 2301 5026 νοις
2325 4961 2419 5016 καὶ
2469 4959 2503 5031 ή
2543 4958 2638 5012 τοῦ
2680 4957 2912 5011 πλούτου
2954 4955 3199 5030 ἀφορμὴ,
3231 4953 3379 5008 τοῦτ’
3407 4953 3547 5019 ἐστι,
3591 4951 3662 5006 τὰ
3707 4952 3778 5006 ἐκ

506 5063 558 5115 iu
589 5061 891 5118 subsidium
941 5058 1334 5120 conducerent,
1358 5069 1464 5110 non
1495 5051 1786 5109 obscurum
1819 5061 1926 5118 est,
1958 5067 2081 5107 cum

2191 5055 2286 5124 τῆς
2331 5046 2608 5122 ἐμπορίας
2663 5047 2758 5102 καὶ
2813 5046 3116 5118 μεταϐολῆς
3167 5047 3246 5109 εἰς
3289 5044 3554 5117 τρέχοντα
3599 5041 3769 5114 κέρδη

506 5155 648 5210 Deus
674 5153 742 5208 de
773 5151 880 5206 illis
919 5165 1016 5220 per
1062 5149 1294 5206 alterum
1350 5147 1664 5218 prophetam
1727 5145 1915 5202 dicat:
1951 5165 1971 5198 ι
2019 5145 2086 5201 Ει

2191 5143 2592 5216 κατασημαίνει
2653 5139 2942 5212 λαμπρῶς.
3014 5139 3139 5192 ’Ότι
3213 5137 3272 5191 δέ
3343 5135 3778 5206 κατεμισθοῦντο

502 5252 624 5300 erat
663 5241 922 5314 Ephraim
965 5239 1215 5295 columba
1281 5251 1490 5301 amens,
1547 5249 1652 5289 non
1705 5235 1912 5290 habens
1966 5249 2082 5302 cor,

2191 5237 2419 5303 πολλοὺς
2467 5235 2602 5308 πρὸς
2635 5230 2956 5306 ἐπικουρίαν
2999 5229 3048 5285 οἱ
3081 5225 3142 5298 ἐξ
3183 5227 3400 5302 Ἰσραὴλ
3451 5229 3553 5283 οὐκ
3597 5229 3778 5300 ἀσυμ-

505 5322 801 5407 ίΕεγρῑυιιι
859 5331 1151 5394 invocavit,
1201 5337 1256 5383 et
1302 5328 1370 5383 ad
1397 5325 1649 5401 Assyrios
1683 5324 1835 5380 abiit.
1865 5323 1931 5379 Et
1959 5339 2082 5380 cum

2195 5325 2380 5397 φανές,
2413 5325 2508 5379 καὶ
2537 5322 2606 5378 δι’
2635 5323 2824 5395 ἐτέρου
2863 5321 3146 5394 προφήτου
3201 5319 3454 5391 λέγοντος
3478 5319 3612 5374 Θεοῦ
3646 5320 3778 5392 περὶ

505 5428 760 5491 uiderint,
805 5411 1048 5495 injiciam
1114 5417 1222 5475 illis
1273 5429 1387 5474 rete
1461 5432 1660 5480 meum,
1734 5415 1898 5470 veluti
1960 5414 2082 5472 cmli

2193 5419 2409 5474 αὐτῶν·
2463 5437 2482 5470 ι
2516 5416 2627 5470 Καὶ
2679 5411 2748 5488 ἦν
2790 5412 3028 5485 Ἐφραῒμ
3075 5413 3382 5486 περιστερὰ
3426 5411 3622 5477 ἄνους,
3673 5411 3776 5465 οὐκ

507 5519 753 5575 volucres
795 5515 1056 5572 deducam
1118 5527 1233 5578 eos,
1299 5523 1520 5566 rumore
1605 5502 1915 5563 alllictionis
1973 5523 2086 5564 sua:

2193 5512 2392 5583 ἔχουσα
2459 5509 2688 5582 καρδίαν
2713 5547 2730 5572 ,
2797 5507 3072 5576 Αἴγυπτον
3122 5505 3484 5572 ἐπεκαλεῖτο,
3546 5505 3642 5558 καὶ
3692 5503 3776 5568 είς

504 5611 749 5667 erudiam
779 5623 876 5664 eos
904 5607 971 5662 '°.
1007 5624 1026 5658 ι
1061 5603 1375 5660 inevitabile
1397 5610 1483 5658 est
1518 5597 1679 5672 igitur
1707 5599 1798 5656 Dei
1821 5597 2084 5672 judlcium

2204 5602 2526 5674 ’Λσσυρίους
2560 5599 2871 5672 ἐπορεύετο.
2905 5596 3103 5662 Καθὼς
3133 5597 3458 5670 πορεύονται
3471 5640 3490 5675 ι
3526 5593 3774 5650 ἐπιϐαλῶ

505 5710 697 5759 contra
726 5714 864 5772 quos
887 5698 969 5754 lit.
994 5699 1184 5755 Nonne
1215 5711 1344 5752 vero
1365 5694 1530 5765 impia
1555 5703 1641 5748 est
1671 5691 1961 5764 imperitia,
1991 5707 2086 5763 spe

2194 5695 2281 5748 ἐπ’
2330 5695 2528 5758 αὐτοὺς
2563 5691 2626 5746 τὸ
2654 5691 2872 5746 δίκτυόν
2903 5707 3026 5762 μου,
3081 5687 3263 5754 καθὼς
3309 5691 3376 5745 τά
3415 5689 3636 5746 πετεινὰ
3675 5685 3774 5742 τοῦ

567 5861 589 5893 ⁸
617 5861 755 5920 l‘sal.
781 5876 970 5930 cxvm,
997 5861 1088 5918 lii.
1152 5859 1172 5891 ⁹
1199 5853 1555 5921 Psal.xuvi,
1585 5851 1677 5906 55.
1754 5850 1797 5881 ’θ
1830 5849 1968 5910 Osce
2008 5865 2104 5915 γυ,
2132 5848 2219 5916 Η,
2253 5848 2338 5904 12.
