4100 6544
433 422 497 479 οι
1156 406 1174 422 ⁹
1447 419 1526 488 ,5.
1567 415 1847 476 CYRILLI
1885 399 2358 470 ALEXANDRINI
2399 413 2718 471 ARClllEP.
3623 419 3692 476 92

435 538 706 595 liliones.»
763 536 1033 592 Collocata
1102 533 1245 590 enim
1309 534 1362 588 in
1429 533 1607 605 adytis
1662 531 2009 594 manufacta,

2120 531 2299 582 κυνεῖν
2339 531 2526 596 αὐτοῖς
2574 532 2669 585 καὶ
2713 530 2835 598 ταῖς
2876 535 3205 607 νυκτερίσιν.
3246 534 3286 602 ιζ
3323 535 3690 608 Ἰδρυσάμενοι

435 633 792 688 adoraverunt
809 630 972 701 impie
991 646 1004 683 :
1027 626 1428 683 arbitrabantur
1447 626 1703 682 nimirum
1726 639 1848 681 esse
1865 625 2015 678 deos.

437 724 730 794 Postquam
763 736 890 777 vero
928 720 1216 776 imminere
1247 720 1442 775 bellum
1470 709 1758 782 viderunt,
1790 716 2019 772 nullam-

432 831 541 887 que
568 815 754 870 auxilii
788 812 1151 883 consequendi
1189 813 1456 868 rationem
1501 810 1603 867 sibi
1631 825 1853 882 prorsus
1876 822 2016 876 esse,

435 914 491 961 ἐι
519 905 722 974 lapides
755 919 818 960 ac
851 903 991 974 ligna
1015 918 1136 960 esse
1165 903 1655 972 deprehenderunt,
1698 911 1756 957 et
1794 900 2018 955 materia

433 1009 599 1053 aurea
629 1005 684 1052 et
714 1006 992 1068 argentea,
1025 1011 1163 1066 quos
1209 995 1564 1065 sospitatores
1608 1004 1662 1051 et
1698 994 2018 1049 liberatores

439 1089 555 1145 fore
585 1090 951 1155 crediderunt,
985 1103 1017 1144 e
1040 1088 1252 1159 templis
1277 1089 1576 1158 eiecerunt,
1616 1096 1671 1144 et
1698 1088 1750 1142 in
1774 1085 2020 1141 cavernis

437 1182 776 1248 abdiderunt,
811 1181 980 1252 magis
1008 1190 1066 1234 ut
1092 1189 1380 1250 parcerent
1411 1183 1666 1243 materiae,
1692 1196 1853 1250 quam
1875 1179 2018 1249 quod

437 1271 558 1326 illos
585 1272 816 1341 amplius
839 1285 938 1327 ceu
961 1272 1090 1327 deos
1118 1271 1375 1328 colerent.
1422 1272 1807 1327 Frustraneum
1837 1283 2018 1326 autem

437 1374 492 1418 et
515 1363 758 1418 inutilem
791 1363 897 1418 illis
928 1363 1166 1420 laborem
1195 1379 1314 1420 esse
1339 1365 1396 1420 in
1429 1365 1691 1420 idolorum
1721 1363 2014 1431 effictiorre,

437 1455 675 1509 ostendit
703 1456 916 1510 dicens:
955 1473 976 1508 ι
1017 1454 1209 1526 Ejiciet
1236 1457 1398 1513 homo
1427 1458 1854 1513 abominationes
1879 1470 2017 1526 quas

440 1545 587 1613 fecit,
628 1557 688 1602 ut
736 1546 855 1602 illas
893 1556 948 1603 et
983 1549 1396 1618 vespertiliones
1451 1549 1756 1604 adoraret.»
1794 1547 2013 1604 Etenim

438 1652 656 1693 suorum
694 1639 912 1694 deorum
947 1639 1270 1699 exstiterunt
1293 1639 1532 1710 opifices,
1574 1649 1630 1694 et
1659 1639 1896 1696 artiﬁces
1922 1655 2016 1696 eo-

440 1742 557 1783 rum
590 1745 707 1799 quae
749 1729 1137 1786 adorabautur.
1175 1729 1307 1801 Opis
1335 1745 1464 1786 vero
1492 1729 1630 1786 nihil
1659 1730 1728 1786 ab
1758 1730 1824 1786 iis
1858 1745 2016 1786 acce-

410 1833 652 1892 .perunt,
687 1838 749 1878 ac
803 1822 1050 1878 fortassis
1107 1823 1583 1892 vespertilionibus
1630 1822 1761 1878 solis
1819 1824 2015 1892 templa
2048 1859 2094 1919 Β

438 1915 790 1969 aedificarunt.
827 1914 1051 1983 Semper
1113 1915 1256 1969 enim
1315 1914 1580 1985 ejusmodi
1628 1914 1862 1970 volatilia
1901 1916 2014 1972 sive

439 2007 757 2062 attimalcula
792 2007 843 2060 in
890 2007 1050 2062 caecis
1075 2007 1207 2063 locis
1237 2005 1470 2062 libenter
1495 2007 1760 2073 habitant,
1799 2017 1853 2063 et
1881 2010 2014 2064 hor-

440 2114 561 2153 rore
585 2106 638 2152 et
669 2097 912 2154 fieditate
940 2098 1147 2168 replent
1175 2100 1381 2164 omnia.
1407 2097 1601 2167 Ejiciet
1635 2102 1816 2169 itaque
1852 2100 2015 2159 homo

441 2191 870 2246 abominationes
904 2205 1039 2261 quas
1069 2191 1216 2246 fecit.
1246 2192 1439 2262 Ejiciet
1473 2207 1597 2247 vero
1623 2200 1680 2246 ut
1703 2194 2016 2265 ingredian-

435 2293 528 2337 tur
560 2284 613 2338 in
650 2281 911 2338 foramina
938 2285 1088 2340 durae
1132 2293 1316 2352 ναι-ιε,
1351 2292 1407 2340 et
1440 2284 1492 2338 in
1527 2285 1797 2341 scissuras
1829 2297 2013 2357 petra-

436 2385 556 2430 rum
596 2391 626 2430 a
658 2375 798 2429 facie
834 2375 1041 2431 timoris
1083 2375 1315 2430 Domini.
1372 2374 1505 2430 Vide
1539 2375 1700 2446 igitur
1727 2392 1833 2447 quo
1857 2389 2016 2448 pacto

433 2481 497 2522 se
522 2480 625 2520 una
660 2481 779 2521 cum
813 2465 924 2519 suis
956 2465 1058 2520 diis
1083 2465 1258 2520 conati
1288 2463 1488 2520 fuerint
1523 2465 1753 2535 sepelire
1801 2467 2014 2523 miseri.

428 2558 706 2610 Caeterum
770 2555 1142 2610 universorum
1177 2554 1341 2609 Deum
1393 2569 1501 2610 non
1541 2555 1791 2610 viderunt
1855 2557 2014 2613 talem

437 2663 578 2703 esse.
638 2647 750 2701 Non
805 2647 950 2701 enim
1005 2646 1183 2713 latuit,
1229 2661 1351 2703 cum
1393 2663 1460 2703 ex
1505 2657 1645 2702 terra
1692 2647 2014 2721 Egyptiaca

437 2739 706 2807 fugerent,
733 2747 787 2794 et
819 2737 1198 2809 insequeretur
1231 2737 1442 2795 Pharao
1491 2755 1848 2811 prosequens.
1887 2742 2015 2798 Per-

439 2833 584 2903 rupit
626 2833 772 2887 enim
810 2847 986 2899 mare,
1021 2841 1076 2888 et
1107 2833 1294 2887 eduxit
1335 2833 1684 2890 inenarrabili
1709 2850 1802 2891 eos
1833 2848 2017 2908 poten-

433 2925 508 2978 tia
545 2933 598 2978 et
622 2934 757 2980 nutu
809 2924 1198 2992 inexplicabili,
1255 2931 1309 2980 ct
1337 2925 1409 2979 illi
1457 2925 1674 2994 quidem
1710 2933 2015 2986 conserVati

435 3025 580 3081 sunt,
607 3015 832 3084 perinde
859 3015 1013 3085 quasi
1037 3016 1242 3071 aridam
1276 3017 1602 3075 transirent:
1630 3019 1717 3074 hic
1743 3035 1869 3075 vero
1897 3029 2013 3076 stu-

435 3107 592 3178 pidus
638 3106 852 3162 Pharao
911 3105 1232 3177 prmfocatus
1280 3118 1363 3163 est
1405 3125 1527 3165 cum
1573 3117 1692 3166 toto
1745 3113 2011 3168 exercitu.

2119 620 2230 692 γὰρ
2277 622 2335 675 ἐν
2381 625 2568 695 σηκοῖς
2627 623 2698 678 τὰ
2753 627 3111 697 χειροποίητα
3176 629 3692 699 προσκεκυνήκασιν

2117 713 2347 778 ἀνοσίως
2367 732 2382 746 ο
2405 713 2574 786 ᾤοντο
2601 717 2707 790 γὰρ
2727 713 2865 772 εἶναι
2895 719 3070 782 θεούς.
3105 720 3326 791 Ἐπειδὴ
3359 719 3415 772 δὲ
3452 721 3693 794 παρόντα

2120 805 2401 860 τεθέανται
2434 808 2524 861 τὸν
2557 809 2652 862 τοῦ
2677 810 2913 882 πολέμου
2951 812 3161 882 καιρὸν,
3207 807 3327 864 εἶτα
3352 812 3451 883 τῆς
3473 813 3692 865 ἐπικου-

2121 897 2244 968 ρίας
2266 899 2442 964 οὐδεὶς
2469 897 2538 972 ἦν
2560 901 2697 966 ὅλως
2722 899 2907 967 αὐτοῖς
2951 907 2980 958 6
3020 905 3221 976 τρόπος
3243 947 3256 969 ,
3288 905 3425 959 λίθοι
3452 905 3507 958 δὲ
3539 906 3691 969 ὄντες

2119 988 2370 1056 καὶξύλα
2409 991 2784 1063 πεφώρανται,
2817 994 2916 1064 ὓλη
2953 1011 3013 1048 τε
3060 996 3238 1066 χρυσῆ
3271 997 3366 1050 καὶ
3388 995 3692 1067 περιάργυ-

2121 1097 2233 1152 ρος,
2267 1081 2361 1145 οὓς
2400 1083 2658 1151 ἐνόμισαν
2704 1083 2919 1139 ἔσεσθαι
2959 1087 3216 1159 σωτῆρας
3267 1088 3361 1140 καὶ
3388 1085 3693 1158 λυτρωτὰς,

2119 1172 2404 1236 ἐξέϐαλλον
2434 1175 2542 1228 τῶν
2569 1175 2732 1242 ναῶν,
2759 1178 2854 1231 καὶ
2886 1176 3264 1250 κατέκρυπτον
3293 1179 3351 1232 ἐν
3383 1177 3691 1249 σπηλαίοιςι

2119 1265 2421 1337 φειδόμενοι
2476 1267 2675 1338 μᾶλλον
2732 1268 2836 1340 τῆς
2889 1268 3055 1340 ὕλης,
3118 1270 3213 1323 καὶ
3262 1270 3360 1340 οὐχ
3413 1268 3488 1334 ὡς
3539 1268 3697 1332 θεοὺς

2117 1355 2389 1426 τιμῶντες
2432 1357 2535 1413 ἐτι.
2567 1359 2792 1424 Είκαῖος
2831 1359 2890 1412 δὲ
2917 1361 3000 1414 ὅτι
3049 1361 3144 1415 καὶ
3174 1360 3429 1432 ἀνόνητος
3472 1362 3500 1414 6
3534 1359 3696 1423 πόνος

2116 1445 2300 1511 αὐτοῖς
2349 1449 2378 1502 6
2421 1450 2550 1520 περὶ
2589 1449 2688 1522 τήν
2737 1451 2847 1505 τῶν
2893 1451 3124 1505 εἰδώλων
3169 1452 3412 1522 ποίησιν,
3438 1450 3695 1518 διέδειξεν

2117 1536 2317 1593 εἰπών’
2361 1558 2381 1592 t
2429 1540 2683 1596 Ἐκὸαλεῖ
2711 1541 2998 1614 ἄνθρωπος
3029 1543 3101 1596 τὰ
3139 1542 3489 1615 βδελύγματα
3528 1540 3695 1595 αὑτοῦ

2117 1630 2154 1686 ἃ
2175 1631 2398 1702 ἐποίησε
2429 1636 2756 1704 προσκυνεῖν
2783 1636 2967 1700 αὐτοῖς
3008 1636 3102 1689 καὶ
3145 1638 3267 1699 ταῖς
3295 1634 3627 1706 νυκτερίσιν.
3673 1650 3692 1682 ι

2119 1723 2374 1793 Γεγόνασι
2400 1725 2499 1796 μὲν
2523 1725 2633 1798 γὰρ
2668 1726 2823 1781 αὐτοὶ
2855 1727 3180 1800 δημιουργοὶ
3208 1727 3316 1781 τῶν
3347 1727 3494 1780 ίδίων
3531 1725 3694 1786 θεῶν.

2119 1818 2213 1872 καὶ
2262 1819 2500 1888 τεχνῖται
2552 1816 2662 1873 τῶν
2721 1811 3250 1891 προσκυνουμένων,
3304 1819 3570 1889 ἐσχήκασι
3640 1816 3698 1869 δέ

2122 1914 2250 1985 παρ’
2286 1913 2464 1968 αὐτῶν
2497 1916 2578 1978 είς
2619 1914 2806 1986 ὄνησιν
2841 1913 3014 1968 οὐδέν.
3043 1914 3198 1984 Τάχα
3243 1912 3301 1966 δέ
3350 1930 3452 1965 που
3509 1911 3698 1983 μόναις

2120 2008 2239 2069 ταῖς
2287 2007 2599 2077 νυκτερίσιν
2649 2005 3002 2077 ἀνεδείμαντο
3039 2007 3168 2069 τοὺς
3215 2003 3397 2068 ναούς.
3441 2004 3556 2056 Ἀεὶ
3589 2003 3697 2073 γάρ

2123 2117 2240 2164 πως
2294 2099 2361 2152 τὰ
2419 2099 2599 2152 τοιάδε
2652 2099 2762 2153 τῶν
2814 2097 3034 2170 πτηνῶν
3087 2093 3208 2169 ἦτοι
3271 2095 3529 2166 ζωῦφίων
3586 2097 3698 2159 τοῖς

2123 2192 2386 2262 ἀφεγγέσι
2429 2191 2538 2245 τῶν
2576 2192 2755 2246 τόπων
2794 2189 3286 2263 ἐμφιλοχωροῦσιν,
3321 2186 3540 2256 καὶτῆς
3567 2185 3698 2257 παρ’

2123 2285 2331 2340 ἑαυτῶν
2372 2284 2651 2356 βδελυρίας
2694 2285 2785 2340 καὶ
2839 2283 3147 2354 κακοσμίας
3199 2279 3585 2352 ἁναπιμπλᾶσι
3631 2277 3700 2330 τὰ

2123 2377 2182 2430 ἐν
2231 2377 2434 2440 αὐτοῖς.
2505 2375 2759 2429 Ἐκϐαλεῖ
2811 2376 2990 2430 τοίνυν
3042 2375 3332 2447 ἄνθρωπος
3387 2371 3424 2426 ὃ.
3475 2369 3698 2440 ἐποίησε

2125 2466 2489 2539 βδελύγματα,
2523 2466 2743 2519 ἐκϐαλεῖ
2777 2466 2832 2519 δὲ
2865 2465 3008 2533 ὅποι,
3053 2463 3146 2518 τοῦ
3176 2461 3461 2527 εἰσελθεῖν,
3507 2459 3696 2532 φησὶν,

2123 2561 2202 2624 είς
2247 2558 2346 2622 τὰς
2393 2557 2646 2629 τρώγλας
2673 2557 2772 2628 τῆς
2802 2557 3027 2628 στερεᾶς
3055 2554 3298 2627 πέτρας,
3335 2552 3431 2607 καὶ
3473 2551 3554 2614 είς
3599 2546 3700 2610 τὰς

2123 2649 2359 2721 σχισμὰς
2422 2649 2531 2703 τῶν
2592 2648 2809 2719 πετρῶν
2861 2646 2969 2702 ἀπὸ
3032 2647 3328 2718 προσώπου
3375 2641 3471 2698 τοῦ
3529 2640 3699 2711 φόϐου

2122 2742 2552 2815 Κυρίου.⁹Αθρει
2581 2741 2645 2812 δὴ
2669 2737 2761 2794 οὖν
2783 2741 2932 2804 ὅπως
2960 2740 3073 2803 τοῖς
3115 2738 3264 2802 ίδίοις
3294 2736 3437 2799 θεοῖς
3471 2733 3700 2796 ἑαυτοὺς

2121 2832 2462 2899 ἐσπούδαζον
2519 2831 2981 2904 συγκατορύττειν
3033 2833 3084 2885 οί
3131 2830 3380 2893 τάλανες.
3440 2826 3580 2880 Ἀλλ’
3636 2825 3700 2878 οὐ

2123 2927 2359 2984 τοιοῦτον
2400 2926 2687 2980 τεθέανται
2729 2925 2822 2978 τὸν
2861 2923 2968 2978 τῶν
2997 2923 3135 2978 ὅλων
3166 2921 3319 2977 Θεόν.
3365 2919 3704 2993 Ἐκρύπτετο

2122 3021 2231 3093 γὰρ
2278 3018 2564 3089 οὐδαμῶς,
2610 3019 2699 3072 ὅτε
2748 3019 2847 3090 τῆς
2901 3013 3219 3086 Αἰγυπτίων
3253 3014 3701 3085 ἐκδεδραμήκασι

2122 3115 2246 3187 γῆς,
2276 3115 2461 3168 εἵπετο
2486 3111 2542 3166 δὲ
2585 3110 2798 3167 διώκων
2835 3110 2864 3164 6
2906 3109 3125 3181 Φαραώ.
3160 3107 3427 3180 Διέρῤηξε
3456 3106 3566 3176 γὰρ
3601 3105 3705 3176 τὴν

433 3196 589 3260 Item,
630 3211 753 3251 cum
787 3196 1060 3253 Rabsaces
1109 3196 1530 3269 Babyloniorum
1555 3201 1664 3256 dux
1717 3201 2014 3260 Jerusalem

2127 3207 2424 3271 θάλασσαν,
2453 3205 2549 3260 καὶ
2598 3205 2862 3276 διήγαγεν
2916 3202 3134 3267 αὐτοὺς,
3186 3201 3414 3272 ἀρρήτῳ
3448 3197 3699 3264 δυνάμει,

432 3289 716 3346 obsidione
757 3290 995 3360 undique
1044 3301 1337 3360 premeret,
1383 3307 1447 3346 ac
1475 3301 1664 3348 contra
1714 3294 1884 3349 Deum
1921 3297 2019 3353 de-

435 3382 747 3448 blateraret,
783 3383 1096 3454 diceretque
1118 3399 1179 3439 se
1213 3394 1381 3440 totam
1411 3385 1651 3442 Judmam
1688 3389 1846 3444 facile
1877 3392 2023 3446 devi-

432 3483 648 3531 cturum
687 3492 701 3530 :
734 3491 840 3530 non
889 3475 1100 3531 delituit
1143 3476 1316 3542 Deus,
1364 3493 1462 3533 nec
1517 3488 1794 3549 petrarum
1850 3481 2016 3538 rimas

432 3567 698 3636 quaesivit,
759 3583 858 3624 nec
895 3577 1146 3639 rupturas
1175 3569 1440 3625 montium
1486 3589 1498 3626 :
1534 3571 1626 3627 sed
1658 3583 1908 3643 preCatus
1937 3582 2022 3631 est

432 3657 693 3714 Ezechias
716 3659 934 3714 dicens:
961 3661 1220 3726 «Exaudi,
1258 3659 1503 3728 Domine,
1538 3664 1741 3734 aspice,
1772 3664 2018 3731 Deminc,

433 3751 553 3805 vide
579 3764 856 3807 sermones
901 3749 1191 3818 Rabsacis,
1230 3767 1390 3822 quem
1423 3769 1515 3810 rex
1547 3755 1892 3827 Assyriorum
1918 3759 2019 3812 mi-

431 3842 524 3908 sit,
546 3848 604 3894 ut
626 3842 677 3895 in
707 3842 872 3897 Deum
904 3842 1172 3898 viventem
1209 3843 1402 3913 probra
1428 3845 1634 3914 jaceret
1657 3847 1756 3901 “.r
1793 3847 2018 3903 Statim-

423 3947 536 4002 que
557 3932 723 3986 Deum
750 3932 952 3988 audivit
976 3933 1284 4004 loquentem
1307 3952 1320 3990 :
1340 3934 1728 4008 tPropugnabo
1743 3938 2019 3995 civitatem

432 4027 573 4080 hanc
598 4035 818 4096 propter
850 4041 935 4080 me
959 4035 1015 4080 et
1034 4037 1250 4095 propter
1275 4027 1441 4084 David
1467 4044 1683 4084 servum
1717 4044 1896 4086 meum
1917 4032 2014 4088 ⁸⁸.»

435 4118 498 4171 Ει
527 4133 773 4186 quamam
807 4128 918 4172 tum
964 4117 1064 4173 fuit
1104 4120 1535 4188 periclitantibus
1563 4121 1912 4178 subveniendi
1940 4137 2021 4177 ra-

426 4211 548 4265 tio?
588 4209 691 4282 51
729 4209 1069 4266 Incredibilis
1101 4226 1232 4267 sane
1281 4219 1336 4267 et
1361 4211 1470 4267 Deo
1497 4213 1682 4284 digna.
1727 4213 2022 4284 «Egressus

423 4306 572 4358 Enim
604 4314 687 4360 est
729 4304 948 4374 angelus
977 4303 1210 4372 Domini,
1242 4313 1296 4360 et
1342 4320 1410 4360 ex
1441 4307 1641 4364 castris
1666 4309 2018 4383 Assyriorum

421 4407 645 4451 tcentum
669 4398 938 4468 octoginta
957 4396 1200 4468 quinque
1218 4397 1382 4453 millia
1408 4399 1683 4457 interemit
1705 4402 1768 4457 ".
1782 4421 1802 4456 ι
1840 4403 2020 4472 Quare

426 4492 636 4562 pudore
666 4489 1040 4547 sulfundantur
1071 4493 1160 4562 qui
1190 4491 1420 4547 adorant
1442 4494 1734 4562 sculptilia,
1760 4495 1874 4564 qui,
1897 4512 2014 4551 om-

427 4559 711 4655 nipotente
741 4583 851 4639 Deo
902 4583 1114 4650 relicto,
1146 4583 1248 4640 diis
1299 4583 1563 4651 serviunt,
1618 4601 1755 4656 quos
1809 4599 1934 4640 ante
1955 4602 2016 4642 se
2047 4559 2089 4614 Ῑ)

424 4675 752 4740 recondunt,
777 4691 846 4729 ne
873 4684 998 4729 ante
1030 4675 1175 4745 ipsos
1204 4684 1447 4742 pereant,
1482 4676 1570 4730 ubi
1603 4676 1884 4745 cupiditati
1917 4678 2014 4734 ho-

421 4766 591 4820 stium
631 4765 981 4834 avaritiaeque
1031 4765 1232 4820 fuerint
1285 4767 1539 4835 eXpositi.
1578 4767 1830 4823 Dicamus
1884 4785 2014 4841 ergo

422 4863 721 4914 secundum
752 4862 1029 4931 propheta:
1054 4859 1304 4917 Jercmia:
1347 4873 1572 4917 Vocem:
1605 4879 1628 4914 ι
1664 4861 1870 4918 Solium
1902 4861 2016 4932 glo-

425 4951 525 5004 ‘rize
583 4951 899 5017 exaltatum,
937 4953 1298 5008 sanctiﬁcatio
1336 4963 1538 5019 vestra,
1573 4954 1909 5022 exspectatio
1939 4952 2016 5008 ls-

422 5039 562 5105 ‘rael,
603 5040 866 5106 Dominc';
890 5055 1076 5096 omnes
1111 5041 1199 5109 qui
1222 5041 1599 5111 derelinquunt
1627 5051 1697 5107 te,
1719 5040 2015 5107 pudeliant.

425 5127 751 5187 Deficientes
790 5131 857 5186 in~
879 5139 1028 5185 terra
1057 5131 1408 5195 scribantur,
1449 5131 1574 5200 quia
1603 5130 2020 5200 ldereliqueruut

421 5216 632 5275 ΐοιιιειιι
648 5224 768 5278 vita:
789 5223 1073 5278 Dominum
1089 5217 1160 5276 τ’.
1188 5240 1207 5274 ›
1232 5221 1350 5276 Jam
1373 5237 1500 5277 vero
1518 5223 1561 5278 si
1574 5214 1661 5278 ‘fas
1677 5224 1746 5279 sit
1764 5223 2020 5294 spiritua-

422 5312 569 5368 lihus
620 5315 823 5384 aliquid
881 5315 1044 5370 etiam
1093 5313 1650 5383 spirituale‘dicerc:
1701 5317 2011 5387 quicunque

423 5407 567 5461 idola
607 5406 805 5462 mentis
836 5407 1140 5476 patiuntur,
1175 5416 1232 5462 et
1277 5420 1560 5477 pravarum
1611 5408 1902 5477 imaginum
1926 5426 2013 5464 co-

421 5498 718 5567 'gitationes
751 5498 1062 5562 admittunt,
1099 5498 1276 5553 sciant
1307 5497 1425 5553 fore
1474 5515 1533 5554 se
1562 5501 1715 5554 nidos
1749 5501 2011 5569 vesperti-

419 5593 652 5659 ‘lionum,
699 5597 801 5650 hoc
853 5602 956 5650 est.
1011 5595 1743 5665 spirituumimmundornm.
1793 5596 2007 5654 «Unus-

420 5685 658 5754 quisque
691 5684 833 5740 enim
866 5693 1124 5752 tentatur,
1157 5704 1175 5738 ι
1205 5685 1402 5756 inquit,
1443 5701 1501 5741 ta
1538 5688 1773 5757 propriis
1802 5690 2012 5760 cupidi-

2122 3302 2218 3357 καὶ
2247 3301 2549 3372 ἁφράστοις
2577 3299 2827 3369 νεύμασι.
2879 3297 2990 3352 Καὶ
3031 3297 3080 3350 οί
3119 3292 3217 3368 μέν
3257 3293 3525 3358 ἐσώζοντο
3553 3291 3701 3363 βαδί-

2122 3391 2307 3458 ζοντες
2339 3390 2415 3455 ὡς
2453 3391 2545 3445 ἐπὶ
2571 3388 2773 3462 ξηρᾶς·
2809 3390 2838 3443 ὁ
2869 3388 2926 3441 δέ
2959 3387 3309 3458 ἀπόπληκτος
3333 3385 3531 3457 Φαραὼ
3564 3402 3702 3437 παν-

2123 3483 2353 3557 στρατιᾷ
2411 3482 2792 3552 κατεπνίγετο.
2858 3480 2969 3535 Καὶ
3029 3479 3135 3552 μὴν
3187 3480 3276 3534 ὅτε
3336 3477 3620 3549 Ῥαψάκης
3672 3479 3702 3531 6

2121 3574 2477 3630 Βαϐυλωνίων
2511 3573 2838 3646 στρατηγὸς,
2867 3573 3054 3645 κύκλῳ
3077 3570 3357 3645 περισχὼν
3381 3571 3482 3642 τὴν
3497 3571 3700 3643 Ἰερου-

2123 3665 2326 3738 σαλήμ,
2347 3664 2702 3737 πεφλυόιρηκε
2722 3664 2863 3718 κατὰ
2891 3663 3050 3729 Θεοῦ,
3092 3665 3188 3717 καὶ
3211 3662 3340 3732 ὅλης
3369 3662 3474 3734 έςρη
3503 3662 3698 3735 ῥᾳδίως

2121 3759 2559 3830 κατακρατήσειν
2608 3756 2709 3828 τῆς
2750 3755 3024 3821 Ἰουδαίας·
3054 3755 3154 3810 οὐκ
3193 3755 3497 3828 ἐκρύπτετο
3545 3755 3699 3820 Θεὸς,

2121 3849 2243 3904 ούδέ
2281 3849 2498 3922 πετρῶν
2526 3848 2756 3920 ἐζήτησε
2791 3848 3030 3920 σχισμὰς
3057 3889 3073 3915 ,
3099 3847 3225 3902 οὔτε
3257 3847 3364 3919 μὴν
3393 3846 3700 3916 διασφαγὰς

2119 3941 2283 4015 ὀρῶν,
2329 3939 2444 3995 ἀλλ’
2482 3940 2679 4012 ηὔχετο
2721 3941 2819 4011 μὲν
2864 3940 3111 4011 Ἐζεχίας
3140 3938 3344 4009 λέγων·
3381 3957 3399 3991 t
3435 3938 3701 3992 Είσάκου-

2123 4050 2234 4100 σον,
2285 4030 2478 4104 Κύριε,
2512 4030 2820 4102 εῖσϐλεψον,
2855 4032 3051 4102 Κύριε,
3109 4033 3205 4086 καὶ
3241 4031 3317 4084 ε’δε
3349 4031 3478 4094 τοὺς
3509 4030 3709 4098 λόγους

2134 4124 2409 4195 Ῥαψὰκου
2435 4163 2450 4190 ,
2525 4123 2582 4176 ὃν
2641 4123 2992 4190 ἐξαπέστειλε
3061 4121 3317 4192 βασιλεὺς
3397 4122 3702 4192 Ἀσσυρίων

2123 4216 2401 4282 ὀνειδίζειν
2450 4214 2582 4268 Θεὸν
2628 4213 2827 4279 ζῶντα.
2867 4231 2884 4264 ι
2937 4213 3285 4285 Παραχρῆμα
3331 4212 3388 4267 δὲ
3421 4212 3557 4267 Θεοῦ
3612 4213 3701 4266 λέ-

2121 4329 2308 4381 γοντος
2367 4311 2552 4381 ήκουε·
2611 4329 2630 4361 ‹
2681 4306 3041 4380 ’Υπερασπιῶ
3109 4306 3252 4379 ὑπὲρ
3310 4307 3410 4378 τῆς
3491 4305 3702 4369 πόλεως

2121 4403 2368 4475 ταύτης,
2399 4403 2466 4456 δι’
2498 4401 2620 4472 ἐμὲ,
2667 4401 2761 4455 καὶ
2809 4400 2897 4462 διὰ
2941 4399 3108 4454 Δαϐὶδ
3149 4400 3240 4453 τὸν
3285 4397 3470 4452 δοῦλόν
3505 4415 3631 4470 μου.
3678 4418 3695 4449 ι

2121 4500 2233 4552 Καὶ
2261 4497 2342 4561 τίς
2369 4495 2432 4552 τὸ
2457 4494 2716 4566 τηνικάδε
2763 4491 3167 4548 κινδυνεύουσιν
3189 4493 3218 4546 6
3243 4492 3342 4563 τῆς
3371 4491 3700 4562 ἐπικουρίας

2119 4589 2340 4659 ἐγένετο
2391 4585 2622 4656 τρόπος;
2667 4583 2977 4655 Παράδοξος
3007 4583 3103 4636 καὶ
3147 4584 3486 4655 θεοπρεπὴς·
3528 4601 3547 4634 ι
3589 4583 3701 4649 Ἐξ-

2121 4679 2252 4751 ἧλθε
2293 4677 2402 4749 γὰρ
2435 4675 2664 4746 ἄγγελος
2700 4674 2926 4745 Κυρίου,
2969 4675 3064 4729 καὶ
3092 4675 3302 4728 ἀνεῖλεν
3329 4675 3395 4728 ἐκ
3427 4675 3524 4745 τῆς
3557 4685 3699 4743 παρ-

2121 4771 2359 4845 εμὸολῆς
2407 4770 2515 4823 τῶν
2568 4768 2869 4839 Ἀσσυρίων
2913 4765 3108 4822 ἑκατὸν
3162 4767 3495 4836 ὀγδοήκοντα
3535 4766 3700 4819 πέντε

2121 4863 2384 4938 χιλιάδας.
2419 4880 2437 4914 ι
2473 4859 2930 4930 Αίσχυνθήτωσαν
2969 4855 3148 4912 τοίνυν
3181 4859 3230 4912 οἱ
3263 4855 3696 4929 προσκυνοῦντες

2119 4959 2232 5024 τοῖς
2267 4955 2525 5024 γλυπτοῖς
2544 4993 2559 5018 ,
2606 4953 2656 5005 οἱ
2686 4951 2775 5006 τὸν
2809 4952 2987 5005 πάντα
3017 4949 3270 5021 ἰσχύοντα
3296 4948 3430 5002 Θεὸν
3463 4948 3699 5002 καταλεο

2119 5047 2386 5110 λοιπότες,
2438 5044 2531 5099 καὶ
2579 5041 2929 5113 λατρεύοντες
2980 5039 3139 5104 θεοῖς,
3187 5038 3280 5102 οὓς
3335 5039 3439 5112 πρὸ
3488 5037 3702 5091 ἑαυτῶν

2119 5141 2617 5212 κατακρύπτουσιν,
2647 5136 2735 5190 ἵνα
2768 5135 2842 5206 μὴ
2871 5132 2977 5206 πρὸ
3012 5132 3192 5186 αὐτῶν
3235 5133 3541 5198 ἀπόλοιντο,
3577 5133 3698 5193 ταῖς

2118 5235 2227 5289 τῶν
2261 5232 2638 5303 πολεμούντων
2665 5225 3054 5299 περιπεσόντες
3083 5223 3468 5296 φιλοκερδίαις.
3507 5223 3694 5292 Λέγω-

2120 5346 2220 5400 μεν
2245 5329 2424 5382 τοίνυν
2449 5322 2592 5378 κατὰ
2628 5321 2726 5390 τὴν
2758 5319 2852 5372 τοῦ
2880 5318 3159 5389 προφήτου
3191 5315 3374 5386 φωνὴν
3405 5313 3692 5386 ἰερεμίουε

2123 5440 2142 5474 ι
2175 5421 2374 5492 Θρόνος
2405 5416 2560 5489 δόξης
2589 5412 2872 5484 ὑψωμένος
2895 5451 2909 5477 ,
2943 5409 3190 5480 ἁγίασμα
3227 5408 3404 5480 ήμῶν,
3447 5405 3695 5477 ὑπομονὴ

2128 5505 2366 5580 Ἰσραὴλ,
2412 5504 2602 5576 Κύριε·
2641 5500 2840 5562 πάντες
2887 5498 2938 5550 οἱ
2982 5494 3373 5556 καταλιπόντες
3405 5509 3465 5545 σε
3501 5508 3694 5544 καται-

2117 5598 2521 5672 σχυνθήτωσαν.
2585 5589 2983 5662 Ἀφεστηκότες
3039 5589 3132 5641 ἐπὶ
3178 5589 3276 5658 τῆς
3305 5585 3411 5655 γῆς
3468 5582 3696 5672 1γραφή.

2113 5671 2314 5750 τωσαν,
2345 5685 2427 5738 ὅτι
2461 5681 2816 5751 ἐγκατέλιπον
2854 5678 3034 5747 πηγὴν
3064 5677 3205 5746 ζωῆς
3234 5675 3324 5730 τὸν
3340 5671 3564 5745 Κύριον.
3588 5691 3606 5724 r
3633 5671 3695 5723 ει

496 5834 893 5907 ""lsa.xxxvn,
935 5841 994 5896 l6
1022 5856 1166 5912 seqq.
1240 5842 1280 5874 ’δ
1315 5842 1440 5899 ibid.
1466 5843 1552 5899 55.
1635 5845 1673 5875 ”
1709 5845 1837 5900 ibid.
1879 5845 1965 5899 56.

2120 5843 2311 5899 .l'crcm.
2349 5857 2480 5904 xv”,
2531 5838 2612 5902 12,
2657 5838 2736 5892 l5.
