4100 6540
469 412 540 469 95
1492 408 1550 463 S.
1592 404 1865 464 CYBILLI
1904 404 2057 462 ALEI

2162 403 2378 461 V'DR'INI
2414 396 2734 461 ARCHIEP.
3662 394 3739 452 96⁷

474 529 549 583 ait
584 545 599 583 :
639 544 657 578 ι
702 526 900 580 Panem
960 523 1082 580 εοειί
1133 523 1279 578 dedit
1319 523 1457 589 illis,
1494 538 1687 593 panem
1735 522 2048 592 angelorum

2162 522 2347 592 χρήσει
2389 522 2541 592 κοινῇ
2564 536 2578 551 ο
2623 519 2833 573 ἐκείνου
2871 515 2929 569 δὲ
2980 514 3179 585 μᾶλλον
3227 514 3356 583 περὶ
3396 506 3457 567 οὗ
3493 528 3657 582 φησιν
3690 512 3732 609 Δὁ

476 618 825 672 manducavit
855 616 1023 670 homo
1039 615 1105 667 ”.
1140 633 1157 664 ι
1195 615 1389 681 Aquas-
1418 615 1545 668 item
1582 630 1890 670 memorare
1919 631 2043 670 cum

2147 603 2345 667 Δαϐίδ·
2386 631 2406 665 ι
2433 614 2631 683 Ἀρτον
2658 608 2889 682 οὐρανοῦ
2922 609 3119 662 ἔδωκεν
3143 606 3347 668 αὐτοῖς’
3375 605 3539 674 ἄρτον
3567 603 3733 673 ἀγγέ-

474 706 728 771 dicimus,
757 720 877 775 quae
909 705 1101 758 mentis
1129 712 1255 757 sunt.
1297 718 1346 759 et
1390 704 1783 774 intelligentiae.
1814 721 2045 775 quarum

2162 709 2255 758 ίεων
2293 703 2496 772 ἔφαγεν
2525 701 2831 774 ἄνθρωπος.
2865 719 2885 752 ι
2923 698 3161 752 Ὑδάτων
3201 697 3257 750 δὲ
3291 693 3597 766 μεμνῆσθαί
3626 712 3731 763 φα-

476 800 711 868 ipsemet
734 798 992 866 propheta
1047 797 1213 852 Isaias
1261 798 1507 853 meminit
1575 814 1655 851 ιιι
1687 798 1749 852 Et
1784 800 2050 856 haurietis

475 902 670 957 aquam
703 902 826 941 cum
863 886 1058 955 gaudio
1090 887 1157 942 de
1202 887 1444 943 fontibus
1482 888 1783 944 Salvatoris
1816 892 1881 944 ’⁸.
1917 910 1937 942 ι
1982 892 2051 947 Ει

477 994 638 1048 porro
685 978 801 1044 ipse
847 976 1109 1033 Servatur
1141 995 1163 1032 :
1193 995 1211 1027 ι
1244 977 1435 1034 Omnis
1474 980 1563 1049 qui
1613 980 1749 1036 bibit
1792 995 1859 1035 ex
1912 996 2050 1051 aqua

479 1069 602 1135 hac,
629 1069 777 1124 sitiet
810 1068 1004 1123 iterum
1034 1085 1048 1124 :
1080 1069 1171 1139 qui
1204 1080 1381 1124 autem
1413 1070 1610 1126 biberit
1632 1085 1698 1127 ex
1723 1086 1861 1141 aqua
1888 1088 2049 1142 quam

476 1172 577 1228 ego
615 1159 755 1213 dabo
800 1157 909 1221 illi,
950 1159 1057 1212 erit
1106 1159 1157 1213 in
1206 1159 1299 1214 illo
1344 1159 1464 1217 fons
1511 1177 1663 1231 aqua!
1705 1164 1951 1220 salientis
1999 1166 2051 1219 in

478 1249 646 1302 vitam
698 1258 957 1303 aeternam
988 1248 1056 1302 ⁸⁸.
1108 1267 1128 1302 ›
1176 1249 1443 1305 Cmterum
1492 1253 1780 1323 diligenter
1824 1255 2051 1310 observa

480 1340 661 1395 verba
683 1341 977 1409 pr0plietm.
1021 1340 1155 1396 Non
1172 1342 1325 1397 enim.
1345 1342 1485 1398 dixit
1513 1344 1838 1415 simpliciter
1868 1345 2052 1401 subla-

482 1440 597 1486 tum
631 1432 693 1485 iri
725 1447 753 1484 a
784 1430 986 1486 ludatis
1028 1447 1221 1503 panem
1247 1443 1301 1489 et
1326 1449 1547 1504 aquam,
1582 1438 1676 1491 sed
1709 1436 1872 1491 robur
1900 1439 2055 1507 panis

481 1533 537 1579 et
566 1526 731 1579 robur
755 1539 932 1594 aquai.
957 1524 1235 1594 Siquidem
1270 1541 1369 1581 nos
1402 1527 1507 1582 hoc
1533 1527 1731 1583 docere
1761 1529 1895 1583 vult.
1917 1527 2053 1584 Nam

483 1615 574 1684 qui
606 1630 800 1671 sacros
820 1631 1097 1671 sermones
1127 1625 1182 1670 et
1215 1616 1425 1672 divinas
1456 1617 1770 1689 Scripturas
1804 1620 2055 1692 legimus,

483 1720 685 1775 easque
722 1706 1093 1778 intelligimus,
1125 1709 1290 1764 robur
1327 1710 1508 1778 panis,
1554 1712 1819 1781 spiritalis
1849 1714 2057 1783 accipi-

484 1810 627 1850 mus.
667 1814 702 1848 σ.
740 1794 856 1851 Νοη
906 1797 1074 1863 enim,
1109 1816 1129 1850 ι
1178 1799 1375 1869 inquit,
1413 1818 1434 1852 ι
1473 1801 1526 1854 in
1565 1800 1680 1856 solo
1722 1816 1861 1870 pane
1915 1804 2057 1860 vivet

2152 809 2252 864 μεν
2278 793 2438 846 αὐτὸν
2485 790 2594 844 τῶν
2627 788 2855 860 νοητῶν,
2886 788 3016 860 περὶ
3045 780 3121 841 ὧν
3154 785 3317 848 αὐτός
3366 782 3466 837 πού
3503 800 3666 853 φησιν
3704 787 3733 836 ὁ

2148 885 2435 955 προφήτης
2467 882 2695 946 Ἡσαΐας
2714 895 2747 913 ⁸-
2770 899 2788 933 ι
2825 881 2937 935 Καὶ
2976 879 3269 949 ἁντλήσετε
3312 876 3457 948 ὕδωρ
3490 877 3607 948 μετ’
3640 877 3733 929 εὑ-

2150 974 2425 1048 φροσύνης
2450 974 2525 1026 ἐκ
2543 972 2650 1026 τῶν
2679 970 2870 1042 πηγῶν
2897 969 2997 1024 τοῦ
3021 970 3290 1041 Σωτῆρος.
3327 987 3345 1020 ι
3377 967 3487 1020 Καὶ
3514 966 3618 1037 μὴν
3641 965 3736 1019 xui.

2151 1066 2313 1129 αὐτὸς
2338 1065 2367 1119 ὁ
2394 1065 2619 1135 Σωτήρ·
2656 1081 2675 1113 ι
2715 1064 2828 1126 Πᾶς
2858 1063 2888 1115 ό
2913 1062 3082 1114 πίνων
3118 1058 3297 1114 ὲκ’τοῦ
3322 1059 3512 1121 ὓδατος
3542 1058 3735 1110 τούτου

2150 1158 2367 1229 διψήσει
2416 1157 2597 1211 πάλιν
2637 1154 2666 1208 δ
2695 1156 2739 1209 δ’
2772 1155 2838 1209 ἂν
2888 1153 2985 1228 πίῃ
3021 1154 3087 1206 ὲκ
3128 1153 3220 1207 τοῦ
3268 1151 3479 1215 ὓδατος,
3513 1144 3574 1204 οὗ
3625 1149 3737 1219 ἐγὼ

2151 1248 2307 1304 δώσω
2338 1249 2511 1321 αὐτῷ,
2562 1249 2851 1319 γενήσεται
2885 1247 2942 1300 δν
2975 1243 3126 1316 αὐτῷ
3168 1244 3322 1316 πηγὴ
3351 1242 3542 1305 ὕδατος
3578 1240 3736 1295 ἁλλο-

2157 1342 2320 1414 μένου
2339 1344 2420 1406 είς
2447 1341 2592 1413 ζωὴν
2616 1339 2849 1394 αἰώνιον.
2885 1356 2905 1391 ι
2931 1337 3096 1401 Σύνες
3129 1337 3193 1391 δὲο
3222 1334 3466 1408 άκριΰῶς
3494 1335 3594 1398 τὰς
3638 1331 3745 1387 τοῦ

2154 1435 2433 1506 προφήτου
2468 1433 2673 1503 φωνάς.
2726 1433 2802 1487 Οὐ
2829 1429 2940 1503 γὰρ
2972 1431 3192 1503 εἴρηκεν
3233 1427 3420 1491 ἁπλῶς
3454 1426 3564 1480 τῶν
3605 1427 3737 1479 Ἰουο

2154 1526 2319 1581 δαίων
2350 1525 2810 1598 ἀφαιρεθήσεσθαι
2833 1525 2996 1598 ἄρτον
3020 1539 3082 1577 τε
3127 1522 3223 1577 καὶ
3248 1521 3413 1593 ὕδωρ,
3438 1518 3552 1574 ἀλλ’
3584 1518 3736 1588 ἰσχὺν

2156 1620 2321 1691 ἄρτου
2346 1619 2439 1672 καὶ
2463 1619 2615 1689 ἰσχὺν
2641 1617 2852 1682 ὓδατος.
2882 1618 2991 1673 Καὶ⁵
3008 1616 3089 1671 δεῖ
3110 1616 3261 1687 ἡμᾶς
3278 1611 3521 1667 τοιοῦτόν
3545 1630 3597 1665 τι
3623 1610 3745 1681 βούίη

2156 1707 2344 1763 λεσθαι
2381 1708 2653 1763 διδάσκειν
2700 1707 2884 1763 αὐτόν.
2921 1708 3113 1779 Ἡμεῖς
3144 1705 3242 1777 μὲν
3270 1704 3380 1777 γὰρ
3427 1705 3541 1765 τοῖς
3574 1702 3739 1773 ἱεροῖς

2160 1795 2648 1868 περιτυγχάνοντες
2674 1797 2872 1866 λόγοις,
2904 1796 2998 1850 καὶ
3024 1795 3123 1860 τὰς
3151 1795 3303 1859 θείας
3341 1792 3742 1863 ἀναγινώσκον-

484 1884 666 1953 homo,
691 1887 784 1943 sed
815 1888 868 1943 in
892 1891 1037 1943 omni
1061 1891 1226 1946 verho
1248 1893 1392 1959 quod
1413 1893 1590 1962 prodit
1616 1909 1683 1949 ex
1705 1912 1800 1951 ore
1825 1895 1916 1953 Dei
1939 1898 2004 1951 ".
2032 1917 2050 1952 ι

2162 1905 2248 1952 τες
2286 1888 2545 1959 Γραφὰς,
2598 1886 2716 1942 εἶτα
2781 1888 3053 1952 συνιέντες
3109 1887 3300 1953 αὑτὰς,
3363 1887 3516 1957 ἰσχὺν
3572 1885 3746 1956 ἄρτου

483 1976 796 2050 Eodemque
825 1973 941 2052 53'
970 1981 1129 2037 modo
1174 1984 1438 2056 intelliges
1487 1988 1551 2042 de
1589 1988 1743 2058 aquis
1772 2005 1892 2058 qtue
1930 1992 2058 2046 sub-

479 2070 639 2139 jectae
694 2080 819 2126 sunt
869 2071 1192 2128 intellectui.
1251 2071 1419 2129 Judaei
1483 2076 1701 2146 quidem
1760 2093 1952 2148 panem
2006 2090 2060 2136 et

485 2176 683 2232 aquam
722 2162 1015 2217 etiamnum
1050 2162 1268 2220 habent.
1295 2164 1518 2221 Multum
1550 2169 1693 2223 enim
1723 2181 2061 2239 occupantur

486 2253 540 2307 in
593 2252 790 2309 litteris
813 2253 1080 2323 Mosaicis,
1124 2266 1178 2311 ct
1223 2256 1406 2327 legunt
1454 2259 1646 2330 legem.
1695 2261 1831 2317 Cum
1879 2273 2058 2319 autem

485 2342 637 2397 nihil'
666 2343 871 2410 sciant,
909 2360 1263 2417 nequaquam
1291 2349 1490 2405 habent
1533 2350 1703 2407 robur
1734 2352 1919 2422 panis,
1961 2369 2061 2410 nec

484 2435 646 2489 etiam
696 2436 860 2492 robur
897 2452 1070 2509 aqum.
1119 2438 1270 2495 Nuda
1305 2441 1532 2497 enimet
1577 2442 1688 2498 sola
1733 2444 1911 2499 littera
1956 2445 2061 2502 illis

485 2527 609 2581 data
635 2537 738 2595 est,
772 2543 893 2600 quae
918 2533 1073 2601 panis
1100 2533 1315 2603 quidem
1348 2543 1402 2589 et
1432 2549 1590 2605 aquae
1614 2538 1845 2606 speciem
1874 2538 2057 2604 habet,

486 2619 708 2673 minime
736 2628 913 2677 tamen
935 2637 1030 2678 eos
1056 2624 1164 2678 ullo
1191 2625 1349 2681 modo
1368 2628 1574 2681 enutrit
1600 2628 1665 2681 ad
1691 2627 2057 2684 habitudinem

484 2727 550 2768 ac
607 2715 998 2785 vegetationem
1051 2716 1403 2786 spiritualcm.
1470 2718 1871 2790 Astipnlabitur
1937 2722 2061 2776 huic

485 2805 717 2872 Paulus,
770 2806 1066 2863 scribens:
1111 2826 1131 2859 ‹
1174 2808 1356 2878 Usque
1408 2809 1475 2864 ad
1525 2810 1845 2867 hodiernum
1894 2812 2057 2878 diem,

482 2899 700 2967 quando
730 2898 927 2970 legitur
956 2899 1189 2972 Moyses,
1224 2901 1576 2958 velumcordi
1604 2917 1790 2960 eorum
1823 2905 2058 2975 imponi-

486 2999 598 3055 tur,
645 3004 754 3044 non
803 2998 1105 3056 retectum,
1148 2994 1274 3063 quia
1321 2992 1372 3046 in
1421 2994 1638 3051 Christo
1683 2994 1889 3050 tollitur
1930 2996 1996 3050 ³⁷.
2036 3016 2054 3050 ι

485 3080 659 3135 Aliter
700 3082 825 3135 item
882 3082 1193 3137 submoveri
1242 3082 1469 3139 dicimus
1518 3099 1586 3140 ex
1635 3084 1917 3157 Synagoga
1962 3085 2058 3143 Ju-

486 3171 727 3226 dtcornm
763 3172 930 3227 robur
953 3173 1108 3242 panis
1138 3181 1191 3228 et
1229 3176 1395 3228 robur
1428 3189 1601 3244 aquas.
1650 3177 1716 3232 Et
1757 3193 1939 3233 sermo
1979 3188 2063 3234 est

2160 1978 2351 2051 νοητοῦ
2386 1978 2671 2049 δεχόμεθα.
2713 1999 2732 2032 ι
2766 1981 2840 2033 Οὐ
2874 1978 2983 2050 γάρ
3012 1979 3098 2033 ἐπ’
3131 1978 3285 2051 ἄρτῳ
3329 1976 3498 2048 μόνῳ,
3533 1994 3551 2027 ι
3584 1975 3740 2044 φησὶ,

2167 2086 2185 2121 ι
2226 2068 2451 2140 ζήσεται
2492 2068 2798 2140 ἄνθρωπος,
2833 2069 2946 2122 ἀλλ’
2989 2069 3084 2123 ἐπὶ
3117 2069 3282 2124 παντὶ
3329 2068 3533 2141 ῥήματι
3577 2067 3745 2119 ὲκπο-

2164 2161 2440 2233 ρευομένῳ
2461 2162 2546 2216 διὰ
2587 2161 2853 2233 στόματος
2879 2161 2974 2215 τοῦ
3008 2161 3166 2215 Θεοῦ.
3199 2179 3218 2213 ι
3264 2159 3496 2232 Ὁμοίως
3528 2160 3746 2230 νοήσεις

2160 2255 2254 2309 καὶ⁹
2279 2255 2364 2324 ἐφ’
2404 2253 2611 2308 ὑδάτων
2636 2254 2862 2324 νοητῶν.
2905 2252 3160 2308 Ἰουδαῖοί
3191 2269 3261 2322 γε
3296 2250 3744 2325 μὴνιὲχουσιθμὲν

2159 2344 2251 2399 τὸν
2273 2345 2435 2416 ἄρτον
2468 2344 2563 2399 καὶ
2591 2344 2651 2399 τὸ
2685 2344 2832 2418 ὕδωρ
2863 2344 2966 2399 ἔτι.
3002 2341 3527 2416 Πολυπραγμονοῦσι
3550 2342 3659 2414 γὰρ
3677 2342 3748 2396 τά

2160 2437 2405 2502 Μωσέως
2445 2439 2771 2510 γράμματα,
2821 2438 2915 2492 καὶ
2956 2436 3387 2507 ἀναγινώσκουσι
3432 2434 3523 2490 τὸν
3558 2434 3742 2505 νόμον.

2172 2522 2390 2595 Ἐπειδὴ
2426 2523 2482 2578 δὲ
2518 2524 2879 2593 γινώσκουσιν
2904 2525 3078 2590 οὐδὲν,
3111 2525 3212 2579 οὐκ
3239 2524 3424 2596 ἔχουσι
3449 2524 3547 2596 τὴν
3591 2525 3748 2595 ἰσχὺν

2159 2612 2254 2667 τοῦ
2284 2613 2468 2683 ἄρτου,
2496 2613 2620 2668 οὔτε
2645 2615 2751 2688 μὴν
2773 2616 2872 2687 τὴν
2900 2616 3052 2687 ίσχὺν
3083 2615 3177 2669 τοῦ
3206 2614 3417 2680 ὓδατος.
3446 2613 3615 2668 Ψιλὸν
3636 2612 3747 2683 γὰρ

2161 2706 2347 2771 αὐτοῖς
2375 2707 2470 2761 καὶ
2501 2708 2661 2779 μόνον
2692 2707 2754 2763 τὸ
2793 2710 3028 2780 γράμμα
3056 2707 3282 2772 δέδοται,
3308 2710 3474 2780 ἄρτου
3507 2708 3604 2779 μὲν
3650 2705 3747 2760 καὶ

2162 2795 2352 2862 ὓδατος
2390 2799 2656 2870 ὑπόληψιν
2681 2799 2825 2871 ἕχον,
2853 2799 3052 2872 τρέφον
3079 2799 3136 2854 δὲ
3173 2801 3370 2865 αὐτοὺς
3400 2800 3518 2854 κατ’
3551 2798 3751 2852 οὐδένα

2160 2888 2361 2960 τρόπον
2392 2890 2473 2953 είς
2503 2889 2716 2955 εὐεξίαν
2739 2889 2839 2961 τὴν
2864 2890 3221 2962 νοητήν..Καὶ
3250 2890 3589 2962 μαρτυρήσει
3612 2887 3748 2958 γρά·

2162 2997 2278 3049 (ρων
2311 2983 2340 3034 ὁ
2365 2981 2609 3047 Παῦλοςι
2645 3002 2663 3035 ι
2698 2984 2860 3055 Ἄχρι
2892 2982 3001 3055 γὰρ
3032 2984 3291 3055 σήμερον,
3321 2981 3484 3055 ἡνίκα
3522 2979 3589 3035 ἃν
3611 2981 3746 3033 άναο

2162 3060 2493 3140 γινώσκεται
2530 3074 2736 3144 Μωσῆς
2762 3073 3027 3146 κάλυμμα
3064 3074 3171 3127 ἐπὶν
3187 3073 3299 3146 τὴν
3315 3072 3545 3146 καρδίαν
3567 3069 3747 3124 αὐτῶν

2164 3166 2362 3227 κεῖται,
2393 3164 2468 3237 μὴ
2496 3165 3031 3237 ὼνακαλυπτόμενον,
3073 3167 3156 3221 ὅτι
3189 3164 3496 3239 ὲνρΧριστῷ
3541 3180 3747 3233 καταρ-

486 3262 772 3333 mysticus.
814 3262 1030 3317 Etenim
1068 3278 1166 3318 nos
1189 3264 1279 3333 qui
1314 3279 1409 3333 per
1439 3266 1596 3321 [idem
1640 3269 1707 3321 ad
1751 3268 2057 3323 sanctiﬁca-

2162 3259 2359 3327 γείται.
2411 3277 2429 3309 ι
2468 3259 2577 3312 Καὶ
2632 3259 2756 3312 καθ’
2811 3259 2997 3332 ἕτερον
3043 3259 3101 3314 δὲ
3155 3258 3375 3331 τρόπον,
3433 3255 3747 3326 ἀφῃρῆτθαί

489 3358 688 3409 tionem
731 3355 901 3409 vocati
931 3369 1140 3423 sumus,
1175 3370 1367 3427 panem
1404 3356 1686 3421 habemus,
1716 3374 1933 3430 panem,
1976 3362 2062 3415 ἰηι-

486 3460 674 3513 quam,
711 3446 777 3499 de
802 3444 962 3512 cmlo,
1003 3446 1105 3501 hoc
1133 3456 1235 3511 est,
1269 3446 1543 3503 Christum
1573 3463 1665 3504 seu
1703 3464 1898 3521 corpus
1923 3453 2058 3522 ejus.

489 3539 544 3592 Si
595 3551 722 3591 vero
760 3538 884 3607 quis
930 3538 1252 3608 interroget,
1298 3538 1597 3608 cuiusmodi
1654 3542 1869 3598 tandem
1921 3545 2062 3599 illius

492 3628 658 3681 rubltl'
683 3643 748 3682 ac
773 3628 854 3683 vis
895 3629 985 3693 sit,
1018 3628 1288 3684 vivilicum
1328 3644 1448 3685 esse
1485 3631 1715 3688 dicimus
1747 3651 1762 3687 τ
1798 3633 1888 3689 dat
1917 3637 2061 3690 enim

490 3721 690 3774 mundo
721 3720 905 3774 vitam.
940 3719 1205 3776 Similiter
1237 3722 1401 3776 etiam
1436 3723 1729 3791 recipimus
1760 3739 1855 3794 per
1887 3727 2062 3795 Spiri-

490 3823 602 3866 tum
635 3823 883 3866 sanctum
920 3813 1164 3881 baptismi
1197 3814 1446 3883 gratiam,
1471 3816 1561 3884 qui
1593 3818 1899 3871 sanctiﬁcat
1931 3834 2059 3875 nos:

487 3907 711 3977 vimque
743 3917 897 3974 aquae
930 3906 1161 3961 dicimus
1180 3920 1298 3960 esse
1325 3917 1668 3976 peccatorum
1693 3908 2061 3975 abolitionem,

490 3999 956 4065 regenerationem
988 3997 1346 4066 spiritualem,
1373 4007 1431 4053 ut
1463 4000 1561 4070 ipsi
1593 4000 1814 4057 Christo
1845 4004 2062 4059 confor-

490 4106 604 4146 tnes
634 4091 826 4157 simus;
864 4098 1127 4161 prmterea
1166 4090 1360 4156 etiam,
1390 4090 1617 4145 liberum
1664 4091 1965 4163 ingressum
2009 4095 2061 4149 in

487 4184 652 4248 viam,
683 4199 802 4254 qum
834 4183 900 4237 ad
934 4197 1152 4252 regnum
1190 4182 1452 4237 malorum
1485 4183 1652 4237 ducit.
1703 4202 1721 4235 ι
1769 4183 1884 4240 Nisi
1918 4188 2061 4241 enim

486 4278 631 4350 quis,
667 4294 686 4329 ιι
723 4276 915 4345 inquit,
953 4292 972 4326 ι
1010 4283 1169 4328 natus
1213 4274 1283 4327 sit
1312 4289 1379 4328 ex
1424 4288 1562 4342 aqua
1597 4283 1651 4330 et
1684 4278 1906 4346 spiritu,
1958 4294 2059 4333 non

490 4381 663 4443 potest
703 4368 906 4439 ingredi
955 4381 1176 4439 regnum
1205 4367 1295 4422 Dei
1327 4368 1425 4422 ".t
1466 4367 1668 4435 Privati
1712 4380 1841 4426 sunt
1882 4372 2063 4442 itaque

487 4464 653 4521 Judzcl
685 4461 946 4532 ejusmodi
983 4461 1138 4514 bonis
1171 4478 1184 4513 :
1218 4460 1471 4527 quoniam
1511 4463 1648 4529 apud
1688 4478 1781 4518 eos
1823 4479 1930 4517 non
1978 4473 2062 4519 est

487 4550 643 4621 panis
677 4548 860 4615 robur,
892 4546 1075 4613 idest,
1111 4547 1223 4612 illa,
1254 4562 1376 4616 quae
1408 4558 1491 4603 est
1526 4550 1580 4601 in
1613 4549 1850 4615 Christo,
1887 4551 2063 4606 viviti-

489 4641 652 4696 cmio.
688 4639 869 4709 Neque
899 4655 1050 4710 aquae
1083 4638 1191 4692 vim
1225 4638 1443 4705 habent,
1477 4640 1599 4707 quia
1629 4652 1808 4696 manet
1837 4642 1890 4697 in
1928 4643 2062 4711 ipsis

490 4732 744 4799 iniquitas
772 4732 917 4787 illntu
954 4752 965 4785 :
994 4745 1174 4801 neque
1199 4744 1420 4801 regnum
1449 4732 1709 4787 caelorum
1756 4734 2059 4801 intrabunt,

488 4824 612 4894 quia
631 4823 903 4880 Christum
928 4824 1016 4890 qni
1043 4824 1352 4890 introducit,
1377 4826 1564 4880 honori
1594 4842 1700 4881 non
1729 4829 2053 4896 habuerunt;

490 4933 594 4973 non
624 4918 764 4972 enim
797 4916 1141 4970 crediderunt
1166 4914 1362 4969 dicenti
1399 4932 1412 4969 :
1446 4933 1465 4967 ι
1507 4916 1621 4985 Ego
1639 4902 1755 4970 sum
1779 4920 1895 4986 via;
1931 4936 1949 4971 ι
1984 4928 2060 4986 et,

493 5030 513 5065 ι
542 5009 653 5080 Ego
683 5024 798 5065 sum
816 5010 1013 5066 ostium
1029 5010 1093 5063 ³ο.
1131 5026 1151 5060 ι
1181 5006 1403 5063 Auferet
1432 5009 1680 5063 similiter
1705 5018 1754 5064 ct
1788 5011 2059 5081 gigantem

488 5113 543 5159 et
584 5112 989 5175 praepotentem.
1032 5101 1292 5167 Quisnam
1339 5102 1555 5155 demum
1600 5114 1683 5158 est
1741 5103 1829 5158 ille
1878 5103 2063 5173 gigas?

491 5198 612 5267 quis
658 5194 749 5249 ille
800 5190 1143 5265 praepotens?
1195 5191 1454 5262 Equidem
1500 5192 1752 5248 existimo
1792 5193 2059 5264 gigantem

490 5290 673 5344 dicere
705 5301 853 5346 cum,
887 5284 978 5354 qui
1007 5287 1072 5337 ad
1107 5284 1394 5337 terminum
1435 5296 1740 5354 metamque
1765 5287 2062 5355 Spiritualis

491 5375 826 5434 fortitudinis
855 5375 1120 5445 pervenit,
1156 5383 1541 5444 praepotentem
1573 5386 1751 5431 autem
1797 5378 2060 5433 minorem

493 5468 652 5541 paulo
677 5482 742 5521 ac
772 5464 1137 5536 dejectiorem,
1161 5475 1217 5520 et
1250 5467 1351 5522 hac
1381 5482 1499 5535 quae
1528 5466 1580 5522 iu
1618 5467 1708 5522 illo
1752 5469 2064 5538 intelligitur

492 5561 803 5633 prmstantia
859 5559 1191 5616 inferiorem.
1256 5557 1557 5630 Unicuique
1611 5560 1755 5614 enim
1820 5570 2060 5617 nostrum

565 5739 613 5771 ’⁸
642 5737 785 5793 Psal.
808 5752 1013 5800 Lxxvn,
1030 5735 1122 5800 24,
1142 5737 1233 5792 25.

499 5823 581 5868 ιιι.
616 5809 667 5863 5.
744 5811 788 5841 '9
817 5808 972 5863 Juan.
1003 5823 1057 5870 κ,
1101 5807 1154 5873 9;
1191 5822 1300 5872 xlv,
1332 5808 1386 5862 6.

1312 5738 1358 5768 "
1392 5735 1491 5793 lsa.
1527 5753 1623 5804 xit,
1660 5739 1711 5793 5.
1790 5739 1833 5771 ⁸⁵
1869 5736 2025 5794 Joan.
2065 5754 2139 5793 tr.

2165 3366 2343 3420 φαμεν
2375 3351 2438 3404 ὲκ
2462 3350 2561 3422 τῆς
2599 3350 2868 3406 Ἰουδαίων
2903 3351 3247 3422 συναγωγῆς,
3284 3351 3438 3422 ίσχὺν
3465 3348 3631 3420 ἄρτου
3651 3347 3749 3401 καὶ

2167 3438 2321 3510 ίσχὺν
2350 3441 2560 3504 ὕδατος.
2592 3442 2702 3495 Καὶ
2727 3442 2756 3495 ό
2779 3441 2936 3511 λόγος
2959 3444 3076 3497 ἐστὶ
3109 3442 3392 3514 μυστικός.
3427 3440 3619 3512 Ἡμεῖς
3650 3440 3749 3510 μὲν

2163 3530 2270 3602 γὰρ
2307 3534 2357 3584 οί
2388 3532 2483 3586 διὰ
2519 3533 2756 3597 πίστεως
2789 3535 3115 3605 κεκλημένοι
3158 3534 3295 3607 πρὸς
3322 3532 3611 3604 ἁγιασμόν,
3655 3532 3749 3585 τὸν

2164 3621 2329 3693 ἄρτον
2376 3623 2570 3695 ἔχομεν
2603 3624 2695 3679 τὸν
2720 3623 2780 3690 ἐξ
2821 3624 3076 3697 οὐρανοῦ,
3112 3625 3259 3679 τοῦτ’
3308 3624 3446 3688 ἔστι,
3489 3623 3747 3695 Χριστὸν,

2164 3715 2283 3787 ήτοι
2321 3716 2382 3771 τὸ
2432 3717 2591 3789 σῶμα
2619 3714 2806 3771 αὑτοῦ.
2847 3719 2911 3772 El
2943 3719 3003 3773 δὲ
3045 3718 3109 3789 δή
3134 3735 3219 3783 τις
3268 3717 3462 3789 ἔροιτο,
3504 3717 3635 3771 ποία
3667 3716 3750 3781 τίς

2166 3812 2317 3865 ἐστιν
2355 3813 2388 3881 ή
2431 3812 2586 3882 ίσχὺς
2631 3810 2818 3875 αὐτοῦ,
2868 3812 3049 3883 φαμὲν
3088 3813 3171 3866 ὅτι
3219 3810 3513 3876 ζωοποιός.
3558 3810 3748 3864 Δίδωσι

2163 3904 2273 3976 γὰρ
2307 3904 2385 3975 τῷ
2412 3905 2604 3976 κόσμῳ
2634 3903 2799 3977 ζωήν.
2837 3905 3113 3977 Πρόσιμεν
3142 3904 3199 3957 δὲ
3228 3903 3428 3975 ὁμοίως
3447 3903 3542 3956 καὶ
3563 3905 3631 3974 τῇ
3661 3902 3749 3956 διὰ

2164 3993 2257 4049 τοῦ
2292 3996 2451 4063 ἁγίου
2476 3997 2853 4069 βαπτίσματος
2881 3998 3085 4069 χάριτι,
3111 3997 3205 4050 τοῦ
3234 3996 3554 4065 ἁγιάζοντος
3580 3998 3747 4068 ἡμᾶς,

2166 4085 2357 4151 ὓδατος
2384 4087 2483 4161 τὴν
2514 4090 2667 4161 ίσχὺν
2695 4086 2836 4146 εἶναι
2863 4091 3112 4162 λέγοντες
3141 4090 3427 4168 ἁμαρτιῶν
3462 4090 3745 4148 ἀπόθεσινη

2164 4183 2521 4254 ἁναγέννησιν
2553 4183 2651 4255 τὴν
2700 4188 3096 4258 πνευματικὴν,
3134 4191 3213 4252 είς
3256 4191 3608 4262 συμμορφίαν
3651 4186 3749 4263 τὴν

2166 4273 2303 4345 πρὸς
2328 4274 2490 4328 αὐτὸν
2524 4275 2616 4331 τὸν
2645 4277 2895 4349 Χριστόν.
2934 4280 3043 4332 Καὶ
3079 4280 3302 4351 προσέτι
3337 4281 3568 4348 τούτοις,
3603 4285 3746 4354 παρι-

2167 4367 2359 4439 ρησέας
2385 4367 2585 4423 εἴσοδον
2610 4370 2689 4432 είς
2710 4369 2808 4442 τὴν
2829 4370 2938 4424 τῶν
2958 4371 3204 4443 οὐρανῶν
3235 4372 3509 4443 βασιλείαν
3525 4391 3538 4406 ο
3567 4393 3587 4426 ι
3621 4375 3749 4429 Ἐάν

2164 4461 2274 4533 γὰρ
2305 4463 2379 4532 μή
2418 4480 2521 4525 τις,
2559 4480 2578 4514 ι
2616 4464 2768 4532 φησὶ,
2804 4482 2834 4514 ι·
2857 4466 3097 4535 γεννηθῇ
3132 4464 3193 4531 ἐξ
3228 4466 3419 4530 ὓδατος
3462 4467 3555 4521 καὶ
3589 4468 3751 4521 πνεύμ-

2170 4570 2357 4623 ματος,
2388 4554 2446 4606 οὐ
2496 4553 2720 4608 δύναται
2759 4555 3020 4609 εἰσελθεῖν
3076 4559 3158 4621 είς
3190 4558 3293 4629 τὴν
3337 4558 3613 4628 βασιλείαν
3652 4560 3749 4615 τοῦ

2165 4640 2324 4695 Θεοῦ.
2361 4659 2381 4693 ι
2437 4641 2790 4712 Ἐστέρηνται
2819 4643 3001 4699 τοίνυν
3034 4647 3082 4698 οί
3130 4646 3375 4701 Ἰουδαῖοι
3414 4647 3525 4702 τῶν
3571 4651 3749 4704 τοιούι

2162 4750 2271 4786 των
2301 4733 2541 4802 ἀγαθῶν.
2571 4735 2654 4788 υὺι
2674 4736 2783 4807 γάρ
2811 4735 2925 4790 ἔστι
2963 4739 3095 4809 παρ’
3138 4740 3324 4803 αὐτοῖς
3354 4741 3511 4811 ίσχὺς
3554 4739 3743 4813 ἄρτου,

2161 4825 2306 4879 τοῦτ’
2333 4825 2504 4892 ἔστιν,
2535 4829 2568 4899 ή
2593 4829 2650 4881 ὲν
2684 4827 2904 4900 Χριστῷ
2932 4829 3277 4903 ζωοποιήσις.
3303 4831 3418 4885 Οὐκ
3442 4830 3624 4903 έχουσι
3648 4833 3749 4905 τὴν

2164 4915 2357 4983 ὕδατος
2417 4918 2587 4990 ἰσχύν·
2641 4921 3033 4993 άπομεμένηκε
3072 4921 3180 4993 γὰρ
3220 4924 3349 4994 παρ’
3394 4923 3578 4989 αὐτοῖς
3617 4924 3747 4978 άνα-

2166 5009 2422 5074 πόνιπτος
2447 5012 2712 5084 ἁμαρτία.
2736 5014 2850 5066 Οὐκ
2877 5013 3248 5067 είσελάσουσιν
3268 5015 3351 5078 εἰς
3370 5013 3470 5087 τὴν
3502 5013 3748 5087 οὐρανῶν

2172 5103 2463 5176 βασιλείαν,
2511 5105 2603 5158 τὸν
2648 5105 3028 5174 είσκομίζοντα
3061 5106 3295 5178 Χριστὸν
3346 5108 3743 5177 ἀτιμάσαντες⁴

2168 5194 2229 5248 οὖ
2261 5194 2377 5266 γὰρ
2419 5194 2699 5249 ἐπίστευον
2725 5194 2957 5263 λέγοντι·
2992 5214 3010 5247 ι
3060 5193 3203 5264 Ἐγώ
3251 5197 3367 5266 είμι
3412 5197 3445 5267 ή
3486 5196 3623 5261 ὁδὸς,
3650 5196 3748 5251 καὶ

2170 5286 2280 5356 ἐγώ
2305 5289 2422 5358 είμι
2461 5288 2495 5355 ἡ
2531 5285 2689 5359 θύρα.
2725 5306 2743 5339 ι
2789 5285 3006 5357 Ἀφελεῖ
3048 5287 3105 5341 δὲ
3144 5287 3348 5359 ὁμοίως
3388 5289 3619 5358 γίγαντα
3652 5288 3749 5341 καὶ

2175 5379 2444 5450 ἰσχύοντα.
2476 5375 2608 5432 Εἶτα
2631 5380 2715 5444 τίς
2751 5379 2780 5432 ὁ
2808 5379 3000 5449 γίγας;
3024 5378 3107 5443 τίς
3138 5378 3196 5433 δὲ
3229 5381 3326 5433 καὶ
3349 5380 3379 5434 ό
3407 5381 3624 5451 ἕτερος
3651 5375 3748 5435 θῖ-

2174 5488 2271 5542 μαι
2296 5471 2359 5543 δὴ
2397 5466 2489 5526 οὖν
2511 5471 2687 5541 ἔγωγε
2728 5471 2960 5541 γίγαντα
3012 5472 3111 5543 μὲν
3129 5472 3414 5544 ὀνομάζειν
3433 5473 3524 5527 τὸν
3546 5475 3628 5536 είς
3654 5472 3750 5543 λῆ-
3844 5518 3853 5529 κ

2173 5561 2253 5627 ξιν
2284 5562 2465 5633 ίσχύος
2493 5562 2697 5633 ἥκοντα
2731 5562 2830 5633 τῆς
2857 5564 3254 5634 πνευματικῆς,
3284 5564 3535 5636 ἰσχύοντα
3569 5564 3625 5618 δὲ
3656 5563 3749 5616 τὸν

2171 5739 2367 5795 l5.l.i.
2444 5737 2894 5805 '“Mattlt.tv,4.
2971 5740 3012 5771 ’τ
3040 5736 3081 5795 ll
3109 5738 3232 5796 Cor.
3260 5739 3451 5808 ειμι.
3529 5737 3748 5798 πίοιμι.
