4100 6470
363 344 431 400 97
1564 352 1627 407 IN
1669 350 1905 407 ISAIAM
1944 351 1965 405 ι

2066 389 2073 406 .
2120 352 2159 407 Ι.
2203 353 2415 410 ΘΚΛΤ.
2453 356 2524 411 ﬂ.
3600 372 3666 427 98

363 468 760 540 ὑποδεσηκότα
811 468 1008 541 βραχὺ,
1049 474 1142 526 καὶ
1182 473 1280 543 τῆς
1328 474 1385 525 ἐν
1433 472 1630 540 ἐκείνῳ
1682 471 1965 543 νοουμένης

2088 488 2339 528 mensura
2375 476 2561 546 gratia:
2594 492 2623 531 a
2663 478 2769 535 ι)ιό
2795 481 2917 536 data
2953 492 3054 537 est.
3088 485 3266 555 Atque
3307 488 3410 543 ltoc
3442 493 3663 561 perspi-

364 560 652 633 ὑπεροχῆς
721 560 1061 632 ἡττώμενον.
1120 563 1370 633 Ἑκάστῳ
1414 562 1524 636 γὰρ
1570 562 1728 636 ἡμῶν
1772 563 1980 616 δέδοται

2082 580 2244 621 cuum
2296 568 2454 622 nobis
2491 571 2667 626 reddit
2696 575 3130 641 sapientissimus
3166 578 3393 647 Paulus,
3432 583 3660 640 dicens:

361 653 518 724 παρὰ
556 651 701 706 Θεοῦ
755 654 982 725 χάριτος
1024 654 1246 727 μέτρον.
1286 654 1459 709 Τοῦτο
1505 658 1636 727 ἡμῖν
1679 655 1911 728 ἐναργὲς
1951 659 1965 709 ί

2087 674 2106 707 ι
2140 655 2277 712 Volo
2299 667 2477 713 autem
2504 675 2696 716 omnes
2722 664 2971 720 homines
2998 682 3119 723 esse
3148 668 3292 725 sicut
3310 681 3366 726 et
3389 688 3664 744 egosum;

362 746 684 816 σορόντατος
698 746 915 814 Παῦλος
932 748 1247 821 καθίστησι.
1266 750 1459 818 λέγων·
1485 768 1502 801 t
1526 749 1680 803 Θέλω
1693 749 1749 803 δὲ
1771 750 1979 815 πάντας

362 838 694 911 ἀνθρώπους
716 836 861 894 εἶναι
887 840 966 905 ὡς
993 844 1089 896 καὶ
1122 842 1359 913 ἐμαυτόν
1376 859 1395 877 ο
1425 841 1785 905 ἀλλ’ἐκαστος
1819 841 1977 912 ἡμῶν

370 933 499 987 ἴδιον
519 933 637 1002 ἕχει
661 933 917 1005 χάρισμα
938 933 1049 988 ἀπὸ
1062 934 1218 999 Θεοῦ,
1239 936 1267 989 ὁ
1289 935 1388 1006 μὲν
1404 933 1597 999 οὕτως.
1616 935 1646 987 ὁ
1663 934 1720 987 δὲ
1734 933 1927 997 οὕτως.
1951 953 1970 986 ι

364 1023 531 1087 ’Ἔθος
559 1024 622 1077 δὲ
672 1023 774 1077 καὶ
823 1024 1031 1094 ἑτέρως
1076 1029 1143 1097 τῇ
1200 1025 1547 1098 θεοπνεύστῳ
1598 1028 1815 1099 Γραφῇ,
1847 1027 1975 1089 τοὺς

362 1112 505 1180 ἄγαν
545 1113 1019 1178 εὐσθενεστάτους
1051 1116 1317 1184 γίγαντας
1353 1117 1672 1172 ἀποκαλεῖν.
1703 1116 1812 1169 Καὶ
1839 1114 1973 1185 γοῦν

362 1206 466 1277 ἔτη
497 1224 604 1261 που
638 1207 781 1270 Θεὸς
809 1208 941 1279 περὶ
968 1206 1079 1261 τῶν
1113 1211 1177 1262 ἐκ
1207 1208 1528 1273 Βαϐυλῶνος
1569 1226 1974 1280 καταστρατευ-

363 1298 578 1352 σάντων
589 1297 693 1369 τῆς
716 1297 991 1352 Ἰουδαίων
1017 1298 1220 1372 χώρας·
1242 1318 1261 1351 ι
1280 1298 1541 1367 Γίγαντες
1556 1298 1808 1370 ἔρχονται
1834 1297 1974 1367 πλη-

2084 762 2275 803 verum
2309 752 2687 821 unusquisque
2710 766 2951 811 nostrum
2980 759 3255 828 peculiare
3279 762 3443 819 habet
3464 766 3665 823 donum

2079 851 2108 890 a
2142 836 2276 906 Deo,
2310 839 2398 896 hic
2416 842 2634 910 quidem
2667 844 2767 913 sic,
2793 846 2931 903 alius
2952 864 3080 905 vero
3110 852 3191 908 sic
3214 855 3302 913 η’.
3329 874 3350 908 ι
3375 857 3470 912 Est
3487 859 3664 915 etiam

2078 928 2351 987 familiare
2412 933 2712 1005 Scriptura:
2756 938 3016 998 divinitus
3061 944 3368 1015 inspiratze,
3413 951 3665 1021 gigantes

2080 1022 2282 1093 alioqui
2328 1025 2602 1094 appellare
2633 1043 2729 1086 eos
2759 1031 2850 1101 qui
2881 1043 3007 1087 sunt
3046 1036 3435 1096 robustissimi.
3474 1042 3662 1112 Siqui-

2075 1116 2196 1169 dem
2223 1117 2360 1179 dixit
2383 1119 2449 1172 de
2478 1120 2562 1174 his
2578 1119 2898 1192 Babyloniis
2918 1124 3027 1199 54
3042 1127 3131 1196 qui
3152 1126 3462 1186 Iudaeorum
3484 1135 3664 1205 regio-

2075 1220 2196 1260 nem
2227 1221 2624 1281 expugnarant,
2659 1232 2680 1265 ‹
2704 1212 2965 1286 Gigantes
2998 1221 3301 1277 veniuntad
3331 1225 3659 1294 explendum

2071 1294 2314 1354 furorem
2334 1316 2535 1368 meum,
2557 1306 2855 1373 gaudentes
2886 1309 3046 1365 simul
3076 1322 3130 1366 et
3170 1314 3514 1373 insultantes.
3540 1338 3562 1369 θ
3589 1319 3662 1376 Et

362 1390 542 1462 ρῶσαι
564 1392 662 1446 τὸν
676 1390 851 1461 θυμόν
875 1408 1000 1462 μου,
1022 1391 1307 1463 χαίροντες
1336 1391 1455 1462 ἅμα
1482 1390 1575 1444 καὶ
1592 1388 1927 1462 ὑϐρίζοντες.
1944 1407 1962 1441 ι

2072 1384 2553 1460 Psalmigrapltus:
2588 1411 2605 1443 ι
2631 1394 2940 1451 Exsultabit
2963 1408 3019 1451 nt
3046 1401 3198 1469 gigas
3229 1404 3296 1457 ad
3328 1407 3658 1462 currendum

364 1483 477 1536 Καὶ
516 1483 628 1554 μὴν
661 1485 760 1539 καὶ
794 1482 1173 1566 ὀΨαλμῳδὸς·
1199 1503 1218 1535 t
1260 1482 1768 1552 Ἀγαλλιάσεταιὼς
1804 1482 1965 1551 γίγας

2072 1478 2214 1531 viam
2239 1496 2392 1534 suam
2413 1481 2480 1535 ³⁸.
2504 1502 2523 1534 ›
2547 1483 2660 1539 Nec
2685 1496 2806 1540 erat
2832 1489 2969 1557 apud
2990 1487 3208 1547 Judacos
3228 1494 3457 1550 bellator
3473 1496 3553 1553 vel
3574 1497 3659 1566 juo

357 1576 596 1649 δραμεῖν
625 1576 748 1631 ὁδὸν
790 1562 982 1630 αὑτοῦ.
1013 1595 1037 1628 ο
1070 1576 1184 1629 Οὐκ
1224 1576 1377 1629 ἔσται
1406 1573 1463 1628 δὲ
1498 1574 1650 1646 παρά
1677 1576 1791 1637 τοῖς
1831 1574 1965 1627 Ἰου-

2069 1566 2194 1623 des.
2214 1566 2323 1624 Nos
2344 1570 2485 1625 enim
2514 1573 2606 1643 qui
2634 1574 2737 1628 lide
2758 1573 3047 1631 Dominum
3079 1579 3341 1634 virtutum
3371 1562 3656 1652 coluimus,

358 1669 536 1733 δαίοις
566 1670 632 1723 οὐ
668 1669 1030 1740 πολεμιστὴς,
1061 1670 1124 1723 οὐ
1157 1669 1440 1738 δικαστής.
1487 1668 1679 1738 Ἡμεῖς
1725 1666 1827 1738 μὲν
1855 1667 1965 1740 γὰρ

2068 1660 2137 1714 ab
2161 1676 2227 1716 eo
2251 1664 2467 1719 nervosi
2495 1667 2771 1721 reddimur
2795 1685 2808 1721 :
2832 1678 2882 1723 ct
2908 1669 3087 1725 idonei
3105 1668 3372 1728 eiiicimur
3397 1675 3465 1728 ad
3487 1689 3658 1746 oppu-

359 1763 410 1814 οί
436 1764 505 1831 τῇ
537 1761 723 1815 πίστει
754 1761 1118 1832 τετιμηκότες
1153 1760 1244 1815 τὸν
1271 1759 1381 1814 τῶν
1408 1758 1693 1830 δυνάμεων
1734 1760 1960 1833 Κύριον,

2067 1756 2343 1825 gnandum
2380 1773 2577 1828 pravas
2617 1759 2968 1830 impurasque
3011 1772 3328 1832 potestates.
3371 1785 3392 1819 ι
3425 1762 3540 1823 Nec
3572 1777 3657 1825 est

358 1854 709 1927 νευρούμεθα
760 1856 892 1926 παρ’
924 1851 1115 1917 ἀύτοῦ,
1146 1854 1242 1907 καὶ
1282 1853 1456 1907 ἱκανοὶ
1486 1852 1623 1924 πρὸς
1648 1852 1963 1907 ἀντίστασιν

2066 1842 2209 1900 enim
2248 1845 2407 1902 nobis
2445 1847 2586 1904 lucta
2632 1853 2893 1906 adversus
2944 1854 3263 1923 sanguinem
3311 1865 3368 1912 et
3408 1872 3653 1924 carnem,

355 1944 634 1997 ἀποτελού
644 1944 809 2015 μεθα,
834 1945 936 2015 τὴν
964 1944 1105 2016 πρός
1123 1961 1186 2013 γε
1215 1943 1314 2009 τὰς
1337 1943 1582 2014 πονηρὰς
1604 1942 1697 1996 καὶ
1719 1943 1963 2016 ἀκαθάρ-

2066 1937 2159 1992 sed
2190 1939 2452 1996 adversus
2486 1941 2844 2012 principatus,
2881 1953 2935 2000 et
2965 1946 3231 2003 adversus
3272 1951 3652 2017 auctoritates,

354 2052 486 2099 τους
538 2035 826 2105 δυνάμεις.
864 2056 882 2086 ι
926 2034 1003 2089 Οὐ
1046 2034 1157 2106 γάρ
1207 2036 1357 2088 ἐστιν
1398 2035 1532 2105 ἡμῖν
1558 2036 1592 2106 ή
1627 2033 1774 2104 πάλη
1825 2034 1963 2106 πρὸς

2066 2029 2325 2087 adversus
2359 2033 2548 2089 mundi
2583 2035 2852 2105 dominos,
2881 2047 3122 2094 rectores
3151 2041 3520 2108 tenebrarum,
3555 2045 3654 2099 ad-

352 2121 502 2198 αἷμα
556 2128 656 2180 καὶ
709 2128 912 2199 σάρκα,
950 2126 1088 2181 ἀλλά
1130 2127 1266 2199 πρὸς
1313 2126 1414 2190 τὰς
1454 2127 1648 2198 ἀρχὰς,
1682 2127 1817 2199 πρὸς
1861 2128 1963 2192 τὰς

2066 2139 2254 2179 versus
2276 2126 2582 2193 spiritualia
2610 2129 2866 2199 nequitia:
2888 2129 2941 2184 in
2967 2131 3286 2187 caelestibus
3305 2132 3374 2187 ³¹.
3394 2152 3422 2186 Δι
3444 2132 3653 2200 Quibus

351 2218 636 2285 ἐξουσίας,
660 2217 798 2290 πρὸς
818 2217 946 2282 τοὺς
964 2217 1414 2290 κοσμοκράτορας
1428 2217 1522 2271 τοῦ
1545 2218 1769 2283 σκότους
1786 2236 1799 2249 ⁸
1825 2219 1962 2291 πρὸς

2066 2214 2282 2287 iustitia:
2313 2218 2481 2274 armis
2514 2220 2786 2287 instructi,
2822 2229 2877 2276 ct
2902 2231 3182 2278 armatura
3213 2222 3482 2293 spirituali
3513 2239 3650 2296 prae-

352 2312 425 2365 τά
453 2310 817 2382 πνευματικά
851 2311 954 2381 τῆς
996 2311 1263 2382 πονηρίας
1288 2312 1347 2364 ἐν
1382 2312 1495 2373 τοῖς
1536 2311 1896 2382 ἐπουρανίοις.
1936 2328 1954 2362 ›

2066 2306 2185 2371 diti,
2222 2306 2636 2379 intelligibiliter
2666 2311 2992 2367 resistimus.
3028 2312 3271 2380 Quorum
3307 2316 3472 2372 etiam
3508 2318 3651 2375 divi-

353 2398 455 2467 Οἷς
480 2400 870 2473 ἀνθιστάμεθα
893 2400 1104 2472 νοητῶς
1133 2403 1245 2464 τοῖς
1276 2400 1376 2471 τῆς
1399 2399 1746 2463 δικαιοσύνης
1775 2398 1962 2463 ὅπλοις

338 2495 791 2569 ἐνηρμοσμένοι,
828 2494 925 2549 καὶ
965 2493 1297 2564 παντευχίαν
1333 2492 1550 2564 ἔχοντες
1587 2493 1686 2563 τὴν
1710 2509 1959 2563 πνευμα-

351 2590 544 2661 τικήν.
572 2586 680 2642 τΩν
736 2588 835 2643 καὶ
878 2590 908 2642 ὁ
932 2587 1220 2650 Θεσπέσιος
1269 2586 1482 2651 Παῦλος
1533 2584 1959 2658 διαμνημονεύει

351 2679 536 2750 λέγων
553 2697 566 2709 ’
592 2700 616 2732 ι
640 2679 815 2751 Στῆτε
843 2674 938 2733 οῦν
955 2677 1388 2750 περιεζωσμένοι
1409 2679 1507 2749 τὴν
1523 2679 1695 2747 ὀσφὺν
1721 2679 1750 2732 ὑ
1759 2679 1875 2749 μῶν
1903 2681 1960 2732 ὲν

349 2772 612 2845 ἀληθείᾳ.
653 2791 673 2824 ι
708 2773 818 2826 Καὶ
844 2772 915 2826 τὰ
940 2771 1068 2841 ἑξῆς
1087 2790 1099 2802 ·
1122 2790 1145 2822 4
1164 2770 1246 2825 Τά
1266 2770 1376 2842 γάρ
1395 2771 1534 2825 ὅπλα
1558 2772 1715 2842 ἡμῶν
1736 2773 1801 2827 οὐ
1835 2791 1961 2843 σαρ-

351 2866 516 2928 κικὰ,
558 2864 699 2918 ἀλλὰ
726 2863 932 2917 δυνατά
978 2863 1059 2935 τῷ
1090 2862 1241 2933 Θεῷ·
1293 2865 1388 2918 καὶ
1418 2866 1475 2918 ὲν
1509 2866 1674 2935 σαρκὶ
1722 2883 1961 2936 περιπα-

352 2958 605 3022 τοῦντες,
633 2957 696 3010 οὐ
719 2956 863 3010 κατὰ
895 2955 1077 3027 σάρκα
1103 2955 1536 3027 στρατευόμεθα.
1566 2975 1587 3009 s
1614 2956 1772 3030 Παρὰ
1809 2957 1867 3011 δέ
1896 2976 1961 3027 γε

351 3052 470 3112 τοῖς
523 3047 825 3114 Ἰουδαίοις,
876 3047 1057 3111 οὐδεὶς
1104 3047 1345 3111 τοιοῦτός
1404 3049 1598 3104 ποθεν
1646 3050 1851 3121 ἀμαχεὶ
1902 3049 1959 3103 δὲ

2064 2414 2165 2452 nus
2199 2397 2400 2464 Paulus
2429 2402 2765 2457 mentionem
2796 2402 2949 2470 fecit,
2983 2404 3169 2462 dicens
3202 2425 3216 2463 :
3253 2425 3273 2460 ο
3306 2406 3459 2465 State
3486 2410 3651 2482 igitur

2062 2488 2225 2544 cincti
2273 2490 2474 2547 lumbis
2512 2494 2711 2548 vestris
2750 2494 2803 2549 in
2843 2495 3073 2550 veritate
3097 2496 3163 2551 ³⁸.
3198 2515 3225 2549 ,ι
3264 2498 3332 2552 Ει
3364 2514 3484 2568 qua:
3522 2512 3653 2558 sunt

2061 2581 2364 2653 deinceps:
2396 2601 2415 2635 ι
2455 2592 2621 2638 Arma
2663 2586 2807 2641 enim
2858 2598 3042 2643 nostra
3090 2604 3198 2644 non
3235 2591 3512 2659 carnalia,
3552 2595 3649 2651 sed

2064 2676 2304 2744 potentia
2358 2676 2488 2743 Dei;
2525 2688 2579 2733 et
2616 2678 2667 2732 in
2710 2694 2876 2734 carne
2924 2679 3296 2749 ambulantes,
3346 2698 3452 2739 non
3493 2686 3648 2754 juxta

2063 2782 2280 2823 carnem
2334 2768 2632 2826 militamus
2656 2770 2723 2826 ³³.
2770 2789 2790 2823 ι
2829 2771 2981 2841 Apud
3020 2770 3247 2829 «Iudaeos
3290 2789 3444 2845 vero,
3488 2793 3653 2837 nemo

2062 2857 2330 2930 ejusmodi
2378 2876 2613 2932 unquam
2661 2861 2797 2927 fuit,
2845 2864 2940 2919 sed
2985 2866 3123 2919 citra
3169 2882 3405 2939 pugnam
3448 2872 3651 2927 cedunt

2064 2952 2345 3007 victoriam
2376 2955 2521 3009 omni
2556 2954 2868 3025 ingruenti,
2915 2956 3140 3026 suisque
3186 2959 3324 3015 adeo
3365 2959 3647 3018 indomitis

2066 3044 2451 3115 voluptatibus.
2466 3045 2583 3103 Nec
2604 3063 2932 3121 quemquam
2961 3062 3181 3121 nOrunt,
3205 3054 3296 3123 qui
3324 3064 3474 3113 recte
3494 3058 3651 3114 novit

350 3142 556 3214 ὥσπερ
598 3140 1033 3214 παραχωροῦσιν
1065 3141 1152 3195 ἀεὶ⁵
1196 3141 1258 3195 τὸ
1296 3142 1452 3212 νικᾷν
1482 3141 1645 3195 παντὶ
1680 3140 1758 3214 τῷ
1794 3160 1960 3217 προσ-

2066 3136 2335 3207 iudicare,
2379 3140 2461 3194 vel
2511 3140 2564 3194 in
2599 3144 2761 3198 rebus
2798 3143 2850 3196 in
2895 3145 3078 3200 animo
3094 3146 3324 3216 positis,
3355 3147 3438 3204 vel
3474 3149 3647 3205 etiam

353 3233 636 3300 δάλλοντι,
671 3235 767 3288 καὶ
796 3236 918 3299 ταῖς
964 3232 1118 3305 σφῶν
1164 3233 1344 3288 αὐτῶν
1381 3234 1696 3298 ἀτιθάσσοις
1723 3234 1957 3306 ἡδοναῖς.

352 3325 482 3380 Οὐδ’
521 3324 592 3382 ἂν
628 3323 786 3396 εὕροι
830 3341 919 3390 τις
973 3325 1107 3396 παρ’
1139 3324 1324 3390 αὐτοῖς
1359 3324 1450 3379 τὸν
1500 3324 1680 3379 εἰδότα
1715 3323 1960 3388 δικάζειν

351 3417 559 3491 ὀρθῶς,
590 3417 626 3488 ἢ
656 3419 772 3482 τοῖς
804 3418 886 3482 είς
910 3416 1039 3471 νοῦν
1073 3416 1370 3488 κειμένοις,
1405 3418 1575 3489 ἤγουν
1605 3420 1718 3480 τοῖς
1764 3416 1961 3484 ἔξωθεν

353 3510 454 3564 καὶ
482 3509 770 3581 βιωτικοῖς
796 3507 1143 3579 πράγμασιν.
1193 3507 1549 3580 Είστρέχουσι
1599 3506 1699 3578 μὲν
1730 3506 1838 3579 γάρ
1869 3508 1960 3561 τὸν

349 3600 706 3675 ἀνθρώπινον
757 3600 885 3655 νοῦν
924 3601 1143 3657 ἐκτοποί
1186 3619 1246 3656 τε
1298 3601 1392 3656 καὶ
1446 3602 1674 3674 πονηροὶ
1728 3599 1962 3669 διαλογι-

353 3693 513 3766 σμοὶ,
549 3694 648 3747 καὶ
689 3693 863 3758 δεινὸς
895 3692 1226 3764 ἀκαθάρτων
1276 3690 1583 3765 ἐπιθυμιῶν
1605 3693 1840 3765 διακυκᾷ
1873 3693 1959 3745 θό-

354 3786 546 3859 ρυὸος·
580 3786 720 3844 ἀλλὰ
754 3785 852 3842 τοῦ
885 3787 985 3859 μὲν
1040 3786 1209 3858 σοφοῦ
1262 3787 1358 3843 καὶ
1401 3786 1680 3852 ἐπιεικοῦς
1729 3786 1960 3859 ἕστηκεν

350 3881 382 3934 ὁ
412 3879 567 3944 νοῦς,
600 3876 695 3933 οἷά
724 3896 808 3943 τις
846 3880 1042 3951 κριτὴς
1070 3879 1380 3951 δοκιμάζων
1420 3880 1646 3945 ἕκαστα,
1671 3881 1781 3946 ,καὶ
1815 3897 1959 3951 περ·

351 3972 688 4041 αιτούμενος
744 3972 842 4044 μὲν
886 3972 949 4025 τὸ
1001 3972 1203 4042 φαῦλον
1231 4013 1245 4037 ,
1303 3973 1532 4044 ἀρρήτῳ
1577 3972 1633 4026 δὲ
1670 3972 1838 4045 ψήφῳ
1899 3975 1959 4028 τὸ
1999 3998 2010 4010 ι

353 4067 635 4139 χρήσιμον
679 4065 986 4136 στεφανῶν.
1038 4065 1482 4134 Ἀνεπιτήδευτον
1528 4065 1809 4129 παντελῶς
1863 4068 1959 4121 καὶ

349 4158 517 4217 τοῦτο
539 4159 663 4211 ἐστι
716 4157 871 4230 παρά
908 4173 973 4225 γε
1013 4159 1124 4220 τοῖς
1165 4155 1433 4209 Ἰουδαίων
1476 4156 1689 4228 δήμοις.
1724 4157 1798 4209 Οὐ
1848 4157 1958 4229 γάρ

350 4254 473 4309 ἐστι
510 4250 635 4322 μετ’
671 4248 853 4307 αὐτῶν
879 4252 908 4304 ὁ
944 4250 1040 4303 καὶ
1079 4250 1212 4321 πρὸς
1244 4248 1405 4302 τοῦτο
1432 4251 1583 4320 ἡμᾶς
1625 4249 1951 4305 ἀπευθύνων

351 4344 512 4408 Θεὸς,
546 4342 667 4400 ἀλλ’
709 4341 825 4397 οὐδ’
869 4342 937 4396 ἂν
966 4343 1016 4396 εί
1052 4341 1143 4397 καί
1188 4341 1371 4395 τιτῶν
1422 4340 1621 4406 ἔξωθεν
1656 4342 1977 4413 διαγυμνάι--

351 4437 504 4502 ζοιτὸ
531 4422 678 4499 πωςξ
712 4433 1035 4509 δοκιμάζειν
1066 4434 1212 4488 ἴσασι
1240 4434 1302 4488 τὸ
1346 4435 1666 4507 ἀμωμήτως
1698 4434 1820 4508 ἔχον
1860 4436 1958 4490 καὶ

2065 3232 2327 3296 estet-nis,
2358 3240 2410 3285 et
2437 3232 2505 3285 ad
2540 3232 2704 3286 vitam
2725 3232 3153 3301 pertinentibus.
3180 3233 3472 3295 lncursant
3502 3243 3649 3296 enim

2064 3322 2361 3377 humanam
2404 3331 2642 3378 mentem
2687 3324 2896 3379 vitiosa:
2927 3336 2985 3381 et
3019 3327 3326 3397 depravatae
3366 3330 3648 3399 cogitatio-

2063 3432 2186 3484 nes,
2218 3427 2272 3471 et
2307 3416 2489 3487 gravis
2524 3414 2926 3473 immundarum
2958 3420 3317 3489 cupiditatum
3350 3420 3646 3478 tumultua-

2067 3509 2142 3564 tio
2178 3507 2492 3574 cnnfundit,
2537 3508 2650 3564 imo
2694 3522 2724 3562 a
2774 3509 3061 3579 prudentia
3098 3521 3153 3567 et
3193 3512 3456 3569 modestia
3494 3529 3649 3570 mens

2061 3607 2285 3672 excidit,
2319 3621 2439 3676 quae
2463 3608 2612 3662 velut
2638 3604 2806 3675 judex
2836 3605 3105 3676 quaepiam
3134 3606 3386 3676 explorat
3413 3607 3648 3679 singula,

2063 3699 2266 3753 malum
2308 3697 2633 3767 repudians,
2672 3698 2879 3768 optimo
2921 3697 3130 3754 calculo
3178 3698 3311 3755 utile
3359 3714 3647 3759 coronans.

2061 3787 2179 3844 Hoc
2212 3800 2391 3843 tamen
2424 3804 2452 3842 a
2484 3787 2711 3844 Iudaico
2737 3790 2932 3858 populo
2958 3789 3183 3845 omnino
3210 3789 3514 3862 neglectum
3539 3804 3645 3852 est.

2059 3878 2180 3936 Non
2226 3881 2371 3935 enim
2421 3891 2505 3937 est
2556 3896 2679 3936 cum
2729 3881 2870 3947 illis,
2901 3882 2992 3953 qui
3041 3882 3107 3938 ad
3145 3882 3251 3939 boc
3282 3898 3389 3940 nos
3433 3883 3645 3957 dirigit,

2058 3972 2230 4029 Deus.
2259 3971 2368 4028 Sed
2394 3989 2493 4029 nec
2526 3973 2571 4030 si
2596 3973 2725 4044 quid
2755 3989 2935 4030 rermn
2957 3984 3306 4031 externarum
3333 3986 3646 4042 exercetur,

2060 4065 2292 4137 probare
2316 4066 2497 4121 sciunt
2533 4065 2664 4135 quid
2691 4066 3171 4136 irreprehensibile
3193 4108 3208 4134 ,
3244 4069 3374 4139 quid
3405 4068 3518 4125 Deo
3550 4083 3647 4124 ac-

2059 4166 2279 4227 ceptum
2320 4156 2413 4212 sit.
2439 4155 2540 4223 Qui
2571 4155 2715 4212 enint
2763 4155 2967 4210 scirent
2999 4170 3189 4211 verum
3234 4155 3375 4227 legis
3420 4170 3645 4226 scopum

2061 4249 2139 4315 lii,
2168 4250 2257 4319 qui
2308 4248 2672 4320 lt'gislatorem
2710 4246 3358 4318 olfenderunt‘lEamque
3395 4247 3466 4304 ob
3504 4263 3645 4315 rem,

2059 4341 2207 4396 Omni
2268 4336 2656 4408 intelligentia,
2699 4349 2981 4391 sacrarum
3022 4335 3244 4406 inquam
3288 4334 3645 4405 Litterarum,

2062 4432 2258 4505 privati
2289 4440 2414 4487 sunt
2448 4428 2592 4485 haud
2622 4428 2918 4485 immerito.

349 4534 597 4606 ἀρέσκον
643 4531 772 4607 Θεῷ
789 4548 805 4563 ·
856 4531 975 4596 πῶς
1007 4531 1114 4605 γὰρ
1145 4530 1336 4588 εἰδεῖεν
1385 4530 1474 4584 τὸν
1503 4530 1706 4605 ἀκριϐῆ
1738 4531 1831 4587 τοῦ
1860 4533 2025 4606 νόμου
2066 4530 2293 4594 σκοπὸν,
2322 4528 2371 4581 oi
2419 4524 2497 4597 τῷ
2550 4523 2816 4596 νομοθέτῃ
2861 4522 3369 4596 προσκεκρουκότες
3389 4562 3406 4589 ,
3443 4523 3647 4597 ταύτης

348 4647 409 4687 τε
447 4630 619 4687 ἕνεκα
670 4628 772 4701 τῆς
805 4629 987 4693 αἰτίας
1036 4627 1307 4691 συνέσεως
1349 4626 1590 4709 ἁπάσης,
1634 4631 1735 4700 τῆς
1789 4629 1884 4685 ἐπί
1918 4629 1984 4700 γέ
2018 4646 2165 4702 φημι
2201 4628 2315 4689 τοῖς
2351 4625 2516 4693 ἱεροῖς
2545 4619 2867 4693 Γράμμασι,
2903 4617 3127 4684 δικαίως
3155 4618 3551 4693 ὲστερημένοι;

435 4814 689 4887 ’Δερελεῖ
712 4813 784 4872 δὲ
812 4814 1049 4883 ὁμοίως,
1100 4813 1258 4883 φησὶ,
1313 4815 1463 4880 πρὸς
1504 4816 1694 4877 τούτῳ
1731 4811 1963 4883 προφή-

2140 4809 2306 4865 Veas.
2346 4805 2466 4860 2-4.
2516 4803 2733 4873 Auferet
2780 4802 2939 4856 etiam
2980 4807 3255 4870 praeterea,
3298 4798 3496 4868 inquit,
3525 4814 3644 4868 pra-

352 4923 490 4975 την,
533 4906 637 4961 καὶ
669 4901 1049 4972 στοχαστὴν,
1082 4901 1183 4955 καὶ
1222 4902 1650 4970 πρεσϐύτερον,
1682 4899 1784 4956 καί
1828 4914 1965 4955 πενς

355 4999 812 5067 τηκόνταρχον,
875 4994 981 5048 καὶ
1028 4994 1377 5062 θαυμαστὸν
1420 4992 1805 5062 σύμϐουλον,
1863 4992 1965 5046 καί

350 5090 559 5158 σοφὸν
605 5084 1025 5155 ἀρχιτέκτονα,
1075 5086 1172 5138 καὶ
1206 5084 1472 5138 συνετὸν
1505 5082 1831 5151 ἀκροατήν-ο
1862 5083 1963 5137 καί

346 5175 676 5243 ἐπιστήσω
712 5175 1080 5240 νεανίσκους
1124 5172 1425 5242 ἄρχοντας
1453 5168 1674 5234 αὐτῶν,
1722 5170 1820 5225 καὶ
1860 5171 1962 5241 ἐμ-

349 5271 602 5327 παῖκται
630 5269 1072 5337 κυριεύσουσιν
1094 5265 1314 5322 αὐτῶν.

422 5366 552 5419 ὐτι
594 5364 697 5435 μὲν
735 5357 831 5417 οῦν
870 5361 1133 5432 ἐξῄρηται
1177 5356 1484 5431 προφητεία
1534 5356 1635 5428 τῆς
1686 5356 1956 5411 Ἰουδαίων

350 5456 716 5527 Συναγωγῆς,
751 5454 856 5509 οὐκ
886 5453 953 5505 ἂν
984 5449 1277 5505 ὲνδοιάσειέ
1313 5467 1418 5514 τις,
1452 5448 1616 5502 αὑτοῦ
1659 5447 1956 5519 διακεκρα-

2060 4901 2272 4970 phetam
2314 4907 2365 4953 et
2410 4896 2779 4964 conjectorem,
2824 4904 2873 4947 et
2920 4891 3200 4958 seniorem,
3245 4900 3294 4945 et
3340 4890 3650 4963 praefectum

2063 4992 2610 5065 quinquagenarium,
2656 4999 2705 5043 et
2760 4986 3127 5042 admirabilem
3168 4986 3559 5053 consiliarium,
3602 4996 3650 5043 et

2064 5083 2361 5150 sapientem
2412 5080 2785 5142 architectum,
2827 5089 2875 5132 et
2923 5092 3149 5148 gnarum
3198 5077 3497 5134 auditorem
3540 5091 3559 5129 :
3602 5087 3650 5135 et

2064 5174 2381 5229 constituam
2407 5170 2823 5228 adolescentulos
2854 5169 3115 5240 principes
3144 5185 3349 5238 eorum,
3383 5179 3430 5223 et
3465 5168 3655 5223 illnso,

2065 5284 2145 5322 res
2180 5264 2597 5323 dominabuntur
2626 5265 2755 5319 illis.

2137 5355 2244 5430 55
2266 5356 2452 5426 Itaque
2472 5354 2808 5426 prophetiam
2835 5367 2902 5408 ex
2936 5350 3159 5409 Judaica
3195 5352 3478 5430 Synaguga
3514 5351 3649 5406 sub.

2066 5447 2231 5502 latam
2256 5464 2399 5512 esse,
2431 5462 2539 5501 non
2579 5458 2663 5503 est
2695 5463 2792 5502 cur
2821 5448 3030 5520 dubitet
3058 5448 3205 5517 quis,
3259 5462 3381 5500 cum
3418 5459 3503 5499 res
3534 5444 3650 5513 ipsa

349 5549 515 5616 γότος
538 5546 635 5601 τοῦ
667 5546 1021 5619 πράγματος.
1042 5544 1105 5597 Oi
1129 5541 1228 5614 μὲν
1254 5541 1365 5614 γὰρ
1389 5540 1650 5611 μακάριοι
1681 5542 1957 5611 προφῆται

2067 5541 2329 5597 clamitel.
2367 5539 2516 5601 Beati
2560 5557 2797 5609 namque
2840 5540 3116 5612 propheta:
3143 5539 3270 5593 olim
3301 5533 3484 5592 Jesum
3514 5550 3643 5606 prae.

349 5639 502 5700 κατά
537 5638 768 5711 καιροὺς
802 5635 1091 5707 γεγονότες
1137 5636 1546 5709 προεκήρυττον
1589 5631 1681 5685 τὸν
1720 5631 1958 5704 Χριστὸν

2068 5632 2410 5692 dicaverunt.
2439 5631 2738 5703 Postquam
2768 5645 2949 5689 autem
2979 5629 3304 5699 completum
3335 5634 3480 5682 esset
3509 5624 3653 5699 quod

425 5805 495 5839 ”'
526 5805 543 5860 ι
575 5804 707 5859 Cor.
741 5817 841 5862 vn.
878 5799 930 5855 7.
1008 5799 1053 5832 ³⁸
1075 5796 1222 5855 Psal.
1250 5809 1405 5863 xvttl,
1436 5794 1489 5852 6.
1567 5793 1609 5826 ³¹
1654 5792 1857 5865 Epheso
1896 5808 1965 5865 νιι

2066 5794 2098 5849 l.
2202 5793 2250 5827 ³⁸
2284 5793 2418 5850 ibid.
2454 5792 2542 5848 H.
2624 5791 2671 5825 ³³
2701 5791 2740 5847 ll
2770 5790 2897 5847 Cur.
2929 5782 3072 5857 1,1,
3100 5788 3138 5844 2
3192 5788 3250 5846 ὅ.
