4100 6536
455 393 525 449 99
1493 381 1550 436 S.
1593 375 1876 432 CYRILLI
1918 368 2390 428 ALEXANDRINI
2434 364 2755 422 ARCIIIEI’.

3634 360 3739 422 l00

453 511 575 562 erat
595 499 1040 573 praenuntiatum,
1063 498 1301 552 venisset
1329 495 1492 549 etiam
1518 493 1652 564 legis
1692 507 1755 546 ac
1797 490 2032 562 prophe-

2153 480 2376 552 Ἰησοῦν.
2438 477 2656 544 Ἐπειδὴ
2705 475 2761 528 δέ
2801 473 3110 526 τετέλεσται
3153 473 3213 526 τὸ
3262 471 3736 544 προηγγελμένον,

458 607 636 650 tarum
668 593 792 646 finis
838 608 851 643 :
887 591 1030 646 Deus
1062 591 1206 644 enim
1239 586 1520 651 Dominus,
1547 585 1848 639 secundum
1891 582 2041 638 Scri-

465 694 679 755 pturas,
721 679 877 735 nobis
899 679 1152 750 apparuit
1188 694 1204 732 :
1242 676 1436 732 deinde
1474 676 1567 730 ubi
1595 675 1650 729 in
1683 689 1809 730 eum
1839 673 2034 728 debac-

457 776 603 834 chati
639 782 783 838 sunt,
826 771 1064 826 cessavit
1099 770 1239 837 apud
1263 784 1359 825 eos
1378 767 1675 839 prephetiae
1694 766 1894 837 gratia.
1923 763 2040 818 Non

457 866 733 921 eratenim
764 872 1229 930 consentaneum,
1265 871 1324 916 ut
1351 901 1366 926 ,
1417 861 1508 930 qui
1545 875 1667 914 cum
1705 858 1813 914 Deo
1842 857 2042 922 bellum

457 966 744 1030 gererent,
781 966 839 1012 et
866 955 1213 1012 dominicidte
1239 963 1447 1018 essent,
1496 965 1798 1021 manusque
1825 949 2045 1019 sangui—

459 1051 616 1106 nibus
644 1049 834 1120 plenas
867 1049 1134 1104 haberent
1161 1090 1175 1112 ,
1232 1045 1535 1117 prophetia:
1579 1044 1776 1115 spiritu
1806 1043 2045 1100 honora-

457 1151 668 1202 rentur.
700 1139 1068 1194 Attestabitur
1117 1152 1249 1193 vero
1296 1137 1381 1192 his
1414 1137 1579 1196 etiam
1615 1137 1808 1192 beatus
1833 1135 2044 1204 Daniel,

457 1233 734 1302 obsignari
781 1232 971 1287 dicens
1027 1231 1295 1286 visionem
1325 1244 1391 1284 ac
1447 1230 1790 1300 prophetam.
1837 1227 2047 1298 Expers

460 1327 648 1395 itaque
695 1323 804 1380 fuit
838 1323 1005 1378 Israel
1047 1324 1184 1377 adeo
1229 1320 1459 1376 illustris
1485 1330 1541 1374 et
1566 1319 1781 1391 inclytae
1811 1319 1998 1389 gratim
2029 1357 2045 1381 .

461 1419 706 1487 adeoque
729 1415 877 1471 rudis
911 1413 1261 1469 fuitetbonee
1279 1411 1479 1466 mentis
1511 1412 1692 1482 inops,
1722 1419 1781 1466 ut
1812 1425 1880 1466 ne
1906 1411 2048 1464 ullus

460 1508 681 1577 quidem
707 1507 847 1577 apud
879 1520 974 1561 eos
997 1505 1279 1574 coniector
1312 1503 1630 1570 exsisteret.
1663 1503 2045 1572 Coujectorem

461 1614 584 1661 cum
617 1611 738 1654 esse
765 1597 1017 1661 dicimus,
1046 1596 1134 1665 qui
1163 1595 1380 1666 singula
1406 1604 1554 1652 recte
1584 1594 1752 1650 veluti
1783 1594 2051 1665 conjecta-

461 1697 584 1755 ret,
639 1686 1043 1756 exploratisque
1089 1686 1307 1742 indiciis
1370 1687 1800 1752 demonstraret,
1836 1694 1891 1740 et
1942 1699 2050 1755 quo

461 1779 697 1850 quidque
722 1787 1009 1834 venturum
1033 1787 1198 1842 esset,
1228 1778 1354 1833 etin
1380 1793 1539 1848 quem
1568 1777 1857 1847 aliquando
1881 1777 2048 1842 finem

461 1885 800 1937 recasurum,
831 1869 1001 1938 probe
1028 1869 1396 1938 dignosceret.
1432 1869 1534 1937 Qui
1570 1870 1715 1924 enim
1740 1869 2051 1924 inconside-

460 1966 578 2021 rate
621 1966 675 2012 et
714 1957 819 2012 levi
850 1957 1059 2027 judicio
1100 1961 1170 2014 ad
1223 1974 1312 2014 res
1347 1959 1584 2028 agendas
1641 1961 1947 2025 accedunt,
1982 1960 2049 2014 ab

461 2046 578 2102 utili
611 2046 864 2113 deviam,
901 2056 958 2103 et
985 2048 1133 2103 velut
1179 2047 1235 2104 in
1277 2049 1516 2104 tenebris
1552 2058 1858 2114 versantur,
1892 2065 1958 2105 ac
1995 2049 2051 2119 in

461 2153 595 2195 saxa
617 2139 946 2211 impingunt.
974 2142 1046 2196 At
1071 2141 1164 2212 qui
1197 2142 1471 2212 exquisita
1500 2143 1816 2214 cognitione
1837 2144 2050 2214 ιιι-αιόίιὶ

461 2239 614 2298 sunt,
642 2241 801 2287 acuto
819 2233 984 2288 oculo
1013 2247 1202 2288 rerum
1227 2243 1454 2300 eventus
1489 2235 1771 2291 intuentur
1800 2254 1814 2290 :
1840 2247 1896 2292 et
1923 2251 2051 2306 pro.-

462 2330 648 2394 pterea
680 2338 785 2379 non
812 2326 936 2380 sine
960 2325 1348 2391 admiratione,
1373 2325 1559 2381 omnia
1591 2328 1838 2397 apposite
1874 2328 2052 2383 admi-

462 2415 721 2470 nistrant.
769 2415 868 2471 Est
897 2424 1078 2479 autem
1128 2416 1220 2472 hic
1265 2417 1424 2473 bona:
1475 2417 1678 2473 mentis
1725 2417 1971 2492 fructus,
1998 2428 2054 2476 et

461 2520 592 2562 vere
629 2507 840 2562 lucrum
872 2521 936 2564 ac
958 2507 1118 2564 fenus
1149 2507 1342 2578 optimi
1371 2508 1607 2570 consilii.
1647 2508 1929 2566 Seniorem
1959 2526 2055 2566 au-

465 2607 573 2654 tem
616 2612 895 2668 vocamus,
945 2614 1052 2656 non
1087 2609 1336 2672 tempore
1362 2600 1604 2674 (plurimi
1629 2603 1774 2658 enim
1801 2604 1941 2674 apud
1961 2603 2056 2670 Ju-

465 2693 613 2749 daros
637 2691 935 2748 etiamnum
967 2702 1120 2764 sunt,
1147 2694 1238 2763 qui
1267 2693 1336 2749 ad
1371 2694 1562 2763 senilis
1580 2695 1756 2750 aetatis
1780 2710 2051 2752 summum

461 2784 830 2856 perveniunt),
881 2793 939 2840 at
972 2785 1331 2857 intelligentia
1381 2796 1438 2842 et
1476 2787 1826 2860 cognitione,
1865 2799 1922 2845 et
1959 2791 2050 2860 qui

462 2879 610 2940 velut
635 2878 798 2934 ﬁnem
845 2893 910 2934 ac
941 2877 1221 2949 fastigium
1268 2880 1573 2950 prudentiae
1615 2880 1801 2951 attigit
1835 2899 1850 2936 :
1879 2883 1965 2952 cui
2000 2892 2055 2938 et

465 2970 661 3033 beatus
701 2966 944 3024 Joannes
985 2970 1253 3043 praecipit,
1294 2970 1480 3027 dicens
1513 2991 1525 3028 :
1565 2991 1584 3024 ι
1621 2971 1814 3028 Scribo
1860 2973 2012 3039 vobis
2037 3015 2052 3042 ,

465 3069 679 3130 patres,
711 3061 839 3131 quia
880 3062 1217 3132 cognovistis
1263 3078 1386 3118 eum
1437 3064 1507 3131 ab
1536 3065 1690 3121 initio
1718 3066 1784 3120 κ.
1823 3085 1846 3123 ι
1884 3067 2053 3124 Senes

465 3166 599 3220 ergo
623 3152 976 3225 intelligimus
1006 3169 1124 3225 eos,
1162 3155 1252 3234 qui
1289 3167 1528 3212 mentem
1556 3158 2050 3226 habentsedatam,
2081 3183 2126 3244 ο

467 3243 562 3314 qui
599 3253 916 3300 constantes
951 3260 1014 3300 ac
1044 3247 1164 3300 cani
1201 3256 1332 3300 sunt
1381 3249 1566 3305 animo
1609 3258 1664 3306 et
1717 3260 1898 3307 mente
1930 3267 2050 3322 pro-

467 3335 709 3391 rectiore
740 3347 796 3392 et
838 3336 1130 3394 adulliore.
1178 3337 1721 3410 Quinquagenarium
1773 3343 2054 3413 appellat,

467 3443 576 3496 non
617 3429 861 3484 absolute
895 3431 1290 3502 quinquaginta
1347 3431 1658 3489 hominibus
1705 3436 2054 3506 praefectum,

468 3518 564 3574 sed
592 3517 754 3572 veluti
787 3533 856 3573 ex
885 3534 991 3574 una
1019 3519 1123 3574 hac
1141 3520 1478 3594 re,quisquis
1495 3521 1820 3593 simpliciter
1847 3539 1912 3580 ac
1941 3541 2058 3581 om-

469 3609 600 3667 nino
643 3608 936 3679 prazfectus
974 3622 1080 3676 est,
1112 3619 1166 3666 et
1192 3614 1347 3682 quasi
1374 3615 1680 3684 composite
1721 3625 1775 3670 et
1802 3618 2055 3677 ordinate

468 3699 678 3753 versari
705 3714 769 3754 ac
804 3699 985 3755 vivere
1024 3702 1315 3770 persuadet
1344 3716 1474 3757 suos
1511 3703 1783 3760 subditos.
1814 3705 2056 3761 Labora-

468 3789 550 3843 vit
577 3798 757 3844 autem
776 3804 904 3844 cum
936 3781 1160 3861 reliquis
1200 3793 1498 3852 rebustum
1523 3800 1578 3853 et
1604 3793 1718 3849 haec
1743 3792 2053 3851 Judzeorum

473 3879 781 3952 Synagoga.
813 3883 1006 3938 Adhuc
1028 3883 1172 3937 enim
1208 3885 1448 3953 quandiu
1479 3900 1601 3940 cum
1633 3887 1740 3942 illis
1765 3897 1908 3943 esset
1937 3903 2057 3942 om-

473 3969 620 4034 nium
645 3980 898 4026 nostrum
931 3971 1194 4033 Servatur
1223 3974 1510 4042 Christus,
1546 3985 1602 4031 et
1630 3991 1728 4048 per
1769 3979 1940 4032 tidem
1989 3979 2055 4035 ad

470 4062 638 4117 vitam
671 4074 931 4129 aeternam
951 4104 967 4131 ,
1002 4073 1056 4126 et
1083 4067 1150 4128 ad
1174 4068 1614 4138 conjunctionem
1655 4085 1778 4124 cum
1811 4071 2056 4160 56‘Dee

473 4164 730 4223 vocaret;
780 4155 1180 4225 fueruntetiam
1234 4169 1348 4214 tum
1399 4162 1539 4230 apud
1587 4177 1680 4217 eos
1710 4155 2054 4226 sacerdotum

471 4246 770 4322 principes,
800 4248 1070 4318 prefecti,
1104 4249 1313 4306 Scriba:
1333 4261 1390 4318 et
1415 4251 1711 4317 Pharisaei:
1736 4265 1786 4309 at
1816 4256 1905 4311 ubi
1930 4272 2054 4312 eum

473 4336 908 4408 interfecissent,
970 4342 1188 4409 miselli.
1247 4345 1303 4400 in
1343 4360 1538 4402 omnes
1595 4358 1788 4410 ventos
1819 4349 2052 4421 dispersi

472 4439 620 4495 sunt,
652 4438 708 4484 et
742 4430 987 4500 hospites
1019 4433 1145 4499 facti
1187 4445 1338 4505 sunt,
1370 4447 1533 4521 atque
1563 4454 1823 4508 errones,
1847 4452 1902 4506 et
1933 4444 2056 4499 ubi-

2148 574 2243 628 καὶ
2284 572 2348 626 τὸ
2373 571 2470 624 τοῦ
2511 570 2678 640 νόμου
2719 565 2952 621 καὶτῶν
2979 565 3274 638 προφητῶν
3319 566 3545 634 ἀφῖκται
3585 565 3739 638 τέλος

2146 663 2416 735 (ἐπεφάνη
2469 662 2579 732 γὰρ
2627 663 2759 731 ἡμῖν
2805 662 2833 714 6
2875 659 3009 722 Θεὸς
3060 660 3156 712 καὶ
3196 658 3422 731 Κύριος,
3457 657 3598 712 κατὰ
3637 658 3740 723 τὰς

2146 753 2411 825 Γραφάς),
2448 749 2570 806 εἶτα
2620 751 3084 823 πεπαρῳνήκασιν
3119 750 3202 813 είς
3234 749 3418 822 αὐτόν·
3461 749 3741 823 πέπαυται

2145 850 2277 917 παρ’
2308 848 2492 910 αὐτοῖς
2521 846 2621 917 τῆς
2647 844 3039 927 προφητείαςή
3067 843 3246 918 χάριςτ
3277 843 3350 913 Οὐ
3383 841 3487 927 γὰρ
3517 837 3586 918 ἦν
3610 842 3742 914 ᾁκότ

2145 938 2334 992 λουθον
2368 937 2670 1009 θεομάχους
2703 929 2864 1000 ὄντας
2908 935 3002 988 καὶ
3035 925 3320 1004 ῦὸριστὰς,
3353 925 3647 1002 γεγονότας
3681 933 3740 1008 δέ

2147 1029 2242 1084 καὶ
2269 1028 2693 1100 κυριοκτόνους,
2739 1027 2834 1082 καὶ
2875 1025 2979 1089 τὰς
3015 1029 3202 1098 χεῖρας
3232 1027 3480 1095 αἱμάτων
3514 1025 3739 1103 ἔχοντας

2148 1121 2397 1193 πλήρεις,
2451 1119 2532 1192 τῷ
2575 1120 2676 1189 τῆς
2723 1119 3066 1189 προφητείας
3124 1117 3386 1188 τιμᾶσθαι
3441 1117 3738 1188 πνεύματι.

2161 1185 2645 1284 Ἐπιμαρτυρήσει-
2670 1210 2728 1284 δέ
2765 1185 2977 1274 τοῦτοις
3015 1210 3110 1263 καὶ
3137 1185 3478 1280 ό-μακάριος
3518 1185 3738 1282 Δανιὴλ,
3767 1185 3804 1267 ἶ,

2149 1304 2520 1378 ἐσφραγίσθαι
2577 1303 2751 1371 λέγων
2794 1303 2984 1382 ὅρασιν
3040 1303 3133 1374 καὶ
3179 1303 3487 1372 προφήτην.
3529 1300 3743 1373 Οὐκοῦν

2149 1381 2418 1468 ἀμέτοχος
2443 1394 2540 1465 τῆς
2565 1392 2708 1448 οὕτω
2736 1387 2998 1465 λαμπρᾶς
3025 1393 3119 1462 καὶ
3157 1392 3556 1467 εὐκλεεστάτης
3581 1392 3743 1463 χάριτ

2148 1507 2241 1554 τος
2282 1490 2511 1558 γέγονεν
2554 1490 2584 1542 6
2627 1488 2865 1560 Ἰσραήλο
2894 1487 3113 1566 ἀμαθὴς
3140 1486 3198 1541 δὲ
3229 1486 3373 1553 οὕτω
3417 1487 3511 1552 καὶ
3548 1483 3742 1559 φρενὸς

2150 1582 2357 1653 iam-th
2391 1581 2624 1652 ἀγαθῆς,
2653 1579 2729 1643 ὡς
2757 1570 2832 1651 μὴ
2870 1576 3009 1634 εἶναι
3034 1579 3166 1650 παρ’
3201 1578 3385 1651 αὐτοῖς
3419 1578 3621 1650 μηδένα
3651 1576 3742 1644 τὸν

2152 1675 2470 1745 στοχαστήν.
2503 1674 2814 1747 Στοχαστὴν
2838 1673 2894 1726 δέ
2925 1668 3067 1726 εἷναί
3092 1656 3274 1742 φαμεν
3292 1671 3385 1725 τὸν
3411 1671 3576 1726 οἱονεὶ
3603 1687 3744 1741 συμ-

2152 1765 2414 1837 ϐάλλοντα
2454 1766 2549 1820 καί
2596 1765 3123 1837 διατεκμαιρόμενον
3165 1763 3341 1835 ὀρθῶς
3382 1763 3592 1819 ἕκαστα
3631 1763 3744 1829 τῶν

2152 1857 2516 1928 πραγμάτων,
2547 1856 2642 1926 καὶ
2669 1857 2791 1908 ὅποι
2837 1855 2968 1908 ποτέ
2996 1853 3138 1924 ἥξει,
3169 1853 3263 1906 καὶ
3306 1854 3386 1915 είς
3418 1854 3570 1905 ποῖον
3606 1867 3742 1903 κατ-

2152 1951 2449 2020 αντήσουσι
2475 1949 2649 2012 τέλος,
2679 1944 2736 2002 εὖ
2769 1947 2914 2019 μάλα
2934 1945 3384 2016 διαγινώσκοντα.
3418 1947 3481 1998 Οἱ
3509 1945 3608 2015 μὲν
3635 1943 3745 2016 γὰρ

2151 2042 2573 2114 ἀπερισκέπτως
2619 2042 2720 2096 καὶ
2763 2040 2828 2114 ἐξ
2857 2039 3115 2112 ἐλαφρῶν
3169 2038 3393 2108 ἐννοιῶν
3439 2037 3747 2109 χωροῦντες

2151 2136 2231 2199 είς
2273 2133 2344 2187 τὰ
2387 2134 2662 2206 πρακτέα,
2693 2125 3120 2206 διαμαρτάνουσι
3158 2133 3268 2188 τῶν
3305 2132 3613 2204 χρησίμων,
3651 2130 3746 2199 καὶ

2152 2227 2227 2291 ὡς
2257 2228 2350 2280 ἐπὶ
2379 2226 2555 2298 σκότῳ
2582 2225 2909 2297 βαδίζοντες,
2937 2225 3186 2297 ἔρχονται
3233 2225 3378 2285 κατὰ
3417 2223 3654 2295 πετρῶν.
3679 2223 3746 2293 0i

2151 2317 2209 2384 δὲ
2229 2317 2480 2389 ἀκριϐεῖς
2509 2310 2593 2381 είς¹
2626 2316 2862 2384 σύνεσιν,
2894 2319 3008 2387 ὀξεῖ
3042 2317 3330 2389 βλέπουσιν
3359 2314 3624 2386 ὀφθαλμῷ

2153 2411 2262 2480 τῶν
2291 2410 2632 2483 πραγμάτων
2653 2410 2932 2480 ἐκϐάσεις,
2958 2411 3069 2481 Καὶ
3092 2411 3232 2464 εἰσὶν
3253 2410 3358 2463 οὐκ
3377 2409 3748 2485 ἀθαύμαστοι,

2153 2505 2241 2570 διὰ
2262 2503 2420 2575 τοῦτο
2441 2504 2620 2557 πάντα
2635 2501 2873 2574 δρῶντες
2895 2503 3276 2575 οἰκονομικῶς.
3295 2503 3495 2576 Φρενὸς
3513 2503 3570 2557 δὲ
3588 2501 3751 2572 τοῦτα

2155 2595 2366 2686 καρπὸς
2395 2594 2630 2668 άγαθῆς,
2667 2594 2764 2648 καὶ
2803 2594 3036 2682 ἀρίστης
3062 2595 3235 2658 ὅντως
3272 2595 3583 2665 ἐπίτευγμα
3615 2594 3746 2664 βου-

2114 2679 2272 2777 1λῆς.
2324 2688 2703 2762 Πρεσϐύτερος]
2769 2679 3055 2760 δέ’φαμεν
3111 2689 3174 2742 οὑ
3226 2688 3317 2741 τὸν
3367 2690 3508 2743 κατὰ
3554 2689 3749 2761 χρόνον

2157 2781 2418 2852 (πλεῖστοι
2451 2783 2560 2854 γὰρ
2599 2785 2717 2836 ὅσοι
2762 2781 2915 2852 παρὰ
2953 2784 3065 2848 τοῖς
3118 2782 3394 2845 Ἰουδαίοις
3445 2783 3612 2836 εἰσέτι
3651 2783 3749 2853 καὶ

2155 2873 2272 2939 νῦν,
2306 2874 2357 2927 οἶ
2393 2875 2490 2929 καὶ
2529 2875 2609 2936 είς
2638 2874 2809 2946 ἄκρον
2843 2873 3040 2945 ἥκουσι
3064 2873 3436 2945 πρεσϐυτικῆς
3476 2874 3745 2946 ἡλικίας),

2156 2966 2294 3038 ᾁλλὰ
2322 2967 2414 3032 τὸν
2437 2966 2582 3020 κατὰ
2609 2965 2845 3038 σύνεσιν²
2868 2954 2962 3020 καὶ
2982 2967 3060 3030 ὠς
3080 2969 3137 3020 ἐν
3161 2968 3462 3040 τελειότητι
3487 2970 3752 3038 γεγονότα

2158 3059 2392 3136 φρενῶν.
2425 3053 2520 3123 Οἷς
2572 3059 2668 3113 καὶ
2712 3060 2742 3112 6
2795 3060 3067 3131 μακάριος
3119 3060 3374 3132 Ἰωάννης
3418 3062 3748 3134 ἐπιστέλλει,

2157 3150 2352 3220 λέγων·
2389 3168 2408 3200 ι
2448 3150 2653 3222 Γράφω
2699 3151 2852 3222 ὑμῖν,
2888 3151 3157 3223 Πατέρες,
3205 3152 3289 3206 ὅτί
3339 3151 3615 3220 ἐγνώκατε

2158 3243 2438 3314 ἁπαρχῆς.
2475 3261 2495 3293 ι
2534 3243 2855 3315 Πρεσϐύτας
2889 3239 2989 3298 οὖν
3031 3245 3143 3316 ἄρα
3171 3246 3456 3316 νοήσωμεν
3495 3245 3626 3310 τοὺς
3656 3245 3751 3317 τὸν

2157 3327 2292 3388 νοῦν
2323 3336 2548 3406 ἔχοντας
2591 3337 2863 3407 ἠρεμαῖον
2902 3335 3026 3407 ἤδη,
3055 3335 3148 3405 καὶ
3186 3335 3618 3408 καθεστηκότας,
3652 3337 3751 3390 καὶ

2159 3427 2375 3498 πολιοὺς
2399 3427 2501 3500 τὴν
2529 3428 2720 3500 φρένα,
2752 3427 2942 3499 καὶτῷ
2976 3427 3230 3499 βεβηκότι
3259 3429 3497 3500 χρῆσθαι
3519 3429 3749 3500 μεμελε-

2157 3520 2411 3590 τηκότας.
2448 3522 2930 3596 Πεντηκόνταρχον
2961 3523 3018 3576 δέ
3052 3540 3237 3594 φησιν,
3262 3522 3383 3592 οὐχὶ
3411 3522 3631 3586 πάντως
3656 3521 3749 3583 τὸν

2157 3613 2368 3685 ἀνδρῶν
2406 3614 2749 3684 πεντήκοντα
2786 3603 3252 3686 προτεταγμένον,
3284 3614 3402 3668 ἀλλ’
3435 3614 3512 3678 ὡς
3541 3614 3599 3682 ἐξ
3629 3615 3747 3691 ἐνὸς

2157 3705 2222 3776 δὴ
2274 3704 2466 3757 τούτου
2519 3704 2845 3776 πράγματος
2886 3705 3225 3776 ᾁπαξαπλῶς
3278 3705 3371 3760 τὸν
3419 3705 3747 3785 ἡγούμενον,

2159 3797 2270 3866 Καὶ
2298 3796 2373 3860 ὡς
2403 3797 2462 3848 ἐν
2491 3796 2684 3868 κόσμῳ
2725 3799 2819 3851 καὶ
2860 3799 3013 3865 τάξει
3043 3799 3422 3853 πολιτεύεσθαί
3457 3817 3517 3852 τε
3555 3799 3749 3872 διαζῆν

2158 3887 2522 3961 ἀναπείθοντα
2551 3890 2680 3952 τοὺς
2710 3889 3172 3960 ὑπεζευγμένους.
3214 3910 3232 3942 ι
3262 3891 3539 3963 Νενόσηκε
3563 3892 3620 3946 δὲ
3652 3893 3750 3967 καὶ

2155 3981 2320 4034 τοῦτο
2363 3981 2505 4052 μετὰ
2544 3981 2655 4034 τῶν
2698 3981 2876 4036 ἄλλων
2908 3985 2948 4054 ἠ
2988 3984 3097 4037 τῶν
3127 3985 3397 4038 Ἰουδαίων
3421 3986 3743 4058 Συναγωγή.

2161 4075 2284 4128 Ἔτι
2311 4075 2407 4147 μέν
2437 4073 2547 4147 γὰρ
2577 4075 2830 4140 συνόντος
2860 4076 3042 4141 αὐτοῖς
3075 4078 3170 4151 τοῦ
3201 4079 3418 4133 πάντων
3448 4079 3605 4150 ήμῶν

2158 4166 2324 4237 τῆρος
2363 4164 2626 4238 Χριστοῦ,
2670 4167 2763 4219 καὶ
2804 4166 3097 4233 καλοῦντος
3134 4168 3224 4222 διὰ
3259 4168 3362 4238 τῆς
3398 4169 3636 4232 πίστεως
3667 4170 3750 4233 είς

2159 4257 2306 4329 ζωὴν
2335 4257 2574 4324 αἰώνιον,
2603 4259 2682 4322 είς
2707 4258 2953 4331 οὐρανῶν
2985 4258 3284 4335 βασιλείαν,
3321 4251 3404 4336 είς
3438 4261 3749 4333 οἰκειότητα

2155 4336 2254 4426 τὴν
2293 4348 2370 4421 ᾡς
2419 4349 2557 4421 πρὸς
2583 4349 2738 4404 Θεόνο
2778 4343 2918 4422 ἦσαν
2958 4351 3037 4404 ἐτι
3079 4353 3211 4422 παρ’
3241 4353 3425 4422 αὐτοῖς
3468 4356 3749 4425 ἀρχιερεῖς

2157 4427 2253 4512 καὶ
2274 4441 2588 4514 ἡγούμενοι,
2616 4432 2972 4515 Γραμματεῖς
2991 4461 3050 4497 τε
3075 4447 3174 4518 καὶ
3191 4446 3493 4520 Φαρισαῖοι.
3529 4446 3748 4518 Ἐπιιδὴ

471 4521 554 4582 vis
595 4521 836 4614 gentium
875 4526 1190 4595 peregrini;
1221 4542 1328 4596 non
1363 4531 1553 4601 duces,
1587 4547 1697 4588 non
1735 4533 2052 4602 praefectos,

2153 4531 2216 4603 δέ
2261 4531 2628 4601 ἀπεκτόνασιν
2679 4532 2844 4595 αὐτὴν
2885 4534 2934 4586 oi
2969 4533 3215 4602 δείλαιοι,
3248 4535 3621 4608 διεσπάρησαν
3661 4535 3750 4614 είς

472 4620 533 4680 ut
559 4612 688 4667 olim
706 4615 829 4685 (sed
853 4625 1010 4682 erant
1042 4616 1427 4695 instar‘gregis
1456 4621 1551 4693 qui
1583 4631 1802 4694 pastore
1827 4625 2054 4692 destitu-

471 4713 560 4768 ius
592 4713 707 4799 est,
751 4720 856 4761 non
894 4685 1681 4789 habensqui‘praasintin-ec,
1715 4685 1859 4799 quod
1887 4685 2050 4771 etiam

469 4794 689 4880 gravius
748 4806 872 4866 est,
935 4798 1278 4867 consultores
1329 4804 1679 4874 admirabiles
1735 4794 2049 4865 habebant:

468 4887 659 4970 quales
689 4899 845 4945 erant
877 4891 1005 4946 olim
1061 4894 1376 4964 prophetae,
1431 4897 1522 4967 qui
1566 4897 1632 4952 ad
1673 4897 1901 4957 salutem
1948 4899 2054 4963 illis

469 4979 828 5049 conducibilia
920 4983 1505 5057 docent,refractarios
1577 4997 1633 5044 et
1673 4988 1906 5063 eti’renes
1936 5006 2052 5055 mo—

470 5080 620 5139 nent,
657 5079 712 5127 et
733 5074 799 5128 ad
820 5076 1006 5139 omnia
1035 5077 1346 5144 necessaria
1379 5081 1445 5132 ad
1483 5095 1638 5138 usum
1663 5097 1728 5138 ac
1760 5083 2048 5142 utilitatem

469 5160 708 5219 scienter
744 5165 1140 5241 manuducuut.
1171 5166 1457 5226 Miuitatur
1486 5187 1654 5254 porro
1691 5173 2050 5230 abducturum

469 5264 530 5306 se
571 5252 638 5309 ab
675 5252 784 5314 illis
835 5264 893 5310 et
943 5255 1244 5326 sapientem
1296 5252 1698 5330 architectum,
1733 5273 1789 5319 et
1819 5278 2050 5333 gnarum

469 5339 796 5404 auditorem.
851 5341 984 5411 Quae
1029 5345 1168 5401 dona
1221 5349 1530 5417 spiritualia
1578 5363 1746 5418 sunt,
1789 5361 1846 5408 et
1878 5368 1908 5407 a
1941 5350 2054 5407 Deo

469 5432 616 5498 data,
651 5440 708 5488 et
742 5442 958 5496 summo
993 5434 1046 5490 in
1087 5437 1296 5494 honore
1327 5441 1576 5506 habenda
1613 5460 1677 5498 ac
1719 5445 1915 5514 pretio.
1953 5444 2054 5498 Sa-

468 5523 708 5606 pientem
754 5526 952 5598 quippe
979 5542 1100 5591 esse
1143 5530 1374 5600 dicimus
1412 5537 1768 5592 architectum
1795 5575 1810 5603 ,
1840 5538 1932 5608 qui
1968 5539 2054 5594 iu-

468 5613 773 5686 telligenter
802 5618 1076 5689 aedificare
1129 5623 1280 5688 novit
1321 5621 1646 5705 Ecclesiagn,
1679 5630 1850 5696 rectis
1878 5637 1933 5696 et
1967 5630 2050 5698 in-

501 5771 554 5820 "
582 5773 603 5830 Ι
631 5772 790 5840 Joan.
816 5777 990 5852 11,15,

2167 4621 2354 4694 ,πάντα
2373 4623 2470 4677 ἆνε
2478 4640 2599 4694 μον,
2630 4622 2871 4695 μέτοικοί
2894 4641 2954 4677 τε
2975 4625 3072 4697 καὶ
3095 4625 3290 4696 ἀλῆται
3316 4626 3624 4695 γεγόνασιν,

2162 4714 2303 4792 ξένοι
2339 4716 2609 4790 πανταχῆ,
2641 4716 2741 4787 οὐχ
2781 4717 3117 4792 ἡγουμένους
3143 4718 3358 4793 ἔχοντες
3385 4718 3466 4776 ἔτι
3500 4719 3594 4773 καὶ
3616 4736 3751 4789 προτ

2160 4807 2484 4879 εστηκότας,
2535 4805 2682 4862 καθα
2723 4808 2820 4879 καὶ
2872 4808 3062 4881 πάλαιο
3129 4799 3245 4861 ἀλλ’
3297 4803 3389 4862 οἷά
3443 4824 3528 4871 ⁴τις
3575 4805 3746 4877 ἀγέλη

2161 4899 2434 4970 ποιμένων
2463 4900 2667 4972 ἐρήμη,
2703 4899 2795 4974 καὶ
2824 4898 2951 4970 τοὺς
2985 4899 3355 4973 ἐφεατηκότας
3387 4899 3490 4958 οὐκ
3521 4897 3744 4970 ἔχουσα,

2159 4991 2253 5050 καὶ
2295 4989 2356 5043 τὸ
2400 4988 2483 5042 ἔτι
2534 4987 2959 5061 φορτικώτερον,
2999 4988 3124 5061 οὔτε
3167 4989 3505 5060 συμϐούλους
3545 4988 3748 5058 ἔχουσα

2157 5082 2525 5152 θαυμαστοὺς,
2575 5081 2747 5153 ὁποῖοί
2799 5099 2943 5147 τινες
2977 5080 3116 5154 ἦσαν
3150 5083 3200 5135 οί
3239 5081 3408 5153 πάλαι
3445 5081 3742 5154 προφῆται,
3784 5113 3791 5151 ε

2157 5175 2228 5230 τὰ
2251 5177 2332 5239 είς
2367 5173 2642 5245 σωτηρίαν
2675 5175 2862 5238 αὐτοῖς
2892 5175 3294 5246 είσηγούμενοι,
3329 5174 3426 5247 καὶ
3467 5173 3746 5249 ἀφηνιῶσι
3778 5177 3785 5249 ί

2162 5239 2644 5334 συμϐουλεύοντες..
2670 5266 2764 5317 καὶ
2791 5265 2926 5335 πρὸς
2954 5239 3077 5336 παν
3093 5239 3409 5330 ὁτιοῦντῶν
3431 5239 3746 5336 ἀναγκαίων
3778 5239 3788 5266 ι

2151 5357 2232 5418 είς
2282 5355 2469 5426 ὄνησιν
2521 5357 2993 5427 χειραγωγοῦντες
3038 5356 3331 5428 εὐτέχνως.
3385 5355 3630 5431 ᾎπειλεϊ
3686 5353 3744 5420 δὲ

2151 5448 2484 5517 ἀποστήσειν
2508 5448 2687 5502 αὐτῶν
2709 5450 2804 5502 καὶ
2824 5450 2986 5520 σοφὸν
3008 5449 3385 5520 ἀρχιτέκτονα,
3407 5449 3502 5502 καὶ
3521 5445 3743 5513 συνετὸν

2149 5539 2446 5609 ἀκροατὴν,
2479 5538 2798 5612 χαρίσματα
2829 5538 2887 5592 δέ
2925 5540 3019 5594 καὶ
3061 5539 3234 5593 ταῦτα
3267 5538 3617 5611 πνευματικὰ
3649 5537 3744 5612 καὶ

2151 5628 2439 5706 θεόσδοτα,
2493 5631 2588 5684 καὶ
2635 5630 2730 5702 τοῦ
2774 5631 2976 5702 παντὸς
3024 5630 3150 5703 ἄξια
3201 5631 3382 5703 λόγου.
3428 5628 3744 5711 Σοφὸν-γᾴρ

3653 5693 3658 5701 ⁵
3691 5693 3704 5707 ὃ
