4100 6490
508 343 608 395 lilii

1516 327 1575 383 S.
1618 320 1896 380 C‘YRlLLl
1938 313 2403 374 ALEX.\NDithl
2449 315 2766 370 AllClllEJ’.

3654 318 3756 374 104

504 458 725 529 pbctam
771 461 827 510 et
876 453 1258 513 di-vinatorcm,
1306 460 1513 511 senem,
1566 453 1622 497 et
1666 442 2075 511 quinquagena-

2190 435 2290 507 μὴν
2320 435 2415 488 καὶ
2444 437 2729 507 προφήτης
2765 439 2859 488 καὶ
2891 433 3212 506 στοχαστὴς,
3237 435 3331 487 καὶ
3363 434 3759 506 πρεσϐύτερος,

507 548 648 601 rium
718 544 941 607 ducent,
992 550 1049 596 et
1109 536 1511 608 suSpiciendum
1570 532 1964 598 consiliarium,
2023 538 2078 585 et

508 638 669 692 etiam
704 636 1003 704 sapientem
1050 629 1432 689 architectum,
1470 633 1526 680 et
1560 623 1947 692 iutelligentem
1978 636 2079 675 au-

515 728 767 783 ditorem.
814 723 1082 793 Deinceps
1127 735 1234 791 quo
1284 718 1500 772 tandem
1559 730 1646 770 res
1686 714 1897 778 evadet,
1934 720 1988 767 et
2026 713 2079 765 in

510 828 771 887 quantum
831 813 1214 869 detrimentum
1272 809 1404 879 ipsis
1455 814 1725 875 erumpet,
1796 802 2083 858 manifeste

508 909 699 979 aperit,
723 921 845 959 cum
877 919 1001 958 mox
1033 902 1255 957 subdit:
1293 917 1313 952 ι
1343 899 1610 955 Concidet
1641 896 1888 968 pepulus,
1919 894 2081 951 homo

508 1001 575 1053 ad
596 995 900 1062 hominem,
925 1013 946 1047 ι
986 993 1039 1049 id
1062 1001 1166 1056 est,
1198 991 1254 1046 in
1283 991 1549 1047 seditione
1580 998 1758 1055 erunt,
1793 996 1849 1043 et
1879 987 1933 1041 in
1968 1000 2083 1041 me-

509 1090 615 1145 diis
653 1086 973 1143 tumultibus
1009 1085 1191 1140 vivent
1240 1083 1427 1147 vitam,
1477 1080 1767 1151 juvenibus
1818 1092 2083 1133 veneran-

511 1180 634 1235 dam
666 1179 928 1233 canitiem
952 1176 1100 1231 scn'is
1124 1190 1230 1231 non
1258 1163 1629 1228 reverentibus
1651 1210 1666 1235 ,
1699 1168 1955 1224 inferiore
1983 1167 2083 1221 lto-

515 1285 703 1324 norem
746 1268 1007 1339 superiori
1063 1274 1346 1335 negante:
1393 1262 1487 1318 sed
1545 1277 1668 1316 cum
1718 1258 2083 1329 reprehendat

480 1339 692 1428 oneum,
714 1374 813 1416 nec
836 1359 910 1412 ad
947 1357 999 1412 id
1027 1358 1171 1429 quod
1197 1369 1467 1425 quemque
1496 1356 1674 1417 decet,
1698 1352 1917 1418 dirigat,
1952 1351 2083 1405 sub-

514 1454 624 1507 lato
682 1452 829 1507 omni
860 1447 1052 1505 ordine
1076 1457 1130 1502 et
1156 1447 1404 1511 scicntia,
1446 1444 1678 1498 maxima
1720 1443 1962 1497 omnium
2000 1459 2086 1496 re-

514 1559 633 1597 rum
660 1542 799 1612 apud
846 1554 942 1595 eos
971 1538 1309 1608 perturbatio
1344 1535 1569 1591 exsistet
1598 1543 1651 1588 et
1681 1531 1949 1604 confusio,
1978 1532 2083 1591 Ubi

514 1631 659 1682 enim
687 1628 866 1682 divina
891 1643 995 1682 non
1030 1635 1225 1696 praeest
1254 1625 1340 1678 lex
1371 1638 1551 1678 rerum
1582 1623 1913 1693 agendarum
1939 1622 2087 1677 arbi-

2178 527 2273 579 ml.
2303 527 2795 598 πεντηκόνταρχος,
2834 526 2929 581 καὶ
2957 526 3269 597 θαυμαστὸς
3304 524 3624 595 σύμϐουλος·
3664 528 3762 582 καλ¹

2181 615 2288 686 μὴν
2330 615 2425 668 καὶ
2466 614 2630 683 σοφὸς
2672 615 3031 687 ἀρχιτέκτων,
3075 615 3170 669 καὶ
3213 614 3430 677 συνετὸς
3464 615 3759 687 ἀκροατής.

2180 702 2311 759 Εἶτα
2344 705 2466 759 ὅποι
2490 705 2618 757 ποτὲ
2642 705 2704 757 τὸ
2737 705 2931 776 χρῆμα
2963 706 3146 769 αὐτοῖς
3188 704 3503 776 ὲκσήσεται,
3538 705 3632 759 καὶ
3679 706 3764 768 είς

2178 789 2290 849 οἷον
2315 796 2498 859 αὐτοῖς
2530 788 2906 865 ἐκτελευτήσει
2932 795 3147 867 βλάὁος,
3181 795 3503 866 καθίστησιν
3532 795 3761 867 ἐναργὲς

2180 888 2543 958 προσεπάγων
2580 885 2760 952 εὐθὺς,
2785 886 2865 940 ὄτι
2884 904 2906 939 v
2935 888 3305 957 Συμπεσείται
3324 888 3353 939 6
3373 887 3522 951 λαὸς.
3547 885 3760 958 ἀνθρω-

2180 991 2281 1038 πος
2314 975 2449 1046 πρὸς
2467 973 2773 1045 ἀνθρωποψ
2802 993 2821 1027 t
2853 973 2998 1027 τοῦτ’
3018 974 3266 1040 ἔστιν,.ὲν
3291 975 3487 1047 ἀταξίᾳ
3513 993 3575 1029 τε
3602 977 3752 1031 {eav-

2182 1081 2291 1129 ται,
2317 1064 2411 1118 καὶ
2434 1063 2662 1136 θορύὸου
2693 1064 2889 1135 μεστὸν
2918 1065 3262 1137 διαζήσονται
3285 1065 3419 1135 βίον.
3452 1066 3525 1119 Οὐ
3547 1066 3645 1138 τὴν
3669 1084 3762 1120 σε·-

2183 1154 2321 1226 πτὴν
2350 1153 2443 1208 τοῦ
2476 1153 2783 1227 πρεσϐύτου
2824 1154 3016 1208 πολιάν
3071 1156 3482 1226 αἰσχυνομένων
3506 1157 3663 1209 νέων·
3696 1157 3761 1212 οὐ

2181 1246 2273 1300 τὸν
2304 1244 2609 1317 προῦχοντα
2647 1248 2813 1316 τιμᾷν
2847 1246 3127 1311 ἀξιοῦντος
3148 1246 3249 1300 ’ἔτι
3293 1246 3387 1300 τοῦ
3424 1247 3523 1319 τὴν
3553 1247 3764 1302 ἐλάττω

2181 1336 2436 1407 λαχόντος
2467 1337 2642 1403 τάξιν·
2670 1337 2782 1392 ἀλλ’
2803 1338 3163 1409 ἐπιτιμῶντος
3188 1337 3424 1402 οὐδενὸς,
3452 1340 3619 1410 ἤγουν
3651 1341 3760 1393 ἀπ-

2177 1426 2497 1490 ευθύνοντος
2516 1428 2596 1490 είς
2614 1427 2675 1480 τὸ
2698 1427 2912 1498 ἑκάστῳ
2935 1428 3165 1500 πρέπον,
3191 1429 3367 1482 πάντα
3385 1428 3591 1500 φύρδην
3608 1428 3763 1485 ἔσται

2185 1519 2313 1588 παρ’
2343 1519 2524 1581 αὐτοῖς
2557 1516 2810 1583 εὐταξίας
2847 1520 3063 1590 ἀπάσης
3097 1519 3190 1572 καὶ
3222 1520 3534 1591 ἐπιστήμης
3564 1519 3763 1593 ἐξῃρη-

2187 1606 2376 1677 μένης.
2418 1608 2592 1661 Ὅπου
2631 1608 2742 1678 γὰρ
2789 1607 2930 1673 θεῖος
2975 1611 3076 1663 οὐκ
3113 1610 3383 1681 ἐφέστηκε
3427 1609 3612 1681 νόμος,
3651 1610 3763 1664 τῶν

517 1730 621 1783 ter,
679 1718 949 1789 quomodo
986 1725 1079 1770 aut
1127 1715 1266 1770 unde
1308 1714 1507 1784 poterit
1542 1713 1827 1783 quisquam
1863 1712 2087 1767 boneste

2190 1698 2477 1769 πρακτέων
2502 1699 2532 1751 6
2563 1699 2886 1773 βραϐευτὴς,
2918 1702 3033 1765 πῶς
3064 1702 3097 1772 ἢ
3128 1700 3292 1756 πόθεν
3320 1701 3387 1756 ἂν
3413 1701 3625 1771 γένοιτό
3651 1720 3762 1757 τισι

515 1819 609 1865 aut
632 1785 825 1862 decore
859 1805 1088 1860 vivere?
1117 1803 1308 1858 Simile
1342 1802 1486 1857 enim
1512 1810 1618 1869 est,
1648 1816 1712 1855 ac
1741 1801 1786 1855 si
1817 1801 1937 1871 quis
1962 1799 2088 1856 velit

2190 1792 2247 1845 τὸ
2278 1793 2338 1844 ὲν
2365 1792 2554 1863 κόσμῳ
2593 1792 2854 1847 δύνασθαι
2886 1793 3156 1858 διαϐιοῦν;
3183 1795 3407 1863 Ὅμοιον
3447 1793 3555 1865 γὰρ
3604 1794 3677 1859 ὡς
3712 1796 3762 1847 εί

516 1903 694 1957 navim
748 1899 917 1954 clavis
980 1910 1035 1953 et
1093 1889 1457 1967 gubernatore
1517 1903 1793 1951 carentem
1846 1901 1994 1950 recto
2033 1900 2089 1949 et

513 1991 780 2046 iuoﬂense
814 2003 973 2044 cursu
996 1988 1151 2044 ferri.

584 2166 694 2239 58
718 2165 878 2220 Vens.
899 2166 953 2232 6,
974 2164 1029 2219 7.
1046 2162 1196 2229 Quia
1216 2160 1562 2232 apprehendet
1577 2161 1659 2215 vir
1670 2159 1887 2226 fratrem
1906 2173 2082 2224 suum,

512 2258 592 2312 vel
635 2255 976 2310 domesticum
1020 2253 1190 2321 patris
1228 2253 1332 2315 sui,
1376 2251 1554 2305 dicens
1592 2264 1612 2302 :
1654 2248 1859 2303 Vestem
1904 2249 2082 2313 habes,

513 2348 751 2417 princeps
794 2353 969 2397 uoster
993 2354 1123 2404 esto,
1158 2352 1208 2396 ει
1249 2344 1392 2394 cibus
1428 2356 1571 2393 meus
1594 2356 1746 2407 penes
1778 2348 1826 2394 te
1866 2340 1955 2393 sit.
1985 2337 2087 2392 Re-

513 2438 774 2507 spondens
810 2445 983 2490 autem
1019 2434 1152 2486 dicet
1206 2423 1261 2486 in
1290 2432 1374 2485 die
1416 2429 1545 2484 illa:
1578 2429 1701 2482 Non
1733 2446 1821 2483 ero
1845 2430 2085 2497 princeps

516 2534 659 2591 tuus,
691 2539 793 2577 non
816 2521 959 2577 enim
988 2529 1064 2574 est
1108 2520 1162 2572 in
1193 2518 1347 2572 domo
1378 2532 1496 2571 mea
1526 2516 1702 2583 nanis,
1722 2531 1883 2587 neque
1908 2516 2083 2584 vestis,

513 2631 617 2670 non
638 2630 727 2669 ero
754 2613 995 2685 princeps
1024 2609 1204 2681 populi
1230 2609 1413 2680 hujus.

582 2790 886 2850 iudiearem
919 2804 1148 2845 miserta:
1176 2797 1231 2844 et
1254 2803 1482 2844 summa:
1513 2787 1841 2844 calamitatis
1874 2789 2084 2860 magni-

517 2884 759 2940 tudinem
790 2881 1104 2952 propbetica
1132 2879 1289 2934 nobis
1325 2878 1597 2950 significat
1634 2879 1834 2935 oratio.
1875 2879 2085 2949 Regna-

518 2982 648 3030 runt
675 2973 822 3027 enim
863 2970 1021 3026 statis
1062 2968 1393 3036 temporibus
1437 2966 1490 3020 in
1531 2964 1854 3030 Jerusalem,
1896 2967 1987 3035 qui
2018 2979 2087 3019 ex

518 3065 659 3122 tribu
680 3063 830 3118 Iuda:
861 3073 1017 3117 erant
1048 3079 1063 3115 :
1097 3069 1155 3115 et
1194 3058 1461 3129 splendidi
1488 3058 1730 3123 fuerunt,
1754 3056 1999 3112 celebres
2031 3067 2088 3111 et

518 3157 724 3212 divitiis
759 3153 963 3218 ornati,
998 3161 1052 3206 et
1077 3150 1374 3206 nobilitatis
1400 3159 1550 3206 sorte
1571 3164 1703 3205 sane
1728 3164 1892 3219 quam
1926 3163 2081 3220 egre-

520 3249 608 3319 gie
658 3244 933 3301 coronati.
979 3241 1358 3298 Praesederunt
1388 3242 1512 3297 item
1553 3240 1659 3296 alio
1700 3242 1880 3306 modo,
1920 3241 2013 3311 qui
2056 3258 2089 3297 ο

522 3340 664 3394 tribu
707 3338 923 3393 fuerunt
966 3335 1119 3399 Levi,
1166 3348 1230 3389 ex
1283 3334 1515 3390 Aaronis
1556 3335 1769 3389 ordine.
1818 3335 1955 3391 Cum
2011 3334 2086 3389 ita

520 3445 763 3487 summus
791 3431 1043 3484 sacerdos
1074 3438 1353 3498 praeesset,
1389 3425 1634 3483 seniores
1663 3436 1721 3483 et
1750 3426 1952 3483 Levites
1970 3427 2088 3483 obi-

522 3532 649 3579 rent
678 3520 1005 3585 ministeria,
1034 3519 1361 3588 suscipiendi
1383 3527 1541 3574 erant
1568 3518 1622 3574 bi
1649 3532 1748 3589 per
1775 3518 2084 3574 universam

523 3616 793 3683 regionem
847 3608 1174 3666 Judaorum.
1218 3611 1291 3662 At
1359 3609 1448 3665 ubi
1494 3623 1616 3679 quae
1671 3609 1752 3664 fas
1795 3623 1901 3665 non
1969 3618 2083 3662 erat

521 3705 966 3767 connuisissent,
1014 3701 1322 3772 nullumque
1368 3715 1474 3757 non
1497 3701 1791 3772 impietatis
1823 3715 1993 3772 genus
2029 3700 2085 3773 in

520 3797 795 3854 Christum
830 3794 1237 3859 exercuissent,
1283 3794 1349 3849 de
1401 3792 1633 3863 pristina
1681 3793 1971 3863 dignitate,
2022 3806 2089 3847 ac

520 3887 839 3945 celebritate
879 3885 1192 3940 divitiarum
1217 3892 1283 3940 et
1315 3884 1567 3940 claritate
1598 3884 1800 3952 delapsi
1835 3893 2000 3946 sunt;
2034 3884 2086 3937 in

518 3995 747 4049 eamque
773 3977 1151 4035 confusionem
1200 3985 1256 4031 et
1282 3977 1543 4031 vilitatem
1585 3990 1672 4031 res
1701 3990 1887 4031 eorum
1924 3976 2089 4031 deve-

522 4079 739 4135 nerunt,
773 4081 832 4123 ut
859 4068 1065 4123 nullum
1108 4066 1332 4123 omnino
1363 4070 1586 4135 possent
1634 4065 1776 4119 inter
1803 4079 1865 4119 se
1897 4065 2085 4119 ducem

520 4162 722 4216 habere
750 4160 976 4230 antiqua
1012 4158 1337 4215 excellentia
1365 4156 1591 4219 clarum,
1623 4169 1723 4209 nec
1745 4154 1955 4224 opibus,
1991 4170 2090 4207 nec

522 4259 805 4323 potestate,
851 4266 952 4307 nec
994 4250 1132 4321 legis
1180 4248 1369 4304 notitia
1430 4247 1738 4316 praeditum.
1768 4246 1882 4302 Hoc
1915 4247 2086 4316 ipsum

522 4347 701 4409 docet,
730 4358 852 4399 cum
891 4341 966 4396 ait
998 4359 1014 4397 :
1053 4360 1073 4394 ι
1119 4340 1498 4411 Apprehendet
1524 4340 1606 4394 vir
1635 4339 1862 4394 fratrem
1906 4354 2085 4405 suum,

519 4435 602 4490 vel
640 4434 957 4489 familiarem
994 4426 1163 4503 patris
1201 4432 1315 4497 sui,
1346 4429 1533 4486 dicens
1575 4449 1590 4485 :
1633 4428 1849 4487 Vestem
1889 4432 2087 4498 babes,
2128 4469 2170 4522 Β

523 4529 769 4597 princeps
785 4525 937 4580 nobis
952 4534 1090 4586 esto.
1106 4533 1158 4578 et
1177 4524 1331 4579 cibus
1350 4537 1499 4577 meus
1513 4523 1614 4577 sub
1632 4531 1683 4576 te
1698 4524 1787 4576 sit.
1800 4540 1820 4575 ι
1842 4520 2094 4579 Confusis

520 4619 719 4671 etenim
755 4619 915 4677 rebus
934 4625 990 4676 et
1012 4614 1241 4675 multum
1272 4614 1622 4685 perturbatis,
1651 4613 1725 4667 ita
1751 4624 1809 4667 ut
1836 4624 2096 4670 corruant

525 4718 650 4786 ipsi,
685 4715 821 4771 alius
857 4716 908 4768 in
944 4713 1141 4776 alium,
1177 4708 1461 4778 nullusque
1495 4707 1566 4761 sit
1597 4707 1770 4761 honor
1801 4714 1894 4760 aut
1924 4708 2096 4776 pudor

522 4811 600 4865 vel
628 4808 913 4878 juvenibus
941 4806 1113 4866 senis,
1142 4802 1227 4858 vel
1260 4802 1504 4873 ingloriis
1532 4801 1752 4873 gloriosi
1783 4819 1798 4856 :
1825 4803 2088 4872 quisque,

522 4900 720 4968 inquit,
749 4900 849 4955 sibi
878 4904 1083 4964 quaeret
1114 4896 1327 4959 ducem,
1355 4908 1587 4962 eumque
1609 4892 1790 4965 eliget,
1820 4894 1909 4949 vix
1933 4895 2092 4950 etiam

526 4992 929 5064 propinquitate
974 4987 1192 5060 generis
1237 5000 1618 5050 commovens,
1658 4995 1714 5041 et
1760 4989 1979 5042 trahens
2027 4988 2093 5042 ad

522 5082 979 5145 misericordiam,
1013 5089 1068 5135 et
1098 5078 1292 5148 eliget,
1321 5077 1526 5146 inquit,
1559 5092 1664 5132 non
1696 5078 1860 5133 veluti
1893 5078 2097 5134 divitiis

519 5175 796 5231 ﬂorentem
816 5213 832 5238 ,
861 5172 956 5229 sed
979 5168 1382 5240 quodammodo
1411 5169 1631 5233 nudum,
1661 5170 1969 5238 amabitque
1990 5171 2092 5225 sub

520 5278 585 5319 eo
612 5264 705 5329 ali,
727 5271 781 5316 et
812 5259 1058 5314 mendico
1084 5257 1309 5322 servire,
1329 5264 1384 5310 et
1409 5257 1499 5325 qui
1526 5257 1614 5311 vix
1643 5267 1841 5311 vestem
1875 5258 2087 5313 habeat.

520 5351 998 5411 Vcrumenimvero
1055 5348 1309 5417 quamvis
1371 5347 1493 5402 talis
1549 5347 1647 5411 sit,
1697 5363 1802 5403 non
1867 5350 2096 5418 accipiet

519 5455 701 5501 tamen
733 5442 1047 5513 imperium,
1075 5440 1290 5497 etiamsi
1335 5440 1404 5495 ab
1445 5440 1530 5494 bis
1563 5440 1842 5520 quisubdi
1875 5440 2086 5509 volunt,

523 5535 656 5592 nihil
685 5544 917 5606 petatur.
948 5533 1206 5600 Qua-runt
1235 5532 1375 5586 enim
1409 5546 1599 5600 panem
1631 5541 1689 5585 ut
1712 5531 2085 5599 subiiciantur,

522 5638 578 5679 ct
620 5640 716 5694 pro
765 5624 1021 5681 alimento
1068 5622 1382 5679 tenuissimo
1436 5634 1496 5676 se
1549 5619 1624 5675 illi
1670 5620 1723 5674 in
1772 5620 2087 5675 servitutem

520 5718 795 5774 addicnnt.
850 5718 912 5772 Et
944 5731 1063 5785 quae
1096 5715 1211 5773 haec
1248 5713 1624 5787 tergiversatio
1662 5725 1726 5767 ac
1757 5710 2090 5782 repudiatio?

2186 1880 2280 1938 καί
2306 1898 2390 1944 τις
2420 1880 2660 1951 βούλοιτο
2683 1873 2815 1936 ναῦν
2844 1882 3115 1953 πηδαλίων
3151 1900 3212 1936 τε
3239 1883 3373 1954 ὅμου
3411 1883 3507 1937 καὶ
3534 1883 3631 1938 τοῦ
3662 1901 3763 1938 κυ-

2186 1970 2483 2043 ϐερνῶντος
2521 1974 2753 2045 ἐρήμην,
2792 1975 2939 2030 εὐθεῖ
2980 1975 3073 2029 καὶ
3119 1974 3461 2047 ἀδιαστρόςρῳ
3499 1975 3763 2049 φέρεσθαι

2184 2061 2389 2135 δρόμῳ.

2255 2154 2378 2208 Ὅτι
2405 2153 2767 2225 ἐπιλήψεται
2790 2156 3099 2226 ἄνθρωπος
3127 2156 3235 2213 τοῦ
3262 2156 3529 2227 ἀδελφοῦ
3551 2156 3763 2222 αὐτοῦ,

2184 2245 2224 2315 ἣ
2244 2247 2351 2301 τοῦ
2372 2248 2594 2303 οἰκείου
2615 2250 2719 2303 τοῦ
2747 2249 2972 2318 πατρὸς
2999 2249 3210 2314 αὑτοῦ,
3248 2249 3463 2320 λέγων·
3505 2248 3768 2318 Ἰμὰτιον

2185 2339 2365 2407 ἔχεις,
2411 2339 2675 2410 ἀρχηγὸς
2719 2340 2888 2410 ἡμῶν
2927 2340 3127 2412 γενοῦ,
3173 2342 3273 2396 καὶ
3319 2343 3385 2396 τὸ
3431 2339 3642 2412 ,βρῶμα
3695 2341 3767 2394 τὸ

2184 2430 2333 2500 ἐμὸν
2381 2433 2499 2487 ὑπὸ
2550 2431 2627 2485 σὲ
2669 2430 2845 2488 ἔστω.
2894 2434 3001 2487 Kal
3046 2435 3390 2505 ἀποκριθεὶς
3427 2434 3550 2504 ἐρεῖ
3588 2434 3660 2487 ἐν
3688 2430 3768 2503 τῇ

2185 2521 2393 2590 ἡμέρᾳ,
2415 2522 2641 2593 ἐκείνῃ·
2670 2525 2793 2578 Οὐκ
2833 2525 3051 2596 ἔσομαί
3090 2543 3209 2581 σου
3232 2526 3515 2597 ἀρχηγὸς,
3549 2528 3622 2581 οὐ
3655 2526 3770 2596 γὰρ

2184 2611 2357 2666 ἐστιν
2396 2613 2468 2667 ἐν
2503 2612 2583 2680 τῷ
2624 2614 2767 2677 οἴκῳ
2795 2632 2917 2684 μου
2952 2615 3152 2684 ἄρτος,
3190 2616 3334 2672 οὐδὲ
3374 2616 3624 2688 ἱμάτιον,
3650 2618 3769 2672 οὐκ

2192 2703 2405 2773 ἔσομαι
2433 2706 2699 2775 ἀρχηγὸς
2725 2705 2834 2760 τοῦ
2852 2707 3005 2763 ,1αοῦ
3034 2708 3267 2763 τούτου.

2256 2796 2369 2865 Τῆς
2434 2796 2699 2849 Ἰουδαίων
2751 2797 3067 2871 ἀθλιότητος
3143 2799 3236 2852 καὶ
3303 2798 3404 2869 τῆς
3463 2800 3545 2863 είς
3599 2797 3770 2873 ἀκρον

2184 2885 2562 2956 ταλαιπωρίας
2589 2887 2651 2941 τὸ
2678 2887 2906 2957 μέγεθος
2934 2891 2965 2943 6
2994 2888 3331 2962 προφητικὺς
3369 2890 3502 2961 ἡμῖν
3526 2904 3772 2960 κατασηη

2190 2977 2372 3048 μαίνει
2402 2977 2579 3047 λόγος.
2623 2978 2966 3036 Ἐὃασίλευον
3001 2984 3099 3052 μὲν
3127 2982 3236 3054 γὰρ
3271 2981 3412 3036 κατά
3452 2980 3678 3051 καιροὺς
3709 2981 3772 3034 ὲν

2188 3070 2299 3133 τοῖς
2336 3069 2732 3141 Ἱεροσολύμοις
2773 3071 2806 3141 ὴ
2853 3072 2918 3124 ὲκ
2969 3071 3143 3141 φυλῆς
3184 3070 3377 3137 Ἰούδα,
3423 3069 3667 3142 λαμπροί
3706 3084 3773 3123 τι

2192 3152 2330 3229 ἦσαν
2359 3160 2454 3212 καὶ
2489 3159 2789 3230 διαφανεῖς,
2823 3162 2918 3216 καὶ
2944 3161 3158 3233 πλούτῳ
3185 3161 3485 3234 κομῶντες,
3520 3160 3615 3215 καὶ
3647 3161 3774 3225 ταῖς

2193 3250 2273 3314 είς
2318 3251 2472 3321 λῆξιν
2514 3252 2783 3317 εύκλείαις
2830 3249 2888 3309 εὖ
2933 3254 3077 3324 μάλα
3132 3254 3583 3326 κατεστεμμένοι.
3617 3252 3773 3309 Καθει

2191 3340 2423 3411 ηγοῦντο
2456 3342 2515 3396 δὲ
2551 3345 2647 3399 καὶ
2673 3345 2895 3416 ἑτέρως,
2930 3348 2981 3399 oi.
3019 3347 3085 3400 ὲκ
3114 3346 3287 3418 φυλῆς
3324 3345 3456 3400 Acut
3500 3345 3641 3401 κατά
3672 3344 3775 3417 τὴν

2192 3431 2345 3497 τάξιν
2371 3432 2471 3503 τὴν
2507 3433 2738 3506 Ἀαρών.
2786 3434 3122 3507 Προῦχοντος
3175 3438 3274 3509 μὲν
3314 3437 3406 3492 τοῦ
3449 3436 3772 3510 ἀρχιερέως,

2192 3520 2648 3594 λειτουργούντων
2674 3523 2731 3579 δὲ
2765 3525 3149 3599 πρεσϐυτέρων
3178 3529 3274 3581 καὶ
3294 3527 3556 3592 Λευῖτῶν,
3585 3524 3776 3584 σεπτοὶ

2190 3611 2250 3665 δὲ
2267 3605 2407 3683 ἦσαν
2436 3613 2531 3666 καὶ
2563 3613 2613 3666 οι
2640 3612 2854 3673 τοιοίδε.
2876 3617 2988 3676 τοῖς
3015 3614 3120 3669 ἀνά
3147 3618 3326 3671 πᾶσαν
3350 3615 3461 3671 τῶν
3501 3614 3775 3669 Ἰουδαίων

2191 3701 2292 3773 τὴν
2317 3702 2521 3775 χώραν.
2578 3703 2794 3776 Ἐπειδὴ
2829 3704 2885 3758 δὲ
2915 3707 3265 3777 πεπράκασιν
3294 3706 3331 3762 ἀ
3369 3706 3444 3777 μὴ
3468 3705 3648 3777 θέμις,
3678 3707 3777 3760 καὶ

2192 3792 2291 3862 τῆς
2318 3794 2397 3857 είς
2421 3793 2655 3864 Χριστὸν
2678 3794 2991 3860 δυσσεϐείας
3018 3796 3192 3860 οὐδεὶς
3216 3792 3283 3868 ῆν
3305 3798 3490 3860 αὐτοῖς
3517 3797 3775 3868 ἀνεπιτή-

2193 3881 2379 3945 δευτος
2413 3881 2635 3952 τρόπος,
2675 3883 2981 3938 ἀπώλισθον
3014 3886 3112 3956 μὲν
3147 3885 3247 3956 τῆς
3291 3885 3524 3957 ἀρχαίας
3557 3887 3775 3959 ἐκείνης

2194 3974 2577 4046 λαμπρότητος
2620 3976 2716 4028 καὶ
2738 4029 2749 4035 _
2770 3978 3126 4047 περιφανείας
3180 3980 3278 4049 τῆς
3328 3981 3386 4033 ιν
3423 3979 3638 4050 πλούτῳ
3677 3982 3775 4033 καὶ

2194 4066 2343 4138 δόξῃ,
2376 4065 2661 4121 καθίκοντο
2697 4067 2756 4120 δὲ
2794 4067 3144 4138 χυδαιότητός
3181 4086 3242 4123 τε
3270 4071 3363 4124 καὶ
3391 4070 3665 4135 εὐτελείας
3694 4072 3775 4133 είς

2194 4156 2355 4212 τοῠτο
2383 4156 2454 4212 τὰ
2485 4156 2785 4228 πράγματα
2819 4158 3019 4222 αὐτοῖς,
3047 4157 3122 4221 ὡς
3151 4159 3354 4229 μηδένα
3381 4158 3661 4223 παντελῶς
3683 4159 3775 4214 τὸν

2195 4248 2499 4320 ἡγούμενον
2549 4247 2692 4319 ἔχειν
2740 4248 2827 4318 ἐφ’
2869 4248 3080 4312 ἑαυτοῖς
3116 4248 3378 4304 δύνασθαι
3412 4249 3662 4322 λαμπρὸν
3712 4250 3772 4303 ἐν

2197 4341 2439 4413 ὑπεροχῇ
2489 4343 2557 4412 τῇ
2598 4340 2786 4402 πάλαι,
2845 4341 2983 4411 μήτε
3028 4341 3135 4411 μὴν
3172 4340 3401 4396 πλοῦτον
3441 4342 3634 4412 ἔχοντα.
3680 4342 3774 4397 καὶ

2195 4432 2531 4494 δυναστείαν,
2573 4433 2607 4501 ἢ
2639 4432 2840 4499 γνῶσιν
2867 4431 2961 4485 τοῦ
2987 4432 3174 4502 νόμου.
3210 4433 3320 4486 Καὶ
3350 4432 3508 4487 τοῦτο
3535 4434 3667 4487 αὐτὸ
3692 4433 3773 4488 δι-

2198 4523 2425 4587 δάσκει,
2478 4504 2673 4590 λέγῖυν,
2736 4524 2818 4576 ὃτι
2875 4540 2893 4573 ι
2933 4523 3282 4594 Ἐπιλήψεται
3333 4525 3617 4596 ἄνθρωπος
3678 4526 3773 4580 τοῦ

2200 4610 2429 4680 ἀδελφοῦ
2456 4612 2645 4675 αὐτοῦ,
2682 4612 2715 4682 ἢ
2764 4612 2858 4665 τοῦ
2897 4613 3097 4667 οἰκείου
3142 4614 3345 4685 πατρὸς
3382 4615 3544 4675 αὐτοῦ
3578 4616 3770 4686 λέγων·
3877 4684 3893 4691 ἱ

2212 4703 2448 4773 Ίμάτιον
2476 4704 2642 4773 ἔχεις,
2682 4704 2924 4775 ἀρχηγὸς
2960 4706 3115 4776 ήμῶν
3148 4706 3327 4774 γενοῦ,
3361 4706 3457 4758 καὶ
3488 4705 3684 4777 βρῶμα
3713 4708 3776 4761 τὺ

2201 4792 2333 4857 ὲμὸν
2363 4794 2468 4848 ὑπὸ
2504 4794 2563 4846 σὲ
2601 4794 2759 4847 ἔστω.
2798 4813 2818 4846 ›
2858 4794 3283 4865 Συγκεχυμένων
3323 4795 3433 4867 γὰρ
3464 4797 3574 4849 τῶν
3599 4813 3778 4869 πραγ-

2200 4884 2408 4955 μάτων,
2457 4887 2550 4939 καὶ
2584 4886 2718 4938 πολὺ
2749 4886 3029 4946 παθόντων
3062 4887 3123 4947 τὸ
3175 4887 3428 4951 ἄτακτον,
3458 4889 3533 4952 ὡς
3572 4889 3778 4959 συμπίν

2199 4992 2355 5030 πτειν
2388 4978 2584 5040 αὐτοὺς
2618 4978 2889 5050 ἀλλήλοις,
2933 4980 3028 5039 καὶ
3071 4979 3340 5052 μηδεμίαν
3370 4975 3509 5036 εἶναι
3533 4980 3698 5053 τιμὴν
3739 4982 3776 5051 ἢ

2201 5069 2355 5136 αίδῶ,
2386 5070 2749 5143 πρεσὸύτουῆ
2794 5072 2959 5138 νέοις,
3007 5072 3175 5143 ἤγουν
3208 5073 3426 5144 ἀτίμοις
3462 5074 3495 5144 ἢ
3525 5072 3773 5139 ἐνδόξωνο

2200 5161 2429 5226 ἕκαστος
2451 5164 2535 5231 ἐφ’
2556 5162 2756 5234 ἑαυτῷ,
2776 5165 2929 5233 φησὶ,
2960 5164 3183 5236 ζητήσει
3203 5166 3522 5237 ἡγούμενον,
3545 5167 3639 5220 καὶ
3652 5166 3780 5225 τοῦ.

2194 5268 2286 5305 τον
2315 5253 2589 5319 ἑκλέξεται
2630 5256 2696 5325 τῇ
2733 5254 2873 5308 κατὰ
2903 5256 3058 5324 γένος
3095 5256 3382 5329 ἀηιστείᾳ
3410 5256 3562 5328 μόλις
3584 5256 3779 5312 ἐκδυσ-

2194 5343 2361 5399 ωπῶν
2385 5346 2478 5398 καὶ
2496 5345 2679 5400 καλῶν
2704 5348 2785 5411 εἰς
2810 5347 2978 5402 ἔλεον.
3020 5346 3326 5412 Ἐκλέξεται
3352 5348 3428 5417 δὲ,
3459 5349 3644 5419 φησὶν,
3676 5350 3780 5417 οὐχ

2194 5434 2270 5500 ὡς
2298 5436 2490 5507 έχοντα
2518 5437 2768 5503 πλοῦτον,
2792 5439 2907 5493 ἀλλ’
2927 5439 3003 5502 ὡς
3023 5440 3123 5494 οὐκ
3152 5440 3281 5493 ὄντα
3306 5440 3529 5511 γυμνὸν,
3557 5441 3780 5510 ἀγαπήν

2196 5543 2280 5580 σει
2321 5545 2381 5581 τε
2427 5530 2520 5586 ὑπ’
2558 5530 2723 5590 αὐτοῦ
2770 5531 3066 5602 τρέφεσθαι
3105 5533 3198 5585 καὶ
3233 5531 3505 5589 δουλεύειν
3552 5532 3774 5604 πτωχῷ.

2193 5618 2342 5691 Πλὴν
2378 5622 2427 5674 εί
2457 5623 2552 5675 καὶ
2580 5624 2609 5676 6
2632 5622 2871 5688 τοιοῦτος
2909 5625 3007 5695 οὐχ
3041 5624 3279 5695 ἁρπάσει
3312 5624 3411 5697 τὴν
3452 5624 3772 5697 ἡγεμονίαν,

2196 5710 2370 5766 καίτοι
2397 5713 2562 5785 μηδὲν
2582 5714 2904 5787 αίτούμενος
2930 5716 3079 5787 scapi:
3101 5715 3209 5772 τῶν
3236 5716 3555 5773 ὑποκεῖσθαι
3584 5713 3777 5789 βεὸουν
