  <div class='ocr_page' id='page_1' title='image "/cluster/home/n/w/nwhite01/storage/ocr_20150623/70:no.3/coo.31924054869726/060.png"; bbox 0 0 4100 6496; ppageno 0'>
   <div class='ocr_carea' id='block_1_1' title="bbox 383 377 493 436">
    <p class='ocr_par' dir='ltr' id='par_1_1' title="bbox 383 377 493 436">
     <span class='ocr_line' id='line_1_1' title="bbox 383 377 493 436; baseline 0.009 -2"><span class='ocrx_word' id='word_1_1' title='bbox 383 377 493 436; x_wconf 75' lang='grc'><strong>105</strong></span> 
     </span>
    </p>
   </div>
   <div class='ocr_carea' id='block_1_2' title="bbox 1577 377 2502 439">
    <p class='ocr_par' dir='ltr' id='par_1_2' title="bbox 1577 377 2502 439">
     <span class='ocr_line' id='line_1_2' title="bbox 1577 377 2502 439; baseline 0.003 -4"><span class='ocrx_word' id='word_1_2' title='bbox 1577 378 1643 435; x_wconf 78' lang='lat' dir='ltr'><strong>IN</strong></span> <span class='ocrx_word' id='word_1_3' title='bbox 1677 377 1914 435; x_wconf 67' lang='lat' dir='ltr'><strong>ISAIAM</strong></span> <span class='ocrx_word' id='word_1_4' title='bbox 1956 379 2084 438; x_wconf 88' lang='lat' dir='ltr'><strong>LlB.</strong></span> <span class='ocrx_word' id='word_1_5' title='bbox 2115 381 2155 437; x_wconf 89' lang='lat' dir='ltr'><strong>l.</strong></span> <span class='ocrx_word' id='word_1_6' title='bbox 2192 381 2401 439; x_wconf 68' lang='lat' dir='ltr'><strong>ORAT.</strong></span> <span class='ocrx_word' id='word_1_7' title='bbox 2434 382 2502 439; x_wconf 87' lang='lat' dir='ltr'><strong>ll.</strong></span> 
     </span>
    </p>
   </div>
   <div class='ocr_carea' id='block_1_3' title="bbox 3573 395 3674 450">
    <p class='ocr_par' dir='ltr' id='par_1_3' title="bbox 3573 395 3674 450">
     <span class='ocr_line' id='line_1_3' title="bbox 3573 395 3674 450; baseline -0.02 0"><span class='ocrx_word' id='word_1_8' title='bbox 3573 395 3674 450; x_wconf 72' lang='grc'><strong>106</strong></span> 
     </span>
    </p>
   </div>
   <div class='ocr_carea' id='block_1_4' title="bbox 375 495 1997 574">
    <p class='ocr_par' dir='ltr' id='par_1_4' title="bbox 375 495 1982 571">
     <span class='ocr_line' id='line_1_4' title="bbox 375 495 1982 571; baseline 0.001 -20"><span class='ocrx_word' id='word_1_9' title='bbox 375 495 689 566; x_wconf 82' lang='grc' dir='ltr'>λευμένων.</span> <span class='ocrx_word' id='word_1_10' title='bbox 727 496 964 566; x_wconf 75' lang='grc' dir='ltr'>Ζητοῦσι</span> <span class='ocrx_word' id='word_1_11' title='bbox 989 497 1099 570; x_wconf 77' lang='grc' dir='ltr'>γὰρ</span> <span class='ocrx_word' id='word_1_12' title='bbox 1127 496 1292 571; x_wconf 79' lang='grc' dir='ltr'>ἄρτον</span> <span class='ocrx_word' id='word_1_13' title='bbox 1325 498 1414 552; x_wconf 70' lang='grc' dir='ltr'><strong>ἵνα</strong></span> <span class='ocrx_word' id='word_1_14' title='bbox 1443 498 1538 554; x_wconf 81' lang='grc' dir='ltr'>καὶ</span> <span class='ocrx_word' id='word_1_15' title='bbox 1578 498 1982 566; x_wconf 80' lang='grc' dir='ltr'>ὑποτάττοιντο,</span> 
     </span>
    </p>
   </div>
   <div class='ocr_carea' id='block_1_5' title="bbox 2099 495 3675 574">
    <p class='ocr_par' dir='ltr' id='par_1_5' title="bbox 2099 499 3675 574">
     <span class='ocr_line' id='line_1_5' title="bbox 2099 499 3675 574; baseline 0.006 -20"><span class='ocrx_word' id='word_1_16' title='bbox 2099 500 2314 555; x_wconf 75' lang='lat' dir='ltr'><strong>omnino</strong></span> <span class='ocrx_word' id='word_1_17' title='bbox 2343 500 2682 556; x_wconf 90' lang='lat' dir='ltr'><strong>mendicitas.</strong></span> <span class='ocrx_word' id='word_1_18' title='bbox 2713 499 2867 556; x_wconf 84' lang='lat' dir='ltr'><strong>Dicet</strong></span> <span class='ocrx_word' id='word_1_19' title='bbox 2894 501 3119 569; x_wconf 86' lang='lat' dir='ltr'><strong>etenim,</strong></span> <span class='ocrx_word' id='word_1_20' title='bbox 3147 503 3344 574; x_wconf 79' lang='lat' dir='ltr'><strong>inquit,</strong></span> <span class='ocrx_word' id='word_1_21' title='bbox 3368 504 3482 561; x_wconf 83' lang='lat' dir='ltr'><strong>Non</strong></span> <span class='ocrx_word' id='word_1_22' title='bbox 3512 521 3594 564; x_wconf 86' lang='lat' dir='ltr'><strong>est</strong></span> <span class='ocrx_word' id='word_1_23' title='bbox 3623 514 3675 564; x_wconf 84' lang='lat' dir='ltr'><strong>in</strong></span> 
     </span>
    </p>
   </div>
   <div class='ocr_carea' id='block_1_6' title="bbox 379 589 1990 664">
    <p class='ocr_par' dir='ltr' id='par_1_6' title="bbox 379 589 1990 664">
     <span class='ocr_line' id='line_1_6' title="bbox 379 589 1990 664; baseline 0.001 -21"><span class='ocrx_word' id='word_1_24' title='bbox 379 591 477 643; x_wconf 81' lang='grc' dir='ltr'>καὶ</span> <span class='ocrx_word' id='word_1_25' title='bbox 520 590 734 663; x_wconf 78' lang='grc' dir='ltr'>τροφῆς</span> <span class='ocrx_word' id='word_1_26' title='bbox 767 589 1165 662; x_wconf 80' lang='grc' dir='ltr'>εὐτελεστάτης</span> <span class='ocrx_word' id='word_1_27' title='bbox 1205 591 1659 664; x_wconf 74' lang='grc' dir='ltr'>ἀντιπροσάγοιεν</span> <span class='ocrx_word' id='word_1_28' title='bbox 1712 590 1862 662; x_wconf 77' lang='grc' dir='ltr'><strong>αὑτῷ</strong></span> <span class='ocrx_word' id='word_1_29' title='bbox 1890 591 1990 663; x_wconf 80' lang='grc' dir='ltr'>τὴν</span> 
     </span>
    </p>
   </div>
   <div class='ocr_carea' id='block_1_7' title="bbox 380 679 1993 758">
    <p class='ocr_par' dir='ltr' id='par_1_7' title="bbox 380 679 1993 758">
     <span class='ocr_line' id='line_1_7' title="bbox 380 679 1993 758; baseline 0.001 -22"><span class='ocrx_word' id='word_1_30' title='bbox 380 683 653 737; x_wconf 79' lang='grc' dir='ltr'><strong>δουλείαν.</strong></span> <span class='ocrx_word' id='word_1_31' title='bbox 699 684 797 758; x_wconf 74' lang='grc' dir='ltr'><strong>Τίς</strong></span> <span class='ocrx_word' id='word_1_32' title='bbox 835 679 985 755; x_wconf 79' lang='grc' dir='ltr'><strong>οὖνὴ</strong></span> <span class='ocrx_word' id='word_1_33' title='bbox 1019 684 1384 757; x_wconf 76' lang='grc' dir='ltr'>παραίτησις,</span> <span class='ocrx_word' id='word_1_34' title='bbox 1430 684 1674 755; x_wconf 76' lang='grc' dir='ltr'><strong>πτωχεία</strong></span> <span class='ocrx_word' id='word_1_35' title='bbox 1717 702 1821 738; x_wconf 82' lang='grc' dir='ltr'><strong>που</strong></span> <span class='ocrx_word' id='word_1_36' title='bbox 1862 685 1993 740; x_wconf 78' lang='grc' dir='ltr'><strong>πάν-</strong></span> 
     </span>
    </p>
   </div>
   <div class='ocr_carea' id='block_1_8' title="bbox 379 772 1988 848">
    <p class='ocr_par' dir='ltr' id='par_1_8' title="bbox 379 772 1988 848">
     <span class='ocr_line' id='line_1_8' title="bbox 379 772 1988 848; baseline 0.001 -21"><span class='ocrx_word' id='word_1_37' title='bbox 379 791 459 828; x_wconf 84' lang='grc' dir='ltr'><strong>τω</strong></span> <span class='ocrx_word' id='word_1_38' title='bbox 476 772 669 848; x_wconf 84' lang='grc' dir='ltr'>·.Ἐρεῖ</span> <span class='ocrx_word' id='word_1_39' title='bbox 681 775 812 847; x_wconf 78' lang='grc' dir='ltr'>γὰρ,</span> <span class='ocrx_word' id='word_1_40' title='bbox 837 776 1029 847; x_wconf 73' lang='grc' dir='ltr'>φησὶν,</span> <span class='ocrx_word' id='word_1_41' title='bbox 1052 776 1166 830; x_wconf 79' lang='grc' dir='ltr'>Οὐκ</span> <span class='ocrx_word' id='word_1_42' title='bbox 1190 776 1336 829; x_wconf 76' lang='grc' dir='ltr'>ἔστιν</span> <span class='ocrx_word' id='word_1_43' title='bbox 1357 778 1414 830; x_wconf 85' lang='grc' dir='ltr'>ὲν</span> <span class='ocrx_word' id='word_1_44' title='bbox 1430 776 1509 847; x_wconf 84' lang='grc' dir='ltr'>τῷ</span> <span class='ocrx_word' id='word_1_45' title='bbox 1525 776 1658 848; x_wconf 78' lang='grc' dir='ltr'>οἴκῳ</span> <span class='ocrx_word' id='word_1_46' title='bbox 1682 794 1785 847; x_wconf 88' lang='grc' dir='ltr'>μου</span> <span class='ocrx_word' id='word_1_47' title='bbox 1803 777 1988 848; x_wconf 79' lang='grc' dir='ltr'>ἄρτος,</span> 
     </span>
    </p>
   </div>
   <div class='ocr_carea' id='block_1_9' title="bbox 378 866 1987 940">
    <p class='ocr_par' dir='ltr' id='par_1_9' title="bbox 378 866 1987 940">
     <span class='ocr_line' id='line_1_9' title="bbox 378 866 1987 940; baseline 0.003 -22"><span class='ocrx_word' id='word_1_48' title='bbox 378 866 501 919; x_wconf 66' lang='grc' dir='ltr'><strong>οὐδὲ</strong></span> <span class='ocrx_word' id='word_1_49' title='bbox 542 868 785 936; x_wconf 74' lang='grc' dir='ltr'>ἱμάτιον,</span> <span class='ocrx_word' id='word_1_50' title='bbox 827 868 1162 940; x_wconf 77' lang='grc' dir='ltr'>οὐκ.ἐσομαι</span> <span class='ocrx_word' id='word_1_51' title='bbox 1195 867 1437 939; x_wconf 81' lang='grc' dir='ltr'>ἀρχηγὸς</span> <span class='ocrx_word' id='word_1_52' title='bbox 1474 867 1567 922; x_wconf 88' lang='grc' dir='ltr'><strong>τοῦ</strong></span> <span class='ocrx_word' id='word_1_53' title='bbox 1603 868 1733 922; x_wconf 79' lang='grc' dir='ltr'>λαοῦ</span> <span class='ocrx_word' id='word_1_54' title='bbox 1772 868 1987 933; x_wconf 77' lang='grc' dir='ltr'>τούτου.</span> 
     </span>
    </p>
   </div>
   <div class='ocr_carea' id='block_1_10' title="bbox 391 957 1993 1031">
    <p class='ocr_par' dir='ltr' id='par_1_10' title="bbox 391 957 1993 1031">
     <span class='ocr_line' id='line_1_10' title="bbox 391 957 1993 1031; baseline 0.001 -20"><span class='ocrx_word' id='word_1_55' title='bbox 391 957 562 1030; x_wconf 74' lang='grc' dir='ltr'>ὐρᾷς</span> <span class='ocrx_word' id='word_1_56' title='bbox 601 960 665 1013; x_wconf 83' lang='grc' dir='ltr'><strong>τὸ</strong></span> <span class='ocrx_word' id='word_1_57' title='bbox 708 960 913 1024; x_wconf 79' lang='grc' dir='ltr'>παντὸς</span> <span class='ocrx_word' id='word_1_58' title='bbox 953 960 1125 1014; x_wconf 86' lang='grc' dir='ltr'>πάλαι</span> <span class='ocrx_word' id='word_1_59' title='bbox 1160 959 1291 1031; x_wconf 68' lang='grc' dir='ltr'><strong>’παρ⁹</strong></span> <span class='ocrx_word' id='word_1_60' title='bbox 1326 960 1513 1024; x_wconf 76' lang='grc' dir='ltr'>αὐτοῖς</span> <span class='ocrx_word' id='word_1_61' title='bbox 1540 961 1691 1027; x_wconf 78' lang='grc' dir='ltr'>ἄξιον</span> <span class='ocrx_word' id='word_1_62' title='bbox 1718 960 1899 1029; x_wconf 85' lang='grc' dir='ltr'>λόγου,</span> <span class='ocrx_word' id='word_1_63' title='bbox 1932 960 1993 1013; x_wconf 82' lang='grc' dir='ltr'><strong>τὸ</strong></span> 
     </span>
    </p>
   </div>
   <div class='ocr_carea' id='block_1_11' title="bbox 385 1049 1992 1124">
    <p class='ocr_par' dir='ltr' id='par_1_11' title="bbox 385 1049 1992 1124">
     <span class='ocr_line' id='line_1_11' title="bbox 385 1049 1992 1124; baseline 0.002 -23"><span class='ocrx_word' id='word_1_64' title='bbox 385 1049 753 1120; x_wconf 81' lang='grc' dir='ltr'>καθηγεῖσθαί</span> <span class='ocrx_word' id='word_1_65' title='bbox 800 1069 945 1124; x_wconf 73' lang='grc' dir='ltr'>φημι</span> <span class='ocrx_word' id='word_1_66' title='bbox 998 1054 1061 1107; x_wconf 81' lang='grc' dir='ltr'><strong>τὸ</strong></span> <span class='ocrx_word' id='word_1_67' title='bbox 1104 1054 1339 1118; x_wconf 79' lang='grc' dir='ltr'><strong>πολλοῖς.</strong></span> <span class='ocrx_word' id='word_1_68' title='bbox 1370 1053 1523 1106; x_wconf 86' lang='grc' dir='ltr'>Ἔσθ’</span> <span class='ocrx_word' id='word_1_69' title='bbox 1547 1054 1637 1107; x_wconf 83' lang='grc' dir='ltr'><strong>ὅτε</strong></span> <span class='ocrx_word' id='word_1_70' title='bbox 1684 1053 1992 1124; x_wconf 77' lang='grc' dir='ltr'><strong>τεχνήμασι</strong></span> 
     </span>
    </p>
   </div>
   <div class='ocr_carea' id='block_1_12' title="bbox 384 1142 1992 1216">
    <p class='ocr_par' dir='ltr' id='par_1_12' title="bbox 384 1142 1992 1216">
     <span class='ocr_line' id='line_1_12' title="bbox 384 1142 1992 1216; baseline 0.001 -21"><span class='ocrx_word' id='word_1_71' title='bbox 384 1142 746 1214; x_wconf 64' lang='grc' dir='ltr'>ζητούμενον,</span> <span class='ocrx_word' id='word_1_72' title='bbox 783 1145 880 1198; x_wconf 77' lang='grc' dir='ltr'><strong>καὶ</strong></span> <span class='ocrx_word' id='word_1_73' title='bbox 921 1146 1291 1216; x_wconf 72' lang='grc' dir='ltr'>προσγεγονδς</span> <span class='ocrx_word' id='word_1_74' title='bbox 1316 1142 1555 1214; x_wconf 83' lang='grc' dir='ltr'>’ὀλίγοις,</span> <span class='ocrx_word' id='word_1_75' title='bbox 1603 1144 1992 1215; x_wconf 78' lang='grc' dir='ltr'><strong>προσκείσεται</strong></span> 
     </span>
    </p>
   </div>
   <div class='ocr_carea' id='block_1_13' title="bbox 387 1235 1993 1310">
    <p class='ocr_par' dir='ltr' id='par_1_13' title="bbox 387 1235 1993 1310">
     <span class='ocr_line' id='line_1_13' title="bbox 387 1235 1993 1310; baseline 0.001 -24"><span class='ocrx_word' id='word_1_76' title='bbox 387 1235 485 1306; x_wconf 74' lang='grc' dir='ltr'>μὲν</span> <span class='ocrx_word' id='word_1_77' title='bbox 512 1240 629 1300; x_wconf 87' lang='grc' dir='ltr'>τοῖς</span> <span class='ocrx_word' id='word_1_78' title='bbox 659 1236 932 1293; x_wconf 79' lang='grc' dir='ltr'>θέλουσιν.</span> <span class='ocrx_word' id='word_1_79' title='bbox 970 1238 1191 1310; x_wconf 79' lang='grc' dir='ltr'><strong>Ἐπειδὴ</strong></span> <span class='ocrx_word' id='word_1_80' title='bbox 1227 1238 1283 1291; x_wconf 86' lang='grc' dir='ltr'>δὲ</span> <span class='ocrx_word' id='word_1_81' title='bbox 1324 1238 1382 1292; x_wconf 82' lang='grc' dir='ltr'>ἐν</span> <span class='ocrx_word' id='word_1_82' title='bbox 1407 1238 1552 1309; x_wconf 82' lang='grc' dir='ltr'>δεινῇ</span> <span class='ocrx_word' id='word_1_83' title='bbox 1589 1237 1684 1290; x_wconf 78' lang='grc' dir='ltr'><strong>καὶ</strong></span> <span class='ocrx_word' id='word_1_84' title='bbox 1722 1236 1993 1309; x_wconf 74' lang='grc' dir='ltr'>ἀπράκτῳ</span> 
     </span>
    </p>
   </div>
   <div class='ocr_carea' id='block_1_14' title="bbox 385 1325 1991 1398">
    <p class='ocr_par' dir='ltr' id='par_1_14' title="bbox 385 1325 1991 1398">
     <span class='ocr_line' id='line_1_14' title="bbox 385 1325 1991 1398; baseline 0.001 -21"><span class='ocrx_word' id='word_1_85' title='bbox 385 1326 637 1397; x_wconf 78' lang='grc' dir='ltr'><strong>πτωχείᾳ</strong></span> <span class='ocrx_word' id='word_1_86' title='bbox 667 1326 737 1379; x_wconf 77' lang='grc' dir='ltr'>τὰ</span> <span class='ocrx_word' id='word_1_87' title='bbox 773 1327 999 1380; x_wconf 72' lang='grc' dir='ltr'>πάντων</span> <span class='ocrx_word' id='word_1_88' title='bbox 1030 1328 1171 1391; x_wconf 73' lang='grc' dir='ltr'>ἐστὶ,</span> <span class='ocrx_word' id='word_1_89' title='bbox 1205 1328 1300 1380; x_wconf 70' lang='grc' dir='ltr'><strong>καὶ</strong></span> <span class='ocrx_word' id='word_1_90' title='bbox 1344 1325 1494 1398; x_wconf 75' lang='grc' dir='ltr'>αὐτῷ</span> <span class='ocrx_word' id='word_1_91' title='bbox 1527 1327 1817 1398; x_wconf 83' lang='grc' dir='ltr'>γενήσεται</span> <span class='ocrx_word' id='word_1_92' title='bbox 1856 1342 1991 1394; x_wconf 79' lang='grc' dir='ltr'>φευ-</span> 
     </span>
    </p>
   </div>
   <div class='ocr_carea' id='block_1_15' title="bbox 385 1417 1992 1490">
    <p class='ocr_par' dir='ltr' id='par_1_15' title="bbox 385 1417 1992 1490">
     <span class='ocr_line' id='line_1_15' title="bbox 385 1417 1992 1490; baseline -0.001 -20"><span class='ocrx_word' id='word_1_93' title='bbox 385 1417 538 1470; x_wconf 83' lang='grc' dir='ltr'>κτόν.</span> <span class='ocrx_word' id='word_1_94' title='bbox 580 1418 806 1472; x_wconf 85' lang='grc' dir='ltr'>Ἕνεστι</span> <span class='ocrx_word' id='word_1_95' title='bbox 834 1419 1015 1473; x_wconf 81' lang='grc' dir='ltr'>τοίνυν</span> <span class='ocrx_word' id='word_1_96' title='bbox 1050 1420 1110 1485; x_wconf 76' lang='grc' dir='ltr'>ἐξ</span> <span class='ocrx_word' id='word_1_97' title='bbox 1140 1420 1319 1474; x_wconf 80' lang='grc' dir='ltr'>αὐτῶν</span> <span class='ocrx_word' id='word_1_98' title='bbox 1353 1421 1485 1490; x_wconf 77' lang='grc' dir='ltr'>ἡμῖν</span> <span class='ocrx_word' id='word_1_99' title='bbox 1512 1418 1620 1472; x_wconf 90' lang='grc' dir='ltr'><strong>τῶν</strong></span> <span class='ocrx_word' id='word_1_100' title='bbox 1651 1417 1992 1489; x_wconf 78' lang='grc' dir='ltr'>πραγμάτων</span> 
     </span>
    </p>
   </div>
   <div class='ocr_carea' id='block_1_16' title="bbox 390 1507 1988 1583">
    <p class='ocr_par' dir='ltr' id='par_1_16' title="bbox 390 1507 1988 1583">
     <span class='ocr_line' id='line_1_16' title="bbox 390 1507 1988 1583; baseline 0.001 -22"><span class='ocrx_word' id='word_1_101' title='bbox 390 1507 540 1573; x_wconf 70' lang='grc' dir='ltr'><strong>ἰδεῖν,</strong></span> <span class='ocrx_word' id='word_1_102' title='bbox 560 1509 623 1575; x_wconf 81' lang='grc' dir='ltr'>ἐξ</span> <span class='ocrx_word' id='word_1_103' title='bbox 644 1511 773 1563; x_wconf 78' lang='grc' dir='ltr'>οἵων</span> <span class='ocrx_word' id='word_1_104' title='bbox 801 1513 882 1574; x_wconf 84' lang='grc' dir='ltr'>εἰς</span> <span class='ocrx_word' id='word_1_105' title='bbox 899 1508 989 1564; x_wconf 73' lang='grc' dir='ltr'><strong>οἷα</strong></span> <span class='ocrx_word' id='word_1_106' title='bbox 1011 1512 1441 1583; x_wconf 84' lang='grc' dir='ltr'>μετακεχώρηκε</span> <span class='ocrx_word' id='word_1_107' title='bbox 1465 1512 1533 1566; x_wconf 76' lang='grc' dir='ltr'>τὰ</span> <span class='ocrx_word' id='word_1_108' title='bbox 1555 1510 1663 1564; x_wconf 86' lang='grc' dir='ltr'>τῶν</span> <span class='ocrx_word' id='word_1_109' title='bbox 1696 1510 1988 1564; x_wconf 77' lang='grc' dir='ltr'><strong>Ἰουδαίων.</strong></span> 
     </span>
    </p>
   </div>
   <div class='ocr_carea' id='block_1_17' title="bbox 386 1601 1991 1675">
    <p class='ocr_par' dir='ltr' id='par_1_17' title="bbox 386 1601 1991 1675">
     <span class='ocr_line' id='line_1_17' title="bbox 386 1601 1991 1675; baseline -0.001 -20"><span class='ocrx_word' id='word_1_110' title='bbox 386 1601 888 1673; x_wconf 73' lang='grc' dir='ltr'>Προσκεκροὺκατι</span> <span class='ocrx_word' id='word_1_111' title='bbox 911 1604 1021 1675; x_wconf 77' lang='grc' dir='ltr'><strong>γὰρ</strong></span> <span class='ocrx_word' id='word_1_112' title='bbox 1040 1604 1090 1655; x_wconf 89' lang='lat' dir='ltr'><strong>oi</strong></span> <span class='ocrx_word' id='word_1_113' title='bbox 1110 1603 1334 1667; x_wconf 81' lang='grc' dir='ltr'>τάλανες</span> <span class='ocrx_word' id='word_1_114' title='bbox 1355 1602 1434 1673; x_wconf 85' lang='grc' dir='ltr'>τῷ</span> <span class='ocrx_word' id='word_1_115' title='bbox 1457 1602 1697 1674; x_wconf 82' lang='grc' dir='ltr'>Χριστῷ,</span> <span class='ocrx_word' id='word_1_116' title='bbox 1715 1601 1793 1672; x_wconf 83' lang='grc' dir='ltr'><strong>τῷ</strong></span> <span class='ocrx_word' id='word_1_117' title='bbox 1813 1601 1991 1655; x_wconf 73' lang='grc' dir='ltr'>πάντα</span> 
     </span>
    </p>
   </div>
   <div class='ocr_carea' id='block_1_18' title="bbox 387 1693 1988 1767">
    <p class='ocr_par' dir='ltr' id='par_1_18' title="bbox 387 1693 1988 1767">
     <span class='ocr_line' id='line_1_18' title="bbox 387 1693 1988 1767; baseline 0.001 -21"><span class='ocrx_word' id='word_1_118' title='bbox 387 1697 524 1765; x_wconf 67' lang='grc' dir='ltr'>ἡμῖν</span> <span class='ocrx_word' id='word_1_119' title='bbox 552 1695 830 1760; x_wconf 79' lang='grc' dir='ltr'><strong>πλουσίως</strong></span> <span class='ocrx_word' id='word_1_120' title='bbox 857 1696 1166 1767; x_wconf 83' lang='grc' dir='ltr'>διανέμοντι</span> <span class='ocrx_word' id='word_1_121' title='bbox 1193 1697 1261 1751; x_wconf 74' lang='grc' dir='ltr'>τὰ</span> <span class='ocrx_word' id='word_1_122' title='bbox 1287 1696 1487 1767; x_wconf 79' lang='grc' dir='ltr'>ἀγαθὰ,</span> <span class='ocrx_word' id='word_1_123' title='bbox 1511 1696 1607 1750; x_wconf 74' lang='grc' dir='ltr'>καὶ</span> <span class='ocrx_word' id='word_1_124' title='bbox 1636 1693 1988 1764; x_wconf 73' lang='grc' dir='ltr'>στεφανοῦντι</span> 
     </span>
    </p>
   </div>
   <div class='ocr_carea' id='block_1_19' title="bbox 2094 593 3679 669">
    <p class='ocr_par' dir='ltr' id='par_1_19' title="bbox 2094 593 3679 669">
     <span class='ocr_line' id='line_1_19' title="bbox 2094 593 3679 669; baseline 0.006 -24"><span class='ocrx_word' id='word_1_125' title='bbox 2094 593 2257 647; x_wconf 85' lang='lat' dir='ltr'><strong>domo</strong></span> <span class='ocrx_word' id='word_1_126' title='bbox 2285 607 2401 646; x_wconf 84' lang='lat' dir='ltr'><strong>mea</strong></span> <span class='ocrx_word' id='word_1_127' title='bbox 2433 593 2606 662; x_wconf 86' lang='lat' dir='ltr'><strong>panis,</strong></span> <span class='ocrx_word' id='word_1_128' title='bbox 2634 607 2808 660; x_wconf 84' lang='lat' dir='ltr'><strong>neque</strong></span> <span class='ocrx_word' id='word_1_129' title='bbox 2840 594 3241 663; x_wconf 80' lang='lat' dir='ltr'><strong>vestimentum,</strong></span> <span class='ocrx_word' id='word_1_130' title='bbox 3269 612 3373 652; x_wconf 91' lang='lat' dir='ltr'><strong>non</strong></span> <span class='ocrx_word' id='word_1_131' title='bbox 3405 615 3499 653; x_wconf 90' lang='lat' dir='ltr'><strong>cro</strong></span> <span class='ocrx_word' id='word_1_132' title='bbox 3529 602 3679 669; x_wconf 85' lang='lat' dir='ltr'><strong>prin-</strong></span> 
     </span>
    </p>
   </div>
   <div class='ocr_carea' id='block_1_20' title="bbox 2094 678 3677 759">
    <p class='ocr_par' dir='ltr' id='par_1_20' title="bbox 2094 678 3677 759">
     <span class='ocr_line' id='line_1_20' title="bbox 2094 678 3677 759; baseline 0.011 -31"><span class='ocrx_word' id='word_1_133' title='bbox 2094 692 2225 749; x_wconf 79' lang='lat' dir='ltr'><strong>ceps</strong></span> <span class='ocrx_word' id='word_1_134' title='bbox 2260 678 2438 749; x_wconf 86' lang='lat' dir='ltr'><strong>populi</strong></span> <span class='ocrx_word' id='word_1_135' title='bbox 2479 680 2657 748; x_wconf 82' lang='lat' dir='ltr'><strong>hujus.</strong></span> <span class='ocrx_word' id='word_1_136' title='bbox 2686 679 2795 750; x_wconf 81' lang='lat'><strong>59</strong></span> <span class='ocrx_word' id='word_1_137' title='bbox 2831 679 2990 738; x_wconf 81' lang='lat' dir='ltr'><strong>Vides</strong></span> <span class='ocrx_word' id='word_1_138' title='bbox 3021 698 3125 751; x_wconf 89' lang='lat' dir='ltr'><strong>quo</strong></span> <span class='ocrx_word' id='word_1_139' title='bbox 3152 697 3344 754; x_wconf 87' lang='lat' dir='ltr'><strong>pacto,</strong></span> <span class='ocrx_word' id='word_1_140' title='bbox 3378 693 3521 759; x_wconf 90' lang='lat' dir='ltr'><strong>quod</strong></span> <span class='ocrx_word' id='word_1_141' title='bbox 3550 690 3677 745; x_wconf 86' lang='lat' dir='ltr'><strong>olim</strong></span> 
     </span>
    </p>
   </div>
   <div class='ocr_carea' id='block_1_21' title="bbox 2093 769 3678 850">
    <p class='ocr_par' dir='ltr' id='par_1_21' title="bbox 2093 769 3678 850">
     <span class='ocr_line' id='line_1_21' title="bbox 2093 769 3678 850; baseline 0.005 -28"><span class='ocrx_word' id='word_1_142' title='bbox 2093 770 2233 838; x_wconf 83' lang='lat' dir='ltr'><strong>apud</strong></span> <span class='ocrx_word' id='word_1_143' title='bbox 2274 784 2370 824; x_wconf 88' lang='lat' dir='ltr'><strong>eos</strong></span> <span class='ocrx_word' id='word_1_144' title='bbox 2411 769 2467 824; x_wconf 91' lang='lat' dir='ltr'><strong>in</strong></span> <span class='ocrx_word' id='word_1_145' title='bbox 2510 787 2722 825; x_wconf 86' lang='lat' dir='ltr'><strong>summo</strong></span> <span class='ocrx_word' id='word_1_146' title='bbox 2764 771 2862 826; x_wconf 80' lang='lat' dir='ltr'><strong>fuit</strong></span> <span class='ocrx_word' id='word_1_147' title='bbox 2908 775 3115 842; x_wconf 82' lang='lat' dir='ltr'><strong>pretio,</strong></span> <span class='ocrx_word' id='word_1_148' title='bbox 3153 792 3385 845; x_wconf 73' lang='lat' dir='ltr'><strong>prmosse</strong></span> <span class='ocrx_word' id='word_1_149' title='bbox 3423 780 3678 850; x_wconf 79' lang='lat' dir='ltr'><strong>inquam,</strong></span> 
     </span>
    </p>
   </div>
   <div class='ocr_carea' id='block_1_22' title="bbox 2094 860 3683 939">
    <p class='ocr_par' dir='ltr' id='par_1_22' title="bbox 2094 860 3683 939">
     <span class='ocr_line' id='line_1_22' title="bbox 2094 860 3683 939; baseline 0.011 -28"><span class='ocrx_word' id='word_1_150' title='bbox 2094 860 2235 929; x_wconf 88' lang='lat' dir='ltr'><strong>quod</strong></span> <span class='ocrx_word' id='word_1_151' title='bbox 2290 861 2474 916; x_wconf 88' lang='lat' dir='ltr'><strong>multis</strong></span> <span class='ocrx_word' id='word_1_152' title='bbox 2522 862 2813 930; x_wconf 77' lang='lat' dir='ltr'><strong>aliquando</strong></span> <span class='ocrx_word' id='word_1_153' title='bbox 2870 865 3078 921; x_wconf 84' lang='lat' dir='ltr'><strong>artibus</strong></span> <span class='ocrx_word' id='word_1_154' title='bbox 3125 870 3409 937; x_wconf 67' lang='lat' dir='ltr'><strong>qntcsitnm</strong></span> <span class='ocrx_word' id='word_1_155' title='bbox 3465 882 3580 939; x_wconf 89' lang='lat' dir='ltr'><strong>est,</strong></span> <span class='ocrx_word' id='word_1_156' title='bbox 3626 886 3683 928; x_wconf 84' lang='lat' dir='ltr'><strong>et</strong></span> 
     </span>
    </p>
   </div>
   <div class='ocr_carea' id='block_1_23' title="bbox 2095 952 3680 1031">
    <p class='ocr_par' dir='ltr' id='par_1_23' title="bbox 2095 952 3680 1031">
     <span class='ocr_line' id='line_1_23' title="bbox 2095 952 3680 1031; baseline 0.007 -27"><span class='ocrx_word' id='word_1_157' title='bbox 2095 953 2286 1021; x_wconf 87' lang='lat' dir='ltr'><strong>paucis</strong></span> <span class='ocrx_word' id='word_1_158' title='bbox 2321 952 2605 1020; x_wconf 89' lang='lat' dir='ltr'><strong>obtigerit,</strong></span> <span class='ocrx_word' id='word_1_159' title='bbox 2644 954 2914 1008; x_wconf 83' lang='lat' dir='ltr'><strong>tribuetur</strong></span> <span class='ocrx_word' id='word_1_160' title='bbox 2948 955 3278 1013; x_wconf 74' lang='lat' dir='ltr'><strong>volentibus.</strong></span> <span class='ocrx_word' id='word_1_161' title='bbox 3315 958 3420 1014; x_wconf 88' lang='lat' dir='ltr'><strong>Sed</strong></span> <span class='ocrx_word' id='word_1_162' title='bbox 3464 961 3587 1031; x_wconf 88' lang='lat' dir='ltr'><strong>quia</strong></span> <span class='ocrx_word' id='word_1_163' title='bbox 3626 964 3680 1015; x_wconf 90' lang='lat' dir='ltr'><strong>in</strong></span> 
     </span>
    </p>
   </div>
   <div class='ocr_carea' id='block_1_24' title="bbox 2095 1046 3685 1122">
    <p class='ocr_par' dir='ltr' id='par_1_24' title="bbox 2095 1046 3685 1122">
     <span class='ocr_line' id='line_1_24' title="bbox 2095 1046 3685 1122; baseline 0.007 -26"><span class='ocrx_word' id='word_1_164' title='bbox 2095 1046 2245 1115; x_wconf 66' lang='lat' dir='ltr'><strong>gravi</strong></span> <span class='ocrx_word' id='word_1_165' title='bbox 2314 1046 2583 1114; x_wconf 82' lang='lat' dir='ltr'><strong>inertique</strong></span> <span class='ocrx_word' id='word_1_166' title='bbox 2643 1047 2992 1103; x_wconf 82' lang='lat' dir='ltr'><strong>mendicitate</strong></span> <span class='ocrx_word' id='word_1_167' title='bbox 3047 1065 3135 1105; x_wconf 90' lang='lat' dir='ltr'><strong>res</strong></span> <span class='ocrx_word' id='word_1_168' title='bbox 3189 1053 3428 1107; x_wconf 89' lang='lat' dir='ltr'><strong>omnium</strong></span> <span class='ocrx_word' id='word_1_169' title='bbox 3491 1055 3685 1122; x_wconf 76' lang='lat' dir='ltr'><strong>posita:</strong></span> 
     </span>
    </p>
   </div>
   <div class='ocr_carea' id='block_1_25' title="bbox 2095 1137 3684 1217">
    <p class='ocr_par' dir='ltr' id='par_1_25' title="bbox 2095 1137 3684 1217">
     <span class='ocr_line' id='line_1_25' title="bbox 2095 1137 3684 1217; baseline 0.005 -27"><span class='ocrx_word' id='word_1_170' title='bbox 2095 1147 2240 1203; x_wconf 82' lang='lat' dir='ltr'><strong>sunt,</strong></span> <span class='ocrx_word' id='word_1_171' title='bbox 2270 1137 2435 1192; x_wconf 88' lang='lat' dir='ltr'><strong>etiam</strong></span> <span class='ocrx_word' id='word_1_172' title='bbox 2470 1140 2583 1193; x_wconf 68' lang='lat' dir='ltr'><strong>hare</strong></span> <span class='ocrx_word' id='word_1_173' title='bbox 2618 1155 2706 1194; x_wconf 88' lang='lat' dir='ltr'><strong>res</strong></span> <span class='ocrx_word' id='word_1_174' title='bbox 2741 1138 2991 1209; x_wconf 79' lang='lat' dir='ltr'><strong>fugienda</strong></span> <span class='ocrx_word' id='word_1_175' title='bbox 3015 1142 3308 1198; x_wconf 81' lang='lat' dir='ltr'><strong>videbitur.</strong></span> <span class='ocrx_word' id='word_1_176' title='bbox 3337 1144 3486 1201; x_wconf 84' lang='lat' dir='ltr'><strong>Licet</strong></span> <span class='ocrx_word' id='word_1_177' title='bbox 3522 1146 3684 1217; x_wconf 77' lang='lat' dir='ltr'><strong>igitur</strong></span> 
     </span>
    </p>
   </div>
   <div class='ocr_carea' id='block_1_26' title="bbox 2094 1230 3674 1306">
    <p class='ocr_par' dir='ltr' id='par_1_26' title="bbox 2094 1230 3674 1306">
     <span class='ocr_line' id='line_1_26' title="bbox 2094 1230 3674 1306; baseline 0.006 -21"><span class='ocrx_word' id='word_1_178' title='bbox 2094 1244 2160 1285; x_wconf 75' lang='lat' dir='ltr'><strong>ex</strong></span> <span class='ocrx_word' id='word_1_179' title='bbox 2194 1230 2354 1285; x_wconf 87' lang='lat' dir='ltr'><strong>rebus</strong></span> <span class='ocrx_word' id='word_1_180' title='bbox 2386 1230 2518 1300; x_wconf 84' lang='lat' dir='ltr'><strong>ipsis</strong></span> <span class='ocrx_word' id='word_1_181' title='bbox 2546 1233 2877 1302; x_wconf 89' lang='lat' dir='ltr'><strong>perspicere,</strong></span> <span class='ocrx_word' id='word_1_182' title='bbox 2899 1249 2965 1289; x_wconf 77' lang='lat' dir='ltr'><strong>ex</strong></span> <span class='ocrx_word' id='word_1_183' title='bbox 2997 1249 3101 1305; x_wconf 87' lang='lat' dir='ltr'><strong>qua</strong></span> <span class='ocrx_word' id='word_1_184' title='bbox 3130 1243 3183 1292; x_wconf 88' lang='lat' dir='ltr'><strong>et</strong></span> <span class='ocrx_word' id='word_1_185' title='bbox 3206 1238 3351 1306; x_wconf 80' lang='lat' dir='ltr'><strong>quali</strong></span> <span class='ocrx_word' id='word_1_186' title='bbox 3385 1237 3598 1293; x_wconf 76' lang='lat' dir='ltr'><strong>fortuna</strong></span> <span class='ocrx_word' id='word_1_187' title='bbox 3628 1240 3674 1294; x_wconf 87' lang='lat' dir='ltr'><strong>itt</strong></span> 
     </span>
    </p>
   </div>
   <div class='ocr_carea' id='block_1_27' title="bbox 2098 1323 3680 1389">
    <p class='ocr_par' dir='ltr' id='par_1_27' title="bbox 2098 1323 3680 1389">
     <span class='ocr_line' id='line_1_27' title="bbox 2098 1323 3680 1389; baseline 0.008 -16"><span class='ocrx_word' id='word_1_188' title='bbox 2098 1337 2261 1389; x_wconf 89' lang='lat' dir='ltr'><strong>quam</strong></span> <span class='ocrx_word' id='word_1_189' title='bbox 2304 1323 2558 1379; x_wconf 82' lang='lat' dir='ltr'><strong>miseram</strong></span> <span class='ocrx_word' id='word_1_190' title='bbox 2604 1326 2972 1381; x_wconf 84' lang='lat' dir='ltr'><strong>conditionem</strong></span> <span class='ocrx_word' id='word_1_191' title='bbox 3019 1328 3178 1383; x_wconf 89' lang='lat' dir='ltr'><strong>ierint</strong></span> <span class='ocrx_word' id='word_1_192' title='bbox 3223 1345 3311 1384; x_wconf 89' lang='lat' dir='ltr'><strong>res</strong></span> <span class='ocrx_word' id='word_1_193' title='bbox 3350 1328 3680 1387; x_wconf 60' lang='lat' dir='ltr'><strong>Iudaeorum.</strong></span> 
     </span>
    </p>
   </div>
   <div class='ocr_carea' id='block_1_28' title="bbox 2099 1414 3683 1494">
    <p class='ocr_par' dir='ltr' id='par_1_28' title="bbox 2099 1414 3683 1494">
     <span class='ocr_line' id='line_1_28' title="bbox 2099 1414 3683 1494; baseline 0.004 -23"><span class='ocrx_word' id='word_1_194' title='bbox 2099 1414 2454 1471; x_wconf 75' lang='lat' dir='ltr'><strong>Oll&#39;cudcrunt</strong></span> <span class='ocrx_word' id='word_1_195' title='bbox 2494 1432 2729 1486; x_wconf 81' lang='lat' dir='ltr'><strong>namque</strong></span> <span class='ocrx_word' id='word_1_196' title='bbox 2781 1418 2963 1474; x_wconf 88' lang='lat' dir='ltr'><strong>miseri</strong></span> <span class='ocrx_word' id='word_1_197' title='bbox 3010 1421 3321 1488; x_wconf 85' lang='lat' dir='ltr'><strong>Christum,</strong></span> <span class='ocrx_word' id='word_1_198' title='bbox 3368 1423 3459 1494; x_wconf 89' lang='lat' dir='ltr'><strong>qui</strong></span> <span class='ocrx_word' id='word_1_199' title='bbox 3505 1425 3683 1479; x_wconf 84' lang='lat' dir='ltr'><strong>omnia</strong></span> 
     </span>
    </p>
   </div>
   <div class='ocr_carea' id='block_1_29' title="bbox 2100 1508 3688 1584">
    <p class='ocr_par' dir='ltr' id='par_1_29' title="bbox 2100 1508 3688 1584">
     <span class='ocr_line' id='line_1_29' title="bbox 2100 1508 3688 1584; baseline 0.003 -20"><span class='ocrx_word' id='word_1_200' title='bbox 2100 1508 2257 1564; x_wconf 88' lang='lat' dir='ltr'><strong>nobis</strong></span> <span class='ocrx_word' id='word_1_201' title='bbox 2288 1509 2428 1565; x_wconf 87' lang='lat' dir='ltr'><strong>bona</strong></span> <span class='ocrx_word' id='word_1_202' title='bbox 2465 1509 2747 1578; x_wconf 87' lang='lat' dir='ltr'><strong>opulenter</strong></span> <span class='ocrx_word' id='word_1_203' title='bbox 2776 1509 3084 1579; x_wconf 84' lang='lat' dir='ltr'><strong>distribuit,</strong></span> <span class='ocrx_word' id='word_1_204' title='bbox 3120 1513 3214 1584; x_wconf 89' lang='lat' dir='ltr'><strong>qui</strong></span> <span class='ocrx_word' id='word_1_205' title='bbox 3255 1514 3425 1584; x_wconf 84' lang='lat' dir='ltr'><strong>gloria</strong></span> <span class='ocrx_word' id='word_1_206' title='bbox 3463 1527 3688 1570; x_wconf 80' lang='lat' dir='ltr'><strong>coronat</strong></span> 
     </span>
    </p>
   </div>
   <div class='ocr_carea' id='block_1_30' title="bbox 2099 1600 3687 1675">
    <p class='ocr_par' dir='ltr' id='par_1_30' title="bbox 2099 1600 3687 1675">
     <span class='ocr_line' id='line_1_30' title="bbox 2099 1600 3687 1675; baseline 0.004 -18"><span class='ocrx_word' id='word_1_207' title='bbox 2099 1604 2384 1671; x_wconf 77' lang='lat' dir='ltr'><strong>diligentes</strong></span> <span class='ocrx_word' id='word_1_208' title='bbox 2409 1618 2489 1671; x_wconf 90' lang='lat' dir='ltr'><strong>se,</strong></span> <span class='ocrx_word' id='word_1_209' title='bbox 2509 1603 2601 1673; x_wconf 91' lang='lat' dir='ltr'><strong>qui</strong></span> <span class='ocrx_word' id='word_1_210' title='bbox 2628 1603 2784 1660; x_wconf 88' lang='lat' dir='ltr'><strong>donis</strong></span> <span class='ocrx_word' id='word_1_211' title='bbox 2812 1600 3189 1675; x_wconf 75' lang='lat' dir='ltr'><strong>s&#39;piritualibus</strong></span> <span class='ocrx_word' id='word_1_212' title='bbox 3214 1621 3439 1664; x_wconf 84' lang='lat' dir='ltr'><strong>suorum</strong></span> <span class='ocrx_word' id='word_1_213' title='bbox 3471 1611 3687 1665; x_wconf 79' lang='lat' dir='ltr'><strong>animus</strong></span> 
     </span>
    </p>
   </div>
   <div class='ocr_carea' id='block_1_31' title="bbox 2091 1695 2408 1766">
    <p class='ocr_par' dir='ltr' id='par_1_31' title="bbox 2091 1695 2408 1766">
     <span class='ocr_line' id='line_1_31' title="bbox 2091 1695 2408 1766; baseline 0 -16"><span class='ocrx_word' id='word_1_214' title='bbox 2091 1695 2408 1766; x_wconf 85' lang='lat' dir='ltr'><strong>locupletat.</strong></span> 
     </span>
    </p>
   </div>
   <div class='ocr_carea' id='block_1_32' title="bbox 391 1784 3688 1860">
    <p class='ocr_par' dir='ltr' id='par_1_32' title="bbox 391 1784 3688 1860">
     <span class='ocr_line' id='line_1_32' title="bbox 391 1784 3688 1860; baseline 0.001 -18"><span class='ocrx_word' id='word_1_215' title='bbox 391 1788 494 1858; x_wconf 76' lang='grc' dir='ltr'>μὲν</span> <span class='ocrx_word' id='word_1_216' title='bbox 531 1787 663 1860; x_wconf 79' lang='grc' dir='ltr'><strong>δόξῃ</strong></span> <span class='ocrx_word' id='word_1_217' title='bbox 696 1790 826 1852; x_wconf 79' lang='grc' dir='ltr'>τοὺς</span> <span class='ocrx_word' id='word_1_218' title='bbox 859 1788 1194 1859; x_wconf 83' lang='grc' dir='ltr'>ἀγαπῶντας</span> <span class='ocrx_word' id='word_1_219' title='bbox 1223 1789 1409 1855; x_wconf 81' lang='grc' dir='ltr'>αὐτὸν,</span> <span class='ocrx_word' id='word_1_220' title='bbox 1480 1788 1789 1860; x_wconf 87' lang='grc' dir='ltr'>χαρίσμασι</span> <span class='ocrx_word' id='word_1_221' title='bbox 1824 1785 1881 1840; x_wconf 83' lang='grc' dir='ltr'>δὲ</span> <span class='ocrx_word' id='word_1_222' title='bbox 1951 1788 2065 1850; x_wconf 88' lang='grc' dir='ltr'>τοῖς</span> <span class='ocrx_word' id='word_1_223' title='bbox 2104 1787 2494 1858; x_wconf 82' lang='grc' dir='ltr'><strong>πνευματικοῖς</strong></span> <span class='ocrx_word' id='word_1_224' title='bbox 2535 1785 2635 1850; x_wconf 81' lang='grc' dir='ltr'>τὰς</span> <span class='ocrx_word' id='word_1_225' title='bbox 2672 1784 2781 1841; x_wconf 88' lang='grc' dir='ltr'><strong>τῶν</strong></span> <span class='ocrx_word' id='word_1_226' title='bbox 2813 1785 3056 1858; x_wconf 84' lang='grc' dir='ltr'>γνησίων</span> <span class='ocrx_word' id='word_1_227' title='bbox 3100 1786 3282 1859; x_wconf 75' lang='grc' dir='ltr'>ψυχὰς</span> <span class='ocrx_word' id='word_1_228' title='bbox 3327 1790 3688 1847; x_wconf 72' lang='grc' dir='ltr'>καταπλουτί-</span> 
     </span>
    </p>
   </div>
   <div class='ocr_carea' id='block_1_33' title="bbox 388 1882 562 1948">
    <p class='ocr_par' dir='ltr' id='par_1_33' title="bbox 388 1882 562 1948">
     <span class='ocr_line' id='line_1_33' title="bbox 388 1882 562 1948; baseline 0 -11"><span class='ocrx_word' id='word_1_229' title='bbox 388 1882 516 1948; x_wconf 85' lang='grc' dir='ltr'>ζοντ</span> <span class='ocrx_word' id='word_1_230' title='bbox 524 1902 562 1937; x_wconf 91' lang='grc' dir='ltr'>ι.</span> 
     </span>
    </p>
   </div>
   <div class='ocr_carea' id='block_1_34' title="bbox 461 1971 1997 2051">
    <p class='ocr_par' dir='ltr' id='par_1_34' title="bbox 461 1977 1993 2051">
     <span class='ocr_line' id='line_1_34' title="bbox 461 1977 1993 2051; baseline 0.001 -20"><span class='ocrx_word' id='word_1_231' title='bbox 461 1978 598 2032; x_wconf 78' lang='grc' dir='ltr'>Ὀτι</span> <span class='ocrx_word' id='word_1_232' title='bbox 628 1977 859 2033; x_wconf 78' lang='grc' dir='ltr'><strong>ἀνεῖται</strong></span> <span class='ocrx_word' id='word_1_233' title='bbox 895 1980 935 2051; x_wconf 79' lang='grc' dir='ltr'>ἡ</span> <span class='ocrx_word' id='word_1_234' title='bbox 974 1979 1398 2051; x_wconf 75' lang='grc' dir='ltr'>Ἰερουσαλὴμ,</span> <span class='ocrx_word' id='word_1_235' title='bbox 1422 1980 1520 2036; x_wconf 75' lang='grc' dir='ltr'><strong>καί</strong></span> <span class='ocrx_word' id='word_1_236' title='bbox 1558 1979 1807 2036; x_wconf 77' lang='grc' dir='ltr'><strong>Ἰουδαία</strong></span> <span class='ocrx_word' id='word_1_237' title='bbox 1835 1994 1993 2049; x_wconf 85' lang='grc' dir='ltr'>συμ-</span> 
     </span>
    </p>
   </div>
   <div class='ocr_carea' id='block_1_35' title="bbox 2099 1971 3689 2051">
    <p class='ocr_par' dir='ltr' id='par_1_35' title="bbox 2168 1971 3689 2043">
     <span class='ocr_line' id='line_1_35' title="bbox 2168 1971 3689 2043; baseline 0.008 -16"><span class='ocrx_word' id='word_1_238' title='bbox 2168 1971 2337 2030; x_wconf 68' lang='lat' dir='ltr'><strong>Vnus.</strong></span> <span class='ocrx_word' id='word_1_239' title='bbox 2361 1972 2414 2028; x_wconf 92' lang='lat'><strong>8.</strong></span> <span class='ocrx_word' id='word_1_240' title='bbox 2448 1971 2587 2039; x_wconf 86' lang='lat' dir='ltr'><strong>Quia</strong></span> <span class='ocrx_word' id='word_1_241' title='bbox 2629 1972 2892 2028; x_wconf 75' lang='lat' dir='ltr'><strong>dissoluta</strong></span> <span class='ocrx_word' id='word_1_242' title='bbox 2933 1981 3011 2029; x_wconf 76' lang='lat' dir='ltr'><strong>est</strong></span> <span class='ocrx_word' id='word_1_243' title='bbox 3043 1974 3374 2043; x_wconf 72' lang='lat' dir='ltr'><strong>Jerusalem,</strong></span> <span class='ocrx_word' id='word_1_244' title='bbox 3403 1988 3455 2033; x_wconf 88' lang='lat' dir='ltr'><strong>et</strong></span> <span class='ocrx_word' id='word_1_245' title='bbox 3492 1978 3689 2039; x_wconf 79' lang='lat' dir='ltr'><strong>Juda&#39;a</strong></span> 
     </span>
    </p>
   </div>
   <div class='ocr_carea' id='block_1_36' title="bbox 386 2070 1995 2144">
    <p class='ocr_par' dir='ltr' id='par_1_36' title="bbox 386 2070 1995 2144">
     <span class='ocr_line' id='line_1_36' title="bbox 386 2070 1995 2144; baseline 0.001 -20"><span class='ocrx_word' id='word_1_246' title='bbox 386 2070 729 2136; x_wconf 65' lang='grc' dir='ltr'>πέπτωκεν,</span> <span class='ocrx_word' id='word_1_247' title='bbox 766 2071 867 2126; x_wconf 79' lang='grc' dir='ltr'>καὶ</span> <span class='ocrx_word' id='word_1_248' title='bbox 892 2073 931 2141; x_wconf 79' lang='grc' dir='ltr'><strong><em>ἠ</em></strong></span> <span class='ocrx_word' id='word_1_249' title='bbox 957 2072 1214 2144; x_wconf 77' lang='grc' dir='ltr'>γλῶσσα</span> <span class='ocrx_word' id='word_1_250' title='bbox 1236 2072 1436 2128; x_wconf 81' lang='grc' dir='ltr'>αὐτῶν</span> <span class='ocrx_word' id='word_1_251' title='bbox 1453 2072 1606 2144; x_wconf 79' lang='grc' dir='ltr'>μετὰ</span> <span class='ocrx_word' id='word_1_252' title='bbox 1628 2073 1902 2144; x_wconf 78' lang='grc' dir='ltr'><strong>ἀνομίας,</strong></span> <span class='ocrx_word' id='word_1_253' title='bbox 1922 2071 1995 2126; x_wconf 83' lang='grc' dir='ltr'>τὰ</span> 
     </span>
    </p>
   </div>
   <div class='ocr_carea' id='block_1_37' title="bbox 384 2163 1247 2232">
    <p class='ocr_par' dir='ltr' id='par_1_37' title="bbox 384 2163 1247 2232">
     <span class='ocr_line' id='line_1_37' title="bbox 384 2163 1247 2232; baseline 0.009 -18"><span class='ocrx_word' id='word_1_254' title='bbox 384 2163 544 2231; x_wconf 74' lang='grc' dir='ltr'>πρὸς</span> <span class='ocrx_word' id='word_1_255' title='bbox 574 2163 729 2217; x_wconf 80' lang='grc' dir='ltr'>Θεὸν</span> <span class='ocrx_word' id='word_1_256' title='bbox 758 2164 1174 2232; x_wconf 81' lang='grc' dir='ltr'>ἀπειθοῦντες.</span> <span class='ocrx_word' id='word_1_257' title='bbox 1242 2170 1247 2177; x_wconf 66' lang='grc'><em>“</em></span> 
     </span>
    </p>
   </div>
   <div class='ocr_carea' id='block_1_38' title="bbox 459 2253 1997 2327">
    <p class='ocr_par' dir='ltr' id='par_1_38' title="bbox 459 2253 1997 2327">
     <span class='ocr_line' id='line_1_38' title="bbox 459 2253 1997 2327; baseline 0.001 -21"><span class='ocrx_word' id='word_1_258' title='bbox 459 2253 944 2325; x_wconf 81' lang='grc' dir='ltr'>Συμπεπτωκέναι</span> <span class='ocrx_word' id='word_1_259' title='bbox 973 2256 1110 2326; x_wconf 79' lang='grc' dir='ltr'>φησὶ</span> <span class='ocrx_word' id='word_1_260' title='bbox 1135 2254 1236 2327; x_wconf 76' lang='grc' dir='ltr'>τὴν</span> <span class='ocrx_word' id='word_1_261' title='bbox 1274 2254 1556 2319; x_wconf 83' lang='grc' dir='ltr'>Ἰουδαίαν,</span> <span class='ocrx_word' id='word_1_262' title='bbox 1581 2253 1833 2326; x_wconf 84' lang='grc' dir='ltr'>καθάπερ</span> <span class='ocrx_word' id='word_1_263' title='bbox 1860 2253 1997 2326; x_wconf 78' lang='grc' dir='ltr'><strong>ἀμέ-</strong></span> 
     </span>
    </p>
   </div>
   <div class='ocr_carea' id='block_1_39' title="bbox 384 2342 1995 2420">
    <p class='ocr_par' dir='ltr' id='par_1_39' title="bbox 384 2342 1995 2420">
     <span class='ocr_line' id='line_1_39' title="bbox 384 2342 1995 2420; baseline 0.001 -23"><span class='ocrx_word' id='word_1_264' title='bbox 384 2344 470 2398; x_wconf 83' lang='grc' dir='ltr'><strong>λει</strong></span> <span class='ocrx_word' id='word_1_265' title='bbox 501 2347 601 2397; x_wconf 82' lang='grc' dir='ltr'>καὶ</span> <span class='ocrx_word' id='word_1_266' title='bbox 627 2342 778 2399; x_wconf 81' lang='grc' dir='ltr'>οἶκον</span> <span class='ocrx_word' id='word_1_267' title='bbox 814 2347 932 2401; x_wconf 66' lang='grc' dir='ltr'>ἕνα,</span> <span class='ocrx_word' id='word_1_268' title='bbox 972 2348 1173 2401; x_wconf 80' lang='grc' dir='ltr'>Παθεῖν</span> <span class='ocrx_word' id='word_1_269' title='bbox 1208 2347 1263 2401; x_wconf 86' lang='grc' dir='ltr'>δὲ</span> <span class='ocrx_word' id='word_1_270' title='bbox 1287 2347 1448 2401; x_wconf 86' lang='grc' dir='ltr'>τοῦτο</span> <span class='ocrx_word' id='word_1_271' title='bbox 1477 2346 1872 2420; x_wconf 76' lang='grc' dir='ltr'>διῖσχυρίζεται</span> <span class='ocrx_word' id='word_1_272' title='bbox 1905 2345 1995 2400; x_wconf 79' lang='grc' dir='ltr'>διὰ</span> 
     </span>
    </p>
   </div>
   <div class='ocr_carea' id='block_1_40' title="bbox 387 2437 1996 2512">
    <p class='ocr_par' dir='ltr' id='par_1_40' title="bbox 387 2437 1996 2512">
     <span class='ocr_line' id='line_1_40' title="bbox 387 2437 1996 2512; baseline 0.001 -21"><span class='ocrx_word' id='word_1_273' title='bbox 387 2437 557 2492; x_wconf 75' lang='grc' dir='ltr'>ποίαν</span> <span class='ocrx_word' id='word_1_274' title='bbox 584 2438 792 2506; x_wconf 85' lang='grc' dir='ltr'>αὶτίαν;</span> <span class='ocrx_word' id='word_1_275' title='bbox 831 2441 898 2493; x_wconf 89' lang='grc' dir='ltr'>Τί</span> <span class='ocrx_word' id='word_1_276' title='bbox 934 2440 991 2494; x_wconf 84' lang='grc' dir='ltr'>δὲ</span> <span class='ocrx_word' id='word_1_277' title='bbox 1022 2441 1123 2494; x_wconf 76' lang='grc' dir='ltr'>καὶ</span> <span class='ocrx_word' id='word_1_278' title='bbox 1144 2442 1393 2509; x_wconf 85' lang='grc' dir='ltr'>ἀνεῖται;</span> <span class='ocrx_word' id='word_1_279' title='bbox 1424 2439 1583 2494; x_wconf 74' lang='grc' dir='ltr'>Τοῦτ’</span> <span class='ocrx_word' id='word_1_280' title='bbox 1610 2442 1778 2506; x_wconf 74' lang='grc' dir='ltr'>ἔστιν,</span> <span class='ocrx_word' id='word_1_281' title='bbox 1808 2438 1996 2512; x_wconf 76' lang='grc' dir='ltr'>ὴφήθη</span> 
     </span>
    </p>
   </div>
   <div class='ocr_carea' id='block_1_41' title="bbox 386 2533 1996 2607">
    <p class='ocr_par' dir='ltr' id='par_1_41' title="bbox 386 2533 1996 2607">
     <span class='ocr_line' id='line_1_41' title="bbox 386 2533 1996 2607; baseline 0 -21"><span class='ocrx_word' id='word_1_282' title='bbox 386 2534 422 2604; x_wconf 76' lang='grc' dir='ltr'><strong>ἢ</strong></span> <span class='ocrx_word' id='word_1_283' title='bbox 471 2533 934 2600; x_wconf 77' lang='grc' dir='ltr'><strong>καταλέλειπται,</strong></span> <span class='ocrx_word' id='word_1_284' title='bbox 979 2534 1258 2607; x_wconf 85' lang='grc' dir='ltr'>φροντίδος</span> <span class='ocrx_word' id='word_1_285' title='bbox 1288 2535 1557 2607; x_wconf 80' lang='grc' dir='ltr'><strong>ἀμέτοχος</strong></span> <span class='ocrx_word' id='word_1_286' title='bbox 1598 2534 1866 2605; x_wconf 80' lang='grc' dir='ltr'><strong>γενομένη</strong></span> <span class='ocrx_word' id='word_1_287' title='bbox 1898 2533 1996 2604; x_wconf 86' lang='grc' dir='ltr'>τῆς</span> 
     </span>
    </p>
   </div>
   <div class='ocr_carea' id='block_1_42' title="bbox 390 2625 1993 2701">
    <p class='ocr_par' dir='ltr' id='par_1_42' title="bbox 390 2625 1993 2701">
     <span class='ocr_line' id='line_1_42' title="bbox 390 2625 1993 2701; baseline -0.001 -20"><span class='ocrx_word' id='word_1_288' title='bbox 390 2628 549 2697; x_wconf 74' lang='grc' dir='ltr'>παρὰ</span> <span class='ocrx_word' id='word_1_289' title='bbox 609 2625 875 2700; x_wconf 84' lang='grc' dir='ltr'>Χριστοῦ.</span> <span class='ocrx_word' id='word_1_290' title='bbox 937 2630 1177 2683; x_wconf 84' lang='grc' dir='ltr'>Ἤκουον</span> <span class='ocrx_word' id='word_1_291' title='bbox 1233 2628 1344 2701; x_wconf 79' lang='grc' dir='ltr'>γὰρ</span> <span class='ocrx_word' id='word_1_292' title='bbox 1408 2629 1662 2698; x_wconf 83' lang='grc' dir='ltr'>λέγοντος</span> <span class='ocrx_word' id='word_1_293' title='bbox 1725 2626 1993 2698; x_wconf 74' lang='grc' dir='ltr'>ἐναργῶς*</span> 
     </span>
    </p>
   </div>
   <div class='ocr_carea' id='block_1_43' title="bbox 394 2718 1998 2796">
    <p class='ocr_par' dir='ltr' id='par_1_43' title="bbox 394 2718 1998 2796">
     <span class='ocr_line' id='line_1_43' title="bbox 394 2718 1998 2796; baseline 0 -22"><span class='ocrx_word' id='word_1_294' title='bbox 394 2739 414 2774; x_wconf 78' lang='grc' dir='ltr'><strong>ι</strong></span> <span class='ocrx_word' id='word_1_295' title='bbox 458 2722 595 2776; x_wconf 78' lang='grc' dir='ltr'>Ἰδοὺ</span> <span class='ocrx_word' id='word_1_296' title='bbox 627 2722 852 2793; x_wconf 78' lang='grc' dir='ltr'>ἀφίεται</span> <span class='ocrx_word' id='word_1_297' title='bbox 885 2724 1018 2794; x_wconf 83' lang='grc' dir='ltr'>ὑμῖν</span> <span class='ocrx_word' id='word_1_298' title='bbox 1049 2723 1078 2776; x_wconf 84' lang='grc' dir='ltr'>ὁ</span> <span class='ocrx_word' id='word_1_299' title='bbox 1100 2718 1249 2789; x_wconf 71' lang='grc' dir='ltr'>οἶκος</span> <span class='ocrx_word' id='word_1_300' title='bbox 1269 2722 1445 2796; x_wconf 85' lang='grc' dir='ltr'>ὑμῶν.</span> <span class='ocrx_word' id='word_1_301' title='bbox 1480 2742 1499 2776; x_wconf 74' lang='grc' dir='ltr'><strong>ι</strong></span> <span class='ocrx_word' id='word_1_302' title='bbox 1527 2723 1792 2778; x_wconf 82' lang='grc' dir='ltr'>Πέπτωκε</span> <span class='ocrx_word' id='word_1_303' title='bbox 1817 2722 1998 2775; x_wconf 84' lang='grc' dir='ltr'>τοίνυν</span> 
     </span>
    </p>
   </div>
   <div class='ocr_carea' id='block_1_44' title="bbox 388 2813 1999 2887">
    <p class='ocr_par' dir='ltr' id='par_1_44' title="bbox 388 2813 1999 2887">
     <span class='ocr_line' id='line_1_44' title="bbox 388 2813 1999 2887; baseline 0 -20"><span class='ocrx_word' id='word_1_304' title='bbox 388 2814 493 2867; x_wconf 72' lang='grc' dir='ltr'>οὐκ</span> <span class='ocrx_word' id='word_1_305' title='bbox 555 2813 757 2885; x_wconf 74' lang='grc' dir='ltr'>ἔχουσα</span> <span class='ocrx_word' id='word_1_306' title='bbox 806 2815 899 2869; x_wconf 82' lang='grc' dir='ltr'><strong>τὸν</strong></span> <span class='ocrx_word' id='word_1_307' title='bbox 950 2815 1252 2887; x_wconf 75' lang='grc' dir='ltr'>ἐγείροντα,</span> <span class='ocrx_word' id='word_1_308' title='bbox 1310 2816 1402 2870; x_wconf 72' lang='grc' dir='ltr'><strong>καὶ</strong></span> <span class='ocrx_word' id='word_1_309' title='bbox 1447 2814 1640 2880; x_wconf 78' lang='grc' dir='ltr'><strong>σώζειν</strong></span> <span class='ocrx_word' id='word_1_310' title='bbox 1683 2815 1861 2883; x_wconf 74' lang='grc' dir='ltr'>εἰδῷτα</span> <span class='ocrx_word' id='word_1_311' title='bbox 1904 2814 1999 2868; x_wconf 74' lang='grc' dir='ltr'><strong>καὶ</strong></span> 
     </span>
    </p>
   </div>
   <div class='ocr_carea' id='block_1_45' title="bbox 387 2904 1998 2980">
    <p class='ocr_par' dir='ltr' id='par_1_45' title="bbox 387 2904 1998 2980">
     <span class='ocr_line' id='line_1_45' title="bbox 387 2904 1998 2980; baseline 0.001 -20"><span class='ocrx_word' id='word_1_312' title='bbox 387 2904 717 2975; x_wconf 78' lang='grc' dir='ltr'>δυνάμενον.</span> <span class='ocrx_word' id='word_1_313' title='bbox 777 2906 1041 2980; x_wconf 84' lang='grc' dir='ltr'>Θεμέλιος</span> <span class='ocrx_word' id='word_1_314' title='bbox 1085 2908 1186 2980; x_wconf 81' lang='grc' dir='ltr'>μὲν</span> <span class='ocrx_word' id='word_1_315' title='bbox 1228 2910 1336 2980; x_wconf 90' lang='grc' dir='ltr'><strong>γάρ</strong></span> <span class='ocrx_word' id='word_1_316' title='bbox 1370 2911 1519 2963; x_wconf 81' lang='grc' dir='ltr'>ἐστιν</span> <span class='ocrx_word' id='word_1_317' title='bbox 1556 2910 1585 2962; x_wconf 84' lang='grc' dir='ltr'>ὁ</span> <span class='ocrx_word' id='word_1_318' title='bbox 1616 2908 1871 2980; x_wconf 83' lang='grc' dir='ltr'>Χριστὸς,</span> <span class='ocrx_word' id='word_1_319' title='bbox 1902 2908 1998 2962; x_wconf 81' lang='grc' dir='ltr'>καὶ</span> 
     </span>
    </p>
   </div>
   <div class='ocr_carea' id='block_1_46' title="bbox 391 3000 1998 3075">
    <p class='ocr_par' dir='ltr' id='par_1_46' title="bbox 391 3000 1998 3075">
     <span class='ocr_line' id='line_1_46' title="bbox 391 3000 1998 3075; baseline 0.001 -22"><span class='ocrx_word' id='word_1_320' title='bbox 391 3003 483 3055; x_wconf 75' lang='grc' dir='ltr'><strong>ἐπ’</strong></span> <span class='ocrx_word' id='word_1_321' title='bbox 508 3000 665 3071; x_wconf 87' lang='grc' dir='ltr'>αὐτῷ</span> <span class='ocrx_word' id='word_1_322' title='bbox 698 3003 902 3066; x_wconf 74' lang='grc' dir='ltr'>πάντες</span> <span class='ocrx_word' id='word_1_323' title='bbox 937 3002 1463 3075; x_wconf 80' lang='grc' dir='ltr'>ἐποικοδομούμεθα,</span> <span class='ocrx_word' id='word_1_324' title='bbox 1498 3001 1635 3056; x_wconf 87' lang='grc' dir='ltr'>λίθοι</span> <span class='ocrx_word' id='word_1_325' title='bbox 1664 3002 1867 3066; x_wconf 78' lang='grc' dir='ltr'>ζῶντες</span> <span class='ocrx_word' id='word_1_326' title='bbox 1903 3002 1998 3055; x_wconf 74' lang='grc' dir='ltr'>καὶ</span> 
     </span>
    </p>
   </div>
   <div class='ocr_carea' id='block_1_47' title="bbox 390 3094 2001 3169">
    <p class='ocr_par' dir='ltr' id='par_1_47' title="bbox 390 3094 2001 3169">
     <span class='ocr_line' id='line_1_47' title="bbox 390 3094 2001 3169; baseline 0.002 -23"><span class='ocrx_word' id='word_1_327' title='bbox 390 3094 788 3165; x_wconf 77' lang='grc' dir='ltr'>πνευματικοὶ,</span> <span class='ocrx_word' id='word_1_328' title='bbox 836 3094 931 3147; x_wconf 78' lang='grc' dir='ltr'><strong>καὶ</strong></span> <span class='ocrx_word' id='word_1_329' title='bbox 975 3095 1562 3169; x_wconf 72' lang='grc' dir='ltr'>συναρμολογούμενοι,</span> <span class='ocrx_word' id='word_1_330' title='bbox 1596 3095 1691 3149; x_wconf 76' lang='grc' dir='ltr'><strong>καὶ</strong></span> <span class='ocrx_word' id='word_1_331' title='bbox 1736 3094 2001 3166; x_wconf 77' lang='grc' dir='ltr'>συμϐιϐα-</span> 
     </span>
    </p>
   </div>
   <div class='ocr_carea' id='block_1_48' title="bbox 391 3183 1999 3257">
    <p class='ocr_par' dir='ltr' id='par_1_48' title="bbox 391 3183 1999 3257">
     <span class='ocr_line' id='line_1_48' title="bbox 391 3183 1999 3257; baseline 0.001 -20"><span class='ocrx_word' id='word_1_332' title='bbox 391 3183 618 3254; x_wconf 62' lang='lat' dir='ltr'><strong>{ipsum</strong></span> <span class='ocrx_word' id='word_1_333' title='bbox 655 3183 869 3257; x_wconf 88' lang='grc' dir='ltr'>νοητῶς</span> <span class='ocrx_word' id='word_1_334' title='bbox 938 3186 1021 3251; x_wconf 86' lang='grc' dir='ltr'><strong>είς</strong></span> <span class='ocrx_word' id='word_1_335' title='bbox 1058 3187 1186 3240; x_wconf 81' lang='grc' dir='ltr'>ναὸν</span> <span class='ocrx_word' id='word_1_336' title='bbox 1228 3187 1406 3256; x_wconf 83' lang='grc' dir='ltr'>ἆγιον,</span> <span class='ocrx_word' id='word_1_337' title='bbox 1454 3188 1535 3253; x_wconf 86' lang='grc' dir='ltr'><strong>είς</strong></span> <span class='ocrx_word' id='word_1_338' title='bbox 1575 3186 1999 3257; x_wconf 75' lang='grc' dir='ltr'>κατοικητήριον</span> 
     </span>
    </p>
   </div>
   <div class='ocr_carea' id='block_1_49' title="bbox 390 3276 1995 3352">
    <p class='ocr_par' dir='ltr' id='par_1_49' title="bbox 390 3276 1995 3352">
     <span class='ocr_line' id='line_1_49' title="bbox 390 3276 1995 3352; baseline 0.001 -20"><span class='ocrx_word' id='word_1_339' title='bbox 390 3278 488 3332; x_wconf 83' lang='grc' dir='ltr'><strong>τοῦ</strong></span> <span class='ocrx_word' id='word_1_340' title='bbox 518 3276 685 3340; x_wconf 87' lang='grc' dir='ltr'>Θεοῦ,</span> <span class='ocrx_word' id='word_1_341' title='bbox 711 3280 771 3332; x_wconf 82' lang='grc' dir='ltr'><strong>ὲν</strong></span> <span class='ocrx_word' id='word_1_342' title='bbox 794 3278 1097 3349; x_wconf 74' lang='grc' dir='ltr'>Πνεῦματι,</span> <span class='ocrx_word' id='word_1_343' title='bbox 1130 3280 1225 3333; x_wconf 76' lang='grc' dir='ltr'><strong>καὶ</strong></span> <span class='ocrx_word' id='word_1_344' title='bbox 1255 3280 1419 3352; x_wconf 76' lang='grc' dir='ltr'>ἐσμὲν</span> <span class='ocrx_word' id='word_1_345' title='bbox 1443 3281 1529 3334; x_wconf 82' lang='grc' dir='ltr'><strong>ἐπ’</strong></span> <span class='ocrx_word' id='word_1_346' title='bbox 1554 3281 1702 3351; x_wconf 78' lang='grc' dir='ltr'>αὐτῷ</span> <span class='ocrx_word' id='word_1_347' title='bbox 1731 3280 1995 3351; x_wconf 81' lang='grc' dir='ltr'>κείμενοι.</span> 
     </span>
    </p>
   </div>
   <div class='ocr_carea' id='block_1_50' title="bbox 391 3370 1999 3445">
    <p class='ocr_par' dir='ltr' id='par_1_50' title="bbox 391 3370 1999 3445">
     <span class='ocr_line' id='line_1_50' title="bbox 391 3370 1999 3445; baseline -0.001 -19"><span class='ocrx_word' id='word_1_348' title='bbox 391 3373 505 3426; x_wconf 67' lang='grc' dir='ltr'>Καὶ</span> <span class='ocrx_word' id='word_1_349' title='bbox 534 3370 750 3426; x_wconf 78' lang='grc' dir='ltr'><strong>ὑποόάθ</strong></span> <span class='ocrx_word' id='word_1_350' title='bbox 760 3389 860 3443; x_wconf 87' lang='grc' dir='ltr'>ραν</span> <span class='ocrx_word' id='word_1_351' title='bbox 882 3371 1140 3443; x_wconf 83' lang='grc' dir='ltr'><strong>λαχόντες</strong></span> <span class='ocrx_word' id='word_1_352' title='bbox 1164 3373 1347 3435; x_wconf 82' lang='grc' dir='ltr'>αὑτὸν,</span> <span class='ocrx_word' id='word_1_353' title='bbox 1374 3373 1670 3445; x_wconf 77' lang='grc' dir='ltr'>ἀκλὸνητον</span> <span class='ocrx_word' id='word_1_354' title='bbox 1696 3373 1877 3445; x_wconf 76' lang='grc' dir='ltr'>ἔχουσι</span> <span class='ocrx_word' id='word_1_355' title='bbox 1901 3372 1999 3445; x_wconf 82' lang='grc' dir='ltr'>τὴν</span> 
     </span>
    </p>
   </div>
   <div class='ocr_carea' id='block_1_51' title="bbox 392 3463 2000 3541">
    <p class='ocr_par' dir='ltr' id='par_1_51' title="bbox 392 3463 2000 3541">
     <span class='ocr_line' id='line_1_51' title="bbox 392 3463 2000 3541; baseline 0.001 -24"><span class='ocrx_word' id='word_1_356' title='bbox 392 3464 481 3533; x_wconf 71' lang='grc' dir='ltr'><strong>ἔφ’</strong></span> <span class='ocrx_word' id='word_1_357' title='bbox 522 3463 700 3518; x_wconf 76' lang='grc' dir='ltr'>ἅπασι</span> <span class='ocrx_word' id='word_1_358' title='bbox 731 3467 845 3528; x_wconf 87' lang='grc' dir='ltr'>τοῖς</span> <span class='ocrx_word' id='word_1_359' title='bbox 881 3464 1109 3533; x_wconf 81' lang='grc' dir='ltr'><strong>ἀγαθοῖς</strong></span> <span class='ocrx_word' id='word_1_360' title='bbox 1142 3464 1353 3537; x_wconf 83' lang='grc' dir='ltr'>ἴδρυσίν</span> <span class='ocrx_word' id='word_1_361' title='bbox 1378 3482 1439 3518; x_wconf 88' lang='grc' dir='ltr'><strong>τε</strong></span> <span class='ocrx_word' id='word_1_362' title='bbox 1476 3466 1571 3541; x_wconf 57' lang='grc' dir='ltr'>και.</span> <span class='ocrx_word' id='word_1_363' title='bbox 1600 3466 1820 3520; x_wconf 76' lang='grc' dir='ltr'>στάσιν·</span> <span class='ocrx_word' id='word_1_364' title='bbox 1858 3469 1907 3520; x_wconf 84' lang='grc' dir='ltr'><strong>οἱ</strong></span> <span class='ocrx_word' id='word_1_365' title='bbox 1943 3466 2000 3519; x_wconf 75' lang='grc' dir='ltr'>δὲ</span> 
     </span>
    </p>
   </div>
   <div class='ocr_carea' id='block_1_52' title="bbox 390 3555 2001 3629">
    <p class='ocr_par' dir='ltr' id='par_1_52' title="bbox 390 3555 2001 3629">
     <span class='ocr_line' id='line_1_52' title="bbox 390 3555 2001 3629; baseline 0.001 -18"><span class='ocrx_word' id='word_1_366' title='bbox 390 3557 495 3611; x_wconf 77' lang='grc' dir='ltr'>οὐκ</span> <span class='ocrx_word' id='word_1_367' title='bbox 537 3555 761 3626; x_wconf 75' lang='grc' dir='ltr'>ἔχοντες</span> <span class='ocrx_word' id='word_1_368' title='bbox 805 3556 992 3620; x_wconf 71' lang='grc' dir='ltr'>αὐτὸν,</span> <span class='ocrx_word' id='word_1_369' title='bbox 1038 3555 1229 3629; x_wconf 87' lang='grc' dir='ltr'>σαθροί</span> <span class='ocrx_word' id='word_1_370' title='bbox 1281 3574 1341 3611; x_wconf 90' lang='grc' dir='ltr'><strong>τε</strong></span> <span class='ocrx_word' id='word_1_371' title='bbox 1387 3556 1526 3623; x_wconf 83' lang='grc' dir='ltr'>λίαν,</span> <span class='ocrx_word' id='word_1_372' title='bbox 1566 3557 1661 3611; x_wconf 74' lang='grc' dir='ltr'><strong>καὶ</strong></span> <span class='ocrx_word' id='word_1_373' title='bbox 1708 3558 1842 3629; x_wconf 77' lang='grc' dir='ltr'>πρὸς</span> <span class='ocrx_word' id='word_1_374' title='bbox 1892 3558 2001 3612; x_wconf 81' lang='grc' dir='ltr'>πᾶν</span> 
     </span>
    </p>
   </div>
   <div class='ocr_carea' id='block_1_53' title="bbox 389 3647 2001 3721">
    <p class='ocr_par' dir='ltr' id='par_1_53' title="bbox 389 3647 2001 3721">
     <span class='ocr_line' id='line_1_53' title="bbox 389 3647 2001 3721; baseline 0 -19"><span class='ocrx_word' id='word_1_375' title='bbox 389 3648 577 3702; x_wconf 78' lang='grc' dir='ltr'>ὁτιοῦν</span> <span class='ocrx_word' id='word_1_376' title='bbox 603 3647 715 3701; x_wconf 85' lang='grc' dir='ltr'><strong>τῶν</strong></span> <span class='ocrx_word' id='word_1_377' title='bbox 746 3648 999 3703; x_wconf 72' lang='grc' dir='ltr'><strong>ἐκτόπιον</strong></span> <span class='ocrx_word' id='word_1_378' title='bbox 1033 3649 1531 3721; x_wconf 75' lang='grc' dir='ltr'>εὐπαρακόμιστοι.</span> <span class='ocrx_word' id='word_1_379' title='bbox 1582 3650 1851 3705; x_wconf 84' lang='grc' dir='ltr'>Πέπτωκε</span> <span class='ocrx_word' id='word_1_380' title='bbox 1884 3668 2001 3705; x_wconf 76' lang='grc' dir='ltr'>τοι·</span> 
     </span>
    </p>
   </div>
   <div class='ocr_carea' id='block_1_54' title="bbox 391 3740 2001 3815">
    <p class='ocr_par' dir='ltr' id='par_1_54' title="bbox 391 3740 2001 3815">
     <span class='ocr_line' id='line_1_54' title="bbox 391 3740 2001 3815; baseline 0.001 -19"><span class='ocrx_word' id='word_1_381' title='bbox 391 3740 609 3815; x_wconf 86' lang='grc' dir='ltr'>γαροῦν</span> <span class='ocrx_word' id='word_1_382' title='bbox 644 3741 902 3804; x_wconf 80' lang='grc' dir='ltr'><strong>Ἰουδαία,</strong></span> <span class='ocrx_word' id='word_1_383' title='bbox 944 3742 1157 3795; x_wconf 82' lang='grc' dir='ltr'>ἀνεῖται</span> <span class='ocrx_word' id='word_1_384' title='bbox 1196 3742 1253 3795; x_wconf 84' lang='grc' dir='ltr'>δὲ</span> <span class='ocrx_word' id='word_1_385' title='bbox 1290 3743 1397 3796; x_wconf 75' lang='grc' dir='ltr'><strong>καὶ.Δ</strong></span> <span class='ocrx_word' id='word_1_386' title='bbox 1420 3741 1794 3813; x_wconf 81' lang='grc' dir='ltr'>Ἰερουσαλήμ.</span> <span class='ocrx_word' id='word_1_387' title='bbox 1828 3741 2001 3797; x_wconf 84' lang='grc' dir='ltr'>Τοῦτό</span> 
     </span>
    </p>
   </div>
   <div class='ocr_carea' id='block_1_55' title="bbox 391 3833 1998 3907">
    <p class='ocr_par' dir='ltr' id='par_1_55' title="bbox 391 3833 1998 3907">
     <span class='ocr_line' id='line_1_55' title="bbox 391 3833 1998 3907; baseline -0.001 -18"><span class='ocrx_word' id='word_1_388' title='bbox 391 3851 477 3890; x_wconf 86' lang='grc' dir='ltr'>τοι</span> <span class='ocrx_word' id='word_1_389' title='bbox 502 3834 601 3889; x_wconf 75' lang='grc' dir='ltr'><strong>καὶ</strong></span> <span class='ocrx_word' id='word_1_390' title='bbox 626 3833 819 3905; x_wconf 70' lang='grc' dir='ltr'>ἔτερος</span> <span class='ocrx_word' id='word_1_391' title='bbox 845 3833 956 3887; x_wconf 86' lang='grc' dir='ltr'><strong>τῶν</strong></span> <span class='ocrx_word' id='word_1_392' title='bbox 974 3833 1149 3904; x_wconf 79' lang='grc' dir='ltr'>ἁγίων</span> <span class='ocrx_word' id='word_1_393' title='bbox 1177 3834 1470 3907; x_wconf 82' lang='grc' dir='ltr'>προφητῶν</span> <span class='ocrx_word' id='word_1_394' title='bbox 1495 3835 1998 3906; x_wconf 83' lang='grc' dir='ltr'>προανακεκράγει,</span> 
     </span>
    </p>
   </div>
   <div class='ocr_carea' id='block_1_56' title="bbox 391 3922 2000 3997">
    <p class='ocr_par' dir='ltr' id='par_1_56' title="bbox 391 3922 2000 3997">
     <span class='ocr_line' id='line_1_56' title="bbox 391 3922 2000 3997; baseline 0.002 -21"><span class='ocrx_word' id='word_1_395' title='bbox 391 3923 598 3994; x_wconf 67' lang='grc' dir='ltr'>λέγων·</span> <span class='ocrx_word' id='word_1_396' title='bbox 631 3943 652 3973; x_wconf 75' lang='grc' dir='ltr'><strong>ο</strong></span> <span class='ocrx_word' id='word_1_397' title='bbox 690 3922 854 3989; x_wconf 83' lang='grc' dir='ltr'>Οἶκος</span> <span class='ocrx_word' id='word_1_398' title='bbox 890 3923 1109 3997; x_wconf 76' lang='grc' dir='ltr'>Ἰσραὴλ</span> <span class='ocrx_word' id='word_1_399' title='bbox 1131 3922 1348 3990; x_wconf 76' lang='grc' dir='ltr'>ἔπεσεν,</span> <span class='ocrx_word' id='word_1_400' title='bbox 1378 3925 1481 3979; x_wconf 75' lang='grc' dir='ltr'>οὐκ</span> <span class='ocrx_word' id='word_1_401' title='bbox 1509 3922 1663 3980; x_wconf 75' lang='grc' dir='ltr'>ἔσται</span> <span class='ocrx_word' id='word_1_402' title='bbox 1700 3924 1728 3977; x_wconf 88' lang='grc' dir='ltr'><strong>ὀ</strong></span> <span class='ocrx_word' id='word_1_403' title='bbox 1756 3926 2000 3996; x_wconf 81' lang='grc' dir='ltr'><strong>ἀναστή-</strong></span> 
     </span>
    </p>
   </div>
   <div class='ocr_carea' id='block_1_57' title="bbox 391 4017 2002 4089">
    <p class='ocr_par' dir='ltr' id='par_1_57' title="bbox 391 4017 2002 4089">
     <span class='ocr_line' id='line_1_57' title="bbox 391 4017 2002 4089; baseline -0.001 -14"><span class='ocrx_word' id='word_1_404' title='bbox 391 4037 505 4075; x_wconf 82' lang='grc' dir='ltr'><strong>σων</strong></span> <span class='ocrx_word' id='word_1_405' title='bbox 531 4018 723 4075; x_wconf 78' lang='grc' dir='ltr'>αὐτόν.</span> <span class='ocrx_word' id='word_1_406' title='bbox 759 4038 779 4071; x_wconf 73' lang='grc' dir='ltr'><strong>ι</strong></span> <span class='ocrx_word' id='word_1_407' title='bbox 811 4017 1137 4089; x_wconf 79' lang='grc' dir='ltr'>Συμδέὅηκε</span> <span class='ocrx_word' id='word_1_408' title='bbox 1186 4017 1245 4072; x_wconf 79' lang='grc' dir='ltr'>δὲ</span> <span class='ocrx_word' id='word_1_409' title='bbox 1292 4017 1363 4071; x_wconf 76' lang='grc' dir='ltr'>τὰ</span> <span class='ocrx_word' id='word_1_410' title='bbox 1402 4017 1630 4072; x_wconf 80' lang='grc' dir='ltr'>τοιαῦτα</span> <span class='ocrx_word' id='word_1_411' title='bbox 1673 4018 1867 4073; x_wconf 82' lang='grc' dir='ltr'>παθεῖν</span> <span class='ocrx_word' id='word_1_412' title='bbox 1910 4020 2002 4073; x_wconf 78' lang='grc' dir='ltr'><strong>αὑ-</strong></span> 
     </span>
    </p>
   </div>
   <div class='ocr_carea' id='block_1_58' title="bbox 388 4109 2002 4186">
    <p class='ocr_par' dir='ltr' id='par_1_58' title="bbox 388 4109 2002 4186">
     <span class='ocr_line' id='line_1_58' title="bbox 388 4109 2002 4186; baseline 0.001 -20"><span class='ocrx_word' id='word_1_413' title='bbox 388 4115 542 4178; x_wconf 73' lang='grc' dir='ltr'>τοὺς,</span> <span class='ocrx_word' id='word_1_414' title='bbox 578 4114 664 4167; x_wconf 79' lang='grc' dir='ltr'><strong>ὅτι</strong></span> <span class='ocrx_word' id='word_1_415' title='bbox 706 4112 846 4186; x_wconf 65' lang='grc' dir='ltr'>πρὸς</span> <span class='ocrx_word' id='word_1_416' title='bbox 873 4113 998 4175; x_wconf 86' lang='grc' dir='ltr'>ταῖς</span> <span class='ocrx_word' id='word_1_417' title='bbox 1022 4109 1347 4177; x_wconf 84' lang='grc' dir='ltr'>ἅπειθείαις,</span> <span class='ocrx_word' id='word_1_418' title='bbox 1382 4110 1615 4183; x_wconf 76' lang='grc' dir='ltr'>δυσσεϐῆ</span> <span class='ocrx_word' id='word_1_419' title='bbox 1652 4113 1747 4166; x_wconf 76' lang='grc' dir='ltr'><strong>καὶ</strong></span> <span class='ocrx_word' id='word_1_420' title='bbox 1783 4114 2002 4184; x_wconf 81' lang='grc' dir='ltr'>ἀνομω-</span> 
     </span>
    </p>
   </div>
   <div class='ocr_carea' id='block_1_59' title="bbox 387 4201 1999 4277">
    <p class='ocr_par' dir='ltr' id='par_1_59' title="bbox 387 4201 1999 4277">
     <span class='ocr_line' id='line_1_59' title="bbox 387 4201 1999 4277; baseline -0.002 -17"><span class='ocrx_word' id='word_1_421' title='bbox 387 4207 565 4276; x_wconf 69' lang='grc' dir='ltr'>ςᾶτην</span> <span class='ocrx_word' id='word_1_422' title='bbox 599 4206 873 4276; x_wconf 78' lang='grc' dir='ltr'>ἐσχήκασι</span> <span class='ocrx_word' id='word_1_423' title='bbox 906 4201 1179 4273; x_wconf 86' lang='grc' dir='ltr'>γλῶσσαν.</span> <span class='ocrx_word' id='word_1_424' title='bbox 1218 4201 1285 4256; x_wconf 84' lang='grc' dir='ltr'>Τί</span> <span class='ocrx_word' id='word_1_425' title='bbox 1322 4202 1431 4274; x_wconf 85' lang='grc' dir='ltr'>γάρ</span> <span class='ocrx_word' id='word_1_426' title='bbox 1451 4205 1567 4256; x_wconf 82' lang='grc' dir='ltr'>ἐστι</span> <span class='ocrx_word' id='word_1_427' title='bbox 1597 4202 1705 4256; x_wconf 85' lang='grc' dir='ltr'><strong>τῶν</strong></span> <span class='ocrx_word' id='word_1_428' title='bbox 1733 4204 1999 4277; x_wconf 85' lang='grc' dir='ltr'>αἰσχρῶν,</span> 
     </span>
    </p>
   </div>
   <div class='ocr_carea' id='block_1_60' title="bbox 387 4294 2002 4370">
    <p class='ocr_par' dir='ltr' id='par_1_60' title="bbox 387 4294 2002 4370">
     <span class='ocr_line' id='line_1_60' title="bbox 387 4294 2002 4370; baseline -0.002 -18"><span class='ocrx_word' id='word_1_429' title='bbox 387 4297 419 4352; x_wconf 82' lang='grc' dir='ltr'><strong>ὃ</strong></span> <span class='ocrx_word' id='word_1_430' title='bbox 446 4296 526 4370; x_wconf 79' lang='grc' dir='ltr'><strong>μὴ</strong></span> <span class='ocrx_word' id='word_1_431' title='bbox 555 4296 859 4369; x_wconf 74' lang='grc' dir='ltr'>εἰρηκότας</span> <span class='ocrx_word' id='word_1_432' title='bbox 892 4294 1091 4359; x_wconf 73' lang='grc' dir='ltr'>αὐτοὺς</span> <span class='ocrx_word' id='word_1_433' title='bbox 1119 4295 1427 4366; x_wconf 75' lang='grc' dir='ltr'>εὑρήσομεν</span> <span class='ocrx_word' id='word_1_434' title='bbox 1461 4294 1603 4348; x_wconf 84' lang='grc' dir='ltr'>κατά</span> <span class='ocrx_word' id='word_1_435' title='bbox 1634 4312 1697 4364; x_wconf 88' lang='grc' dir='ltr'><strong>γε</strong></span> <span class='ocrx_word' id='word_1_436' title='bbox 1739 4294 1831 4349; x_wconf 90' lang='grc' dir='ltr'>τοῦ</span> <span class='ocrx_word' id='word_1_437' title='bbox 1864 4295 2002 4350; x_wconf 83' lang='grc' dir='ltr'><strong>πάν-</strong></span> 
     </span>
    </p>
   </div>
   <div class='ocr_carea' id='block_1_61' title="bbox 388 4384 2002 4459">
    <p class='ocr_par' dir='ltr' id='par_1_61' title="bbox 388 4384 2002 4459">
     <span class='ocr_line' id='line_1_61' title="bbox 388 4384 2002 4459; baseline -0.001 -17"><span class='ocrx_word' id='word_1_438' title='bbox 388 4404 503 4442; x_wconf 86' lang='grc' dir='ltr'><strong>των</strong></span> <span class='ocrx_word' id='word_1_439' title='bbox 528 4385 697 4459; x_wconf 80' lang='grc' dir='ltr'>ἡμῶν</span> <span class='ocrx_word' id='word_1_440' title='bbox 728 4384 987 4457; x_wconf 80' lang='grc' dir='ltr'>Σωτῆρος</span> <span class='ocrx_word' id='word_1_441' title='bbox 1012 4384 1253 4456; x_wconf 82' lang='grc' dir='ltr'>Χριστοῦ</span> <span class='ocrx_word' id='word_1_442' title='bbox 1279 4402 1294 4452; x_wconf 87' lang='lat'><strong>;</strong></span> <span class='ocrx_word' id='word_1_443' title='bbox 1333 4385 1654 4457; x_wconf 88' lang='grc' dir='ltr'>Σαμαρίτην</span> <span class='ocrx_word' id='word_1_444' title='bbox 1684 4387 1776 4439; x_wconf 74' lang='grc' dir='ltr'>καὶ</span> <span class='ocrx_word' id='word_1_445' title='bbox 1810 4386 2002 4455; x_wconf 81' lang='grc' dir='ltr'>δαιμοο</span> 
     </span>
    </p>
   </div>
   <div class='ocr_carea' id='block_1_62' title="bbox 390 4480 1997 4553">
    <p class='ocr_par' dir='ltr' id='par_1_62' title="bbox 390 4480 1997 4553">
     <span class='ocr_line' id='line_1_62' title="bbox 390 4480 1997 4553; baseline -0.001 -16"><span class='ocrx_word' id='word_1_446' title='bbox 390 4483 619 4543; x_wconf 85' lang='grc' dir='ltr'>νιῶντα,</span> <span class='ocrx_word' id='word_1_447' title='bbox 653 4482 748 4536; x_wconf 71' lang='grc' dir='ltr'><strong>καὶ</strong></span> <span class='ocrx_word' id='word_1_448' title='bbox 781 4480 890 4553; x_wconf 73' lang='grc' dir='ltr'><strong>μὴν</strong></span> <span class='ocrx_word' id='word_1_449' title='bbox 920 4480 1017 4534; x_wconf 74' lang='grc' dir='ltr'><strong>καὶ</strong></span> <span class='ocrx_word' id='word_1_450' title='bbox 1056 4480 1351 4551; x_wconf 70' lang='grc' dir='ltr'>φάγονκαὶ</span> <span class='ocrx_word' id='word_1_451' title='bbox 1379 4482 1663 4551; x_wconf 70' lang='grc' dir='ltr'><strong>οἰνοπότην</strong></span> <span class='ocrx_word' id='word_1_452' title='bbox 1692 4480 1997 4551; x_wconf 76' lang='grc' dir='ltr'>ὠνόμαζον,</span> 
     </span>
    </p>
   </div>
   <div class='ocr_carea' id='block_1_63' title="bbox 389 4572 2000 4645">
    <p class='ocr_par' dir='ltr' id='par_1_63' title="bbox 389 4572 2000 4645">
     <span class='ocr_line' id='line_1_63' title="bbox 389 4572 2000 4645; baseline 0.001 -19"><span class='ocrx_word' id='word_1_453' title='bbox 389 4576 488 4629; x_wconf 71' lang='grc' dir='ltr'><strong>καὶ</strong></span> <span class='ocrx_word' id='word_1_454' title='bbox 538 4576 609 4628; x_wconf 79' lang='grc' dir='ltr'>ἐκ</span> <span class='ocrx_word' id='word_1_455' title='bbox 660 4575 923 4645; x_wconf 84' lang='grc' dir='ltr'>πορνείας</span> <span class='ocrx_word' id='word_1_456' title='bbox 983 4572 1371 4645; x_wconf 76' lang='grc' dir='ltr'>γεγενημένον.</span> <span class='ocrx_word' id='word_1_457' title='bbox 1439 4573 1650 4627; x_wconf 73' lang='grc' dir='ltr'>Οὐκοῦν</span> <span class='ocrx_word' id='word_1_458' title='bbox 1705 4574 1848 4645; x_wconf 67' lang='grc' dir='ltr'>μετὰ</span> <span class='ocrx_word' id='word_1_459' title='bbox 1898 4574 2000 4645; x_wconf 79' lang='grc' dir='ltr'>τῆς</span> 
     </span>
    </p>
   </div>
   <div class='ocr_carea' id='block_1_64' title="bbox 2096 2066 3689 2148">
    <p class='ocr_par' dir='ltr' id='par_1_64' title="bbox 2096 2066 3689 2148">
     <span class='ocr_line' id='line_1_64' title="bbox 2096 2066 3689 2148; baseline 0.004 -24"><span class='ocrx_word' id='word_1_460' title='bbox 2096 2068 2355 2130; x_wconf 76' lang='lat' dir='ltr'><strong>concidit,</strong></span> <span class='ocrx_word' id='word_1_461' title='bbox 2382 2078 2428 2121; x_wconf 87' lang='lat' dir='ltr'><strong>et</strong></span> <span class='ocrx_word' id='word_1_462' title='bbox 2460 2066 2641 2137; x_wconf 78' lang='lat' dir='ltr'><strong>lingua</strong></span> <span class='ocrx_word' id='word_1_463' title='bbox 2674 2080 2854 2121; x_wconf 73' lang='lat' dir='ltr'><strong>eorum</strong></span> <span class='ocrx_word' id='word_1_464' title='bbox 2886 2084 3005 2122; x_wconf 85' lang='lat' dir='ltr'><strong>cum</strong></span> <span class='ocrx_word' id='word_1_465' title='bbox 3036 2070 3347 2141; x_wconf 79' lang='lat' dir='ltr'><strong>iniquitate,</strong></span> <span class='ocrx_word' id='word_1_466' title='bbox 3375 2072 3429 2127; x_wconf 85' lang='lat' dir='ltr'><strong>in</strong></span> <span class='ocrx_word' id='word_1_467' title='bbox 3461 2075 3543 2129; x_wconf 76' lang='lat' dir='ltr'><strong>Itis</strong></span> <span class='ocrx_word' id='word_1_468' title='bbox 3571 2093 3689 2148; x_wconf 72' lang='lat' dir='ltr'><strong>qua</strong></span> 
     </span>
    </p>
   </div>
   <div class='ocr_carea' id='block_1_65' title="bbox 2095 2159 3219 2227">
    <p class='ocr_par' dir='ltr' id='par_1_65' title="bbox 2095 2159 3219 2227">
     <span class='ocr_line' id='line_1_65' title="bbox 2095 2159 3219 2227; baseline 0.002 -11"><span class='ocrx_word' id='word_1_469' title='bbox 2095 2161 2166 2216; x_wconf 82' lang='lat' dir='ltr'><strong>ad</strong></span> <span class='ocrx_word' id='word_1_470' title='bbox 2199 2159 2483 2215; x_wconf 85' lang='lat' dir='ltr'><strong>Dominum</strong></span> <span class='ocrx_word' id='word_1_471' title='bbox 2508 2160 2783 2227; x_wconf 80' lang='lat' dir='ltr'><strong>pertinent,</strong></span> <span class='ocrx_word' id='word_1_472' title='bbox 2814 2176 2919 2215; x_wconf 81' lang='lat' dir='ltr'><strong>non</strong></span> <span class='ocrx_word' id='word_1_473' title='bbox 2947 2162 3219 2219; x_wconf 76' lang='lat' dir='ltr'><strong>obediuul.</strong></span> 
     </span>
    </p>
   </div>
   <div class='ocr_carea' id='block_1_66' title="bbox 2169 2250 3692 2327">
    <p class='ocr_par' dir='ltr' id='par_1_66' title="bbox 2169 2250 3692 2327">
     <span class='ocr_line' id='line_1_66' title="bbox 2169 2250 3692 2327; baseline 0.005 -17"><span class='ocrx_word' id='word_1_474' title='bbox 2169 2253 2460 2310; x_wconf 88' lang='lat' dir='ltr'><strong>Corruisse</strong></span> <span class='ocrx_word' id='word_1_475' title='bbox 2499 2252 2628 2307; x_wconf 92' lang='lat' dir='ltr'><strong>dicit</strong></span> <span class='ocrx_word' id='word_1_476' title='bbox 2663 2250 2934 2320; x_wconf 73' lang='lat' dir='ltr'><strong>Iudaeam,</strong></span> <span class='ocrx_word' id='word_1_477' title='bbox 2967 2254 3139 2309; x_wconf 88' lang='lat' dir='ltr'><strong>instar</strong></span> <span class='ocrx_word' id='word_1_478' title='bbox 3176 2257 3397 2327; x_wconf 87' lang='lat' dir='ltr'><strong>parietis</strong></span> <span class='ocrx_word' id='word_1_479' title='bbox 3441 2276 3457 2315; x_wconf 88' lang='lat'><strong>:</strong></span> <span class='ocrx_word' id='word_1_480' title='bbox 3498 2269 3554 2317; x_wconf 88' lang='lat' dir='ltr'><strong>et</strong></span> <span class='ocrx_word' id='word_1_481' title='bbox 3588 2261 3692 2318; x_wconf 89' lang='lat' dir='ltr'><strong>hoc</strong></span> 
     </span>
    </p>
   </div>
   <div class='ocr_carea' id='block_1_67' title="bbox 2096 2340 3688 2418">
    <p class='ocr_par' dir='ltr' id='par_1_67' title="bbox 2096 2340 3688 2418">
     <span class='ocr_line' id='line_1_67' title="bbox 2096 2340 3688 2418; baseline 0.009 -25"><span class='ocrx_word' id='word_1_482' title='bbox 2096 2355 2258 2411; x_wconf 88' lang='lat' dir='ltr'><strong>quam</strong></span> <span class='ocrx_word' id='word_1_483' title='bbox 2289 2340 2359 2397; x_wconf 92' lang='lat' dir='ltr'><strong>ob</strong></span> <span class='ocrx_word' id='word_1_484' title='bbox 2384 2356 2607 2396; x_wconf 87' lang='lat' dir='ltr'><strong>causam</strong></span> <span class='ocrx_word' id='word_1_485' title='bbox 2641 2343 2903 2413; x_wconf 88' lang='lat' dir='ltr'><strong>patiatur,</strong></span> <span class='ocrx_word' id='word_1_486' title='bbox 2928 2344 3236 2402; x_wconf 88' lang='lat' dir='ltr'><strong>conrmat.</strong></span> <span class='ocrx_word' id='word_1_487' title='bbox 3258 2346 3398 2415; x_wconf 83' lang='lat' dir='ltr'><strong>Quid</strong></span> <span class='ocrx_word' id='word_1_488' title='bbox 3423 2366 3553 2407; x_wconf 85' lang='lat' dir='ltr'><strong>vero</strong></span> <span class='ocrx_word' id='word_1_489' title='bbox 3582 2361 3688 2418; x_wconf 89' lang='lat' dir='ltr'><strong>est,</strong></span> 
     </span>
    </p>
   </div>
   <div class='ocr_carea' id='block_1_68' title="bbox 2096 2433 3688 2510">
    <p class='ocr_par' dir='ltr' id='par_1_68' title="bbox 2096 2433 3688 2510">
     <span class='ocr_line' id='line_1_68' title="bbox 2096 2433 3688 2510; baseline 0.008 -24"><span class='ocrx_word' id='word_1_490' title='bbox 2096 2433 2433 2488; x_wconf 78' lang='lat' dir='ltr'><strong>dimittetur?</strong></span> <span class='ocrx_word' id='word_1_491' title='bbox 2485 2434 2587 2489; x_wconf 89' lang='lat' dir='ltr'><strong>hoc</strong></span> <span class='ocrx_word' id='word_1_492' title='bbox 2629 2443 2745 2501; x_wconf 82' lang='lat' dir='ltr'><strong>est,</strong></span> <span class='ocrx_word' id='word_1_493' title='bbox 2781 2435 2997 2496; x_wconf 79' lang='lat' dir='ltr'><strong>deserta</strong></span> <span class='ocrx_word' id='word_1_494' title='bbox 3041 2445 3158 2500; x_wconf 90' lang='lat' dir='ltr'><strong>est,</strong></span> <span class='ocrx_word' id='word_1_495' title='bbox 3183 2448 3237 2493; x_wconf 92' lang='lat' dir='ltr'><strong>ct</strong></span> <span class='ocrx_word' id='word_1_496' title='bbox 3276 2440 3534 2497; x_wconf 89' lang='lat' dir='ltr'><strong>derelicta</strong></span> <span class='ocrx_word' id='word_1_497' title='bbox 3574 2453 3688 2510; x_wconf 83' lang='lat' dir='ltr'><strong>est,</strong></span> 
     </span>
    </p>
   </div>
   <div class='ocr_carea' id='block_1_69' title="bbox 2096 2527 3755 2591">
    <p class='ocr_par' dir='ltr' id='par_1_69' title="bbox 2096 2527 3755 2591">
     <span class='ocr_line' id='line_1_69' title="bbox 2096 2527 3755 2591; baseline 0.005 -8"><span class='ocrx_word' id='word_1_498' title='bbox 2096 2542 2291 2583; x_wconf 80' lang='lat' dir='ltr'><strong>carens</strong></span> <span class='ocrx_word' id='word_1_499' title='bbox 2326 2527 2413 2581; x_wconf 92' lang='lat' dir='ltr'><strong>illa</strong></span> <span class='ocrx_word' id='word_1_500' title='bbox 2449 2527 2651 2582; x_wconf 81' lang='lat' dir='ltr'><strong>Christi</strong></span> <span class='ocrx_word' id='word_1_501' title='bbox 2684 2544 2813 2583; x_wconf 88' lang='lat' dir='ltr'><strong>cura</strong></span> <span class='ocrx_word' id='word_1_502' title='bbox 2841 2542 2906 2584; x_wconf 88' lang='lat' dir='ltr'><strong>ac</strong></span> <span class='ocrx_word' id='word_1_503' title='bbox 2933 2529 3324 2587; x_wconf 89' lang='lat' dir='ltr'><strong>sollicitudine.</strong></span> <span class='ocrx_word' id='word_1_504' title='bbox 3352 2534 3693 2591; x_wconf 76' lang='lat' dir='ltr'><strong>Audirernnt</strong></span> <span class='ocrx_word' id='word_1_505' title='bbox 3750 2532 3755 2535; x_wconf 58' lang='grc'><strong>⁷</strong></span> 
     </span>
    </p>
   </div>
   <div class='ocr_carea' id='block_1_70' title="bbox 2097 2618 3692 2695">
    <p class='ocr_par' dir='ltr' id='par_1_70' title="bbox 2097 2618 3692 2695">
     <span class='ocr_line' id='line_1_70' title="bbox 2097 2618 3692 2695; baseline 0.006 -21"><span class='ocrx_word' id='word_1_506' title='bbox 2097 2619 2363 2688; x_wconf 86' lang='lat' dir='ltr'><strong>siquidem</strong></span> <span class='ocrx_word' id='word_1_507' title='bbox 2393 2618 2662 2675; x_wconf 87' lang='lat' dir='ltr'><strong>dicentem</strong></span> <span class='ocrx_word' id='word_1_508' title='bbox 2692 2632 2918 2690; x_wconf 78' lang='lat' dir='ltr'><strong>aperte:</strong></span> <span class='ocrx_word' id='word_1_509' title='bbox 2954 2638 2974 2673; x_wconf 76' lang='grc' dir='ltr'>ι</span> <span class='ocrx_word' id='word_1_510' title='bbox 3011 2622 3149 2678; x_wconf 87' lang='lat' dir='ltr'><strong>Ecce</strong></span> <span class='ocrx_word' id='word_1_511' title='bbox 3180 2623 3517 2695; x_wconf 78' lang='lat' dir='ltr'><strong>relinquetur</strong></span> <span class='ocrx_word' id='word_1_512' title='bbox 3538 2629 3692 2684; x_wconf 70' lang='lat' dir='ltr'><strong>vobis</strong></span> 
     </span>
    </p>
   </div>
   <div class='ocr_carea' id='block_1_71' title="bbox 2097 2711 3687 2787">
    <p class='ocr_par' dir='ltr' id='par_1_71' title="bbox 2097 2711 3687 2787">
     <span class='ocr_line' id='line_1_71' title="bbox 2097 2711 3687 2787; baseline 0.006 -21"><span class='ocrx_word' id='word_1_513' title='bbox 2097 2711 2292 2767; x_wconf 90' lang='lat' dir='ltr'><strong>domus</strong></span> <span class='ocrx_word' id='word_1_514' title='bbox 2321 2721 2500 2768; x_wconf 79' lang='lat' dir='ltr'><strong>vestra</strong></span> <span class='ocrx_word' id='word_1_515' title='bbox 2535 2713 2773 2768; x_wconf 78' lang='lat' dir='ltr'><strong>desolata</strong></span> <span class='ocrx_word' id='word_1_516' title='bbox 2797 2714 2882 2777; x_wconf 75' lang='lat'><strong>“._</strong></span> <span class='ocrx_word' id='word_1_517' title='bbox 2902 2733 2921 2766; x_wconf 79' lang='grc' dir='ltr'><strong>ι</strong></span> <span class='ocrx_word' id='word_1_518' title='bbox 2953 2714 3175 2770; x_wconf 90' lang='lat' dir='ltr'><strong>Corruit</strong></span> <span class='ocrx_word' id='word_1_519' title='bbox 3198 2718 3362 2771; x_wconf 89' lang='lat' dir='ltr'><strong>etiam</strong></span> <span class='ocrx_word' id='word_1_520' title='bbox 3392 2729 3447 2773; x_wconf 91' lang='lat' dir='ltr'><strong>et</strong></span> <span class='ocrx_word' id='word_1_521' title='bbox 3473 2718 3687 2787; x_wconf 74' lang='lat' dir='ltr'><strong>Judzea,</strong></span> 
     </span>
    </p>
   </div>
   <div class='ocr_carea' id='block_1_72' title="bbox 2099 2802 3689 2880">
    <p class='ocr_par' dir='ltr' id='par_1_72' title="bbox 2099 2802 3689 2880">
     <span class='ocr_line' id='line_1_72' title="bbox 2099 2802 3689 2880; baseline 0.006 -21"><span class='ocrx_word' id='word_1_522' title='bbox 2099 2817 2205 2859; x_wconf 83' lang='lat' dir='ltr'><strong>non</strong></span> <span class='ocrx_word' id='word_1_523' title='bbox 2241 2802 2448 2857; x_wconf 85' lang='lat' dir='ltr'><strong>habens</strong></span> <span class='ocrx_word' id='word_1_524' title='bbox 2474 2803 2596 2874; x_wconf 85' lang='lat' dir='ltr'><strong>quis</strong></span> <span class='ocrx_word' id='word_1_525' title='bbox 2623 2806 2851 2869; x_wconf 72' lang='lat' dir='ltr'><strong>exritet,</strong></span> <span class='ocrx_word' id='word_1_526' title='bbox 2880 2805 2974 2874; x_wconf 88' lang='lat' dir='ltr'><strong>qui</strong></span> <span class='ocrx_word' id='word_1_527' title='bbox 3006 2819 3225 2861; x_wconf 74' lang='lat' dir='ltr'><strong>servare</strong></span> <span class='ocrx_word' id='word_1_528' title='bbox 3253 2807 3390 2861; x_wconf 81' lang='lat' dir='ltr'><strong>sciat</strong></span> <span class='ocrx_word' id='word_1_529' title='bbox 3417 2818 3467 2864; x_wconf 87' lang='lat' dir='ltr'><strong>et</strong></span> <span class='ocrx_word' id='word_1_530' title='bbox 3499 2811 3689 2880; x_wconf 78' lang='lat' dir='ltr'><strong>possit.</strong></span> 
     </span>
    </p>
   </div>
   <div class='ocr_carea' id='block_1_73' title="bbox 2099 2894 3696 2962">
    <p class='ocr_par' dir='ltr' id='par_1_73' title="bbox 2099 2894 3696 2962">
     <span class='ocr_line' id='line_1_73' title="bbox 2099 2894 3696 2962; baseline 0.006 -12"><span class='ocrx_word' id='word_1_531' title='bbox 2099 2894 2195 2950; x_wconf 86' lang='lat' dir='ltr'><strong>Est</strong></span> <span class='ocrx_word' id='word_1_532' title='bbox 2232 2897 2375 2950; x_wconf 91' lang='lat' dir='ltr'><strong>enim</strong></span> <span class='ocrx_word' id='word_1_533' title='bbox 2420 2894 2674 2951; x_wconf 85' lang='lat' dir='ltr'><strong>Christus</strong></span> <span class='ocrx_word' id='word_1_534' title='bbox 2715 2895 3159 2962; x_wconf 79' lang='lat' dir='ltr'><strong>fundamentum,</strong></span> <span class='ocrx_word' id='word_1_535' title='bbox 3191 2907 3245 2953; x_wconf 88' lang='lat' dir='ltr'><strong>et</strong></span> <span class='ocrx_word' id='word_1_536' title='bbox 3292 2900 3346 2955; x_wconf 87' lang='lat' dir='ltr'><strong>in</strong></span> <span class='ocrx_word' id='word_1_537' title='bbox 3394 2916 3462 2957; x_wconf 90' lang='lat' dir='ltr'><strong>eo</strong></span> <span class='ocrx_word' id='word_1_538' title='bbox 3503 2918 3696 2960; x_wconf 88' lang='lat' dir='ltr'><strong>omnes</strong></span> 
     </span>
    </p>
   </div>
   <div class='ocr_carea' id='block_1_74' title="bbox 2098 2989 3690 3068">
    <p class='ocr_par' dir='ltr' id='par_1_74' title="bbox 2098 2989 3690 3068">
     <span class='ocr_line' id='line_1_74' title="bbox 2098 2989 3690 3068; baseline 0.004 -22"><span class='ocrx_word' id='word_1_539' title='bbox 2098 2990 2538 3054; x_wconf 65' lang='lat' dir='ltr'><strong>exmdiilcamur,</strong></span> <span class='ocrx_word' id='word_1_540' title='bbox 2575 2989 2781 3061; x_wconf 88' lang='lat' dir='ltr'><strong>lapides</strong></span> <span class='ocrx_word' id='word_1_541' title='bbox 2815 2992 2922 3046; x_wconf 72' lang='lat' dir='ltr'><strong>vivi</strong></span> <span class='ocrx_word' id='word_1_542' title='bbox 2953 3006 3019 3047; x_wconf 89' lang='lat' dir='ltr'><strong>ac</strong></span> <span class='ocrx_word' id='word_1_543' title='bbox 3051 2993 3393 3063; x_wconf 87' lang='lat' dir='ltr'><strong>spiritualcs,</strong></span> <span class='ocrx_word' id='word_1_544' title='bbox 3422 3001 3690 3068; x_wconf 84' lang='lat' dir='ltr'><strong>compacti</strong></span> 
     </span>
    </p>
   </div>
   <div class='ocr_carea' id='block_1_75' title="bbox 2099 3082 3696 3158">
    <p class='ocr_par' dir='ltr' id='par_1_75' title="bbox 2099 3082 3696 3158">
     <span class='ocr_line' id='line_1_75' title="bbox 2099 3082 3696 3158; baseline 0.008 -24"><span class='ocrx_word' id='word_1_545' title='bbox 2099 3091 2155 3134; x_wconf 81' lang='lat' dir='ltr'><strong>et</strong></span> <span class='ocrx_word' id='word_1_546' title='bbox 2185 3082 2550 3152; x_wconf 71' lang='lat' dir='ltr'><strong>coagmentati</strong></span> <span class='ocrx_word' id='word_1_547' title='bbox 2584 3092 2765 3138; x_wconf 83' lang='lat' dir='ltr'><strong>meme</strong></span> <span class='ocrx_word' id='word_1_548' title='bbox 2792 3083 2846 3138; x_wconf 90' lang='lat' dir='ltr'><strong>in</strong></span> <span class='ocrx_word' id='word_1_549' title='bbox 2875 3084 3134 3154; x_wconf 88' lang='lat' dir='ltr'><strong>templum</strong></span> <span class='ocrx_word' id='word_1_550' title='bbox 3166 3097 3445 3158; x_wconf 83' lang='lat' dir='ltr'><strong>sanetum,</strong></span> <span class='ocrx_word' id='word_1_551' title='bbox 3481 3093 3533 3145; x_wconf 94' lang='lat' dir='ltr'><strong>in</strong></span> <span class='ocrx_word' id='word_1_552' title='bbox 3564 3094 3696 3147; x_wconf 72' lang='lat' dir='ltr'><strong>aedi-</strong></span> 
     </span>
    </p>
   </div>
   <div class='ocr_carea' id='block_1_76' title="bbox 2100 3173 3695 3246">
    <p class='ocr_par' dir='ltr' id='par_1_76' title="bbox 2100 3173 3695 3246">
     <span class='ocr_line' id='line_1_76' title="bbox 2100 3173 3695 3246; baseline 0.007 -16"><span class='ocrx_word' id='word_1_553' title='bbox 2100 3173 2282 3230; x_wconf 83' lang='lat' dir='ltr'><strong>ﬁcium</strong></span> <span class='ocrx_word' id='word_1_554' title='bbox 2317 3175 2437 3240; x_wconf 89' lang='lat' dir='ltr'><strong>Dei,</strong></span> <span class='ocrx_word' id='word_1_555' title='bbox 2462 3176 2513 3230; x_wconf 93' lang='lat' dir='ltr'><strong>in</strong></span> <span class='ocrx_word' id='word_1_556' title='bbox 2539 3176 2768 3246; x_wconf 85' lang='lat' dir='ltr'><strong>Spiritu,</strong></span> <span class='ocrx_word' id='word_1_557' title='bbox 2789 3187 2846 3232; x_wconf 88' lang='lat' dir='ltr'><strong>et</strong></span> <span class='ocrx_word' id='word_1_558' title='bbox 2875 3177 2927 3232; x_wconf 92' lang='lat' dir='ltr'><strong>in</strong></span> <span class='ocrx_word' id='word_1_559' title='bbox 2956 3178 3076 3245; x_wconf 89' lang='lat' dir='ltr'><strong>ipso</strong></span> <span class='ocrx_word' id='word_1_560' title='bbox 3107 3179 3353 3236; x_wconf 87' lang='lat' dir='ltr'><strong>collocati</strong></span> <span class='ocrx_word' id='word_1_561' title='bbox 3384 3199 3598 3240; x_wconf 87' lang='lat' dir='ltr'><strong>sumus.</strong></span> <span class='ocrx_word' id='word_1_562' title='bbox 3630 3186 3695 3240; x_wconf 86' lang='lat' dir='ltr'><strong>Et</strong></span> 
     </span>
    </p>
   </div>
   <div class='ocr_carea' id='block_1_77' title="bbox 2100 3268 3693 3338">
    <p class='ocr_par' dir='ltr' id='par_1_77' title="bbox 2100 3268 3693 3338">
     <span class='ocr_line' id='line_1_77' title="bbox 2100 3268 3693 3338; baseline 0.009 -21"><span class='ocrx_word' id='word_1_563' title='bbox 2100 3269 2193 3338; x_wconf 85' lang='lat' dir='ltr'><strong>qui</strong></span> <span class='ocrx_word' id='word_1_564' title='bbox 2243 3281 2366 3324; x_wconf 81' lang='lat' dir='ltr'><strong>eum</strong></span> <span class='ocrx_word' id='word_1_565' title='bbox 2422 3268 2594 3324; x_wconf 87' lang='lat' dir='ltr'><strong>basim</strong></span> <span class='ocrx_word' id='word_1_566' title='bbox 2651 3270 2796 3329; x_wconf 83' lang='lat' dir='ltr'><strong>nacti</strong></span> <span class='ocrx_word' id='word_1_567' title='bbox 2842 3280 3007 3338; x_wconf 83' lang='lat' dir='ltr'><strong>sunt,</strong></span> <span class='ocrx_word' id='word_1_568' title='bbox 3054 3272 3334 3327; x_wconf 89' lang='lat' dir='ltr'><strong>immotum</strong></span> <span class='ocrx_word' id='word_1_569' title='bbox 3392 3275 3594 3331; x_wconf 85' lang='lat' dir='ltr'><strong>habent</strong></span> <span class='ocrx_word' id='word_1_570' title='bbox 3641 3279 3693 3333; x_wconf 93' lang='lat' dir='ltr'><strong>in</strong></span> 
     </span>
    </p>
   </div>
   <div class='ocr_carea' id='block_1_78' title="bbox 2029 3344 3692 3440">
    <p class='ocr_par' dir='ltr' id='par_1_78' title="bbox 2029 3344 3692 3440">
     <span class='ocr_line' id='line_1_78' title="bbox 2029 3344 3692 3440; baseline 0.006 -27"><span class='ocrx_word' id='word_1_571' title='bbox 2029 3344 2073 3406; x_wconf 84' lang='lat' dir='ltr'><strong>C</strong></span> <span class='ocrx_word' id='word_1_572' title='bbox 2104 3361 2358 3416; x_wconf 88' lang='lat' dir='ltr'><strong>omnibus</strong></span> <span class='ocrx_word' id='word_1_573' title='bbox 2388 3362 2543 3417; x_wconf 82' lang='lat' dir='ltr'><strong>bonis</strong></span> <span class='ocrx_word' id='word_1_574' title='bbox 2573 3361 2975 3416; x_wconf 81' lang='lat' dir='ltr'><strong>ﬁrmamentum</strong></span> <span class='ocrx_word' id='word_1_575' title='bbox 3006 3373 3062 3416; x_wconf 85' lang='lat' dir='ltr'><strong>et</strong></span> <span class='ocrx_word' id='word_1_576' title='bbox 3098 3364 3524 3422; x_wconf 85' lang='lat' dir='ltr'><strong>stabilimentum</strong></span> <span class='ocrx_word' id='word_1_577' title='bbox 3559 3385 3575 3423; x_wconf 90' lang='lat'><strong>:</strong></span> <span class='ocrx_word' id='word_1_578' title='bbox 3601 3373 3692 3440; x_wconf 90' lang='lat' dir='ltr'><strong>qui</strong></span> 
     </span>
    </p>
   </div>
   <div class='ocr_carea' id='block_1_79' title="bbox 2102 3456 3695 3537">
    <p class='ocr_par' dir='ltr' id='par_1_79' title="bbox 2102 3456 3695 3537">
     <span class='ocr_line' id='line_1_79' title="bbox 2102 3456 3695 3537; baseline 0.006 -29"><span class='ocrx_word' id='word_1_579' title='bbox 2102 3471 2236 3511; x_wconf 84' lang='lat' dir='ltr'><strong>vero</strong></span> <span class='ocrx_word' id='word_1_580' title='bbox 2270 3471 2375 3510; x_wconf 90' lang='lat' dir='ltr'><strong>non</strong></span> <span class='ocrx_word' id='word_1_581' title='bbox 2411 3456 2636 3520; x_wconf 88' lang='lat' dir='ltr'><strong>habent,</strong></span> <span class='ocrx_word' id='word_1_582' title='bbox 2669 3456 2871 3525; x_wconf 90' lang='lat' dir='ltr'><strong>ruinosi</strong></span> <span class='ocrx_word' id='word_1_583' title='bbox 2910 3464 3071 3520; x_wconf 90' lang='lat' dir='ltr'><strong>sunt,</strong></span> <span class='ocrx_word' id='word_1_584' title='bbox 3104 3466 3159 3511; x_wconf 89' lang='lat' dir='ltr'><strong>ct</strong></span> <span class='ocrx_word' id='word_1_585' title='bbox 3190 3458 3255 3513; x_wconf 91' lang='lat' dir='ltr'><strong>ad</strong></span> <span class='ocrx_word' id='word_1_586' title='bbox 3291 3460 3506 3530; x_wconf 81' lang='lat' dir='ltr'><strong>quidvis</strong></span> <span class='ocrx_word' id='word_1_587' title='bbox 3538 3459 3695 3537; x_wconf 80' lang='lat' dir='ltr'><strong>ﬂagi-</strong></span> 
     </span>
    </p>
   </div>
   <div class='ocr_carea' id='block_1_80' title="bbox 2106 3550 3694 3625">
    <p class='ocr_par' dir='ltr' id='par_1_80' title="bbox 2106 3550 3694 3625">
     <span class='ocr_line' id='line_1_80' title="bbox 2106 3550 3694 3625; baseline 0.004 -21"><span class='ocrx_word' id='word_1_588' title='bbox 2106 3551 2299 3613; x_wconf 83' lang='lat' dir='ltr'><strong>tiosum</strong></span> <span class='ocrx_word' id='word_1_589' title='bbox 2335 3550 2597 3605; x_wconf 76' lang='lat' dir='ltr'><strong>facillime</strong></span> <span class='ocrx_word' id='word_1_590' title='bbox 2632 3551 2997 3621; x_wconf 79' lang='lat' dir='ltr'><strong>abripiuntur.</strong></span> <span class='ocrx_word' id='word_1_591' title='bbox 3033 3550 3241 3609; x_wconf 88' lang='lat' dir='ltr'><strong>Cecidit</strong></span> <span class='ocrx_word' id='word_1_592' title='bbox 3274 3554 3440 3625; x_wconf 80' lang='lat' dir='ltr'><strong>igitur</strong></span> <span class='ocrx_word' id='word_1_593' title='bbox 3474 3554 3694 3619; x_wconf 70' lang='lat' dir='ltr'><strong>Juda‘a,</strong></span> 
     </span>
    </p>
   </div>
   <div class='ocr_carea' id='block_1_81' title="bbox 2104 3643 3695 3716">
    <p class='ocr_par' dir='ltr' id='par_1_81' title="bbox 2104 3643 3695 3716">
     <span class='ocr_line' id='line_1_81' title="bbox 2104 3643 3695 3716; baseline 0.003 -16"><span class='ocrx_word' id='word_1_594' title='bbox 2104 3645 2408 3700; x_wconf 84' lang='lat' dir='ltr'><strong>dimittetur</strong></span> <span class='ocrx_word' id='word_1_595' title='bbox 2439 3645 2603 3699; x_wconf 91' lang='lat' dir='ltr'><strong>etiam</strong></span> <span class='ocrx_word' id='word_1_596' title='bbox 2633 3643 2963 3704; x_wconf 78' lang='lat' dir='ltr'><strong>Jerusalem.</strong></span> <span class='ocrx_word' id='word_1_597' title='bbox 2993 3645 3185 3702; x_wconf 86' lang='lat' dir='ltr'><strong>Simile</strong></span> <span class='ocrx_word' id='word_1_598' title='bbox 3219 3648 3476 3716; x_wconf 86' lang='lat' dir='ltr'><strong>quiddam</strong></span> <span class='ocrx_word' id='word_1_599' title='bbox 3514 3666 3543 3706; x_wconf 91' lang='lat' dir='ltr'><strong>e</strong></span> <span class='ocrx_word' id='word_1_600' title='bbox 3572 3667 3695 3707; x_wconf 79' lang='lat' dir='ltr'><strong>san-</strong></span> 
     </span>
    </p>
   </div>
   <div class='ocr_carea' id='block_1_82' title="bbox 2103 3738 3692 3810">
    <p class='ocr_par' dir='ltr' id='par_1_82' title="bbox 2103 3738 3692 3810">
     <span class='ocr_line' id='line_1_82' title="bbox 2103 3738 3692 3810; baseline 0.004 -17"><span class='ocrx_word' id='word_1_601' title='bbox 2103 3739 2206 3793; x_wconf 90' lang='lat' dir='ltr'><strong>ctis</strong></span> <span class='ocrx_word' id='word_1_602' title='bbox 2244 3739 2528 3809; x_wconf 85' lang='lat' dir='ltr'><strong>prophetis</strong></span> <span class='ocrx_word' id='word_1_603' title='bbox 2577 3738 2718 3794; x_wconf 88' lang='lat' dir='ltr'><strong>alius</strong></span> <span class='ocrx_word' id='word_1_604' title='bbox 2758 3749 2886 3794; x_wconf 81' lang='lat' dir='ltr'><strong>ante</strong></span> <span class='ocrx_word' id='word_1_605' title='bbox 2931 3741 3327 3810; x_wconf 85' lang='lat' dir='ltr'><strong>proclamavit,</strong></span> <span class='ocrx_word' id='word_1_606' title='bbox 3353 3757 3474 3797; x_wconf 90' lang='lat' dir='ltr'><strong>cum</strong></span> <span class='ocrx_word' id='word_1_607' title='bbox 3509 3743 3643 3800; x_wconf 88' lang='lat' dir='ltr'><strong>dicit</strong></span> <span class='ocrx_word' id='word_1_608' title='bbox 3677 3762 3692 3800; x_wconf 92' lang='lat'><strong>:</strong></span> 
     </span>
    </p>
   </div>
   <div class='ocr_carea' id='block_1_83' title="bbox 2109 3832 3692 3905">
    <p class='ocr_par' dir='ltr' id='par_1_83' title="bbox 2109 3832 3692 3905">
     <span class='ocr_line' id='line_1_83' title="bbox 2109 3832 3692 3905; baseline 0.004 -22"><span class='ocrx_word' id='word_1_609' title='bbox 2109 3851 2127 3883; x_wconf 74' lang='grc' dir='ltr'>ι</span> <span class='ocrx_word' id='word_1_610' title='bbox 2168 3833 2366 3887; x_wconf 87' lang='lat' dir='ltr'><strong>Domus</strong></span> <span class='ocrx_word' id='word_1_611' title='bbox 2391 3832 2560 3888; x_wconf 81' lang='lat' dir='ltr'><strong>Israel</strong></span> <span class='ocrx_word' id='word_1_612' title='bbox 2586 3834 2806 3899; x_wconf 90' lang='lat' dir='ltr'><strong>cecidit,</strong></span> <span class='ocrx_word' id='word_1_613' title='bbox 2831 3849 2937 3886; x_wconf 87' lang='lat' dir='ltr'><strong>non</strong></span> <span class='ocrx_word' id='word_1_614' title='bbox 2958 3842 3041 3888; x_wconf 88' lang='lat' dir='ltr'><strong>est</strong></span> <span class='ocrx_word' id='word_1_615' title='bbox 3068 3834 3161 3904; x_wconf 87' lang='lat' dir='ltr'><strong>qui</strong></span> <span class='ocrx_word' id='word_1_616' title='bbox 3188 3849 3308 3889; x_wconf 86' lang='lat' dir='ltr'><strong>eam</strong></span> <span class='ocrx_word' id='word_1_617' title='bbox 3337 3837 3638 3905; x_wconf 82' lang='lat' dir='ltr'><strong>resuscitet.</strong></span> <span class='ocrx_word' id='word_1_618' title='bbox 3672 3855 3692 3889; x_wconf 76' lang='grc' dir='ltr'><strong>ι</strong></span> 
     </span>
    </p>
   </div>
   <div class='ocr_carea' id='block_1_84' title="bbox 2104 3925 3699 3997">
    <p class='ocr_par' dir='ltr' id='par_1_84' title="bbox 2104 3925 3699 3997">
     <span class='ocr_line' id='line_1_84' title="bbox 2104 3925 3699 3997; baseline 0.005 -20"><span class='ocrx_word' id='word_1_619' title='bbox 2104 3925 2236 3992; x_wconf 73' lang='lat' dir='ltr'><strong>Qute</strong></span> <span class='ocrx_word' id='word_1_620' title='bbox 2262 3925 2468 3982; x_wconf 90' lang='lat' dir='ltr'><strong>idcirco</strong></span> <span class='ocrx_word' id='word_1_621' title='bbox 2494 3927 2714 3993; x_wconf 87' lang='lat' dir='ltr'><strong>quidem</strong></span> <span class='ocrx_word' id='word_1_622' title='bbox 2742 3926 3081 3993; x_wconf 81' lang='lat' dir='ltr'><strong>acciderunt,</strong></span> <span class='ocrx_word' id='word_1_623' title='bbox 3107 3928 3249 3996; x_wconf 89' lang='lat' dir='ltr'><strong>quod</strong></span> <span class='ocrx_word' id='word_1_624' title='bbox 3282 3935 3482 3997; x_wconf 66' lang='lat' dir='ltr'><strong>praeter</strong></span> <span class='ocrx_word' id='word_1_625' title='bbox 3508 3928 3699 3985; x_wconf 86' lang='lat' dir='ltr'><strong>inobe-</strong></span> 
     </span>
    </p>
   </div>
   <div class='ocr_carea' id='block_1_85' title="bbox 2102 4018 3696 4092">
    <p class='ocr_par' dir='ltr' id='par_1_85' title="bbox 2102 4018 3696 4092">
     <span class='ocr_line' id='line_1_85' title="bbox 2102 4018 3696 4092; baseline 0.004 -22"><span class='ocrx_word' id='word_1_626' title='bbox 2102 4019 2388 4085; x_wconf 82' lang='lat' dir='ltr'><strong>dientiam,</strong></span> <span class='ocrx_word' id='word_1_627' title='bbox 2413 4020 2634 4089; x_wconf 88' lang='lat' dir='ltr'><strong>itnpiam</strong></span> <span class='ocrx_word' id='word_1_628' title='bbox 2663 4027 2925 4090; x_wconf 65' lang='lat' dir='ltr'><strong>praeterea</strong></span> <span class='ocrx_word' id='word_1_629' title='bbox 2955 4018 3195 4092; x_wconf 77' lang='lat' dir='ltr'><strong>linguam</strong></span> <span class='ocrx_word' id='word_1_630' title='bbox 3219 4031 3273 4074; x_wconf 88' lang='lat' dir='ltr'><strong>et</strong></span> <span class='ocrx_word' id='word_1_631' title='bbox 3300 4020 3696 4091; x_wconf 86' lang='lat' dir='ltr'><strong>iniquissimam</strong></span> 
     </span>
    </p>
   </div>
   <div class='ocr_carea' id='block_1_86' title="bbox 2103 4111 3700 4189">
    <p class='ocr_par' dir='ltr' id='par_1_86' title="bbox 2103 4111 3700 4189">
     <span class='ocr_line' id='line_1_86' title="bbox 2103 4111 3700 4189; baseline 0.002 -23"><span class='ocrx_word' id='word_1_632' title='bbox 2103 4112 2350 4168; x_wconf 83' lang='lat' dir='ltr'><strong>haberet.</strong></span> <span class='ocrx_word' id='word_1_633' title='bbox 2383 4112 2537 4180; x_wconf 85' lang='lat' dir='ltr'><strong>Quod</strong></span> <span class='ocrx_word' id='word_1_634' title='bbox 2572 4113 2715 4167; x_wconf 87' lang='lat' dir='ltr'><strong>enim</strong></span> <span class='ocrx_word' id='word_1_635' title='bbox 2749 4111 3016 4170; x_wconf 66' lang='lat' dir='ltr'><strong>foeditatis</strong></span> <span class='ocrx_word' id='word_1_636' title='bbox 3040 4130 3213 4189; x_wconf 83' lang='lat' dir='ltr'><strong>genus</strong></span> <span class='ocrx_word' id='word_1_637' title='bbox 3239 4130 3343 4169; x_wconf 90' lang='lat' dir='ltr'><strong>non</strong></span> <span class='ocrx_word' id='word_1_638' title='bbox 3381 4115 3543 4169; x_wconf 72' lang='lat' dir='ltr'><strong>locuti</strong></span> <span class='ocrx_word' id='word_1_639' title='bbox 3572 4127 3700 4172; x_wconf 85' lang='lat' dir='ltr'><strong>sunt</strong></span> 
     </span>
    </p>
   </div>
   <div class='ocr_carea' id='block_1_87' title="bbox 2102 4204 3697 4265">
    <p class='ocr_par' dir='ltr' id='par_1_87' title="bbox 2102 4204 3697 4265">
     <span class='ocr_line' id='line_1_87' title="bbox 2102 4204 3697 4265; baseline 0.002 -5"><span class='ocrx_word' id='word_1_640' title='bbox 2102 4215 2289 4260; x_wconf 90' lang='lat' dir='ltr'><strong>contra</strong></span> <span class='ocrx_word' id='word_1_641' title='bbox 2315 4206 2554 4260; x_wconf 85' lang='lat' dir='ltr'><strong>omnium</strong></span> <span class='ocrx_word' id='word_1_642' title='bbox 2586 4204 2928 4261; x_wconf 75' lang='lat' dir='ltr'><strong>Servatorem</strong></span> <span class='ocrx_word' id='word_1_643' title='bbox 2955 4207 3269 4265; x_wconf 80' lang='lat' dir='ltr'><strong>Christum?</strong></span> <span class='ocrx_word' id='word_1_644' title='bbox 3289 4207 3422 4263; x_wconf 88' lang='lat' dir='ltr'><strong>Cum</strong></span> <span class='ocrx_word' id='word_1_645' title='bbox 3452 4207 3697 4263; x_wconf 85' lang='lat' dir='ltr'><strong>Samari-</strong></span> 
     </span>
    </p>
   </div>
   <div class='ocr_carea' id='block_1_88' title="bbox 2105 4300 3698 4369">
    <p class='ocr_par' dir='ltr' id='par_1_88' title="bbox 2105 4300 3698 4369">
     <span class='ocr_line' id='line_1_88' title="bbox 2105 4300 3698 4369; baseline 0.002 -16"><span class='ocrx_word' id='word_1_646' title='bbox 2105 4309 2324 4362; x_wconf 84' lang='lat' dir='ltr'><strong>tanum,</strong></span> <span class='ocrx_word' id='word_1_647' title='bbox 2358 4302 2782 4365; x_wconf 76' lang='lat' dir='ltr'><strong>dtemouiacnm,</strong></span> <span class='ocrx_word' id='word_1_648' title='bbox 2813 4300 3074 4365; x_wconf 83' lang='lat' dir='ltr'><strong>edacem,</strong></span> <span class='ocrx_word' id='word_1_649' title='bbox 3109 4302 3505 4369; x_wconf 87' lang='lat' dir='ltr'><strong>vinipotorcm,</strong></span> <span class='ocrx_word' id='word_1_650' title='bbox 3538 4312 3593 4357; x_wconf 90' lang='lat' dir='ltr'><strong>et</strong></span> <span class='ocrx_word' id='word_1_651' title='bbox 3629 4315 3698 4357; x_wconf 70' lang='lat' dir='ltr'><strong>ex</strong></span> 
     </span>
    </p>
   </div>
   <div class='ocr_carea' id='block_1_89' title="bbox 2102 4392 3699 4456">
    <p class='ocr_par' dir='ltr' id='par_1_89' title="bbox 2102 4392 3699 4456">
     <span class='ocr_line' id='line_1_89' title="bbox 2102 4392 3699 4456; baseline 0.001 -9"><span class='ocrx_word' id='word_1_652' title='bbox 2102 4392 2434 4447; x_wconf 87' lang='lat' dir='ltr'><strong>scortatione</strong></span> <span class='ocrx_word' id='word_1_653' title='bbox 2465 4401 2652 4446; x_wconf 88' lang='lat' dir='ltr'><strong>natum</strong></span> <span class='ocrx_word' id='word_1_654' title='bbox 2671 4430 2688 4456; x_wconf 95' lang='lat'><strong>,</strong></span> <span class='ocrx_word' id='word_1_655' title='bbox 2712 4393 2837 4447; x_wconf 86' lang='lat' dir='ltr'><strong>etim</strong></span> <span class='ocrx_word' id='word_1_656' title='bbox 2867 4393 3150 4447; x_wconf 76' lang='lat' dir='ltr'><strong>dicerent?</strong></span> <span class='ocrx_word' id='word_1_657' title='bbox 3177 4392 3412 4448; x_wconf 86' lang='lat' dir='ltr'><strong>Proinde</strong></span> <span class='ocrx_word' id='word_1_658' title='bbox 3442 4410 3563 4448; x_wconf 90' lang='lat' dir='ltr'><strong>cum</strong></span> <span class='ocrx_word' id='word_1_659' title='bbox 3595 4396 3699 4449; x_wconf 89' lang='lat' dir='ltr'><strong>hac</strong></span> 
     </span>
    </p>
   </div>
   <div class='ocr_carea' id='block_1_90' title="bbox 2103 4481 3696 4553">
    <p class='ocr_par' dir='ltr' id='par_1_90' title="bbox 2103 4481 3696 4553">
     <span class='ocr_line' id='line_1_90' title="bbox 2103 4481 3696 4553; baseline 0.002 -16"><span class='ocrx_word' id='word_1_660' title='bbox 2103 4482 2501 4546; x_wconf 85' lang='lat' dir='ltr'><strong>inobcdientia,</strong></span> <span class='ocrx_word' id='word_1_661' title='bbox 2535 4481 2715 4550; x_wconf 80' lang='lat' dir='ltr'><strong>lingua</strong></span> <span class='ocrx_word' id='word_1_662' title='bbox 2743 4498 2962 4546; x_wconf 82' lang='lat' dir='ltr'><strong>eorum,</strong></span> <span class='ocrx_word' id='word_1_663' title='bbox 2994 4483 3046 4537; x_wconf 88' lang='lat' dir='ltr'><strong>in</strong></span> <span class='ocrx_word' id='word_1_664' title='bbox 3075 4482 3142 4538; x_wconf 90' lang='lat' dir='ltr'><strong>iis</strong></span> <span class='ocrx_word' id='word_1_665' title='bbox 3174 4500 3294 4553; x_wconf 77' lang='lat' dir='ltr'><strong>qum</strong></span> <span class='ocrx_word' id='word_1_666' title='bbox 3324 4486 3392 4539; x_wconf 90' lang='lat' dir='ltr'><strong>ad</strong></span> <span class='ocrx_word' id='word_1_667' title='bbox 3423 4484 3696 4542; x_wconf 68' lang='lat' dir='ltr'><strong>Christum</strong></span> 
     </span>
    </p>
   </div>
   <div class='ocr_carea' id='block_1_91' title="bbox 2103 4574 3700 4651">
    <p class='ocr_par' dir='ltr' id='par_1_91' title="bbox 2103 4574 3700 4651">
     <span class='ocr_line' id='line_1_91' title="bbox 2103 4574 3700 4651; baseline -0.001 -19"><span class='ocrx_word' id='word_1_668' title='bbox 2103 4575 2447 4645; x_wconf 78' lang='lat' dir='ltr'><strong>spectabant.</strong></span> <span class='ocrx_word' id='word_1_669' title='bbox 2481 4589 2698 4643; x_wconf 85' lang='lat' dir='ltr'><strong>semper</strong></span> <span class='ocrx_word' id='word_1_670' title='bbox 2734 4575 2901 4647; x_wconf 86' lang='lat' dir='ltr'><strong>impie</strong></span> <span class='ocrx_word' id='word_1_671' title='bbox 2944 4575 3197 4651; x_wconf 67' lang='lat' dir='ltr'><strong>petulaqs</strong></span> <span class='ocrx_word' id='word_1_672' title='bbox 3236 4574 3366 4645; x_wconf 82' lang='lat' dir='ltr'><strong>fuit,</strong></span> <span class='ocrx_word' id='word_1_673' title='bbox 3399 4578 3465 4633; x_wconf 89' lang='lat' dir='ltr'><strong>de</strong></span> <span class='ocrx_word' id='word_1_674' title='bbox 3504 4578 3700 4647; x_wconf 81' lang='lat' dir='ltr'><strong>quibus</strong></span> 
     </span>
    </p>
   </div>
   <div class='ocr_carea' id='block_1_92' title="bbox 389 4663 1997 4746">
    <p class='ocr_par' dir='ltr' id='par_1_92' title="bbox 389 4663 1997 4741">
     <span class='ocr_line' id='line_1_92' title="bbox 389 4663 1997 4741; baseline -0.001 -21"><span class='ocrx_word' id='word_1_675' title='bbox 389 4664 683 4730; x_wconf 75' lang='grc' dir='ltr'>ἀπειθείας</span> <span class='ocrx_word' id='word_1_676' title='bbox 716 4663 1089 4718; x_wconf 76' lang='grc' dir='ltr'>διατετέλεκεν</span> <span class='ocrx_word' id='word_1_677' title='bbox 1119 4666 1150 4734; x_wconf 81' lang='grc' dir='ltr'>ἡ</span> <span class='ocrx_word' id='word_1_678' title='bbox 1188 4664 1410 4741; x_wconf 81' lang='grc' dir='ltr'>γλῶσσα</span> <span class='ocrx_word' id='word_1_679' title='bbox 1445 4663 1625 4717; x_wconf 85' lang='grc' dir='ltr'>αὐτῶν</span> <span class='ocrx_word' id='word_1_680' title='bbox 1657 4663 1997 4719; x_wconf 76' lang='grc' dir='ltr'>δυσσεϐοῦσα</span> 
     </span>
    </p>
   </div>
   <div class='ocr_carea' id='block_1_93' title="bbox 2099 4663 3697 4746">
    <p class='ocr_par' dir='ltr' id='par_1_93' title="bbox 2105 4665 3697 4737">
     <span class='ocr_line' id='line_1_93' title="bbox 2105 4665 3697 4737; baseline 0.004 -17"><span class='ocrx_word' id='word_1_681' title='bbox 2105 4666 2209 4722; x_wconf 93' lang='lat' dir='ltr'><strong>dici</strong></span> <span class='ocrx_word' id='word_1_682' title='bbox 2254 4675 2435 4737; x_wconf 88' lang='lat' dir='ltr'><strong>potest</strong></span> <span class='ocrx_word' id='word_1_683' title='bbox 2478 4685 2494 4723; x_wconf 90' lang='lat'><strong>:</strong></span> <span class='ocrx_word' id='word_1_684' title='bbox 2540 4665 2657 4721; x_wconf 83' lang='lat' dir='ltr'><strong>Non</strong></span> <span class='ocrx_word' id='word_1_685' title='bbox 2701 4668 2846 4721; x_wconf 88' lang='lat' dir='ltr'><strong>enim</strong></span> <span class='ocrx_word' id='word_1_686' title='bbox 2890 4667 3163 4723; x_wconf 81' lang='lat' dir='ltr'><strong>immerito</strong></span> <span class='ocrx_word' id='word_1_687' title='bbox 3215 4670 3512 4724; x_wconf 85' lang='lat' dir='ltr'><strong>tenduntur</strong></span> <span class='ocrx_word' id='word_1_688' title='bbox 3560 4672 3697 4726; x_wconf 88' lang='lat' dir='ltr'><strong>retia</strong></span> 
     </span>
    </p>
   </div>
   <div class='ocr_carea' id='block_1_94' title="bbox 392 4751 1998 4827">
    <p class='ocr_par' dir='ltr' id='par_1_94' title="bbox 392 4751 1998 4827">
     <span class='ocr_line' id='line_1_94' title="bbox 392 4751 1998 4827; baseline 0 -20"><span class='ocrx_word' id='word_1_689' title='bbox 392 4758 474 4817; x_wconf 83' lang='grc' dir='ltr'><strong>είς</strong></span> <span class='ocrx_word' id='word_1_690' title='bbox 506 4753 774 4826; x_wconf 83' lang='grc' dir='ltr'>Χριστόν.</span> <span class='ocrx_word' id='word_1_691' title='bbox 808 4751 946 4824; x_wconf 80' lang='grc' dir='ltr'>Φαίη</span> <span class='ocrx_word' id='word_1_692' title='bbox 988 4753 1032 4806; x_wconf 80' lang='grc' dir='ltr'>δ’</span> <span class='ocrx_word' id='word_1_693' title='bbox 1064 4753 1131 4807; x_wconf 84' lang='grc' dir='ltr'><strong>ἄν</strong></span> <span class='ocrx_word' id='word_1_694' title='bbox 1161 4770 1246 4818; x_wconf 92' lang='grc' dir='ltr'><strong>τις</strong></span> <span class='ocrx_word' id='word_1_695' title='bbox 1284 4754 1379 4806; x_wconf 79' lang='grc' dir='ltr'><strong>καὶ</strong></span> <span class='ocrx_word' id='word_1_696' title='bbox 1403 4753 1489 4806; x_wconf 78' lang='grc' dir='ltr'><strong>ἐπ’</strong></span> <span class='ocrx_word' id='word_1_697' title='bbox 1520 4753 1734 4815; x_wconf 81' lang='grc' dir='ltr'>αὐτοῖς’</span> <span class='ocrx_word' id='word_1_698' title='bbox 1769 4755 1845 4808; x_wconf 82' lang='grc' dir='ltr'><strong>Οὐ</strong></span> <span class='ocrx_word' id='word_1_699' title='bbox 1886 4755 1998 4827; x_wconf 84' lang='grc' dir='ltr'>γὰρ</span> 
     </span>
    </p>
   </div>
   <div class='ocr_carea' id='block_1_95' title="bbox 392 4844 2047 4919">
    <p class='ocr_par' dir='ltr' id='par_1_95' title="bbox 392 4844 2047 4919">
     <span class='ocr_line' id='line_1_95' title="bbox 392 4844 2047 4919; baseline 0 -19"><span class='ocrx_word' id='word_1_700' title='bbox 392 4849 601 4911; x_wconf 77' lang='grc' dir='ltr'>ἀδίκως</span> <span class='ocrx_word' id='word_1_701' title='bbox 647 4845 951 4899; x_wconf 82' lang='grc' dir='ltr'>ἐκτείνεται</span> <span class='ocrx_word' id='word_1_702' title='bbox 988 4844 1183 4899; x_wconf 81' lang='grc' dir='ltr'>δίκτυα</span> <span class='ocrx_word' id='word_1_703' title='bbox 1236 4847 1557 4916; x_wconf 86' lang='grc' dir='ltr'>πτερωτοῖς.</span> <span class='ocrx_word' id='word_1_704' title='bbox 1589 4847 1753 4899; x_wconf 65' lang='grc' dir='ltr'>Αὐτοὶ</span> <span class='ocrx_word' id='word_1_705' title='bbox 1792 4847 1902 4919; x_wconf 75' lang='grc' dir='ltr'><strong>γὰρ</strong></span> <span class='ocrx_word' id='word_1_706' title='bbox 1949 4848 1998 4900; x_wconf 80' lang='lat' dir='ltr'><strong>oi</strong></span> <span class='ocrx_word' id='word_1_707' title='bbox 2036 4905 2047 4917; x_wconf 82' lang='lat'><em>_</em></span> 
     </span>
    </p>
   </div>
   <div class='ocr_carea' id='block_1_96' title="bbox 392 4934 1999 5009">
    <p class='ocr_par' dir='ltr' id='par_1_96' title="bbox 392 4934 1999 5009">
     <span class='ocr_line' id='line_1_96' title="bbox 392 4934 1999 5009; baseline 0 -18"><span class='ocrx_word' id='word_1_708' title='bbox 392 4939 558 5005; x_wconf 67' lang='grc' dir='ltr'>φνῖνου</span> <span class='ocrx_word' id='word_1_709' title='bbox 591 4935 919 5009; x_wconf 80' lang='grc' dir='ltr'>μετέχοντες</span> <span class='ocrx_word' id='word_1_710' title='bbox 951 4934 1371 5008; x_wconf 77' lang='grc' dir='ltr'>θησαυρίζουσιν</span> <span class='ocrx_word' id='word_1_711' title='bbox 1401 4937 1616 5000; x_wconf 82' lang='grc' dir='ltr'>ἑαυτοῖς</span> <span class='ocrx_word' id='word_1_712' title='bbox 1644 4936 1807 4991; x_wconf 81' lang='grc' dir='ltr'>κακά,</span> <span class='ocrx_word' id='word_1_713' title='bbox 1844 4938 1908 4991; x_wconf 85' lang='lat' dir='ltr'><strong>&#39;ll</strong></span> <span class='ocrx_word' id='word_1_714' title='bbox 1941 4937 1999 4992; x_wconf 78' lang='grc' dir='ltr'>δὲ</span> 
     </span>
    </p>
   </div>
   <div class='ocr_carea' id='block_1_97' title="bbox 391 5029 1568 5104">
    <p class='ocr_par' dir='ltr' id='par_1_97' title="bbox 391 5029 1568 5104">
     <span class='ocr_line' id='line_1_97' title="bbox 391 5029 1568 5104; baseline -0.003 -19"><span class='ocrx_word' id='word_1_715' title='bbox 391 5029 757 5104; x_wconf 80' lang='grc' dir='ltr'>καταστροφὴ</span> <span class='ocrx_word' id='word_1_716' title='bbox 783 5029 994 5100; x_wconf 82' lang='grc' dir='ltr'>ἀνδρῶν</span> <span class='ocrx_word' id='word_1_717' title='bbox 1027 5029 1366 5101; x_wconf 83' lang='grc' dir='ltr'>παρανόμων</span> <span class='ocrx_word' id='word_1_718' title='bbox 1399 5031 1568 5101; x_wconf 80' lang='grc' dir='ltr'>κακή.</span> 
     </span>
    </p>
   </div>
   <div class='ocr_carea' id='block_1_98' title="bbox 462 5117 1998 5190">
    <p class='ocr_par' dir='ltr' id='par_1_98' title="bbox 462 5117 1998 5190">
     <span class='ocr_line' id='line_1_98' title="bbox 462 5117 1998 5190; baseline 0.001 -17"><span class='ocrx_word' id='word_1_719' title='bbox 462 5119 627 5173; x_wconf 79' lang='grc' dir='ltr'>Διότι</span> <span class='ocrx_word' id='word_1_720' title='bbox 678 5118 800 5173; x_wconf 78' lang='grc' dir='ltr'><strong>νῦν</strong></span> <span class='ocrx_word' id='word_1_721' title='bbox 846 5117 1213 5186; x_wconf 76' lang='grc' dir='ltr'>ἐταπεινώθη</span> <span class='ocrx_word' id='word_1_722' title='bbox 1264 5119 1302 5186; x_wconf 79' lang='grc' dir='ltr'><strong><em>ἠ</em></strong></span> <span class='ocrx_word' id='word_1_723' title='bbox 1350 5117 1501 5183; x_wconf 80' lang='grc' dir='ltr'>δόξα</span> <span class='ocrx_word' id='word_1_724' title='bbox 1549 5119 1771 5185; x_wconf 83' lang='grc' dir='ltr'>αὐτῶν,</span> <span class='ocrx_word' id='word_1_725' title='bbox 1814 5120 1914 5175; x_wconf 77' lang='grc' dir='ltr'>καὶ</span> <span class='ocrx_word' id='word_1_726' title='bbox 1960 5122 1998 5190; x_wconf 73' lang='grc' dir='ltr'><em>ἡ</em></span> 
     </span>
    </p>
   </div>
   <div class='ocr_carea' id='block_1_99' title="bbox 388 5209 1994 5282">
    <p class='ocr_par' dir='ltr' id='par_1_99' title="bbox 388 5209 1994 5282">
     <span class='ocr_line' id='line_1_99' title="bbox 388 5209 1994 5282; baseline 0 -16"><span class='ocrx_word' id='word_1_727' title='bbox 388 5213 666 5282; x_wconf 75' lang='grc' dir='ltr'><strong>αἰσχύνη</strong></span> <span class='ocrx_word' id='word_1_728' title='bbox 720 5209 829 5265; x_wconf 76' lang='grc' dir='ltr'><strong>τοῦ</strong></span> <span class='ocrx_word' id='word_1_729' title='bbox 868 5210 1203 5279; x_wconf 69' lang='grc' dir='ltr'>προσώπου</span> <span class='ocrx_word' id='word_1_730' title='bbox 1238 5212 1440 5266; x_wconf 82' lang='grc' dir='ltr'>αὐτῶν</span> <span class='ocrx_word' id='word_1_731' title='bbox 1467 5210 1731 5281; x_wconf 79' lang='grc' dir='ltr'>ἀντέστη</span> <span class='ocrx_word' id='word_1_732' title='bbox 1766 5213 1994 5279; x_wconf 80' lang='grc' dir='ltr'>αὐτοῖς,</span> 
     </span>
    </p>
   </div>
   <div class='ocr_carea' id='block_1_100' title="bbox 388 5305 1998 5378">
    <p class='ocr_par' dir='ltr' id='par_1_100' title="bbox 388 5305 1998 5378">
     <span class='ocr_line' id='line_1_100' title="bbox 388 5305 1998 5378; baseline -0.001 -15"><span class='ocrx_word' id='word_1_733' title='bbox 388 5311 507 5378; x_wconf 65' lang='grc' dir='ltr'>τὴν</span> <span class='ocrx_word' id='word_1_734' title='bbox 547 5308 619 5362; x_wconf 84' lang='grc' dir='ltr'>δὲ</span> <span class='ocrx_word' id='word_1_735' title='bbox 648 5308 947 5376; x_wconf 76' lang='grc' dir='ltr'>ἁμαρτίαν</span> <span class='ocrx_word' id='word_1_736' title='bbox 983 5305 1184 5360; x_wconf 81' lang='grc' dir='ltr'>αὐτῶν</span> <span class='ocrx_word' id='word_1_737' title='bbox 1213 5306 1294 5372; x_wconf 87' lang='grc' dir='ltr'><strong>ὡς</strong></span> <span class='ocrx_word' id='word_1_738' title='bbox 1318 5306 1599 5376; x_wconf 79' lang='grc' dir='ltr'><strong>Σοδόμων</strong></span> <span class='ocrx_word' id='word_1_739' title='bbox 1629 5305 1998 5377; x_wconf 72' lang='grc' dir='ltr'>ἀνήγγειλαν</span> 
     </span>
    </p>
   </div>
   <div class='ocr_carea' id='block_1_101' title="bbox 388 5399 916 5466">
    <p class='ocr_par' dir='ltr' id='par_1_101' title="bbox 388 5399 916 5466">
     <span class='ocr_line' id='line_1_101' title="bbox 388 5399 916 5466; baseline 0 -11"><span class='ocrx_word' id='word_1_740' title='bbox 388 5403 489 5455; x_wconf 70' lang='grc' dir='ltr'><strong>καί</strong></span> <span class='ocrx_word' id='word_1_741' title='bbox 514 5399 916 5466; x_wconf 59' lang='grc' dir='ltr'>ἐνεφάνισαν.</span> 
     </span>
    </p>
   </div>
   <div class='ocr_carea' id='block_1_102' title="bbox 461 5491 2005 5566">
    <p class='ocr_par' dir='ltr' id='par_1_102' title="bbox 461 5491 2005 5566">
     <span class='ocr_line' id='line_1_102' title="bbox 461 5491 2005 5566; baseline 0 -18"><span class='ocrx_word' id='word_1_742' title='bbox 461 5495 508 5548; x_wconf 85' lang='grc' dir='ltr'>Τ</span> <span class='ocrx_word' id='word_1_743' title='bbox 513 5494 581 5564; x_wconf 80' lang='grc' dir='ltr'>ἧς</span> <span class='ocrx_word' id='word_1_744' title='bbox 610 5493 887 5547; x_wconf 80' lang='grc' dir='ltr'>Ἰουδαίων</span> <span class='ocrx_word' id='word_1_745' title='bbox 915 5491 1302 5558; x_wconf 77' lang='grc' dir='ltr'>ταπεινώσεως</span> <span class='ocrx_word' id='word_1_746' title='bbox 1323 5494 1413 5548; x_wconf 74' lang='grc' dir='ltr'>τὸν</span> <span class='ocrx_word' id='word_1_747' title='bbox 1438 5494 1629 5566; x_wconf 65' lang='grc' dir='ltr'>καιρὸν</span> <span class='ocrx_word' id='word_1_748' title='bbox 1659 5495 2005 5565; x_wconf 80' lang='grc' dir='ltr'>κατασημαί-</span> 
     </span>
    </p>
   </div>
   <div class='ocr_carea' id='block_1_103' title="bbox 388 5585 2002 5661">
    <p class='ocr_par' dir='ltr' id='par_1_103' title="bbox 388 5585 2002 5661">
     <span class='ocr_line' id='line_1_103' title="bbox 388 5585 2002 5661; baseline 0 -20"><span class='ocrx_word' id='word_1_749' title='bbox 388 5607 492 5649; x_wconf 83' lang='grc' dir='ltr'>νει.</span> <span class='ocrx_word' id='word_1_750' title='bbox 526 5588 625 5643; x_wconf 84' lang='grc' dir='ltr'><strong>καί</strong></span> <span class='ocrx_word' id='word_1_751' title='bbox 648 5604 839 5658; x_wconf 80' lang='grc' dir='ltr'>φησιν·</span> <span class='ocrx_word' id='word_1_752' title='bbox 864 5585 983 5640; x_wconf 85' lang='grc' dir='ltr'>Νῦν</span> <span class='ocrx_word' id='word_1_753' title='bbox 1004 5586 1344 5660; x_wconf 79' lang='grc' dir='ltr'>ἐταπεινώθη</span> <span class='ocrx_word' id='word_1_754' title='bbox 1379 5588 1561 5661; x_wconf 78' lang='grc' dir='ltr'>ήδόξα</span> <span class='ocrx_word' id='word_1_755' title='bbox 1589 5588 1768 5644; x_wconf 79' lang='grc' dir='ltr'>αὐτῶν</span> <span class='ocrx_word' id='word_1_756' title='bbox 1800 5588 2002 5660; x_wconf 83' lang='grc' dir='ltr'>πληρο-</span> 
     </span>
    </p>
   </div>
   <div class='ocr_carea' id='block_1_104' title="bbox 389 5678 1999 5755">
    <p class='ocr_par' dir='ltr' id='par_1_104' title="bbox 389 5678 1999 5755">
     <span class='ocr_line' id='line_1_104' title="bbox 389 5678 1999 5755; baseline 0 -21"><span class='ocrx_word' id='word_1_757' title='bbox 389 5682 600 5752; x_wconf 73' lang='grc' dir='ltr'>φορῶν,</span> <span class='ocrx_word' id='word_1_758' title='bbox 643 5681 729 5734; x_wconf 80' lang='grc' dir='ltr'>ὅτι</span> <span class='ocrx_word' id='word_1_759' title='bbox 771 5678 896 5734; x_wconf 83' lang='grc' dir='ltr'>κατ’</span> <span class='ocrx_word' id='word_1_760' title='bbox 931 5678 1111 5733; x_wconf 80' lang='grc' dir='ltr'>ἐκεῖνο</span> <span class='ocrx_word' id='word_1_761' title='bbox 1137 5680 1375 5751; x_wconf 84' lang='grc' dir='ltr'>μάλιστα</span> <span class='ocrx_word' id='word_1_762' title='bbox 1414 5681 1508 5736; x_wconf 88' lang='grc' dir='ltr'><strong>τοῦ</strong></span> <span class='ocrx_word' id='word_1_763' title='bbox 1545 5682 1759 5755; x_wconf 79' lang='grc' dir='ltr'>καιροῦ,</span> <span class='ocrx_word' id='word_1_764' title='bbox 1789 5682 1910 5736; x_wconf 79' lang='grc' dir='ltr'>καθ’</span> <span class='ocrx_word' id='word_1_765' title='bbox 1940 5681 1999 5734; x_wconf 84' lang='grc' dir='ltr'><strong>ὃν</strong></span> 
     </span>
    </p>
   </div>
   <div class='ocr_carea' id='block_1_105' title="bbox 464 5835 1037 5899">
    <p class='ocr_par' dir='ltr' id='par_1_105' title="bbox 464 5835 1037 5899">
     <span class='ocr_line' id='line_1_105' title="bbox 464 5835 1037 5899; baseline 0.002 -8"><span class='ocrx_word' id='word_1_766' title='bbox 464 5835 508 5867; x_wconf 82' lang='grc'><strong>⁸³</strong></span> <span class='ocrx_word' id='word_1_767' title='bbox 535 5836 729 5892; x_wconf 78' lang='lat' dir='ltr'><strong>Matth.</strong></span> <span class='ocrx_word' id='word_1_768' title='bbox 758 5851 922 5899; x_wconf 82' lang='lat' dir='ltr'><strong>mn,</strong></span> <span class='ocrx_word' id='word_1_769' title='bbox 944 5835 1037 5892; x_wconf 81' lang='grc'><strong>58.</strong></span> 
     </span>
    </p>
   </div>
   <div class='ocr_carea' id='block_1_106' title="bbox 767 5928 1456 5989">
    <p class='ocr_par' dir='ltr' id='par_1_106' title="bbox 767 5928 1456 5989">
     <span class='ocr_line' id='line_1_106' title="bbox 767 5928 1456 5989; baseline 0.003 -1"><span class='ocrx_word' id='word_1_770' title='bbox 767 5930 1046 5988; x_wconf 55' lang='lat' dir='ltr'><strong>Parnm“</strong></span> <span class='ocrx_word' id='word_1_771' title='bbox 1090 5928 1206 5988; x_wconf 74' lang='lat' dir='ltr'><strong>Gn.</strong></span> <span class='ocrx_word' id='word_1_772' title='bbox 1260 5930 1456 5989; x_wconf 70' lang='lat' dir='ltr'><strong>LXX.</strong></span> 
     </span>
    </p>
   </div>
   <div class='ocr_carea' id='block_1_107' title="bbox 2107 4755 3702 4826">
    <p class='ocr_par' dir='ltr' id='par_1_107' title="bbox 2107 4755 3702 4826">
     <span class='ocr_line' id='line_1_107' title="bbox 2107 4755 3702 4826; baseline 0.003 -16"><span class='ocrx_word' id='word_1_773' title='bbox 2107 4756 2433 4817; x_wconf 80' lang='lat' dir='ltr'><strong>volatilibus.</strong></span> <span class='ocrx_word' id='word_1_774' title='bbox 2459 4755 2561 4822; x_wconf 85' lang='lat' dir='ltr'><strong>Qui</strong></span> <span class='ocrx_word' id='word_1_775' title='bbox 2599 4756 2743 4811; x_wconf 87' lang='lat' dir='ltr'><strong>enim</strong></span> <span class='ocrx_word' id='word_1_776' title='bbox 2780 4755 2947 4810; x_wconf 58' lang='lat' dir='ltr'><strong>caedis</strong></span> <span class='ocrx_word' id='word_1_777' title='bbox 2981 4756 3117 4811; x_wconf 90' lang='lat' dir='ltr'><strong>socii</strong></span> <span class='ocrx_word' id='word_1_778' title='bbox 3152 4771 3219 4811; x_wconf 87' lang='lat' dir='ltr'><strong>ac</strong></span> <span class='ocrx_word' id='word_1_779' title='bbox 3252 4758 3547 4826; x_wconf 85' lang='lat' dir='ltr'><strong>participes</strong></span> <span class='ocrx_word' id='word_1_780' title='bbox 3582 4758 3702 4814; x_wconf 78' lang='lat' dir='ltr'><strong>fue-</strong></span> 
     </span>
    </p>
   </div>
   <div class='ocr_carea' id='block_1_108' title="bbox 2109 4846 3696 4917">
    <p class='ocr_par' dir='ltr' id='par_1_108' title="bbox 2109 4846 3696 4917">
     <span class='ocr_line' id='line_1_108' title="bbox 2109 4846 3696 4917; baseline 0.001 -16"><span class='ocrx_word' id='word_1_781' title='bbox 2109 4856 2253 4912; x_wconf 91' lang='lat' dir='ltr'><strong>runt,</strong></span> <span class='ocrx_word' id='word_1_782' title='bbox 2274 4847 2374 4901; x_wconf 90' lang='lat' dir='ltr'><strong>sibi</strong></span> <span class='ocrx_word' id='word_1_783' title='bbox 2407 4848 2505 4916; x_wconf 90' lang='lat' dir='ltr'><strong>ipsi</strong></span> <span class='ocrx_word' id='word_1_784' title='bbox 2539 4846 2677 4901; x_wconf 85' lang='lat' dir='ltr'><strong>mala</strong></span> <span class='ocrx_word' id='word_1_785' title='bbox 2703 4847 2855 4916; x_wconf 88' lang='lat' dir='ltr'><strong>quasi</strong></span> <span class='ocrx_word' id='word_1_786' title='bbox 2886 4847 3258 4903; x_wconf 85' lang='lat' dir='ltr'><strong>thesaurizant</strong></span> <span class='ocrx_word' id='word_1_787' title='bbox 3281 4858 3336 4904; x_wconf 93' lang='lat' dir='ltr'><strong>ct</strong></span> <span class='ocrx_word' id='word_1_788' title='bbox 3355 4848 3696 4917; x_wconf 86' lang='lat' dir='ltr'><strong>recondunt;</strong></span> 
     </span>
    </p>
   </div>
   <div class='ocr_carea' id='block_1_109' title="bbox 2106 4938 3699 5013">
    <p class='ocr_par' dir='ltr' id='par_1_109' title="bbox 2106 4938 3699 5013">
     <span class='ocr_line' id='line_1_109' title="bbox 2106 4938 3699 5013; baseline 0.002 -20"><span class='ocrx_word' id='word_1_789' title='bbox 2106 4948 2161 4993; x_wconf 90' lang='lat' dir='ltr'><strong>et</strong></span> <span class='ocrx_word' id='word_1_790' title='bbox 2209 4939 2386 4993; x_wconf 90' lang='lat' dir='ltr'><strong>malus</strong></span> <span class='ocrx_word' id='word_1_791' title='bbox 2433 4948 2517 4993; x_wconf 88' lang='lat' dir='ltr'><strong>est</strong></span> <span class='ocrx_word' id='word_1_792' title='bbox 2557 4938 2812 4993; x_wconf 87' lang='lat' dir='ltr'><strong>interitus</strong></span> <span class='ocrx_word' id='word_1_793' title='bbox 2857 4952 3045 4993; x_wconf 88' lang='lat' dir='ltr'><strong>eorum</strong></span> <span class='ocrx_word' id='word_1_794' title='bbox 3088 4939 3330 4995; x_wconf 73' lang='lat' dir='ltr'><strong>virorum</strong></span> <span class='ocrx_word' id='word_1_795' title='bbox 3380 4941 3473 5012; x_wconf 90' lang='lat' dir='ltr'><strong>qui</strong></span> <span class='ocrx_word' id='word_1_796' title='bbox 3524 4941 3699 5013; x_wconf 85' lang='lat' dir='ltr'><strong>legem</strong></span> 
     </span>
    </p>
   </div>
   <div class='ocr_carea' id='block_1_110' title="bbox 2107 5028 3749 5086">
    <p class='ocr_par' dir='ltr' id='par_1_110' title="bbox 2107 5028 3749 5086">
     <span class='ocr_line' id='line_1_110' title="bbox 2107 5028 3749 5086; baseline 0.004 -3"><span class='ocrx_word' id='word_1_797' title='bbox 2107 5031 2331 5086; x_wconf 76' lang='lat' dir='ltr'><strong>violant.</strong></span> <span class='ocrx_word' id='word_1_798' title='bbox 3742 5028 3749 5033; x_wconf 76' lang='grc'><em>’</em></span> 
     </span>
    </p>
   </div>
   <div class='ocr_carea' id='block_1_111' title="bbox 2177 5123 3709 5199">
    <p class='ocr_par' dir='ltr' id='par_1_111' title="bbox 2177 5123 3709 5199">
     <span class='ocr_line' id='line_1_111' title="bbox 2177 5123 3709 5199; baseline 0.001 -20"><span class='ocrx_word' id='word_1_799' title='bbox 2177 5126 2289 5197; x_wconf 83' lang='lat'><strong>60</strong></span> <span class='ocrx_word' id='word_1_800' title='bbox 2338 5125 2502 5180; x_wconf 74' lang='lat' dir='ltr'><strong>Vens.</strong></span> <span class='ocrx_word' id='word_1_801' title='bbox 2548 5124 2603 5179; x_wconf 88' lang='lat'><strong>9.</strong></span> <span class='ocrx_word' id='word_1_802' title='bbox 2654 5123 2834 5189; x_wconf 80' lang='lat' dir='ltr'><strong>Quare</strong></span> <span class='ocrx_word' id='word_1_803' title='bbox 2885 5141 3025 5180; x_wconf 77' lang='lat' dir='ltr'><strong>nunc</strong></span> <span class='ocrx_word' id='word_1_804' title='bbox 3069 5124 3352 5181; x_wconf 77' lang='lat' dir='ltr'><strong>humiliata</strong></span> <span class='ocrx_word' id='word_1_805' title='bbox 3400 5138 3475 5181; x_wconf 79' lang='lat' dir='ltr'><strong>est</strong></span> <span class='ocrx_word' id='word_1_806' title='bbox 3527 5127 3709 5199; x_wconf 74' lang='lat' dir='ltr'><strong>gloria</strong></span> 
     </span>
    </p>
   </div>
   <div class='ocr_carea' id='block_1_112' title="bbox 2105 5217 3709 5289">
    <p class='ocr_par' dir='ltr' id='par_1_112' title="bbox 2105 5217 3709 5289">
     <span class='ocr_line' id='line_1_112' title="bbox 2105 5217 3709 5289; baseline 0 -17"><span class='ocrx_word' id='word_1_807' title='bbox 2105 5233 2315 5284; x_wconf 86' lang='lat' dir='ltr'><strong>eorum,</strong></span> <span class='ocrx_word' id='word_1_808' title='bbox 2346 5229 2392 5272; x_wconf 91' lang='lat' dir='ltr'><strong>et</strong></span> <span class='ocrx_word' id='word_1_809' title='bbox 2422 5218 2661 5286; x_wconf 74' lang='lat' dir='ltr'><strong>confusio</strong></span> <span class='ocrx_word' id='word_1_810' title='bbox 2690 5217 2865 5273; x_wconf 78' lang='lat' dir='ltr'><strong>vultus</strong></span> <span class='ocrx_word' id='word_1_811' title='bbox 2891 5218 3126 5288; x_wconf 75' lang='lat' dir='ltr'><strong>ipsorum</strong></span> <span class='ocrx_word' id='word_1_812' title='bbox 3157 5220 3352 5274; x_wconf 76' lang='lat' dir='ltr'><strong>restitit</strong></span> <span class='ocrx_word' id='word_1_813' title='bbox 3388 5220 3548 5289; x_wconf 75' lang='lat' dir='ltr'><strong>ipsis,</strong></span> <span class='ocrx_word' id='word_1_814' title='bbox 3589 5237 3709 5288; x_wconf 67' lang='grc' dir='ltr'><strong>μη·-</strong></span> 
     </span>
    </p>
   </div>
   <div class='ocr_carea' id='block_1_113' title="bbox 2105 5309 3704 5382">
    <p class='ocr_par' dir='ltr' id='par_1_113' title="bbox 2105 5309 3704 5382">
     <span class='ocr_line' id='line_1_113' title="bbox 2105 5309 3704 5382; baseline 0.001 -19"><span class='ocrx_word' id='word_1_815' title='bbox 2105 5320 2383 5381; x_wconf 78' lang='lat' dir='ltr'><strong>ratumque</strong></span> <span class='ocrx_word' id='word_1_816' title='bbox 2426 5327 2610 5376; x_wconf 74' lang='lat' dir='ltr'><strong>suum,</strong></span> <span class='ocrx_word' id='word_1_817' title='bbox 2635 5311 2787 5382; x_wconf 81' lang='lat' dir='ltr'><strong>quasi</strong></span> <span class='ocrx_word' id='word_1_818' title='bbox 2832 5309 3184 5367; x_wconf 83' lang='lat' dir='ltr'><strong>Sodomorum</strong></span> <span class='ocrx_word' id='word_1_819' title='bbox 3225 5316 3615 5370; x_wconf 68' lang='lat' dir='ltr'><strong>annuutiarxut</strong></span> <span class='ocrx_word' id='word_1_820' title='bbox 3655 5326 3704 5367; x_wconf 82' lang='lat' dir='ltr'><strong>et</strong></span> 
     </span>
    </p>
   </div>
   <div class='ocr_carea' id='block_1_114' title="bbox 2104 5403 2530 5472">
    <p class='ocr_par' dir='ltr' id='par_1_114' title="bbox 2104 5403 2530 5472">
     <span class='ocr_line' id='line_1_114' title="bbox 2104 5403 2530 5472; baseline 0.007 -18"><span class='ocrx_word' id='word_1_821' title='bbox 2104 5403 2530 5472; x_wconf 78' lang='lat' dir='ltr'><strong>manifestarunt.</strong></span> 
     </span>
    </p>
   </div>
   <div class='ocr_carea' id='block_1_115' title="bbox 2185 5494 3696 5569">
    <p class='ocr_par' dir='ltr' id='par_1_115' title="bbox 2185 5494 3696 5569">
     <span class='ocr_line' id='line_1_115' title="bbox 2185 5494 3696 5569; baseline 0.001 -20"><span class='ocrx_word' id='word_1_822' title='bbox 2185 5495 2515 5564; x_wconf 75' lang='lat' dir='ltr'><strong>llejectionis</strong></span> <span class='ocrx_word' id='word_1_823' title='bbox 2543 5494 2849 5551; x_wconf 66' lang='lat' dir='ltr'><strong>intimorum</strong></span> <span class='ocrx_word' id='word_1_824' title='bbox 2892 5506 3102 5569; x_wconf 87' lang='lat' dir='ltr'><strong>tempus</strong></span> <span class='ocrx_word' id='word_1_825' title='bbox 3136 5508 3315 5567; x_wconf 88' lang='lat' dir='ltr'><strong>notat,</strong></span> <span class='ocrx_word' id='word_1_826' title='bbox 3342 5510 3395 5555; x_wconf 89' lang='lat' dir='ltr'><strong>et</strong></span> <span class='ocrx_word' id='word_1_827' title='bbox 3424 5499 3500 5552; x_wconf 89' lang='lat' dir='ltr'><strong>ait</strong></span> <span class='ocrx_word' id='word_1_828' title='bbox 3529 5515 3544 5552; x_wconf 89' lang='lat'><strong>:</strong></span> <span class='ocrx_word' id='word_1_829' title='bbox 3573 5497 3696 5556; x_wconf 85' lang='lat' dir='ltr'><strong>Jam</strong></span> 
     </span>
    </p>
   </div>
   <div class='ocr_carea' id='block_1_116' title="bbox 2110 5589 3696 5661">
    <p class='ocr_par' dir='ltr' id='par_1_116' title="bbox 2110 5589 3696 5661">
     <span class='ocr_line' id='line_1_116' title="bbox 2110 5589 3696 5661; baseline 0.006 -19"><span class='ocrx_word' id='word_1_830' title='bbox 2110 5597 2387 5643; x_wconf 84' lang='lat' dir='ltr'><strong>attenuata</strong></span> <span class='ocrx_word' id='word_1_831' title='bbox 2423 5598 2507 5646; x_wconf 85' lang='lat' dir='ltr'><strong>est</strong></span> <span class='ocrx_word' id='word_1_832' title='bbox 2535 5589 2705 5661; x_wconf 80' lang='lat' dir='ltr'><strong>gl0ria</strong></span> <span class='ocrx_word' id='word_1_833' title='bbox 2741 5604 2928 5645; x_wconf 88' lang='lat' dir='ltr'><strong>eorum</strong></span> <span class='ocrx_word' id='word_1_834' title='bbox 2967 5608 2981 5645; x_wconf 88' lang='lat'><strong>:</strong></span> <span class='ocrx_word' id='word_1_835' title='bbox 3016 5601 3167 5647; x_wconf 88' lang='lat' dir='ltr'><strong>certo</strong></span> <span class='ocrx_word' id='word_1_836' title='bbox 3201 5592 3553 5659; x_wconf 78' lang='lat' dir='ltr'><strong>conﬁrmans,</strong></span> <span class='ocrx_word' id='word_1_837' title='bbox 3585 5594 3696 5651; x_wconf 89' lang='lat' dir='ltr'><strong>illis</strong></span> 
     </span>
    </p>
   </div>
   <div class='ocr_carea' id='block_1_117' title="bbox 2110 5681 3698 5755">
    <p class='ocr_par' dir='ltr' id='par_1_117' title="bbox 2110 5681 3698 5755">
     <span class='ocr_line' id='line_1_117' title="bbox 2110 5681 3698 5755; baseline 0.006 -19"><span class='ocrx_word' id='word_1_838' title='bbox 2110 5682 2346 5739; x_wconf 77' lang='lat' dir='ltr'><strong>maxime</strong></span> <span class='ocrx_word' id='word_1_839' title='bbox 2377 5681 2710 5754; x_wconf 87' lang='lat' dir='ltr'><strong>temporibus</strong></span> <span class='ocrx_word' id='word_1_840' title='bbox 2741 5684 2938 5755; x_wconf 88' lang='lat' dir='ltr'><strong>quibus</strong></span> <span class='ocrx_word' id='word_1_841' title='bbox 2970 5683 3149 5754; x_wconf 77' lang='lat' dir='ltr'><strong>lingua</strong></span> <span class='ocrx_word' id='word_1_842' title='bbox 3188 5697 3375 5740; x_wconf 87' lang='lat' dir='ltr'><strong>eorum</strong></span> <span class='ocrx_word' id='word_1_843' title='bbox 3396 5724 3412 5753; x_wconf 90' lang='lat'><strong>,</strong></span> <span class='ocrx_word' id='word_1_844' title='bbox 3446 5699 3552 5740; x_wconf 87' lang='lat' dir='ltr'><strong>nou</strong></span> <span class='ocrx_word' id='word_1_845' title='bbox 3578 5688 3698 5745; x_wconf 85' lang='lat' dir='ltr'><strong>siue</strong></span> 
     </span>
    </p>
   </div>
   <div class='ocr_carea' id='block_1_118' title="bbox 3288 5930 3324 5974">
    <p class='ocr_par' dir='ltr' id='par_1_118' title="bbox 3288 5930 3324 5974">
     <span class='ocr_line' id='line_1_118' title="bbox 3288 5930 3324 5974; baseline 0 0"><span class='ocrx_word' id='word_1_846' title='bbox 3288 5930 3324 5974; x_wconf 66' lang='lat'><strong>4</strong></span> 
     </span>
    </p>
   </div>
  </div>
