4100 6514
414 349 547 465 iam

1476 364 1534 420 ὃ.
1578 359 1857 421 εγιιιιιι
1900 358 2371 426 ΑιΕΧΑΝοηιΝι
2413 361 2735 422 ARCHIEP.

3609 360 3712 421 t08

438 494 652 552 scelere
679 498 738 547 et
767 487 1084 561 iniquitate,
1108 485 1163 540 ln
1198 483 1476 539 Christum
1507 482 1674 553 impia
1708 481 1838 548 fuit,
1866 494 2025 536 omne

2142 487 2162 558 ί]
2219 487 2439 557 γλῶσσα
2492 482 2675 539 αὐτῶν
2728 479 2864 553 μετὰ
2917 478 3149 551 ἀνομίας
3192 475 3583 549 δεδυσσέϐηκεν
3633 479 3716 544 εις

443 604 559 642 ιιιιιι
607 582 931 640 calamitatis
965 592 1134 650 serius
1173 576 1280 630 illis
1318 574 1488 631 fuisse
1522 573 1855 644 irrogatum,
1887 581 1943 627 et
1974 571 2029 627 in

355 710 373 748 ε
442 686 586 738 hanc
615 675 964 748 ignominiam
998 686 1093 728 eos
1124 668 1404 724 incidisse.
1438 666 1599 737 Atqui
1633 665 1903 735 quomodo
1929 664 2034 719 lin-

441 791 547 845 gua
580 740 818 842 ips-orum
848 763 1240 822 contumaciter
1270 761 1434 830 impia
1470 759 1611 814 fuit?
1643 758 1869 815 Caeteris
1897 772 2032 829 pra:-

344 849 359 894 :
444 862 738 925 tcrmissis,
773 859 886 930 ipse
917 855 1079 910 nobis
1111 854 1373 923 propheta
1405 850 1669 922 explicat,
1703 850 1873 905 solam
1909 849 2035 904 ulti-

443 972 588 1012 mam
636 966 824 1009 earum
869 947 1266 1019 blasphemiam
1309 956 1761 999 commemorans.
1794 941 2034 997 Fuerunt

445 1053 591 1105 enim
625 1060 839 1117 semper
866 1042 1092 1100 Christo
1123 1038 1338 1095 adversi
1371 1045 1427 1093 et
1449 1035 1630 1092 infesti
1650 1076 1666 1103 ,
1694 1034 2032 1091 invidentia:-

439 1160 548 1214 que
594 1140 715 1197 telis
757 1136 980 1212 perciti,
1018 1150 1084 1189 ac
1124 1132 1278 1203 quasi
1323 1129 1594 1197 sauciati,
1631 1127 1814 1183 multis
1863 1126 2035 1182 modis

443 1237 670 1293 insidias
687 1233 1040 1289 collocarunt.
1061 1227 1393 1294 Demumque
1410 1238 1566 1278 suum
1585 1222 1764 1277 scelus
1781 1219 2033 1283 maxime,

445 1342 706 1398 tanquam
745 1323 1106 1380 Sodomorum
1143 1316 1570 1380 annuntiarunt,
1599 1323 1653 1367 et
1688 1310 2033 1368 manifestum

447 1434 809 1491 tcsratnmqne
857 1414 1233 1474 reddiderunt,
1264 1425 1387 1464 cum
1435 1424 1558 1462 eum
1608 1405 1781 1460 Pilato
1822 1403 2035 1460 obtule-

447 1529 591 1573 runt.
628 1514 761 1570 Nam
804 1506 1257 1580 quemadmodum
1296 1501 1634 1556 habitatores
1675 1497 2032 1553 Sodomorum

447 1605 862 1679 intemperantia
896 1617 962 1656 ac
992 1597 1443 1656 imtnodcratione
1476 1592 1837 1663 cupiditatum
1871 1588 2033 1645 effre-

447 1709 573 1756 nate
616 1698 964 1759 laborarunt,
994 1687 1472 1758 voluptatibusque
1516 1698 1548 1739 a
1596 1692 1790 1738 natura
1838 1682 2034 1736 abhor-

448 1792 692 1849 rentibus
722 1784 965 1853 victi,,lin
1000 1782 1216 1837 beatum
1250 1778 1353 1833 Lot
1385 1778 1686 1843 irruerunt,
1721 1776 1847 1828 dum
1883 1773 2029 1829 omni

448 1881 772 1941 verecundia
806 1874 1115 1950 proculcata
1136 1912 1151 1937 ,
1187 1881 1241 1926 et
1276 1879 1553 1942 praerupta
1587 1869 1818 1938 quadam
1857 1868 2030 1937 impu-

445 1979 628 2035 alentia
677 1967 1184 2043 superante,-viros
1234 1964 1301 2019 ad
1350 1964 1522 2033 ipsum
1571 1963 1928 2027 divertentes,
1965 1958 2034 2014 ad

448 2072 673 2125 abusum
722 2070 969 2133 peterent
1017 2076 1032 2114 :
1082 2057 1197 2129 pari
1251 2055 1429 2120 modo,
1458 2055 1725 2119 arbitror,
1768 2064 1823 2107 et
1863 2049 2036 2106 Judaei

447 2170 637 2218 contra
671 2173 731 2212 se
764 2154 1104 2224 iniquitatem
1157 2164 1310 2206 suam
1345 2147 1699 2202 elamitarunt
1736 2154 1792 2199 et
1824 2159 2037 2198 annon-

449 2255 674 2315 tiarunt,
700 2263 823 2303 cum
852 2244 1025 2299 Pilato
1051 2242 1234 2297 dicunt
1265 2239 1333 2295 de
1358 2239 1576 2296 Christo
1603 2257 1616 2292 :
1645 2256 1664 2290 ι
1693 2236 1863 2303 Tolle,
1888 2236 2034 2301 tolle,

447 2343 596 2398 cruci
636 2338 788 2409 al'ﬁge
825 2352 949 2393 eum
973 2334 1039 2389 ³³.
1079 2351 1097 2385 ι
1144 2332 1295 2387 Hanc
1341 2331 1579 2403 ipsorum
1616 2329 1727 2385 Deo
1764 2329 2036 2383 inimicam

450 2449 638 2490 vocem
679 2429 953 2487 accusavit
994 2427 1157 2482 etiam
1197 2438 1295 2494 per
1325 2423 1610 2495 quemdam
1653 2421 2035 2491 prophetarum

449 2529 637 2583 dicens
672 2543 687 2581 :
723 2520 997 2590 Dereliqni
1033 2521 1254 2575 domum
1287 2532 1462 2571 meam
1488 2557 1502 2579 ,
1535 2515 1715 2570 dimisi
1749 2513 2038 2570 haeredita—

451 2633 558 2679 tem
583 2633 780 2680 meam,
808 2613 1004 2669 tradidi
1029 2612 1279 2665 dilectam
1301 2610 1543 2663 animam
1571 2623 1747 2663 meam
1771 2609 1824 2662 in
1850 2622 2041 2662 manus

450 2712 789 2768 inimicorum
820 2707 959 2776 ejus.
985 2702 1150 2759 Facta
1186 2714 1271 2758 est
1301 2700 1591 2756 luereditas
1629 2716 1748 2756 mea
1784 2699 1944 2764 mihi,
1983 2708 2043 2753 ut

451 2807 534 2860 leo
572 2802 625 2857 in
667 2800 834 2864 silva,
860 2797 1117 2865 deditque
1147 2803 1334 2871 contra
1365 2808 1455 2848 me
1487 2806 1673 2848 vocem
1708 2806 1892 2858 suam,
1919 2806 2043 2861 ιιι-οο

451 2906 632 2966 pterea
662 2890 786 2945 odio
815 2895 1133 2957 prosecutus
1165 2898 1286 2939 sum
1316 2898 1461 2939 eam.

525 2982 689 3040 Vens.
717 2981 875 3037 9-H.
913 2976 1006 3033 Vn:
1045 2977 1241 3030 animat
1276 2990 1491 3038 eorum,
1515 2972 1638 3042 quia
1681 2971 2042 3026 consulturum

451 3075 730 3133 consilium
756 3085 1009 3141 magnum
1038 3079 1221 3122 contra
1249 3067 1477 3135 seipsos,
1505 3067 1739 3119 dicentes
1768 3078 1787 3117 :
1831 3062 2043 3118 Vincia-

2134 578 2389 653 Χριστὸν,
2446 578 2566 631 τότε
2616 576 2712 630 καὶ
2758 575 2870 629 πᾶν
2926 567 3067 637 εἶδος
3123 572 3308 635 αὐτοῖς
3361 571 3712 642 ἑπενήνεκται

2131 673 2528 744 ταλαιπωρίας,
2558 670 2653 724 καὶ
2673 666 3030 723 πεπτώκασιν
3062 665 3144 730 είς
3176 664 3239 718 τὸ
3270 662 3545 728 δυσκλεές.
3582 663 3712 719 Τίνα

2130 767 2188 821 δὲ
2214 766 2413 839 τρόπον
2455 762 2738 851 ήδγλῶσσα
2776 759 2956 815 αὐτῶν
2986 756 3349 829 δεδυσσέὁηκε
3391 756 3530 828 μετά
3559 757 3718 811 ἀπει-

2133 858 2304 923 θείας,
2339 847 2660 927 αὑτὺξήμῖν
2685 857 2713 908 ό
2746 854 3030 926 προφήτης
3060 852 3357 921 δεατρανοῖ,
3389 849 3585 920 παρεὶς
3618 847 3720 919 μὲν

2131 954 2203 1009 τὰ
2235 953 2419 1025 ἔτερα,
2449 947 2919 1021 διαμνημονεύσας
2966 945 3023 1001 δὲ
3068 945 3237 1016 μόνης
3275 944 3375 1013 τῆς
3405 941 3721 1005 τελευταίας

2134 1045 2314 1102 αὐτῶν
2353 1043 2692 1106 δυσσεϐείας.
2737 1036 2920 1094 τΗσαν
2963 1039 3060 1110 μὲν
3093 1039 3201 1107 γὰρ
3237 1036 3328 1089 ἀεὶ.
3357 1034 3605 1105 διάφοροι
3641 1032 3722 1102 τῷ

2134 1135 2376 1208 Χριστῷ,
2407 1134 2501 1189 καὶ
2528 1136 2642 1197 τοῖς
2662 1130 2757 1187 τοῦ
2781 1130 2977 1202 φθόνου
2999 1129 3178 1199 βέλεσι
3201 1126 3556 1198 τετρωμένοι,
3576 1123 3721 1179 κατὰ

2135 1229 2367 1292 πολλοὺς
2421 1226 2775 1281 ἐπεϐούλευον
2815 1222 3070 1295 τρόπους.
3132 1217 3347 1290 Ἐπειδὴ
3398 1218 3456 1272 δὲ
3501 1215 3723 1285 Πιλάτῳ

2136 1322 2507 1392 προσήγαγον,
2549 1318 2668 1371 τότε
2702 1316 2765 1388 δὴ
2802 1314 3036 1387 μάλιστα
3066 1312 3166 1381 τὴν
3192 1309 3403 1365 ἑαυτῶν
3443 1309 3722 1383 ἁμαρτίαν

2134 1414 2211 1479 ὡς
2232 1414 2481 1484 Σοδόμων
2515 1410 2845 1483 ἁνήγγειλαν
2871 1408 2966 1463 καὶ
2992 1396 3340 1476 ἐνεφάνισαν.
3374 1402 3586 1474 Ὠσπερ
3613 1401 3724 1473 γάρ

2135 1512 2183 1563 ot
2211 1508 2320 1562 τῶν
2350 1506 2600 1579 Σοδόμων
2621 1506 2905 1576 οἰκήτορες
2933 1502 2993 1555 τὸ
3021 1497 3260 1570 ἀκρατὲς
3292 1497 3371 1560 είς
3397 1494 3605 1566 ὀρέξεις
3638 1511 3725 1547 νε-

2136 1605 2427 1676 νοσηκότες
2486 1602 2713 1673 ἀγρίως,
2766 1598 2862 1652 καὶ
2915 1598 3036 1659 ταῖς
3091 1592 3244 1663 παρά
3296 1589 3457 1659 φύσιν
3506 1587 3725 1660 ἡδοναῖς

2137 1696 2432 1772 ἡττημένοι
2459 1695 2864 1763 κατεπεφύοντο
2891 1690 2983 1745 τοῦ
3027 1686 3297 1761 μακαρίου
3328 1684 3473 1745 Λὼτ,
3508 1680 3724 1737 αἰτοῦν-

2135 1810 2228 1857 τες
2266 1793 2392 1856 τοὺς
2431 1789 2627 1861 ἄνδρας
2662 1788 2786 1851 τοὺς
2825 1780 3356 1853 εἰσπεπορευμένους
3392 1777 3526 1848 πρὸς
3559 1773 3728 1827 αὑτὸν

2136 1888 2215 1949 εἰς
2248 1884 2606 1954 κατάχρησιν,
2631 1878 2814 1943 αἰδοῦς
2836 1895 2897 1931 τε
2928 1875 3148 1946 ἀπάσης
3181 1873 3370 1935 αὐτοῖς
3404 1868 3728 1937 πεπατημέ-

2135 1994 2231 2048 νης
2264 1977 2359 2029 καὶ
2392 1973 2700 2046 ἀθραύστου
2742 1970 2930 2024 λοιπὸν
2972 1965 3284 2038 κρατούσης
3318 1960 3724 2033 ἀναισχυντίαςο

2133 2066 2227 2121 τὸν
2255 2064 2417 2119 αὑτὸν
2447 2058 2601 2132 οἶμαι
2619 2061 2819 2133 τρόπον
2850 2059 2942 2113 καὶ
2981 2056 3220 2110 Ἰουδαῖοι
3247 2054 3347 2126 τὴν
3369 2052 3599 2123 ἀνομίαν
3627 2048 3728 2103 at»

2135 2157 2245 2209 τῶν
2274 2154 2605 2227 ἀνήγγειλαν
2646 2149 3126 2222 κατακεκραγότες
3157 2163 3215 2201 τε
3245 2146 3339 2200 καὶ
3369 2143 3621 2214 λέγοντες
3646 2140 3732 2212 τῷ

2137 2247 2356 2318 Πιλάτῳ
2390 2246 2520 2317 περῖ⁵
2557 2242 2814 2318 Χριστοῦ·
2846 2261 2864 2293 r
2902 2237 3056 2311 Αἶρε,
3092 2232 3235 2310 αἶρε,
3275 2234 3589 2307 σταύρωσον
3622 2233 3730 2287 αὐ-

2137 2341 2250 2395 τόν.
2286 2359 2305 2392 ι
2346 2338 2561 2408 Ταύτην
2602 2336 2783 2391 αὐτῶν
2819 2332 3115 2403 κατῃτιᾶτο
3147 2327 3332 2401 φωνὴν
3369 2327 3464 2382 καὶ
3501 2326 3569 2381 δι’
3607 2323 3735 2387 ἐνὸς

2137 2432 2249 2487 τῶν
2302 2430 2618 2503 προφητῶν,
2663 2428 2860 2494 λέγων·
2925 2422 3387 2494 Ἐγκαταλέλοιπα
3440 2417 3533 2473 τὸν
3578 2412 3736 2473 οἶκόν

2144 2542 2267 2597 μου,
2301 2523 2488 2594 ἀφῆκα
2515 2521 2616 2592 τὴν
2643 2518 3005 2592 κληρονομίαν
3050 2534 3150 2587 μου
3169 2556 3183 2580 ,
3213 2514 3420 2568 δέδωκα
3458 2512 3558 2585 τὴν
3588 2514 3735 2583 ὴγαε

2141 2615 2394 2687 πημένην
2417 2613 2597 2686 ψυχήν
2630 2630 2730 2684 μου
2768 2612 2848 2676 εἰς
2882 2613 3071 2682 χεῖρας
3100 2607 3311 2680 ἐχθρῶν
3343 2605 3530 2677 αὐτῆς.
3573 2605 3732 2674 Ἐγε-

2141 2709 2278 2781 νήθη
2335 2708 2369 2778 ἠ
2408 2704 2741 2779 κληρονομία
2788 2721 2889 2774 μου
2941 2703 3066 2773 ἐμοὶ
3111 2702 3188 2764 ὡς
3236 2699 3374 2753 λέων
3417 2699 3475 2751 ἐν
3511 2696 3734 2770 δρυμῷ,

2142 2801 2341 2855 ἔδωκεν
2393 2800 2479 2853 ἐπ’
2525 2798 2626 2870 ἐμὲ
2680 2797 2863 2870 φωνὴν
2909 2796 3100 2866 αὐτῆς,
3158 2791 3247 2848 διὰ
3286 2790 3445 2846 τοῦτο
3486 2789 3733 2863 iptioqu

2142 2894 2333 2964 αὐτὴν.

2211 2984 2360 3040 οὐαὶ
2384 2982 2460 3053 τῇ
2482 2980 2657 3053 ψυχῇ
2676 2979 2893 3048 αὐτῶν,
2924 2979 3013 3034 ὅτι
3029 2979 3468 3045 βεϐούλευνται
3480 2971 3735 3040 ,βουλὴν

2143 3079 2417 3148 πονηρὰν
2443 3076 2571 3131 καθ’
2602 3073 2851 3136 ἑαυτῶν,
2881 3072 3173 3139 εἰπόντες·
3202 3069 3489 3139 Δήσωμεν
3510 3065 3617 3122 τὸν
3640 3066 3738 3121 δί-

452 3185 568 3224 mus
598 3167 842 3239 justum,
867 3166 992 3232 quia
1031 3161 1239 3216 inutilis
1280 3158 1429 3213 nobis
1473 3166 1575 3213 est.
1610 3155 1799 3226 Itaque
1835 3155 2041 3226 fructus

2143 3188 2335 3237 καιον,
2388 3171 2477 3225 ὅτι
2524 3168 2913 3239 δύσχρηστος
2963 3166 3109 3235 ἡμῖν
3143 3165 3335 3220 ἐστιν.
3389 3164 3605 3219 Τοίνυν
3650 3162 3731 3216 τὰ

451 3276 664 3332 operum
691 3273 906 3314 suorum
941 3257 1113 3310 edent.
1149 3250 1240 3308 Vc
1272 3253 1479 3322 iniquo,
1510 3249 1651 3304 mala
1679 3265 1773 3320 pro
1800 3248 2040 3318 operibus

453 3367 704 3409 manuum
729 3348 1151 3419 ipsiusevenient
1176 3346 1245 3402 ei.

533 3527 807 3601 Propheta
841 3524 1007 3580 etiam
1033 3539 1188 3581 nunc
1208 3521 1527 3581 Iudaeorum
1551 3524 1826 3597 .populum
1863 3524 2038 3597 luget,

453 3634 510 3681 et
564 3621 922 3694 quaerelarnm
988 3632 1187 3675 causas
1247 3617 1380 3689 ipsis
1438 3618 1662 3688 exponit
1710 3636 1725 3674 :
1779 3617 2043 3675 Dixerunt

455 3717 637 3784 enim,
692 3714 907 3783 inquit,
977 3710 1032 3767 in
1096 3710 1293 3782 seipsis
1345 3730 1360 3766 :
1418 3709 1733 3769 Vinciamns
1797 3712 2040 3782 justum,

457 3809 585 3882 quia
649 3806 857 3862 inutilis
919 3802 1075 3860 nobis
1122 3814 1234 3859 est.
1281 3802 1469 3874 Neque
1518 3804 1663 3859 enim
1721 3812 2044 3873 receperunt

460 3913 558 3970 per
628 3895 829 3958 ﬁdem.
880 3894 1264 3950 universorum
1325 3892 1673 3950 Servatorern
1726 3891 2042 3959 Christum,

461 3990 560 4047 sed
617 3986 946 4044 contumelia
1000 3994 1260 4057 perpetuo
1314 3984 1643 4051 nll‘eeerunt,
1683 3985 1790 4057 61
1845 3994 1902 4041 et
1951 4000 2044 4041 re-

455 4096 589 4138 vera
646 4077 1028 4134 existimarunt
1098 4092 1221 4132 eum
1277 4076 1423 4132 nullo
1477 4077 1636 4131 modo
1676 4077 1803 4132 vitae
1857 4075 2044 4132 utilem

463 4174 612 4237 fere,
671 4170 763 4241 qui
824 4171 878 4223 in
937 4170 1037 4223 hoc
1088 4169 1235 4223 venit
1284 4177 1344 4223 ut
1393 4166 1577 4224 omnia
1619 4169 1674 4223 in
1730 4169 1879 4241 ipso,
1923 4184 2043 4240 quae

461 4265 682 4335 quidem
715 4262 874 4318 nobis
911 4262 1263 4326 conveniunt,
1284 4262 1592 4316 communia
1629 4262 1844 4328 tierent,
1877 4273 2046 4335 utque

462 4372 492 4411 a
533 4355 692 4427 legali
732 4355 945 4410 vivendi
977 4353 1186 4408 ratione
1253 4354 1305 4408 in
1357 4353 1695 4423 spiritualem
1749 4371 2047 4412 conversa.

466 4450 664 4503 tionem
700 4461 795 4501 eos
833 4445 925 4515 qui
955 4460 1019 4499 ex
1061 4443 1327 4514 sanguine
1361 4443 1578 4500 lsraelis
1612 4447 1719 4500 orti
1765 4454 1912 4511 sunt,
1949 4448 2048 4502 ad-

461 4540 704 4593 duceret.
738 4535 872 4591 Cum
901 4549 1032 4605 ergo
1058 4534 1195 4589 nihil
1251 4534 1548 4603 adiumenti
1607 4551 1728 4590 euut
1788 4544 2046 4605 putarent
2075 4520 2123 4580 υ

464 4630 778 4693 allaturum,
802 4638 979 4682 morte
1010 4626 1250 4694 ligarunt
1301 4640 1448 4691 eum,
1507 4638 1772 4695 quantum
1826 4627 2045 4696 quidem

464 4722 520 4776 in
547 4719 678 4790 ipsis
704 4729 843 4786 erat,
878 4720 1092 4773 tametsi
1122 4717 1319 4772 revixit
1375 4717 1440 4770 de
1475 4718 1702 4786 integro.
1762 4727 1823 4772 ut
1878 4716 2044 4784 Deus,

465 4812 671 4868 inferos
695 4811 1038 4874 exinaniens,
1065 4819 1121 4863 et
1149 4808 1516 4877 corruptionis
1534 4809 1819 4878 imperium
1849 4808 2047 4865 intrin-

465 4897 747 4972 gens.Vita
775 4908 859 4955 est
880 4898 1024 4954 enim
1052 4908 1108 4955 et
1136 4898 1256 4953 vitae
1283 4908 1492 4953 auctor.
1525 4896 1723 4954 Verum
1744 4908 1934 4954 contra
1955 4914 2048 4956 se-

446 4993 615 5063 ~ipsos
639 4991 926 5047 consilium
962 4990 1217 5055 inierunt,
1244 4990 1448 5060 justum
1475 4989 1647 5060 ligare
1674 4991 1942 5057 volentes,
1996 5002 2053 5049 et

468 5086 610 5142 fetus
647 5100 867 5141 suorum
896 5082 1140 5138 laborum
1172 5084 1477 5139 comedent.
1510 5082 1665 5151 Quod
1683 5085 1825 5138 enim
1853 5085 2057 5140 severlt

469 5178 615 5249 quis,
649 5177 754 5231 hoc
796 5184 854 5232 et
901 5183 1089 5231 metet.
1119 5173 1188 5230 Et
1245 5189 1379 5231 sane
1431 5175 1524 5245 qui
1580 5176 1825 5231 moribus
1872 5176 2056 5245 probis

471 5277 619 5333 sunt,
647 5276 702 5322 et
733 5275 845 5322 toto
892 5275 1110 5336 pectore
1182 5267 1276 5322 Dei
1335 5280 1522 5321 amore
1574 5265 1823 5338 ﬂagrant,
1886 5269 2057 5323 bonus

473 5358 600 5416 hinc
631 5358 839 5414 l'ruetns
883 5357 1159 5413 invenient
1195 5376 1210 5413 :
1242 5368 1296 5412 at
1325 5360 1414 5428 qui
1442 5360 1708 5423 resiliunt,
1765 5368 1821 5414 et
1878 5359 2051 5430 perti-

478 5469 639 5508 anes
670 5463 794 5507 sunt
825 5466 891 5507 ac
932 5452 1231 5522 praal'raeti,
1275 5463 1329 5507 et
1373 5454 1568 5507 divinat
1609 5452 1873 5522 majestati
1911 5454 2051 5509 relu-

472 5553 711 5609 «tantur,
738 5544 900 5599 edent
932 5552 1224 5613 proventus
1281 5543 1528 5599 laborum
1584 5561 1827 5612 suorum,
1876 5546 2052 5617 ignem

484 5635 763 5703 ntrnirum,
811 5645 866 5690 ct
893 5633 1241 5707 supplicium,
1273 5645 1329 5693 et
1362 5650 1599 5709 penam,
1634 5648 1689 5695 et
1716 5654 2053 5711 quaecunque

558 5787 602 5821 δ’
627 5783 783 5843 Joan.
824 5801 939 5849 th,
974 5787 1061 5846 15.

2142 3263 2484 3337 γεννήματα
2520 3260 2641 3317 τῶν
2671 3261 2862 3332 ἔργων
2892 3256 3082 3313 αὐτῶν
3114 3256 3427 3327 φάγονται.
3471 3253 3618 3309 Οὐαὶ
3644 3252 3735 3318 τῷ

2141 3357 2363 3426 ἀνόμῳ,
2394 3355 2628 3423 πονηρὰ
2659 3355 2812 3408 κατὰ
2846 3350 2919 3406 τὰ
2951 3350 3097 3423 ἔργα
3135 3349 3254 3404 τῶν
3289 3346 3507 3420 χειρῶν
3540 3346 3734 3402 αὑτοῦ

2141 3448 2518 3520 συμϐήσεται
2553 3445 2734 3512 αὐτῷ.

2214 3538 2503 3604 Ταλανίξει
2535 3538 2631 3591 καὶ
2652 3535 2747 3590 νῦν
2773 3535 3118 3607 όλπροφήτης
3156 3531 3268 3587 τῶν
3304 3530 3570 3587 Ἰουδαίων
3600 3529 3732 3594 τοὺς

2128 3631 2369 3704 δήμους,
2405 3630 2648 3684 καὶτῶν
2686 3630 2773 3682 ἐπ’
2806 3629 2991 3691 αὐτοῖς
3023 3625 3275 3697 ὀδυρμῶν
3301 3623 3593 3679 ἀποδίδιαισι
3626 3621 3733 3688 τὰς

2144 3724 2344 3788 αίτίας.
2383 3717 2551 3776 Εἶπον
2588 3722 2718 3793 γάρ,
2753 3719 2937 3791 φησὶν,
2979 3719 3038 3772 ὲν
3071 3718 3306 3780 ἑαυτοῖς·
3344 3717 3606 3788 Δήσωμεν
3638 3712 3735 3769 τὸν

2144 3817 2377 3881 δίκαιον,
2407 3817 2492 3871 ὅτι
2519 3814 2856 3885 δύσχρηστος
2876 3815 3021 3884 ἡμῖν
3050 3811 3217 3865 ἐστιν.
3258 3809 3332 3863 Οὐ
3361 3808 3470 3880 γὰρ
3503 3805 3737 3877 παρεδέ-

2145 3927 2303 3982 χοντο
2322 3908 2410 3963 διὰ
2429 3906 2531 3978 τῆς
2554 3907 2789 3969 πίστεως
2811 3904 2903 3959 τὸν
2922 3904 3031 3959 τῶν
3056 3903 3191 3957 ὅλων
3203 3901 3450 3975 ’Σωτῆρα
3473 3898 3735 3972 Χριστὸν,

2146 3999 2503 4072 ἀτιμάζοντες
2556 3998 2614 4053 δὲ
2659 3996 3113 4061 διατετελέκασιν,
3160 3992 3326 4066 ᾤοντό
3374 4009 3435 4046 τε
3476 3990 3617 4046 κατά
3671 3991 3737 4044 τδ

2146 4091 2366 4165 ἀληθὲς,
2396 4091 2478 4145 ὅτι
2506 4090 2626 4144 κατ’
2652 4089 2841 4143 οὐδένα
2878 4090 3079 4159 τρόπον
3107 4088 3378 4159 χρήσιμον
3409 4082 3630 4138 ἔσεσθαι
3654 4082 3738 4155 τῷ

2148 4185 2248 4258 βίῳ
2272 4184 2364 4240 τὸν
2388 4183 2688 4255 ἀφιγμένον
2713 4182 2793 4246 είς
2814 4179 2992 4246 τοῦτο,
3014 4181 3102 4234 ἵνα
3127 4179 3305 4234 πάντα
3326 4180 3383 4232 ὲν
3406 4175 3554 4249 αὐτῷ
3572 4177 3737 4230 καινὰ

2145 4278 2214 4334 τὰ
2267 4277 2569 4349 καθ’ήμᾶς
2606 4274 2854 4347 γένηται,
2912 4274 3009 4327 καὶ
3064 4275 3129 4327 ἐκ
3178 4270 3413 4343 νομικῆς
3459 4268 3736 4334 πολιτείας

2150 4369 2481 4441 μεταστησει
2502 4367 2584 4431 είς
2607 4363 2984 4437 πνευματικὴν
3004 4364 3130 4428 τοὺς
3150 4362 3210 4431 ἐξ
3231 4362 3464 4433 αἵματος
3493 4361 3733 4432 Ἰσραήλ.

2138 4454 2358 4512 Οὐκοῦν
2413 4455 2533 4510 κατ’
2576 4454 2732 4508 οὐδὲν
2783 4453 3003 4507 ἔσεσθαι
3057 4453 3329 4524 χρήσιμον
3376 4449 3736 4521 ὑπειληφότες

2149 4548 2314 4604 αὐτὸν
2344 4547 2540 4619 ἔδησαν
2570 4545 2648 4614 τῷ
2687 4544 2924 4613 Θανάτῳ,
2968 4543 3029 4599 τό
3057 4561 3121 4614 γε
3152 4538 3286 4617 ἧκον
3311 4544 3391 4607 είς
3431 4542 3650 4607 αὐτοὺς,
3687 4542 3739 4594 εί

2149 4641 2244 4697 καὶ
2273 4638 2473 4695 ἀνεϐίω
2502 4638 2664 4694 πάλιν
2692 4637 2768 4703 ὡς
2797 4638 2929 4703 Θεὸς
2957 4636 3202 4702 κενώσας
3241 4637 3335 4692 τὸν
3362 4637 3516 4709 ᾅδην,
3551 4635 3648 4690 καὶ
3674 4636 3737 4689 τὸ

2149 4729 2252 4803 τῆς
2301 4729 2508 4801 φθορᾶς
2558 4725 2871 4790 καταλύσας
2917 4726 3139 4798 κράτος.
3175 4725 3296 4795 Ζωὴ
3335 4723 3445 4795 γάρ
3483 4725 3600 4775 ἐστι
3642 4721 3741 4774 καὶ

2152 4821 2432 4889 ζωοποιός.
2465 4819 2613 4893 Πλὴν
2646 4822 2764 4873 κατ’
2789 4817 2969 4874 αὐτῶν
2998 4816 3345 4871 ἐϐουλεύοντο
3376 4816 3538 4885 δῆσαι
3564 4813 3741 4868 θέλον-

2150 4932 2244 4981 τες
2269 4914 2362 4968 τὸν
2396 4914 2624 4968 δίκαιον⁶
2663 4911 2930 4982 φάγονται
2964 4910 3025 4963 δὲ
3058 4909 3154 4964 καὶ
3177 4909 3245 4963 τὰ
3278 4909 3598 4978 γεννήματα
3627 4905 3740 4959 τῶν

2151 5005 2330 5079 ἔργων
2373 5004 2575 5060 αὐτῶν.
2616 5001 2686 5059 ⁸³0
2713 5004 2823 5077 γὰρ
2857 5002 2953 5057 ἐὰν
2991 5002 3191 5074 σπείρῃ
3227 5001 3534 5070 ἄνθρωπος,
3578 4997 3740 5052 τοῦτο

2152 5093 2247 5146 καὶ
2279 5091 2505 5162 θερίσει.
2541 5092 2651 5145 Καὶ
2680 5092 2732 5144 οἱ
2764 5090 2865 5163 μὲν
2892 5091 3018 5155 τοὺς
3043 5090 3279 5162 τρόπους
3321 5089 3605 5151 ἐπιεικεῖς,
3642 5085 3740 5140 καὶ

2154 5180 2400 5252 φιλόθεον
2445 5181 2659 5252 ἔχοντες
2708 5179 2956 5252 γνώμην,
2982 5178 2983 5181 “
3009 5179 3251 5250 ἀγαθοὺς
3288 5176 3541 5233 ἱντεῦθεν
3574 5178 3741 5249 εὑρή-

2159 5289 2312 5328 σουσι
2340 5273 2468 5337 τοὺς
2497 5270 2763 5344 καρπούςο
2790 5273 2841 5325 ot
2875 5272 2932 5326 δὲ
2958 5270 3316 5334 ἀπονεύοντες
3343 5269 3435 5323 καὶ
3467 5267 3739 5333 ἀπειθεῖς,

2161 5364 2254 5419 καὶ
2276 5366 2341 5434 τῇ
2381 5361 2501 5435 θείᾳ
2526 5362 2653 5435 δόξῃ
2687 5363 3006 5433 μαχόμενοι,
3037 5363 3302 5433 φάγονται
3330 5361 3401 5415 τὰ
3425 5361 3739 5432 γεννήματα

2157 5454 2265 5509 τῶν
2297 5430 2699 5527 ἐργωνταύτῶν,
2731 5430 2876 5507 τοῦτ’
2899 5430 3199 5525 ἔστιίπῦρ,
3233 5455 3328 5509 καὶ
3350 5453 3506 5525 δίκην
3530 5430 3625 5507 καὶ

2157 5548 2314 5604 λασιν
2365 5548 2461 5603 καὶ
2510 5547 2582 5601 τὰ
2627 5545 2688 5612 ἐξ
2728 5547 2899 5619 ὀργῆς
2943 5540 3332 5619 συμϐαίνοντα.
3370 5547 3601 5618 Ἕψεται
3632 5545 3741 5615 γὰρ

2159 5641 2378 5705 πάντως
2415 5640 2483 5695 τὰ
2510 5640 2684 5695 τοιάδε
2713 5639 2819 5693 τῶν
2858 5640 3045 5695 κακῶν
3071 5643 3182 5706 τοῖς
3212 5639 3502 5711 θεομαχεῖν
3526 5638 3743 5711 ᾑρημέ-
