4100 6474
422 382 532 440 109

1611 381 1678 436 IN
1722 377 1954 437 ISAIAM
1995 377 2124 434 LIB.
2171 376 2211 433 l.
2254 375 2463 433 ORAT.
2506 377 2592 432 Ill.

3639 389 3743 444 110

413 517 554 565 νοις.
598 498 824 570 ’Δληθὶς
853 494 947 555 οὖν
981 500 1085 565 ὅτι,
1120 499 1244 553 οὐαὶ
1279 499 1356 572 τῷ
1395 501 1606 572 ἀνόμῳ,
1640 499 1850 572 πονηρὰ
1883 495 2027 555 κατά

2134 494 2216 549 ira
2239 494 2378 548 solet
2433 493 2651 551 alierre.
2683 495 2918 550 Omnino
2954 495 3098 552 enim
3157 497 3284 551 talia
3345 504 3484 554 mala
3547 516 3742 557 conse-

413 594 489 648 τὰ
517 593 658 664 ἔργα
683 591 794 645 τῶν
821 592 1028 665 χειρῶν
1061 592 1227 648 αὑτοῦ
1257 593 1598 666 συμϐήσεται
1629 594 1798 667 αὐτῷ·
1843 594 2036 667 ῶσπερ

412 688 530 759 γὰρ
563 688 982 759 προσεκόμισαν
1017 688 1238 760 Πιλάτῳ
1266 687 1358 742 τὸν
1389 688 1617 760 Ἰησοῦν,
1644 690 1738 743 καὶ
1769 692 1889 754 ταῖς
1925 690 2036 745 τῶν

413 779 784 850 στρατιωτῶν
838 779 1159 845 ἀτιθάσσοις
1214 783 1442 852 ὀργαῖς,
1498 780 1644 836 οὕτω
1715 784 1810 837 καὶ
1877 784 2036 838 αὐτοὶ

411 873 926 944 παραδοθήσονται,
948 874 1104 947 φησι,
1127 876 1248 937 ταῖς
1279 874 1569 946 Ῥωμαίων
1599 878 1902 947 στρατιαῖς.
1923 876 2037 932 Καὶ

413 965 481 1039 δὴ
533 967 701 1021 τοῦτο
749 967 982 1036 λέγοντα
1019 969 1207 1037 σαφῶς
1255 969 1350 1023 καὶ
1393 969 1481 1023 διὰ
1528 970 1714 1040 φωνῆς
1771 969 2036 1041 Ἰεζεχιὴλ

411 1062 753 1134 εὑρήσομεν.
785 1063 1020 1134 Εἴρηται
1052 1063 1160 1134 γὰρ
1189 1062 1326 1134 πρὸς
1347 1062 1446 1134 τὴν
1467 1061 1688 1116 ἀνοσίαν
1721 1062 1816 1116 καὶ
1846 1079 2034 1129 κυριο-

412 1154 615 1207 κτόνον
667 1152 1052 1228 Ἰερουσαλήμ·
1091 1155 1289 1220 Καθὼς
1325 1155 1610 1227 ἐποίησας,
1664 1156 1837 1220 οὕτως
1878 1155 2033 1210 ἔσται

414 1263 525 1299 σοι.
558 1246 635 1300 Τὸ
655 1245 1014 1318 ἀνταπόδομά
1044 1263 1138 1300 σου
1163 1247 1663 1320 ἀνταποδοθήσεται
1687 1249 1766 1312 είς
1791 1247 2034 1319 κεφαλήν

415 1355 540 1392 σου.

1067 1453 1289 1508 ΛΟΓΟΣ
1325 1453 1377 1506 Γ¹

489 1587 658 1653 Λαός
706 1604 850 1656 μου,
906 1591 962 1642 οὶ
1023 1589 1360 1659 πράκτορες
1417 1589 1585 1659 ὑμῶν
1641 1589 2030 1660 καλαμῶνται

411 1679 598 1750 ὑμᾶς,
633 1681 733 1734 καὶ
761 1685 818 1736 οι
849 1683 1254 1751 ἀπαιτοῦντες
1285 1685 1678 1752 κιφιεύουσιν
1701 1683 1889 1754 ὑμῶν.

485 1789 618 1843 Ὀτι
652 1793 858 1856 παντὸς
907 1793 1118 1862 ἀγαθοῦ
1165 1796 1388 1867 νοσήσει
1433 1796 1533 1868 τὴν
1585 1797 1823 1870 ἐρημίαν
1854 1799 1888 1870 ἡ
1919 1798 2031 1852 τῶν

2145 594 2382 654 queritur
2415 600 2510 640 eos
2542 587 2634 657 qui
2665 602 2789 642 cum
2836 586 2948 642 Deo
2989 599 3249 658 pugnant.
3299 589 3397 646 Est
3432 591 3598 660 igitur
3653 609 3744 648 ve-

2146 693 2288 742 rum,
2321 678 2508 748 iniquo
2541 679 2646 734 erit
2679 695 2778 746 vas,
2809 689 2863 735 et
2903 681 3044 735 mala
3077 698 3176 752 pro
3197 685 3456 754 operibus
3481 702 3742 742 manuum

2146 768 2321 839 ipsius
2362 771 2644 842 obtingent
2688 772 2761 827 ei.
2829 771 2964 827 Nam
3000 785 3056 828 ιιι
3106 773 3291 831 Jesum
3350 775 3526 833 Pilato
3559 791 3615 835 et
3661 781 3747 836 in-

2143 861 2367 917 domitis
2397 862 2630 917 militum
2689 864 2972 921 furoribus
3007 866 3371 935 obiecerunt,
3410 872 3481 926 ita
3519 881 3574 927 et
3613 874 3740 943 ipsi,

2145 953 2338 1024 inquit,
2373 953 2635 1010 Romanis
2662 957 2834 1026 copiis
2865 959 3172 1014 tradentur.
3252 962 3408 1029 Quod
3458 976 3648 1034 aperte
3688 979 3745 1021 et

2144 1048 2290 1106 clare
2317 1049 2656 1106 Ezecliielem
2689 1052 3030 1110 inveniemus
3074 1055 3278 1111 dicere.
3342 1057 3476 1112 Nam
3537 1059 3743 1115 dictum

2143 1149 2229 1196 est
2274 1144 2342 1196 ad
2375 1141 2598 1213 impiam
2628 1153 2681 1199 et
2705 1144 2918 1200 Domini
2945 1146 3374 1203 interfectricem
3407 1147 3738 1208 Jerusalem:

2143 1231 2612 1300 Quemadmodum
2639 1235 2841 1303 fecisti,
2896 1238 2979 1294 sic
3034 1241 3141 1295 erit
3199 1241 3331 1296 tibi:
3380 1257 3593 1300 merces
3650 1253 3743 1302 tua

2145 1327 2480 1399 rependetur
2515 1330 2567 1385 in
2599 1342 2764 1403 caput
2807 1343 2983 1388 tuum.

2742 1445 3004 1505 ORATIO
3044 1451 3136 1506 111.

2213 1579 2350 1636 Car.
2388 1581 2476 1636 111.
2508 1583 2674 1641 Vens.
2712 1587 2799 1644 12.
2842 1588 3041 1660 Ροριιίε
3067 1609 3234 1662 meus,
3258 1607 3532 1654 exactores
3588 1603 3744 1656 vestri

2140 1673 2369 1743 spoliant
2399 1693 2514 1745 vos,
2553 1688 2603 1734 et
2634 1681 2899 1751 exigentes
2929 1687 3287 1743 dominantur
3325 1692 3488 1748 vobis.

2211 1785 2480 1855 Quoniam
2513 1788 2822 1849 Judaaorum
2858 1798 3134 1862 regionem
3167 1803 3413 1858 omnium
3471 1806 3740 1863 bonorum

421 1881 706 1938 10‘«5a[wv
766 1883 963 1956 χώρα,
1020 1886 1430 1958 διαφανέστατα
1485 1891 1580 1944 καὶ
1627 1892 1776 1962 μάλα
1841 1892 2030 1963 σαφῶς

2138 1880 2366 1948 penuria
2398 1879 2769 1939 laboraturam
2825 1887 3040 1945 abunde
3103 1893 3244 1949 satis
3310 1906 3366 1950 et
3429 1896 3744 1956 clarissime

410 1974 977 2049 προεξηγησάμενος,
1037 1981 1132 2034 καὶ
1181 1982 1244 2035 τὸ
1298 1982 1352 2036 τί
1413 1983 1754 2056 συμϐήσεται
1806 1988 1920 2050 τοῖς
1951 1989 2032 2052 είς

407 2067 657 2138 Χριστὸν
687 2073 1156 2144 πεπαρῳνηκόσιν
1186 2073 1431 2142 διειπὼν,
1454 2075 1847 2148 προαναπείθει
1871 2077 2034 2133 πάλιν

406 2159 764 2233 ἀποσχέσθαι
809 2162 918 2217 τῶν
949 2164 1470 2238 πλημμελημάτων,
1529 2168 1620 2222 καὶ
1652 2172 1765 2234 τοῖς
1801 2169 1860 2238 ἐξ
1893 2173 2034 2243 ἡμε-

411 2244 653 2326 ρότητος
699 2255 885 2328 λόγοις
927 2261 1213 2332 μονονουχὶ
1260 2261 1658 2334 καταγοητεύει
1705 2265 2030 2336 χρησίμως,

408 2348 685 2420 μεθιστὰς
711 2352 807 2404 ἐπὶ
839 2351 900 2405 τὸ
927 2352 1177 2424 ἄμεινον,
1230 2356 1325 2409 καὶ
1379 2357 1508 2420 τοὺς
1558 2356 1817 2411 ἁπάντων
1849 2357 2034 2424 αὐτοῖς

403 2442 607 2497 κακῶν
630 2437 933 2512 γεγονότας
973 2447 1184 2510 αίτίους
1225 2448 1612 2520 παραιτεῖσθαι
1639 2450 1926 2506 διδάσκων.
1957 2454 2031 2507 Οὐ

403 2536 521 2608 γὰρ
542 2533 705 2608 οἶμαι
734 2537 844 2592 δεῖν
870 2543 985 2604 τοῖς
1011 2540 1374 2612 καθηγεῖσθαι
1411 2542 1670 2614 λαχοῦσιν
1706 2546 2032 2600 ὑποκεῖσθαι

404 2629 612 2699 φιλεῖν,
655 2632 765 2684 κᾶν
801 2634 850 2685 εἰ
890 2633 966 2704 μή
1006 2650 1060 2685 τι
1090 2633 1198 2687 τῶν
1226 2634 1326 2688 ὅσα
1385 2635 1506 2689 ἐστὶ
1562 2637 1864 2694 τελούντων
1897 2639 2033 2711 πρὸς

399 2723 601 2793 δνησιν
625 2724 953 2796 ἐπιχειρῶσι
983 2725 1292 2790 διδάσκειν,
1325 2730 1465 2800 μήτε
1499 2729 1606 2802 μὴν
1637 2769 1650 2786 .
1731 2769 1748 2785 .
1828 2771 1842 2786 .
1919 2750 2030 2787 οιεν

402 2816 674 2890 διαϐολῆς
718 2819 910 2886 ἀξιοῦν
951 2819 1015 2874 τὺ
1061 2822 1120 2874 ἐν
1179 2821 1345 2894 μοίρᾳ.
1404 2825 1666 2896 τετάχθαι
1697 2829 2034 2900 φαυλότητος

401 2910 640 2976 δικαίως
704 2913 770 2966 ἂν
818 2909 959 2967 εἶναι
1022 2918 1483 2987 πεπιστευμένον.
1536 2919 1730 2992 Ἀρετὴ
1785 2921 1894 2989 γὰρ
1949 2922 2030 2976 δι-

403 3003 689 3058 δασκάλου
724 3005 784 3059 τὸ
812 3006 1180 3077 ἀποκομίζειν
1237 3009 1499 3064 δύνασθαι
1521 3011 1658 3081 πρδς
1701 3014 1906 3086 ἀκριϐῆ
1935 3013 2030 3067 τοῦ

406 3096 799 3168 συμφέροντος
827 3097 1036 3169 εἴδησιν
1080 3102 1204 3163 τοὺς
1257 3101 1835 3175 παιδαγωγουμένους,
1861 3123 2032 3160 κατα-

406 3188 760 3260 κιὸδηλεύειν
800 3188 858 3242 δὲ
909 3189 971 3244 τὸ
1022 3191 1414 3246 κατασίνεσθοιι
1449 3197 1716 3265 πεφυκὸς,
1762 3199 1857 3252 καὶ
1885 3215 2030 3271 παρο
2057 3249 2099 3304 C

412 3299 440 3304 .-
471 3284 684 3304 --υ-Ιὶμ-
721 3282 935 3304 -_-\__'__
1007 3283 1057 3304 _\
1105 3285 1158 3304 εδ
1230 3288 1270 3304 κν
1361 3289 1371 3302 ν
1426 3287 1483 3304 ΔΙ
1590 3289 1646 3304 1n
1739 3289 1750 3304 1
1886 3291 1924 3304 ιιι
1964 3293 1985 3304 οι

406 3284 688 3336 αμτεῖσθαι
720 3282 970 3337 κελεύειν
1004 3283 1066 3336 τὸ
1095 3285 1299 3339 ἀδικεῖν
1326 3287 1534 3353 εἰωθός.
1590 3289 1846 3344 Ἐπαίνου
1881 3291 1924 3345 δ’
1959 3293 2024 3346 ἂν

406 3369 518 3429 εἷεν
558 3376 704 3442 ἄξιοι
739 3377 943 3440 παντὸς
975 3377 1070 3430 καὶ
1117 3379 1166 3431 oi
1218 3378 1500 3444 τελοῦντες
1535 3382 1592 3434 ἐν
1652 3383 1944 3453 μαθηταῖς,
1975 3385 2024 3438 εί

409 3467 486 3539 μὴ
536 3471 661 3532 ταῖς
699 3469 906 3535 δῦξαιςξ
941 3470 1056 3523 τῶν
1111 3471 1472 3526 διδασκόντων
1532 3473 1766 3547 ὲνορῷεν
1815 3477 2021 3545 ἁπλῶς,

405 3563 546 3618 ἀλλά
580 3567 649 3636 τῇ
680 3564 793 3618 τῶν
830 3566 1179 3637 πραγμάτων
1204 3567 1386 3637 φύσει,
1413 3569 1508 3622 καὶ
1545 3568 1888 3642 θαυμάζουσι
1927 3573 2026 3644 μὲν

405 3658 533 3722 τοῦς
563 3657 950 3724 διδάσκοντας,
991 3661 1152 3733 εἴπερ
1213 3664 1356 3728 τινὲς
1407 3659 1518 3716 εἷεν
1546 3663 1698 3736 ὀρθοὶ
1766 3667 1862 3719 κα)⁵
1907 3667 2026 3720 ἐπι-

408 3754 702 3825 στήμονες.
737 3754 834 3807 καὶ⁵
863 3752 975 3806 τῶι
1009 3754 1250 3827 ἀρίστων
1308 3758 1622 3828 εἰσηγηταὶ,
1673 3759 2026 3830 καταψέγωσι

403 3843 464 3899 δὲ
487 3849 618 3909 τοῦς
643 3840 843 3918 οἷσπερ
880 3845 948 3900 ἂν
1005 3849 1091 3918 ενῖη
1130 3848 1206 3919 μὴ
1239 3849 1486 3914 τοιοῦτος
1530 3852 1559 3904 ὁ
1587 3851 1811 3916 σκοπός.
1842 3853 2026 3906 Κατα-

406 3942 640 4010 νέμουσι
676 3939 778 4010 μὲν
805 3940 916 4012 γάρ
947 3958 1091 4006 τινες
1121 3945 1178 3996 ἐν
1212 3943 1366 4016 ὄρεσι
1415 3942 1511 3996 καὶ
1537 3942 1739 4009 νάπαις
1771 3945 1872 4009 τὰς
1897 3946 2026 4001 ὀΐων

405 4031 638 4101 ἀγέλαςο
673 4031 793 4085 ἀλλ’
844 4033 893 4085 εί
947 4032 1284 4103 παρακέοιτο
1335 4037 1448 4098 τοῖς
1480 4034 1761 4106 θρέμμασι
1794 4035 2022 4108 βόθρος,

407 4128 579 4198 ᾗγουν
617 4125 764 4198 δρῶν
803 4129 832 4181 ὁ
873 4127 1143 4199 κρημνὸς,
1176 4130 1472 4202 περιφοιτᾷ
1517 4129 1586 4185 τὰ
1621 4131 1894 4203 πρόϐατα,
1930 4134 2026 4187 καὶ

405 4220 468 4272 εὖ
503 4219 766 4292 καθίησιν
799 4221 974 4274 ἑαυτά
1000 4220 1137 4293 πρὸς
1170 4219 1420 4276 θάνατον·
1455 4223 1884 4293 παιδαγωγεῖται
1915 4225 2026 4298 γὰρ

405 4311 605 4384 ῶσπερ
646 4312 716 4366 δι’
745 4312 996 4384 ἐμφύτου
1029 4313 1218 4384 νόμου,
1256 4314 1392 4385 πρὸς
1428 4315 1489 4368 τὸ
1539 4315 1740 4386 χρῆναι
1766 4316 1866 4387 τῆς
1900 4317 2027 4370 ἑαυ-

411 4406 527 4460 τῶν
559 4406 846 4476 φείδεσθαι
900 4405 1070 4476 ζωῆς.
1110 4402 1248 4460 Εἶτα
1293 4405 1413 4470 πῶς
1447 4406 1548 4460 οὐκ
1586 4406 1808 4472 ἄτοπον,
1839 4409 1888 4460 εί
1924 4407 2026 4478 μὲν
2073 4436 2084 4438 -

405 4500 520 4562 τοῖς
549 4497 775 4566 ἀλόγοις
833 4495 996 4563 ζώοις
1034 4496 1194 4552 τοῦτο
1242 4499 1533 4568 φαίνεσθαι
1581 4499 1838 4572 κρατοῦν,
1871 4501 1930 4553 ὲν
1967 4499 2026 4554 δὲ

407 4596 545 4666 ἡμῖν
596 4595 809 4659 αὐτοῖς,
860 4595 1043 4649 καίτοι
1087 4595 1329 4665 λογικοῖς
1377 4597 1707 4670 ὑπάρχουσι,
1767 4599 1868 4670 τὴν
1929 4597 2025 4654 τοῦ

405 4686 692 4760 χρησίμου
726 4688 822 4742 καὶ
844 4686 1149 4757 ἀναγκαίου
1173 4688 1312 4760 πρὸς
1341 4687 1487 4762 ζωὴν
1509 4691 1610 4745 οὐκ
1637 4685 1776 4746 εἶναι
1797 4690 2022 4760 γνῶσιν.

406 4781 535 4853 Χρὴ
560 4778 859 4852 τοιγαροῦν
903 4778 1009 4834 κᾶν
1038 4781 1091 4833 εί
1137 4797 1284 4845 τινες
1317 4782 1465 4851 ἡμᾶς
1499 4781 1606 4836 τῶν
1646 4783 1727 4846 εἰς
1764 4783 2026 4838 διδασκά-

405 4876 558 4940 ὶους,
591 4875 690 4927 καὶ
714 4872 1041 4945 καθηγητὰς
1074 4874 1428 4944 τεταγμένων
1462 4875 1548 4944 ἐφ’
1574 4875 1610 4930 ἀ
1640 4875 1716 4946 μὴ
1749 4877 2026 4948 προσῆκεν

404 4969 783 5040 ἀποκομίζειν
846 4968 1076 5035 ἕλοιντο,
1129 4968 1205 5039 μὴ
1247 4969 1440 5032 ἁπλῶς
1466 4969 1764 5041 ἀνέχεσθαι
1807 4971 2022 5040 φιλεῖν,

404 5061 551 5135 μηδὲ
607 5061 723 5132 μὴν
768 5060 1210 5127 ἀκατασχέτιτως
1245 5061 1476 5116 ἕπεσθαι
1533 5062 1671 5134 πρὸς
1719 5063 1781 5116 τὸ
1836 5064 2026 5128 αὑτο’ς

399 5153 626 5218 δοκοῦν,
687 5152 829 5208 ἀλλά
885 5152 1210 5224 δοκιμάζειν
1269 5155 1477 5210 ἕκαστα
1538 5157 1649 5209 τῶν
1708 5157 2019 5228 πρακτέων.

2137 1973 2391 2041 exposuit
2421 2015 2435 2041 ,
2491 1983 2544 2030 et
2573 1993 2696 2048 qua:
2731 1979 2837 2037 illis
2873 1982 2965 2052 qui
2999 1984 3052 2037 in
3105 1983 3388 2042 Cill‘l>llllll
3420 1991 3741 2048 debacchati

2135 2076 2265 2119 sunt
2318 2076 2578 2123 eventura
2611 2081 2816 2137 essent,
2851 2079 3133 2131 enarravit
3171 2095 3184 2131 :
3222 2094 3411 2136 rursns
3439 2085 3736 2152 persuadet

2136 2158 2514 2216 declinandum
2544 2178 2574 2218 a
2602 2164 2840 2231 delictis,
2871 2177 2926 2222 et
2961 2167 3174 2226 levibus
3207 2172 3572 2246 mollibusque
3613 2193 3741 2234 ver-

2135 2249 2221 2306 bis
2277 2262 2485 2308 tantum
2556 2273 2662 2312 non
2723 2259 2968 2315 ineantat
3027 2264 3252 2329 utiliter,
3282 2275 3337 2322 et
3389 2271 3458 2323 ad
3513 2271 3741 2327 meliora

2135 2346 2434 2407 comet-tit.
2467 2348 2737 2419 docetque
2762 2351 3012 2408 vitandos
3039 2370 3133 2410 eos
3159 2358 3250 2426 qui
3315 2361 3562 2414 omnium
3625 2379 3742 2417 ma-

2135 2434 2309 2490 lorum
2361 2453 2617 2496 auctores
2647 2445 2782 2514 ipsis
2847 2456 2903 2501 et
2958 2461 3144 2504 causa:
3216 2453 3570 2509 exstiterunt.
3601 2455 3740 2512 .Non

2135 2529 2280 2582 enim
2312 2531 2568 2587 existimo
2592 2535 2791 2590 debere
2824 2552 2924 2592 nos
2955 2538 3041 2593 bis
3067 2541 3160 2610 qui
3189 2542 3299 2613 62
3337 2557 3739 2616 praeceptorum

2138 2617 2316 2673 locum
2343 2633 2662 2694 sortemque
2686 2637 2872 2681 tenent
2926 2631 3144 2700 salijiei,
3193 2636 3296 2688 nisi
3323 2648 3595 2705 quatenus
3629 2643 3739 2694 uii-

2136 2710 2206 2764 lia
2256 2714 2453 2770 docere
2485 2717 2902 2788 aggrediantur,
2939 2734 2992 2777 et
3026 2724 3126 2778 nisi
3159 2729 3300 2794 quin!
3351 2745 3478 2784 vere
3515 2731 3566 2786 in
3610 2735 3742 2788 vitio

2135 2820 2260 2861 esse
2288 2808 2555 2871 creditur,
2611 2811 2780 2864 velint
2811 2817 3161 2887 redarguere.
3214 2819 3312 2875 Est
3345 2823 3490 2877 enim
3564 2826 3742 2882 virtus

2135 2898 2402 2964 doctoris,
2451 2903 2518 2955 ad
2577 2902 2876 2973 perfectam
2953 2922 3378 2984 aceuratamque
3428 2916 3550 2986 ejus
3595 2922 3740 2988 quod

2135 3003 2215 3047 est
2251 2993 2382 3048 utile
2415 2997 2665 3050 notitiam
2694 3013 2788 3054 eos
2841 3002 2933 3071 qui
2965 3003 3356 3075 informantur,
3411 3027 3572 3081 posse
3615 3031 3741 3084 per-

2136 3085 2384 3143 ducere:
2427 3098 2481 3142 et
2512 3091 2657 3159 quod
2705 3093 3018 3149 nociturum
3057 3107 3166 3166 est,
3211 3109 3465 3172 tanquam
3527 3108 3740 3163 adulte-

2138 3179 2319 3234 rinum
2352 3191 2563 3248 notare,
2597 3193 2652 3238 et
2717 3185 2908 3253 jubere
2968 3201 3026 3244 ut
3077 3191 3130 3246 id
3200 3207 3526 3253 aversentur
3597 3203 3740 3271 quod

2135 3273 2277 3329 solet
2322 3292 2540 3332 nocere.
2586 3277 2747 3336 Omni
2779 3285 2943 3336 etiam
2979 3284 3140 3342 laude
3183 3289 3329 3360 digni
3373 3297 3620 3364 suntqui
3681 3296 3738 3354 in

2135 3367 2417 3436 discipulis
2476 3386 2788 3439 censentur,
2842 3376 3022 3432 sinon
3058 3380 3380 3452 simpliciter
3425 3387 3742 3448 intueantur

2136 3461 2338 3530 placita
2371 3464 2680 3531 doctorum,
2711 3468 2804 3522 sed
2834 3483 3015 3523 rerum
3050 3483 3338 3532 naturam:
3373 3487 3428 3532 et
3452 3481 3496 3534 si
3534 3483 3740 3538 miren-

2135 3563 2226 3610 tur
2255 3572 2349 3612 eos
2377 3559 2469 3628 qui
2499 3561 2716 3628 docent,
2747 3562 3018 3633 siquidem
3048 3566 3160 3622 sint
3194 3569 3318 3624 bimi
3365 3583 3419 3627 et
3474 3575 3737 3647 scientes,

2137 3667 2432 3724 rerumque
2462 3657 2794 3725 Optimarum
2843 3659 3226 3731 interpretes:
3283 3667 3484 3737 quibus
3551 3681 3733 3726 autem

2138 3747 2264 3802 talis
2287 3763 2487 3819 scopus
2530 3752 2978 3824 propo.~itumqne
3011 3773 3117 3811 non
3152 3767 3256 3825 est,
3311 3761 3734 3830 reprehendant.

2134 3837 2351 3896 Etenim
2405 3855 2632 3912 pascunt
2657 3847 2875 3914 quidem
2909 3849 3074 3903 etiam
3106 3851 3158 3904 in
3192 3853 3468 3908 montibus
3495 3867 3551 3910 et
3585 3857 3735 3916 siliil

2134 3935 2320 3990 ovium
2343 3951 2564 4007 greges;
2597 3940 2774 4009 atqui,
2809 3941 2853 3995 si
2883 3957 3003 4011 qua:
3037 3941 3188 3998 fovea
3219 3946 3290 3999 sit
3320 3949 3608 4014 pecoribus
3645 3966 3738 4005 ex-

2135 4029 2338 4100 posita,
2371 4030 2414 4084 si
2444 4032 2805 4102 praecipitium:
2842 4045 3129 4104 appareat,
3164 4031 3512 4096 circumeunt
3579 4058 3735 4110 oves,

2137 4139 2240 4178 nec
2273 4123 2495 4179 sibimet
2523 4137 2758 4180 mortem
2811 4140 3101 4184 accersunt
3134 4148 3148 4185 :
3220 4148 3345 4187 natn
3411 4133 3529 4205 lege
3570 4136 3735 4191 Veluti

2135 4217 2370 4288 quadam
2395 4231 2426 4271 ιι
2458 4227 2650 4272 natura
2685 4218 2846 4273 insita
2879 4220 3146 4276 docentur
3181 4225 3304 4279 vita:
3335 4242 3446 4280 sua:
3503 4243 3737 4298 parcen-

2136 4310 2262 4363 dum
2300 4324 2442 4364 esse.
2485 4312 2567 4364 An
2601 4326 2729 4363 vero
2769 4327 2796 4363 τι
2838 4313 3048 4368 ratione
3077 4315 3316 4370 alienum
3349 4335 3455 4372 non
3515 4333 3620 4387 est,
3680 4333 3734 4380 ut

2137 4403 2240 4457 hoc
2278 4402 2330 4458 in
2362 4403 2692 4458 animalibus
2723 4405 2937 4460 ratione
2971 4407 3289 4464 carentibus
3321 4417 3502 4467 valere
3547 4415 3733 4471 videas

2137 4504 2262 4563 tur;
2317 4495 2370 4551 in
2435 4498 2592 4552 nobis
2648 4507 2872 4567 autem,
2921 4499 3468 4572 ipsisquzmtumvis
3526 4510 3738 4566 ratione

2059 4627 2106 4682 Β
2139 4590 2405 4662 praeditis,
2447 4608 2629 4647 rerum
2675 4594 2742 4647 ad
2777 4595 3223 4651 commoditatem
3257 4607 3311 4654 et
3346 4583 3734 4659 necessitatem

2131 4687 2450 4757 cultumque
2473 4687 2597 4742 vita:
2642 4689 3032 4758 pertinentium
3109 4705 3214 4745 non
3269 4691 3398 4748 insit
3453 4697 3733 4768 cognitio?

2130 4779 2422 4851 Parigitnr
2450 4791 2535 4835 est
2563 4793 2618 4835 ut
2664 4798 2784 4846 tios,
2821 4783 2864 4836 si
2897 4783 2989 4852 qui
3014 4784 3265 4838 doctores
3311 4802 3375 4841 ac
3407 4787 3574 4843 duces
3606 4806 3707 4844 con

2131 4875 2331 4938 stituti,
2363 4873 2428 4927 ad
2457 4890 2518 4930 ea
2547 4891 2669 4945 qua:
2703 4877 2881 4928 minus
2915 4881 3140 4932 deceant
3174 4879 3499 4936 abstrahere
3543 4883 3732 4950 velint,

2133 4983 2242 5022 non
2297 4983 2594 5037 sequamur
2632 4968 2979 5036 simpliciter,
3021 4985 3120 5025 nec
3147 4982 3353 5027 temere
3408 4989 3476 5030 ac
3539 4976 3732 5030 int-or.-

2133 5060 2374 5116 siderate
2399 5060 2466 5114 ad
2493 5075 2558 5115 ea
2598 5077 2720 5130 quae
2777 5060 2909 5130 ipsis
2953 5061 3172 5130 placent
3202 5065 3577 5133 convolemus,
3638 5071 3732 5124 sed

2133 5155 2198 5208 de
2230 5153 2463 5227 singulis
2493 5156 2656 5208 rebus
2692 5156 2918 5224 agendis
2949 5157 3329 5227 quuiramus,
3355 5170 3411 5217 et
3444 5162 3527 5218 sic
3566 5165 3632 5216 ad
3665 5174 3732 5216 ea

401 5249 445 5299 Ο
527 5290 544 5306 .
639 5287 657 5302 .
753 5288 768 5303 .
845 5250 1048 5319 χωρεῖν
1069 5248 1162 5301 ἐπὶ
1193 5247 1255 5301 τὸ
1283 5247 1368 5302 ὃτι
1401 5247 1636 5316 μάλιστα
1658 5247 1768 5301 τῶν
1790 5247 2022 5318 ὠφελεῖν

367 5311 706 5414 ξεξωθότων.
740 5337 924 5396 Ἦσαν
949 5342 1130 5396 τοίνυν
1153 5343 1202 5396 oi
1233 5341 1345 5396 τῶν
1377 5342 1649 5396 Ἰουδαίων
1683 5343 2018 5416 καθηγηταὶ,

372 5419 552 5507 ζτοῦτ’
575 5434 752 5495 ἔστιν,
774 5436 824 5487 oi
854 5434 892 5486 Γ
898 5437 1214 5507 ραμματεῖς
1238 5451 1300 5487 τε
1333 5435 1426 5488 καὶ
1447 5435 1496 5488 ei
1524 5436 1832 5506 Φαρισαῖοι,
1857 5436 2022 5490 δεινοὶ

409 5481 529 5488 --σ-
576 5481 752 5495 --τ-η
779 5481 823 5487 ν-
854 5481 870 5486 -
898 5481 1212 5507 ττηη---η
1251 5481 1299 5487 --
1333 5481 1426 5488 --τ-
1455 5481 1495 5488 n
1536 5481 1832 5506 -νπ---ηη
1861 5481 2022 5490 --υη

364 5481 546 5598 Ξπρὸς
599 5527 664 5580 τὸ
717 5525 922 5598 χρῆναι
983 5527 1113 5590 τοὺς
1160 5525 1272 5580 τῶν
1325 5515 1626 5597 χρημάτων
1671 5527 2022 5598 ἐρανίζεσθαι

2130 5261 2253 5317 (ιιιαι
2297 5248 2593 5302 maximam
2645 5248 2932 5304 utilitatem
2972 5250 3202 5306 aﬂerunt
3228 5295 3243 5320 ,
3279 5255 3727 5323 progrediamur.

2131 5339 2303 5394 Erant
2349 5341 2534 5410 itaque
2563 5339 2876 5396 Iudaeorum
2911 5356 3299 5416 prwceptores,
3329 5347 3379 5400 id
3410 5358 3491 5402 est
3525 5345 3732 5402 Scriba!

2132 5449 2195 5488 ae
2231 5431 2516 5503 Pharisaii,
2555 5435 2605 5488 in
2640 5436 2956 5490 divitiarum
3009 5439 3363 5507 proventibus
3424 5455 3728 5507 congeren-

2131 5525 2236 5590 dis,
2275 5535 2330 5580 et
2363 5529 2414 5578 in
2456 5524 2775 5595 colligendis
2807 5525 3198 5596 oblationibus,
3225 5529 3472 5594 decimis,
3538 5529 3732 5599 primi-

397 5619 737 5690 πορισμοὺς,
777 5618 874 5671 καὶ
906 5615 1004 5678 τὰς
1030 5617 1096 5669 ὲκ
1119 5616 1225 5669 τῶν
1255 5615 1402 5670 λαῶν
1448 5618 1803 5689 συγκομίζειν
1848 5618 2016 5690 δωροο

399 5691 629 5785 φορίας,
672 5708 961 5781 ἀπαρχὰς,
1017 5709 1275 5773 δεκάτας,
1337 5709 1433 5764 καὶ
1484 5710 1586 5764 ὅσα
1613 5713 1726 5774 τοῖς
1768 5711 2022 5783 ἱερᾶσθαι

397 5805 667 5877 λαχοῦσιν
697 5806 726 5858 ὁ
768 5803 937 5875 νόμος
985 5803 1068 5865 είς
1101 5802 1306 5874 κλῆρον
1358 5803 1550 5857 ἐδίδου.
1608 5803 1818 5868 Σκοπὸς
1865 5804 1921 5859 δὲ
1951 5800 2020 5876 ἦν

399 5901 611 5963 αὖτοῖς,
646 5899 745 5953 καὶ
769 5896 859 5951 διὰ
898 5895 977 5950 πά
991 5912 1082 5968 της
1110 5895 1324 5950 τέθειτο
1347 5895 1584 5966 σπουδῆς
1615 5894 1674 5949 τὸ
1703 5897 2021 5952 ἀναπείθειν

2133 5617 2246 5680 tiis,
2285 5631 2441 5672 acres
2466 5626 2518 5670 et
2543 5617 2778 5688 impigri,
2812 5629 2866 5674 et
2892 5619 2946 5673 in
2979 5621 3232 5673 omnibus
3259 5621 3422 5674 etiam
3448 5637 3568 5694 rpite
3594 5623 3728 5679 sorti

2131 5712 2480 5766 Sacerdotum
2517 5711 2600 5766 lex
2660 5713 2956 5783 deputavit.
3015 5713 3224 5782 Scopus
3290 5723 3471 5770 autem
3537 5732 3727 5772 eorum

2129 5805 2527 5875 consiliumque
2557 5805 2677 5870 fuit,
2717 5806 2767 5860 in
2795 5819 3026 5873 eumque
3044 5821 3204 5862 omne
3226 5809 3462 5863 studium
3493 5809 3728 5880 positum

2133 5907 2270 5966 crat,
2323 5910 2376 5952 ut
2410 5899 2569 5954 fidem
2598 5897 2840 5956 facerent
2873 5897 3015 5968 plebi
3051 5898 3226 5970 legem
3273 5902 3323 5958 in
3359 5902 3506 5958 hisce
3555 5901 3725 5966 petis-
