4100 6530
391 407 483 461 ill

1420 398 1478 452 5.
1521 396 1796 452 CYRILLI
1843 395 2310 454 ALEXANDRINI
2354 397 2674 454 ARCHIEP.

3569 397 3674 451 112

387 530 585 580 simum
606 519 1032 578 conservandam
1070 533 1242 574 esse:
1288 515 1516 570 aliarum
1566 530 1697 569 vero
1770 528 1970 585 praece-

2093 516 2201 580 τοὺς
2223 517 2285 570 τὸ
2317 507 2831 589 χρῆναιφυλάττειν
2886 516 2942 570 εν
2970 534 3030 586 γε
3075 517 3138 586 δὴ
3180 514 3389 579 τούτοις
3434 514 3669 587 μάλιστα

389 616 634 685 ptionum
670 629 777 669 non
812 625 1001 682 magna
1033 609 1174 681 apud
1200 608 1335 665 illos
1386 610 1546 673 ratio,
1587 609 1815 677 ideoque.
1862 607 1977 677 ipse

404 710 667 779 servator
698 704 805 761 illis
833 705 1080 759 dixerat:
1113 719 1131 752 ι
1165 700 1259 755 Vae
1292 700 1470 764 vobis,
1498 698 1714 754 -Scrih:e
1749 706 1803 750 ct
1845 697 1980 752 Pha-

389 800 533 856 tiszei
570 798 885 871 hypocrita,
923 795 1177 865 quoniam
1214 793 1502 863 decimatis
1529 792 1809 854 anethum,
1836 807 1981 844 mcu-

392 891 541 945 tham
593 899 646 944 et
683 887 999 952 cuminum,
1047 893 1099 939 et
1157 884 1429 939 omisistis
1488 885 1739 954 graviora
1822 882 1978 951 legis,

385 980 672 1048 pulicium,
701 975 1134 1032 misericordiam
1164 985 1219 1032 et
1256 976 1414 1030 [idem
1439 974 1506 1028 “.
1544 992 1563 1026 ο
1604 974 1774 1029 Erant
1802 973 1982 1043 itaque

395 1074 543 1127 lncro
574 1070 741 1126 dediti
776 1078 831 1124 et
859 1080 1109 1123 atnantes
1147 1068 1223 1123 rei
1249 1066 1618 1139 pecuniariae:
1650 1077 1706 1121 et
1777 1066 1819 1120 si
1889 1067 1980 1136 qui

392 1164 533 1219 forte
570 1163 930 1228 on‘enderent,
995 1177 1150 1217 acres
1187 1162 1272 1215 his
1311 1160 1508 1216 multas
1547 1159 1885 1229 indigebant,
1925 1169 1984 1214 ut

389 1273 508 1321 eos,
565 1256 675 1328 63
732 1269 1055 1327 quocunque
1102 1252 1331 1308 crimine
1390 1252 1721 1321 postulatos,
1765 1252 1982 1306 territa-

395 1360 535 1415 renl,
577 1358 633 1404 et
672 1362 1056 1417 nonnunquam
1109 1344 1448 1400 etiatn‘ultra
1476 1342 1760 1399 facultates
1787 1342 1985 1399 offerre

394 1442 806 1512 persuaderent.
838 1438 976 1494 Hinc
1013 1438 1146 1493 dicit
1189 1439 1273 1493 his
1313 1438 1403 1507 qui
1465 1435 1718 1505 injuriam
1766 1438 1835 1491 ab
1881 1437 1985 1492 illis

396 1533 542 1602 passi
598 1542 726 1587 sunt
764 1550 775 1586 :
827 1551 845 1584 ι
885 1530 1089 1601 Popnle
1118 1530 1211 1596 mi,
1245 1529 1571 1598 expilatores
1602 1529 1675 1583 tui
1705 1537 1985 1584 racemant

396 1640 534 1689 vos,
572 1634 629 1681 et
682 1633 966 1679 exactores
1006 1623 1352 1677 dominantur
1405 1622 1581 1677 vobis.
1619 1639 1637 1673 ι
1700 1621 1831 1678 Cum
1888 1636 1981 1692 po-

397 1718 578 1788 pulum
642 1716 795 1782 dicit,
857 1716 1128 1786 signiﬁcat
1167 1715 1329 1770 etiam
1360 1714 1537 1769 adhuc
1592 1713 1865 1782 Israelem,
1900 1723 1987 1768 ut-

399 1822 522 1880 pote
578 1807 818 1863 lenitatis
858 1816 911 1863 et
951 1807 1308 1861 humanitatis
1346 1804 1608 1860 beneficio
1668 1805 1982 1872 fruiturum,

2081 608 2172 660 τὸν
2195 609 2359 680 νόμον
2390 627 2403 640 ο
2436 609 2544 662 τῶν
2568 627 2631 678 γε
2672 608 2779 680 μὴν
2816 609 3019 681 ἐτέρων
3056 607 3286 663 ἐντολῶν
3314 608 3373 660 ού
3407 607 3575 671 πολὺς
3603 602 3673 677 ἦν

2080 700 2221 767 ἄγαν
2238 701 2368 773 παρ’
2393 701 2577 765 αὐτοῖς
2606 703 2637 755 6
2660 701 2836 771 λόγος.
2867 700 3052 773 Ταύτῃ
3072 717 3154 755 τοι
3182 700 3319 773 πρὸς
3351 700 3552 763 αὐτοὺς
3579 701 3669 755 καί

2084 794 2247 859 αὐτὸς
2296 795 2535 865 ἔφασκεν
2569 798 2598 850 6
2636 796 2848 870 Σωτήρ·
2890 819 2908 849 ι
2938 796 3082 851 Οὐαὶ
3127 798 3277 868 ὑμῖν,
3319 799 3673 870 Γραμματεῖς

2084 888 2177 941 καὶ
2208 889 2492 960 Φαρισαῖοι
2514 891 2827 962 ὑποκριταὶ,
2859 891 2940 944 ὅτι
2965 890 3365 947 ἀποδεκατοῦτε
3393 892 3453 946 τὸ
3476 890 3674 962 ἄνηθον

2084 979 2181 1032 καὶ
2213 977 2276 1031 τδ
2316 978 2612 1049 ἡδύοσμον,
2667 981 2762 1034 καὶ
2786 980 2846 1034 τὸ
2886 979 3135 1052 κύμινον.
3172 982 3284 1035 Καὶ
3316 982 3566 1051 ἀφήκατε
3606 980 3674 1034 τά

2086 1068 2362 1142 βαρύτερα
2415 1070 2510 1124 τοῦ
2551 1072 2741 1143 νόμου,
2779 1072 2879 1144 τὴν
2911 1070 3117 1144 κρίσιν,
3145 1071 3329 1126 καὶτὸ
3377 1072 3546 1139 ἔλεος,
3579 1071 3675 1125 καὶ

2082 1161 2183 1233 τὴν
2210 1164 2411 1217 πίστιν.
2449 1183 2469 1216 ι
2503 1161 2687 1220 Ἦσαν
2726 1161 2819 1220 οὖν
2870 1165 2977 1237 ἄρα
3004 1164 3339 1237 φιλοκερδεῖς
3369 1165 3461 1219 καὶ
3491 1167 3677 1237 ἐρασιο

2085 1257 2376 1327 χρήματοι,
2403 1259 2497 1312 καὶ
2524 1258 2727 1331 πικρὰς
2758 1258 2870 1312 ἔσθ’
2896 1261 2986 1314 ὅτε
3016 1263 3129 1324 τοῖς
3161 1259 3445 1314 πταίουσιν
3471 1261 3676 1329 ἐπῆγον

2085 1346 2183 1410 τὰς
2219 1346 2394 1413 δίκας,
2423 1348 2510 1401 ἵνα
2534 1347 2980 1420 ὲκδειματοῦντες
3010 1351 3135 1413 τοὺς
3162 1349 3248 1420 ἐφ’
3278 1348 3484 1421 ὁτῳοῦν
3516 1351 3679 1418 ἐγκα-

2084 1438 2380 1510 λουμένους
2427 1442 2727 1513 προσάγειν
2782 1444 2968 1508 αὐτοῖς
3019 1442 3393 1497 ἁναπείθωσιν
3446 1446 3542 1497 καὶ
3605 1445 3677 1497 τὰ

2087 1532 2226 1605 ὑπὲρ
2251 1532 2478 1605 δύναμιν
2495 1533 2728 1592 ἔσθ’ὃτε.
2753 1536 2939 1607 Ταύτῃ
2971 1536 3053 1590 τοί
3079 1553 3213 1608 φησι
3240 1535 3374 1603 πρὸς
3397 1536 3522 1601 τοὺς
3544 1536 3677 1607 παρ’

2086 1622 2267 1677 αὐτῶν
2294 1622 2702 1695 ἀδικουμένους·
2735 1644 2753 1678 ι
2776 1626 2918 1690 Λαός
2950 1643 3074 1697 μου,
3101 1628 3149 1679 oi
3181 1627 3492 1697 πράκτορες
3521 1627 3677 1698 ὑμῶν

2090 1714 2443 1785 καλαμῶνται
2474 1715 2639 1785 ὑμᾶς,
2699 1716 2792 1770 καὶ
2834 1718 2882 1770 οἱ
2937 1715 3297 1781 ἀπαιτοῦντες
3330 1716 3679 1789 κυριεύουσιν

2090 1805 2265 1876 ὑμῶν.
2292 1826 2310 1857 ι
2346 1807 2457 1861 Καὶ
2482 1805 2571 1861 διὰ
2604 1806 2702 1878 μὲν
2736 1807 2829 1862 τοῦ
2849 1807 2975 1862 λαὸν
3000 1810 3197 1873 εἰπεῖν,
3230 1808 3309 1861 ἔτι
3336 1808 3428 1862 τὸν
3459 1810 3678 1881 Ἰσραὴλ

399 1916 497 1957 nec
542 1900 758 1971 penitus
792 1900 885 1959 I’ah
930 1912 992 1953 ea
1057 1896 1439 1965 conjunctione
1484 1899 1984 1968 consuetudineque

2093 1894 2266 1950 δίδωσι
2309 1901 2472 1961 νοεῖν,
2529 1876 2614 1961 ὡς
2652 1900 2810 1970 εἴπερ
2864 1899 3071 1954 ἕλοιντο
3115 1901 3450 1971 μεταφοιτᾷν
3487 1876 3580 1954 ἐπὶ
3619 1876 3681 1955 τὸ

395 2008 518 2048 cum
557 1992 675 2063 ipso
698 1989 1079 2046 avellendum:
1118 1992 1164 2045 si
1201 1987 1418 2059 quidem
1450 1986 1580 2041 velit
1613 1989 1678 2042 ad
1733 1989 1785 2044 id
1841 1990 1984 2061 quod

395 2084 498 2157 ipsi
527 2083 826 2139 collibitum
852 2091 976 2152 est,
1021 2068 1143 2137 sese
1188 2079 1509 2136 transferre.
1534 2079 1684 2135 ‘Cum
1728 2097 1856 2138 vero
1891 2098 1987 2137 ex—

397 2188 610 2235 actores
643 2189 922 2231 racemare
956 2175 1054 2243 ait,
1094 2175 1371 2230 immensae
1411 2174 1727 2246 cupiditatis
1767 2174 1984 2229 illorum

397 2280 451 2326 et
483 2269 725 2324 avaritia:
752 2266 1178 2337 magnitudinem
1211 2266 1432 2323 indicat.
1469 2266 1749 2339 Siquidem
1777 2275 1985 2322 meten-

401 2364 534 2419 tium
586 2360 675 2417 alii
728 2359 1029 2416 resecantis
1083 2375 1246 2413 manu
1310 2360 1623 2417 decidentes
1681 2359 1986 2431 colligunt,

399 2456 645 2527 nihilque
678 2453 885 2510 faciunt
922 2454 976 2509 itt
1014 2453 1160 2525 agris
1206 2454 1503 2511 residuum.
1540 2452 1796 2524 Idemque
1829 2452 1985 2507 facti-

400 2556 541 2614 tant,
588 2545 679 2616 qui
737 2546 879 2599 vites
926 2542 1287 2600 vindemiant.
1349 2560 1367 2595 ι
1406 2543 1708 2599 Racemant
1748 2545 1930 2615 igitur,
1965 2561 1983 2595 ι

402 2641 593 2711 inquit,
628 2656 649 2693 ι
680 2652 779 2694 vos
808 2644 1092 2693 exactores
1121 2637 1311 2695 vestri.
1354 2654 1372 2689 ι
1405 2636 1634 2694 Perinde
1700 2651 1765 2692 ac
1820 2637 1865 2691 si
1918 2636 1993 2690 di-

400 2741 548 2788 ceret
579 2750 593 2786 ι
620 2730 1032 2789 Vindemiarum
1059 2740 1270 2786 vestras
1291 2731 1476 2800 copias
1500 2744 1513 2785 :
1536 2744 1709 2800 neque
1739 2730 1810 2785 ibi
1836 2731 1991 2785 inex-

400 2824 617 2893 plebilis
642 2838 831 2880 eorum
883 2823 1369 2893 sistitcupiditas,
1420 2825 1514 2877 sed
1584 2820 1694 2891 jam
1748 2837 1994 2876 racemos

398 2918 716 2985 decerpunt,
751 2915 801 2970 id
833 2924 936 2978 cst,
975 2929 1165 2968 manus
1207 2915 1257 2969 in
1298 2930 1360 2970 ea
1386 2916 1532 2984 ‘quze
1580 2914 1757 2969 adhuc
1804 2915 1988 2968 relicta

399 3018 550 3072 sunt,
588 3005 862 3078 injiciunt.
887 3004 1194 3060 Bellissime
1231 3021 1362 3061 vero
1392 3016 1448 3060 et
1493 3015 1617 3076 apte
1656 3022 1761 3060 non
1796 3021 1994 3075 pra-cc-

401 3110 623 3169 plores,
651 3114 756 3154 non
797 3097 1110 3166 magistros,
1158 3112 1262 3153 non
1302 3098 1505 3168 aliquid
1548 3098 1691 3153 aliud
1726 3099 1992 3170 ejusmodi

401 3205 525 3247 esse
556 3189 711 3258 dicit,
741 3189 838 3245 sed
866 3196 1175 3254 exactores,
1205 3187 1299 3242 sed
1328 3196 1689 3245 aeruscatores
1722 3190 1987 3250 nominat.
2018 3224 2060 3281 Ο

402 3284 673 3353 docetque
692 3295 796 3338 eos
831 3280 1101 3337 dominari
1135 3279 1240 3335 illis
1287 3295 1391 3334 non
1423 3289 1479 3333 ut
1509 3280 1787 3344 doctores,
1823 3280 1983 3334 disci-

399 3376 560 3450 pulos
593 3375 788 3431 leniter
834 3381 1146 3437 tractantes,
1175 3373 1271 3427 sed
1311 3380 1367 3426 ut
1419 3372 1573 3441 rigidi
1608 3386 1671 3426 ac
1702 3374 1828 3427 εωνί
1892 3374 1990 3427 ιίο-

405 3467 562 3532 mini,
594 3468 738 3536 quod
787 3465 888 3537 ipsi
919 3465 1087 3520 velint
1136 3464 1341 3519 sentire
1364 3473 1639 3533 cogentes,
1668 3473 1727 3518 et
1748 3466 1815 3517 ad
1833 3464 1992 3534 quid-

403 3562 487 3618 vis
532 3573 922 3629 nonnunquam
965 3556 1320 3627 impellentes.
1376 3555 1646 3611 Caeterum
1698 3556 1749 3610 hi
1787 3556 1876 3624 qui
1939 3555 1990 3610 in

402 3649 622 3706 Christo
675 3656 822 3714 sunt,
855 3661 979 3702 eum
1040 3660 1263 3715 scopum
1328 3660 1433 3701 non
1493 3645 1592 3701 sibi
1658 3654 1990 3715 proponunt.

406 3741 610 3798 Scribit
637 3740 820 3810 itaque
842 3737 1057 3795 divinus
1096 3735 1300 3791 Petrus
1358 3736 1565 3794 vocatis
1605 3736 1672 3790 ad
1715 3735 1997 3806 episcopa-

404 3845 542 3898 tum,
606 3832 796 3887 ascitis
823 3830 891 3886 ad
931 3828 1263 3886 functionem
1300 3828 1528 3884 docendi
1585 3841 1716 3883 oves
1788 3827 1997 3881 ratione

406 3925 682 3996 praeditas,
708 3937 813 3977 non
854 3934 913 3977 ut
938 3920 1286 3975 dominentur
1315 3920 1366 3973 in
1397 3918 1560 3984 clero,
1591 3919 1641 3972 id
1665 3927 1768 3982 est,
1801 3914 1997 3987 populo

402 4020 497 4089 qni
561 4032 683 4072 sors
727 4014 939 4071 Domini
987 4024 1091 4081 est,
1129 4013 1222 4069 sed
1260 4022 1318 4067 ut
1360 4013 1469 4065 sint
1504 4010 1693 4081 gregis
1725 4008 1995 4078 exctnpla‘

404 4112 483 4166 ria
507 4109 645 4163 ηδ’.
666 4107 785 4164 1am
804 4116 858 4163 et
881 4107 1019 4162 alios
1034 4115 1319 4162 exactores
1337 4103 1486 4159 novit
1505 4117 1686 4158 sermo
1709 4102 1992 4171 mysticus:

403 4217 539 4273 quos
565 4201 762 4257 debent
789 4200 864 4263 hi,
909 4200 1001 4270 qui
1033 4207 1176 4254 recte
1206 4197 1399 4252 victuri
1439 4204 1587 4262 sunt,
1617 4194 1820 4266 fugere.
1862 4193 1996 4250 Nam

403 4293 557 4348 malae
582 4304 637 4349 et.
678 4291 1001 4347 adversariae
1049 4297 1346 4362 potestates
1394 4286 1635 4342 onmium
1694 4284 1997 4341 mortalium

402 4386 638 4441 studium
666 4384 961 4440 sollicitant
993 4383 1060 4438 ad
1089 4381 1327 4452 malum,
1387 4388 1717 4452 extorquent
1760 4387 1816 4434 et
1871 4393 2000 4449 pro-

401 4482 688 4550 pemodtttn
719 4477 964 4546 exigunt,
996 4484 1051 4531 et
1085 4474 1252 4529 animi
1307 4476 1373 4527 ad
1403 4472 1838 4542 perturbationes
1876 4486 2001 4541 pro-

2088 1989 2241 2060 αὐτῷ
2261 1989 2475 2056 δοκοῦν,
2510 1992 2619 2045 τῶν
2655 1992 2714 2058 ἐξ
2743 1992 3087 2064 ἡμερότητος
3115 1992 3397 2060 τεύξονται
3431 1995 3523 2048 καὶ
3558 1995 3681 2064 φιλ-

2089 2082 2441 2154 ανθρωπίας,
2509 2084 2603 2138 καὶ
2667 2085 2768 2138 ούκ
2826 2084 3061 2139 εἰσάπαν
3114 2085 3519 2140 ἀποπεσοῦνται
3579 2088 3681 2159 τῆς

2090 2172 2226 2244 πρὸς
2277 2173 2440 2227 αὑτὸν
2495 2173 2828 2245 οἰκειότητος
2866 2176 3143 2246 σχεηκῆς.
3207 2176 3576 2249 Καλαμῶθαι
3622 2177 3681 2231 δὲ
3744 2192 3748 2196 ‘

2090 2265 2260 2318 εἰπὼν
2314 2267 2442 2329 τοὺς
2490 2265 2831 2338 πράκτορας,
2887 2267 2987 2338 τῆς
3032 2266 3259 2341 ἐνούσης
3289 2269 3474 2334 αὐτοῖς
3504 2270 3684 2342 ἀπλη-

2092 2350 2244 2414 στίας
2276 2367 2336 2404 τε
2369 2350 2504 2420 ὁμοῦ
2540 2352 2633 2405 καὶ
2666 2352 3010 2424 φιλοκερδίας
3034 2350 3278 2408 ’δείκνυσι
3323 2354 3383 2408 τὸ
3420 2354 3676 2427 μέγεθος,

2105 2446 2194 2499 Ἐν
2235 2446 2466 2518 μὲνγὰρ
2500 2448 2611 2510 τοῖς
2640 2447 2814 2518 ληίοις
2840 2450 2888 2501 οἱ
2943 2449 3043 2520 μὲν
3086 2450 3437 2521 ἀποκείρουσι
3479 2451 3685 2524 σιδήρῳ

2090 2536 2182 2589 τὸν
2214 2538 2435 2608 στάχυν,
2476 2538 2525 2590 οἱ
2557 2538 2615 2591 δὲ
2643 2540 2770 2603 τοὺς
2790 2540 3155 2606 ἐκπίπτοντας
3177 2541 3274 2612 τῆς
3294 2542 3388 2595 τοῦ
3410 2543 3685 2615 κείροντος

2092 2627 2276 2700 χειρὸς
2309 2628 2681 2698 συλλέγοντες,
2718 2630 2870 2684 οὐδὲν
2916 2630 3139 2700 ἀφιᾶσιν
3171 2633 3228 2684 ἐν
3262 2633 3475 2704 ἀγροῖς.
3523 2634 3686 2698 Ἕοος

2092 2721 2150 2775 δὲ
2180 2722 2275 2777 καὶ
2302 2724 2415 2788 τοῖς
2445 2721 2544 2786 τὰς
2569 2722 2850 2793 ἀμπέλους
2885 2724 3131 2796 τρυγῶσι
3159 2722 3320 2778 τοῦτο
3340 2724 3494 2797 δρᾷν.
3527 2745 3546 2779 ι
3570 2728 3688 2781 Κα-

2096 2812 2379 2886 λαμῶνται
2405 2814 2582 2869 τοίνυν
2615 2814 2783 2885 ὑμᾶς,
2811 2815 2998 2885 φησὶν,
3029 2816 3077 2868 οἱ
3114 2816 3426 2888 πράκτορες
3453 2817 3630 2889 ὑμῶν.
3661 2838 3681 2872 ι

2100 2910 2321 2982 Ὅμοιον
2362 2910 2439 2987 ὡς
2483 2911 2534 2964 εί
2589 2909 2770 2979 λέγοιο
2822 2910 3234 2983 Τετρυγήκασιν
3274 2912 3429 2983 ὑμῶν
3456 2912 3555 2977 τὰς
3590 2929 3688 2966 πε-

2101 3000 2364 3071 ριουσίας,
2400 3000 2494 3053 καὶ
2539 3000 2599 3053 οὐ
2650 2998 2812 3070 μέχρι
2876 2999 3065 3054 τούτου
3113 3001 3182 3053 τά
3229 3003 3329 3071 τῆς
3377 3000 3688 3072 ἀπληστίας

2097 3091 2302 3154 αὐτοῖς.
2351 3089 2487 3142 Ἀλλ’
2526 3090 2626 3161 ἠδη
2662 3088 2757 3142 καὶ
2808 3088 3192 3160 καλαμῶνται,
3229 3090 3376 3145 τοῦτ’
3413 3089 3550 3158 ἐστι,
3586 3091 3689 3153 τὰς

2100 3184 2285 3253 χεῖρας
2312 3181 2598 3249 ἐπάγουσι,
2620 3179 2716 3235 καὶ
2770 3183 2884 3244 τοῖς
2911 3181 2992 3234 ἔτι
3036 3181 3577 3253 καταλελειμμένοις.
3612 3176 3687 3235 Εὖ

2092 3274 2150 3327 δὲ
2184 3273 2248 3344 δὴ
2274 3272 2500 3344 σφόδρα,
2524 3273 2618 3327 καὶ
2657 3272 2976 3345 πρεπόντως
3001 3274 3206 3339 αὐτοῖς,
3238 3275 3298 3328 ού
3332 3275 3685 3347 καθηγητὰς,

2092 3368 2153 3421 ού
2199 3367 2573 3432 διδασκάλους,
2614 3366 2713 3437 οὐχ
2756 3366 2942 3438 ἕτερόν
2981 3385 3034 3421 τι
3080 3367 3192 3421 τῶν
3243 3370 3503 3423 τοιούτων
3543 3364 3689 3424 εἶναί

2093 3476 2280 3530 φησιν,
2305 3459 2626 3531 πράκτορας
2657 3458 2715 3512 δὲ
2748 3456 3034 3529 ὀνομάζει,
3085 3458 3180 3512 καὶ
3230 3460 3558 3531 ἀπαιτητάς.
3598 3464 3689 3515 At-

2093 3551 2283 3605 δάσκει
2331 3551 2389 3605 δὲ
2439 3551 2523 3606 ὅτι
2577 3550 3095 3619 κατεξουσιάζουσιν
3129 3550 3341 3618 αὐτῶν,
3373 3552 3472 3623 οὐχ
3506 3553 3581 3617 ὡς
3609 3552 3687 3608 δι-

2094 3643 2353 3698 δάσκαλοι
2383 3644 2652 3717 μαθηταῖς
2695 3644 2872 3713 ἠπίως
2928 3644 3399 3717 προσφερόμενοι,
3437 3645 3552 3700 ἀλλ’
3577 3642 3689 3701 οἷον

2099 3722 2328 3808 σκληροὶ
2382 3737 2478 3790 καὶ
2536 3737 2721 3808 ἄγριοι
2787 3737 3085 3804 δεσπόται,
3145 3738 3204 3791 τὸ
3262 3738 3454 3792 δοκοῦν
3504 3742 3689 3804 αὐτοῖς

2098 3832 2314 3900 φρονεῖν
2340 3828 2763 3897 ἀναγκάζοντες,
2814 3828 2907 3883 καὶ
2941 3829 3077 3902 πρὸς
3120 3830 3227 3883 πᾶν
3271 3831 3448 3886 ὁτιοῦν
3482 3833 3690 3903 ἀποφέ-

2100 3938 2308 3994 ροντες,
2352 3922 2448 3976 καὶ
2478 3920 2587 3975 τῶν
2617 3920 2767 3992 παρὰ
2816 3920 3041 3993 γνώμην
3075 3920 3189 3974 ἐσθ’
3239 3923 3350 3976 ὅτε.
3394 3923 3538 3977 Ἀλλ’
3564 3926 3592 3979 ὅ
3620 3942 3687 3993 γι

2097 4013 2208 4065 τῶν
2237 4014 2294 4065 ὲν
2328 4009 2548 4082 Χριστῷ
2571 4009 2773 4073 σκοπὸς
2825 4010 2885 4063 οὐ
2916 4009 3156 4075 τοιοῦτος
3190 4006 3277 4083 ἦν.
3322 4010 3530 4084 Γράφει
3556 3996 3689 4083 γοῦν

2097 4106 2127 4158 6
2164 4103 2451 4166 θεσπέσιος
2492 4103 2697 4175 Πέτρος
2728 4103 2842 4165 τοῖς
2872 4102 3233 4174 κεκλημένοις
3259 4105 3339 4168 είς
3359 4106 3687 4179 ἐπισκοπὴν,

2099 4197 2195 4252 καὶ
2224 4193 2580 4267 καθηγεῖσθαι
2615 4191 2839 4264 λαχοῦσι
2871 4193 2981 4247 τῶν
3016 4194 3245 4256 λογικῶν
3276 4195 3564 4267 ποιμνίων,
3613 4200 3688 4272 μὴ

2098 4289 2174 4354 ὡς
2198 4287 2686 4361 κατακυριεύοντες
2713 4285 2821 4340 τῶν
2847 4287 3087 4359 κλήρων,
3116 4288 3254 4343 ἀλλά
3276 4291 3439 4345 τύποι
3462 4293 3690 4364 γενόμε-

2100 4382 2303 4438 νοιτοῦ
2334 4381 2607 4456 ποιμνίου.
2644 4377 2801 4437 Οἶδεν
2858 4381 2916 4435 δὲ
2954 4385 2982 4435 6
3025 4383 3182 4452 λόγος
3220 4386 3249 4438 6
3300 4388 3561 4454 μυστικὸς
3596 4389 3691 4442 καὶ

2103 4474 2421 4545 πράκτορας
2464 4474 2719 4545 ἐτέρους,
2754 4471 2849 4536 οὒς
2892 4472 3105 4547 ἀνάγκη
3151 4477 3540 4547 παραιτεῖσθαι
3579 4484 3691 4544 τοῖς

366 4571 696 4629 ,ιοίὶνὶιιιιοιιι
754 4578 1008 4637 tanquam
1066 4567 1331 4622 tributum
1384 4569 1655 4634 quoddam
1712 4564 1989 4632 colligunt.

2106 4564 2358 4618 ἐθέλουσι
2404 4564 2551 4634 βιοῦν
2587 4563 2788 4635 ὀρθῶς.
2839 4565 2907 4618 Δί
2944 4565 3053 4639 γάρ
3092 4570 3328 4640 πονηραὶ
3389 4572 3487 4625 καὶ
3542 4572 3692 4626 ἀντι-

402 4665 823 4718 Sacrosanctum
856 4660 1001 4714 enim
1051 4658 1274 4713 verbum
1334 4658 1521 4711 beatos
1581 4655 1844 4724 praedicat
1896 4667 1991 4709 eos

402 4754 490 4823 qni
523 4767 709 4807 vocem
740 4751 1013 4806 exactoris
1042 4764 1150 4805 non
1200 4748 1545 4803 audiverunt.
1597 4746 1699 4813 Qui
1746 4747 1891 4802 enim
1931 4759 1993 4801 se

402 4862 431 4901 a
467 4845 650 4899 carnis
680 4842 1067 4913 cupiditatibus
1096 4847 1389 4904 sevocant,
1430 4853 1495 4893 ac
1519 4836 1744 4904 juvenili
1783 4836 1989 4891 vivida-

401 4952 509 5007 que
543 4936 850 5008 prudentia,
886 4933 1028 4990 mala
1075 4943 1195 4989 orta
1244 4947 1308 4988 ex
1364 4941 1589 5002 peccato
1647 4929 1988 5001 prapnlsant,

404 5030 742 5099 principatus
777 5027 1011 5094 calcant,
1083 5034 1138 5080 et
1167 5023 1471 5094 spiritualia
1561 5022 1817 5092 nequitiae
1867 5021 1987 5076 vin-

403 5132 557 5188 cunt,
606 5119 859 5174 fortiores
894 5126 1022 5174 sunt
1053 5132 1215 5189 quam
1267 5123 1331 5189 ut
1361 5130 1491 5172 voce
1523 5116 1799 5171 exactoris
1839 5114 1985 5170 vinci

404 5224 465 5264 se
491 5207 797 5277 patiantur.
824 5205 1057 5260 Proinde
1087 5204 1140 5258 bi
1163 5214 1449 5261 exactores
1478 5204 1680 5259 vitandi
1703 5202 1814 5276 64
1837 5212 1983 5272 sunt,

405 5314 504 5355 nec
535 5298 941 5353 concedendum
977 5305 1036 5352 ut
1068 5298 1300 5352 fructum
1327 5297 1395 5352 ad
1426 5305 1706 5366 peccatum
1744 5299 1796 5350 in
1836 5296 1991 5351 nobis

404 5399 630 5457 metant,
663 5390 772 5445 imo
796 5404 897 5444 nec
930 5399 1227 5446 racement.
1254 5389 1367 5445 Hoc
1397 5398 1577 5444 autem
1597 5390 1994 5460 prwstahitnus,

405 5484 610 5539 \itihus
639 5492 694 5538 et
720 5482 874 5555 quasi
936 5482 1119 5538 nervis
1149 5497 1246 5553 per
1301 5481 1580 5538 Christum
1636 5479 1994 5549 conﬁrmatis,

405 5588 459 5629 et
493 5576 674 5646 pravis
704 5584 903 5631 nostra:
939 5575 1140 5631 mentis
1187 5573 1608 5644 cogitationibus
1671 5572 1885 5643 ejectis,
1941 5585 1995 5630 et

406 5669 547 5723 (teda
583 5668 900 5738 cupiditate,
937 5668 1199 5740 omnique
1215 5681 1418 5741 genere
1451 5666 1785 5722 vitiositatis.

508 5827 555 5858 ⁸ο
588 5822 770 5880 Matth.
810 5838 963 5893 nm,
998 5823 1086 5882 25.
1195 5820 1312 5855 *Μ’
1348 5820 1366 5877 l
1403 5820 1543 5875 Pctr.
1590 5837 1636 5890 τ,
1669 5821 1719 5889 9,
1745 5824 1798 5880 5.

2098 4653 2347 4724 κείμεναι
2370 4653 2640 4726 δυνάμεις
2696 4654 2926 4708 ἕκαστον
2972 4656 3083 4711 τῶν
3129 4659 3223 4711 ἐπὶ
3268 4659 3374 4730 γῆς
3410 4663 3694 4732 μονονουχὶ

2096 4745 2191 4801 καὶ
2222 4745 2514 4800 ἀπαιτοῦσι
2534 4746 2632 4819 τὴν
2655 4748 2734 4810 είς
2754 4745 2816 4800 τὸ
2837 4748 3038 4819 φαῦλον
3068 4750 3300 4822 σπουδὴν
3320 4794 3333 4817 ,
3380 4755 3473 4806 καὶ
3503 4753 3693 4826 ὥσπερ

2108 4840 2234 4893 τινὰ
2261 4838 2465 4909 δασμὸν
2496 4838 2627 4911 παρ’
2661 4839 2819 4910 ἡμῶν
2855 4839 3192 4908 συλλέγουσι,
3223 4841 3321 4913 τὴν
3343 4845 3421 4906 είς
3450 4844 3516 4897 τὰ
3545 4844 3690 4917 πάθη

2091 4929 2195 5001 τῆς
2222 4929 2459 4993 διανοίας
2477 4930 2673 5003 ῥοπήν.
2692 4931 2799 4983 Καὶ
2820 4930 2952 4999 γοῦν
2979 4933 3007 4985 6
3041 4931 3187 5002 ίερὺς
3217 4933 3511 5006 μακαρίζει
3538 4934 3695 5003 λόγος

2093 5022 2225 5088 τοὺς
2261 5022 2336 5095 μὴ
2393 5020 2738 5085 ἀκούσαντας
2780 5021 2967 5093 φωνὴν
3006 5021 3326 5092 φορολόγου·
3362 5024 3412 5076 οί
3447 5023 3556 5096 γάρ
3585 5023 3714 5099 τῶι,

2092 5114 2193 5184 τῆς
2224 5113 2426 5186 σαρκὸς
2455 5112 2763 5186 ἐπιθυμιῶν
2783 5112 3328 5185 κατεξανιστάμενοι,
3347 5116 3442 5169 καὶ
3458 5132 3700 5187 verr;ch

2097 5207 2403 5278 φρονήματι
2428 5198 2496 5260 τὰ
2523 5206 2590 5259 ὲκ
2621 5206 2719 5278 τῆς
2752 5206 3027 5276 ἁμαρτίας
3047 5206 3466 5278 παρωθούμενοι
3498 5204 3694 5280 ςλάόη,

2099 5299 2195 5352 καὶ
2234 5297 2534 5362 πατοῦντες
2572 5298 2785 5371 ἀρχάς,
2838 5300 2934 5354 καὶ
2977 5300 3239 5365 νικῶντες
3281 5300 3353 5354 τά
3404 5300 3697 5370 πνεύματα

2097 5389 2199 5461 τῆς
2234 5389 2522 5460 πονηρίας,
2555 5392 2837 5461 κρείττους
2861 5392 3122 5460 γεγόνασι
3156 5392 3254 5463 τῆς
3275 5391 3367 5446 τοῦ
3398 5390 3696 5464 φορολόγου

2100 5484 2305 5554 φωνῆς.
2370 5486 2463 5537 Δεῖ
2526 5485 2704 5537 τοίνυν
2770 5485 2898 5548 τοὺς
2967 5485 3246 5551 τοιούτους
3312 5485 3697 5558 παραιτεῖσθαι

2102 5577 2439 5649 πράκτορας,
2474 5578 2568 5630 καὶ
2605 5578 2741 5648 μήτε
2799 5576 3036 5648 θερίζειν
3070 5580 3127 5632 ὲν
3157 5580 3289 5651 ἡμῖν
3319 5581 3381 5634 τὸ
3402 5580 3482 5644 είς
3517 5580 3698 5650 ἀμαρ-

2097 5668 2216 5720 τίαν
2253 5667 2597 5739 ἀποτέλεσμα
2632 5672 2953 5739 συγχωρεῖν,
2985 5671 3123 5742 μήτε
3167 5670 3274 5743 μὴν
3320 5670 3694 5743 καλαμᾶσθαι.
