4100 6486
457 358 562 415 ll!

1480 359 1548 411 S.-
1579 359 1856 417 (ZYHIHJ
1898 359 2370 419 ALEXANDRINI
2415 359 2734 417 AIlCHIEP.

3609 368 3709 424 “5

454 471 635 526 sinunt
660 470 813 534 inire,
847 484 942 538 per
969 485 1129 540 quam
1175 468 1423 523 facillime
1473 470 1593 539 quis
1636 477 1701 524 ad
1761 473 1809 523 id
1885 474 2023 540 quod

2133 487 2217 533 τις
2240 470 2307 525 τοι
2342 472 2436 526 καὶ
2460 471 2604 542 μάλα
2627 472 2822 546 ῥᾳδίως
2855 473 2947 527 ἐπὶ
2974 474 3034 527 τὸ
3060 473 3290 547 ἀρέσκον
3318 475 3456 546 Θεῷ.

459 560 567 614 Deo
597 560 775 628 placet
822 563 1174 628 pt‘rtittgcrut.

527 653 688 706 Vnus.
717 653 902 706 15-15.
934 651 1036 706 Sed
1061 670 1196 705 nunc
1236 653 1393 705 stabit
1429 654 1484 706 in
1513 652 1708 713 iudicio
1745 653 2020 714 Dominus,

453 756 499 800 ιι
528 747 580 798 in
607 745 810 813 judicio
841 746 984 798 sistet
1005 747 1255 811 populum
1302 762 1477 799 suum.
1532 745 1652 810 Ipse
1683 745 1939 800 Dominus
1970 749 2023 800 iu

460 836 705 902 iudicium
746 837 904 888 veniet
950 852 1068 889 cum
1103 837 1399 890 senioribus
1439 839 1615 903 papuli
1656 840 1759 902 sui,
1804 849 1852 893 et
1905 857 2022 893 cum

452 927 633 996 princi;
655 929 769 980 ibus
799 928 934 996 ejus.
981 927 1079 981 Vos
1123 940 1298 983 autent
1329 931 1456 1000 quid
1488 933 1797 986 incendisti:
1821 935 2023 986 vineam

451 1021 662 1074 meum?
694 1019 757 1071 Et
791 1021 976 1089 rapina
1002 1025 1250 1090 pauperis
1287 1025 1338 1075 in
1362 1027 1603 1078 domibus
1634 1026 1859 1079 vestris?
1885 1027 2022 1091 Quid

451 1107 654 1168 iniuria
681 1109 896 1174 (tfﬁcilis
925 1111 1173 1178 populum
1207 1127 1399 1176 meum,
1441 1125 1486 1165 et
1527 1113 1712 1181 {aciem
1737 1130 2023 1182 pauperum

456 1200 781 1266 confunditis
808 1202 830 1252 ?

529 1369 644 1425 Non
668 1387 783 1441 .ope
816 1375 1132 1431 destitutum
1161 1378 1224 1432 iri
1263 1379 1391 1434 dit-it
1421 1383 1682 1448 prOpIteta
1728 1396 2019 1451 oppresso-

455 1476 571 1514 rum
609 1464 1037 1532 multitudinem,
1071 1485 1174 1523 ttou
1198 1472 1342 1523 omni
1367 1486 1493 1524 cura
1513 1487 1816 1526 vacuamac
1835 1476 2018 1528 deser-

455 1563 584 1617 tam,
619 1555 726 1608 imo
741 1571 1008 1612 summam
1035 1576 1219 1614 eorum
1253 1578 1436 1615 curam
1460 1564 1700 1618 omnium
1734 1564 2018 1620 Dominum

453 1653 850 1712 susmpturum,
875 1647 1177 1702 ('Ottlit‘tuul.
1199 1647 1356 1713 Nam,
1380 1651 1576 1721 inquit,
1593 1669 1814 1708 causam
1831 1671 2020 1710 eorum

452 1744 572 1796 aget
603 1744 790 1789 contra
820 1739 1018 1807 cosqni
1055 1750 1299 1805 metunt,
1335 1751 1391 1796 et
1423 1745 1578 1810 quasi
1614 1746 1800 1800 beatus
1837 1749 2019 1802 susci-

2215 650 2400 704 Ἀ.ῌά
2450 649 2568 704 νῦν
2606 650 3045 716 καταστήσεται
3098 652 3187 717 είς
3217 651 3420 720 κρίσιν
3473 651 3705 722 Κύριος,

2132 743 2232 798 καί
2277 741 2493 809 στήσει
2538 745 2624 808 εις
2669 743 2872 811 κρίσιν
2920 743 3030 796 τὸν
3077 745 3234 798 λαὸν
3279 743 3485 798 αὐτοῦ.
3517 746 3709 813 Αὐτὸς

2131 835 2346 901 Κύριος
2375 836 2461 900 είς
2516 836 2718 902 κρίσιν
2754 834 2886 902 ἣξει
2928 834 3076 903 μετὰ
3125 834 3244 888 τῶν
3292 837 3709 904 πρεσϐυτέρων

2132 927 2237 980 τοῦ
2265 926 2441 991 λαοῦ,
2478 926 2574 980 καὶ
2597 927 2748 996 μετὰ
2778 925 2897 980 τῶν
2931 928 3240 996 ἀρχόντων
3261 928 3465 982 αὐτοῦ.
3509 929 3710 998 ’Υμεῖρ

2130 1014 2199 1068 δὲ
2224 1016 2280 1068 τί
2311 1016 2706 1085 ὲνεπυρίσατε
2729 1016 2836 1070 τὸν
2859 1016 3189 1086 ἀμπελῶνά
3207 1035 3326 1087 μου
3341 1033 3362 1082 ;
3389 1019 3498 1072 Kal
3541 1021 3578 1087 ἠ
3607 1022 3709 1087 ἀρ-

2130 1105 2292 1176 παγνὴ
2351 1107 2460 1160 τοῦ
2515 1107 2755 1176 πτωχοῦ
2809 1108 2879 1161 ἐν
2936 1108 3061 1174 τοῖς
3125 1108 3315 1176 οἴκοις
3375 1108 3577 1179 ὑμῶν;
3649 1114 3708 1164 Τί

2129 1197 2298 1265 ὑμεῖς
2333 1197 2588 1252 ἀδικεῖτε
2629 1197 2738 1251 τὸν
2768 1200 2928 1253 λαόν
2974 1187 3114 1267 μου,
3161 1199 3258 1252 καὶ
3305 1199 3379 1253 τὰ
3417 1200 3709 1267 πρόσωπα

2130 1287 2250 1342 τῶν
2277 1289 2531 1358 πτωχῶν
2569 1292 3004 1358 καταισχύνετε
3020 1306 3040 1354 ;

2202 1380 2315 1432 Οὗκ
2347 1377 2776 1450 ἀνεπικούρητον
2809 1378 3026 1434 ἔσεσθαί
3051 1397 3214 1450 φησιν
3241 1380 3269 1433 ὁ
3303 1383 3587 1452 προφήτης
3608 1381 3711 1452 τὴν

2129 1470 2503 1541 ἀδικουμένων
2545 1472 2776 1542 πληθὺν,
2821 1470 2944 1525 οὔτε
3001 1473 3107 1543 μὴν
3156 1473 3372 1542 ἀπάσης
3427 1475 3708 1546 φροντίδος

2130 1561 2365 1631 ἐρήμην.
2424 1561 2825 1631 ὑπεραθλήσειν
2871 1561 2928 1614 δὲ
2982 1561 3180 1630 μᾶλλον
3232 1561 3411 1617 αὐτῶν
3456 1563 3547 1616 τὸν
3597 1562 3707 1615 τῶν

2129 1652 2266 1704 ὅλων
2315 1651 2446 1705 Θεὸν
2485 1648 2543 1706 εὖ
2597 1651 2740 1723 μάλα
2789 1652 3198 1725 διῖσχυρίζεται.
3260 1654 3550 1708 Δικάσεται
3596 1655 3706 1724 γὰρ

2132 1743 2271 1815 ὑπὲρ
2304 1743 2501 1808 αὐτῶν,
2535 1745 2690 1814 φησὶ,
2726 1747 2837 1808 τοῖς
2872 1745 3288 1815 καλαμωμένοις
3329 1747 3423 1798 καὶ
3469 1746 3706 1816 μακαρίο

452 1825 636 1892 piunt:
660 1834 714 1880 et
734 1830 982 1882 semitam
1007 1830 1198 1897 pedum
1224 1832 1461 1900 ipsorum
1483 1835 1740 1901 turbabit,
1757 1840 2023 1908 etjudicio

2128 1835 2310 1902 ζονσιν
2349 1837 2564 1901 αὐτούς.
2599 1837 2838 1910 Ταράξει
2883 1836 2938 1890 δὲ
2989 1837 3083 1890 καί
3119 1835 3214 1906 τὴν
3249 1835 3432 1906 τρίϐον
3466 1835 3573 1890 τῶν
3602 1853 3702 1889 πο-

452 1930 810 1985 prosequetur
843 1920 1082 1974 seniores
1121 1923 1320 1990 populi,
1345 1935 1396 1977 et
1421 1926 1690 1995 principes
1713 1929 1794 1982 vel
1833 1931 2024 1998 praefe-

450 2017 588 2061 ctos.
619 2007 863 2064 Redemit
886 2011 1028 2064 enim
1055 2030 1085 2067 e
1102 2014 1259 2068 domo
1276 2017 1554 2072 servitutis
1577 2020 1826 2088 pupulqu
1844 2039 2023 2088 suum,

455 2107 552 2150 cla
577 2098 973 2154 dominatornm
996 2104 1405 2171 importunitate
1430 2107 2023 2175 liberavit,uuiversam

453 2189 508 2241 in
542 2204 636 2244 eos
677 2194 922 2265 excitans
953 2208 1284 2251 creaturam.
1338 2199 1402 2253 Et
1434 2214 1566 2256 sane
1603 2203 1773 2270 aquas
1805 2205 1857 2258 in
1898 2221 2025 2260 san-

451 2281 666 2351 guinem
687 2285 933 2352 mutavit,
959 2289 1222 2356 grandine
1251 2290 1639 2360 profundisque
1667 2311 1731 2349 ac
1759 2297 2027 2352 triduanis

455 2373 689 2428 tenebris
709 2413 728 2439 ,
761 2377 992 2444 aliisque
1017 2381 1300 2446 omnibus,
1341 2394 1427 2438 est
1477 2386 1621 2439 enim
1652 2386 1867 2457 longum
1913 2392 2026 2444 sin-

451 2466 570 2533 gula
618 2482 1064 2534 cmunmuorare,
1100 2475 1365 2539 percussit
1405 2493 1418 2530 :
1463 2477 1585 2531 dein
1636 2495 1733 2547 per
1789 2482 2022 2536 medium

449 2572 600 2612 mare
629 2560 887 2625 traduxit,
915 2562 966 2615 iu
991 2564 1208 2619 deserto
1256 2568 1422 2634 pavit,
1467 2569 1520 2622 iu
1551 2578 1751 2625 terram
1789 2575 2026 2641 promis-

451 2650 624 2705 sionis
678 2651 936 2720 induxit,
995 2665 1186 2721 gentes
1239 2675 1460 2729 tuagnas
1493 2672 1548 2716 et
1598 2667 2025 2732 pugnacissimas

453 2752 715 2810 tauquam
742 2742 927 2811 spinas
973 2745 1197 2812 expulit.
1245 2745 1468 2802 Divinas
1494 2764 1716 2820 quoque
1765 2751 1933 2806 David
1971 2754 2024 2808 id

451 2832 784 2898 declaravit,
819 2837 1061 2890 omnium
1119 2848 1451 2893 servatorem
1515 2849 1570 2894 et
1625 2842 2021 2912 redemptorem

449 2924 730 2992 alloquens
757 2940 772 2976 :
807 2945 826 2977 ι
865 2925 1044 2981 Vitem
1065 2943 1129 2982 ex
1164 2927 1398 3000 Egypto
1428 2931 1749 2986 transtulisti
1772 2971 1786 2994 ,
1815 2933 2021 3002 eiecisti

449 3026 660 3082 gentes,
723 3023 776 3070 et
833 3033 953 3071 eam
995 3019 1269 3086 plautasti,
1323 3021 1462 3074 viam
1503 3023 1866 3091 pmstruxisti
1899 3035 2024 3078 ante

451 3105 596 3156 illaut
624 3121 637 3156 :
671 3107 912 3160 extendit
935 3107 1186 3176 palmites
1219 3124 1345 3164 suos
1375 3111 1441 3162 ad
1466 3127 1614 3166 mare
1642 3127 1834 3179 usque,
1866 3123 1922 3168 et
1958 3115 2023 3168 ad

2125 1929 2230 1981 δῶν
2263 1930 2462 1982 αὐτῶν.
2514 1929 2803 1982 Δικάσεται
2855 1927 2912 1981 δὲ
2957 1927 3094 1998 πρὸς
3136 1929 3264 1991 τοὺς
3303 1927 3706 1998 πρεσϐυτέρους

2125 2017 2218 2072 τοῦ
2253 2018 2404 2079 λαοῦ.
2440 2020 2533 2072 καὶ
2554 2019 2772 2087 προσέτι
2799 2019 2924 2080 τοὺς
2949 2017 3238 2088 ἄρχοντας,
3266 2017 3385 2087 ἦτοι
3411 2018 3535 2080 τοὺς
3568 2017 3704 2070 καθ-

2124 2109 2482 2179 ηγουμένους.
2550 2108 2924 2180 Ἐλυτρὼσατο
2973 2108 3071 2178 μὲν
3117 2107 3227 2179 γὰρ
3279 2107 3339 2172 ἐξ
3385 2109 3533 2161 οἴκου
3585 2107 3705 2161 Gou-

2125 2198 2276 2260 λείας
2311 2199 2402 2251 τὸν
2431 2200 2557 2252 λαὸν
2592 2198 2780 2262 αὑτοῦ,
2815 2198 3048 2265 ἐξείλετο
3081 2197 3138 2251 δὲ
3166 2198 3265 2268 τῆς
3304 2198 3413 2251 τῶν
3440 2198 3703 2269 κρατούνο

2125 2306 2233 2342 των
2268 2289 2607 2358 σκαιότητος,
2641 2288 2770 2358 ὃλην
2805 2289 2986 2350 αὐτοῖς
3020 2287 3402 2356 ὲπαναστήσας
3449 2287 3547 2358 τὴν
3587 2287 3703 2340 κτί-

2127 2398 2236 2434 σιν.
2265 2381 2374 2434 Kal.
2409 2382 2614 2434 ὐῖάτων
2651 2381 2750 2450 μὲν
2782 2381 2860 2444 είς
2891 2374 3029 2449 αἷμα
3065 2377 3368 2448 μεταϐολὰς
3394 2380 3707 2450 ἐργασάμε-

2125 2489 2234 2535 νος,
2259 2471 2520 2541 χαλάζαις
2550 2471 2604 2523 δὲ
2637 2469 2979 2536 καταπαίων,
3017 2469 3172 2540 βαθεῖ
3200 2487 3260 2522 τε
3293 2469 3387 2522 καὶ
3424 2470 3710 2541 τριημέρῳ

2130 2563 2329 2632 σκότῳ,
2371 2564 2464 2615 καὶ
2493 2565 2607 2625 τοῖς
2642 2562 2824 2625 ἀλλοις
2857 2562 3049 2616 ἅπασι.
3098 2561 3325 2632 Μακρὸν
3355 2561 3462 2634 γὰρ
3503 2562 3710 2616 ἕκαστα

2131 2655 2380 2708 διειπείν.
2420 2651 2550 2708 Εἶτα
2583 2653 2898 2718 διαϐιϐάσας
2921 2653 3010 2708 διὰ
3042 2653 3315 2725 θαλάσσης
3353 2656 3526 2726 μέσης
3557 2654 3713 2727 ἐθρε-

2124 2747 2226 2816 ψεν
2272 2749 2329 2800 ἐν
2373 2749 2438 2818 τῇ
2480 2747 2690 2817 ἐρήμῳ.
2742 2745 3139 2816 Εἰσκεκόμικεν
3196 2748 3277 2809 είς
3313 2745 3410 2816 τὴν
3451 2746 3554 2816 γῆν
3609 2745 3710 2814 τῆς

2125 2841 2490 2908 ἐπαγγελίας,
2545 2839 2670 2910 ἔθνη
2739 2839 2950 2908 μεγάλα
3005 2838 3099 2891 καὶ
3155 2837 3517 2908 μαχιμώτατα
3570 2839 3708 2892 καθ-

2125 2933 2271 3002 άπερ
2316 2931 2558 2993 ἀκάνθας
2595 2929 2810 2996 ἐξελών.
2845 2929 2952 2981 Καὶ
2981 2928 3138 2997 “coit-co
3177 2929 3308 2998 ἡμῖν
3345 2931 3374 2982 ὁ
3421 2927 3709 2992 θεσπέσιος

2125 3023 2289 3075 Δαϐὶδ
2335 3020 2624 3091 κατεδηλου
2673 3019 2846 3086 λέγων
2886 3020 3020 3090 πρὸς
3055 3019 3146 3073 τὸν
3176 3019 3286 3072 τῶν
3319 3020 3457 3072 ὅλων
3489 3021 3710 3091 σωτῆρα

2126 3113 2219 3166 καὶ
2251 3112 2565 3182 λυτρωτὴν·
2605 3128 2622 3159 ι
2665 3107 2940 3177 ’Ἄμπελον
2990 3108 3048 3174 ἐξ
3097 3107 3371 3175 Αἰγύπτου
3441 3109 3704 3178 μετῆρας,

453 3197 645 3252 ﬂuvius
676 3199 1002 3268 pmpagines
1030 3217 1155 3254 suas
1178 3201 1241 3254 “.
1286 3221 1307 3254 ι
1339 3203 1454 3274 66
1478 3203 1601 3258 Erat
1639 3207 1805 3271 enim,
1850 3206 2022 3276 inquit

2129 3203 2379 3268 segem;
2411 3201 2558 3270 ἔθνη,
2589 3200 2684 3254 καὶ
2716 3199 3123 3268 κατεφύτευσας
3150 3199 3338 3268 αὐτὴν,
3371 3199 3710 3268 ὡδοποίησας

453 3291 708 3358 propheta
741 3289 1028 3360 Jeremias,
1077 3295 1204 3350 vitis
1241 3294 1471 3350 fecunda
1520 3299 1786 3367 pampinis
1837 3300 2024 3365 Israel,

452 3399 503 3439 et
543 3385 669 3439 felix
701 3385 912 3441 functus
936 3388 1074 3458 ejus.
1111 3388 1216 3442 Sed
1246 3389 1712 3445 cumdemaudata
1741 3402 1882 3446 esset
1909 3394 2026 3462 ejus

451 3479 692 3532 colendae
749 3493 881 3532 cura
935 3480 1280 3550 principibus.
1337 3482 1562 3551 populi,
1625 3475 1764 3539 adeo
1811 3484 2027 3551 iujttstis

452 3571 630 3624 modis
651 3581 1041 3638 oppresserunt
1071 3571 1548 3638 lteriletuvineam,
1580 3584 1638 3628 ιιι
1659 3574 1769 3643 jam
1799 3577 2020 3630 incensa

454 3661 667 3729 penitus
709 3676 832 3716 esse
856 3664 1118 3716 videatur.
1153 3662 1300 3718 "anc
1333 3665 1493 3735 igitur
1515 3681 1734 3720 causam
1766 3667 2026 3736 impinget

455 3751 585 3816 illis,
645 3752 792 3806 hisee
850 3754 1032 3808 verbis
1087 3770 1104 3808 :
1155 3752 1258 3808 Vos
1299 3772 1394 3808 cur
1450 3756 1768 3811 inceutlistis
1813 3758 2024 3810 vineam

454 3841 674 3895 meam?
704 3841 838 3894 Nam
871 3858 1006 3910 quos
1047 3857 1260 3912 aequum
1299 3857 1413 3898 erat
1443 3845 1588 3899 illaut
1622 3847 1782 3900 vitem
1824 3846 2024 3899 intelli-

453 3933 704 4004 gibilem,
736 3932 992 3986 nimirum
1021 3933 1295 4000 lsraelem,
1322 3936 1642 3991 fertiliorem
1675 3938 1923 4002 reddere,
1973 3938 2024 3991 lti

453 4026 522 4080 ad
557 4026 866 4080 vastitatem
915 4025 1138 4080 omnino
1179 4027 1555 4092 reduxerunt,
1605 4027 1928 4096 aridamqtte
1970 4038 2028 4084 et

454 4117 704 4172 inutilem
733 4118 865 4171 hero
895 4117 1212 4172 elfecerunt.
1249 4118 1333 4172 Ab
1373 4119 1479 4172 illis
1529 4119 1712 4186 itaque
1758 4135 2022 4173 sum-ensa

452 4217 557 4274 est,
580 4224 608 4261 a
638 4210 835 4276 quibus
870 4210 1078 4277 turgida
1112 4210 1285 4265 betris
1315 4209 1429 4264 fieri
1455 4249 1469 4273 ,
1506 4209 1882 4278 fructibusque
1909 4227 2029 4281 gra-

453 4296 599 4359 vida,
644 4307 700 4348 et
734 4295 805 4349 ab
835 4303 979 4350 omni
1018 4298 1346 4352 detrimento
1401 4300 1657 4355 immunis
1711 4303 2024 4358 conservari

451 4385 658 4439 debuit.
693 4385 811 4440 iam
850 4389 1302 4454 quemadmodum
1340 4388 1478 4444 hanc
1504 4393 1719 4444 vineam
1773 4392 2028 4458 intelligi-

452 4475 614 4528 hileut
646 4478 946 4531 incendisse
979 4479 1249 4544 dicantur,
1286 4479 1470 4532 videre
1521 4490 1608 4534 est
1657 4496 1838 4550 opera:
1897 4497 2023 4550 pre-

2127 3293 2432 3364 ἔμπροσθεν
2460 3293 2630 3362 αὐτῆς
2655 3310 2667 3323 ·
2699 3289 2972 3356 ἐξέτεινας
3001 3290 3068 3344 τὰ
3093 3290 3348 3362 κλήματα
3395 3291 3566 3360 αὐτῆς
3605 3291 3709 3354 ἕως

2129 3387 2425 3454 θαλάσσης,
2477 3385 2571 3437 καὶ
2603 3383 2708 3446 ἕως
2751 3383 3014 3453 ποταμῶν
3051 3381 3410 3453 παραφυάδας
3449 3383 3636 3451 αὐτῆς.
3684 3403 3702 3434 ι

2128 3479 2321 3546 Γέγονε
2357 3478 2488 3548 γὰρ,
2521 3476 2596 3538 ὡς
2628 3476 2913 3545 προφήτης
2943 3474 3106 3544 φησὶν
3148 3475 3436 3545 Ἱερεμίας,
3468 3473 3711 3542 ἄμπελος

2127 3566 2545 3639 εὐκληματοῦσα
2597 3566 2835 3637 Ἰσραὴλ,
2879 3565 2974 3619 καὶ
3005 3567 3034 3618 ὁ
3081 3565 3294 3636 καρπὸς
3339 3565 3581 3637 εὐθηνῶν
3611 3565 3712 3618 αὑ-

2127 3663 2246 3731 τῆς.
2289 3661 2450 3713 Ἀλλὰ
2482 3658 2738 3728 τετάχασι
2790 3657 2886 3728 μὲν
2935 3657 3014 3720 εἰς
3043 3659 3324 3728 γεωργοὺς
3369 3659 3418 3710 οί
3451 3657 3712 3728 καθηγεῖ-

2130 3753 2254 3807 σθαι
2300 3752 2596 3822 λαχόντες·
2631 3750 2926 3820 ὴδικήκασι
2971 3748 3027 3801 δὲ
3076 3748 3249 3813 οὕτως
3278 3750 3576 3819 ἀμπελῶνα
3617 3751 3709 3804 τὸν

2128 3845 2465 3908 δεσποτικὸν,
2494 3844 2570 3907 ὼς
2586 3845 2664 3906 είς
2680 3843 2823 3897 ᾶπαν
2845 3842 2943 3913 ήδη
2971 3841 3064 3894 καὶ
3087 3840 3472 3911 ἐμπεπρῆσθαι
3509 3841 3706 3896 δοκεῖν.

2128 3938 2346 4007 Ταύτην
2375 3932 2467 3990 οὖν
2509 3934 2617 4005 ἄρα
2640 3933 2739 4004 τὴν
2773 3933 2954 3985 αίτίαν
2981 3933 3142 3994 αὐτὸς
3168 3935 3456 4002 ποιήσεται
3495 3933 3668 3997 λέγων
3689 3950 3704 3964 ο

2140 4027 2328 4096 Ὑμεῖς
2385 4025 2442 4078 δὲ
2483 4023 2534 4076 τί
2582 4023 2937 4092 ἐνεπυρίσατε
2981 4021 3069 4074 τὸν
3097 4021 3397 4092 ἀμπελῶνά
3428 4039 3564 4092 μου;
3599 4021 3709 4086 Οὓς

2128 4119 2236 4189 γὰρ
2264 4113 2334 4188 ἦν
2362 4115 2508 4179 εἰκὸς
2548 4115 2643 4169 καὶ
2686 4113 3071 4184 εὐτελεστέραν
3109 4115 3428 4183 ἀποφαίνειν
3456 4119 3552 4184 τὴν
3579 4132 3706 4186 νοη-

2126 4210 2226 4282 τὴν
2254 4209 2467 4280 ἐκείνην
2497 4208 2590 4260 καὶ
2618 4203 3065 4276 εὖκληματοῦσαν
3093 4205 3356 4274 ἄμπελον,
3387 4205 3531 4259 τοῦτ’
3567 4206 3706 4271 ἐστι,

2126 4299 2217 4354 τὸν
2259 4299 2492 4372 Ἰσραὴλ,
2519 4291 2666 4351 οὗτοι
2713 4296 3079 4367 κατεκόμισαν
3119 4297 3200 4358 εἰς
3241 4296 3522 4367 ἐρήμωσιν
3571 4314 3706 4350 παν-

2126 4392 2278 4464 τελῆ,
2301 4389 2470 4462 ξηράν
2491 4407 2550 4443 τε
2578 4390 2672 4444 καὶ
2690 4388 2964 4459 ἄχρηστον
2984 4386 3319 4440 ἀπετέλεσαν
3347 4387 3424 4457 τῷ
3448 4388 3703 4460 δεσπότῃ.

2141 4485 2577 4555 Ἐμπεπύρισται
2607 4483 2665 4536 δέ
2695 4481 2874 4534 τοίνυν
2903 4482 3031 4550 παρ’
3058 4473 3132 4533 ὧν
3173 4481 3320 4544 είκὸς
3347 4476 3419 4551 ἦν
3445 4480 3705 4552 εὕϐοτρυν

451 4570 610 4623 tium.
678 4568 972 4638 Oportebat
1031 4572 1177 4625 enim
1232 4585 1328 4625 eos
1382 4571 1474 4640 qui
1521 4573 1750 4627 ducendi
1809 4574 2019 4628 muneri

2131 4551 2350 4629 ἔσεσθαι
2375 4551 2470 4628 καὶ
2503 4575 2734 4646 καρποῖς
2754 4573 3039 4644 διαδρυθῆ,
3081 4572 3173 4626 καὶ
3218 4572 3419 4636 παντὸς
3449 4551 3706 4626 ἐπέκεινα

453 4671 742 4729 praeerant,
776 4673 829 4716 et
860 4663 953 4731 qui
983 4663 1154 4731 legem
1202 4665 1268 4716 ad
1301 4666 1482 4716 omnia
1519 4678 1641 4733 qua:
1668 4662 1777 4717 Deo
1806 4664 2024 4731 placent

457 4757 746 4811 ducentem
792 4758 1066 4822 tenebant,
1099 4774 1207 4826 pra:
1249 4761 1459 4813 tia-teris
1501 4759 1567 4812 ad
1605 4759 1740 4827 legis
1781 4759 2027 4827 pra'scri-

453 4856 604 4916 ptum
637 4847 839 4911 vivere,
872 4859 924 4899 et
950 4847 1174 4913 jusutize
1213 4847 1382 4914 gloria
1408 4845 1616 4909 ornari,
1651 4847 1720 4897 ita
1750 4854 1807 4897 ttt
1837 4859 2024 4898 eorum

453 4941 560 4995 vita
589 4978 606 5005 ,
663 4939 952 5008 singularis
995 4939 1277 5007 cujusdam
1323 4937 1846 5007 perfectissimmqnc
1904 4937 2027 4993 vita:

452 5030 731 5099 exetnplar
763 5031 1034 5099 quoddam
1062 5039 1118 5083 et
1149 5029 1330 5098 imago
1355 5039 1501 5083 esset
1528 5027 1726 5099 populo
1756 5028 1857 5082 sibi
1899 5029 2027 5082 sub-

391 5187 394 5194 ‘
453 5121 588 5174 dito.
619 5121 918 5190 Oportebat
973 5131 1234 5188 prreterea
1269 5134 1364 5175 eos
1403 5119 1535 5188 legis
1584 5119 1924 5176 institutione
1959 5121 2026 5176 ad

450 5229 666 5268 omnem
699 5214 1028 5282 probitatem
1051 5212 1297 5267 subditos
1327 5213 1617 5278 adducere,
1647 5214 2025 5281 delinquentes

453 5321 778 5376 coarguere,
811 5306 990 5373 lapsus
1013 5306 1225 5375 erigere
1248 5344 1264 5367 ,
1312 5306 1528 5375 pietatis
1563 5307 1667 5360 iter
1695 5317 2023 5372 monstrare,

451 5409 505 5451 et
535 5401 600 5452 ad
648 5396 1025 5466 prtestautiora
1076 5396 1392 5462 informare,
1431 5408 1484 5453 et
1514 5402 1838 5468 persuadere
1881 5402 2018 5456 utin

455 5493 614 5541 tinem
651 5488 806 5557 legis,
836 5490 1138 5553 Christum,
1174 5489 1416 5558 inquam,
1439 5492 1786 5562 respicerent.
1826 5511 1845 5543 ι
1869 5492 2020 5548 Finis

452 5579 594 5632 ειιὶιιι
625 5579 756 5649 legis
784 5590 832 5635 et
871 5581 1255 5649 prophetarum
1287 5584 1534 5640 Christus
1570 5583 1632 5639 ⁸⁷.
1668 5604 1685 5636 ι
1712 5585 1785 5640 De
1806 5600 1868 5639 eo
1890 5599 2018 5641 vero

523 5737 565 5766 ιι-
600 5736 732 5792 Γελιί.
777 5751 964 5796 usus,
999 5737 1143 5791 9-H.
1222 5736 1264 5768 "
1301 5738 1434 5792 llum
1497 5754 1547 5802 κ,
1583 5739 1634 5792 4.

2129 4667 2380 4739 βλάϐους.
2435 4667 2570 4720 Τίνα
2621 4667 2680 4720 δὲ
2721 4666 2924 4738 τρόπον
2967 4665 3274 4738 ἐμπυρίσαι
3322 4664 3575 4734 λέγονται
3613 4666 3707 4718 τὸν

2125 4758 2317 4829 νοητὸν
2347 4757 2676 4828 ἀμπελῶνα,
2718 4756 2836 4820 πῶς
2867 4758 2970 4810 οὐκ
2999 4756 3147 4824 ἄξιον
3203 4755 3362 4819 ίδεῖν;
3421 4754 3568 4808 Ἔδει
3605 4754 3706 4824 μὲν

2128 4849 2238 4920 γὰρ
2264 4849 2324 4902 τὸ
2359 4848 2734 4903 διδασκαλικὸν
2763 4847 2985 4919 ἔχοντας
3028 4847 3385 4919 ἐπιτήδευμα,
3419 4847 3513 4899 καὶ
3539 4845 3708 4916 νόμον

2127 4942 2332 5006 εἰδότας
2384 4941 2476 4994 τὸν
2529 4943 2610 5006 είς
2650 4941 2757 4994 πᾶν
2813 4939 2993 4994 ὁτιοῦν
3027 4939 3371 5010 ἀποφέροντα
3420 4939 3530 4991 τῶν
3577 4939 3708 5009 ἀρε-

2128 5036 2366 5091 σκόντων
2397 5035 2536 5106 Θεῷ,
2569 5035 2666 5090 καὶ
2707 5034 2815 5106 πρό
2860 5051 2925 5103 γε
2975 5034 3083 5087 τῶν
3133 5033 3310 5088 ἄλλων
3353 5031 3707 5103 ἐννομώτατὰ

2125 5145 2184 5182 τε
2217 5126 2409 5199 διαζῇν
2460 5127 2679 5192 αὐτοὺς,
2730 5126 2824 5180 καὶ
2865 5129 2979 5190 τοῖς
3017 5128 3100 5189 είς
3147 5124 3490 5194 δικαιοσύνην
3525 5125 3696 5194 αὐχή-

2129 5237 2293 5291 μασιν
2319 5217 2377 5274 εὖ
2415 5219 2562 5290 μάλα
2588 5215 3112 5282 κατακαλλύνεσθαι,
3137 5216 3277 5270 ὥστε
3299 5218 3396 5286 τῆς
3423 5215 3710 5287 ἐξαιρέτου

2128 5311 2274 5382 ζωῆς
2305 5309 2474 5364 τύπον
2505 5309 2694 5381 ὥσπερ
2734 5308 2856 5362 τινὰ
2905 5308 2998 5363 καὶ
3034 5307 3217 5362 εἰκόνα
3247 5307 3357 5360 τῶν
3399 5307 3496 5362 ὑπι
3545 5308 3706 5378 νεῖρα

2125 5403 2271 5456 λαῶν
2297 5402 2388 5456 τὸν
2419 5401 2597 5456 αὐτῶν
2619 5401 2872 5470 γενέσθαι
2910 5401 3044 5470 βίον.
3083 5396 3216 5453 Εἶτα
3237 5399 3373 5470 πρὸς
3401 5397 3574 5469 τούτῳ
3609 5399 3704 5451 καὶ

2124 5495 2247 5556 ταῖς
2275 5494 2338 5546 ἐκ
2360 5493 2524 5564 νόμου
2555 5492 2953 5560 παιδαγωγίαις
2979 5490 3335 5562 ἀποκομίζειν
3357 5489 3548 5560 ἤθελον
3573 5489 3700 5551 τοὺς

2128 5584 2566 5655 ὑπεζευγμένους
2605 5583 2741 5655 πρὸς
2791 5584 2900 5638 πᾶν
2947 5583 3126 5637 ὁτιοῦν
3172 5582 3282 5636 τῶν
3325 5579 3566 5650 ἀγαθῶν,
3605 5578 3702 5633 καὶ
