4100 6470
308 379 412 438 I25

1453 379 1530 462 tu
1573 380 1812 444 ISAIAM
1852 383 1981 438 ue.
2029 382 2069 437 ι.
2106 379 2319 436 οιιΑτ.
2359 335 2444 435 in.

3527 376 3623 431 126

301 513 414 553 κων
439 494 554 550 τῶν
590 495 1049 569 τεθυμωμένων,
1086 497 1390 570 ὀδοιπορίαι
1439 499 1650 570 μακραὶ
1695 500 1790 553 καὶ
1821 517 1900 553 κο-

2020 499 2184 553 etiam
2226 500 2332 553 illis
2369 516 2469 566 pro
2507 500 2869 555 odoramento
2903 495 3057 552 suavi
3105 494 3270 560 ciuis,
3306 495 3358 549 id
3388 503 3491 558 est,
3525 511 3624 565 pro

299 583 631 659 νιορτώδεις,
680 587 1123 659 ἀποφερομένων
1163 587 1347 642 αὐτῶν
1399 590 1480 652 εἰς
1534 589 1916 659 αἰχμαλωσίαν

295 681 594 752 τρυφεροῖς
634 678 723 732 ἔτι
767 679 923 735 ποσί.
953 679 1067 733 Καὶ
1101 663 1224 750 οὐχὶ
1267 677 1338 750 δὴ
1365 679 1526 734 τοῦτο
1565 682 1748 751 μόνον,
1779 681 1916 735 ἀλλὰ

293 772 403 844 γὰρ
428 771 524 826 καὶ
557 771 788 827 ἔσονται
819 774 915 826 καὶ
938 775 998 828 ὲν
1018 775 1283 844 σχήματι,
1313 773 1406 828 καὶ
1439 775 1497 827 ὲν
1528 774 1657 828 εῖδει
1688 773 1766 846 τῷ
1792 773 1915 828 λίαν

293 863 657 935 ἀτιμωτάτῳ,
696 865 778 930 ὡς
805 867 933 920 ἀντὶ
970 864 1149 935 ζώνης
1179 864 1392 936 χρυσῆς
1439 867 1658 938 σχοινίῳ
1692 868 1912 938 περιδε-

294 956 470 1013 δέσθαι
500 957 686 1029 μόνῳ,
745 957 843 1012 καὶ
885 959 944 1012 ὲν
979 957 1282 1030 γυμνότητι
1329 957 1578 1029 κεφαλῆς
1612 959 1779 1029 ἤγουν
1811 977 1915 1029 φα-

297 1048 644 1120 λακρώματι,
677 1051 864 1105 καίτοι
889 1052 1060 1106 πάλαι
1091 1054 1315 1124 χρυσοῖς
1339 1051 1637 1121 κοσύμόοις
1655 1055 1916 1122 ἁνεσφιγο

300 1141 471 1214 μένης.
509 1144 770 1215 ’Ἄμφιον
816 1145 874 1199 δὲ
915 1146 1132 1200 δίδωσιν
1186 1147 1399 1212 αὑταῖς,
1426 1145 1456 1200 δ
1489 1149 1608 1210 ταῖς
1633 1145 1916 1216 αἰχμαλώ-

295 1235 404 1297 sit;
429 1234 679 1306 πρέπον,
701 1234 852 1308 παχύ
874 1253 934 1289 τε
967 1237 1062 1291 καὶ
1085 1237 1324 1304 εὐτελὲς,
1345 1238 1374 1292 ὃ
1389 1239 1482 1292 καὶ
1498 1237 1757 1309 ὀνομάζει
1788 1238 1916 1292 σάκ-

293 1342 399 1387 κον,
445 1324 547 1378 καὶ
579 1326 751 1380 τοῦτο
782 1328 980 1391 αὑταῖς
1021 1327 1144 1382 ἀντὶ
1172 1327 1266 1382 τοῦ
1295 1329 1716 1402 μεσοπορφύρου
1748 1329 1914 1401 χιτῶ-

290 1435 372 1481 νος
391 1417 485 1472 καὶ
507 1419 821 1491 τρυφερῶν
852 1421 986 1492 ὲσθη
995 1421 1198 1491 μάτων.
1217 1422 1568 1494 Προσεπάγει
1592 1423 1650 1477 δὲ
1673 1423 1910 1488 τούτοις,

287 1508 364 1561 ότι
394 1508 504 1560 Καὶ
543 1509 578 1560 ό
610 1509 735 1574 υἱός
770 1527 866 1564 σου
895 1513 923 1564 ό
959 1511 1266 1576 κάλλιστος,
1296 1512 1354 1568 ὃν
1381 1514 1623 1586 ἀγαπᾷς,
1663 1513 1914 1587 μαχαίρᾳ

285 1603 554 1654 πεσεῖται.
597 1601 772 1664 ’Ἑθος
823 1603 936 1674 γὰρ
974 1607 1085 1670 τοῖς
1126 1605 1310 1658 ἑλοῦσι
1354 1604 1510 1660 πόλιν
1543 1607 1576 1678 ἢ
1610 1605 1819 1680 χώραν,
1851 1607 1913 1674 ἐξ

283 1693 445 1763 αὐτῆς
475 1693 770 1766 ἁρπάζειν
813 1695 1000 1767 θήλεις
1043 1697 1138 1750 καὶ
1187 1697 1404 1751 κόλπων
1446 1700 1676 1770 μητρὸς,
1714 1701 1783 1753 τά
1823 1717 1912 1770 μι-

283 1787 390 1856 κρά
435 1805 500 1840 τε
549 1790 652 1842 καὶ
699 1789 994 1844 ὑποτίτθια
1043 1790 1216 1864 βρέφη
1270 1792 1519 1863 φονεύειν
1571 1791 1774 1864 ὠμῶς,
1821 1791 1908 1844 ῖνκ

2020 591 2276 647 domibus
2323 591 2554 656 sumtis,
2590 591 2959 661 profectiones
3009 588 3192 644 multae
3241 599 3298 642 et
3365 589 3625 658 pulveru-

2021 681 2219 748 lentte,
2279 700 2402 737 cum
2463 683 2517 737 in
2572 682 2946 748 captivitatem
2999 679 3362 745 abducentur,
3397 680 3625 748 pedibus

2017 776 2200 830 adhuc
2237 777 2454 830 teneris.
2481 785 2535 830 et
2563 774 2887 829 delicatulis.
2921 772 3029 828 Nec
3066 773 3117 826 id
3159 771 3354 837 solum,
3386 771 3480 826 sed
3515 773 3626 825 for-

2016 884 2106 924 ma
2160 883 2225 924 ac
2279 867 2465 937 Specie
2515 875 2676 922 erunt
2705 883 2868 936 quam
2917 865 3305 933 altjectissitna,
3362 875 3421 919 ut
3471 880 3623 920 zona:

2015 976 2194 1014 aurea:
2231 961 2368 1025 loco,
2402 959 2519 1016 solo
2547 958 2676 1015 fune
2714 957 3188 1025 circumligentur,
3232 957 3623 1027 patienturque

2017 1054 2318 1108 nuditatem
2350 1051 2570 1122 Capitis,
2607 1049 2888 1105 calvitium
2918 1047 3150 1112 scilicet,
3188 1046 3314 1101 licet
3343 1047 3619 1114 quondam

2015 1146 2197 1200 aureis
2224 1144 2549 1216 capillorum
2578 1143 2736 1198 nodis
2769 1141 3079 1196 redimitum
3116 1138 3300 1194 fuerit.
3328 1137 3621 1193 Indumen-

2017 1248 2128 1294 tum
2169 1240 2336 1294 etiam
2391 1239 2487 1294 dat
2539 1237 2648 1292 illis
2702 1236 2922 1305 dignum
2973 1232 3226 1302 captivis,
3269 1245 3512 1286 crassum
3563 1238 3618 1284 et

2017 1330 2145 1396 vile,
2201 1331 2344 1400 quod
2398 1345 2619 1386 saccum
2671 1329 2935 1392 uuiniuat,
2985 1324 3146 1394 idque
3182 1333 3491 1394 purpurata:
3521 1337 3618 1377 ve-

2015 1424 2117 1478 stis
2150 1430 2204 1478 ct
2229 1424 2361 1477 lauti
2391 1425 2626 1478 amictus
2653 1423 2792 1477 vice.
2832 1419 3127 1490 Snbjnugit
3157 1414 3444 1487 porro:Et
3475 1414 3619 1469 ﬁlius

2015 1527 2140 1571 tuus
2165 1516 2592 1584 pulcherrimus,
2631 1528 2792 1584 quem
2836 1521 2890 1568 tu
2927 1511 3132 1581 diligis,
3164 1508 3345 1578 gladio
3373 1517 3614 1563 corruet.

2013 1608 2110 1664 Est
2142 1610 2290 1662 enim
2333 1607 2384 1661 id
2435 1607 2488 1661 in
2535 1620 2688 1660 more
2720 1604 2804 1659 bis
2836 1604 2926 1674 qui
2968 1602 3248 1673 regionem
3281 1601 3503 1668 capiunt
3533 1601 3617 1654 vel

2014 1703 2229 1767 urbem,
2269 1700 2527 1770 parvulos
2555 1698 2624 1752 ab
2655 1696 2787 1766 ipsis
2821 1695 3080 1750 uberibus
3107 1703 3163 1748 et
3190 1707 3222 1747 e
3254 1691 3462 1761 gremio
3496 1707 3618 1746 ma-

2013 1798 2143 1862 tris,
2184 1807 2240 1852 et
2295 1795 2396 1851 sub
2433 1792 2740 1849 nutricibus
2785 1791 2923 1844 altos
2968 1785 3266 1842 infantulos
3313 1798 3504 1854 rapere
3557 1789 3618 1838 et

280 1869 553 1941 βαδίζοιεν
596 1875 656 1927 αἱ
693 1875 908 1929 τούτων
944 1877 1181 1949 μητέρες
1209 1879 1270 1930 οὐ
1314 1879 1772 1951 πεφορτισμὲναι,
1815 1878 1900 1930 καὶ

2011 1892 2268 1948 occidere
2305 1887 2621 1952 crudeliter,
2657 1901 2767 1956 quo
2796 1885 2877 1939 ire
2910 1882 3122 1954 possint
3172 1889 3376 1933 matres
3423 1891 3612 1932 eorum

280 1965 355 2037 μὴ
374 1968 443 2038 τῇ
475 1965 588 2018 τῶν
621 1967 844 2039 νηπίων
870 1971 1114 2040 φροντίδι
1144 1970 1604 2042 κατηχθισμέναι.
1635 1969 1845 2023 Οὐκοῦν
1873 1969 1906 2042 ἢ

275 2059 418 2112 κατὰ
451 2057 655 2114 τοῦτον
684 2061 778 2114 τὸν
803 2061 1008 2131 τρόπον
1043 2063 1290 2134 μαχαίρᾳ
1325 2064 1613 2117 πεσεῖσθαί
1643 2080 1776 2134 φησι
1815 2062 1908 2116 τὸν

272 2150 572 2220 ἀγαπητὸν
607 2151 810 2216 αὐταῖς
838 2153 976 2218 υἱὸν,
1014 2153 1044 2225 ἦ
1079 2155 1176 2208 καὶ
1204 2154 1409 2227 ἑτέρως
1443 2155 1776 2226 μαχόμενον,
1812 2156 1907 2208 καὶ

272 2246 334 2315 τῇ
371 2245 493 2298 τῶν
526 2245 822 2316 πολεμίων
859 2247 1134 2302 τεθνεῶτα
1173 2248 1338 2320 χειρί.
1369 2249 1672 2318 Πενθήσειν
1711 2265 1774 2317 γε
1799 2248 1906 2322 μὴν

269 2335 368 2399 τὰς
392 2335 585 2408 θήκας
619 2337 731 2408 ἔφη
759 2339 855 2393 τοῦ
884 2340 1094 2411 κόσμου
1124 2341 1323 2407 αὐτῶν,
1350 2342 1450 2413 οὐχ
1473 2342 1548 2406 ὠς
1571 2341 1684 2394 τῶν
1713 2340 1905 2413 αἰσθη-

269 2427 379 2481 τῶν
415 2427 618 2499 θηκῶν
655 2432 883 2486 πενθεῖν
913 2431 1253 2504 δυναμένων,
1281 2434 1489 2499 ἀλλ’ὡς
1524 2435 1591 2489 ἂν
1620 2434 1783 2499 εἴτις
1809 2434 1900 2488 λέ-

267 2536 356 2589 γοι
411 2521 517 2574 καὶ
569 2518 730 2577 οἷκον
778 2524 1000 2579 πενθεῖν
1038 2523 1252 2592 οὐδενὸς
1301 2526 1581 2591 οἰκοῦντος
1629 2529 1687 2580 ὲν
1727 2526 1897 2598 αὐτῷ.

268 2611 636 2682 Προσεπάγει
671 2614 736 2669 δὲ
765 2615 984 2681 τούτοις
1019 2618 1101 2682 τὸ,
1138 2618 1249 2673 Καὶ
1283 2617 1698 2692 καταλειφθήσῃ
1737 2620 1898 2691 μόνη,

266 2703 360 2756 καὶ
387 2706 478 2769 εἰς
515 2706 628 2777 γῆν
662 2707 1031 2780 ἐδαφισθήσῃ,
1064 2708 1210 2764 τοῦτ’
1240 2708 1411 2775 ἔστιν,
1449 2709 1546 2783 ἔσῃ
1575 2728 1662 2774 τις
1691 2711 1900 2784 ἐλεεινὴ

263 2799 364 2852 καὶ
385 2816 526 2854 κατε
535 2800 854 2874 ρριμμένη,
882 2803 978 2855 καὶ
998 2799 1108 2856 οἷον
1134 2805 1214 2863 είς
1237 2803 1343 2875 γῆν
1369 2805 1620 2877 κειμένη.
1647 2805 1900 2872 Τοιοῦτος

263 2893 382 2964 γάρ
428 2911 557 2958 πως
603 2895 634 2947 ὁ
677 2894 794 2966 βίος
834 2896 944 2950 τῶν
986 2897 1043 2950 ὲν
1076 2897 1430 2970 αἰχμαλωσίᾳ
1464 2898 1560 2952 καὶ
1596 2899 1896 2971 ἀθλιότητι,

264 2986 367 3038 καὶ
396 2986 624 3060 σκληρᾷ
655 2989 752 3042 καὶ
782 2990 1046 3062 ἀφορήτῳ
1080 2989 1313 3062 δουλείᾳ.
1352 2990 1646 3045 Πάνδεινον
1671 2987 1767 3046 οὖν
1789 2993 1898 3063 ἄρα

261 3078 322 3134 τὸ
353 3080 755 3152 προσκροῦσαι
785 3081 928 3153 Θεῷ,
964 3083 1060 3137 καὶ
1099 3083 1195 3138 τοῦ
1228 3085 1286 3137 ὲν
1313 3083 1513 3156 ψυχαῖς
1549 3087 1897 3158 καταφρονῆ-

265 3189 360 3228 σαι
391 3175 658 3240 κάλλους.
686 3175 829 3242 Τοὺς
856 3176 1053 3248 γάρτοι
1078 3177 1200 3232 λίαν
1235 3179 1670 3244 ἀπονενευκότας
1707 3180 1800 3232 ἐπὶ
1834 3180 1896 3232 τὸ

265 3265 548 3339 ῥᾴθυμον,
584 3269 792 3330 παντὸς
826 3268 1078 3341 ἐξίστησι
1111 3270 1320 3342 κόσμου
1356 3271 1508 3335 Θεὸς,
1541 3271 1700 3343 δῆλον
1728 3273 1785 3326 δὲ
1811 3273 1894 3326 ὅτι

261 3359 361 3413 τοῦ
407 3359 640 3431 νοητοῦ,
683 3362 781 3415 καὶ
823 3363 1072 3433 γυμνοὺς
1109 3364 1396 3434 ἀποφήνας
1436 3365 1896 3438 ἁπάσηςὰρετῆς

263 3452 630 3524 παραδίδωσι
654 3455 771 3516 τοῖς
800 3453 1036 3526 ἐχθροῖς.
1072 3453 1230 3509 Οὕτω
1257 3455 1440 3527 φαμὲν
1468 3456 1714 3511 δεδόσθαι
1742 3459 1897 3523 τινὰς

262 3546 348 3609 εἰς
387 3546 661 3617 ἀδόκιμον
687 3545 836 3612 νοῦν,
874 3547 974 3601 καὶ
1004 3547 1085 3612 είς
1117 3547 1268 3618 πάθη
1295 3549 1539 3620 ἀτιμίας.
1571 3551 1896 3621 Συνέχοντος

264 3638 370 3709 μὲν
417 3638 536 3712 γὰρ
579 3641 734 3712 ἡμᾶς
782 3643 862 3705 είς
901 3640 1064 3712 ίσχὺν
1102 3643 1203 3714 τὴν
1248 3643 1632 3715 πνευματικὴν
1664 3645 1760 3698 τοῦ
1802 3646 1897 3699 ἐπὶ

263 3733 491 3796 πάντας
522 3732 686 3800 θεοῦ,
707 3732 1057 3803 διασώζομεν
1085 3733 1144 3788 ἐν
1173 3735 1389 3798 ἑαυτοῖς
1427 3735 1488 3789 τὸ
1513 3735 1770 3808 λαμπρὸν
1797 3739 1896 3809 τῆς

265 3825 412 3890 ιδίας
445 3824 672 3894 φύσεως
698 3825 920 3892 κάλλος.
962 3826 1320 3897 Ἀφιστάντος
1338 3829 1394 3883 δὲ
1425 3829 1522 3902 τὴν
1547 3831 1892 3901 ἐπικουρίαν,

262 3918 478 3989 γυμνοὶ
519 3910 586 3991 δὴ
628 3920 852 3986 πάντως
887 3920 1130 3992 ἐσόμεθα
1157 3921 1362 3986 παντὸς
1395 3923 1626 3992 ἀγαθοῦ,
1665 3925 1758 3978 καὶ
1786 3924 1896 3978 τῶν

264 4009 328 4076 ἐξ
368 4012 586 4084 ἀρετῆς
625 4011 969 4084 αὐχημάτων
1009 4013 1381 4079 ἀποϐαλόντες
1423 4015 1524 4087 τὴν
1557 4015 1890 4089 ὡραιότητα,

263 4106 388 4168 τοῖς
427 4105 540 4176 τῆς
569 4105 801 4176 ἀτιμίας
829 4106 1062 4162 πάθεσιν
1087 4108 1518 4181 ὑποκεισόμεθα,
1551 4109 1648 4163 καὶ
1669 4109 1894 4165 δουλεύ-

265 4212 446 4268 σομεν
471 4197 719 4270 ἐχθροῖς.

340 4291 462 4345 Καὶ
539 4290 955 4362 ἐπιλήψονται
1013 4293 1168 4349 ἑπτὰ
1225 4293 1514 4364 γυναῖκες
1574 4295 1894 4365 ἀνθρώπου

262 4382 436 4450 ἐνὸς,
485 4383 810 4454 λέγουσαι·
847 4385 960 4439 Τὸν
989 4385 1176 4455 ἄρτον
1212 4383 1386 4456 ἡμῶν
1427 4386 1756 4457 ερατιόμεθα.
1793 4388 1894 4443 καὶ

263 4476 340 4531 τὰ
389 4475 602 4545 lucina
634 4477 808 4547 ἡμῶν
842 4479 1341 4549 περιϐαλούμεθα.
1391 4477 1562 4548 πλὴν
1597 4478 1668 4532 τὸ
1705 4479 1896 4548 ὄνομα

2011 1998 2117 2037 non
2163 1993 2401 2046 onustm,
2445 1995 2546 2034 nec
2581 1977 2934 2050 parvulorum
2981 1975 3221 2045 pondere
3254 1987 3479 2043 pressae.
3518 1968 3615 2026 Vel

2006 2088 2141 2144 ergo
2177 2073 2257 2127 sic
2296 2070 2474 2141 gladio
2510 2081 2833 2123 occasurum
2870 2065 2948 2119 ait
2985 2064 3246 2118 dilectum
3301 2062 3410 2132 72
3463 2062 3612 2129 ipsa-

2008 2181 2128 2219 rum
2184 2164 2375 2226 lllium,
2409 2161 2496 2215 vel
2531 2161 2698 2215 etiam
2738 2159 2791 2212 in
2835 2157 3023 2228 praelio
3057 2163 3114 2210 et
3166 2154 3407 2209 hostium
3447 2167 3613 2206 tuanu

2007 2256 2381 2313 interfectum.
2424 2253 2751 2309 Ploraturas
2774 2258 2955 2304 autem
2985 2247 3120 2304 dicit
3153 2246 3365 2301 arculas
3387 2254 3614 2298 ornatus

2007 2351 2276 2421 ipsarum,
2307 2363 2414 2402 non
2458 2347 2616 2417 quasi
2658 2358 2822 2400 sensu
2860 2341 3100 2413 praedita:
3145 2341 3258 2394 sint
3297 2337 3518 2401 arculzn,
3555 2349 3613 2390 ttt

2005 2443 2221 2513 plorare
2263 2439 2512 2510 possint,
2543 2437 2638 2494 sed
2670 2435 2896 2508 perinde
2934 2448 2999 2490 ac
3034 2433 3080 2489 si
3109 2432 3308 2488 dixerit
3341 2429 3610 2499 quispiam

2006 2534 2190 2605 lugere
2232 2534 2479 2599 domum,
2514 2545 2638 2586 cum
2674 2543 2836 2584 nemo
2867 2529 2921 2584 in
2967 2541 3033 2584 ea
3064 2525 3296 2582 habitet.
3348 2522 3612 2578 Producit

2004 2635 2076 2690 ad
2113 2635 2228 2689 bace
2257 2641 2314 2689 et
2344 2631 2480 2687 illud
2503 2638 2524 2688 ':
2554 2629 2903 2698 Relinqueris
2931 2626 3074 2690 sola,
3117 2632 3174 2678 et
3225 2622 3278 2676 in
3311 2629 3512 2674 terram
3545 2619 3611 2670 ad

2004 2729 2370 2802 pavimentum
2417 2722 2807 2796 prosterneris,
2863 2719 2916 2774 id
2957 2725 3065 2781 est,
3127 2716 3327 2770 misera
3385 2711 3494 2766 eris
3556 2723 3613 2765 et

2004 2801 2280 2896 proiecta,
2317 2828 2372 2876 et
2401 2819 2550 2874 velut
2578 2816 2729 2872 humi
2770 2811 2987 2882 iacens.
3025 2808 3153 2865 Hart:
3185 2807 3456 2877 siquidem
3494 2801 3612 2858 fere

2000 2925 2086 2973 est
2131 2916 2240 2969 vita
2287 2926 2478 2969 eorum
2524 2908 2617 2979 qui
2660 2904 2999 2975 captivitate,
3043 2903 3137 2972 qui
3189 2897 3472 2964 azrumnis,
3513 2901 3610 2968 qui

2001 3022 2194 3078 aspera
2227 3016 2286 3061 et
2325 3000 2654 3060 intolerabili
2689 2998 2952 3054 servitute
2983 3001 3325 3065 premuntur.
3361 2991 3458 3046 Est
3509 2989 3611 3060 igi-

2003 3110 2089 3155 tur
2126 3098 2545 3172 gravissimum,
2599 3094 2767 3148 Deum
2799 3087 3103 3151 oﬂ'endere,
3159 3093 3216 3141 et
3265 3083 3432 3139 animi
3488 3082 3612 3153 pul-

2001 3191 2367 3247 cltritudinem
2438 3185 2815 3255 parviducere.
2868 3181 2972 3249 Qui
3045 3178 3194 3234 enim
3257 3176 3491 3248 ignavia:
3549 3189 3612 3230 se

2002 3285 2207 3338 dedunt
2237 3291 2293 3336 et
2328 3277 2562 3349 torpori,
2596 3291 2692 3330 eos
2749 3275 2898 3329 Deus
2940 3271 3089 3327 omni
3131 3277 3326 3324 ornatu
3375 3265 3595 3336 spoliat,

1999 3375 2210 3430 scilicet
2237 3372 2435 3427 mentis
2464 3379 2520 3424 et
2547 3368 2882 3430 intellectus,
2919 3379 2983 3420 ac
3016 3363 3164 3418 omni
3191 3363 3396 3416 virtute
3433 3359 3610 3413 nuda-

1999 3477 2086 3524 tos
2129 3465 2299 3521 tradit
2339 3465 2612 3520 lioStibus.
2667 3461 2743 3516 Ita
2787 3460 3021 3514 dicimus
3057 3457 3274 3526 aliquos
3320 3454 3373 3507 in
3420 3467 3613 3522 repro-

2007 3559 2132 3613 bam
2178 3571 2420 3612 mentem
2457 3563 2511 3608 et
2559 3551 3000 3624 perturbationes
3050 3546 3445 3619 ignominiosus
3499 3557 3613 3600 tra-

1997 3650 2144 3705 ditos
2216 3662 2360 3704 esse.
2433 3645 2568 3699 Dum
2632 3643 2778 3700 enim
2833 3641 2978 3696 Dens
3043 3639 3136 3710 qui
3197 3652 3364 3708 super
3418 3651 3610 3692 omnes

1999 3743 2141 3798 Deus
2164 3751 2270 3807 est,
2308 3755 2408 3795 nos
2444 3741 2641 3794 robore
2679 3734 2952 3806 spirituali
2991 3733 3237 3788 continet
3279 3741 3332 3786 et
3365 3740 3609 3796 coercet,

1999 3836 2299 3891 retinemus
2355 3833 2408 3886 iu
2469 3830 2629 3886 nobis
2697 3825 3044 3899 splendidum
3103 3825 3344 3895 propriae
3401 3835 3612 3878 uatum

1999 3930 2275 3984 decorem.
2308 3924 2404 3980 Sin
2457 3937 2616 3994 opem
2651 3935 2807 3977 suam
2858 3919 3170 3982 subtrahat,
3203 3917 3465 3971 tlenudati
3497 3917 3596 3972 eri-

2000 4039 2122 4079 mus
2149 4022 2404 4078 omnibus
2447 4017 2605 4073 bouis
2653 4016 3060 4082 virtutibusque
3089 4055 3104 4081 ,
3137 4021 3194 4067 et
3232 4013 3441 4082 abjecta
3474 4011 3603 4080 pul-

1998 4116 2342 4179 chritudiue,
2375 4113 2535 4168 [telis
2576 4110 2866 4166 affet-tibus
2898 4108 3343 4171 suceumbemus,
3381 4119 3447 4160 ac
3493 4119 3609 4160 ser.

1999 4207 2214 4262 viemus
2242 4202 2512 4258 hostibus.

2072 4295 2206 4352 Car.
2242 4295 2329 4349 IV.
2376 4293 2541 4347 Vens.
2580 4293 2632 4345 l.
2677 4289 2744 4344 Et
2791 4291 3182 4360 appreltendent
3229 4289 3480 4343 mulieres
3531 4303 3611 4342 ee-

1998 4402 2137 4462 ptem
2172 4403 2334 4441 unum
2381 4387 2580 4446 cirum,
2623 4383 2900 4437 dicentes:
2939 4381 3144 4437 Panem
3191 4392 3434 4436 nostrum
3483 4379 3616 4433 ede-

2000 4500 2146 4547 mus,
2207 4490 2257 4534 et
2311 4477 2630 4534 vestimentis
2707 4478 2902 4530 nostris
2978 4477 3310 4545 aperientur;
3369 4482 3611 4526 tantum-

262 4570 336 4624 τό
371 4571 500 4625 σόν
522 4569 847 4636 κεκλήσθω
867 4570 962 4642 ἐφ’
980 4570 1163 4642 ἡμᾶς,
1195 4571 1386 4642 ἄφελε
1407 4571 1516 4628 τὸν
1540 4573 1890 4644 ὀνειδισμὸν

2011 4579 2148 4632 nodo
2181 4590 2368 4629 nomen
2405 4581 2556 4626 tuum
2597 4585 2757 4640 super
2790 4586 2884 4626 nos
2921 4579 3158 4636 vocetur,
3198 4568 3358 4639 aufer
3382 4568 3618 4622 dedecus

262 4655 471 4729 ἡμῶν.

238 4811 241 4813 _
338 4751 706 4823 Διαπεράνας
738 4745 798 4806 εὖ
835 4751 983 4822 μάλα
1025 4751 1118 4806 τὸν
1146 4751 1327 4822 λόγον,
1363 4756 1458 4809 ἐπί
1496 4773 1560 4826 γε
1592 4758 1713 4824 ταῖς
1755 4759 1889 4811 Ἰου-

261 4841 442 4897 δαίων
473 4841 694 4911 γυναιξὶ
722 4844 844 4906 ταῖς
874 4847 940 4897 ὲκ
967 4843 1184 4915 τρυφῆς
1215 4847 1312 4920 καὶ
1342 4845 1574 4901 πλούτου
1610 4847 1892 4919 βαδιουμέο

263 4952 396 4999 ναις
422 4936 506 4997 εἰς
539 4933 944 5006 αἰχμαλωσίαν,
976 4938 1239 5007 πειρᾶται
1261 4931 1546 5007 δεικνύειν,
1583 4941 1665 4996 ὅτι
1697 4941 1890 4996 κέναν-

263 5027 389 5099 δροι
426 5026 532 5097 μὲν
555 5028 613 5079 αἱ
643 5024 746 5097 τῆς
779 5025 1042 5093 Ἰουδαίας
1065 5029 1404 5100 dimittet/06m
1431 5031 1636 5098 πόλεις,
1673 5031 1889 5086 ἔσονται

262 5120 326 5175 δὲ
385 5119 488 5174 καὶ
535 5121 598 5173 ὲν
651 5119 850 5174 σπάνει
891 5119 1059 5194 πολλῇ
1097 5122 1208 5176 τῶν
1246 5123 1414 5178 πάλαι
1461 5124 1890 5197 μαχιμωτάτων.

269 5213 428 5287 Ἔφη
444 5213 584 5287 γάρ,
606 5214 691 5268 ὅτι
714 5233 734 5266 ι
756 5214 968 5280 Πάντες
989 5218 1038 5271 οί
1060 5215 1339 5288 ίσχύοντες
1359 5217 1516 5288 ὑμῶν
1535 5220 1782 5291 μαχαίρᾳ
1798 5237 1896 5273 πε-

266 5306 526 5362 σοῦνται.
541 5327 560 5362 ι
598 5306 736 5362 Ποία
756 5325 842 5373 τις
862 5302 957 5363 οὖν
978 5301 1054 5362 ὧν
1075 5308 1260 5381 ἐφηνή
1278 5310 1474 5377 δεῖξιςς
1495 5311 1723 5381 εὐφυῶς
1751 5311 1894 5382 ἄγαν

267 5401 371 5455 καὶ
397 5399 640 5465 ἀστείως
663 5401 1074 5474 ἐσκευασμένη.
1101 5404 1288 5475 Νόμου
1310 5405 1420 5478 γάρ
1437 5406 1502 5478 δὴ
1532 5406 1627 5460 τοῦ
1650 5407 1739 5461 διὰ
1760 5409 1893 5462 Μωο

276 5493 420 5558 σέως
448 5492 712 5564 λέγοντος
739 5495 855 5558 τοῖς
888 5495 1026 5561 υἱοῖς
1075 5497 1316 5569 Ἰσραὴλ,
1355 5515 1374 5550 ι
1407 5499 1522 5552 Οὐκ
1547 5499 1700 5554 ἔσται
1727 5500 1785 5554 ἐν
1808 5518 1891 5554 σοι

275 5588 474 5657 ἄγονος
516 5588 643 5642 οὐδὲ
687 5589 902 5660 στείρα·
938 5609 956 5641 ι
997 5592 1057 5644 ὲν
1104 5592 1355 5663 ἐσχάτοις
1382 5592 1710 5666 ὀνειδισμοῖς
1739 5595 1890 5664 παρὰ

278 5683 389 5746 τοῖς
428 5681 719 5745 Ἰουδαίοις
741 5680 1024 5750 λελόγιστο
1051 5683 1108 5738 τδ
1133 5688 1364 5753 γυναῖκα
1396 5685 1470 5760 μὴ
1496 5691 1698 5754 τεκεῖν,
1723 5689 1889 5758 ἤγουν

351 5840 391 5869 ⁸³
425 5841 583 5894 limi.
617 5855 718 5903 \‘ll,
752 5838 834 5894 li.

1997 4676 2258 4722 nostrum.

2070 4757 2302 4812 Pulchre
2361 4753 2477 4823 jam
2533 4751 2794 4808 conclusa
2855 4749 3109 4804 oratione
3177 4750 3245 4804 de
3293 4747 3612 4804 Iudaeorum

1996 4849 2337 4912 mulieribus,
2376 4853 2600 4916 propter
2635 4841 2820 4896 luxum
2850 4851 2906 4896 et
2929 4839 3263 4910 apulentiam
3291 4840 3344 4894 in
3379 4841 3610 4910 captivi-

1998 4951 2166 4996 tatem
2203 4937 2486 5003 venturis,
2537 4933 2838 4990 ostendere
2883 4941 3119 4989 conatur
3196 4931 3400 4988 Iudaea:
3449 4933 3611 4988 urbes

1999 5035 2134 5090 viris
2167 5032 2335 5088 orbas
2363 5042 2673 5092 mansuras,
2715 5024 2833 5080 fore
2866 5025 3034 5080 etiam
3067 5025 3292 5080 multam
3327 5026 3613 5080 hominum

2000 5126 2275 5198 quondam
2321 5119 2813 5177 bellacissimorum
2864 5117 3126 5186 inopiam.
3179 5117 3316 5173 Nam
3350 5119 3612 5173 dixerat:
3648 5179 3652 5184 λ

2007 5239 2027 5275 ι
2065 5219 2270 5276 Omnes
2320 5212 2681 5286 praevalentes
2729 5212 2874 5265 inter
2903 5213 3000 5266 vos
3047 5210 3228 5283 gladio
3262 5223 3541 5268 cori-nent.
3587 5228 3608 5263 ι

1999 5317 2070 5370 At
2100 5330 2222 5384 qua:
2267 5313 2487 5367 tandem
2521 5320 2605 5364 est
2640 5308 2838 5365 borum
2868 5319 2989 5376 quae
3016 5306 3131 5362 dixi
3173 5303 3609 5362 demonstratio?

1999 5407 2171 5464 Valde
2192 5416 2523 5477 opportuna,
2555 5415 2610 5461 et
2662 5405 2800 5460 scite
2845 5401 3118 5459 instituta.
3153 5399 3290 5454 Cum
3321 5399 3465 5453 enim
3519 5396 3607 5449 lex

1999 5517 2097 5572 per
2138 5502 2322 5558 Mosen
2352 5501 2501 5557 dicat
2537 5501 2664 5554 liliis
2704 5497 2867 5554 Israel
2899 5515 2913 5552 :
2944 5513 2964 5551 ι
3005 5491 3124 5551 Non
3158 5491 3264 5548 erit
3302 5491 3354 5544 iu
3386 5497 3440 5541 te
3472 5486 3603 5543 Orba
3645 5495 3649 5508 '

1999 5611 2178 5668 neque
2240 5594 2449 5652 sterilis
2489 5593 2557 5658 ⁸³,
2597 5611 2616 5647 ι
2656 5591 2898 5647 maximo
2933 5586 3134 5662 probro
3175 5583 3405 5638 dabatur
3460 5577 3601 5648 apud

2001 5689 2216 5744 Iuda-os
2261 5687 2543 5744 mulierem
2579 5701 2685 5740 non
2729 5692 2952 5753 parere,
3003 5677 3084 5734 vel
3142 5675 3192 5730 iu
3231 5673 3363 5730 viris
3419 5672 3609 5727 Intueri
