4100 6542
498 355 602 414 197

1526 359 1583 416 S.
1625 359 1900 417 CYRll.Ll
1943 358 2416 416 ALEXANDIUNI
2454 362 2771 420 ARClIlEP.

3664 362 3769 421 1Ξὲ

497 480 588 548 qui
648 478 839 534 liberis
884 487 1162 544 carerent;
1224 480 1405 534 statim
1453 481 1596 536 enim
1657 482 1763 536 illis
1811 482 1981 537 edcta:
2031 489 2076 537 et

2187 480 2378 549 ἄγονον
2402 478 2542 537 εἶναί
2572 500 2693 536 τινα
2721 482 2828 537 τῶν
2863 481 3158 537 τελούντων
3194 480 3252 534 ὸν
3277 480 3554 553 ἀνδράσιν.
3597 480 3772 547 Εὐθέως

497 570 701 625 sterilis
733 570 941 626 macula
970 572 1147 627 inusta
1187 580 1290 628 est.
1328 572 1491 641 Atqui
1520 574 1818 643 spiritualis
1851 574 1966 631 haec
1997 577 2081 631 lex

496 672 638 718 eral.
695 662 950 716 Promisit
1000 665 1145 715 enim
1184 664 1562 719 universorum
1628 666 1770 722 Deus
1828 669 2080 725 Israrlem

500 750 917 821 lntelligihilem,
968 750 1073 805 hoc
1114 761 1219 814 est,
1254 766 1487 809 mentem
1523 756 1686 811 Deum
1719 760 2084 829 contemplan-

501 856 636 906 tem,
660 842 1053 898 infructuosam
1080 858 1186 897 non
1210 843 1325 898 fore
1345 859 1443 900 nec
1457 848 1716 913 sterilem.
1732 851 1827 906 sed
1849 852 2080 908 fertilem

498 934 700 1003 potius,
741 934 916 988 instar
948 934 1163 989 eximite
1203 936 1484 1007 cujusdam
1520 955 1584 994 ac
1617 940 1856 997 fecunda:
1900 954 2079 1000 terret.

499 1026 605 1096 73
656 1024 851 1080 \‘erum
901 1027 1005 1081 hoc
1054 1027 1224 1083 Jndmi
1290 1032 1585 1087 secundum
1646 1049 1864 1089 carnem
1925 1036 2083 1090 intel-

500 1118 760 1187 ligebant.
791 1120 1070 1177 Animales
1095 1124 1298 1192 quippe
1333 1134 1513 1192 erant;
1543 1127 1795 1195 spiritum
1844 1143 1951 1183 non
1986 1130 2080 1184 ha-

502 1209 714 1265 bentes.
744 1211 861 1266 Erit
899 1213 1106 1284 itaque,
1144 1215 1340 1286 inquit,
1374 1225 1524 1272 tanta
1558 1234 1655 1289 per
1692 1220 1968 1289 regionem
2001 1222 2079 1275 ri-

501 1300 690 1356 roru'm
737 1304 970 1371 raritas,
1016 1306 1156 1362 bello
1200 1322 1391 1364 sexum
1442 1320 1732 1378 vastante,
1781 1325 1836 1367 ut
1870 1324 2078 1383 septem

500 1393 779 1461 mulieres,
818 1411 1015 1466 nempe
1049 1400 1269 1466 multae,
1322 1418 1432 1457 uno
1470 1405 1587 1459 viro
1616 1409 1956 1474 apprehenso
1996 1409 2079 1463 di-

498 1491 671 1538 ctura:
701 1485 813 1540 sint
838 1499 855 1541 :
887 1505 905 1539 ι
933 1486 1133 1548 Panem
1158 1503 1402 1547 nostrum
1430 1496 1797 1565 comedemus,
1828 1508 1885 1553 et
1921 1500 2081 1554 resti-

497 1574 603 1630 bus
649 1578 852 1634 nostris
906 1584 1236 1650 operiemur,
1270 1599 1335 1640 ac
1375 1586 1594 1643 nomine
1650 1600 1742 1644 tuo
1796 1605 2076 1659 vocemur,

498 1665 655 1719 aufer
683 1669 918 1725 dedecus
946 1681 1247 1729 nostrum.)
1287 1674 1513 1733 Videsne
1535 1693 1633 1733 eas
1660 1683 1911 1738 orbitatis
1940 1685 2079 1739 infu-

499 1757 663 1810 miam
704 1760 1085 1830 extimescere,
1110 1773 1164 1818 et
1203 1767 1351 1820 orba:
1379 1783 1444 1822 ac
1471 1770 1673 1826 sterilis
1710 1788 1906 1829 nomen
1935 1776 2078 1830 refu-

2183 569 2293 642 γὰρ
2329 574 2513 636 αὐτοῖς
2560 574 2589 624 ὁ
2622 572 2721 643 τῆς
2757 572 2951 640 ἁγόνου
2997 572 3091 625 καὶ
3126 570 3345 642 στείρας
3380 570 3773 641 προσετρίϐετο

2187 663 2397 736 μῶμος.
2427 666 2537 719 Καὶ
2562 665 2931 738 πνευματικὸς
2959 665 3058 736 μὲν
3081 666 3109 717 ό
3135 663 3297 735 νόμος
3327 660 3414 735 ἦν.
3465 663 3764 735 Ἐπηγγέλο

2182 756 2306 811 λετο
2331 758 2439 829 γὰρ
2467 758 2624 813 όίτῶν
2650 759 2787 813 ὅλων
2810 759 2942 822 Θεὸς
2978 759 3060 812 ὅτι
3092 758 3120 811 ὁ
3142 757 3334 829 νοητὸς
3366 756 3598 830 Ἰσραὴλ,
3625 757 3772 812 τοῦτ’

2182 843 2322 913 ἔστι,
2356 847 2479 910 νοῦς
2519 848 2660 919 ὁρῶν
2694 847 2854 912 Θεὸν,
2897 845 2998 899 οὐκ
3023 846 3271 917 ἄκαρπος
3297 845 3473 910 ἔσται,
3513 843 3636 898 οὔτε
3666 845 3774 898 ἁπ-

2183 936 2596 1008 εστειρωμένος,
2622 921 2897 1008 ἔγκαρπος
2919 935 2976 989 δὲ
3003 935 3202 1006 μᾶλλον
3239 936 3334 988 καὶ
3374 935 3447 1006 γῆ
3470 952 3554 999 τις
3583 933 3773 1007 ὥσπερ

2184 1029 2324 1101 καλὴ
2352 1028 2447 1082 καὶ
2472 1028 2769 1100 ἐξαίρετος.
2798 1028 2945 1100 Πλὴν
2986 1027 3168 1082 ἐνόουν
3196 1026 3437 1082 Ἰουδαῖοι
3472 1028 3771 1098 σαρκικῶς,
3820 1030 3825 1033 ⁷

2181 1119 2406 1192 ψυχικοὶ
2433 1120 2542 1192 γὰρ
2562 1115 2725 1191 ἦσαν,
2758 1119 2976 1190 πνεῦμα
3004 1119 3078 1190 μὴ
3094 1118 3329 1190 ἔχοντες.
3361 1121 3550 1172 Ἔσται
3572 1120 3770 1184 τοίνυν,

2182 1212 2370 1282 φησὶν,
2424 1210 2660 1282 τοσαύτη
2709 1211 2903 1274 σπάνις
2946 1211 3193 1282 ἀρρένων
3233 1210 3373 1264 κατὰ
3419 1211 3517 1282 τὴν
3564 1208 3771 1282 χώραν,

2180 1303 2594 1373 δαπανήσαντος
2622 1302 2715 1356 τοῦ
2749 1302 2986 1375 πολέμου
3008 1302 3068 1356 τὸ
3090 1302 3265 1372 γένος,
3298 1303 3374 1366 ὼς
3405 1304 3544 1358 ἑπτὰ
3578 1307 3771 1373 γυναί-

2183 1410 2283 1457 κας
2321 1394 2439 1464 ἦτοι
2468 1393 2666 1458 πολλάς
2701 1395 2819 1458 ἐνὸς
2853 1395 3044 1466 ἀνδρὸς
3075 1394 3538 1465 ἐπιλαμϐάνεσθαι
3562 1396 3656 1449 καὶ
3687 1395 3775 1449 λέ-

2179 1500 2319 1554 γειν’
2359 1504 2378 1537 ι
2430 1484 2534 1539 Τὸν
2568 1487 2731 1557 ἄρτον
2764 1485 2923 1557 ἡμῶν
2970 1485 3278 1557 φαγόμεθα,
3324 1485 3418 1540 καὶ
3452 1486 3513 1539 τὸ
3557 1487 3773 1559 ἱμάτιον

2182 1575 2341 1647 ἡμῶν
2383 1575 2843 1647 περιϐαλούμεθα·
2881 1576 3022 1648 πλὴν
3058 1577 3119 1630 τὸ
3154 1577 3324 1647 ὄνομα
3354 1577 3415 1631 τὸ
3446 1577 3537 1632 σὸν
3567 1578 3770 1650 κεκλή-

2184 1668 2297 1723 σθω
2326 1671 2409 1737 sgf
2446 1671 2614 1741 ἡμᾶς,
2642 1669 2833 1740 ἄφειλε
2872 1674 2964 1724 τὸν
2989 1668 3290 1741 ὀνειδισμὸν
3322 1670 3499 1742 ἡμῶν.
3541 1689 3561 1723 ›
3609 1672 3773 1743 Ὁρᾷς

2182 1762 2330 1826 ὅπως
2351 1761 2581 1817 δεδείασι
2610 1766 2710 1835 τῆς
2739 1764 2960 1829 ἀτοκίας
2983 1763 3075 1817 τὸν
3094 1762 3417 1833 ὀνειδισμὸν,
3458 1764 3552 1818 καὶ
3581 1764 3640 1817 τὸ
3669 1766 3773 1835 τῆς

493 1849 671 1917 gere?
709 1850 988 1908 Accedunt
1031 1857 1180 1911 enim
1214 1875 1319 1913 non
1361 1874 1618 1918 cottsueta
1654 1879 1981 1934 qumrentes,
2023 1880 2076 1923 et

2179 1856 2374 1925 ἀγόνου
2406 1858 2498 1910 καὶ
2528 1858 2747 1928 στείρας
2781 1857 3174 1929 παραιτοῦνται
3210 1856 3381 1925 ὄνομα
3411 1857 3562 1925 λίαν;
3587 1858 3772 1928 Upon»

492 1953 617 2006 qua:
639 1941 808 1997 moris
838 1952 927 1997 est
961 1959 1157 2000 uxores
1182 1962 1211 2000 a
1232 1950 1466 2007 .maritis
1496 1953 1746 2024 accipere
1778 1956 1903 2029 (sibi
1933 1962 2076 2014 enim

496 2029 553 2083 in
587 2030 688 2086 hoc
720 2034 856 2088 satis
876 2038 1323 2106 suppeditaturas
1358 2042 1474 2099 fore
1500 2044 1734 2117 dicunt),
1766 2051 1860 2103 sed
1889 2060 2080 2121 petunt

495 2131 894 2197 tantummodo,
932 2134 1385 2202 quemadmodum
1422 2138 1555 2204 disi,
1583 2151 1639 2196 ut
1674 2144 1894 2197 tollatur
1916 2144 2080 2200 dede-

494 2233 615 2273 cus.
638 2218 831 2290 Specta
855 2238 983 2280 vero
1006 2227 1138 2281 mihi
1159 2228 1319 2297 hujus
1340 2232 1608 2287 sermonis
1630 2233 2075 2302 profunditatem.

497 2306 555 2360 Si
607 2311 753 2364 enim
812 2313 963 2370 dives
1017 2316 1212 2374 luisset
1248 2321 1340 2390 qui
1401 2325 1711 2391 rogabatur,
1762 2327 2076 2396 neutiquam

495 2400 763 2458 dixissent
825 2407 1129 2466 mulieres:
1175 2411 1375 2468 Panem
1436 2427 1680 2471 nostrum
1731 2418 1975 2481 edemus.
2025 2429 2077 2474 et

497 2494 739 2551 vestibus
784 2500 985 2555 nostris
1024 2503 1352 2572 operiemur.
1402 2506 1510 2563 Sed
1566 2510 1822 2578 quoniam
1883 2522 2079 2568 norant

494 2586 586 2652 qui
612 2601 676 2641 es
707 2589 845 2645 bello
887 2594 1090 2648 servati
1126 2605 1254 2650 sunt
1285 2606 1341 2652 et
1370 2599 1454 2653 vix
1491 2599 1814 2669 emiserant,
1844 2605 1911 2659 ad
1948 2604 2072 2659 ulti-

502 2693 644 2733 mam
680 2682 939 2739 recidisse
972 2688 1403 2756 meudicitatem,
1434 2702 1490 2747 et
1536 2694 1587 2747 in
1632 2710 1823 2766 magna
1872 2695 2075 2774 versari

496 2769 740 2838 miseria,
773 2776 1002 2832 omnino
1024 2779 1160 2834 nihil
1190 2793 1481 2855 quaerunt;
1524 2785 1627 2841 hoc
1662 2788 1837 2843 solum
1862 2769 2074 2860 petunt,

494 2871 702 2917 matres
731 2878 854 2919 esse
874 2865 1194 2924 liberorum.
1231 2872 1300 2927 Et
1331 2874 1447 2929 haec
1473 2885 1558 2929 est
1601 2877 1864 2933 hEStorica
1902 2884 2078 2934 oratio

493 2951 779 3009 hactenus.
801 2956 1132 3029 Detorquent
1150 2971 1332 3019 autem
1362 2966 1581 3035 quidam
1604 2970 1787 3024 nescio
1809 2972 2077 3040 quomodo

496 3046 549 3100 id
594 3049 736 3116 quod
769 3053 1111 3121 prepositum
1152 3063 1238 3110 est
1274 3057 1340 3111 ad
1390 3059 1882 3116 considerationem
1924 3062 2079 3130 spiri-

495 3136 720 3205 tualem,
756 3155 862 3196 non
921 3157 1055 3200 sane
1115 3147 1248 3202 satis
1280 3160 1430 3203 recte
1460 3167 1473 3203 :
1511 3150 1710 3221 alioqui
1745 3154 1892 3207 enim
1924 3152 2071 3207 omni
2102 3175 2144 3233 ρ

494 3226 652 3284 laude
688 3231 835 3300 digni
863 3245 1070 3290 essent.
1112 3235 1390 3306 Siquidem
1428 3252 1682 3296 asserunt
1714 3255 1920 3311 septem
1951 3260 2075 3298 mn-

492 3319 654 3376 lieres
698 3334 902 3394 septem
956 3341 1078 3383 esse
1128 3329 1376 3398 spiritus,
1422 3333 1597 3387 virum
1656 3334 1853 3392 deinde
1907 3351 2074 3392 unum

494 3413 797 3470 Christum.
852 3417 987 3472 Tum
1035 3420 1234 3477 decoro
1284 3437 1474 3491 parum
1518 3427 1832 3493 observato,
1864 3439 2074 3497 septem

489 3511 721 3579 spiritus
749 3512 902 3566 aiunt
929 3515 981 3567 ei
1014 3513 1199 3571 dicere
1223 3533 1238 3571 :
1267 3517 1435 3572 Aufer
1461 3519 1697 3575 dedecus
1727 3531 1992 3590 nostrum,
2022 3530 2077 3577 et

489 3618 688 3671 pauent
734 3615 979 3660 nostrum
1014 3609 1259 3676 edemus,
1285 3621 1337 3667 et
1369 3613 1608 3670 vestibus
1636 3615 1838 3671 nostris
1865 3617 2077 3686 Operie-

493 3711 635 3749 mur.
670 3695 994 3769 Quanquam
1032 3714 1131 3755 cur
1168 3703 1347 3771 potius
1387 3720 1493 3758 non
1533 3706 1845 3772 dicendum,
1869 3717 2074 3775 septem

492 3788 745 3845 mulieres
772 3791 972 3848 multas
1014 3809 1138 3850 esse
1170 3797 1402 3863 animas,
1436 3814 1556 3868 qua:
1592 3809 1646 3854 et
1687 3798 1963 3856 Christum
1992 3816 2077 3856 re-

491 3890 758 3949 ceperunt
809 3897 908 3954 per
956 3886 1157 3951 lidem,
1188 3904 1306 3957 quin
1358 3890 1533 3958 ipsum
1575 3901 1634 3945 ut
1685 3905 1878 3960 panem
1924 3902 1979 3947 et
2016 3903 2072 3947 ut

495 3983 703 4028 vestem
736 3976 930 4032 salutis
962 3989 1231 4047 quaerunt,
1265 3990 1317 4036 et
1348 3983 1417 4037 ab
1447 3982 1562 4053 ipso
1586 3982 1820 4037 fructum
1853 3986 2076 4054 petunt?

492 4063 621 4118 'l'ale
637 4066 779 4120 enim
795 4067 923 4137 quid
948 4069 1110 4122 etiam
1130 4069 1321 4127 beatus
1347 4072 1517 4128 David
1534 4072 1727 4127 extulit
1742 4073 1809 4128 de
1827 4075 2073 4131 onmium

493 4154 787 4213 Servatore
815 4158 1035 4215 Christo
1067 4180 1080 4216 :
1115 4181 1133 4213 ι
1165 4164 1264 4229 Qui
1300 4163 1549 4218 habitare
1584 4165 1712 4220 facit
1743 4167 1981 4222 sterilem
2020 4168 2072 4223 in

487 4250 651 4304 domo
684 4260 913 4307 matrem
954 4264 1174 4325 pioptcr
1212 4256 1352 4311 tilios
1402 4255 1673 4312 laetantem
1703 4259 1766 4313 “.
1808 4280 1827 4313 ι
1868 4259 2074 4316 Dicitur

488 4355 617 4395 vero
640 4343 885 4398 sterilem
913 4346 1211 4413 parituram
1239 4356 1469 4417 septem,
1486 4348 1539 4403 id
1564 4359 1651 4404 est
1676 4353 1863 4406 multa.
1902 4351 2072 4409 Varia:

489 4441 619 4487 sunt
647 4448 880 4505 namque
906 4437 1152 4504 virtutes,
1174 4452 1285 4493 non
1307 4454 1432 4502 una,
1461 4440 1570 4495 imo
1600 4442 1801 4509 innitar,
1840 4459 2069 4513 quarum

486 4536 693 4582 matres
722 4536 850 4583 sunt
876 4528 1070 4585 anima:
1098 4544 1219 4599 qua
1247 4539 1431 4584 amant
1462 4529 1650 4586 Deum.

562 4783 794 4852 \’ens.2,
809 4786 864 4842 '5.
892 4785 989 4841 Die
1015 4804 1132 4842 vero
1151 4779 1243 4842 illo
1274 4788 1562 4859 splendebit
1590 4790 1726 4845 Deus
1760 4793 1813 4847 in
1849 4794 2073 4848 consilia

489 4893 607 4932 cum
631 4879 801 4949 gloria
816 4896 975 4949 super
996 4894 1190 4935 terram
1220 4881 1290 4934 ad
1312 4882 1656 4937 exattandum
1686 4894 1736 4938 et
1770 4885 2071 4957 gloriﬁcnn:

489 4973 616 5025 dum
650 4973 913 5028 residuum
958 4971 1152 5026 Israel.
1185 4969 1254 5025 Et
1290 4975 1411 5041 erit,
1439 4977 1579 5046 quod
1628 4975 1881 5046 reliquum
1909 4977 2068 5045 fuerit

486 5061 541 5115 in
584 5059 736 5127 Sion,
771 5075 820 5119 et
869 5064 1006 5134 quod
1053 5065 1360 5119 remanserit
1409 5065 1464 5118 in
1510 5063 1810 5120 Jerusalem
1840 5081 1859 5120 :
1896 5071 2067 5123 sancti

487 5155 810 5211 secabantur
836 5171 1013 5210 omnes
1046 5158 1135 5225 qui
1173 5160 1339 5213 vocati
1368 5168 1489 5212 sunt
1534 5160 1602 5212 ad
1635 5163 1791 5214 vitam
1822 5161 1873 5215 in
1899 5161 2063 5217 Jeru-

484 5249 675 5308 salem.

558 5342 668 5415 74
721 5343 859 5410 Quia
903 5346 1179 5415 ambigunt
1241 5349 1459 5418 quidam
1528 5368 1765 5422 quonam
1825 5364 2068 5424 tempore

487 5436 602 5490 hinc
658 5450 779 5505 quin
824 5434 893 5489 de
940 5434 1246 5496 Judmorum
1309 5444 1628 5502 mulieribus
1687 5447 1802 5503 sive
1847 5449 1914 5503 de
1955 5458 2065 5504 tota

2178 1948 2431 2020 ἔρχονται
2460 1949 2569 2020 γὰρ
2607 1949 2669 2002 οὐ
2695 1948 2764 2004 τὰ
2792 1949 2998 2021 συνήθη
3032 1947 3342 2020 ζητοῦντες,
3375 1949 3468 2003 καὶ
3500 1950 3597 2003 ὅσα
3618 1949 3775 2035 δέχεέ

2181 2041 2308 2095 σθαι
2344 2042 2560 2111 γυναιξὶ
2592 2043 2743 2114 παρὰ
2789 2041 2898 2095 τῶν
2942 2042 3333 2097 συνοικούντων
3372 2042 3513 2106 ἔθοςο
3547 2042 3774 2105 ἑαυταῖς

2178 2135 2288 2209 γὰρ
2317 2135 2571 2208 ἀρκέσειν
2614 2137 2695 2199 είς
2723 2134 2881 2190 τοῦτό
2922 2153 3106 2206 φασιν,
3143 2136 3354 2190 αἰτοῦσι
3392 2136 3450 2190 δὲ
3482 2136 3663 2207 μόνον,
3692 2135 3773 2198 ὡς

2179 2228 2336 2298 ἔφην,
2375 2227 2469 2281 τοῦ
2507 2227 2829 2299 όνειδισμοῢ’
2857 2230 2956 2300 τὴν
2989 2229 3298 2300 ἀφαίρεσιν.
3336 2227 3529 2298 Ἀθρει
3571 2227 3635 2298 δὴ
3675 2223 3773 2282 οὖν

2178 2319 2273 2373 τοῦ
2295 2319 2455 2388 λόγου
2489 2319 2549 2373 τὸ
2583 2317 2765 2390 βάθος.
2797 2320 2861 2373 Εἰ
2896 2318 2994 2390 μὲν
3019 2319 3124 2390 γὰρ
3156 2318 3409 2382 πλούσιος
3432 2314 3503 2390 ἦν
3536 2320 3564 2372 ό
3591 2335 3777 2388 παρα-

2180 2411 2539 2483 καλούμενος,
2577 2412 2676 2465 οὐκ
2716 2411 2782 2465 ἂν
2816 2411 3023 2481 ἔφασαν
3063 2413 3122 2464 αἱ
3150 2413 3426 2480 γυναῖκες·
3469 2409 3572 2463 Τὸν
3604 2410 3773 2481 ἄρτον

2180 2502 2336 2575 ἡμῶν
2392 2500 2717 2572 φαγόμεθα,
2771 2502 2867 2554 καὶ
2930 2500 2991 2555 τὸ
3053 2501 3265 2572 ἱμάτιον
3321 2500 3479 2571 ήμῶν
3535 2498 3771 2570 περιϐα-

2180 2592 2441 2664 λούμεθα.
2477 2592 2696 2663 Ἐπειδὴ
2719 2591 2777 2646 δὲ
2807 2592 2956 2647 ἴσασι
2978 2591 3103 2655 τοὺς
3124 2593 3188 2644 ὲκ
3215 2589 3306 2643 τοῦ
3331 2590 3567 2661 πολέμου
3596 2605 3771 2643 σεσω-

2182 2683 2415 2754 σμένους
2460 2683 2555 2737 καὶ
2595 2682 2957 2751 διαφυγόντας
2987 2682 3140 2753 μόλις
3172 2683 3229 2735 ἐν
3253 2681 3460 2753 ἐσχάτῃ
3501 2681 3769 2744 πεσόντας

2182 2776 2448 2847 πτωχείᾳ,
2493 2774 2589 2828 κα.)⁸
2640 2773 2839 2845 πολλὴν
2896 2773 3116 2844 ἔχοντας
3168 2773 3483 2843 ἀθλιότητα,
3541 2771 3769 2843 ζητοῦσι

2183 2870 2281 2940 μὲν
2305 2868 2436 2939 παρ’
2459 2868 2638 2921 αὐτῶν
2660 2866 2940 2931 παντελῶς
2967 2866 3142 2932 οὐδὲν,
3167 2865 3379 2920 αἰτοῦσι
3413 2865 3468 2919 δὲ
3519 2865 3680 2934 μόνον
3706 2866 3771 2919 τὸ

2177 2962 2384 3016 τέκνων
2413 2960 2668 3030 γενέσθαι
2701 2959 2956 3031 μητέρες.
2984 2960 3095 3013 Καὶ
3119 2962 3146 3013 ό
3179 2959 3279 3030 μὲν
3308 2957 3466 3027 λόγος
3488 2957 3588 3029 τῆς
3619 2959 3767 3011 ιστο-

2182 3053 2303 3125 ρίας
2325 3056 2382 3107 ὲν
2406 3052 2641 3115 τούτοις.
2676 3051 3097 3122 Ἀποκομίζουσι
3123 3050 3178 3104 δὲ
3208 3049 3268 3104 τὸ
3300 3051 3660 3122 προκείμενον
3684 3052 3768 3115 είς

2179 3146 2410 3218 θεωρίαν
2434 3143 2832 3216 πνευματικὴν,
2851 3144 2951 3197 οὐκ
2980 3139 3076 3196 οἷδ’
3104 3144 3274 3207 ὅπως,
3304 3143 3445 3207 τινὲς
3475 3144 3534 3195 οὐ
3560 3141 3769 3214 σφόδρα

2177 3238 2459 3302 ποιοῦντες
2505 3235 2700 3308 ὀρθῶςο
2750 3235 2784 3307 ἢ
2836 3235 2945 3307 γάρ
2998 3234 3063 3289 ἂν
3117 3234 3338 3288 ἐπαίνου
3382 3233 3579 3299 παντὸς
3624 3229 3769 3305 ἦσαν

2175 3331 2336 3399 ἄξιοι.
2370 3330 2509 3383 Φασὶ
2539 3328 2649 3400 γὰρ
2686 3323 2828 3382 εἶναι
2865 3326 3005 3381 ἑπτὰ
3046 3327 3147 3390 τὰς
3189 3328 3473 3394 γυναῖκας,
3512 3325 3578 3379 τὰ
3622 3324 3770 3380 ἑπτὰ

2177 3423 2482 3494 πνεύματα·
2514 3421 2799 3493 ἄνθρωπόν
2829 3438 2894 3490 γε
2941 3421 3045 3492 μὴν
3074 3421 3171 3474 ἕνα
3208 3419 3298 3474 τὸν
3336 3420 3588 3492 Χριστόν.
3630 3416 3770 3474 Εἶτα

2176 3515 2270 3570 τοῦ
2313 3516 2613 3587 πρέποντος
2652 3514 2811 3583 ὀλίγα
2842 3516 3287 3587 πεφροντικότες,
3322 3514 3389 3569 τὰ
3431 3515 3571 3570 ἑπτὰ
3599 3513 3769 3569 πνεύ-

2179 3608 2328 3678 ματά
2354 3626 2487 3678 φασι
2512 3608 2690 3675 λέγειν
2714 3606 2905 3671 οὕτως·
2927 3597 3126 3677 ’Ᾱφελε
3143 3608 3237 3662 τὸν
3259 3607 3559 3678 ὀνειδισμὸν
3583 3605 3770 3680 ἡμῶν,

2178 3702 2272 3755 καὶ
2301 3702 2392 3756 τὸν
2432 3703 2596 3774 ἄρτον
2625 3702 2786 3773 ἡμῶν
2817 3701 3124 3773 φαγόμεθα,
3157 3702 3253 3755 καὶ
3284 3702 3353 3757 τὰ
3383 3703 3573 3774 ἱμάτια
3609 3699 3771 3773 ἡμῶν

2177 3793 2639 3866 περιϐαλούμεθα.
2674 3795 2867 3849 Καίτοι
2905 3794 3021 3858 πῶς
3052 3794 3154 3847 οὐκ
3182 3794 3403 3865 ἄμεινον
3427 3794 3639 3856 εἰπεῖν,
3664 3796 3769 3856 τάς

2176 3886 2318 3940 ἑπτὰ
2338 3889 2604 3955 γυναῖκας
2630 3887 2828 3950 πολλὰς
2854 3881 2994 3941 εἶναι
3014 3887 3210 3957 ψυχας,
3241 3887 3298 3941 αἲ
3322 3886 3415 3940 καὶ
3436 3884 3771 3940 ὲπελάῦοντο

2175 3977 2263 4030 διὰ
2297 3977 2532 4042 πίστεως
2576 3978 2672 4032 τοῦ
2703 3978 2963 4050 Χριστοῦ,
2999 3978 3162 4032 αὑτὸν
3191 3978 3267 4044 ὡς
3304 3977 3479 4050 ἄρτον-
3500 3976 3767 4049 ζητοῦσαι

2177 4069 2271 4121 καὶ
2289 4068 2364 4131 ὡς
2390 4069 2604 4139 ἱμάτιον
2636 4070 2929 4141 σωτηρίου,
2956 4069 3051 4123 καὶ
3072 4069 3161 4123 τὸν
3186 4070 3280 4123 ἀπ’
3306 4067 3471 4123 αὐτοῦ
3501 4065 3768 4139 ζητοῦσαι

2176 4162 2406 4231 καρπόν.
2451 4163 2704 4217 Τοιοῦτον
2729 4162 2839 4235 γάρ
2864 4181 2918 4216 τι
2959 4164 3053 4217 καὶ
3091 4165 3118 4216 ὁ
3149 4162 3419 4235 μακάριος
3458 4160 3563 4232 ἐφη
3597 4158 3767 4214 Δαϐὶδ

2176 4253 2306 4321 περὶ
2332 4252 2426 4307 τοῦ
2463 4256 2681 4309 πάντων
2709 4255 2961 4324 Σωτῆρος
2992 4254 3253 4326 Χριστοῦ·
3285 4274 3303 4307 ι
3348 4253 3405 4309 '0
3437 4248 3768 4315 κατοικίζων

2175 4342 2395 4415 στεῖραν
2443 4346 2500 4397 ὲν
2542 4343 2673 4415 οἴκῳ
2727 4332 2951 4415 μητέρα
2983 4344 3189 4398 τέκνων
3234 4343 3688 4414 εὐφραινομένην.
3738 4359 3767 4411 ιν

2174 4434 2406 4506 Εἴρηται
2466 4436 2522 4488 δὲ
2585 4436 2679 4489 καὶ
2747 4437 2936 4507 στείρα
2992 4440 3177 4503 ,τεκεῖν
3227 4437 3390 4502 ἑπτὰ,
3449 4435 3594 4488 τοῦτ’
3649 4434 3766 4488 ἔστι

2103 4527 2152 4586 D
2180 4524 2367 4578 πολλά.
2431 4525 2688 4597 Διάφοροι
2757 4527 2866 4597 γὰρ
2920 4527 3132 4599 ἀρεταὶ,
3198 4527 3293 4580 καὶ
3340 4526 3402 4579 οὐ
3459 4525 3556 4597 μία
3621 4523 3760 4596 μᾶ).-

2181 4616 2300 4681 λον,
2361 4616 2497 4669 ἀλλὰ
2565 4612 2879 4682 πολλαὶ,ὧν
2936 4621 3045 4672 εἰσι
3109 4618 3345 4689 μητέρες
3382 4619 3465 4713 ⁵αί
3525 4616 3764 4686 φιλόθεοι

2224 4705 2373 4761 υγαί.

2224 4724 2272 4757 υκ
2295 4705 2373 4761 αἱ.
3384 4705 3396 4713 ⁷

2177 4705 2219 4774 ψ
2255 4725 2338 4869 ξ’τῖ
2364 4799 2445 4873 δὲ,
2461 4802 2648 4871 ἡμέρᾳ
2669 4802 2872 4872 ἐκείνῃ
2899 4803 3226 4873 ἐπιλάμψει
3247 4806 3279 4859 ὁ
3312 4804 3454 4869 Θεὸς
3473 4800 3763 4871 ἐνβουλῆ

2171 4895 2323 4966 μετὰ
2352 4896 2539 4963 δόξης
2567 4895 2665 4950 ἐπὶ
2696 4896 2830 4965 γῆς,
2860 4897 2965 4951 τοῦ
2998 4894 3237 4965 ὑψῶσαι
3267 4897 3367 4951 καὶ
3394 4895 3653 4961 δοξάσαι
3692 4895 3761 4948 τὸ

2176 4989 2574 5058 καταλειφθὲν
2610 4987 2718 5043 τοῦ
2757 4987 3012 5055 Ἰσραήλ.
3063 4987 3174 5043 Καὶ
3207 4990 3380 5043 ἐσται
3410 4986 3478 5040 τὸ
3516 4990 3762 5042 ﬁnale;-

2172 5080 2326 5151 φθὲν
2373 5082 2443 5134 ἐν
2485 5079 2658 5146 Σιὼν,
2694 5078 2791 5133 καὶ
2820 5078 2884 5132 τὸ
2915 5077 3315 5145 καταλειφθὲν
3350 5078 3420 5130 ἐν
3461 5077 3762 5143 Ἰερουσα-

2171 5173 2296 5241 λήμ
2329 5190 2340 5204 ·
2392 5172 2548 5241 ἅγιοι
2600 5169 3014 5238 κληθήσονται
3068 5168 3292 5232 πάντες
3333 5170 3385 5220 cl
3434 5166 3762 5234 κληθέντες

2172 5269 2261 5333 εις
2289 5265 2441 5334 ζωὴν
2466 5266 2535 5319 ἐν
2574 5262 2989 5333 Ἰερουσαλήμ.

2260 5356 2670 5421 Ἐνδοιαζόντων
2703 5354 2862 5407 τινῶν
2892 5352 3035 5407 κατὰ
3080 5352 3233 5404 ποῖον
3278 5349 3430 5402 ἔσται
3464 5348 3653 5417 καιρὸν
3690 5347 3761 5400 τὰ

2174 5452 2266 5505 ὲπί
2296 5468 2359 5520 γε
2387 5452 2505 5513 ταῖς
2548 5448 2656 5502 τῶν
2687 5445 2954 5500 Ἰουδαίων
2988 5443 3253 5514 γυναιξὶν,
3293 5443 3412 5513 ἦτοι
3440 5442 3621 5510 πάσης
3648 5442 3752 5493 ati-

485 5543 673 5582 eorum
713 5532 931 5599 regione
978 5548 1074 5601 per
1103 5552 1291 5615 vpeem
1336 5542 1611 5609 progiheta:
1646 5544 1901 5614 praedicta
1937 5554 2064 5599 sunt

2177 5542 2281 5597 τῶν
2332 5544 2430 5614 τῆς
2477 5540 2662 5613 χώρας
2700 5537 3220 5612 προανηγορευμένα
3251 5534 3342 5589 διὰ
3370 5535 3468 5605 τῆς
3501 5532 3594 5585 τοῦ
3622 5546 3758 5601 προ-

485 5620 760 5685 evenient,
791 5629 974 5676 utrum
1002 5634 1126 5683 ante
1156 5628 1237 5684 vel
1254 5640 1376 5700 post
1400 5631 1706 5691 Serratoris
1735 5636 2058 5693 adventum:

557 5780 602 5812 ἰ
636 5773 773 5831 l‘sal.
807 5792 940 5839 ειη.
976 5782 1032 5836 9.

2173 5637 2345 5706 φήτου
2380 5635 2583 5705 ψωνῆς,
2621 5633 2823 5703 πότερα
2852 5632 2958 5704 πρὸ
2995 5632 3092 5703 τῆς
3123 5630 3217 5684 τοῦ
3267 5629 3521 5699 Σωτῆρος
3565 5624 3756 5694 ὶπιδηο
