4100 6484
561 313 655 368 151

1597 312 1655 365 S.
1698 309 1978 366 CYRile
2019 309 2496 368 ALEXANDRINI
2536 315 2859 372 ARCHIEP.

3733 322 3829 380 ιδι

558 434 749 498 salem,
779 407 833 487 et
873 407 1222 487 ornabantur
1275 428 1469 500 gloria.
1506 438 1559 484 et
1591 429 1693 486 hoc
1723 441 1780 486 et
1832 432 1886 486 in
1931 431 2130 487 cmlestl

2258 432 2668 504 Ὑοι-ωθήσονται
2716 433 2881 489 πάλιν
2907 435 2955 488 oi
2992 432 3102 488 uio't
3132 432 3347 505 Ἰσραήλ
3368 449 3379 461 °
3416 433 3829 509 δοξασθήσονται

559 527 702 579 libro
753 524 986 579 describi
1023 522 1544 588 merebuntur,licet
1607 523 1942 592 impietatem
2000 525 2143 580 haud

554 617 903 672 mediocriter
939 615 1306 678 exercuerim,
1344 614 1639 684 prophetas
1663 615 1986 680 occiderint,
2022 617 2144 670 mis-

555 724 648 761 sos
693 707 961 777 lapidibus
1009 708 1318 772 obruerint,
1360 710 1534 779 ipsum
1581 709 1800 762 dentom
1857 707 2142 764 Christum

556 801 714 854 tnorti
764 799 1110 865 tradiderint,
1136 815 1436 869 eorumque
1494 817 1688 854 manus
1749 801 2013 870 sanguine
2057 817 2144 856 re—

552 892 934 945 dnndaverinl.
973 891 1112 958 Quid
1155 893 1319 960 igitur
1359 893 1664 962 propheta?
1695 911 1712 943 ι
1741 893 1895 946 Eluct
1955 893 2141 946 Domi-

554 997 673 1046 nus,
731 983 928 1052 inquit,
986 985 1176 1038 sordes
1227 985 1460 1038 filiorum
1525 995 1580 1038 et
1631 985 1864 1038 filiarum
1903 985 2144 1050 Sion,et

548 1076 874 1144 sanguinem
933 1077 1314 1146 expurgabite
1349 1077 1528 1132 medio
1578 1093 1790 1140 eorum,
1830 1077 1882 1131 in
1945 1078 2140 1145 Spiritu

545 1165 732 1234 judicii
791 1175 847 1220 et
893 1167 1084 1234 Spiritu
1139 1167 1422 1221 ardoris.»
1461 1168 1811 1235 Deliqnerunt
1869 1167 2139 1237 siquidem

550 1255 1516 1328 citra'controversiant,justificavit
1546 1274 1677 1312 vero
1721 1273 1912 1313 omnes
1968 1260 2140 1328 gratia

551 1367 649 1422 per
704 1352 1009 1413 Christum,
1047 1353 1399 1421 ipsorumque
1457 1350 1868 1406 interfectorum
1920 1361 2139 1421 peccata

550 1443 822 1498 oblivione
840 1445 1106 1513 sepelivit.
1147 1443 1410 1497 Nimirum
1433 1453 1486 1498 et
1507 1444 1722 1498 divinus
1749 1443 2138 1499 PetrnsJudai-

549 1550 669 1586 rum
698 1535 952 1604 populum
987 1533 1184 1588 affatur
1210 1535 1405 1588 alicubi
1437 1535 1657 1590 dicens:
1691 1553 1708 1586 ι
1751 1533 1855 1590 Vos
1880 1534 2138 1590 Sanctum

546 1634 600 1678 et
627 1622 844 1678 Iustum
874 1625 1136 1692 negastis,
1175 1635 1230 1679 et
1261 1623 1550 1694 flagitaslis
1584 1626 1912 1682 homicidam
1945 1626 2138 1681 donari

547 1718 700 1770 vobis
722 1716 786 1770 ⁵⁸.
829 1734 849 1766 ›
890 1717 1098 1770 Alicnbi
1133 1717 1333 1772 iterum
1365 1735 1377 1771 :
1415 1737 1432 1770 ι
1461 1719 1529 1774 Et
1563 1735 1726 1782 nunc,
1759 1720 1973 1785 fratres,
2015 1718 2139 1774 novi

2245 524 2328 590 δὲ,
2358 526 2451 579 καὶ
2495 526 2596 598 τὴν
2633 526 2747 580 ἀνω
2790 526 3145 598 κερδανοῦσιν
3174 527 3523 600 ἀπογραφὴν,
3551 529 3726 584 καίτοι
3750 531 3832 586 δε-

2245 614 2647 687 δυσσεϐήκασιν
2692 616 2754 668 ού
2802 616 3064 687 μετρίως,
3104 617 3440 670 ἀπεκτόνασι
3468 619 3595 682 τοὺς
3622 622 3830 693 προφή.

2244 723 2366 770 τας,
2416 706 2801 778 ἐλιθοϐόλησαν
2846 709 2972 771 τοὺς
3015 708 3482 779 ἀπεσταλμένους,
3531 713 3626 765 καὶ
3674 713 3830 769 αὑτὸν

2243 797 2302 850 δὲ
2329 796 2686 860 τελευτῶντες
2716 797 3050 868 προσέθεσαν
3073 797 3164 851 τὸν
3199 798 3452 870 Χριστὸν,
3491 801 3585 853 καὶ
3603 803 3829 870 γεγόνει-

2247 903 2332 940 σιν
2359 887 2538 940 αὐτῶν
2567 889 2624 940 αἱ
2652 891 2834 959 χεῖρες
2866 888 3096 959 αἵματος
3128 888 3375 960 πλήρεις.
3408 889 3474 942 Τί
3519 887 3612 945 οὖν
3645 895 3673 946 ό
3702 911 3826 965 προ-

2247 980 2459 1049 φήτης;
2512 979 2862 1044 ιἘκπλυνεί,
2901 998 2919 1031 ι
2986 979 3159 1051 φησὶ,
3214 999 3234 1032 ι
3268 980 3473 1051 Κύριος
3517 981 3610 1035 τὸν
3666 983 3832 1054 ῥύπον

2242 1070 2354 1124 τῶν
2384 1070 2535 1137 υἱῶν,
2563 1072 2656 1125 καὶ
2686 1072 2796 1124 τῶν
2826 1071 3140 1144 θυγατέρων
3175 1072 3333 1134 Σιὼν,
3365 1073 3542 1127 καὶτὸ
3572 1068 3712 1145 αἷμα
3743 1076 3831 1128 ἐκ·

2244 1163 2500 1236 καθαριεῖ
2536 1164 2602 1217 ἐκ
2644 1164 2810 1234 μέσου
2842 1164 3044 1230 αὐτῶν,
3074 1167 3131 1218 ἐν
3174 1165 3447 1237 πνεύματι
3472 1167 3708 1239 κρίσεως
3737 1169 3830 1221 καὶ

2244 1259 2303 1310 ἐν
2355 1257 2626 1328 πνεύματι
2673 1258 2942 1323 καύσεως.
2971 1276 2992 1312 ι
3042 1258 3552 1331 Πεπλημμελήκασι
3591 1261 3688 1331 μὲν
3722 1260 3830 1333 γὰρ

2242 1350 2717 1421 ὁμολογουμένως·
2747 1351 2984 1405 ἐδικαίου
3028 1351 3086 1404 δέ
3130 1353 3339 1416 πάντας
3387 1353 3420 1422 η
3473 1353 3630 1423 χάρις
3673 1353 3706 1423 ἡ
3743 1353 3830 1407 διὰ

2243 1443 2504 1514 Χριστοῦ,
2536 1444 2630 1495 καὶ
2664 1441 2846 1506 αὐτοῖς
2880 1441 2938 1495 δὲ
2968 1445 3082 1506 τοῖς
3125 1444 3515 1513 πεφονευκόσιν
3551 1445 3828 1516 ἐχαρίζετο

2241 1535 2340 1606 τὴν
2373 1534 2702 1606 ἀμνηστίαν.
2737 1535 2848 1589 Καὶ
2897 1535 3027 1604 γοῦν
3065 1539 3095 1589 ό
3142 1535 3428 1601 θεσπέσιος
3470 1539 3676 1609 Πέτρος
3720 1541 3828 1604 τοῖς

2257 1627 2524 1682 Ἰουδαίων
2556 1627 2750 1699 δήμοις
2780 1628 3123 1699 προσεφώνει
3157 1629 3331 1699 λέγων
3352 1671 3368 1697 ,
3413 1632 3545 1686 ποτὲ
3579 1633 3680 1701 μὲν
3701 1672 3714 1696 ,
3747 1633 3827 1686 ὅτι

2250 1741 2268 1772 ι
2291 1721 2482 1791 Ὑμεῖς
2499 1720 2556 1772 δὲ
2571 1720 2662 1774 τὸν
2683 1721 2874 1790 ’Ἀγιον
2893 1722 2986 1775 καὶ
3003 1720 3218 1775 Δίκαιον
3234 1721 3566 1794 ἠρνήσασθε,
3584 1725 3678 1778 καὶ
3693 1724 3828 1795 ᾐτή-

548 1808 694 1876 quod
730 1825 794 1863 ex
827 1809 1130 1877 ignorantia
1164 1809 1395 1876 fecistis,
1449 1811 1611 1864 sicuti
1647 1821 1702 1866 et
1741 1813 2014 1882 principes
2044 1827 2130 1867 ve-

2242 1825 2371 1862 σατε
2405 1809 2576 1880 ἄνδρα
2604 1808 2769 1877 φονέα
2791 1809 3116 1880 χαρισθῆναι
3147 1811 3296 1880 ὑμῖν.
3333 1831 3350 1863 ι
3386 1811 3523 1864 Ποτὲ
3552 1811 3609 1864 δὲ
3635 1811 3824 1865 πάλιν·

546 1903 668 1955 stri.
728 1903 1048 1972 Rcsipiseite
1083 1905 1289 1972 itaque,
1341 1915 1395 1958 et
1429 1904 1735 1974 baptizetur
1764 1906 2134 1976 unusquisque

545 2002 785 2046 vestrum
818 1993 869 2046 in
902 2009 1095 2048 nomen
1126 1994 1337 2048 Domini
1367 1992 1519 2060 Jesu,
1550 2005 1606 2049 et
1627 1996 1903 2063 accipietis
1928 1997 2129 2051 donum

546 2083 724 2137 sancti
751 2084 989 2152 Spiritus
1018 2103 1030 2138 :
1064 2085 1220 2140 vobis
1247 2088 1390 2140 enim
1421 2097 1549 2142 sunt
1579 2089 1965 2156 prOmissiones
1993 2099 2048 2144 et
2079 2091 2135 2145 fi-

545 2175 630 2230 liis
693 2177 896 2232 vestris
928 2177 996 2231 ”.
1023 2196 1041 2230 ι
1076 2177 1437 2247 Quapropter,
1503 2179 1698 2248 inquit,
1754 2183 2130 2238 universorum

545 2267 725 2337 opifex
760 2279 816 2322 et
864 2269 1143 2334 Dominus,
1181 2271 1408 2323 multum
1468 2271 1806 2336 misericors,
1836 2273 1924 2342 qui
1979 2289 2134 2328 man-

544 2360 832 2414 suetudine
874 2370 929 2414 et
970 2359 1256 2414 clementia
1311 2361 1562 2416 humanae
1614 2365 1812 2418 mentis
1855 2365 2132 2433 angustias

544 2454 779 2517 excedit,
817 2453 1051 2520 qui.non
1080 2453 1194 2507 vult
1225 2460 1453 2510 mortem
1481 2455 1788 2522 morientis,
1817 2471 1924 2526 quo
1952 2472 2075 2511 eum
2100 2473 2129 2512 a

539 2543 632 2596 -via
679 2558 773 2597 sua
808 2556 971 2611 prava
1026 2551 1260 2608 avertat,
1288 2551 1344 2598 et
1386 2544 1568 2598 vivat:
1598 2545 1781 2600 abluet
1815 2546 2004 2602 sordes
2035 2561 2129 2602 eo-

536 2651 664 2688 trum
715 2635 808 2704 qui
850 2645 1168 2703 peccarunt,
1208 2643 1264 2689 et
1315 2647 1346 2687 e
1387 2635 1566 2689 medio
1616 2634 1831 2690 illorum
1879 2637 2133 2707 purgabit

536 2728 887 2796 sanguinem,
921 2725 1114 2795 spiritu
1149 2723 1342 2793 judicii
1367 2735 1419 2780 et
1447 2726 1640 2794 spiritu
1670 2727 1902 2780 ardoris.
1929 2724 2128 2784 Jndicii

530 2830 721 2872 autem
751 2817 1002 2886 spiritum
1031 2816 1289 2882 dicimus,
1325 2832 1390 2872 ex
1432 2817 1637 2886 judicio
1661 2830 1809 2874 recto
1839 2829 1892 2874 et
1922 2807 2128 2888 justit'ia

534 2910 712 2964 latum
742 2911 794 2963 in
827 2924 974 2964 nosa
1009 2909 1119 2963 Deo
1148 2909 1439 2963 calculum.
1470 2909 1578 2980 76
1597 2909 1816 2966 Scilicet
1853 2912 1924 2965 ita
1954 2912 2129 2982 inquit

547 3003 809 3057 Servatur
846 3019 860 3057 :
901 3021 920 3054 ι
951 3001 1108 3056 Nunc
1154 3002 1419 3070 judicium
1471 3015 1556 3058 est
1593 3005 1775 3058 saeculi
1808 3004 1963 3072 bnjns
2004 3006 2069 3060 ⁸ο.
2103 3024 2120 3058 ι

532 3092 756 3149 Judicio
787 3094 932 3148 enim
974 3094 1254 3149 contendit
1277 3110 1399 3148 cum
1428 3098 1628 3151 mundo
1658 3097 1759 3151 hoc
1792 3109 1844 3152 ct
1877 3113 2001 3153 cum
2027 3099 2127 3152 Sa-

2248 1919 2266 1954 t
2293 1901 2402 1955 Καὶ
2421 1901 2535 1965 νῦν,
2560 1901 2799 1971 ἀδελφοὶ,
2823 1897 2960 1966 οἶδα,
2993 1901 3136 1956 κατὰ
3162 1903 3386 1970 ἄγνοιαν
3409 1903 3704 1974 ἐπράξατε,
3723 1901 3826 1956 ῶσ-

2240 2009 2342 2064 περ
2367 1993 2460 2046 καὶ
2484 1993 2532 2046 οἱ
2558 1995 2816 2065 ἄρχοντες
2841 1994 3012 2065 ὑμῶν.
3031 1996 3416 2067 Μετανοήσατε
3436 1991 3549 2061 οὖν,
3568 1997 3660 2050 καὶ
3690 1995 3828 2067 βαπ-

2238 2086 2478 2156 τισθήτω
2499 2085 2726 2148 ἕκαστος
2748 2086 2776 2138 ὑ
2785 2086 2902 2157 μῶν
2919 2089 2996 2151 είς
3013 2087 3072 2140 τὸ
3094 2088 3265 2158 ὄνομα
3283 2086 3377 2140 τοῦ
3395 2088 3602 2161 Κυρίου
3626 2087 3826 2159 Ἰησοῦ,

2240 2182 2335 2234 καὶ
2370 2180 2603 2251 λήψεσθε
2633 2180 2732 2252 τὴν
2769 2180 2980 2250 δωρεὰν
3013 2179 3106 2234 τοῦ
3133 2181 3293 2250 ἁγίου
3315 2179 3633 2250 Πνεύματος
3655 2197 3666 2210 ·
3699 2181 3827 2250 ὑμῖν

2239 2274 2349 2345 γάρ
2379 2275 2515 2327 εἰσιν
2546 2275 2603 2327 αἱ
2637 2273 2961 2344 ἐπαγγελίαι
2993 2274 3088 2327 καὶ
3123 2277 3233 2338 τοῖς
3262 2274 3472 2338 τέκνοις
3502 2274 3678 2345 ὑμῶν.
3712 2292 3731 2325 ι
3771 2273 3828 2326 ’0

2238 2369 2441 2436 τοίνυν,
2471 2369 2658 2439 φησὶν,
2690 2372 2719 2423 ὁ
2748 2369 2856 2422 τῶν
2881 2369 3016 2422 ὅλων
3042 2367 3374 2439 δημιουργὸς
3419 2369 3512 2421 καὶ
3535 2367 3774 2438 Κύριος,
3802 2367 3829 2418 ό

2240 2460 2408 2524 πολὺς
2451 2463 2528 2524 είς
2573 2461 2744 2525 ἔλεος,
2772 2464 2800 2515 ό
2828 2461 2996 2515 νικῶν
3025 2461 3324 2532 ήμερότητι
3353 2461 3451 2524 τὰς
3478 2457 3828 2530 ἀνθρωπίνας

2241 2550 2640 2622 μικροψυχίας·
2688 2553 2716 2605 ό
2751 2550 2838 2627 μὴ,
2857 2551 3026 2605 θέλων
3068 2551 3159 2604 τὸν
3194 2551 3422 2604 θάνατον
3460 2548 3553 2603 τοῦ
3586 2547 3828 2617 ἀποθνή-

2240 2658 2479 2706 σκοντος,
2510 2643 2586 2706 ὡς
2617 2641 2678 2695 τὸ
2703 2642 3030 2714 ἐπιστρέψαι
3058 2641 3220 2695 αὐτὸν
3248 2640 3358 2696 ἀπὸ
3379 2640 3478 2707 τῆς
3505 2638 3624 2694 ὁδοῦ
3658 2640 3832 2696 αὑτοῦ

2235 2735 2338 2805 τῆς
2386 2738 2655 2806 πονηρᾶς,
2694 2736 2789 2790 καὶ
2840 2735 2940 2806 ζῇν
2981 2733 3174 2804 αὐτόν,
3206 2733 3470 2788 ἐκπλυνεῖ
3515 2734 3607 2787 τὸν
3651 2733 3834 2804 ῥύπον

2235 2828 2343 2881 τῶν
2375 2828 2796 2900 ἡμαρτηκότων,
2831 2827 3156 2896 ἐκκαθαριεῖ
3178 2827 3234 2881 δὲ
3267 2828 3363 2882 καὶ
3389 2826 3449 2880 τὸ
3473 2822 3612 2897 αἷμα
3639 2828 3706 2878 ἐκ
3741 2824 3828 2896 μέ·

2239 2939 2330 2974 σου
2378 2921 2560 2974 αὐτῶν
2602 2924 2661 2976 ἐν
2707 2921 2978 2993 πνεύματι
3022 2921 3255 2994 κρίσεως
3301 2921 3394 2974 καὶ
3438 2921 3496 2973 ἐν
3549 2918 3826 2987 πνεύματι

2235 3013 2501 3078 καύσεως.
2537 3014 2650 3068 Καὶ
2695 3014 2758 3068 τὸ
2815 3015 2912 3084 μὲν
2963 3015 3062 3084 τῆς
3106 3014 3339 3085 κρίσεως
3369 3012 3588 3083 πνεῦμά
3619 3027 3822 3082 φαμεν.

2231 3107 2332 3176 τὴν
2357 3107 2496 3176 μετά
2517 3107 2751 3180 κρίσεως
2781 3107 2967 3178 ὀρθῆς,
2992 3108 3110 3178 ἦτοι
3131 3106 3497 3176 δικαιοσύνης,
3525 3101 3826 3174 ἐξενεχθεῖο

543 3195 668 3239 lana
699 3201 712 3239 :
757 3195 811 3238 et
849 3186 990 3240 hunc
1015 3186 1238 3255 quidem
1267 3187 1429 3255 ejccit
1465 3197 1520 3241 ut
1553 3189 1748 3258 injuria
1781 3187 2124 3253 aflicientcm,

2234 3167 2332 3250 σαν
2357 3167 2444 3266 ἐφ’
2477 3167 2609 3268 ἡμὶν
2644 3167 2792 3270 παρὰ
2814 3167 3174 3269 Selii—idiom.
3206 3195 3362 3250 Οὕτω
3384 3167 3492 3264 γάρ
3520 3167 3621 3249 πού
3650 3167 3824 3265 (έησιν

536 3278 662 3333 .illos
715 3293 845 3332 vero
899 3277 1223 3346 justilicavit
1257 3295 1287 3334 e
1323 3281 1523 3335 llllllldO
1570 3295 1665 3350 per
1716 3281 1896 3345 fidem,
1929 3279 2127 3347 injuria

541 3369 788 3428 affectos.
816 3371 1048 3426 Ardoris
1080 3387 1209 3427 vero
1234 3373 1485 3443 Spiritum
1521 3373 1775 3437 dicimus,
1810 3373 2037 3441 gratiam
2072 3372 2126 3428 in

538 3471 896 3518 sacrosancto
923 3464 1216 3533 baptismo,
1247 3481 1352 3518 non
1383 3465 1588 3534 absque
1623 3464 1830 3534 Spiritu
1861 3464 2014 3519 nobis
2041 3465 2123 3518 in-

540 3565 878 3623 generatum.
901 3555 1165 3626 Baptizati
1199 3570 1378 3611 autem
1413 3567 1466 3612 et
1489 3558 1580 3611 loti
1621 3573 1829 3623 smnus,
1860 3574 1963 3611 non
1987 3571 2126 3628 aqua

540 3646 706 3713 nuda,
737 3646 832 3700 sed
851 3662 949 3701 nec
978 3650 1158 3703 cinere
1203 3648 1352 3702 vituli
1382 3650 1658 3702 emundati
1689 3665 1898 3713 sumus,
1941 3649 2005 3702 ad
2047 3665 2131 3704 so-

543 3739 648 3792 lam
707 3740 891 3793 carnis
945 3740 1400 3810 purificatiOnem,
1447 3743 1899 3810 quemadmodum
1955 3742 2130 3811 inquit

541 3829 736 3884 beatus
769 3829 970 3884 Paulus
993 3831 1058 3896 θ’,
1097 3833 1191 3886 sed
1228 3832 1434 3901 Spiritu
1474 3843 1685 3895 sancto,
1717 3845 1766 3886 et
1794 3833 1916 3902 igne
1947 3835 2130 3887 divino

539 3937 606 3976 ac
635 3921 982 3989 intelligibili,
1018 3922 1108 3989 qui
1144 3925 1334 3977 sordes
1366 3923 1683 3977 vitiositatis
1721 3923 1955 3977 innubis
1977 3924 2129 3978 dete-

541 4014 613 4066 rit
642 4023 694 4067 et
731 4014 986 4077 absumit,
1013 4021 1066 4067 et
1114 4014 1322 4083 peccati
1365 4014 1797 4082 inquinationem
1851 4015 2024 4083 Ιίιιιιςιι
2073 4027 2126 4073 et

537 4106 809 4175 excoquit.
848 4105 1001 4160 llunc
1036 4106 1344 4161 Servaloris
1387 4107 1678 4160 adventum
1718 4107 1870 4162 nobis
1909 4119 1961 4162 et
1989 4108 2129 4164 alter

451 4237 456 4240 .
537 4214 756 4267 quoque
785 4213 814 4253 e
845 4202 1051 4254 sanctis
1080 4201 1358 4270 pr0phetis
1384 4200 1822 4270 pra-significavit
1853 4202 2124 4274 inquit-ns:

544 4310 562 4343 ι
587 4289 722 4357 Quia
747 4305 875 4345 ecce
904 4292 1214 4362 egredietur
1236 4293 1392 4362 quasi
1433 4292 1574 4362 ignis
1609 4293 1864 4359 fornacis,
1893 4309 1943 4350 et
1971 4296 2124 4367 quasi

539 4385 704 4438 herba
745 4383 1005 4448 Iutorum,
1035 4394 1090 4440 et
1139 4387 1390 4456 purgabit
1437 4385 1722 4444 conﬂaudo
1745 4389 1901 4453 quasi
1929 4405 2126 4461 argen-

541 4485 652 4529 tum
683 4485 737 4528 et
771 4476 922 4544 quasi
954 4491 1148 4530 aurum
1177 4477 1277 4530 θ’.»
1310 4478 1386 4533 De
1412 4475 1616 4533 Iudaeis
1647 4482 1792 4534 enim
1821 4483 1910 4549 qui
1941 4481 2125 4536 inube-

539 4567 760 4621 dicntia!
817 4567 1032 4621 crimini
1090 4565 1275 4622 afﬁnes
1335 4579 1753 4636 permanserunt
1805 4588 1819 4622 :
1872 4570 2128 4626 «Defecit

543 4658 705 4726 follis,
733 4677 751 4710 ι
788 4657 982 4727 inquit,
1010 4674 1037 4710 ο
1063 4657 1131 4713 ab
1173 4659 1330 4728 igne;
1377 4659 1576 4714 defecit
1611 4660 1910 4727 plumbum,
1947 4661 1998 4715 in
2036 4677 2128 4715 va-

541 4767 668 4803 num
707 4749 862 4806 faber
887 4762 1169 4819 argentum
1197 4751 1394 4807 confiat
1429 4771 1442 4807 :
1481 4752 1700 4806 malitia!
1731 4767 1920 4808 eorum
1951 4753 2123 4824 lique-

541 4843 699 4897 facta:
739 4853 903 4911 sunt;
929 4854 1214 4914 argentum
1257 4847 1606 4914 reprobatum
1637 4853 1826 4901 vocate
1850 4861 1966 4913 eos,
1997 4848 2123 4917 quia

541 4937 852 5006 reproliavit
900 4951 997 4991 eos
1051 4936 1315 4992 Dominus
1342 4938 1455 4993 ⁸³.»
1505 4939 1563 4993 In
1609 4939 1767 4995 nobis
1804 4950 1983 4994 autem
2031 4941 2122 5011 qui

541 5028 896 5093 credidimus,
923 5044 1028 5084 non
1071 5029 1124 5083 in
1157 5029 1369 5084 irritum
1399 5030 1666 5086 laboravit
1690 5031 1836 5087 faber
1868 5042 2124 5101 argenta-

543 5123 674 5180 rius,
707 5134 883 5188 neque
927 5121 1124 5176 defecit
1176 5121 1319 5177 follis
1362 5124 1430 5178 ab
1485 5124 1629 5195 igne,
1664 5140 1761 5180 nec
1809 5125 2121 5196 plumbum;

541 5209 750 5277 purgati
789 5210 933 5263 enim
973 5227 1163 5267 sumus
1205 5214 1256 5266 in
1291 5213 1485 5285 Spiritu
1537 5214 1723 5284 judicii
1763 5226 1818 5271 et
1845 5217 1897 5270 in
1933 5217 2124 5286 spiritu

541 5301 776 5356 ardoris.
799 5301 949 5367 Quod
972 5303 1017 5356 si
1042 5304 1161 5372 quis
1189 5305 1316 5360 velit
1337 5307 1517 5361 dicere
1536 5307 1906 5377 purgationem
1936 5309 1986 5363 in
2011 5311 2124 5379 spio

543 5391 645 5443 ritu
667 5392 855 5460 judicii
888 5403 942 5448 et
960 5394 1151 5463 spiritu
1179 5398 1566 5453 combustionis
1592 5399 1645 5454 in
1673 5398 1897 5457 Jndaico
1925 5403 2126 5473 populo

545 5481 739 5536 tactam
766 5498 890 5540 esse
917 5501 1013 5555 per
1045 5486 1386 5545 Calamitatcs
1428 5491 1672 5559 bellicas,
1697 5504 1751 5548 et
1780 5508 1878 5562 per
1901 5509 1963 5549 ea
2001 5509 2123 5564 quae

544 5571 688 5637 passi
724 5585 851 5629 sunt
898 5576 1152 5648 (purgant
1190 5579 1334 5636 enim
1381 5590 1436 5637 et
1463 5585 1759 5640 emundant
1787 5585 2117 5656 punitiones,

2229 3293 2258 3344 ὁ
2291 3291 2516 3361 Σωτήρ·
2568 3308 2586 3342 ι
2618 3289 2733 3344 Νῦν
2777 3289 2958 3360 κρίσις
3009 3289 3126 3343 ἐστὶ
3169 3288 3266 3342 τοῦ
3317 3288 3512 3351 αἰῶνος
3546 3286 3762 3341 τούτου.
3800 3305 3820 3338 ι

2245 3381 2492 3436 Ἐδίκασε
2529 3382 2638 3452 γὰρ
2665 3380 2744 3452 τῷ
2771 3381 2928 3434 αἰῶνι
2957 3379 3134 3451 τούτῳ
3181 3379 3277 3434 καὶ
3322 3379 3401 3451 τῷ
3437 3378 3688 3449 Σατανᾷο
3730 3374 3825 3429 καὶ

2228 3475 2320 3526 τὸν
2371 3473 2470 3543 μὲν
2519 3471 2852 3542 ἐκϐέϐληκεν
2901 3469 2976 3534 ὡς
3021 3469 3349 3541 ἡδικηκότα’
3399 3465 3720 3520 δεδικαίωκε
3767 3463 3826 3517 δὲ

2227 3567 2354 3629 τοὺς
2383 3567 2441 3618 ἐν
2465 3563 2542 3635 τῷ
2573 3564 2762 3636 κόςμῳ
2794 3563 2884 3619 διὰ
2928 3562 3030 3634 τῆς
3062 3562 3296 3624 πίστεως
3329 3560 3404 3623 ὡς
3433 3557 3821 3630 ἠδικημένους.

2229 3658 2493 3721 Καύσεως
2521 3657 2578 3710 δὲ
2611 3656 2830 3727 πνεῦμά
2864 3671 3044 3725 φαμεν
3070 3654 3168 3726 τὴν
3207 3653 3299 3707 ἐπί
3339 3649 3416 3723 τῷ
3448 3649 3588 3722 ἁγίῳ
3618 3647 3824 3720 βαπτί-

2231 3765 2396 3818 σματι
2428 3747 2606 3819 χάριν,
2640 3748 2702 3800 οὐ
2731 3746 2853 3818 δίχα
2884 3746 3199 3816 ΙῙνεύματος
3237 3747 3294 3798 ἐν
3330 3745 3460 3814 ἡμῖν
3500 3741 3824 3812 γινομένην.

2230 3838 2654 3908 Βεϐαπτίτμεθα
2707 3839 2806 3909 μὲν
2861 3839 2974 3908 γὰρ
3026 3839 3127 3889 ούκ
3178 3837 3236 3888 ἐν
3273 3834 3425 3887 ὕδατι
3459 3831 3677 3904 γυμνῷ,
3706 3830 3823 3884 ἀλλ’

2229 3929 2351 3982 οὐδὲ
2385 3929 2565 4000 σποδῷ
2598 3928 2902 3999 δαμάλεως,
2936 3926 3338 4001 ἐρῤαντίσμεθα
3373 3925 3431 3980 δέ
3465 3925 3599 3996 πρὸς
3646 3923 3826 3994 μόνην

2227 4019 2326 4092 τὴν
2352 4022 2448 4092 τῆς
2478 4021 2681 4089 σαρκὸς
2715 4020 3085 4092 καθαρότητα,
3118 4019 3262 4073 καθὰ
3290 4034 3452 4090 φησιν
3481 4019 3510 4070 ὁ
3542 4018 3825 4089 μακάριος

2230 4111 2463 4177 Παῦλος,
2495 4112 2610 4166 ἀλλ’
2638 4113 2695 4166 ἐν
2723 4113 3006 4182 Πνεύματι
3053 4111 3212 4181 ἁγίῳ,
3244 4113 3336 4166 καὶ
3385 4111 3518 4181 πυρὶ⁵
3561 4108 3642 4180 τῷ
3688 4109 3826 4180 θείῳ

2228 4208 2322 4258 καὶ
2350 4205 2542 4276 νοητῷ,
2573 4205 2702 4268 τοὺς
2747 4204 2849 4276 τῆς
2890 4206 2948 4258 ἐν
2985 4207 3119 4276 ἡμῖν
3149 4205 3480 4274 φαυλότητος
3505 4202 3824 4256 δαπανῶντι

2229 4297 2450 4368 ῥύπους,
2471 4297 2675 4351 καὶτὸν
2699 4299 2763 4352 ἐκ
2781 4298 2878 4368 τῆς
2903 4298 3176 4369 ἁμαρτίας
3198 4298 3484 4369 ἐκτήκοντι
3517 4293 3822 4368 μολυσμόν.

2228 4393 2496 4465 Τοιαύτην
2544 4394 2676 4464 ἡμῖν
2722 4393 2819 4447 τοῦ
2871 4393 3118 4464 Σωτῆρος
3145 4392 3244 4464 τὴν
3276 4392 3459 4462 ἄφιξιν
3495 4390 3590 4445 καὶ
3631 4392 3824 4466 ἕτερος

2156 4514 2200 4569 D
2227 4485 2334 4539 τῶν
2402 4485 2576 4552 ἁγίων
2649 4486 2945 4556 προφητῶν
3016 4485 3552 4556 προκαταμεμήνυκε
3600 4484 3822 4555 λέγων·

2231 4578 2386 4630 «Ὅτι
2435 4577 2544 4630 ἰδοὺ
2573 4576 2734 4640 αὐτὸς
2766 4576 3142 4648 εἰσπορεύεται
3172 4577 3247 4640 ὡς
3282 4576 3393 4648 πῦρ
3417 4578 3821 4650 χωνευτηρίου,

2224 4670 2318 4722 καὶ
2345 4667 2421 4731 ὡς
2455 4667 2561 4721 πόα
2590 4666 2920 4733 πλυνόντων,
2957 4669 3052 4722 καὶ
3080 4667 3344 4722 καθιείται
3373 4667 3623 4738 χωνεύων
3645 4669 3728 4732 ὡς
3763 4667 3829 4724 τδ

2223 4758 2484 4830 ἀργύριον
2508 4759 2603 4813 καὶ
2627 4758 2704 4822 ὡς
2728 4759 2788 4812 τὸ
2812 4760 3053 4832 χρυσίον.
3083 4779 3112 4812 »ρ
3131 4761 3263 4831 Περὶ
3291 4761 3389 4830 μὲν
3420 4761 3528 4832 γὰρ
3551 4760 3663 4814 τῶν
3697 4763 3828 4815 Ἰου·

2221 4849 2407 4912 δαίων,
2432 4850 2482 4904 οἳ
2533 4852 2626 4904 καὶ
2673 4855 2784 4915 τοῖς
2827 4854 2928 4922 τῆς
2952 4850 3235 4914 ἀπειθείας
3269 4853 3609 4924 ἐγκλήμασιν
3638 4853 3826 4926 ἔνοχοι

2233 4944 2624 5015 μεμενήκασιν·
2653 4963 2669 4995 ι
2695 4943 2992 5011 Ἐξέλιπε,»
3018 4945 3202 5015 φησὶ,‹
3230 4945 3480 5016 φυσητὴρ
3494 4945 3600 5000 ἀπὸ
3619 4947 3827 5019 πυρὸς,

2229 5033 2443 5100 ἐξέλιπε
2463 5035 2730 5106 μόλιϐδος,
2748 5038 2827 5100 εις
2852 5038 3004 5091 κενὸν
3022 5039 3396 5110 ἀργυροκόπος
3419 5039 3824 5110 ἀργυροκοπεῖ.

2227 5129 2489 5201 Πονηρίαι
2519 5129 2698 5183 αὐτῶν
2734 5131 2835 5184 οὐκ
2864 5131 3136 5201 ἐτάκησαν
3156 5145 3170 5160 ο
3207 5130 3470 5201 ἀργύριον
3495 5130 3793 5188 ἀποδεδοκι
3812 5160 3833 5173 -

2231 5222 2801 5293 μασμένονλκαλέσατε
2832 5223 3049 5287 αὐτοὺς,
3072 5224 3153 5277 ὅτι
3187 5223 3590 5294 ἀπεδοκίμασεν
3611 5216 3826 5288 αὐτοὺς

2229 5312 2452 5384 Κύριος.
2485 5331 2503 5364 ι
2544 5313 2661 5383 Ἐφ’
2689 5316 2822 5385 ἡμῖν
2868 5314 2926 5367 δὲ
2972 5318 3085 5380 τοῖς
3127 5316 3571 5383 πεπιστευκόσιν,
3597 5315 3706 5370 οὐκ
3738 5318 3826 5380 εἰς

2228 5405 2385 5459 κενὸν
2439 5406 2771 5461 κεκοπίακεν
2818 5409 3227 5480 ἀργυροκόπος,
3263 5409 3388 5464 οὔτε
3441 5410 3548 5483 μὴν
3593 5397 3824 5475 ἐξέλιπε

2229 5499 2482 5570 φυσητὴρ
2509 5498 2618 5552 ἀπὸ
2643 5500 2814 5573 πυρὸς
2842 5501 2874 5573 ἢ
2904 5503 3174 5573 μόλιϐδος,
3205 5503 3595 5575 κεκαθάρμεθα
3621 5504 3742 5575 γὰρ
3763 5504 3826 5556 ἐν

2226 5591 2498 5660 πνεύματι
2530 5593 2762 5666 κρίσεως
2788 5593 2882 5648 καὶ
2908 5597 2965 5649 ἐν
2991 5595 3259 5670 πνεύματι
3281 5599 3548 5661 καύσεως.
3575 5597 3640 5652 Εἰ
3669 5595 3734 5650 δὲ
3756 5595 3825 5667 δὴ

613 5725 656 5754 ⁸⁸
687 5728 809 5783 Act.
846 5749 925 5798 nt,
956 5735 1040 5792 14.
1082 5737 1129 5770 ⁸³
1162 5739 1317 5805 ibid.,
1347 5743 1411 5796 l7
1440 5758 1592 5814 seqq.
1631 5743 1846 5800 “Joan.
1870 5747 2088 5842 xn,3l..
2115 5748 2156 5780 “
2181 5746 2345 5805 Hebr.
2371 5765 2446 5820 Ix,
2475 5751 2558 5817 l5,
2593 5751 2678 5807 ll.
2721 5753 2767 5784 θ’
2793 5751 3020 5811 Malacb.
3043 5754 3194 5826 "1,2,
3219 5757 3272 5814 5.
3317 5757 3581 5815 “Jerem.
3610 5720 3817 5824 w,9f9.
