4100 6484
516 330 618 400 155

1535 325 1593 381 S.
1635 321 1910 382 CYRILLI
1953 319 2427 378 ALEXARDRINI
2469 323 2741 381 ACHIEP.

3674 324 3773 378 136

518 446 594 500 ιὶο
618 445 865 513 quaedam
889 452 971 500 est
989 458 1084 500 seu
1102 444 1347 508 litnes,et
1367 441 1717 497 dicendorum
1734 439 2089 512 praescriptio.

2200 441 2399 497 λόντων
2434 444 2462 497 6
2496 444 2708 516 πρῶτος
2739 445 2804 500 ἂν
2830 446 2916 517 εἴη
2947 443 3042 500 τοῦ
3073 442 3435 517 προκειμένου
3475 441 3673 512 στίχος.
3708 437 3774 494 Τί

513 536 654 604 Quid
700 537 847 591 enim
883 544 1105 591 acturus
1129 535 1201 589 sit
1233 535 1520 606 propheta,
1557 534 1838 589 subinmtit
1862 532 2088 587 dicens:

516 627 757 683 Cantabo
801 627 999 683 dilecto
1047 642 1204 682 meo:
1264 628 1318 682 id
1361 634 1442 683 est
1468 668 1484 693 .
1524 627 1764 682 Christo.
1822 624 1916 681 Sic
1946 625 2092 680 enim

518 721 675 772 nobis
725 733 847 774 eum
887 728 943 773 et
970 718 1109 772 Deus
1135 726 1189 773 et
1226 717 1389 773 Pater
1418 718 1738 782 nominavit,
1769 732 1895 773 cum
1922 716 2091 771 dicit:

522 829 542 862 ι
570 811 666 865 llic
688 820 769 865 est
798 809 966 865 Filius
984 824 1135 865 meus
1163 811 1414 872 dilectus,
1445 809 1498 863 in
1523 825 1630 878 quo
1655 808 1941 877 conquievi
1974 807 2040 859 ".
2066 824 2086 858 ι

514 899 763 968 Nunquid
781 915 933 970 ergo,
953 915 986 955 ο
999 902 1280 971 propheta,
1298 901 1409 971 78
1426 909 1572 954 tuam
1592 915 1774 954 vocem
1790 896 2092 953 audiemus?

514 1003 569 1047 et
583 1008 644 1046 ex
664 991 771 1049 tuis
789 992 917 1047 solis
942 993 1357 1061 cogitationibus
1372 992 1533 1047 verba
1552 990 1807 1046 eﬂluunt?
1823 989 1892 1044 At
1907 1000 2091 1057 specta

514 1098 772 1153 quorsum
789 1083 908 1137 σόαι
921 1097 1137 1150 scopus,
1165 1090 1220 1136 et
1245 1080 1373 1151 quid
1394 1082 1697 1150 eloquatur.
1727 1078 1864 1147 Etsi,
1893 1078 2089 1148 inquit,

514 1188 611 1245 per
653 1188 740 1229 me
775 1173 1041 1228 habeatur
1078 1188 1258 1229 sermo
1291 1173 1400 1237 hic,
1434 1189 1539 1228 non
1566 1182 1650 1228 est
1683 1186 1855 1238 meus,
1879 1172 1973 1227 sed
2008 1178 2092 1227 est

516 1262 716 1322 dilecti.
744 1266 1044 1321 Confectus
1078 1274 1162 1319 est
1190 1274 1371 1319 autem
1395 1266 1462 1321 de
1492 1264 1687 1319 dilecto
1718 1265 1885 1318 vinea:
1913 1278 2045 1317 inea:
2070 1279 2087 1317 :

517 1373 639 1423 seu,
675 1367 735 1412 ul.
783 1357 874 1412 alii
922 1357 1250 1426 interpretes
1291 1356 1498 1423 dicunt,
1531 1357 1597 1411 de
1626 1357 1779 1410 vinea
1818 1355 1957 1424 ejus.
1991 1353 2087 1408 Sin

516 1456 695 1503 autem
747 1446 815 1501 de
870 1447 1027 1501 vinea
1083 1461 1202 1500 mea
1241 1446 1477 1511 dixerit,
1517 1459 1621 1498 non
1659 1445 1775 1499 haec
1826 1444 2085 1512 loquitur,

517 1540 661 1610 quod
712 1539 880 1609 ipsius
909 1548 1054 1595 esset
1082 1538 1258 1603 vinea,
1289 1536 1382 1591 sed
1409 1536 1551 1605 quod
1579 1535 1694 1604 ipse
1724 1550 1864 1591 unus
1895 1536 1966 1591 sit
1995 1549 2090 1591 eo-

516 1644 636 1685 rum
685 1630 777 1698 qui
820 1629 871 1681 in
901 1629 1055 1682 vinea
1088 1637 1457 1683 recensentur.
1483 1626 1857 1683 lnvenerimus
1883 1627 2086 1682 etenim

513 1720 806 1788 praphetas
836 1718 1002 1772 etiam
1034 1720 1101 1772 de
1150 1718 1347 1786 populo
1390 1717 1483 1772 Dei
1521 1718 1780 1785 ejusmodi
1816 1718 2084 1774 interdum

2199 532 2308 602 γὰρ
2348 533 2597 604 βούλεται
2623 535 2755 606 δρᾷν
2785 538 2815 590 6
2844 536 3130 607 προφήτης
3152 532 3536 605 ὑποσημαίνει.
3574 531 3772 599 λέγων·

2203 622 2355 695 ’ᾼσω
2385 624 2448 695 δὴ
2477 625 2555 696 τῷ
2579 626 2918 697 ἠγαπημένῳ
2942 643 2960 660 ο
3000 625 3143 680 τοῦτ’
3184 624 3300 679 ἔστι
3335 622 3574 695 Χριστῷ.
3616 622 3776 679 Οὕτω

2198 714 2308 787 γὰρ
2344 716 2477 785 ἡμῖν
2520 715 2681 768 αὐτὸν
2709 717 2803 769 καὶ
2829 718 2859 769 6
2889 715 3021 779 Θεὸς
3055 715 3149 769 καὶ
3177 711 3370 785 Πατὴρ
3399 710 3650 782 ὠνόμαζε
3687 709 3775 765 λέ-

2198 820 2330 873 γων’
2358 823 2378 856 t
2406 800 2572 867 Οὗτός
2594 806 2741 858 ἐστιν
2763 806 2793 858 6
2812 805 2937 869 Υἱός
2964 822 3066 876 μου
3087 806 3116 859 6
3136 804 3443 874 ἀγαπητὸς,
3471 803 3531 855 ὲν
3547 795 3593 869 ᾧ
3614 800 3777 873 ηὐδό-

2198 912 2360 967 κησα.
2395 915 2414 948 ι
2444 891 2569 967 Ἀρ*
2602 893 2714 962 οὖν,
2751 890 2797 950 ὦ
2829 897 3105 968 προφῆτα,
3132 897 3232 966 τῆς
3273 896 3372 967 σῆς
3412 892 3775 962 ὰκουσὼμεϐα

2197 986 2380 1055 φωνῆς
2403 1001 2418 1050 ;
2453 988 2548 1039 καὶ
2574 985 2650 1048 ὡς
2678 988 2743 1039 ὲκ
2782 986 2957 1056 μόνων
2976 986 3089 1061 ,τῶν
3127 986 3235 1039 σῶν
3262 986 3479 1039 ἐννοιῶν
3506 984 3776 1040 ἀναδύου-

2198 1091 2281 1129 σιν
2302 1076 2352 1128 οί
2382 1076 2563 1145 λόγοις
2603 1076 2789 1146 βλέπει
2817 1077 2875 1130 δὲ
2907 1079 3030 1132 ὅποι
3063 1078 3269 1148 φράσον
3302 1078 3402 1148 τῆς
3420 1077 3564 1149 ᾠδῆς
3588 1080 3618 1132 6
3646 1092 3775 1130 σκο-

2196 1168 2318 1231 πός.
2360 1168 2567 1223 Οὐκοῦν
2604 1170 2653 1222 εἰ
2692 1169 2788 1223 καὶ
2813 1170 2880 1223 δι’
2908 1169 3067 1241 ἐμοῦ,
3095 1173 3283 1241 φησιν,
3309 1170 3423 1224 ἀλλ’
3452 1171 3553 1224 οὐκ
3586 1168 3716 1241 ἐμός
3742 1171 3776 1225 ὁ

2193 1259 2370 1328 λόγος,
2401 1258 2512 1313 ἀλλ’
2544 1261 2657 1313 ἔστι
2688 1260 2781 1313 τοῦ
2819 1261 3127 1333 ἀγαπητοῦ
3150 1262 3441 1331 πεποίηται
3473 1261 3530 1315 δὲ
3570 1262 3663 1314 ἐπὶ
3695 1260 3775 1331 τῷ

2194 1350 2462 1422 ἀγαπητῷ
2483 1351 2764 1422 ἀμπελῶνί
2792 1368 2916 1423 μουο
2938 1351 2996 1423 ἦ,
3020 1352 3165 1406 καθὰ
3192 1368 3353 1422 φασιν
3382 1352 3433 1405 οἱ
3460 1352 3636 1423 ἕτεροι
3662 1351 3775 1407 τῶν

2157 1445 2173 1458 ⁶
2195 1442 2566 1513 ἑρμηνευτῶν,
2596 1442 2675 1512 τῷ
2708 1440 2990 1511 ἀμπελῶνι
3013 1441 3197 1496 αὐτοῦ.
3225 1442 3289 1496 Εἰ
3316 1441 3374 1494 δὲ
3401 1442 3466 1514 δὴ
3495 1443 3589 1495 καὶ
3621 1442 3772 1512 λέγοι

2194 1534 2287 1587 ἐπὶ
2312 1534 2389 1604 τῷ
2412 1533 2693 1603 ἀμπελῶνί
2717 1551 2840 1605 μου,
2871 1534 2971 1603 οὐχ
2998 1533 3071 1597 ὡς
3092 1533 3253 1588 αὐτοῦ
3280 1532 3443 1605 τυχὸν
3471 1532 3567 1587 τοῦ
3590 1535 3774 1605 ἀμπε-

2192 1623 2357 1689 λῶνος
2404 1625 2555 1689 ὄντος
2600 1624 2669 1679 τὰ
2706 1626 2885 1680 τοιάδε
2926 1626 3110 1698 φησὶν,
3145 1625 3260 1681 ἀλλ’
3285 1626 3362 1691 ὡς
3389 1627 3648 1699 ὑπάρχων
3688 1623 3774 1694 εἷς

2191 1714 2301 1768 τῶν
2348 1715 2641 1770 τελούντων
2685 1718 2766 1780 εἰς
2802 1717 2894 1770 τὸν
2935 1717 3255 1788 ἀμπελῶνα.
3298 1718 3617 1790 Εὑρήσομεν
3661 1719 3773 1791 γὰρ

512 1808 738 1862 vocibus
794 1808 890 1861 uti.
945 1806 1189 1878 Exempli
1241 1823 1429 1875 causa,
1474 1810 1733 1879 propheta
1785 1807 2085 1866 Jeremias:

2190 1808 2317 1871 τοὺς
2369 1807 2676 1878 προφήτας,
2729 1808 2824 1862 καὶ
2868 1809 2961 1862 ἐπὶ
3011 1807 3105 1861 τοῦ
3156 1808 3285 1862 λαοῦ
3333 1807 3425 1863 τοῦ
3467 1809 3601 1863 Θεοῦ
3650 1812 3775 1874 ταῖς

519 1914 537 1947 ι
579 1896 711 1963 Quis
743 1896 892 1950 dahit
924 1897 1053 1951 mihi
1085 1897 1140 1950 in
1182 1898 1477 1953 solitudine
1516 1900 1783 1969 tugurium
1814 1901 2088 1968 ultimmn,

514 1997 569 2040 et
586 1988 831 2042 deseram
854 1988 1110 2056 populum
1139 2004 1344 2055 meum,
1372 1998 1426 2045 et
1450 1992 1724 2047 discedam
1745 1993 1936 2048 abillis
1958 1994 2043 2048 “?
2064 2014 2085 2048 ι

518 2077 683 2144 Quasi
714 2080 857 2132 enim
883 2095 1020 2133 unus
1055 2081 1184 2135 site
1216 2082 1435 2151 populo,
1473 2082 1725 2152 populum
1760 2099 1914 2139 suum
1937 2086 2087 2150 dicit,

516 2172 781 2240 sanguine
815 2170 1068 2225 nimirum
1096 2181 1149 2226 et
1173 2188 1369 2243 genere
1399 2176 1749 2245 propinquos.
1774 2177 1967 2232 Cantat
1994 2178 2097 2232 ita-

514 2274 621 2326 que
653 2260 915 2328 propheta
954 2260 1196 2327 dilecto;
1232 2261 1436 2316 dictutn
1465 2273 1644 2318 autem
1678 2276 1760 2320 est
1782 2280 1997 2322 carmen
2025 2268 2093 2323 de

515 2347 675 2400 vinea
715 2348 930 2412 dilecta,
980 2349 1031 2403 id
1070 2335 1183 2414 cst,
1214 2351 1453 2406 lsraelis.
1489 2352 1760 2424 Scriptum
1789 2358 1931 2411 enim
1961 2368 2087 2414 est:

521 2453 540 2487 ι
580 2436 751 2492 Vinea
810 2439 1020 2493 Domini
1067 2438 1307 2496 Sabaoth
1359 2444 1520 2499 homo
1546 2442 1704 2513 Juda,
1743 2447 1978 2517 plantula
2009 2451 2089 2505 di-

514 2526 652 2583 lecta
701 2528 762 2586 ".
810 2547 830 2581 ι
872 2530 1007 2597 Quid
1044 2544 1224 2586 autem
1280 2533 1442 2602 hujus
1488 2538 1746 2592 carminis
1786 2547 1936 2594 tenor
1967 2541 2093 2597 velit

515 2622 826 2688 ostendere,
860 2639 924 2676 ex
959 2624 1369 2696 insequentibus
1390 2627 1770 2699 intelligemus.

586 2798 750 2855 Vens.
778 2799 833 2856 Ξ.
880 2799 1040 2856 Vinea
1068 2802 1212 2873 facta
1245 2815 1318 2859 est
1353 2806 1567 2874 dilecto,
1603 2808 1656 2862 in
1679 2824 1863 2878 cornu,
1890 2810 1946 2864 in
1973 2811 2090 2866 loco

512 2891 708 2961 opimo.
737 2892 799 2945 Et
824 2909 993 2958 sepem
1022 2895 1363 2963 circumdedi,
1392 2906 1439 2951 et
1474 2897 1748 2965 oliva/lavi,
1778 2910 1825 2954 et
1855 2901 2091 2967 plantavi

513 2984 664 3036 vitem
724 2981 905 3051 Sorec,
957 2993 1006 3038 et
1051 2987 1307 3054 a'diﬁcari
1351 2990 1543 3043 turrim
1579 2991 1632 3044 in
1678 2994 1847 3046 medio
1876 2995 2010 3063 ejus,
2040 3004 2088 3048 et

517 3073 750 3131 torcular
773 3075 885 3144 [odi
911 3077 964 3130 in
993 3093 1076 3143 ea,
1120 3089 1166 3134 et
1202 3083 1495 3149 exspectavi
1522 3095 1576 3136 ut
1623 3083 1783 3153 [erret
1834 3103 1980 3152 uvas,
2025 3104 2088 3140 ac

516 3165 737 3233 protulit
768 3167 965 3231 spinas.

586 3341 784 3400 lsraele
831 3361 951 3400 cum
1007 3347 1160 3402 vinea
1216 3349 1435 3416 collato,
1473 3354 1714 3422 persistit
1743 3354 1794 3410 in
1825 3369 1888 3411 ea
1923 3368 2092 3412 nicta-

512 3435 701 3505 phora'
732 3451 828 3505 per
874 3446 1040 3491 totam
1071 3440 1396 3497 orationem.
1432 3461 1451 3495 ς
1490 3444 1620 3499 Erat
1657 3446 1820 3515 igitur
1850 3450 2026 3515 vinea,
2067 3468 2086 3502 ι
2132 3467 2139 3473 ·

517 3524 713 3595 inquit,
753 3543 772 3577 ι
836 3527 1055 3595 dilecto,
1087 3529 1139 3582 in
1170 3546 1361 3597 conm,
1401 3533 1452 3586 in
1486 3533 1604 3588 loco
1634 3536 1832 3605 Opinio.
1870 3556 1889 3589 ι
1925 3537 2093 3594 Aiunt

514 3616 789 3670 nonnullis
839 3616 1199 3689 interpretum
1257 3623 1393 3678 satis
1445 3625 1643 3690 videri,
1692 3628 1735 3681 si
1782 3629 2000 3684 dicant:
2034 3630 2089 3684 In

515 3707 633 3762 loco
666 3709 871 3777 opimo,
904 3712 1055 3778 quasi
1104 3727 1271 3767 cornu
1305 3715 1460 3771 nobis
1491 3718 1633 3772 aliud
1662 3720 1913 3789 quiddam
1950 3721 2095 3777 desi-

513 3807 726 3866 gnaret.
771 3797 1057 3856 Nonnullis
1106 3813 1285 3857 autem
1336 3806 1508 3876 placet
1570 3809 1623 3863 in
1681 3824 1850 3864 cornu
1891 3812 2094 3866 intelli-

513 3901 665 3955 gere,
701 3887 856 3956 quasi
909 3890 1002 3943 Dei
1050 3892 1251 3947 virtute
1291 3904 1347 3948 et
1395 3898 1656 3965 potentia.
1700 3897 1834 3953 Nam
1885 3903 2093 3971 accepit

514 3976 678 4032 Israel
742 3986 940 4033 terram
992 3984 1373 4049 promissionis
1430 3987 1851 4056 hmreditariam,
1899 3991 2090 4048 'divina

513 4082 615 4135 ope
651 4069 734 4124 his
763 4069 921 4125 victis
958 4073 1048 4141 qui
1078 4073 1205 4128 olim
1237 4089 1356 4129 eam
1401 4076 1796 4135 inhabitarunt.
1826 4081 2089 4149 Quocirca

516 4160 812 4231 alloquitur
864 4163 1037 4233 ipsum
1096 4166 1151 4220 in
1189 4168 1606 4239 quadragesimo
1636 4174 1797 4227 tertio
1830 4176 2039 4245 psalmo
2075 4198 2087 4234 :

518 4272 536 4305 ι
577 4253 630 4308 1η
691 4263 742 4309 te
788 4256 1040 4313 inimicos
1072 4268 1287 4316 nostros
1318 4277 1488 4317 cornu
1525 4266 1927 4334 ventilabimus,
1954 4278 2010 4324 et
2034 4270 2089 4325 in

519 4348 738 4403 nomine
775 4357 864 4404 tuo
891 4364 1210 4421 spernemus
1240 4354 1586 4426 insurgentes
1618 4368 1806 4414 contra
1840 4377 1937 4418 nos
1962 4362 2029 4417 ⁸⁸.
2063 4382 2084 4416 ι

514 4437 760 4494 Sumitur
805 4456 967 4509 porro
1000 4459 1167 4498 cornu
1220 4446 1272 4500 in
1305 4448 1482 4502 divina
1516 4450 1792 4519 Scriptura
1817 4469 1914 4522 pro
1936 4453 2091 4509 hirti-

515 4532 697 4585 tudine
725 4538 779 4586 et
830 4534 1091 4601 potentia,
1128 4545 1183 4589 et
1216 4535 1385 4604 gloria
1420 4542 1586 4609 regia.
1621 4539 1774 4596 Licet
1801 4546 1965 4613 igitur
1992 4560 2091 4598 au-

513 4622 631 4675 dire
682 4621 896 4677 beatum
947 4624 1158 4693 David,
1206 4627 1476 4682 interdum
1528 4630 1795 4687 dicentem
1837 4634 1998 4688 veluti
2033 4635 2089 4689 in

515 4729 746 4783 persona
776 4714 906 4785 justi
939 4717 1178 4786 cujusvis
1208 4737 1222 4773 :
1263 4739 1282 4772 ‹
1317 4720 1590 4777 Evchetur
1614 4724 1784 4780 instar
1812 4727 2089 4782 unicornis

514 4821 683 4861 cornu
736 4824 914 4862 meum
966 4808 1011 4841 "
1042 4825 1057 4871 ;
1091 4828 1109 4862 ι
1174 4811 1441 4867 interdum
1478 4816 1640 4870 etiam
1697 4818 1762 4871 de
1817 4816 2083 4873 Christo:

522 4914 539 4947 ι
577 4897 757 4952 Cornu
790 4897 911 4966 ejus
943 4900 1222 4955 attolletur
1254 4901 1305 4955 in
1330 4901 1498 4973 gloria
1536 4905 1604 4959 ὀ.
1644 4925 1663 4957 ι
1701 4905 2087 4976 Splendidissi-

518 4998 661 5035 mum
694 4985 893 5053 quippe
921 4984 1030 5056 79
1063 4996 1147 5041 est
1173 5002 1399 5058 regnum
1433 4991 1659 5050 Christi.
1686 4993 1931 5065 Opimam
1958 5014 2088 5055 vero

517 5087 635 5127 esse
658 5083 854 5126 terram
883 5076 1274 5145 promissionis,
1308 5088 1597 5137 attestatur
1613 5085 1889 5155 Scriptura
1909 5102 2085 5143 sacra.

521 5161 730 5231 Ubique
790 5165 934 5216 enim
984 5181 1102 5220 eam
1157 5180 1315 5225 vocat
1347 5184 1544 5228 terram
1572 5173 1826 5233 ﬂuentem
1860 5179 2002 5235 lacte
2034 5192 2088 5237 et

517 5252 695 5307 melle.
729 5251 1029 5310 Conﬁrmat
1073 5259 1268 5317 deinde
1299 5264 1401 5318 hoc
1436 5267 1647 5322 divinus
1680 5268 1907 5337 Psaltes,
1942 5275 2087 5343 psal-

515 5350 634 5400 lens
680 5354 735 5401 et
793 5344 1017 5416 loquens
1075 5352 1141 5405 de
1190 5352 1430 5412 lsraele:
1475 5376 1495 5409 t
1534 5358 1808 5431 V'itenrex
1850 5363 2089 5438 Egypto

516 5439 859 5505 transtulisti,
907 5440 1114 5512 ejecisti
1170 5453 1378 5516 gentes,
1414 5459 1465 5504 et
1507 5452 1757 5522 plantasti
1795 5472 1912 5513 eam
1943 5458 2011 5512 “.
2062 5478 2081 5511 ι

587 5614 632 5686 '_'
662 5615 853 5673 Matth.
883 5636 964 5686 ut,
994 5621 1079 5677 l7.

516 5680 560 5715 τ.
587 5626 1079 5715 2.31".“115'PJ7-
1181 5626 1226 5659 “
1251 5626 1448 5686 ³ιετειη-
1485 5647 1562 5698 ιι,
1584 5633 1636 5688 2.
1733 5637 1775 5668 σν
1809 5636 1911 5693 lsa.
1941 5654 1990 5706 ν,
2023 5639 2076 5695 7.

592 5684 735 5743 PSal.
772 5684 957 5760 um,
986 5694 1040 5747 9.

2084 5834 2121 5847 ,ς

2189 1897 2464 1961 τοιαύταις
2491 1899 2601 1953 ἐσθ’
2634 1901 2721 1954 ὅτε
2755 1902 3130 1972 κεχρημένους
3163 1904 3385 1970 φωναῖς.
3416 1896 3541 1956 Οἷον
3568 1904 3596 1955 6
3636 1919 3772 1976 προ-

2193 1990 2370 2059 φήτης
2428 1989 2719 2061 Ἱερεμίας·
2769 2012 2787 2044 ι
2825 1993 2921 2056 Τίς
2975 1992 3137 2046 δώσει
3191 2009 3280 2064 μοι
3327 1995 3386 2046 ὲν
3443 1996 3507 2064 τῇ
3579 1995 3775 2067 ἐρήμῳ

2194 2080 2429 2151 σταθμὸν
2492 2081 2735 2151 ἔσχατον,
2788 2083 2885 2136 καὶ
2941 2084 3254 2153 καταλείψω
3321 2083 3412 2139 τὸν
3456 2084 3586 2139 λαόν
3645 2103 3777 2157 μου,

2191 2173 2286 2227 καὶ
2311 2172 2680 2244 ἀπελεύσομαι
2710 2175 2802 2228 ἀπ’
2832 2175 3011 2229 αὐτῶν
3033 2192 3049 2243 ;
3075 2194 3095 2229 ι
3134 2176 3224 2240 Ὠς
3254 2176 3363 2248 γὰρ
3397 2171 3476 2240 είς
3511 2176 3779 2249 ὑπάρχων

2189 2264 2284 2317 τοῦ
2317 2262 2471 2327 λαοῦ,
2503 2264 2628 2319 λαὸν
2657 2264 2848 2319 ἑαυτοῦ
2890 2284 3023 2338 φησι
3074 2267 3200 2332 τοὺς
3238 2269 3359 2320 καθ’
3394 2263 3536 2337 αἶμά
3570 2284 3632 2321 τε
3678 2269 3780 2322 καὶ

2191 2358 2345 2427 γένος
2381 2357 2631 2421 οἰκείους.
2673 2357 2822 2430 ¹’ᾼδει
2850 2358 3025 2413 τοίνυν
3067 2360 3094 2412 6
3136 2361 3417 2431 προφήτης
3445 2357 3525 2430 τῷ
3552 2360 3777 2430 ἠγαπη-

2195 2448 2359 2519 μένῳ.
2405 2448 2499 2502 καὶ⁵
2549 2447 2694 2501 ἔστιν
2723 2448 2887 2503 αὑτοῦ
2927 2449 2989 2502 τὸ
3027 2446 3178 2522 ᾆσμα
3226 2450 3512 2522 είρημένον
3562 2452 3653 2502 ἐπὶ
3691 2448 3781 2521 τῷ

2191 2539 2471 2610 ἀμπελῶνι
2495 2540 2573 2611 τῷ
2601 2540 2889 2612 ἀγαπητῷ,
2921 2540 3063 2596 τοῦτ’
3097 2542 3235 2609 ἐστι,
3269 2542 3362 2597 τοῦ
3397 2542 3633 2613 Ἰσραήλ.
3674 2542 3782 2596 Γέ-

2190 2649 2432 2704 γραπται
2456 2631 2587 2704 γὰρ,
2617 2633 2699 2685 ὃτι
2724 2653 2744 2684 ι
2769 2633 2822 2687 Ἀ
2833 2633 3053 2704 μπελὼν
3082 2634 3289 2705 Κυρίου
3314 2633 3540 2688 Σαὸαὼθ
3565 2633 3783 2706 ἄνθρω-

2191 2739 2292 2786 πος
2314 2720 2407 2775 τοῦ
2437 2721 2627 2789 Ἰούδα,
2652 2723 2911 2791 νεόφυτον
2932 2724 3310 2793 ἠγαπημένον.
3325 2740 3344 2774 ι

2277 2814 2574 2885 Ἄμπελὼν
2608 2814 2863 2885 ἐγενήθη
2912 2812 2990 2880 τῷ
3029 2814 3411 2885 ἠγαπημένῳ,
3456 2814 3526 2869 ἐν
3553 2813 3780 2883 κέρατι,

2189 2909 2260 2962 ἐγ
2319 2910 2479 2975 τόπῳ
2535 2908 2719 2963 πίονι.
2775 2907 2884 2962 Καὶ
2937 2905 3211 2976 φραγμὸν
3273 2907 3611 2974 περιέθηκα,
3672 2906 3779 2960 καὶ

2190 2999 2568 3068 ἐχαράκωσα,
2604 3000 2701 3054 καὶ
2742 3000 3048 3069 ἐφύτευσα
3094 2998 3368 3068 ἄμπελον
3401 2997 3632 3065 Σωρὴκ,
3674 2997 3782 3051 καὶ

2190 3090 2546 3160 ᾠκοδόμησα
2564 3092 2792 3161 πύργον
2812 3090 2882 3144 ἐν
2902 3089 3071 3161 μέσῳ
3095 3088 3301 3155 αὑτοῦ,
3323 3087 3422 3142 καί
3442 3087 3784 3157 προλήνιον

2116 3161 2159 3219 C
2194 3181 2393 3252 ὡρυξα
2424 3183 2494 3237 ἐν
2517 3180 2696 3247 αὐτῷ,
2724 3181 2824 3237 καὶ
2869 3180 3075 3250 ἔμεινα
3111 3175 3217 3234 τοῦ
3255 3178 3506 3248 ποιῆσαι
3537 3194 3779 3248 σταφυ-

2190 3270 2332 3338 λὴν,
2365 3271 2615 3339 ἐποίησε
2640 3268 2708 3323 δὲ
2738 3268 3026 3335 ἀκάνθας.

2276 3361 2585 3433 ⁹Αμπελῶνι
2633 3361 2973 3434 παρεικάσας
3010 3360 3100 3414 τὸν
3151 3358 3387 3431 Ἰσραὴλ,
3424 3358 3670 3431 ἐπιμένει
3707 3358 3781 3413 δι’

2191 3453 2312 3508 ὅλου
2342 3457 2407 3525 τῇ
2437 3453 2531 3507 τοῦ
2560 3452 2723 3522 λόγου
2760 3455 3061 3525 μεταφορᾷ*
3096 3472 3114 3504 ι
3148 3453 3343 3520 Γέγονε
3382 3451 3580 3517 τοίνυν,
3619 3472 3637 3504 ι
3671 3469 3783 3525 φη-

2195 3546 2300 3608 σιν,
2332 3564 2351 3597 ι
2381 3543 2642 3617 ἀμπελὼν
2683 3544 2763 3615 τῷ
2792 3543 3161 3616 ἠγαπημένῳ,
3187 3545 3245 3598 ἐν
3287 3543 3501 3615 κέρατι,
3530 3544 3588 3598 ὲν
3624 3546 3782 3616 τόπῳ

2193 3639 2360 3693 πίονι.
2393 3657 2410 3689 ι
2436 3638 2570 3691 Φασὶ
2585 3638 2712 3701 τοὺς
2734 3636 2957 3712 ἑτέρους
2981 3638 3090 3692 τῶν
3120 3639 3469 3710 ὲρμηνευτῶν
3499 3638 3780 3710 ἀρκεσθῆ-

2192 3748 2279 3783 ναι
2311 3730 2391 3801 τῷ
2408 3730 2580 3783 εἰπεῖν
2620 3730 2677 3783 ὲν
2713 3728 2862 3799 τόπῳ
2910 3728 3072 3795 πίονι,
3111 3729 3189 3794 ὡς
3233 3728 3327 3783 τοῦ
3370 3730 3594 3802 κέρατος
3639 3732 3781 3799 ἡμῖν

2191 3822 2344 3875 οὐδὲν
2383 3822 2590 3894 ἕτερον,
2637 3821 2673 3893 ἢ
2724 3820 2882 3875 τοῦτο
2929 3821 3061 3876 αὐτὸ
3108 3822 3481 3893 σημαίνοντος.
3534 3825 3692 3876 Δοκεῖ
3716 3823 3780 3877 δέ

2192 3928 2333 3965 τισιν
2366 3911 2425 3964 τὸ
2454 3911 2529 3976 ὡς
2549 3914 2608 3965 ὲν
2629 3912 2819 3986 κέρατι
2843 3915 3003 3979 νοεῖν,
3037 3913 3113 3977 ὡς
3141 3915 3198 3968 έν
3224 3912 3451 3984 δυνάμει
3477 3913 3633 3968 Θεοῦ.
3660 3914 3780 3968 Κε-

2192 4001 2569 4075 κληρονόμηκε
2590 4003 2699 4075 γὰρ
2719 4005 2748 4057 6
2778 4003 2993 4077 Ἰσραὴλ
3020 4004 3122 4074 τῆς
3153 4005 3485 4076 ἐπαγγελίας
3518 4004 3616 4076 τὴν
3644 4006 3777 4076 γῆν,

2190 4094 2317 4159 τοὺς
2347 4092 2515 4147 πάλαι
2551 4094 2943 4164 κατῳκηκότας
2976 4095 3034 4147 ὲν
3068 4095 3205 4165 αὐτῇ
3238 4094 3465 4165 νικήσας
3493 4094 3580 4148 διὰ
3610 4093 3776 4150 Θεοῦ.

2192 4185 2481 4257 Τοιγάρτοι
2509 4185 2642 4255 φησὶ
2675 4185 2812 4256 πρὸς
2846 4185 3031 4252 αὐτὸν,
3063 4187 3122 4239 ὲν
3153 4185 3573 4259 τεσσαρακοστῷ
3602 4185 3780 4258 τρίτῳ

2189 4276 2408 4349 ψαλμῷ·
2442 4295 2462 4329 ι
2503 4278 2600 4330 Ἕν
2633 4293 2715 4330 σοι
2748 4278 2872 4344 τοὺς
2919 4277 3143 4349 ἐχθροὺς
3188 4278 3343 4349 ἡμῶν
3389 4276 3778 4349 κερατιοῦμεν.

2192 4370 2284 4423 καί
2314 4370 2373 4423 ὲν
2401 4367 2479 4439 τῷ
2506 4368 2729 4440 ὀνόματί
2757 4386 2850 4422 σου
2878 4368 3305 4439 έξουδενώσομεν
3338 4371 3462 4433 τοὺς
3481 4371 3780 4425 ἐπανιστα-

2197 4460 2390 4531 μένους
2414 4462 2566 4529 ἠμῖν.
2602 4478 2621 4511 ι
2655 4460 3001 4530 Λαμϐἀνεται
3026 4460 3083 4513 δὲ
3104 4459 3165 4513 τὸ
3196 4460 3361 4532 κέρας
3390 4460 3539 4531 παρὰ
3565 4464 3630 4530 τῇ
3652 4461 3781 4533 Θείᾳ

2197 4551 2416 4623 Γραφῇ,
2449 4553 2528 4614 εἰς
2561 4550 2713 4621 ίσχὺν
2743 4551 2839 4604 καὶ⁵
2872 4554 2950 4616 είς
2979 4553 3225 4623 δύναμιν,
3252 4553 3345 4605 καὶ
3378 4554 3456 4617 είς
3484 4553 3641 4617 δόξαν
3677 4553 3779 4626 τὴν

2197 4641 2504 4713 βασιλικήν.
2542 4641 2697 4694 Ἔστι
2731 4642 2861 4710 γοῦν
2894 4642 3124 4696 ἀκοῦσαι
3171 4644 3264 4697 τοῦ
3305 4644 3571 4716 μακαρίου
3608 4644 3782 4701 Δαϐὶδ

2194 4734 2327 4787 ποτὲ
2366 4733 2464 4804 μὲν
2495 4732 2763 4801 λέγοντος,
2789 4733 2864 4797 ὼς
2893 4736 2958 4787 ὲκ
2995 4733 3287 4806 προσώπου
3314 4735 3520 4789 δικαίου
3553 4738 3775 4810 παντός·

2200 4841 2219 4876 ι
2242 4823 2618 4894 ’Υψωθήσεται
2643 4824 2719 4888 ὡς
2748 4827 3117 4896 μονοκέρωτος
3137 4827 3196 4880 τὸ
3228 4826 3393 4898 κέρας
3422 4843 3547 4897 μου·
3586 4846 3605 4879 ι
3642 4828 3778 4884 ποτὲ

2189 4914 2246 4969 δὲ
2274 4914 2433 4969 πάλιν
2469 4916 2597 4987 περὶ
2626 4916 2885 4986 Χριστοῦ·
2932 4937 2949 4967 ι
2988 4917 3062 4970 Τὸ
3098 4917 3266 4986 κέρας
3300 4918 3462 4972 αὑτοῦ
3493 4918 3786 4990 ὑψωθήσε-

2190 5023 2282 5060 ται
2326 5006 2385 5061 ὲν
2429 5005 2576 5077 δόξῃ.
2622 5025 2639 5059 ι
2682 5008 3125 5080 Περιφανεστάτη
3159 5009 3268 5080 γὰρ
3297 5012 3330 5081 ἡ
3364 5008 3610 5079 βασιλεία
3647 5011 3790 5080 Χρι-

2191 5097 2484 5153 στοῦ.”οτι
2537 5100 2593 5153 δὲ
2643 5100 2780 5154 πίων
2817 5100 2915 5170 τῆς
2970 5100 3300 5169 ἐπαγγελίας
3346 5103 3379 5173 ὴ
3431 5103 3523 5172 γῆ.
3556 5120 3783 5173 μεμαρ-

2190 5188 2396 5262 τύρηκε
2424 5189 2483 5242 τὸ
2515 5189 2754 5261 Γράμμα
2778 5190 2837 5244 τὸ
2861 5192 3025 5263 ἱερόν.
3057 5193 3312 5264 Πανταχῆ
3340 5193 3448 5266 γὰρ
3474 5193 3644 5263 αὐτὴν
3666 5194 3788 5246 ὀνο-

2195 5281 2356 5353 μάζει
2378 5283 2480 5352 γῆν
2500 5282 2726 5352 ῥέουσαν
2752 5283 2892 5352 γάλα
2918 5284 3011 5337 καὶ
3035 5284 3174 5351 μέλι.
3200 5284 3574 5354 Προσεμπεδοῖ
3598 5268 3657 5337 δέ
3685 5287 3783 5337 τὺ-

2194 5370 2348 5440 λόγον
2374 5373 2467 5424 καὶ
2499 5374 2526 5424 ὁ
2550 5372 2833 5437 Θεσπέσιος
2852 5374 3104 5444 Μελῳδδς
3130 5374 3347 5445 ψάλλων
3378 5391 3437 5427 τε
3470 5375 3564 5428 καὶ
3597 5374 3780 5443 λέγων

2195 5463 2323 5532 περὶ
2350 5463 2443 5516 τοῦ
2472 5464 2703 5534 Ἰσραήλ·
2737 5482 2755 5516 ι
2784 5466 3064 5534 ’Ἄμπελον
3105 5466 3166 5534 ἐξ
3193 5466 3471 5536 Αἰγύπτου
3507 5468 3777 5539 μετῆρας,

2180 5640 2225 5674 ⁸³
2262 5642 2398 5698 Psai.
2438 5659 2593 5709 mn,
2623 5644 2678 5701 6.
2776 5646 2822 5678 ⁶⁹
2845 5644 2986 5704 Psal.
3022 5663 3122 5712 χοι,
3159 5650 3240 5705 ll.
3321 5649 3367 5682 ⁷⁸
3401 5646 3541 5705 Psal.
3568 5667 3686 5719 αι,
3715 5654 3773 5710 9.
