4100 6484
502 344 607 402 {39

1521 333 1577 389 S.
1619 328 1897 388 CYRILLI
1938 330 2415 387 ALEXANDRINI
2459 328 2778 391 ARCHIEP.

3690 328 3799 402 'uo

498 463 636 516 Cum
685 459 830 517 enim
858 454 1178 530 prmciaram
1211 464 1266 510 et
1297 453 1570 508 laudatam
1603 452 1857 524 legitimae
1885 452 2008 509 vita:
2041 463 2096 507 et

2201 451 2292 507 τὸν
2323 453 2485 524 νόμον
2518 455 2923 525 ἀναισχυντίαν.
2952 456 3130 510 Μετδν
3164 452 3487 531 γὰρ”αύτοϊς
3524 459 3614 514 καὶ
3650 459 3796 531 μάλα

501 554 830 611 Christianae
866 550 1225 609 institutionis
1273 548 1415 604 viam
1460 548 1601 603 inire
1631 548 1959 618 potuissent,
1992 546 2096 616 ipsi

501 647 778 718 obliquam
816 655 872 703 et
895 645 1110 703 deviam
1138 641 1427 698 coluerunt
1461 661 1473 697 :
1517 650 1574 698 et
1604 639 1968 697 fructificandi
2003 654 2098 696 ne-

498 739 703 811 glectu,
756 737 1091 793 infructuosa
1144 734 1292 789 velut
1326 743 1469 789 terra
1508 732 1634 787 facti
1676 741 1824 799 sunt,
1860 746 1980 803 quae
2013 729 2097 785 al-

502 833 610 887 trix
641 840 746 897 est,
797 837 854 885 et
903 829 1091 885 nutrix
1137 842 1246 883 non
1282 826 1493 881 mitium
1522 825 1819 890 fructuum,
1849 828 1944 882 sed
1976 840 2098 895 qum

498 922 732 993 agrestis
784 930 870 977 est
917 921 1099 990 potius
1130 922 1350 989 spinosa
1395 918 1451 975 et
1497 918 1783 975 silvestris.
1826 918 2098 974 Prodeant

502 1016 687 1087 igitur,
731 1014 934 1085 inquit,
966 1014 1056 1083 qui
1083 1015 1226 1066 inter
1254 1026 1350 1067 vos
1375 1020 1502 1065 sunt
1530 1011 1830 1082 sapientes,
1851 1010 2099 1081 judicent

507 1110 654 1165 inter
678 1122 767 1162 me
794 1107 969 1161 vineae
997 1104 1276 1161 dominum
1301 1113 1355 1160 et
1387 1105 1533 1174 ipsas
1561 1103 1721 1160 vites.
1758 1102 1900 1170 Quid
1927 1102 2093 1175 igitur

498 1199 629 1255 boni
667 1199 776 1253 illis
817 1197 989 1252 defuit
1015 1204 1072 1250 ut
1115 1196 1335 1251 inutiles
1374 1194 1603 1251 tierent?
1652 1194 1713 1250 Si
1743 1194 1885 1249 enim
1914 1209 2095 1249 rerum

500 1292 569 1347 ad
599 1306 756 1346 usum
798 1288 1236 1345 necessariarum
1269 1288 1545 1359 quippiam
1582 1302 1611 1341 a
1638 1301 1727 1342 me
1752 1287 1843 1356 qui
1878 1286 2095 1356 planta-

499 1399 711 1448 vcram,
745 1383 888 1439 forte
936 1382 1361 1452 praetermissum
1410 1379 1592 1447 fuerit,
1647 1394 1826 1435 causa:
1851 1379 1987 1433 nihil
2016 1378 2098 1432 di-

503 1494 647 1542 eam,
705 1490 805 1532 nec
865 1488 1060 1547 poenas
1109 1474 1343 1544 exigam.
1377 1471 1515 1538 Quid
1539 1471 1682 1527 enim
1712 1471 1973 1537 facerem,
2008 1471 2096 1526 in-

501 1570 650 1639 quit,
691 1568 835 1638 quod
882 1582 988 1622 nou
1026 1566 1076 1621 ei
1131 1563 1398 1620 fecerim?
1426 1562 1560 1619 Cum
1615 1577 1747 1618 vero
1783 1561 1946 1619 rebus
1974 1576 2094 1616 eam

503 1660 729 1716 utilibus
756 1659 971 1730 plenam
997 1656 1305 1727 nulliusquc
1340 1656 1419 1711 rei
1439 1656 1680 1727 indigam
1711 1654 1958 1722 fecerim,
1983 1654 2096 1725 spi-

503 1769 602 1810 nas
640 1762 824 1809 tamen
861 1752 1105 1823 peperit,
1152 1749 1281 1807 licet
1333 1757 1710 1821 exspectarem
1744 1758 1804 1802 ut
1830 1762 1949 1804 eam
1978 1747 2099 1817 pul-

2202 546 2408 618 ῥᾳδίως
2432 548 2531 619 τὴν
2560 548 2759 603 εὐκλεᾶ
2782 549 2877 602 καὶ
2909 550 3196 622 εὐδόκιμον
3229 552 3326 624 τῆς
3353 555 3413 608 ἐν
3439 553 3592 625 νόμῳ
3623 552 3793 625 ζωῆς,

2197 641 2366 713 ἧγουν
2401 641 2501 713 τῆς
2521 642 2578 696 ἐν
2606 640 2828 714 Χριστῷ
2862 643 3161 711 πολιτείας,
3197 646 3360 714 ἱέναι,
3400 648 3607 720 τρίϐον,
3643 649 3796 703 αὐτοὶ

2197 735 2532 806 τετιμήκασι
2556 734 2656 807 τὴν
2677 735 3142 810 διεστραμμένην.
3168 741 3279 795 Καὶ
3311 740 3418 813 μὴν
3444 740 3505 795 τδ
3530 742 3796 796 δύνασθαι

2197 827 2574 899 καρποφορεῖν
2607 827 2837 897 ἀφέντες
2867 829 2943 894 ὡς
2971 830 3159 897 ἕωλον,
3201 831 3272 903 γῆ
3310 849 3392 897 τις
3417 832 3608 904 ὥσπερ
3637 832 3799 902 γεγό-

2198 936 2358 973 νασιν
2395 919 2458 973 οὐ
2501 920 2733 992 καρπῶν
2773 921 2997 994 ἡμέρων
3036 924 3212 995 τροφή
3236 937 3251 956 ⁸
3289 924 3459 996 ἀγρία
3496 924 3553 978 δὲ
3596 924 3796 995 μᾶλλον

2196 1008 2292 1062 καὶ¹
2342 1009 2707 1075 ἁκανθοτόκος
2757 1011 2852 1066 καὶ
2892 1011 3192 1085 ὑλομανής.
3228 1014 3544 1069 Ἠκέτωσαν
3594 1014 3797 1077 τοίνυν,

2200 1102 2386 1171 φησὶν,
2413 1102 2463 1155 oi
2496 1101 2555 1155 ἐν
2585 1102 2714 1173 ὑμῖν
2740 1104 2914 1174 σοφοὶ,
2940 1105 3312 1170 δικαζέτωσαν
3348 1107 3405 1159 ἐν
3428 1105 3552 1179 ἐμοὶ
3592 1105 3669 1177 τῷ
3702 1105 3797 1159 τοῦ

2197 1193 2524 1266 ἀμπελῶνος
2562 1194 2823 1270 δεσπότῃ,
2875 1197 2973 1253 καί
3006 1198 3198 1262 αὐταῖς
3235 1197 3291 1252 δὲ
3331 1200 3453 1262 ταῖς
3505 1198 3797 1270 ἀμπέλοις.

2199 1286 2358 1351 Τίνος
2391 1287 2455 1359 δὴ
2495 1282 2589 1343 οὖν
2626 1288 2735 1360 ἄρα
2774 1287 2884 1343 τῶν
2921 1289 3142 1359 ἀγαθῶν
3176 1287 3562 1344 ἐλλελοιπότων
3608 1289 3800 1350 αὑταῖς

2198 1379 2406 1452 ἀχρεῖοι
2433 1381 2758 1450 γεγόνασινς
2793 1381 2857 1435 Ei
2890 1382 2989 1453 μὲν
3019 1382 3128 1454 γάρ
3149 1400 3202 1435 τι
3233 1382 3341 1435 τῶν
3372 1383 3685 1451 ἀναγκαίων
3718 1382 3800 1449 είς

2197 1471 2384 1542 ὄνησιν
2456 1472 2751 1545 παρῶπταί
2818 1474 2978 1546 τυχὸν
3017 1476 3142 1546 ἐμοὶ
3181 1476 3256 1547 τῷ
3295 1475 3683 1544 πεφυτευκότι,
3720 1473 3802 1528 δι-

2199 1562 2471 1635 ελεγχέτω
2518 1582 2603 1628 τις
2650 1564 2745 1618 καὶ
2791 1564 3167 1636 πεπαύσομαι.
3226 1566 3549 1637 Ἀποστήσω
3595 1564 3796 1629 αἰτίας,

2199 1653 2295 1706 καὶ
2328 1654 2427 1707 οὐκ
2457 1655 2665 1726 αἰτήσω
2703 1653 2881 1718 δίκας.
2914 1655 2981 1708 Τί
3021 1655 3131 1727 γὰρ
3165 1657 3398 1728 ποιήσω,
3434 1656 3621 1727 φησὶν,
3655 1655 3685 1709 δ
3721 1655 3800 1728 μὴ

2201 1745 2478 1814 πεποίηκα
2510 1746 2692 1818 αύτῷ;
2736 1747 2956 1818 Ἐπειδὴ
2995 1747 3051 1800 δὲ
3086 1746 3190 1801 τῶν
3215 1747 3499 1819 χρησίμων
3531 1747 3712 1818 πλήρη
3738 1764 3802 1800 τε

502 1852 650 1907 chris
698 1819 965 1904 fructibus
1016 1854 1269 1903 ornatam
1327 1819 1611 1901 viderem:
1649 1858 1771 1914 quze
1815 1843 2031 1899 tandem
2061 1854 2093 1896 a

2201 1837 2457 1907 ἀπέφηνα
2486 1837 2581 1890 καὶ
2605 1835 2821 1899 οὐδενδς
2852 1836 3064 1904 ἐπιδεᾶ,
3093 1832 3214 1892 εἶτα
3238 1838 3463 1907 γέγονεν
3497 1836 3803 1891 ἀκανθοτό·

501 1945 687 2016 judice
720 1940 927 1999 feretur
962 1939 1279 1997 sententia?
1308 1938 1450 1995 Num
1478 1938 1650 2010 igitur
1674 1938 1927 2005 inertem,
1959 1949 2092 1992 num

502 2037 836 2092 desidiosum
869 2033 1166 2106 agricolam
1199 2032 1381 2090 dicet?
1403 2046 1470 2087 an
1507 2032 1687 2103 potius
1716 2030 1841 2087 illos
1867 2043 2094 2085 accusa-

503 2131 584 2187 bit
602 2131 694 2202 qui
721 2138 870 2186 tanta
885 2126 1253 2185 sollicitudine
1276 2122 1452 2181 curati
1477 2138 1506 2179 a
1544 2137 1655 2190 me,
1679 2122 1816 2178 adeo
1843 2119 2095 2176 fertilita-

504 2231 614 2277 tem
647 2235 802 2277 suam
828 2218 1208 2291 neglexerunt,
1242 2225 1304 2271 ut
1330 2215 1547 2270 inanem
1577 2211 1769 2268 silvam
1791 2225 1855 2276 ac
1878 2209 2093 2267 turbam

503 2315 785 2384 spinarum
835 2327 935 2383 pro
990 2311 1225 2367 racemis
1254 2304 1603 2380 pepererint?
1634 2303 1788 2372 Quod
1814 2313 1996 2360 autem
2029 2304 2096 2359 dc

504 2407 659 2478 spina
695 2405 939 2463 sensibili
973 2417 1281 2461 sermonem
1325 2415 1433 2457 nou
1466 2399 1684 2465 habeat,
1717 2413 1818 2454 nec
1844 2397 1911 2453 de
1939 2411 2095 2452 race-

509 2500 612 2555 mis
631 2506 723 2553 aut
740 2512 869 2565 uva,
901 2496 1073 2553 cuivis
1096 2494 1439 2566 perspicuum
1462 2500 1570 2547 est.
1598 2489 1656 2547 Si
1688 2504 1817 2545 vero
1839 2488 1997 2543 vinea
2024 2491 2097 2542 sit

507 2592 609 2647 sub
661 2588 1081 2662 intelligentiam
1140 2586 1366 2655 cadens,
1430 2583 1565 2641 tales
1623 2581 1849 2639 omnino
1891 2587 2096 2637 suntet

504 2684 737 2741 fructus.

575 2943 684 3017 81
718 2940 884 2998 Vsus.
920 2940 975 3006 5,
1017 2938 1071 2994 6.
1120 2935 1279 2992 Nam:
1340 2944 1521 2991 autem
1576 2932 1907 2989 annuntiabo
1953 2931 2096 2987 vobis

505 3039 633 3110 quid
667 3036 864 3106 faciam
887 3035 1053 3088 vinea
1079 3045 1207 3087 utere
1233 3043 1254 3085 :
1280 3028 1523 3099 auferam
1557 3041 1729 3097 sepem
1752 3024 1889 3095 ejus,
1916 3031 1966 3079 et
1993 3024 2096 3078 erit

508 3130 813 3199 direptioni,
838 3136 885 3182 et
916 3124 1129 3179 diruam
1173 3135 1382 3178 murum
1410 3117 1549 3192 ejus,
1591 3129 1640 3175 et
1672 3118 1770 3173 erit
1819 3114 2098 3172 conculca-

2201 1947 2335 1997 κος,
2392 1929 2572 1983 καίτοι
2622 1927 3031 2001 προσδοκῶντος
3084 1927 3218 1999 ἐμοῦ
3282 1932 3516 1997 καρποῖς
3575 1928 3799 1999 ὡραίοις

2201 2021 2458 2095 κομῶντα
2487 2020 2726 2093 βλέπειν.
2773 2019 2911 2074 Ποία
2933 2038 3017 2085 τις
3046 2019 3201 2075 ἔσται
3224 2019 3412 2074 λοιπον
3454 2022 3489 2092 ἡ
3524 2021 3674 2092 παρά
3701 2018 3802 2073 τοῦ

2200 2114 2515 2181 δικάζοντος
2553 2114 2765 2185 ψῆφος;
2798 2108 2946 2187 *Αρα
2991 2112 3101 2186 γάρ
3143 2113 3395 2185 ἀτημελῆ
3433 2113 3528 2167 καὶ
3556 2112 3805 2184 ῥᾴθυμον

2200 2208 2458 2280 ὀνομάσει
2490 2207 2582 2261 τὸν
2608 2206 2870 2278 γηπόνον,
2899 2206 2933 2277 ἢ
2977 2204 3180 2277 μᾶλλον
3219 2205 3461 2269 ἐκείνους
3492 2204 3804 2260 αἰτιάσεται

2199 2301 2327 2364 τοὺς
2355 2301 2412 2353 ἐν
2444 2297 2658 2370 μεθέξει
2695 2296 2989 2368 γεγονότας
3029 2298 3128 2369 τῆς
3157 2300 3290 2370 παρ’
3321 2296 3457 2370 ἐμοῦ
3492 2295 3798 2369 φροντίδος,

2200 2392 2551 2465 ἠμεληκότας
2605 2391 2663 2445 δὲ
2720 2390 2864 2445 οὕτω
2924 2389 3028 2462 τῆς
3085 2391 3293 2447 ἑαυτῶν
3337 2390 3667 2462 εὐκαρπίας,
3722 2386 3805 2452 ὡς

2203 2483 2415 2539 εἰκαίαν
2471 2484 2606 2555 ὓλην
2672 2485 2766 2538 καὶ
2826 2484 3083 2539 ἀκανθῶν
3145 2482 3303 2555 ὄχλον
3368 2482 3491 2537 ἀντὶ
3555 2479 3805 2554 βοτρύων

2202 2580 2482 2647 ἐκτεκείν;
2524 2578 2649 2632 Ὀτι
2679 2578 2734 2632 δέ
2769 2578 2830 2632 οὔ
2866 2578 2995 2650 περὶ⁸
3024 2579 3124 2650 τῆς
3149 2575 3474 2649 αίσθητικῆς
3499 2573 3743 2646 ἀκάνθης
3771 2577 3806 2631 ὁ

2202 2669 2359 2740 λόγος
2387 2671 2558 2741 αὐτῷ,
2591 2668 2715 2723 οὕτε
2741 2670 2848 2743 μὴν
2875 2669 3117 2743 βοτρύων
3145 2671 3178 2742 ἦ
3206 2668 3503 2741 σταφυλῆς,
3535 2669 3698 2722 παντί
3721 2682 3806 2738 τῳ

2204 2762 2396 2831 σαφές.
2440 2759 2611 2834 Εἴπερ
2650 2762 2770 2816 ἐστὶ
2811 2760 2999 2833 νοητὸς
3046 2762 3074 2814 ό
3120 2757 3406 2833 ἀμπελὼν,
3455 2756 3690 2813 τοιοῦτοι
3741 2755 3805 2811 δέ

2202 2855 2422 2917 πάντως
2451 2855 2546 2908 καὶ
2567 2855 2618 2906 οἱ
2646 2853 2870 2924 καρποί.

2273 2945 2405 3001 Νῦν
2428 2943 2496 2999 δὲ
2516 2943 2838 3015 ἀπαγγελῶ
2861 2943 3005 3014 ὑμῖν
3033 2944 3092 2998 τι
3117 2933 3351 3009 ποιήσω
3388 2939 3468 3009 τῷ
3488 2937 3808 3012 ἀμπελῶνί

2197 3053 2341 3110 μουο
2388 3036 2592 3107 ἀφελῶ
2633 3036 2741 3091 τὸν
2781 3035 3057 3107 φραγμὸν
3104 3035 3316 3099 αὑτοῦ,
3369 3033 3468 3089 καί
3506 3034 3681 3088 ἐσται
3710 3035 3808 3101 είς

2203 3127 2563 3200 διαρπαγήν·
2620 3126 2722 3181 καί
2774 3124 3008 3180 καθελῶ
3053 3125 3162 3180 τὸν
3203 3124 3411 3196 τοῖχον
3452 3122 3660 3190 αὑτοῦ,
3699 3123 3807 3178 καὶ

509 3189 659 3279 tioni.
702 3223 769 3277 Et
795 3222 1062 3277 dimittam
1105 3219 1309 3274 vineam
1340 3189 1534 3282 meam,
1579 3223 1627 3268 et
1662 3225 1765 3267 non
1802 3208 2097 3281 putabitur,

2203 3189 2377 3276 ἔσται
2403 3189 2499 3287 είς.
2520 3218 2934 3290 καταπάτημα.
2960 3217 3072 3273 Καὶ
3103 3189 3447 3286 ἁνήσιοντόν
3472 3214 3808 3289 ἀμπελῶνὰ

508 3331 671 3387 neque
702 3314 937 3385 fodietur
963 3328 982 3369 :
1012 3321 1064 3369 et
1091 3310 1374 3367 ascendant
1402 3309 1462 3363 in
1490 3321 1606 3363 eam
1631 3304 1767 3360 velut
1799 3304 1857 3359 in
1904 3311 2100 3357 terram

508 3408 764 3464 incultam
822 3409 1011 3478 apinae.
1067 3404 1131 3461 Et
1181 3401 1446 3460 mandabo
1503 3398 1753 3465 nubibus,
1817 3412 1881 3453 ne
1916 3393 2101 3466 pluunt

509 3518 666 3572 super
691 3516 807 3556 eam
836 3500 1076 3556 imbrem.

580 3672 702 3731 Non
733 3685 910 3743 caret,
956 3683 1018 3730 ut
1064 3672 1195 3728 mihi
1250 3672 1485 3736 videtur,
1540 3667 1901 3725 admiratione
1945 3666 2101 3723 istius

509 3767 772 3825 orationis
807 3766 981 3827 fama
1006 3781 1022 3820 :
1048 3762 1252 3820 etenim
1279 3761 1418 3833 ipsa,
1456 3760 1762 3819 tacentibus
1801 3757 1966 3814 etiam
2015 3756 2102 3813 bis

508 3859 603 3932 qui
626 3859 694 3915 ad
722 3857 1001 3915 ferendam
1035 3856 1368 3915 saltemiam
1402 3854 1545 3908 inter
1573 3851 1750 3923 ipsum
1797 3861 1854 3907 et
1887 3850 2099 3906 vineam

510 3950 673 4008 asciti
712 3958 894 4018 erant,
939 3962 1156 4020 pmnam
1194 3947 1397 4005 decidit
1451 3945 1731 4017 deinceps,
1793 3952 1849 4001 et
1901 3943 2101 4015 quibus

506 4040 641 4101 item
675 4046 789 4102 hac
824 4053 1088 4101 eventura
1128 4050 1277 4107 sunt,
1319 4041 1523 4098 diserte
1566 4037 1912 4110 praenuntiat.
1963 4036 2100 4090 Cum

510 4139 656 4196 enim
689 4135 823 4193 nihil
851 4134 901 4191 ei
938 4135 1156 4190 deesset
1183 4146 1374 4189 eorum
1413 4144 1534 4202 quae
1566 4131 1699 4202 ipsis
1736 4129 1892 4186 utilia
1946 4136 2099 4194 sunt,

506 4247 607 4288 sua
639 4238 834 4303 sponte
871 4227 1077 4285 sterilis
1113 4225 1431 4298 permansit.
1467 4224 1768 4294 Oportebat
1818 4223 1986 4295 igitur
2042 4229 2104 4275 ut

510 4331 602 4400 qui
637 4331 704 4385 ad
741 4338 945 4385 tantam
980 4326 1394 4396 perversitatem
1439 4320 1802 4382 devertissent,
1849 4330 2010 4370 manu
2047 4321 2102 4367 et

516 4439 651 4478 cura
707 4431 762 4477 ct
812 4418 1017 4476 auxilio
1066 4415 1278 4473 Domini
1329 4415 1381 4470 in
1427 4421 1702 4484 posterum
1730 4409 2099 4480 privarentur.

511 4514 702 4581 Proin,
728 4511 924 4581 inquit,
954 4506 1199 4564 auferam
1226 4519 1409 4578 sepem
1452 4506 1657 4576 ipsius,
1694 4512 1750 4557 et
1794 4500 1900 4556 erit
1956 4500 2101 4594 dirc-
2133 4538 2178 4594 Β

513 4607 707 4679 ptionl,
732 4614 786 4661 et
813 4602 1054 4659 auferam
1089 4602 1379 4658 maceriam
1407 4598 1552 4677 ejus,
1585 4607 1640 4652 et
1662 4594 1768 4653 erit
1788 4594 1841 4648 in
1879 4591 2100 4649 concul-

511 4699 806 4755 cationem.
832 4695 1002 4753 Vinea
1036 4695 1302 4767 siquidem
1343 4707 1467 4764 qua:
1510 4689 1817 4761 sepimento
1851 4698 1907 4742 et
1941 4699 2099 4739 muro

512 4789 1213 4862 caret,-patebitromnino
1260 4784 1544 4860 quibusvis
1588 4781 1827 4854 diripere
1869 4776 2102 4836 volcnti-

511 4886 638 4950 bus,
684 4897 781 4940 ceu
835 4882 1146 4939 convivium
1194 4879 1449 4938 omnibus
1509 4874 1995 4947 expositissimum,
2047 4881 2101 4927 et

511 4991 612 5032 ceu
663 4977 787 5032 trita
832 4976 1024 5032 semita
1075 4976 1182 5031 iter
1242 4968 1591 5034 facientibus,
1659 4966 1878 5023 nemine
1923 4965 2101 5036 prohi-

509 5063 690 5120 bente.
743 5064 878 5120 Nam
924 5063 1150 5120 Christo
1196 5076 1301 5118 nos
1349 5059 1724 5127 obmuniente,
1783 5068 1836 5114 et
1887 5056 2105 5114 arcanis

506 5157 832 5228 quibusdam
871 5154 1222 5212 adminiculis
1278 5167 1378 5208 ceu
1428 5151 1665 5208 maceria
1726 5158 1937 5206 tantum
1994 5163 2101 5205 non

510 5251 781 5320 cingente,
813 5249 956 5306 obvii
984 5254 1040 5303 et
1071 5245 1306 5317 expositi
1350 5260 1457 5300 non
1501 5244 1726 5312 erimus,
1785 5259 1961 5314 neque
2005 5242 2103 5298 im-

508 5341 837 5396 mundorum
892 5338 1180 5407 Spirituum
1254 5335 1584 5405 incursioni,
1648 5351 1749 5393 nec
1805 5334 2097 5407 direptioni

510 5432 748 5489 ferarum
792 5429 1087 5499 agrestium
1140 5426 1359 5497 objecti,
1420 5443 1520 5483 nec
1581 5427 1738 5484 ludus
1787 5437 1844 5483 et
1890 5429 2101 5483 deliciae

504 5523 782 5594 vulpibus,
818 5522 886 5575 de
911 5520 1110 5590 quibus
1134 5520 1187 5575 in
1221 5519 1447 5576 Cantico
1473 5522 1808 5577 canticorum
1835 5520 2096 5590 scriptum

506 5627 594 5674 est
642 5635 658 5672 :
723 5633 744 5665 ι
808 5612 1263 5683 Comprehendite
1314 5614 1468 5672 nobis
1527 5615 1839 5686 vulpeculas
1899 5629 2099 5685 parvas

507 5712 852 5767 destruentes
886 5705 1072 5763 vineas
1124 5707 1191 5763 ⁷⁸.
1241 5727 1261 5762 ι
1324 5708 1590 5766 Dicuntur
1633 5711 1800 5767 etiam
1852 5712 2095 5769 nonnulli

584 5823 810 5883 PCant.
846 5839 909 5901 ιι³
940 5822 1025 5893 15,

2196 3331 2340 3385 μου,
2380 3312 2480 3369 καί
2519 3315 2591 3369 οὐ
2641 3313 2727 3384 μὴ
2759 3309 2977 3384 τμηθῇ,
3026 3311 3153 3366 οὐδ’
3195 3314 3266 3367 οὐ
3290 3311 3379 3381 μὴ
3426 3309 3660 3380 σκαφῇ’
3699 3309 3806 3365 καὶ

2201 3407 2613 3476 ἀναϐήσονται
2654 3410 2744 3474 εἰς
2774 3406 2986 3474 αὐτόν,
3025 3406 3107 3472 ὡς
3135 3407 3223 3472 είς
3262 3405 3492 3476 χέρσον
3519 3404 3803 3459 ἄκανθαι.

2200 3499 2311 3555 Καὶ
2340 3498 2472 3565 ταῖς
2498 3497 2782 3568 νεφέλαις
2813 3495 3188 3567 ἐντελοῦμαι,
3211 3496 3320 3552 τοῦ
3353 3493 3441 3568 μὴ
3462 3494 3679 3566 ,βρέξαι
3707 3493 3807 3548 ἐπ’

2201 3591 2392 3649 αὑτὸν
2415 3591 2614 3646 ὑετόν.

2275 3686 2391 3741 Οὐκ
2417 3683 2790 3757 ἀθαύμαστον,
2821 3680 2956 3751 ῶσγ⁶
2980 3681 3103 3753 ἐμοὶ
3133 3681 3409 3751 φαίνεται,
3438 3679 3530 3735 τοῦ
3552 3681 3711 3751 λόγου
3740 3679 3809 3737 τὸ

2205 3777 2413 3848 σχῆμα.
2442 3773 2624 3829 Μόνον
2641 3771 2750 3845 γὰρ
2779 3773 2902 3843 οὐχ).
2928 3772 3025 3826 καὶ
3048 3772 3421 3843 σεσιγηκότων
3448 3772 3559 3825 τῶν
3599 3770 3804 3842 κεκλη-

2206 3867 2384 3939 μένων
2406 3867 2490 3930 είς
2510 3865 2570 3919 τὸ
2594 3863 2839 3930 δικάσαι,
2871 3861 3020 3934 αὐτῷ
3048 3880 3104 3917 τε
3139 3864 3233 3917 καὶ
3259 3862 3337 3935 τῷ
3372 3863 3681 3936 ἀμπελῶνι,
3700 3863 3804 3936 τὴν

2202 3957 2362 4029 δίκην
2412 3956 2599 4020 αὐτοῖς
2647 3953 2824 4025 ὁρίζει
2871 3954 3079 4009 λοιπόν·
3111 3953 3210 4008 καὶ
3249 3955 3321 4008 τὰ
3366 3956 3427 4009 ἐν
3472 3954 3614 4008 τίσιν
3644 3953 3807 4009 ἔσται

2204 4049 2569 4123 προαγορεύει
2600 4047 2809 4119 σαφῶς.
2857 4045 3264 4110 Ἐλλελοιπότος
3291 4045 3397 4119 γὰρ
3423 4047 3561 4111 ὅλως
3586 4046 3808 4113 οὐδενὸς

2203 4138 2351 4210 αὐτῷ
2379 4136 2490 4192 τῶν
2517 4138 2598 4202 εἰς
2624 4137 2688 4192 τὸ
2708 4132 2766 4193 εὖ
2794 4131 2936 4191 εἶναι
2963 4136 3272 4208 χρησίμων,
3303 4135 3468 4201 αὐτὸς
3499 4136 3558 4204 ἐξ
3592 4136 3807 4202 οἰκείας

2203 4226 2604 4301 κατεχερσοῦτο
2651 4226 2899 4299 γνώμης.
2944 4229 3092 4283 Ἔδει
3137 4226 3203 4300 δὴ
3248 4222 3342 4282 οὗν
3393 4228 3503 4301 ἄρα
3548 4228 3675 4293 τοὺς
3717 4232 3806 4295 είς

2202 4321 2362 4376 τοῦτο
2426 4321 2761 4393 φαυλότητος
2795 4320 3162 4393 καθιγμένους
3196 4321 3303 4387 ἔξω
3348 4337 3408 4375 τε
3463 4321 3644 4393 χειρὸς
3703 4325 3807 4378 καὶ

2204 4414 2507 4491 φροντίδος,
2545 4415 2641 4468 καὶ
2681 4416 2788 4486 μὴν
2813 4414 2907 4468 καὶ
2928 4414 3251 4486 ἐπικουρίας
3280 4413 3373 4467 τοῦ
3400 4415 3672 4468 Δεσπὸτου
3705 4433 3805 4483 γε-

2205 4507 2392 4560 νέσθαι
2443 4506 2650 4561 λοιπόν.
2704 4505 2914 4561 Οὐκοῦν
2956 4505 3164 4577 ἀφελῶ,
3204 4506 3359 4579 φησὶ,
3410 4507 3500 4560 τὸν
3546 4509 3806 4580 φραγμὸν

2204 4596 2393 4660 αὐτοῦ,
2425 4600 2519 4652 καὶ
2549 4597 2702 4652 ἔσται
2735 4600 2813 4663 είς
2835 4598 3166 4671 διαρπαγὴν,
3204 4599 3296 4653 καὶ
3319 4597 3535 4653 καθελῶ
3569 4600 3661 4653 τὸν
3687 4604 3807 4653 τοῖ-

2202 4704 2297 4758 χον
2335 4685 2523 4753 αὑτοῦ,
2562 4688 2654 4741 καὶ
2699 4686 2851 4742 ἔσται
2888 4690 2970 4752 είς
3009 4688 3402 4761 καταπατημα.
3441 4690 3703 4762 Φραγμοῦ
3746 4692 3805 4744 δὲ

2204 4780 2299 4832 καὶ
2359 4780 2567 4850 τείχους
2606 4778 2811 4852 ἔρημος
2853 4780 3135 4852 ἀμπελὼν,
3182 4782 3532 4853 προκείσεται
3583 4781 3805 4847 πάντως

2204 4876 2316 4937 τοῖς
2352 4872 2673 4945 διαρπάζειν
2707 4873 2982 4928 ἐθέλουσιν
3030 4872 3179 4948 θοίνη
3223 4890 3307 4939 τις
3346 4876 3670 4946 ἐτοιμοτάτη
3706 4877 3805 4929 καὶ

2205 4967 2318 5028 τοῖς
2368 4963 2664 5019 διοδεύουσι
2716 4966 2923 5035 τρίϐος,
2966 4964 3305 5040 ἐξείργοντος
3357 4967 3591 5031 οὐδενός.
3632 4968 3804 5039 Περι-

2205 5060 2538 5130 φράττοντος
2573 5058 2675 5130 μὲν
2707 5058 2816 5130 γὰρ
2854 5059 3001 5129 ἡμᾶς
3023 5057 3118 5112 τοῦ
3151 5058 3310 5123 Θεοῦ,
3343 5061 3439 5114 καὶ
3463 5059 3804 5135 ἀπορρήτοις

2203 5152 2343 5204 τισὶν
2383 5151 2728 5222 ἐπικουρίαις
2761 5150 3042 5221 μονονουχὶ
3074 5152 3169 5204 καὶ
3198 5150 3633 5223 ἁνατειχίζοντος
3653 5190 3667 5214 ,
3698 5151 3803 5205 οὐκ

2202 5243 2440 5315 ἐσόμεθα
2484 5243 2638 5314 βατο)⁸
2669 5243 2763 5297 καὶ
2807 5244 2864 5295 ἐν
2895 5242 3049 5310 τάξει
3087 5241 3276 5314 τρίϐου
3313 5247 3428 5308 τοῖς
3465 5242 3802 5315 ἀκαθάρτοις

2208 5337 2535 5409 πνεύμασινο
2579 5335 2702 5390 οὔτε
2751 5335 2859 5408 μὴν
2906 5335 3117 5408 ἕτοιμοι
3161 5336 3299 5407 πρὸς
3333 5335 3643 5410 διαρπαγὴν
3686 5340 3801 5401 τοῖς

2205 5430 2416 5503 θηρίοις
2446 5429 2539 5483 τοῦ
2568 5428 2762 5500 ἀγροῦ,
2797 5428 2894 5481 καὶ
2928 5427 3170 5495 ἀλώπεξι
3206 5431 3408 5502 τρυφή.
3435 5430 3573 5503 Περὶ
3600 5422 3675 5483 ὧν
3709 5428 3802 5495 γέ-

2203 5520 2445 5597 γραπται
2470 5523 2562 5577 καὶ
2584 5524 2641 5576 ἐν
2670 5520 2747 5592 τῷ
2777 5521 3017 5592 ᾌσματι
3047 5521 3153 5575 τῶν
3183 5522 3467 5594 ᾀσμάτων·
3501 5542 3520 5575 ι
3551 5523 3799 5576 Πιάσατε

2202 5621 2333 5692 ἡμῖν
2388 5616 2679 5679 ἀλώπεκας
2736 5614 2969 5685 μικροὺς
3015 5615 3378 5685 ἀφανίζοντας
3423 5615 3726 5687 ἀμπέλους.
3774 5634 3792 5666 ι

2202 5714 2463 5784 Λέγονται
2504 5710 2560 5763 δὲ
2597 5708 2690 5763 καὶ
2732 5708 2947 5781 μερίδες
2991 5708 3297 5767 ἀλωπέκων
3341 5710 3598 5780 γενέσθαι
3624 5709 3790 5775 τινές.
