4100 6468
283 456 382 511 {5|

1449 441 1513 497 IN
1557 439 1798 498 lSAIAM
1836 437 1967 492 LIB.
2010 436 2050 491 Ι.
2095 434 2306 492 ORAT.
2352 436 2440 492 ιιι.
2582 390 2591 401 ἱ
3509 442 3609 496 {43

286 565 565 631 Ἀνιὲντος
617 582 678 618 τε
734 565 847 627 τοῖς
894 563 1105 618 ἀδικεῖν
1148 560 1446 623 ἐθέλουσιν,
1488 558 1582 612 καὶ
1618 554 1901 627 φροντίδος

2016 551 2185 619 portio
2216 550 2451 620 vulpiutu
2491 551 2628 605 fieri.
2667 552 2736 604 Αι
2773 550 2816 605 si
2847 551 2990 606 Deus
3016 565 3118 609 nos
3145 550 3399 622 injuriam
3425 553 3611 616 facere

275 668 380 735 τῆς
398 657 614 716 ἄνωθεν
641 655 1131 728 άπαμφιεννῦντος
1162 652 1321 716 Θεοῦ,
1353 651 1557 713 παντὸς
1591 652 1670 714 εἰς
1704 652 1900 719 πεῖραν

274 754 483 827 ἧξομεν
508 748 713 804 κακοῦ·
740 750 838 803 καὶ
868 749 979 812 πᾶς
1000 745 1253 800 ὁστισοῦν
1275 745 1601 815 ἐντρυφήσει
1634 745 1747 805 τοῖς
1778 742 1900 795 καθ’

276 846 460 918 ἡμῶν.
491 841 602 896 κᾶν
643 843 696 895 εἱ
733 841 929 911 νοητός
959 857 1045 904 τις
1080 841 1165 909 εἴη
1186 838 1423 910 λῃστής·
1456 837 1562 890 κᾶν
1649 839 1676 888 ὁ
1704 839 1760 887 ἐν
1791 837 1904 898 τοῖς

293 939 474 1009 μέλεσι
513 933 725 1007 σαρκὸς
766 932 1068 1004 ἀγριαίνων
1094 932 1279 1001 νόμος
1309 930 1406 984 καὶ
1440 928 1586 982 ἅπαν
1620 928 1778 998 ἡμῶν
1807 927 1903 995 τῆς

291 1030 522 1094 διανοίας
543 1029 610 1082 τὸ
637 1028 853 1099 κίνημα
887 1026 1292 1097 καρποφορήσῃ
1314 1023 1392 1095 τῷ
1420 1023 1654 1094 Σατανᾷ.
1691 1022 1904 1076 Οὐκοῦν

292 1124 407 1194 δίχα
439 1139 501 1174 τε
535 1119 824 1195 φραγμοῦ,
852 1117 950 1179 τοῦ
983 1116 1090 1188 μὴν
1124 1116 1429 1187 ἀτείχιστος
1469 1113 1755 1186 ἁμπελὼν,
1790 1118 1905 1179 τοῖς

291 1214 568 1268 ἐθέλουσιν
632 1212 968 1282 ἁνεθήσεται
1021 1208 1160 1280 πρὸς
1209 1208 1545 1279 διαρπαγήν.
1588 1206 1698 1261 Καὶ
1735 1209 1795 1260 οὐ
1829 1208 1903 1279 μὴ

287 1308 494 1379 τμηθῇ,
527 1306 639 1361 οὐδ’
668 1305 733 1359 οὐ
761 1304 838 1376 μὴ
874 1302 1082 1373 σκαφῇ,
1114 1300 1261 1354 τοῦτ’
1290 1299 1459 1363 ἔστιν,
1492 1299 1751 1371 οὐδεμιᾶς
1787 1303 1907 1353 ὲπι-

287 1401 538 1466 τεύξεται
566 1398 878 1470 φροντίδος,
912 1394 1252 1468 ἐπανορθοῦν
1287 1394 1597 1465 δυναμένης
1641 1396 1730 1448 καὶ
1770 1396 1905 1450 ἀνα-

286 1496 539 1563 κομίζειν
563 1493 662 1547 ἐπὶ
695 1491 756 1545 τδ
781 1492 1030 1563 ἄμεινον,
1054 1489 1148 1543 καὶ
1176 1490 1275 1559 τῆς
1298 1487 1442 1540 οὕτω
1466 1488 1645 1558 δεινῆς
1679 1488 1905 1559 χερσίας

285 1585 668 1639 ἀπαλλάττειν
718 1583 909 1637 αὐτόν.
966 1581 1322 1653 Ἐντελοῦμαι
1376 1580 1487 1651 γὰρ
1535 1581 1598 1652 δὴ
1646 1582 1737 1635 καὶ
1786 1584 1907 1647 ταῖς

285 1682 507 1749 νοηταῖς
547 1677 832 1748 νεφέλαις,
862 1675 1009 1730 τοῦτ’
1038 1675 1175 1742 ἔστι,
1210 1678 1325 1738 τοῖς
1357 1676 1533 1744 ἁγίοις
1577 1676 1905 1745 προφήταις,

283 1774 451 1843 ἣγουν
487 1771 764 1840 δυνάμεσι
804 1772 926 1833 ταῖς
966 1768 1313 1839 άγγελικαῖς,
1352 1767 1446 1821 τοῦ
1488 1768 1562 1839 μὴ
1594 1767 1785 1839 βρέξαι
1829 1770 1911 1832 είς

283 1862 449 1917 αὐτὸν
482 1861 671 1915 ὑετόν·
699 1859 863 1930 δῆλον
887 1859 946 1913 δὲ
969 1860 1052 1913 ὅτι
1076 1859 1168 1913 τὸν
1189 1858 1402 1928 νοητὸν,
1434 1858 1523 1912 τὸν
1550 1857 1626 1922 ὼς
1652 1860 1709 1911 ἐν
1733 1876 1910 1929 παρα-

281 1956 481 2026 κλήσει
542 1957 612 2025 τῇ
653 1954 735 2016 είς
775 1951 903 2006 νοῦν
932 1953 1027 2007 καὶ
1063 1952 1315 2024 καρδίαν,
1349 1954 1443 2005 καὶ
1481 1951 1625 2023 λόγῳ
1671 1951 1748 2023 τῷ
1778 1951 1908 2023 θείῳ

282 2046 701 2119 πραττόμενον.
736 2044 887 2117 Πλὴν
916 2043 1169 2099 ἐντεῦθεν
1207 2044 1324 2098 ἔστι
1359 2044 1597 2115 μάλιστα
1640 2045 1791 2109 ἰδεῖν,
1825 2043 1909 2101 ὅτι

276 2143 393 2207 τοῖς
456 2142 602 2203 υἱοῖς
662 2138 887 2212 Ἰσραὴλ
926 2139 989 2191 οὐ
1042 2137 1147 2211 πρό
1189 2154 1255 2207 γε
1298 2137 1407 2191 τῶν
1454 2139 1554 2210 τῆς
1612 2137 1911 2202 ἐπιδημίας

276 2231 503 2304 καιρῶν
565 2230 637 2285 τὰ
675 2231 856 2285 τοιάδε
889 2229 1272 2303 συμϐήσεσθαι
1301 2248 1469 2302 φησιν
1511 2232 1539 2286 ὁ
1575 2236 1912 2302 προφητικὸς

277 2328 414 2397 ἡμῖν
452 2324 645 2393 λόγος,
678 2323 795 2377 ἀλλ’
816 2325 907 2377 ὅτε
934 2321 1406 2395 πεπαρῳνήκασιν
1432 2324 1513 2385 είς
1542 2322 1800 2393 Χριστόν.
1833 2323 1908 2377 Οὐ

276 2420 384 2489 γὰρ
414 2416 600 2482 ἔστιν,
624 2417 731 2470 οὐκ
756 2416 906 2469 ἔστιν
930 2417 1130 2478 εἰπεῖν,
1151 2415 1320 2486 ἤγουν
1351 2414 1666 2479 καταδεῖξαι
1694 2414 1908 2486 καιρὸν,

275 2510 400 2564 καθ’
462 2510 526 2563 ὃν
575 2509 1011 2564 κατατετέλεκεν
1058 2510 1085 2563 ὀ
1129 2507 1345 2580 Ἰσραὴλ
1391 2507 1692 2580 προφητῶν
1740 2508 1911 2578 ἁγίων

273 2603 427 2674 δίχα.
464 2602 738 2670 Γεγόνασι
791 2602 891 2673 μὲν
928 2602 1040 2673 γάρ
1089 2601 1432 2673 αἰχμάλωτοι
1478 2601 1620 2656 κατᾶ
1658 2603 1908 2673 καιροὺς,

277 2696 372 2748 καὶ
405 2696 501 2760 είς
532 2694 637 2765 τὴν
674 2693 907 2766 Περσῶν
940 2694 1037 2747 κα)⁵
1065 2694 1268 2765 Μήδων
1300 2691 1586 2765 άπῲχοντο
1607 2693 1790 2764 χώραν
1814 2711 1913 2764 γυ-

275 2787 464 2853 ναιξὶν
504 2788 650 2857 ὁμοῦ
686 2786 783 2840 καὶ
810 2785 1115 2857 φιλτάτοις.
1149 2785 1297 2858 Πλὴν
1341 2786 1403 2839 οὐ
1447 2784 1573 2857 δίχα
1612 2786 1912 2859 προφητῶν

275 2882 461 2951 ἁγίων
496 2880 825 2951 κατέϐησαν
858 2880 940 2942 είς
963 2879 1263 2948 Αἴγυπτον,
1296 2879 1587 2952 ᾐρηκότων
1614 2880 1756 2936 κατὰ
1788 2897 1913 2935 και-

279 2974 410 3043 ροὺς
467 2973 574 3041 τὴν
621 2969 916 3039 διαϐόητον
959 2967 1323 3041 Ἰερουσαλὴμ
1364 2968 1473 3022 τῶν
1528 2968 1910 3035 Βαϐυλωνίων,

277 3063 418 3118 ἀλλὰ
458 3062 635 3133 συνῆν
659 3062 852 3125 αὐτοῖς
876 3063 905 3114 6
934 3062 1227 3134 προφήτης
1268 3061 1545 3134 Ἱερεμίας
1563 3101 1578 3126 ,
1623 3064 1736 3126 τοῖς
1765 3061 1911 3116 ἄνω·

278 3160 371 3213 θεν
400 3159 509 3213 καὶ
543 3157 704 3229 παρὰ
732 3156 872 3210 Θεοῦ
909 3157 1332 3229 διακονούμενος
1358 3156 1557 3226 λόγοις.
1604 3157 1826 3230 Ἐπειδὴ
1856 3156 1913 3210 δὲ

278 3252 779 3325 πεπαρῳνήκασιν
804 3253 886 3315 είς
916 3252 1177 3323 Χριστὸν,
1209 3251 1409 3325 ἔρημοι
1440 3250 1701 3324 φραγμοῦ
1733 3251 1914 3305 διατε-

276 3346 569 3409 τελέκασι,
599 3346 700 3400 καὶ
726 3346 883 3401 πᾶσα
909 3345 1093 3399 αὐτῶν
1109 3345 1382 3418 ἀσφάλεια
1407 3346 1718 3401 πέπτωκεν.
1743 3344 1917 3399 Τοῦτο

277 3441 409 3513 γὰρ,
439 3436 632 3512 οἶμαι,
650 3439 774 3494 ἐστὶ
798 3440 862 3493 τὸ
881 3439 1268 3511 καθαιρεῖσθαι
1290 3439 1467 3510 λέγειν
1489 3439 1582 3493 τὸν
1607 3440 1787 3511 τοῖχον
1814 3439 1915 3492 αὐ-

276 3533 396 3586 τοῦ.
429 3532 739 3586 Πέπαυται
776 3529 835 3584 δὲ
875 3533 972 3592 καὶ
1011 3531 1158 3596 ἄπας
1203 3532 1506 3605 προφητῶν
1550 3532 1725 3602 ἁγίων
1757 3534 1784 3586 ὁ
1825 3533 1914 3585 ἐπ’

278 3626 474 3689 αὐτοῖς
513 3624 703 3693 λόγος,
733 3622 830 3677 καὶ
871 3621 1032 3678 ὑετοῦ
1071 3624 1230 3695 δίκην
1261 3622 1516 3696 ἀνασχὼν
1544 3624 1747 3696 τρόπον
1767 3624 1911 3679 τινά⁹

279 3720 372 3773 καὶ
412 3717 846 3772 διαλελοίπασιν
896 3719 953 3773 αί
986 3716 1098 3772 τῶν
1149 3716 1323 3788 ἁγίων
1360 3718 1557 3788 φωναί·
1598 3719 1693 3773 καὶ
1730 3718 1912 3784 τοῦτο,

275 3808 461 3885 οἶμαι,
501 3813 630 3866 ἐστὶ
658 3812 722 3866 τὸ
752 3812 821 3867 δι’
851 3812 973 3877 ἐνὸς
1012 3812 1199 3876 αὐτοῖς
1240 3812 1534 3885 εἰρημένον
1567 3811 1719 3885 παρὰ
1752 3812 1911 3867 Θεοῦο

281 3927 299 3952 ι
324 3904 470 3958 Ἰδοὺ
508 3904 727 3976 ἡμέραι
758 3903 1035 3976 ἔρχονται,
1067 3902 1218 3972 λέγει
1248 3902 1478 3976 Κύριος,
1507 3902 1603 3957 καὶ
1628 3902 1816 3968 ἐπάξω
1842 3902 1916 3957 λι-

281 3994 381 4064 μὸν
407 3994 519 4048 ἐπὶ
546 3994 652 4065 τὴν
682 3994 812 4065 γῆν,
839 3994 903 4048 οὐ
932 3993 1093 4066 λιμὸν
1125 3992 1319 4065 ἄρτου,
1355 3992 1477 4047 οὐδὲ
1508 3992 1667 4064 δίψαν
1697 3992 1912 4058 ὓδατος

277 4088 421 4141 αλλὰ
445 4086 622 4157 λιμὸν
642 4086 740 4141 τοῦ
771 4087 1006 4142 ἀκοῦσαι
1039 4086 1199 4156 λόγον
1227 4087 1458 4157 Κυρίου.
1485 4087 1596 4142 Καὶ
1623 4085 1731 4140 άπὸ
1760 4088 1917 4141 Ἀνα-

274 4181 460 4235 τολῶν
504 4181 619 4245 ἕως
659 4181 758 4234 καὶ
815 4180 1051 4251 Δυσμῶν
1096 4178 1569 4255 περιδραμοῦνται
1621 4178 1914 4252 ζητοῦντες

273 4275 368 4328 τον
409 4274 591 4343 λόγον
640 4273 874 4347 Κυρίου,
924 4276 1020 4328 καὶ
1055 4275 1115 4333 οὐ
1155 4274 1232 4347 μὴ
1265 4272 1490 4348 εὕρωσι.
1530 4292 1549 4326 ι
1602 4274 1713 4327 Καὶ
1757 4272 1917 4326 ταυτὶ

277 4368 404 4437 μὲν,
438 4367 530 4431 ὡς
564 4364 729 4437 ἔφην,
752 4368 866 4430 τοῖς
899 4366 961 4433 ἐξ
997 4366 1211 4440 Ἰσραὴλ
1244 4364 1617 4438 συμϐέϐηκεν,
1646 4365 1741 4419 καὶ
1768 4364 1917 4436 μάλα

275 4461 546 4524 εἰκότως.
593 4457 951 4513 Ἀπεώσαντο
998 4458 1111 4532 γὰρ
1159 4459 1315 4512 αὐτοὶ
1357 4459 1451 4513 τὸν
1488 4458 1599 4512 τῶν
1629 4457 1918 4529 δυνάμεων

274 4554 527 4625 Κύριον,
560 4550 656 4605 τὸν
692 4550 1040 4621 κατάρδοντα
1069 4551 1278 4622 νοητῶς
1313 4550 1494 4623 ψυχάς
1530 4550 1624 4606 καὶ
1659 4550 1911 4623 καρδίας,

2010 645 2311 700 volentibus
2344 644 2631 715 relinquat,
2673 654 2723 699 et
2749 660 2881 699 cura
2920 660 3157 717 superna
3200 647 3372 703 nudet
3419 658 3474 707 et
3518 651 3612 709 de-

2006 740 2199 793 stituat
2222 777 2237 801 ,
2268 739 2319 792 in
2351 738 2598 793 omnium
2628 738 2897 792 malorum
2941 737 3240 794 discrimen
3272 742 3559 799 veniemus
3594 763 3608 799 :

2007 841 2061 884 et
2084 831 2263 901 quivis
2295 846 2394 887 nos
2420 846 2486 885 ac
2527 829 2671 885 bona
2704 839 2888 886 nostra
2926 828 3088 887 facile
3115 832 3357 900 invadet,
3395 835 3510 891 sive
3537 837 3612 893 sit

2009 923 2147 979 latro
2181 924 2450 995 quispiam
2477 920 2854 997 intelligibilis,
2897 926 3013 980 sive
3039 925 3091 979 in
3129 927 3391 983 membris
3428 930 3610 985 carnis

2007 1033 2263 1089 grassaus
2313 1017 2422 1084 lex,
2460 1017 2576 1075 sive
2616 1018 2872 1088 qumlibet
2908 1016 3130 1089 agitatio
3171 1029 3462 1091 motusque
3491 1022 3611 1077 ani-

2010 1126 2221 1169 tuorum
2247 1122 2563 1168 nostrorum
2603 1111 2695 1182 qui
2745 1111 2965 1167 Satanze
2998 1109 3372 1168 fructificabit.
3423 1113 3611 1184 Itaque

2009 1205 2144 1260 citra
2169 1209 2530 1276 sepimentmn
2556 1215 2610 1258 et
2638 1203 2776 1259 citra
2802 1218 3020 1258 murum
3051 1202 3210 1259 vinea
3232 1203 3405 1259 cuivis
3438 1206 3609 1262 relin-

2009 1307 2207 1368 quetur
2246 1298 2314 1352 ad
2363 1297 2842 1369 depraedatiouem.
2917 1297 2987 1352 Et
3038 1312 3146 1354 non
3187 1297 3507 1368 putabitur,
3555 1309 3614 1359 et

2011 1404 2117 1444 non
2149 1388 2405 1455 fodietur,
2435 1390 2488 1445 id
2520 1396 2626 1453 est,
2660 1388 2803 1444 nulla
2842 1389 2893 1446 ei
2926 1404 3059 1446 cura
3092 1390 3460 1462 impendetur,
3488 1406 3611 1463 qute

2010 1495 2130 1534 eam
2154 1480 2326 1551 possit
2358 1481 2652 1551 corrigere,
2697 1492 2752 1537 et
2784 1482 2837 1536 in
2868 1482 3062 1537 melius
3094 1486 3376 1549 reducere,
3434 1494 3489 1539 et
3542 1486 3610 1548 ab

2013 1573 2113 1628 hac
2137 1582 2244 1626 tam
2277 1574 2428 1644 gravi
2472 1574 2760 1629 sterilitate
2803 1574 3061 1633 liberare.
3108 1576 3375 1633 Mnudaho
3426 1589 3608 1633 autem

2012 1664 2272 1732 nubibus,
2307 1667 2409 1720 sub
2450 1665 2863 1735 intelligentiam
2898 1668 3244 1736 cadentibus,
3273 1668 3326 1723 id
3349 1679 3454 1735 est,
3484 1686 3612 1725 san-

2011 1760 2116 1813 ctis
2141 1760 2442 1830 prophetis,
2482 1760 2559 1813 vel
2604 1761 2965 1829 potestatibus
2998 1762 3283 1833 angelicis,
3329 1778 3401 1817 ne
3448 1778 3614 1834 super

2017 1852 2187 1920 ipsam
2216 1852 2444 1907 imbrem
2482 1852 2762 1922 depluant,
2796 1853 2908 1923 82
2934 1853 3147 1915 scilicet
3191 1854 3608 1925 intelligibilem,

2014 1950 2073 1996 ut
2114 1941 2205 2011 qui
2255 1942 2639 1997 exhortatione
2697 1945 2969 2014 verboque
3016 1944 3199 2000 divino
3226 1946 3279 2000 in
3326 1956 3507 2002 mente
3557 1959 3616 2004 et

2012 2035 2178 2091 corde
2221 2036 2524 2107 peragitur.
2576 2034 2776 2092 Verum
2842 2038 2971 2093 hinc
3021 2039 3257 2093 maxime
3300 2041 3613 2111 perspicere

2013 2128 2160 2209 licet,
2193 2144 2503 2185 sermonem
2536 2131 2914 2202 propheticum
2959 2131 3162 2201 dicere,
3200 2148 3310 2189 non
3357 2142 3483 2189 aute
3515 2135 3612 2190 ad-

2013 2233 2205 2279 ventus
2232 2232 2472 2295 tempora
2516 2223 2642 2281 ﬁliis
2665 2224 2834 2281 lsrael
2858 2234 3122 2281 eventura
3161 2226 3303 2294 haec,
3348 2228 3445 2283 sed
3487 2242 3611 2284 cum

2016 2317 2069 2370 in
2103 2315 2379 2372 Christum
2416 2316 2671 2372 baechati
2708 2316 2933 2375 fuerint.
2970 2317 3090 2376 Non
3126 2320 3274 2375 enim
3318 2322 3612 2377 memorari

2012 2409 2098 2466 vel
2123 2411 2483 2467 demonstrari
2529 2423 2745 2485 tempus
2775 2415 2996 2487 poterit,
3041 2431 3150 2487 quo
3192 2416 3364 2475 Israel
3406 2418 3616 2475 sanctis

2013 2505 2294 2574 prephetis
2354 2507 2645 2562 destitutus
2681 2510 2965 2564 manserit.
3023 2508 3157 2564 Nam
3223 2512 3351 2568 olim
3413 2513 3614 2585 captivi

2016 2595 2252 2662 fuerunt,
2291 2608 2341 2651 et
2373 2598 2425 2652 in
2453 2597 2743 2654 Persarum
2770 2615 2836 2655 ac
2868 2599 3145 2656 Medorum
3182 2603 3461 2673 regionem
3498 2606 3612 2663 ,mi-

2013 2698 2371 2759 graruutuna
2402 2705 2524 2745 cum
2572 2692 2835 2747 uxoribus
2881 2702 2938 2748 et
2990 2693 3357 2752 charissimis.
3415 2693 3614 2753 Verum

2015 2786 2135 2841 sine
2158 2784 2438 2855 prophetis
2467 2785 2676 2840 sanctis
2714 2785 2766 2839 in
2801 2783 3099 2857 IEgyptum
3155 2801 3262 2842 non
3316 2787 3617 2846 descende-

2016 2886 2141 2932 runt
2206 2895 2220 2932 :
2290 2892 2413 2932 cum
2479 2875 2760 2949 Babylonii
2826 2877 3248 2934 celeberrimam
3305 2877 3613 2936 Jerusalem

2015 2968 2368 3034 evertissent,
2413 2969 2608 3024 aderat
2652 2978 2835 3026 tamen
2864 2985 2989 3026 cum
3028 2970 3135 3026 illis
3158 2971 3425 3043 propheta
3471 2970 3623 3030 Iere-

2017 3063 2193 3127 mias,
2241 3062 2493 3135 supernis
2547 3072 2603 3120 et
2646 3063 2850 3119 divinis
2891 3063 3237 3121 sermonibus
3291 3064 3617 3123 instructus.

2017 3154 2151 3211 Cum
2187 3170 2316 3211 vero
2353 3156 2406 3210 iu
2442 3154 2724 3211 Christum
2784 3155 3182 3228 blasphemiam
3224 3160 3618 3224 evomuissent,

2017 3249 2325 3319 sepimeuto
2357 3264 2458 3305 suo
2482 3264 2708 3320 prorsus
2746 3259 3069 3318 caruerunt,
3110 3259 3167 3306 et
3201 3253 3384 3309 omnis
3428 3268 3619 3309 eorum

2018 3341 2289 3397 securitas
2324 3342 2582 3397 concidit.
2623 3341 2738 3398 lloc
2781 3344 2954 3409 enim,
3003 3343 3264 3410 arbitror,
3325 3359 3621 3415 possumus

2018 3434 2223 3504 dicere,
2264 3436 2559 3491 maceriam
2607 3450 2796 3493 eorum
2838 3436 3136 3493 sublatam.
3183 3437 3434 3495 Cessavit
3490 3455 3622 3495 vero

2018 3530 2198 3583 omnis
2252 3528 2420 3585 etiam
2477 3529 2619 3585 inter
2671 3528 2793 3586 illos
2843 3534 3161 3585 sanctorum
3225 3530 3619 3603 prepltetarum

2017 3622 2216 3689 oratio,
2252 3631 2309 3678 et
2333 3621 2505 3679 instar
2538 3621 2735 3694 pluviae
2787 3621 3018 3678 inhibita
3066 3630 3151 3678 est
3190 3623 3617 3694 quodammodo,

2018 3722 2070 3767 et
2096 3715 2375 3771 desierunt
2402 3729 2566 3772 voces
2583 3723 2920 3771 sanctorum.
2946 3715 3124 3787 Atque
3150 3715 3255 3772 hoc
3274 3726 3378 3784 est,
3401 3717 3623 3787 opinor,

2018 3808 2163 3877 quod
2191 3807 2296 3863 illis
2331 3824 2428 3878 per
2460 3807 2750 3879 quemdam
2778 3825 2808 3863 a
2857 3807 2967 3865 Deo
2996 3809 3199 3865 dictum
3237 3818 3321 3866 est
3349 3828 3365 3867 :
3406 3829 3427 3864 ι
3482 3810 3624 3871 Ecce

2019 3900 2138 3956 dies
2182 3902 2430 3969 veniunt,
2466 3903 2600 3957 dicit
2660 3902 2945 3969 Dominus,
3007 3903 3260 3960 inducam
3317 3904 3516 3961 famem
3568 3907 3621 3965 in

2021 4004 2245 4061 terram,
2284 4011 2390 4050 non
2438 3995 2637 4052 famem
2683 3997 2863 4068 panis,
2928 4011 3030 4054 nec
3085 3996 3233 4053 sitim
3293 4011 3473 4067 aqum,
3528 3998 3623 4057 sed

2018 4086 2219 4145 famem
2263 4090 2521 4146 audiendi
2559 4092 2787 4146 verbum
2840 4091 3081 4147 Domini.
3138 4091 3223 4147 Ab
3274 4088 3500 4148 Oriente
3554 4091 3623 4148 ad
3684 4128 3689 4131 »

2017 4180 2371 4237 Occidentem
2391 4182 2690 4238 cursabunt
2712 4191 3020 4255 quiaarentes
3036 4199 3348 4241 sermonem
3380 4185 3621 4253 Domini,

2020 4281 2075 4328 et
2103 4289 2209 4329 non
2257 4274 2540 4330 invenient
2574 4276 2641 4329 ".
2686 4295 2708 4330 ι
2767 4277 3131 4347 Contigerunt
3178 4292 3315 4332 sane
3354 4275 3623 4334 lsraelitis

2020 4368 2158 4436 haec,
2189 4377 2246 4423 ut
2276 4368 2546 4435 dicebam,
2577 4384 2687 4426 non
2717 4369 3011 4427 immerito.
3037 4368 3373 4441 Repulerunt
3414 4373 3618 4428 etenim

2016 4463 2401 4519 universorum
2436 4462 2752 4529 Dominum,
2776 4462 2869 4533 qui
2902 4461 3116 4521 animas
3141 4473 3199 4519 et
3238 4465 3404 4520 corda
3459 4466 3623 4536 spiri-

2023 4555 2205 4612 taliter
2230 4556 2445 4626 irrigat,
2468 4566 2523 4612 et
2545 4571 2671 4614 rore
2688 4556 2959 4627 spirituali
2993 4556 3363 4628 pinguefacit;
3388 4574 3621 4632 quorum

276 4650 375 4703 καὶ
431 4643 888 4701 καταπιαίνοντα
934 4642 1150 4716 δρόσοις
1187 4645 1309 4707 ταῖς
1363 4645 1788 4715 πνευματικαῖςο
1838 4636 1912 4698 ὧν

2019 4648 2186 4703 etiam
2239 4652 2432 4705 beatus
2476 4648 2645 4705 David
2692 4649 3025 4706 mentionem
3063 4649 3226 4720 fecit,
3269 4666 3393 4707 cum
3442 4654 3621 4712 dicit:

275 4743 374 4795 καὶ
412 4742 446 4795 6
479 4738 769 4810 μακάριος
796 4737 962 4792 Δαϐὶδ
998 4736 1334 4810 διεμέμνητο
1362 4737 1560 4806 λέγων·
1598 4754 1617 4790 ι
1671 4737 1759 4801 Ὡς
1789 4736 1915 4809 δρόο

275 4852 371 4899 σος
423 4830 665 4902 Ἐρμὼν
694 4830 1107 4886 καταϐαίνουσα
1140 4831 1232 4885 ἐπὶ
1259 4830 1328 4884 τὰ
1354 4830 1457 4904 ὅρη
1486 4828 1647 4885 Σιών.
1684 4850 1706 4885 ι
1753 4830 1916 4902 Ἐγή-

276 4944 488 4999 γερται
520 4925 584 4980 δὲ
613 4921 882 4997 ἀμπελὼν
909 4922 1027 4978 ἀντ’
1055 4925 1268 4978 ἐκείνου
1310 4922 1451 4988 νέος,
1488 4925 1517 4977 6
1548 4922 1658 4977 τῶν
1693 4921 1781 4977 διὰ
1821 4923 1914 4977 πίο⁸

276 5036 463 5083 στεως
521 5014 893 5087 κεκλημένων
939 5016 1022 5080 είς
1062 5016 1358 5087 ἁγιασμόν.
1392 5016 1503 5071 Καὶ
1550 5016 1680 5088 περὶ
1736 5016 1918 5070 αὐτῶν

276 5129 457 5185 φησιν
491 5111 524 5164 ὁ
558 5109 822 5180 Νυμφίος
858 5110 888 5163 6
929 5109 990 5177 ἐξ
1032 5110 1292 5182 οὐρανοῦ,
1331 5108 1476 5164 τοῦτ’
1500 5109 1619 5165 ἔστι
1655 5109 1915 5183 Χριστός·

272 5207 346 5260 Δί
392 5202 656 5276 ἄμπελοι
694 5192 1083 5276 κυτὲρίζουσιν,
1122 5203 1333 5257 ἔδωκαν
1359 5204 1560 5275 ὀσμήν.
1600 5205 1712 5257 Καὶ
1750 5204 1918 5269 αὐτὸς

280 5298 388 5369 μέν
423 5299 555 5351 ἐστι
579 5297 616 5369 ἡ
649 5294 847 5370 πρώτη
869 5313 930 5350 τε
957 5296 1055 5352 καὶ
1082 5297 1350 5367 παναγία,
1382 5297 1479 5351 καὶ
1508 5296 1718 5370 ἀληθὴς
1743 5297 1919 5370 ἄμπεσ

277 5389 400 5455 λος.
437 5386 857 5463 Ἀπηρτήμεθα
893 5388 953 5443 δὲ
995 5388 1164 5444 αὐτοῦ
1206 5391 1369 5461 ἡμεῖς
1403 5389 1701 5461 κλημάτων
1735 5389 1919 5461 δίκην,

278 5483 385 5553 τῆς
424 5484 568 5555 παρ’
600 5481 774 5538 αὑτοῦ
810 5481 1081 5549 ξωοποιοῦ
1122 5484 1380 5555 πιότητος
1412 5482 1921 5555 ἀναπιμπλάμενοι.

279 5576 399 5630 Καὶ
440 5576 581 5647 γοῦν
625 5576 879 5648 ἔφασκεν
911 5577 1183 5650 ἐναργῶς⁸
1222 5596 1241 5629 ι
1274 5575 1418 5646 Ἐγώ
1455 5578 1572 5649 εἰμι
1608 5579 1641 5647 ἠ
1678 5576 1927 5647 ἄμπελος

282 5667 532 5742 ἀληθὴς,
561 5671 665 5725 καὶ
701 5672 732 5725 6
764 5670 963 5742 Πατήρ
995 5686 1103 5740 μου
1139 5672 1386 5744 γεωργός
1416 5672 1554 5725 ἐστι’
1588 5673 1698 5724 πᾶν
1737 5671 1925 5742 κλῆμα

282 5760 349 5817 ἑν
380 5763 517 5834 ἐμοὶ
548 5764 626 5836 μὴ
657 5763 826 5836 φέρον
851 5763 1068 5836 καρπὸν
1099 5764 1249 5836 αἴρει
1280 5764 1432 5830 αὐτὸ,
1458 5764 1553 5818 καὶ
1586 5766 1695 5817 πᾶν
1733 5764 1793 5818 τὸ
1822 5763 1923 5833 φέ-

2032 4758 2051 4792 r
2064 4738 2101 4794 ν
2112 4739 2223 4796 elut
2245 4756 2335 4798 ros
2347 4739 2588 4798 Hermon
2605 4741 2945 4799 descendens
2961 4757 3125 4814 super
3140 4753 3352 4801 montes
3370 4745 3501 4802 Sion
3515 4747 3584 4801 ⁷⁸.
3599 4769 3619 4800 ι

2024 4834 2351 4893 Exsurrexit
2379 4847 2561 4893 autem
2595 4837 2712 4892 loco
2740 4836 2884 4893 illius
2922 4836 3075 4891 vinea
3100 4853 3276 4906 nova,
3315 4854 3505 4896 eorum
3531 4840 3623 4911 qui

2027 4927 2203 4983 vocati
2231 4936 2359 4983 sunt
2390 4944 2488 5009 ρος
2534 4929 2696 4988 fidem
2738 4928 2805 4983 ad
2856 4929 3372 4989 sanctiﬁcationem.
3427 4933 3510 4991 Ac
3558 4934 3627 4990 de

2026 5020 2134 5078 illis
2177 5020 2354 5092 inquit
2387 5020 2632 5092 Sponsus
2664 5019 2934 5089 caelestis,
2962 5021 3016 5079 id
3047 5031 3134 5080 est
3158 5023 3434 5095 Christus,
3461 5024 3622 5083 Vites

2020 5113 2358 5183 germinant,
2401 5112 2673 5169 dederunt
2719 5113 2965 5170 odorem.
2984 5112 3053 5169 Et
3088 5104 3181 5170 ille
3223 5124 3308 5173 est
3350 5117 3526 5189 prima
3572 5127 3628 5174 et

2024 5206 2371 5271 sanctissima
2402 5218 2457 5263 et
2480 5223 2609 5265 vera
2635 5208 2762 5266 vitis
2793 5226 2863 5266 :a
2898 5224 3006 5282 qua
3033 5226 3133 5270 nos
3178 5215 3484 5283 pendemus
3526 5229 3625 5277 ceu

2024 5301 2302 5371 palmites,
2340 5302 2556 5358 vivifica
2584 5304 2918 5375 pinguedine
2951 5305 3022 5362 ab
3057 5304 3149 5362 illo
3183 5305 3399 5377 repleti.
3443 5305 3624 5377 Siqui-

2026 5393 2151 5449 dem
2183 5394 2332 5450 clare
2360 5394 2541 5451 dixit:
2579 5412 2598 5447 ι
2647 5393 2760 5466 Ego
2793 5410 2916 5452 sum
2965 5397 3093 5453 vitis
3146 5412 3295 5467 vera,
3349 5405 3405 5453 et
3461 5380 3625 5453 Pater

2024 5499 2183 5541 meus
2211 5483 2445 5558 agricola
2488 5494 2617 5554 est;
2657 5501 2876 5543 omnem
2935 5486 3216 5559 palmitem
3266 5488 3318 5540 in
3380 5500 3467 5542 me
3514 5501 3622 5543 nun

2026 5576 2292 5634 ferentem
2326 5576 2564 5634 fructum
2613 5578 2775 5646 tollit,
2826 5587 2881 5635 et
2922 5594 3138 5634 omnem
3208 5579 3299 5648 qui
3353 5574 3460 5633 fert
3508 5577 3624 5634 fru-

2008 5681 2197 5736 tctum,
2217 5680 2433 5744 purgat,
2462 5682 2524 5728 ut
2563 5671 2799 5730 fructum
2823 5672 3136 5730 uberiorem
3167 5669 3310 5727 ferat
3334 5669 3403 5729 ".
3424 5691 3445 5729 ι
3485 5682 3621 5732 Cum

2024 5780 2156 5821 vero
2185 5765 2260 5823 illi
2291 5766 2470 5839 agnati
2506 5781 2573 5823 ac
2620 5767 2767 5823 insiti
2812 5766 2985 5823 simus
3032 5778 3132 5836 per
3178 5764 3620 5836 coniunctionem

380 5924 621 6007 "Arpos
656 5941 782 5997 vtu,
816 5926 907 5982 Η.
968 5925 1032 6007 1'
1065 5924 1204 5982 l’sal.
1238 5939 1451 5995 cum,
1482 5924 1536 5980 5.
1616 5925 1662 5957 ⁷⁸
1696 5923 1855 5980 Joan.
1882 5938 1976 5994 xv,
2012 5923 2065 5992 l,
2092 5925 2148 5982 2.
