4100 6494
523 379 628 438 Ηδ

1518 376 1575 432 8.
1615 372 1891 431 οιιιιιιι
1930 373 2407 431 ALEXANDRINI
2446 373 2767 433 ARCHIEP.

3694 389 3794 444 ιιι

515 493 767 549 videlicet
802 489 1168 563 spiritualem,
1205 486 1470 544 fruetuori
1516 486 1715 543 redditi
1769 501 1979 544 sumus.
2031 488 2100 542 Ad

2219 507 2311 562 ρον
2344 490 2559 562 καρπὸν
2588 491 2845 564 καθαίρει
2873 492 3025 558 αὐτὸ,
3062 493 3150 548 ίνα
3188 495 3400 566 καρπὸν
3438 496 3663 553 πλείονα
3706 508 3793 571 eg-

513 586 618 643 hoc
653 601 753 641 nos
778 587 1064 642 confirmat
1097 585 1212 653 ipse
1239 595 1363 637 cum
1405 582 1481 635 ait
1520 598 1532 636 :
1571 598 1591 633 ι
1640 578 1855 637 Maneto
1896 584 1949 635 in
1996 594 2103 649 me,

509 680 622 754 83
650 689 702 735 et
722 694 822 750 ego
842 680 895 733 in
918 677 1093 732 vobis.
1118 674 1586 743 Quemadmodum
1623 674 1830 744 palmes
1873 689 1978 729 non
2017 689 2107 745 po-

513 784 620 830 test
662 774 893 828 fructum
928 769 1073 825 ferre
1103 784 1132 824 a
1175 768 1374 837 seipso,
1423 767 1525 823 nisi
1561 777 1778 822 maneat
1823 766 1875 821 in
1924 767 2033 821 vite
2088 784 2100 820 :

508 866 589 922 sic
615 877 793 934 neque
825 877 943 927 vos,
976 861 1081 917 nisi
1112 860 1382 916 maneatis
1411 858 1465 914 in
1507 874 1614 914 me.
1658 857 1769 929 Ego
1794 873 1911 912 sum
1955 857 2100 924 vitis,

509 972 605 1013 vos
636 956 885 1027 palmites
921 973 936 1011 :
968 955 1057 1023 qui
1095 965 1278 1009 manet
1316 953 1370 1007 in
1407 966 1514 1017 me,
1545 960 1599 1007 et
1629 965 1732 1021 ego
1783 952 1834 1005 in
1875 949 1986 1017 illo,
2012 950 2105 1008 ille

509 1046 611 1102 fert
656 1044 894 1108 fructum
926 1045 1205 1114 copiosum
1241 1061 1254 1099 :
1293 1045 1421 1113 quia
1458 1043 1575 1099 sine
1604 1057 1690 1097 me
1729 1057 1835 1097 non
1874 1042 2104 1112 potestis

508 1134 688 1192 facere
740 1136 1036 1207 quidquam
1079 1135 1148 1189 ".
1190 1152 1210 1186 ι
1263 1133 1396 1191 Dico
1456 1134 1639 1203 itaque
1690 1140 1944 1204 oportere
2007 1147 2104 1202 per

509 1226 669 1283 fidem
694 1234 749 1281 et
779 1226 1127 1281 dilectionem
1155 1235 1211 1282 et
1244 1225 1609 1280 obedientiam
1648 1238 1746 1295 per
1771 1225 1973 1289 omnia,
2005 1227 2101 1282 viti

507 1332 673 1385 verte,
709 1320 762 1373 id
802 1327 905 1382 est,
954 1317 1194 1386 Christo,
1230 1318 1622 1373 adhmrescere.
1668 1316 1786 1388 Ipse
1832 1317 2100 1387 siquidem

509 1414 702 1469 reddet
724 1429 827 1469 nos
864 1411 1175 1485 frugiferos,
1226 1411 1343 1483 ipse
1386 1409 1742 1466 circumdabit
1795 1423 2003 1480 sepem.
2049 1417 2102 1464 et

508 1506 770 1564 excitabit
801 1521 1036 1571 murum,
1072 1512 1128 1560 et
1152 1503 1361 1559 arcebit
1394 1510 1758 1557 transeuntes.
1803 1499 1871 1555 Et
1915 1502 1981 1554 ad
2025 1501 2104 1571 ip-

508 1614 626 1654 sum
654 1597 853 1653 alicubi
878 1597 1008 1652 dicit
1035 1609 1249 1650 sacrum
1279 1593 1560 1649 oraculum
1594 1610 1609 1648 :
1648 1610 1668 1646 ι
1704 1591 1770 1647 Et
1808 1602 2100 1649 exstruen-

509 1697 598 1743 tur
643 1686 961 1742 solitudines
1006 1694 1109 1740 tua:
1155 1692 1453 1755 perpetuae,
1489 1693 1546 1738 et
1580 1691 1993 1738 monumentum
2048 1682 2099 1736 in

506 1788 710 1845 retates,
746 1789 801 1834 et
840 1776 1127 1833 vocaberis
1163 1776 1467 1832 aedificator
1509 1776 1741 1847 sepium,
1776 1784 1832 1832 et
1877 1776 2101 1831 semitas

507 1871 861 1927 intertnedias
884 1884 1100 1927 cessare
1128 1869 1297 1925 facies
1325 1869 1394 1921 ⁷⁸.
1438 1888 1458 1922 ι

2213 597 2301 652 ρῃ.
2348 601 2367 633 ι
2416 581 2636 654 Ἐπειδὴ
2661 583 2718 636 δὲ
2751 581 2899 653 αύτῷ
2929 586 3398 658 προσπεφύκαμεν
3432 586 3498 640 δι’
3531 590 3792 665 οίκειότη-

2208 689 2323 737 τος,
2354 672 2514 742 δῆλον
2572 674 2656 727 δτι
2705 675 2805 745 τῆς
2860 677 3257 747 πνευματικῆς,
3325 678 3792 752 ἀποτετελέσμεθα

2207 765 2570 838 καρποφόροι·
2615 768 2707 821 καὶ
2740 768 2875 838 πρός
2900 785 2961 835 γε
2996 768 3152 823 τοῦτο
3180 771 3329 840 ἡμᾶς
3366 772 3595 843 ἐμπεδοί
3625 774 3793 845 λέγων

2208 856 2390 922 αὐτός’
2427 877 2445 910 t
2482 858 2717 913 Μείνατε
2750 861 2809 914 ἐν
2847 861 2994 932 ἐμοὶ,
3029 860 3187 930 κάγὼ
3228 865 3286 916 ὲν
3312 864 3463 935 ὑμῖν.
3499 866 3702 932 Καθὼς
3736 870 3795 922 τὸ

2206 948 2395 1020 κλῆμα
2424 950 2485 1003 οὑ
2514 949 2738 1005 δύναται
2765 952 2977 1024 καρπὸν
3000 952 3188 1025 φέρειν
3217 955 3313 1024 ἀφ’
3343 957 3559 1021 ἑαυτοῦ,
3590 960 3686 1013 ὲάν
3722 964 3794 1032 μὴ

2209 1040 2374 1113 μείνῃ
2415 1043 2474 1095 ὲν
2505 1044 2572 1115 τῇ
2616 1044 2846 1115 ἀμπέλῳ
2868 1063 2880 1076 ·
2913 1045 3086 1109 οὕτως
3114 1046 3236 1100 οὐδὲ
3276 1046 3454 1119 ὑμεῖς,
3490 1049 3588 1104 ἐὰν
3626 1051 3701 1123 μὴ
3740 1054 3795 1105 ἐν

2205 1133 2331 1204 ἐμοὶ
2367 1134 2609 1207 μείνητε.
2646 1136 2786 1205 Ἐγώ
2812 1140 2927 1210 είμι
2951 1139 2984 1210 ἡ
3014 1140 3277 1210 ἄμπελος,
3309 1141 3468 1212 ὑμεῖς
3494 1141 3549 1195 δὲ
3576 1142 3645 1197 τὰ
3667 1145 3795 1216 κλή-

2207 1241 2377 1296 ματα*
2420 1228 2449 1280 6
2495 1226 2672 1296 μένων
2704 1229 2762 1280 έν
2795 1228 2938 1299 ἐμοὶ,
2965 1228 3121 1299 κάγὼ
3154 1230 3214 1283 ὲν
3249 1231 3419 1302 αὐτῷ,
3455 1226 3611 1296 οὗτος
3643 1235 3794 1305 φέρει

2205 1316 2418 1388 καρπὸν
2468 1318 2656 1385 πολὺν,
2709 1320 2790 1373 δτι
2830 1326 3002 1393 χωρὶς
3050 1322 3184 1393 ἐμοῦ
3234 1323 3295 1375 ού
3342 1323 3573 1378 δύνασθε
3625 1330 3795 1379 ποιεῖν

2204 1408 2376 1463 οὐδέν.
2417 1428 2436 1462 ι
2481 1410 2697 1482 Χρῆναι
2730 1412 2788 1466 δὲ
2829 1409 2921 1466 οὖν
2947 1413 3124 1483 ἔγωγέ
3158 1433 3298 1487 φημι
3331 1419 3790 1489 προσερηρεῖσθαι

2202 1501 2311 1556 δεῖν
2336 1501 2424 1556 διὰ
2465 1503 2703 1569 πίστεως
2743 1506 2837 1559 καὶ
2868 1506 3090 1578 ἀγάπης
3133 1508 3225 1561 καὶ
3253 1508 3350 1578 τῆς
3379 1501 3461 1573 είς
3486 1512 3593 1563 πᾶν
3616 1510 3794 1563 ὁτιοῦν

2204 1591 2517 1658 εὐπειθείας
2552 1597 2618 1666 τῇ
2653 1595 2884 1667 ἀμπέλῳ
2912 1599 2978 1668 τῇ
3013 1596 3265 1670 ἀληθινῇ,
3306 1599 3452 1652 τοῦτ’
3485 1600 3621 1664 ἔστι,
3656 1600 3787 1672 Χρι-

2206 1684 2335 1757 στῷ.
2369 1686 2540 1750 Αὐτὸς
2578 1686 2687 1759 γὰρ
2724 1691 2873 1759 ἡμᾶς
2902 1690 3173 1760 ἀποφανεῖ
3202 1692 3605 1763 καρποφόρους,
3632 1694 3793 1757 αὐτὸς

2206 1775 2492 1846 περιθήσει
2527 1777 2801 1849 φραγμὸν,
2834 1778 2927 1831 καὶ
2974 1779 3158 1850 ἐγερεῖ
3189 1780 3248 1832 τὸ
3285 1783 3481 1853 τεῖχος,
3525 1783 3618 1836 καὶ
3654 1785 3792 1837 ἀπο·

2131 1857 2172 1911 Β
2203 1869 2390 1939 στήσει
2418 1867 2773 1933 διοδεύοντας.
2817 1872 2928 1925 Καὶ
2956 1870 3093 1943 πρὸς
3125 1871 3286 1925 αὐτόν
3321 1871 3423 1925 πού
3454 1888 3585 1942 φησι
3613 1872 3794 1942 λόγιον

505 1962 671 2036 ἱερόν·
719 1979 739 2014 ι
774 1960 889 2017 Καὶ
937 1958 1457 2033 οίκοδομηθήσονταί
1498 1975 1591 2013 σου
1631 1957 1828 2031 ἔρημοι
1867 1957 2098 2021 αίώνιοι,
2141 1955 2235 2009 καὶ
2298 1956 2646 2026 μνημόσυνον
2684 1955 2889 2025 γενεῶν
2957 1962 3194 2027 γενεαῖς,
3227 1961 3319 2014 καὶ
3359 1961 3605 2034 κληθήσῃ
3647 1964 3795 2017 olm-

506 2055 670 2128 δόμος
694 2055 988 2128 φραγμῶν,
1020 2053 1239 2119 καὶτὰς
1273 2053 1493 2127 τρίϐους
1515 2052 1615 2118 τὰς
1636 2052 1740 2107 ἀνὰ
1772 2052 1935 2124 μέσον
1968 2050 2215 2114 παύσεις.
2258 2068 2278 2102 ι

580 2151 751 2208 Vens.
807 2149 860 2204 7.
916 2146 1081 2203 Vinea
1132 2148 1271 2203 enim
1331 2147 1545 2203 Domini
1601 2146 1855 2212 Sabaoth,
1912 2148 2101 2202 domus

508 2240 718 2308 Israel,
764 2252 812 2296 et
867 2242 1023 2295 homo
1081 2239 1258 2305 ludo,
1313 2238 1519 2295 novella
1576 2239 1837 2309 plantatio
1883 2238 2097 2293 dilecta.

508 2334 822 2406 Easpectari
864 2344 914 2386 nt
944 2331 1135 2401 faceret
1162 2331 1450 2400 judicium,
1478 2337 1535 2383 at
1581 2329 1705 2399 fecit
1746 2329 2098 2400 iniquitatem,

506 2436 554 2482 et
598 2443 702 2482 non
720 2426 1009 2497 justitiam,
1040 2424 1130 2477 sed
1161 2422 1465 2477 clamorem.

574 2518 805 2589 Liquida
851 2518 904 2571 in
938 2517 1024 2572 his
1059 2516 1240 2570 verbis
1286 2513 1549 2579 ostendit,
1593 2527 1698 2568 non
1739 2528 1800 2568 se
1835 2512 1980 2583 loqui
2033 2512 2101 2569 de

507 2610 661 2664 vinea
711 2607 963 2663 sensibus
1014 2604 1265 2674 objecta,
1334 2604 1428 2659 sed
1494 2603 1771 2657 intellectu
1822 2612 2097 2673 percepta.

504 2700 683 2756 Sumit
708 2698 853 2752 enim
891 2697 1005 2753 fere
1049 2710 1267 2766 semper
1309 2694 1596 2764 Scriptura
1635 2692 1895 2748 divinitus
1932 2691 2101 2760 inspi-

504 2803 618 2845 rata
659 2788 905 2857 exempla
939 2800 1062 2858 quae
1109 2794 1374 2856 apparent
1412 2794 1468 2840 et
1512 2792 1721 2854 patent,
1766 2782 1832 2836 ad
1878 2781 2100 2838 demon-

504 2883 829 2939 strationem
884 2894 1070 2934 rerum
1115 2876 1523 2941 obscuriorum,
1560 2884 1616 2930 et
1649 2876 1749 2930 sub
1796 2874 2095 2943 intelligen-

504 2981 634 3033 tiam
689 2973 1011 3029 viventium.
1056 2969 1153 3024 Est
1206 2970 1376 3035 enim,
1431 2968 1629 3037 inquit,
1679 2966 1837 3021 vinea
1886 2964 2097 3021 Domini

505 3068 764 3133 Sabaoth,
792 3079 846 3121 et
875 3079 1094 3136 germen
1114 3062 1395 3128 dilectum,
1421 3061 1612 3117 damus
1639 3057 1824 3123 Israel,
1853 3069 1909 3113 et
1938 3058 2100 3114 homo

506 3162 662 3220 Iuda.
700 3161 1088 3217 Verumtamen
1126 3170 1250 3211 cum
1290 3154 1438 3209 illam
1471 3152 1619 3208 omni
1651 3148 2021 3207 misericordia
2046 3156 2103 3202 et

505 3254 797 3314 dilectione
821 3252 1099 3322 dignarer,
1129 3257 1184 3305 et
1214 3245 1365 3304 omni
1401 3260 1530 3301 cura
1558 3256 1921 3316 prosequerer
1946 3280 1962 3305 ,
1990 3253 2100 3295 non

506 3347 608 3404 fuit
641 3357 985 3402 racemorum
1024 3328 1205 3405 ferar,
1253 3352 1358 3393 non
1409 3335 1539 3392 vitis
1590 3348 1877 3406 generosa,
1926 3331 2099 3401 legem

2290 2143 2353 2198 '0
2395 2144 2505 2215 γὰρ
2545 2144 2834 2216 ἀμπελὼν
2888 2147 3108 2216 Κυρίου
3161 2147 3436 2213 Σαϐαὼθ,
3486 2143 3655 2215 οἶκος
3685 2148 3792 2204 τοῦ

2215 2236 2463 2307 Ἰσραήλ
2490 2238 2643 2303 ἐστι,
2663 2237 2761 2292 καί
2784 2238 3094 2309 ἅνθρωπος
3120 2239 3226 2294 τοῦ
3257 2240 3472 2305 Ἰούδα,
3494 2243 3794 2310 νεόφυτον

2200 2327 2610 2398 ἠγαπημένον.
2632 2330 2879 2399 Ἔμεινα
2896 2328 3002 2384 τοῦ
3034 2330 3284 2399 ποιῆσαι
3304 2332 3526 2398 κρίσιν,
3539 2332 3793 2399 ἐποίησε

2200 2418 2270 2472 δὲ
2285 2420 2543 2490 ἀνομίαν
2566 2422 2663 2475 καί
2693 2423 2765 2476 οὐ
2798 2420 3218 2490 δικαιοσύνην,
3242 2424 3405 2477 ἀλλὰ
3427 2422 3721 2493 κραυγήν.

2284 2508 2653 2579 Ἀποδέδειχεν
2683 2511 2931 2582 ἐναργῶς
2980 2515 3038 2565 ὲν
3091 2511 3322 2576 τούτοις,
3359 2512 3553 2584 ὅτιπερ
3577 2515 3605 2566 6
3633 2513 3794 2582 λόγος

2201 2603 2353 2674 αὐτῷ
2386 2602 2613 2673 γέγονεν
2638 2606 2702 2658 οὐ
2740 2606 2868 2677 περὶ
2911 2606 3171 2677 αἰσθητοῦ
3206 2607 3407 2677 μᾶλλον
3436 2607 3791 2678 ἀμπελῶνος.

2200 2694 2336 2748 ἀλλὰ
2363 2695 2489 2766 περὶ
2514 2695 2727 2767 νοητοῦ.
2744 2697 2969 2767 Δέχεται
2996 2698 3105 2768 γὰρ
3126 2698 3211 2751 ἀεί
3237 2716 3351 2761 πως
3376 2699 3409 2769 ἡ
3434 2698 3793 2762 θεόπνευστος

2200 2786 2392 2857 Γραφὴ
2423 2786 2492 2840 τὰ
2522 2788 2742 2859 ἐμφανῆ
2783 2789 2892 2843 τῶν
2941 2790 3404 2860 παραδειγμάτων
3441 2791 3521 2855 είς
3567 2792 3795 2857 ἔνδειξιν

2198 2879 2308 2934 τῶν
2334 2879 2720 2949 ἀφανεστέρων
2764 2881 2857 2932 καὶ
2885 2880 3094 2952 νοητῶν
3134 2882 3497 2953 πραγμάτων.
3542 2884 3655 2937 Καὶ
3688 2884 3794 2955 γάρ

2202 2976 2345 3039 ἐστι,
2373 2973 2557 3044 φησὶν,
2593 2971 2903 3044 ὁάμπε).ὼν
2936 2972 3030 3027 τοῦ
3063 2974 3269 3046 Κυρίου
3305 2973 3552 3039 Σαϐαὼθ,
3598 2977 3697 3029 καὶ
3739 2978 3797 3027 τὸ

2201 3066 2458 3135 νεόφυτον
2502 3065 2885 3136 ἠγαπημένον,
2923 3067 2953 3120 6
3015 3060 3162 3130 οἶκος
3213 3066 3308 3119 τοῦ
3353 3066 3587 3138 Ἰσραὴλ,
3633 3067 3732 3121 καὶ
3769 3069 3799 3119 6

2200 3158 2487 3230 ἄνθρωπος
2530 3157 2625 3211 τοῦ
2677 3157 2869 3211 Ἰούδα.
2921 3157 3084 3211 Ἀλλά
3135 3159 3312 3211 καίτοι
3363 3158 3465 3229 τῆς
3511 3157 3641 3231 παρ’
3673 3161 3797 3231 ἐμοὶ

2202 3250 2418 3321 φειδοῦς
2442 3251 2539 3307 καὶ
2562 3251 2785 3322 ἀγάπης
2814 3250 3141 3322 ἠξιωμένος,
3194 3250 3288 3303 καὶ
3311 3249 3492 3320 πάσης
3512 3250 3798 3320 φροντίδος

2206 3340 2616 3407 ἀπολελαυκὼς,
2670 3341 2732 3395 ού
2783 3341 3007 3409 γέγονεν
3070 3340 3354 3413 εῠσοτρυς,
3408 3341 3508 3395 οὐκ
3548 3341 3799 3412 ἄμπελος

506 3456 615 3498 non
660 3437 849 3503 coluit,
882 3449 991 3491 non
1020 3430 1244 3503 probam
1290 3442 1466 3498 neque
1510 3434 1755 3482 sanctam
1804 3423 1970 3478 vitam
2008 3421 2100 3476 de-

2202 3425 2453 3500 εὐγενὴς,
2493 3428 2556 3481 οὐ
2583 3424 2850 3497 τετίμηκε
2881 3426 3070 3496 νόμον,
3103 3426 3225 3479 οὐδὲ
3263 3427 3480 3498 ἐπιεικῆ
3506 3428 3599 3480 καὶ
3628 3426 3802 3497 ἁγίαν

504 3533 608 3605 git,
642 3529 738 3587 sed
782 3542 932 3600 spem
966 3522 1220 3595 agricola:
1250 3520 1415 3578 veluti
1452 3517 1661 3575 fefellit.
1712 3516 1825 3588 Ego
1880 3514 2099 3586 quidem

505 3620 819 3694 exspectavi
846 3617 1135 3689 judicium,
1178 3613 1233 3669 id
1275 3621 1383 3679 est,
1413 3625 1482 3667 ex
1512 3608 1695 3664 animo
1750 3608 1966 3663 sincero
2007 3618 2099 3659 re-

510 3723 680 3778 ctam,
713 3721 769 3768 et
795 3712 848 3765 in
879 3706 1134 3764 omnibus
1161 3705 1325 3761 rebus
1351 3702 1577 3772 agendis
1613 3699 1926 3770 opinionem
1964 3697 2101 3752 irre-

506 3802 930 3878 prehensibilem
963 3813 1056 3855 seu
1081 3797 1369 3867 judicium.
1408 3793 1515 3850 Sed
1547 3792 1659 3857 illa,
1692 3791 1887 3861 inquit,
1914 3797 2099 3859 patra-

505 3900 586 3954 vit
616 3896 981 3965 iniquitatem.
1015 3889 1233 3960 Alioqui
1253 3887 1399 3945 enim
1429 3883 1704 3956 quomodo
1745 3882 1873 3936 vitis
1913 3880 2099 3951 spinas

504 3988 761 4065 pareret?
805 3987 997 4057 Itaque
1045 3982 1260 4046 fefellit,
1309 3988 1370 4035 ut
1422 3979 1534 4048 jam
1588 3975 1720 4032 dixi.
1753 3974 1912 4031 Unde
1953 3972 2100 4028 enim

504 4097 723 4155 aquam
755 4087 874 4135 erat
905 4076 1132 4148 iustitiae
1168 4073 1377 4130 fruetus
1413 4081 1680 4132 crescere,
1725 4065 1852 4121 inde
1906 4074 2101 4134 praeter

504 4172 966 4248 exspectationem
1008 4168 1153 4225 edita
1187 4173 1275 4221 est
1305 4163 1411 4218 vita
1443 4175 1565 4231 qua:
1600 4170 1654 4215 et
1697 4173 1727 4213 a
1756 4156 1927 4213 sacris
1968 4155 2101 4227 legi-

504 4271 610 4326 bus
636 4266 815 4322 aliena
863 4270 1003 4327 erat,
1055 4266 1110 4317 et
1150 4256 1352 4315 divinis
1404 4252 1689 4325 praeceptis
1742 4248 2096 4321 repugnabat.

503 4359 716 4417 Idcirco
745 4354 879 4412 fecit
904 4351 1251 4423 iniquitatem
1280 4356 1336 4406 et
1381 4361 1488 4403 non
1523 4344 1815 4415 justitiam,
1852 4340 1948 4397 sed
1984 4340 2099 4396 cla-

504 4465 741 4509 morem.
774 4447 1081 4502 Clamorem
1109 4450 1291 4497 autem
1323 4440 1448 4505 hoc,
1481 4438 1697 4509 Opinor,
1717 4434 1847 4490 dicit
1879 4445 2102 4488 :osten-

503 4550 642 4601 dens
666 4541 835 4596 vitam
862 4550 1054 4594 eorum
1086 4531 1368 4589 iracundia
1409 4529 1765 4601 praecipitem,
1803 4536 1860 4582 et
1887 4527 2099 4596 plenam

508 4631 856 4689 tumultibus.
896 4627 1078 4695 Quare
1123 4632 1178 4680 et
1227 4624 1441 4678 divinus
1493 4620 1694 4675 Paulus
1746 4616 2102 4672 sanetiticatis

507 4726 761 4800 praecipit
791 4725 980 4780 dicens
1008 4735 1022 4774 :
1054 4717 1169 4792 84
1195 4736 1214 4770 ι
1246 4715 1436 4773 Omnis
1461 4724 1640 4768 autem
1661 4711 1886 4771 clamor,
1922 4710 2098 4773 etira,

502 4832 558 4876 et
595 4820 775 4883 furor,
804 4826 861 4872 et
902 4814 1252 4872 maledictum
1303 4810 1522 4865 tollatur
1560 4821 1591 4860 a
1622 4804 1797 4867 vobis,
1838 4811 1893 4855 et
1939 4814 2102 4856 omne

507 4912 705 4968 vitium
745 4910 815 4964 ".
853 4927 874 4961 ι
907 4904 1096 4977 Neque
1123 4917 1256 4960 vero
1282 4903 1439 4958 decet
1488 4913 1583 4954 eos
1630 4897 1721 4966 qui
1764 4903 1945 4950 mente
1988 4902 2100 4947 sta-

505 5004 603 5061 bili
642 5019 707 5061 ac
738 5003 926 5060 sedata
954 4997 1168 5072 praditi
1200 5003 1348 5060 sunt,
1380 4991 1595 5050 stolidis
1643 4989 1721 5043 uti
1757 4985 2103 5042 vociferatio-

507 5102 671 5156 nibus
698 5117 717 5155 :
744 5095 841 5154 sed
870 5095 957 5151 bis
983 5091 1242 5150 convenit
1272 5087 1448 5159 magis
1475 5085 1678 5155 quibus
1717 5082 1827 5137 vita
1856 5090 1943 5137 est
1976 5080 2105 5134 labi-

509 5194 582 5247 lis
596 5202 653 5247 et
684 5186 918 5253 lubrica,
949 5185 1059 5241 imo
1080 5182 1148 5239 ad
1175 5193 1336 5238 omne
1366 5177 1576 5232 facinus
1597 5173 1874 5245 proclivis,
1910 5180 1965 5227 et
2005 5172 2096 5241 qui

513 5268 702 5340 furore
732 5266 908 5349 magis
936 5287 1100 5346 quam
1128 5262 1428 5342 prudentia
1464 5268 1630 5323 vitam
1666 5267 1975 5321 instituunt.
2004 5262 2098 5317 Vi—

513 5366 674 5431 detur
688 5371 850 5428 etiam
889 5364 1287 5423 atrocissimam
1309 5360 1622 5418 Iudaeorum
1653 5358 2099 5415 exclamationem

513 5467 866 5527 subinnuere,
910 5472 1073 5530 quam
1131 5465 1322 5513 contra
1355 5454 1531 5525 ipsum
1586 5451 1862 5507 Christum
1904 5451 2104 5505 excita-

517 5565 665 5615 runt.
720 5552 1026 5627 Objiciente
1059 5561 1294 5618 namque
1320 5543 1498 5600 Pilato
1528 5559 1595 5597 an
1634 5556 1814 5609 regem
1857 5553 2013 5594 suum
2046 5538 2102 5592 in

519 5656 738 5699 crucem
773 5625 857 5710 agi
882 5639 1101 5706 vellent,
1127 5633 1274 5691 omni
1304 5635 1532 5689 honesto
1559 5640 1613 5686 et
1644 5632 1842 5701 pietate
1883 5625 2105 5698 postha-

2200 3524 2385 3580 διεϐίω
2433 3520 2615 3596 ζωήν·
2666 3520 2936 3591 ἐψεύσατο
2985 3520 3043 3575 δὲ
3089 3521 3280 3594 ὥσπερ
3322 3521 3417 3576 καὶ
3452 3520 3551 3594 τὴν
3569 3522 3668 3576 τοῦ
3693 3539 3800 3592 γη-

2202 3614 2492 3678 πονοῦντος
2518 3611 2729 3667 ἐλπίδα.
2763 3609 2905 3681 Ἐγὼ
2934 3611 3033 3683 μὲν
3057 3611 3167 3683 γὰρ
3192 3612 3569 3684 προσεδόκησα
3589 3615 3796 3687 κρίσιν,

2201 3707 2511 3772 τοῦτ’έστι,
2570 3706 2671 3778 τὴν
2718 3707 2784 3760 ὲκ
2831 3703 3070 3768 διανοίας
3125 3704 3454 3776 εἰλικρινοῦς
3497 3705 3669 3778 ὀρθὴν
3702 3707 3800 3763 καὶ

2200 3801 2503 3874 ἀμώμητον
2532 3799 2632 3872 τὴν
2685 3799 2771 3870 ἐφ’
2801 3797 2971 3854 ἅπασι
3010 3801 3123 3863 τοῖς
3168 3802 3492 3868 πρακτικοῖς
3543 3803 3799 3874 αἵρεσιν,

2201 3895 2319 3967 ἢτοι
2354 3893 2558 3966 κρίσιν.
2602 3892 2662 3945 '0
2685 3891 2762 3958 δὲ,
2793 3893 2949 3962 φησὶ,
2980 3891 3281 3963 πεποίηκεν
3310 3893 3558 3963 ἀνομίαν.
3600 3895 3800 3949 Καίτοι

2203 3985 2324 4051 πῶς
2372 3985 2439 4039 ἂν
2469 3985 2716 4056 ἄμπελος
2759 3983 3002 4048 ἀκάνθας
3043 3983 3228 4051 τέκοις
3261 3984 3457 4038 οὐκοῦν
3504 3985 3800 4055 ἐψεύσατο,

2202 4077 2454 4149 καθάπερ
2488 4076 2625 4147 ἔφην
2658 4076 2882 4148 ἀρτίως.
2915 4074 3079 4131 Ὅθεν
3115 4076 3225 4147 γὰρ
3257 4071 3324 4147 ἦν
3355 4075 3502 4140 εἰκὸς
3538 4078 3669 4140 τοὺς
3701 4077 3802 4147 ἐἰς

2201 4169 2554 4241 δικαιοσύνης
2602 4166 2874 4237 ἀναφῦναι
2931 4168 3208 4241 καρποὺς,
3271 4168 3480 4221 ἐκεῖθεν
3534 4168 3801 4239 ἀδόκητος

2201 4264 2477 4318 ὲκδέδοται
2518 4261 2651 4333 βίος,
2685 4262 2713 4315 6
2746 4262 2839 4314 καὶ
2864 4261 3045 4332 νόμων
3070 4260 3174 4326 ἔξω
3216 4259 3325 4313 τῶν
3368 4259 3530 4331 ιερῶν
3560 4260 3658 4313 καὶ
3690 4260 3804 4311 τῶν

2200 4358 2265 4411 ἐκ
2315 4356 2414 4427 τῆς
2459 4353 2609 4417 Θείας
2667 4352 2890 4423 ἐντολῆς
2950 4351 3290 4423 κατάῥρησιν
3351 4352 3509 4422 ἔχων.
3582 4350 3802 4405 Οὐκοῦν

2201 4443 2458 4513 ἐποίησεν
2486 4439 2739 4511 ἀνομίαν,
2759 4441 2854 4494 καὶ
2871 4441 2932 4494 οὐ
2959 4440 3329 4511 δικαιοσύνην,
3365 4441 3500 4496 ἀλλά
3520 4443 3797 4513 κραυγήν.

2201 4533 2467 4605 Κραυγὴν
2505 4531 2564 4585 δέ
2612 4548 2779 4603 φησιν
2829 4534 3006 4587 έκεῖνο
3035 4529 3189 4605 οἶμαί
3246 4551 3349 4587 που
3398 4534 3687 4600 δεικνύων,
3719 4536 3803 4590 δτι

2202 4625 2424 4694 γέγονεν
2485 4626 2668 4688 αὐτοῖς
2741 4625 3110 4697 σεσοϐημένος
3174 4628 3273 4696 μὲν
3327 4628 3410 4692 είς
3461 4627 3641 4699 όργάς
3706 4628 3799 4682 καὶ

2205 4716 2433 4789 θορύϐου
2490 4718 2684 4790 μεστὸς
2712 4720 2740 4772 6
2772 4717 2905 4790 βίος.
2938 4719 3028 4772 Διὸ
3067 4719 3161 4773 καὶ
3191 4722 3218 4773 ὁ
3259 4719 3546 4791 θεσπέσιος
3580 4720 3801 4784 Παῦλος

2202 4813 2314 4875 τοῖς
2334 4811 2692 4883 ἡγιασμένοις
2712 4811 3016 4865 ἐντέλλεται
3041 4810 3236 4880 λέγων·
3262 4831 3280 4862 ι
3308 4811 3464 4864 Πᾶσα
3478 4811 3534 4865 δὲ
3553 4804 3804 4883 κραυγὴ,

2200 4901 2295 4955 καὶ
2324 4901 2483 4973 ὀργὴ.
2538 4902 2635 4955 καὶ¹
2684 4902 2879 4972 θυμὸς,
2919 4901 3015 4955 καὶ
3064 4901 3385 4972 βλασφημία
3435 4900 3663 4973 ἀρθήτω
3705 4899 3803 4971 ἀφ’

2202 4992 2356 5063 ὑμῶν
2384 4993 2481 5047 σὺν
2525 4993 2678 5064 πάσῃ
2728 4993 2920 5065 κακίᾳ.
2952 5013 2971 5045 ι
3008 4992 3217 5062 Πρέποι
3276 4992 3384 5064 γὰρ
3434 4991 3520 5058 ἂν,
3571 4993 3635 5045 οὐ
3684 4996 3804 5057 τοῖς

2200 5084 2555 5139 καθεστῶσαν
2603 5084 2787 5156 έχουσι
2836 5086 2937 5154 τὴν
2996 5084 3188 5157 φρένα,
3228 5085 3291 5137 τὸ
3337 5088 3458 5148 ταῖς
3490 5083 3804 5156 ἀσυφήλοις

2204 5176 2505 5248 κεχρῆσθαι
2542 5178 2845 5247 κραυγαῖς,
2881 5177 3108 5240 ἐκείνοις
3140 5175 3197 5228 δὲ
3252 5175 3474 5245 μᾶλλον,
3509 5172 3591 5238 οἷς
3618 5175 3650 5227 6
3687 5173 3803 5245 βίος

2202 5267 2303 5318 οὐκ
2354 5264 2600 5337 ἀσφαλής
2629 5281 2643 5296 ο
2692 5265 2892 5336 μᾶλλον
2921 5264 2979 5318 δὲ
3011 5264 3149 5336 πρὸς
3187 5266 3297 5317 πᾶν
3347 5263 3529 5318 ὁτιοῦν
3557 5265 3807 5325 εὐκόλως

2198 5358 2306 5409 τῶν
2337 5356 2543 5423 κακῶν,
2563 5357 2658 5410 καὶ
2679 5356 2835 5427 θυμῷ
2856 5355 3056 5427 μᾶλλον
3082 5356 3116 5427 ἢ
3136 5356 3349 5410 συνέσει
3377 5355 3803 5425 διοικουμένοις.

2204 5449 2389 5501 Ἐοικε
2452 5448 2511 5500 δὲ
2585 5448 2681 5502 καὶ
2751 5448 2850 5519 τὴν
2922 5448 3274 5518 παγχάλεπον
3337 5446 3446 5500 τῶν
3524 5445 3808 5500 Ἰουδαίων

2202 5540 2453 5611 κραυγὴν
2485 5539 2923 5605 ὑπαινίττεσθαι,
2966 5542 3033 5611 ἢν
3068 5540 3158 5594 ἐπ’
3191 5540 3340 5610 αύτῷ
3364 5538 3695 5610 πεποίηνται
3725 5536 3808 5607 τῷ

2202 5626 2444 5702 Χριστῷ.
2486 5630 2719 5686 Πιλάτου
2752 5629 2864 5702 γὰρ
2901 5629 3270 5696 ὀνειδίζοντος,
3324 5630 3373 5682 εί
3424 5628 3489 5702 δὴ
3521 5626 3810 5701 βούλοιντο

599 5795 641 5828 ⁷⁷
662 5798 821 5860 Joan.
854 5816 945 5867 xv,
978 5800 1032 5867 4,
1073 5800 1129 5856 5.
1204 5795 1385 5855 "lsa.
1442 5808 1597 5863 um,
1655 5792 1741 5847 li.
1821 5791 1869 5824 τ’
1922 5788 2121 5861 Ephes.
2179 5804 2255 5857 tv,
2296 5788 2385 5844 31.
