4100 6534
409 308 527 365 ητ.

1410 313 1467 370 S.
1507 311 1785 370 CYRlLLl
1823 310 2303 368 ALEXANDRINI
2342 311 2666 371 ABCllIEP.

3601 309 3702 365 με

403 440 584 487 autem
611 443 717 486 non
748 432 976 490 recessit
1022 432 1092 490 ab
1119 433 1454 497 hominibus.
1484 433 1834 509 conﬁrmabit
1886 433 2003 503 ipse

2125 432 2262 505 lpd'w
2293 432 2506 505 κράξει,
2548 431 2645 487 καὶ
2706 429 2763 485 ai
2823 428 2943 499 βοαὶ
2998 427 3107 484 τῶν
3136 427 3471 502 θερισάντων
3504 430 3586 496 είς
3632 430 3703 487 τά

405 536 529 575 cum
576 521 751 579 dicit:
800 521 992 579 «Deus
1049 523 1491 596 apprOpinquans
1553 541 1657 597 ego
1710 541 1853 590 sum,
1921 526 2000 581 ait

404 612 688 679 Dominus,
714 625 771 671 et
802 631 909 672 non
966 616 1107 672 Deus
1167 614 1359 687 procul
1395 615 1463 670 ⁸⁸.
1507 636 1526 669 ι
1564 617 1801 672 Audiam
1867 632 2005 689 ergo

404 705 494 770 qui
531 706 775 762 avaritiae
807 707 971 762 dediti
1012 716 1163 773 sunt,
1199 717 1250 763 et
1280 711 1371 778 qui
1422 708 1531 764 vim
1562 707 1826 767 fratribus
1862 709 2001 765 inle-

407 792 865 863 runt:Numquid
897 794 1220 852 habitabilis
1253 798 1351 853 soli
1406 798 1458 853 in
1506 800 1691 854 terra?
1752 800 2002 857 Praesens

406 891 492 935 est
540 882 686 935 enim
733 882 1115 940 universorum
1164 884 1328 942 Deus.
1358 886 1654 944 Scit-udum
1688 905 1822 946 vero
1858 893 2001 962 quod

412 973 677 1042 propheta
728 972 874 1031 aliud
929 976 1188 1046 quiddam
1252 994 1360 1035 non
1429 981 1776 1038 invenustum
1848 984 2005 1042 nobis

409 1065 558 1121 hisce
628 1067 813 1125 verbis
879 1068 1077 1126 innuit.
1115 1069 1158 1126 Ο
1189 1073 1384 1129 divites
1444 1077 1613 1141 enim,
1643 1078 1839 1148 inquit,
1877 1079 2005 1151 quid

407 1156 644 1224 proximi
703 1159 844 1215 bona
899 1164 1090 1233 rapitis
1146 1173 1200 1220 et
1244 1165 1483 1221 vicinum
1519 1168 1642 1222 odio
1683 1169 2009 1227 habuistis?

409 1249 637 1306 Eveniet
684 1265 840 1320 sane,
881 1264 941 1309 ut
978 1270 1076 1311 vos
1131 1256 1231 1313 soli
1300 1258 1614 1316 inliabitetis
1705 1262 2006 1333 regionem,

409 1342 718 1398 cxturbatis
752 1343 874 1399 aliis
901 1347 1174 1404 omnibus.
1209 1348 1517 1405 Desolatam
1547 1351 1776 1419 proinde
1805 1360 2007 1408 terram

410 1440 468 1486 ct
495 1447 724 1489 vacuam
764 1435 1168 1496 habitatoribus
1210 1443 1466 1499 reddetis.
1509 1442 1695 1514 Itaque
1745 1447 2007 1517 Optimum

411 1532 467 1578 et
533 1526 1024 1598 consultissimum,
1068 1546 1130 1587 ea
1212 1534 1386 1590 solum
1435 1540 1714 1607 suscipere
1781 1555 1903 1607 quae
1942 1539 2011 1594 ad

412 1615 803 1691 vitamseipsa
874 1632 1186 1677 contentam
1224 1638 1289 1679 ac
1329 1626 1667 1681 moderatam
1713 1629 2011 1697 pertinent.

412 1707 512 1762 Est
543 1710 744 1764 etenim
764 1714 944 1783 portio
974 1716 1149 1769 tenuis
1177 1731 1299 1770 cum
1331 1718 1527 1773 timore
1559 1718 1773 1776 Domini
1820 1722 2015 1779 melior

2101 520 2218 581 ὦτα
2258 526 2465 599 Κυρίου
2499 521 2729 580 Σαϐαὼθ
2777 521 3218 594 εἰσεληλύθασιν.
3252 540 3272 575 ι
3327 523 3553 594 Δέχεται
3594 523 3704 598 γὰρ

2102 620 2199 674 καὶ
2230 620 2352 673 λίαν
2407 618 2640 689 ἑτοίμως
2667 616 2768 682 τὰς
2812 616 2923 670 τῶν
2982 614 3493 685 πλεονεκτουμένων
3518 615 3707 684 φωνὰς

2103 713 2139 783 ἡ
2168 693 2414 781 παναγία
2472 728 2532 764 τε
2566 711 2662 765 καὶ
2697 709 3064 780 μισοπόνηρος
3110 706 3294 776 φύσις.
3338 707 3461 760 Ὀτι
3505 707 3563 760 δὲ
3605 707 3708 763 οὐκ

2105 803 2386 875 ἀφέστηκε
2415 803 2523 857 τῶν
2562 804 2657 857 ἐπὶ
2709 804 2809 874 τῆς
2848 803 2973 871 γῆς,
3030 798 3366 853 πιστώσεται
3412 797 3586 867 λέγων
3611 798 3709 851 αὐ-

2102 897 2216 962 τός’
2260 898 2432 961 (Θεὸς
2464 895 2699 966 ἐγγίζων
2735 895 2847 965 ἐγώ
2876 896 3014 964 είμι,
3059 892 3209 961 λέγει
3247 892 3476 964 Κύριος,
3511 891 3607 946 καὶ
3643 891 3708 943 ού

2106 990 2240 1055 Θεὸς
2265 989 2568 1063 πόρρωθεν.
2600 1010 2618 1043 t
2667 986 3043 1042 Ἀκουέτωσαν
3071 985 3253 1039 τοίνυν
3273 985 3325 1037 oi
3363 984 3710 1038 πλεονεκτεῖν

2108 1078 2408 1144 ἐθέλοντες,
2440 1080 2534 1133 καὶ
2561 1078 2791 1149 βιάζειν,
2824 1079 2920 1132 καὶ
2941 1075 3264 1148 διαρπάζειν
3292 1074 3577 1145 ἀδελφούς
3612 1072 3710 1144 Μὴ

2108 1172 2362 1244 οἰκήσετε
2390 1172 2541 1243 μόνοι
2575 1172 2668 1225 ἐπὶ
2695 1172 2952 1249 τῆςλγῆς;
2983 1168 3353 1240 Πάρεστιγὰρ
3374 1168 3402 1221 ὁ
3428 1166 3538 1221 τῶν
3570 1165 3713 1221 ὅλων

2109 1263 2262 1327 Θεός.
2294 1264 2490 1319 Ἰστέον
2515 1264 2572 1319 δὲ
2605 1263 2633 1317 ὃ
2663 1280 2748 1330 τι,
2786 1262 2964 1317 καίτοι
2992 1260 3134 1316 κατά
3159 1260 3222 1314 τδ
3247 1260 3393 1324 είκδς
3428 1258 3539 1313 τῶν
3567 1257 3713 1326 ἄγαν

2112 1352 2502 1421 ἁστειοτάτων,
2531 1355 2561 1408 ὁ
2597 1353 2886 1426 προφήτης
2909 1353 3045 1423 ἡμῖν
3073 1351 3132 1406 ὲν
3177 1348 3388 1413 τούτοις
3423 1346 3708 1417 ὑποδηλοῖ’

2114 1441 2187 1501 ’Ὦ
2211 1446 2322 1520 γὰρ
2354 1446 2622 1513 πλούσιοι,
2654 1445 2810 1515 φησὶ,
2844 1443 2897 1499 τί
2921 1442 2991 1497 τὰ
3017 1441 3112 1496 τοῦ
3141 1441 3369 1512 πλησίον
3399 1439 3714 1511 ἀρπάζετε,

2116 1542 2212 1597 καὶ
2259 1542 2609 1613 μεμισήκατε
2651 1538 2745 1593 τὸν
2796 1537 3002 1607 ὲγγύς;
3069 1534 3423 1607 Συμϐήσεται
3493 1532 3717 1595 πάντως

2117 1635 2248 1707 ὑμῖν
2279 1633 2344 1704 δὴ
2382 1632 2478 1687 καὶ
2515 1631 2701 1703 μόνοις
2738 1632 2958 1701 οἰκῆσαι
2995 1629 3096 1700 τὴν
3151 1624 3357 1697 χώραν,
3387 1623 3496 1677 τῶν
3536 1622 3718 1678 ἄλλων

2117 1726 2373 1782 ἁπάντων
2406 1723 2816 1795 ὲξωθουμένων.
2842 1723 3093 1794 Ἐρημον
3121 1713 3215 1773 οὖν
3242 1717 3356 1770 τῶν
3393 1715 3722 1786 κατῳκηκό-

412 1816 573 1869 quam
608 1803 759 1858 multi
795 1814 1093 1876 proventus
1130 1822 1254 1863 cum
1292 1810 1586 1881 injustitia.
1633 1811 1814 1886 thue
1850 1818 2012 1872 etiam

2125 1833 2228 1871 των
2281 1816 2616 1885 ἀποφανείτε
2674 1813 2774 1885 τὴν
2833 1815 2958 1884 γῆν.
3008 1811 3267 1881 Ἀριστον
3313 1802 3407 1861 οὖν
3459 1806 3571 1877 ἀρα
3617 1802 3719 1858 καὶ

415 1892 617 1961 aliquid
638 1909 703 1949 ex
726 1896 897 1951 sacris
920 1896 1147 1955 Litteris
1165 1901 1507 1971 desumptum
1524 1917 2013 1966 commemoretur:

414 1985 631 2055 prmfuit
659 1989 879 2058 quidam
924 1991 1263 2048 oliutlsraeli
1307 1995 1358 2049 in
1407 1994 1680 2063 Samaria,
1714 1999 1802 2068 qui
1856 2000 2018 2057 domo

415 2087 736 2147 sumptuosa
797 2091 852 2135 et
929 2083 1216 2152 magnifica
1314 2084 1417 2140 sibi
1469 2096 1787 2154 exstructa,
1832 2089 1902 2144 de
1952 2106 2014 2147 ea

416 2167 643 2238 decidit,
698 2184 764 2226 ac
813 2171 1102 2228 confeStim
1159 2177 1340 2245 periit.
1404 2175 1564 2233 Hunc
1625 2179 1767 2237 Deus
1828 2196 2013 2252 repre-

419 2260 663 2317 hendens
683 2272 743 2317 ut
773 2264 863 2334 qui
891 2263 1099 2321 frustra
1122 2266 1460 2327 laborasset:
1487 2270 2014 2344 IEdiﬁcastianuit,

420 2350 517 2425 tibi_
539 2346 878 2433 ipsiidomum
897 2359 1012 2432 86
1043 2361 1312 2419 concinne
1335 2361 1711 2432 fabrefactum,
1746 2368 2026 2425 cmnacula

370 2464 377 2473 -
418 2428 728 2514 perﬂatilia,
753 2428 1285 2518 diduciavl‘enestris,
1307 2454 1595 2509 matcriata
1613 2428 1799 2525 cedro,
1827 2468 1880 2512 et
1899 2475 2021 2530 per-

421 2545 579 2591 uncta
608 2538 794 2595 minio.
841 2539 958 2597 Non
1006 2545 1279 2614 regnabis,
1308 2547 1434 2615 quia
1474 2555 1529 2601 tu
1575 2554 1911 2620 exasperasti
1970 2553 2024 2608 in

417 2628 639 2723 Ach‘azlo
665 2632 821 2723 patre
865 2640 974 2689 tuo.
1012 2633 1203 2693 Melius
1261 2638 1356 2693 tibi
1399 2637 1594 2695 fuisset
1614 2638 1896 2710 ‘jlltllCltlllt
1960 2655 2016 2700 et

419 2722 735 2815 preclagant
770 2723 1040 2795 justitiam
1081 2730 1456 2787 exercuisset
1488 2731 1605 2788 Non
1636 2735 1780 2789 cuitu
1822 2738 2016 2805 prode-

423 2817 551 2867 runt
577 2804 822 2873 thesauri
855 2818 1079 2889 iniquis,
1111 2839 1130 2873 ι
1160 2822 1322 2877 sicuti
1359 2824 1623 2893 scriptum
1651 2804 1834 2893 est”,
1862 2846 1880 2881 ι
1917 2829 2012 2883 scd

413 2904 626 2973 justitia
662 2908 912 2967 liberabit
968 2928 999 2967 a
1036 2925 1263 2970 morte.»
1604 2894 1611 2899 .

2121 1908 2306 1977 σοφὸν,
2340 1902 2751 1979 μεταποιεῖσθαι
2787 1903 2964 1976 μόνων
2999 1900 3110 1956 τῶν
3138 1901 3220 1964 εις
3259 1898 3590 1968 αὐτάρκειαν
3616 1894 3721 1963 τὴν

2122 1998 2571 2071 μεμετρημένην.
2604 1994 2892 2066 Κρείσσων
2909 1994 3019 2060 γὰρ
3050 1992 3209 2068 μερὶς
3243 1986 3418 2060 μικρὰ
3458 1985 3596 2055 μετὰ
3621 1983 3719 2035 τοῦ

2119 2093 2285 2163 φόϐου
2325 2093 2562 2164 Κυρίου,
2600 2090 2634 2163 ἢ
2664 2086 2837 2144 πολλὰ
2858 2087 3169 2159 γεννήματα
3202 2084 3343 2156 μετά
3375 2082 3610 2143 ἀδικίας.
3657 2081 3725 2134 Ιιὶ

2118 2186 2176 2240 δὲ
2204 2186 2268 2257 δή
2303 2204 2356 2240 τι
2384 2184 2492 2258 χρὴ
2523 2185 2619 2240 καὶ
2652 2182 2711 2251 ἐξ
2744 2180 2908 2254 ἱερῶν
2956 2179 3301 2253 γραμμάτων
3338 2175 3605 2239 λαϐόντας
3636 2175 3722 2226 εί-

2126 2279 2267 2343 πεῖν,
2299 2276 2654 2347 βεϐασίλευκέ
2675 2292 2760 2340 τις
2786 2272 2893 2328 τῶν
2917 2273 2975 2329 ὲν
3006 2271 3295 2345 Σαμαρείᾳ
3323 2267 3467 2324 κατά
3493 2263 3722 2338 καιροὺς

2124 2369 2222 2424 τοῦ
2269 2368 2508 2441 Ἰσραὴλ,
2541 2369 2600 2431 ὃς
2637 2368 2820 2440 δήκαὶ
2863 2361 3013 2421 οἷκον
3053 2363 3510 2418 πολυτελέστατον
3540 2355 3723 2427 έαυτῷ

2123 2463 2464 2533 ἀναστήσας,
2496 2460 2689 2514 πίπτει
2742 2460 2841 2532 μὲν
2874 2460 3007 2531 παρ’
3043 2455 3211 2512 αὑτοῦ
3250 2454 3347 2510 καὶ⁴
3376 2450 3724 2525 παραχρῆμα

2121 2554 2413 2609 διόλλυται.
2455 2552 2754 2623 Διελέγχων
2780 2552 2839 2606 δὲ
2890 2550 3026 2614 Θεὸς
3065 2550 3141 2614 ὡς
3175 2547 3302 2618 εἰκῆ
3348 2541 3714 2615 πεποιηκότα,

2124 2647 2310 2718 φησίν·
2344 2646 2718 2718 ᾩκοδόμησας
2735 2644 2947 2715 σεαυτῷ
2964 2640 3113 2696 οἷκον
3139 2640 3476 2712 σύμμετρον,
3494 2632 3724 2707 ὑπερῷα

2126 2740 2375 2812 ῥιπιστὰ,
2406 2738 2771 2810 διεσταλμένα
2796 2736 3033 2808 Θυρίσιν,
3064 2733 3380 2804 ὲξυλωμένα
3403 2731 3468 2784 ἐκ
3491 2726 3749 2799 κέδρων,’

2123 2834 2218 2887 καὶ
2247 2831 2585 2905 κεχρισμένα
2632 2831 2690 2883 ὲν
2750 2829 2944 2900 μίλτῳ.
2999 2826 3091 2898 Μὴ
3142 2820 3604 2896 βασιλεύσῃς,ὂτι
3654 2817 3725 2870 σὺ

2123 2923 2485 2996 παρωξύνθης
2527 2924 2586 2977 ὲν
2627 2922 2793 2994 Ἀχὰζ
2821 2920 2898 2992 τῷ
2932 2920 3096 2991 πατρί
3150 2934 3265 2971 σου.
3296 2914 3510 2968 Βέλτιον
3552 2906 3621 2981 ἦν
3663 2924 3726 2961 σε

423 3002 597 3056 ποιεῖν
626 3003 801 3075 κρίμα
847 3006 943 3060 καὶ
992 3008 1339 3082 δικαιοσύνην
1394 3012 1586 3084 καλήν.
1628 3033 1646 3066 ι
1681 3015 1755 3069 Οὐ
1816 3016 1925 3089 γὰρ
1972 3018 2038 3074 ἂν
2077 3021 2333 3093 ἀνήσουσι
2367 3019 2633 3092 θησαυροὶ
2671 3018 2926 3089 ἀνόμους,
2965 3036 2983 3067 ›
3020 3014 3161 3068 κατὰ
3206 3013 3267 3065 τὸ
3309 3008 3725 3081 γεγραμμένον

431 3115 450 3149 ι
487 3095 803 3169 δικαιοσύνη
842 3098 899 3151 δὲ
940 3099 1164 3172 ῥύσεται
1203 3103 1270 3155 ὲκ
1304 3101 1558 3161 θανάτου.
1592 3125 1611 3158 ι

500 3188 667 3245 Vsus.
694 3190 856 3246 9.10.
884 3189 943 3246 Si
977 3193 1116 3247 enim
1155 3194 1351 3263 fuerint
1376 3198 1564 3253 domus
1587 3199 1790 3266 multis,
1813 3217 2021 3272 magnae
2048 3207 2092 3266 C

2212 3202 2355 3258 Ἐὰν
2387 3199 2499 3272 γὰρ
2528 3199 2812 3271 γένωνται
2835 3197 3017 3251 οἰκίαι
3044 3192 3285 3252 πολλαὶ,
3308 3195 3396 3258 εὶς
3414 3190 3732 3261 ἐρήμωσιν

424 3292 475 3337 et
512 3282 766 3352 pulchrae,
808 3272 1029 3339 deserta:
1081 3296 1268 3341 erunt:
1306 3303 1396 3342 nec
1448 3299 1599 3343 erunt
1640 3291 1730 3361 qui
1786 3293 2017 3347 habitent

2125 3294 2371 3347 ἔσονται
2414 3290 2672 3362 μεγάλαι
2719 3289 2820 3343 καὶ
2852 3286 3055 3342 παλαί’
3108 3284 3205 3339 καὶ
3239 3286 3350 3337 οὐκ
3398 3283 3644 3337 ἔσονται
3671 3288 3732 3338 ot

427 3375 481 3424 in
551 3372 680 3427 illis.
731 3372 835 3428 Ubi
889 3375 1028 3430 enim
1093 3376 1269 3433 decem
1332 3377 1470 3449 juga
1528 3381 1684 3435 boum
1752 3381 2022 3449 laborant,

427 3464 623 3532 [aciem
672 3465 1012 3536 lagunculam
1054 3483 1249 3523 unam:
1292 3478 1340 3523 et
1379 3470 1470 3539 qui
1516 3473 1746 3528 seminat
1808 3473 2021 3529 artabas

427 3572 540 3622 rex,
578 3557 733 3627 faciet
767 3574 1042 3613 mensuras
1062 3571 1197 3627 tres.

503 3651 767 3707 Audierat
805 3652 949 3706 enim
1003 3652 1190 3722 procul
1247 3652 1415 3708 dubio
1477 3650 1741 3705 Dominus
1782 3650 2022 3708 Sabaoth

429 3742 654 3798 auribus
689 3743 805 3798 suis
854 3744 1141 3798 avaritiam
1202 3743 1569 3812 potentiorum
1617 3758 1722 3813 qua
1778 3743 1859 3799 usi
1899 3751 2020 3799 sunt

431 3835 486 3888 in
553 3832 708 3887 alios.
744 3832 884 3901 Quid
914 3832 1092 3905 ergo?
1143 3832 1287 3902 Num
1324 3833 1625 3888 conticuit?
1680 3849 1807 3889 nttm
1865 3834 2027 3889 tacite

431 3926 677 3980 dimisit?
698 3942 823 3978 nutu
852 3927 944 3981 ira!
969 3928 1175 3981 frenum
1199 3926 1418 3982 intulit?
1434 3924 1806 3996 Nequaquam,
1828 3927 2023 3996 inquit.

432 4019 612 4090 Atque
669 4019 829 4087 hujus
884 4019 963 4074 rei
1018 4019 1367 4088 perspicuum
1433 4027 1837 4089 argumentum,
1881 4019 2025 4087 quod

431 4113 673 4168 ostendit
708 4112 925 4168 irritum
994 4112 1239 4167 studium
1284 4126 1407 4167 esse
1461 4126 1648 4166 eorum
1700 4110 1793 4181 qui
1846 4126 2025 4167 rerum

433 4204 729 4260 alienarum
815 4218 1004 4260 amore
1085 4210 1357 4258 tenentur.
1414 4202 1547 4258 Nam
1625 4215 1748 4273 qua:
1810 4203 2026 4257 tandem

432 4298 662 4365 utilitas,
705 4296 899 4368 inquit,
938 4297 1154 4353 domum
1215 4297 1395 4351 domui
1439 4297 1691 4367 jungere,
1744 4293 2028 4365 splendide

432 4394 597 4448 etiam
655 4400 819 4462 atque
872 4392 1162 4448 ambitiose
1220 4392 1488 4447 adornare
1536 4393 1701 4458 mdes,
1753 4389 1800 4445 si
1851 4389 2029 4443 nullus

433 4485 652 4541 futurus
685 4487 794 4553 sit,
829 4484 1027 4555 inquit,
1056 4485 1148 4555 qui
1175 4486 1228 4539 in
1264 4486 1344 4540 eis
1396 4485 1743 4540 habitaturus
1765 4482 1857 4548 sit,
1884 4481 2027 4537 bello

2125 3385 2508 3449 ἐνοικοῦντες
2553 3383 2624 3436 ἐν
2675 3380 2905 3445 αὐταῖς.
2971 3372 3054 3434 οὗ
3091 3375 3201 3447 γὰρ
3251 3374 3527 3445 ἔργονται
3578 3373 3732 3428 δέκα

2126 3472 2299 3541 ζεύγη
2320 3471 2491 3537 ,βοῶν
2520 3470 2765 3539 ποιήσει
2804 3466 3089 3537 κεράμιον
3131 3466 3221 3520 ἓν·
3262 3464 3365 3518 καί
3397 3466 3430 3518 ό
3456 3464 3734 3533 σπείρων

2126 3564 2388 3633 ἀέῒάϐας
2405 3562 2475 3628 ἓξ
2513 3561 2756 3630 ποιήσει
2778 3559 2970 3630 μέτρα
2994 3560 3148 3626 τρία.

2210 3654 2482 3727 Ἠκούσθη
2515 3656 2614 3726 μὲν
2649 3654 2760 3726 γὰρ
2793 3636 3262 3724 ὁμολογουμένως,
3292 3651 3482 3721 φησὶν,
3536 3650 3619 3712 εἰς
3657 3647 3731 3703 τὰ

2129 3745 2242 3804 ὦτα
2270 3750 2479 3822 Κυρίου
2510 3746 2762 3814 Σαϐαὼθ,
2795 3745 2864 3800 τὰ
2887 3745 2989 3816 τῆς
3027 3743 3148 3798 καθ’
3177 3744 3380 3815 ἐτέρων
3416 3742 3733 3809 πλεονεξίας

2129 3839 2453 3910 ἐγκλήματα
2480 3838 2588 3891 τῶν
2622 3836 3027 3906 δυνατωτέρων.
3067 3834 3127 3887 Γί
3159 3830 3251 3888 οὖν
3280 3832 3568 3903 σεσίγηκεν
3595 3831 3732 3903 ἄρα,

2132 3935 2382 4005 παρῆκεν
2410 3934 2610 4004 ἡσυχῇν
2637 3931 2733 3984 καὶ
2768 3930 2988 4000 Nam"
3028 3929 3300 3999 ἐπήνεγκε
3334 3929 3453 3988 ut;
3500 3926 3732 3995 ὀργαῖςῖ

2132 4023 2421 4096 Οὐδαμῶς,
2452 4025 2605 4095 φησί.
2656 4022 2765 4076 Καὶ
2834 4021 3024 4077 τούτου
3090 4019 3266 4091 σαφὴς
3316 4017 3612 4082 ἀπόδειξις,
3667 4016 3733 4070 τὸ

2132 4117 2342 4171 εἰκαῖον
2398 4117 2683 4186 ἀποφῆναι
2738 4117 2853 4179 τοῖς
2878 4113 2988 4168 τῶν
3025 4113 3325 4184 ἀλλοτρίων
3380 4112 3635 4183 ἐρασταῖς
3668 4110 3731 4163 τὸ

2133 4209 2226 4263 ἐπὶ
2253 4208 2430 4280 τούτῳ
2492 4208 2836 4278 σπούδασμα.
2896 4206 3032 4261 Ποία
3085 4206 3196 4278 γὰρ
3257 4204 3448 4276 ὄνησις
3476 4203 3568 4257 τοῦ
3604 4219 3733 4257 συν-

2135 4300 2330 4357 άπτειν
2384 4300 2562 4355 οἰκίαν
2593 4300 2730 4373 πρὸς
2757 4300 2956 4365 οἰκίαν,
2993 4297 3262 4370 λαμπρῶς
3290 4313 3351 4351 τε
3390 4296 3485 4350 καὶ
3517 4295 3733 4365 φιλοτίο

2138 4407 2255 4459 μως
2284 4390 2721 4453 κατασκευάζειν
2762 4389 2967 4452 ἑστίας,
3006 4390 3053 4440 εί
3096 4388 3170 4458 μή
3218 4401 3301 4449 τις
3351 4384 3522 4448 ἔσται,
3556 4384 3729 4454 φησὶ,

2136 4485 2481 4555 κατοικήσων
2517 4484 2574 4535 ἐν
2599 4483 2811 4545 αὐταῖς,
2860 4481 3275 4552 δαπανήσαντος
3330 4476 3427 4531 τοῦ
3486 4477 3728 4547 πολέμου

433 4592 637 4647 parvos
691 4591 848 4646 aque
900 4591 964 4631 ac
1002 4592 1230 4648 magnos
1275 4574 1667 4633 consumente?
1699 4573 1842 4641 Quid
1899 4586 2020 4628 vero

2141 4574 2373 4645 μικροὺς
2402 4573 2496 4626 καὶ
2524 4572 2827 4643 μεγάλους;
2862 4572 2927 4624 Τί
2957 4569 3014 4624 δὲ
3039 4570 3148 4624 τῶν
3205 4568 3520 4641 εὐρυτάτων
3547 4567 3735 4629 αὐτοῖς

436 4668 544 4723 illis
611 4667 964 4723 emolumenti
1014 4667 1123 4721 erit
1168 4682 1236 4722 ex
1282 4668 1430 4737 agris
1483 4664 1864 4736 amplissimis,
1900 4678 2024 4718 eunt

436 4770 660 4831 propter
705 4760 998 4814 avaritiam
1030 4760 1451 4830 possidentium,
1489 4758 1593 4813 hoc
1622 4766 1727 4823 est,
1757 4755 2026 4825 diripien-

439 4855 572 4909 tium
597 4893 613 4920 ,
651 4853 860 4908 fructus
896 4852 1172 4922 percipere
1224 4853 1364 4906 Deus
1408 4865 1514 4905 non
1556 4846 1880 4918 permittat?
1910 4846 2033 4903 Erit

436 4947 607 5013 enim,
652 4947 754 4999 erit
786 4953 933 5001 tanta
966 4945 1019 4999 in
1060 4945 1204 5015 agris
1240 4942 1622 5003 infecunditas,
1661 4948 1717 4994 ut
1746 4956 1811 4997 ex
1844 4941 2032 5011 viginti

440 5043 624 5107 boum,
659 5054 753 5095 seu
807 5040 996 5094 decem
1078 5038 1329 5107 jugerum
1389 5034 1669 5089 laboribus
1727 5033 1780 5088 in
1839 5034 2034 5101 vineis,

439 5133 528 5185 vix
557 5144 661 5184 una
691 5138 880 5197 surgat
904 5129 1199 5198 amphora;
1233 5135 1289 5181 et
1317 5141 1381 5181 ex
1431 5126 1564 5180 satis
1616 5124 1885 5179 mensuris
1913 5138 2033 5191 sex,

442 5222 648 5275 reditus
710 5219 979 5274 fructuum
1025 5235 1092 5274 ex
1141 5218 1352 5273 semine
1397 5217 1568 5284 jacto,
1610 5217 1697 5271 vix
1754 5216 2037 5271 dimidiata

442 5324 597 5383 parte
637 5312 979 5383 proveniant.
1020 5309 1271 5365 Sufﬁciet
1316 5321 1519 5379 autem,
1556 5309 1768 5379 opinor,
1795 5310 1863 5367 ad
1902 5324 2038 5380 opus

445 5406 751 5461 faciendum
804 5404 945 5476 jugis
980 5404 1164 5459 decem
1222 5404 1405 5468 boum,
1465 5404 1693 5458 multum
1747 5403 1860 5472 agri
1905 5403 2034 5455 viti-

447 5496 547 5551 bus
590 5497 807 5563 consiti,
860 5486 1088 5548 multum
1148 5494 1274 5550 item
1347 5502 1503 5550 terra:
1567 5495 2037 5553 arabilisJuutilis

447 5587 614 5659 igitur
667 5589 959 5660 possessio,
994 5598 1048 5644 et
1089 5587 1243 5659 plura
1272 5589 1581 5656 possidendi
1610 5590 1847 5645 studium
1876 5590 2036 5645 inane

525 5747 568 5786 ε’
625 5744 826 5809 Jcrem.
864 5762 1023 5817 χχιιι,
1058 5747 1149 5803 ἓὸ.
1260 5747 1306 5779 ⁸³
1337 5747 1495 5802 Prov.
1532 5763 1587 5813 ι,
1620 5744 1676 5807 2.

2136 4665 2329 4735 ὃφελος
2355 4664 2563 4736 ἀγρῶν,
2592 4665 2887 4737 εὐκαρπεϊν
2919 4664 3104 4726 αὐτοῖς
3123 4664 3222 4716 ούκ
3254 4660 3450 4723 ἐῶντος
3472 4657 3736 4719 Θεοῦ,δι5ι

2138 4756 2237 4820 τὰς
2262 4755 2373 4809 τῶν
2395 4757 2772 4828 κτησαμένων,
2804 4756 2971 4826 ἤγουν
2989 4753 3353 4826 ἁρπασάντων
3382 4749 3695 4813 πλεονεξίας
3718 4768 3733 4814 ;

2144 4848 2339 4905 Ἔσται
2372 4847 2502 4921 γὰρ,
2537 4848 2691 4901 ἔσται
2714 4850 2772 4902 ἐν
2807 4845 3009 4918 ἀφορίᾳ
3039 4843 3275 4916 τοσαύτῃ
3312 4841 3383 4896 τὰ
3412 4842 3470 4894 ὲν
3509 4840 3733 4908 ἀγροῖς,

2141 4942 2219 5005 ὡς
2243 4941 2416 4996 είκοσι
2445 4941 2681 5012 μόσχων,
2724 4940 2842 5011 ιήτοι
2874 4937 3085 5007 ζευγῶν
3137 4935 3278 4989 δέκα
3330 4930 3636 4988 πονούντων
3675 4931 3736 4980 ἐν

2141 5033 2486 5106 ἀμπελῶσιν,
2528 5033 2585 5088 ἓν
2641 5033 2735 5086 καὶ
2796 5031 2949 5102 μόλις
2998 5028 3253 5098 γενέσθαι
3309 5026 3594 5097 κεράμιον·
3638 5020 3736 5074 καὶ

2142 5128 2460 5198 σπαρέντων
2497 5127 2711 5198 μέτρων
2737 5125 2796 5193 ἓξ
2829 5126 2887 5177 ὲν
2909 5123 3097 5196 ἡμίσει
3128 5120 3227 5190 τῆς
3255 5118 3363 5173 τῶν
3399 5115 3734 5187 σπερμάτων

2140 5220 2449 5289 καταϐολῆς
2479 5218 2577 5292 τὴν
2605 5218 2713 5272 τῶν
2747 5217 2975 5289 καρπῶν
3003 5214 3256 5268 ἀπόδοσιν
3289 5211 3435 5263 ἰδεῖν.
3477 5205 3733 5278 Ἀρκέτει

2139 5312 2218 5379 δὲ,
2253 5309 2427 5384 οἶμαι,
2456 5312 2593 5384 πρὸς
2630 5309 2888 5382 ἐργασίαν
2919 5308 3140 5375 ζεύγεσι
3166 5305 3298 5359 δέκα
3322 5301 3479 5373 βοῶν,
3505 5298 3733 5367 πλείστη

2149 5405 2246 5479 μὲν
2271 5403 2653 5475 ἀμπελόφυτος
2704 5401 2797 5472 γῆ,
2844 5400 3087 5452 πλεῖστοι
3134 5397 3189 5450 δὲ
3230 5395 3432 5467 ὁμοίως
3479 5390 3736 5461 ἀρόσιμοι

2146 5496 2361 5568 κλῆροι.
2400 5496 2607 5550 Οὐκοῦν
2644 5495 2900 5566 ἀνόνητος
2930 5495 2963 5565 ή
2996 5492 3187 5562 κτῆσις
3212 5531 3223 5553 ,
3253 5488 3346 5542 καὶ
3398 5484 3490 5539 τοῦ
3540 5481 3736 5536 πλεον-

2147 5591 2325 5643 εκτεῖν
2380 5591 2585 5651 εἰκαῖος
2622 5589 2649 5639 ὁ
2695 5587 2876 5652 πόνος,
2908 5586 2955 5637 εί
2986 5584 3123 5656 μήτε
3174 5598 3255 5643 τις
3290 5579 3499 5648 οἰκήσει
3550 5574 3647 5641 τὰς
3679 5573 3763 5624 ἐν
