4100 6472
311 338 423 413 μιν

1476 335 1541 390 ΙΝ
1581 334 1817 391 ιεΑιΑΜ
1860 334 1990 391 LIB.
2034 336 2071 392 1.
2117 336 2334 395 ORAT.
2377 337 2464 394 Ill.

3520 339 3625 393 ιξεο

306 462 428 521 τοῖς
446 454 671 510 ἄστεσιν
686 453 889 519 οίκίας.
923 454 1018 526 Mi;
1045 454 1152 526 μὴν
1187 454 1487 527 εὐφορήσει
1512 453 1582 509 τὰ
1603 458 1660 509 ὲν
1693 456 1907 529 ἀγροῖς,

2037 467 2121 520 est,
2163 457 2267 514 nisi
2316 458 2388 514 sit
2438 457 2530 529 qui
2570 456 2762 512 domos
2791 457 2845 511 in
2881 456 3109 514 urbibus
3175 458 3465 516 inhabitet.
3513 461 3625 519 Nec

306 546 447 605 Θεοῦ
467 545 962 618 καταφθείροντος,
987 547 1085 602 καὶ
1104 547 1204 619 τὴν
1224 546 1332 601 τῶν
1354 546 1644 620 ἀπλήστων
1667 548 1922 622 ἐλέγχον-

306 660 401 708 τος
430 639 673 697 ἀδικίαν.
718 638 945 711 Ἐπειδὴ
991 639 1049 693 δὲ
1099 639 1195 694 καὶ
1253 638 1413 712 ἡμῶν
1449 640 1682 707 ἕκαστος
1724 643 1784 697 ὲν
1815 644 1924 719 ἰδία

307 736 457 807 ψυχῇ
501 730 701 804 νοητὸν
736 731 853 803 ἔχει
879 730 1171 805 γεώργιον,
1211 732 1307 787 καὶ
1333 733 1425 787 τὸν
1454 733 1555 805 τῆς
1578 734 1924 808 δικαιοσύνης

314 823 607 899 ἐργάζεται
638 822 870 895 σπόρον,
893 822 1298 895 φυλαττώμεθα
1316 824 1377 879 τὸ
1403 825 1765 898 προσκρούειν
1781 827 1922 901 Θεῷ.

323 920 454 973 Τότε
475 917 588 989 γὰρ
625 916 775 983 τότε,
812 916 1072 989 καθάπερ
1117 910 1269 970 οἶκον
1310 916 1526 990 ἀσφαλῆ
1556 917 1651 971 καὶ
1700 921 1924 992 ἐρηρει-

332 1011 537 1081 σμένον,
583 1009 890 1080 οἰκήσομεν
934 1008 1035 1080 τὴν
1086 1007 1341 1081 πολυειδῆ
1397 1009 1494 1063 καὶ
1555 1010 1927 1081 παμποίκιλον

326 1102 537 1174 ἀρετὴν,
583 1100 979 1172 πληθυνοῦμεν
1004 1101 1063 1156 δὲ
1099 1101 1263 1155 σίτων
1295 1100 1489 1175 ὥσπερ
1517 1103 1784 1168 κοιλάδες·
1837 1105 1927 1159 εύ-

325 1194 618 1265 λογήσειδὲ
667 1194 697 1248 6
748 1193 861 1247 τῶν
910 1194 1048 1248 ὅλων
1078 1193 1210 1259 Θεὸς
1240 1192 1333 1249 τὸν
1364 1195 1568 1267 σπόρον
1609 1195 1801 1268 ⁴ἡμῶν,
1829 1196 1927 1251 καὶ

320 1286 544 1359 αὐξήσει
578 1288 651 1341 τὰ
668 1287 992 1358 γεννήματα
1023 1287 1124 1358 τῆς
1163 1285 1512 1361 δικαιοσύνης
1562 1287 1739 1361 ἡμῶν,
1780 1287 1928 1345 καθά

320 1396 478 1451 φησιν
501 1381 531 1433 6
566 1378 865 1442 θεσπέσιος
892 1377 1127 1443 Παῦλος.

385 1582 535 1636 Οὐαὶ
587 1582 646 1636 oi
695 1581 1063 1653 ἐγειρόμενοι
1105 1580 1189 1648 τῷ
1228 1583 1400 1653 πρωῒ,
1455 1584 1554 1638 καί
1594 1585 1663 1639 τὸ
1715 1588 1930 1658 σίκερα

312 1674 685 1753 διώκοντες,
711 1677 769 1728 οἱ
800 1672 1098 1745 μένοντες
1129 1674 1198 1729 τὸ
1231 1676 1350 1745 ὀψέ
1380 1694 1392 1707 ·
1423 1679 1455 1731 ό
1481 1676 1593 1747 γὰρ
1619 1674 1786 1746 οἶνος
1820 1683 1928 1735 αὑ-

313 1766 455 1834 τοὺς
471 1768 852 1836 συγκαύσει.
873 1767 1039 1822 Μετὰ
1062 1767 1175 1839 γὰρ
1202 1767 1447 1838 κιθάρας
1467 1771 1566 1825 καὶ
1585 1773 1931 1842 ψαλτηρίου

2027 552 2260 609 feliciter
2314 552 2638 623 provenient
2688 566 2812 623 quas
2863 552 3079 609 suntin
3131 555 3314 624 agris,
3373 555 3482 610 Deo
3528 571 3627 614 va-

2027 652 2209 702 stante
2244 652 2300 700 et
2330 658 2518 700 eorum
2553 642 2878 713 iniustitiam
2921 653 3272 715 coarguente.
3308 643 3448 712 Quia
3498 662 3629 704 vero

2026 735 2259 807 quisque
2299 743 2540 791 nostrum
2580 735 2765 791 animo
2797 749 2898 790 suo
2952 734 3117 789 habet
3175 734 3624 806 agricolationem

2028 827 2130 885 sub
2160 827 2570 899 intelligentiam
2607 827 2913 891 cadentem,
2945 834 3004 882 et
3045 835 3345 882 sementem
3371 882 3379 896 ,
3403 827 3631 897 iustitiae

2028 922 2202 979 facit:
2256 935 2550 976 caveamus
2590 935 2660 976 ne
2709 921 2764 975 in
2816 919 3181 977 offensionem
3238 920 3481 976 divinam
3547 923 3631 977 in-

2028 1031 2335 1073 curramus.
2388 1014 2545 1070 Tunc
2589 1015 2761 1081 enim,
2822 1022 2956 1069 tunc
3019 1012 3251 1069 virtutes
3304 1013 3632 1081 multiplices

2029 1124 2093 1165 ac
2132 1108 2298 1164 variae
2349 1108 2403 1163 in
2454 1106 2609 1163 nobis
2644 1116 2905 1176 tanquam
2970 1104 3026 1159 in
3053 1103 3332 1159 domicilio
3402 1114 3518 1160 tuto
3565 1123 3632 1160 ac

2031 1200 2240 1255 munito
2273 1198 2618 1262 habitabant,
2675 1204 2731 1252 et
2767 1196 3104 1253 frumentum
3156 1195 3314 1265 quasi
3365 1195 3420 1251 in
3476 1207 3626 1251 terra

2030 1291 2297 1366 profunda
2353 1277 2881 1361 multiplicabimus:
2931 1297 2986 1343 et
3044 1287 3424 1343 universorum
3486 1288 3637 1345 Deus

2030 1384 2226 1441 semini
2261 1391 2451 1438 nostro
2496 1381 2803 1448 benedicet,
2837 1388 2894 1437 et
2919 1378 3128 1434 fructus
3167 1377 3399 1449 iustitia
3426 1387 3626 1436 nostrae

2032 1475 2271 1547 augebit,
2295 1475 2453 1531 sicuti
2485 1483 2540 1529 et
2571 1473 2785 1528 divinus
2810 1471 3011 1527 Paulus
3043 1469 3225 1540 inquit
3248 1467 3298 1501 ⁸⁸

2099 1566 2211 1639 87
2254 1566 2419 1623 VERS.
2486 1564 2570 1632 ll,
2642 1563 2726 1619 l2.
2763 1561 2855 1618 γω
2912 1563 2995 1617 Itis
3029 1560 3121 1631 qui
3191 1556 3632 1630 expergiscantur

2031 1676 2207 1728 mane,
2243 1669 2291 1712 et
2314 1667 2587 1712 sectantur
2641 1658 2890 1723 siceram,
2924 1668 2970 1711 et
3028 1654 3099 1708 ad
3136 1666 3407 1723 vesperum
3467 1660 3631 1718 usque

2032 1767 2235 1806 moram
2285 1749 2525 1804 trahunt.
2572 1744 2765 1803 Vinum
2815 1749 2955 1802 enim
3003 1745 3281 1799 succendat
3312 1756 3423 1795 eos.
3484 1735 3631 1792 Nam

309 1861 408 1916 καί
436 1858 805 1931 τυμπάνων,
833 1859 943 1916 τὸν
966 1855 1139 1915 οἷν-ον
1167 1861 1443 1926 πίνουσι,
1467 1862 1567 1917 καί
1597 1863 1826 1930 αὐλῶν,
1853 1863 1926 1919 τὰ

2037 1860 2148 1900 cum
2178 1841 2383 1899 cithara
2422 1849 2471 1896 et
2495 1839 2777 1912 psalterio,
2814 1847 2866 1894 et
2890 1837 3153 1909 tympanis
3188 1844 3239 1890 et
3278 1832 3421 1889 tibiis
3449 1833 3633 1887 uinum

306 1953 377 2009 δὲ
403 1954 561 2024 ἔργα
574 1953 809 2023 Κυρίου
852 1954 971 2008 οὐκ
996 1952 1392 2023 ἐμϐλέπουσι,
1422 1955 1521 2010 καὶ
1549 1956 1623 2011 τὰ
1645 1957 1791 2029 ἔργα
1810 1956 1932 2013 τῶν

304 2046 537 2119 χειρῶν
559 2045 769 2102 αὐτοῦ·
794 2047 868 2101 οὐ
895 2045 1328 2101 κατανοοῦσιν.

374 2138 669 2192 Συνάπτει
704 2138 821 2200 τοῖς
858 2135 1100 2208 πρώτοις
1128 2135 1296 2209 ἕτερα
1329 2138 1425 2192 καὶ
1459 2138 1793 2210 παγχάλεπα
1820 2137 1931 2196 τῶν

303 2227 595 2283 πλουσίων
618 2224 970 2298 ἐγκλήματα.
1004 2223 1288 2297 Πάρεσται
1316 2224 1427 2298 γὰρ
1455 2227 1666 2291 αὐτοῖς,
1699 2227 1836 2300 πρός
1863 2244 1929 2297 γε

302 2322 383 2394 τῷ
415 2318 725 2393 βούλεσθαι
771 2318 1122 2373 πλεονεκτεῖν
1169 2315 1266 2372 καὶ
1297 2317 1615 2391 ἁκορέστως
1647 2318 1931 2391 βιάζεσθαι

302 2418 436 2480 τοὺς
468 2411 937 2484 ἀσθενεστέρους,
968 2410 1064 2466 καὶ
1089 2410 1150 2466 τὸ
1171 2411 1228 2465 ὲν
1248 2410 1434 2476 πότοις
1456 2407 1597 2466 εῖναι
1616 2413 1816 2483 φιλεῖν,
1836 2414 1932 2467 καὶ

304 2508 552 2580 τρυφαῖς
586 2503 1019 2574 ὲπιγάννυσθαι,
1045 2501 1256 2573 κώμοις
1285 2519 1346 2558 τε
1370 2503 1467 2558 καὶ
1497 2503 1694 2575 μέθαις
1720 2505 1930 2560 ἀκατα-

304 2598 538 2668 λήκτοις
565 2637 581 2661 ,
616 2596 719 2651 καὶ
758 2597 876 2660 τοῖς
925 2595 992 2650 ὲκ
1044 2594 1406 2666 φιλοσαρκίας
1470 2595 1932 2669 καταμιαίνεσθαι

304 2694 538 2754 κακοῖς’
582 2690 683 2744 καὶ
724 2687 885 2744 τοῦτο
923 2687 1222 2760 ἐνδελεχῶς
1259 2686 1470 2744 οἴεσθαι
1500 2690 1613 2744 δεῖν
1641 2690 1843 2756 αὐτοὺς
1872 2692 1932 2744 ὲν

300 2791 483 2842 παντὶ
542 2781 622 2850 δὴ
670 2782 834 2839 τοῦτο
895 2783 1163 2853 πράττειν
1222 2781 1423 2856 καιρῷ.
1484 2783 1692 2849 Ἱκανὸς
1739 2783 1851 2854 γὰρ
1902 2783 1933 2838 6

301 2877 553 2944 πλοῦτος
582 2877 859 2951 ἀκονῆσαι
903 2875 1044 2948 πρὸς
1084 2874 1325 2949 τρυφὰς,
1369 2877 1466 2931 καὶ
1494 2876 1589 2931 τὸν
1624 2877 1713 2932 ἐπ’
1745 2877 1932 2942 αὐτοῖς

303 2971 588 3040 ἀφανίσαι
626 2968 814 3040 κόρον.
862 2967 1008 3021 Ἀλλ’
1041 2985 1061 3022 ι
1102 2968 1131 3021 6
1168 2967 1410 3041 σπείρων
1444 2969 1526 3033 είς
1551 2967 1650 3041 τὴν
1680 2968 1884 3043 σάρκα,
1906 2987 1927 3023 ι

304 3063 466 3119 καθὰ
506 3080 681 3134 φησιν
710 3064 740 3116 6
765 3060 1005 3127 Παῦλος,
1038 3080 1056 3117 ι
1082 3061 1147 3115 ἐκ
1180 3061 1283 3133 τῆς
1314 3061 1519 3134 σαρκὸς
1563 3060 1771 3135 θερίσει
1804 3060 1934 3133 φθο-

2029 1937 2237 2001 bibunt,
2273 1949 2433 2005 opera
2476 1948 2596 1989 vero
2619 1930 2833 1987 Domini
2857 1945 2959 1985 non
3009 1929 3310 1995 intuentur,
3359 1939 3454 1980 nec
3472 1936 3633 1993 opera

2030 2042 2289 2082 manuum
2317 2024 2435 2096 eius
2482 2021 2841 2080 considerant.

2103 2119 2362 2192 Adiungit
2395 2118 2590 2189 primis
2607 2116 2711 2172 alia
2743 2114 2915 2173 etiam
2942 2111 3271 2185 gravissima
3309 2106 3545 2165 crimina
3573 2102 3639 2159 in

2031 2214 2245 2270 divites.
2318 2209 2454 2267 Nam
2505 2218 2871 2284 praeterquam
2934 2204 3079 2278 quod
3150 2200 3397 2258 avaritia
3460 2194 3641 2254 dediti

2031 2307 2165 2372 sint,
2188 2317 2245 2362 et
2282 2319 2448 2375 supra
2508 2303 2727 2359 modum
2770 2300 3067 2358 'tenuiores
3109 2294 3467 2367 opprimant,
3526 2287 3636 2343 hoc

2034 2398 2162 2454 mali
2220 2398 2431 2454 accedit
2479 2397 2669 2461 etiam,
2714 2403 2776 2450 ut
2829 2393 2943 2450 sint
2982 2390 3300 2465 frequentes
3322 2385 3376 2439 in
3437 2394 3635 2452 perpo-

2035 2491 2359 2568 tationibus,
2391 2501 2452 2547 ut
2481 2477 2696 2546 luxuria
2723 2485 2993 2550 dilﬂuant,
3023 2493 3084 2538 ut
3111 2475 3637 2539 comessationibus,

2033 2585 2394 2641 ebrietatibus
2454 2581 2764 2647 continuis,
2805 2579 3130 2647 caeterisque
3184 2571 3344 2628 malis
3389 2583 3511 2641 qum
3563 2581 3633 2621 ex

2033 2678 2217 2734 carnis
2269 2676 2501 2733 libidine
2558 2675 2833 2738 oriuntur,
2901 2666 3410 2726 commaculentur:
3471 2660 3637 2735 idque

2032 2768 2251 2840 iugiter,
2296 2766 2520 2838 perinde
2549 2764 2704 2837 quasi
2735 2766 2838 2820 hoc
2864 2762 3016 2820 omni
3058 2771 3303 2831 tempore
3343 2769 3403 2812 se
3434 2752 3637 2810 debere

2035 2861 2216 2918 facere
2240 2861 2643 2917 existimarent.
2685 2856 2977 2928 Opulentia
3007 2854 3156 2910 enim
3187 2849 3407 2907 abunde
3436 2843 3637 2903 stimu-

2035 2957 2151 3011 lare
2204 2962 2384 3026 potest
2423 2952 2493 3008 ad
2558 2948 2887 3022 voluptates,
2933 2957 3264 3015 omnemque
3314 2938 3627 2997 satietatem

2035 3047 2090 3105 in
2136 3049 2246 3105 illis
2292 3047 2505 3104 tollere.
2554 3045 2627 3102 At
2689 3062 2710 3098 ι
2739 3042 2833 3115 qui
2883 3040 3120 3098 seminat
3164 3036 3220 3092 in
3279 3047 3468 3098 carne,
3497 3050 3518 3086 ι
3571 3036 3640 3085 ιιι

306 3160 442 3232 ράν.
482 3120 719 3221 »ΙἸῖέλος
762 3155 876 3227 γὰρ
1057 3120 1403 3228 προσκαίρού
1453 3120 1672 3228 τρυφῖίς
1719 3120 1932 3228 μακρὸν

2037 3139 2214 3209 inquit
2244 3137 2464 3204 Paulus,
2501 3154 2519 3189 ι
2553 3150 2622 3193 ex
2652 3148 2820 3192 carne
2854 3132 3046 3188 metiet
3074 3126 3482 3199 corruptionem
3514 3120 3585 3176 ⁸⁸.
3612 3137 3633 3173 ι

306 3209 412 3307 καὶ
446 3209 714 3324 διηνεκὲς
750 3209 908 3305 ἔσται
946 3209 1185 3322 δέκρύον
1207 3293 1222 3318 ,
1272 3209 1368 3303 καὶ
1419 3209 1694 3322 σαρκίκῖῖίς
1719 3209 1933 3322 ,ἡδονῆς

2038 3231 2193 3288 Finis
2238 3230 2384 3286 enim
2441 3226 2759 3300 temporarii
2819 3226 3003 3290 luxus,
3064 3222 3225 3293 longa
3284 3227 3338 3275 et
3377 3211 3639 3289 perennis

308 3345 544 3418 δλεθρος
572 3345 603 3397 6
637 3341 876 3415 καρπός.
925 3341 1139 3415 Γράφει
1183 3341 1367 3397 τοίνυν
1398 3343 1535 3415 ἡμῖν
1581 3344 1610 3397 6
1642 3343 1936 3415 προφήτης

308 3437 416 3502 τὰς
450 3435 566 3490 τῶν
611 3433 890 3489 Ἰουδαίων
918 3434 1257 3507 ἀγερωχίας,
1306 3436 1402 3489 καὶ
1450 3436 1513 3490 τὸ
1554 3434 1806 3507 ἐξίτηλον
1854 3436 1936 3500 είς

307 3528 561 3603 τρυφὰς,
604 3527 703 3582 καὶ
744 3527 802 3582 τὸ
837 3525 1142 3601 κεχυμένον
1165 3529 1249 3593 είς
1285 3528 1550 3594 ἀσωτίαςς
1588 3530 1777 3585 Πάντα
1801 3528 1933 3602 γὰρ,

304 3622 474 3692 φησὶ,
553 3618 755 3690 καιρὸν
812 3619 1189 3689 ἀπονέμοντες
1250 3620 1376 3683 ταῖς
1438 3616 1933 3691 γαστριμαργίαις,

312 3713 425 3773 ὑπὸ
450 3713 555 3784 τὴν
600 3713 678 3766 ἓω
714 3710 945 3782 ζητοῦσι
976 3710 1040 3764 τὸ
1069 3710 1291 3781 σίκερα,
1339 3710 1437 3766 καὶ
1479 3713 1593 3774 τοῖς
1621 3710 1779 3782 ἡλίου
1812 3708 1936 3781 δρό-

313 3822 443 3877 μοις
497 3804 911 3859 συνεκτείνουσι
949 3805 1077 3868 τοὺς
1121 3804 1345 3869 πότους,
1391 3802 1485 3857 καὶ
1517 3802 1715 3875 μέχρις
1766 3801 1938 3874 αὐτῆς

316 3897 585 3971 μένοντες
612 3898 715 3968 τῆς
741 3897 1006 3969 ἑσπέρας.
1055 3896 1114 3950 'O
1142 3896 1255 3970 γὰρ
1284 3890 1428 3961 οἶνος
1455 3895 1656 3959 αὐτοὺς
1689 3893 1937 3964 συγκαύσι

316 4009 423 4047 σει.
464 3990 964 4062 Ὀμολογουμένως
1004 3990 1105 4061 μὲν
1148 3989 1260 4062 γὰρ
1293 3989 1518 4061 ἐμποιεῖ
1570 4005 1695 4043 τινα
1739 3986 1938 4042 καῦσιν

312 4084 454 4155 ἄδην
487 4084 789 4154 πινόμενος
831 4085 945 4147 τοῖς
993 4081 1330 4153 σπλάγχνοις
1359 4081 1388 4135 6
1427 4074 1591 4145 οῖνος.
1626 4079 1937 4150 Συγκαέσει

312 4177 375 4229 δὲ
404 4175 506 4229 xui.
548 4175 758 4248 ἑτέρως
792 4173 889 4227 τοῦ
918 4173 1142 4246 μεθύειν
1166 4174 1297 4238 τοὺς
1325 4173 1587 4255 ἐραστὰς,
1641 4172 1796 4229 ἔσται
1826 4172 1939 4245 γὰρ

316 4269 513 4331 αὐτοῖς
547 4266 691 4339 πρὸς
722 4265 889 4335 τοῦτο
943 4265 1270 4331 κολάζοντος
1303 4266 1551 4337 ἀφορμή.
1609 4264 1938 4336 Συγκαυθήδ

319 4376 518 4415 σονται
549 4359 609 4413 δὲ
646 4359 829 4431 πάντη
860 4376 921 4413 τε
942 4359 1038 4413 καὶ
1068 4359 1286 4423 πάντως
1306 4360 1386 4421 είς
1413 4357 1620 4427 φλόγας
1646 4372 1713 4408 πε
1722 4356 1939 4427 μπόμε-

312 4473 402 4509 νοι
428 4453 539 4519 τὰς
563 4454 861 4527 διηνεκεῖς,
896 4455 992 4508 καὶ
1022 4454 1436 4525 ἡτοιμασμένοις
1463 4450 1543 4522 τῷ
1573 4449 1807 4521 διαϐόλῳ
1842 4449 1940 4503 καί⁸

314 4555 434 4617 τοῖς
478 4550 745 4622 ἀγγέλοις
773 4548 966 4605 αὑτοῦ.
1016 4549 1289 4624 Ταύτῃτοι
1334 4548 1429 4603 καὶ
1462 4549 1490 4601 6
1532 4545 1767 4618 μέθυσος
1798 4543 1937 4617 ὁμοῦ
1973 4576 2016 4632 D

313 4648 435 4708 τοῖς
459 4644 650 4709 ἄλλοις
678 4643 931 4716 βεϐήλοις
958 4643 1275 4715 ἀπόκληρος
1308 4640 1459 4696 ἔσται
1485 4640 1638 4713 παρὰ
1671 4639 1814 4713 Θεῷ,
1841 4640 1939 4694 καὶ

314 4741 401 4802 είς
448 4738 555 4811 τὴν
605 4738 717 4791 τῶν
759 4735 1011 4810 οὐρανῶν
1058 4736 1341 4808 βασιλείαν
1388 4735 1490 4789 οὐκ
1542 4734 1934 4789 εἰσελεύσεται.

317 4830 471 4903 Ὅρα
507 4830 623 4902 γὰρ
667 4830 771 4900 ὅση
814 4828 926 4881 τῶν
970 4827 1246 4883 Ἰουδαίων
1279 4827 1474 4897 γέγονε
1518 4826 1665 4881 κατὰ
1707 4828 1939 4900 καιροὺς

314 4923 351 4997 ὴ
398 4924 501 4977 ἐπὶ
557 4922 620 4977 τὸ
669 4924 867 4995 χρῆναι
932 4922 1151 4994 τρυφᾷν
1197 4919 1461 4991 ὲξιτηλία.
1514 4920 1692 4975 Ὅπου
1738 4921 1848 4993 γὰρ
1908 4919 1946 4979 6,

312 5017 569 5089 κιθάρας
604 5015 816 5080 κτύπος
837 5056 852 5082 ,
890 5015 987 5069 καὶ
1017 5008 1520 5089 τυμπάνωνῆχος,
1563 5014 1659 5068 καὶ
1691 5012 1801 5067 τῶν
1841 5011 1940 5066 αὺ-

311 5108 573 5166 λούντων
611 5107 1093 5179 συναναφώνησις,
1136 5108 1235 5161 σὺν
1265 5105 1541 5178 εὐρυθμίᾳ
1571 5106 1666 5159 καὶ
1694 5104 1938 5177 κρότοις,

311 5204 443 5258 ἐκεῖ
488 5218 599 5255 που
637 5198 861 5263 πάντως
904 5197 1026 5252 ἐστὶ
1060 5198 1156 5252 καὶ
1204 5198 1314 5251 πᾶν
1361 5192 1505 5261 εἶδος
1549 5194 1937 5267 ἀκαθαρσίας,

312 5298 415 5351 καὶ
454 5294 528 5349 τὰ
568 5292 758 5365 κρυφῆ
789 5291 1095 5362 γιγνόμενα
1125 5291 1259 5363 παρ’
1286 5288 1489 5356 αὐτῶν,
1513 5287 1550 5342 ἃ
1585 5288 1681 5342 καὶ
1711 5285 1938 5359 αἰσχρόν

313 5398 439 5448 ἐστι
467 5389 676 5458 λέγειν.
709 5389 914 5459 Ζημιοῖ
947 5385 1006 5440 δὲ
1038 5384 1196 5439 τοῦτο
1228 5384 1431 5448 αὐτοὺς
1458 5383 1519 5437 τὸ
1563 5382 1639 5455 μὴ
1664 5380 1927 5435 δύνασθαι

316 5485 572 5556 καθορᾷν
621 5482 723 5555 τὴν
755 5479 851 5536 τοῦ
892 5477 1033 5534 Θεοῦ
1062 5478 1244 5545 δόξαν,
1276 5480 1416 5552 μήτε
1455 5475 1564 5549 μὴν
1608 5474 1941 5541 ὲνατενίζειν

316 5580 439 5643 τοῖς
497 5578 686 5648 ἔργοις
750 5572 947 5629 αὐτοῦ.
1010 5572 1227 5645 ’Ὠσπερ
1279 5571 1388 5645 γὰρ
1449 5573 1477 5625 ὁ
1532 5566 1630 5623 τοῦ
1685 5567 1942 5640 σώματος

315 5669 611 5742 ὀφθαλμὸς
633 5711 649 5737 ,
681 5670 715 5742 ἢ
760 5669 968 5732 κόνεως
1002 5664 1350 5738 ἐμϐαλούσης
1370 5704 1383 5729 ,
1419 5663 1452 5737 ἢ
1495 5663 1681 5736 λήμης
1713 5663 1943 5734 ἐγκεχυ-

394 5824 446 5863 ⁸¹
470 5820 513 5881 [ί
541 5821 673 5883 Cor.
725 5839 805 5883 Ix.
873 5820 963 5875 lO.
1061 5820 1105 5852 ’³⁸
1147 5819 1327 5877 (ἶςιιιδι.
1373 5835 1450 5879 vt.
1480 5818 1535 5872 8.

2038 3326 2146 3382 erit
2189 3324 2461 3396 lacryma,
2492 3331 2549 3378 et
2588 3320 2826 3378 carnalts
2872 3315 3167 3388 voluptatis
3198 3312 3432 3378 fruetus,
3474 3308 3639 3364 inter-

2040 3421 2166 3476 itus.
2212 3418 2483 3475 Describit
2554 3416 2742 3486 itaque
2787 3411 3052 3484 propheta
3106 3406 3264 3462 nobis
3319 3400 3638 3458 Judaaormn

2039 3513 2262 3579 fastum,
2318 3521 2375 3568 et
2461 3508 2966 3567 immoderationem
3044 3503 3255 3566 luxus,
3299 3494 3640 3566 cll'usamque

2039 3605 2539 3676 intemperantiam.
2597 3600 2771 3658 Omne
2831 3597 2978 3654 enim
3051 3603 3263 3664 tempus
3327 3585 3506 3643 ventri
3573 3598 3642 3639 ac

2038 3697 2180 3768 gula:
2216 3695 2483 3761 tribuunt,
2525 3691 2630 3747 sub
2660 3702 2917 3745 auroram
2973 3685 3210 3742 siceram
3260 3685 3533 3751 quaerunt,
3582 3683 3643 3731 et

2038 3790 2106 3844 ad
2128 3787 2280 3844 ‘solis
2311 3796 2533 3841 cursum
2554 3780 2991 3854 computationes
3024 3775 3378 3848 protrahunt,
3416 3781 3638 3840 perma-

2040 3889 2234 3938 nentes
2260 3883 2434 3949 usque
2485 3860 2557 3932 ad
2601 3887 2911 3946 vesperum.
2957 3869 3153 3927 Vinum
3205 3865 3351 3922 enim
3386 3848 3650 3918 incendet‘

2039 3989 2156 4031 eos.
2188 3966 2407 4029 Excitat
2454 3970 2656 4044 quippe
2700 3970 2757 4024 in
2788 3963 3093 4022 visceribus
3120 3959 3346 4030 largiter
3399 3954 3642 4013 bibentis

2039 4066 2200 4139 plane
2261 4065 2538 4138 quoddam
2605 4061 2942 4118 incendium.
3016 4056 3157 4125 Quin
3213 4062 3269 4109 et
3313 4050 3422 4106 alio
3479 4047 3644 4139 modo

2043 4138 2226 4216 vinum
2266 4156 2564 4216 saccendet
2602 4154 2721 4217 haec
2754 4149 3039 4207 ebrietatis
3078 4144 3373 4216 mancipia.
3411 4138 3641 4197 Occasio

2041 4255 2302 4311 nimirum
2358 4251 2469 4307 erit
2532 4258 2592 4305 ut
2646 4234 2977 4317 supplicium"
3044 4243 3114 4296 de
3171 4240 3278 4294 illis
3343 4241 3634 4298 sumatur;

2041 4346 2319 4417 siquidem
2347 4343 2730 4409 incendehtdr,
2772 4335 3009 4410 ablegati
3040 4335 3095 4389 in
3137 4331 3393 4385 ﬂamm'an
3441 4323 3649 4417 sempi-

2044 4416 2276 4500 ternam,
2314 4432 2531 4488 diabolo
2551 4431 2778 4503 ejusque
2806 4427 3015 4499 angelis
3036 4422 3390 4481 destinatam.
3416 4416 3643 4473 Scilicet

2045 4532 2172 4585 hinc
2196 4527 2444 4585 ebriosus
2480 4538 2585 4580 una
2611 4538 2734 4579 cum
2771 4523 2894 4579 aliis
2941 4516 3246 4591 profanisa
3281 4512 3392 4568 Deo
3449 4522 3646 4566 exsors

2044 4625 2171 4688 erit,
2203 4630 2257 4679 et
2294 4635 2522 4691 regnum
2581 4618 2846 4677 caelorum
2896 4599 3235 4685 neutiquanr
3286 4605 3644 4677 ingredietur.

2047 4719 2289 4775 Observa
2320 4724 2503 4775 autem
2544 4720 2751 4785 quanta
2808 4709 2978 4766 fuerit
3024 4708 3161 4763 'ol‘im'
3221 4702 3537 4760 Judmorutn
3589 4698 3651 4752 in

2044 4809 2416 4887 voluptatibus
2460 4796 3192 4865 co‘nsectandis'eﬁ'tlenatio.
3243 4797 3351 4856 Ubi
3408 4798 3651 4864 uanique

2047 4906 2275 4965 cithara
2294 4918 2461 4961 sonus
2491 4911 2598 4969 est,
2621 4908 2679 4959 et
2719 4896 3102 4974 tyinpah‘druni
3132 4896 3348 4969 pulsus,
3375 4906 3442 4948 ac
3472 4888 3653 4945 tibicia

2047 5014 2180 5057 num
2215 4998 2515 5056 concentus
2553 4998 2682 5052 cum
2734 5000 3088 5050 numerorum
3148 4986 3525 5046 concinnitate
3592 4990 3651 5039 et

2046 5092 2352 5167 plausibus,
2374 5091 2451 5148 ibi
2476 5091 2701 5147 omnino
2745 5098 2831 5146 est
2864 5086 2921 5144 'et
2950 5098 3116 5143 omne
3152 5090 3326 5154 genus
3361 5077 3653 5143 fmditatis,

2049 5188 2225 5258 eaque
2300 5184 2440 5241 fiunt
2515 5185 2656 5241 clam
2734 5183 2815 5241 ab’
2862 5174 2973 5238 illis
3023 5188 3145 5252 qua:
3208 5180 3367 5249 turpe
3423 5182 3513 5232 est
3569 5172 3651 5229 vel

2048 5282 2252 5338 dicere.
2298 5276 2457 5347 Quod
2495 5277 2716 5349 quidem
2755 5274 3150 5348 impedimento
3203 5270 3312 5328 illis
3347 5277 3465 5336 est,
3511 5278 3653 5345 quo!»

2049 5375 2233 5431 minus
2270 5369 2503 5444 gloriam
2528 5370 2625 5427 Dei
2670 5364 3014 5434 intueantur,
3051 5365 3281 5437 ejusque
3342 5360 3535 5433 opera?
3567 5362 3655 5410 at-‘

2050 5469 2293 5527 tendant.
2326 5468 2461 5526 Nam
2501 5475 2560 5523 ut
2584 5465 2836 5538 corporis
2864 5462 3075 5529 oculus,
3102 5458 3191 5517 vel
3238 5450 3470 5531 pulvere
3510 5449 3652 5520 injen

2050 5571 2177 5631 cto,
2233 5561 2320 5621 vel
2370 5560 2634 5635 lippidine
2675 5557 2885 5628 offusa,
2941 5544 3427 5635 vel'ob‘iurba‘nt‘e‘l
3455 5542 3650 5601 v'ul'ne~

2052 5673 2134 5729 re,
2189 5656 2338 5717 clare
2388 5632 2497 5714 non
2544 5661 2728 5728 potest
2774 5644 2998 5709 videre“:
3052 5634 3367 5713 demens"
3403 5632 3652 5697 humana
