4100 6480
469 338 579 395 155

1467 338 1525 395 S.
1565 337 1843 396 CYRILIJ
1883 338 2356 396 ALEXANDRINI
2394 342 2716 400 ARCHIEP.

3647 338 3744 392 156

471 454 616 508 σειιίιη
653 449 845 507 mortis
886 458 1066 507 terror
1091 465 1196 505 non
1232 451 1578 521 prosternet?
1607 451 1699 507 Vel
1737 466 1895 519 quem
1912 451 2043 506 'oeu‘

2163 449 2221 503 δὲ
2243 450 2457 521 μεγάλα
2483 440 2781 521 φυσῶντες,
2816 447 3002 520 φησιν,
3029 447 3244 502 ἔσονται
3280 450 3743 518 τεταπεινωμένοι

476 546 586 598 lum
630 543 833 600 elatum
865 552 919 598 et
941 542 1106 597 altum
1149 542 1539 612 suspicientem
1588 543 1770 613 gravis
1797 550 1850 595 et
1873 543 2064 596 intole—

478 636 650 691 randa
707 635 991 691 calamitas
1040 635 1280 705 quietum
1329 644 1385 689 et
1411 635 1646 704 sopitum
1670 650 1775 689 non
1834 634 2065 689 reddet?

474 728 622 793 lla-e,
656 727 866 795 inquit,
913 728 1093 780 omnia
1125 725 1217 780 ubi
1264 726 1569 793 evenerint,
1622 724 1911 781 extolletur
1952 725 2060 779 Do-

474 821 652 874 minus
707 818 943 872 Sabaoth
979 817 1068 872 die
1103 817 1213 881 illa,
1245 818 1295 872 id
1339 826 1441 884 est,
1477 826 1587 871 tum
1618 818 1834 887 quando
1865 817 1977 872 haec
1995 819 2062 872 de

474 911 582 962 illis
615 909 877 977 praedicta
910 907 974 962 ad
1010 909 1217 961 exitum
1262 909 1572 962 decurrent.
1612 905 1908 960 Extollitur
1933 921 2060 959 vero

472 1000 733 1055 Dominus
781 999 1021 1055 Sabaoth
1076 1002 1128 1054 in
1156 999 1360 1066 judicio
1399 1008 1453 1053 et
1479 998 1712 1065 justitia,
1741 1013 1862 1052 cum
1907 1009 2060 1052 recto

470 1106 569 1143 suo
596 1102 651 1145 et
682 1101 1030 1146 sacrosancto
1061 1092 1270 1146 calculo
1309 1091 1362 1145 in
1405 1092 1660 1161 populum
1685 1092 1973 1159 superbum
2005 1099 2060 1145 et

469 1180 873 1248 voluptuarium
939 1181 1347 1234 animadvertit.
1404 1179 1568 1236 Proin
1611 1182 1852 1235 aversari
1895 1181 2058 1235 lasci-

469 1272 637 1337 viam,
666 1273 961 1342 carnisque
994 1273 1244 1326 libidines
1295 1271 1514 1326 inutiles
1559 1270 1641 1325 vel
1668 1272 1847 1340 potius
1882 1272 2058 1340 impu-

472 1364 721 1417 rissimas
751 1379 912 1433 quam
943 1365 1258 1435 longissime
1288 1364 1580 1434 proﬂigare
1622 1363 1957 1427 Studeamus,
1991 1378 2058 1419 ne

471 1458 663 1501 contra
698 1450 917 1505 insultet
964 1453 1119 1506 nobis
1166 1451 1409 1507 infernus
1461 1453 1825 1519 inexplebilis.
1863 1453 2055 1510 Memi-

472 1540 652 1595 nimus
689 1544 831 1596 enim
883 1544 1223 1598 Servatorem
1263 1545 1507 1600 divisse:
1553 1563 1570 1596 ι
1616 1544 1703 1600 Va:
1733 1546 1884 1601 vobis
1921 1548 2056 1602 divi~

471 1631 638 1701 tibus,
662 1634 785 1703 quia
837 1635 1049 1689 habetis
1100 1625 1527 1691 consolationem
1572 1646 1806 1693 vestram
1851 1639 1954 1691 δ’.»
1994 1640 2056 1693 Et

470 1739 691 1779 rursus:
733 1744 750 1777 ι
785 1725 930 1781 Beati
972 1727 1060 1796 qui
1089 1727 1284 1798 lugetis
1328 1744 1490 1795 nunc,
1528 1732 1653 1800 quia
1686 1732 2051 1788 ridebitis".r

2166 543 2264 595 καὶ
2284 544 2488 614 ἄτιμοι.
2513 544 2623 597 Καὶ
2650 542 2769 596 τίνα
2799 540 2910 612 γὰρ
2943 541 3004 593 οὐ
3035 538 3393 593 ταπεινοῖτοῦ
3430 539 3660 593 θανάτου
3682 540 3745 594 τὸ

2164 633 2356 703 δεῖμα;
2394 636 2464 688 Ἦ
2502 637 2653 687 ποῖον
2684 632 2964 702 ὀφθαλμὸν
2992 630 3302 702 ἐπηρμένον
3345 632 3441 684 καὶ
3477 632 3589 685 ἄνω
3626 632 3745 702 βλὲι

2142 741 2334 778 ποντα
2356 725 2502 796 δεινὴ
2526 726 2619 779 καὶ
2650 724 2929 785 δύσοιστος
2958 722 3016 776 οὐ
3046 723 3425 793 κατακοιμίζει
3449 726 3741 792 συμφοράς

2164 817 2383 870 Τούτων
2414 818 2495 882 δὲ,
2535 817 2722 888 φησὶν,
2760 815 3018 870 ἁπάντων
3051 813 3482 885 συμϐεϐηκότων
3519 813 3744 885 ὑψωθή-

2164 923 2318 959 σεται
2350 906 2552 977 Κύριος
2585 904 2836 972 Σαϐαὼθ,
2877 907 2934 959 ὲν
2984 908 3050 976 τῇ
3100 905 3286 976 ἡμέρᾳ
3325 905 3544 976 ἐκείνῃ,
3598 903 3743 957 τοῦτ’

2161 997 2299 1062 ἔστι,
2329 1000 2448 1051 κατ’
2477 1000 2652 1051 ἐκεῖνο
2678 996 2773 1050 τοῦ
2803 996 3026 1067 καιροῦ,
3064 996 3186 1050 καθ’
3210 996 3268 1048 ὃν
3296 998 3377 1058 είς
3405 997 3580 1066 πέρας
3610 996 3743 1066 δρα-

2165 1089 2449 1161 μεῖται“τὰ
2494 1090 2582 1142 ἐπ’
2621 1090 2806 1153 αὐτοῖς
2854 1089 3335 1160 προηγορευμένα.
3384 1087 3649 1158 ’Υψοῦται
3686 1088 3746 1142 δὲ

2164 1181 2322 1253 μόνος
2348 1180 2553 1252 Κύριος
2580 1180 2805 1235 Σαϐαὼθ
2843 1183 2899 1233 ὲν
2930 1181 3180 1250 κρίματι,
3213 1180 3304 1232 καὶ
3325 1181 3383 1233 ὲν
3403 1178 3741 1251 δικαιοσύνῃ,

2159 1270 2235 1333 ὡς
2275 1270 2408 1342 ὀρθῇ
2456 1271 2549 1324 καὶ
2599 1271 2724 1342 ὁσίᾳ
2759 1272 2824 1341 τῇ
2877 1270 3045 1341 ψήφῳ
3092 1268 3328 1332 κολάσας
3369 1268 3459 1322 τὸν
3504 1267 3747 1332 ἀλαζόνα

2158 1361 2305 1425 λαὸν,
2357 1362 2448 1416 τὸν
2487 1361 2689 1431 ἀπειθῆ
2736 1362 2831 1415 καὶ
2881 1361 3185 1430 φιλήδονον.
3233 1360 3605 1430 Παραιτητέον
3649 1356 3743 1414 οὖν

2158 1456 2269 1527 ἄρα
2315 1455 2413 1518 τὰς
2440 1456 2672 1525 τρυφὰς,
2720 1456 2812 1508 καὶ
2850 1455 2926 1518 ὡς
2951 1454 3226 1506 ἀπωτάτω
3263 1452 3537 1506 ποιεῖσθαι
3583 1469 3745 1507 σπου-

2158 1547 2408 1617 δάζωμεν
2429 1548 2528 1611 τὰς
2566 1548 2856 1617 ἀνονήτους
2892 1545 3284 1616 φιλοσαρκίας,
3319 1543 3520 1616 μᾶλλον
3550 1543 3608 1597 δὲ
3642 1542 3745 1607 τὰς

2162 1639 2562 1708 μυσαρωτάτας
2582 1677 2596 1699 ,
2633 1637 2722 1690 ἵνα
2765 1636 2843 1707 μὴ
2876 1636 3277 1706 κατατρυφήσῃ
3303 1636 3396 1688 καὶ
3424 1634 3510 1701 ἐφ’
3542 1635 3677 1704 ἡμῖν
3711 1633 3743 1683 6

2158 1729 2433 1799 ἄπληστος
2484 1728 2634 1801 ᾅδης.
2679 1728 3032 1799 Μεμνήμεθα
3065 1727 3174 1798 γὰρ
3213 1727 3307 1780 τοῦ
3347 1726 3602 1798 Σωτῆρος
3651 1726 3744 1780 λέ-

469 1814 688 1867 Desinet
730 1816 876 1869 enim
916 1815 1067 1870 labor
1121 1817 1172 1870 in
1204 1818 1463 1887 quietem,
1498 1827 1553 1873 et
1608 1820 1869 1875 bonorum
1902 1824 2043 1877 sudo

2166 1839 2356 1890 γοντος
2375 1838 2386 1850 ·
2425 1840 2442 1873 ι
2476 1821 2614 1875 Οὐαὶ
2648 1822 2777 1892 ὑμῖν
2806 1823 2918 1884 τοῖς
2945 1820 3243 1883 πλουσίοις,
3274 1821 3358 1874 ὅτι
3386 1820 3620 1890 ἀπέχετε
3642 1820 3745 1891 τὴν

471 1920 587 1958 rum
616 1905 738 1959 linis
773 1907 1077 1975 voluptates
1112 1910 1423 1965 conciliabit
1448 1922 1708 1966 aeternum
1732 1915 2043 1978 duraturus,

465 1993 601 2049 Nam
643 1998 775 2066 «qui
815 2000 1049 2054 seminat
1098 2001 1149 2054 in
1199 2015 1385 2068 carne,
1438 2011 1494 2058 et
1554 2020 1619 2058 ex
1665 2019 1829 2059 carne
1883 2015 2046 2061 metet

466 2088 767 2155 interitum,
793 2109 810 2141 ι
852 2090 1014 2144 sicuti
1049 2092 1308 2160 scriptum
1339 2102 1423 2147 est
1446 2095 1515 2158 ",
1553 2111 1573 2146 ι
1597 2104 1652 2149 et
1681 2098 1769 2164 qui
1812 2097 2047 2152 seminat

465 2178 521 2233 in
560 2181 776 2249 spiritu,
815 2189 871 2237 et
895 2197 960 2236 ex
1000 2183 1192 2253 spiritu
1230 2194 1394 2240 metet
1425 2187 1582 2241 vitam
1614 2197 1928 2243 aeternam.»

2151 1914 2498 1985 παράκλησιν
2530 1913 2704 1983 ὑμῶν.
2741 1933 2759 1965 ι
2813 1913 2921 1968 Καὶ
2952 1912 3152 1976 πάλιν,
3186 1913 3268 1966 ὄτι
3308 1930 3325 1962 ι
3374 1911 3653 1981 Μακάριοι
3691 1912 3744 1964 οἱ

2147 2004 2467 2069 πενθοῦντες
2496 2004 2612 2069 νῦν,
2634 2008 2715 2061 ὅτι
2739 2005 3015 2076 γελάσετε·
3047 2024 3066 2057 ι
3094 2001 3385 2074 καταλήξει
3408 2004 3516 2074 γὰρ
3533 2005 3562 2056 6
3582 2004 3743 2067 πόνος

2147 2100 2226 2163 εἰς
2254 2098 2567 2169 ἀναψυχὴν,
2609 2099 2704 2153 καὶ
2733 2097 2956 2167 ἀγαθῶν
2987 2096 3227 2167 ἱδρώτων
3262 2095 3324 2148 τὸ
3362 2094 3570 2163 πέρας,
3604 2110 3743 2166 τρυ-

2151 2189 2257 2259 φῆς
2300 2190 2432 2260 ἡμῖν
2483 2188 2636 2242 ἔσται
2673 2188 2775 2258 τῆς
2810 2190 2891 2249 είς
2940 2187 3115 2241 αἰῶνα
3151 2186 3428 2260 πρόξενον.
3479 2203 3498 2237 ι
3539 2186 3597 2240 '0
3628 2185 3742 2258 γὰρ

464 2275 711 2346 σπείρων
762 2277 843 2340 εἰς
898 2277 998 2347 τὴν
1051 2278 1261 2349 σάρκα,
1314 2281 1380 2334 ὲκ
1436 2282 1536 2353 τῆς
1590 2283 1793 2355 σαρκὸς
1835 2283 2041 2355 θερίσει
2116 2284 2345 2356 φθορὰν,
2384 2302 2404 2337 ι
2469 2283 2616 2338 καθά
2660 2282 3019 2355 γέγραπται·
3066 2300 3085 2333 ι
3125 2281 3221 2336 καὶ
3266 2283 3294 2335 6
3370 2280 3612 2352 σπείρων
3656 2280 3739 2343 εἰς

458 2366 526 2420 τὸ
566 2367 816 2438 πνεῦμα,
862 2370 927 2423 ὲκ
972 2370 1067 2425 τοῦ
1114 2371 1427 2443 πνεύματος
1469 2374 1675 2446 θερίσει
1716 2377 1862 2448 ζωὴν
1910 2378 2150 2432 αἰώνιον.
2200 2396 2219 2430 ι

533 2460 639 2531 91
674 2460 844 2516 Vsus.
884 2463 971 2519 17.
1015 2463 1082 2518 Et
1109 2476 1391 2534 pascentur
1429 2469 1649 2537 direpti,
1683 2481 1739 2523 ut
1775 2472 1951 2537 tauri,
1991 2481 2042 2525 et

458 2551 775 2608 solitudines
803 2571 984 2609 eorum
1012 2558 1104 2626 qui
1130 2558 1274 2627 capti
1302 2568 1445 2625 sunt,
1477 2562 1604 2631 agni
1632 2562 2001 2631 depasceutur.

531 2726 838 2783 Constituta
893 2729 1072 2785 adhuc
1125 2731 1343 2801 regione
1386 2731 1726 2799 .ludzeorum,
1773 2736 2041 2804 rebusque

458 2820 714 2874 secundis
742 2819 991 2884 ﬂorente,
1017 2832 1205 2876 contra
1241 2826 1502 2893 sanguine
1532 2823 1828 2881 Israelitico
1856 2828 2040 2881 oriun-

461 2914 560 2966 dos
594 2912 835 2967 tiuitimzc
876 2924 1069 2984 gentes
1108 2914 1530 2985 belligerahaut;
1566 2918 1781 2988 Deoque
1822 2921 2041 2973 univer-

460 3003 641 3058 sitatis
676 3002 924 3059 lsraclem
960 3006 1113 3073 quasi
1151 3018 1308 3062 scuto
1342 3019 1683 3081 contegeute,
1723 3012 2045 3066 rebellantes

2219 2471 2324 2525 Kal
2361 2468 2863 2536 βοσκηθήσονται
2911 2469 2966 2522 οἱ
2999 2466 3442 2536 διηρπασμένα
3477 2465 3558 2532 ὡς
3595 2464 3740 2519 tat").

2140 2579 2259 2630 ροι,
2305 2562 2402 2616 καί
2446 2561 2554 2626 τὰς
2592 2558 2852 2629 ἐρήμους
2898 2557 3017 2613 τῶν
3056 2557 3517 2628 ἀπειλημμένων
3559 2556 3743 2625 ἄρνες

2147 2670 2462 2724 φαγονται.
3630 2700 3646 2713 .

2217 2744 2569 2815 Συνεστώσης
2592 2744 2669 2798 ἔτι
2697 2745 2797 2815 τῆς
2829 2743 3094 2799 Ἰουδαίων
3117 2742 3303 2814 χώρας
3331 2743 3422 2796 καὶ
3448 2742 3507 2795 ὲν
3532 2741 3741 2812 ἀκμαῖς

2147 2836 2314 2910 οὔσης
2341 2838 2435 2892 τοῦ
2471 2838 2784 2908 εὐημερεῖν,
2809 2836 3077 2907 ἐμάχοντο
3108 2836 3208 2907 μὲν
3242 2836 3379 2908 πρὸς
3404 2836 3530 2898 τοὺς
3559 2833 3619 2901 ἐξ
3651 2836 3745 2890 αῖς

2151 2945 2320 2999 ματος
2354 2926 2569 2998 Ἰσραὴλ
2597 2927 2666 2979 τὰ
2702 2928 2958 2999 περίοικα
2984 2926 3091 2981 τῶν
3127 2926 3316 2980 ἐθνῶν.
3335 2925 3551 2998 Ἐπειδὴ
3579 2926 3638 2979 δὲ
3670 2921 3745 2997 ἦν

2145 3021 2173 3073 6
2204 3020 2315 3074 τῶν
2345 3020 2480 3073 ὅλων
2504 3018 2637 3082 Θεὸς
2665 3021 2693 3072 6
2725 3020 3072 3083 συνασπίζων
3100 3017 3179 3090 τῷ
3204 3018 3443 3089 Ἰσραὴλ,
3471 3019 3746 3090 κεκράτη-

463 3095 543 3150 sic
575 3095 798 3160 devicit,
836 3106 891 3150 ut
927 3111 1117 3152 omnes
1160 3099 1293 3152 citra
1341 3116 1571 3171 pugnam
1614 3106 1936 3174 expugnarit
1986 3113 2042 3158 et

2147 3131 2241 3167 κεν
2281 3111 2453 3176 οὕτως
2499 3112 2607 3166 τῶν
2650 3112 3062 3183 ἀνθεστηκότων
3097 3111 3171 3174 ὡς
3200 3112 3357 3183 νικᾷν
3388 3110 3612 3182 ἀμαχεὶ,
3644 3112 3746 3165 καὶ

461 3187 706 3257 fregerit,
740 3199 1023 3260 terrasque
1051 3206 1238 3247 eorum
1274 3193 1578 3263 diriptlcrit,
1616 3196 1780 3251 urbes
1814 3198 2042 3267 popula-

464 3289 548 3335 tus
579 3280 763 3344 fuerit,
794 3290 848 3335 et
881 3295 965 3337 res
992 3282 1195 3338 alienas
1222 3292 1476 3354 tanquam
1509 3296 1780 3355 potestate
1809 3291 2039 3357 quadam

460 3380 517 3427 et
565 3373 888 3427 auctoritate
935 3374 1178 3441 prmditi,
1233 3375 1437 3441 tulerit,
1488 3377 1680 3446 egerit.
1736 3376 1805 3429 At
1850 3376 1940 3430 ubi
1986 3377 2038 3429 iu

460 3462 733 3518 Christum
758 3464 920 3532 impie
936 3475 1183 3535 egerunt,
1210 3465 1433 3521 Romani
1459 3469 1729 3524 exercitus
1754 3470 2038 3523 vastatiozii

461 3555 857 3624 direptionique
883 3557 1115 3625 expositi
1147 3566 1300 3623 sunt,
1348 3559 1512 3612 urbes
1544 3571 1829 3623 cremaue,
1861 3560 2041 3614 ozunia

461 3660 648 3701 eorum
681 3648 818 3701 bona
840 3648 1048 3718 direpta
1084 3665 1113 3703 a
1146 3649 1441 3706 victoribus
1466 3669 1483 3707 :
1512 3652 1634 3706 dein
1672 3650 2043 3705 [loruauurum

461 3740 631 3806 copiis
655 3741 1074 3797 subdueentibus
1103 3758 1162 3798 se
1192 3758 1483 3813 parumper
1511 3759 1574 3797 ac
1596 3745 1927 3809 cedentibus,
1950 3745 2041 3813 qui

460 3831 590 3887 olim
612 3832 806 3902 direpti
839 3842 982 3899 sunt,
1018 3835 1378 3889 incursionem
1410 3833 1633 3901 faciunt,
1656 3838 1821 3890 urbes
1848 3851 1911 3890 ac
1946 3836 2041 3890 do-

460 3938 581 3977 mos
604 3925 991 3991 pervestigant,
1013 3935 1065 3999 et
1087 3927 1321 3995 reliquas
1346 3943 1434 3982 res
1466 3926 1785 3993 ceiupilams
1810 3925 1861 3977 in
1885 3941 2039 3981 suam

459 4015 660 4085 quique
709 4018 980 4086 regionem
1039 4019 1356 4088 important.
1404 4017 1716 4086 Cujusmoli
1769 4028 1850 4071 est
1895 4019 2040 4087 quod

458 4106 617 4160 nobis
646 4105 790 4161 Deus
825 4108 1191 4163 universitatis
1236 4108 1506 4180 significat
1548 4107 1680 4162 voce
1721 4109 2038 4176 prophetas:

462 4216 485 4251 ι
531 4198 853 4263 Ravennate,
901 4215 1166 4255 racemate
1200 4200 1354 4268 quasi
1397 4201 1608 4252 vineam
1661 4200 1917 4271 reliquias
1958 4199 2038 4255 ls-

456 4291 621 4349 raelis
656 4309 669 4345 :
703 4293 1027 4346 revertimini
1064 4304 1318 4364 tanquam
1352 4291 1711 4347 vindemiator
1741 4293 1807 4346 ad
1833 4293 2040 4348 cartal-

456 4382 565 4441 ium
600 4401 752 4439 suum
778 4386 844 4438 ⁹².
881 4405 899 4438 ι
942 4385 1187 4441 l’ra‘dieit
1216 4385 1409 4453 igitur,
1447 4400 1552 4438 non
1584 4386 1717 4440 satis
1758 4383 1894 4447 fore,
1922 4385 2038 4438 luce

454 4475 629 4530 solum
669 4493 697 4528 a
734 4477 983 4532 Romano
1024 4478 1188 4533 milite
1221 4492 1411 4545 passos
1449 4491 1591 4541 esse,
1637 4477 1735 4532 sed
1774 4486 2035 4545 praetcrea

455 4582 523 4621 ex
556 4568 905 4622 ﬁnitimarum
936 4570 1175 4639 gentium
1209 4566 1526 4623 crudelitate
1571 4568 1686 4622 haec
1725 4581 2033 4631 accessura,

454 4661 640 4715 dicens
677 4680 689 4715 :
728 4680 745 4712 ι
774 4662 837 4716 Ει
883 4671 1172 4731 pascentur
1213 4661 1303 4730 qui
1335 4660 1532 4731 direpti
1568 4670 1729 4724 sunt,
1779 4667 2034 4729 tanquam

456 4756 650 4819 tauri.»
669 4754 771 4822 Qui
797 4757 943 4809 enim
963 4754 1111 4821 olim,
1136 4755 1331 4825 inquit,
1356 4753 1644 4825 direptioni
1667 4768 1851 4807 eorum
1877 4752 2037 4808 facile

452 4845 731 4915 patebant,
746 4846 868 4916 quia
891 4846 1030 4901 Deus
1051 4862 1206 4917 opem
1232 4846 1462 4910 ferebat,
1483 4846 1533 4900 hi
1555 4844 1828 4914 regionem
1845 4858 2033 4899 eorum

454 4940 743 5009 depascent
781 4955 881 4996 ceu
932 4940 1100 5003 tauri,
1143 4939 1196 4994 id
1240 4948 1342 5007 est,
1375 4938 1624 5005 feroces,
1680 4934 2034 5005 magnanimi,

452 5040 507 5086 et
548 5031 638 5100 qui
680 5032 935 5086 invictam
983 5030 1051 5085 ad
1104 5030 1464 5085 resistendum
1513 5028 1622 5083 vim
1669 5026 1916 5081 afferent.
1970 5024 2038 5080 Et

453 5122 767 5178 solitudines
796 5137 983 5178 eorum
1022 5123 1115 5192 qui
1152 5122 1504 5186 relietisunt,
1551 5120 1673 5190 agni
1719 5120 2034 5188 depasecnt.

452 5214 694 5271 Itelictos
725 5215 859 5270 dicit
887 5214 1162 5269 obsessos.
1199 5212 1336 5282 Agui
1370 5212 1674 5276 comedent,
1705 5215 1806 5266 hoc
1828 5218 1936 5276 est,
1960 5209 2035 5265 illi

452 5323 642 5365 rursus
681 5306 780 5377 qui
820 5314 1044 5361 suntex
1088 5306 1359 5375 gentibus.
1404 5303 1540 5360 Cum
1587 5306 1732 5360 enim
1780 5305 1927 5361 velut
1967 5304 2038 5361 de

457 5402 628 5457 tauris
678 5401 839 5455 verba
892 5396 1145 5462 fecisset,
1190 5399 1487 5469 persistens
1533 5398 1588 5454 in
1626 5407 1816 5469 tropo,
1869 5414 2036 5471 agnos

457 5491 662 5563 adjecit
697 5509 712 5546 :
743 5499 803 5544 ut
827 5500 1012 5546 tauros
1032 5505 1154 5549 esse
1180 5490 1339 5546 valde
1367 5490 1620 5547 robustos
1648 5491 2033 5563 intelligamus.

456 5584 608 5642 Alios
632 5595 762 5641 vero
785 5581 880 5654 qui
918 5581 1053 5639 tales
1085 5597 1190 5639 non
1219 5593 1364 5649 sunt,
1395 5582 1496 5639 sed
1518 5582 1805 5639 inferiores
1836 5597 1897 5637 ac
1930 5583 2036 5637 mi-

530 5739 571 5772 ”
604 5738 716 5797 Luc
752 5754 825 5802 vt,
857 5739 947 5793 26.
1023 5740 1067 5771 ’°
1128 5737 1316 5794 Matth.
1343 5754 1411 5803 ν,

2143 3207 2471 3259 καταπτοεῖν
2511 3204 2777 3269 ἃπαντας,
2810 3204 2903 3257 καὶ
2930 3202 3257 3274 διαρπάζειν
3287 3202 3469 3257 αὐτῶν
3505 3202 3605 3266 τὰς
3629 3201 3744 3273 χώ-

2146 3316 2265 3368 ρας,
2302 3299 2395 3351 καὶ
2427 3296 2730 3368 καταδῃοῦν
2761 3295 2859 3360 τὰς
2889 3296 3094 3360 πόλεις,
3133 3296 3287 3363 ἄγειν
3320 3313 3379 3348 τε
3425 3296 3517 3348 καὶ
3550 3294 3745 3366 φέρειν

2141 3387 2213 3441 τὰ
2257 3388 2460 3458 ἐτέρων
2503 3387 2618 3458 μετ’
2648 3386 2919 3450 ἐξουσίας.
2940 3385 3158 3457 Ἐπειδὴ
3188 3386 3244 3440 δὲ
3278 3386 3745 3457 δεδυσσεϐήκασιν

2142 3480 2223 3540 εἰς
2267 3477 2523 3547 Χριστὸν,
2560 3476 2653 3527 καὶ
2697 3475 2939 3528 δέδονται
2972 3474 3092 3538 ταῖς
3125 3475 3414 3545 Ῥωμαίων
3461 3477 3743 3546 στρατιαῖς

2142 3568 2223 3630 εἰς
2264 3566 2626 3637 ὄλεθρονκαὶ
2670 3565 3004 3637 διαρπσςίὴν,
3059 3567 3482 3638 ἐνεπρήσθησαν
3536 3568 3635 3635 μὲν
3680 3568 3741 3620 αἱ

2143 3659 2349 3724 πόλεις,
2378 3658 2795 3730 διηρπάσοησαν
2824 3658 2880 3711 δὲ
2917 3659 3094 3713 πάντα
3124 3659 3189 3712 τὰ
3217 3659 3344 3712 ὄντα
3373 3659 3554 3721 αὐτοῖς
3585 3661 3743 3729 παρὰ

2140 3751 2252 3804 τῶν
2274 3751 2659 3822 νενικηκότων.
2703 3748 2837 3803 Εἶτα
2869 3750 2968 3821 τῆς
3011 3749 3298 3821 Ῥωμαίων
3328 3753 3586 3823 στρατιᾶς
3632 3751 3740 3804 ὑπ-

2141 3842 2399 3913 ενδούσης
2427 3842 2622 3914 βραχὺ,
2657 3842 2983 3915 κατέτρεχον
3011 3844 3061 3896 οἱ
3089 3843 3257 3896 πάλαι
3287 3841 3739 3913 διαρπαζόμενοι,

2142 3936 2328 3998 πόλεις
2362 3952 2422 3988 τε
2456 3937 2550 3989 καὶ
2585 3933 2770 3998 οἴκους
2801 3933 3250 4007 διερευνώμενοι,
3294 3935 3650 4006 συνεκόμιζόν
3680 3953 3742 3989 τε

2139 4028 2208 4085 τὰ
2234 4026 2416 4091 λοιπὰ,
2456 4028 2550 4081 καὶ
2577 4030 2656 4091 είς
2692 4026 2792 4090 τὰς
2834 4027 2985 4096 σφῶν
3012 4027 3193 4081 αὐτῶν
3221 4028 3498 4099 ἀπέφερον
3527 4026 3737 4097 χώρας.

2141 4118 2251 4172 Καί
2303 4136 2356 4170 τι
2404 4118 2645 4171 τοιοῦτον
2692 4120 2826 4187 ἡμῖν
2881 4116 3138 4187 ὑποδηλοῖ
3196 4117 3371 4186 λέγων
3404 4119 3434 4170 6
3465 4117 3570 4171 τῶν
3600 4117 3741 4171 ὅλων

2139 4209 2272 4272 Θεὸς
2292 4209 2380 4262 διὰ
2410 4210 2591 4280 φωνῆς
2620 4209 2903 4280 προφήτου
2924 4227 2937 4241 ·
2977 4229 2993 4260 ι
3020 4194 3357 4278 Καλαμᾶσοε
3375 4249 3389 4271 ,
3416 4208 3740 4279 καλαμᾶσοε

2139 4299 2216 4364 ὡς
2249 4298 2493 4371 ἄμπελον
2536 4298 2608 4353 τά
2650 4298 2814 4353 λοιπὰ
2846 4299 2941 4352 τοῦ
2981 4299 3198 4370 Ἰσραήλ
3220 4314 3236 4331 ·
3264 4299 3630 4371 ἐπιστρέψατε
3662 4299 3742 4363 ὡς

2141 4393 2169 4444 6
2193 4390 2410 4463 τρυγῶν
2438 4393 2534 4444 ἐπὶ
2562 4390 2655 4444 τὸν
2686 4389 2989 4462 κάρταλλον
3021 4388 3207 4445 αὑτοῦ.
3245 4409 3263 4441 ι
3290 4391 3409 4443 ’Ὁτι
3438 4388 3616 4444 τοίνυν
3637 4389 3743 4443 οὐκ

2142 4485 2371 4556 ἀρκέσει
2430 4483 2567 4554 μονα
2615 4483 2807 4536 παθεῖν
2838 4484 3035 4546 αὐτοὺς
3077 4482 3146 4537 τὰ
3190 4483 3254 4535 ἐκ
3300 4482 3399 4553 τῆς
3447 4482 3740 4552 Ῥωμαίων

2144 4574 2437 4643 στρατιᾶς,
2471 4571 2901 4643 προστεθήσεται
2928 4572 2986 4625 δὲ
3024 4573 3119 4627 καὶ
3147 4570 3212 4624 τὰ
3243 4572 3306 4624 ἐκ
3330 4571 3424 4643 τῆς
3456 4570 3741 4641 ὠμότητος

2137 4663 2248 4718 τῶν
2282 4663 2499 4733 ὁμόρων
2530 4661 2764 4733 ἐχθρῶν,
2802 4660 3168 4737 προαγορεύει
3201 4660 3379 4728 λέγων
3401 4678 3414 4691 ·
3452 4680 3471 4712 ι
3507 4661 3616 4713 Καὶ
3655 4659 3741 4731 βο-

2143 4755 2508 4828 σκηθήσονται
2537 4756 2586 4808 οἱ
2613 4755 3014 4826 διηρπασμένοι
3043 4754 3116 4816 ὡς
3137 4752 3350 4825 ταῦροι.
3376 4771 3394 4804 ι
3417 4754 3481 4806 Οἱ
3504 4752 3610 4826 γὰρ
3633 4755 3742 4808 πά-

2139 4848 2248 4914 λαι,
2285 4849 2472 4919 φησὶν,
2495 4847 2704 4919 ἕτοιμοι
2753 4846 3147 4918 διηρπασμένοι
3182 4847 3274 4899 ὑπ’
3309 4845 3512 4909 αὐτῶν,
3543 4845 3632 4900 διὰ
3679 4845 3742 4899 τὸ

2141 4939 2440 5011 ἐπαμύνειν
2470 4938 2623 5003 Θεὸν,
2654 4937 3201 5009 κατανεμηθήσονται
3224 4937 3322 5009 τὴν
3344 4935 3529 5008 χώραν
3554 4937 3744 4990 αὐτῶν

2138 5031 2211 5094 ῶς
2244 5030 2458 5102 ταῦροι,
2493 5030 2637 5084 τοῦτ’
2665 5029 2801 5096 ἐστι,
2832 5028 2994 5081 δεινοὶ
3022 5028 3117 5080 καὶ
3142 5027 3441 5099 ἀγέρωχοι,
3477 5026 3572 5080 καὶ
3597 5026 3745 5095 ἄμας

2136 5137 2230 5191 χον
2260 5120 2475 5190 ἔχοντες
2522 5120 2623 5191 τὴν
2659 5119 2995 5173 ἀντίστασιν.
3042 5117 3151 5170 Καὶ
3197 5116 3296 5179 τὰς
3343 5117 3585 5187 ἐρήμους
3635 5116 3746 5167 τῶ]

2137 5214 2578 5285 ἀπειλειμμένων
2625 5213 2786 5284 ἄρνες
2838 5209 3615 5281 φάγονται.Ἃπειλειμμένων
3663 5208 3723 5261 δὲ

2143 5308 2298 5378 φησὶ,
2326 5306 2433 5360 τῶν
2480 5305 2970 5377 πολιορκηθέντων.
3002 5303 3114 5367 Τὰς
3156 5301 3356 5368 τοίνυν,
3390 5302 3573 5372 φησὶν,
3609 5305 3743 5373 ἐρη·

2150 5399 2424 5470 μωθείσας
2460 5399 2643 5461 πόλεις
2675 5397 2783 5451 τῶν
2823 5394 3292 5468 πολιορκηθέντων
3337 5393 3499 5465 ἄρνες
3533 5392 3741 5464 βοσκη-

2148 5489 2441 5559 θήσονται,
2472 5488 2616 5543 τοῦτ’
2645 5487 2763 5542 ἔστι
2804 5488 2966 5542 πάλιν
3011 5488 3061 5541 οἱ
3114 5487 3174 5553 ἐξ
3217 5485 3408 5540 ἐθνῶν.
3428 5484 3652 5557 Ἐπειδὴ
3679 5484 3739 5538 δὲ

2146 5581 2309 5635 πάλιν
2352 5580 2428 5645 ὠς
2476 5581 2605 5653 περί¹
2650 5580 2865 5657 ταύρων
2912 5583 3046 5651 ἡμῖν
3094 5579 3389 5649 πεποίηται
3420 5576 3514 5631 τὸν
3554 5576 3735 5646 λόγον,

1577 5744 1616 5774 θ’
1653 5741 1826 5797 Calai.
1863 5758 1934 5801 γι,
1967 5743 2018 5797 8.
2096 5742 2140 5774 ⁰²
2201 5740 2401 5797 Jctcm.
2454 5757 2525 5799 vt.
2578 5739 2631 5793 9..
