4100 6474
292 321 397 377 157

1500 323 1569 377 IN
1609 322 1850 380 ISAIAM
1890 324 2021 382 LIB.
2056 323 2097 380 Ι.
2136 324 2350 384 ORAT.
2390 326 2481 382 ιγ.

3527 330 3634 388 I58

293 434 574 508 μεμένηκε
617 436 686 508 τῇ
730 439 958 509 τροπῇ,
1008 436 1104 492 καὶ
1155 440 1548 510 προστέθεικεν
1593 443 1800 515 ἄρνας,
1835 443 1919 498 ἵνα

2031 447 2148 498 nori
2183 444 2380 499 robore
2407 443 2644 513 prtediti,
2681 459 2851 516 agnos
2874 443 3232 516 appellemus.
3260 444 3342 499 Ad
3378 446 3633 498 emndem

288 532 414 595 τοὺς
444 531 547 601 μὲν
583 531 727 600 ἄγαν
758 531 1022 603 ἰσχυροὺς
1046 533 1259 605 νοῶμεν
1286 538 1367 599 εἰς
1400 536 1658 607 μόσχους.
1696 536 1837 601 Τοὺς
1859 536 1917 590 δὲ

292 626 367 699 μὴ
399 624 580 689 οὕτως
617 624 870 697 ἔχοντας,
907 628 1321 699 ὑποϐεϐηκότας
1351 629 1407 683 δὲ
1439 633 1495 683 ὲν
1522 631 1669 702 ἰσχύϊ
1700 629 1910 701 μείονι,

293 719 526 789 λέγομεν
559 717 763 790 ἄρνας.
785 719 944 775 Οὕτω
973 721 1039 794 δὴ
1074 723 1167 776 καὶ
1199 723 1300 795 τὴν
1336 724 1573 778 ἑκάστου
1606 723 1717 778 τῶν
1751 722 1919 796 ρᾳθυο

298 811 541 883 μουντων
589 812 832 884 καρδίαν
875 815 933 867 αἱ
983 814 1222 887 πονηραὶ
1273 816 1371 870 καὶ
1409 816 1714 888 ἀκάθαρτοι
1748 834 1919 888 νεμη-

303 904 549 974 θήσονται
594 904 899 973 δυνάμεις,
933 906 1011 972 ὡς
1050 907 1244 979 μόσχοι
1277 910 1373 962 καὶ
1420 909 1605 979 ἄρνες.
1641 908 1830 981 Τροφὴ
1861 909 1921 965 δὲ

312 996 487 1058 αὐταῖς
524 995 588 1049 τὸ
617 996 913 1070 φιλήδονον
938 1040 953 1067 ,
1004 1000 1099 1053 καὶ⁸
1128 998 1222 1054 νοῦ
1254 999 1396 1071 ῥοπὴ
1428 999 1718 1072 βλέποντος
1751 1003 1830 1061 εἰς
1859 999 1922 1055 τὸ

312 1088 651 1162 πλημμελές.

951 1207 1176 1260 ΛΟΓΟΣ
1207 1208 1281 1261 Δ’.

369 1339 517 1393 Οὐαὶ
560 1338 984 1410 ἐπισπώμενοι
1036 1343 1145 1410 τὰς
1191 1343 1488 1414 ἁμαρτίας
1532 1344 1615 1412 ὡς
1666 1346 1921 1416 σχοινίῳ

292 1430 500 1500 μαλιρῷ
520 1431 625 1486 καὶ
655 1435 740 1499 ὡς
757 1432 943 1503 ζυγοῦ
966 1435 1166 1504 ἱμάντι
1191 1435 1503 1506 δαμάλεως
1519 1438 1625 1505 τὰς
1641 1440 1918 1508 ἀνομίας,

297 1527 348 1577 οἱ
384 1523 719 1594 λέγοντες·
773 1528 843 1581 Τὸ
885 1524 1071 1597 τάχος
1096 1527 1393 1598 ἐγγισάτω
1432 1528 1472 1583 ἃ
1498 1530 1782 1600 ποιήσει,
1818 1533 1924 1587 ἵνα

297 1617 536 1686 ἴδωμεν,
568 1618 673 1673 καί
702 1618 931 1674 ἐλθέτω
964 1620 1003 1689 ἡ
1029 1619 1239 1691 ,βουλὴ
1270 1621 1379 1677 τοῦ
1417 1623 1594 1694 ἁγίου
1645 1623 1918 1696 Ἰσραὴλ,

295 1712 390 1765 ἵνα
420 1711 687 1782 γνῶμεν.

369 1828 429 1884 Ὀ
479 1828 587 1899 μὲν
636 1830 751 1884 τῶν
783 1831 925 1886 ὅλων
956 1831 1293 1906 δημιουργὸς
1325 1833 1421 1888 καὶ
1446 1832 1672 1905 Κύριος,
1716 1834 1919 1906 ἠμερό-
1951 1821 1992 1877 Β

290 1941 409 1996 τητι
462 1922 641 1978 νικῶν
694 1926 798 1997 τῆς
846 1925 1142 2000 ἀνθρώπου
1195 1928 1413 1998 φύσεως
1460 1928 1560 2000 τὴν
1607 1927 1917 1994 ἀσθένειαν,

290 2014 629 2088 προσελάλει
664 2019 779 2080 τοῖς
820 2018 1205 2093 ἀρχαιοτέροις
1234 2018 1325 2074 διὰ
1352 2020 1464 2075 τῶν
1497 2020 1672 2090 ἁγίων
1699 2037 1918 2091 προρη-

286 2108 422 2172 τῶν,
449 2109 524 2163 τὰ
572 2108 644 2163 δι’
687 2102 766 2164 ὧν
794 2104 866 2183 ἦν
901 2111 1052 2177 εἰκὸς
1094 2112 1492 2185 μεταχωρῖμται
1530 2113 1667 2184 πρὸς
1696 2114 1766 2168 τὰ
1799 2112 1922 2184 βελ-

283 2201 407 2269 τίω,
440 2201 514 2257 τά
547 2203 724 2274 χείρω
773 2202 1065 2275 μεθέντας,
1096 2203 1194 2259 καὶ
1233 2205 1574 2276 φαυλότητος
1610 2205 1710 2277 μὲν
1756 2223 1922 2260 κατα·

284 2291 448 2365 λῆξαι
483 2295 587 2347 καὶ
624 2295 934 2368 ἁμαρτίας,
971 2295 1260 2353 διαϐιῶναι
1289 2297 1347 2352 δὲ
1385 2298 1586 2370 μᾶλλον
1627 2301 1685 2353 ἐν
1724 2300 1919 2371 ἀρετῆς

285 2388 374 2440 καὶ
402 2386 730 2457 κατορθοῦν
761 2388 984 2443 ἑλέσθαι
1029 2389 1093 2443 τὸ
1143 2390 1374 2459 ἀγαθόν.
1408 2390 1628 2462 Ταύτης
1661 2407 1723 2444 τε
1753 2390 1921 2447 ἑνεκα

284 2478 375 2548 τῆς
432 2476 652 2545 αἰτίας,
683 2479 818 2532 ποτὲ
878 2479 979 2550 μὲν
1002 2479 1216 2544 ἀὐτοῖς
1266 2479 1555 2551 παρετίθει
1584 2480 1653 2535 τὰ
1682 2479 1821 2552 γέρα
1850 2481 1922 2535 τὰ

284 2571 394 2633 τοῖς
430 2569 620 2638 ἀγίοις
644 2570 1074 2642 ηὐτρεπισμένα
1092 2586 1106 2600 °
1129 2571 1262 2626 ποτὲ
1280 2571 1336 2625 δὲ
1366 2572 1495 2636 τοὺς
1515 2571 1616 2641 τῆς
1640 2572 1920 2636 κολάσεως

283 2665 568 2733 ἀφηγεῖτο
593 2663 863 2735 τρόπους,
894 2666 1023 2730 τοὺς
1054 2667 1169 2729 τοῖς
1201 2666 1660 2738 φιλαμαρτήμοσι
1681 2665 1920 2734 πρέπον-

284 2774 401 2823 τας,
452 2758 545 2812 ἵνα
604 2757 954 2830 πανταχόθεν
1005 2760 1279 2831 συνελάσῃ
1333 2760 1472 2832 πρὸς
1530 2761 1593 2815 τὸ
1645 2758 1933 2830 ὡφελοῦν.’

296 2851 444 2905 Ἀλλ’
472 2850 659 2915 οὐδεὶς
706 2847 778 2924 ἦν
830 2852 1034 2925 τρόπος
1087 2856 1116 2908 ὁ
1162 2854 1264 2919 τὰς
1313 2853 1587 2908 Ἰουδαίων
1640 2853 1919 2925 ὲξιτηλίας

285 2942 628 2996 ἀπώσασθαι
676 2941 1004 3013 δυνάμενος.
1023 2944 1479 3010 ’Λπονενευκότες
1510 2947 1621 3019 γὰρ
1651 2948 1732 3010 εἰς
1762 2945 1918 3016 φιλο-

285 3036 513 3108 κερδίαν
551 3038 649 3089 καὶ
690 3036 930 3107 τρυφὰς,
967 3036 1063 3090 καὶ
1093 3038 1194 3109 τὴν
1224 3040 1464 3111 ἐσχάτην
1489 3040 1594 3112 ἤδη
1633 3039 1921 3105 νοσοῦντες

285 3130 559 3183 ἀπόνοιαν
583 3129 732 3183 κατὰ
752 3128 890 3182 Θεοῦ
914 3164 928 3188 ,
951 3131 1065 3193 τοῖς
1085 3130 1261 3199 ἁγίοις
1283 3134 1593 3205 προφήταις
1611 3133 1919 3204 ἐπεφύοντο

2020 550 2237 606 quoque
2270 536 2492 590 modum
2539 536 2733 592 inertis
2762 537 3029 607 cujusque
3072 546 3127 592 et
3165 537 3345 606 supini
3393 537 3632 591 hominis

2020 644 2136 690 cor,
2170 643 2349 699 praue
2376 638 2432 684 et
2465 628 2692 696 impura:
2726 637 3026 697 potestates
3058 628 3203 683 velut
3232 630 3396 683 boves
3427 638 3473 681 et
3504 629 3631 698 agni

2021 718 2455 781 devorabuntur,
2483 717 2699 787 illisque
2729 717 2926 772 cedent
2980 718 3032 771 in
3065 718 3245 773 cibum
3276 718 3626 787 mlttptttarii,

2021 819 2079 863 et
2119 809 2210 879 qui
2262 808 2480 865 animos
2537 817 2704 877 atque
2756 808 2948 864 oculos
3004 816 3332 864 convertunt
3382 809 3448 862 ad
3499 822 3630 876 pec-

2021 901 2279 957 catulum.

2559 1213 2670 1283 92
2710 1211 2974 1267 ouum
3015 1210 3101 1265 tv.

2095 1350 2227 1405 CAP.
2277 1349 2343 1405 V.
2396 1348 2560 1405 Vens.
2598 1351 2687 1415 18,
2743 1350 2826 1405 19.
2895 1349 2989 1404 Vn:
3033 1350 3370 1403 trahentibus
3416 1359 3632 1416 recc-am

2024 1452 2280 1512 tanquam
2308 1441 2553 1511 funiculo
2589 1443 2770 1510 longo,
2797 1452 2844 1495 et
2873 1451 3123 1503 tanquam
3147 1439 3268 1510 jngi
3300 1441 3416 1493 loro
3435 1439 3630 1509 jnt'en-

2023 1550 2099 1587 ca:
2129 1534 2463 1603 iniquitates,
2517 1534 2815 1587 dicentibus
2846 1545 2865 1584 :
2900 1531 3016 1587 Cilo
3061 1533 3479 1602 (Ip]110}riltqttcttl
3517 1547 3635 1599 qua:

2024 1624 2205 1693 faciet,
2227 1638 2279 1679 ιιι
2306 1625 2595 1686 videamus,
2615 1636 2661 1678 el
2688 1626 2859 1678 veniat
2885 1624 3169 1678 consilium
3192 1624 3365 1677 sancti
3386 1621 3633 1687 lsraebs,

2026 1729 2079 1771 ut
2106 1720 2360 1772 sciamus.

2097 1830 2484 1888 Universitatis
2512 1829 2693 1899 opifex
2732 1840 2785 1884 et
2824 1828 3110 1894 Dominus,
3140 1829 3394 1882 hutoanaa
3423 1836 3635 1881 naturae

2027 1924 2400 1981 inﬁrmitatem
2438 1924 2661 1978 vincens
2690 1920 3003 1985 clementia,
3027 1933 3125 1990 per
3149 1928 3372 1973 sanctos
3395 1918 3632 1988 prophe-

2024 2029 2110 2076 tas
2144 2017 2343 2074 aﬂ'atus
2386 2025 2471 2072 est
2523 2016 2791 2086 majores,
2841 2015 2984 2070 unde
3035 2027 3133 2069 eos
3181 2012 3248 2067 ad
3297 2012 3529 2067 meliora
3572 2023 3634 2066 se

2028 2109 2305 2179 recipere,
2334 2107 2608 2163 deteriora
2644 2105 2977 2175 relinquere,
3007 2119 3039 2158 a
3061 2102 3211 2157 vitiis
3238 2117 3305 2158 ac
3327 2100 3632 2157 sceleribus

2024 2202 2315 2269 desistere,
2356 2216 2422 2256 ac
2456 2201 2508 2254 in
2546 2198 2752 2255 virtute
2787 2196 2968 2269 potius
3004 2196 3360 2261 reviviscere,
3390 2209 3456 2251 ac
3479 2194 3630 2265 quod

2022 2293 2225 2351 bonum
2265 2303 2349 2349 est
2377 2292 2670 2364 diligenter
2698 2288 2980 2362 persequi,
3014 2297 3138 2344 erat
3171 2295 3631 2342 consentaneum.

2022 2388 2268 2458 Eamque
2297 2387 2368 2443 ob
2400 2402 2513 2442 rem
2547 2385 2655 2441 illis
2688 2399 2834 2440 nunc
2870 2382 3095 2454 praemia
3128 2379 3338 2436 sanctis
3362 2378 3636 2435 destinata

2023 2480 2309 2551 proponit,
2363 2493 2509 2534 nunc
2556 2476 2952 2548 suppliciorum
2996 2489 3201 2548 genera
3246 2473 3632 2544 peccatoribus

2023 2569 2187 2642 digna
2211 2568 2463 2640 exponit,
2495 2576 2555 2624 ut
2578 2567 2836 2624 omnibus
2862 2567 3042 2621 modis
3070 2565 3138 2621 ad
3164 2564 3216 2619 id
3244 2565 3390 2634 quod
3412 2564 3634 2634 expedit

2023 2664 2309 2734 perducat.
2349 2660 2459 2718 Sed
2509 2671 2622 2717 tum
2657 2659 2839 2715 nullus
2873 2668 2994 2714 erat
3033 2658 3234 2713 modus
3270 2666 3364 2710 aut
3394 2656 3482 2711 via
3510 2669 3633 2726 qua

2020 2756 2334 2813 Judteorum
2388 2755 2619 2828 ignaviae
2673 2752 3014 2824 depellenda:
3061 2752 3197 2807 satis
3253 2766 3376 2807 esse
3431 2751 3626 2821 potuit.

2022 2848 2160 2906 Nam
2200 2850 2253 2905 in
2297 2847 2586 2904 avaritiam
2620 2857 2676 2903 et
2708 2846 2986 2901 libidinem
3027 2843 3290 2915 prolapsi,
3334 2853 3391 2899 et
3434 2842 3632 2900 morbo

2027 2943 2391 3001 contumaciae
2420 2943 2473 2995 in
2495 2940 2666 2996 Deum
2690 2948 2937 2995 extreme
2967 2937 3302 3003 laborantes,
3328 2938 3382 2995 in
3409 2949 3633 2992 sanctos

2024 3040 2322 3110 prophetas
2364 3035 2610 3107 graviter
2652 3032 2915 3089 concitati
2964 3041 3131 3098 sunt;
3186 3040 3238 3085 et
3283 3030 3374 3084 alii
3411 3030 3635 3100 quidem

2029 3131 2190 3187 dictis
2239 3144 2431 3185 eorum
2482 3127 2643 3183 (idem
2700 3139 2810 3180 non
2864 3125 3130 3179 habentes
3180 3123 3410 3179 dicere:
3453 3138 3473 3173 ι
3511 3120 3632 3175 Alia

284 3221 474 3276 δεινοί.
507 3221 629 3276 Καὶ
658 3222 711 3273 οἱ
741 3221 843 3292 μὲν
877 3222 1240 3288 ἀπιστοῦντες
1267 3224 1550 3290 παντελῶς
1575 3230 1689 3292 τοῖς
1720 3227 1787 3281 δι’
1812 3230 1913 3283 αὐ-

2027 3224 2181 3280 nohis
2213 3222 2518 3290 loquimini,
2546 3229 2603 3274 et
2635 3218 2961 3273 annuntiate
2998 3216 3162 3271 alium
3198 3230 3443 3270 errorem
3473 3213 3559 3281 93;
3604 3232 3625 3268 ι

285 3314 388 3368 τῶν
442 3314 777 3386 λεγομένοις
820 3314 1092 3384 ἔφασκονι
1121 3337 1138 3369 ι
1168 3318 1343 3373 Ἀλλα
1383 3320 1515 3390 ἡμῖν
1548 3319 1783 3387 λαλεῖτε,
1820 3322 1918 3376 καὶ

285 3402 664 3473 ἀναγγέλλετε
702 3404 898 3477 ἑτέραν
927 3406 1199 3476 πλάνησιν
1224 3425 1237 3438 ·
1274 3428 1293 3460 ι
1328 3410 1378 3462 οἱ
1411 3409 1467 3463 δὲ
1502 3413 1790 3482 μονονουχὶ
1820 3413 1917 3467 καὶ

288 3496 733 3568 καταιτιώμενοι
769 3498 832 3552 τὸ
861 3498 965 3570 τῆς
1003 3497 1157 3564 θείας
1211 3501 1431 3572 φύσεως
1461 3503 1785 3570 ἀνεξίκακον
1825 3507 1920 3559 ἀλ-

286 3579 473 3651 λήλοις
517 3582 671 3636 κατά
705 3582 767 3637 τὸ
811 3583 964 3649 εἰκὸς
994 3587 1411 3655 προσ-γελῶντες
1436 3588 1681 3660 ἔφασκον
1711 3608 1724 3622 ⁸
1756 3591 1918 3646 Ἀλλὰ

291 3675 517 3747 μακρὰν
542 3677 604 3730 αἱ
634 3678 873 3750 ἡμέραι,
901 3678 1153 3733 ἀπόλωλε
1186 3682 1340 3736 πᾶσα
1371 3682 1585 3755 ὅρασις.
1630 3685 1742 3739 Καὶ
1783 3686 1918 3755 γοῦν

285 3766 386 3839 ἔφη
425 3782 540 3821 που
588 3768 728 3833 Θεὸς
776 3771 916 3843 πρὸς
966 3771 1058 3825 τὸν
1109 3774 1383 3847 μακάριον
1426 3773 1688 3849 Ἰεξεχιήλ
1713 3793 1727 3810 ·
1769 3797 1787 3830 ι
1819 3778 1918 3832 Υἱὲ

284 3859 613 3933 ἀνθρώπου,
655 3860 766 3917 ἰδοὺ
811 3865 840 3917 ὁ
884 3859 1037 3928 οἶκος
1088 3863 1304 3939 Ἰσραὴλ
1349 3869 1377 3922 ὁ
1425 3869 1918 3941 παραπικραίνων,

284 3953 547 4022 λέγοντες
590 3953 870 4024 λέγουσιν’
910 3958 977 4015 Ἠ
1007 3960 1200 4032 ὅρασις
1235 3962 1302 4034 ἢν
1332 3953 1489 4028 οὗτος
1519 3966 1641 4036 ὁρᾷ,
1674 3966 1755 4030 είς
1782 3966 1920 4038 ἡμέο

285 4068 382 4123 ρας
440 4051 679 4115 πολλὰς.
717 4054 814 4106 καὶ
843 4054 925 4115 είς
960 4056 1188 4126 καιροὺς
1225 4059 1476 4129 μακροὺς
1512 4053 1669 4123 οὗτος
1702 4077 1921 4132 προφηο

278 4145 458 4200 τεύει.
498 4144 604 4198 Διὰ
654 4144 821 4200 τοῦτο
869 4147 1027 4200 εἰπὸν
1066 4148 1287 4213 αὐτοῖς’
1320 4150 1459 4204 Τάδε
1490 4150 1641 4221 λέγει
1686 4153 1921 4209 ’Δδωναῖ

280 4236 527 4311 Κύριος*
568 4239 646 4292 Οὐ
704 4239 780 4310 μὴ
820 4239 1112 4311 μηκύνωσι
1143 4243 1349 4307 πάντες
1391 4246 1441 4297 οἱ
1474 4244 1629 4311 λόγοι
1655 4263 1784 4317 μου,
1822 4245 1918 4311 οὓς

282 4330 347 4383 ἂν
396 4329 675 4402 λαλήσω·
714 4330 798 4384 ὅτι
844 4329 1069 4402 λαλήσω
1118 4333 1299 4402 λόγον,
1335 4335 1431 4389 καὶ
1482 4336 1718 4407 ποιήσω,
1769 4335 1921 4404 λέγει

292 4421 536 4477 Ἀδωναῗ
582 4420 819 4494 Κύριος.
846 4441 866 4473 ι
896 4422 1121 4495 ’Ἑτεροι
1175 4424 1233 4479 δὲ
1288 4424 1453 4479 πάλιν
1491 4428 1778 4497 μονονουχὶ
1825 4425 1921 4481 καὶ

278 4512 689 4583 ἀπεγνωκότες
720 4515 822 4585 τῆς
857 4512 1070 4567 ἑαυτῶν
1121 4514 1401 4586 σωτηρίας
1437 4515 1531 4568 καὶ
1583 4513 1749 4585 ζωῆς,
1784 4530 1919 4567 κατ-

2028 3318 2121 3374 alii
2157 3331 2307 3383 vero,
2346 3323 2557 3369 natura:
2585 3312 2785 3368 divinae
2827 3309 3147 3380 patientiam
3192 3322 3360 3377 prope
3400 3305 3636 3362 dixerint

2022 3418 2368 3470 accusantes,
2404 3406 2544 3459 inter
2573 3418 2654 3469 se,
2689 3411 2748 3455 ut
2780 3409 3026 3470 apparet.
3063 3398 3208 3468 loqui
3243 3411 3310 3452 ac
3336 3397 3631 3452 deridere:

2022 3499 2221 3556 Procul
2269 3499 2429 3553 abest
2471 3498 2610 3563 dies,
2661 3494 2823 3562 periit
2869 3494 3049 3547 (mntis
3094 3492 3252 3547 visio.
3302 3488 3513 3546 Idcirco
3554 3489 3634 3543 ait

2022 3593 2166 3650 Deus
2206 3592 2274 3648 ad
2321 3593 2538 3646 beatum
2583 3586 2968 3643 Ezechielem:
3010 3605 3029 3637 ι
3065 3583 3166 3639 Fili
3200 3582 3464 3650 hominis,
3503 3596 3634 3637 ecce

2024 3690 2217 3744 domus
2245 3686 2407 3742 Israel
2435 3698 2791 3753 exasperatis,
2826 3697 3044 3750 semper
3073 3680 3205 3733 dicit
3232 3698 3246 3733 :
3279 3677 3429 3733 Visio
3466 3691 3634 3748 quam

2026 3784 2115 3837 hic
2147 3781 2315 3846 videt,
2348 3789 2434 3835 est
2465 3778 2520 3834 in
2566 3777 2766 3832 multos
2805 3777 2944 3840 dies,
2976 3787 3030 3831 et
3077 3776 3129 3830 in
3164 3775 3459 3843 longinqua
3494 3782 3633 3826 tem-

2023 3891 2152 3947 pora
2195 3875 2286 3930 hic
2332 3872 2684 3927 vaticinatur.
2734 3870 3030 3936 Propterea
3078 3868 3167 3924 dic
3197 3868 3304 3923 illis
3342 3864 3511 3923 :lltcc
3557 3864 3637 3918 ait

2024 3968 2236 4025 Adonai
2259 3967 2519 4022 Dominus
2541 3980 2557 4021 :
2580 3963 2699 4019 Non
2724 3964 3115 4035 protrahantur
3136 3976 3330 4019 omnes
3351 3970 3643 4013 sermones

2033 4063 2139 4118 mei
2176 4077 2314 4132 quos
2350 4061 2562 4131 loquar,
2593 4059 2722 4130 quia
2758 4060 2947 4126 loquar
2977 4069 3293 4112 sermonem
3321 4050 3632 4112 etfaciam,

2024 4159 2157 4213 dicit
2184 4157 2397 4212 Adonai
2432 4155 2693 4211 Dominus
2713 4154 2778 4208 9".
2817 4172 2836 4205 ι
2873 4151 3114 4206 Rursum
3147 4150 3239 4204 alii
3278 4157 3491 4202 tantum
3524 4160 3637 4207 non

2025 4246 2093 4302 de
2124 4263 2222 4300 sua
2269 4247 2511 4315 ipsorum
2554 4244 2731 4300 salute
2759 4252 2815 4296 et
2847 4243 2956 4295 vita
2990 4242 3372 4309 desperantes,
3407 4239 3478 4291 ita
3509 4238 3633 4290 ani—

2025 4339 2163 4393 mosi
2199 4347 2257 4393 et
2303 4338 2539 4391 audaces
2581 4335 2715 4389 facti
2761 4342 2909 4397 sunt,
2956 4332 3050 4403 qui
3097 4332 3264 4386 etiam
3318 4330 3578 4384 dixerunt
3614 4345 3637 4385 ι

2027 4429 2222 4486 Veniat
2244 4431 2353 4485 cito
2374 4430 2500 4485 belli
2530 4440 2744 4498 tempus
2770 4466 2784 4491 ,
2824 4441 2932 4480 non
2962 4425 3240 4480 invenient
3263 4438 3363 4479 nos
3387 4422 3640 4483 imbelles

2028 4534 2084 4581 et
2116 4526 2182 4579 ad
2219 4527 2471 4595 quemvis
2504 4521 2793 4591 strepitum
2829 4519 3164 4590 pavitantes,
3193 4518 3284 4587 qui
3314 4516 3641 4577 vastitatem

279 4607 664 4682 εθρασύνοντο
690 4607 792 4679 τῆς
817 4606 991 4679 ὀργῆς
1012 4647 1026 4671 ,
1053 4608 1149 4662 καὶ
1175 4607 1241 4680 δὴ
1268 4609 1363 4662 καὶ
1390 4607 1630 4679 ἔφασκον
1652 4625 1664 4638 ο
1703 4608 1919 4662 ἸΙκέτω

2027 4588 2419 4673 illaturi-sunt.
2461 4588 2662 4669 Sumus
2693 4622 2748 4668 et
2795 4588 2895 4667 nos
2936 4610 3175 4667 bellandi
3209 4624 3317 4663 non
3366 4609 3637 4679 imperiti,

278 4704 341 4758 τδ
373 4704 559 4773 τάχος
588 4703 619 4756 ὁ
645 4701 743 4755 τοῦ
779 4701 1020 4772 πολέμου
1052 4701 1267 4773 καιρὸς,
1297 4702 1399 4755 οὐκ
1432 4701 1731 4772 ἀνάνδρους
1767 4703 1918 4773 ἡμᾶς

278 4798 310 4868 ἧ
337 4796 649 4868 ψοφοδεεῖς
680 4795 844 4859 ὄντας
873 4796 1204 4867 εὑρήσουσιν
1219 4797 1267 4848 οἱ
1286 4795 1597 4868 καταδῃοῦν
1614 4795 1913 4858 ἐθέλοντες.

290 4891 505 4963 Ἐμπει
514 4887 718 4961 ροπόλε
726 4905 821 4960 μοι
840 4890 937 4942 καὶ
954 4890 1137 4960 ἡμεῖς,
1157 4888 1252 4943 καὶ
1268 4883 1327 4942 εὖ
1348 4887 1553 4953 εἰδότες
1569 4887 1638 4942 τὰ
1652 4889 1913 4943 τακτικά.

279 4984 428 5048 Τοὺς
482 4981 674 5035 {agna
722 4981 1145 5053 πεφρονηκότας
1192 4981 1475 5048 ταλανίζει
1519 4984 1770 5050 δικαίως,
1824 4986 1918 5040 καί

275 5093 480 5149 σησιν·
510 5095 531 5127 ι
557 5075 701 5129 Οὐαὶ
718 5075 767 5128 οἱ
785 5073 1173 5145 ἐπισπώμενοι
1189 5075 1289 5140 τὰς
1308 5076 1582 5148 ἁμαρτίας
1599 5078 1674 5144 ὡς
1694 5079 1916 5151 σχοινίῳ

277 5168 514 5243 μακρῷ.
542 5168 641 5222 καὶ
658 5167 736 5232 ὡς
767 5167 939 5237 ζυγοῦ
968 5168 1157 5241 ἱμάντι
1181 5169 1472 5240 δαμάλεως
1496 5170 1597 5235 τὰς
1622 5167 1874 5243 ἀνομίας.
1891 5194 1908 5226 ι

287 5263 621 5337 ’Δμαρτίας
651 5262 711 5316 δὲ
739 5263 834 5316 καὶ
867 5263 1193 5336 ἀνομίαςὲν
1222 5264 1434 5328 τούτοις
1467 5265 1603 5336 φησὶ
1634 5265 1733 5331 τὰς
1771 5267 1914 5337 ὑπέρ

276 5374 343 5426 γε
375 5356 497 5410 τῶν
532 5352 831 5426 ἁμαρτιῶν
876 5354 1155 5427 τιμωρίας
1204 5354 1324 5425 ἤτοι
1363 5353 1648 5419 κολάσεις,
1684 5357 1908 5427 μακρὰν

283 5449 387 5519 μὲν
412 5448 590 5513 οὔσας
623 5446 729 5509 ἔτι,
764 5448 863 5502 καὶ
883 5446 1039 5503 οὔπω
1074 5447 1328 5518 πλησίον,
1357 5447 1450 5503 διά
1468 5466 1552 5502 τοι
1572 5449 1632 5502 τὸ
1652 5450 1911 5515 ἀνεξικα-

279 5542 403 5597 κεῖν
457 5540 544 5595 ἔτι
589 5539 888 5613 βούλεσθαι
926 5541 1018 5595 τὸν
1059 5540 1228 5603 Θεὸν,
1265 5540 1566 5611 ἑλκομένας
1611 5544 1668 5597 δὲ
1711 5544 1914 5616 τρόπον

281 5635 411 5692 τινὰ
439 5633 578 5709 παρ’
604 5635 811 5702 αὐτῶν,
838 5635 927 5689 διὰ
958 5636 1051 5688 τοῦ
1090 5635 1379 5707 βούλεσθαι
1415 5637 1507 5689 καὶ
1537 5639 1649 5700 τοῖς
1676 5641 1739 5691 ἐκ
1766 5639 1917 5703 θείας

360 5787 411 5817 ’³
452 5795 556 5853 lsa.
604 5811 737 5865 xxx,
804 5795 892 5851 i0.
961 5795 1354 5861 "iizvchwzt,
1407 5795 1608 5859 €27,318.

2023 4721 2080 4767 et
2106 4711 2187 4766 rei
2229 4709 2485 4765 militaris
2528 4723 2635 4765 non
2678 4707 2877 4778 ignari.
2926 4706 3039 4760 Hos
3068 4720 3205 4775 ergo
3235 4704 3300 4756 ad
3340 4703 3487 4757 hunc
3519 4718 3638 4757 tum

2022 4807 2151 4858 dum
2183 4802 2409 4860 affectos
2442 4802 2639 4857 merito
2664 4801 2833 4873 luget,
2862 4809 2918 4854 et
2950 4801 3166 4870 inquit:
3200 4797 3317 4869 93
3344 4816 3362 4848 t
3393 4795 3485 4852 Vae
3518 4805 3634 4857 tra—

2022 4896 2283 4952 hentibus
2309 4905 2535 4968 peccata
2560 4894 2707 4951 velut
2730 4891 2975 4950 funiculo
3001 4892 3181 4963 longo,
3201 4900 3258 4946 et
3278 4890 3437 4960 quasi
3462 4890 3636 4959 jugali

2020 4992 2140 5047 loro
2158 4990 2430 5062 juvenem,
2462 4992 2841 5062 iniquitates.»
2866 4987 3096 5045 Peccata
3123 4998 3181 5043 et
3203 4984 3524 5055 iniquitates
3549 4983 3639 5045 hic

2026 5085 2161 5141 dicit
2196 5085 2463 5157 supplicia
2494 5094 2552 5142 ct
2587 5098 2779 5155 pronas
2813 5096 2916 5154 pro
2949 5081 3195 5151 peccatis
3229 5100 3243 5136 :
3275 5075 3469 5148 procul
3504 5090 3639 5135 vero

2026 5180 2223 5235 abesse
2256 5179 2437 5234 adhuc
2474 5186 2529 5232 et
2571 5178 2815 5233 nondum
2849 5189 3040 5246 prope,
3082 5171 3225 5243 quod
3267 5172 3410 5228 Deus
3456 5169 3639 5227 adhuc

2026 5272 2137 5342 pati
2188 5271 2360 5336 velit;
2418 5271 2563 5327 trahi
2613 5279 2797 5325 autem
2850 5264 3256 5338 quodammodo
3301 5264 3370 5319 ab
3409 5262 3538 5325 illis,
3567 5275 3637 5315 eo

2026 5364 2172 5433 quod
2207 5364 2407 5418 divina:
2439 5363 2535 5419 irae
2559 5361 2921 5418 acrimoniam
2948 5368 3005 5414 et
3031 5355 3385 5428 asperitatem
3417 5352 3632 5411 sensuri

2025 5456 2157 5512 sint.
2200 5456 2411 5524 Quibus
2440 5469 2540 5528 ego
2582 5454 2814 5527 singulis
2860 5453 2991 5508 illud
3036 5445 3536 5521 congruentissimc
3576 5451 3635 5498 et

2027 5565 2156 5606 νοτε
2189 5550 2293 5606 dici
2345 5564 2504 5620 posse
2546 5549 2789 5609 arbitror
2826 5567 2841 5605 :
2879 5566 2898 5600 ι
2936 5545 3076 5604 Nom
3114 5540 3332 5602 divitias
3366 5535 3632 5597 bonitatis

2028 5644 2146 5715 ejus
2186 5652 2242 5698 et
2272 5644 2574 5702 tolerantiae
2605 5653 2660 5700 ct
2701 5642 2944 5702 lenitatis
2990 5631 3352 5699 contemnis?
3397 5628 3630 5703 Ignoras
