4100 6484
471 333 493 386 4
511 334 575 385 339

1465 336 1524 391 S.
1566 335 1841 393 CYRILLI
1878 334 2352 393 ALEXANDBINI
2390 340 2722 399 ARCHIEP.

3658 335 3761 392 lGO

470 452 771 507 bonitatem
840 452 934 508 Del
985 451 1056 506 ad
1105 451 1536 522 resipiscentiam
1590 462 1641 507 te
1687 454 1957 508 invitare?
1997 456 2053 507 At

2165 453 2336 526 ὀργῆς
2381 459 2701 526 περιπεσεῖν
2756 454 3075 525 κινήμασιν.
3114 446 3284 523 Οἶμαι
3330 451 3388 505 δὶ
3432 448 3611 519 ἔγωγε
3652 448 3761 502 τῶν

470 542 769 598 secundum
819 544 1239 598 obstinationem
1290 552 1457 610 tuam,
1493 554 1549 599 et
1590 561 1687 600 cor
1739 546 2059 616 resipiscere

470 635 713 689 nescium
747 636 1084 690 thesaurizas
1116 635 1208 688 tibi
1248 636 1351 705 ipsi
1389 636 1524 691 iram
1559 638 1610 692 in
1639 640 1725 693 die
1758 640 1852 694 ira:
1884 650 1938 693 et
1971 656 2055 692 re-

470 722 756 778 velationis
776 722 906 792 justi
938 724 1126 794 judicii
1163 725 1343 779 Dei".
1379 745 1398 778 ι
1428 727 1834 784 Trahttnleuim
1861 731 1956 798 ita,
1981 732 2054 784 uti

469 813 603 874 dixi,
638 814 738 882 ipsi
786 815 837 867 in
877 830 937 868 se
981 817 1282 884 punitionis
1329 827 1561 885 tempus,
1597 821 1846 876 fortassis
1885 824 2048 876 etiam

470 903 631 956 ιοιιιιί
660 904 783 959 inde
806 913 859 959 et
884 908 1087 972 securi,
1113 909 1239 977 quia
1274 909 1457 964 diﬂ‘ert
1486 894 1822 980 punire'eos,
1853 925 1903 968 et
1928 918 2054 984 quia

473 997 704 1065 turpiter
727 998 1170 1067 delinquentibus
1193 1015 1408 1068 ptenam
1433 1018 1539 1057 non
1566 1004 1786 1075 irrogat.
1808 1003 2056 1061 Trahunt

471 1101 600 1155 ergo
636 1098 859 1156 peccata
902 1090 1057 1158 quasi
1107 1089 1348 1146 funiculo
1381 1092 1566 1161 longo,
1600 1104 1653 1149 et
1695 1097 1849 1165 quasi
1888 1095 2053 1166 jugali

473 1175 591 1229 Iuro
620 1175 893 1243 juvenem,
928 1178 1267 1247 iniquitates.
1295 1179 1761 1247 Quemadmodum
1792 1186 1934 1237 enim
1961 1187 2052 1255 qui

464 1267 725 1332 juvencas
752 1269 836 1322 vel
873 1270 1038 1324 boves
1064 1271 1207 1339 jngis
1231 1273 1580 1338 submittunt,
1611 1274 1831 1330 trahunt
1863 1293 2041 1347 quan-

470 1359 649 1426 doque
669 1358 720 1411 vi
749 1358 938 1425 multa,
965 1370 1017 1413 et
1042 1360 1263 1430 alligant
1297 1361 1362 1414 ad
1399 1360 1613 1418 labores
1641 1381 1654 1415 :
1683 1364 1749 1418 ad
1778 1368 2050 1432 eumdem,

471 1447 658 1508 credo,
680 1446 849 1517 ipsum
875 1450 1112 1512 modum,
1135 1451 1185 1503 hi
1212 1450 1302 1519 qui
1331 1465 1390 1505 se
1411 1451 1674 1517 objiciunt
1706 1453 1799 1508 irae
1829 1455 2048 1521 divintc,

471 1539 684 1592 dicunt:
703 1557 722 1589 ι
748 1541 1191 1610 ApprOpinquent
1213 1542 1322 1593 cito
1338 1557 1457 1610 qua:
1476 1542 1654 1608 faciet,
1675 1553 1732 1599 ut
1751 1545 2051 1615 videmnus,

470 1638 523 1679 et
551 1630 1023 1684 veniatconsilium
1048 1631 1220 1685 sancti
1245 1631 1483 1697 lsraelis,
1505 1643 1563 1687 ut
1584 1637 1873 1694 sciamus.»
1901 1638 2053 1696 Alius

472 1722 598 1773 item
632 1734 664 1773 ο
697 1720 901 1774 sanctis
936 1722 1213 1790 pr0phetis
1250 1721 1394 1792 luget
1424 1738 1640 1794 quoque
1669 1741 1762 1781 eos
1786 1729 1875 1798 qui
1910 1730 2051 1784 istud

2158 544 2418 598 τοιούτων
2447 548 2664 618 ἑκάστῳ
2689 543 3123 616 πρεπωδέστατόι
3147 560 3205 595 τε
3231 543 3325 596 xui
3355 538 3572 610 άληθῶς
3600 539 3761 593 δύνα-

2161 635 2284 690 σθαι
2315 637 2493 705 λέγειν
2528 640 2704 707 ἡμᾶς·
2742 654 2759 688 ι
2802 637 2875 689 ’Ἡ
2892 635 2987 688 τοῦ
3012 635 3244 688 πλούτου
3267 633 3363 703 τῆς
3390 630 3761 703 χρηστότητος

2159 728 2352 793 αὑτοῦ,
2389 730 2483 782 xui
2514 730 2613 800 τῆς
2647 729 2866 799 ἀνοχῆς,
2898 728 2994 780 xui
3038 727 3137 795 τῆς
3172 724 3560 798 μακροθυμίας
3589 741 3759 777 κατα-

2160 823 2399 891 φρονεῖς,
2435 820 2647 888 ἀγνοῶν
2694 821 2777 874 ὅτι
2826 819 2889 873 τὸ
2937 818 3171 892 χρηστὸν
3201 815 3295 871 τοῦ
3322 814 3459 869 Θεοῦ
3492 817 3571 879 είς
3604 816 3761 885 μετά-

2158 911 2309 963 νοιάν
2343 926 2400 962 σε
2429 911 2588 979 ἀγει;
2621 909 2776 963 Κατὰ
2796 909 2853 961 δὲ
2877 909 2975 979 τὴν
3007 906 3354 979 σκληρότητά
3384 922 3480 959 σου
3505 905 3601 958 xui
3623 905 3760 974 ἀμε-

2156 1002 2418 1073 τανόητον
2464 1002 2693 1073 καρδῗαν
2749 1001 3110 1073 θησαυρίζεις
3173 998 3389 1069 σεαυτῴ
3445 996 3636 1071 ὀργὴν,
3701 998 3759 1048 ὲν

2157 1090 2340 1162 ἡμέρᾳ
2390 1092 2558 1161 ὀργῆς
2620 1092 2716 1145 xui
2764 1090 3164 1160 ἀποκαλύψεως
3209 1091 3305 1144 xui
3359 1087 3758 1159 δικαιοκρισίας

2154 1178 2248 1231 τοῦ
2284 1178 2439 1233 Θεοῦ.
2455 1199 2473 1231 ι
2500 1179 2759 1235 Ἐλκουσι
2778 1181 2909 1252 γάρ,
2933 1180 3011 1242 ὡς
3036 1181 3194 1248 ἔφην,
3219 1179 3376 1232 αὐτοὶ
3399 1177 3521 1233 καθ’
3547 1178 3756 1232 ἑαυτῶν

2154 1269 2248 1322 τὸν
2281 1270 2381 1340 τῆς
2414 1271 2689 1335 κολάσεως
2721 1273 2933 1345 καιῷν,
2963 1272 3104 1342 τάχα
3127 1288 3230 1324 που
3266 1268 3753 1343 μικροψυχοῦντες,

2153 1360 2235 1413 ὅτι
2278 1360 2465 1431 μέλλει
2515 1362 2759 1428 κολάζων
2809 1364 3045 1426 αὐτοῦς,
3073 1363 3168 1416 xui
3216 1363 3292 1433 μὴ
3339 1361 3757 1433 πλημμελοῦσιν

2154 1452 2475 1517 ἁκαθέκτως
2508 1456 2745 1509 ἐπετίθει
2793 1456 2891 1519 τὰς
2940 1454 3385 1521 ὃίκας.Ἕλκουσι
3427 1454 3605 1508 τοίνυν
3655 1453 3757 1516 τὰς

2154 1544 2431 1616 ἁμαρτίας
2481 1545 2556 1611 ὡς
2609 1547 2805 1619 σχοίνῳ
2849 1548 3066 1619 μακρῷ,
3098 1548 3191 1601 xui
3236 1547 3311 1611 ὡς
3357 1546 3524 1615 ζυγοῦ
3570 1546 3756 1616 ἱμάντι

2153 1636 2440 1709 δαμάλεως
2485 1640 2587 1703 τὰς
2635 1641 3114 1712 ἀνομίας.”Ωσπερ
3160 1640 3271 1712 γὰρ
3317 1641 3416 1703 τὰς
3465 1637 3753 1709 δαμάλεις,

2154 1730 2273 1802 ἦτοι
2308 1731 2405 1795 τὰς
2438 1731 2564 1801 βοῦς
2597 1733 2962 1805 ὑποφέροντες
2991 1736 3103 1796 τοῖς
3137 1733 3343 1802 ζυγοῖς,
3369 1732 3619 1785 ἕλκουσιν
3641 1729 3755 1783 ἐσθ’

468 1812 656 1865 dicunt
680 1812 927 1881 idemque
955 1816 1217 1871 sentiunt.
1242 1814 1359 1882 Vae,
1381 1817 1574 1887 inquit,
1610 1818 2049 1878 desiderantibus

2157 1824 2243 1876 ότε
2273 1825 2371 1877 σὺν
2407 1824 2498 1895 βίᾳ
2524 1824 2715 1895 πολλῇ,
2745 1826 2840 1878 xui
2875 1824 3374 1893 καταδεσμεύουσιν
3410 1826 3490 1887 εἰς
3535 1823 3751 1884 πόνους·

466 1903 606 1957 diem
626 1902 859 1968 Domini,
878 1916 932 1958 et
958 1904 1043 1958 illa
1069 1918 1151 1962 est
1178 1908 1353 1978 caligo
1375 1918 1560 1964 etnon
1584 1910 1701 1977 lux,
1726 1920 1781 1966 et
1803 1914 2050 1982 opacitas

469 2010 572 2047 nun
623 1995 827 2051 habens
871 1995 1051 2051 lumen
1082 2013 1259 2053 suum.
1288 1999 1575 2067 Quocirca,
1605 2017 1727 2056 cum
1763 2003 1929 2057 Deum
1960 2005 2050 2060 of-

467 2087 680 2142 fensum
707 2103 826 2144 esse
857 2088 1232 2159 intelligimus,
1253 2091 1539 2147 confestim
1562 2095 1682 2149 duci
1714 2098 2051 2164 pmnitudine

466 2188 703 2247 oportet,
737 2188 793 2233 et
825 2180 1074 2248 precibus
1105 2182 1344 2238 assiduis
1382 2183 1532 2237 illum
1567 2184 1816 2255 mitigare
1845 2190 2046 2257 potius,

466 2283 573 2323 non
623 2283 955 2327 commotum
1001 2272 1116 2343 jam
1164 2274 1409 2339 irritare,
1474 2291 1575 2332 nec
1624 2280 2048 2337 comminantem

469 2369 838 2418 contemnere.
888 2364 984 2419 Est
1024 2366 1168 2420 enim
1202 2366 1339 2422 lenis
1370 2377 1424 2422 et
1455 2368 1681 2425 multum
1715 2372 2048 2437 misericors.

465 2453 722 2512 auferens
756 2456 1099 2526 iniquitates,
1121 2466 1175 2514 et
1206 2474 1471 2531 superans
1499 2460 1814 2530 injustitias,
1837 2473 1892 2520 et
1916 2480 2051 2535 pau-

464 2546 545 2600 cis
577 2547 903 2617 quandoque
930 2548 1190 2621 lacrymis
1219 2548 1584 2619 peccantium,
1613 2553 1680 2606 ad
1717 2553 2052 2623 placabilita-

468 2648 574 2693 tem
615 2640 1082 2713 serenitatemque
1110 2643 1211 2698 sibi
1249 2646 1616 2713 gratissimam
1653 2648 1974 2705 traducitur.

2151 1914 2242 1967 τὸν
2276 1916 2470 1978 αὑτὸν,
2504 1910 2655 1987 οἶμαι
2679 1955 2694 1977 ,
2723 1917 2925 1988 τρόπον
2959 1918 3202 1970 κάκεῖνοι
3226 1917 3338 1978 τοῖς
3378 1918 3444 1969 ὲκ
3477 1914 3626 1976 θείας
3659 1914 3759 1984 ὀρ-

2153 2004 2259 2073 γῆς
2297 2007 2770 2078 ὲπισυμϐήσεσθαι
2808 2006 3092 2079 μέλλουσιν
3130 2008 3358 2070 ἑαυτοὺς
3385 2007 3760 2077 ὑποφέροντες

2152 2096 2415 2169 ἔφασκον·
2444 2118 2463 2151 ι
2489 2101 2794 2170 Ἐγγισάτω
2816 2101 2877 2154 τὸ
2896 2101 3082 2171 τάχος,
3106 2099 3143 2155 ἃ
3169 2100 3402 2168 ποιήσει,
3424 2098 3510 2152 ἵνα
3532 2098 3757 2165 ἴδωμεν,

2152 2193 2250 2246 xui
2279 2191 2481 2246 ἐλθέτω
2507 2196 2540 2266 ἡ
2576 2194 2739 2265 βουλὴ
2764 2194 2858 2248 τοῦ
2898 2194 3054 2263 ἁγίου
3096 2191 3315 2264 Ἰσραὴλ
3343 2191 3430 2244 ἴνα
3459 2189 3699 2261 γνῶμεν.
3733 2210 3753 2241 ι

2152 2284 2325 2339 Τοῦτο
2361 2285 2622 2355 λέγοντας
2665 2288 2761 2341 xui
2799 2286 2941 2341 οὕτω
2993 2285 3409 2359 πεφρονηκότας
3441 2286 3537 2338 καὶ
3569 2283 3761 2355 ἕτερος

2152 2377 2261 2431 τῶν
2296 2378 2469 2447 ἁγίων
2502 2381 2801 2452 προφητῶν
2833 2381 3111 2446 ταλανίζει
3151 2378 3350 2448 λέγων·
3387 2377 3525 2431 Οὐαὶ
3554 2376 3604 2430 οἱ
3633 2377 3759 2429 ἐπι-

2153 2470 2454 2542 θυμοῦντες
2483 2474 2584 2545 τὴν
2607 2473 2823 2545 ἡμέραν
2857 2475 3088 2543 Κυρίουο
3118 2472 3213 2527 xui
3234 2470 3375 2542 αῦτη
3401 2471 3516 2524 ἐστὶ
3542 2469 3757 2533 σκότος,

2109 2639 2115 2645 ἰ
2155 2565 2253 2618 xui
2278 2564 2341 2618 οὐ
2373 2564 2510 2635 φῶς,
2546 2566 2641 2620 xui
2670 2566 2871 2636 γνόφος
2897 2566 2999 2619 οὐκ
3027 2564 3166 2635 ἔχων
3189 2562 3391 2633 φέγγος
3422 2560 3606 2616 αὑτοῦ.
3636 2559 3761 2633 Χρὴ

2153 2656 2334 2712 τοίνυν
2377 2658 2746 2730 μανθάνοντας
2778 2659 2861 2713 ὅτι
2888 2657 3191 2728 λελύπηται
3223 2655 3379 2720 Θεὸς,
3414 2651 3761 2726 παραχρῆμα

464 2740 764 2808 μετανοεῖν,
795 2739 891 2792 xui
936 2738 1340 2811 ἀκαταλήκτοις
1388 2744 1723 2813 προσευχαῖς
1772 2744 2146 2815 μειλίσσεσθαι
2223 2753 2424 2823 μᾶλλον
2455 2755 2652 2819 αὐτὸν,
2719 2755 2779 2808 οὐ
2812 2752 3178 2825 παροτρύνειν
3236 2753 3320 2807 ἔτι
3350 2747 3758 2820 κεκινημένον

459 2830 586 2885 οὔτε
623 2832 730 2904 μὴν
758 2833 1113 2899 ἀπειλοῦντος
1140 2837 1529 2906 καταφρονεῖνο
1570 2838 1927 2911 μακρόθυμος
1948 2843 2059 2914 γάρ
2091 2846 2229 2913 ἐστι,
2290 2849 2386 2901 xui
2434 2848 2744 2915 πολυέλεος,
2812 2847 3108 2919 ἀποφέρων
3154 2848 3411 2920 ἀνομίας,
3446 2846 3541 2898 xui
3588 2841 3763 2912 ὑπερ-

462 2922 666 2977 ϐαίνων
700 2923 913 2989 ἀδικίας
940 2944 954 2956 ·
985 2926 1080 2980 xui
1123 2929 1339 2999 μικροῖς
1383 2927 1499 2982 ἐσθ’
1544 2929 1633 2984 ὅτε
1671 2930 1927 3003 δακρύοις
1973 2934 2081 2988 τῶν
2118 2939 2521 3011 ἡμαρτηκότων
2578 2941 2671 2993 ἐπὶ
2712 2939 2811 3012 τὴν
2873 2940 3023 3011 αὐτῷ
3060 2940 3384 3011 φιλαιτάτην
3412 2933 3761 3007 γαληνότητα

466 3016 883 3087 μεθιστάμενος.

540 3109 815 3177 Vens.20,
861 3112 954 3167 2t.
1010 3110 1097 3167 Va:
1139 3115 1436 3170 dicentibus
1485 3114 1686 3170 malum
1730 3116 1958 3181 bonum,
2006 3128 2053 3172 rt

2232 3117 2377 3171 Οὐαὶ
2407 3119 2464 3171 oi
2490 3117 2775 3187 λέγοντες
2799 3117 2863 3170 τὸ
2896 3117 3166 3185 πονηρὸν
3190 3116 3406 3181 καλὸν,
3429 3116 3527 3169 καί
3555 3114 3624 3168 τὸ
3652 3134 3758 3170 xa-

466 3204 663 3258 bonum
695 3204 935 3272 malum;
971 3208 1059 3276 qui
1100 3220 1297 3275 ponunt
1331 3209 1571 3263 tenebras
1599 3208 1790 3273 lucem,
1817 3226 1862 3263 et
1885 3213 2056 3266 lucem

468 3298 740 3362 tenebras;
759 3298 848 3367 qui
866 3308 1065 3368 ponunt
1088 3317 1330 3355 amarunt
1353 3301 1529 3369 dulce,
1553 3313 1598 3355 et
1621 3305 1773 3358 dulce
1791 3321 2055 3362 nmmum.

484 3384 572 3439 l'a:
601 3387 683 3440 Itis
715 3389 807 3457 qui
846 3388 945 3442 sibi
988 3389 1116 3459 ipsis
1165 3391 1407 3445 videntur
1443 3393 1735 3460 sapientes,
1782 3405 1829 3448 et
1878 3411 2057 3449 coram

471 3480 763 3546 semetipsis
788 3479 1064 3547 prudentes
1091 3489 1238 3536 sunt.

542 3569 863 3638 lnsipientes
908 3584 1031 3625 esse
1071 3570 1293 3624 omnino
1330 3584 1425 3626 eos
1467 3574 1631 3627 etiam
1684 3574 1832 3629 hisce
1876 3577 2058 3632 verbis

469 3663 681 3729 arguit,
721 3661 810 3729 qui
847 3670 1070 3729 peccata
1113 3661 1270 3729 quasi
1318 3662 1479 3733 longo
1506 3663 1619 3735 94
1651 3664 1897 3722 funiculo
1941 3676 2055 3722 tra-

468 3751 626 3806 hunt.
665 3750 799 3805 Cum
842 3752 986 3807 enim
1026 3752 1404 3821 paenitentiam
1444 3757 1595 3809 omni
1646 3756 1803 3813 laude
1840 3760 2055 3830 dignam

465 3841 801 3906 existimare,
821 3850 875 3897 et
905 3857 964 3896 se
984 3843 1051 3896 ab
1074 3842 1153 3896 ira
1188 3843 1537 3911 impendente
1562 3847 1731 3912 probe
1753 3863 1819 3903 ac
1847 3849 2057 3919 integre

466 3932 703 3988 vivendo
751 3947 1100 3997 conservare,
1143 3940 1198 3986 et
1247 3933 1361 3988 Deo
1410 3936 1771 4006 onmipotenti
1826 3938 2054 4006 oﬂ'enso,

466 4035 631 4092 prece
656 4033 709 4078 et
736 4024 1153 4094 supplicatione,
1192 4039 1254 4080 se
1286 4027 1521 4096 probare
1553 4040 1834 4100 oporteret
1860 4051 1873 4087 :
1898 4049 2056 4088 nunt-

470 4117 684 4172 tnularii
729 4119 959 4187 improbi
1004 4129 1324 4186 evaserunt,
1361 4121 1604 4192 turpiora
1651 4123 1704 4179 in
1742 4128 1919 4195 pretio
1958 4127 2057 4182 ha-

467 4211 680 4277 bentes,
699 4219 949 4266 notantes
970 4226 1102 4266 vero
1129 4223 1187 4267 ut
1207 4214 1576 4270 adulterinum
1602 4217 1740 4273 citra
1764 4219 2053 4277 discrimen

469 4300 521 4354 id
552 4302 696 4372 quod
729 4302 1093 4372 praestabilius
1118 4313 1225 4371 est,
1254 4313 1310 4360 et
1343 4306 1410 4360 ad
1438 4322 1591 4362 suam
1628 4309 1866 4379 ipsorum
1909 4312 2057 4367 salu-

473 4399 581 4445 tem
626 4392 999 4447 utilissimum.
1028 4395 1298 4450 Convenit
1323 4410 1456 4467 ergo
1498 4398 1624 4465 hoc,
1660 4400 1751 4456 Vae
1792 4401 1920 4469 illis,
1975 4403 2057 4459 sic

2158 3206 2276 3263 .Zdr
2308 3210 2597 3277 πονηρὸν,
2632 3212 2686 3263 oi
2725 3208 2987 3275 τιθέντες
3018 3208 3083 3261 τό
3109 3209 3332 3273 σκότος
3370 3206 3513 3276 φῶς,
3543 3207 3643 3260 καὶ
3690 3208 3759 3263 τό

2160 3296 2288 3366 φῶς
2315 3298 2558 3364 σκότος,
2587 3300 2640 3351 οἱ
2682 3297 2944 3363 τιθέντες
2972 3297 3037 3351 τὸ
3067 3296 3281 3366 πικρόν
3308 3296 3526 3366 γλυκὺ,
3559 3297 3657 3351 καὶ
3690 3298 3758 3352 τὸ

2159 3389 2356 3459 γλυκὺ
2398 3391 2634 3457 πικρόν,
2664 3390 2813 3443 Obal
2860 3393 2914 3444 οἱ
2963 3389 3207 3444 συνετοὶ
3244 3389 3313 3444 ὲν
3355 3388 3615 3456 ἑαυτοῖς,
3658 3389 3759 3444 καί

2160 3483 2424 3537 ἐνώπιον
2449 3481 2682 3537 ἑαυτῶν
2706 3482 3135 3551 ἐπιστήμονες.

2246 3575 2563 3637 Ἀσυνέτους
2584 3574 2749 3637 ὄντας
2771 3572 3051 3636 παντελῶς
3081 3574 3175 3627 καὶ
3201 3574 3289 3629 διὰ
3317 3574 3521 3629 τούτων
3543 3573 3759 3646 ἐλέγχει

2158 3669 2286 3731 τοὺς
2315 3666 2415 3731 τὰς
2447 3665 2723 3738 ἁμαρτίας
2756 3665 3177 3736 ὲπισπωμένους
3198 3666 3273 3730 ὼς
3296 3668 3512 3739 σχοινίῳ
3540 3666 3758 3737 μακρῷ.

2159 3758 2289 3811 Δέον
2322 3757 2435 3828 γάρ
2457 3756 2680 3810 ἐπαίνου
2708 3755 2912 3819 παντὸς
2932 3755 3119 3821 ἀξιοῦν
3139 3756 3201 3808 τὸ
3226 3756 3424 3828 χρῆναι
3450 3759 3758 3827 μετανοεῖν,

2161 3850 2254 3902 xui
2296 3848 2384 3902 διὰ
2438 3848 2622 3919 πάσης
2654 3846 2955 3910 ἐπιεικείας
2995 3847 3362 3901 ἀπαλλάττειν
3392 3849 3619 3910 ἑαυτοὺς
3658 3850 3759 3921 τῆς

2159 3942 2371 4012 ὲπηρτη
2382 3940 2547 4013 μένης
2576 3940 2770 4011 ὀργῆς,
2804 3940 2899 3992 καὶ
2922 3943 3042 4005 ταῖς
3068 3941 3347 4011 νηστείαις
3371 3941 3762 4009 ἀπολογεῖσθαι

2159 4030 2518 4101 λελυπημένῳ
2571 4028 2651 4098 τῷ
2698 4029 2917 4083 πάντων
2971 4027 3261 4101 κρατοῦντι
3307 4029 3463 4101 Θεῴ·
3507 4030 3762 4100 ἀδόκιμοι

2159 4121 2419 4191 γεγόνασι
2448 4118 2795 4191 τραπεζῖται,
2824 4119 3097 4189 τιμῶντες
3120 4119 3218 4191 μὲν
3246 4117 3316 4173 τὰ
3337 4118 3555 4190 αἰσχίω,
3583 4137 3763 4173 κατα-

2159 4212 2571 4285 κιὸδηλεύοντες
2606 4212 2664 4265 δὲ
2708 4211 2771 4265 τὸ
2803 4211 3155 4283 άσυγκρίτως
3186 4210 3433 4282 ἄμεινον,
3461 4212 3555 4265 καὶ
3587 4212 3649 4265 τὸ
3674 4212 3763 4265 ὅτι

2162 4307 2402 4379 μάλιστα
2446 4303 2725 4367 λυσιτελὲς
2771 4305 2849 4368 εἰς
2898 4303 3175 4375 σωτηρίαν
3219 4303 3422 4366 αὐτοῖς.
3458 4302 3762 4375 Πρέπειδὴ

2158 4397 2254 4454 οὖν
2308 4399 2419 4469 ἄρα
2468 4400 2579 4461 τοῖς
2628 4395 2771 4449 οὕτω
2822 4395 3194 4467 πεφρονηκόσι
3245 4394 3308 4448 τὸ
3359 4393 3763 4449 οὺαί.Ἀνόσιοι

470 4482 713 4551 all'ectis,
768 4484 897 4559 quia
954 4485 1006 4538 in
1063 4486 1272 4555 seipsos
1322 4487 1469 4558 impii
1525 4500 1581 4547 et
1636 4493 1787 4548 stulti
1841 4491 2053 4563 judices

2159 4494 2269 4564 γὰρ
2331 4491 2425 4546 xui
2469 4489 2718 4544 ἀσόνετοι
2764 4488 2887 4541 καθ’
2928 4487 3137 4542 ἑαυτῶν
3178 4482 3435 4557 γεγόνασι
3480 4488 3759 4543 δικασταί.

471 4575 819 4629 exstiterunt.
846 4575 1062 4629 Etenim
1095 4593 1220 4631 cum
1261 4579 1460 4635 malum
1495 4582 1696 4637 bonum
1740 4598 1862 4639 esse
1908 4584 2052 4639 dice-

473 4675 615 4733 rent,
642 4676 696 4722 et
729 4670 983 4725 tenebras
1009 4669 1179 4725 lucem
1206 4673 1487 4740 ducerent,
1513 4686 1566 4729 et
1597 4692 1844 4730 amarum
1876 4678 2050 4744 dulce,

473 4770 527 4814 et
574 4760 732 4815 dulce
780 4776 1024 4817 amarum
1072 4763 1404 4822 alIirmarent
1437 4786 1451 4822 :
1486 4783 1722 4838 cumque
1765 4769 2055 4826 maluerint

474 4851 814 4908 calamitates
847 4852 968 4909 belli
994 4857 1211 4924 subire,
1242 4875 1364 4913 cum
1401 4859 1600 4929 alioqui
1641 4861 1798 4917 facile
1834 4877 1862 4914 a
1895 4863 2054 4919 malis

474 4944 740 4999 immunes
770 4958 890 5001 esse
929 4950 1255 5017 potuissent,
1295 4952 1579 5019 repudiata
1607 4951 1772 5006 etiam
1814 4953 1926 5023 ipsa
1960 4970 2058 5024 per

472 5035 751 5091 Christum
787 5036 1171 5110 illustratione,
1201 5042 1255 5097 in
1283 5043 1527 5098 tenebris
1561 5055 1959 5101 remanserunt.
1990 5044 2059 5099 Et

474 5127 607 5182 dicit
652 5129 909 5199 prepheta
939 5150 952 5187 :
985 5152 1004 5186 ι
1040 5134 1173 5189 Cum
1218 5144 1602 5203 exspectarent
1646 5135 1853 5202 lucem,
1902 5138 2058 5195 factae

473 5227 603 5273 sunt
644 5219 748 5276 illis
800 5224 1070 5291 tenebrat;
1122 5234 1512 5293 exspectantes
1565 5227 1946 5298 splendorem,
2006 5232 2059 5286 in

474 5312 706 5382 caligine
756 5318 1132 5371 versabantur.
1183 5338 1200 5369 ι
1254 5317 1334 5371 Ad
1388 5332 1507 5373 eam
1552 5335 1681 5376 vero
1728 5323 2059 5394 impietatem

2164 4585 2239 4638 Τὸ
2270 4585 2368 4654 μὲν
2396 4582 2505 4653 γὰρ
2537 4582 2771 4653 πονηρὸν
2798 4580 2963 4635 καλὸν
2994 4576 3135 4634 εἶναι
3165 4580 3437 4650 λέγοντες,
3464 4582 3765 4650 καταλογι-

2164 4674 2383 4744 ζόμενοι
2416 4676 2475 4728 τι
2503 4674 2692 4738 σκότος
2722 4673 2860 4742 φῶς,
2896 4675 2990 4726 xui
3016 4673 3080 4726 τὸ
3112 4675 3210 4744 μὲν
3244 4673 3442 4743 πικρὸν
3474 4673 3671 4742 γλυκὺ,
3698 4675 3766 4729 τὺ

2163 4768 2223 4823 δὲ
2264 4766 2436 4837 γλυκὺ
2473 4767 2668 4838 πικρὸν
2706 4763 2846 4821 εἶναι
2875 4764 3379 4835 διαϐεϐαιούμενοι,
3425 4763 3514 4817 διά
3560 4782 3623 4834 γε
3664 4766 3763 4818 τοῦ

2166 4861 2363 4916 παθεῖν
2389 4861 2606 4915 ἑλέσθαι
2646 4860 2743 4924 τὰς
2789 4861 2854 4913 ἐκ
2886 4858 2981 4912 τοῦ
3011 4858 3250 4930 πολέμου
3281 4857 3566 4929 συμφοράς
3588 4899 3602 4922 ,
3638 4860 3764 4911 καῖε

2164 4972 2248 5009 τοι
2284 4955 2446 5025 μετὸν
2489 4953 2729 5016 εὐκόλως
2770 4951 2875 5017 ἔξω
2919 4950 3173 5019 γενέσθαι
3222 4949 3315 5002 τοῦ
3370 4947 3540 5003 κακοῦ
3565 4986 3580 5011 ,
3616 4965 3765 5017 παρ-

2164 5047 2439 5118 ωσάμενοι
2470 5046 2529 5099 δὲ
2565 5046 2660 5099 xui
2702 5044 2868 5097 αὐτὸν
2913 5043 3005 5097 τὸν
3053 5043 3142 5097 διὰ
3175 5040 3417 5113 Χριστοῦ
3450 5041 3759 5110 φωτισμὸν,

2169 5139 2546 5210 μεμενήκασιν
2579 5139 2637 5190 ὲν
2681 5136 2876 5207 σκότῳ.
2910 5136 3020 5189 Καὶ
3055 5136 3108 5187 τί
3141 5152 3306 5205 φησιν
3352 5135 3381 5187 ό
3433 5134 3762 5206 προφήτη;;

2168 5251 2185 5284 ι
2209 5232 2651 5301 Ὑπομεινάντων
2685 5228 2802 5297 φῶς
2829 5228 3049 5297 ἐγένετο
3078 5228 3264 5290 αὐτοῖς
3292 5228 3509 5289 σκότος·
3544 5226 3765 5297 μείναν-

2157 5342 2252 5389 τες
2284 5324 2459 5395 αὐγὴν
2495 5325 2553 5376 ὲν
2582 5322 2774 5392 σκοτίᾳ
2805 5322 3239 5393 περιεπάτησαν.
3273 5338 3290 5371 ι
3326 5317 3679 5373 Κατὼλισθον
3706 5316 3762 5368 δὲ

475 5405 755 5475 animique
784 5407 1159 5463 efferationem
1192 5409 1462 5490 provoluti
1497 5424 1644 5480 sunt,
1675 5422 1733 5469 ut
1770 5426 2053 5485 quantum-

2157 5415 2477 5478 δυσϐουλίας
2510 5416 2591 5477 εἰς
2626 5413 2786 5467 τοῦτο
2827 5413 2921 5466 xui
2953 5411 3166 5490 φρενῶν
3199 5411 3524 5482 ἀγριότητος
3547 5450 3558 5469 ,
3615 5406 3758 5461 ὥστε

476 5497 560 5552 vis
592 5498 689 5555 Dei
718 5498 1023 5553 clementia:
1053 5498 1280 5571 ejusque
1308 5502 1420 5572 spei
1456 5503 1806 5562 dulcissintus
1852 5507 2060 5563 fructus

476 5586 585 5642 illis
617 5589 928 5660 propositus
960 5601 1136 5659 esset,
1171 5608 1454 5664 pinnarum
1490 5606 1670 5655 tamen
1703 5600 1803 5672 ipsi
1840 5603 2051 5659 acerbi-

562 5739 615 5833 ξ’
649 5740 808 5799 30m.
848 5758 909 5813 ll,
944 5744 995 5813 l,
1049 5745 1101 5801 5.

2159 5509 2254 5565 xui
2287 5506 2657 5580 προκειμένης
2699 5505 2882 5568 αὐτοῖς
2917 5506 2996 5567 εἰς
3025 5504 3326 5558 ἀπόλαυσιν
3358 5504 3457 5573 τῆς
3487 5502 3761 5574 ἡμερότηυ

2165 5618 2256 5663 τος
2296 5599 2391 5654 τοῦ
2439 5596 2598 5663 Θεοῦ,
2629 5598 2725 5652 xui
2771 5596 2870 5667 τῆς
2917 5596 3164 5650 ἐντεῦθεν
3212 5594 3471 5665 γλυκείας
3523 5593 3756 5660 ἐλπίδος,
