  <div class='ocr_page' id='page_1' title='image "/cluster/home/n/w/nwhite01/storage/ocr_20150623/70:no.3/coo.31924054869726/088.png"; bbox 0 0 4100 6498; ppageno 0'>
   <div class='ocr_carea' id='block_1_1' title="bbox 336 369 443 425">
    <p class='ocr_par' dir='ltr' id='par_1_1' title="bbox 336 369 443 425">
     <span class='ocr_line' id='line_1_1' title="bbox 336 369 443 425; baseline -0.028 0"><span class='ocrx_word' id='word_1_1' title='bbox 336 369 443 425; x_wconf 67' lang='grc'><strong>161</strong></span> 
     </span>
    </p>
   </div>
   <div class='ocr_carea' id='block_1_2' title="bbox 1518 360 2507 426">
    <p class='ocr_par' dir='ltr' id='par_1_2' title="bbox 1518 360 2507 426">
     <span class='ocr_line' id='line_1_2' title="bbox 1518 360 2507 426; baseline 0.008 -8"><span class='ocrx_word' id='word_1_2' title='bbox 1518 362 1582 418; x_wconf 82' lang='grc' dir='ltr'><strong>ΙΝ</strong></span> <span class='ocrx_word' id='word_1_3' title='bbox 1625 361 1862 418; x_wconf 72' lang='lat' dir='ltr'><strong>ISAIAM</strong></span> <span class='ocrx_word' id='word_1_4' title='bbox 1904 360 2032 417; x_wconf 74' lang='lat' dir='ltr'><strong>LIB.</strong></span> <span class='ocrx_word' id='word_1_5' title='bbox 2076 364 2120 419; x_wconf 87' lang='grc' dir='ltr'>ι.</span> <span class='ocrx_word' id='word_1_6' title='bbox 2163 365 2374 424; x_wconf 65' lang='lat' dir='ltr'><strong>ORAT.</strong></span> <span class='ocrx_word' id='word_1_7' title='bbox 2415 367 2507 426; x_wconf 83' lang='lat' dir='ltr'><strong>IV.</strong></span> 
     </span>
    </p>
   </div>
   <div class='ocr_carea' id='block_1_3' title="bbox 3546 375 3649 431">
    <p class='ocr_par' dir='ltr' id='par_1_3' title="bbox 3546 375 3649 431">
     <span class='ocr_line' id='line_1_3' title="bbox 3546 375 3649 431; baseline -0.029 -1"><span class='ocrx_word' id='word_1_8' title='bbox 3546 375 3649 431; x_wconf 65' lang='lat'><strong>£33</strong></span> 
     </span>
    </p>
   </div>
   <div class='ocr_carea' id='block_1_4' title="bbox 330 480 1952 559">
    <p class='ocr_par' dir='ltr' id='par_1_4' title="bbox 330 480 1948 558">
     <span class='ocr_line' id='line_1_4' title="bbox 330 480 1948 558; baseline -0.003 -18"><span class='ocrx_word' id='word_1_9' title='bbox 330 493 547 543; x_wconf 67' lang='grc' dir='ltr'>εἴλυτο</span> <span class='ocrx_word' id='word_1_10' title='bbox 578 484 787 558; x_wconf 79' lang='grc' dir='ltr'>μᾶλλον</span> <span class='ocrx_word' id='word_1_11' title='bbox 819 484 978 539; x_wconf 73' lang='grc' dir='ltr'>αὐτοὶ</span> <span class='ocrx_word' id='word_1_12' title='bbox 1006 483 1107 550; x_wconf 70' lang='grc' dir='ltr'><strong>τὰς</strong></span> <span class='ocrx_word' id='word_1_13' title='bbox 1134 484 1200 539; x_wconf 76' lang='grc' dir='ltr'>ἐκ</span> <span class='ocrx_word' id='word_1_14' title='bbox 1230 480 1324 538; x_wconf 85' lang='grc' dir='ltr'><strong>τοῦ</strong></span> <span class='ocrx_word' id='word_1_15' title='bbox 1352 484 1676 549; x_wconf 71' lang='grc' dir='ltr'>κολάζεσθαι</span> <span class='ocrx_word' id='word_1_16' title='bbox 1700 481 1948 555; x_wconf 83' lang='grc' dir='ltr'>πικρίας,</span> 
     </span>
    </p>
   </div>
   <div class='ocr_carea' id='block_1_5' title="bbox 2056 480 3648 559">
    <p class='ocr_par' dir='ltr' id='par_1_5' title="bbox 2062 486 3648 559">
     <span class='ocr_line' id='line_1_5' title="bbox 2062 486 3648 559; baseline 0.007 -24"><span class='ocrx_word' id='word_1_17' title='bbox 2062 490 2225 539; x_wconf 90' lang='lat' dir='ltr'><strong>tatem</strong></span> <span class='ocrx_word' id='word_1_18' title='bbox 2270 486 2584 555; x_wconf 81' lang='lat' dir='ltr'><strong>elegerunt,</strong></span> <span class='ocrx_word' id='word_1_19' title='bbox 2620 499 2675 542; x_wconf 84' lang='lat' dir='ltr'><strong>et</strong></span> <span class='ocrx_word' id='word_1_20' title='bbox 2723 488 2807 544; x_wconf 84' lang='lat' dir='ltr'><strong>his</strong></span> <span class='ocrx_word' id='word_1_21' title='bbox 2849 487 3189 558; x_wconf 65' lang='lat' dir='ltr'><strong>gravissimis</strong></span> <span class='ocrx_word' id='word_1_22' title='bbox 3226 488 3441 559; x_wconf 83' lang='lat' dir='ltr'><strong>quidem</strong></span> <span class='ocrx_word' id='word_1_23' title='bbox 3491 493 3648 546; x_wconf 81' lang='lat' dir='ltr'><strong>malis</strong></span> 
     </span>
    </p>
   </div>
   <div class='ocr_carea' id='block_1_6' title="bbox 330 574 1962 647">
    <p class='ocr_par' dir='ltr' id='par_1_6' title="bbox 330 574 1962 647">
     <span class='ocr_line' id='line_1_6' title="bbox 330 574 1962 647; baseline -0.006 -11"><span class='ocrx_word' id='word_1_24' title='bbox 330 585 432 636; x_wconf 70' lang='grc' dir='ltr'>καὶ</span> <span class='ocrx_word' id='word_1_25' title='bbox 460 583 576 642; x_wconf 78' lang='grc' dir='ltr'>τοῖς</span> <span class='ocrx_word' id='word_1_26' title='bbox 613 577 764 632; x_wconf 71' lang='grc' dir='ltr'>οὕτω</span> <span class='ocrx_word' id='word_1_27' title='bbox 795 578 995 642; x_wconf 75' lang='grc' dir='ltr'>δεινοῖς</span> <span class='ocrx_word' id='word_1_28' title='bbox 1030 575 1397 647; x_wconf 79' lang='grc' dir='ltr'>ὲκτρύχεσθαι</span> <span class='ocrx_word' id='word_1_29' title='bbox 1438 578 1650 639; x_wconf 78' lang='grc' dir='ltr'><strong>κακοῖς.</strong></span> <span class='ocrx_word' id='word_1_30' title='bbox 1688 574 1962 628; x_wconf 80' lang='grc' dir='ltr'>Πεπονοὲ-</span> 
     </span>
    </p>
   </div>
   <div class='ocr_carea' id='block_1_7' title="bbox 329 666 1961 738">
    <p class='ocr_par' dir='ltr' id='par_1_7' title="bbox 329 666 1961 738">
     <span class='ocr_line' id='line_1_7' title="bbox 329 666 1961 738; baseline -0.007 -11"><span class='ocrx_word' id='word_1_31' title='bbox 329 693 423 729; x_wconf 75' lang='grc' dir='ltr'><strong>ναι</strong></span> <span class='ocrx_word' id='word_1_32' title='bbox 454 672 511 725; x_wconf 81' lang='grc' dir='ltr'>δὲ</span> <span class='ocrx_word' id='word_1_33' title='bbox 541 669 708 723; x_wconf 83' lang='grc' dir='ltr'>τοῦτό</span> <span class='ocrx_word' id='word_1_34' title='bbox 735 686 904 738; x_wconf 69' lang='grc' dir='ltr'>φησιν</span> <span class='ocrx_word' id='word_1_35' title='bbox 935 668 1161 732; x_wconf 75' lang='grc' dir='ltr'>αὐτοὺς,</span> <span class='ocrx_word' id='word_1_36' title='bbox 1191 669 1275 720; x_wconf 83' lang='grc' dir='ltr'>ὅτι</span> <span class='ocrx_word' id='word_1_37' title='bbox 1306 667 1595 735; x_wconf 80' lang='grc' dir='ltr'>γεγόνασιν</span> <span class='ocrx_word' id='word_1_38' title='bbox 1642 669 1698 719; x_wconf 79' lang='grc' dir='ltr'><strong>ἐν</strong></span> <span class='ocrx_word' id='word_1_39' title='bbox 1746 666 1961 728; x_wconf 78' lang='grc' dir='ltr'>ἑαυτοῖς</span> 
     </span>
    </p>
   </div>
   <div class='ocr_carea' id='block_1_8' title="bbox 334 757 1960 830">
    <p class='ocr_par' dir='ltr' id='par_1_8' title="bbox 334 757 1960 830">
     <span class='ocr_line' id='line_1_8' title="bbox 334 757 1960 830; baseline -0.007 -10"><span class='ocrx_word' id='word_1_40' title='bbox 334 764 573 829; x_wconf 73' lang='grc' dir='ltr'>συνετοὶ,</span> <span class='ocrx_word' id='word_1_41' title='bbox 632 763 730 815; x_wconf 73' lang='grc' dir='ltr'>καὶ</span> <span class='ocrx_word' id='word_1_42' title='bbox 781 760 1018 814; x_wconf 78' lang='grc' dir='ltr'>ἐνώπιον</span> <span class='ocrx_word' id='word_1_43' title='bbox 1071 758 1283 813; x_wconf 77' lang='grc' dir='ltr'>ἑαυτῶν</span> <span class='ocrx_word' id='word_1_44' title='bbox 1331 757 1960 830; x_wconf 74' lang='grc' dir='ltr'>ὲπιστήμονες.’Λληθὲς</span> 
     </span>
    </p>
   </div>
   <div class='ocr_carea' id='block_1_9' title="bbox 342 849 1960 925">
    <p class='ocr_par' dir='ltr' id='par_1_9' title="bbox 342 849 1960 925">
     <span class='ocr_line' id='line_1_9' title="bbox 342 849 1960 925; baseline -0.004 -15"><span class='ocrx_word' id='word_1_45' title='bbox 342 861 427 912; x_wconf 69' lang='grc' dir='ltr'>ὅτι</span> <span class='ocrx_word' id='word_1_46' title='bbox 447 855 586 909; x_wconf 76' lang='grc' dir='ltr'><strong>κατά</strong></span> <span class='ocrx_word' id='word_1_47' title='bbox 602 855 704 925; x_wconf 79' lang='grc' dir='ltr'><strong>τὴν</strong></span> <span class='ocrx_word' id='word_1_48' title='bbox 726 854 821 908; x_wconf 84' lang='grc' dir='ltr'><strong>τοῦ</strong></span> <span class='ocrx_word' id='word_1_49' title='bbox 843 852 1257 924; x_wconf 83' lang='grc' dir='ltr'>Παροιμιαστοῦ</span> <span class='ocrx_word' id='word_1_50' title='bbox 1279 853 1486 923; x_wconf 78' lang='grc' dir='ltr'>φωνὴν,</span> <span class='ocrx_word' id='word_1_51' title='bbox 1508 872 1524 903; x_wconf 78' lang='grc' dir='ltr'><strong>ι</strong></span> <span class='ocrx_word' id='word_1_52' title='bbox 1550 849 1960 920; x_wconf 81' lang='grc' dir='ltr'>’Λνεξέλεγκτος</span> 
     </span>
    </p>
   </div>
   <div class='ocr_carea' id='block_1_10' title="bbox 352 943 1959 1021">
    <p class='ocr_par' dir='ltr' id='par_1_10' title="bbox 352 943 1959 1021">
     <span class='ocr_line' id='line_1_10' title="bbox 352 943 1959 1021; baseline -0.006 -17"><span class='ocrx_word' id='word_1_53' title='bbox 352 951 504 1021; x_wconf 64' lang='grc' dir='ltr'>σοφία</span> <span class='ocrx_word' id='word_1_54' title='bbox 526 948 829 1002; x_wconf 75' lang='grc' dir='ltr'>πλανᾶται.</span> <span class='ocrx_word' id='word_1_55' title='bbox 861 969 879 999; x_wconf 70' lang='grc'><strong>9</strong></span> <span class='ocrx_word' id='word_1_56' title='bbox 902 947 1167 1018; x_wconf 75' lang='grc' dir='ltr'>Φορτικον</span> <span class='ocrx_word' id='word_1_57' title='bbox 1187 947 1245 999; x_wconf 77' lang='grc' dir='ltr'>δὲ</span> <span class='ocrx_word' id='word_1_58' title='bbox 1272 947 1365 999; x_wconf 80' lang='grc' dir='ltr'>καὶ</span> <span class='ocrx_word' id='word_1_59' title='bbox 1389 945 1680 1015; x_wconf 75' lang='grc' dir='ltr'>ἐπιζήμιον</span> <span class='ocrx_word' id='word_1_60' title='bbox 1712 943 1773 998; x_wconf 82' lang='grc' dir='ltr'>τὸ</span> <span class='ocrx_word' id='word_1_61' title='bbox 1802 960 1959 1015; x_wconf 85' lang='grc' dir='ltr'>περι-</span> 
     </span>
    </p>
   </div>
   <div class='ocr_carea' id='block_1_11' title="bbox 352 1037 1959 1111">
    <p class='ocr_par' dir='ltr' id='par_1_11' title="bbox 352 1037 1959 1111">
     <span class='ocr_line' id='line_1_11' title="bbox 352 1037 1959 1111; baseline -0.005 -13"><span class='ocrx_word' id='word_1_62' title='bbox 352 1041 663 1108; x_wconf 77' lang='grc' dir='ltr'>αυτεζεσθαι</span> <span class='ocrx_word' id='word_1_63' title='bbox 696 1043 881 1110; x_wconf 74' lang='grc' dir='ltr'>φιλεῖν</span> <span class='ocrx_word' id='word_1_64' title='bbox 916 1043 1031 1103; x_wconf 89' lang='grc' dir='ltr'>τοῖς</span> <span class='ocrx_word' id='word_1_65' title='bbox 1065 1039 1226 1093; x_wconf 87' lang='grc' dir='ltr'>τοῦτο</span> <span class='ocrx_word' id='word_1_66' title='bbox 1264 1039 1401 1111; x_wconf 70' lang='grc' dir='ltr'>δρᾷν</span> <span class='ocrx_word' id='word_1_67' title='bbox 1427 1038 1680 1103; x_wconf 74' lang='grc' dir='ltr'>εἰωθόσι,</span> <span class='ocrx_word' id='word_1_68' title='bbox 1706 1037 1798 1091; x_wconf 74' lang='grc' dir='ltr'>καὶ</span> <span class='ocrx_word' id='word_1_69' title='bbox 1824 1039 1959 1091; x_wconf 82' lang='grc' dir='ltr'>όιπο-</span> 
     </span>
    </p>
   </div>
   <div class='ocr_carea' id='block_1_12' title="bbox 346 1130 1958 1206">
    <p class='ocr_par' dir='ltr' id='par_1_12' title="bbox 346 1130 1958 1206">
     <span class='ocr_line' id='line_1_12' title="bbox 346 1130 1958 1206; baseline -0.004 -16"><span class='ocrx_word' id='word_1_70' title='bbox 346 1137 539 1190; x_wconf 76' lang='grc' dir='ltr'>διδόναι</span> <span class='ocrx_word' id='word_1_71' title='bbox 569 1134 712 1206; x_wconf 77' lang='grc' dir='ltr'>μόνῃ</span> <span class='ocrx_word' id='word_1_72' title='bbox 741 1136 809 1205; x_wconf 82' lang='grc' dir='ltr'><strong>τῇ</strong></span> <span class='ocrx_word' id='word_1_73' title='bbox 851 1133 962 1205; x_wconf 70' lang='grc' dir='ltr'>ἰδία</span> <span class='ocrx_word' id='word_1_74' title='bbox 989 1130 1185 1204; x_wconf 78' lang='grc' dir='ltr'>γνώμῃ</span> <span class='ocrx_word' id='word_1_75' title='bbox 1217 1132 1277 1184; x_wconf 80' lang='grc' dir='ltr'>τὸ</span> <span class='ocrx_word' id='word_1_76' title='bbox 1305 1132 1486 1186; x_wconf 83' lang='grc' dir='ltr'>δοκεῖν</span> <span class='ocrx_word' id='word_1_77' title='bbox 1507 1131 1706 1184; x_wconf 75' lang='grc' dir='ltr'>εἰδέναι</span> <span class='ocrx_word' id='word_1_78' title='bbox 1729 1131 1788 1184; x_wconf 72' lang='grc' dir='ltr'><strong>τὺ</strong></span> <span class='ocrx_word' id='word_1_79' title='bbox 1811 1131 1958 1201; x_wconf 76' lang='grc' dir='ltr'>ὠφε-</span> 
     </span>
    </p>
   </div>
   <div class='ocr_carea' id='block_1_13' title="bbox 346 1222 1957 1296">
    <p class='ocr_par' dir='ltr' id='par_1_13' title="bbox 346 1222 1957 1296">
     <span class='ocr_line' id='line_1_13' title="bbox 346 1222 1957 1296; baseline -0.004 -15"><span class='ocrx_word' id='word_1_80' title='bbox 346 1226 484 1281; x_wconf 74' lang='grc' dir='ltr'>λοῦν.</span> <span class='ocrx_word' id='word_1_81' title='bbox 514 1225 680 1281; x_wconf 76' lang='grc' dir='ltr'>Οὕτω</span> <span class='ocrx_word' id='word_1_82' title='bbox 714 1225 810 1279; x_wconf 73' lang='grc' dir='ltr'>καὶ</span> <span class='ocrx_word' id='word_1_83' title='bbox 845 1225 1089 1296; x_wconf 83' lang='grc' dir='ltr'>Γράμμα</span> <span class='ocrx_word' id='word_1_84' title='bbox 1120 1224 1283 1295; x_wconf 69' lang='grc' dir='ltr'>φησὶν</span> <span class='ocrx_word' id='word_1_85' title='bbox 1320 1223 1464 1292; x_wconf 83' lang='grc' dir='ltr'>ίερόν</span> <span class='ocrx_word' id='word_1_86' title='bbox 1491 1240 1502 1252; x_wconf 89' lang='grc'><strong>·</strong></span> <span class='ocrx_word' id='word_1_87' title='bbox 1551 1223 1611 1277; x_wconf 83' lang='grc' dir='ltr'><strong>Ὀ</strong></span> <span class='ocrx_word' id='word_1_88' title='bbox 1637 1222 1693 1275; x_wconf 79' lang='grc' dir='ltr'>δὲ</span> <span class='ocrx_word' id='word_1_89' title='bbox 1740 1222 1957 1276; x_wconf 86' lang='grc' dir='ltr'>κατοιό-</span> 
     </span>
    </p>
   </div>
   <div class='ocr_carea' id='block_1_14' title="bbox 345 1313 1955 1391">
    <p class='ocr_par' dir='ltr' id='par_1_14' title="bbox 345 1313 1955 1391">
     <span class='ocr_line' id='line_1_14' title="bbox 345 1313 1955 1391; baseline -0.004 -19"><span class='ocrx_word' id='word_1_90' title='bbox 345 1336 503 1391; x_wconf 80' lang='grc' dir='ltr'>μενος</span> <span class='ocrx_word' id='word_1_91' title='bbox 532 1320 629 1373; x_wconf 63' lang='grc' dir='ltr'><strong>καὶ</strong></span> <span class='ocrx_word' id='word_1_92' title='bbox 671 1316 1102 1389; x_wconf 67' lang='grc' dir='ltr'><strong>καταφρονητὴς</strong></span> <span class='ocrx_word' id='word_1_93' title='bbox 1152 1316 1294 1388; x_wconf 79' lang='grc' dir='ltr'>ἀνὴρ</span> <span class='ocrx_word' id='word_1_94' title='bbox 1338 1313 1557 1378; x_wconf 77' lang='grc' dir='ltr'>ἀλαζὼν</span> <span class='ocrx_word' id='word_1_95' title='bbox 1587 1316 1740 1368; x_wconf 64' lang='grc' dir='ltr'>οὐδὲν</span> <span class='ocrx_word' id='word_1_96' title='bbox 1774 1314 1834 1367; x_wconf 81' lang='grc' dir='ltr'>οὐ</span> <span class='ocrx_word' id='word_1_97' title='bbox 1880 1313 1955 1386; x_wconf 87' lang='grc' dir='ltr'>μὴ</span> 
     </span>
    </p>
   </div>
   <div class='ocr_carea' id='block_1_15' title="bbox 342 1405 1957 1483">
    <p class='ocr_par' dir='ltr' id='par_1_15' title="bbox 342 1405 1957 1483">
     <span class='ocr_line' id='line_1_15' title="bbox 342 1405 1957 1483; baseline -0.004 -18"><span class='ocrx_word' id='word_1_98' title='bbox 342 1412 575 1483; x_wconf 68' lang='grc' dir='ltr'>περᾶν-ῃ.</span> <span class='ocrx_word' id='word_1_99' title='bbox 613 1409 839 1481; x_wconf 79' lang='grc' dir='ltr'><strong>Ταύτην</strong></span> <span class='ocrx_word' id='word_1_100' title='bbox 874 1408 1095 1479; x_wconf 79' lang='grc' dir='ltr'>ἔχοντες</span> <span class='ocrx_word' id='word_1_101' title='bbox 1130 1407 1228 1477; x_wconf 82' lang='grc' dir='ltr'>τὴν</span> <span class='ocrx_word' id='word_1_102' title='bbox 1258 1408 1574 1479; x_wconf 73' lang='grc' dir='ltr'>ἀρρωστίαν</span> <span class='ocrx_word' id='word_1_103' title='bbox 1611 1408 1692 1470; x_wconf 85' lang='grc' dir='ltr'><strong>είς</strong></span> <span class='ocrx_word' id='word_1_104' title='bbox 1714 1405 1839 1460; x_wconf 87' lang='grc' dir='ltr'>νοῦν</span> <span class='ocrx_word' id='word_1_105' title='bbox 1861 1407 1957 1460; x_wconf 82' lang='grc' dir='ltr'>καὶ</span> 
     </span>
    </p>
   </div>
   <div class='ocr_carea' id='block_1_16' title="bbox 341 1497 1953 1578">
    <p class='ocr_par' dir='ltr' id='par_1_16' title="bbox 341 1497 1953 1578">
     <span class='ocr_line' id='line_1_16' title="bbox 341 1497 1953 1578; baseline -0.004 -21"><span class='ocrx_word' id='word_1_106' title='bbox 341 1507 576 1578; x_wconf 73' lang='grc' dir='ltr'>καρδίαν</span> <span class='ocrx_word' id='word_1_107' title='bbox 620 1505 671 1557; x_wconf 85' lang='grc' dir='ltr'>οἱ</span> <span class='ocrx_word' id='word_1_108' title='bbox 711 1501 825 1556; x_wconf 86' lang='grc' dir='ltr'><strong>τῶν</strong></span> <span class='ocrx_word' id='word_1_109' title='bbox 857 1501 1135 1556; x_wconf 81' lang='grc' dir='ltr'><strong>Ἰουδαίων</strong></span> <span class='ocrx_word' id='word_1_110' title='bbox 1168 1499 1505 1571; x_wconf 77' lang='grc' dir='ltr'>καθηγηταὶ,</span> <span class='ocrx_word' id='word_1_111' title='bbox 1539 1499 1638 1563; x_wconf 70' lang='grc' dir='ltr'><strong>τὰς</strong></span> <span class='ocrx_word' id='word_1_112' title='bbox 1672 1497 1824 1571; x_wconf 81' lang='grc' dir='ltr'><strong>παρά</strong></span> <span class='ocrx_word' id='word_1_113' title='bbox 1860 1497 1953 1552; x_wconf 81' lang='grc' dir='ltr'><strong>τοῦ</strong></span> 
     </span>
    </p>
   </div>
   <div class='ocr_carea' id='block_1_17' title="bbox 340 1588 1954 1669">
    <p class='ocr_par' dir='ltr' id='par_1_17' title="bbox 340 1588 1954 1669">
     <span class='ocr_line' id='line_1_17' title="bbox 340 1588 1954 1669; baseline -0.004 -18"><span class='ocrx_word' id='word_1_114' title='bbox 340 1596 600 1669; x_wconf 76' lang='grc' dir='ltr'><strong>Σωτῆρος</strong></span> <span class='ocrx_word' id='word_1_115' title='bbox 646 1598 753 1650; x_wconf 70' lang='grc' dir='ltr'>οὐκ</span> <span class='ocrx_word' id='word_1_116' title='bbox 791 1594 1042 1665; x_wconf 83' lang='grc' dir='ltr'>ὲδέχοντο</span> <span class='ocrx_word' id='word_1_117' title='bbox 1076 1589 1600 1665; x_wconf 61' lang='grc' dir='ltr'>συμϐουλάςΠΙσαν</span> <span class='ocrx_word' id='word_1_118' title='bbox 1630 1593 1759 1663; x_wconf 76' lang='grc' dir='ltr'>γὰρ,</span> <span class='ocrx_word' id='word_1_119' title='bbox 1790 1588 1954 1664; x_wconf 83' lang='grc' dir='ltr'>ἦσαν,</span> 
     </span>
    </p>
   </div>
   <div class='ocr_carea' id='block_1_18' title="bbox 337 1684 1956 1760">
    <p class='ocr_par' dir='ltr' id='par_1_18' title="bbox 337 1684 1956 1760">
     <span class='ocr_line' id='line_1_18' title="bbox 337 1684 1956 1760; baseline -0.004 -16"><span class='ocrx_word' id='word_1_120' title='bbox 337 1692 437 1745; x_wconf 79' lang='grc' dir='ltr'>οὐκ</span> <span class='ocrx_word' id='word_1_121' title='bbox 486 1689 734 1744; x_wconf 82' lang='grc' dir='ltr'>ἐνώπιον</span> <span class='ocrx_word' id='word_1_122' title='bbox 774 1688 985 1760; x_wconf 78' lang='grc' dir='ltr'>Κυρίου</span> <span class='ocrx_word' id='word_1_123' title='bbox 1040 1686 1264 1760; x_wconf 83' lang='grc' dir='ltr'>μᾶλλον,</span> <span class='ocrx_word' id='word_1_124' title='bbox 1317 1684 1433 1741; x_wconf 84' lang='grc' dir='ltr'>ἀλλ’</span> <span class='ocrx_word' id='word_1_125' title='bbox 1468 1685 1698 1740; x_wconf 76' lang='grc' dir='ltr'>ἐνώπιον</span> <span class='ocrx_word' id='word_1_126' title='bbox 1748 1686 1956 1740; x_wconf 77' lang='grc' dir='ltr'><strong>ἑαυτῶν</strong></span> 
     </span>
    </p>
   </div>
   <div class='ocr_carea' id='block_1_19' title="bbox 337 1778 1956 1854">
    <p class='ocr_par' dir='ltr' id='par_1_19' title="bbox 337 1778 1956 1854">
     <span class='ocr_line' id='line_1_19' title="bbox 337 1778 1956 1854; baseline -0.004 -16"><span class='ocrx_word' id='word_1_127' title='bbox 337 1783 731 1854; x_wconf 73' lang='grc' dir='ltr'>ἐπιστήμονες,</span> <span class='ocrx_word' id='word_1_128' title='bbox 775 1780 1186 1853; x_wconf 75' lang='grc' dir='ltr'>ἐξοφρυώμενοι</span> <span class='ocrx_word' id='word_1_129' title='bbox 1218 1780 1316 1852; x_wconf 86' lang='grc' dir='ltr'><strong>μὲν</strong></span> <span class='ocrx_word' id='word_1_130' title='bbox 1342 1780 1434 1833; x_wconf 56' lang='grc' dir='ltr'><strong>καὶ¹</strong></span> <span class='ocrx_word' id='word_1_131' title='bbox 1459 1779 1602 1850; x_wconf 78' lang='grc' dir='ltr'>μέγα</span> <span class='ocrx_word' id='word_1_132' title='bbox 1631 1778 1956 1850; x_wconf 79' lang='grc' dir='ltr'>φρονοῦντες</span> 
     </span>
    </p>
   </div>
   <div class='ocr_carea' id='block_1_20' title="bbox 2062 575 3651 649">
    <p class='ocr_par' dir='ltr' id='par_1_20' title="bbox 2062 575 3651 649">
     <span class='ocr_line' id='line_1_20' title="bbox 2062 575 3651 649; baseline 0.009 -23"><span class='ocrx_word' id='word_1_133' title='bbox 2062 575 2303 631; x_wconf 78' lang='lat' dir='ltr'><strong>divexari</strong></span> <span class='ocrx_word' id='word_1_134' title='bbox 2338 578 2666 634; x_wconf 66' lang='lat' dir='ltr'><strong>maluerunt.</strong></span> <span class='ocrx_word' id='word_1_135' title='bbox 2716 582 2879 649; x_wconf 85' lang='lat' dir='ltr'><strong>quue</strong></span> <span class='ocrx_word' id='word_1_136' title='bbox 2912 592 3195 649; x_wconf 72' lang='lat' dir='ltr'><strong>propterea</strong></span> <span class='ocrx_word' id='word_1_137' title='bbox 3242 581 3347 635; x_wconf 94' lang='lat' dir='ltr'><strong>illis</strong></span> <span class='ocrx_word' id='word_1_138' title='bbox 3385 585 3651 641; x_wconf 83' lang='lat' dir='ltr'><strong>accidisse</strong></span> 
     </span>
    </p>
   </div>
   <div class='ocr_carea' id='block_1_21' title="bbox 2058 669 3651 743">
    <p class='ocr_par' dir='ltr' id='par_1_21' title="bbox 2058 669 3651 743">
     <span class='ocr_line' id='line_1_21' title="bbox 2058 669 3651 743; baseline 0.006 -23"><span class='ocrx_word' id='word_1_139' title='bbox 2058 669 2158 731; x_wconf 87' lang='lat' dir='ltr'><strong>ait,</strong></span> <span class='ocrx_word' id='word_1_140' title='bbox 2190 672 2334 737; x_wconf 87' lang='lat' dir='ltr'><strong>quod</strong></span> <span class='ocrx_word' id='word_1_141' title='bbox 2378 673 2518 739; x_wconf 84' lang='lat' dir='ltr'><strong>apud</strong></span> <span class='ocrx_word' id='word_1_142' title='bbox 2559 673 2766 742; x_wconf 79' lang='lat' dir='ltr'><strong>seipsos</strong></span> <span class='ocrx_word' id='word_1_143' title='bbox 2817 673 3113 743; x_wconf 81' lang='lat' dir='ltr'><strong>sapientes,</strong></span> <span class='ocrx_word' id='word_1_144' title='bbox 3150 683 3205 727; x_wconf 88' lang='lat' dir='ltr'><strong>et</strong></span> <span class='ocrx_word' id='word_1_145' title='bbox 3240 675 3292 728; x_wconf 92' lang='lat' dir='ltr'><strong>in</strong></span> <span class='ocrx_word' id='word_1_146' title='bbox 3325 676 3499 731; x_wconf 81' lang='lat' dir='ltr'><strong>oculis</strong></span> <span class='ocrx_word' id='word_1_147' title='bbox 3540 680 3651 730; x_wconf 82' lang='lat' dir='ltr'><strong>suis</strong></span> 
     </span>
    </p>
   </div>
   <div class='ocr_carea' id='block_1_22' title="bbox 2060 762 3654 836">
    <p class='ocr_par' dir='ltr' id='par_1_22' title="bbox 2060 762 3654 836">
     <span class='ocr_line' id='line_1_22' title="bbox 2060 762 3654 836; baseline 0.008 -24"><span class='ocrx_word' id='word_1_148' title='bbox 2060 762 2355 827; x_wconf 81' lang='lat' dir='ltr'><strong>prudentes</strong></span> <span class='ocrx_word' id='word_1_149' title='bbox 2386 764 2716 817; x_wconf 75' lang='lat' dir='ltr'><strong>viderentur.</strong></span> <span class='ocrx_word' id='word_1_150' title='bbox 2744 765 2893 831; x_wconf 86' lang='lat' dir='ltr'><strong>Quod</strong></span> <span class='ocrx_word' id='word_1_151' title='bbox 2923 764 3141 834; x_wconf 80' lang='lat' dir='ltr'><strong>quidem</strong></span> <span class='ocrx_word' id='word_1_152' title='bbox 3172 781 3358 820; x_wconf 77' lang='lat' dir='ltr'><strong>verum</strong></span> <span class='ocrx_word' id='word_1_153' title='bbox 3389 779 3490 831; x_wconf 88' lang='lat' dir='ltr'><strong>est,</strong></span> <span class='ocrx_word' id='word_1_154' title='bbox 3524 773 3654 836; x_wconf 80' lang='lat' dir='ltr'><strong>quia</strong></span> 
     </span>
    </p>
   </div>
   <div class='ocr_carea' id='block_1_23' title="bbox 2054 849 3651 927">
    <p class='ocr_par' dir='ltr' id='par_1_23' title="bbox 2054 849 3651 927">
     <span class='ocr_line' id='line_1_23' title="bbox 2054 849 3651 927; baseline 0.006 -24"><span class='ocrx_word' id='word_1_155' title='bbox 2054 851 2210 920; x_wconf 88' lang='lat' dir='ltr'><strong>juxta</strong></span> <span class='ocrx_word' id='word_1_156' title='bbox 2241 849 2614 907; x_wconf 72' lang='lat' dir='ltr'><strong>Parcemiastaa</strong></span> <span class='ocrx_word' id='word_1_157' title='bbox 2643 870 2831 908; x_wconf 83' lang='lat' dir='ltr'><strong>vocem</strong></span> <span class='ocrx_word' id='word_1_158' title='bbox 2856 856 2903 886; x_wconf 73' lang='grc'><strong>³³</strong></span> <span class='ocrx_word' id='word_1_159' title='bbox 2939 874 2951 908; x_wconf 93' lang='lat'>:</span> <span class='ocrx_word' id='word_1_160' title='bbox 2995 874 3011 906; x_wconf 86' lang='grc' dir='ltr'><strong>ι</strong></span> <span class='ocrx_word' id='word_1_161' title='bbox 3045 855 3325 927; x_wconf 80' lang='lat' dir='ltr'><strong>Sapientia</strong></span> <span class='ocrx_word' id='word_1_162' title='bbox 3359 860 3651 927; x_wconf 83' lang='lat' dir='ltr'><strong>reprehen-</strong></span> 
     </span>
    </p>
   </div>
   <div class='ocr_carea' id='block_1_24' title="bbox 2058 945 3651 1016">
    <p class='ocr_par' dir='ltr' id='par_1_24' title="bbox 2058 945 3651 1016">
     <span class='ocr_line' id='line_1_24' title="bbox 2058 945 3651 1016; baseline 0.003 -17"><span class='ocrx_word' id='word_1_163' title='bbox 2058 945 2229 999; x_wconf 85' lang='lat' dir='ltr'><strong>sionis</strong></span> <span class='ocrx_word' id='word_1_164' title='bbox 2260 946 2575 1016; x_wconf 76' lang='lat' dir='ltr'><strong>impatiens,</strong></span> <span class='ocrx_word' id='word_1_165' title='bbox 2594 957 2760 1002; x_wconf 83' lang='lat' dir='ltr'><strong>errat.</strong></span> <span class='ocrx_word' id='word_1_166' title='bbox 2793 966 2813 999; x_wconf 71' lang='grc' dir='ltr'><strong>ι</strong></span> <span class='ocrx_word' id='word_1_167' title='bbox 2834 947 2903 1002; x_wconf 87' lang='grc' dir='ltr'><strong>Ει</strong></span> <span class='ocrx_word' id='word_1_168' title='bbox 2928 948 3028 1001; x_wconf 90' lang='lat' dir='ltr'><strong>sibi</strong></span> <span class='ocrx_word' id='word_1_169' title='bbox 3063 950 3342 1016; x_wconf 71' lang='lat' dir='ltr'><strong>prmtidere</strong></span> <span class='ocrx_word' id='word_1_170' title='bbox 3371 952 3568 1011; x_wconf 66' lang='lat' dir='ltr'><strong>solt-re,</strong></span> <span class='ocrx_word' id='word_1_171' title='bbox 3596 961 3651 1006; x_wconf 85' lang='lat' dir='ltr'><strong>et</strong></span> 
     </span>
    </p>
   </div>
   <div class='ocr_carea' id='block_1_25' title="bbox 2059 1035 3646 1106">
    <p class='ocr_par' dir='ltr' id='par_1_25' title="bbox 2059 1035 3646 1106">
     <span class='ocr_line' id='line_1_25' title="bbox 2059 1035 3646 1106; baseline 0.004 -20"><span class='ocrx_word' id='word_1_172' title='bbox 2059 1048 2122 1087; x_wconf 78' lang='lat' dir='ltr'><strong>ex</strong></span> <span class='ocrx_word' id='word_1_173' title='bbox 2154 1049 2254 1089; x_wconf 91' lang='lat' dir='ltr'><strong>suo</strong></span> <span class='ocrx_word' id='word_1_174' title='bbox 2295 1035 2523 1089; x_wconf 83' lang='lat' dir='ltr'><strong>arbitrio</strong></span> <span class='ocrx_word' id='word_1_175' title='bbox 2559 1036 2877 1105; x_wconf 87' lang='lat' dir='ltr'><strong>judicioqoe</strong></span> <span class='ocrx_word' id='word_1_176' title='bbox 2920 1038 3060 1100; x_wconf 87' lang='lat' dir='ltr'><strong>solo,</strong></span> <span class='ocrx_word' id='word_1_177' title='bbox 3088 1039 3218 1106; x_wconf 85' lang='lat' dir='ltr'><strong>quid</strong></span> <span class='ocrx_word' id='word_1_178' title='bbox 3264 1039 3392 1093; x_wconf 81' lang='lat' dir='ltr'><strong>utile</strong></span> <span class='ocrx_word' id='word_1_179' title='bbox 3424 1042 3646 1105; x_wconf 72' lang='lat' dir='ltr'><strong>cognitu</strong></span> 
     </span>
    </p>
   </div>
   <div class='ocr_carea' id='block_1_26' title="bbox 2057 1126 3649 1203">
    <p class='ocr_par' dir='ltr' id='par_1_26' title="bbox 2057 1126 3649 1203">
     <span class='ocr_line' id='line_1_26' title="bbox 2057 1126 3649 1203; baseline 0.006 -24"><span class='ocrx_word' id='word_1_180' title='bbox 2057 1126 2149 1188; x_wconf 89' lang='lat' dir='ltr'><strong>sit,</strong></span> <span class='ocrx_word' id='word_1_181' title='bbox 2174 1128 2465 1196; x_wconf 80' lang='lat' dir='ltr'><strong>explicare,</strong></span> <span class='ocrx_word' id='word_1_182' title='bbox 2498 1130 2548 1183; x_wconf 77' lang='lat' dir='ltr'><strong>id</strong></span> <span class='ocrx_word' id='word_1_183' title='bbox 2575 1144 2737 1198; x_wconf 76' lang='lat' dir='ltr'><strong>grave</strong></span> <span class='ocrx_word' id='word_1_184' title='bbox 2762 1139 2846 1183; x_wconf 87' lang='lat' dir='ltr'><strong>est</strong></span> <span class='ocrx_word' id='word_1_185' title='bbox 2878 1139 2930 1184; x_wconf 88' lang='lat' dir='ltr'><strong>et</strong></span> <span class='ocrx_word' id='word_1_186' title='bbox 2975 1131 3338 1198; x_wconf 83' lang='lat' dir='ltr'><strong>perniciosum</strong></span> <span class='ocrx_word' id='word_1_187' title='bbox 3364 1134 3451 1186; x_wconf 84' lang='lat' dir='ltr'><strong>his</strong></span> <span class='ocrx_word' id='word_1_188' title='bbox 3477 1134 3567 1203; x_wconf 88' lang='lat' dir='ltr'><strong>qui</strong></span> <span class='ocrx_word' id='word_1_189' title='bbox 3598 1135 3649 1188; x_wconf 83' lang='lat' dir='ltr'><strong>id</strong></span> 
     </span>
    </p>
   </div>
   <div class='ocr_carea' id='block_1_27' title="bbox 2061 1219 3649 1296">
    <p class='ocr_par' dir='ltr' id='par_1_27' title="bbox 2061 1219 3649 1296">
     <span class='ocr_line' id='line_1_27' title="bbox 2061 1219 3649 1296; baseline 0.006 -25"><span class='ocrx_word' id='word_1_190' title='bbox 2061 1219 2723 1289; x_wconf 36' lang='lat' dir='ltr'><strong>facere\consueverunt.</strong></span> <span class='ocrx_word' id='word_1_191' title='bbox 2785 1222 2878 1278; x_wconf 85' lang='lat' dir='ltr'><strong>Sic</strong></span> <span class='ocrx_word' id='word_1_192' title='bbox 2928 1223 3093 1278; x_wconf 87' lang='lat' dir='ltr'><strong>etiam</strong></span> <span class='ocrx_word' id='word_1_193' title='bbox 3149 1240 3304 1278; x_wconf 82' lang='lat' dir='ltr'><strong>saera</strong></span> <span class='ocrx_word' id='word_1_194' title='bbox 3367 1227 3649 1296; x_wconf 70' lang='lat' dir='ltr'><strong>Set-7ptnra</strong></span> 
     </span>
    </p>
   </div>
   <div class='ocr_carea' id='block_1_28' title="bbox 2059 1312 3647 1387">
    <p class='ocr_par' dir='ltr' id='par_1_28' title="bbox 2059 1312 3647 1387">
     <span class='ocr_line' id='line_1_28' title="bbox 2059 1312 3647 1387; baseline 0.004 -21"><span class='ocrx_word' id='word_1_195' title='bbox 2059 1312 2234 1382; x_wconf 87' lang='lat' dir='ltr'><strong>inquit</strong></span> <span class='ocrx_word' id='word_1_196' title='bbox 2264 1330 2277 1366; x_wconf 90' lang='lat'><strong>:</strong></span> <span class='ocrx_word' id='word_1_197' title='bbox 2308 1312 2551 1369; x_wconf 87' lang='lat' dir='ltr'><strong>lnsolens</strong></span> <span class='ocrx_word' id='word_1_198' title='bbox 2578 1323 2632 1369; x_wconf 89' lang='lat' dir='ltr'><strong>et</strong></span> <span class='ocrx_word' id='word_1_199' title='bbox 2671 1324 3013 1383; x_wconf 86' lang='lat' dir='ltr'><strong>contemptor</strong></span> <span class='ocrx_word' id='word_1_200' title='bbox 3037 1331 3101 1370; x_wconf 86' lang='lat' dir='ltr'><strong>ac</strong></span> <span class='ocrx_word' id='word_1_201' title='bbox 3135 1318 3218 1369; x_wconf 86' lang='lat' dir='ltr'><strong>vir</strong></span> <span class='ocrx_word' id='word_1_202' title='bbox 3248 1333 3506 1387; x_wconf 74' lang='lat' dir='ltr'><strong>arrogans</strong></span> <span class='ocrx_word' id='word_1_203' title='bbox 3542 1334 3647 1373; x_wconf 75' lang='lat' dir='ltr'><strong>non</strong></span> 
     </span>
    </p>
   </div>
   <div class='ocr_carea' id='block_1_29' title="bbox 2059 1405 3650 1475">
    <p class='ocr_par' dir='ltr' id='par_1_29' title="bbox 2059 1405 3650 1475">
     <span class='ocr_line' id='line_1_29' title="bbox 2059 1405 3650 1475; baseline 0.004 -16"><span class='ocrx_word' id='word_1_204' title='bbox 2059 1405 2334 1475; x_wconf 79' lang='lat' dir='ltr'><strong>proliciet.</strong></span> <span class='ocrx_word' id='word_1_205' title='bbox 2368 1407 2502 1463; x_wconf 86' lang='lat' dir='ltr'><strong>Cum</strong></span> <span class='ocrx_word' id='word_1_206' title='bbox 2543 1407 2647 1462; x_wconf 91' lang='lat' dir='ltr'><strong>hoc</strong></span> <span class='ocrx_word' id='word_1_207' title='bbox 2685 1408 2850 1462; x_wconf 91' lang='lat' dir='ltr'><strong>animi</strong></span> <span class='ocrx_word' id='word_1_208' title='bbox 2886 1409 3076 1464; x_wconf 89' lang='lat' dir='ltr'><strong>morbo</strong></span> <span class='ocrx_word' id='word_1_209' title='bbox 3105 1409 3415 1465; x_wconf 85' lang='lat' dir='ltr'><strong>laborarent</strong></span> <span class='ocrx_word' id='word_1_210' title='bbox 3437 1410 3650 1465; x_wconf 64' lang='lat' dir='ltr'><strong>Judaeu-</strong></span> 
     </span>
    </p>
   </div>
   <div class='ocr_carea' id='block_1_30' title="bbox 2059 1499 3647 1572">
    <p class='ocr_par' dir='ltr' id='par_1_30' title="bbox 2059 1499 3647 1572">
     <span class='ocr_line' id='line_1_30' title="bbox 2059 1499 3647 1572; baseline 0.004 -22"><span class='ocrx_word' id='word_1_211' title='bbox 2059 1512 2178 1552; x_wconf 89' lang='lat' dir='ltr'><strong>rum</strong></span> <span class='ocrx_word' id='word_1_212' title='bbox 2222 1500 2410 1567; x_wconf 86' lang='lat' dir='ltr'><strong>duces,</strong></span> <span class='ocrx_word' id='word_1_213' title='bbox 2446 1500 2677 1555; x_wconf 91' lang='lat' dir='ltr'><strong>consilio</strong></span> <span class='ocrx_word' id='word_1_214' title='bbox 2704 1499 3040 1557; x_wconf 68' lang='lat' dir='ltr'><strong>‘Servatoris</strong></span> <span class='ocrx_word' id='word_1_215' title='bbox 3091 1518 3200 1558; x_wconf 92' lang='lat' dir='ltr'><strong>non</strong></span> <span class='ocrx_word' id='word_1_216' title='bbox 3235 1504 3647 1572; x_wconf 74' lang='lat' dir='ltr'><strong>acquieveunt.</strong></span> 
     </span>
    </p>
   </div>
   <div class='ocr_carea' id='block_1_31' title="bbox 2056 1588 3649 1665">
    <p class='ocr_par' dir='ltr' id='par_1_31' title="bbox 2056 1588 3649 1665">
     <span class='ocr_line' id='line_1_31' title="bbox 2056 1588 3649 1665; baseline 0.005 -22"><span class='ocrx_word' id='word_1_217' title='bbox 2056 1588 2225 1645; x_wconf 84' lang='lat' dir='ltr'><strong>Erant</strong></span> <span class='ocrx_word' id='word_1_218' title='bbox 2255 1592 2425 1657; x_wconf 89' lang='lat' dir='ltr'><strong>enim,</strong></span> <span class='ocrx_word' id='word_1_219' title='bbox 2454 1602 2614 1648; x_wconf 89' lang='lat' dir='ltr'><strong>erant</strong></span> <span class='ocrx_word' id='word_1_220' title='bbox 2653 1595 2972 1662; x_wconf 85' lang='lat' dir='ltr'><strong>prudentes,</strong></span> <span class='ocrx_word' id='word_1_221' title='bbox 3019 1609 3126 1650; x_wconf 93' lang='lat' dir='ltr'><strong>non</strong></span> <span class='ocrx_word' id='word_1_222' title='bbox 3154 1597 3297 1665; x_wconf 85' lang='lat' dir='ltr'><strong>apud</strong></span> <span class='ocrx_word' id='word_1_223' title='bbox 3336 1595 3649 1663; x_wconf 85' lang='lat' dir='ltr'><strong>Dominum,</strong></span> 
     </span>
    </p>
   </div>
   <div class='ocr_carea' id='block_1_32' title="bbox 2057 1683 3647 1753">
    <p class='ocr_par' dir='ltr' id='par_1_32' title="bbox 2057 1683 3647 1753">
     <span class='ocr_line' id='line_1_32' title="bbox 2057 1683 3647 1753; baseline -0.002 -16"><span class='ocrx_word' id='word_1_224' title='bbox 2057 1683 2148 1737; x_wconf 77' lang='lat' dir='ltr'><strong>sed</strong></span> <span class='ocrx_word' id='word_1_225' title='bbox 2191 1683 2331 1752; x_wconf 90' lang='lat' dir='ltr'><strong>apud</strong></span> <span class='ocrx_word' id='word_1_226' title='bbox 2372 1698 2451 1747; x_wconf 83' lang='lat' dir='ltr'><strong>se,</strong></span> <span class='ocrx_word' id='word_1_227' title='bbox 2495 1683 2786 1753; x_wconf 85' lang='lat' dir='ltr'><strong>supercilia</strong></span> <span class='ocrx_word' id='word_1_228' title='bbox 2822 1686 3091 1750; x_wconf 87' lang='lat' dir='ltr'><strong>tollentes,</strong></span> <span class='ocrx_word' id='word_1_229' title='bbox 3139 1695 3195 1739; x_wconf 91' lang='lat' dir='ltr'><strong>et</strong></span> <span class='ocrx_word' id='word_1_230' title='bbox 3226 1683 3333 1737; x_wconf 88' lang='lat' dir='ltr'><strong>alte</strong></span> <span class='ocrx_word' id='word_1_231' title='bbox 3372 1685 3647 1752; x_wconf 83' lang='lat' dir='ltr'><strong>sapientes</strong></span> 
     </span>
    </p>
   </div>
   <div class='ocr_carea' id='block_1_33' title="bbox 2059 1774 3652 1846">
    <p class='ocr_par' dir='ltr' id='par_1_33' title="bbox 2059 1774 3652 1846">
     <span class='ocr_line' id='line_1_33' title="bbox 2059 1774 3652 1846; baseline -0.003 -19"><span class='ocrx_word' id='word_1_232' title='bbox 2059 1784 2280 1843; x_wconf 79' lang='lat' dir='ltr'><strong>propter</strong></span> <span class='ocrx_word' id='word_1_233' title='bbox 2320 1774 2627 1828; x_wconf 89' lang='lat' dir='ltr'><strong>divinarum</strong></span> <span class='ocrx_word' id='word_1_234' title='bbox 2677 1775 2854 1846; x_wconf 79' lang='lat' dir='ltr'><strong>legum</strong></span> <span class='ocrx_word' id='word_1_235' title='bbox 2903 1776 3213 1841; x_wconf 83' lang='lat' dir='ltr'><strong>scientiam,</strong></span> <span class='ocrx_word' id='word_1_236' title='bbox 3256 1789 3379 1829; x_wconf 89' lang='lat' dir='ltr'><strong>cmn</strong></span> <span class='ocrx_word' id='word_1_237' title='bbox 3423 1774 3652 1828; x_wconf 80' lang='lat' dir='ltr'><strong>omnino</strong></span> 
     </span>
    </p>
   </div>
   <div class='ocr_carea' id='block_1_34' title="bbox 334 1855 1952 1949">
    <p class='ocr_par' dir='ltr' id='par_1_34' title="bbox 334 1874 1952 1949">
     <span class='ocr_line' id='line_1_34' title="bbox 334 1874 1952 1949; baseline -0.002 -17"><span class='ocrx_word' id='word_1_238' title='bbox 334 1880 427 1933; x_wconf 70' lang='grc' dir='ltr'><strong>ἐπὶ</strong></span> <span class='ocrx_word' id='word_1_239' title='bbox 477 1880 550 1949; x_wconf 79' lang='grc' dir='ltr'>τῇ</span> <span class='ocrx_word' id='word_1_240' title='bbox 599 1876 715 1929; x_wconf 88' lang='grc' dir='ltr'><strong>τῶν</strong></span> <span class='ocrx_word' id='word_1_241' title='bbox 764 1875 928 1930; x_wconf 84' lang='grc' dir='ltr'>θείων</span> <span class='ocrx_word' id='word_1_242' title='bbox 972 1876 1178 1947; x_wconf 77' lang='grc' dir='ltr'>είδήσει</span> <span class='ocrx_word' id='word_1_243' title='bbox 1220 1877 1421 1946; x_wconf 80' lang='grc' dir='ltr'>νόμων,</span> <span class='ocrx_word' id='word_1_244' title='bbox 1465 1874 1765 1943; x_wconf 78' lang='grc' dir='ltr'><strong>ἐγνωκότες</strong></span> <span class='ocrx_word' id='word_1_245' title='bbox 1798 1874 1855 1927; x_wconf 83' lang='grc' dir='ltr'>δὲ</span> <span class='ocrx_word' id='word_1_246' title='bbox 1896 1874 1952 1928; x_wconf 85' lang='grc' dir='ltr'>τὸ</span> 
     </span>
    </p>
   </div>
   <div class='ocr_carea' id='block_1_35' title="bbox 2056 1855 3649 1949">
    <p class='ocr_par' dir='ltr' id='par_1_35' title="bbox 2061 1863 3649 1937">
     <span class='ocr_line' id='line_1_35' title="bbox 2061 1863 3649 1937; baseline 0.002 -18"><span class='ocrx_word' id='word_1_247' title='bbox 2061 1866 2191 1920; x_wconf 89' lang='lat' dir='ltr'><strong>nihil</strong></span> <span class='ocrx_word' id='word_1_248' title='bbox 2240 1866 2522 1921; x_wconf 85' lang='lat' dir='ltr'><strong>sciverint.</strong></span> <span class='ocrx_word' id='word_1_249' title='bbox 2573 1866 2711 1922; x_wconf 82' lang='lat' dir='ltr'><strong>Cteci</strong></span> <span class='ocrx_word' id='word_1_250' title='bbox 2748 1868 2891 1923; x_wconf 82' lang='lat' dir='ltr'><strong>enim</strong></span> <span class='ocrx_word' id='word_1_251' title='bbox 2936 1877 3112 1927; x_wconf 84' lang='lat' dir='ltr'><strong>erant,</strong></span> <span class='ocrx_word' id='word_1_252' title='bbox 3147 1867 3300 1937; x_wconf 79' lang='lat' dir='ltr'><strong>juxta</strong></span> <span class='ocrx_word' id='word_1_253' title='bbox 3339 1863 3649 1923; x_wconf 78' lang='lat' dir='ltr'><strong>Servatoris</strong></span> 
     </span>
    </p>
   </div>
   <div class='ocr_carea' id='block_1_36' title="bbox 333 1960 1955 2038">
    <p class='ocr_par' dir='ltr' id='par_1_36' title="bbox 333 1960 1955 2038">
     <span class='ocr_line' id='line_1_36' title="bbox 333 1960 1955 2038; baseline -0.002 -18"><span class='ocrx_word' id='word_1_254' title='bbox 333 1967 569 2038; x_wconf 76' lang='grc' dir='ltr'>σύμπαν</span> <span class='ocrx_word' id='word_1_255' title='bbox 598 1965 779 2019; x_wconf 80' lang='grc' dir='ltr'>οὐδέν.</span> <span class='ocrx_word' id='word_1_256' title='bbox 809 1964 1014 2035; x_wconf 60' lang='grc' dir='ltr'><strong>Τυφλολ¹</strong></span> <span class='ocrx_word' id='word_1_257' title='bbox 1042 1965 1147 2037; x_wconf 80' lang='grc' dir='ltr'><strong>γὰρ</strong></span> <span class='ocrx_word' id='word_1_258' title='bbox 1170 1960 1311 2035; x_wconf 77' lang='grc' dir='ltr'>ἦσαν</span> <span class='ocrx_word' id='word_1_259' title='bbox 1339 1964 1555 2036; x_wconf 74' lang='grc' dir='ltr'>τυφλῶν</span> <span class='ocrx_word' id='word_1_260' title='bbox 1583 1964 1787 2035; x_wconf 70' lang='grc' dir='ltr'>ὁδηγοὶ,</span> <span class='ocrx_word' id='word_1_261' title='bbox 1815 1963 1955 2018; x_wconf 81' lang='grc' dir='ltr'>κατὰ</span> 
     </span>
    </p>
   </div>
   <div class='ocr_carea' id='block_1_37' title="bbox 328 2057 1293 2131">
    <p class='ocr_par' dir='ltr' id='par_1_37' title="bbox 328 2057 1293 2131">
     <span class='ocr_line' id='line_1_37' title="bbox 328 2057 1293 2131; baseline -0.001 -19"><span class='ocrx_word' id='word_1_262' title='bbox 328 2060 433 2131; x_wconf 77' lang='grc' dir='ltr'>τὴν</span> <span class='ocrx_word' id='word_1_263' title='bbox 460 2057 639 2114; x_wconf 79' lang='grc' dir='ltr'>αὑτοῦ</span> <span class='ocrx_word' id='word_1_264' title='bbox 666 2057 763 2112; x_wconf 87' lang='grc' dir='ltr'><strong>τοῦ</strong></span> <span class='ocrx_word' id='word_1_265' title='bbox 793 2059 1055 2129; x_wconf 80' lang='grc' dir='ltr'><strong>Σωτῆρος</strong></span> <span class='ocrx_word' id='word_1_266' title='bbox 1088 2059 1293 2129; x_wconf 68' lang='grc' dir='ltr'>φωνήν.</span> 
     </span>
    </p>
   </div>
   <div class='ocr_carea' id='block_1_38' title="bbox 403 2148 1951 2223">
    <p class='ocr_par' dir='ltr' id='par_1_38' title="bbox 403 2148 1951 2223">
     <span class='ocr_line' id='line_1_38' title="bbox 403 2148 1951 2223; baseline -0.004 -13"><span class='ocrx_word' id='word_1_267' title='bbox 403 2156 561 2210; x_wconf 77' lang='grc' dir='ltr'>οὐαί</span> <span class='ocrx_word' id='word_1_268' title='bbox 591 2157 648 2209; x_wconf 84' lang='grc' dir='ltr'>οἱ</span> <span class='ocrx_word' id='word_1_269' title='bbox 686 2155 1011 2223; x_wconf 77' lang='grc' dir='ltr'><strong>ἰσχύοντες</strong></span> <span class='ocrx_word' id='word_1_270' title='bbox 1039 2151 1227 2223; x_wconf 77' lang='grc' dir='ltr'>ὑμῶν,</span> <span class='ocrx_word' id='word_1_271' title='bbox 1253 2155 1307 2207; x_wconf 82' lang='grc' dir='ltr'>οι</span> <span class='ocrx_word' id='word_1_272' title='bbox 1336 2153 1444 2207; x_wconf 78' lang='grc' dir='ltr'><strong>τὸν</strong></span> <span class='ocrx_word' id='word_1_273' title='bbox 1463 2148 1631 2206; x_wconf 75' lang='grc' dir='ltr'>οἶνον</span> <span class='ocrx_word' id='word_1_274' title='bbox 1649 2152 1951 2215; x_wconf 76' lang='grc' dir='ltr'>πίνοντες,</span> 
     </span>
    </p>
   </div>
   <div class='ocr_carea' id='block_1_39' title="bbox 326 2244 1955 2314">
    <p class='ocr_par' dir='ltr' id='par_1_39' title="bbox 326 2244 1955 2314">
     <span class='ocr_line' id='line_1_39' title="bbox 326 2244 1955 2314; baseline -0.005 -9"><span class='ocrx_word' id='word_1_275' title='bbox 326 2248 431 2306; x_wconf 68' lang='grc' dir='ltr'>καὶ</span> <span class='ocrx_word' id='word_1_276' title='bbox 470 2251 529 2304; x_wconf 87' lang='grc' dir='ltr'>οἱ</span> <span class='ocrx_word' id='word_1_277' title='bbox 568 2247 875 2302; x_wconf 62' lang='lat' dir='ltr'><strong>Juv-adtul</strong></span> <span class='ocrx_word' id='word_1_278' title='bbox 918 2249 972 2300; x_wconf 83' lang='lat' dir='ltr'><strong>ol</strong></span> <span class='ocrx_word' id='word_1_279' title='bbox 1014 2246 1419 2314; x_wconf 74' lang='grc' dir='ltr'><strong>κεραννύντες</strong></span> <span class='ocrx_word' id='word_1_280' title='bbox 1471 2244 1538 2298; x_wconf 84' lang='grc' dir='ltr'>τὸ</span> <span class='ocrx_word' id='word_1_281' title='bbox 1590 2245 1806 2311; x_wconf 84' lang='grc' dir='ltr'><strong>σίκερα</strong></span> <span class='ocrx_word' id='word_1_282' title='bbox 1830 2261 1843 2275; x_wconf 72' lang='grc' dir='ltr'><strong>ι</strong></span> <span class='ocrx_word' id='word_1_283' title='bbox 1897 2245 1955 2297; x_wconf 72' lang='lat' dir='ltr'><strong>oi</strong></span> 
     </span>
    </p>
   </div>
   <div class='ocr_carea' id='block_1_40' title="bbox 326 2332 1953 2405">
    <p class='ocr_par' dir='ltr' id='par_1_40' title="bbox 326 2332 1953 2405">
     <span class='ocr_line' id='line_1_40' title="bbox 326 2332 1953 2405; baseline -0.005 -10"><span class='ocrx_word' id='word_1_284' title='bbox 326 2339 730 2405; x_wconf 73' lang='grc' dir='ltr'><strong>δικαιοῦντες</strong></span> <span class='ocrx_word' id='word_1_285' title='bbox 771 2338 882 2392; x_wconf 80' lang='grc' dir='ltr'><strong>τὸν</strong></span> <span class='ocrx_word' id='word_1_286' title='bbox 927 2335 1122 2405; x_wconf 77' lang='grc' dir='ltr'>ἀσεϐῆ</span> <span class='ocrx_word' id='word_1_287' title='bbox 1149 2336 1331 2390; x_wconf 76' lang='grc' dir='ltr'>ἕνεκα</span> <span class='ocrx_word' id='word_1_288' title='bbox 1365 2335 1587 2404; x_wconf 84' lang='grc' dir='ltr'>δώρων,</span> <span class='ocrx_word' id='word_1_289' title='bbox 1630 2334 1727 2388; x_wconf 82' lang='grc' dir='ltr'><strong>καί</strong></span> <span class='ocrx_word' id='word_1_290' title='bbox 1762 2334 1829 2388; x_wconf 87' lang='grc' dir='ltr'>τὸ</span> <span class='ocrx_word' id='word_1_291' title='bbox 1861 2332 1953 2387; x_wconf 86' lang='grc' dir='ltr'>δί-</span> 
     </span>
    </p>
   </div>
   <div class='ocr_carea' id='block_1_41' title="bbox 326 2426 1469 2500">
    <p class='ocr_par' dir='ltr' id='par_1_41' title="bbox 326 2426 1469 2500">
     <span class='ocr_line' id='line_1_41' title="bbox 326 2426 1469 2500; baseline -0.007 -11"><span class='ocrx_word' id='word_1_292' title='bbox 326 2451 513 2489; x_wconf 75' lang='grc' dir='ltr'>καιον</span> <span class='ocrx_word' id='word_1_293' title='bbox 537 2431 648 2487; x_wconf 86' lang='grc' dir='ltr'><strong>τοῦ</strong></span> <span class='ocrx_word' id='word_1_294' title='bbox 678 2430 920 2485; x_wconf 79' lang='grc' dir='ltr'>δικαίου</span> <span class='ocrx_word' id='word_1_295' title='bbox 949 2430 1248 2500; x_wconf 78' lang='grc' dir='ltr'>αἴροντες.</span> <span class='ocrx_word' id='word_1_296' title='bbox 1450 2426 1469 2433; x_wconf 64' lang='grc'><em>“</em></span> 
     </span>
    </p>
   </div>
   <div class='ocr_carea' id='block_1_42' title="bbox 401 2519 1953 2597">
    <p class='ocr_par' dir='ltr' id='par_1_42' title="bbox 401 2519 1953 2597">
     <span class='ocr_line' id='line_1_42' title="bbox 401 2519 1953 2597; baseline -0.005 -17"><span class='ocrx_word' id='word_1_297' title='bbox 401 2526 472 2581; x_wconf 79' lang='grc' dir='ltr'><strong>υἱ</strong></span> <span class='ocrx_word' id='word_1_298' title='bbox 503 2529 613 2597; x_wconf 77' lang='grc' dir='ltr'>τῆς</span> <span class='ocrx_word' id='word_1_299' title='bbox 660 2524 935 2578; x_wconf 79' lang='grc' dir='ltr'>Ἰουδαίων</span> <span class='ocrx_word' id='word_1_300' title='bbox 973 2522 1302 2594; x_wconf 73' lang='grc' dir='ltr'>συναγωγῆς</span> <span class='ocrx_word' id='word_1_301' title='bbox 1336 2520 1618 2593; x_wconf 85' lang='grc' dir='ltr'>ἁδρότεροί</span> <span class='ocrx_word' id='word_1_302' title='bbox 1644 2538 1707 2574; x_wconf 87' lang='grc' dir='ltr'><strong>τε</strong></span> <span class='ocrx_word' id='word_1_303' title='bbox 1740 2520 1833 2574; x_wconf 75' lang='grc' dir='ltr'>καὶ</span> <span class='ocrx_word' id='word_1_304' title='bbox 1860 2519 1953 2573; x_wconf 82' lang='grc' dir='ltr'><strong>εὑ-</strong></span> 
     </span>
    </p>
   </div>
   <div class='ocr_carea' id='block_1_43' title="bbox 327 2611 1953 2688">
    <p class='ocr_par' dir='ltr' id='par_1_43' title="bbox 327 2611 1953 2688">
     <span class='ocr_line' id='line_1_43' title="bbox 327 2611 1953 2688; baseline -0.006 -16"><span class='ocrx_word' id='word_1_305' title='bbox 327 2615 689 2688; x_wconf 70' lang='grc' dir='ltr'>κὶεέστεροι,</span> <span class='ocrx_word' id='word_1_306' title='bbox 712 2613 810 2668; x_wconf 75' lang='grc' dir='ltr'>καὶ</span> <span class='ocrx_word' id='word_1_307' title='bbox 830 2614 891 2668; x_wconf 83' lang='grc' dir='ltr'>τὸ</span> <span class='ocrx_word' id='word_1_308' title='bbox 920 2612 1182 2685; x_wconf 74' lang='grc' dir='ltr'>προῦχειν</span> <span class='ocrx_word' id='word_1_309' title='bbox 1206 2612 1315 2665; x_wconf 88' lang='grc' dir='ltr'><strong>τῶν</strong></span> <span class='ocrx_word' id='word_1_310' title='bbox 1341 2611 1517 2666; x_wconf 81' lang='grc' dir='ltr'>ἄλλων</span> <span class='ocrx_word' id='word_1_311' title='bbox 1543 2613 1600 2665; x_wconf 81' lang='grc' dir='ltr'>ἐν</span> <span class='ocrx_word' id='word_1_312' title='bbox 1619 2611 1822 2684; x_wconf 72' lang='grc' dir='ltr'>εἰδήσει</span> <span class='ocrx_word' id='word_1_313' title='bbox 1844 2611 1953 2663; x_wconf 87' lang='grc' dir='ltr'><strong>τῶν</strong></span> 
     </span>
    </p>
   </div>
   <div class='ocr_carea' id='block_1_44' title="bbox 327 2700 1954 2778">
    <p class='ocr_par' dir='ltr' id='par_1_44' title="bbox 327 2700 1954 2778">
     <span class='ocr_line' id='line_1_44' title="bbox 327 2700 1954 2778; baseline -0.006 -17"><span class='ocrx_word' id='word_1_314' title='bbox 327 2709 501 2762; x_wconf 77' lang='grc' dir='ltr'>Θείων</span> <span class='ocrx_word' id='word_1_315' title='bbox 535 2708 768 2778; x_wconf 80' lang='grc' dir='ltr'>ἔχοντες</span> <span class='ocrx_word' id='word_1_316' title='bbox 806 2704 1013 2775; x_wconf 87' lang='grc' dir='ltr'>νόμων,</span> <span class='ocrx_word' id='word_1_317' title='bbox 1052 2706 1148 2758; x_wconf 75' lang='grc' dir='ltr'><strong>καὶ</strong></span> <span class='ocrx_word' id='word_1_318' title='bbox 1182 2704 1280 2768; x_wconf 75' lang='grc' dir='ltr'><strong>τὰς</strong></span> <span class='ocrx_word' id='word_1_319' title='bbox 1311 2701 1443 2774; x_wconf 80' lang='grc' dir='ltr'>παρ’</span> <span class='ocrx_word' id='word_1_320' title='bbox 1476 2702 1664 2765; x_wconf 80' lang='grc' dir='ltr'>αὐτοῖς</span> <span class='ocrx_word' id='word_1_321' title='bbox 1694 2700 1954 2771; x_wconf 81' lang='grc' dir='ltr'>ποιούμε-</span> 
     </span>
    </p>
   </div>
   <div class='ocr_carea' id='block_1_45' title="bbox 326 2793 1955 2873">
    <p class='ocr_par' dir='ltr' id='par_1_45' title="bbox 326 2793 1955 2873">
     <span class='ocr_line' id='line_1_45' title="bbox 326 2793 1955 2873; baseline -0.007 -18"><span class='ocrx_word' id='word_1_322' title='bbox 326 2818 412 2857; x_wconf 79' lang='grc' dir='ltr'><strong>νοι</strong></span> <span class='ocrx_word' id='word_1_323' title='bbox 442 2796 1061 2873; x_wconf 77' lang='grc' dir='ltr'>κρίσεις,διε6ἐ6ληντο</span> <span class='ocrx_word' id='word_1_324' title='bbox 1090 2795 1233 2861; x_wconf 83' lang='grc' dir='ltr'>λίαν,</span> <span class='ocrx_word' id='word_1_325' title='bbox 1264 2794 1341 2858; x_wconf 83' lang='grc' dir='ltr'>ὼς</span> <span class='ocrx_word' id='word_1_326' title='bbox 1369 2794 1645 2865; x_wconf 82' lang='grc' dir='ltr'>ἄπληστον</span> <span class='ocrx_word' id='word_1_327' title='bbox 1675 2794 1755 2856; x_wconf 74' lang='grc' dir='ltr'>εἰς</span> <span class='ocrx_word' id='word_1_328' title='bbox 1787 2793 1955 2863; x_wconf 83' lang='grc' dir='ltr'>δωρο-</span> 
     </span>
    </p>
   </div>
   <div class='ocr_carea' id='block_1_46' title="bbox 323 2881 1954 2958">
    <p class='ocr_par' dir='ltr' id='par_1_46' title="bbox 323 2881 1954 2958">
     <span class='ocr_line' id='line_1_46' title="bbox 323 2881 1954 2958; baseline -0.006 -15"><span class='ocrx_word' id='word_1_329' title='bbox 323 2892 521 2945; x_wconf 81' lang='grc' dir='ltr'>δοκίαν</span> <span class='ocrx_word' id='word_1_330' title='bbox 545 2888 893 2950; x_wconf 77' lang='grc' dir='ltr'>ἐκτείνοντες</span> <span class='ocrx_word' id='word_1_331' title='bbox 924 2889 1087 2958; x_wconf 85' lang='grc' dir='ltr'>χεῖρα</span> <span class='ocrx_word' id='word_1_332' title='bbox 1108 2924 1123 2948; x_wconf 90' lang='grc'><strong>,</strong></span> <span class='ocrx_word' id='word_1_333' title='bbox 1157 2886 1251 2939; x_wconf 80' lang='grc' dir='ltr'>καὶ</span> <span class='ocrx_word' id='word_1_334' title='bbox 1280 2885 1394 2947; x_wconf 82' lang='grc' dir='ltr'>τοῖς</span> <span class='ocrx_word' id='word_1_335' title='bbox 1425 2883 1630 2937; x_wconf 81' lang='grc' dir='ltr'>ἀδικεῖν</span> <span class='ocrx_word' id='word_1_336' title='bbox 1678 2881 1954 2936; x_wconf 77' lang='grc' dir='ltr'>ἐθέλουσιν</span> 
     </span>
    </p>
   </div>
   <div class='ocr_carea' id='block_1_47' title="bbox 325 2972 1955 3053">
    <p class='ocr_par' dir='ltr' id='par_1_47' title="bbox 325 2972 1955 3053">
     <span class='ocr_line' id='line_1_47' title="bbox 325 2972 1955 3053; baseline -0.007 -15"><span class='ocrx_word' id='word_1_337' title='bbox 325 2984 610 3053; x_wconf 71' lang='grc' dir='ltr'>ἀδελφοὺς</span> <span class='ocrx_word' id='word_1_338' title='bbox 650 2979 755 3052; x_wconf 81' lang='grc' dir='ltr'>τὴν</span> <span class='ocrx_word' id='word_1_339' title='bbox 791 2980 921 3051; x_wconf 79' lang='grc' dir='ltr'>παρ’</span> <span class='ocrx_word' id='word_1_340' title='bbox 964 2976 1174 3031; x_wconf 79' lang='grc' dir='ltr'>ἑαυτῶν</span> <span class='ocrx_word' id='word_1_341' title='bbox 1207 2976 1445 3040; x_wconf 76' lang='grc' dir='ltr'>εὐκόλως</span> <span class='ocrx_word' id='word_1_342' title='bbox 1500 2972 1955 3039; x_wconf 84' lang='grc' dir='ltr'>καταπωλοῦντες</span> 
     </span>
    </p>
   </div>
   <div class='ocr_carea' id='block_1_48' title="bbox 324 3065 1956 3149">
    <p class='ocr_par' dir='ltr' id='par_1_48' title="bbox 324 3065 1956 3149">
     <span class='ocr_line' id='line_1_48' title="bbox 324 3065 1956 3149; baseline -0.006 -20"><span class='ocrx_word' id='word_1_343' title='bbox 324 3078 518 3149; x_wconf 61' lang='grc' dir='ltr'>ψῆφον</span> <span class='ocrx_word' id='word_1_344' title='bbox 542 3092 559 3107; x_wconf 86' lang='grc'><strong>·</strong></span> <span class='ocrx_word' id='word_1_345' title='bbox 587 3074 772 3129; x_wconf 76' lang='grc' dir='ltr'>καίτοι</span> <span class='ocrx_word' id='word_1_346' title='bbox 800 3071 894 3126; x_wconf 87' lang='grc' dir='ltr'><strong>τοῦ</strong></span> <span class='ocrx_word' id='word_1_347' title='bbox 929 3072 1096 3142; x_wconf 87' lang='grc' dir='ltr'>νόμου</span> <span class='ocrx_word' id='word_1_348' title='bbox 1132 3070 1382 3139; x_wconf 85' lang='grc' dir='ltr'>λέγοντος</span> <span class='ocrx_word' id='word_1_349' title='bbox 1402 3067 1647 3140; x_wconf 75' lang='grc' dir='ltr'>ἐναργῶς</span> <span class='ocrx_word' id='word_1_350' title='bbox 1666 3085 1679 3098; x_wconf 90' lang='grc'><strong>·</strong></span> <span class='ocrx_word' id='word_1_351' title='bbox 1724 3086 1741 3119; x_wconf 77' lang='grc' dir='ltr'><strong>ι</strong></span> <span class='ocrx_word' id='word_1_352' title='bbox 1762 3065 1956 3139; x_wconf 80' lang='grc' dir='ltr'>Κρίμα</span> 
     </span>
    </p>
   </div>
   <div class='ocr_carea' id='block_1_49' title="bbox 325 3158 1954 3235">
    <p class='ocr_par' dir='ltr' id='par_1_49' title="bbox 325 3158 1954 3235">
     <span class='ocr_line' id='line_1_49' title="bbox 325 3158 1954 3235; baseline -0.007 -14"><span class='ocrx_word' id='word_1_353' title='bbox 325 3167 549 3221; x_wconf 83' lang='grc' dir='ltr'>δίκαιον</span> <span class='ocrx_word' id='word_1_354' title='bbox 596 3163 850 3235; x_wconf 80' lang='grc' dir='ltr'>κρίνατε.</span> <span class='ocrx_word' id='word_1_355' title='bbox 884 3180 905 3214; x_wconf 78' lang='grc' dir='ltr'><strong>ι</strong></span> <span class='ocrx_word' id='word_1_356' title='bbox 937 3162 1062 3214; x_wconf 80' lang='grc' dir='ltr'>Ὀτι</span> <span class='ocrx_word' id='word_1_357' title='bbox 1085 3160 1142 3214; x_wconf 85' lang='grc' dir='ltr'>δέ</span> <span class='ocrx_word' id='word_1_358' title='bbox 1169 3160 1321 3213; x_wconf 74' lang='grc' dir='ltr'>ἐστιν</span> <span class='ocrx_word' id='word_1_359' title='bbox 1353 3158 1552 3230; x_wconf 74' lang='grc' dir='ltr'>ἀληθὲς</span> <span class='ocrx_word' id='word_1_360' title='bbox 1595 3159 1625 3213; x_wconf 86' lang='grc' dir='ltr'><strong>ὃ</strong></span> <span class='ocrx_word' id='word_1_361' title='bbox 1668 3174 1833 3230; x_wconf 84' lang='grc' dir='ltr'>φημι,</span> <span class='ocrx_word' id='word_1_362' title='bbox 1864 3174 1954 3210; x_wconf 88' lang='grc' dir='ltr'>πι-</span> 
     </span>
    </p>
   </div>
   <div class='ocr_carea' id='block_1_50' title="bbox 327 3251 1951 3326">
    <p class='ocr_par' dir='ltr' id='par_1_50' title="bbox 327 3251 1951 3326">
     <span class='ocr_line' id='line_1_50' title="bbox 327 3251 1951 3326; baseline -0.007 -12"><span class='ocrx_word' id='word_1_363' title='bbox 327 3260 614 3314; x_wconf 81' lang='grc' dir='ltr'>στώσεται</span> <span class='ocrx_word' id='word_1_364' title='bbox 665 3257 847 3326; x_wconf 82' lang='grc' dir='ltr'>λέγων</span> <span class='ocrx_word' id='word_1_365' title='bbox 896 3256 926 3309; x_wconf 84' lang='grc' dir='ltr'>ὁ</span> <span class='ocrx_word' id='word_1_366' title='bbox 976 3254 1264 3326; x_wconf 78' lang='grc' dir='ltr'>προφήτης</span> <span class='ocrx_word' id='word_1_367' title='bbox 1315 3251 1677 3324; x_wconf 78' lang='grc' dir='ltr'>Ἀμὸακούμο</span> <span class='ocrx_word' id='word_1_368' title='bbox 1733 3270 1752 3302; x_wconf 77' lang='grc' dir='ltr'><strong>ι</strong></span> <span class='ocrx_word' id='word_1_369' title='bbox 1804 3251 1951 3315; x_wconf 84' lang='grc' dir='ltr'>Ἕως</span> 
     </span>
    </p>
   </div>
   <div class='ocr_carea' id='block_1_51' title="bbox 324 3343 1953 3422">
    <p class='ocr_par' dir='ltr' id='par_1_51' title="bbox 324 3343 1953 3422">
     <span class='ocr_line' id='line_1_51' title="bbox 324 3343 1953 3422; baseline -0.007 -14"><span class='ocrx_word' id='word_1_370' title='bbox 324 3353 500 3418; x_wconf 85' lang='grc' dir='ltr'>τινος,</span> <span class='ocrx_word' id='word_1_371' title='bbox 542 3349 752 3422; x_wconf 82' lang='grc' dir='ltr'>Κύριε,</span> <span class='ocrx_word' id='word_1_372' title='bbox 786 3344 1151 3419; x_wconf 81' lang='grc' dir='ltr'>κεκράξομαι,</span> <span class='ocrx_word' id='word_1_373' title='bbox 1187 3347 1280 3400; x_wconf 72' lang='grc' dir='ltr'>καὶ</span> <span class='ocrx_word' id='word_1_374' title='bbox 1313 3346 1413 3399; x_wconf 76' lang='grc' dir='ltr'>οὐκ</span> <span class='ocrx_word' id='word_1_375' title='bbox 1444 3343 1778 3418; x_wconf 83' lang='grc' dir='ltr'>εἰσακούσῃ;</span> <span class='ocrx_word' id='word_1_376' title='bbox 1824 3343 1953 3416; x_wconf 85' lang='grc' dir='ltr'><strong>βοή-</strong></span> 
     </span>
    </p>
   </div>
   <div class='ocr_carea' id='block_1_52' title="bbox 325 3436 1951 3519">
    <p class='ocr_par' dir='ltr' id='par_1_52' title="bbox 325 3436 1951 3519">
     <span class='ocr_line' id='line_1_52' title="bbox 325 3436 1951 3519; baseline -0.007 -17"><span class='ocrx_word' id='word_1_377' title='bbox 325 3464 502 3519; x_wconf 77' lang='grc' dir='ltr'>σομαι</span> <span class='ocrx_word' id='word_1_378' title='bbox 551 3444 698 3517; x_wconf 85' lang='grc' dir='ltr'>πρὸς</span> <span class='ocrx_word' id='word_1_379' title='bbox 737 3442 799 3497; x_wconf 81' lang='grc' dir='ltr'>σὲ</span> <span class='ocrx_word' id='word_1_380' title='bbox 832 3442 1215 3512; x_wconf 81' lang='grc' dir='ltr'>ἀδικούμενος,</span> <span class='ocrx_word' id='word_1_381' title='bbox 1255 3441 1353 3493; x_wconf 77' lang='grc' dir='ltr'>καὶ</span> <span class='ocrx_word' id='word_1_382' title='bbox 1382 3439 1444 3493; x_wconf 85' lang='grc' dir='ltr'>οὐ</span> <span class='ocrx_word' id='word_1_383' title='bbox 1476 3436 1711 3506; x_wconf 85' lang='grc' dir='ltr'>σώσεις;</span> <span class='ocrx_word' id='word_1_384' title='bbox 1750 3438 1870 3491; x_wconf 84' lang='grc' dir='ltr'>Ἵνα</span> <span class='ocrx_word' id='word_1_385' title='bbox 1897 3437 1951 3491; x_wconf 87' lang='grc' dir='ltr'><strong>τί</strong></span> 
     </span>
    </p>
   </div>
   <div class='ocr_carea' id='block_1_53' title="bbox 324 3531 1953 3611">
    <p class='ocr_par' dir='ltr' id='par_1_53' title="bbox 324 3531 1953 3611">
     <span class='ocr_line' id='line_1_53' title="bbox 324 3531 1953 3611; baseline -0.008 -15"><span class='ocrx_word' id='word_1_386' title='bbox 324 3540 547 3606; x_wconf 57' lang='lat' dir='ltr'><strong>saetae;</strong></span> <span class='ocrx_word' id='word_1_387' title='bbox 588 3555 685 3611; x_wconf 84' lang='grc' dir='ltr'><strong>μοι</strong></span> <span class='ocrx_word' id='word_1_388' title='bbox 722 3536 929 3601; x_wconf 85' lang='grc' dir='ltr'>κόπους</span> <span class='ocrx_word' id='word_1_389' title='bbox 957 3535 1053 3589; x_wconf 80' lang='grc' dir='ltr'>καὶ</span> <span class='ocrx_word' id='word_1_390' title='bbox 1082 3534 1300 3599; x_wconf 85' lang='grc' dir='ltr'>πόνους,</span> <span class='ocrx_word' id='word_1_391' title='bbox 1326 3532 1643 3586; x_wconf 75' lang='grc' dir='ltr'>ἐπιϐλέπειν</span> <span class='ocrx_word' id='word_1_392' title='bbox 1675 3531 1953 3585; x_wconf 87' lang='grc' dir='ltr'>ταλαιπω-</span> 
     </span>
    </p>
   </div>
   <div class='ocr_carea' id='block_1_54' title="bbox 330 3623 1948 3706">
    <p class='ocr_par' dir='ltr' id='par_1_54' title="bbox 330 3623 1948 3706">
     <span class='ocr_line' id='line_1_54' title="bbox 330 3623 1948 3706; baseline -0.007 -19"><span class='ocrx_word' id='word_1_393' title='bbox 330 3634 460 3706; x_wconf 82' lang='grc' dir='ltr'>ρίαν</span> <span class='ocrx_word' id='word_1_394' title='bbox 490 3632 592 3687; x_wconf 81' lang='grc' dir='ltr'>καὶ</span> <span class='ocrx_word' id='word_1_395' title='bbox 621 3629 922 3693; x_wconf 78' lang='grc' dir='ltr'>ἀσέϐειαν;</span> <span class='ocrx_word' id='word_1_396' title='bbox 956 3626 1047 3694; x_wconf 79' lang='grc' dir='ltr'>Ἐξ</span> <span class='ocrx_word' id='word_1_397' title='bbox 1080 3626 1331 3689; x_wconf 84' lang='grc' dir='ltr'>ὲναντίας</span> <span class='ocrx_word' id='word_1_398' title='bbox 1367 3642 1470 3697; x_wconf 90' lang='grc' dir='ltr'><strong>μου</strong></span> <span class='ocrx_word' id='word_1_399' title='bbox 1506 3624 1698 3693; x_wconf 83' lang='grc' dir='ltr'>γέγονε</span> <span class='ocrx_word' id='word_1_400' title='bbox 1731 3623 1948 3696; x_wconf 85' lang='grc' dir='ltr'>κρίσις,</span> 
     </span>
    </p>
   </div>
   <div class='ocr_carea' id='block_1_55' title="bbox 324 3717 1947 3796">
    <p class='ocr_par' dir='ltr' id='par_1_55' title="bbox 324 3717 1947 3796">
     <span class='ocr_line' id='line_1_55' title="bbox 324 3717 1947 3796; baseline -0.008 -14"><span class='ocrx_word' id='word_1_401' title='bbox 324 3728 428 3782; x_wconf 69' lang='grc' dir='ltr'>καὶ</span> <span class='ocrx_word' id='word_1_402' title='bbox 451 3727 483 3779; x_wconf 79' lang='grc' dir='ltr'><strong>ό</strong></span> <span class='ocrx_word' id='word_1_403' title='bbox 506 3725 712 3796; x_wconf 74' lang='grc' dir='ltr'>κριτὴς</span> <span class='ocrx_word' id='word_1_404' title='bbox 736 3722 1028 3792; x_wconf 80' lang='grc' dir='ltr'>λαμὸἀνει.</span> <span class='ocrx_word' id='word_1_405' title='bbox 1052 3720 1152 3774; x_wconf 86' lang='grc' dir='ltr'>Διά</span> <span class='ocrx_word' id='word_1_406' title='bbox 1175 3719 1337 3774; x_wconf 84' lang='grc' dir='ltr'>τοῦτο</span> <span class='ocrx_word' id='word_1_407' title='bbox 1356 3717 1731 3791; x_wconf 82' lang='grc' dir='ltr'>διεσκέδασται</span> <span class='ocrx_word' id='word_1_408' title='bbox 1753 3717 1947 3787; x_wconf 74' lang='grc' dir='ltr'>νόμος,</span> 
     </span>
    </p>
   </div>
   <div class='ocr_carea' id='block_1_56' title="bbox 327 3809 1954 3884">
    <p class='ocr_par' dir='ltr' id='par_1_56' title="bbox 327 3809 1954 3884">
     <span class='ocr_line' id='line_1_56' title="bbox 327 3809 1954 3884; baseline -0.007 -10"><span class='ocrx_word' id='word_1_409' title='bbox 327 3820 427 3874; x_wconf 79' lang='grc' dir='ltr'><strong>καί</strong></span> <span class='ocrx_word' id='word_1_410' title='bbox 459 3820 524 3872; x_wconf 83' lang='grc' dir='ltr'>οὐ</span> <span class='ocrx_word' id='word_1_411' title='bbox 560 3817 883 3884; x_wconf 78' lang='grc' dir='ltr'>διεξάγεται</span> <span class='ocrx_word' id='word_1_412' title='bbox 908 3816 989 3877; x_wconf 83' lang='grc' dir='ltr'><strong>είς</strong></span> <span class='ocrx_word' id='word_1_413' title='bbox 1019 3814 1171 3876; x_wconf 79' lang='grc' dir='ltr'>τέλος</span> <span class='ocrx_word' id='word_1_414' title='bbox 1202 3811 1377 3884; x_wconf 80' lang='grc' dir='ltr'>κρίμα</span> <span class='ocrx_word' id='word_1_415' title='bbox 1402 3851 1416 3875; x_wconf 96' lang='grc'><strong>,</strong></span> <span class='ocrx_word' id='word_1_416' title='bbox 1452 3812 1533 3864; x_wconf 79' lang='grc' dir='ltr'>ὅτι</span> <span class='ocrx_word' id='word_1_417' title='bbox 1563 3809 1765 3881; x_wconf 79' lang='grc' dir='ltr'>ἀσεϐὴς</span> <span class='ocrx_word' id='word_1_418' title='bbox 1789 3825 1954 3863; x_wconf 81' lang='grc' dir='ltr'>κατα-</span> 
     </span>
    </p>
   </div>
   <div class='ocr_carea' id='block_1_57' title="bbox 324 3901 1952 3970">
    <p class='ocr_par' dir='ltr' id='par_1_57' title="bbox 324 3901 1952 3970">
     <span class='ocr_line' id='line_1_57' title="bbox 324 3901 1952 3970; baseline -0.009 -2"><span class='ocrx_word' id='word_1_419' title='bbox 324 3911 659 3968; x_wconf 78' lang='grc' dir='ltr'>δυναστεύει</span> <span class='ocrx_word' id='word_1_420' title='bbox 685 3911 782 3963; x_wconf 84' lang='grc' dir='ltr'>τὸν</span> <span class='ocrx_word' id='word_1_421' title='bbox 808 3908 1249 3963; x_wconf 80' lang='grc' dir='ltr'>δίκαιον.”Ενεκα</span> <span class='ocrx_word' id='word_1_422' title='bbox 1287 3904 1478 3958; x_wconf 84' lang='grc' dir='ltr'>τούτου</span> <span class='ocrx_word' id='word_1_423' title='bbox 1519 3903 1859 3970; x_wconf 80' lang='grc' dir='ltr'>ἐξελεύσεται</span> <span class='ocrx_word' id='word_1_424' title='bbox 1888 3901 1952 3955; x_wconf 84' lang='grc' dir='ltr'>τὸ</span> 
     </span>
    </p>
   </div>
   <div class='ocr_carea' id='block_1_58' title="bbox 329 3994 1951 4080">
    <p class='ocr_par' dir='ltr' id='par_1_58' title="bbox 329 3994 1951 4080">
     <span class='ocr_line' id='line_1_58' title="bbox 329 3994 1951 4080; baseline -0.01 -17"><span class='ocrx_word' id='word_1_425' title='bbox 329 4008 516 4080; x_wconf 74' lang='grc' dir='ltr'>κρίμα</span> <span class='ocrx_word' id='word_1_426' title='bbox 561 4002 1026 4075; x_wconf 78' lang='grc' dir='ltr'>διεστραμμένον.</span> <span class='ocrx_word' id='word_1_427' title='bbox 1060 4019 1079 4052; x_wconf 83' lang='grc'>›</span> <span class='ocrx_word' id='word_1_428' title='bbox 1115 4000 1228 4054; x_wconf 79' lang='grc' dir='ltr'><strong>Καὶ</strong></span> <span class='ocrx_word' id='word_1_429' title='bbox 1259 3997 1421 4059; x_wconf 79' lang='grc' dir='ltr'>αὐτὸς</span> <span class='ocrx_word' id='word_1_430' title='bbox 1464 3997 1523 4051; x_wconf 86' lang='grc' dir='ltr'><em>δέ</em></span> <span class='ocrx_word' id='word_1_431' title='bbox 1570 3995 1674 4050; x_wconf 87' lang='grc' dir='ltr'><strong>πού</strong></span> <span class='ocrx_word' id='word_1_432' title='bbox 1728 4012 1891 4066; x_wconf 76' lang='grc' dir='ltr'>φησιν</span> <span class='ocrx_word' id='word_1_433' title='bbox 1921 3994 1951 4047; x_wconf 86' lang='grc' dir='ltr'><strong>ὁ</strong></span> 
     </span>
    </p>
   </div>
   <div class='ocr_carea' id='block_1_59' title="bbox 327 4087 1949 4164">
    <p class='ocr_par' dir='ltr' id='par_1_59' title="bbox 327 4087 1949 4164">
     <span class='ocr_line' id='line_1_59' title="bbox 327 4087 1949 4164; baseline -0.009 -9"><span class='ocrx_word' id='word_1_434' title='bbox 327 4100 635 4161; x_wconf 74' lang='grc' dir='ltr'>Θεσπέσιος</span> <span class='ocrx_word' id='word_1_435' title='bbox 675 4096 911 4157; x_wconf 81' lang='grc' dir='ltr'>Ἡσαΐας</span> <span class='ocrx_word' id='word_1_436' title='bbox 939 4092 1076 4164; x_wconf 85' lang='grc' dir='ltr'>πρὸς</span> <span class='ocrx_word' id='word_1_437' title='bbox 1126 4091 1227 4162; x_wconf 79' lang='grc' dir='ltr'>τὴν</span> <span class='ocrx_word' id='word_1_438' title='bbox 1260 4089 1636 4161; x_wconf 79' lang='grc' dir='ltr'>Ἰερουσαλὴμ,</span> <span class='ocrx_word' id='word_1_439' title='bbox 1688 4090 1808 4160; x_wconf 74' lang='grc' dir='ltr'>ἤτοι</span> <span class='ocrx_word' id='word_1_440' title='bbox 1851 4087 1949 4159; x_wconf 82' lang='grc' dir='ltr'>τὴν</span> 
     </span>
    </p>
   </div>
   <div class='ocr_carea' id='block_1_60' title="bbox 324 4180 1950 4259">
    <p class='ocr_par' dir='ltr' id='par_1_60' title="bbox 324 4180 1950 4259">
     <span class='ocr_line' id='line_1_60' title="bbox 324 4180 1950 4259; baseline -0.009 -11"><span class='ocrx_word' id='word_1_441' title='bbox 324 4192 477 4248; x_wconf 73' lang='grc' dir='ltr'><strong>Σιών</strong></span> <span class='ocrx_word' id='word_1_442' title='bbox 505 4209 518 4221; x_wconf 70' lang='grc'><strong>⁸</strong></span> <span class='ocrx_word' id='word_1_443' title='bbox 564 4210 584 4241; x_wconf 75' lang='grc' dir='ltr'><strong>ι</strong></span> <span class='ocrx_word' id='word_1_444' title='bbox 617 4189 683 4242; x_wconf 80' lang='grc' dir='ltr'><strong>Οἱ</strong></span> <span class='ocrx_word' id='word_1_445' title='bbox 718 4186 981 4259; x_wconf 78' lang='grc' dir='ltr'>ἄρχοντές</span> <span class='ocrx_word' id='word_1_446' title='bbox 1028 4201 1123 4238; x_wconf 89' lang='grc' dir='ltr'><strong>σου</strong></span> <span class='ocrx_word' id='word_1_447' title='bbox 1160 4180 1499 4243; x_wconf 74' lang='grc' dir='ltr'>ἀπειθοῦσιν,</span> <span class='ocrx_word' id='word_1_448' title='bbox 1536 4182 1781 4235; x_wconf 81' lang='grc' dir='ltr'>κοινωνοὶ</span> <span class='ocrx_word' id='word_1_449' title='bbox 1827 4180 1950 4234; x_wconf 86' lang='grc' dir='ltr'>κλε-</span> 
     </span>
    </p>
   </div>
   <div class='ocr_carea' id='block_1_61' title="bbox 324 4272 1948 4351">
    <p class='ocr_par' dir='ltr' id='par_1_61' title="bbox 324 4272 1948 4351">
     <span class='ocr_line' id='line_1_61' title="bbox 324 4272 1948 4351; baseline -0.01 -11"><span class='ocrx_word' id='word_1_450' title='bbox 324 4286 515 4349; x_wconf 78' lang='grc' dir='ltr'>πτῶν,</span> <span class='ocrx_word' id='word_1_451' title='bbox 548 4281 881 4351; x_wconf 83' lang='grc' dir='ltr'>ἀγαπῶντες</span> <span class='ocrx_word' id='word_1_452' title='bbox 912 4279 1081 4349; x_wconf 80' lang='grc' dir='ltr'>δῶρα,</span> <span class='ocrx_word' id='word_1_453' title='bbox 1109 4274 1402 4337; x_wconf 69' lang='grc' dir='ltr'>διώκοντες</span> <span class='ocrx_word' id='word_1_454' title='bbox 1429 4274 1779 4344; x_wconf 79' lang='grc' dir='ltr'>ἀνταπόδομα</span> <span class='ocrx_word' id='word_1_455' title='bbox 1807 4290 1820 4302; x_wconf 90' lang='grc'><strong>·</strong></span> <span class='ocrx_word' id='word_1_456' title='bbox 1853 4272 1948 4343; x_wconf 87' lang='grc' dir='ltr'>όρ-</span> 
     </span>
    </p>
   </div>
   <div class='ocr_carea' id='block_1_62' title="bbox 322 4364 1953 4449">
    <p class='ocr_par' dir='ltr' id='par_1_62' title="bbox 322 4364 1953 4449">
     <span class='ocr_line' id='line_1_62' title="bbox 322 4364 1953 4449; baseline -0.011 -16"><span class='ocrx_word' id='word_1_457' title='bbox 322 4379 530 4449; x_wconf 70' lang='grc' dir='ltr'>φανοῖς</span> <span class='ocrx_word' id='word_1_458' title='bbox 555 4376 620 4429; x_wconf 78' lang='grc' dir='ltr'>οὑ</span> <span class='ocrx_word' id='word_1_459' title='bbox 654 4374 956 4445; x_wconf 80' lang='grc' dir='ltr'>κρίνοντες,</span> <span class='ocrx_word' id='word_1_460' title='bbox 985 4370 1079 4424; x_wconf 71' lang='grc' dir='ltr'>καὶ</span> <span class='ocrx_word' id='word_1_461' title='bbox 1122 4368 1303 4441; x_wconf 84' lang='grc' dir='ltr'>κρίσει</span> <span class='ocrx_word' id='word_1_462' title='bbox 1347 4367 1526 4437; x_wconf 68' lang='grc' dir='ltr'>χήρας</span> <span class='ocrx_word' id='word_1_463' title='bbox 1554 4365 1613 4417; x_wconf 82' lang='grc' dir='ltr'>οὑ</span> <span class='ocrx_word' id='word_1_464' title='bbox 1656 4364 1953 4435; x_wconf 77' lang='grc' dir='ltr'>προσέχονο</span> 
     </span>
    </p>
   </div>
   <div class='ocr_carea' id='block_1_63' title="bbox 224 4456 1952 4537">
    <p class='ocr_par' dir='ltr' id='par_1_63' title="bbox 224 4456 1952 4537">
     <span class='ocr_line' id='line_1_63' title="bbox 224 4456 1952 4537; baseline -0.012 -9"><span class='ocrx_word' id='word_1_465' title='bbox 224 4472 227 4475; x_wconf 63' lang='grc'><em>’</em></span> <span class='ocrx_word' id='word_1_466' title='bbox 319 4490 447 4535; x_wconf 82' lang='grc' dir='ltr'>τες.</span> <span class='ocrx_word' id='word_1_467' title='bbox 485 4490 506 4523; x_wconf 72' lang='grc' dir='ltr'><strong>ι</strong></span> <span class='ocrx_word' id='word_1_468' title='bbox 555 4469 747 4522; x_wconf 80' lang='grc' dir='ltr'>Ταῦτα</span> <span class='ocrx_word' id='word_1_469' title='bbox 792 4466 851 4519; x_wconf 87' lang='grc' dir='ltr'>δὲ</span> <span class='ocrx_word' id='word_1_470' title='bbox 910 4465 1081 4537; x_wconf 76' lang='grc' dir='ltr'>ἔδρων</span> <span class='ocrx_word' id='word_1_471' title='bbox 1126 4460 1372 4532; x_wconf 79' lang='grc' dir='ltr'>αἰσχρῶν</span> <span class='ocrx_word' id='word_1_472' title='bbox 1431 4458 1734 4531; x_wconf 76' lang='grc' dir='ltr'><strong>λημμάτων</strong></span> <span class='ocrx_word' id='word_1_473' title='bbox 1775 4456 1952 4529; x_wconf 80' lang='grc' dir='ltr'>ἡττώ-</span> 
     </span>
    </p>
   </div>
   <div class='ocr_carea' id='block_1_64' title="bbox 2057 1958 2784 2024">
    <p class='ocr_par' dir='ltr' id='par_1_64' title="bbox 2057 1958 2784 2024">
     <span class='ocr_line' id='line_1_64' title="bbox 2057 1958 2784 2024; baseline 0.001 -12"><span class='ocrx_word' id='word_1_474' title='bbox 2057 1973 2267 2024; x_wconf 87' lang='lat' dir='ltr'><strong>vocem,</strong></span> <span class='ocrx_word' id='word_1_475' title='bbox 2299 1958 2467 2015; x_wconf 89' lang='lat' dir='ltr'><strong>duces</strong></span> <span class='ocrx_word' id='word_1_476' title='bbox 2491 1972 2784 2014; x_wconf 70' lang='lat' dir='ltr'><strong>caecorum.</strong></span> 
     </span>
    </p>
   </div>
   <div class='ocr_carea' id='block_1_65' title="bbox 2109 2130 3650 2228">
    <p class='ocr_par' dir='ltr' id='par_1_65' title="bbox 2109 2130 3650 2228">
     <span class='ocr_line' id='line_1_65' title="bbox 2109 2130 3650 2228; baseline 0 -17"><span class='ocrx_word' id='word_1_477' title='bbox 2109 2157 2294 2212; x_wconf 76' lang='lat' dir='ltr'><strong>‘VEas.</strong></span> <span class='ocrx_word' id='word_1_478' title='bbox 2318 2157 2409 2225; x_wconf 69' lang='lat'><strong>22,</strong></span> <span class='ocrx_word' id='word_1_479' title='bbox 2440 2157 2531 2213; x_wconf 65' lang='lat'><strong>35.</strong></span> <span class='ocrx_word' id='word_1_480' title='bbox 2601 2155 2688 2210; x_wconf 66' lang='lat' dir='ltr'><strong>Vra</strong></span> <span class='ocrx_word' id='word_1_481' title='bbox 2732 2158 2812 2213; x_wconf 78' lang='lat' dir='ltr'><strong>Itis</strong></span> <span class='ocrx_word' id='word_1_482' title='bbox 2843 2130 2932 2228; x_wconf 70' lang='lat' dir='ltr'><strong>qui</strong></span> <span class='ocrx_word' id='word_1_483' title='bbox 2969 2161 3103 2212; x_wconf 77' lang='lat' dir='ltr'><strong>inter</strong></span> <span class='ocrx_word' id='word_1_484' title='bbox 3150 2176 3234 2212; x_wconf 77' lang='lat' dir='ltr'><strong>vos</strong></span> <span class='ocrx_word' id='word_1_485' title='bbox 3267 2160 3473 2212; x_wconf 78' lang='lat' dir='ltr'><strong>robusti</strong></span> <span class='ocrx_word' id='word_1_486' title='bbox 3523 2165 3650 2212; x_wconf 69' lang='lat' dir='ltr'><strong>sunt</strong></span> 
     </span>
    </p>
   </div>
   <div class='ocr_carea' id='block_1_66' title="bbox 2054 2250 3649 2314">
    <p class='ocr_par' dir='ltr' id='par_1_66' title="bbox 2054 2250 3649 2314">
     <span class='ocr_line' id='line_1_66' title="bbox 2054 2250 3649 2314; baseline 0.003 -12"><span class='ocrx_word' id='word_1_487' title='bbox 2054 2250 2124 2302; x_wconf 86' lang='lat' dir='ltr'><strong>ad</strong></span> <span class='ocrx_word' id='word_1_488' title='bbox 2145 2250 2422 2304; x_wconf 80' lang='lat' dir='ltr'><strong>bibendum</strong></span> <span class='ocrx_word' id='word_1_489' title='bbox 2443 2254 2646 2314; x_wconf 79' lang='lat' dir='ltr'><strong>vinum,</strong></span> <span class='ocrx_word' id='word_1_490' title='bbox 2671 2260 2719 2306; x_wconf 74' lang='lat' dir='ltr'><strong>et</strong></span> <span class='ocrx_word' id='word_1_491' title='bbox 2741 2250 2903 2305; x_wconf 77' lang='lat' dir='ltr'><strong>validi</strong></span> <span class='ocrx_word' id='word_1_492' title='bbox 2929 2252 2997 2306; x_wconf 83' lang='lat' dir='ltr'><strong>ad</strong></span> <span class='ocrx_word' id='word_1_493' title='bbox 3023 2251 3346 2305; x_wconf 78' lang='lat' dir='ltr'><strong>miscendam</strong></span> <span class='ocrx_word' id='word_1_494' title='bbox 3378 2252 3601 2305; x_wconf 75' lang='lat' dir='ltr'><strong>siceram</strong></span> <span class='ocrx_word' id='word_1_495' title='bbox 3627 2262 3649 2306; x_wconf 85' lang='lat'><strong><em>:</em></strong></span> 
     </span>
    </p>
   </div>
   <div class='ocr_carea' id='block_1_67' title="bbox 2053 2341 3648 2414">
    <p class='ocr_par' dir='ltr' id='par_1_67' title="bbox 2053 2341 3648 2414">
     <span class='ocr_line' id='line_1_67' title="bbox 2053 2341 3648 2414; baseline 0.001 -19"><span class='ocrx_word' id='word_1_496' title='bbox 2053 2343 2143 2411; x_wconf 86' lang='lat' dir='ltr'><strong>qui</strong></span> <span class='ocrx_word' id='word_1_497' title='bbox 2161 2341 2461 2414; x_wconf 71' lang='lat' dir='ltr'><strong>justiﬁeant</strong></span> <span class='ocrx_word' id='word_1_498' title='bbox 2504 2344 2721 2412; x_wconf 86' lang='lat' dir='ltr'><strong>impium</strong></span> <span class='ocrx_word' id='word_1_499' title='bbox 2767 2351 2982 2413; x_wconf 84' lang='lat' dir='ltr'><strong>propter</strong></span> <span class='ocrx_word' id='word_1_500' title='bbox 3022 2359 3262 2409; x_wconf 73' lang='lat' dir='ltr'><strong>omnem,</strong></span> <span class='ocrx_word' id='word_1_501' title='bbox 3297 2350 3347 2395; x_wconf 83' lang='lat' dir='ltr'><strong>ct</strong></span> <span class='ocrx_word' id='word_1_502' title='bbox 3377 2343 3648 2412; x_wconf 76' lang='lat' dir='ltr'><strong>justitiam</strong></span> 
     </span>
    </p>
   </div>
   <div class='ocr_carea' id='block_1_68' title="bbox 2046 2434 2604 2505">
    <p class='ocr_par' dir='ltr' id='par_1_68' title="bbox 2046 2434 2604 2505">
     <span class='ocr_line' id='line_1_68' title="bbox 2046 2434 2604 2505; baseline 0.002 -17"><span class='ocrx_word' id='word_1_503' title='bbox 2046 2435 2187 2505; x_wconf 78' lang='lat' dir='ltr'><strong>justi</strong></span> <span class='ocrx_word' id='word_1_504' title='bbox 2218 2434 2408 2489; x_wconf 81' lang='lat' dir='ltr'><strong>tollunt</strong></span> <span class='ocrx_word' id='word_1_505' title='bbox 2431 2435 2496 2489; x_wconf 87' lang='lat' dir='ltr'><strong>ab</strong></span> <span class='ocrx_word' id='word_1_506' title='bbox 2522 2452 2604 2490; x_wconf 82' lang='lat' dir='ltr'><strong>eo.</strong></span> 
     </span>
    </p>
   </div>
   <div class='ocr_carea' id='block_1_69' title="bbox 2125 2523 3651 2599">
    <p class='ocr_par' dir='ltr' id='par_1_69' title="bbox 2125 2523 3651 2599">
     <span class='ocr_line' id='line_1_69' title="bbox 2125 2523 3651 2599; baseline 0.003 -22"><span class='ocrx_word' id='word_1_507' title='bbox 2125 2523 2399 2579; x_wconf 78' lang='lat' dir='ltr'><strong>Primores</strong></span> <span class='ocrx_word' id='word_1_508' title='bbox 2432 2534 2487 2579; x_wconf 88' lang='lat' dir='ltr'><strong>et</strong></span> <span class='ocrx_word' id='word_1_509' title='bbox 2553 2525 2874 2580; x_wconf 87' lang='lat' dir='ltr'><strong>nobilissimi</strong></span> <span class='ocrx_word' id='word_1_510' title='bbox 2936 2523 3176 2583; x_wconf 65' lang='lat' dir='ltr'><strong>Judaicae</strong></span> <span class='ocrx_word' id='word_1_511' title='bbox 3228 2525 3549 2599; x_wconf 72' lang='lat' dir='ltr'><strong>Synagogte,</strong></span> <span class='ocrx_word' id='word_1_512' title='bbox 3596 2536 3651 2583; x_wconf 90' lang='lat' dir='ltr'><strong>et</strong></span> 
     </span>
    </p>
   </div>
   <div class='ocr_carea' id='block_1_70' title="bbox 2055 2616 3646 2688">
    <p class='ocr_par' dir='ltr' id='par_1_70' title="bbox 2055 2616 3646 2688">
     <span class='ocr_line' id='line_1_70' title="bbox 2055 2616 3646 2688; baseline 0.005 -21"><span class='ocrx_word' id='word_1_513' title='bbox 2055 2616 2146 2686; x_wconf 89' lang='lat' dir='ltr'><strong>qui</strong></span> <span class='ocrx_word' id='word_1_514' title='bbox 2185 2617 2330 2669; x_wconf 88' lang='lat' dir='ltr'><strong>inter</strong></span> <span class='ocrx_word' id='word_1_515' title='bbox 2353 2616 2488 2671; x_wconf 90' lang='lat' dir='ltr'><strong>alios</strong></span> <span class='ocrx_word' id='word_1_516' title='bbox 2513 2617 2827 2687; x_wconf 81' lang='lat' dir='ltr'><strong>cognitione</strong></span> <span class='ocrx_word' id='word_1_517' title='bbox 2861 2616 3170 2671; x_wconf 88' lang='lat' dir='ltr'><strong>divinarum</strong></span> <span class='ocrx_word' id='word_1_518' title='bbox 3195 2618 3375 2688; x_wconf 79' lang='lat' dir='ltr'><strong>legum</strong></span> <span class='ocrx_word' id='word_1_519' title='bbox 3432 2621 3646 2675; x_wconf 82' lang='lat' dir='ltr'><strong>emine-</strong></span> 
     </span>
    </p>
   </div>
   <div class='ocr_carea' id='block_1_71' title="bbox 2056 2706 3650 2780">
    <p class='ocr_par' dir='ltr' id='par_1_71' title="bbox 2056 2706 3650 2780">
     <span class='ocr_line' id='line_1_71' title="bbox 2056 2706 3650 2780; baseline -0.003 -17"><span class='ocrx_word' id='word_1_520' title='bbox 2056 2709 2209 2772; x_wconf 93' lang='lat' dir='ltr'><strong>bant,</strong></span> <span class='ocrx_word' id='word_1_521' title='bbox 2234 2707 2552 2776; x_wconf 84' lang='lat' dir='ltr'><strong>ju&#39;diciaque</strong></span> <span class='ocrx_word' id='word_1_522' title='bbox 2600 2710 2739 2777; x_wconf 88' lang='lat' dir='ltr'><strong>apud</strong></span> <span class='ocrx_word' id='word_1_523' title='bbox 2790 2721 2888 2762; x_wconf 86' lang='lat' dir='ltr'><strong>eos</strong></span> <span class='ocrx_word' id='word_1_524' title='bbox 2923 2706 3033 2777; x_wconf 83' lang='lat'><strong>95</strong></span> <span class='ocrx_word' id='word_1_525' title='bbox 3078 2710 3428 2772; x_wconf 76' lang='lat' dir='ltr'><strong>exercebant,</strong></span> <span class='ocrx_word' id='word_1_526' title='bbox 3467 2711 3650 2780; x_wconf 77' lang='lat' dir='ltr'><strong>gravi.</strong></span> 
     </span>
    </p>
   </div>
   <div class='ocr_carea' id='block_1_72' title="bbox 2058 2796 3648 2866">
    <p class='ocr_par' dir='ltr' id='par_1_72' title="bbox 2058 2796 3648 2866">
     <span class='ocr_line' id='line_1_72' title="bbox 2058 2796 3648 2866; baseline -0.001 -14"><span class='ocrx_word' id='word_1_527' title='bbox 2058 2806 2141 2853; x_wconf 86' lang='lat' dir='ltr'><strong>ter</strong></span> <span class='ocrx_word' id='word_1_528' title='bbox 2173 2796 2334 2866; x_wconf 83' lang='lat' dir='ltr'><strong>hujus</strong></span> <span class='ocrx_word' id='word_1_529' title='bbox 2365 2796 2613 2851; x_wconf 84' lang='lat' dir='ltr'><strong>criminis</strong></span> <span class='ocrx_word' id='word_1_530' title='bbox 2642 2796 3081 2860; x_wconf 84' lang='lat' dir='ltr'><strong>arcessebantur,</strong></span> <span class='ocrx_word' id='word_1_531' title='bbox 3131 2798 3286 2865; x_wconf 78' lang='lat' dir='ltr'><strong>quasi</strong></span> <span class='ocrx_word' id='word_1_532' title='bbox 3347 2799 3413 2851; x_wconf 87' lang='lat' dir='ltr'><strong>ad</strong></span> <span class='ocrx_word' id='word_1_533' title='bbox 3484 2798 3648 2866; x_wconf 74' lang='lat' dir='ltr'><strong>largi-</strong></span> 
     </span>
    </p>
   </div>
   <div class='ocr_carea' id='block_1_73' title="bbox 2060 2886 3648 2957">
    <p class='ocr_par' dir='ltr' id='par_1_73' title="bbox 2060 2886 3648 2957">
     <span class='ocr_line' id='line_1_73' title="bbox 2060 2886 3648 2957; baseline 0 -14"><span class='ocrx_word' id='word_1_534' title='bbox 2060 2887 2235 2943; x_wconf 84' lang='lat' dir='ltr'><strong>tiones</strong></span> <span class='ocrx_word' id='word_1_535' title='bbox 2293 2886 2640 2956; x_wconf 84' lang='lat' dir='ltr'><strong>arcipiendas</strong></span> <span class='ocrx_word' id='word_1_536' title='bbox 2672 2887 3049 2957; x_wconf 84' lang='lat' dir='ltr'><strong>inexplebilem</strong></span> <span class='ocrx_word' id='word_1_537' title='bbox 3080 2904 3298 2940; x_wconf 86' lang='lat' dir='ltr'><strong>manum</strong></span> <span class='ocrx_word' id='word_1_538' title='bbox 3346 2892 3648 2944; x_wconf 80' lang='lat' dir='ltr'><strong>extenden—</strong></span> 
     </span>
    </p>
   </div>
   <div class='ocr_carea' id='block_1_74' title="bbox 2058 2977 3650 3052">
    <p class='ocr_par' dir='ltr' id='par_1_74' title="bbox 2058 2977 3650 3052">
     <span class='ocr_line' id='line_1_74' title="bbox 2058 2977 3650 3052; baseline -0.001 -18"><span class='ocrx_word' id='word_1_539' title='bbox 2058 2989 2158 3045; x_wconf 87' lang='lat' dir='ltr'><strong>tes,</strong></span> <span class='ocrx_word' id='word_1_540' title='bbox 2179 2989 2235 3034; x_wconf 89' lang='lat' dir='ltr'><strong>et</strong></span> <span class='ocrx_word' id='word_1_541' title='bbox 2261 2977 2457 3048; x_wconf 89' lang='lat' dir='ltr'><strong>quibus</strong></span> <span class='ocrx_word' id='word_1_542' title='bbox 2483 2979 2699 3034; x_wconf 87' lang='lat' dir='ltr'><strong>animus</strong></span> <span class='ocrx_word' id='word_1_543' title='bbox 2723 2988 2842 3034; x_wconf 87' lang='lat' dir='ltr'><strong>erat</strong></span> <span class='ocrx_word' id='word_1_544' title='bbox 2871 2979 3125 3052; x_wconf 90' lang='lat' dir='ltr'><strong>injuriam</strong></span> <span class='ocrx_word' id='word_1_545' title='bbox 3159 2980 3340 3035; x_wconf 78' lang='lat' dir='ltr'><strong>facere</strong></span> <span class='ocrx_word' id='word_1_546' title='bbox 3366 2981 3650 3047; x_wconf 75' lang='lat' dir='ltr'><strong>fratribus,</strong></span> 
     </span>
    </p>
   </div>
   <div class='ocr_carea' id='block_1_75' title="bbox 2057 3070 3650 3142">
    <p class='ocr_par' dir='ltr' id='par_1_75' title="bbox 2057 3070 3650 3142">
     <span class='ocr_line' id='line_1_75' title="bbox 2057 3070 3650 3142; baseline 0.001 -15"><span class='ocrx_word' id='word_1_547' title='bbox 2057 3072 2141 3127; x_wconf 89' lang='lat' dir='ltr'><strong>his</strong></span> <span class='ocrx_word' id='word_1_548' title='bbox 2166 3071 2328 3127; x_wconf 78' lang='lat' dir='ltr'><strong>facile</strong></span> <span class='ocrx_word' id='word_1_549' title='bbox 2375 3086 2533 3127; x_wconf 87' lang='lat' dir='ltr'><strong>suum</strong></span> <span class='ocrx_word' id='word_1_550' title='bbox 2562 3070 2879 3142; x_wconf 80' lang='lat' dir='ltr'><strong>snﬂragium</strong></span> <span class='ocrx_word' id='word_1_551' title='bbox 2922 3073 3267 3139; x_wconf 10' lang='lat' dir='ltr'><strong>vendentes,»</strong></span> <span class='ocrx_word' id='word_1_552' title='bbox 3322 3073 3450 3129; x_wconf 79' lang='lat' dir='ltr'><strong>licet</strong></span> <span class='ocrx_word' id='word_1_553' title='bbox 3502 3074 3650 3128; x_wconf 78' lang='lat' dir='ltr'><strong>claro</strong></span> 
     </span>
    </p>
   </div>
   <div class='ocr_carea' id='block_1_76' title="bbox 2057 3162 3645 3232">
    <p class='ocr_par' dir='ltr' id='par_1_76' title="bbox 2057 3162 3645 3232">
     <span class='ocr_line' id='line_1_76' title="bbox 2057 3162 3645 3232; baseline -0.001 -14"><span class='ocrx_word' id='word_1_554' title='bbox 2057 3165 2203 3218; x_wconf 81' lang='lat' dir='ltr'><strong>dicat</strong></span> <span class='ocrx_word' id='word_1_555' title='bbox 2248 3164 2368 3217; x_wconf 89' lang='lat' dir='ltr'><strong>lex:</strong></span> <span class='ocrx_word' id='word_1_556' title='bbox 2407 3181 2425 3215; x_wconf 83' lang='grc' dir='ltr'><strong>ι</strong></span> <span class='ocrx_word' id='word_1_557' title='bbox 2459 3162 2732 3218; x_wconf 66' lang='lat' dir='ltr'><strong>ludit-ium</strong></span> <span class='ocrx_word' id='word_1_558' title='bbox 2757 3164 2965 3231; x_wconf 87' lang='lat' dir='ltr'><strong>justum</strong></span> <span class='ocrx_word' id='word_1_559' title='bbox 3002 3164 3245 3232; x_wconf 89' lang='lat' dir='ltr'><strong>jndicate</strong></span> <span class='ocrx_word' id='word_1_560' title='bbox 3273 3165 3340 3218; x_wconf 76' lang='grc'><strong>⁸⁷.</strong></span> <span class='ocrx_word' id='word_1_561' title='bbox 3385 3184 3403 3217; x_wconf 76' lang='grc' dir='ltr'><strong>ι</strong></span> <span class='ocrx_word' id='word_1_562' title='bbox 3440 3164 3645 3220; x_wconf 83' lang='lat' dir='ltr'><strong>Verum</strong></span> 
     </span>
    </p>
   </div>
   <div class='ocr_carea' id='block_1_77' title="bbox 2054 3255 3649 3327">
    <p class='ocr_par' dir='ltr' id='par_1_77' title="bbox 2054 3255 3649 3327">
     <span class='ocr_line' id='line_1_77' title="bbox 2054 3255 3649 3327; baseline 0.001 -16"><span class='ocrx_word' id='word_1_563' title='bbox 2054 3270 2175 3311; x_wconf 87' lang='lat' dir='ltr'><strong>esse</strong></span> <span class='ocrx_word' id='word_1_564' title='bbox 2200 3255 2341 3325; x_wconf 89' lang='lat' dir='ltr'><strong>quod</strong></span> <span class='ocrx_word' id='word_1_565' title='bbox 2380 3255 2503 3310; x_wconf 88' lang='lat' dir='ltr'><strong>dico</strong></span> <span class='ocrx_word' id='word_1_566' title='bbox 2532 3256 2879 3310; x_wconf 88' lang='lat' dir='ltr'><strong>conlirmabit</strong></span> <span class='ocrx_word' id='word_1_567' title='bbox 2904 3257 3174 3327; x_wconf 82' lang='lat' dir='ltr'><strong>propheta</strong></span> <span class='ocrx_word' id='word_1_568' title='bbox 3214 3256 3512 3321; x_wconf 83' lang='lat' dir='ltr'><strong>Habacum,</strong></span> <span class='ocrx_word' id='word_1_569' title='bbox 3562 3260 3649 3313; x_wconf 85' lang='lat' dir='ltr'><strong>di-</strong></span> 
     </span>
    </p>
   </div>
   <div class='ocr_carea' id='block_1_78' title="bbox 2053 3345 3645 3418">
    <p class='ocr_par' dir='ltr' id='par_1_78' title="bbox 2053 3345 3645 3418">
     <span class='ocr_line' id='line_1_78' title="bbox 2053 3345 3645 3418; baseline 0.002 -14"><span class='ocrx_word' id='word_1_570' title='bbox 2053 3363 2225 3405; x_wconf 90' lang='lat' dir='ltr'><strong>cens:</strong></span> <span class='ocrx_word' id='word_1_571' title='bbox 2262 3366 2282 3400; x_wconf 78' lang='grc' dir='ltr'><strong>ι</strong></span> <span class='ocrx_word' id='word_1_572' title='bbox 2322 3345 2618 3418; x_wconf 86' lang='lat' dir='ltr'><strong>Quousque</strong></span> <span class='ocrx_word' id='word_1_573' title='bbox 2670 3348 2941 3415; x_wconf 87' lang='lat' dir='ltr'><strong>clamabo,</strong></span> <span class='ocrx_word' id='word_1_574' title='bbox 2978 3360 3034 3405; x_wconf 89' lang='lat' dir='ltr'><strong>et</strong></span> <span class='ocrx_word' id='word_1_575' title='bbox 3060 3364 3167 3404; x_wconf 91' lang='lat' dir='ltr'><strong>non</strong></span> <span class='ocrx_word' id='word_1_576' title='bbox 3193 3350 3492 3405; x_wconf 77' lang='lat' dir='ltr'><strong>exaudies?</strong></span> <span class='ocrx_word' id='word_1_577' title='bbox 3546 3366 3645 3407; x_wconf 90' lang='lat' dir='ltr'><strong>vo-</strong></span> 
     </span>
    </p>
   </div>
   <div class='ocr_carea' id='block_1_79' title="bbox 2052 3439 3651 3510">
    <p class='ocr_par' dir='ltr' id='par_1_79' title="bbox 2052 3439 3651 3510">
     <span class='ocr_line' id='line_1_79' title="bbox 2052 3439 3651 3510; baseline -0.001 -12"><span class='ocrx_word' id='word_1_578' title='bbox 2052 3439 2324 3498; x_wconf 80' lang='lat' dir='ltr'><strong>ciferabor</strong></span> <span class='ocrx_word' id='word_1_579' title='bbox 2367 3440 2434 3493; x_wconf 85' lang='lat' dir='ltr'><strong>ad</strong></span> <span class='ocrx_word' id='word_1_580' title='bbox 2480 3451 2531 3495; x_wconf 90' lang='lat' dir='ltr'><strong>te</strong></span> <span class='ocrx_word' id='word_1_581' title='bbox 2571 3441 2677 3493; x_wconf 88' lang='lat' dir='ltr'><strong>vim</strong></span> <span class='ocrx_word' id='word_1_582' title='bbox 2730 3441 2964 3510; x_wconf 87' lang='lat' dir='ltr'><strong>patiens,</strong></span> <span class='ocrx_word' id='word_1_583' title='bbox 3039 3450 3096 3495; x_wconf 89' lang='lat' dir='ltr'><strong>et</strong></span> <span class='ocrx_word' id='word_1_584' title='bbox 3166 3456 3272 3497; x_wconf 88' lang='lat' dir='ltr'><strong>non</strong></span> <span class='ocrx_word' id='word_1_585' title='bbox 3361 3442 3651 3498; x_wconf 81' lang='lat' dir='ltr'><strong>servabis?</strong></span> 
     </span>
    </p>
   </div>
   <div class='ocr_carea' id='block_1_80' title="bbox 2052 3531 3647 3600">
    <p class='ocr_par' dir='ltr' id='par_1_80' title="bbox 2052 3531 3647 3600">
     <span class='ocr_line' id='line_1_80' title="bbox 2052 3531 3647 3600; baseline 0.001 -14"><span class='ocrx_word' id='word_1_586' title='bbox 2052 3531 2533 3600; x_wconf 73' lang='lat' dir='ltr'><strong>Quareostendisd</strong></span> <span class='ocrx_word' id='word_1_587' title='bbox 2570 3531 2703 3586; x_wconf 86' lang='lat' dir='ltr'><strong>mihi</strong></span> <span class='ocrx_word' id='word_1_588' title='bbox 2738 3532 2952 3587; x_wconf 87' lang='lat' dir='ltr'><strong>labores</strong></span> <span class='ocrx_word' id='word_1_589' title='bbox 2974 3542 3027 3588; x_wconf 91' lang='lat' dir='ltr'><strong>et</strong></span> <span class='ocrx_word' id='word_1_590' title='bbox 3051 3532 3269 3590; x_wconf 88' lang='lat' dir='ltr'><strong>dolores</strong></span> <span class='ocrx_word' id='word_1_591' title='bbox 3323 3543 3384 3588; x_wconf 90' lang='lat' dir='ltr'><strong>ut</strong></span> <span class='ocrx_word' id='word_1_592' title='bbox 3411 3534 3647 3589; x_wconf 80' lang='lat' dir='ltr'><strong>viderem</strong></span> 
     </span>
    </p>
   </div>
   <div class='ocr_carea' id='block_1_81' title="bbox 2052 3624 3648 3695">
    <p class='ocr_par' dir='ltr' id='par_1_81' title="bbox 2052 3624 3648 3695">
     <span class='ocr_line' id='line_1_81' title="bbox 2052 3624 3648 3695; baseline -0.001 -14"><span class='ocrx_word' id='word_1_593' title='bbox 2052 3624 2331 3682; x_wconf 82' lang='lat' dir='ltr'><strong>miseriam</strong></span> <span class='ocrx_word' id='word_1_594' title='bbox 2377 3635 2427 3679; x_wconf 89' lang='lat' dir='ltr'><strong>et</strong></span> <span class='ocrx_word' id='word_1_595' title='bbox 2488 3624 2862 3695; x_wconf 85' lang='lat' dir='ltr'><strong>impietatem?</strong></span> <span class='ocrx_word' id='word_1_596' title='bbox 2912 3624 3116 3682; x_wconf 80' lang='lat' dir='ltr'><strong>Contra</strong></span> <span class='ocrx_word' id='word_1_597' title='bbox 3145 3640 3232 3682; x_wconf 86' lang='lat' dir='ltr'><strong>me</strong></span> <span class='ocrx_word' id='word_1_598' title='bbox 3299 3624 3501 3681; x_wconf 81' lang='lat' dir='ltr'><strong>factum</strong></span> <span class='ocrx_word' id='word_1_599' title='bbox 3563 3639 3648 3682; x_wconf 85' lang='lat' dir='ltr'><strong>e5t</strong></span> 
     </span>
    </p>
   </div>
   <div class='ocr_carea' id='block_1_82' title="bbox 2045 3713 3719 3791">
    <p class='ocr_par' dir='ltr' id='par_1_82' title="bbox 2045 3713 3719 3791">
     <span class='ocr_line' id='line_1_82' title="bbox 2045 3713 3719 3791; baseline 0.002 -20"><span class='ocrx_word' id='word_1_600' title='bbox 2045 3713 2337 3783; x_wconf 83' lang='lat' dir='ltr'><strong>judicium,</strong></span> <span class='ocrx_word' id='word_1_601' title='bbox 2365 3724 2421 3772; x_wconf 86' lang='lat' dir='ltr'><strong>et</strong></span> <span class='ocrx_word' id='word_1_602' title='bbox 2467 3715 2635 3783; x_wconf 83' lang='lat' dir='ltr'><strong>judcx</strong></span> <span class='ocrx_word' id='word_1_603' title='bbox 2691 3717 2913 3786; x_wconf 89' lang='lat' dir='ltr'><strong>accipit.</strong></span> <span class='ocrx_word' id='word_1_604' title='bbox 2959 3717 3083 3772; x_wconf 83' lang='lat' dir='ltr'><strong>Ideo</strong></span> <span class='ocrx_word' id='word_1_605' title='bbox 3114 3719 3372 3788; x_wconf 84' lang='lat' dir='ltr'><strong>dissipata</strong></span> <span class='ocrx_word' id='word_1_606' title='bbox 3417 3728 3503 3775; x_wconf 91' lang='lat' dir='ltr'><strong>est</strong></span> <span class='ocrx_word' id='word_1_607' title='bbox 3535 3721 3646 3784; x_wconf 83' lang='lat' dir='ltr'><strong>lex,</strong></span> <span class='ocrx_word' id='word_1_608' title='bbox 3712 3788 3719 3791; x_wconf 20' lang='lat'><strong><em>1</em></strong></span> 
     </span>
    </p>
   </div>
   <div class='ocr_carea' id='block_1_83' title="bbox 2051 3806 3650 3882">
    <p class='ocr_par' dir='ltr' id='par_1_83' title="bbox 2051 3806 3650 3882">
     <span class='ocr_line' id='line_1_83' title="bbox 2051 3806 3650 3882; baseline 0.002 -19"><span class='ocrx_word' id='word_1_609' title='bbox 2051 3817 2106 3863; x_wconf 87' lang='lat' dir='ltr'><strong>et</strong></span> <span class='ocrx_word' id='word_1_610' title='bbox 2129 3822 2234 3860; x_wconf 89' lang='lat' dir='ltr'><strong>non</strong></span> <span class='ocrx_word' id='word_1_611' title='bbox 2261 3808 2579 3874; x_wconf 88' lang='lat' dir='ltr'><strong>perductum</strong></span> <span class='ocrx_word' id='word_1_612' title='bbox 2603 3815 2690 3862; x_wconf 90' lang='lat' dir='ltr'><strong>est</strong></span> <span class='ocrx_word' id='word_1_613' title='bbox 2713 3807 2779 3860; x_wconf 84' lang='lat' dir='ltr'><strong>ad</strong></span> <span class='ocrx_word' id='word_1_614' title='bbox 2812 3808 2970 3863; x_wconf 88' lang='lat' dir='ltr'><strong>linem</strong></span> <span class='ocrx_word' id='word_1_615' title='bbox 2991 3806 3281 3877; x_wconf 83' lang='lat' dir='ltr'><strong>judicium,</strong></span> <span class='ocrx_word' id='word_1_616' title='bbox 3302 3812 3426 3880; x_wconf 83' lang='lat' dir='ltr'><strong>quia</strong></span> <span class='ocrx_word' id='word_1_617' title='bbox 3454 3813 3650 3882; x_wconf 87' lang='lat' dir='ltr'><strong>impius</strong></span> 
     </span>
    </p>
   </div>
   <div class='ocr_carea' id='block_1_84' title="bbox 2053 3897 3731 3972">
    <p class='ocr_par' dir='ltr' id='par_1_84' title="bbox 2053 3897 3731 3972">
     <span class='ocr_line' id='line_1_84' title="bbox 2053 3897 3731 3972; baseline 0.004 -20"><span class='ocrx_word' id='word_1_618' title='bbox 2053 3897 2489 3969; x_wconf 64' lang='lat' dir='ltr'><strong>praevaletjnsto.</strong></span> <span class='ocrx_word' id='word_1_619' title='bbox 2518 3899 3186 3970; x_wconf 81' lang='lat' dir='ltr'><strong>ldeircoexibitjudicitnn</strong></span> <span class='ocrx_word' id='word_1_620' title='bbox 3207 3918 3522 3972; x_wconf 88' lang='lat' dir='ltr'><strong>perversum</strong></span> <span class='ocrx_word' id='word_1_621' title='bbox 3542 3905 3642 3958; x_wconf 69' lang='grc' dir='ltr'><strong>η.»</strong></span> <span class='ocrx_word' id='word_1_622' title='bbox 3726 3930 3731 3935; x_wconf 97' lang='grc'><strong><em>-</em></strong></span> 
     </span>
    </p>
   </div>
   <div class='ocr_carea' id='block_1_85' title="bbox 2053 3990 3647 4063">
    <p class='ocr_par' dir='ltr' id='par_1_85' title="bbox 2053 3990 3647 4063">
     <span class='ocr_line' id='line_1_85' title="bbox 2053 3990 3647 4063; baseline 0.002 -16"><span class='ocrx_word' id='word_1_623' title='bbox 2053 3992 2276 4047; x_wconf 81' lang='lat' dir='ltr'><strong>Divinus</strong></span> <span class='ocrx_word' id='word_1_624' title='bbox 2297 4006 2515 4061; x_wconf 89' lang='lat' dir='ltr'><strong>quoque</strong></span> <span class='ocrx_word' id='word_1_625' title='bbox 2558 3990 2722 4047; x_wconf 86' lang='lat' dir='ltr'><strong>Isaias</strong></span> <span class='ocrx_word' id='word_1_626' title='bbox 2758 3993 2869 4063; x_wconf 85' lang='lat' dir='ltr'><strong>ipse</strong></span> <span class='ocrx_word' id='word_1_627' title='bbox 2899 3993 3192 4062; x_wconf 85' lang='lat' dir='ltr'><strong>alloquitur</strong></span> <span class='ocrx_word' id='word_1_628' title='bbox 3219 3993 3527 4051; x_wconf 81' lang='lat' dir='ltr'><strong>Jerusalem</strong></span> <span class='ocrx_word' id='word_1_629' title='bbox 3554 4012 3647 4052; x_wconf 84' lang='lat' dir='ltr'><strong>seu</strong></span> 
     </span>
    </p>
   </div>
   <div class='ocr_carea' id='block_1_86' title="bbox 2054 4083 3646 4151">
    <p class='ocr_par' dir='ltr' id='par_1_86' title="bbox 2054 4083 3646 4151">
     <span class='ocr_line' id='line_1_86' title="bbox 2054 4083 3646 4151; baseline 0.003 -14"><span class='ocrx_word' id='word_1_630' title='bbox 2054 4083 2221 4138; x_wconf 84' lang='lat' dir='ltr'><strong>Sion:</strong></span> <span class='ocrx_word' id='word_1_631' title='bbox 2261 4102 2280 4135; x_wconf 76' lang='grc' dir='ltr'><strong>ι</strong></span> <span class='ocrx_word' id='word_1_632' title='bbox 2323 4083 2604 4151; x_wconf 80' lang='lat' dir='ltr'><strong>Principes</strong></span> <span class='ocrx_word' id='word_1_633' title='bbox 2639 4085 2715 4138; x_wconf 90' lang='lat' dir='ltr'><strong>tui</strong></span> <span class='ocrx_word' id='word_1_634' title='bbox 2747 4099 2851 4139; x_wconf 90' lang='lat' dir='ltr'><strong>non</strong></span> <span class='ocrx_word' id='word_1_635' title='bbox 2884 4085 3166 4151; x_wconf 89' lang='lat' dir='ltr'><strong>obediunt,</strong></span> <span class='ocrx_word' id='word_1_636' title='bbox 3203 4088 3336 4143; x_wconf 87' lang='lat' dir='ltr'><strong>socii</strong></span> <span class='ocrx_word' id='word_1_637' title='bbox 3363 4099 3493 4143; x_wconf 80' lang='lat' dir='ltr'><strong>sunt</strong></span> <span class='ocrx_word' id='word_1_638' title='bbox 3562 4089 3646 4142; x_wconf 80' lang='lat' dir='ltr'><strong>fu-</strong></span> 
     </span>
    </p>
   </div>
   <div class='ocr_carea' id='block_1_87' title="bbox 2052 4158 3650 4250">
    <p class='ocr_par' dir='ltr' id='par_1_87' title="bbox 2052 4158 3650 4250">
     <span class='ocr_line' id='line_1_87' title="bbox 2052 4158 3650 4250; baseline 0.004 -20"><span class='ocrx_word' id='word_1_639' title='bbox 2052 4190 2193 4242; x_wconf 78' lang='lat' dir='ltr'><strong>rum,</strong></span> <span class='ocrx_word' id='word_1_640' title='bbox 2223 4158 2451 4243; x_wconf 77' lang='lat' dir='ltr'><strong>diligunt</strong></span> <span class='ocrx_word' id='word_1_641' title='bbox 2497 4191 2743 4241; x_wconf 81' lang='lat' dir='ltr'><strong>munera,</strong></span> <span class='ocrx_word' id='word_1_642' title='bbox 2804 4177 3020 4231; x_wconf 87' lang='lat' dir='ltr'><strong>inhiant</strong></span> <span class='ocrx_word' id='word_1_643' title='bbox 3092 4179 3354 4246; x_wconf 62' lang='lat' dir='ltr'><strong>pramiis,</strong></span> <span class='ocrx_word' id='word_1_644' title='bbox 3432 4180 3650 4250; x_wconf 79' lang='lat' dir='ltr'><strong>pupillis</strong></span> 
     </span>
    </p>
   </div>
   <div class='ocr_carea' id='block_1_88' title="bbox 2054 4267 3643 4336">
    <p class='ocr_par' dir='ltr' id='par_1_88' title="bbox 2054 4267 3643 4336">
     <span class='ocr_line' id='line_1_88' title="bbox 2054 4267 3643 4336; baseline 0.001 -14"><span class='ocrx_word' id='word_1_645' title='bbox 2054 4267 2450 4335; x_wconf 86' lang='lat' dir='ltr'><strong>nonjudicant,</strong></span> <span class='ocrx_word' id='word_1_646' title='bbox 2481 4268 2766 4336; x_wconf 84' lang='lat' dir='ltr'><strong>etjudieio</strong></span> <span class='ocrx_word' id='word_1_647' title='bbox 2820 4268 2996 4323; x_wconf 70' lang='lat' dir='ltr'><strong>viduae</strong></span> <span class='ocrx_word' id='word_1_648' title='bbox 3031 4284 3137 4322; x_wconf 93' lang='lat' dir='ltr'><strong>non</strong></span> <span class='ocrx_word' id='word_1_649' title='bbox 3202 4275 3490 4327; x_wconf 86' lang='lat' dir='ltr'><strong>attendunt</strong></span> <span class='ocrx_word' id='word_1_650' title='bbox 3514 4275 3581 4325; x_wconf 67' lang='lat'><strong>’9.</strong></span> <span class='ocrx_word' id='word_1_651' title='bbox 3624 4293 3643 4324; x_wconf 73' lang='grc' dir='ltr'><strong>ι</strong></span> 
     </span>
    </p>
   </div>
   <div class='ocr_carea' id='block_1_89' title="bbox 2054 4361 3647 4431">
    <p class='ocr_par' dir='ltr' id='par_1_89' title="bbox 2054 4361 3647 4431">
     <span class='ocr_line' id='line_1_89' title="bbox 2054 4361 3647 4431; baseline 0.002 -14"><span class='ocrx_word' id='word_1_652' title='bbox 2054 4361 2180 4417; x_wconf 69' lang='lat' dir='ltr'><strong>Hinc</strong></span> <span class='ocrx_word' id='word_1_653' title='bbox 2211 4372 2391 4416; x_wconf 89' lang='lat' dir='ltr'><strong>autem</strong></span> <span class='ocrx_word' id='word_1_654' title='bbox 2423 4362 2695 4426; x_wconf 79' lang='lat' dir='ltr'><strong>fecerunt,</strong></span> <span class='ocrx_word' id='word_1_655' title='bbox 2741 4361 2980 4429; x_wconf 82' lang='lat' dir='ltr'><strong>corrupti</strong></span> <span class='ocrx_word' id='word_1_656' title='bbox 3010 4364 3246 4418; x_wconf 87' lang='lat' dir='ltr'><strong>sordidis</strong></span> <span class='ocrx_word' id='word_1_657' title='bbox 3304 4368 3647 4431; x_wconf 85' lang='lat' dir='ltr'><strong>muneribus,</strong></span> 
     </span>
    </p>
   </div>
   <div class='ocr_carea' id='block_1_90' title="bbox 2054 4449 3648 4520">
    <p class='ocr_par' dir='ltr' id='par_1_90' title="bbox 2054 4449 3648 4520">
     <span class='ocr_line' id='line_1_90' title="bbox 2054 4449 3648 4520; baseline 0.003 -14"><span class='ocrx_word' id='word_1_658' title='bbox 2054 4468 2118 4506; x_wconf 88' lang='lat' dir='ltr'><strong>ac</strong></span> <span class='ocrx_word' id='word_1_659' title='bbox 2150 4450 2403 4506; x_wconf 74' lang='lat' dir='ltr'><strong>fortassis</strong></span> <span class='ocrx_word' id='word_1_660' title='bbox 2436 4450 2603 4505; x_wconf 89' lang='lat' dir='ltr'><strong>etiam</strong></span> <span class='ocrx_word' id='word_1_661' title='bbox 2653 4449 2820 4520; x_wconf 85' lang='lat' dir='ltr'><strong>impie</strong></span> <span class='ocrx_word' id='word_1_662' title='bbox 2843 4449 3186 4520; x_wconf 82' lang='lat' dir='ltr'><strong>colligentes,</strong></span> <span class='ocrx_word' id='word_1_663' title='bbox 3217 4462 3272 4507; x_wconf 88' lang='lat' dir='ltr'><strong>et</strong></span> <span class='ocrx_word' id='word_1_664' title='bbox 3298 4455 3364 4508; x_wconf 85' lang='lat' dir='ltr'><strong>ad</strong></span> <span class='ocrx_word' id='word_1_665' title='bbox 3408 4455 3648 4512; x_wconf 83' lang='lat' dir='ltr'><strong>fomenta</strong></span> 
     </span>
    </p>
   </div>
   <div class='ocr_carea' id='block_1_91' title="bbox 326 4542 1952 4634">
    <p class='ocr_par' dir='ltr' id='par_1_91' title="bbox 326 4547 1952 4634">
     <span class='ocr_line' id='line_1_91' title="bbox 326 4547 1952 4634; baseline -0.01 -18"><span class='ocrx_word' id='word_1_666' title='bbox 326 4579 491 4634; x_wconf 83' lang='grc' dir='ltr'>μενοι</span> <span class='ocrx_word' id='word_1_667' title='bbox 509 4576 523 4590; x_wconf 91' lang='grc'><strong>·</strong></span> <span class='ocrx_word' id='word_1_668' title='bbox 544 4558 645 4614; x_wconf 77' lang='grc' dir='ltr'>καὶ</span> <span class='ocrx_word' id='word_1_669' title='bbox 660 4558 804 4628; x_wconf 77' lang='grc' dir='ltr'>τάχα</span> <span class='ocrx_word' id='word_1_670' title='bbox 824 4573 928 4609; x_wconf 85' lang='grc' dir='ltr'><strong>που</strong></span> <span class='ocrx_word' id='word_1_671' title='bbox 958 4554 1022 4607; x_wconf 86' lang='grc' dir='ltr'><strong>τά</strong></span> <span class='ocrx_word' id='word_1_672' title='bbox 1047 4554 1127 4617; x_wconf 85' lang='grc' dir='ltr'><strong>εἰς</strong></span> <span class='ocrx_word' id='word_1_673' title='bbox 1153 4551 1348 4614; x_wconf 80' lang='grc' dir='ltr'>πότους</span> <span class='ocrx_word' id='word_1_674' title='bbox 1373 4551 1466 4604; x_wconf 71' lang='grc' dir='ltr'><strong>καὶ</strong></span> <span class='ocrx_word' id='word_1_675' title='bbox 1489 4548 1698 4620; x_wconf 72' lang='grc' dir='ltr'>τρυφὰς</span> <span class='ocrx_word' id='word_1_676' title='bbox 1722 4547 1952 4610; x_wconf 79' lang='grc' dir='ltr'>ἀνοσίως</span> 
     </span>
    </p>
   </div>
   <div class='ocr_carea' id='block_1_92' title="bbox 2056 4542 3649 4634">
    <p class='ocr_par' dir='ltr' id='par_1_92' title="bbox 2060 4542 3649 4612">
     <span class='ocr_line' id='line_1_92' title="bbox 2060 4542 3649 4612; baseline 0.004 -13"><span class='ocrx_word' id='word_1_677' title='bbox 2060 4544 2328 4599; x_wconf 69' lang='lat' dir='ltr'><strong>fied-arum</strong></span> <span class='ocrx_word' id='word_1_678' title='bbox 2371 4542 2708 4612; x_wconf 83' lang='lat' dir='ltr'><strong>voluptatum</strong></span> <span class='ocrx_word' id='word_1_679' title='bbox 2752 4557 2819 4597; x_wconf 85' lang='lat' dir='ltr'><strong>ex</strong></span> <span class='ocrx_word' id='word_1_680' title='bbox 2875 4542 3088 4612; x_wconf 88' lang='lat' dir='ltr'><strong>injuriis</strong></span> <span class='ocrx_word' id='word_1_681' title='bbox 3121 4556 3496 4612; x_wconf 78' lang='lat' dir='ltr'><strong>corrogantes.</strong></span> <span class='ocrx_word' id='word_1_682' title='bbox 3547 4548 3649 4607; x_wconf 83' lang='lat' dir='ltr'><strong>Ac-</strong></span> 
     </span>
    </p>
   </div>
   <div class='ocr_carea' id='block_1_93' title="bbox 322 4642 1953 4728">
    <p class='ocr_par' dir='ltr' id='par_1_93' title="bbox 322 4642 1953 4728">
     <span class='ocr_line' id='line_1_93' title="bbox 322 4642 1953 4728; baseline -0.008 -20"><span class='ocrx_word' id='word_1_683' title='bbox 322 4653 745 4728; x_wconf 77' lang='grc' dir='ltr'>ἑρανιςόμενοι,</span> <span class='ocrx_word' id='word_1_684' title='bbox 777 4649 870 4702; x_wconf 69' lang='grc' dir='ltr'>καὶ</span> <span class='ocrx_word' id='word_1_685' title='bbox 918 4648 979 4714; x_wconf 76' lang='grc' dir='ltr'>ἐξ</span> <span class='ocrx_word' id='word_1_686' title='bbox 1019 4645 1246 4707; x_wconf 82' lang='grc' dir='ltr'>ἀδικιῶν</span> <span class='ocrx_word' id='word_1_687' title='bbox 1299 4643 1669 4711; x_wconf 83' lang='grc' dir='ltr'>συλλέγοντες.</span> <span class='ocrx_word' id='word_1_688' title='bbox 1702 4642 1953 4695; x_wconf 78' lang='grc' dir='ltr'>Αἰτιᾶται</span> 
     </span>
    </p>
   </div>
   <div class='ocr_carea' id='block_1_94' title="bbox 321 4733 1955 4817">
    <p class='ocr_par' dir='ltr' id='par_1_94' title="bbox 321 4733 1955 4817">
     <span class='ocr_line' id='line_1_94' title="bbox 321 4733 1955 4817; baseline -0.007 -16"><span class='ocrx_word' id='word_1_689' title='bbox 321 4748 446 4817; x_wconf 77' lang='grc' dir='ltr'><strong>γὰρ</strong></span> <span class='ocrx_word' id='word_1_690' title='bbox 462 4744 667 4808; x_wconf 69' lang='grc' dir='ltr'>αὐτοὺς</span> <span class='ocrx_word' id='word_1_691' title='bbox 688 4742 779 4796; x_wconf 82' lang='grc' dir='ltr'><strong>διὰ</strong></span> <span class='ocrx_word' id='word_1_692' title='bbox 794 4741 977 4812; x_wconf 73' lang='grc' dir='ltr'>φωνῆς</span> <span class='ocrx_word' id='word_1_693' title='bbox 1004 4740 1306 4811; x_wconf 75' lang='grc' dir='ltr'>προφήτου,</span> <span class='ocrx_word' id='word_1_694' title='bbox 1326 4737 1518 4805; x_wconf 83' lang='grc' dir='ltr'>λέγων·</span> <span class='ocrx_word' id='word_1_695' title='bbox 1539 4735 1649 4789; x_wconf 81' lang='grc' dir='ltr'><strong>Καὶ</strong></span> <span class='ocrx_word' id='word_1_696' title='bbox 1670 4733 1739 4788; x_wconf 83' lang='grc' dir='ltr'>τὰ</span> <span class='ocrx_word' id='word_1_697' title='bbox 1762 4735 1955 4805; x_wconf 84' lang='grc' dir='ltr'>ἱμάτια</span> 
     </span>
    </p>
   </div>
   <div class='ocr_carea' id='block_1_95' title="bbox 321 4826 1954 4906">
    <p class='ocr_par' dir='ltr' id='par_1_95' title="bbox 321 4826 1954 4906">
     <span class='ocr_line' id='line_1_95' title="bbox 321 4826 1954 4906; baseline -0.006 -15"><span class='ocrx_word' id='word_1_698' title='bbox 321 4835 521 4894; x_wconf 81' lang='grc' dir='ltr'>αὐτῶν</span> <span class='ocrx_word' id='word_1_699' title='bbox 546 4831 908 4906; x_wconf 80' lang='grc' dir='ltr'>δεσμεύοντες</span> <span class='ocrx_word' id='word_1_700' title='bbox 931 4830 1206 4903; x_wconf 79' lang='grc' dir='ltr'>σχοινίοις,</span> <span class='ocrx_word' id='word_1_701' title='bbox 1236 4829 1718 4899; x_wconf 81' lang='grc' dir='ltr'>παραπετάσματα</span> <span class='ocrx_word' id='word_1_702' title='bbox 1735 4826 1954 4881; x_wconf 74' lang='grc' dir='ltr'>ἐποίουν</span> 
     </span>
    </p>
   </div>
   <div class='ocr_carea' id='block_1_96' title="bbox 323 4916 1951 5001">
    <p class='ocr_par' dir='ltr' id='par_1_96' title="bbox 323 4916 1951 5001">
     <span class='ocr_line' id='line_1_96' title="bbox 323 4916 1951 5001; baseline -0.009 -17"><span class='ocrx_word' id='word_1_703' title='bbox 323 4931 581 5001; x_wconf 74' lang='grc' dir='ltr'>ἐχόμενα</span> <span class='ocrx_word' id='word_1_704' title='bbox 609 4925 704 4981; x_wconf 89' lang='grc' dir='ltr'><strong>τοῦ</strong></span> <span class='ocrx_word' id='word_1_705' title='bbox 740 4924 1006 4995; x_wconf 82' lang='grc' dir='ltr'>Θυσιαστη</span> <span class='ocrx_word' id='word_1_706' title='bbox 1016 4922 1135 4994; x_wconf 78' lang='grc' dir='ltr'>ρίου</span> <span class='ocrx_word' id='word_1_707' title='bbox 1154 4964 1168 4988; x_wconf 93' lang='grc'><strong>,</strong></span> <span class='ocrx_word' id='word_1_708' title='bbox 1194 4922 1290 4975; x_wconf 73' lang='grc' dir='ltr'>καὶ</span> <span class='ocrx_word' id='word_1_709' title='bbox 1316 4916 1459 4975; x_wconf 81' lang='grc' dir='ltr'>οἶνον</span> <span class='ocrx_word' id='word_1_710' title='bbox 1482 4922 1547 4973; x_wconf 82' lang='grc' dir='ltr'>ὲκ</span> <span class='ocrx_word' id='word_1_711' title='bbox 1573 4918 1951 4988; x_wconf 84' lang='grc' dir='ltr'>συκοφαντιῶν</span> 
     </span>
    </p>
   </div>
   <div class='ocr_carea' id='block_1_97' title="bbox 320 5006 1945 5091">
    <p class='ocr_par' dir='ltr' id='par_1_97' title="bbox 320 5006 1945 5091">
     <span class='ocr_line' id='line_1_97' title="bbox 320 5006 1945 5091; baseline -0.011 -12"><span class='ocrx_word' id='word_1_712' title='bbox 320 5025 528 5079; x_wconf 69' lang='grc' dir='ltr'>ἔπινον</span> <span class='ocrx_word' id='word_1_713' title='bbox 552 5023 614 5073; x_wconf 74' lang='grc' dir='ltr'>ἐν</span> <span class='ocrx_word' id='word_1_714' title='bbox 637 5017 718 5091; x_wconf 83' lang='grc' dir='ltr'>τῷ</span> <span class='ocrx_word' id='word_1_715' title='bbox 743 5017 880 5090; x_wconf 70' lang='grc' dir='ltr'>οἴκῳ</span> <span class='ocrx_word' id='word_1_716' title='bbox 899 5016 992 5070; x_wconf 86' lang='grc' dir='ltr'><strong>τοῦ</strong></span> <span class='ocrx_word' id='word_1_717' title='bbox 1024 5010 1163 5069; x_wconf 86' lang='grc' dir='ltr'>Θεοῦ</span> <span class='ocrx_word' id='word_1_718' title='bbox 1187 5006 1387 5068; x_wconf 74' lang='grc' dir='ltr'>αὐτῶν.</span> <span class='ocrx_word' id='word_1_719' title='bbox 1404 5012 1541 5066; x_wconf 78' lang='grc' dir='ltr'>Οὐαὶ</span> <span class='ocrx_word' id='word_1_720' title='bbox 1565 5013 1768 5077; x_wconf 83' lang='grc' dir='ltr'>τοίνυν,</span> <span class='ocrx_word' id='word_1_721' title='bbox 1791 5008 1945 5081; x_wconf 79' lang='grc' dir='ltr'>φησὶ,</span> 
     </span>
    </p>
   </div>
   <div class='ocr_carea' id='block_1_98' title="bbox 320 5099 1947 5184">
    <p class='ocr_par' dir='ltr' id='par_1_98' title="bbox 320 5099 1947 5184">
     <span class='ocr_line' id='line_1_98' title="bbox 320 5099 1947 5184; baseline -0.011 -14"><span class='ocrx_word' id='word_1_722' title='bbox 320 5118 448 5178; x_wconf 73' lang='grc' dir='ltr'>τοῖς</span> <span class='ocrx_word' id='word_1_723' title='bbox 484 5113 671 5184; x_wconf 82' lang='grc' dir='ltr'>ἀδροϊς</span> <span class='ocrx_word' id='word_1_724' title='bbox 701 5112 796 5166; x_wconf 78' lang='grc' dir='ltr'><strong>καὶ</strong></span> <span class='ocrx_word' id='word_1_725' title='bbox 819 5109 1087 5174; x_wconf 77' lang='grc' dir='ltr'>δυνατοῖς,</span> <span class='ocrx_word' id='word_1_726' title='bbox 1115 5108 1229 5170; x_wconf 85' lang='grc' dir='ltr'>τοῖς</span> <span class='ocrx_word' id='word_1_727' title='bbox 1261 5105 1509 5177; x_wconf 81' lang='grc' dir='ltr'>ἀρτίουσι</span> <span class='ocrx_word' id='word_1_728' title='bbox 1540 5103 1849 5175; x_wconf 83' lang='grc' dir='ltr'>περιέργως</span> <span class='ocrx_word' id='word_1_729' title='bbox 1885 5099 1947 5153; x_wconf 82' lang='grc' dir='ltr'>τὸ</span> 
     </span>
    </p>
   </div>
   <div class='ocr_carea' id='block_1_99' title="bbox 321 5192 1947 5278">
    <p class='ocr_par' dir='ltr' id='par_1_99' title="bbox 321 5192 1947 5278">
     <span class='ocr_line' id='line_1_99' title="bbox 321 5192 1947 5278; baseline -0.01 -18"><span class='ocrx_word' id='word_1_730' title='bbox 321 5209 554 5278; x_wconf 53' lang='grc' dir='ltr'>σίκερα,</span> <span class='ocrx_word' id='word_1_731' title='bbox 589 5204 703 5267; x_wconf 80' lang='grc' dir='ltr'>τοῖς</span> <span class='ocrx_word' id='word_1_732' title='bbox 733 5199 1078 5273; x_wconf 84' lang='grc' dir='ltr'>φιλοπόταις,</span> <span class='ocrx_word' id='word_1_733' title='bbox 1112 5196 1208 5251; x_wconf 69' lang='grc' dir='ltr'>καὶ</span> <span class='ocrx_word' id='word_1_734' title='bbox 1236 5195 1493 5264; x_wconf 86' lang='grc' dir='ltr'>ἀγαπῶσι</span> <span class='ocrx_word' id='word_1_735' title='bbox 1528 5192 1720 5264; x_wconf 75' lang='grc' dir='ltr'>μέθην,</span> <span class='ocrx_word' id='word_1_736' title='bbox 1742 5194 1855 5255; x_wconf 84' lang='grc' dir='ltr'>τοῖς</span> <span class='ocrx_word' id='word_1_737' title='bbox 1887 5192 1947 5245; x_wconf 81' lang='grc' dir='ltr'>τὸ</span> 
     </span>
    </p>
   </div>
   <div class='ocr_carea' id='block_1_100' title="bbox 323 5284 1945 5375">
    <p class='ocr_par' dir='ltr' id='par_1_100' title="bbox 323 5284 1945 5369">
     <span class='ocr_line' id='line_1_100' title="bbox 323 5284 1945 5369; baseline -0.009 -18"><span class='ocrx_word' id='word_1_738' title='bbox 323 5301 548 5351; x_wconf 71' lang='grc' dir='ltr'>δίκαιον</span> <span class='ocrx_word' id='word_1_739' title='bbox 571 5297 792 5369; x_wconf 72' lang='grc' dir='ltr'>αἴρουσι</span> <span class='ocrx_word' id='word_1_740' title='bbox 822 5292 916 5346; x_wconf 82' lang='grc' dir='ltr'><strong>τοῦ</strong></span> <span class='ocrx_word' id='word_1_741' title='bbox 951 5291 1181 5353; x_wconf 83' lang='grc' dir='ltr'>δικαίου,</span> <span class='ocrx_word' id='word_1_742' title='bbox 1211 5287 1356 5342; x_wconf 80' lang='grc' dir='ltr'>τοῦτ’</span> <span class='ocrx_word' id='word_1_743' title='bbox 1376 5286 1512 5351; x_wconf 80' lang='grc' dir='ltr'>ἔστι,</span> <span class='ocrx_word' id='word_1_744' title='bbox 1539 5290 1649 5349; x_wconf 81' lang='grc' dir='ltr'>τοῖς</span> <span class='ocrx_word' id='word_1_745' title='bbox 1677 5284 1945 5355; x_wconf 67' lang='grc' dir='ltr'>κατακρί-</span> 
     </span>
    </p>
   </div>
   <div class='ocr_carea' id='block_1_101' title="bbox 318 5377 1946 5459">
    <p class='ocr_par' dir='ltr' id='par_1_101' title="bbox 318 5377 1946 5459">
     <span class='ocr_line' id='line_1_101' title="bbox 318 5377 1946 5459; baseline -0.007 -17"><span class='ocrx_word' id='word_1_746' title='bbox 318 5405 487 5443; x_wconf 70' lang='grc' dir='ltr'>νουσι</span> <span class='ocrx_word' id='word_1_747' title='bbox 541 5388 644 5459; x_wconf 80' lang='grc' dir='ltr'><strong>μὲν</strong></span> <span class='ocrx_word' id='word_1_748' title='bbox 677 5388 770 5440; x_wconf 79' lang='grc' dir='ltr'>τὸν</span> <span class='ocrx_word' id='word_1_749' title='bbox 812 5383 1167 5455; x_wconf 73' lang='grc' dir='ltr'>ἠδικημένον,</span> <span class='ocrx_word' id='word_1_750' title='bbox 1204 5378 1544 5449; x_wconf 79' lang='grc' dir='ltr'>ἀπονέμουσι</span> <span class='ocrx_word' id='word_1_751' title='bbox 1574 5377 1630 5431; x_wconf 86' lang='grc' dir='ltr'>δὲ</span> <span class='ocrx_word' id='word_1_752' title='bbox 1657 5377 1837 5449; x_wconf 72' lang='grc' dir='ltr'>ψῆφον</span> <span class='ocrx_word' id='word_1_753' title='bbox 1865 5377 1946 5430; x_wconf 79' lang='grc' dir='ltr'>διο</span> 
     </span>
    </p>
   </div>
   <div class='ocr_carea' id='block_1_102' title="bbox 327 5465 1944 5547">
    <p class='ocr_par' dir='ltr' id='par_1_102' title="bbox 327 5465 1944 5547">
     <span class='ocr_line' id='line_1_102' title="bbox 327 5465 1944 5547; baseline -0.009 -10"><span class='ocrx_word' id='word_1_754' title='bbox 327 5506 351 5536; x_wconf 59' lang='grc' dir='ltr'><strong>ν</strong></span> <span class='ocrx_word' id='word_1_755' title='bbox 369 5485 493 5537; x_wconf 68' lang='lat' dir='ltr'><strong>aiam</strong></span> <span class='ocrx_word' id='word_1_756' title='bbox 514 5485 629 5547; x_wconf 82' lang='grc' dir='ltr'>τοῖς</span> <span class='ocrx_word' id='word_1_757' title='bbox 648 5478 871 5534; x_wconf 80' lang='grc' dir='ltr'>εἰωθόσι</span> <span class='ocrx_word' id='word_1_758' title='bbox 901 5478 1266 5531; x_wconf 80' lang='grc' dir='ltr'>πλεονεκτεῖν.</span> <span class='ocrx_word' id='word_1_759' title='bbox 1288 5475 1400 5527; x_wconf 73' lang='grc' dir='ltr'><strong>Καὶ</strong></span> <span class='ocrx_word' id='word_1_760' title='bbox 1416 5469 1595 5533; x_wconf 78' lang='grc' dir='ltr'>τοῦτο,</span> <span class='ocrx_word' id='word_1_761' title='bbox 1624 5465 1799 5541; x_wconf 77' lang='grc' dir='ltr'>οἶμαι,</span> <span class='ocrx_word' id='word_1_762' title='bbox 1827 5471 1944 5523; x_wconf 75' lang='grc' dir='ltr'>ἐστὶ</span> 
     </span>
    </p>
   </div>
   <div class='ocr_carea' id='block_1_103' title="bbox 328 5563 1947 5645">
    <p class='ocr_par' dir='ltr' id='par_1_103' title="bbox 328 5563 1947 5645">
     <span class='ocr_line' id='line_1_103' title="bbox 328 5563 1947 5645; baseline -0.008 -17"><span class='ocrx_word' id='word_1_763' title='bbox 328 5577 394 5629; x_wconf 64' lang='grc' dir='ltr'>τὸ</span> <span class='ocrx_word' id='word_1_764' title='bbox 417 5573 731 5645; x_wconf 69' lang='grc' dir='ltr'>ἀναφανδὸν</span> <span class='ocrx_word' id='word_1_765' title='bbox 767 5572 946 5625; x_wconf 81' lang='grc' dir='ltr'>εἰπεῖν</span> <span class='ocrx_word' id='word_1_766' title='bbox 980 5569 1039 5621; x_wconf 84' lang='grc' dir='ltr'>τὸ</span> <span class='ocrx_word' id='word_1_767' title='bbox 1072 5566 1310 5640; x_wconf 81' lang='grc' dir='ltr'>πονηρὸν</span> <span class='ocrx_word' id='word_1_768' title='bbox 1336 5564 1522 5629; x_wconf 80' lang='grc' dir='ltr'>καλὸν,</span> <span class='ocrx_word' id='word_1_769' title='bbox 1556 5563 1651 5617; x_wconf 75' lang='grc' dir='ltr'>καὶ</span> <span class='ocrx_word' id='word_1_770' title='bbox 1691 5564 1752 5616; x_wconf 86' lang='grc' dir='ltr'>τὸ</span> <span class='ocrx_word' id='word_1_771' title='bbox 1782 5563 1947 5615; x_wconf 84' lang='grc' dir='ltr'>καλὸν</span> 
     </span>
    </p>
   </div>
   <div class='ocr_carea' id='block_1_104' title="bbox 338 5656 1942 5740">
    <p class='ocr_par' dir='ltr' id='par_1_104' title="bbox 338 5656 1942 5740">
     <span class='ocr_line' id='line_1_104' title="bbox 338 5656 1942 5740; baseline -0.009 -18"><span class='ocrx_word' id='word_1_772' title='bbox 338 5669 594 5740; x_wconf 69' lang='grc' dir='ltr'>πονηρὸν,</span> <span class='ocrx_word' id='word_1_773' title='bbox 629 5666 727 5720; x_wconf 67' lang='grc' dir='ltr'>καὶ</span> <span class='ocrx_word' id='word_1_774' title='bbox 760 5663 952 5725; x_wconf 82' lang='grc' dir='ltr'>σκότος</span> <span class='ocrx_word' id='word_1_775' title='bbox 980 5663 1061 5725; x_wconf 80' lang='grc' dir='ltr'><strong>εἰς</strong></span> <span class='ocrx_word' id='word_1_776' title='bbox 1086 5660 1223 5731; x_wconf 78' lang='grc' dir='ltr'>φῶς,</span> <span class='ocrx_word' id='word_1_777' title='bbox 1251 5660 1347 5714; x_wconf 70' lang='lat' dir='ltr'><strong>acati.</strong></span> <span class='ocrx_word' id='word_1_778' title='bbox 1381 5659 1442 5711; x_wconf 79' lang='grc' dir='ltr'><strong>τὺ</strong></span> <span class='ocrx_word' id='word_1_779' title='bbox 1472 5657 1587 5727; x_wconf 78' lang='grc' dir='ltr'><strong>φῶς</strong></span> <span class='ocrx_word' id='word_1_780' title='bbox 1618 5659 1697 5720; x_wconf 84' lang='grc' dir='ltr'><strong>εἰς</strong></span> <span class='ocrx_word' id='word_1_781' title='bbox 1732 5656 1942 5720; x_wconf 79' lang='grc' dir='ltr'>σκότος,</span> 
     </span>
    </p>
   </div>
   <div class='ocr_carea' id='block_1_105' title="bbox 405 5815 1460 5888">
    <p class='ocr_par' dir='ltr' id='par_1_105' title="bbox 405 5815 1460 5888">
     <span class='ocr_line' id='line_1_105' title="bbox 405 5815 1460 5888; baseline -0.015 -3"><span class='ocrx_word' id='word_1_782' title='bbox 405 5826 452 5860; x_wconf 71' lang='grc'><strong>’⁸</strong></span> <span class='ocrx_word' id='word_1_783' title='bbox 483 5826 650 5884; x_wconf 75' lang='lat' dir='ltr'><strong>Prov.</strong></span> <span class='ocrx_word' id='word_1_784' title='bbox 686 5839 812 5888; x_wconf 71' lang='grc' dir='ltr'>ιιι,</span> <span class='ocrx_word' id='word_1_785' title='bbox 856 5821 945 5878; x_wconf 79' lang='lat' dir='ltr'><strong>i9.</strong></span> <span class='ocrx_word' id='word_1_786' title='bbox 1014 5822 1062 5852; x_wconf 84' lang='lat'>&quot;</span> <span class='ocrx_word' id='word_1_787' title='bbox 1104 5819 1259 5875; x_wconf 82' lang='lat' dir='ltr'><strong>Deut.</strong></span> <span class='ocrx_word' id='word_1_788' title='bbox 1299 5835 1336 5886; x_wconf 86' lang='lat' dir='ltr'><strong>t,</strong></span> <span class='ocrx_word' id='word_1_789' title='bbox 1373 5815 1460 5870; x_wconf 69' lang='lat'><strong>{6.</strong></span> 
     </span>
    </p>
   </div>
   <div class='ocr_carea' id='block_1_106' title="bbox 1539 5813 2045 5880">
    <p class='ocr_par' dir='ltr' id='par_1_106' title="bbox 1539 5813 2045 5880">
     <span class='ocr_line' id='line_1_106' title="bbox 1539 5813 2045 5880; baseline 0.01 -13"><span class='ocrx_word' id='word_1_790' title='bbox 1539 5817 1584 5849; x_wconf 77' lang='grc'><strong>’⁸</strong></span> <span class='ocrx_word' id='word_1_791' title='bbox 1616 5813 1815 5870; x_wconf 81' lang='lat' dir='ltr'><strong>llabar.</strong></span> <span class='ocrx_word' id='word_1_792' title='bbox 1848 5830 1884 5880; x_wconf 83' lang='grc' dir='ltr'><strong>ι,</strong></span> <span class='ocrx_word' id='word_1_793' title='bbox 1916 5813 2045 5872; x_wconf 71' lang='grc'><strong>2-1.</strong></span> 
     </span>
    </p>
   </div>
   <div class='ocr_carea' id='block_1_107' title="bbox 2056 4634 3649 4705">
    <p class='ocr_par' dir='ltr' id='par_1_107' title="bbox 2056 4634 3649 4705">
     <span class='ocr_line' id='line_1_107' title="bbox 2056 4634 3649 4705; baseline 0.006 -15"><span class='ocrx_word' id='word_1_794' title='bbox 2056 4645 2211 4690; x_wconf 90' lang='lat' dir='ltr'><strong>cusat</strong></span> <span class='ocrx_word' id='word_1_795' title='bbox 2236 4635 2436 4705; x_wconf 88' lang='lat' dir='ltr'><strong>quippe</strong></span> <span class='ocrx_word' id='word_1_796' title='bbox 2465 4649 2559 4690; x_wconf 92' lang='lat' dir='ltr'><strong>eos</strong></span> <span class='ocrx_word' id='word_1_797' title='bbox 2587 4648 2721 4688; x_wconf 88' lang='lat' dir='ltr'><strong>voce</strong></span> <span class='ocrx_word' id='word_1_798' title='bbox 2745 4634 3041 4704; x_wconf 69' lang='lat' dir='ltr'><strong>prepbetaz,</strong></span> <span class='ocrx_word' id='word_1_799' title='bbox 3074 4637 3262 4693; x_wconf 90' lang='lat' dir='ltr'><strong>dicens</strong></span> <span class='ocrx_word' id='word_1_800' title='bbox 3287 4657 3301 4693; x_wconf 89' lang='lat'><strong>:</strong></span> <span class='ocrx_word' id='word_1_801' title='bbox 3339 4638 3527 4696; x_wconf 84' lang='lat' dir='ltr'><strong>Vestes</strong></span> <span class='ocrx_word' id='word_1_802' title='bbox 3558 4657 3649 4699; x_wconf 88' lang='lat' dir='ltr'><strong>eo-</strong></span> 
     </span>
    </p>
   </div>
   <div class='ocr_carea' id='block_1_108' title="bbox 2058 4726 3650 4806">
    <p class='ocr_par' dir='ltr' id='par_1_108' title="bbox 2058 4726 3650 4806">
     <span class='ocr_line' id='line_1_108' title="bbox 2058 4726 3650 4806; baseline 0.006 -24"><span class='ocrx_word' id='word_1_803' title='bbox 2058 4743 2176 4782; x_wconf 88' lang='lat' dir='ltr'><strong>rum</strong></span> <span class='ocrx_word' id='word_1_804' title='bbox 2218 4726 2515 4782; x_wconf 86' lang='lat' dir='ltr'><strong>vincientes</strong></span> <span class='ocrx_word' id='word_1_805' title='bbox 2575 4726 2860 4789; x_wconf 73' lang='lat' dir='ltr'><strong>funiculis,</strong></span> <span class='ocrx_word' id='word_1_806' title='bbox 2929 4729 3049 4784; x_wconf 83' lang='lat' dir='ltr'><strong>vela</strong></span> <span class='ocrx_word' id='word_1_807' title='bbox 3101 4726 3349 4786; x_wconf 76' lang='lat' dir='ltr'><strong>fecerunt</strong></span> <span class='ocrx_word' id='word_1_808' title='bbox 3396 4736 3650 4806; x_wconf 83' lang='lat' dir='ltr'><strong>contigua</strong></span> 
     </span>
    </p>
   </div>
   <div class='ocr_carea' id='block_1_109' title="bbox 2057 4821 3651 4893">
    <p class='ocr_par' dir='ltr' id='par_1_109' title="bbox 2057 4821 3651 4893">
     <span class='ocr_line' id='line_1_109' title="bbox 2057 4821 3651 4893; baseline 0.004 -17"><span class='ocrx_word' id='word_1_809' title='bbox 2057 4821 2234 4885; x_wconf 84' lang='lat' dir='ltr'><strong>altari,</strong></span> <span class='ocrx_word' id='word_1_810' title='bbox 2270 4830 2324 4876; x_wconf 90' lang='lat' dir='ltr'><strong>et</strong></span> <span class='ocrx_word' id='word_1_811' title='bbox 2356 4822 2540 4875; x_wconf 86' lang='lat' dir='ltr'><strong>vinum</strong></span> <span class='ocrx_word' id='word_1_812' title='bbox 2573 4835 2637 4874; x_wconf 85' lang='lat' dir='ltr'><strong>ex</strong></span> <span class='ocrx_word' id='word_1_813' title='bbox 2665 4822 3042 4893; x_wconf 83' lang='lat' dir='ltr'><strong>sycophantiis</strong></span> <span class='ocrx_word' id='word_1_814' title='bbox 3106 4821 3367 4877; x_wconf 89' lang='lat' dir='ltr'><strong>biberunt</strong></span> <span class='ocrx_word' id='word_1_815' title='bbox 3407 4826 3459 4878; x_wconf 93' lang='lat' dir='ltr'><strong>in</strong></span> <span class='ocrx_word' id='word_1_816' title='bbox 3489 4825 3651 4882; x_wconf 88' lang='lat' dir='ltr'><strong>domo</strong></span> 
     </span>
    </p>
   </div>
   <div class='ocr_carea' id='block_1_110' title="bbox 2036 4909 3651 4989">
    <p class='ocr_par' dir='ltr' id='par_1_110' title="bbox 2036 4909 3651 4989">
     <span class='ocr_line' id='line_1_110' title="bbox 2036 4909 3651 4989; baseline 0 -21"><span class='ocrx_word' id='word_1_817' title='bbox 2036 4909 2153 4968; x_wconf 47' lang='lat' dir='ltr'><strong>’Dei</strong></span> <span class='ocrx_word' id='word_1_818' title='bbox 2191 4913 2296 4967; x_wconf 86' lang='lat' dir='ltr'><strong>sui.</strong></span> <span class='ocrx_word' id='word_1_819' title='bbox 2324 4912 2418 4968; x_wconf 78' lang='lat' dir='ltr'><strong>Vae</strong></span> <span class='ocrx_word' id='word_1_820' title='bbox 2459 4914 2659 4981; x_wconf 88' lang='lat' dir='ltr'><strong>itaque,</strong></span> <span class='ocrx_word' id='word_1_821' title='bbox 2696 4913 2889 4982; x_wconf 91' lang='lat' dir='ltr'><strong>inquit,</strong></span> <span class='ocrx_word' id='word_1_822' title='bbox 2928 4911 3012 4966; x_wconf 90' lang='lat' dir='ltr'><strong>his</strong></span> <span class='ocrx_word' id='word_1_823' title='bbox 3040 4913 3132 4982; x_wconf 87' lang='lat' dir='ltr'><strong>qui</strong></span> <span class='ocrx_word' id='word_1_824' title='bbox 3165 4915 3375 4989; x_wconf 86' lang='lat' dir='ltr'><strong>robusti</strong></span> <span class='ocrx_word' id='word_1_825' title='bbox 3432 4927 3560 4970; x_wconf 87' lang='lat' dir='ltr'><strong>sunt</strong></span> <span class='ocrx_word' id='word_1_826' title='bbox 3601 4929 3651 4971; x_wconf 90' lang='lat' dir='ltr'><strong>et</strong></span> 
     </span>
    </p>
   </div>
   <div class='ocr_carea' id='block_1_111' title="bbox 2056 5006 3650 5077">
    <p class='ocr_par' dir='ltr' id='par_1_111' title="bbox 2056 5006 3650 5077">
     <span class='ocr_line' id='line_1_111' title="bbox 2056 5006 3650 5077; baseline 0.004 -20"><span class='ocrx_word' id='word_1_827' title='bbox 2056 5006 2244 5073; x_wconf 81' lang='lat' dir='ltr'><strong>validi,</strong></span> <span class='ocrx_word' id='word_1_828' title='bbox 2298 5007 2389 5075; x_wconf 89' lang='lat' dir='ltr'><strong>qui</strong></span> <span class='ocrx_word' id='word_1_829' title='bbox 2413 5006 2686 5075; x_wconf 80' lang='lat' dir='ltr'><strong>exquisite</strong></span> <span class='ocrx_word' id='word_1_830' title='bbox 2709 5006 2943 5060; x_wconf 84' lang='lat' dir='ltr'><strong>siceram</strong></span> <span class='ocrx_word' id='word_1_831' title='bbox 2980 5006 3264 5070; x_wconf 86' lang='lat' dir='ltr'><strong>condiunt,</strong></span> <span class='ocrx_word' id='word_1_832' title='bbox 3296 5007 3388 5075; x_wconf 88' lang='lat' dir='ltr'><strong>qui</strong></span> <span class='ocrx_word' id='word_1_833' title='bbox 3441 5008 3650 5077; x_wconf 84' lang='lat' dir='ltr'><strong>potioni</strong></span> 
     </span>
    </p>
   </div>
   <div class='ocr_carea' id='block_1_112' title="bbox 2056 5095 3649 5168">
    <p class='ocr_par' dir='ltr' id='par_1_112' title="bbox 2056 5095 3649 5168">
     <span class='ocr_line' id='line_1_112' title="bbox 2056 5095 3649 5168; baseline -0.001 -16"><span class='ocrx_word' id='word_1_834' title='bbox 2056 5096 2357 5168; x_wconf 82' lang='lat' dir='ltr'><strong>indulgent,</strong></span> <span class='ocrx_word' id='word_1_835' title='bbox 2411 5106 2467 5151; x_wconf 90' lang='lat' dir='ltr'><strong>et</strong></span> <span class='ocrx_word' id='word_1_836' title='bbox 2509 5095 2775 5151; x_wconf 84' lang='lat' dir='ltr'><strong>ebrietate</strong></span> <span class='ocrx_word' id='word_1_837' title='bbox 2828 5096 3188 5162; x_wconf 86' lang='lat' dir='ltr'><strong>delectantur,</strong></span> <span class='ocrx_word' id='word_1_838' title='bbox 3224 5098 3316 5164; x_wconf 90' lang='lat' dir='ltr'><strong>qui</strong></span> <span class='ocrx_word' id='word_1_839' title='bbox 3377 5097 3649 5167; x_wconf 87' lang='lat' dir='ltr'><strong>justitiam</strong></span> 
     </span>
    </p>
   </div>
   <div class='ocr_carea' id='block_1_113' title="bbox 2056 5188 3648 5259">
    <p class='ocr_par' dir='ltr' id='par_1_113' title="bbox 2056 5188 3648 5259">
     <span class='ocr_line' id='line_1_113' title="bbox 2056 5188 3648 5259; baseline 0.001 -16"><span class='ocrx_word' id='word_1_840' title='bbox 2056 5190 2249 5244; x_wconf 85' lang='lat' dir='ltr'><strong>tollunt</strong></span> <span class='ocrx_word' id='word_1_841' title='bbox 2284 5204 2315 5244; x_wconf 89' lang='lat' dir='ltr'><strong>a</strong></span> <span class='ocrx_word' id='word_1_842' title='bbox 2355 5189 2532 5259; x_wconf 89' lang='lat' dir='ltr'><strong>justo,</strong></span> <span class='ocrx_word' id='word_1_843' title='bbox 2571 5189 2624 5243; x_wconf 93' lang='lat' dir='ltr'><strong>id</strong></span> <span class='ocrx_word' id='word_1_844' title='bbox 2665 5199 2766 5252; x_wconf 89' lang='lat' dir='ltr'><strong>est,</strong></span> <span class='ocrx_word' id='word_1_845' title='bbox 2809 5188 3010 5259; x_wconf 83' lang='lat' dir='ltr'><strong>injuste</strong></span> <span class='ocrx_word' id='word_1_846' title='bbox 3048 5203 3369 5258; x_wconf 84' lang='lat' dir='ltr'><strong>oppressum</strong></span> <span class='ocrx_word' id='word_1_847' title='bbox 3398 5193 3648 5247; x_wconf 80' lang='lat' dir='ltr'><strong>condem-</strong></span> 
     </span>
    </p>
   </div>
   <div class='ocr_carea' id='block_1_114' title="bbox 2055 5282 3649 5353">
    <p class='ocr_par' dir='ltr' id='par_1_114' title="bbox 2055 5282 3649 5353">
     <span class='ocr_line' id='line_1_114' title="bbox 2055 5282 3649 5353; baseline -0.003 -14"><span class='ocrx_word' id='word_1_848' title='bbox 2055 5295 2207 5353; x_wconf 89' lang='lat' dir='ltr'><strong>nant,</strong></span> <span class='ocrx_word' id='word_1_849' title='bbox 2241 5294 2293 5340; x_wconf 81' lang='lat' dir='ltr'><strong>et</strong></span> <span class='ocrx_word' id='word_1_850' title='bbox 2326 5300 2544 5339; x_wconf 86' lang='lat' dir='ltr'><strong>causam</strong></span> <span class='ocrx_word' id='word_1_851' title='bbox 2572 5282 2853 5338; x_wconf 86' lang='lat' dir='ltr'><strong>hominum</strong></span> <span class='ocrx_word' id='word_1_852' title='bbox 2883 5282 3126 5338; x_wconf 61' lang='lat' dir='ltr'><strong>avaritiae</strong></span> <span class='ocrx_word' id='word_1_853' title='bbox 3151 5282 3485 5337; x_wconf 82' lang='lat' dir='ltr'><strong>studentium</strong></span> <span class='ocrx_word' id='word_1_854' title='bbox 3505 5283 3649 5351; x_wconf 77' lang='lat' dir='ltr'><strong>justa</strong></span> 
     </span>
    </p>
   </div>
   <div class='ocr_carea' id='block_1_115' title="bbox 2052 5374 3647 5445">
    <p class='ocr_par' dir='ltr' id='par_1_115' title="bbox 2052 5374 3647 5445">
     <span class='ocr_line' id='line_1_115' title="bbox 2052 5374 3647 5445; baseline -0.004 -11"><span class='ocrx_word' id='word_1_855' title='bbox 2052 5379 2319 5435; x_wconf 81' lang='lat' dir='ltr'><strong>sententia</strong></span> <span class='ocrx_word' id='word_1_856' title='bbox 2346 5375 2626 5444; x_wconf 83' lang='lat' dir='ltr'><strong>adjuvant.</strong></span> <span class='ocrx_word' id='word_1_857' title='bbox 2662 5374 2729 5429; x_wconf 88' lang='lat' dir='ltr'><strong>Et</strong></span> <span class='ocrx_word' id='word_1_858' title='bbox 2773 5375 2875 5430; x_wconf 92' lang='lat' dir='ltr'><strong>hoc</strong></span> <span class='ocrx_word' id='word_1_859' title='bbox 2918 5376 3076 5445; x_wconf 87' lang='lat' dir='ltr'><strong>plane</strong></span> <span class='ocrx_word' id='word_1_860' title='bbox 3136 5385 3242 5441; x_wconf 90' lang='lat' dir='ltr'><strong>est,</strong></span> <span class='ocrx_word' id='word_1_861' title='bbox 3287 5386 3344 5429; x_wconf 86' lang='lat' dir='ltr'><strong>ut</strong></span> <span class='ocrx_word' id='word_1_862' title='bbox 3390 5376 3647 5439; x_wconf 88' lang='lat' dir='ltr'><strong>arbitror,</strong></span> 
     </span>
    </p>
   </div>
   <div class='ocr_carea' id='block_1_116' title="bbox 2056 5466 3651 5533">
    <p class='ocr_par' dir='ltr' id='par_1_116' title="bbox 2056 5466 3651 5533">
     <span class='ocr_line' id='line_1_116' title="bbox 2056 5466 3651 5533; baseline -0.003 -8"><span class='ocrx_word' id='word_1_863' title='bbox 2056 5471 2264 5525; x_wconf 81' lang='lat' dir='ltr'><strong>inalntn</strong></span> <span class='ocrx_word' id='word_1_864' title='bbox 2295 5471 2481 5524; x_wconf 85' lang='lat' dir='ltr'><strong>dicere</strong></span> <span class='ocrx_word' id='word_1_865' title='bbox 2519 5469 2742 5533; x_wconf 87' lang='lat' dir='ltr'><strong>bonum,</strong></span> <span class='ocrx_word' id='word_1_866' title='bbox 2770 5477 2826 5523; x_wconf 84' lang='lat' dir='ltr'><strong>ct</strong></span> <span class='ocrx_word' id='word_1_867' title='bbox 2867 5468 3064 5523; x_wconf 86' lang='lat' dir='ltr'><strong>bonum</strong></span> <span class='ocrx_word' id='word_1_868' title='bbox 3128 5468 3350 5533; x_wconf 87' lang='lat' dir='ltr'><strong>malum,</strong></span> <span class='ocrx_word' id='word_1_869' title='bbox 3404 5466 3651 5522; x_wconf 86' lang='lat' dir='ltr'><strong>tenebras</strong></span> 
     </span>
    </p>
   </div>
   <div class='ocr_carea' id='block_1_117' title="bbox 2057 5554 3645 5628">
    <p class='ocr_par' dir='ltr' id='par_1_117' title="bbox 2057 5554 3645 5628">
     <span class='ocr_line' id='line_1_117' title="bbox 2057 5554 3645 5628; baseline -0.004 -12"><span class='ocrx_word' id='word_1_870' title='bbox 2057 5564 2255 5628; x_wconf 70' lang='lat' dir='ltr'><strong>lucem,</strong></span> <span class='ocrx_word' id='word_1_871' title='bbox 2306 5573 2360 5616; x_wconf 86' lang='lat' dir='ltr'><strong>et</strong></span> <span class='ocrx_word' id='word_1_872' title='bbox 2396 5562 2570 5614; x_wconf 88' lang='lat' dir='ltr'><strong>lucem</strong></span> <span class='ocrx_word' id='word_1_873' title='bbox 2602 5561 2880 5623; x_wconf 81' lang='lat' dir='ltr'><strong>tenebras,</strong></span> <span class='ocrx_word' id='word_1_874' title='bbox 2914 5572 3161 5612; x_wconf 89' lang='lat' dir='ltr'><strong>amarum</strong></span> <span class='ocrx_word' id='word_1_875' title='bbox 3193 5557 3373 5618; x_wconf 78' lang='lat' dir='ltr'><strong>dulce,</strong></span> <span class='ocrx_word' id='word_1_876' title='bbox 3404 5564 3456 5607; x_wconf 89' lang='lat' dir='ltr'><strong>et</strong></span> <span class='ocrx_word' id='word_1_877' title='bbox 3484 5554 3645 5610; x_wconf 77' lang='lat' dir='ltr'><strong>dulce</strong></span> 
     </span>
    </p>
   </div>
   <div class='ocr_carea' id='block_1_118' title="bbox 2056 5651 3720 5728">
    <p class='ocr_par' dir='ltr' id='par_1_118' title="bbox 2056 5651 3720 5728">
     <span class='ocr_line' id='line_1_118' title="bbox 2056 5651 3720 5728; baseline -0.004 -17"><span class='ocrx_word' id='word_1_878' title='bbox 2056 5674 2326 5712; x_wconf 79' lang='lat' dir='ltr'><strong>amarum.</strong></span> <span class='ocrx_word' id='word_1_879' title='bbox 2396 5655 2649 5728; x_wconf 85' lang='lat' dir='ltr'><strong>Deplorat</strong></span> <span class='ocrx_word' id='word_1_880' title='bbox 2713 5665 2896 5710; x_wconf 81' lang='lat' dir='ltr'><strong>autem</strong></span> <span class='ocrx_word' id='word_1_881' title='bbox 2959 5655 3011 5707; x_wconf 90' lang='lat' dir='ltr'><strong>in</strong></span> <span class='ocrx_word' id='word_1_882' title='bbox 3067 5652 3321 5708; x_wconf 85' lang='lat' dir='ltr'><strong>omnibus</strong></span> <span class='ocrx_word' id='word_1_883' title='bbox 3374 5651 3649 5721; x_wconf 81' lang='lat' dir='ltr'><strong>robustos,</strong></span> <span class='ocrx_word' id='word_1_884' title='bbox 3708 5660 3720 5671; x_wconf 84' lang='lat'><strong><em>&#39;</em></strong></span> 
     </span>
    </p>
   </div>
   <div class='ocr_carea' id='block_1_119' title="bbox 2119 5812 2497 5881">
    <p class='ocr_par' dir='ltr' id='par_1_119' title="bbox 2119 5812 2497 5881">
     <span class='ocr_line' id='line_1_119' title="bbox 2119 5812 2497 5881; baseline 0 -13"><span class='ocrx_word' id='word_1_885' title='bbox 2119 5816 2166 5847; x_wconf 86' lang='lat'><strong>&quot;</strong></span> <span class='ocrx_word' id='word_1_886' title='bbox 2196 5814 2301 5869; x_wconf 83' lang='lat' dir='ltr'><strong>lsa.</strong></span> <span class='ocrx_word' id='word_1_887' title='bbox 2337 5829 2374 5881; x_wconf 87' lang='lat' dir='ltr'><strong>t,</strong></span> <span class='ocrx_word' id='word_1_888' title='bbox 2404 5812 2497 5869; x_wconf 71' lang='lat'><strong>25.</strong></span> 
     </span>
    </p>
   </div>
  </div>
