  <div class='ocr_page' id='page_1' title='image "/cluster/home/n/w/nwhite01/storage/ocr_20150623/70:no.3/coo.31924054869726/089.png"; bbox 0 0 4100 6510; ppageno 0'>
   <div class='ocr_carea' id='block_1_1' title="bbox 443 402 545 455">
    <p class='ocr_par' dir='ltr' id='par_1_1' title="bbox 443 402 545 455">
     <span class='ocr_line' id='line_1_1' title="bbox 443 402 545 455; baseline 0.02 -2"><span class='ocrx_word' id='word_1_1' title='bbox 443 402 545 455; x_wconf 76' lang='grc' dir='ltr'><strong>1υὸ</strong></span> 
     </span>
    </p>
   </div>
   <div class='ocr_carea' id='block_1_2' title="bbox 1434 382 2695 449">
    <p class='ocr_par' dir='ltr' id='par_1_2' title="bbox 1434 382 2695 449">
     <span class='ocr_line' id='line_1_2' title="bbox 1434 382 2695 449; baseline -0.008 0"><span class='ocrx_word' id='word_1_2' title='bbox 1434 394 1493 449; x_wconf 90' lang='lat' dir='ltr'><strong>S.</strong></span> <span class='ocrx_word' id='word_1_3' title='bbox 1536 389 1817 448; x_wconf 80' lang='lat' dir='ltr'><strong>CYRlLLl</strong></span> <span class='ocrx_word' id='word_1_4' title='bbox 1859 384 2331 442; x_wconf 69' lang='lat' dir='ltr'><strong>ALEXANDBINI</strong></span> <span class='ocrx_word' id='word_1_5' title='bbox 2372 382 2695 440; x_wconf 74' lang='lat' dir='ltr'><strong>ARCHIEP.</strong></span> 
     </span>
    </p>
   </div>
   <div class='ocr_carea' id='block_1_3' title="bbox 3634 388 3731 442">
    <p class='ocr_par' dir='ltr' id='par_1_3' title="bbox 3634 388 3731 442">
     <span class='ocr_line' id='line_1_3' title="bbox 3634 388 3731 442; baseline 0.031 -3"><span class='ocrx_word' id='word_1_6' title='bbox 3634 388 3731 442; x_wconf 55' lang='lat' dir='ltr'><strong>lli</strong></span> 
     </span>
    </p>
   </div>
   <div class='ocr_carea' id='block_1_4' title="bbox 441 502 2040 588">
    <p class='ocr_par' dir='ltr' id='par_1_4' title="bbox 441 510 2029 588">
     <span class='ocr_line' id='line_1_4' title="bbox 441 510 2029 588; baseline -0.009 -17"><span class='ocrx_word' id='word_1_7' title='bbox 441 515 815 588; x_wconf 78' lang='lat' dir='ltr'><strong>praecellentes</strong></span> <span class='ocrx_word' id='word_1_8' title='bbox 868 524 919 570; x_wconf 89' lang='lat' dir='ltr'><strong>et</strong></span> <span class='ocrx_word' id='word_1_9' title='bbox 984 523 1368 585; x_wconf 71' lang='lat' dir='ltr'><strong>prmpotcntes,</strong></span> <span class='ocrx_word' id='word_1_10' title='bbox 1437 510 1873 580; x_wconf 84' lang='lat' dir='ltr'><strong>quandoquidem</strong></span> <span class='ocrx_word' id='word_1_11' title='bbox 1934 522 2029 576; x_wconf 74' lang='lat' dir='ltr'><strong>[m-</strong></span> 
     </span>
    </p>
   </div>
   <div class='ocr_carea' id='block_1_5' title="bbox 2141 502 3729 588">
    <p class='ocr_par' dir='ltr' id='par_1_5' title="bbox 2141 502 3729 575">
     <span class='ocr_line' id='line_1_5' title="bbox 2141 502 3729 575; baseline 0 -17"><span class='ocrx_word' id='word_1_12' title='bbox 2141 506 2189 559; x_wconf 76' lang='grc' dir='ltr'><strong>ιδ</strong></span> <span class='ocrx_word' id='word_1_13' title='bbox 2220 506 2414 575; x_wconf 67' lang='grc' dir='ltr'>πικρὸν</span> <span class='ocrx_word' id='word_1_14' title='bbox 2449 505 2641 572; x_wconf 59' lang='grc' dir='ltr'>γλυκὺ,</span> <span class='ocrx_word' id='word_1_15' title='bbox 2672 505 2764 557; x_wconf 74' lang='grc' dir='ltr'><strong>καὶ</strong></span> <span class='ocrx_word' id='word_1_16' title='bbox 2800 502 2858 556; x_wconf 80' lang='grc' dir='ltr'><strong>τὸ</strong></span> <span class='ocrx_word' id='word_1_17' title='bbox 2898 503 3069 572; x_wconf 76' lang='grc' dir='ltr'>γλυκὺ</span> <span class='ocrx_word' id='word_1_18' title='bbox 3110 502 3326 573; x_wconf 81' lang='grc' dir='ltr'>πικρόν.</span> <span class='ocrx_word' id='word_1_19' title='bbox 3347 502 3543 556; x_wconf 78' lang='grc' dir='ltr'><strong>’ἰστέον</strong></span> <span class='ocrx_word' id='word_1_20' title='bbox 3573 503 3626 555; x_wconf 70' lang='grc' dir='ltr'>δὲ</span> <span class='ocrx_word' id='word_1_21' title='bbox 3651 505 3729 558; x_wconf 69' lang='grc' dir='ltr'>ὅτι</span> 
     </span>
    </p>
   </div>
   <div class='ocr_carea' id='block_1_6' title="bbox 444 599 2027 677">
    <p class='ocr_par' dir='ltr' id='par_1_6' title="bbox 444 599 2027 677">
     <span class='ocr_line' id='line_1_6' title="bbox 444 599 2027 677; baseline -0.009 -13"><span class='ocrx_word' id='word_1_22' title='bbox 444 619 621 664; x_wconf 78' lang='lat' dir='ltr'><strong>lentes</strong></span> <span class='ocrx_word' id='word_1_23' title='bbox 645 616 895 677; x_wconf 85' lang='lat' dir='ltr'><strong>potenter</strong></span> <span class='ocrx_word' id='word_1_24' title='bbox 919 618 973 661; x_wconf 88' lang='lat' dir='ltr'><strong>et</strong></span> <span class='ocrx_word' id='word_1_25' title='bbox 998 607 1199 660; x_wconf 87' lang='lat' dir='ltr'><strong>acriter</strong></span> <span class='ocrx_word' id='word_1_26' title='bbox 1232 602 1650 673; x_wconf 85' lang='lat' dir='ltr'><strong>torquebuutur,</strong></span> <span class='ocrx_word' id='word_1_27' title='bbox 1681 609 1735 654; x_wconf 88' lang='lat' dir='ltr'><strong>et</strong></span> <span class='ocrx_word' id='word_1_28' title='bbox 1767 599 1853 654; x_wconf 88' lang='lat' dir='ltr'><strong>cui</strong></span> <span class='ocrx_word' id='word_1_29' title='bbox 1888 599 2027 651; x_wconf 85' lang='lat' dir='ltr'><strong>mul-</strong></span> 
     </span>
    </p>
   </div>
   <div class='ocr_carea' id='block_1_7' title="bbox 439 688 2041 764">
    <p class='ocr_par' dir='ltr' id='par_1_7' title="bbox 439 688 2041 764">
     <span class='ocr_line' id='line_1_7' title="bbox 439 688 2041 764; baseline -0.007 -10"><span class='ocrx_word' id='word_1_30' title='bbox 439 706 558 754; x_wconf 83' lang='lat' dir='ltr'><strong>tum</strong></span> <span class='ocrx_word' id='word_1_31' title='bbox 602 700 843 754; x_wconf 86' lang='lat' dir='ltr'><strong>additum</strong></span> <span class='ocrx_word' id='word_1_32' title='bbox 896 707 998 764; x_wconf 91' lang='lat' dir='ltr'><strong>est,</strong></span> <span class='ocrx_word' id='word_1_33' title='bbox 1053 698 1120 752; x_wconf 91' lang='lat' dir='ltr'><strong>ab</strong></span> <span class='ocrx_word' id='word_1_34' title='bbox 1163 711 1227 751; x_wconf 85' lang='lat' dir='ltr'><strong>eo</strong></span> <span class='ocrx_word' id='word_1_35' title='bbox 1285 694 1512 750; x_wconf 81' lang='lat' dir='ltr'><strong>multum</strong></span> <span class='ocrx_word' id='word_1_36' title='bbox 1555 693 1825 762; x_wconf 78' lang='lat' dir='ltr'><strong>exigetur,</strong></span> <span class='ocrx_word' id='word_1_37' title='bbox 1872 688 2041 759; x_wconf 74' lang='lat' dir='ltr'><strong>juxta&#39;</strong></span> 
     </span>
    </p>
   </div>
   <div class='ocr_carea' id='block_1_8' title="bbox 441 778 2032 855">
    <p class='ocr_par' dir='ltr' id='par_1_8' title="bbox 441 778 2032 855">
     <span class='ocr_line' id='line_1_8' title="bbox 441 778 2032 855; baseline -0.009 -9"><span class='ocrx_word' id='word_1_38' title='bbox 441 778 1001 846; x_wconf 41' lang='lat' dir='ltr'><strong>vocetn&#39;Servatoris.</strong></span> <span class='ocrx_word' id='word_1_39' title='bbox 1053 787 1172 843; x_wconf 86' lang='lat' dir='ltr'><strong>Non</strong></span> <span class='ocrx_word' id='word_1_40' title='bbox 1204 788 1348 842; x_wconf 89' lang='lat' dir='ltr'><strong>enim</strong></span> <span class='ocrx_word' id='word_1_41' title='bbox 1407 787 1520 855; x_wconf 88' lang='lat' dir='ltr'><strong>pari</strong></span> <span class='ocrx_word' id='word_1_42' title='bbox 1577 782 1842 853; x_wconf 78' lang='lat' dir='ltr'><strong>supplicio</strong></span> <span class='ocrx_word' id='word_1_43' title='bbox 1912 778 2032 834; x_wconf 74' lang='lat' dir='ltr'><strong>alli-</strong></span> 
     </span>
    </p>
   </div>
   <div class='ocr_carea' id='block_1_9' title="bbox 444 874 2034 950">
    <p class='ocr_par' dir='ltr' id='par_1_9' title="bbox 444 874 2034 950">
     <span class='ocr_line' id='line_1_9' title="bbox 444 874 2034 950; baseline -0.008 -15"><span class='ocrx_word' id='word_1_44' title='bbox 444 884 656 935; x_wconf 89' lang='lat' dir='ltr'><strong>cientur</strong></span> <span class='ocrx_word' id='word_1_45' title='bbox 686 881 955 950; x_wconf 89' lang='lat' dir='ltr'><strong>principes</strong></span> <span class='ocrx_word' id='word_1_46' title='bbox 983 888 1034 934; x_wconf 91' lang='lat' dir='ltr'><strong>et</strong></span> <span class='ocrx_word' id='word_1_47' title='bbox 1063 879 1288 933; x_wconf 76' lang='lat' dir='ltr'><strong>subditi.</strong></span> <span class='ocrx_word' id='word_1_48' title='bbox 1346 876 1560 931; x_wconf 81' lang='lat' dir='ltr'><strong>Etenim</strong></span> <span class='ocrx_word' id='word_1_49' title='bbox 1613 874 1669 929; x_wconf 86' lang='lat' dir='ltr'><strong>hi</strong></span> <span class='ocrx_word' id='word_1_50' title='bbox 1730 878 2034 943; x_wconf 66' lang='lat' dir='ltr'><strong>praetexunt</strong></span> 
     </span>
    </p>
   </div>
   <div class='ocr_carea' id='block_1_10' title="bbox 444 963 2033 1028">
    <p class='ocr_par' dir='ltr' id='par_1_10' title="bbox 444 963 2033 1028">
     <span class='ocr_line' id='line_1_10' title="bbox 444 963 2033 1028; baseline -0.009 0"><span class='ocrx_word' id='word_1_51' title='bbox 444 974 714 1028; x_wconf 77' lang='lat' dir='ltr'><strong>interdum</strong></span> <span class='ocrx_word' id='word_1_52' title='bbox 758 990 818 1027; x_wconf 81' lang='lat' dir='ltr'><strong>se</strong></span> <span class='ocrx_word' id='word_1_53' title='bbox 848 988 954 1027; x_wconf 92' lang='lat' dir='ltr'><strong>non</strong></span> <span class='ocrx_word' id='word_1_54' title='bbox 996 973 1138 1027; x_wconf 86' lang='lat' dir='ltr'><strong>scire</strong></span> <span class='ocrx_word' id='word_1_55' title='bbox 1162 971 1492 1025; x_wconf 84' lang='lat' dir='ltr'><strong>voluntatem</strong></span> <span class='ocrx_word' id='word_1_56' title='bbox 1541 966 1743 1023; x_wconf 82' lang='lat' dir='ltr'><strong>domini</strong></span> <span class='ocrx_word' id='word_1_57' title='bbox 1799 963 1880 1019; x_wconf 92' lang='lat' dir='ltr'><strong>sui</strong></span> <span class='ocrx_word' id='word_1_58' title='bbox 1916 980 1929 1017; x_wconf 89' lang='lat'><strong>:</strong></span> <span class='ocrx_word' id='word_1_59' title='bbox 1977 971 2033 1014; x_wconf 89' lang='lat' dir='ltr'><strong>at</strong></span> 
     </span>
    </p>
   </div>
   <div class='ocr_carea' id='block_1_11' title="bbox 447 1058 2026 1129">
    <p class='ocr_par' dir='ltr' id='par_1_11' title="bbox 447 1058 2026 1129">
     <span class='ocr_line' id='line_1_11' title="bbox 447 1058 2026 1129; baseline -0.008 -10"><span class='ocrx_word' id='word_1_60' title='bbox 447 1063 520 1119; x_wconf 86' lang='lat' dir='ltr'><strong>illi</strong></span> <span class='ocrx_word' id='word_1_61' title='bbox 557 1065 660 1118; x_wconf 88' lang='lat' dir='ltr'><strong>etsi</strong></span> <span class='ocrx_word' id='word_1_62' title='bbox 708 1067 887 1119; x_wconf 89' lang='lat' dir='ltr'><strong>sciant</strong></span> <span class='ocrx_word' id='word_1_63' title='bbox 930 1063 1299 1129; x_wconf 78' lang='lat' dir='ltr'><strong>exactissime,</strong></span> <span class='ocrx_word' id='word_1_64' title='bbox 1350 1076 1456 1115; x_wconf 93' lang='lat' dir='ltr'><strong>non</strong></span> <span class='ocrx_word' id='word_1_65' title='bbox 1509 1058 1760 1113; x_wconf 83' lang='lat' dir='ltr'><strong>fecerunt</strong></span> <span class='ocrx_word' id='word_1_66' title='bbox 1826 1065 2026 1108; x_wconf 90' lang='lat' dir='ltr'><strong>tamen.</strong></span> 
     </span>
    </p>
   </div>
   <div class='ocr_carea' id='block_1_12' title="bbox 445 1145 2031 1224">
    <p class='ocr_par' dir='ltr' id='par_1_12' title="bbox 445 1145 2031 1224">
     <span class='ocr_line' id='line_1_12' title="bbox 445 1145 2031 1224; baseline -0.006 -15"><span class='ocrx_word' id='word_1_67' title='bbox 445 1156 687 1224; x_wconf 83' lang='lat' dir='ltr'><strong>Eamque</strong></span> <span class='ocrx_word' id='word_1_68' title='bbox 720 1156 789 1210; x_wconf 87' lang='lat' dir='ltr'><strong>ob</strong></span> <span class='ocrx_word' id='word_1_69' title='bbox 837 1170 1060 1209; x_wconf 79' lang='lat' dir='ltr'><strong>causam</strong></span> <span class='ocrx_word' id='word_1_70' title='bbox 1091 1154 1286 1209; x_wconf 89' lang='lat' dir='ltr'><strong>merito</strong></span> <span class='ocrx_word' id='word_1_71' title='bbox 1328 1151 1544 1208; x_wconf 87' lang='lat' dir='ltr'><strong>duriora</strong></span> <span class='ocrx_word' id='word_1_72' title='bbox 1572 1149 1844 1221; x_wconf 88' lang='lat' dir='ltr'><strong>patientur</strong></span> <span class='ocrx_word' id='word_1_73' title='bbox 1883 1145 2031 1201; x_wconf 86' lang='lat' dir='ltr'><strong>abeo</strong></span> 
     </span>
    </p>
   </div>
   <div class='ocr_carea' id='block_1_13' title="bbox 445 1245 1052 1319">
    <p class='ocr_par' dir='ltr' id='par_1_13' title="bbox 445 1245 1052 1319">
     <span class='ocr_line' id='line_1_13' title="bbox 445 1245 1052 1319; baseline -0.003 -17"><span class='ocrx_word' id='word_1_74' title='bbox 445 1249 535 1318; x_wconf 85' lang='lat' dir='ltr'><strong>qui</strong></span> <span class='ocrx_word' id='word_1_75' title='bbox 571 1263 787 1319; x_wconf 75' lang='lat' dir='ltr'><strong>pmnam</strong></span> <span class='ocrx_word' id='word_1_76' title='bbox 825 1245 1052 1318; x_wconf 79' lang='lat' dir='ltr'><strong>irrogat.</strong></span> 
     </span>
    </p>
   </div>
   <div class='ocr_carea' id='block_1_14' title="bbox 519 1415 2035 1488">
    <p class='ocr_par' dir='ltr' id='par_1_14' title="bbox 519 1415 2035 1488">
     <span class='ocr_line' id='line_1_14' title="bbox 519 1415 2035 1488; baseline -0.003 -16"><span class='ocrx_word' id='word_1_77' title='bbox 519 1419 682 1472; x_wconf 72' lang='lat' dir='ltr'><strong>Vens.</strong></span> <span class='ocrx_word' id='word_1_78' title='bbox 720 1418 810 1472; x_wconf 64' lang='grc'>24.</span> <span class='ocrx_word' id='word_1_79' title='bbox 844 1416 1130 1488; x_wconf 81' lang='lat' dir='ltr'><strong>Propterea</strong></span> <span class='ocrx_word' id='word_1_80' title='bbox 1177 1415 1617 1487; x_wconf 83' lang='lat' dir='ltr'><strong>quemadmodum</strong></span> <span class='ocrx_word' id='word_1_81' title='bbox 1642 1424 1893 1468; x_wconf 71' lang='lat' dir='ltr'><strong>exuratur</strong></span> <span class='ocrx_word' id='word_1_82' title='bbox 1936 1415 2035 1468; x_wconf 77' lang='lat' dir='ltr'><strong>sti-</strong></span> 
     </span>
    </p>
   </div>
   <div class='ocr_carea' id='block_1_15' title="bbox 446 1507 2035 1579">
    <p class='ocr_par' dir='ltr' id='par_1_15' title="bbox 446 1507 2035 1579">
     <span class='ocr_line' id='line_1_15' title="bbox 446 1507 2035 1579; baseline -0.001 -19"><span class='ocrx_word' id='word_1_83' title='bbox 446 1517 572 1579; x_wconf 74' lang='lat' dir='ltr'><strong>pula</strong></span> <span class='ocrx_word' id='word_1_84' title='bbox 610 1526 642 1562; x_wconf 93' lang='lat' dir='ltr'><strong>a</strong></span> <span class='ocrx_word' id='word_1_85' title='bbox 670 1511 894 1563; x_wconf 75' lang='lat' dir='ltr'><strong>carbone</strong></span> <span class='ocrx_word' id='word_1_86' title='bbox 924 1511 1082 1578; x_wconf 78' lang='lat' dir='ltr'><strong>ignis,</strong></span> <span class='ocrx_word' id='word_1_87' title='bbox 1106 1519 1151 1562; x_wconf 87' lang='lat' dir='ltr'><strong>et</strong></span> <span class='ocrx_word' id='word_1_88' title='bbox 1188 1510 1521 1561; x_wconf 74' lang='lat' dir='ltr'><strong>comburetur</strong></span> <span class='ocrx_word' id='word_1_89' title='bbox 1558 1524 1588 1558; x_wconf 89' lang='lat' dir='ltr'><strong>a</strong></span> <span class='ocrx_word' id='word_1_90' title='bbox 1616 1507 1835 1574; x_wconf 78' lang='lat' dir='ltr'><strong>ﬂamma</strong></span> <span class='ocrx_word' id='word_1_91' title='bbox 1900 1522 2035 1559; x_wconf 80' lang='lat' dir='ltr'><strong>reso-</strong></span> 
     </span>
    </p>
   </div>
   <div class='ocr_carea' id='block_1_16' title="bbox 449 1600 2031 1672">
    <p class='ocr_par' dir='ltr' id='par_1_16' title="bbox 449 1600 2031 1672">
     <span class='ocr_line' id='line_1_16' title="bbox 449 1600 2031 1672; baseline 0 -19"><span class='ocrx_word' id='word_1_92' title='bbox 449 1607 585 1661; x_wconf 83' lang='lat' dir='ltr'><strong>luta.</strong></span> <span class='ocrx_word' id='word_1_93' title='bbox 645 1604 800 1655; x_wconf 76' lang='lat' dir='ltr'><strong>radix</strong></span> <span class='ocrx_word' id='word_1_94' title='bbox 828 1618 1009 1655; x_wconf 85' lang='lat' dir='ltr'><strong>eorum</strong></span> <span class='ocrx_word' id='word_1_95' title='bbox 1047 1602 1199 1672; x_wconf 82' lang='lat' dir='ltr'><strong>quasi</strong></span> <span class='ocrx_word' id='word_1_96' title='bbox 1224 1602 1418 1672; x_wconf 86' lang='lat' dir='ltr'><strong>lanugo</strong></span> <span class='ocrx_word' id='word_1_97' title='bbox 1444 1600 1564 1665; x_wconf 84' lang='lat' dir='ltr'><strong>erit,</strong></span> <span class='ocrx_word' id='word_1_98' title='bbox 1595 1611 1641 1654; x_wconf 86' lang='lat' dir='ltr'><strong>et</strong></span> <span class='ocrx_word' id='word_1_99' title='bbox 1705 1601 1802 1668; x_wconf 80' lang='lat' dir='ltr'><strong>[los</strong></span> <span class='ocrx_word' id='word_1_100' title='bbox 1853 1615 2031 1653; x_wconf 80' lang='lat' dir='ltr'><strong>eorum</strong></span> 
     </span>
    </p>
   </div>
   <div class='ocr_carea' id='block_1_17' title="bbox 447 1694 953 1746">
    <p class='ocr_par' dir='ltr' id='par_1_17' title="bbox 447 1694 953 1746">
     <span class='ocr_line' id='line_1_17' title="bbox 447 1694 953 1746; baseline 0 0"><span class='ocrx_word' id='word_1_101' title='bbox 447 1705 501 1746; x_wconf 83' lang='lat' dir='ltr'><strong>ut</strong></span> <span class='ocrx_word' id='word_1_102' title='bbox 534 1694 664 1746; x_wconf 78' lang='lat' dir='ltr'><strong>cinis</strong></span> <span class='ocrx_word' id='word_1_103' title='bbox 693 1696 953 1746; x_wconf 75' lang='lat' dir='ltr'><strong>ascendet.</strong></span> 
     </span>
    </p>
   </div>
   <div class='ocr_carea' id='block_1_18' title="bbox 513 1782 2031 1856">
    <p class='ocr_par' dir='ltr' id='par_1_18' title="bbox 513 1782 2031 1856">
     <span class='ocr_line' id='line_1_18' title="bbox 513 1782 2031 1856; baseline -0.001 -19"><span class='ocrx_word' id='word_1_104' title='bbox 513 1785 624 1856; x_wconf 79' lang='lat'><strong>96</strong></span> <span class='ocrx_word' id='word_1_105' title='bbox 650 1785 935 1851; x_wconf 72' lang='grc' dir='ltr'>Ωιιοιιίυιιι,</span> <span class='ocrx_word' id='word_1_106' title='bbox 970 1783 1169 1855; x_wconf 87' lang='lat' dir='ltr'><strong>inquit,</strong></span> <span class='ocrx_word' id='word_1_107' title='bbox 1195 1792 1383 1839; x_wconf 87' lang='lat' dir='ltr'><strong>contra</strong></span> <span class='ocrx_word' id='word_1_108' title='bbox 1414 1798 1474 1838; x_wconf 89' lang='lat' dir='ltr'><strong>se</strong></span> <span class='ocrx_word' id='word_1_109' title='bbox 1508 1782 1609 1853; x_wconf 85' lang='lat' dir='ltr'><strong>ipsi</strong></span> <span class='ocrx_word' id='word_1_110' title='bbox 1643 1789 2031 1852; x_wconf 80' lang='lat' dir='ltr'><strong>protraxerunt</strong></span> 
     </span>
    </p>
   </div>
   <div class='ocr_carea' id='block_1_19' title="bbox 2131 588 3729 667">
    <p class='ocr_par' dir='ltr' id='par_1_19' title="bbox 2131 588 3729 667">
     <span class='ocr_line' id='line_1_19' title="bbox 2131 588 3729 667; baseline -0.002 -16"><span class='ocrx_word' id='word_1_111' title='bbox 2131 597 2346 651; x_wconf 78' lang='grc' dir='ltr'>δυνατοὶ</span> <span class='ocrx_word' id='word_1_112' title='bbox 2364 596 2604 659; x_wconf 75' lang='grc' dir='ltr'><strong>δυνατῶς</strong></span> <span class='ocrx_word' id='word_1_113' title='bbox 2630 594 3022 667; x_wconf 73' lang='grc' dir='ltr'>ετασθήσονται</span> <span class='ocrx_word' id='word_1_114' title='bbox 3046 609 3058 623; x_wconf 86' lang='grc'><strong>·</strong></span> <span class='ocrx_word' id='word_1_115' title='bbox 3083 596 3178 648; x_wconf 69' lang='grc' dir='ltr'><strong>καὶ</strong></span> <span class='ocrx_word' id='word_1_116' title='bbox 3200 588 3243 661; x_wconf 76' lang='grc' dir='ltr'>ᾧ</span> <span class='ocrx_word' id='word_1_117' title='bbox 3271 594 3569 665; x_wconf 76' lang='grc' dir='ltr'>παρέθεντο</span> <span class='ocrx_word' id='word_1_118' title='bbox 3593 595 3729 648; x_wconf 74' lang='grc' dir='ltr'>πολὺ</span> 
     </span>
    </p>
   </div>
   <div class='ocr_carea' id='block_1_20' title="bbox 2133 685 3729 760">
    <p class='ocr_par' dir='ltr' id='par_1_20' title="bbox 2133 685 3729 760">
     <span class='ocr_line' id='line_1_20' title="bbox 2133 685 3729 760; baseline -0.002 -17"><span class='ocrx_word' id='word_1_119' title='bbox 2133 689 2520 760; x_wconf 85' lang='grc' dir='ltr'>περισσότερον</span> <span class='ocrx_word' id='word_1_120' title='bbox 2559 685 2851 742; x_wconf 73' lang='grc' dir='ltr'>ἀπαιτοῦσι</span> <span class='ocrx_word' id='word_1_121' title='bbox 2904 689 3035 756; x_wconf 83' lang='grc' dir='ltr'>παρ’</span> <span class='ocrx_word' id='word_1_122' title='bbox 3070 686 3258 751; x_wconf 73' lang='grc' dir='ltr'>αὑτοῦ,</span> <span class='ocrx_word' id='word_1_123' title='bbox 3313 687 3454 740; x_wconf 78' lang='grc' dir='ltr'>κατὰ</span> <span class='ocrx_word' id='word_1_124' title='bbox 3491 686 3590 758; x_wconf 81' lang='grc' dir='ltr'>τὴν</span> <span class='ocrx_word' id='word_1_125' title='bbox 3633 688 3729 741; x_wconf 76' lang='grc' dir='ltr'><strong>τοῦ</strong></span> 
     </span>
    </p>
   </div>
   <div class='ocr_carea' id='block_1_21' title="bbox 2133 779 3730 853">
    <p class='ocr_par' dir='ltr' id='par_1_21' title="bbox 2133 779 3730 853">
     <span class='ocr_line' id='line_1_21' title="bbox 2133 779 3730 853; baseline -0.001 -18"><span class='ocrx_word' id='word_1_126' title='bbox 2133 782 2383 853; x_wconf 80' lang='grc' dir='ltr'><strong>Σωτῆρος</strong></span> <span class='ocrx_word' id='word_1_127' title='bbox 2415 782 2620 853; x_wconf 65' lang='grc' dir='ltr'>φωνήν.</span> <span class='ocrx_word' id='word_1_128' title='bbox 2654 781 2726 835; x_wconf 79' lang='grc' dir='ltr'><strong>Οὐ</strong></span> <span class='ocrx_word' id='word_1_129' title='bbox 2757 782 2864 853; x_wconf 78' lang='grc' dir='ltr'><strong>γάρ</strong></span> <span class='ocrx_word' id='word_1_130' title='bbox 2888 781 2989 851; x_wconf 74' lang='grc' dir='ltr'>ἴσῳ</span> <span class='ocrx_word' id='word_1_131' title='bbox 3017 781 3201 852; x_wconf 75' lang='grc' dir='ltr'>τρόπῳ</span> <span class='ocrx_word' id='word_1_132' title='bbox 3230 779 3296 832; x_wconf 71' lang='grc' dir='ltr'><strong>τά</strong></span> <span class='ocrx_word' id='word_1_133' title='bbox 3325 779 3425 849; x_wconf 76' lang='grc' dir='ltr'><strong>τῆς</strong></span> <span class='ocrx_word' id='word_1_134' title='bbox 3454 779 3730 844; x_wconf 80' lang='grc' dir='ltr'><strong>κολάσεως</strong></span> 
     </span>
    </p>
   </div>
   <div class='ocr_carea' id='block_1_22' title="bbox 2133 871 3729 944">
    <p class='ocr_par' dir='ltr' id='par_1_22' title="bbox 2133 871 3729 944">
     <span class='ocr_line' id='line_1_22' title="bbox 2133 871 3729 944; baseline -0.002 -17"><span class='ocrx_word' id='word_1_135' title='bbox 2133 873 2285 928; x_wconf 78' lang='grc' dir='ltr'>ἔσται</span> <span class='ocrx_word' id='word_1_136' title='bbox 2337 876 2451 936; x_wconf 79' lang='grc' dir='ltr'>τοῖς</span> <span class='ocrx_word' id='word_1_137' title='bbox 2482 890 2540 925; x_wconf 83' lang='grc' dir='ltr'><strong>τε</strong></span> <span class='ocrx_word' id='word_1_138' title='bbox 2596 874 2922 944; x_wconf 75' lang='grc' dir='ltr'>ἡγουμένοις</span> <span class='ocrx_word' id='word_1_139' title='bbox 2951 873 3044 925; x_wconf 74' lang='grc' dir='ltr'><strong>καὶ</strong></span> <span class='ocrx_word' id='word_1_140' title='bbox 3077 874 3187 935; x_wconf 84' lang='grc' dir='ltr'>τοῖς</span> <span class='ocrx_word' id='word_1_141' title='bbox 3220 871 3324 924; x_wconf 84' lang='grc' dir='ltr'><strong>ὑπὸ</strong></span> <span class='ocrx_word' id='word_1_142' title='bbox 3351 873 3508 942; x_wconf 83' lang='grc' dir='ltr'>χεῖρα</span> <span class='ocrx_word' id='word_1_143' title='bbox 3538 871 3729 941; x_wconf 79' lang='grc' dir='ltr'>κειμέ-</span> 
     </span>
    </p>
   </div>
   <div class='ocr_carea' id='block_1_23' title="bbox 2132 962 3731 1036">
    <p class='ocr_par' dir='ltr' id='par_1_23' title="bbox 2132 962 3731 1036">
     <span class='ocr_line' id='line_1_23' title="bbox 2132 962 3731 1036; baseline 0 -18"><span class='ocrx_word' id='word_1_144' title='bbox 2132 966 2342 1027; x_wconf 81' lang='grc' dir='ltr'>νοις.οί</span> <span class='ocrx_word' id='word_1_145' title='bbox 2379 966 2477 1036; x_wconf 83' lang='grc' dir='ltr'><strong>μὲν</strong></span> <span class='ocrx_word' id='word_1_146' title='bbox 2506 964 2615 1035; x_wconf 83' lang='grc' dir='ltr'>γὰρ</span> <span class='ocrx_word' id='word_1_147' title='bbox 2646 964 2758 1017; x_wconf 76' lang='grc' dir='ltr'>ἔσθ’</span> <span class='ocrx_word' id='word_1_148' title='bbox 2783 965 2868 1018; x_wconf 82' lang='grc' dir='ltr'><strong>ὅτε</strong></span> <span class='ocrx_word' id='word_1_149' title='bbox 2897 963 3296 1033; x_wconf 77' lang='grc' dir='ltr'>προϐαλοῦνται</span> <span class='ocrx_word' id='word_1_150' title='bbox 3329 963 3390 1016; x_wconf 84' lang='grc' dir='ltr'>τὸ</span> <span class='ocrx_word' id='word_1_151' title='bbox 3421 962 3494 1035; x_wconf 84' lang='grc' dir='ltr'><strong>μὴ</strong></span> <span class='ocrx_word' id='word_1_152' title='bbox 3530 963 3731 1018; x_wconf 82' lang='grc' dir='ltr'>εἰδέναι</span> 
     </span>
    </p>
   </div>
   <div class='ocr_carea' id='block_1_24' title="bbox 2132 1056 3730 1127">
    <p class='ocr_par' dir='ltr' id='par_1_24' title="bbox 2132 1056 3730 1127">
     <span class='ocr_line' id='line_1_24' title="bbox 2132 1056 3730 1127; baseline 0 -18"><span class='ocrx_word' id='word_1_153' title='bbox 2132 1056 2293 1126; x_wconf 78' lang='grc' dir='ltr'>τυχὸν</span> <span class='ocrx_word' id='word_1_154' title='bbox 2316 1056 2375 1108; x_wconf 77' lang='grc' dir='ltr'><strong>τὸ</strong></span> <span class='ocrx_word' id='word_1_155' title='bbox 2412 1056 2625 1127; x_wconf 79' lang='grc' dir='ltr'>Θέλημα</span> <span class='ocrx_word' id='word_1_156' title='bbox 2650 1056 2743 1110; x_wconf 86' lang='grc' dir='ltr'><strong>τοῦ</strong></span> <span class='ocrx_word' id='word_1_157' title='bbox 2779 1057 2967 1127; x_wconf 78' lang='grc' dir='ltr'>κυρίου</span> <span class='ocrx_word' id='word_1_158' title='bbox 2997 1057 3177 1110; x_wconf 74' lang='grc' dir='ltr'>αὐτῶν</span> <span class='ocrx_word' id='word_1_159' title='bbox 3200 1072 3211 1085; x_wconf 92' lang='grc'><strong>·</strong></span> <span class='ocrx_word' id='word_1_160' title='bbox 3249 1059 3296 1111; x_wconf 75' lang='grc' dir='ltr'>οἱ</span> <span class='ocrx_word' id='word_1_161' title='bbox 3327 1056 3382 1109; x_wconf 81' lang='grc' dir='ltr'>δὲ</span> <span class='ocrx_word' id='word_1_162' title='bbox 3410 1058 3587 1109; x_wconf 83' lang='grc' dir='ltr'>καίτοι</span> <span class='ocrx_word' id='word_1_163' title='bbox 3609 1056 3730 1109; x_wconf 88' lang='grc' dir='ltr'>λίαν</span> 
     </span>
    </p>
   </div>
   <div class='ocr_carea' id='block_1_25' title="bbox 2147 1147 3731 1220">
    <p class='ocr_par' dir='ltr' id='par_1_25' title="bbox 2147 1147 3731 1220">
     <span class='ocr_line' id='line_1_25' title="bbox 2147 1147 3731 1220; baseline 0.001 -20"><span class='ocrx_word' id='word_1_164' title='bbox 2147 1148 2448 1215; x_wconf 77' lang='grc' dir='ltr'><strong>ἐγνωκότες</strong></span> <span class='ocrx_word' id='word_1_165' title='bbox 2470 1147 2714 1219; x_wconf 73' lang='grc' dir='ltr'>ἀκριϐῶς</span> <span class='ocrx_word' id='word_1_166' title='bbox 2737 1148 2796 1201; x_wconf 81' lang='grc' dir='ltr'><strong>οὐ</strong></span> <span class='ocrx_word' id='word_1_167' title='bbox 2823 1149 3164 1219; x_wconf 80' lang='grc' dir='ltr'>δεδράκασιν.</span> <span class='ocrx_word' id='word_1_168' title='bbox 3192 1148 3376 1220; x_wconf 80' lang='grc' dir='ltr'><strong>Ταύτῃ</strong></span> <span class='ocrx_word' id='word_1_169' title='bbox 3399 1166 3483 1202; x_wconf 86' lang='grc' dir='ltr'><strong>τοι</strong></span> <span class='ocrx_word' id='word_1_170' title='bbox 3505 1149 3731 1212; x_wconf 75' lang='grc' dir='ltr'>δικαίως</span> 
     </span>
    </p>
   </div>
   <div class='ocr_carea' id='block_1_26' title="bbox 2132 1236 3730 1310">
    <p class='ocr_par' dir='ltr' id='par_1_26' title="bbox 2132 1236 3730 1310">
     <span class='ocr_line' id='line_1_26' title="bbox 2132 1236 3730 1310; baseline 0.003 -21"><span class='ocrx_word' id='word_1_171' title='bbox 2132 1236 2568 1309; x_wconf 64' lang='grc' dir='ltr'>δυσαχοεστέραν</span> <span class='ocrx_word' id='word_1_172' title='bbox 2600 1237 2932 1310; x_wconf 82' lang='grc' dir='ltr'>ὑπομενοῦσι</span> <span class='ocrx_word' id='word_1_173' title='bbox 2964 1239 3065 1309; x_wconf 82' lang='grc' dir='ltr'><strong>τὴν</strong></span> <span class='ocrx_word' id='word_1_174' title='bbox 3099 1238 3193 1292; x_wconf 86' lang='grc' dir='ltr'><strong>τοῦ</strong></span> <span class='ocrx_word' id='word_1_175' title='bbox 3229 1238 3551 1303; x_wconf 74' lang='grc' dir='ltr'>κολάζοντος</span> <span class='ocrx_word' id='word_1_176' title='bbox 3582 1237 3730 1309; x_wconf 85' lang='grc' dir='ltr'>κίνη-</span> 
     </span>
    </p>
   </div>
   <div class='ocr_carea' id='block_1_27' title="bbox 2137 1345 2240 1381">
    <p class='ocr_par' dir='ltr' id='par_1_27' title="bbox 2137 1345 2240 1381">
     <span class='ocr_line' id='line_1_27' title="bbox 2137 1345 2240 1381; baseline 0.01 -1"><span class='ocrx_word' id='word_1_177' title='bbox 2137 1345 2240 1381; x_wconf 88' lang='grc' dir='ltr'>σιν.</span> 
     </span>
    </p>
   </div>
   <div class='ocr_carea' id='block_1_28' title="bbox 2205 1420 3727 1493">
    <p class='ocr_par' dir='ltr' id='par_1_28' title="bbox 2205 1420 3727 1493">
     <span class='ocr_line' id='line_1_28' title="bbox 2205 1420 3727 1493; baseline 0.004 -21"><span class='ocrx_word' id='word_1_178' title='bbox 2205 1421 2308 1474; x_wconf 79' lang='grc' dir='ltr'><strong>Διὰ</strong></span> <span class='ocrx_word' id='word_1_179' title='bbox 2359 1420 2557 1487; x_wconf 86' lang='grc' dir='ltr'>τοῦτο,</span> <span class='ocrx_word' id='word_1_180' title='bbox 2612 1420 2684 1474; x_wconf 81' lang='grc' dir='ltr'><strong>ὃν</strong></span> <span class='ocrx_word' id='word_1_181' title='bbox 2728 1423 2952 1491; x_wconf 76' lang='grc' dir='ltr'>τρόπον</span> <span class='ocrx_word' id='word_1_182' title='bbox 2993 1421 3358 1488; x_wconf 76' lang='grc' dir='ltr'><strong>καυθήσεται</strong></span> <span class='ocrx_word' id='word_1_183' title='bbox 3402 1425 3440 1491; x_wconf 75' lang='grc' dir='ltr'>ἡ</span> <span class='ocrx_word' id='word_1_184' title='bbox 3487 1422 3727 1493; x_wconf 76' lang='grc' dir='ltr'>καλάμη</span> 
     </span>
    </p>
   </div>
   <div class='ocr_carea' id='block_1_29' title="bbox 2133 1510 3730 1584">
    <p class='ocr_par' dir='ltr' id='par_1_29' title="bbox 2133 1510 3730 1584">
     <span class='ocr_line' id='line_1_29' title="bbox 2133 1510 3730 1584; baseline 0.003 -22"><span class='ocrx_word' id='word_1_185' title='bbox 2133 1510 2253 1563; x_wconf 81' lang='grc' dir='ltr'><strong>ὑπὸ</strong></span> <span class='ocrx_word' id='word_1_186' title='bbox 2316 1510 2612 1580; x_wconf 71' lang='grc' dir='ltr'>ἄνθρακος</span> <span class='ocrx_word' id='word_1_187' title='bbox 2666 1512 2877 1581; x_wconf 74' lang='grc' dir='ltr'>πυρὸς,</span> <span class='ocrx_word' id='word_1_188' title='bbox 2929 1515 3028 1568; x_wconf 71' lang='grc' dir='ltr'>καὶ</span> <span class='ocrx_word' id='word_1_189' title='bbox 3074 1515 3563 1584; x_wconf 57' lang='grc' dir='ltr'>συγκαταθήσεται</span> <span class='ocrx_word' id='word_1_190' title='bbox 3607 1513 3730 1571; x_wconf 77' lang='grc' dir='ltr'><strong>ὑπὸ</strong></span> 
     </span>
    </p>
   </div>
   <div class='ocr_carea' id='block_1_30' title="bbox 2133 1595 3726 1669">
    <p class='ocr_par' dir='ltr' id='par_1_30' title="bbox 2133 1595 3726 1669">
     <span class='ocr_line' id='line_1_30' title="bbox 2133 1595 3726 1669; baseline 0.001 -21"><span class='ocrx_word' id='word_1_191' title='bbox 2133 1596 2366 1666; x_wconf 62' lang='grc' dir='ltr'>φνῖογῦς</span> <span class='ocrx_word' id='word_1_192' title='bbox 2398 1597 2738 1667; x_wconf 75' lang='grc' dir='ltr'><strong>ἀνειμένης,</strong></span> <span class='ocrx_word' id='word_1_193' title='bbox 2780 1600 2816 1665; x_wconf 77' lang='grc' dir='ltr'>ἡ</span> <span class='ocrx_word' id='word_1_194' title='bbox 2841 1595 2973 1666; x_wconf 72' lang='grc' dir='ltr'>ῥίζα</span> <span class='ocrx_word' id='word_1_195' title='bbox 3002 1597 3203 1653; x_wconf 80' lang='grc' dir='ltr'>αὐτῶν</span> <span class='ocrx_word' id='word_1_196' title='bbox 3232 1600 3312 1664; x_wconf 87' lang='grc' dir='ltr'><strong>ώς</strong></span> <span class='ocrx_word' id='word_1_197' title='bbox 3341 1600 3491 1669; x_wconf 77' lang='grc' dir='ltr'>χοῦς</span> <span class='ocrx_word' id='word_1_198' title='bbox 3531 1599 3726 1662; x_wconf 74' lang='grc' dir='ltr'>ἔσται,</span> 
     </span>
    </p>
   </div>
   <div class='ocr_carea' id='block_1_31' title="bbox 2135 1682 3618 1759">
    <p class='ocr_par' dir='ltr' id='par_1_31' title="bbox 2135 1682 3618 1759">
     <span class='ocr_line' id='line_1_31' title="bbox 2135 1682 3618 1759; baseline 0.002 -18"><span class='ocrx_word' id='word_1_199' title='bbox 2135 1689 2316 1742; x_wconf 83' lang='grc' dir='ltr'>καὶτὸ</span> <span class='ocrx_word' id='word_1_200' title='bbox 2339 1689 2522 1756; x_wconf 82' lang='grc' dir='ltr'>ἄνθος</span> <span class='ocrx_word' id='word_1_201' title='bbox 2542 1690 2759 1755; x_wconf 77' lang='grc' dir='ltr'>αὐτῶν,</span> <span class='ocrx_word' id='word_1_202' title='bbox 2784 1690 2864 1757; x_wconf 87' lang='grc' dir='ltr'>ὡς</span> <span class='ocrx_word' id='word_1_203' title='bbox 2892 1691 3202 1759; x_wconf 82' lang='grc' dir='ltr'>κονιορτὸς</span> <span class='ocrx_word' id='word_1_204' title='bbox 3229 1682 3618 1759; x_wconf 75' lang='grc' dir='ltr'>ἀναϐήσεται.</span> 
     </span>
    </p>
   </div>
   <div class='ocr_carea' id='block_1_32' title="bbox 2219 1782 3731 1854">
    <p class='ocr_par' dir='ltr' id='par_1_32' title="bbox 2219 1782 3731 1854">
     <span class='ocr_line' id='line_1_32' title="bbox 2219 1782 3731 1854; baseline 0.002 -19"><span class='ocrx_word' id='word_1_205' title='bbox 2219 1782 2439 1853; x_wconf 85' lang='grc' dir='ltr'>Ἐπειδὴ</span> <span class='ocrx_word' id='word_1_206' title='bbox 2476 1783 2585 1854; x_wconf 79' lang='grc' dir='ltr'>γὰρ</span> <span class='ocrx_word' id='word_1_207' title='bbox 2610 1782 2764 1835; x_wconf 70' lang='grc' dir='ltr'>αὐτοὶ</span> <span class='ocrx_word' id='word_1_208' title='bbox 2809 1782 2934 1837; x_wconf 81' lang='grc' dir='ltr'>καθ’</span> <span class='ocrx_word' id='word_1_209' title='bbox 2966 1783 3196 1851; x_wconf 75' lang='grc' dir='ltr'>ἑαυτῶν,</span> <span class='ocrx_word' id='word_1_210' title='bbox 3241 1784 3437 1854; x_wconf 65' lang='grc' dir='ltr'>φησιν,</span> <span class='ocrx_word' id='word_1_211' title='bbox 3481 1783 3731 1838; x_wconf 83' lang='grc' dir='ltr'>ἐπεσπά-</span> 
     </span>
    </p>
   </div>
   <div class='ocr_carea' id='block_1_33' title="bbox 444 1871 2040 1946">
    <p class='ocr_par' dir='ltr' id='par_1_33' title="bbox 444 1871 2029 1946">
     <span class='ocr_line' id='line_1_33' title="bbox 444 1871 2029 1946; baseline -0.003 -17"><span class='ocrx_word' id='word_1_212' title='bbox 444 1888 664 1946; x_wconf 81' lang='lat' dir='ltr'><strong>peccata</strong></span> <span class='ocrx_word' id='word_1_213' title='bbox 696 1876 838 1929; x_wconf 72' lang='lat' dir='ltr'><strong>velut</strong></span> <span class='ocrx_word' id='word_1_214' title='bbox 863 1874 1103 1929; x_wconf 80' lang='lat' dir='ltr'><strong>funiculo</strong></span> <span class='ocrx_word' id='word_1_215' title='bbox 1145 1873 1327 1944; x_wconf 81' lang='lat' dir='ltr'><strong>longo,</strong></span> <span class='ocrx_word' id='word_1_216' title='bbox 1374 1888 1475 1927; x_wconf 90' lang='lat' dir='ltr'><strong>nec</strong></span> <span class='ocrx_word' id='word_1_217' title='bbox 1507 1871 1636 1926; x_wconf 86' lang='lat' dir='ltr'><strong>recti</strong></span> <span class='ocrx_word' id='word_1_218' title='bbox 1681 1886 1859 1926; x_wconf 87' lang='lat' dir='ltr'><strong>rerum</strong></span> <span class='ocrx_word' id='word_1_219' title='bbox 1883 1872 2029 1925; x_wconf 73' lang='lat' dir='ltr'><strong>testi-</strong></span> 
     </span>
    </p>
   </div>
   <div class='ocr_carea' id='block_1_34' title="bbox 2141 1871 3731 1946">
    <p class='ocr_par' dir='ltr' id='par_1_34' title="bbox 2141 1873 3731 1946">
     <span class='ocr_line' id='line_1_34' title="bbox 2141 1873 3731 1946; baseline 0.002 -20"><span class='ocrx_word' id='word_1_220' title='bbox 2141 1889 2296 1927; x_wconf 69' lang='grc' dir='ltr'>παντο</span> <span class='ocrx_word' id='word_1_221' title='bbox 2324 1873 2421 1937; x_wconf 79' lang='grc' dir='ltr'>τὰς</span> <span class='ocrx_word' id='word_1_222' title='bbox 2473 1874 2747 1946; x_wconf 77' lang='grc' dir='ltr'>ἁμαρτίας</span> <span class='ocrx_word' id='word_1_223' title='bbox 2785 1874 2862 1938; x_wconf 85' lang='grc' dir='ltr'><strong>ὡς</strong></span> <span class='ocrx_word' id='word_1_224' title='bbox 2903 1875 3122 1946; x_wconf 53' lang='grc' dir='ltr'>σχοινίῳ</span> <span class='ocrx_word' id='word_1_225' title='bbox 3158 1873 3378 1946; x_wconf 80' lang='grc' dir='ltr'>μακρῷ,</span> <span class='ocrx_word' id='word_1_226' title='bbox 3421 1875 3517 1927; x_wconf 74' lang='grc' dir='ltr'><strong>καὶ</strong></span> <span class='ocrx_word' id='word_1_227' title='bbox 3566 1875 3731 1944; x_wconf 86' lang='grc' dir='ltr'>γεγό-</span> 
     </span>
    </p>
   </div>
   <div class='ocr_carea' id='block_1_35' title="bbox 446 1962 2040 2036">
    <p class='ocr_par' dir='ltr' id='par_1_35' title="bbox 446 1962 2030 2030">
     <span class='ocr_line' id='line_1_35' title="bbox 446 1962 2030 2030; baseline -0.003 -9"><span class='ocrx_word' id='word_1_228' title='bbox 446 1978 684 2022; x_wconf 84' lang='lat' dir='ltr'><strong>matores</strong></span> <span class='ocrx_word' id='word_1_229' title='bbox 745 1966 983 2030; x_wconf 81' lang='lat' dir='ltr'><strong>luerunt,</strong></span> <span class='ocrx_word' id='word_1_230' title='bbox 1043 1965 1398 2020; x_wconf 86' lang='lat' dir='ltr'><strong>criminantes</strong></span> <span class='ocrx_word' id='word_1_231' title='bbox 1451 1963 1672 2028; x_wconf 89' lang='lat' dir='ltr'><strong>bonum,</strong></span> <span class='ocrx_word' id='word_1_232' title='bbox 1749 1962 2030 2017; x_wconf 84' lang='lat' dir='ltr'><strong>laudantes</strong></span> 
     </span>
    </p>
   </div>
   <div class='ocr_carea' id='block_1_36' title="bbox 2141 1962 3731 2036">
    <p class='ocr_par' dir='ltr' id='par_1_36' title="bbox 2141 1963 3731 2036">
     <span class='ocr_line' id='line_1_36' title="bbox 2141 1963 3731 2036; baseline -0.001 -17"><span class='ocrx_word' id='word_1_233' title='bbox 2141 1980 2287 2019; x_wconf 66' lang='grc' dir='ltr'>μασιν</span> <span class='ocrx_word' id='word_1_234' title='bbox 2319 1965 2419 2018; x_wconf 76' lang='grc' dir='ltr'><strong>οὐκ</strong></span> <span class='ocrx_word' id='word_1_235' title='bbox 2455 1964 2605 2035; x_wconf 74' lang='grc' dir='ltr'>ὀρθοὶ</span> <span class='ocrx_word' id='word_1_236' title='bbox 2633 1964 2739 2017; x_wconf 81' lang='grc' dir='ltr'><strong>τῶν</strong></span> <span class='ocrx_word' id='word_1_237' title='bbox 2785 1963 3127 2036; x_wconf 77' lang='grc' dir='ltr'>πραγμάτων</span> <span class='ocrx_word' id='word_1_238' title='bbox 3153 1967 3358 2036; x_wconf 71' lang='grc' dir='ltr'>κριταὶ,</span> <span class='ocrx_word' id='word_1_239' title='bbox 3390 1964 3731 2033; x_wconf 53' lang='grc' dir='ltr'>καταφθεγον-</span> 
     </span>
    </p>
   </div>
   <div class='ocr_carea' id='block_1_37' title="bbox 444 2053 2040 2127">
    <p class='ocr_par' dir='ltr' id='par_1_37' title="bbox 444 2054 2033 2127">
     <span class='ocr_line' id='line_1_37' title="bbox 444 2054 2033 2127; baseline -0.003 -14"><span class='ocrx_word' id='word_1_240' title='bbox 444 2059 673 2125; x_wconf 89' lang='lat' dir='ltr'><strong>malum,</strong></span> <span class='ocrx_word' id='word_1_241' title='bbox 708 2060 989 2127; x_wconf 85' lang='lat' dir='ltr'><strong>sapientes</strong></span> <span class='ocrx_word' id='word_1_242' title='bbox 1011 2058 1173 2112; x_wconf 89' lang='lat' dir='ltr'><strong>etiam</strong></span> <span class='ocrx_word' id='word_1_243' title='bbox 1202 2058 1343 2124; x_wconf 88' lang='lat' dir='ltr'><strong>apud</strong></span> <span class='ocrx_word' id='word_1_244' title='bbox 1370 2057 1601 2123; x_wconf 83' lang='lat' dir='ltr'><strong>seipsos,</strong></span> <span class='ocrx_word' id='word_1_245' title='bbox 1627 2063 1680 2110; x_wconf 89' lang='lat' dir='ltr'><strong>et</strong></span> <span class='ocrx_word' id='word_1_246' title='bbox 1703 2054 1878 2110; x_wconf 88' lang='lat' dir='ltr'><strong>oculis</strong></span> <span class='ocrx_word' id='word_1_247' title='bbox 1919 2054 2033 2108; x_wconf 87' lang='lat' dir='ltr'><strong>suis</strong></span> 
     </span>
    </p>
   </div>
   <div class='ocr_carea' id='block_1_38' title="bbox 2141 2053 3735 2127">
    <p class='ocr_par' dir='ltr' id='par_1_38' title="bbox 2141 2053 3735 2127">
     <span class='ocr_line' id='line_1_38' title="bbox 2141 2053 3735 2127; baseline -0.001 -18"><span class='ocrx_word' id='word_1_248' title='bbox 2141 2072 2223 2119; x_wconf 84' lang='grc' dir='ltr'><strong>τες</strong></span> <span class='ocrx_word' id='word_1_249' title='bbox 2257 2056 2353 2125; x_wconf 80' lang='grc' dir='ltr'>μὲν</span> <span class='ocrx_word' id='word_1_250' title='bbox 2380 2055 2443 2107; x_wconf 83' lang='grc' dir='ltr'><strong>τὸ</strong></span> <span class='ocrx_word' id='word_1_251' title='bbox 2471 2056 2696 2124; x_wconf 80' lang='grc' dir='ltr'>ἀγαθὸν,</span> <span class='ocrx_word' id='word_1_252' title='bbox 2725 2056 3077 2119; x_wconf 79' lang='grc' dir='ltr'>ἐπαινοῦντες</span> <span class='ocrx_word' id='word_1_253' title='bbox 3098 2056 3155 2109; x_wconf 79' lang='grc' dir='ltr'>δὲ</span> <span class='ocrx_word' id='word_1_254' title='bbox 3187 2057 3249 2110; x_wconf 83' lang='grc' dir='ltr'><strong>τὸ</strong></span> <span class='ocrx_word' id='word_1_255' title='bbox 3276 2055 3531 2127; x_wconf 76' lang='grc' dir='ltr'>πονηρὸν,</span> <span class='ocrx_word' id='word_1_256' title='bbox 3575 2053 3735 2125; x_wconf 70' lang='grc' dir='ltr'>σοφοί</span> 
     </span>
    </p>
   </div>
   <div class='ocr_carea' id='block_1_39' title="bbox 445 2141 2040 2220">
    <p class='ocr_par' dir='ltr' id='par_1_39' title="bbox 445 2145 2032 2220">
     <span class='ocr_line' id='line_1_39' title="bbox 445 2145 2032 2220; baseline -0.003 -17"><span class='ocrx_word' id='word_1_257' title='bbox 445 2150 769 2220; x_wconf 83' lang='lat' dir='ltr'><strong>prudentes,</strong></span> <span class='ocrx_word' id='word_1_258' title='bbox 805 2159 860 2204; x_wconf 89' lang='lat' dir='ltr'><strong>et</strong></span> <span class='ocrx_word' id='word_1_259' title='bbox 885 2164 1006 2219; x_wconf 66' lang='lat' dir='ltr'><strong>quae</strong></span> <span class='ocrx_word' id='word_1_260' title='bbox 1068 2148 1153 2202; x_wconf 85' lang='lat' dir='ltr'><strong>his</strong></span> <span class='ocrx_word' id='word_1_261' title='bbox 1214 2145 1445 2201; x_wconf 77' lang='lat' dir='ltr'><strong>foediora</strong></span> <span class='ocrx_word' id='word_1_262' title='bbox 1486 2155 1641 2201; x_wconf 88' lang='lat' dir='ltr'><strong>erant</strong></span> <span class='ocrx_word' id='word_1_263' title='bbox 1702 2154 2032 2216; x_wconf 79' lang='lat' dir='ltr'><strong>spectantes,</strong></span> 
     </span>
    </p>
   </div>
   <div class='ocr_carea' id='block_1_40' title="bbox 2141 2141 3731 2220">
    <p class='ocr_par' dir='ltr' id='par_1_40' title="bbox 2141 2141 3731 2219">
     <span class='ocr_line' id='line_1_40' title="bbox 2141 2141 3731 2219; baseline 0 -20"><span class='ocrx_word' id='word_1_264' title='bbox 2141 2163 2191 2199; x_wconf 83' lang='grc' dir='ltr'><strong>τε</strong></span> <span class='ocrx_word' id='word_1_265' title='bbox 2216 2141 2356 2216; x_wconf 77' lang='grc' dir='ltr'>ἦσαν</span> <span class='ocrx_word' id='word_1_266' title='bbox 2387 2147 2444 2199; x_wconf 80' lang='grc' dir='ltr'><strong>ἐν</strong></span> <span class='ocrx_word' id='word_1_267' title='bbox 2478 2147 2715 2212; x_wconf 81' lang='grc' dir='ltr'>ἑαυτοῖς,</span> <span class='ocrx_word' id='word_1_268' title='bbox 2742 2147 2837 2201; x_wconf 71' lang='grc' dir='ltr'>καὶ</span> <span class='ocrx_word' id='word_1_269' title='bbox 2858 2147 3090 2202; x_wconf 66' lang='grc' dir='ltr'>ἐνώπιον</span> <span class='ocrx_word' id='word_1_270' title='bbox 3113 2148 3322 2201; x_wconf 81' lang='grc' dir='ltr'>ἑαυτῶν</span> <span class='ocrx_word' id='word_1_271' title='bbox 3344 2148 3731 2219; x_wconf 80' lang='grc' dir='ltr'>ἐπιστήμονες,</span> 
     </span>
    </p>
   </div>
   <div class='ocr_carea' id='block_1_41' title="bbox 446 2237 2025 2311">
    <p class='ocr_par' dir='ltr' id='par_1_41' title="bbox 446 2237 2025 2311">
     <span class='ocr_line' id='line_1_41' title="bbox 446 2237 2025 2311; baseline -0.004 -16"><span class='ocrx_word' id='word_1_272' title='bbox 446 2242 673 2311; x_wconf 89' lang='lat' dir='ltr'><strong>impium</strong></span> <span class='ocrx_word' id='word_1_273' title='bbox 744 2250 969 2311; x_wconf 85' lang='lat' dir='ltr'><strong>prepter</strong></span> <span class='ocrx_word' id='word_1_274' title='bbox 1044 2254 1267 2294; x_wconf 85' lang='lat' dir='ltr'><strong>munera</strong></span> <span class='ocrx_word' id='word_1_275' title='bbox 1322 2239 1527 2307; x_wconf 84' lang='lat' dir='ltr'><strong>justum</strong></span> <span class='ocrx_word' id='word_1_276' title='bbox 1589 2237 2025 2308; x_wconf 83' lang='lat' dir='ltr'><strong>pronuntiantes,</strong></span> 
     </span>
    </p>
   </div>
   <div class='ocr_carea' id='block_1_42' title="bbox 443 2328 2037 2403">
    <p class='ocr_par' dir='ltr' id='par_1_42' title="bbox 443 2328 2037 2403">
     <span class='ocr_line' id='line_1_42' title="bbox 443 2328 2037 2403; baseline -0.001 -20"><span class='ocrx_word' id='word_1_277' title='bbox 443 2332 533 2403; x_wconf 84' lang='lat' dir='ltr'><strong>jus</strong></span> <span class='ocrx_word' id='word_1_278' title='bbox 547 2332 695 2401; x_wconf 88' lang='lat' dir='ltr'><strong>justo</strong></span> <span class='ocrx_word' id='word_1_279' title='bbox 718 2332 1008 2401; x_wconf 87' lang='lat' dir='ltr'><strong>eripientes</strong></span> <span class='ocrx_word' id='word_1_280' title='bbox 1043 2349 1057 2385; x_wconf 90' lang='lat'><strong>:</strong></span> <span class='ocrx_word' id='word_1_281' title='bbox 1114 2331 1197 2386; x_wconf 85' lang='lat' dir='ltr'><strong>his</strong></span> <span class='ocrx_word' id='word_1_282' title='bbox 1233 2329 1484 2386; x_wconf 86' lang='lat' dir='ltr'><strong>omnibus</strong></span> <span class='ocrx_word' id='word_1_283' title='bbox 1529 2328 1597 2384; x_wconf 85' lang='lat' dir='ltr'><strong>de</strong></span> <span class='ocrx_word' id='word_1_284' title='bbox 1618 2329 1818 2393; x_wconf 85' lang='lat' dir='ltr'><strong>causis,</strong></span> <span class='ocrx_word' id='word_1_285' title='bbox 1855 2334 2037 2383; x_wconf 76' lang='lat' dir='ltr'><strong>erunt</strong></span> 
     </span>
    </p>
   </div>
   <div class='ocr_carea' id='block_1_43' title="bbox 450 2417 2042 2490">
    <p class='ocr_par' dir='ltr' id='par_1_43' title="bbox 450 2417 2042 2490">
     <span class='ocr_line' id='line_1_43' title="bbox 450 2417 2042 2490; baseline -0.004 -14"><span class='ocrx_word' id='word_1_286' title='bbox 450 2422 683 2476; x_wconf 86' lang='lat' dir='ltr'><strong>materia</strong></span> <span class='ocrx_word' id='word_1_287' title='bbox 720 2419 1155 2486; x_wconf 85' lang='lat' dir='ltr'><strong>concremabilis,</strong></span> <span class='ocrx_word' id='word_1_288' title='bbox 1191 2420 1364 2475; x_wconf 86' lang='lat' dir='ltr'><strong>instar</strong></span> <span class='ocrx_word' id='word_1_289' title='bbox 1394 2418 1642 2490; x_wconf 65' lang='lat' dir='ltr'><strong>stipulae,</strong></span> <span class='ocrx_word' id='word_1_290' title='bbox 1669 2426 1727 2472; x_wconf 91' lang='lat' dir='ltr'><strong>et</strong></span> <span class='ocrx_word' id='word_1_291' title='bbox 1766 2417 1907 2487; x_wconf 83' lang='lat' dir='ltr'><strong>ignis</strong></span> <span class='ocrx_word' id='word_1_292' title='bbox 1962 2417 2042 2470; x_wconf 79' lang='lat' dir='ltr'><strong>fo-</strong></span> 
     </span>
    </p>
   </div>
   <div class='ocr_carea' id='block_1_44' title="bbox 448 2511 2033 2580">
    <p class='ocr_par' dir='ltr' id='par_1_44' title="bbox 448 2511 2033 2580">
     <span class='ocr_line' id='line_1_44' title="bbox 448 2511 2033 2580; baseline -0.002 -13"><span class='ocrx_word' id='word_1_293' title='bbox 448 2525 689 2568; x_wconf 85' lang='lat' dir='ltr'><strong>mentum</strong></span> <span class='ocrx_word' id='word_1_294' title='bbox 742 2521 797 2568; x_wconf 92' lang='lat' dir='ltr'><strong>et</strong></span> <span class='ocrx_word' id='word_1_295' title='bbox 870 2511 1104 2567; x_wconf 82' lang='lat' dir='ltr'><strong>ﬂammae</strong></span> <span class='ocrx_word' id='word_1_296' title='bbox 1154 2526 1399 2567; x_wconf 67' lang='lat' dir='ltr'><strong>accensae</strong></span> <span class='ocrx_word' id='word_1_297' title='bbox 1470 2527 1568 2567; x_wconf 90' lang='lat' dir='ltr'><strong>eos</strong></span> <span class='ocrx_word' id='word_1_298' title='bbox 1630 2513 2033 2580; x_wconf 85' lang='lat' dir='ltr'><strong>depascentur:</strong></span> 
     </span>
    </p>
   </div>
   <div class='ocr_carea' id='block_1_45' title="bbox 449 2600 2039 2674">
    <p class='ocr_par' dir='ltr' id='par_1_45' title="bbox 449 2600 2039 2674">
     <span class='ocr_line' id='line_1_45' title="bbox 449 2600 2039 2674; baseline -0.003 -15"><span class='ocrx_word' id='word_1_299' title='bbox 449 2616 508 2659; x_wconf 88' lang='lat' dir='ltr'><strong>ut</strong></span> <span class='ocrx_word' id='word_1_300' title='bbox 559 2621 662 2659; x_wconf 86' lang='lat' dir='ltr'><strong>una</strong></span> <span class='ocrx_word' id='word_1_301' title='bbox 688 2620 809 2660; x_wconf 89' lang='lat' dir='ltr'><strong>cum</strong></span> <span class='ocrx_word' id='word_1_302' title='bbox 842 2605 1116 2659; x_wconf 87' lang='lat' dir='ltr'><strong>radicibus</strong></span> <span class='ocrx_word' id='word_1_303' title='bbox 1148 2603 1390 2674; x_wconf 85' lang='lat' dir='ltr'><strong>ipsorum</strong></span> <span class='ocrx_word' id='word_1_304' title='bbox 1431 2617 1649 2674; x_wconf 89' lang='lat' dir='ltr'><strong>quoque</strong></span> <span class='ocrx_word' id='word_1_305' title='bbox 1677 2600 1888 2656; x_wconf 79' lang='lat' dir='ltr'><strong>fructus</strong></span> <span class='ocrx_word' id='word_1_306' title='bbox 1913 2614 2039 2655; x_wconf 89' lang='lat' dir='ltr'><strong>con-</strong></span> 
     </span>
    </p>
   </div>
   <div class='ocr_carea' id='block_1_46' title="bbox 444 2694 2036 2767">
    <p class='ocr_par' dir='ltr' id='par_1_46' title="bbox 444 2694 2036 2767">
     <span class='ocr_line' id='line_1_46' title="bbox 444 2694 2036 2767; baseline -0.005 -13"><span class='ocrx_word' id='word_1_307' title='bbox 444 2710 753 2765; x_wconf 83' lang='lat' dir='ltr'><strong>sumantur,</strong></span> <span class='ocrx_word' id='word_1_308' title='bbox 784 2698 837 2752; x_wconf 88' lang='lat' dir='ltr'><strong>id</strong></span> <span class='ocrx_word' id='word_1_309' title='bbox 865 2707 967 2765; x_wconf 87' lang='lat' dir='ltr'><strong>est,</strong></span> <span class='ocrx_word' id='word_1_310' title='bbox 1007 2707 1065 2752; x_wconf 88' lang='lat' dir='ltr'><strong>ut</strong></span> <span class='ocrx_word' id='word_1_311' title='bbox 1094 2713 1217 2753; x_wconf 91' lang='lat' dir='ltr'><strong>cum</strong></span> <span class='ocrx_word' id='word_1_312' title='bbox 1240 2697 1563 2767; x_wconf 84' lang='lat' dir='ltr'><strong>parentibus</strong></span> <span class='ocrx_word' id='word_1_313' title='bbox 1594 2704 1650 2751; x_wconf 90' lang='lat' dir='ltr'><strong>et</strong></span> <span class='ocrx_word' id='word_1_314' title='bbox 1665 2710 1733 2751; x_wconf 82' lang='lat' dir='ltr'><strong>ex</strong></span> <span class='ocrx_word' id='word_1_315' title='bbox 1758 2694 1844 2749; x_wconf 89' lang='lat' dir='ltr'><strong>bis</strong></span> <span class='ocrx_word' id='word_1_316' title='bbox 1868 2694 2036 2749; x_wconf 86' lang='lat' dir='ltr'><strong>etiam</strong></span> 
     </span>
    </p>
   </div>
   <div class='ocr_carea' id='block_1_47' title="bbox 453 2784 2040 2863">
    <p class='ocr_par' dir='ltr' id='par_1_47' title="bbox 453 2784 2040 2863">
     <span class='ocr_line' id='line_1_47' title="bbox 453 2784 2040 2863; baseline -0.004 -17"><span class='ocrx_word' id='word_1_317' title='bbox 453 2793 727 2863; x_wconf 80' lang='lat' dir='ltr'><strong>procreati</strong></span> <span class='ocrx_word' id='word_1_318' title='bbox 762 2790 925 2847; x_wconf 90' lang='lat' dir='ltr'><strong>simul</strong></span> <span class='ocrx_word' id='word_1_319' title='bbox 955 2792 1250 2856; x_wconf 90' lang='lat' dir='ltr'><strong>intereant,</strong></span> <span class='ocrx_word' id='word_1_320' title='bbox 1282 2799 1338 2845; x_wconf 91' lang='lat' dir='ltr'><strong>et</strong></span> <span class='ocrx_word' id='word_1_321' title='bbox 1393 2797 1651 2858; x_wconf 88' lang='lat' dir='ltr'><strong>tanquam</strong></span> <span class='ocrx_word' id='word_1_322' title='bbox 1707 2784 2040 2857; x_wconf 80' lang='lat' dir='ltr'><strong>pulvisculus</strong></span> 
     </span>
    </p>
   </div>
   <div class='ocr_carea' id='block_1_48' title="bbox 447 2879 2038 2954">
    <p class='ocr_par' dir='ltr' id='par_1_48' title="bbox 447 2879 2038 2954">
     <span class='ocr_line' id='line_1_48' title="bbox 447 2879 2038 2954; baseline -0.004 -15"><span class='ocrx_word' id='word_1_323' title='bbox 447 2896 545 2940; x_wconf 86' lang='lat' dir='ltr'><strong>aut</strong></span> <span class='ocrx_word' id='word_1_324' title='bbox 598 2885 761 2950; x_wconf 80' lang='lat' dir='ltr'><strong>cinis,</strong></span> <span class='ocrx_word' id='word_1_325' title='bbox 828 2883 1158 2954; x_wconf 83' lang='lat' dir='ltr'><strong>rapidissimi</strong></span> <span class='ocrx_word' id='word_1_326' title='bbox 1226 2882 1373 2937; x_wconf 84' lang='lat' dir='ltr'><strong>venti</strong></span> <span class='ocrx_word' id='word_1_327' title='bbox 1422 2884 1626 2952; x_wconf 86' lang='lat' dir='ltr'><strong>impetu</strong></span> <span class='ocrx_word' id='word_1_328' title='bbox 1684 2879 2038 2950; x_wconf 87' lang='lat' dir='ltr'><strong>dissipentur.</strong></span> 
     </span>
    </p>
   </div>
   <div class='ocr_carea' id='block_1_49' title="bbox 446 2971 2040 3046">
    <p class='ocr_par' dir='ltr' id='par_1_49' title="bbox 446 2971 2040 3046">
     <span class='ocr_line' id='line_1_49' title="bbox 446 2971 2040 3046; baseline -0.009 -9"><span class='ocrx_word' id='word_1_329' title='bbox 446 2981 748 3037; x_wconf 78' lang='lat' dir='ltr'><strong>Accensatn</strong></span> <span class='ocrx_word' id='word_1_330' title='bbox 772 2993 899 3033; x_wconf 77' lang='lat' dir='ltr'><strong>vero</strong></span> <span class='ocrx_word' id='word_1_331' title='bbox 920 2976 1192 3030; x_wconf 83' lang='lat' dir='ltr'><strong>ﬂammam</strong></span> <span class='ocrx_word' id='word_1_332' title='bbox 1222 2976 1376 3043; x_wconf 87' lang='lat' dir='ltr'><strong>dicit,</strong></span> <span class='ocrx_word' id='word_1_333' title='bbox 1403 2989 1527 3046; x_wconf 80' lang='lat' dir='ltr'><strong>quae</strong></span> <span class='ocrx_word' id='word_1_334' title='bbox 1550 2989 1581 3029; x_wconf 87' lang='lat' dir='ltr'><strong>a</strong></span> <span class='ocrx_word' id='word_1_335' title='bbox 1604 2971 1753 3028; x_wconf 91' lang='lat' dir='ltr'><strong>nullo</strong></span> <span class='ocrx_word' id='word_1_336' title='bbox 1770 2971 2040 3027; x_wconf 82' lang='lat' dir='ltr'><strong>exstincta</strong></span> 
     </span>
    </p>
   </div>
   <div class='ocr_carea' id='block_1_50' title="bbox 446 3064 2046 3137">
    <p class='ocr_par' dir='ltr' id='par_1_50' title="bbox 446 3064 2046 3137">
     <span class='ocr_line' id='line_1_50' title="bbox 446 3064 2046 3137; baseline -0.006 -11"><span class='ocrx_word' id='word_1_337' title='bbox 446 3079 551 3126; x_wconf 85' lang='lat' dir='ltr'><strong>est.</strong></span> <span class='ocrx_word' id='word_1_338' title='bbox 578 3066 773 3123; x_wconf 87' lang='lat' dir='ltr'><strong>Incidit</strong></span> <span class='ocrx_word' id='word_1_339' title='bbox 795 3068 940 3122; x_wconf 90' lang='lat' dir='ltr'><strong>enim</strong></span> <span class='ocrx_word' id='word_1_340' title='bbox 977 3069 1309 3137; x_wconf 86' lang='lat' dir='ltr'><strong>quandoque</strong></span> <span class='ocrx_word' id='word_1_341' title='bbox 1331 3066 1472 3136; x_wconf 78' lang='lat' dir='ltr'><strong>ignis</strong></span> <span class='ocrx_word' id='word_1_342' title='bbox 1509 3074 1564 3120; x_wconf 89' lang='lat' dir='ltr'><strong>et</strong></span> <span class='ocrx_word' id='word_1_343' title='bbox 1594 3064 1648 3118; x_wconf 89' lang='lat' dir='ltr'><strong>in</strong></span> <span class='ocrx_word' id='word_1_344' title='bbox 1680 3072 1942 3132; x_wconf 81' lang='lat' dir='ltr'><strong>segetem,</strong></span> <span class='ocrx_word' id='word_1_345' title='bbox 1986 3068 2046 3117; x_wconf 89' lang='lat' dir='ltr'><strong>et</strong></span> 
     </span>
    </p>
   </div>
   <div class='ocr_carea' id='block_1_51' title="bbox 446 3154 2044 3228">
    <p class='ocr_par' dir='ltr' id='par_1_51' title="bbox 446 3154 2044 3228">
     <span class='ocr_line' id='line_1_51' title="bbox 446 3154 2044 3228; baseline -0.005 -10"><span class='ocrx_word' id='word_1_346' title='bbox 446 3165 501 3219; x_wconf 87' lang='lat' dir='ltr'><strong>in</strong></span> <span class='ocrx_word' id='word_1_347' title='bbox 536 3163 713 3228; x_wconf 73' lang='lat' dir='ltr'><strong>vites,</strong></span> <span class='ocrx_word' id='word_1_348' title='bbox 760 3175 866 3215; x_wconf 91' lang='lat' dir='ltr'><strong>non</strong></span> <span class='ocrx_word' id='word_1_349' title='bbox 912 3168 1093 3213; x_wconf 89' lang='lat' dir='ltr'><strong>tamen</strong></span> <span class='ocrx_word' id='word_1_350' title='bbox 1141 3160 1528 3222; x_wconf 88' lang='lat' dir='ltr'><strong>incenduntur,</strong></span> <span class='ocrx_word' id='word_1_351' title='bbox 1556 3156 1682 3227; x_wconf 87' lang='lat' dir='ltr'><strong>quia</strong></span> <span class='ocrx_word' id='word_1_352' title='bbox 1727 3154 1880 3209; x_wconf 91' lang='lat' dir='ltr'><strong>multi</strong></span> <span class='ocrx_word' id='word_1_353' title='bbox 1920 3167 2044 3210; x_wconf 88' lang='lat' dir='ltr'><strong>suc-</strong></span> 
     </span>
    </p>
   </div>
   <div class='ocr_carea' id='block_1_52' title="bbox 446 3220 2112 3313">
    <p class='ocr_par' dir='ltr' id='par_1_52' title="bbox 446 3220 2112 3313">
     <span class='ocr_line' id='line_1_52' title="bbox 446 3220 2112 3313; baseline -0.003 -10"><span class='ocrx_word' id='word_1_354' title='bbox 446 3257 699 3313; x_wconf 82' lang='lat' dir='ltr'><strong>currunt,</strong></span> <span class='ocrx_word' id='word_1_355' title='bbox 738 3261 839 3301; x_wconf 87' lang='lat' dir='ltr'><strong>nec</strong></span> <span class='ocrx_word' id='word_1_356' title='bbox 865 3244 1049 3300; x_wconf 89' lang='lat' dir='ltr'><strong>simmt</strong></span> <span class='ocrx_word' id='word_1_357' title='bbox 1087 3259 1212 3300; x_wconf 88' lang='lat' dir='ltr'><strong>eum</strong></span> <span class='ocrx_word' id='word_1_358' title='bbox 1237 3245 1595 3312; x_wconf 83' lang='lat' dir='ltr'><strong>invalescere,</strong></span> <span class='ocrx_word' id='word_1_359' title='bbox 1628 3251 1688 3298; x_wconf 91' lang='lat' dir='ltr'><strong>ut</strong></span> <span class='ocrx_word' id='word_1_360' title='bbox 1709 3256 1871 3312; x_wconf 78' lang='lat' dir='ltr'><strong>agros</strong></span> <span class='ocrx_word' id='word_1_361' title='bbox 1892 3241 2040 3299; x_wconf 87' lang='lat' dir='ltr'><strong>nullo</strong></span> <span class='ocrx_word' id='word_1_362' title='bbox 2068 3220 2112 3284; x_wconf 72' lang='grc' dir='ltr'>ο</span> 
     </span>
    </p>
   </div>
   <div class='ocr_carea' id='block_1_53' title="bbox 446 3333 2032 3410">
    <p class='ocr_par' dir='ltr' id='par_1_53' title="bbox 446 3333 2032 3410">
     <span class='ocr_line' id='line_1_53' title="bbox 446 3333 2032 3410; baseline -0.004 -15"><span class='ocrx_word' id='word_1_363' title='bbox 446 3340 775 3410; x_wconf 82' lang='lat' dir='ltr'><strong>prohibente</strong></span> <span class='ocrx_word' id='word_1_364' title='bbox 808 3338 1183 3409; x_wconf 86' lang='lat' dir='ltr'><strong>depopuletur.</strong></span> <span class='ocrx_word' id='word_1_365' title='bbox 1198 3334 1470 3393; x_wconf 75' lang='lat' dir='ltr'><strong>Cancrum</strong></span> <span class='ocrx_word' id='word_1_366' title='bbox 1501 3336 1550 3392; x_wconf 89' lang='lat' dir='ltr'><strong>si</strong></span> <span class='ocrx_word' id='word_1_367' title='bbox 1580 3333 1760 3390; x_wconf 84' lang='lat' dir='ltr'><strong>nullus</strong></span> <span class='ocrx_word' id='word_1_368' title='bbox 1794 3333 2032 3401; x_wconf 86' lang='lat' dir='ltr'><strong>laborat,</strong></span> 
     </span>
    </p>
   </div>
   <div class='ocr_carea' id='block_1_54' title="bbox 451 3427 2041 3498">
    <p class='ocr_par' dir='ltr' id='par_1_54' title="bbox 451 3427 2041 3498">
     <span class='ocr_line' id='line_1_54' title="bbox 451 3427 2041 3498; baseline -0.004 -10"><span class='ocrx_word' id='word_1_369' title='bbox 451 3448 553 3488; x_wconf 85' lang='lat' dir='ltr'><strong>nec</strong></span> <span class='ocrx_word' id='word_1_370' title='bbox 590 3431 821 3486; x_wconf 89' lang='lat' dir='ltr'><strong>ulterius</strong></span> <span class='ocrx_word' id='word_1_371' title='bbox 847 3444 1067 3487; x_wconf 86' lang='lat' dir='ltr'><strong>cursum</strong></span> <span class='ocrx_word' id='word_1_372' title='bbox 1104 3428 1339 3483; x_wconf 69' lang='lat' dir='ltr'><strong>ﬂammae</strong></span> <span class='ocrx_word' id='word_1_373' title='bbox 1369 3427 1618 3498; x_wconf 84' lang='lat' dir='ltr'><strong>impedit,</strong></span> <span class='ocrx_word' id='word_1_374' title='bbox 1654 3437 1783 3482; x_wconf 89' lang='lat' dir='ltr'><strong>tunc</strong></span> <span class='ocrx_word' id='word_1_375' title='bbox 1810 3440 2041 3482; x_wconf 85' lang='lat' dir='ltr'><strong>accensa</strong></span> 
     </span>
    </p>
   </div>
   <div class='ocr_carea' id='block_1_55' title="bbox 449 3517 2039 3590">
    <p class='ocr_par' dir='ltr' id='par_1_55' title="bbox 449 3517 2039 3590">
     <span class='ocr_line' id='line_1_55' title="bbox 449 3517 2039 3590; baseline -0.004 -10"><span class='ocrx_word' id='word_1_376' title='bbox 449 3526 580 3590; x_wconf 87' lang='lat' dir='ltr'><strong>erit,</strong></span> <span class='ocrx_word' id='word_1_377' title='bbox 630 3533 686 3578; x_wconf 91' lang='lat' dir='ltr'><strong>et</strong></span> <span class='ocrx_word' id='word_1_378' title='bbox 740 3523 935 3589; x_wconf 85' lang='lat' dir='ltr'><strong>libera,</strong></span> <span class='ocrx_word' id='word_1_379' title='bbox 980 3532 1036 3577; x_wconf 87' lang='lat' dir='ltr'><strong>et</strong></span> <span class='ocrx_word' id='word_1_380' title='bbox 1093 3520 1362 3579; x_wconf 76' lang='lat' dir='ltr'><strong>eﬂ‘renate</strong></span> <span class='ocrx_word' id='word_1_381' title='bbox 1409 3519 1773 3590; x_wconf 87' lang='lat' dir='ltr'><strong>quodcunque</strong></span> <span class='ocrx_word' id='word_1_382' title='bbox 1821 3517 2039 3574; x_wconf 82' lang='lat' dir='ltr'><strong>obvium</strong></span> 
     </span>
    </p>
   </div>
   <div class='ocr_carea' id='block_1_56' title="bbox 451 3608 2042 3679">
    <p class='ocr_par' dir='ltr' id='par_1_56' title="bbox 451 3608 2042 3679">
     <span class='ocr_line' id='line_1_56' title="bbox 451 3608 2042 3679; baseline -0.004 -11"><span class='ocrx_word' id='word_1_383' title='bbox 451 3612 699 3668; x_wconf 79' lang='lat' dir='ltr'><strong>invadet.</strong></span> <span class='ocrx_word' id='word_1_384' title='bbox 743 3610 923 3677; x_wconf 85' lang='lat' dir='ltr'><strong>Quare</strong></span> <span class='ocrx_word' id='word_1_385' title='bbox 957 3611 1067 3666; x_wconf 86' lang='lat' dir='ltr'><strong>Deo</strong></span> <span class='ocrx_word' id='word_1_386' title='bbox 1116 3611 1488 3679; x_wconf 87' lang='lat' dir='ltr'><strong>omnipotente</strong></span> <span class='ocrx_word' id='word_1_387' title='bbox 1547 3608 1761 3664; x_wconf 88' lang='lat' dir='ltr'><strong>bellicis</strong></span> <span class='ocrx_word' id='word_1_388' title='bbox 1811 3608 2042 3664; x_wconf 84' lang='lat' dir='ltr'><strong>calami-</strong></span> 
     </span>
    </p>
   </div>
   <div class='ocr_carea' id='block_1_57' title="bbox 457 3699 2042 3774">
    <p class='ocr_par' dir='ltr' id='par_1_57' title="bbox 457 3699 2042 3774">
     <span class='ocr_line' id='line_1_57' title="bbox 457 3699 2042 3774; baseline -0.002 -14"><span class='ocrx_word' id='word_1_389' title='bbox 457 3706 659 3761; x_wconf 88' lang='lat' dir='ltr'><strong>tatibus</strong></span> <span class='ocrx_word' id='word_1_390' title='bbox 699 3720 795 3760; x_wconf 83' lang='lat' dir='ltr'><strong>eos</strong></span> <span class='ocrx_word' id='word_1_391' title='bbox 854 3704 1167 3774; x_wconf 87' lang='lat' dir='ltr'><strong>objiciente,</strong></span> <span class='ocrx_word' id='word_1_392' title='bbox 1237 3710 1295 3759; x_wconf 85' lang='lat' dir='ltr'><strong>et</strong></span> <span class='ocrx_word' id='word_1_393' title='bbox 1349 3710 1704 3758; x_wconf 86' lang='lat' dir='ltr'><strong>sacrosancto</strong></span> <span class='ocrx_word' id='word_1_394' title='bbox 1784 3699 2042 3771; x_wconf 71' lang='lat' dir='ltr'><strong>suffragio</strong></span> 
     </span>
    </p>
   </div>
   <div class='ocr_carea' id='block_1_58' title="bbox 452 3794 2041 3863">
    <p class='ocr_par' dir='ltr' id='par_1_58' title="bbox 452 3794 2041 3863">
     <span class='ocr_line' id='line_1_58' title="bbox 452 3794 2041 3863; baseline -0.001 -10"><span class='ocrx_word' id='word_1_395' title='bbox 452 3798 750 3863; x_wconf 76' lang='lat' dir='ltr'><strong>multante,</strong></span> <span class='ocrx_word' id='word_1_396' title='bbox 794 3812 918 3851; x_wconf 90' lang='lat' dir='ltr'><strong>cum</strong></span> <span class='ocrx_word' id='word_1_397' title='bbox 968 3796 1147 3851; x_wconf 89' lang='lat' dir='ltr'><strong>nullus</strong></span> <span class='ocrx_word' id='word_1_398' title='bbox 1188 3794 1431 3852; x_wconf 90' lang='lat' dir='ltr'><strong>omnium</strong></span> <span class='ocrx_word' id='word_1_399' title='bbox 1488 3794 1803 3850; x_wconf 81' lang='lat' dir='ltr'><strong>subveniret</strong></span> <span class='ocrx_word' id='word_1_400' title='bbox 1848 3812 1863 3849; x_wconf 90' lang='lat'><strong>:</strong></span> <span class='ocrx_word' id='word_1_401' title='bbox 1916 3794 2041 3852; x_wconf 85' lang='lat' dir='ltr'><strong>hinc</strong></span> 
     </span>
    </p>
   </div>
   <div class='ocr_carea' id='block_1_59' title="bbox 454 3887 2042 3959">
    <p class='ocr_par' dir='ltr' id='par_1_59' title="bbox 454 3887 2042 3959">
     <span class='ocr_line' id='line_1_59' title="bbox 454 3887 2042 3959; baseline -0.001 -14"><span class='ocrx_word' id='word_1_402' title='bbox 454 3905 740 3947; x_wconf 84' lang='lat' dir='ltr'><strong>accensam</strong></span> <span class='ocrx_word' id='word_1_403' title='bbox 790 3889 986 3957; x_wconf 78' lang='lat' dir='ltr'><strong>facem,</strong></span> <span class='ocrx_word' id='word_1_404' title='bbox 1036 3889 1245 3959; x_wconf 87' lang='lat' dir='ltr'><strong>optimo</strong></span> <span class='ocrx_word' id='word_1_405' title='bbox 1278 3889 1404 3957; x_wconf 87' lang='lat' dir='ltr'><strong>jure</strong></span> <span class='ocrx_word' id='word_1_406' title='bbox 1449 3887 1586 3943; x_wconf 87' lang='lat' dir='ltr'><strong>iram</strong></span> <span class='ocrx_word' id='word_1_407' title='bbox 1641 3889 1906 3946; x_wconf 90' lang='lat' dir='ltr'><strong>nominat.</strong></span> <span class='ocrx_word' id='word_1_408' title='bbox 1975 3887 2042 3944; x_wconf 89' lang='lat' dir='ltr'><strong>Ut</strong></span> 
     </span>
    </p>
   </div>
   <div class='ocr_carea' id='block_1_60' title="bbox 450 3979 2041 4051">
    <p class='ocr_par' dir='ltr' id='par_1_60' title="bbox 450 3979 2041 4051">
     <span class='ocr_line' id='line_1_60' title="bbox 450 3979 2041 4051; baseline -0.004 -11"><span class='ocrx_word' id='word_1_409' title='bbox 450 3987 597 4040; x_wconf 80' lang='lat' dir='ltr'><strong>enim</strong></span> <span class='ocrx_word' id='word_1_410' title='bbox 633 3985 827 4040; x_wconf 88' lang='lat' dir='ltr'><strong>beatus</strong></span> <span class='ocrx_word' id='word_1_411' title='bbox 849 3983 1024 4039; x_wconf 79' lang='lat' dir='ltr'><strong>Moses</strong></span> <span class='ocrx_word' id='word_1_412' title='bbox 1052 3983 1130 4037; x_wconf 86' lang='lat' dir='ltr'><strong>ait</strong></span> <span class='ocrx_word' id='word_1_413' title='bbox 1157 4000 1170 4036; x_wconf 89' lang='lat'><strong>:</strong></span> <span class='ocrx_word' id='word_1_414' title='bbox 1208 4000 1228 4033; x_wconf 77' lang='grc' dir='ltr'><strong>ι</strong></span> <span class='ocrx_word' id='word_1_415' title='bbox 1261 3979 1403 4036; x_wconf 88' lang='lat' dir='ltr'><strong>Deus</strong></span> <span class='ocrx_word' id='word_1_416' title='bbox 1430 3989 1614 4036; x_wconf 90' lang='lat' dir='ltr'><strong>noster</strong></span> <span class='ocrx_word' id='word_1_417' title='bbox 1645 3981 1783 4051; x_wconf 80' lang='lat' dir='ltr'><strong>ignis</strong></span> <span class='ocrx_word' id='word_1_418' title='bbox 1844 3994 2041 4037; x_wconf 88' lang='lat' dir='ltr'><strong>consu-</strong></span> 
     </span>
    </p>
   </div>
   <div class='ocr_carea' id='block_1_61' title="bbox 454 4074 2043 4143">
    <p class='ocr_par' dir='ltr' id='par_1_61' title="bbox 454 4074 2043 4143">
     <span class='ocr_line' id='line_1_61' title="bbox 454 4074 2043 4143; baseline -0.001 -11"><span class='ocrx_word' id='word_1_419' title='bbox 454 4093 611 4132; x_wconf 89' lang='lat' dir='ltr'><strong>mens</strong></span> <span class='ocrx_word' id='word_1_420' title='bbox 655 4086 760 4133; x_wconf 86' lang='lat' dir='ltr'><strong>est.</strong></span> <span class='ocrx_word' id='word_1_421' title='bbox 807 4077 875 4132; x_wconf 80' lang='lat' dir='ltr'><strong>Et</strong></span> <span class='ocrx_word' id='word_1_422' title='bbox 916 4076 961 4131; x_wconf 88' lang='lat' dir='ltr'><strong>si</strong></span> <span class='ocrx_word' id='word_1_423' title='bbox 983 4074 1240 4130; x_wconf 83' lang='lat' dir='ltr'><strong>clauserit</strong></span> <span class='ocrx_word' id='word_1_424' title='bbox 1306 4083 1498 4128; x_wconf 72' lang='lat' dir='ltr'><strong>contra</strong></span> <span class='ocrx_word' id='word_1_425' title='bbox 1552 4074 1848 4140; x_wconf 84' lang='lat' dir='ltr'><strong>hominem,</strong></span> <span class='ocrx_word' id='word_1_426' title='bbox 1919 4075 2043 4143; x_wconf 90' lang='lat' dir='ltr'><strong>quis</strong></span> 
     </span>
    </p>
   </div>
   <div class='ocr_carea' id='block_1_62' title="bbox 453 4166 2045 4241">
    <p class='ocr_par' dir='ltr' id='par_1_62' title="bbox 453 4166 2045 4241">
     <span class='ocr_line' id='line_1_62' title="bbox 453 4166 2045 4241; baseline -0.003 -16"><span class='ocrx_word' id='word_1_427' title='bbox 453 4170 746 4241; x_wconf 68' lang='lat' dir='ltr'><strong>aperiet“!</strong></span> <span class='ocrx_word' id='word_1_428' title='bbox 782 4189 801 4221; x_wconf 74' lang='grc' dir='ltr'><strong>ι</strong></span> <span class='ocrx_word' id='word_1_429' title='bbox 838 4168 931 4223; x_wconf 88' lang='lat' dir='ltr'><strong>llis</strong></span> <span class='ocrx_word' id='word_1_430' title='bbox 995 4169 1160 4239; x_wconf 79' lang='lat' dir='ltr'><strong>igitur</strong></span> <span class='ocrx_word' id='word_1_431' title='bbox 1206 4167 1427 4222; x_wconf 86' lang='lat' dir='ltr'><strong>divinus</strong></span> <span class='ocrx_word' id='word_1_432' title='bbox 1487 4166 1652 4221; x_wconf 79' lang='lat' dir='ltr'><strong>David</strong></span> <span class='ocrx_word' id='word_1_433' title='bbox 1705 4167 1904 4221; x_wconf 87' lang='lat' dir='ltr'><strong>acciuit</strong></span> <span class='ocrx_word' id='word_1_434' title='bbox 1961 4167 2045 4221; x_wconf 90' lang='lat' dir='ltr'><strong>di-</strong></span> 
     </span>
    </p>
   </div>
   <div class='ocr_carea' id='block_1_63' title="bbox 452 4257 2043 4328">
    <p class='ocr_par' dir='ltr' id='par_1_63' title="bbox 452 4257 2043 4328">
     <span class='ocr_line' id='line_1_63' title="bbox 452 4257 2043 4328; baseline -0.004 -10"><span class='ocrx_word' id='word_1_435' title='bbox 452 4280 586 4319; x_wconf 78' lang='lat' dir='ltr'><strong>cens</strong></span> <span class='ocrx_word' id='word_1_436' title='bbox 618 4281 631 4317; x_wconf 90' lang='lat'><strong>:</strong></span> <span class='ocrx_word' id='word_1_437' title='bbox 667 4282 687 4314; x_wconf 77' lang='grc' dir='ltr'><strong>ι</strong></span> <span class='ocrx_word' id='word_1_438' title='bbox 722 4262 801 4317; x_wconf 85' lang='lat' dir='ltr'><strong>Tu</strong></span> <span class='ocrx_word' id='word_1_439' title='bbox 846 4259 1235 4327; x_wconf 81' lang='lat' dir='ltr'><strong>formidabilis,</strong></span> <span class='ocrx_word' id='word_1_440' title='bbox 1260 4274 1293 4315; x_wconf 92' lang='lat'><strong>0</strong></span> <span class='ocrx_word' id='word_1_441' title='bbox 1324 4258 1574 4324; x_wconf 89' lang='lat' dir='ltr'><strong>Domine,</strong></span> <span class='ocrx_word' id='word_1_442' title='bbox 1607 4261 1796 4328; x_wconf 88' lang='lat' dir='ltr'><strong>ecquis</strong></span> <span class='ocrx_word' id='word_1_443' title='bbox 1826 4257 2043 4313; x_wconf 84' lang='lat' dir='ltr'><strong>resistet</strong></span> 
     </span>
    </p>
   </div>
   <div class='ocr_carea' id='block_1_64' title="bbox 456 4350 2044 4424">
    <p class='ocr_par' dir='ltr' id='par_1_64' title="bbox 456 4350 2044 4424">
     <span class='ocr_line' id='line_1_64' title="bbox 456 4350 2044 4424; baseline -0.005 -12"><span class='ocrx_word' id='word_1_444' title='bbox 456 4355 644 4413; x_wconf 81' lang='lat' dir='ltr'><strong>tibi’?</strong></span> <span class='ocrx_word' id='word_1_445' title='bbox 690 4375 709 4409; x_wconf 73' lang='grc' dir='ltr'><strong>ι</strong></span> <span class='ocrx_word' id='word_1_446' title='bbox 743 4353 1007 4412; x_wconf 89' lang='lat' dir='ltr'><strong>Omnibus</strong></span> <span class='ocrx_word' id='word_1_447' title='bbox 1029 4353 1194 4424; x_wconf 80' lang='lat' dir='ltr'><strong>igitur</strong></span> <span class='ocrx_word' id='word_1_448' title='bbox 1240 4352 1446 4407; x_wconf 77' lang='lat' dir='ltr'><strong>viribus</strong></span> <span class='ocrx_word' id='word_1_449' title='bbox 1486 4350 1788 4423; x_wconf 78' lang='lat' dir='ltr'><strong>eﬂ&#39;ugieuda</strong></span> <span class='ocrx_word' id='word_1_450' title='bbox 1816 4359 1899 4406; x_wconf 91' lang='lat' dir='ltr'><strong>est</strong></span> <span class='ocrx_word' id='word_1_451' title='bbox 1928 4350 2044 4405; x_wconf 66' lang='lat' dir='ltr'><strong>haec</strong></span> 
     </span>
    </p>
   </div>
   <div class='ocr_carea' id='block_1_65' title="bbox 456 4441 2045 4519">
    <p class='ocr_par' dir='ltr' id='par_1_65' title="bbox 456 4441 2045 4519">
     <span class='ocr_line' id='line_1_65' title="bbox 456 4441 2045 4519; baseline -0.007 -15"><span class='ocrx_word' id='word_1_452' title='bbox 456 4451 559 4516; x_wconf 86' lang='lat' dir='ltr'><strong>ira,</strong></span> <span class='ocrx_word' id='word_1_453' title='bbox 605 4459 792 4519; x_wconf 88' lang='lat' dir='ltr'><strong>utpote</strong></span> <span class='ocrx_word' id='word_1_454' title='bbox 820 4445 1082 4501; x_wconf 85' lang='lat' dir='ltr'><strong>terribilis</strong></span> <span class='ocrx_word' id='word_1_455' title='bbox 1111 4454 1167 4498; x_wconf 91' lang='lat' dir='ltr'><strong>et</strong></span> <span class='ocrx_word' id='word_1_456' title='bbox 1197 4442 1542 4497; x_wconf 81' lang='lat' dir='ltr'><strong>inevitabilis.</strong></span> <span class='ocrx_word' id='word_1_457' title='bbox 1576 4441 1759 4512; x_wconf 89' lang='lat' dir='ltr'><strong>Itaque</strong></span> <span class='ocrx_word' id='word_1_458' title='bbox 1787 4443 2045 4495; x_wconf 86' lang='lat' dir='ltr'><strong>docemur</strong></span> 
     </span>
    </p>
   </div>
   <div class='ocr_carea' id='block_1_66' title="bbox 2135 2236 3735 2311">
    <p class='ocr_par' dir='ltr' id='par_1_66' title="bbox 2135 2236 3735 2311">
     <span class='ocr_line' id='line_1_66' title="bbox 2135 2236 3735 2311; baseline 0.001 -21"><span class='ocrx_word' id='word_1_459' title='bbox 2135 2238 2231 2290; x_wconf 78' lang='grc' dir='ltr'><strong>καὶ</strong></span> <span class='ocrx_word' id='word_1_460' title='bbox 2268 2236 2406 2309; x_wconf 84' lang='grc' dir='ltr'>πρὸς</span> <span class='ocrx_word' id='word_1_461' title='bbox 2433 2237 2502 2292; x_wconf 84' lang='grc' dir='ltr'>τὰ</span> <span class='ocrx_word' id='word_1_462' title='bbox 2545 2237 2625 2295; x_wconf 76' lang='grc' dir='ltr'>ἔτι</span> <span class='ocrx_word' id='word_1_463' title='bbox 2660 2239 2868 2293; x_wconf 78' lang='grc' dir='ltr'>τούτων</span> <span class='ocrx_word' id='word_1_464' title='bbox 2924 2240 3173 2311; x_wconf 67' lang='grc' dir='ltr'>αἰσχίονα</span> <span class='ocrx_word' id='word_1_465' title='bbox 3237 2238 3559 2310; x_wconf 80' lang='grc' dir='ltr'>βλέποντες,</span> <span class='ocrx_word' id='word_1_466' title='bbox 3588 2239 3735 2292; x_wconf 84' lang='grc' dir='ltr'>δεδι-</span> 
     </span>
    </p>
   </div>
   <div class='ocr_carea' id='block_1_67' title="bbox 2136 2330 3736 2405">
    <p class='ocr_par' dir='ltr' id='par_1_67' title="bbox 2136 2330 3736 2405">
     <span class='ocr_line' id='line_1_67' title="bbox 2136 2330 3736 2405; baseline 0.001 -22"><span class='ocrx_word' id='word_1_467' title='bbox 2136 2330 2411 2384; x_wconf 85' lang='grc' dir='ltr'>καιώκασι</span> <span class='ocrx_word' id='word_1_468' title='bbox 2444 2331 2541 2402; x_wconf 85' lang='grc' dir='ltr'>μὲν</span> <span class='ocrx_word' id='word_1_469' title='bbox 2572 2332 2736 2386; x_wconf 72' lang='grc' dir='ltr'>ἕνεκα</span> <span class='ocrx_word' id='word_1_470' title='bbox 2776 2332 2966 2405; x_wconf 82' lang='grc' dir='ltr'>δώρων</span> <span class='ocrx_word' id='word_1_471' title='bbox 2993 2334 3084 2386; x_wconf 82' lang='grc' dir='ltr'><strong>τὸν</strong></span> <span class='ocrx_word' id='word_1_472' title='bbox 3117 2334 3312 2403; x_wconf 79' lang='grc' dir='ltr'>άσεόῆ,</span> <span class='ocrx_word' id='word_1_473' title='bbox 3351 2333 3413 2386; x_wconf 81' lang='grc' dir='ltr'><strong>τὸ</strong></span> <span class='ocrx_word' id='word_1_474' title='bbox 3436 2332 3493 2386; x_wconf 82' lang='grc' dir='ltr'>δὲ</span> <span class='ocrx_word' id='word_1_475' title='bbox 3521 2333 3736 2386; x_wconf 79' lang='grc' dir='ltr'>δίκαιον</span> 
     </span>
    </p>
   </div>
   <div class='ocr_carea' id='block_1_68' title="bbox 2134 2422 3735 2488">
    <p class='ocr_par' dir='ltr' id='par_1_68' title="bbox 2134 2422 3735 2488">
     <span class='ocr_line' id='line_1_68' title="bbox 2134 2422 3735 2488; baseline -0.001 -11"><span class='ocrx_word' id='word_1_476' title='bbox 2134 2422 2230 2477; x_wconf 81' lang='grc' dir='ltr'><strong>τοῦ</strong></span> <span class='ocrx_word' id='word_1_477' title='bbox 2253 2423 2462 2477; x_wconf 79' lang='grc' dir='ltr'>δικαίου</span> <span class='ocrx_word' id='word_1_478' title='bbox 2500 2424 2688 2479; x_wconf 76' lang='grc' dir='ltr'>ἔλαϐον</span> <span class='ocrx_word' id='word_1_479' title='bbox 2709 2441 2721 2454; x_wconf 85' lang='grc'><strong>·</strong></span> <span class='ocrx_word' id='word_1_480' title='bbox 2757 2424 2962 2478; x_wconf 78' lang='grc' dir='ltr'>τούτων</span> <span class='ocrx_word' id='word_1_481' title='bbox 2984 2424 3145 2479; x_wconf 79' lang='grc' dir='ltr'>ἓνεκα</span> <span class='ocrx_word' id='word_1_482' title='bbox 3167 2424 3383 2479; x_wconf 85' lang='grc' dir='ltr'>πάντων</span> <span class='ocrx_word' id='word_1_483' title='bbox 3401 2423 3478 2488; x_wconf 88' lang='grc' dir='ltr'><strong>ώς</strong></span> <span class='ocrx_word' id='word_1_484' title='bbox 3498 2423 3735 2477; x_wconf 81' lang='grc' dir='ltr'>εὐκατά-</span> 
     </span>
    </p>
   </div>
   <div class='ocr_carea' id='block_1_69' title="bbox 2138 2515 3734 2589">
    <p class='ocr_par' dir='ltr' id='par_1_69' title="bbox 2138 2515 3734 2589">
     <span class='ocr_line' id='line_1_69' title="bbox 2138 2515 3734 2589; baseline 0.003 -23"><span class='ocrx_word' id='word_1_485' title='bbox 2138 2532 2384 2586; x_wconf 81' lang='grc' dir='ltr'>πρηστος</span> <span class='ocrx_word' id='word_1_486' title='bbox 2433 2515 2555 2588; x_wconf 79' lang='grc' dir='ltr'>ῦλη,</span> <span class='ocrx_word' id='word_1_487' title='bbox 2616 2518 2711 2572; x_wconf 77' lang='grc' dir='ltr'><strong>καὶ</strong></span> <span class='ocrx_word' id='word_1_488' title='bbox 2763 2518 3017 2589; x_wconf 78' lang='grc' dir='ltr'>καλάμης</span> <span class='ocrx_word' id='word_1_489' title='bbox 3069 2518 3245 2588; x_wconf 74' lang='grc' dir='ltr'>δίκην,</span> <span class='ocrx_word' id='word_1_490' title='bbox 3292 2517 3464 2588; x_wconf 75' lang='grc' dir='ltr'>πυρὸς</span> <span class='ocrx_word' id='word_1_491' title='bbox 3520 2515 3734 2572; x_wconf 77' lang='grc' dir='ltr'>ἔσονται</span> 
     </span>
    </p>
   </div>
   <div class='ocr_carea' id='block_1_70' title="bbox 2136 2607 3735 2680">
    <p class='ocr_par' dir='ltr' id='par_1_70' title="bbox 2136 2607 3735 2680">
     <span class='ocr_line' id='line_1_70' title="bbox 2136 2607 3735 2680; baseline 0.001 -21"><span class='ocrx_word' id='word_1_492' title='bbox 2136 2607 2334 2679; x_wconf 64' lang='grc' dir='ltr'>τροφὴ,</span> <span class='ocrx_word' id='word_1_493' title='bbox 2362 2607 2456 2661; x_wconf 73' lang='grc' dir='ltr'><strong>καὶ</strong></span> <span class='ocrx_word' id='word_1_494' title='bbox 2487 2607 2684 2678; x_wconf 79' lang='grc' dir='ltr'>φλόγες</span> <span class='ocrx_word' id='word_1_495' title='bbox 2710 2609 2903 2671; x_wconf 55' lang='grc' dir='ltr'>αὐτοὺς</span> <span class='ocrx_word' id='word_1_496' title='bbox 2934 2609 3215 2680; x_wconf 83' lang='grc' dir='ltr'>ἁνειμέναι</span> <span class='ocrx_word' id='word_1_497' title='bbox 3250 2607 3735 2680; x_wconf 79' lang='grc' dir='ltr'>κατανεμηθήσον-</span> 
     </span>
    </p>
   </div>
   <div class='ocr_carea' id='block_1_71' title="bbox 2138 2699 3738 2771">
    <p class='ocr_par' dir='ltr' id='par_1_71' title="bbox 2138 2699 3738 2771">
     <span class='ocr_line' id='line_1_71' title="bbox 2138 2699 3738 2771; baseline 0.001 -19"><span class='ocrx_word' id='word_1_498' title='bbox 2138 2716 2261 2765; x_wconf 86' lang='grc' dir='ltr'>ται,</span> <span class='ocrx_word' id='word_1_499' title='bbox 2300 2700 2376 2764; x_wconf 84' lang='grc' dir='ltr'>ὡς</span> <span class='ocrx_word' id='word_1_500' title='bbox 2417 2699 2552 2771; x_wconf 82' lang='grc' dir='ltr'>ὁμοῦ</span> <span class='ocrx_word' id='word_1_501' title='bbox 2584 2704 2702 2764; x_wconf 85' lang='grc' dir='ltr'>ταῖς</span> <span class='ocrx_word' id='word_1_502' title='bbox 2749 2700 2926 2770; x_wconf 76' lang='grc' dir='ltr'>ῥίζαις</span> <span class='ocrx_word' id='word_1_503' title='bbox 2957 2702 3081 2764; x_wconf 83' lang='grc' dir='ltr'>τοὺς</span> <span class='ocrx_word' id='word_1_504' title='bbox 3118 2699 3179 2765; x_wconf 83' lang='grc' dir='ltr'><strong>ἐξ</strong></span> <span class='ocrx_word' id='word_1_505' title='bbox 3204 2700 3383 2754; x_wconf 79' lang='grc' dir='ltr'>αὐτῶν</span> <span class='ocrx_word' id='word_1_506' title='bbox 3415 2700 3738 2771; x_wconf 81' lang='grc' dir='ltr'>δαπανηθῆ-</span> 
     </span>
    </p>
   </div>
   <div class='ocr_carea' id='block_1_72' title="bbox 2139 2792 3739 2866">
    <p class='ocr_par' dir='ltr' id='par_1_72' title="bbox 2139 2792 3739 2866">
     <span class='ocr_line' id='line_1_72' title="bbox 2139 2792 3739 2866; baseline 0.002 -21"><span class='ocrx_word' id='word_1_507' title='bbox 2139 2809 2228 2846; x_wconf 89' lang='grc' dir='ltr'><strong>ναι</strong></span> <span class='ocrx_word' id='word_1_508' title='bbox 2258 2795 2503 2866; x_wconf 83' lang='grc' dir='ltr'>καρποὺς</span> <span class='ocrx_word' id='word_1_509' title='bbox 2525 2835 2539 2860; x_wconf 95' lang='grc'><strong>,</strong></span> <span class='ocrx_word' id='word_1_510' title='bbox 2570 2792 2713 2846; x_wconf 84' lang='grc' dir='ltr'>τοῦτ’</span> <span class='ocrx_word' id='word_1_511' title='bbox 2769 2793 2906 2858; x_wconf 80' lang='grc' dir='ltr'>ἐστι,</span> <span class='ocrx_word' id='word_1_512' title='bbox 2960 2793 3327 2849; x_wconf 70' lang='grc' dir='ltr'>συνδιολέσθαι</span> <span class='ocrx_word' id='word_1_513' title='bbox 3355 2796 3469 2858; x_wconf 86' lang='grc' dir='ltr'>τοῖς</span> <span class='ocrx_word' id='word_1_514' title='bbox 3516 2794 3739 2848; x_wconf 82' lang='grc' dir='ltr'>τεκοῦσι</span> 
     </span>
    </p>
   </div>
   <div class='ocr_carea' id='block_1_73' title="bbox 2139 2884 3736 2961">
    <p class='ocr_par' dir='ltr' id='par_1_73' title="bbox 2139 2884 3736 2961">
     <span class='ocr_line' id='line_1_73' title="bbox 2139 2884 3736 2961; baseline 0.001 -21"><span class='ocrx_word' id='word_1_515' title='bbox 2139 2884 2209 2940; x_wconf 80' lang='grc' dir='ltr'>τὰ</span> <span class='ocrx_word' id='word_1_516' title='bbox 2258 2885 2317 2951; x_wconf 76' lang='grc' dir='ltr'>ἐξ</span> <span class='ocrx_word' id='word_1_517' title='bbox 2354 2886 2575 2952; x_wconf 78' lang='grc' dir='ltr'>αὐτῶν,</span> <span class='ocrx_word' id='word_1_518' title='bbox 2642 2888 2735 2941; x_wconf 75' lang='grc' dir='ltr'><strong>καὶ</strong></span> <span class='ocrx_word' id='word_1_519' title='bbox 2788 2888 2864 2952; x_wconf 86' lang='grc' dir='ltr'><strong>ώς</strong></span> <span class='ocrx_word' id='word_1_520' title='bbox 2906 2887 3035 2959; x_wconf 82' lang='grc' dir='ltr'>χοῦν</span> <span class='ocrx_word' id='word_1_521' title='bbox 3068 2889 3100 2960; x_wconf 79' lang='grc' dir='ltr'><strong>ἢ</strong></span> <span class='ocrx_word' id='word_1_522' title='bbox 3135 2888 3282 2943; x_wconf 80' lang='grc' dir='ltr'>κόνιν</span> <span class='ocrx_word' id='word_1_523' title='bbox 3343 2888 3736 2961; x_wconf 82' lang='grc' dir='ltr'>ραγδαιοτάτου</span> 
     </span>
    </p>
   </div>
   <div class='ocr_carea' id='block_1_74' title="bbox 2142 2977 3737 3051">
    <p class='ocr_par' dir='ltr' id='par_1_74' title="bbox 2142 2977 3737 3051">
     <span class='ocr_line' id='line_1_74' title="bbox 2142 2977 3737 3051; baseline -0.001 -19"><span class='ocrx_word' id='word_1_524' title='bbox 2142 2978 2455 3051; x_wconf 83' lang='grc' dir='ltr'>πνεύματος</span> <span class='ocrx_word' id='word_1_525' title='bbox 2479 2978 2891 3051; x_wconf 84' lang='grc' dir='ltr'>διαριπισθῆναι</span> <span class='ocrx_word' id='word_1_526' title='bbox 2943 2979 3290 3051; x_wconf 76' lang='grc' dir='ltr'>προσϐολαῖς.</span> <span class='ocrx_word' id='word_1_527' title='bbox 3335 2979 3656 3051; x_wconf 79' lang='grc' dir='ltr'>’Λνειμένην</span> <span class='ocrx_word' id='word_1_528' title='bbox 3678 2977 3737 3031; x_wconf 79' lang='grc' dir='ltr'>δὲ</span> 
     </span>
    </p>
   </div>
   <div class='ocr_carea' id='block_1_75' title="bbox 2143 3072 3738 3146">
    <p class='ocr_par' dir='ltr' id='par_1_75' title="bbox 2143 3072 3738 3146">
     <span class='ocr_line' id='line_1_75' title="bbox 2143 3072 3738 3146; baseline 0.001 -22"><span class='ocrx_word' id='word_1_529' title='bbox 2143 3072 2318 3143; x_wconf 86' lang='grc' dir='ltr'>φλόγα</span> <span class='ocrx_word' id='word_1_530' title='bbox 2355 3073 2489 3145; x_wconf 73' lang='grc' dir='ltr'><strong>φησὶ</strong></span> <span class='ocrx_word' id='word_1_531' title='bbox 2516 3073 2614 3146; x_wconf 80' lang='grc' dir='ltr'><strong>τὴν</strong></span> <span class='ocrx_word' id='word_1_532' title='bbox 2656 3074 2748 3127; x_wconf 83' lang='grc' dir='ltr'><strong>ὑπ’</strong></span> <span class='ocrx_word' id='word_1_533' title='bbox 2803 3073 3018 3139; x_wconf 80' lang='grc' dir='ltr'>οὐδενὸς</span> <span class='ocrx_word' id='word_1_534' title='bbox 3070 3073 3461 3146; x_wconf 74' lang='grc' dir='ltr'>σϐεννυμένην.</span> <span class='ocrx_word' id='word_1_535' title='bbox 3527 3075 3738 3144; x_wconf 83' lang='grc' dir='ltr'>Ἐμπέ-</span> 
     </span>
    </p>
   </div>
   <div class='ocr_carea' id='block_1_76' title="bbox 2142 3163 3739 3238">
    <p class='ocr_par' dir='ltr' id='par_1_76' title="bbox 2142 3163 3739 3238">
     <span class='ocr_line' id='line_1_76' title="bbox 2142 3163 3739 3238; baseline 0.001 -20"><span class='ocrx_word' id='word_1_536' title='bbox 2142 3181 2328 3219; x_wconf 87' lang='grc' dir='ltr'>πτωκε</span> <span class='ocrx_word' id='word_1_537' title='bbox 2387 3164 2487 3236; x_wconf 83' lang='grc' dir='ltr'><strong>μὲν</strong></span> <span class='ocrx_word' id='word_1_538' title='bbox 2523 3165 2633 3237; x_wconf 85' lang='grc' dir='ltr'>γὰρ</span> <span class='ocrx_word' id='word_1_539' title='bbox 2677 3163 2708 3238; x_wconf 83' lang='grc' dir='ltr'>ἢ</span> <span class='ocrx_word' id='word_1_540' title='bbox 2750 3164 2922 3237; x_wconf 79' lang='grc' dir='ltr'>ληῒοις</span> <span class='ocrx_word' id='word_1_541' title='bbox 2969 3166 3146 3237; x_wconf 67' lang='grc' dir='ltr'>ἤγουν</span> <span class='ocrx_word' id='word_1_542' title='bbox 3185 3165 3455 3236; x_wconf 84' lang='grc' dir='ltr'>ἀμπέλοις</span> <span class='ocrx_word' id='word_1_543' title='bbox 3504 3163 3617 3218; x_wconf 78' lang='grc' dir='ltr'><strong>ἔσθ’</strong></span> <span class='ocrx_word' id='word_1_544' title='bbox 3645 3166 3739 3219; x_wconf 78' lang='grc' dir='ltr'><strong>ὅτε</strong></span> 
     </span>
    </p>
   </div>
   <div class='ocr_carea' id='block_1_77' title="bbox 2142 3250 3739 3327">
    <p class='ocr_par' dir='ltr' id='par_1_77' title="bbox 2142 3250 3739 3327">
     <span class='ocr_line' id='line_1_77' title="bbox 2142 3250 3739 3327; baseline 0.003 -23"><span class='ocrx_word' id='word_1_545' title='bbox 2142 3250 2286 3324; x_wconf 78' lang='grc' dir='ltr'>πῦρο</span> <span class='ocrx_word' id='word_1_546' title='bbox 2311 3252 2427 3306; x_wconf 90' lang='grc' dir='ltr'>ἀλλ’</span> <span class='ocrx_word' id='word_1_547' title='bbox 2454 3252 2516 3306; x_wconf 81' lang='grc' dir='ltr'>οὐ</span> <span class='ocrx_word' id='word_1_548' title='bbox 2544 3254 2769 3324; x_wconf 84' lang='grc' dir='ltr'>γέγονεν</span> <span class='ocrx_word' id='word_1_549' title='bbox 2799 3256 3116 3327; x_wconf 79' lang='grc' dir='ltr'>ἀνημμένη,</span> <span class='ocrx_word' id='word_1_550' title='bbox 3171 3255 3560 3327; x_wconf 76' lang='grc' dir='ltr'>ἑπαμυνόντων</span> <span class='ocrx_word' id='word_1_551' title='bbox 3608 3255 3739 3310; x_wconf 86' lang='grc' dir='ltr'>πολ-</span> 
     </span>
    </p>
   </div>
   <div class='ocr_carea' id='block_1_78' title="bbox 2139 3340 3741 3418">
    <p class='ocr_par' dir='ltr' id='par_1_78' title="bbox 2139 3340 3741 3418">
     <span class='ocr_line' id='line_1_78' title="bbox 2139 3340 3741 3418; baseline 0.003 -24"><span class='ocrx_word' id='word_1_552' title='bbox 2139 3340 2269 3408; x_wconf 85' lang='grc' dir='ltr'>λῶν,</span> <span class='ocrx_word' id='word_1_553' title='bbox 2315 3342 2411 3396; x_wconf 81' lang='grc' dir='ltr'>καὶ</span> <span class='ocrx_word' id='word_1_554' title='bbox 2447 3343 2765 3414; x_wconf 85' lang='grc' dir='ltr'>προσελθεῖν</span> <span class='ocrx_word' id='word_1_555' title='bbox 2797 3345 2899 3399; x_wconf 82' lang='grc' dir='ltr'><strong>οὐκ</strong></span> <span class='ocrx_word' id='word_1_556' title='bbox 2932 3345 3168 3412; x_wconf 74' lang='grc' dir='ltr'>ἐώντων,</span> <span class='ocrx_word' id='word_1_557' title='bbox 3210 3344 3335 3399; x_wconf 75' lang='grc' dir='ltr'>οὗτε</span> <span class='ocrx_word' id='word_1_558' title='bbox 3369 3344 3476 3418; x_wconf 74' lang='grc' dir='ltr'><strong>μὴν</strong></span> <span class='ocrx_word' id='word_1_559' title='bbox 3503 3345 3741 3401; x_wconf 81' lang='grc' dir='ltr'>ἀδιακω-</span> 
     </span>
    </p>
   </div>
   <div class='ocr_carea' id='block_1_79' title="bbox 2140 3432 3740 3508">
    <p class='ocr_par' dir='ltr' id='par_1_79' title="bbox 2140 3432 3740 3508">
     <span class='ocr_line' id='line_1_79' title="bbox 2140 3432 3740 3508; baseline 0.003 -20"><span class='ocrx_word' id='word_1_560' title='bbox 2140 3432 2316 3499; x_wconf 83' lang='grc' dir='ltr'>λύτως</span> <span class='ocrx_word' id='word_1_561' title='bbox 2356 3435 2759 3506; x_wconf 81' lang='grc' dir='ltr'>κατανέμεσθαι</span> <span class='ocrx_word' id='word_1_562' title='bbox 2784 3439 2912 3501; x_wconf 85' lang='grc' dir='ltr'>τοὺς</span> <span class='ocrx_word' id='word_1_563' title='bbox 2945 3438 3172 3508; x_wconf 78' lang='grc' dir='ltr'>ἀγρούς.</span> <span class='ocrx_word' id='word_1_564' title='bbox 3211 3437 3510 3502; x_wconf 88' lang='grc' dir='ltr'>Πονοῦντος</span> <span class='ocrx_word' id='word_1_565' title='bbox 3539 3438 3596 3491; x_wconf 80' lang='grc' dir='ltr'>δὲ</span> <span class='ocrx_word' id='word_1_566' title='bbox 3641 3439 3740 3492; x_wconf 81' lang='grc' dir='ltr'><strong>οὐ·</strong></span> 
     </span>
    </p>
   </div>
   <div class='ocr_carea' id='block_1_80' title="bbox 2140 3526 3743 3606">
    <p class='ocr_par' dir='ltr' id='par_1_80' title="bbox 2140 3526 3743 3606">
     <span class='ocr_line' id='line_1_80' title="bbox 2140 3526 3743 3606; baseline 0.003 -26"><span class='ocrx_word' id='word_1_567' title='bbox 2140 3526 2306 3593; x_wconf 82' lang='grc' dir='ltr'>δενὸς,</span> <span class='ocrx_word' id='word_1_568' title='bbox 2358 3527 2963 3598; x_wconf 72' lang='grc' dir='ltr'>ήγουνάνακόπτοντος</span> <span class='ocrx_word' id='word_1_569' title='bbox 2989 3530 3080 3585; x_wconf 83' lang='grc' dir='ltr'><strong>τὸν</strong></span> <span class='ocrx_word' id='word_1_570' title='bbox 3111 3531 3371 3585; x_wconf 76' lang='grc' dir='ltr'>ἐπέκεινα</span> <span class='ocrx_word' id='word_1_571' title='bbox 3411 3530 3611 3604; x_wconf 87' lang='grc' dir='ltr'>δρόμον</span> <span class='ocrx_word' id='word_1_572' title='bbox 3638 3532 3743 3606; x_wconf 79' lang='grc' dir='ltr'><strong>τῆς</strong></span> 
     </span>
    </p>
   </div>
   <div class='ocr_carea' id='block_1_81' title="bbox 2142 3616 3745 3694">
    <p class='ocr_par' dir='ltr' id='par_1_81' title="bbox 2142 3616 3745 3694">
     <span class='ocr_line' id='line_1_81' title="bbox 2142 3616 3745 3694; baseline 0.004 -24"><span class='ocrx_word' id='word_1_573' title='bbox 2142 3616 2360 3688; x_wconf 81' lang='grc' dir='ltr'>φλογὸς,</span> <span class='ocrx_word' id='word_1_574' title='bbox 2399 3619 2522 3673; x_wconf 81' lang='grc' dir='ltr'>τότε</span> <span class='ocrx_word' id='word_1_575' title='bbox 2566 3619 2631 3691; x_wconf 83' lang='grc' dir='ltr'>δὴ</span> <span class='ocrx_word' id='word_1_576' title='bbox 2679 3620 2798 3673; x_wconf 84' lang='grc' dir='ltr'>τότε</span> <span class='ocrx_word' id='word_1_577' title='bbox 2838 3624 2932 3675; x_wconf 74' lang='grc' dir='ltr'><strong>καὶ</strong></span> <span class='ocrx_word' id='word_1_578' title='bbox 2980 3621 3276 3694; x_wconf 81' lang='grc' dir='ltr'>άνημμένη</span> <span class='ocrx_word' id='word_1_579' title='bbox 3321 3639 3406 3688; x_wconf 82' lang='grc' dir='ltr'><strong>τις</strong></span> <span class='ocrx_word' id='word_1_580' title='bbox 3447 3624 3601 3678; x_wconf 75' lang='grc' dir='ltr'>ἔσται</span> <span class='ocrx_word' id='word_1_581' title='bbox 3642 3628 3745 3677; x_wconf 74' lang='grc' dir='ltr'>καὶ</span> 
     </span>
    </p>
   </div>
   <div class='ocr_carea' id='block_1_82' title="bbox 2142 3708 3743 3786">
    <p class='ocr_par' dir='ltr' id='par_1_82' title="bbox 2142 3708 3743 3786">
     <span class='ocr_line' id='line_1_82' title="bbox 2142 3708 3743 3786; baseline 0.001 -20"><span class='ocrx_word' id='word_1_582' title='bbox 2142 3711 2360 3781; x_wconf 75' lang='grc' dir='ltr'>ἄφετος,</span> <span class='ocrx_word' id='word_1_583' title='bbox 2415 3711 2512 3765; x_wconf 76' lang='grc' dir='ltr'>καὶ</span> <span class='ocrx_word' id='word_1_584' title='bbox 2568 3711 2820 3782; x_wconf 84' lang='grc' dir='ltr'>ἀχάλινος</span> <span class='ocrx_word' id='word_1_585' title='bbox 2883 3708 3020 3768; x_wconf 77' lang='grc' dir='ltr'>οὖσα</span> <span class='ocrx_word' id='word_1_586' title='bbox 3083 3714 3223 3786; x_wconf 80' lang='grc' dir='ltr'>πρὸς</span> <span class='ocrx_word' id='word_1_587' title='bbox 3276 3714 3388 3770; x_wconf 79' lang='grc' dir='ltr'><strong>πᾶν</strong></span> <span class='ocrx_word' id='word_1_588' title='bbox 3426 3714 3606 3770; x_wconf 80' lang='grc' dir='ltr'>ὁτιοῦν</span> <span class='ocrx_word' id='word_1_589' title='bbox 3628 3715 3743 3770; x_wconf 79' lang='grc' dir='ltr'><strong>τῶν</strong></span> 
     </span>
    </p>
   </div>
   <div class='ocr_carea' id='block_1_83' title="bbox 2143 3802 3744 3878">
    <p class='ocr_par' dir='ltr' id='par_1_83' title="bbox 2143 3802 3744 3878">
     <span class='ocr_line' id='line_1_83' title="bbox 2143 3802 3744 3878; baseline 0.004 -24"><span class='ocrx_word' id='word_1_590' title='bbox 2143 3802 2585 3874; x_wconf 79' lang='grc' dir='ltr'>παρακειμένων.</span> <span class='ocrx_word' id='word_1_591' title='bbox 2617 3803 2826 3857; x_wconf 83' lang='grc' dir='ltr'>Οὐκοῦν</span> <span class='ocrx_word' id='word_1_592' title='bbox 2854 3804 3156 3878; x_wconf 78' lang='grc' dir='ltr'>ἐπειδήπερ</span> <span class='ocrx_word' id='word_1_593' title='bbox 3200 3808 3321 3870; x_wconf 82' lang='grc' dir='ltr'>ταῖς</span> <span class='ocrx_word' id='word_1_594' title='bbox 3363 3805 3458 3861; x_wconf 84' lang='grc' dir='ltr'><strong>τοῦ</strong></span> <span class='ocrx_word' id='word_1_595' title='bbox 3499 3806 3744 3878; x_wconf 84' lang='grc' dir='ltr'>πολέμου</span> 
     </span>
    </p>
   </div>
   <div class='ocr_carea' id='block_1_84' title="bbox 2144 3894 3746 3969">
    <p class='ocr_par' dir='ltr' id='par_1_84' title="bbox 2144 3894 3746 3969">
     <span class='ocr_line' id='line_1_84' title="bbox 2144 3894 3746 3969; baseline 0.004 -23"><span class='ocrx_word' id='word_1_596' title='bbox 2144 3897 2453 3965; x_wconf 82' lang='grc' dir='ltr'>συμφοραῖς</span> <span class='ocrx_word' id='word_1_597' title='bbox 2482 3894 2847 3965; x_wconf 72' lang='grc' dir='ltr'>ὑποφέροντος</span> <span class='ocrx_word' id='word_1_598' title='bbox 2881 3898 3080 3962; x_wconf 80' lang='grc' dir='ltr'>αὐτοὺς</span> <span class='ocrx_word' id='word_1_599' title='bbox 3116 3897 3212 3951; x_wconf 83' lang='grc' dir='ltr'><strong>τοῦ</strong></span> <span class='ocrx_word' id='word_1_600' title='bbox 3247 3899 3426 3953; x_wconf 86' lang='grc' dir='ltr'>πάντα</span> <span class='ocrx_word' id='word_1_601' title='bbox 3463 3898 3746 3969; x_wconf 76' lang='grc' dir='ltr'>ἰσχύοντος</span> 
     </span>
    </p>
   </div>
   <div class='ocr_carea' id='block_1_85' title="bbox 2141 3985 3821 4061">
    <p class='ocr_par' dir='ltr' id='par_1_85' title="bbox 2141 3985 3821 4061">
     <span class='ocr_line' id='line_1_85' title="bbox 2141 3985 3821 4061; baseline 0.004 -22"><span class='ocrx_word' id='word_1_602' title='bbox 2141 3985 2299 4053; x_wconf 86' lang='grc' dir='ltr'>Θεοῦ,</span> <span class='ocrx_word' id='word_1_603' title='bbox 2334 3987 2427 4039; x_wconf 71' lang='grc' dir='ltr'><strong>καὶ</strong></span> <span class='ocrx_word' id='word_1_604' title='bbox 2467 3988 2591 4060; x_wconf 75' lang='grc' dir='ltr'>ὁσία</span> <span class='ocrx_word' id='word_1_605' title='bbox 2628 3989 2792 4061; x_wconf 71' lang='grc' dir='ltr'>ψήφῳ</span> <span class='ocrx_word' id='word_1_606' title='bbox 2831 3990 3177 4057; x_wconf 76' lang='grc' dir='ltr'>κολάζοντος,</span> <span class='ocrx_word' id='word_1_607' title='bbox 3234 3992 3410 4056; x_wconf 77' lang='grc' dir='ltr'>οὐδεὶς</span> <span class='ocrx_word' id='word_1_608' title='bbox 3462 3993 3743 4058; x_wconf 83' lang='grc' dir='ltr'>παντελῶς</span> <span class='ocrx_word' id='word_1_609' title='bbox 3818 4024 3821 4027; x_wconf 97' lang='grc'><strong>-</strong></span> 
     </span>
    </p>
   </div>
   <div class='ocr_carea' id='block_1_86' title="bbox 2143 4075 3745 4157">
    <p class='ocr_par' dir='ltr' id='par_1_86' title="bbox 2143 4075 3745 4157">
     <span class='ocr_line' id='line_1_86' title="bbox 2143 4075 3745 4157; baseline 0.006 -27"><span class='ocrx_word' id='word_1_610' title='bbox 2143 4078 2439 4149; x_wconf 81' lang='grc' dir='ltr'>ὲπαμύνων</span> <span class='ocrx_word' id='word_1_611' title='bbox 2458 4075 2526 4151; x_wconf 79' lang='grc' dir='ltr'>ἦν</span> <span class='ocrx_word' id='word_1_612' title='bbox 2545 4098 2558 4112; x_wconf 87' lang='grc'><strong>·</strong></span> <span class='ocrx_word' id='word_1_613' title='bbox 2582 4080 2756 4155; x_wconf 80' lang='grc' dir='ltr'>ταύτῃ</span> <span class='ocrx_word' id='word_1_614' title='bbox 2779 4099 2859 4136; x_wconf 89' lang='grc' dir='ltr'><strong>τοι</strong></span> <span class='ocrx_word' id='word_1_615' title='bbox 2884 4084 2976 4137; x_wconf 69' lang='grc' dir='ltr'><strong>καὶ</strong></span> <span class='ocrx_word' id='word_1_616' title='bbox 3004 4084 3148 4155; x_wconf 84' lang='grc' dir='ltr'>μάλα</span> <span class='ocrx_word' id='word_1_617' title='bbox 3171 4085 3397 4147; x_wconf 74' lang='grc' dir='ltr'>εἰκότως</span> <span class='ocrx_word' id='word_1_618' title='bbox 3417 4085 3745 4157; x_wconf 71' lang='grc' dir='ltr'>ἀνημμένην</span> 
     </span>
    </p>
   </div>
   <div class='ocr_carea' id='block_1_87' title="bbox 2145 4166 3737 4247">
    <p class='ocr_par' dir='ltr' id='par_1_87' title="bbox 2145 4166 3737 4247">
     <span class='ocr_line' id='line_1_87' title="bbox 2145 4166 3737 4247; baseline 0.007 -30"><span class='ocrx_word' id='word_1_619' title='bbox 2145 4166 2318 4236; x_wconf 79' lang='grc' dir='ltr'>φλόγα</span> <span class='ocrx_word' id='word_1_620' title='bbox 2345 4167 2441 4239; x_wconf 84' lang='grc' dir='ltr'><strong>τὴν</strong></span> <span class='ocrx_word' id='word_1_621' title='bbox 2470 4169 2638 4240; x_wconf 79' lang='grc' dir='ltr'>ὀργὴν</span> <span class='ocrx_word' id='word_1_622' title='bbox 2668 4171 2947 4243; x_wconf 77' lang='grc' dir='ltr'>ὀνομάζει.</span> <span class='ocrx_word' id='word_1_623' title='bbox 2993 4174 3080 4237; x_wconf 72' lang='grc' dir='ltr'>Ὧς</span> <span class='ocrx_word' id='word_1_624' title='bbox 3108 4175 3218 4246; x_wconf 85' lang='grc' dir='ltr'><strong>γάρ</strong></span> <span class='ocrx_word' id='word_1_625' title='bbox 3258 4191 3424 4246; x_wconf 79' lang='grc' dir='ltr'>φησιν</span> <span class='ocrx_word' id='word_1_626' title='bbox 3464 4174 3493 4227; x_wconf 87' lang='grc' dir='ltr'><strong>ὁ</strong></span> <span class='ocrx_word' id='word_1_627' title='bbox 3550 4177 3737 4247; x_wconf 87' lang='grc' dir='ltr'>μακά-</span> 
     </span>
    </p>
   </div>
   <div class='ocr_carea' id='block_1_88' title="bbox 2147 4260 3740 4337">
    <p class='ocr_par' dir='ltr' id='par_1_88' title="bbox 2147 4260 3740 4337">
     <span class='ocr_line' id='line_1_88' title="bbox 2147 4260 3740 4337; baseline 0.006 -26"><span class='ocrx_word' id='word_1_628' title='bbox 2147 4275 2261 4331; x_wconf 87' lang='grc' dir='ltr'>ριος</span> <span class='ocrx_word' id='word_1_629' title='bbox 2304 4260 2509 4333; x_wconf 81' lang='grc' dir='ltr'>Μωσῆς</span> <span class='ocrx_word' id='word_1_630' title='bbox 2537 4276 2550 4290; x_wconf 76' lang='grc' dir='ltr'><strong>ο</strong></span> <span class='ocrx_word' id='word_1_631' title='bbox 2597 4279 2617 4313; x_wconf 86' lang='grc'><em>‹</em></span> <span class='ocrx_word' id='word_1_632' title='bbox 2690 4263 2748 4315; x_wconf 86' lang='lat'><strong>&#39;0</strong></span> <span class='ocrx_word' id='word_1_633' title='bbox 2805 4264 2939 4329; x_wconf 81' lang='grc' dir='ltr'>Θεὸς</span> <span class='ocrx_word' id='word_1_634' title='bbox 2977 4265 3135 4337; x_wconf 80' lang='grc' dir='ltr'>ήμῶν</span> <span class='ocrx_word' id='word_1_635' title='bbox 3179 4265 3289 4337; x_wconf 85' lang='grc' dir='ltr'><strong>πῦρ</strong></span> <span class='ocrx_word' id='word_1_636' title='bbox 3341 4265 3740 4320; x_wconf 81' lang='grc' dir='ltr'>καταναλίσκον</span> 
     </span>
    </p>
   </div>
   <div class='ocr_carea' id='block_1_89' title="bbox 2143 4350 3734 4428">
    <p class='ocr_par' dir='ltr' id='par_1_89' title="bbox 2143 4350 3734 4428">
     <span class='ocr_line' id='line_1_89' title="bbox 2143 4350 3734 4428; baseline 0.004 -27"><span class='ocrx_word' id='word_1_637' title='bbox 2143 4350 2313 4417; x_wconf 77' lang='grc' dir='ltr'>ἐστὶν,</span> <span class='ocrx_word' id='word_1_638' title='bbox 2347 4352 2442 4405; x_wconf 77' lang='grc' dir='ltr'><strong>καὶ</strong></span> <span class='ocrx_word' id='word_1_639' title='bbox 2471 4354 2565 4408; x_wconf 73' lang='grc' dir='ltr'><strong>ἐὰν</strong></span> <span class='ocrx_word' id='word_1_640' title='bbox 2607 4351 2793 4427; x_wconf 81' lang='grc' dir='ltr'>κλείσῃ</span> <span class='ocrx_word' id='word_1_641' title='bbox 2813 4356 2954 4409; x_wconf 81' lang='grc' dir='ltr'>κατὰ</span> <span class='ocrx_word' id='word_1_642' title='bbox 2998 4355 3312 4428; x_wconf 76' lang='grc' dir='ltr'>ἀνθρώπου,</span> <span class='ocrx_word' id='word_1_643' title='bbox 3345 4357 3431 4422; x_wconf 88' lang='grc' dir='ltr'><strong>τίς</strong></span> <span class='ocrx_word' id='word_1_644' title='bbox 3451 4357 3685 4426; x_wconf 77' lang='grc' dir='ltr'>ἀνοίξεις</span> <span class='ocrx_word' id='word_1_645' title='bbox 3712 4376 3734 4409; x_wconf 73' lang='grc' dir='ltr'><strong>ι</strong></span> 
     </span>
    </p>
   </div>
   <div class='ocr_carea' id='block_1_90' title="bbox 2145 4436 3741 4519">
    <p class='ocr_par' dir='ltr' id='par_1_90' title="bbox 2145 4436 3741 4519">
     <span class='ocr_line' id='line_1_90' title="bbox 2145 4436 3741 4519; baseline 0.005 -25"><span class='ocrx_word' id='word_1_646' title='bbox 2145 4443 2255 4495; x_wconf 79' lang='grc' dir='ltr'>Καὶ</span> <span class='ocrx_word' id='word_1_647' title='bbox 2308 4443 2468 4497; x_wconf 88' lang='grc' dir='ltr'>τοῦτο</span> <span class='ocrx_word' id='word_1_648' title='bbox 2521 4436 2740 4509; x_wconf 82' lang='grc' dir='ltr'>εἰδὼςό</span> <span class='ocrx_word' id='word_1_649' title='bbox 2778 4447 3066 4512; x_wconf 81' lang='grc' dir='ltr'>θεσπέσιος</span> <span class='ocrx_word' id='word_1_650' title='bbox 3112 4449 3278 4503; x_wconf 76' lang='grc' dir='ltr'><strong>Δαόὶδ</strong></span> <span class='ocrx_word' id='word_1_651' title='bbox 3324 4448 3552 4519; x_wconf 80' lang='grc' dir='ltr'>ψάλλει·</span> <span class='ocrx_word' id='word_1_652' title='bbox 3594 4467 3613 4500; x_wconf 78' lang='grc' dir='ltr'><strong>ι</strong></span> <span class='ocrx_word' id='word_1_653' title='bbox 3665 4450 3741 4502; x_wconf 78' lang='grc' dir='ltr'><strong>Σὺ</strong></span> 
     </span>
    </p>
   </div>
   <div class='ocr_carea' id='block_1_91' title="bbox 454 4531 2040 4634">
    <p class='ocr_par' dir='ltr' id='par_1_91' title="bbox 454 4533 2040 4610">
     <span class='ocr_line' id='line_1_91' title="bbox 454 4533 2040 4610; baseline -0.007 -14"><span class='ocrx_word' id='word_1_654' title='bbox 454 4544 510 4597; x_wconf 86' lang='lat' dir='ltr'><strong>in</strong></span> <span class='ocrx_word' id='word_1_655' title='bbox 537 4539 793 4610; x_wconf 86' lang='lat' dir='ltr'><strong>precibus</strong></span> <span class='ocrx_word' id='word_1_656' title='bbox 818 4539 1040 4593; x_wconf 88' lang='lat' dir='ltr'><strong>dicere:</strong></span> <span class='ocrx_word' id='word_1_657' title='bbox 1072 4554 1090 4587; x_wconf 75' lang='grc' dir='ltr'><strong>ι</strong></span> <span class='ocrx_word' id='word_1_658' title='bbox 1129 4534 1377 4603; x_wconf 88' lang='lat' dir='ltr'><strong>Domine,</strong></span> <span class='ocrx_word' id='word_1_659' title='bbox 1411 4549 1478 4589; x_wconf 93' lang='lat' dir='ltr'><strong>ne</strong></span> <span class='ocrx_word' id='word_1_660' title='bbox 1501 4535 1555 4590; x_wconf 92' lang='lat' dir='ltr'><strong>in</strong></span> <span class='ocrx_word' id='word_1_661' title='bbox 1579 4535 1765 4589; x_wconf 81' lang='lat' dir='ltr'><strong>furore</strong></span> <span class='ocrx_word' id='word_1_662' title='bbox 1789 4542 1883 4588; x_wconf 88' lang='lat' dir='ltr'><strong>tuo</strong></span> <span class='ocrx_word' id='word_1_663' title='bbox 1921 4533 2040 4586; x_wconf 89' lang='lat' dir='ltr'><strong>red-</strong></span> 
     </span>
    </p>
   </div>
   <div class='ocr_carea' id='block_1_92' title="bbox 2141 4531 3741 4634">
    <p class='ocr_par' dir='ltr' id='par_1_92' title="bbox 2150 4531 3741 4634">
     <span class='ocr_line' id='line_1_92' title="bbox 2150 4531 3741 4634; baseline 0.006 -47"><span class='ocrx_word' id='word_1_664' title='bbox 2150 4535 2380 4607; x_wconf 78' lang='grc' dir='ltr'>φοϐερὸς</span> <span class='ocrx_word' id='word_1_665' title='bbox 2418 4531 2490 4599; x_wconf 76' lang='grc' dir='ltr'>εἳ,</span> <span class='ocrx_word' id='word_1_666' title='bbox 2533 4537 2629 4591; x_wconf 76' lang='grc' dir='ltr'>καὶ</span> <span class='ocrx_word' id='word_1_667' title='bbox 2675 4538 2758 4634; x_wconf 66' lang='grc' dir='ltr'><strong>τίς</strong></span> <span class='ocrx_word' id='word_1_668' title='bbox 2808 4541 3189 4614; x_wconf 78' lang='grc' dir='ltr'>ἀντιστήσεται</span> <span class='ocrx_word' id='word_1_669' title='bbox 3252 4559 3335 4597; x_wconf 83' lang='grc' dir='ltr'><strong>σοι</strong></span> <span class='ocrx_word' id='word_1_670' title='bbox 3367 4542 3477 4597; x_wconf 80' lang='grc' dir='ltr'>ἀπὸ</span> <span class='ocrx_word' id='word_1_671' title='bbox 3513 4543 3610 4615; x_wconf 77' lang='grc' dir='ltr'>τῆς</span> <span class='ocrx_word' id='word_1_672' title='bbox 3644 4544 3741 4614; x_wconf 85' lang='grc' dir='ltr'><strong>ὀρ-</strong></span> 
     </span>
    </p>
   </div>
   <div class='ocr_carea' id='block_1_93' title="bbox 458 4623 2038 4701">
    <p class='ocr_par' dir='ltr' id='par_1_93' title="bbox 458 4623 2038 4701">
     <span class='ocr_line' id='line_1_93' title="bbox 458 4623 2038 4701; baseline -0.006 -16"><span class='ocrx_word' id='word_1_673' title='bbox 458 4644 657 4701; x_wconf 78' lang='lat' dir='ltr'><strong>arguas</strong></span> <span class='ocrx_word' id='word_1_674' title='bbox 684 4643 791 4695; x_wconf 88' lang='lat' dir='ltr'><strong>me,</strong></span> <span class='ocrx_word' id='word_1_675' title='bbox 823 4642 925 4684; x_wconf 89' lang='lat' dir='ltr'><strong>nec</strong></span> <span class='ocrx_word' id='word_1_676' title='bbox 969 4628 1048 4682; x_wconf 89' lang='lat' dir='ltr'><strong>ira</strong></span> <span class='ocrx_word' id='word_1_677' title='bbox 1091 4636 1182 4682; x_wconf 87' lang='lat' dir='ltr'><strong>tua</strong></span> <span class='ocrx_word' id='word_1_678' title='bbox 1216 4627 1447 4698; x_wconf 76' lang='lat' dir='ltr'><strong>castiges</strong></span> <span class='ocrx_word' id='word_1_679' title='bbox 1491 4643 1578 4683; x_wconf 88' lang='lat' dir='ltr'><strong>me</strong></span> <span class='ocrx_word' id='word_1_680' title='bbox 1611 4627 1650 4682; x_wconf 87' lang='grc'>³.</span> <span class='ocrx_word' id='word_1_681' title='bbox 1688 4644 1707 4678; x_wconf 70' lang='grc' dir='ltr'><strong>ι</strong></span> <span class='ocrx_word' id='word_1_682' title='bbox 1752 4623 1868 4679; x_wconf 86' lang='lat' dir='ltr'><strong>Non</strong></span> <span class='ocrx_word' id='word_1_683' title='bbox 1894 4623 2038 4678; x_wconf 86' lang='lat' dir='ltr'><strong>enim</strong></span> 
     </span>
    </p>
   </div>
   <div class='ocr_carea' id='block_1_94' title="bbox 457 4714 2043 4791">
    <p class='ocr_par' dir='ltr' id='par_1_94' title="bbox 457 4714 2043 4791">
     <span class='ocr_line' id='line_1_94' title="bbox 457 4714 2043 4791; baseline -0.007 -14"><span class='ocrx_word' id='word_1_684' title='bbox 457 4722 718 4779; x_wconf 84' lang='lat' dir='ltr'><strong>acerbum</strong></span> <span class='ocrx_word' id='word_1_685' title='bbox 773 4728 859 4775; x_wconf 88' lang='lat' dir='ltr'><strong>est</strong></span> <span class='ocrx_word' id='word_1_686' title='bbox 890 4718 1168 4791; x_wconf 83' lang='lat' dir='ltr'><strong>castigari,</strong></span> <span class='ocrx_word' id='word_1_687' title='bbox 1203 4719 1301 4774; x_wconf 90' lang='lat' dir='ltr'><strong>sed</strong></span> <span class='ocrx_word' id='word_1_688' title='bbox 1325 4735 1393 4774; x_wconf 80' lang='lat' dir='ltr'><strong>ex</strong></span> <span class='ocrx_word' id='word_1_689' title='bbox 1437 4718 1518 4772; x_wconf 71' lang='lat' dir='ltr'><strong>ira</strong></span> <span class='ocrx_word' id='word_1_690' title='bbox 1579 4717 1735 4787; x_wconf 88' lang='lat' dir='ltr'><strong>quasi</strong></span> <span class='ocrx_word' id='word_1_691' title='bbox 1767 4724 1821 4770; x_wconf 88' lang='lat' dir='ltr'><strong>et</strong></span> <span class='ocrx_word' id='word_1_692' title='bbox 1855 4714 2043 4768; x_wconf 82' lang='lat' dir='ltr'><strong>furore</strong></span> 
     </span>
    </p>
   </div>
   <div class='ocr_carea' id='block_1_95' title="bbox 460 4808 2046 4884">
    <p class='ocr_par' dir='ltr' id='par_1_95' title="bbox 460 4808 2046 4884">
     <span class='ocr_line' id='line_1_95' title="bbox 460 4808 2046 4884; baseline -0.009 -10"><span class='ocrx_word' id='word_1_693' title='bbox 460 4820 514 4873; x_wconf 84' lang='lat' dir='ltr'><strong>id</strong></span> <span class='ocrx_word' id='word_1_694' title='bbox 544 4824 737 4874; x_wconf 88' lang='lat' dir='ltr'><strong>contra</strong></span> <span class='ocrx_word' id='word_1_695' title='bbox 787 4830 888 4872; x_wconf 92' lang='lat' dir='ltr'><strong>nos</strong></span> <span class='ocrx_word' id='word_1_696' title='bbox 913 4815 1053 4884; x_wconf 80' lang='lat' dir='ltr'><strong>ﬁeri,</strong></span> <span class='ocrx_word' id='word_1_697' title='bbox 1087 4823 1142 4871; x_wconf 89' lang='lat' dir='ltr'><strong>et</strong></span> <span class='ocrx_word' id='word_1_698' title='bbox 1192 4813 1482 4870; x_wconf 84' lang='lat' dir='ltr'><strong>molestum</strong></span> <span class='ocrx_word' id='word_1_699' title='bbox 1514 4819 1620 4875; x_wconf 85' lang='lat' dir='ltr'><strong>est,</strong></span> <span class='ocrx_word' id='word_1_700' title='bbox 1668 4819 1724 4865; x_wconf 92' lang='lat' dir='ltr'><strong>et</strong></span> <span class='ocrx_word' id='word_1_701' title='bbox 1783 4808 2046 4863; x_wconf 59' lang='lat' dir='ltr'><strong>intolerao</strong></span> 
     </span>
    </p>
   </div>
   <div class='ocr_carea' id='block_1_96' title="bbox 457 4902 2043 4980">
    <p class='ocr_par' dir='ltr' id='par_1_96' title="bbox 457 4902 2043 4980">
     <span class='ocr_line' id='line_1_96' title="bbox 457 4902 2043 4980; baseline -0.008 -13"><span class='ocrx_word' id='word_1_702' title='bbox 457 4911 589 4968; x_wconf 86' lang='lat' dir='ltr'><strong>hile.</strong></span> <span class='ocrx_word' id='word_1_703' title='bbox 638 4908 730 4965; x_wconf 88' lang='lat' dir='ltr'><strong>Sic</strong></span> <span class='ocrx_word' id='word_1_704' title='bbox 771 4919 826 4965; x_wconf 89' lang='lat' dir='ltr'><strong>et</strong></span> <span class='ocrx_word' id='word_1_705' title='bbox 876 4909 1169 4980; x_wconf 88' lang='lat' dir='ltr'><strong>propheta:</strong></span> <span class='ocrx_word' id='word_1_706' title='bbox 1216 4926 1236 4960; x_wconf 75' lang='grc' dir='ltr'><strong>ι</strong></span> <span class='ocrx_word' id='word_1_707' title='bbox 1268 4907 1509 4975; x_wconf 75' lang='lat' dir='ltr'><strong>Castiga,</strong></span> <span class='ocrx_word' id='word_1_708' title='bbox 1560 4923 1580 4957; x_wconf 74' lang='grc' dir='ltr'><strong>ι</strong></span> <span class='ocrx_word' id='word_1_709' title='bbox 1616 4902 1813 4971; x_wconf 87' lang='lat' dir='ltr'><strong>inquit,</strong></span> <span class='ocrx_word' id='word_1_710' title='bbox 1870 4918 1891 4955; x_wconf 74' lang='grc' dir='ltr'><strong>ι</strong></span> <span class='ocrx_word' id='word_1_711' title='bbox 1924 4917 2043 4963; x_wconf 88' lang='lat' dir='ltr'><strong>nos,</strong></span> 
     </span>
    </p>
   </div>
   <div class='ocr_carea' id='block_1_97' title="bbox 460 4996 2045 5069">
    <p class='ocr_par' dir='ltr' id='par_1_97' title="bbox 460 4996 2045 5069">
     <span class='ocr_line' id='line_1_97' title="bbox 460 4996 2045 5069; baseline -0.008 -10"><span class='ocrx_word' id='word_1_712' title='bbox 460 5003 712 5069; x_wconf 89' lang='lat' dir='ltr'><strong>Domine,</strong></span> <span class='ocrx_word' id='word_1_713' title='bbox 744 5016 933 5058; x_wconf 74' lang='lat' dir='ltr'><strong>verum</strong></span> <span class='ocrx_word' id='word_1_714' title='bbox 960 5002 1016 5056; x_wconf 92' lang='lat' dir='ltr'><strong>in</strong></span> <span class='ocrx_word' id='word_1_715' title='bbox 1048 4998 1280 5069; x_wconf 83' lang='lat' dir='ltr'><strong>judicio,</strong></span> <span class='ocrx_word' id='word_1_716' title='bbox 1315 4998 1501 5053; x_wconf 88' lang='lat' dir='ltr'><strong>nonin</strong></span> <span class='ocrx_word' id='word_1_717' title='bbox 1532 4996 1758 5051; x_wconf 79' lang='lat' dir='ltr'><strong>furore:</strong></span> <span class='ocrx_word' id='word_1_718' title='bbox 1832 5007 1900 5048; x_wconf 88' lang='lat' dir='ltr'><strong>ne</strong></span> <span class='ocrx_word' id='word_1_719' title='bbox 1947 5008 2045 5048; x_wconf 91' lang='lat' dir='ltr'><strong>nos</strong></span> 
     </span>
    </p>
   </div>
   <div class='ocr_carea' id='block_1_98' title="bbox 462 5090 1576 5166">
    <p class='ocr_par' dir='ltr' id='par_1_98' title="bbox 462 5090 1576 5166">
     <span class='ocr_line' id='line_1_98' title="bbox 462 5090 1576 5166; baseline -0.009 -16"><span class='ocrx_word' id='word_1_720' title='bbox 462 5097 530 5153; x_wconf 88' lang='lat' dir='ltr'><strong>ad</strong></span> <span class='ocrx_word' id='word_1_721' title='bbox 554 5112 838 5152; x_wconf 88' lang='lat' dir='ltr'><strong>numerum</strong></span> <span class='ocrx_word' id='word_1_722' title='bbox 864 5093 1253 5166; x_wconf 86' lang='lat' dir='ltr'><strong>paucissimum</strong></span> <span class='ocrx_word' id='word_1_723' title='bbox 1280 5090 1516 5157; x_wconf 85' lang='lat' dir='ltr'><strong>redigas.</strong></span> <span class='ocrx_word' id='word_1_724' title='bbox 1555 5106 1576 5140; x_wconf 71' lang='grc' dir='ltr'><strong>ι</strong></span> 
     </span>
    </p>
   </div>
   <div class='ocr_carea' id='block_1_99' title="bbox 2147 4620 3743 4707">
    <p class='ocr_par' dir='ltr' id='par_1_99' title="bbox 2147 4620 3743 4707">
     <span class='ocr_line' id='line_1_99' title="bbox 2147 4620 3743 4707; baseline -0.003 -14"><span class='ocrx_word' id='word_1_725' title='bbox 2147 4631 2251 4699; x_wconf 83' lang='grc' dir='ltr'><strong>γῆς</strong></span> <span class='ocrx_word' id='word_1_726' title='bbox 2305 4646 2433 4696; x_wconf 73' lang='grc' dir='ltr'>σους</span> <span class='ocrx_word' id='word_1_727' title='bbox 2469 4649 2486 4681; x_wconf 80' lang='lat' dir='ltr'><strong>I</strong></span> <span class='ocrx_word' id='word_1_728' title='bbox 2545 4631 2665 4703; x_wconf 83' lang='grc' dir='ltr'><strong>Χρὴ</strong></span> <span class='ocrx_word' id='word_1_729' title='bbox 2682 4620 2799 4687; x_wconf 72' lang='grc' dir='ltr'>ὀὖν</span> <span class='ocrx_word' id='word_1_730' title='bbox 2835 4634 2946 4705; x_wconf 80' lang='grc' dir='ltr'>ἄρα</span> <span class='ocrx_word' id='word_1_731' title='bbox 2993 4637 3154 4689; x_wconf 70' lang='grc' dir='ltr'>παντὶ</span> <span class='ocrx_word' id='word_1_732' title='bbox 3208 4634 3386 4690; x_wconf 81' lang='grc' dir='ltr'>σθένει</span> <span class='ocrx_word' id='word_1_733' title='bbox 3424 4636 3743 4707; x_wconf 80' lang='grc' dir='ltr'>χρωμένους</span> 
     </span>
    </p>
   </div>
   <div class='ocr_carea' id='block_1_100' title="bbox 2150 4722 3743 4802">
    <p class='ocr_par' dir='ltr' id='par_1_100' title="bbox 2150 4722 3743 4802">
     <span class='ocr_line' id='line_1_100' title="bbox 2150 4722 3743 4802; baseline 0.006 -30"><span class='ocrx_word' id='word_1_734' title='bbox 2150 4722 2532 4791; x_wconf 84' lang='grc' dir='ltr'>παραιτεῖσθαι</span> <span class='ocrx_word' id='word_1_735' title='bbox 2553 4725 2652 4795; x_wconf 82' lang='grc' dir='ltr'><strong>τὴν</strong></span> <span class='ocrx_word' id='word_1_736' title='bbox 2673 4724 2864 4797; x_wconf 73' lang='grc' dir='ltr'><strong>ὀργήν⁸</strong></span> <span class='ocrx_word' id='word_1_737' title='bbox 2898 4727 3126 4801; x_wconf 68' lang='grc' dir='ltr'>φοϐερὸν</span> <span class='ocrx_word' id='word_1_738' title='bbox 3154 4728 3264 4802; x_wconf 81' lang='grc' dir='ltr'>γὰρ</span> <span class='ocrx_word' id='word_1_739' title='bbox 3300 4729 3360 4784; x_wconf 81' lang='grc' dir='ltr'><strong>τὸ</strong></span> <span class='ocrx_word' id='word_1_740' title='bbox 3404 4729 3615 4802; x_wconf 76' lang='grc' dir='ltr'>χρῆμα,</span> <span class='ocrx_word' id='word_1_741' title='bbox 3647 4730 3743 4782; x_wconf 81' lang='grc' dir='ltr'><strong>καὶ</strong></span> 
     </span>
    </p>
   </div>
   <div class='ocr_carea' id='block_1_101' title="bbox 2147 4811 3745 4905">
    <p class='ocr_par' dir='ltr' id='par_1_101' title="bbox 2147 4811 3745 4905">
     <span class='ocr_line' id='line_1_101' title="bbox 2147 4811 3745 4905; baseline 0.007 -40"><span class='ocrx_word' id='word_1_742' title='bbox 2147 4811 2560 4905; x_wconf 67' lang='grc' dir='ltr'>δυσδιάφυκτον·</span> <span class='ocrx_word' id='word_1_743' title='bbox 2610 4817 2704 4870; x_wconf 78' lang='grc' dir='ltr'><strong>καὶ</strong></span> <span class='ocrx_word' id='word_1_744' title='bbox 2736 4817 2867 4886; x_wconf 87' lang='grc' dir='ltr'>γοῦν</span> <span class='ocrx_word' id='word_1_745' title='bbox 2896 4819 3255 4891; x_wconf 86' lang='grc' dir='ltr'>δεδιδάγμεθα</span> <span class='ocrx_word' id='word_1_746' title='bbox 3278 4821 3458 4891; x_wconf 85' lang='grc' dir='ltr'>λέγειν</span> <span class='ocrx_word' id='word_1_747' title='bbox 3487 4825 3546 4876; x_wconf 78' lang='grc' dir='ltr'>ὲν</span> <span class='ocrx_word' id='word_1_748' title='bbox 3576 4839 3745 4894; x_wconf 85' lang='grc' dir='ltr'>προσ-</span> 
     </span>
    </p>
   </div>
   <div class='ocr_carea' id='block_1_102' title="bbox 2145 4907 3735 4990">
    <p class='ocr_par' dir='ltr' id='par_1_102' title="bbox 2145 4907 3735 4990">
     <span class='ocr_line' id='line_1_102' title="bbox 2145 4907 3735 4990; baseline 0.009 -34"><span class='ocrx_word' id='word_1_749' title='bbox 2145 4907 2366 4974; x_wconf 65' lang='grc' dir='ltr'>ευχιῖςθ</span> <span class='ocrx_word' id='word_1_750' title='bbox 2424 4925 2442 4957; x_wconf 75' lang='grc' dir='ltr'>σ</span> <span class='ocrx_word' id='word_1_751' title='bbox 2489 4907 2683 4979; x_wconf 81' lang='grc' dir='ltr'>Κύριε,</span> <span class='ocrx_word' id='word_1_752' title='bbox 2747 4909 2822 4981; x_wconf 82' lang='grc' dir='ltr'><strong>μὴ</strong></span> <span class='ocrx_word' id='word_1_753' title='bbox 2866 4911 2944 4983; x_wconf 77' lang='grc' dir='ltr'>τῷ</span> <span class='ocrx_word' id='word_1_754' title='bbox 2992 4911 3151 4984; x_wconf 85' lang='grc' dir='ltr'><strong>θυμῷ</strong></span> <span class='ocrx_word' id='word_1_755' title='bbox 3202 4930 3295 4966; x_wconf 89' lang='grc' dir='ltr'><strong>σου</strong></span> <span class='ocrx_word' id='word_1_756' title='bbox 3346 4913 3574 4990; x_wconf 79' lang='grc' dir='ltr'>ἐλέγξῃς</span> <span class='ocrx_word' id='word_1_757' title='bbox 3633 4931 3735 4985; x_wconf 84' lang='grc' dir='ltr'><strong>με,</strong></span> 
     </span>
    </p>
   </div>
   <div class='ocr_carea' id='block_1_103' title="bbox 2151 4996 3740 5077">
    <p class='ocr_par' dir='ltr' id='par_1_103' title="bbox 2151 4996 3740 5077">
     <span class='ocr_line' id='line_1_103' title="bbox 2151 4996 3740 5077; baseline 0.007 -29"><span class='ocrx_word' id='word_1_758' title='bbox 2151 4996 2287 5067; x_wconf 82' lang='grc' dir='ltr'>μηδὲ</span> <span class='ocrx_word' id='word_1_759' title='bbox 2310 5000 2373 5069; x_wconf 76' lang='grc' dir='ltr'>τῇ</span> <span class='ocrx_word' id='word_1_760' title='bbox 2401 4997 2538 5071; x_wconf 82' lang='grc' dir='ltr'>ὀργῇ</span> <span class='ocrx_word' id='word_1_761' title='bbox 2576 5015 2667 5053; x_wconf 87' lang='grc' dir='ltr'><strong>σου</strong></span> <span class='ocrx_word' id='word_1_762' title='bbox 2694 5000 2991 5074; x_wconf 81' lang='grc' dir='ltr'>παιδεύσῃς</span> <span class='ocrx_word' id='word_1_763' title='bbox 3015 5019 3104 5073; x_wconf 87' lang='grc' dir='ltr'><strong>με.</strong></span> <span class='ocrx_word' id='word_1_764' title='bbox 3147 5022 3167 5056; x_wconf 75' lang='grc' dir='ltr'><strong>ι</strong></span> <span class='ocrx_word' id='word_1_765' title='bbox 3202 5005 3274 5058; x_wconf 82' lang='grc' dir='ltr'><strong>Οὐ</strong></span> <span class='ocrx_word' id='word_1_766' title='bbox 3304 5004 3411 5077; x_wconf 85' lang='grc' dir='ltr'><strong>γὰρ</strong></span> <span class='ocrx_word' id='word_1_767' title='bbox 3438 5005 3606 5072; x_wconf 76' lang='grc' dir='ltr'>ἔστιν,</span> <span class='ocrx_word' id='word_1_768' title='bbox 3638 5007 3740 5059; x_wconf 63' lang='grc' dir='ltr'><strong>οὐκ</strong></span> 
     </span>
    </p>
   </div>
   <div class='ocr_carea' id='block_1_104' title="bbox 2148 5089 3743 5168">
    <p class='ocr_par' dir='ltr' id='par_1_104' title="bbox 2148 5089 3743 5168">
     <span class='ocr_line' id='line_1_104' title="bbox 2148 5089 3743 5168; baseline 0.006 -26"><span class='ocrx_word' id='word_1_769' title='bbox 2148 5089 2295 5144; x_wconf 75' lang='grc' dir='ltr'>ἔστιν</span> <span class='ocrx_word' id='word_1_770' title='bbox 2337 5092 2398 5145; x_wconf 84' lang='grc' dir='ltr'><strong>τὸ</strong></span> <span class='ocrx_word' id='word_1_771' title='bbox 2438 5091 2791 5147; x_wconf 82' lang='grc' dir='ltr'>παιδεύεσθαι</span> <span class='ocrx_word' id='word_1_772' title='bbox 2821 5093 3079 5165; x_wconf 84' lang='grc' dir='ltr'>χαλεπόν.</span> <span class='ocrx_word' id='word_1_773' title='bbox 3106 5097 3368 5168; x_wconf 80' lang='grc' dir='ltr'>Φορτικδν</span> <span class='ocrx_word' id='word_1_774' title='bbox 3393 5098 3451 5152; x_wconf 84' lang='grc' dir='ltr'>δὲ</span> <span class='ocrx_word' id='word_1_775' title='bbox 3486 5099 3580 5153; x_wconf 79' lang='grc' dir='ltr'><strong>καὶ</strong></span> <span class='ocrx_word' id='word_1_776' title='bbox 3610 5098 3743 5151; x_wconf 67' lang='grc' dir='ltr'>δύο-</span> 
     </span>
    </p>
   </div>
   <div class='ocr_carea' id='block_1_105' title="bbox 462 5181 3745 5266">
    <p class='ocr_par' dir='ltr' id='par_1_105' title="bbox 462 5181 3745 5266">
     <span class='ocr_line' id='line_1_105' title="bbox 462 5181 3745 5266; baseline 0.002 -22"><span class='ocrx_word' id='word_1_777' title='bbox 462 5208 668 5258; x_wconf 81' lang='grc' dir='ltr'>οιστον,</span> <span class='ocrx_word' id='word_1_778' title='bbox 698 5192 759 5246; x_wconf 84' lang='grc' dir='ltr'><strong>τὸ</strong></span> <span class='ocrx_word' id='word_1_779' title='bbox 805 5194 864 5246; x_wconf 81' lang='grc' dir='ltr'>ὲν</span> <span class='ocrx_word' id='word_1_780' title='bbox 908 5192 1047 5262; x_wconf 86' lang='grc' dir='ltr'>ὀργῇ</span> <span class='ocrx_word' id='word_1_781' title='bbox 1082 5188 1182 5242; x_wconf 74' lang='grc' dir='ltr'><strong>καὶ</strong></span> <span class='ocrx_word' id='word_1_782' title='bbox 1226 5183 1386 5257; x_wconf 80' lang='grc' dir='ltr'>θυμῷ</span> <span class='ocrx_word' id='word_1_783' title='bbox 1430 5181 1590 5236; x_wconf 83' lang='grc' dir='ltr'>τοῦτο</span> <span class='ocrx_word' id='word_1_784' title='bbox 1626 5181 1965 5255; x_wconf 80' lang='grc' dir='ltr'>πράττεσθαι</span> <span class='ocrx_word' id='word_1_785' title='bbox 2007 5184 2128 5238; x_wconf 83' lang='grc' dir='ltr'>καθ’</span> <span class='ocrx_word' id='word_1_786' title='bbox 2162 5185 2322 5258; x_wconf 82' lang='grc' dir='ltr'>ἡμῶν</span> <span class='ocrx_word' id='word_1_787' title='bbox 2352 5204 2364 5217; x_wconf 86' lang='grc'>·</span> <span class='ocrx_word' id='word_1_788' title='bbox 2405 5185 2548 5242; x_wconf 75' lang='grc' dir='ltr'>οὕτω</span> <span class='ocrx_word' id='word_1_789' title='bbox 2586 5188 2681 5243; x_wconf 81' lang='grc' dir='ltr'>καὶ</span> <span class='ocrx_word' id='word_1_790' title='bbox 2722 5191 2751 5243; x_wconf 87' lang='grc' dir='ltr'>ὁ</span> <span class='ocrx_word' id='word_1_791' title='bbox 2798 5192 3085 5266; x_wconf 75' lang='grc' dir='ltr'>προφήτης</span> <span class='ocrx_word' id='word_1_792' title='bbox 3127 5192 3313 5263; x_wconf 78' lang='grc' dir='ltr'>ἔλεγεν</span> <span class='ocrx_word' id='word_1_793' title='bbox 3339 5213 3352 5227; x_wconf 86' lang='grc'>·</span> <span class='ocrx_word' id='word_1_794' title='bbox 3389 5213 3407 5247; x_wconf 81' lang='grc' dir='ltr'><strong>ι</strong></span> <span class='ocrx_word' id='word_1_795' title='bbox 3447 5195 3745 5250; x_wconf 81' lang='grc' dir='ltr'>Παίδευσον</span> 
     </span>
    </p>
   </div>
   <div class='ocr_carea' id='block_1_106' title="bbox 463 5275 2993 5360">
    <p class='ocr_par' dir='ltr' id='par_1_106' title="bbox 463 5275 2993 5360">
     <span class='ocr_line' id='line_1_106' title="bbox 463 5275 2993 5360; baseline 0.001 -25"><span class='ocrx_word' id='word_1_796' title='bbox 463 5290 631 5359; x_wconf 74' lang='grc' dir='ltr'>ἡμᾶς,</span> <span class='ocrx_word' id='word_1_797' title='bbox 677 5288 873 5360; x_wconf 76' lang='grc' dir='ltr'>Κύριε,</span> <span class='ocrx_word' id='word_1_798' title='bbox 908 5284 1047 5355; x_wconf 84' lang='grc' dir='ltr'>πλὴν</span> <span class='ocrx_word' id='word_1_799' title='bbox 1077 5286 1134 5337; x_wconf 77' lang='grc' dir='ltr'><strong>ὲν</strong></span> <span class='ocrx_word' id='word_1_800' title='bbox 1167 5278 1371 5352; x_wconf 84' lang='grc' dir='ltr'>κρίσει,</span> <span class='ocrx_word' id='word_1_801' title='bbox 1403 5278 1497 5332; x_wconf 72' lang='grc' dir='ltr'><strong>καὶ</strong></span> <span class='ocrx_word' id='word_1_802' title='bbox 1545 5276 1621 5351; x_wconf 79' lang='grc' dir='ltr'>μὴ</span> <span class='ocrx_word' id='word_1_803' title='bbox 1674 5278 1732 5330; x_wconf 82' lang='grc' dir='ltr'>ὲν</span> <span class='ocrx_word' id='word_1_804' title='bbox 1767 5275 1946 5349; x_wconf 80' lang='grc' dir='ltr'>θυμῷ,</span> <span class='ocrx_word' id='word_1_805' title='bbox 1989 5278 2076 5333; x_wconf 83' lang='grc' dir='ltr'><strong>ἵνα</strong></span> <span class='ocrx_word' id='word_1_806' title='bbox 2118 5279 2195 5351; x_wconf 85' lang='grc' dir='ltr'>μὴ</span> <span class='ocrx_word' id='word_1_807' title='bbox 2229 5279 2445 5351; x_wconf 85' lang='grc' dir='ltr'>ὀλίγους</span> <span class='ocrx_word' id='word_1_808' title='bbox 2492 5283 2641 5354; x_wconf 78' lang='grc' dir='ltr'>ἡμᾶς</span> <span class='ocrx_word' id='word_1_809' title='bbox 2678 5285 2932 5357; x_wconf 79' lang='grc' dir='ltr'>ποιήσῃς.</span> <span class='ocrx_word' id='word_1_810' title='bbox 2974 5304 2993 5337; x_wconf 79' lang='grc' dir='ltr'><strong>ι</strong></span> 
     </span>
    </p>
   </div>
   <div class='ocr_carea' id='block_1_107' title="bbox 529 5368 2046 5439">
    <p class='ocr_par' dir='ltr' id='par_1_107' title="bbox 529 5368 2046 5439">
     <span class='ocr_line' id='line_1_107' title="bbox 529 5368 2046 5439; baseline -0.008 -4"><span class='ocrx_word' id='word_1_811' title='bbox 529 5377 919 5435; x_wconf 72' lang='lat' dir='ltr'><strong>VEItS.‘25.Non</strong></span> <span class='ocrx_word' id='word_1_812' title='bbox 937 5375 1074 5430; x_wconf 85' lang='lat' dir='ltr'><strong>enim</strong></span> <span class='ocrx_word' id='word_1_813' title='bbox 1092 5373 1367 5428; x_wconf 73' lang='lat' dir='ltr'><strong>uoluerunt</strong></span> <span class='ocrx_word' id='word_1_814' title='bbox 1386 5371 1542 5439; x_wconf 84' lang='lat' dir='ltr'><strong>legem</strong></span> <span class='ocrx_word' id='word_1_815' title='bbox 1564 5369 1772 5423; x_wconf 84' lang='lat' dir='ltr'><strong>Domini</strong></span> <span class='ocrx_word' id='word_1_816' title='bbox 1789 5368 2046 5437; x_wconf 79' lang='lat' dir='ltr'><strong>Sabaoth,</strong></span> 
     </span>
    </p>
   </div>
   <div class='ocr_carea' id='block_1_108' title="bbox 463 5460 2049 5528">
    <p class='ocr_par' dir='ltr' id='par_1_108' title="bbox 463 5460 2049 5528">
     <span class='ocr_line' id='line_1_108' title="bbox 463 5460 2049 5528; baseline -0.008 0"><span class='ocrx_word' id='word_1_817' title='bbox 463 5475 552 5528; x_wconf 78' lang='lat' dir='ltr'><strong>sed</strong></span> <span class='ocrx_word' id='word_1_818' title='bbox 585 5473 860 5527; x_wconf 84' lang='lat' dir='ltr'><strong>oraculum</strong></span> <span class='ocrx_word' id='word_1_819' title='bbox 893 5466 1063 5522; x_wconf 77' lang='lat' dir='ltr'><strong>sancti</strong></span> <span class='ocrx_word' id='word_1_820' title='bbox 1103 5462 1323 5518; x_wconf 79' lang='lat' dir='ltr'><strong>Israelis</strong></span> <span class='ocrx_word' id='word_1_821' title='bbox 1351 5463 1652 5516; x_wconf 81' lang='lat' dir='ltr'><strong>irritaruut.</strong></span> <span class='ocrx_word' id='word_1_822' title='bbox 1712 5460 1779 5515; x_wconf 82' lang='lat' dir='ltr'><strong>Et</strong></span> <span class='ocrx_word' id='word_1_823' title='bbox 1816 5479 2049 5516; x_wconf 80' lang='lat' dir='ltr'><strong>commo-</strong></span> 
     </span>
    </p>
   </div>
   <div class='ocr_carea' id='block_1_109' title="bbox 464 5552 2047 5634">
    <p class='ocr_par' dir='ltr' id='par_1_109' title="bbox 464 5552 2047 5634">
     <span class='ocr_line' id='line_1_109' title="bbox 464 5552 2047 5634; baseline -0.006 -17"><span class='ocrx_word' id='word_1_824' title='bbox 464 5574 548 5618; x_wconf 81' lang='lat' dir='ltr'><strong>tus</strong></span> <span class='ocrx_word' id='word_1_825' title='bbox 577 5579 649 5618; x_wconf 73' lang='lat' dir='ltr'><strong>est</strong></span> <span class='ocrx_word' id='word_1_826' title='bbox 674 5567 853 5634; x_wconf 65' lang='lat' dir='ltr'><strong>lurore</strong></span> <span class='ocrx_word' id='word_1_827' title='bbox 882 5558 1138 5615; x_wconf 80' lang='lat' dir='ltr'><strong>Dominus</strong></span> <span class='ocrx_word' id='word_1_828' title='bbox 1177 5553 1413 5611; x_wconf 80' lang='lat' dir='ltr'><strong>Sabaoth</strong></span> <span class='ocrx_word' id='word_1_829' title='bbox 1456 5556 1509 5607; x_wconf 86' lang='lat' dir='ltr'><strong>in</strong></span> <span class='ocrx_word' id='word_1_830' title='bbox 1542 5552 1791 5626; x_wconf 80' lang='lat' dir='ltr'><strong>populum</strong></span> <span class='ocrx_word' id='word_1_831' title='bbox 1856 5572 2047 5619; x_wconf 83' lang='lat' dir='ltr'><strong>suum,</strong></span> 
     </span>
    </p>
   </div>
   <div class='ocr_carea' id='block_1_110' title="bbox 465 5648 2047 5725">
    <p class='ocr_par' dir='ltr' id='par_1_110' title="bbox 465 5648 2047 5725">
     <span class='ocr_line' id='line_1_110' title="bbox 465 5648 2047 5725; baseline -0.004 -17"><span class='ocrx_word' id='word_1_832' title='bbox 465 5668 511 5708; x_wconf 80' lang='lat' dir='ltr'><strong>et</strong></span> <span class='ocrx_word' id='word_1_833' title='bbox 541 5658 716 5725; x_wconf 69' lang='lat' dir='ltr'><strong>injecit</strong></span> <span class='ocrx_word' id='word_1_834' title='bbox 743 5668 957 5708; x_wconf 85' lang='lat' dir='ltr'><strong>manum</strong></span> <span class='ocrx_word' id='word_1_835' title='bbox 982 5652 1037 5706; x_wconf 81' lang='lat' dir='ltr'><strong>in</strong></span> <span class='ocrx_word' id='word_1_836' title='bbox 1060 5667 1169 5717; x_wconf 82' lang='lat' dir='ltr'><strong>eos,</strong></span> <span class='ocrx_word' id='word_1_837' title='bbox 1205 5660 1252 5702; x_wconf 80' lang='lat' dir='ltr'><strong>et</strong></span> <span class='ocrx_word' id='word_1_838' title='bbox 1273 5649 1528 5718; x_wconf 78' lang='lat' dir='ltr'><strong>percussit</strong></span> <span class='ocrx_word' id='word_1_839' title='bbox 1553 5665 1661 5711; x_wconf 77' lang='lat' dir='ltr'><strong>eos,</strong></span> <span class='ocrx_word' id='word_1_840' title='bbox 1686 5658 1730 5700; x_wconf 83' lang='lat' dir='ltr'><strong>et</strong></span> <span class='ocrx_word' id='word_1_841' title='bbox 1750 5648 2047 5702; x_wconf 74' lang='lat' dir='ltr'><strong>exacerbati</strong></span> 
     </span>
    </p>
   </div>
   <div class='ocr_carea' id='block_1_111' title="bbox 546 5802 2007 5877">
    <p class='ocr_par' dir='ltr' id='par_1_111' title="bbox 546 5802 2007 5877">
     <span class='ocr_line' id='line_1_111' title="bbox 546 5802 2007 5877; baseline -0.005 -12"><span class='ocrx_word' id='word_1_842' title='bbox 546 5807 563 5837; x_wconf 76' lang='lat'>‘</span> <span class='ocrx_word' id='word_1_843' title='bbox 589 5810 750 5867; x_wconf 88' lang='lat' dir='ltr'><strong>Deut.</strong></span> <span class='ocrx_word' id='word_1_844' title='bbox 782 5823 858 5877; x_wconf 81' lang='grc' dir='ltr'><strong>ιν,</strong></span> <span class='ocrx_word' id='word_1_845' title='bbox 892 5808 980 5862; x_wconf 71' lang='lat' dir='ltr'><strong>2i.</strong></span> <span class='ocrx_word' id='word_1_846' title='bbox 1059 5809 1080 5840; x_wconf 77' lang='grc'>⁸</span> <span class='ocrx_word' id='word_1_847' title='bbox 1105 5805 1248 5862; x_wconf 83' lang='lat' dir='ltr'><strong>Psal.</strong></span> <span class='ocrx_word' id='word_1_848' title='bbox 1284 5820 1447 5871; x_wconf 71' lang='lat' dir='ltr'><strong>uxr,</strong></span> <span class='ocrx_word' id='word_1_849' title='bbox 1484 5806 1536 5859; x_wconf 90' lang='lat'><strong>8.</strong></span> <span class='ocrx_word' id='word_1_850' title='bbox 1618 5802 1638 5834; x_wconf 89' lang='grc'><strong><em>³</em></strong></span> <span class='ocrx_word' id='word_1_851' title='bbox 1665 5802 1807 5858; x_wconf 82' lang='lat' dir='ltr'><strong>Psal.</strong></span> <span class='ocrx_word' id='word_1_852' title='bbox 1851 5817 1922 5870; x_wconf 69' lang='grc' dir='ltr'>γι,</span> <span class='ocrx_word' id='word_1_853' title='bbox 1955 5803 2007 5858; x_wconf 79' lang='lat'><strong>‘2.</strong></span> 
     </span>
    </p>
   </div>
   <div class='ocr_carea' id='block_1_112' title="bbox 2231 5373 3742 5449">
    <p class='ocr_par' dir='ltr' id='par_1_112' title="bbox 2231 5373 3742 5449">
     <span class='ocr_line' id='line_1_112' title="bbox 2231 5373 3742 5449; baseline 0.007 -24"><span class='ocrx_word' id='word_1_854' title='bbox 2231 5374 2313 5426; x_wconf 82' lang='grc' dir='ltr'><strong>Οὐ</strong></span> <span class='ocrx_word' id='word_1_855' title='bbox 2342 5373 2455 5443; x_wconf 77' lang='grc' dir='ltr'>γὰρ</span> <span class='ocrx_word' id='word_1_856' title='bbox 2495 5373 2810 5444; x_wconf 71' lang='grc' dir='ltr'><strong>ἠθέλησαν</strong></span> <span class='ocrx_word' id='word_1_857' title='bbox 2835 5378 2942 5433; x_wconf 80' lang='grc' dir='ltr'><strong>τὸν</strong></span> <span class='ocrx_word' id='word_1_858' title='bbox 2963 5380 3155 5449; x_wconf 77' lang='grc' dir='ltr'>νόμον</span> <span class='ocrx_word' id='word_1_859' title='bbox 3203 5382 3428 5449; x_wconf 85' lang='grc' dir='ltr'>Κυρίου</span> <span class='ocrx_word' id='word_1_860' title='bbox 3476 5380 3742 5444; x_wconf 77' lang='grc' dir='ltr'>Σαϐαὼθ,</span> 
     </span>
    </p>
   </div>
   <div class='ocr_carea' id='block_1_113' title="bbox 2158 5464 3740 5541">
    <p class='ocr_par' dir='ltr' id='par_1_113' title="bbox 2158 5464 3740 5541">
     <span class='ocr_line' id='line_1_113' title="bbox 2158 5464 3740 5541; baseline 0.004 -23"><span class='ocrx_word' id='word_1_861' title='bbox 2158 5464 2316 5519; x_wconf 75' lang='grc' dir='ltr'>ἀλλὰ</span> <span class='ocrx_word' id='word_1_862' title='bbox 2364 5467 2431 5520; x_wconf 82' lang='grc' dir='ltr'>τὸ</span> <span class='ocrx_word' id='word_1_863' title='bbox 2476 5468 2684 5537; x_wconf 67' lang='grc' dir='ltr'>λόγιον</span> <span class='ocrx_word' id='word_1_864' title='bbox 2717 5468 2822 5523; x_wconf 85' lang='grc' dir='ltr'><strong>τοῦ</strong></span> <span class='ocrx_word' id='word_1_865' title='bbox 2847 5470 3020 5540; x_wconf 81' lang='grc' dir='ltr'>ἁγίου</span> <span class='ocrx_word' id='word_1_866' title='bbox 3066 5471 3315 5541; x_wconf 69' lang='grc' dir='ltr'>Ἰσραὴλ</span> <span class='ocrx_word' id='word_1_867' title='bbox 3360 5472 3740 5541; x_wconf 75' lang='grc' dir='ltr'>παρώξυναν.</span> 
     </span>
    </p>
   </div>
   <div class='ocr_carea' id='block_1_114' title="bbox 2156 5556 3746 5629">
    <p class='ocr_par' dir='ltr' id='par_1_114' title="bbox 2156 5556 3746 5629">
     <span class='ocr_line' id='line_1_114' title="bbox 2156 5556 3746 5629; baseline 0.003 -20"><span class='ocrx_word' id='word_1_868' title='bbox 2156 5557 2264 5610; x_wconf 78' lang='grc' dir='ltr'><strong>Καὶ</strong></span> <span class='ocrx_word' id='word_1_869' title='bbox 2301 5556 2570 5627; x_wconf 78' lang='grc' dir='ltr'><strong>ἐθυμώθη</strong></span> <span class='ocrx_word' id='word_1_870' title='bbox 2606 5557 2755 5628; x_wconf 75' lang='grc' dir='ltr'>ὀργῇ</span> <span class='ocrx_word' id='word_1_871' title='bbox 2786 5561 3001 5629; x_wconf 83' lang='grc' dir='ltr'>Κύριος</span> <span class='ocrx_word' id='word_1_872' title='bbox 3027 5559 3272 5616; x_wconf 78' lang='grc' dir='ltr'><strong>Σαϐαὼθ</strong></span> <span class='ocrx_word' id='word_1_873' title='bbox 3303 5562 3400 5616; x_wconf 79' lang='grc' dir='ltr'><strong>ἐπὶ</strong></span> <span class='ocrx_word' id='word_1_874' title='bbox 3442 5565 3551 5616; x_wconf 80' lang='grc' dir='ltr'><strong>τὸν</strong></span> <span class='ocrx_word' id='word_1_875' title='bbox 3590 5563 3746 5617; x_wconf 70' lang='grc' dir='ltr'>λαὸν</span> 
     </span>
    </p>
   </div>
   <div class='ocr_carea' id='block_1_115' title="bbox 2157 5648 3743 5724">
    <p class='ocr_par' dir='ltr' id='par_1_115' title="bbox 2157 5648 3743 5724">
     <span class='ocr_line' id='line_1_115' title="bbox 2157 5648 3743 5724; baseline 0.007 -23"><span class='ocrx_word' id='word_1_876' title='bbox 2157 5648 2366 5714; x_wconf 76' lang='grc' dir='ltr'>αὑτοῦ,</span> <span class='ocrx_word' id='word_1_877' title='bbox 2394 5650 2491 5705; x_wconf 80' lang='grc' dir='ltr'><strong>καί</strong></span> <span class='ocrx_word' id='word_1_878' title='bbox 2524 5651 2781 5706; x_wconf 74' lang='grc' dir='ltr'>ἐπέϐαλε</span> <span class='ocrx_word' id='word_1_879' title='bbox 2814 5651 2930 5721; x_wconf 81' lang='grc' dir='ltr'>τὴν</span> <span class='ocrx_word' id='word_1_880' title='bbox 2962 5653 3133 5724; x_wconf 83' lang='grc' dir='ltr'>χεῖρα</span> <span class='ocrx_word' id='word_1_881' title='bbox 3163 5654 3352 5710; x_wconf 82' lang='grc' dir='ltr'>αὑτοῦ</span> <span class='ocrx_word' id='word_1_882' title='bbox 3377 5655 3470 5709; x_wconf 82' lang='grc' dir='ltr'><strong>ἐπ’</strong></span> <span class='ocrx_word' id='word_1_883' title='bbox 3496 5656 3743 5722; x_wconf 67' lang='grc' dir='ltr'>αὐτοὺς,</span> 
     </span>
    </p>
   </div>
  </div>
