4100 6474
493 354 595 408 16⁸1

1498 349 1557 404 S.
1600 346 1886 404 CYRILLI
1923 345 2403 404 ALEXANDRINI
2445 347 2773 405 ARLIIIEP.

3696 354 3795 411 IGS

490 485 749 538 equorum
799 483 983 524 eorum
1014 478 1070 524 ut
1109 468 1280 523 salicta
1327 476 1478 536 petra
1506 466 1735 534 reputati
1768 477 1921 518 sunt:
1960 475 2068 518 rota

2196 467 2594 535 ὑποδημάτων
2615 467 2836 532 αὐτῶν,
2863 461 2950 520 ὧν
2992 468 3063 520 τὰ
3101 468 3262 537 ,βέλη
3293 469 3438 535 ὀξέα
3486 470 3643 537 ἐστί,
3695 473 3799 527 καί

489 578 745 615 curruum
801 564 1035 632 ipsorum
1087 560 1242 629 quasi
1296 567 1596 628 tempestas.
1664 556 1884 610 Irruunt
1931 557 2083 626 quasi

2193 562 2265 613 τὰ
2314 560 2457 623 τόξα
2489 560 2688 613 αὐτῶν
2710 560 3090 628 ἐντεταμένα.
3122 563 3187 613 οι
3227 561 3414 629 πόδες
3437 562 3558 618 τῶν
3596 564 3798 618 ἳππων

490 653 688 718 leones,
733 663 781 708 et
820 655 1102 707 astiterunt
1134 650 1290 722 quasi
1326 649 1537 704 catulus
1567 648 1754 701 leonis.
1799 646 1867 700 Et
1904 664 2068 716 appret

2189 648 2390 703 αὐτῶν
2417 650 2497 714 ὼς
2534 651 2746 717 στερεὰ
2785 648 2973 718 πέτρα
3004 650 3455 720 ἐλογίσθησαν·
3496 655 3552 707 οί
3589 656 3793 724 τροχοί

492 747 683 799 hendet
704 757 749 799 et
772 745 1146 814 rociferabitnr
1160 744 1313 813 quasi
1333 742 1471 810 fera,
1496 749 1545 795 et
1569 741 1771 811 injiciet
1786 758 1860 806 se,
1882 755 1973 793 nec
1990 743 2088 794 erit

490 840 582 907 qui
629 839 842 902 eripiat.
900 837 968 890 Et
1013 837 1390 905 vociferabitur
1430 843 1645 904 propter
1679 834 1822 901 ipsos
1848 834 1935 887 die
1971 832 2087 895 illo,

490 939 548 985 ut
574 933 779 985 sonitus
831 932 994 984 maris
1017 928 1352 991 inundantia,
1379 936 1425 982 et
1457 926 1732 996 inspiciam
1772 926 1826 980 in
1863 934 2084 989 terram,

488 1035 538 1079 et
572 1042 689 1079 ecce
703 1024 875 1094 caligo
909 1034 1044 1078 tetra
1081 1023 1136 1076 in
1161 1037 1344 1076 eorum
1371 1020 1575 1090 inopia.

2190 738 2312 792 τῶν
2359 738 2639 808 ἁρμάτων
2673 739 2875 793 αὐτῶν
2913 742 2994 805 ὡς
3025 743 3315 812 καταιγίς.
3375 743 3664 814 Ὀρμῶσιν
3714 745 3796 811 ὡς

2188 832 2453 899 ,ζέω-τες,
2487 832 2584 886 καὶ
2606 833 3068 901 παρεστήκασιν
3100 836 3178 902 ὡς
3213 837 3490 906 σκύμνος
3518 837 3796 905 λέοντος.

2189 924 2298 979 Kal
2347 923 2733 993 ἐπιλήψεται,
2782 924 2883 978 καὶ
2934 924 3235 991 ,ϐοήσεται
3277 928 3359 993 ὡς
3404 929 3636 996 θηρίον,
3693 930 3796 981 καί

2186 1016 2448 1080 ἐκϐαλεῖ,
2495 1017 2596 1070 καί
2645 1018 2758 1070 οὐκ
2798 1017 2972 1072 ἔσται
3032 1021 3065 1072 ό
3110 1018 3432 1088 ῥυόμενος.
3483 1019 3594 1075 Kal
3638 1019 3796 1085 βοή-

488 1135 660 1175 σεται
699 1118 774 1172 δι’
809 1116 1036 1182 αὐτοὺς
1075 1114 1146 1168 ἐν
1196 1113 1273 1182 τῇ
1304 1113 1496 1183 ἡμέρᾳ
1554 1114 1784 1183 ἐκείνη,
1823 1114 1907 1179 ὡς
1951 1111 2123 1181 φωνὴ
2178 1107 2507 1177 θαλάσσης
2563 1110 3018 1179 κυμαινούσης,
3074 1110 3174 1164 καὶ
3225 1112 3631 1184 ἐμελέψονται
3702 1116 3795 1180 είς

487 1213 627 1284 γῆν,
680 1211 779 1265 καί
842 1209 972 1264 ῑδοὺ
1022 1209 1245 1275 σκότος
1290 1209 1568 1279 σκληρὸν
1611 1208 1683 1265 ἐν
1735 1206 1812 1276 τῇ
1861 1205 2081 1275 ἀπορίᾳ
2113 1201 2334 1259 αὐτῶν.

557 1303 713 1371 Quod
749 1306 827 1356 ira
857 1303 912 1356 in
948 1318 1044 1356 eos
1070 1300 1217 1370 justa
1268 1299 1563 1370 iudicantis
1616 1300 1705 1357 ltie
1741 1315 1845 1355 non
1901 1300 2078 1365 sistet,

489 1396 585 1451 sed
612 1395 839 1449 ulterius
869 1392 1270 1465 progredietur,
1307 1406 1372 1447 es
1404 1393 1490 1448 his
1516 1408 1635 1463 qua:
1660 1392 1773 1463 jam
1804 1391 2079 1461 proposita

490 1498 637 1551 sunt,
672 1486 1018 1556 perspicuum
1047 1486 1172 1540 crit.
1212 1481 1348 1537 Nam
1376 1484 1500 1538 licet
1520 1484 1820 1539 crudeliter
1859 1484 2080 1548 vastati,

491 1576 635 1630 fante
663 1585 714 1630 et
746 1577 834 1629 siti
862 1576 1059 1643 pressi,
1091 1575 1333 1645 bellique
1373 1575 1781 1631 calamitatibus
1835 1575 2079 1644 impliciti

488 1669 691 1723 fuerint
743 1668 959 1732 miselli,
1017 1678 1198 1724 tamen
1264 1669 1316 1723 in
1387 1669 1491 1723 hac
1550 1668 1838 1723 aversione
1880 1682 1908 1721 a
1971 1667 2081 1723 Deo

488 1761 867 1829 perstiterunt,
903 1774 1002 1815 nec
1022 1759 1092 1813 ab
1119 1761 1196 1815 ira
1241 1760 1398 1815 liberi
1437 1761 1817 1830 immunesque
1841 1759 2079 1815 fuerunt.

489 1846 601 1905 lloc
624 1852 794 1919 enim,
818 1853 1034 1923 Opinor,
1087 1853 1360 1923 signiﬁcat
1393 1853 1482 1908 ubi
1512 1854 1615 1908 ait:
1644 1853 1836 1908 Adhuc
1886 1867 2076 1909 manus

486 1944 719 2010 excelsa,
756 1946 953 2015 quippe
998 1945 1200 2001 feriens
1232 1961 1326 2001 eos
1360 1946 1453 2017 qui
1480 1956 1860 2016 peccaverunt.
1909 1946 1965 2000 In
1993 1945 2073 2001 alo

487 2047 600 2090 tum
652 2036 799 2090 enim
862 2051 1082 2106 semper
1148 2038 1398 2092 elevatur
1442 2053 1635 2093 manus
1696 2039 2070 2109 percutientis.

486 2128 766 2197 Deiuqum
796 2138 851 2182 et
878 2139 1077 2198 quanta
1111 2130 1379 2184 montium
1444 2129 1676 2184 irritatio
1725 2131 1797 2185 sit
1868 2128 2072 2197 futura,

485 2232 540 2274 et
568 2223 657 2291 qui
689 2222 889 2277 furoris
914 2236 1103 2277 eorum
1149 2222 1457 2277 administri
1498 2230 1679 2290 erunt,
1708 2233 1908 2292 quanta
1949 2239 2073 2278 cum

488 2317 808 2373 fortitudine
834 2327 887 2373 et
910 2319 1161 2382 audacia,
1210 2331 1262 2373 et
1291 2319 1507 2375 insueta
1558 2320 1612 2373 in
1670 2320 1919 2374 homines
1973 2319 2074 2373 int-

487 2412 746 2465 inanitate
784 2420 836 2464 et
866 2411 1071 2464 saevitia
1098 2411 1433 2474 adorieutur,
1461 2409 1705 2464 declarat
1736 2426 1858 2463 cum
1896 2410 2028 2465 dicit
2054 2427 2069 2466 :

489 2520 507 2553 ι
542 2502 727 2572 Itaque
758 2502 960 2556 levabit
1012 2503 1225 2573 signum
1276 2503 1327 2556 in
1381 2502 1635 2572 gentibus
1687 2490 2067 2569 longinquisd

480 2592 598 2648 Non
632 2594 775 2649 enim
810 2595 975 2648 vicini
1013 2603 1192 2658 erant,
1246 2603 1338 2647 aut
1362 2592 1675 2648 Iudaeorum
1711 2595 1916 2663 regioni
1945 2609 2074 2649 con-

484 2687 722 2753 termini,
744 2687 833 2757 qui
866 2700 985 2741 eam
1012 2695 1314 2750 vastarunt,
1345 2697 1398 2739 et
1422 2685 1797 2758 Hierosolyma
1819 2698 2072 2743 cunctas-

481 2794 586 2851 que
615 2777 922 2833 Judmorum
956 2779 1117 2833 urbes
1156 2787 1508 2844 eremaruut;
1543 2779 1638 2833 sed
1668 2794 1732 2834 ex
1758 2778 2072 2849 longinquis

485 2870 801 2941 regionibus
831 2877 886 2925 et
911 2885 978 2925 ex
1005 2871 1154 2925 omni
1182 2880 1325 2924 terra
1364 2873 1677 2940 congregati
1711 2890 1724 2925 :
1762 2872 2073 2942 complures

481 2965 704 3034 quippe,
730 2963 839 3018 imo
865 2961 1295 3017 innumerabiles
1321 2960 1627 3033 conjunctis
1657 2964 1829 3033 cepiis
1877 2974 1931 3019 et
1958 2964 2070 3035 cly-

480 3056 599 3126 pcis
630 3054 1018 3126 Vespasianum
1042 3065 1096 3110 et
1124 3052 1305 3109 Titum
1330 3055 1677 3125 atljuverunt.
1703 3056 2062 3126 Signuntque,

2262 1296 2387 1349 Ὀτι
2438 1296 2512 1369 μὴ
2562 1298 2724 1368 μέχρι
2777 1296 2985 1351 τούτων
3014 1298 3084 1351 τὰ
3111 1297 3211 1369 τῆίι
3268 1301 3357 1354 ἀπ’
3391 1300 3573 1365 αὐτοῖς
3615 1301 3792 1374 ὀργῆς

2192 1390 2597 1462 μετρηθήσεται
2628 1391 2781 1463 παρά
2801 1391 2896 1446 τοῦ
2919 1392 2991 1447 τά
3021 1393 3207 1448 δίκαια
3229 1395 3528 1466 κρίνοντος,
3580 1398 3795 1470 προϐή-

2191 1498 2341 1535 σεται
2357 1482 2411 1535 δὲ
2434 1484 2528 1538 καὶ
2548 1484 2827 1551 ἐπέκεινα,
2852 1488 3106 1558 σαφηνιεῖ
3138 1488 3199 1541 τὸ
3236 1488 3618 1560 προκείμενον.
3643 1493 3789 1545 Kal;

2187 1590 2270 1628 τοι
2303 1575 2412 1646 γὰρ
2441 1576 2648 1647 ἀγρίως
2661 1577 3095 1649 πεπορθημένοι,
3122 1579 3338 1650 λιμῷτε
3365 1581 3793 1652 καὶδίψειπεπι-

2188 1667 2428 1737 εσμένοι,
2455 1667 2553 1722 καὶ
2596 1671 2718 1733 ταῖς
2746 1669 2840 1723 τοῦ
2878 1669 3119 1741 πολέμου
3157 1675 3467 1743 συμφοραῖς
3498 1674 3790 1738 ὲναλόντες

2186 1760 2233 1811 οἱ
2264 1758 2507 1822 δείλαιοι,
2550 1764 2926 1832 μεμενήκασιν
2952 1764 3010 1815 ἐν
3034 1764 3355 1836 ἀποστροφῇ
3377 1764 3535 1832 Θεοῦ,
3554 1767 3649 1820 καὶ
3681 1768 3791 1820 οὐκ

2181 1850 2288 1915 ἔξω
2328 1852 2585 1920 γεγόνασι
2607 1854 2708 1923 τῆς
2728 1854 2918 1925 ὀργῆς.
2953 1853 3124 1909 Τοῦτο
3156 1855 3287 1927 γὰρ,
3323 1854 3500 1927 οἶμαι,
3526 1858 3790 1928 σημαίνει

2178 1942 2354 2010 λέγων
2376 1944 2586 2007 τὸ,¹Ἐτι
2613 1947 2644 2015 ἡ
2669 1949 2788 2017 χεῖρ
2812 1946 3014 2018 ὑψηλὴ,
3036 1947 3116 2000 ὅτι
3136 1947 3449 2018 πλήττουσα
3463 1951 3586 2014 τοὺς
3609 1952 3794 2023 ἦμαρό

2177 2033 2431 2104 τηκότας.
2471 2035 2636 2105 ’Υψοῦ
2672 2036 2782 2108 γὰρ
2817 2037 2903 2090 ἀεί
2931 2040 3109 2110 πωςή
3145 2038 3241 2092 τοῦ
3274 2040 3526 2105 πταίοντος
3566 2044 3789 2113 αἴρεται

2177 2128 2318 2197 χείρ.
2355 2123 2487 2181 Εἶτα
2514 2128 2656 2201 τίςῆ
2699 2130 2863 2193 πόσος
2914 2132 2944 2185 ὁ
2991 2130 3100 2185 τῶν
3140 2131 3285 2203 ὀρῶν
3334 2132 3489 2187 ἔσται
3538 2135 3788 2205 παροξυ-

2180 2217 2318 2286 σμὸς
2344 2261 2356 2281 ,
2388 2219 2533 2282 τίνες
2566 2218 2623 2272 δὲ
2652 2220 2748 2274 καὶ
2792 2221 2842 2273 oi
2874 2224 2987 2286 τοῖς
3021 2222 3248 2278 ἐκείνων
3303 2225 3787 2297 ὑπηρετησόμενοι

2177 2308 2396 2380 θυμοῖς,
2425 2316 2515 2365 καὶ
2545 2312 2663 2383 μεθ’
2690 2316 2821 2385 ὅσης
2846 2315 3067 2384 ἥξουσιν
3094 2315 3345 2387 ἀνδρείας
3368 2335 3427 2369 τε
3460 2319 3551 2371 καὶ
3595 2319 3786 2373 εὐτολ-

2180 2401 2332 2472 μίας,
2386 2404 2480 2456 καὶ
2540 2407 2640 2475 τῆς
2681 2407 2760 2467 είς
2825 2405 3149 2477 ἀνθρώπους
3205 2407 3407 2476 ἀήθους
3470 2408 3780 2480 ὠμότητος,

2175 2494 2467 2563 ἐμφανίζει
2500 2496 2675 2564 λέγων
2695 2513 2710 2528 ο
2749 2516 2766 2548 ι
2789 2495 3095 2567 Τοιγαροῦν
3116 2499 3241 2569 ἀρεῖ
3272 2499 3553 2571 σύσσημον
3583 2502 3641 2554 ἐν
3666 2506 3787 2566 τοῖς

2175 2587 2353 2641 ἔθνεσι
2383 2591 2492 2653 τοῖς
2529 2591 2748 2662 μακράν
2781 2631 2794 2645 .
2829 2610 2847 2642 ι
2897 2592 2971 2645 Οὐ
3010 2592 3121 2664 γὰρ
3153 2594 3342 2665 ὅμοροι
3393 2595 3487 2647 καὶ
3534 2596 3785 2663 γείτονες

2174 2682 2272 2751 τῆς
2326 2681 2597 2738 Ἰουδαίων
2639 2683 2821 2756 χώρας
2880 2686 2932 2737 οἱ
2987 2687 3193 2756 ταύτην
3257 2688 3619 2758 ἠρημωκότες
3679 2691 3782 2743 καί⁹

2175 2778 2670 2847 κατεμπρήσαντες
2705 2778 2772 2830 τὰ
2817 2777 3189 2849 Ἰεροσόλυμα,
3220 2783 3315 2834 καὶ
3346 2782 3565 2845 ἁπάσας
3592 2781 3651 2835 δὲ
3677 2783 3783 2847 τὰς

2174 2865 2282 2919 τῶν
2328 2866 2598 2919 Ἰουδαίων
2631 2866 2834 2933 πόλεις,
2882 2867 3084 2921 ἁλλ’ὲκ
3114 2868 3312 2941 χωρῶν
3374 2869 3483 2923 τῶν
3527 2870 3778 2943 μακρὰν,

2176 2960 2270 3011 καὶ
2301 2958 2359 3024 ἐξ
2388 2959 2607 3029 ἀπάσης
2653 2959 2753 3029 τῆς
2804 2959 2910 3030 γῆς
2962 2963 3457 3033 συναγηγερμένοι.
3517 2964 3776 3019 Πλεῖστοι

2174 3051 2283 3122 γὰρ
2314 3050 2462 3103 λίαν’
2501 3050 2700 3121 μᾶλλον
2728 3051 2785 3105 δὲ
2813 3052 2958 3123 τάχα
3007 3060 3110 3107 που
3142 3056 3234 3108 καὶ
3259 3056 3495 3128 ἀριθμοῦ
3522 3057 3778 3127 κρείττοο

481 3151 678 3222 inquit,
706 3150 945 3207 dabitur,
985 3146 1208 3216 perinde
1240 3155 1296 3199 ιιι
1329 3146 1451 3200 belli
1487 3160 1553 3201 ac
1590 3162 1782 3217 pugnae
1812 3157 2068 3218 tempore.

2180 3156 2269 3204 νες
2304 3141 2396 3194 καὶ
2425 3143 2474 3193 οἱ
2514 3141 2936 3208 συνασπίζοντες
2963 3145 3362 3216 Οὐεσπασιανῷ
3394 3163 3451 3199 τε
3482 3149 3574 3200 καὶ
3603 3148 3776 3221 Τίτῳι

486 3242 581 3300 Sic
643 3244 788 3297 enim
868 3240 1098 3295 ducibus
1160 3238 1405 3293 solemne
1468 3251 1591 3305 est,
1664 3240 2070 3296 multitudinem

479 3339 587 3396 sub
638 3336 773 3407 ipsis
815 3342 1115 3389 merentem
1170 3332 1222 3387 in
1276 3332 1451 3388 aciem
1491 3331 1794 3399 educmris,
1853 3336 2072 3404 signum

478 3430 750 3501 quoddam
805 3428 972 3493 dare,
1034 3435 1089 3483 et
1142 3426 1360 3492 vexilla,
1420 3436 1481 3481 ut
1530 3437 1763 3491 vocant,
1809 3427 1863 3482 in
1899 3427 2069 3482 altum

488 3523 701 3575 tollere.
767 3519 1011 3586 Quorum
1069 3528 1124 3573 et
1181 3519 1443 3589 propheta
1502 3516 1671 3573 Isaias
1748 3519 1997 3574 meminit
2051 3537 2065 3575 :

475 3614 590 3688 99
623 3614 901 3684 Capietur,
951 3612 1225 3682 inquiens,
1267 3622 1327 3666 ut
1367 3612 1629 3667 vexillum
1672 3611 1724 3667 in
1774 3624 1981 3676 monte.
2015 3624 2072 3670 et

477 3719 537 3764 ut
566 3709 779 3779 signum
816 3721 1010 3777 gerens
1046 3710 1099 3759 in
1133 3704 1293 3759 cellc.
1328 3703 1601 3759 \‘exillum
1642 3720 1878 3775 namque
1909 3706 2071 3761 collo-

477 3810 666 3855 cantes
701 3801 751 3854 in
801 3797 1037 3869 prmaltis
1079 3797 1391 3861 verticibus,
1443 3799 1526 3853 vel
1571 3808 1716 3853 recta
1743 3798 2064 3867 procedunt,

475 3894 560 3948 vel
595 3884 968 3955 rétrocedunt,
1000 3890 1083 3945 vel
1124 3892 1289 3946 etiam
1324 3891 1664 3960 suspendunt
1700 3892 1958 3959 quiddam
1998 3894 2065 3948 ad

476 3986 620 4055 quod
654 3984 799 4038 acies
830 3983 1067 4053 respicit.
1099 3982 1259 4037 Novit
1285 3984 1429 4037 enim
1465 3983 1567 4036 hoc
1595 3993 1753 4050 pacto
1785 3982 1939 4037 ducis
1971 3998 2067 4036 vo-

476 4080 764 4134 luntatem.
803 4076 991 4148 Itaque
1020 4078 1238 4142 levabit,
1269 4078 1462 4148 inquit,
1495 4077 1732 4147 signum,
1761 4076 2067 4133 assibilabit

478 4172 603 4224 illis.
646 4170 820 4225 Sumit
854 4171 955 4226 hoc
984 4185 1191 4239 rursus,
1212 4170 1360 4224 velut
1385 4185 1415 4223 a
1461 4168 1855 4223 consuetudine
1881 4185 2060 4239 apum.

475 4261 663 4315 Solent
697 4261 839 4313 enim
866 4260 1058 4330 apiarii
1090 4261 1251 4316 sibilo
1275 4275 1371 4313 eas
1409 4259 1671 4324 excitare,
1704 4269 1759 4313 et
1783 4259 1858 4313 ita
1882 4276 1946 4314 cx
1980 4260 2062 4314 al-

471 4354 672 4408 veariis
694 4355 759 4408 ad
778 4351 937 4407 tlores
957 4360 1011 4407 et
1033 4352 1229 4408 herbas
1252 4354 1503 4415 educere,
1523 4361 1574 4406 et
1596 4368 1660 4407 ex
1683 4354 1829 4425 agris
1845 4367 2062 4425 quoque

477 4449 763 4508 reducere,
788 4448 1043 4516 domique
1066 4457 1124 4500 ut
1155 4446 1517 4501 immorentur
1543 4444 1777 4500 cllicere.
1810 4445 2088 4501 Sibilabit'

469 4551 620 4606 ergo,
659 4539 854 4607 inquit.
880 4538 941 4592 lli
965 4553 1094 4592 vero
1118 4551 1403 4591 accurrere
1423 4536 1671 4591 volucres
1701 4547 1756 4591 et
1788 4536 1955 4598 leves,
1979 4535 2062 4589 fa-

472 4645 615 4685 mem
647 4642 974 4699 magnopere
1006 4642 1111 4682 non
1130 4640 1346 4690 curare,
1384 4640 1483 4681 nec
1504 4625 1888 4695 pertimescere
1914 4626 2062 4680 labo-

470 4738 581 4789 res,
610 4721 705 4777 sed
737 4723 1014 4777 insomnes
1036 4735 1179 4786 esse,
1200 4718 1569 4797 etprtecincti,
1593 4733 1658 4772 ac
1676 4718 1870 4774 bellico
1894 4734 2061 4789 appa-

470 4828 592 4875 ratu
625 4817 1061 4885 instructissimi,
1098 4814 1375 4871 indomitis
1411 4815 1568 4878 equis
1601 4815 1748 4882 vehi,
1788 4830 1852 4868 ac
1883 4815 2058 4868 instar

470 4911 705 4967 turbinis
740 4911 998 4981 impetum
1036 4908 1236 4971 facere,
1266 4908 1516 4962 leonibus
1546 4907 1775 4973 similes,
1810 4922 1872 4962 ac
1909 4923 2061 4963 more

467 5002 708 5060 ferarum
743 5003 961 5074 λοισι-ε
998 5016 1013 5052 :
1047 5013 1282 5053 occursu
1323 5000 1461 5054 adeo
1496 4998 1623 5053 saevi
1668 5007 1725 5052 et
1754 5008 1953 5065 truces,
2001 5009 2060 5053 ut

466 5094 605 5146 citra
639 5104 872 5162 pugnam
900 5094 1124 5159 possent
1150 5088 1391 5156 vincere,
1417 5087 1634 5142 nemine
1663 5095 1852 5143 contra
1881 5103 1941 5143 se
1963 5102 2059 5158 op-

465 5190 725 5253 ponente,
759 5181 840 5236 vel
876 5183 943 5237 ad
977 5179 1280 5235 subsidium
1324 5179 1608 5236 ferendum
1647 5182 1785 5237 satis
1821 5183 2055 5237 vaientc.

466 5274 581 5329 Erit
614 5275 743 5329 item
777 5274 1023 5342 ploratus
1055 5286 1120 5326 eo
1145 5281 1408 5343 tempore,
1451 5283 1505 5328 et
1537 5274 1747 5330 clamor
1775 5275 2056 5339 confusus,

443 5375 523 5451 pit
565 5379 726 5418 nemo
765 5363 958 5433 sitqui
996 5361 1182 5430 praesit
1222 5362 1366 5427 aliis,
1400 5363 1625 5433 perinde
1649 5366 1802 5434 quasi
1846 5366 2060 5420 sonitus

445 5459 631 5521 nitaris
670 5470 767 5524 per
813 5455 1090 5523 regionem
1139 5452 1453 5510 Iudaeorum
1500 5454 1880 5527 dissiparetur.
1943 5458 2060 5512 Erit

462 5546 627 5598 etiam
654 5545 829 5613 caligo
858 5554 1020 5607 tetra,
1068 5544 1230 5614 idque
1278 5547 1472 5615 partim
1525 5560 1746 5616 propter
1794 5549 2047 5603 nebulam

461 5635 619 5703 quasi
648 5647 703 5688 et
735 5645 950 5688 noctem
985 5634 1331 5706 intelligitur,
1358 5639 1579 5707 partim,
1616 5654 1681 5693 ac
1708 5641 1927 5709 quidem
1955 5656 2052 5694 reo

462 5738 594 5788 rtus,
652 5733 876 5794 prOptcr
930 5735 1166 5782 terrores
1224 5739 1279 5785 et
1328 5730 1542 5786 consilii
1593 5733 1854 5801 inopiam.
1910 5730 2051 5785 Mala

460 5815 607 5870 enim
654 5816 905 5903 graviora
958 5822 1124 5878 menti
1167 5827 1421 5880 tenebras
1465 5822 1769 5881 oﬂ'unduut.
1818 5825 2052 5882 luscrvit

2174 3232 2465 3303 Σύσσημον
2484 3233 2542 3287 δὲ
2567 3233 2873 3305 δοθήσεται,
2911 3238 3096 3308 φησὶν,
3129 3238 3205 3303 ὡς
3235 3241 3292 3292 ἐν
3322 3239 3500 3311 καιρῷ
3528 3240 3778 3311 πολέμου

2173 3324 2267 3377 καὶ
2324 3326 2525 3397 μάχης.
2577 3325 2740 3391 Ἔθος
2784 3330 2893 3401 γὰρ
2948 3332 3062 3394 τοῖς
3102 3334 3429 3403 στρατηγοῖς
3467 3331 3781 3398 ἐξοπλίζειν

2176 3416 2465 3486 μέλλουσιν
2526 3420 2608 3483 είς
2661 3420 2970 3492 παράταξιν
3012 3422 3113 3495 τὴν
3159 3422 3268 3477 ὑπὸ
3324 3427 3484 3495 χεῖρα
3532 3425 3774 3496 πληθὺν,

2174 3505 2430 3580 σύσσημα
2458 3510 2679 3578 διδόναι,
2721 3513 2821 3577 τὰς
2853 3513 3190 3586 καλουμένας
3230 3517 3474 3587 σημαίας
3513 3517 3782 3589 αἴροντας

2173 3599 2332 3670 ὑψοῦ.
2366 3596 2468 3657 Ὧν
2505 3605 2601 3657 καὶ
2625 3604 2655 3657 ὀ
2686 3610 2973 3678 προφήτης
3013 3607 3244 3672 Ἠσαίας
3277 3608 3646 3681 διαμέμνηται
3679 3610 3779 3664 λέ·-

2171 3709 2306 3762 γων·
2342 3695 2866 3769 Καταληφθήσεται,
2900 3700 2975 3765 ὡς
3023 3702 3169 3766 ίστὸς
3215 3704 3303 3755 ἐπ’
3332 3703 3513 3775 ὅρους,
3550 3705 3645 3758 καὶ
3691 3707 3779 3771 ὡς

2174 3788 2417 3857 σημαίαν
2440 3790 2624 3861 φέρων
2650 3791 2745 3844 ἐπὶ
2796 3791 3009 3861 βουνοῦ.
3057 3793 3259 3858 Ἰστοὺς
3286 3795 3394 3867 γὰρ
3431 3796 3675 3863 ἱστάντες
3709 3799 3781 3851 ὲν

2172 3878 2394 3949 ὑψηλοῖς
2447 3881 2726 3953 γηλόφοις,
2763 3884 3103 3957 ῆόρθοῦσιν,
3146 3888 3180 3958 ἢ
3235 3888 3676 3952 κατακλίνουσιν,
3736 3893 3775 3963 ἧ

2170 3976 2265 4028 καὶ
2289 3977 2578 4048 ἀπαρτῶσί
2598 3996 2719 4035 τινα
2766 3981 2903 4053 πρὸς
2930 3980 2967 4036 ἃ
3001 3982 3188 4051 βλέπει
3216 3984 3277 4037 τὸ
3307 3984 3569 4057 μάχιμον.
3615 3982 3777 4040 Εἷδεν

2167 4065 2224 4118 δὲ
2252 4065 2396 4120 οὕτω
2416 4068 2509 4122 τοῦ
2547 4068 2856 4140 στρατηγοῦ
2887 4071 2940 4124 τί
2970 4071 3031 4123 τὸ
3056 4070 3266 4127 δοκοῦν.
3292 4073 3447 4144 Λίρει
3477 4073 3777 4145 τοιγαροῦν

2167 4158 2229 4213 τὸ
2249 4160 2554 4230 σύσσημον,
2604 4161 2762 4232 φησὶ,
2796 4164 2890 4217 καὶ
2942 4166 3122 4235 συριεῐ
3172 4166 3377 4228 αὐτοῖς.
3434 4167 3658 4237 Δέχεται
3714 4169 3776 4223 δὲ

2168 4254 2265 4306 καὶ
2327 4252 2489 4307 τοῦτο
2520 4254 2703 4318 πάλιν,
2742 4254 2818 4319 ὡς
2844 4256 2955 4308 ἀπό
2976 4273 3038 4325 γε
3070 4256 3170 4326 τῆς
3199 4257 3489 4328 συνηθείας
3535 4264 3635 4330 τῆς
3677 4263 3776 4315 ὲ-πὶ

2165 4344 2276 4399 τῶν
2325 4345 2518 4417 μυιῶν.
2557 4345 2649 4400 Ἑν
2699 4347 2811 4400 ἔθει
2835 4348 2946 4419 γάρ
2987 4348 3106 4413 πώς
3150 4352 3267 4403 ἐστι
3298 4355 3410 4416 τοῖς
3449 4352 3776 4423 μελισσοκόο

2171 4453 2293 4507 μοις
2330 4439 2572 4509 συρίζειν
2605 4440 2795 4503 αὑταῖς
2821 4455 2834 4469 ·
2859 4438 3004 4494 οὕτω
3026 4458 3083 4494 τε
3118 4441 3227 4495 τῶν
3276 4443 3518 4514 σίμϐλων
3560 4445 3775 4516 ἀποφέο

2176 4544 2290 4598 ρειν
2322 4531 2405 4593 εἰς
2434 4530 2570 4600 ἄνθη
2604 4532 2695 4584 καὶ
2734 4532 2907 4596 πόας,
2959 4533 3055 4586 καὶ
3102 4534 3211 4605 μὴν
3271 4536 3368 4588 καὶ
3407 4535 3774 4607 ἀνακομίζειν

2170 4621 2230 4687 ἐξ
2269 4621 2478 4692 ἀγρῶν,
2526 4625 2665 4677 οἴκοι
2702 4642 2761 4678 τε
2805 4625 2979 4690 αὐτὰς
3011 4627 3387 4693 ἐναυλίζεσθαι
3427 4632 3620 4685 ποιεῖν.
3657 4633 3773 4686 Συ-

2170 4717 2280 4783 ριεῖ
2308 4716 2509 4778 τοίνυν,
2557 4719 2740 4789 φησίν.
2772 4720 2838 4774 Ol
2870 4720 2928 4773 δὲ
2981 4721 3270 4791 ἀφίξονται
3318 4726 3515 4797 πτηνοί
3556 4742 3617 4779 τε
3669 4728 3773 4783 καὶ

2167 4806 2396 4879 κοῦφοι,
2431 4809 2591 4881 λιμοῦ
2626 4814 2727 4884 μὲν
2752 4813 2911 4882 ὀλίγα
2939 4816 3387 4886 πεφροντικότες,
3440 4820 3503 4873 οὐ
3534 4819 3775 4887 δεδιότες

2167 4899 2226 4954 δὲ
2251 4903 2467 4967 πόνους,
2509 4904 2707 4959 ἄϋπνοι
2736 4923 2796 4961 τε
2845 4908 2941 4961 καὶ
2974 4908 3360 4975 εὐζωνότατοι,
3400 4913 3494 4966 καὶ
3539 4911 3773 4987 ἐξηρτυ-

2171 4994 2320 5066 μένοι
2360 4995 2430 5050 τά
2463 5000 2718 5063 τακτικὰ,
2754 5000 2851 5052 καὶ
2871 4998 3128 5069 ἀτρύτοις
3166 5002 3357 5067 ἵπποις
3381 5004 3771 5078 ἐποχούμενοι,
3804 5036 3815 5051 οη

2167 5087 2264 5141 καὶ
2287 5088 2568 5159 ὁρμῶντες
2596 5088 2671 5151 ὡς
2721 5092 2997 5159 καταιγὶς,
3035 5093 3131 5146 καὶ
3181 5094 3238 5145 ἐν
3292 5094 3394 5164 ἴσῳ
3436 5093 3640 5161 λέουσι,
3673 5100 3775 5151 καὶ

2168 5180 2547 5245 κατεσθίοντες
2567 5182 2644 5245 ὼς
2675 5182 2859 5254 θηρία.
2887 5186 3221 5255 Δυσάντητοι
3244 5185 3300 5239 δὲ
3346 5186 3520 5251 οὕτως
3550 5188 3771 5245 ἔσονται

2162 5275 2261 5328 καὶ
2289 5274 2475 5341 δεινοὶ,
2523 5275 2598 5337 ὡς
2630 5275 2836 5347 ἀμαχεὶ
2866 5277 3133 5333 δύνασθαι
3173 5282 3336 5351 νικᾷν
3372 5279 3772 5350 ἀντεξάγοντος

2159 5366 2394 5429 οὐδενὸς,
2471 5367 2639 5438 ἤγουν
2704 5369 2906 5430 ἱκανῶς
2981 5370 3200 5441 ἔχοντος
3270 5376 3351 5436 εἰς
3419 5374 3769 5446 ἐπικουρίαν,

2164 5457 2360 5513 Ἔσται
2388 5460 2442 5513 δὲ
2474 5461 2669 5530 θρῆνος
2694 5463 2812 5514 κατ’
2838 5464 3016 5515 ἐκεῖνο
3051 5466 3249 5538 καιροῦ
3288 5467 3382 5521 καὶ
3432 5466 3529 5539 βοὴ
3558 5485 3771 5539 συμμι-

2160 5549 2282 5621 γὴς,
2308 5550 2383 5611 ὼς
2417 5552 2571 5603 οὐδὲν
2605 5551 2791 5623 ἕτερον
2823 5555 3078 5623 ἡγεῖσθαί
3106 5573 3279 5621 τινας,
3309 5558 3341 5629 ἢ
3374 5558 3456 5612 ὅτι
3487 5559 3772 5628 θαλάσσης

2155 5644 2263 5715 ἠχὴ
2298 5644 2401 5712 τῆς
2452 5643 2720 5699 Ἰουδαίων
2753 5648 3184 5704 κατασκίδναται
3214 5649 3419 5722 χώρας.
3475 5653 3669 5708 Ἔσται
3707 5654 3771 5708 δὲ

2157 5733 2252 5786 καὶ
2291 5733 2528 5805 σκληρὸν
2554 5734 2744 5799 σκότος
2795 5737 2891 5790 καὶ
2922 5736 3041 5792 οῦτι
3079 5756 3185 5793 που
3230 5742 3454 5807 πάντως
3503 5742 3566 5796 τὸ
3595 5746 3670 5810 ὡς
3698 5744 3766 5798 ἐν

2154 5825 2354 5898 ὁμίχλῃ
2383 5825 2676 5893 νοούμενον
2707 5827 2802 5883 καὶ
2834 5830 3012 5898 νυκτὶ,
3041 5831 3103 5885 τὸ
3143 5834 3208 5887 ὲκ
3239 5833 3514 5905 δειμάτων
3541 5835 3597 5891 δὲ
3623 5834 3768 5906 μᾶλ-
