4100 6468
280 383 383 442 169

1430 372 1499 429 1N
1528 373 1767 431 ISAIAM
1808 375 1940 434 LIB.
1979 375 2023 434 ἰ.
2060 375 2269 434 ORAT.
2308 377 2398 435 IV.

3476 380 3577 435 170

278 510 370 562 λον
395 502 495 557 καὶ
533 497 797 571 ἀπορίας.
828 497 1025 551 Σκοτοϊ
1050 494 1160 567 γὰρ
1188 494 1279 548 τὸν
1307 493 1432 548 νοῦν
1461 493 1532 548 τὰ
1560 492 1891 565 παγχάλεπα

2006 495 2163 565 igitur
2195 495 2335 549 Dens
2378 492 2751 548 universitatis
2783 492 3002 549 utilitati
3045 502 3244 550 nostra:
3303 494 3357 551 in
3397 500 3579 552 omni-

278 598 386 652 τῶν
432 590 648 646 κακῶν.
716 590 960 658 Ὀνίνησι
1011 584 1303 658 τοιγαροῦν
1363 585 1452 639 διὰ
1495 583 1696 649 παντὸς
1737 586 1888 656 ἡμᾶς

2010 600 2111 641 ius.
2146 584 2255 641 Nec
2285 586 2428 640 enim
2467 586 2587 641 sine
2626 600 2792 641 causa
2837 586 2967 641 facit
3015 586 3324 643 futurorum
3381 591 3579 661 praedi-

276 692 307 744 ὁ
340 688 449 742 τῶν
478 684 624 738 ὅλων
654 682 815 745 Θεός.
845 681 1091 734 Ποιεῖται
1136 679 1245 749 γὰρ
1282 678 1343 731 οὐ
1399 677 1578 749 μάτην
1630 676 1729 741 τὰς
1777 676 1888 730 τῶν

2006 676 2229 731 :tionem
2257 716 2272 741 ,
2324 684 2380 730 et
2427 685 2681 731 accurate
2715 685 2901 731 narrat
2954 678 3376 749 magnitudinem
3413 680 3582 736 malo-

281 780 559 851 ἐσομένων
604 771 1079 845 προαγορεύσεις·
1146 770 1242 824 καὶ
1286 769 1482 823 δίεισιν
1522 767 1769 839 ἀκριϐῶς
1820 767 1892 821 τὰ

294 870 492 944 μεγὲοη
516 866 633 921 τῶν
693 865 887 919 κακῶν
925 882 938 894 ·
986 864 1053 918 ἵν’
1113 862 1413 934 ἐπειδήπερ
1454 858 1803 932 ἁνουθέτητοί
1829 876 1890 913 τε

301 962 546 1024 «amt;
582 959 783 1031 ἐσμὲν,
815 957 913 1011 καὶ
942 955 1294 1027 πεποιήμεθα
1335 956 1466 1024 παρ’
1486 952 1640 1007 οὐδὲν
1684 951 1778 1006 τὸν
1810 952 1892 1014 είς

304 1053 634 1125 μετάγνωσιν
651 1048 933 1105 καλοῦντα
950 1046 1110 1116 λόγον
1133 1084 1149 1108 ,
1184 1045 1290 1100 κᾶν
1318 1044 1452 1114 γοῦν
1479 1040 1892 1112 ὑποπτήξαντες

298 1146 354 1200 τὸ
375 1148 493 1208 ταῖς
526 1141 678 1196 οὕτω
713 1140 920 1204 δειναῖς
959 1137 1223 1194 ὲναλῶναι
1268 1136 1472 1199 δίκαις,
1508 1134 1600 1188 τὸν
1646 1134 1789 1187 θεῖον
1834 1133 1892 1186 ὲν

293 1240 504 1300 ἑαυτοῖς
564 1232 947 1305 εἰσδεξώμεθα
1002 1230 1200 1302 φόϐον.
1236 1230 1331 1284 καὶ⁹
1378 1225 1893 1286 ἀποσπουδάσαντες

602 1370 623 1397 ,
666 1325 1135 1401 μιτακομίσωμεν
1163 1323 1263 1394 τὴν
1312 1320 1541 1391 καρδίαν
1570 1318 1671 1380 ἐἴς
1723 1332 1786 1383 γε
1830 1316 1892 1367 τὸ

368 1342 393 1409 '_
602 1370 623 1397 ,
666 1328 1135 1401 μιτακομίσωμεν
1163 1328 1263 1394 τὴν

284 1328 716 1513 ωπον
738 1418 964 1474 ἑλέσθαι
987 1417 1048 1471 τὸ
1064 1413 1290 1484 ἀγαθόν.

488 1515 740 1586 ἐγένετο
768 1511 880 1567 τοῦ
899 1509 1204 1571 ἐνιαυτοῦ,
1264 1504 1335 1561 οὗ
1374 1506 1680 1560 ἀπέθανεν
1717 1502 1895 1566 Ὸζῖας

286 1606 670 1677 δβασαεὺς,
696 1601 865 1661 εἶδον
894 1603 1005 1657 τὸν
1026 1602 1246 1668 Κύριον
1268 1596 1531 1658 Σαϐαὼθ,
1556 1596 1895 1662 καθήμενον

282 1698 384 1757 ἑτι
407 1700 643 1770 θρόνον
673 1695 929 1767 ὑψηλοῦ
981 1694 1081 1748 καὶ
1118 1691 1458 1761 ἐπηρμένου
1487 1707 1500 1721 ’
1528 1690 1626 1743 καὶ
1656 1688 1895 1757 πλήρης

286 1799 321 1851 δ
364 1792 535 1864 οἶκος
574 1793 695 1862 τῆς
737 1791 930 1860 δόξης
961 1788 1170 1845 αὐτοῦ.
1215 1787 1325 1841 Καὶ
1366 1788 1664 1873 Σεραφείμ
1691 1784 1893 1851 εἱστή-

1994 782 2137 831 rum,
2170 777 2230 821 nt
2262 768 2524 837 quoniam
2555 782 2701 837 serpe
2734 767 2996 825 indociles
3030 785 3241 837 sumus,
3273 780 3327 828 et
3365 787 3581 829 sermo-

1994 872 2117 921 nem
2143 858 2212 913 ad
2250 859 2630 929 paenitentiam
2672 868 2958 916 vocantem
2994 862 3339 933 negligimus,
3384 865 3578 920 saltem

1996 957 2298 1006 metuentes
2324 966 2396 1005 ne
2433 961 2542 1006 tam
2572 952 2762 1023 grandi
2792 966 2953 1023 pana
2993 952 3351 1020 involumur,
3386 956 3481 1011 Del
3514 956 3581 1010 ti-

1996 1057 2204 1099 morem
2238 1044 2291 1099 in
2338 1043 2498 1100 nobis
2526 1044 2915 1113 suscipiamus,
2955 1054 3012 1101 et
3037 1047 3378 1103 dediscentes
3412 1049 3576 1113 mala,

1994 1135 2237 1190 animum
2267 1135 2524 1206 deinceps
2551 1136 2618 1191 ad
2645 1137 2845 1197 bonum
2884 1137 3321 1207 amplectendum
3349 1154 3579 1196 conver-

1999 1236 2196 1283 tamus.

2068 1499 2199 1554 Cn.
2226 1498 2311 1554 Vl.
2348 1500 2512 1554 Vens.
2547 1501 2664 1555 1-5.
2707 1500 2775 1556 Et
2810 1501 3011 1568 factum
3034 1514 3110 1556 est
3139 1518 3281 1556 anno
3308 1518 3414 1574 quo
3441 1518 3582 1557 mor-

1998 1606 2121 1649 tuus
2149 1604 2223 1648 est
2262 1590 2425 1648 Ozias
2473 1609 2567 1649 rea:
2606 1594 2710 1649 uidi
2751 1594 3038 1649 Dominum
3069 1593 3582 1650 Sabaolhsedentem

2000 1691 2059 1743 in
2102 1688 2237 1745 solio
2283 1690 2488 1745 excelso
2535 1699 2584 1742 et
2622 1689 2857 1753 elevato;
2904 1698 2953 1742 et
2983 1685 3136 1755 plena
3180 1688 3367 1742 domus
3416 1687 3585 1758 gloria

1998 1781 2134 1851 ejus.
2199 1779 2271 1835 Et
2301 1781 2580 1851 Seraphin:
2629 1789 2879 1835 steterunt
2934 1780 3134 1834 circum
3161 1796 3283 1835 eum
3313 1795 3333 1835 :
3363 1795 3457 1834 sea:
3485 1780 3588 1835 ale

281 1852 748 1955 ἥσσον’κύὸιλῳ
783 1852 993 1939 αὐτοῦ,
1040 1881 1151 1945 Ἓξ
1201 1852 1493 1950 πτέρυγες
1524 1852 1762 1943 ἐνὶ,
1796 1877 1893 1929 καὶ

2006 1875 2118 1941 uni,
2166 1883 2216 1930 et
2250 1890 2341 1929 sea:
2388 1874 2494 1928 ala
2539 1872 2725 1940 alteri;
2752 1872 2961 1927 duabus
2995 1874 3204 1942 quidem
3232 1872 3475 1927 uelabant
3508 1871 3592 1942 {a-

276 1968 680 2050 ιεπέρυτες
726 1973 811 2040 τῷ
850 1973 965 2029 ἐνί.
1001 1972 1111 2027 Καὶ
1173 1970 1303 2037 ταῖς
1340 1969 1457 2039 μὲν
1509 1967 1711 2032 δυσὶν,
1761 1982 1895 2019 κατ-

274 2071 648 2130 εκάλυπτε»
701 2068 779 2123 τὰ
802 2066 1127 2137 πρόσωπα,
1155 2064 1256 2116 καὶ
1303 2063 1432 2128 ταῖς
1460 2060 1605 2115 δυσὶ
1640 2057 1891 2113 κατεκά-

273 2170 531 2222 lateor
565 2161 717 2230 τοὺς
748 2158 978 2225 πόδας,
1020 2157 1116 2211 καὶ
1172 2154 1301 2222 ταῖς
1345 2153 1530 2208 δυσὶν
1573 2152 1887 2206 ἐπέταντο.

274 2260 393 2318 Καὶ
481 2256 825 2328 ww
873 2252 1077 2321 ἕτερος
1135 2252 1287 2319 πρὸς
1335 2249 1445 2301 τὸν
1496 2247 1721 2315 ἕτερον,
1790 2245 1887 2298 καὶ

2002 1968 2158 2031 ciem,
2185 1965 2393 2020 duabus
2429 1980 2547 2019 vero
2574 1963 2879 2018 obvelabant
2913 1964 3092 2031 pedes,
3120 1973 3168 2017 et
3197 1964 3404 2017 duabus
3442 1962 3593 2017 vola-

2002 2058 2150 2111 bant.
2187 2056 2599 2127 Clamabantque
2632 2056 2769 2110 alter
2808 2057 2880 2110 ad
2921 2054 3168 2121 alterum,
3217 2066 3264 2110 et
3306 2056 3590 2110 dixerunt:

2003 2137 2256 2213 Sanctus,
2299 2159 2537 2213 sanctus,
2583 2157 2799 2203 sanctus
2848 2145 3109 2203 Dominus
3139 2147 3395 2215 Sabaoth,
3437 2148 3592 2219 plena

2002 2253 2077 2296 est
2113 2243 2284 2297 omnis
2313 2253 2455 2296 terra
2479 2242 2653 2313 gloria
2683 2241 2816 2309 ejus.

274 2352 528 2422 μετ-ον’
557 2349 779 2419 Ἄγιος,
807 2343 999 2415 ἅγιος,
1052 2342 1221 2411 ἅγιος
1246 2342 1460 2408 Κύριος
1488 2339 1754 2400 Σαϐαὼθ,
1775 2334 2020 2402 πλήρης
2048 2330 2357 2403 πᾶσαὴγῆ
2369 2333 2479 2402 τῆς
2511 2333 2700 2402 δόξης
2727 2334 2937 2389 αὑτοῦ.

340 2445 433 2501 οὐ
460 2440 593 2498 καθ’
614 2441 716 2494 ινα
752 2438 942 2510 τυχδν,
982 2435 1106 2489 οὐτε
1141 2434 1247 2506 μὴν
1270 2432 1610 2495 ἀδιαστάτως
1630 2432 1679 2483 οἱ
1718 2428 1900 2499 μακά-

276 2556 391 2613 ριοι
417 2534 711 2610 προφῆται
732 2532 831 2596 τὰς
854 2529 965 2586 τῶν
985 2528 1228 2603 ὁράσεων
1253 2525 1626 2595 ἀποκαλύψεις
1658 2523 1901 2593 ἐδέχοντο

467 2624 639 2683 Θεοῦ.
686 2623 818 2679 Ἀνὰ
846 2622 1016 2694 μέρος
1044 2620 1099 2674 δὲ
1131 2618 1352 2691 μᾶλλον,
1392 2617 1535 2672 κατὰ
1563 2616 1625 2669 τὸ
1651 2615 1900 2686 Δεσπότῃ

274 2718 504 2778 δοκοῦν.
536 2716 658 2774 Καὶ
684 2716 746 2770 ἐν
777 2714 997 2787 χρόνοις
1034 2711 1157 2766 καθ’
1193 2708 1286 2773 οὓς
1319 2709 1478 2781 ἤθελε
1515 2707 1675 2762 τοῦτο
1708 2707 1841 2777 δρ’ᾷν
1872 2708 1901 2759 ὁ

275 2798 704 2870 ἀποκαλύπτων
730 2806 905 2879 βαθέα
929 2807 1023 2859 καὶ
1050 2806 1368 2874 ἁπόκρυιρα,
1398 2804 1492 2857 καὶ¹
1522 2801 1809 2870 γινώσκων
1830 2800 1899 2855 τὰ

277 2899 679 2977 κεκρυμμένα.
710 2899 827 2953 Καὶ
877 2896 989 2970 γὰρ
1040 2896 1155 2951 ἔστι
1204 2895 1342 2967 μετὰ
1366 2896 1524 2949 τοῦτο
1567 2894 1704 2962 φῶς,
1753 2893 1898 2947 καθὰ

277 2997 629 3069 γέτραπται.
676 2990 859 3057 Ὀζίου
897 2989 1185 3060 τοιγαροῦν
1220 2988 1314 3042 τοῦ
1358 2990 1453 3041 καὶ
1515 2987 1766 3056 ’Λζαρίου
1800 3003 1898 3038 πε-

2083 2427 2244 2498 ιοο
2271 2427 2386 2483 Nec
2433 2428 2619 2492 simul,
2663 2441 2764 2481 nec
2802 2426 2922 2482 sine
2962 2426 3249 2481 intervallo
3278 2426 3420 2483 beati
3467 2440 3597 2495 pro-

2005 2517 2182 2590 phetia
2208 2520 2453 2576 visorum
2491 2518 2852 2574 revelationes
2877 2528 3210 2587 acceperunt
3256 2535 3286 2573 a
3334 2520 3466 2587 Deo,
3496 2523 3594 2576 sed

2005 2608 2275 2680 paulatim
2313 2619 2368 2663 et
2410 2609 2713 2680 sigillatim,
2747 2619 2910 2681 prout
2945 2609 3172 2666 Domino
3199 2612 3373 2666 visum
3404 2621 3511 2677 est,
3542 2623 3597 2665 et

2009 2711 2122 2756 tum
2160 2715 2284 2756 cunt
2326 2699 2498 2755 voluit
2528 2701 2712 2755 lacere
2756 2701 2824 2764 is,
2860 2698 2952 2769 qui
2998 2699 3193 2771 retegit
3244 2700 3510 2770 profunda
3543 2710 3599 2755 ct

2007 2798 2241 2854 se‘creta.
2276 2800 2332 2846 et
2359 2790 2451 2861 qui
2482 2790 2694 2846 occulta
2724 2791 3024 2859 cognoscit.
3047 2791 3163 2847 Lux
3189 2775 3335 2848 enim
3363 2793 3504 2861 apud
3530 2791 3596 2846 il-

2006 2878 2117 2945 lum
2145 2891 2251 2948 est,
2277 2882 2418 2938 sicut
2440 2882 2706 2950 scriptum
2737 2896 2842 2940 est.
2864 2883 2996 2941 Ozia
3029 2885 3216 2955 igitur,
3251 2885 3344 2953 qui
3372 2892 3428 2938 et
3460 2883 3598 2936 Aza-

2007 2972 2118 3027 rias
2130 2972 2309 3028 dictus
2359 2980 2463 3040 est,
2487 2973 2663 3029 adhuc
2690 2976 3077 3045 superstite,'et
3100 2975 3252 3046 regni
3280 2974 3599 3045 Hierosoly~

533 3084 642 3153 ἔτι,
671 3084 771 3140 καὶ
801 3082 930 3146 τοὺς
958 3081 1056 3151 τῆς
1088 3080 1366 3151 βασιλείας
1412 3081 1508 3151 τῆς
1560 3081 1617 3132 ἐν
1648 3079 1759 3141 τοῖς
1806 3079 1901 3129 Ἰε-

2007 3065 2197 3119 mitani
2243 3064 2438 3120 solium
2469 3073 2797 3137 occupante,
2831 3069 3146 3137 superiores
3180 3081 3465 3124 sermones
3496 3069 3597 3124 ba-

283 3177 626 3255 ρωολῦμοις
685 3170 969 3237 διέποντος
1015 3172 1274 3245 θρόνους,
1318 3174 1446 3236 τοὺς
1499 3173 1592 3224 ἐπὶ
1642 3172 1754 3233 τοῖς
1799 3170 1901 3241 ἤδη

282 3271 535 3345 φθάσασι
586 3267 891 3339 πεποίηται
942 3266 1137 3333 λόγους
1195 3268 1223 3319 ὁ
1288 3265 1559 3336 μακάριος
1614 3264 1902 3336 προφήτης
1962 3337 1968 3341 ς

291 3362 557 3429 Ἡσαΐας.
582 3356 702 3417 Ἦν
725 3359 829 3432 μὲν
860 3360 972 3431 γὰρ
1016 3358 1194 3423 Ὀζίας
1222 3359 1315 3410 καὶ
1366 3357 1625 3428 Ἀζαρίας
1676 3356 1785 3408 τῶν
1819 3356 1904 3408 ὅτι

286 3458 534 3531 μάλιστα
558 3453 1014 3527 φιλοθεωτάτων,
1057 3450 1421 3519 πεποιηκέναι
1455 3450 1562 3519 γὰρ
1589 3448 1806 3516 λέγεται
1844 3446 1905 3499 τὸ

286 3545 445 3612 εὐθδς
471 3547 539 3601 ὲν
576 3543 886 3616 ἁφθαλμοίς
908 3541 1006 3596 τοῦ
1034 3540 1191 3595 Θεοῦ.
1225 3540 1375 3610 Πλὴν
1405 3541 1466 3593 οὐ
1504 3538 1667 3610 μέχρι
1706 3537 1904 3600 παντὸς

285 3628 595 3699 Wo
638 3635 819 3705 καλὴν
870 3633 968 3687 καὶ
1024 3631 1326 3703 ἀμώμητον
1351 3630 1450 3700 τῆς
1501 3629 1783 3691 εὐσεϐείας
1806 3630 1905 3699 τὴν

283 3730 468 3800 δόξαν.
496 3728 869 3799 Κατισχύσας
899 3725 1012 3798 γὰρ
1037 3724 1125 3778 διὰ
1155 3723 1292 3777 Θεοῦ
1321 3722 1430 3775 τῶν
1459 3723 1675 3793 ὁμόρων
1710 3720 1901 3784 ἐθνῶν,

284 3822 524 3880 πλεῖστά
551 3830 618 3877 τε
648 3822 756 3877 ὅσα
798 3818 895 3874 καὶ
928 3816 1341 3888 ἀξιοθαύμαστα
1383 3814 1502 3868 κατ’
1525 3812 1706 3866 αὐτῶν
1736 3815 1906 3883 ἐργαο

284 3919 557 3989 σάμενος,
612 3916 734 3979 τοῖς
765 3913 868 3984 τῆς
900 3911 1210 3983 εὐπραγίας
1261 3906 1600 3978 μεμέθυσται
1647 3906 1903 3975 τρόποις·

283 4010 380 4066 καὶ
426 4005 785 4065 κατώλισθεν
844 4005 928 4068 εἰς
975 4002 1297 4075 ὑπεροψίαν.
1360 3999 1616 4068 Ἀφίκετο
1668 3997 1775 4067 γὰρ
1825 3998 1905 4060 είς

278 4097 446 4155 τοῦτο
475 4095 737 4171 γνώμης,
771 4095 917 4150 ὥστε
962 4094 1057 4148 καὶ
1110 4091 1448 4164 λειτουργίαν
1509 4089 1758 4158 ἁρπάσαι
1805 4089 1905 4158 τὴν

281 4191 470 4266 ἱερὰν,
486 4191 592 4246 καὶ
620 4187 963 4260 αὐτόκλητος
994 4185 1168 4238 ἐλθεῖν
1200 4184 1291 4237 ἐπὶ
1321 4181 1380 4234 τὸ
1413 4181 1520 4234 δεῖν
1551 4178 1801 4250 ἱερᾶσθαι
1829 4178 1905 4248 τῷ

278 4283 427 4357 Θεῷ.
458 4278 751 4338 Εἰσελθὼν
780 4279 894 4351 γὰρ
943 4281 1024 4341 είς
1058 4278 1151 4331 τὸν
1194 4275 1337 4328 θεῖον
1400 4273 1548 4335 ναὸν,
1593 4272 1653 4324 οὐ
1689 4270 1777 4325 διὰ
1806 4271 1905 4340 τῆς

2004 3159 2122 3214 buit
2144 3156 2335 3214 beatus
2362 3157 2624 3229 propheta
2652 3159 2844 3215 Isaias.
2869 3159 3003 3215 Nam
3030 3159 3216 3224 Ozias,
3234 3160 3326 3231 qui
3351 3161 3597 3224 Azarias,

2007 3250 2163 3306 valde
2189 3249 2315 3320 pius
2363 3259 2485 3306 erat
2515 3261 2568 3305 et
2601 3249 2911 3321 religiosus,
2936 3252 3137 3322 quippe
3168 3251 3260 3321 qui
3297 3252 3496 3320 legitur
3520 3251 3596 3306 fe-

2005 3343 2149 3398 cisse
2178 3351 2385 3398 rectum
2419 3342 2473 3397 in
2495 3341 2669 3398 oculis
2699 3343 2794 3398 Dei
2820 3360 2835 3397 :
2864 3353 2922 3397 at
2947 3343 3217 3414 integram
3244 3353 3302 3398 et
3332 3344 3596 3397 illibatam

2006 3435 2289 3505 religionis
2324 3435 2552 3507 gloriam
2588 3451 2685 3506 per
2737 3435 2926 3490 omnia
2965 3451 3071 3491 non
3122 3436 3370 3491 retinuit.
3418 3436 3592 3505 Expu-

2004 3530 2185 3602 gnatis
2204 3530 2349 3586 enim
2380 3528 2475 3585 Dei
2508 3529 2713 3585 auxilio
2744 3538 2800 3584 et
2833 3529 3099 3585 beneflcio
3134 3528 3380 3585 finitimis
3406 3529 3589 3598 genti-

2008 3622 2130 3687 bus,
2166 3630 2224 3678 et
2276 3619 2527 3692 pluribus
2573 3621 3021 3691 admirandisque
3060 3620 3224 3676 rebus
3263 3629 3459 3675 contra
3503 3633 3599 3674 eas

2005 3717 2198 3786 gestis,
2229 3714 2375 3772 felici
2422 3716 2526 3772 hoc
2553 3730 2810 3771 successu
2853 3714 3158 3770 inebriatus
3190 3722 3294 3777 est,
3336 3721 3392 3768 et
3419 3712 3487 3767 ad
3516 3725 3601 3767 su-

2007 3809 2210 3877 perbiae
2238 3806 2522 3877 scOpulum
2553 3806 2803 3877 impegit.
2847 3807 2923 3862 Eo
2970 3807 3118 3862 enim
3151 3808 3406 3862 amentiae
3434 3806 3597 3861 deve-

2008 3900 2108 3963 nit.
2147 3906 2208 3953 ut
2246 3914 2463 3953 sat-rum
2496 3898 2860 3954 ministerium
2897 3898 2999 3953 sibi
3036 3900 3153 3969 ipse
3198 3898 3516 3969 arripuerit,
3547 3908 3602 3953 et

2005 4000 2220 4062 sponte,
2251 4005 2357 4045 non
2386 3999 2632 4060 vocatus,
2665 3992 2732 4046 ad
2760 3991 3104 4047 sacrificandi
3129 4006 3323 4047 munus
3353 4004 3603 4048 accesseo

2007 4080 2399 4152 rit.lngressus
2427 4081 2574 4135 enim
2600 4080 2694 4135 Dei
2726 4081 3011 4151 templum,
3042 4097 3147 4135 non
3174 4079 3487 4137 Levitarum
3514 4082 3600 4137 vel

2008 4172 2356 4227 sacerdotum
2384 4186 2550 4242 opera
2581 4172 2788 4227 vicaria
2816 4173 2892 4227 uti
2922 4174 2974 4227 in
3005 4172 3302 4228 oll'erendis
3345 4173 3456 4229 Deo
3506 4175 3602 4229 ho-

2009 4266 2139 4320 stiis
2169 4265 2359 4331 voluit,
2390 4264 2487 4320 sed
2525 4264 2592 4318 ad
2619 4265 2862 4333 divinum
2903 4265 3078 4319 altare
3098 4265 3372 4330 assiliens,
3402 4274 3605 4334 prater

416 4372 681 4431 Δευϊτῶν
705 4372 1007 4445 μεσιτείας,
1038 4370 1206 4442 ἤγουν
1252 4366 1464 4438 ἱερέων,
1510 4361 1902 4434 προσκομίςειν

2013 4371 2218 4412 morem
2238 4363 2294 4410 et
2316 4356 2491 4427 legem
2515 4369 2804 4426 aggressus
2835 4364 2921 4410 est
2952 4356 3230 4411 incensum
3249 4356 3504 4413 adolere:
3539 4373 3603 4412 ac

276 4424 851 4543 “Ovugiacv
883 4424 1149 4535 aeneae.
1195 4424 1335 4512 Ἀλλ’
1390 4424 1475 4509 ἐπ’
1515 4424 1650 4508 αὐτὸ
1678 4424 1738 4506 τό
1763 4452 1902 4506 θεῖον

2013 4424 2392 4519 reprehensus
2407 4424 2626 4518 quidem
2665 4456 2749 4503 est
2783 4460 2814 4501 a
2855 4446 2997 4501 tribu
3038 4447 3387 4511 sacerdotali,
3447 4451 3601 4518 quasi

275 4560 660 4633 ἀναπηδήσας
707 4556 1122 4627 θυσιαστήριον,
1179 4552 1359 4622 θυμᾷν
1408 4550 1591 4619 ἐζήτει
1649 4546 1798 4617 παρὰ
1847 4545 1908 4598 τὸ

277 4640 485 4720 εἰωθὸς
512 4653 617 4706 καὶ
641 4651 738 4704 τὸν
792 4649 978 4719 νόμον.
1014 4649 1126 4702 Καὶ
1179 4645 1441 4716 ἠλέγχετο
1484 4645 1580 4713 μὲν
1634 4640 1783 4710 παρὰ
1809 4641 1908 4709 τῆς

279 4742 700 4819 ἱερατευούσης
732 4741 910 4811 φυλῆς
930 4740 1007 4803 ὡς
1058 4738 1252 4791 ἀνόσια
1289 4735 1451 4808 δρῶν,
1489 4736 1590 4809 καὶ.
1611 4732 1911 4804 παραλύειν

274 4836 597 4913 ἐπιχειρῶν
623 4835 720 4891 τὸν
749 4834 936 4907 νόμον.
976 4832 1200 4903 Ἐπειδὴ
1234 4831 1290 4884 δὲ
1342 4832 1451 4893 τοῖς
1486 4828 1586 4898 τῆς
1636 4826 1912 4898 βασιλείας

273 4933 617 5005 αὐχήμασιν
648 4926 939 5001 ἐντρυφῶν
995 4922 1443 4996 προσνενέμηκεν
1497 4919 1674 4991 ἑαυτῷ
1725 4919 1819 4972 καὶ
1843 4918 1904 4970 τὸ

276 5022 553 5099 ἱερᾶσθαι
574 5019 834 5094 πρέπειν·
860 5017 958 5072 καὶ
978 5016 1108 5090 παρ’
1138 5015 1295 5070 οὐδὲν
1322 5013 1643 5084 ποιούμενος
1667 5011 1765 5076 τὰς
1795 5010 1903 5064 τῶν

277 5102 490 5190 ἱερέων
528 5112 867 5191 ωμσουλὰς,
900 5109 1167 5181 ἠλέγχετο
1193 5105 1539 5178 παραχρῆμα
1569 5103 1721 5175 παρὰ
1745 5101 1900 5155 Θεοῦ.

275 5208 660 5282 Διλίπρωται
688 5203 821 5276 γὰρ,
852 5202 1037 5265 αὐτοῖς
1087 5198 1361 5270 μετώποις
1403 5195 1777 5266 ὲπηνθηκότος
1810 5192 1904 5245 τοῦ

276 5300 529 5363 πάθους.
561 5288 738 5367 Οἶμαι
766 5294 826 5349 δὲ
872 5293 986 5348 δεῖν
1035 5291 1173 5365 πρὸς
1217 5288 1420 5359 ἀκριῦῆ
1452 5287 1561 5341 τῶν
1602 5283 1913 5357 εἰρημένων

276 5393 503 5465 εἴδησιν
538 5389 639 5446 καὶ
665 5372 813 5445 αὐτὰ
842 5386 916 5441 τὰ
946 5386 1070 5440 θεῖα
1098 5382 1445 5457 παραθέσθαι
1484 5380 1674 5447 λόγια,
1711 5376 1783 5430 τὰ
1823 5375 1910 5428 ἐπ’

277 5484 442 5559 αὐτῷ
463 5482 860 5556 γεγραμμένα.
885 5480 1041 5551 Ἔχει
1064 5479 1122 5534 δὲ
1151 5476 1345 5541 οὕτως*
1376 5494 1394 5527 ι
1433 5475 1519 5528 Ἐν
1546 5472 1655 5525 ετει
1680 5467 1911 5537 εἰκοστῷ

413 5574 642 5651 ἑϐδόμῳ
673 5573 756 5647 τῷ
791 5569 1075 5645 Ἰεροσοᾶμ
1104 5568 1316 5641 βασιλεῖ
1349 5564 1590 5638 Ἰσραὴλ,
1626 5561 1912 5653 ἐϐασίλευέ

2010 4542 2173 4611 impie
2202 4556 2392 4610 agens,
2421 4551 2478 4595 et
2506 4540 2677 4609 legem
2704 4539 2934 4594 violans.
2977 4541 3047 4595 At
3081 4541 3127 4595 is
3150 4541 3315 4611 regali
3340 4543 3604 4613 dignitate

2009 4635 2367 4700 insolescens,
2394 4634 2498 4690 sibi
2532 4634 2675 4690 hanc
2706 4634 2999 4695 sacerdotii
3021 4632 3355 4691 iunctionem
3380 4650 3605 4708 arroga-

2011 4730 2109 4793 vit,
2129 4738 2426 4799 spretoque
2447 4727 2793 4782 sacerdotum
2819 4727 3073 4793 consilio,
3105 4727 3391 4783 confestim
3432 4744 3463 4782 a
3495 4728 3606 4785 Deo

2013 4820 2385 4891 redarguitur,
2405 4819 2553 4889 lepra
2578 4820 2835 4875 videlicet
2858 4834 3170 4891 percussus,
3197 4822 3387 4877 morbo
3413 4820 3466 4877 in
3492 4821 3604 4892 ipsa

2013 4913 2151 4969 adeo
2172 4912 2354 4968 fronte
2386 4912 2749 4983 germinante.
2783 4911 2901 4979 Quo
2929 4918 3109 4968 autem
3140 4912 3258 4969 haec
3298 4929 3420 4983 quae
3462 4914 3608 4970 dicta

2018 5012 2149 5059 sunt
2178 5003 2391 5073 plenius
2433 5002 2829 5074 intelligantur,
2876 5004 3059 5060 divina
3089 5020 3308 5077 quoque
3335 5006 3451 5075 ipsa
3484 5022 3607 5063 ora-

2014 5095 2133 5151 cula
2164 5111 2287 5166 quae
2313 5096 2381 5151 de
2407 5095 2515 5151 hac
2542 5110 2602 5153 re
2630 5096 2829 5164 scripta
2856 5105 3004 5162 sunt,
3034 5100 3351 5168 apponenda
3372 5113 3498 5156 esse
3524 5115 3610 5155 ar-

2018 5188 2214 5243 bitror.
2247 5185 2342 5244 Sic
2366 5198 2550 5244 autem
2578 5201 2640 5244 se
2662 5188 2869 5245 habent
2891 5207 2906 5244 :
2937 5206 2958 5241 ι
2981 5188 3141 5247 Anno
3158 5191 3419 5251 vicesimo
3448 5196 3608 5268 septi-

2014 5294 2105 5335 mo
2158 5280 2472 5335 Jeroboami
2514 5282 2658 5351 regis
2690 5280 2882 5354 lsrael,
2913 5285 3163 5355 regnavit
3199 5286 3431 5344 Azarias
3465 5289 3611 5345 filius

2015 5370 2275 5440 Amaziae,
2308 5370 2455 5443 regis
2483 5368 2647 5429 Juda.
2671 5369 2844 5428 Filius
2873 5374 3152 5432 sexdecim
3179 5392 3447 5433 annorum
3466 5386 3606 5442 erat,

2014 5479 2136 5519 cum
2160 5472 2434 5533 regnaret.
2455 5464 2835 5538 Regnavitque
2849 5467 3244 5542 quinquaginta
3268 5471 3405 5526 duos
3434 5483 3609 5525 annos

2014 5552 2067 5610 in
2098 5555 2425 5613 Jerusalem.
2452 5554 2660 5614 Nomen
2688 5571 2870 5616 autem
2889 5561 3083 5617 matris
3108 5560 3297 5647 Chalia
3320 5557 3611 5631 (l)1'uitde

282 5652 384 5726 σεν
422 5647 692 5741 ’Δζαρίας
749 5663 869 5728 υίὸς
914 5660 1180 5735 Ἀμασίου
1252 5659 1520 5731 βασιλέως
1576 5655 1766 5711 Ἰούδα.
1818 5652 1902 5715 Ἓξ

2025 5649 2353 5708 Jerusalem.
2384 5647 2644 5722 Fecitque
2675 5654 2817 5723 quod
2849 5662 3056 5709 rectum
3075 5661 3197 5708 erat
3229 5653 3282 5707 in
3309 5653 3483 5711 oculis
3508 5652 3611 5710 Do-

364 5828 448 5898 (l)
493 5825 658 5895 Vulg.
692 5821 905 5878 Chelia.
1268 5876 1277 5885 ε

627 5922 905 5979 Ριτιιοι..
958 5916 1075 5978 GR.
1132 5913 1321 5976 LXX.

3178 5898 3213 5961 6
