4100 6540
521 408 616 462 171

1516 402 1577 457 S.
1617 399 1890 458 CYRILIJ
1934 400 2407 456 ALEXANDRINI
2446 401 2765 460 ARClllEP.

3591 471 3595 478 ι
3686 411 3789 465 ΙἹί

520 525 652 582 mini
682 525 834 597 juxta
857 525 1036 578 omnia
1071 535 1191 592 quae
1248 521 1448 576 iecerat
1480 521 1727 577 Amasias
1765 532 1916 591 pater
1952 523 2099 592 ejus:

2213 523 2307 576 καὶ
2339 523 2470 578 δέκα
2511 525 2647 578 ὲτῶν
2679 519 2747 594 ἦν
2781 523 2841 576 ἐν
2869 522 2944 595 τῷ
2967 522 3275 593 βασιλεύειν
3305 523 3491 588 αὑτὸν,
3529 527 3623 578 καὶ
3653 545 3789 582 πεν-

523 623 760 670 attamen
799 613 1010 670 excelsa
1044 626 1150 668 non
1179 611 1421 668 sustulit.
1449 611 1638 666 Adhuc
1665 614 1895 682 populus
1929 615 2100 668 sacri—

521 707 727 772 tlcavit,
758 715 814 761 et
858 704 1089 760 sumtum
1141 703 1270 758 fecit
1305 702 1358 757 in
1387 702 1647 758 excelsis.
1679 702 1880 776 Tetigit
1918 713 2100 758 autem

522 798 786 854 Dominus
832 811 1034 866 regem,
1080 804 1135 851 et
1172 795 1318 864 lepra
1355 803 1638 864 correptus
1661 803 1780 848 erat
1814 809 1988 864 usque
2037 795 2102 848 ad

521 892 664 945 diem
691 889 879 943 mortis
909 904 1022 944 suae
1049 889 1091 940 ³.
1125 906 1144 939 ι
1182 885 1304 942 Haec
1335 884 1551 955 quidem
1581 886 1634 939 in
1663 884 1883 955 Regnis.
1918 885 1970 939 In
2002 885 2104 938 Pa-

522 981 874 1050 ralipomenis
898 980 1052 1050 ιοι
1080 989 1284 1044 autem,
1315 987 1373 1032 ut
1395 978 1503 1032 dixi
1536 994 1550 1031 :
1586 997 1603 1028 ι
1629 976 1694 1032 Ει
1722 986 1780 1032 ut
1797 977 2049 1040 obtinuit,
2077 997 2095 1030 ι

522 1075 724 1143 inquit,
752 1091 770 1124 ι
805 1072 1006 1127 elatum
1036 1080 1122 1126 est
1143 1085 1238 1126 cor
1267 1070 1384 1138 ejus
1426 1071 1490 1124 ad
1529 1070 2004 1140 corrumpendum.
2036 1069 2102 1127 Et

520 1165 719 1237 injuste
759 1166 872 1233 egit
913 1172 1098 1218 contra
1129 1162 1415 1218 Dominum
1442 1161 1607 1216 Deum
1643 1176 1822 1225 suum,
1857 1161 2102 1214 intravib

517 1271 623 1324 que
666 1253 920 1323 templum
950 1251 1158 1307 Domini
1196 1257 1256 1306 ut
1287 1251 1528 1307 adoleret
1559 1252 1612 1306 in
1637 1251 1794 1305 altari
1825 1250 2100 1306 sufﬁmen-

520 1356 719 1402 torum.
742 1339 988 1398 Introivit
1028 1353 1204 1398 autem
1227 1354 1349 1413 post
1375 1343 1552 1412 ipsum
1597 1342 1889 1397 Zacharias
1917 1357 2099 1397 sacer-

517 1437 640 1501 dos,
668 1444 723 1488 et
752 1449 856 1488 una
880 1449 1000 1488 cum
1029 1448 1095 1488 co
1121 1432 1428 1486 sacerdotes
1455 1429 1665 1484 Domini
1697 1431 1970 1500 octoginta
1997 1432 2100 1485 duo

515 1534 905 1598 praepotentes,
938 1534 994 1580 et
1022 1525 1238 1579 stabant
1267 1534 1454 1577 contra
1483 1521 1670 1576 Oziam
1706 1537 1909 1593 regem,
1935 1534 1986 1577 et
2021 1524 2102 1576 in-

521 1619 714 1689 quiunt
748 1635 760 1671 :
802 1615 919 1671 Non
955 1616 1081 1669 licet
1112 1615 1233 1678 tibi,
1275 1613 1428 1674 Ozia,
1473 1613 1692 1669 adolere
1719 1611 1966 1677 Domino,
2007 1614 2099 1668 sed

525 1725 692 1780 penes
713 1723 809 1762 nos
829 1716 934 1771 est,
955 1707 1044 1777 qui
1071 1704 1371 1762 sacerdotio
1393 1704 1687 1773 fungimur,
1711 1704 1798 1774 qui
1823 1703 1914 1758 lilii
1933 1705 2100 1759 Aaro-

521 1802 602 1856 nis
642 1815 861 1865 sumus,
891 1800 984 1869 qui
1017 1797 1426 1853 sanctitlcamur
1465 1797 1531 1850 ad
1572 1796 1913 1851 adolendum.
1943 1796 2037 1850 Exi
2071 1811 2099 1850 e

2206 617 2440 686 τήκοντα
2489 617 2583 669 καὶ
2634 614 2726 668 δύο
2784 614 2878 697 ἔτῃ
2927 613 3277 670 ἐϐασίλευσεν
3320 616 3376 668 ὲν
3411 615 3792 690 Ἰερουσαλήμ,

2205 708 2299 760 καὶ
2325 707 2495 778 ὄνομα
2523 705 2623 777 τῆς
2661 706 2865 778 μητρὸς
2904 706 3071 760 αὑτοῦ
3096 705 3274 760 Χαλία
3313 706 3373 772 ἐξ
3409 707 3789 781 Ἰερουσαλήμ.

2205 797 2314 850 Kal
2347 796 2570 867 ἐποίησε
2603 796 2664 849 τὸ
2697 795 2914 859 εὐσεϐὲς
2943 798 3002 850 ἐν
3047 796 3343 867 ὀφθαλμοῖς
3387 798 3616 870 Κυρίου,
3646 801 3794 854 κατά

2206 889 2387 941 πάντα
2417 888 2517 940 ὅσα
2545 887 2800 958 ἐποίησεν
2840 885 3104 958 ’Δμαζίας
3141 890 3169 941 6
3211 889 3395 961 πατὴρ
3422 891 3609 946 αὐτοῦ.
3640 891 3792 961 Πλὴν

2203 979 2312 1030 τῶν
2343 976 2562 1048 ὑψηλῶν
2590 977 2691 1030 οὐκ
2720 976 2931 1048 ἐξῆρεν·
2982 976 3062 1030 ἔτι
3095 979 3122 1031 6
3178 977 3305 1042 λαὸς
3328 978 3613 1044 ὲθυσίαςεν
3633 1018 3652 1041 .
3693 981 3792 1034 καὶ

2203 1066 2432 1138 ὲθυμίαν
2463 1070 2522 1120 ὲν
2554 1071 2666 1131 τοῖς
2697 1067 2943 1138 ὑψηλοῖς.
2985 1069 3098 1121 Kal
3127 1068 3304 1138 ἥψατο
3324 1068 3528 1138 Κύριος
3563 1071 3658 1124 τοῦ
3691 1071 3794 1142 βα-

2205 1159 2414 1222 σιλέως.
2446 1159 2557 1212 Kal
2579 1155 2647 1230 ἦν
2673 1159 3081 1231 λελεπρωμένος
3129 1160 3234 1223 ἓως
3291 1159 3502 1232 ἡμέρας
3552 1160 3789 1216 Θανάτου

2201 1250 2386 1303 αὑτοῦ.
2426 1270 2444 1302 ι
2481 1251 2591 1304 Kal
2611 1251 2769 1304 ταυτὶ
2821 1251 2920 1322 μὲν
2970 1253 3031 1305 ὲν
3060 1252 3183 1315 ταῖς
3233 1251 3560 1316 Βασιλείαις.
3613 1254 3700 1307 Ἐν
3728 1254 3790 1307 δὲ

2204 1341 2730 1412 Παραλειπομέναις,
2758 1341 2832 1404 ὡς
2861 1341 3015 1413 ἔφην’
3050 1359 3069 1394 ι
3097 1342 3206 1395 Καὶ
3223 1341 3299 1404 ὡς
3328 1341 3645 1412 κατίσχυσε,
3681 1361 3790 1411 φη-

2205 1435 2309 1499 σὶν,
2351 1434 2541 1506 ὑψώθη
2567 1438 2600 1506 ή
2633 1435 2827 1505 καρδία
2846 1433 3010 1488 αὐτοῦ
3051 1434 3428 1504 καταφθεῖραι.
3460 1433 3571 1488 Kal
3593 1433 3789 1505 ⁴ηδίκηιε

2203 1545 2292 1581 σεν
2323 1529 2380 1580 ἐν
2398 1527 2585 1597 Κυρίῳ
2613 1527 2730 1596 Θεῷ
2763 1525 2946 1579 αὐτοῦ’
3002 1526 3095 1578 καὶ
3144 1524 3388 1596 εἰσῆλθεν
3436 1526 3514 1588 είς
3541 1524 3633 1577 τὸν
3663 1525 3792 1576 ναὸν

2200 1619 2402 1689 Κυρίου
2421 1619 2679 1688 θυμιᾶσαι
2697 1619 2787 1671 ἐπὶ
2807 1619 2866 1670 τὸ
2885 1617 3264 1688 θυσιαστήριον
3283 1614 3391 1670 τῶν
3407 1615 3790 1687 θυμιαμάτωνο

2201 1710 2293 1762 καὶ
2323 1709 2569 1780 εἰσῆλθεν
2599 1708 2771 1761 ὀπίσω
2828 1706 2993 1760 αὑτοῦ
3050 1705 3306 1777 Ἀζαρίας
3342 1707 3371 1758 6
3431 1707 3632 1775 ἱερεὺς,
3692 1705 3790 1758 καὶ

2205 1803 2321 1872 μετ’
2350 1801 2516 1855 αὐτοῦ
2550 1801 2712 1872 ἱερεῖς
2739 1798 2833 1853 τοῦ
2867 1797 3072 1870 Κυρίου
3095 1798 3422 1868 ὀγδοήκοντα
3447 1797 3655 1851 καὶδύο
3682 1797 3791 1850 υίοὶ

525 1889 875 1951 sanctuario,
927 1888 1053 1957 quia
1089 1885 1360 1941 recessisti
1405 1900 1433 1938 a
1486 1884 1732 1951 Domino,
1777 1894 1831 1940 et
1869 1902 1972 1940 non
2007 1887 2099 1940 eril

2208 1892 2441 1946 δυνατοί·
2470 1893 2564 1944 zal
2591 1891 2824 1962 ἔστησαν
2847 1890 2938 1943 ἐπὶ
2983 1888 3162 1953 Ὀζίαν
3193 1889 3285 1943 τὸν
3318 1889 3559 1960 βασιλέα,
3581 1889 3678 1942 καὶ
3711 1883 3791 1941 εἶ-

518 1982 614 2035 tibi
643 1983 741 2035 hoc
771 1981 956 2051 gloria:
983 1996 1010 2033 a
1035 1979 1164 2033 Deo.
1200 1978 1374 2032 Iratus
1401 1987 1487 2040 est
1534 1987 1712 2033 autem
1749 1976 1930 2043 Ozias,
1967 1991 2016 2032 et
2045 1981 2096 2034 in

523 2088 683 2128 manu
721 2071 838 2139 ejus
878 2069 1209 2125 thuribulum
1245 2079 1382 2135 erat,
1417 2080 1475 2122 ut
1515 2069 1756 2124 adoleret
1784 2069 1835 2122 in
1877 2071 2096 2138 templo.

517 2162 762 2232 Cumque
811 2163 980 2216 iratus
1015 2170 1159 2216 esset
1189 2161 1301 2228 ipse
1349 2160 1743 2225 sacerdotibus,
1795 2161 1939 2230 lepra
1979 2174 2096 2217 orta

518 2263 605 2310 est
633 2255 686 2310 in
728 2254 907 2310 fronte
940 2253 1058 2323 ejus
1085 2267 1272 2308 coram
1304 2253 1676 2308 sacerdotibus
1717 2258 1768 2307 in
1803 2254 1964 2309 domo
1996 2255 2100 2309 Do-

520 2345 671 2407 mini,
708 2357 871 2413 supra
911 2341 1089 2397 altare
1132 2339 1581 2396 suﬂitnentorum.
1612 2342 2004 2414 Couvertitque
2041 2361 2098 2398 se

518 2435 585 2490 ad
615 2449 738 2489 eum
760 2448 1004 2490 summus
1027 2435 1281 2488 sacerdos
1308 2443 1361 2488 et
1385 2435 1712 2502 sacerdotes,
1759 2445 1814 2489 et
1846 2451 1973 2491 ecce
2021 2437 2095 2490 le-

502 2542 714 2596 prosus
746 2535 832 2580 est
880 2526 932 2579 in
966 2525 1164 2588 fronte,
1196 2536 1360 2596 atque
1406 2540 1527 2580 eum
1581 2527 1706 2581 inde
1734 2541 1962 2596 propere
2000 2529 2095 2595 eji-

521 2617 693 2672 ciunt.
729 2616 860 2672 Nam
883 2627 938 2672 et
963 2618 1077 2687 ipse
1106 2617 1384 2672 festinavit
1409 2618 1581 2683 exire,
1617 2617 1743 2686 quia
1775 2619 1954 2687 arguit
1977 2635 2095 2670 eum

504 2709 776 2764 Dominus
810 2709 884 2764 ¹⁰.
922 2728 940 2760 ι
981 2709 1114 2764 Cum
1143 2718 1321 2764 autem
1365 2709 1450 2764 lex
1477 2708 1709 2765 Mosaiea
1739 2712 1992 2775 sanciret,
2024 2713 2096 2765 le-

507 2815 736 2868 prosum
763 2809 819 2854 ut
842 2799 1176 2854 immundum
1202 2801 1426 2854 omnino
1453 2814 1484 2855 e
1515 2801 1712 2857 castris
1743 2803 2095 2856 emittendum

517 2907 661 2956 esse,
689 2892 933 2960 leprosus
959 2905 1088 2944 vero
1122 2890 1453 2959 inquinaret,
1501 2906 1564 2944 ac
1605 2906 1700 2947 sua
1762 2892 2098 2947 immunditie

523 2981 786 3052 pollutum
816 2980 1067 3037 redderet
1094 2996 1215 3034 eum
1239 2982 1458 3051 quicum
1485 2982 1601 3052 ipse
1626 2992 1974 3050 versaretur;
2001 2983 2097 3040 ba-

518 3074 725 3129 bitaret
752 3083 931 3129 tamen
962 3071 1127 3130 Ozias
1158 3073 1573 3145 Hierosolymis,
1611 3074 1738 3131 hinc
1773 3083 1941 3132 totam
1969 3091 2096 3146 pro-

501 3165 806 3234 pemodum
826 3163 1128 3222 Jerusalem
1153 3166 1475 3236 inquinans:
1501 3169 1668 3222 tacuit
1691 3167 1969 3234 Dominus,
1989 3184 2093 3224 non

2210 1999 2318 2036 παν
2347 1982 2513 2052 αὐτῷ·
2551 1981 2624 2034 Ob
2657 1997 2768 2044 σοι,
2816 1978 2986 2043 Ὀζία,
3021 1978 3283 2048 θυμιάσαι
3315 1979 3394 2048 τῷ
3419 1979 3627 2050 Κυρίῳ,
3671 1978 3790 2031 ἀλλ’

2201 2077 2331 2145 ἡμῖν
2361 2077 2472 2137 τοῖς
2499 2072 2834 2144 ίερατεύουσι
2885 2072 2999 2134 τοῖς
3042 2061 3178 2134 υίοῗς
3224 2069 3434 2142 Ἀαρὼν
3473 2075 3583 2134 τοῖς
3626 2073 3792 2142 ἡγια-

2202 2168 2440 2239 σμένοις,
2475 2165 2754 2237 θυμιᾶσαι.
2792 2162 3014 2228 Ἔξελθε
3047 2163 3156 2217 ἀπδ
3179 2163 3272 2216 τοῦ
3303 2164 3666 2234 ἀγιάσματος,
3706 2163 3790 2215 ὅτι

2200 2261 2442 2330 ἀπέστης
2473 2259 2580 2314 ἀπὸ
2609 2258 2834 2330 Κυρίου.
2863 2258 2974 2312 Kal
3002 2258 3102 2311 οὐκ
3130 2257 3280 2310 ἔσται
3306 2274 3387 2310 σοι
3407 2247 3563 2310 τούτο
3593 2257 3674 2318 είς
3704 2255 3790 2308 66-

2204 2352 2300 2416 ξαν
2332 2349 2483 2420 παρά
2509 2349 2712 2420 Κυρίου
2739 2346 2896 2401 Θεοῦ.
2930 2348 3041 2402 Καὶ
3078 2346 3333 2419 ἐθυμώθη
3368 2345 3570 2410 Ὀζίας
3605 2346 3703 2399 καὶ
3732 2348 3788 2399 ὲν

2199 2447 2264 2514 τῇ
2292 2445 2436 2515 χειρὶ
2490 2442 2652 2496 αὐτοῦ
2688 2442 2748 2496 τὺ
2799 2441 3154 2514 θυμιατήριον
3196 2440 3292 2494 τοῦ
3324 2439 3584 2510 θυμιᾶσαι
3617 2440 3681 2492 ὲν
3710 2436 3788 2508 τῷ

2199 2535 2331 2606 ναῷ’
2368 2538 2424 2589 ἐν
2455 2535 2532 2607 τῷ
2560 2531 2875 2606 θυμωθῆναι
2899 2535 3060 2589 αὐτὸν
3089 2535 3224 2606 πρὸς
3255 2535 3382 2596 τοὺς
3411 2535 3597 2605 ἱερεῖς,
3633 2532 3732 2585 καὶ
3753 2532 3788 2602 ή

2200 2628 2376 2700 λέπρα
2397 2628 2672 2681 ἀνέτειλεν
2697 2627 2754 2679 ἐν
2774 2625 2852 2697 τῷ
2879 2609 3126 2696 ’μετώπῳ
3182 2623 3365 2689 αὐτοῦ,
3409 2623 3647 2677 ἐναντίον
3674 2621 3789 2675 τῶν

2202 2721 2391 2791 ἱερέων
2423 2721 2479 2774 ὲν
2501 2718 2578 2789 τῷ
2607 2719 2740 2789 οἴκῳ
2764 2717 2994 2786 Κυρίου,
3041 2715 3228 2769 ἐπάνω
3257 2714 3350 2768 τοῦ
3395 2713 3788 2784 θυσιαστηρίου

2199 2811 2307 2867 τῶν
2335 2810 2714 2882 θυμιαμάτων.
2745 2811 2853 2862 Καὶ
2877 2806 3210 2877 ἐπέστρεψεν
3237 2807 3325 2859 ἐπ’
3356 2805 3516 2858 αὑτὸν
3541 2805 3570 2856 6
3604 2805 3789 2876 ἱερεὺς

2201 2904 2230 2956 6
2264 2900 2479 2974 πρῶτος
2509 2901 2603 2953 καὶ
2633 2901 2682 2951 οί
2726 2901 2912 2970 ἱερεῖς,
2944 2899 3039 2951 καὶ
3071 2897 3180 2950 ἰδοὺ
3211 2896 3371 2962 αὐτὸς
3390 2895 3590 2967 λεπρὸς
3628 2897 3692 2948 ὲν
3711 2894 3788 2966 τῷ

2203 2990 2457 3062 μετώπῳ.
2495 2991 2604 3044 Kal
2647 2990 3024 3043 κατέσπευσαν
3052 2988 3215 3042 αὑτὸν
3265 2987 3495 3051 ἐκεῖθεν,
3535 2987 3631 3040 καὶ
3675 2986 3788 3056 γάρ

2198 3083 2360 3147 αὐτὸς
2391 3083 2652 3137 ἔσπευσεν
2675 3081 2930 3147 ἐξελθεῖν,
2960 3082 3042 3135 ὅτι
3067 3080 3291 3152 ήλεγξεν
3319 3079 3482 3134 αὑτὸν
3503 3077 3731 3149 Κύριος.
3762 3095 3782 3129 ι

2213 3173 2434 3244 Ἐπειδὴ
2461 3173 2518 3227 δὲ
2574 3173 2672 3227 τοῦ
2720 3172 2809 3227 διὰ
2844 3171 3088 3236 Μωσέως
3138 3172 3564 3242 προστάττοντος
3619 3171 3786 3242 νόμου

519 3258 737 3326 quidem
776 3260 1069 3328 prophetas
1102 3271 1318 3313 sanctos
1344 3259 1673 3315 contumelia
1706 3259 1965 3326 alliciens,
1997 3261 2090 3316 sed

2204 3265 2390 3337 κρῆναι
2523 3267 2740 3330 πάντως
2790 3263 3168 3335 ἐκπέμπεσθαι
3207 3264 3306 3333 τῆς
3336 3262 3693 3335 παρεμϐολῆς
3713 3261 3788 3325 ὡς

520 3351 699 3418 potius
729 3349 1099 3407 admonitione
1135 3365 1324 3406 eorum
1375 3350 1623 3420 indignos
1664 3351 1948 3408 declarans
1982 3367 2096 3418 eos,

519 3445 609 3511 qui
643 3446 808 3497 etiam
847 3451 1044 3512 pra'ter
1072 3443 1400 3513 legislatoris
1436 3445 1772 3500 voluntatem
1823 3445 2099 3500 immundo

521 3536 922 3590 cobabitarent.
970 3533 1066 3590 Sic
1103 3535 1246 3590 enim
1284 3537 1456 3604 inquit
1493 3535 1686 3590 alicubi
1719 3545 1774 3590 et
1800 3537 1866 3591 ad
1883 3538 2098 3592 beatum

523 3625 863 3681 Ezechielem
911 3644 924 3679 :
973 3644 990 3677 ι
1023 3625 1090 3680 Et
1120 3627 1354 3694 linguam
1379 3636 1522 3680 tuam
1551 3625 1744 3696 ligabo,
1771 3634 1828 3682 et
1857 3626 2100 3682 obmute-

520 3731 661 3782 sces,
694 3732 792 3772 nec
817 3719 927 3773 eris
961 3718 1066 3773 illis
1087 3727 1362 3773 corrector
1389 3728 1443 3772 et
1482 3731 1676 3773 censor
1706 3732 1722 3772 :
1758 3717 1883 3788 quia
1911 3719 2101 3774 donms

521 3821 854 3878 exasperatis
877 3819 962 3864 est
1003 3810 1069 3864 ¹¹.
1104 3828 1124 3862 ι
1159 3809 1437 3865 Obmutuit
1469 3808 1652 3879 igitur,
1697 3810 1989 3865 ostendens
2023 3811 2102 3864 ui-

522 3903 716 3956 mirum
749 3902 1195 3973 indignationem.
1232 3902 1516 3958 Commota
1564 3912 1692 3957 sunt
1727 3903 1870 3958 enim
1908 3901 2100 3959 Hiero-

520 3993 750 4064 solyma,
799 4003 852 4047 et
897 4007 1156 4048 concussa
1188 4002 1271 4049 est
1301 3993 1550 4048 universa
1594 3991 1906 4048 Iudaeorum
1934 3993 2100 4064 regio.

524 4085 678 4151 Quod
708 4083 1065 4152 intelligemus
1090 4098 1155 4137 ex
1190 4084 1275 4139 his
1314 4098 1434 4152 qua;
1470 4083 1734 4153 propheta
1775 4084 1940 4139 Amos
1973 4085 2104 4138 scri-

520 4177 647 4247 psit.
709 4173 882 4229 Habet
932 4175 1074 4230 enim
1105 4176 1185 4230 sic
1229 4192 1242 4227 :
1302 4193 1320 4225 ι
1350 4173 1528 4229 Verba
1583 4175 1747 4229 Amos
1792 4189 1912 4246 quae
1961 4173 2102 4230 facta

521 4276 647 4323 sunt
669 4269 721 4322 in
754 4267 1007 4322 Accarim
1058 4284 1122 4322 ex
1166 4265 1404 4331 Thecue,
1433 4281 1554 4336 quae
1596 4265 1729 4322 vidit
1757 4281 1920 4338 super
1945 4265 2104 4322 Jeru-

518 4362 704 4424 salem,
742 4361 1078 4430 temporibus
1115 4359 1261 4416 Ozite
1295 4360 1440 4429 regis
1473 4357 1634 4425 Juda,
1666 4369 1721 4415 et
1771 4359 2105 4430 temporibus

495 4453 827 4528 .leroboami
861 4452 956 4506 ﬁlii
991 4450 1122 4507 .loas
1154 4452 1294 4522 regis
1319 4450 1505 4516 lsrael,
1537 4453 1746 4506 duobus
1790 4455 1950 4505 annis
1981 4461 2106 4504 ante

2200 3357 2511 3430 ἀκάθαρτον
2537 3358 2628 3411 τὸν
2657 3357 2876 3427 λεπρδν,
2903 3355 3358 3426 καταμιαίνοντος
3388 3354 3446 3408 δὲ
3469 3356 3564 3407 καὶ
3606 3353 3788 3408 κοινὸν

2201 3448 2588 3517 ἀποφαίνοντος
2613 3449 2713 3516 τῆς
2739 3445 3083 3517 ἀκαθαρσίας
3099 3443 3193 3497 τοῦ
3217 3444 3419 3516 λεπροῦ
3443 3443 3534 3498 τὸν
3559 3444 3787 3497 συνόντα

2202 3537 2349 3608 αὐτῷ
2376 3577 2390 3599 ,
2446 3538 2767 3608 κατῴκηκεν
2826 3537 2883 3588 ὲν
2933 3538 3045 3599 τοῖς
3109 3534 3504 3606 Ἱεροσολύμοις
3566 3533 3786 3598 Ὀζίας,

2206 3629 2487 3699 μονονουχὶ
2531 3626 2825 3697 σύμπασαν
2854 3627 2944 3681 διά
2968 3627 3160 3681 τούτου
3195 3626 3423 3697 μιαίνων
3450 3626 3550 3695 τὴν
3592 3623 3790 3695 Ἰερου-

2206 3721 2408 3791 σαλήμ.
2429 3721 2726 3790 Σεσίγηκεν
2745 3719 2774 3770 6
2789 3719 3062 3790 Δεσπότης
3087 3721 3184 3773 οὐκ
3207 3717 3486 3788 ἀτιμάζων
3505 3717 3788 3788 προφήτας

2205 3812 2416 3878 ἁγίους,
2458 3813 2708 3878 ἀναξίους
2730 3812 2786 3865 δὲ
2816 3811 3016 3883 μᾶλλον
3056 3810 3370 3880 ἀποφαίνων
3393 3808 3492 3878 τῆς
3524 3809 3656 3878 παρ’
3693 3807 3787 3860 αύ-

2205 3904 2300 3957 τοῦ
2344 3903 2625 3967 νουθεσίας
2657 3905 2785 3968 τοὺς
2839 3903 3181 3975 ἀκαθάρτους
3222 3899 3600 3965 συνοικοῦντας
3637 3899 3789 3970 παρά

2206 4013 2267 4063 γε
2298 3997 2359 4048 τι
2393 3995 2470 4066 τῷ
2491 3994 2756 4069 νομοθέτῃ
2796 3993 3004 4048 δοκοῦν.
3042 3993 3200 4048 Οὕτω
3231 3993 3340 4064 γάρ
3391 3991 3491 4045 πού
3529 4007 3663 4060 φησι
3695 3992 3786 4044 καὶ

2206 4085 2342 4155 πρὸς
2367 4085 2457 4139 τὸν
2494 4085 2761 4156 μακάριον
2796 4082 3076 4155 Ἰεζεχιήλ·
3105 4101 3124 4135 ι
3150 4083 3259 4137 Kal
3288 4083 3386 4152 τήν
3405 4080 3658 4152 γλῶσσάν
3693 4098 3784 4134 σου

2209 4179 2477 4248 συνδήσω,
2511 4179 2605 4230 καὶ
2629 4176 3074 4248 ἁποκωφωθήσῃ·
3120 4174 3215 4229 καὶ
3243 4174 3344 4227 οὐκ
3365 4173 3462 4244 ἔσῃ
3493 4173 3679 4237 αὐτοῖς
3709 4173 3785 4235 είς

2207 4269 2374 4341 ἀνδρα
2409 4266 2720 4331 εὐθύνοντα,
2775 4267 2857 4320 ὅτι
2887 4260 3033 4328 οἶκος
3067 4262 3522 4334 παραπικραίνων
3549 4261 3721 4316 ἐστίν.
3759 4278 3777 4310 ι

2220 4359 2615 4429 Ἀποσεσίγηκε
2639 4359 2840 4421 τοίνυν,
2861 4357 3036 4410 καίτοι
3069 4354 3327 4411 δεικνύων
3347 4355 3447 4424 τήν
3475 4355 3786 4427 ἀγανάκτηο

2210 4471 2314 4506 σιν.
2338 4451 2621 4505 Σέσεισται
2660 4450 2768 4520 γὰρ
2796 4449 2863 4502 τὰ
2905 4448 3272 4518 Ἱεροσόλυμα,
3310 4448 3402 4501 καὶ
3450 4447 3779 4516 κατεὼνὴθη

521 4559 675 4598 terra:
703 4553 904 4599 motum
944 4544 1010 4596 ι’.
1039 4563 1056 4595 ι
1095 4542 1387 4612 Postquam
1433 4552 1612 4596 autem
1663 4543 1888 4597 obiisset
1944 4540 2099 4596 Ozias

2211 4545 2360 4596 πᾶσα
2393 4541 2502 4594 τῶν
2539 4541 2808 4594 Ἰουδαίων
2839 4539 3009 4612 χώρα.
3041 4538 3314 4609 Είσόμεθα
3341 4539 3398 4592 δὲ
3426 4537 3700 4592 καὶτοῦτο
3718 4538 3780 4590 δι’

519 4635 681 4689 desiit
721 4647 938 4705 tempus
990 4634 1216 4701 silentii,
1251 4611 1579 4702 rdivinasque
1633 4634 1870 4688 visiones
1903 4634 2099 4688 sanctis

2209 4629 2285 4688 ὧν
2311 4633 2604 4702 ἐγεγράφει
2627 4632 2654 4682 6
2688 4611 2971 4702 προφήτης
3015 4630 3214 4700 Ἀμώς.
3247 4627 3400 4699 Ἔχει
3435 4628 3540 4699 γὰρ
3590 4628 3780 4690 οὕτως·

521 4723 798 4793 prophetis
827 4723 966 4780 Deus
1011 4723 1398 4778 universitatis
1434 4723 1684 4777 reddidit.
1719 4722 1948 4791 Ideoque
1981 4735 2104 4789 pro-

516 4818 681 4880 pheta
708 4815 880 4872 lsaias
916 4816 1064 4871 ε-ιΕι
1090 4815 1290 4870 t’actmn
1309 4826 1411 4878 est,
1438 4813 1631 4884 inquit,
1661 4827 1802 4869 anno
1828 4828 1934 4882 quo
1959 4827 2103 4867 mor-

520 4920 645 4962 tnus
677 4915 761 4961 est
787 4906 949 4962 Ozias
973 4921 1088 4971 rex,
1111 4905 1270 4975 102
1299 4905 1408 4958 vidi
1433 4903 1718 4957 Dominum
1744 4902 1986 4956 Sabaoth
2019 4918 2103 4957 se-

521 5001 735 5053 dentem
757 4999 808 5054 in
834 4998 967 5054 solio
987 4996 1201 5053 excelso
1220 5006 1272 5050 et
1290 4995 1521 5052 elevato.
1536 5014 1553 5045 ι
1574 4993 1894 5063 Prophetam
1924 5005 2101 5049 autem

520 5089 951 5146 vidissel’ilium
986 5088 1238 5160 ingloria
1276 5086 1367 5141 Del
1410 5096 1465 5140 et
1510 5086 1708 5149 Patris.
1751 5101 1907 5140 nemo
1951 5087 2103 5141 dubi-

525 5191 640 5238 tare
677 5183 900 5251 peterit,
949 5195 1074 5234 eum
1131 5175 1373 5233 Joannes
1424 5179 1626 5234 scribat
1653 5180 1720 5234 de
1757 5195 1822 5235 eo
1866 5192 2048 5249 aperte
2084 5200 2097 5235 :

526 5289 546 5322 ι
592 5268 716 5325 llam
769 5278 949 5324 autem
999 5268 1136 5324 dixit
1186 5269 1374 5333 Isaias,
1427 5272 1644 5337 quando
1694 5271 1828 5323 vidit
1875 5271 2100 5339 gloriam

501 5365 663 5433 ejus,
693 5363 871 5429 deque
925 5376 988 5415 eo
1017 5361 1225 5416 locutus
1260 5371 1343 5415 est
1371 5361 1433 5414 ”.
1476 5382 1499 5414 -ι
1555 5363 1744 5431 Specta
1781 5378 1910 5417 vero
1963 5365 2093 5418 mihi

502 5453 719 5505 divinae
745 5449 1023 5518 dignitatis
1063 5451 1448 5518 praestantiam,
1505 5462 1560 5506 et
1612 5453 1664 5506 in
1698 5467 1908 5506 omnem
1953 5469 2101 5507 crea-

526 5549 700 5592 turam
743 5538 1098 5593 dominatum.
1136 5539 1230 5594 llle
1266 5541 1406 5593 enim
1449 5551 1528 5594 est
1572 5541 1624 5594 in
1657 5542 1872 5595 excelso
1907 5553 1960 5596 et
1989 5544 2097 5596 ele-

525 5640 648 5684 vato
679 5631 892 5698 throno,
935 5630 1312 5700 pulcherrimis
1359 5639 1504 5702 regni
1537 5633 1836 5703 insignibus
1882 5635 2096 5704 egregie

596 5788 614 5818 ’
653 5785 717 5841 Ν
760 5785 891 5854 Reg.
925 5800 1011 5851 xv,
1051 5789 1162 5843 l-S.
1243 5790 1285 5821 ¹⁰
1317 5790 1352 5843 Il
1385 5789 1559 5843 Paral.
1604 5806 1750 5854 uri,
1789 5789 1969 5843 16-20.
2048 5791 2088 5820 “

2204 5791 2317 5846 ccli.
2360 5807 2440 5856 ιιι,
2474 5789 2563 5844 26.

2216 4745 2232 4776 ι
2255 4725 2416 4793 Λόγοι
2464 4725 2642 4793 ’Λμὼς
2675 4724 2724 4776 οἳ
2760 4724 3010 4792 ἐγένοντο
3031 4724 3088 4775 ὲν
3124 4721 3427 4791 Ἀκκαρεὶμ
3461 4721 3519 4772 ὲν
3548 4718 3780 4782 Θεκουὲ,

2207 4816 2298 4880 οὓς
2321 4817 2429 4872 ίδεν
2445 4815 2584 4884 ὑπὲρ
2615 4815 2974 4886 Ἰερουσαλὴμ
2995 4817 3051 4866 ὲν
3073 4813 3306 4884 ἡμέραις
3329 4811 3503 4874 Ὀζίου
3524 4809 3783 4880 βασιλέως

2219 4908 2420 4972 Ἰούδα,
2456 4908 2549 4960 καὶ
2596 4909 2654 4959 ὲν
2682 4907 2917 4977 ήμέραις
2971 4903 3253 4975 Ὶεροϐοάμ
3306 4901 3401 4956 τοῦ
3450 4900 3600 4963 Ίωᾶς
3633 4900 3782 4970 βασι-

2207 5002 2341 5064 λέως
2365 4998 2592 5074 ’Ἰσραὴλ
2616 4998 2721 5068 πρὸ
2757 4996 2852 5049 δύο
2896 4995 3032 5049 ἐτῶν
3070 4993 3164 5047 τοῦ
3219 4991 3466 5064 σεισμοῦ.
3495 5009 3513 5043 ι
3565 4988 3778 5058 Ἐπειδὴ

2204 5089 2260 5140 δὲ
2308 5086 2697 5156 τετελεύτηκεν
2764 5084 2944 5149 Ὀζίας
3012 5081 3411 5152 συγκατέληξεν
3477 5079 3627 5151 αὐτῷ
3683 5079 3780 5150 τῆς

2205 5178 2417 5248 σιωπῆς
2447 5179 2475 5232 6
2500 5177 2710 5248 καιρός.
2742 5177 2853 5229 Καὶ
2887 5175 3049 5230 πάλιν
3075 5175 3244 5229 ἐδίδου
3269 5173 3368 5236 τάς
3394 5171 3651 5232 θεοπτίας
3671 5171 3779 5230 τοῖς

2203 5271 2379 5339 ἁγίοις
2415 5272 2721 5340 προφήταις
2753 5270 2781 5322 6
2807 5267 2914 5321 τῶν
2950 5268 3086 5322 ὅλων
3115 5267 3264 5330 Θεός,
3303 5265 3486 5338 Ταύτῃ
3509 5264 3589 5316 τοί
3617 5278 3777 5334 φησιν

2204 5362 2231 5413 6
2259 5363 2541 5430 προφήτης
2574 5359 2797 5421 Ἡσαΐας
2821 5374 2834 5386 ·
2871 5376 2888 5408 ι
2917 5358 3027 5412 Καὶ
3056 5357 3274 5426 ἐγένετο
3299 5355 3393 5409 τοῦ
3425 5351 3674 5408 ὲνιαιυτοῢ
3719 5345 3777 5403 οὗ

2205 5451 2474 5504 ἀπέθανεν
2514 5450 2695 5514 Ὀζίας
2716 5451 2745 5502 6
2774 5449 3046 5519 βασιλεὺς,
3079 5449 3186 5502 ῐδον
3215 5448 3307 5501 τὸν
3327 5447 3536 5517 Κύριον.
3555 5441 3776 5499 Σαϐαὼθ

2205 5543 2511 5612 καθήμενον
2544 5543 2635 5594 ἐπὶ
2671 5542 2858 5612 θρόνου
2885 5540 3089 5612 ὑψηλοῦ
3125 5541 3218 5593 καὶ
3245 5538 3576 5611 ἐπηρμένου.
3603 5553 3622 5589 ι
3661 5535 3778 5588 Ὅτι

2208 5636 2304 5705 μὲν
2341 5631 2432 5688 οὖν
2462 5635 2553 5686 τον
2597 5634 2724 5687 Υἱὸν
2778 5635 2805 5686 6
2840 5633 3125 5706 προφήτης
3173 5631 3426 5684 τεθέαται
3477 5630 3535 5683 ὲν
3560 5629 3627 5698 τῇ
3656 5623 3778 5695 δόξῖι

2635 5793 2676 5822 ¹²
2710 5790 2878 5846 Amos
2931 5806 2968 5855 ι,
3004 5790 3054 5844 l.
3135 5788 3178 5820 ¹³
3205 5787 3359 5843 Joan.
3390 5802 3486 5852 xu,
3516 5783 3601 5838 41.
