4016 6532
440 401 558 462 175

1445 394 1502 452 S.
1544 394 1820 452 CYRILLI
1861 394 2336 460 ALEXANDBINI
2378 395 2697 453 ARCHIEP.

3622 401 3732 459 176

453 518 765 575 Subsistere
805 515 950 571 enim
993 512 1207 568 Patrem
1247 512 1405 581 plane
1446 513 1699 581 dicimus,
1743 515 1822 570 sic
1866 514 2028 568 etiam

2139 516 2275 577 ταῖς.
2319 511 2669 581 Δοξολογοῦσι
2703 511 2812 582 γὰρ
2840 511 3119 565 καὶτοῦτο
3157 511 3214 579 ἐξ
3255 511 3512 583 ἁμοισῆς,
3547 515 3610 569 οὐ
3635 516 3733 572 διά

453 611 671 676 Filium,
711 617 765 663 et
794 606 1061 676 Spiritum
1096 615 1367 660 sanctum.
1405 603 1591 675 Neque
1622 621 1750 662 vero
1786 621 1922 675 quos
1958 607 2039 660 di-

450 704 649 769 cimus,
680 702 732 755 in
774 696 1083 755 naturalem
1129 695 1368 767 aliquam
1407 698 1780 753 diversitatem
1816 698 1921 753 ulla
1951 713 2039 753 ra-

452 795 531 850 tio
565 793 828 854 disseeat,
861 789 955 844 sed
984 788 1038 842 in
1072 787 1274 859 triplici
1320 787 1600 859 liypostasi
1627 804 1730 843 una
1758 788 1929 845 deitas
1957 789 2038 843 in-

454 883 730 953 telligitur.
772 880 883 934 lloc
916 879 1139 950 quidem
1190 879 1350 935 nobis
1392 890 1648 936 testatum
1692 880 1901 938 l‘aciunt
1941 897 2040 950 per

453 978 552 1031 lios
576 982 796 1030 sanctos
826 970 1113 1041 Seraphim
1146 1010 1162 1037 ,
1203 972 1294 1041 qui
1338 973 1644 1028 universam
1689 983 1890 1029 terram
1925 988 2038 1027 ma-

448 1066 647 1135 jestate
677 1063 793 1133 ejus
841 1063 1062 1133 plenam
1110 1062 1387 1129 dictitant,
1436 1063 1616 1118 futura
1657 1064 2036 1133 praecinentes,

452 1166 506 1213 et
537 1157 930 1212 administratae
953 1170 1050 1225 per
1072 1153 1350 1211 Christum
1383 1155 1806 1226 dispensationis
1844 1167 2040 1227 myste-

456 1248 595 1302 rium
631 1248 1081 1318 prasnuntiantes.
1117 1243 1444 1315 Priusquam
1466 1247 1609 1301 enim
1644 1246 1883 1302 Verbum
1910 1264 2039 1305 raro

452 1342 657 1396 factum
701 1348 869 1402 esset,
903 1337 992 1393 ille
1032 1338 1266 1406 daemon,
1298 1338 1387 1395 ille
1418 1339 1677 1402 exitialis,
1721 1339 1807 1395 ille
1848 1341 2036 1409 draco,

456 1432 547 1488 ille
592 1431 857 1499 delector,
893 1429 1080 1486 orbem
1117 1439 1393 1486 terrarum
1446 1433 1767 1500 occupabat,
1807 1446 1862 1489 et
1884 1450 2037 1491 crea-

2138 621 2201 672 γε
2232 605 2292 657 τὸ
2343 606 2597 673 κάμνειν,
2658 601 2911 672 καθάπερ
2964 600 3201 673 ἐγῷμαι,
3248 603 3632 674 παραχωροῦστ
3666 605 3731 659 δὲ

2142 695 2342 765 μᾶλλον
2372 694 2467 757 τὰς
2490 694 2651 764 τιμὰς
2683 691 2945 764 ἀλλήλως,
2982 692 3075 745 καὶ
3121 693 3579 764 ἀντιδωρούμεναι
3625 697 3733 759 τὰς

2136 787 2461 854 δοξολογίας.
2500 785 2686 839 Πάντα
2715 784 2824 856 γὰρ
2856 786 2914 837 ὲν
2944 784 3135 856 κόσμῳ
3156 784 3223 838 τὰ
3251 785 3381 839 ἄνω.
3407 786 3537 856 Τρὶς
3559 786 3615 840 δὲ
3637 788 3725 848 τὸ,

2145 897 2162 930 ι
2201 878 2388 947 ’Ἄγιος
2412 897 2431 930 ι
2458 877 2735 946 λέγουσαι,
2761 874 3143 930 κατακλείουσι
3169 875 3265 947 τὴν
3295 876 3623 946 ὃοξολογίαν,
3644 882 3730 942 είς

2136 972 2217 1037 τὸ,
2242 990 2260 1022 ι
2283 970 2487 1041 Κύριος
2510 967 2791 1032 Σαϐαὼθ,›
2817 969 2875 1021 ὲν
2890 970 2990 1040 μιᾷ
3005 968 3254 1039 θεότητος
3278 970 3435 1039 φύσει
3450 969 3547 1041 τὴν
3560 971 3728 1039 ἁγίαν

2135 1060 2375 1125 τιθέντες
2405 1060 2630 1132 Τριάδα.
2697 1059 3028 1129 ’Υφεστάναι
3063 1061 3162 1130 μὲν
3206 1062 3315 1132 γᾴρ
3352 1061 3727 1133 ὁμολογουμέ-

2142 1170 2247 1216 νως
2285 1152 2463 1223 φαμὲν
2484 1152 2574 1206 τὸν
2607 1151 2858 1223 Πατέραο
2910 1152 3053 1205 οὑτω
3088 1151 3145 1205 δὲ
3188 1153 3281 1206 καὶ
3321 1153 3412 1207 τὸν
3446 1154 3591 1220 Υίδν,
3626 1155 3731 1208 καὶ

2135 1245 2197 1298 τὸ
2229 1243 2456 1315 Πνεῦμα
2480 1245 2541 1297 τὸ
2562 1243 2736 1314 ἇγιον.
2762 1244 2876 1298 Καὶ
2898 1243 3055 1313 λόγος
3083 1244 3256 1309 οὐδεὶς
3288 1244 3565 1316 διατέμνει
3584 1246 3730 1318 πρὸς

2140 1324 2442 1409 ἑτερότητα
2480 1337 2716 1406 φυσικὴν
2750 1334 2862 1390 τῶν
2898 1333 3305 1406 ὠνομασμένων
3333 1335 3582 1403 ἕκαστον,
3607 1336 3731 1390 ἀλλ’

2141 1433 2199 1483 ἐν
2230 1430 2567 1485 ὑποστάσεσι
2591 1429 2742 1501 τρισὶ
2771 1431 2974 1484 νοεῖται
3007 1428 3108 1500 μία
3135 1427 3347 1498 θεότης.
3389 1429 3500 1483 Καὶ
3535 1428 3602 1482 δι’
3622 1429 3729 1483 αύ-

457 1531 579 1579 tura
612 1537 723 1592 prae
761 1522 1022 1578 Creatore
1049 1530 1105 1576 et
1134 1519 1429 1578 Conditore
1459 1523 1828 1580 adorabatur:
1863 1535 1919 1580 at
1948 1527 2036 1583 ubi

2139 1520 2247 1575 τῶν
2283 1523 2416 1594 ἡμῖν
2448 1519 2605 1576 τοῦτο
2634 1519 3053 1593 μεμαρτύρηται
3082 1520 3192 1574 τῶν
3224 1520 3395 1590 ἁγίων
3422 1521 3730 1593 Σεραφεὶμ,

458 1616 636 1672 factus
680 1624 765 1671 est
810 1615 972 1669 homo
1019 1613 1356 1684 unigenitum
1413 1615 1508 1670 Dei
1557 1613 1813 1682 Verbum,
1860 1620 2036 1676 omnis

2140 1610 2189 1665 οἳ
2215 1612 2311 1666 καὶ
2340 1610 2523 1683 πλήρη
2549 1612 2733 1667 πᾶσαν
2756 1611 2856 1683 τὴν
2883 1611 2987 1683 γῆν
3008 1607 3150 1666 εἶναι
3193 1611 3412 1680 λέγουσι
3434 1614 3534 1683 τῆς
3564 1613 3732 1685 δόξης

460 1717 602 1760 terra
643 1705 922 1774 majestate
949 1705 1067 1773 ejus
1111 1704 1315 1775 repleta
1349 1715 1452 1761 est.
1484 1705 1564 1762 llli
1599 1709 1744 1763 enim
1768 1707 1947 1767 ﬂectet
1982 1727 2036 1767 se

2140 1700 2327 1763 αὑτοῦ,
2352 1699 2865 1774 προαναφωνοῦντες
2878 1701 2947 1754 τὰ
2968 1701 3223 1772 ἐσόμενα,
3248 1701 3341 1756 καὶ
3364 1701 3460 1772 τῆς
3486 1702 3574 1756 διὰ
3592 1704 3733 1774 Χρι-

456 1813 811 1867 omne.genu,
844 1806 898 1851 et
932 1796 1007 1851 illi
1039 1811 1232 1852 omnes
1272 1798 1470 1869 linguae
1505 1815 1571 1854 ac
1605 1801 1777 1857 tribus
1812 1807 2040 1859 conlita-

2142 1794 2268 1848 στοῦ
2293 1793 2670 1863 γεγενημένης
2724 1791 3036 1865 οἰκονομίας
3085 1792 3614 1865 προαναγγέλλοντες
3662 1794 3734 1847 τὸ

454 1891 677 1953 buntur,
707 1904 769 1943 ac
801 1888 877 1943 illi
912 1889 1176 1954 servient,
1205 1890 1361 1959 juxta
1395 1891 1446 1945 id
1477 1896 1620 1959 quod
1650 1895 1909 1965 scriptum
1932 1908 2033 1953 est.

2145 1888 2464 1959 μυστήριον.
2504 1887 2641 1957 Πρὶν
2665 1886 2763 1957 μὲν
2790 1885 2899 1956 γὰρ
2923 1886 3101 1957 σάρκα
3132 1884 3383 1954 γενέσθαι
3415 1885 3506 1938 τὸν
3526 1885 3731 1953 Λόγον,

455 1980 823 2037 Proclamavit
876 1990 933 2035 et
966 1981 1069 2036 hoc
1114 1989 1242 2036 ante
1273 1984 1463 2037 beatus
1502 1983 1671 2038 David
1725 1985 1778 2039 in
1817 1987 2034 2057 spiritu;

454 2073 592 2128 dixit
623 2074 768 2128 enim
802 2090 816 2126 :
856 2090 875 2123 ι
907 2071 1111 2128 Omnes
1146 2081 1338 2142 gentes
1373 2089 1509 2144 quas
1555 2076 1750 2142 iecisti,
1794 2081 2032 2146 venient,

454 2171 509 2217 et
553 2163 859 2217 adorabunt
910 2177 1095 2218 coram
1155 2173 1207 2217 te
1246 2162 1310 2217 ".
1355 2181 1375 2216 ι
1426 2161 1541 2219 Ποο
1581 2165 1881 2235 perfectum
1927 2180 2031 2237 est,

456 2262 648 2310 vocata
676 2254 917 2325 gentium
953 2254 1323 2322 multitudine,
1358 2264 1416 2311 et
1443 2258 1654 2313 cunctis
1691 2273 1812 2314 eum
1844 2260 1938 2329 qui
1968 2262 2035 2316 de

457 2345 613 2401 nobis
652 2355 707 2400 et
751 2360 846 2415 pro
883 2346 1040 2401 nobis
1066 2346 1267 2414 factus,
1299 2355 1384 2402 est
1423 2349 1794 2419 adorantibns,
1829 2352 2033 2423 quique

454 2455 553 2508 per
586 2438 823 2509 seipsum
860 2448 1043 2494 manet
1073 2455 1235 2509 supra
1259 2440 1465 2495 omnia.
1508 2466 1515 2489 ι

2142 1981 2468 2052 κατεκράτει
2493 1980 2593 2050 τῆς
2625 1980 2716 2033 ὑπ’
2745 1978 2972 2052 οὐρανὸν
3004 1980 3033 2032 6
3062 1978 3271 2048 δαίμων
3301 1980 3329 2032 ό
3351 1979 3666 2049 ἀλητήριος,
3696 1981 3737 2033 ὁ

2140 2074 2377 2147 δράκων,
2410 2076 2440 2127 6
2466 2074 2799 2144 ἀποστάτης.
2853 2070 3240 2144 Προσεκυνήθη
3288 2070 3457 2125 δὲκαι
3489 2073 3521 2143 ή
3548 2073 3735 2136 κτίσις

2143 2170 2293 2239 παρὰ
2329 2167 2421 2220 τὸν
2453 2165 2713 2221 κτίσαντα
2743 2166 2840 2220 καὶ
2884 2165 3143 2235 Ποιητήνο
3197 2163 3386 2236 ἐπειδὴ
3417 2163 3474 2217 δὲ
3500 2164 3737 2233 γέγονεν

2142 2258 2427 2330 ἄνθρωπος
2459 2258 2488 2309 6
2519 2254 2812 2327 μονογενὴς
2841 2255 2936 2308 τοῦ
2969 2254 3104 2309 Θεοῦ
3136 2255 3332 2324 Λόγος,
3372 2255 3735 2327 πεπλήρωται

2142 2350 2240 2419 τῆς
2277 2347 2435 2419 δόξης
2463 2346 2628 2401 αὑτοῦ
2679 2347 2828 2399 πᾶσα
2866 2343 2958 2415 γῆ.
3015 2344 3239 2415 Κάμψει
3283 2344 3393 2416 γὰρ
3420 2346 3571 2417 αὑτῷ
3594 2345 3734 2401 ’πᾶν

2143 2443 2293 2512 γόνυ,
2319 2441 2414 2495 καὶ
2449 2442 2600 2495 πᾶσα
2629 2439 2793 2509 φυλὴ,
2823 2440 2919 2492 καῖ⁹
2938 2438 3183 2507 γλῶσσαι
3215 2437 3730 2518 ὲξομολογήσονται.

451 2531 549 2585 καὶ
613 2529 763 2601 αὐτῷ
813 2528 1192 2595 δουλεύσουσι,
1273 2531 1414 2586 κατὰ
1490 2532 1551 2585 τὸ
1619 2535 2024 2606 γεγραμμένον.
2092 2531 2584 2605 Προανακεκράγει
2620 2530 2677 2583 δὲ
2729 2529 2826 2582 καὶ
2884 2527 3041 2583 τοῦτο
3088 2531 3118 2581 6
3149 2528 3419 2599 μακάριος
3466 2530 3630 2584 Δαόὶδ
3669 2534 3735 2584 ὲν

460 2623 757 2694 πνεύματι·
783 2622 887 2693 ἔφη
914 2624 1043 2694 γάρ·
1073 2643 1091 2675 ι
1133 2624 1319 2677 Πάντα
1344 2624 1413 2678 τὰ
1440 2626 1568 2696 ἔθνη
1606 2626 1707 2681 ὅσα
1753 2628 2053 2700 ἐποίησας,
2114 2626 2328 2698 ἥξουσι,
2365 2628 2463 2678 καὶ
2489 2622 2964 2705 προσκυνήσουσιν
3004 2619 3234 2676 ἐνώπιόν
3288 2637 3407 2685 σου,
3460 2622 3655 2695 Κύριε.
3704 2642 3727 2677 ι

454 2714 624 2768 Τοῦτό
653 2731 734 2768 τοι
760 2712 1071 2767 τετέλεσται
1098 2712 1443 2786 κεκλημένης
1480 2716 1580 2786 τῆς
1648 2715 1707 2782 ἐξ
1770 2715 1941 2771 ὲθνῶν
1975 2715 2235 2788 πληθύος·
2290 2715 2385 2767 καὶ
2431 2709 2885 2784 προσκυνούντων
2915 2709 3174 2764 ἁπάντων
3206 2709 3288 2781 τῷ
3317 2709 3385 2763 δι’
3427 2711 3576 2782 ἡμᾶς
3606 2714 3736 2768 καθ’

439 2811 618 2880 ,ημᾶς
667 2809 984 2880 γενομένῳ,
1047 2810 1383 2881 μεμενηκότι
1437 2813 1495 2867 δὲ
1553 2812 1624 2866 δι’
1677 2814 1871 2867 ἑαυτὸν
1930 2814 2073 2885 ὑπὲρ
2107 2812 2305 2867 πάντα.

502 2897 690 2969 ,104
716 2897 883 2954 Vsus.
916 2898 971 2953 4.
1010 2899 1285 2955 Ειευαιιιιη
1317 2911 1391 2956 est
1421 2903 1820 2972 superliminare
1858 2922 1889 2959 a
1919 2921 2036 2960 voce

2215 2903 2326 2961 Kal
2352 2902 2584 2970 ἐπήρθη
2614 2900 2679 2953 τὸ
2712 2898 3053 2968 ὑπέρθυρον
3091 2899 3211 2953 ἀπὸ
3259 2897 3368 2965 τῆς
3404 2898 3610 2967 φωνῆς
3651 2898 3734 2971 ἧς

436 3008 557 3060 ῃιια
584 2989 904 3056 clamabant,
929 3001 975 3047 et
1004 2992 1190 3047 domus
1225 2993 1420 3063 repleta
1446 3006 1521 3049 est
1547 2995 1711 3064 furno.

2140 2996 2485 3063 ἐκέκρατον,
2520 2991 2623 3045 καί
2666 2994 2698 3044 ό
2727 2986 2894 3056 οἶκος
2937 2989 3220 3059 ἐπλήσθη
3239 2991 3528 3046 καπνοῦ.-

524 3081 932 3151 Contemplatus
985 3078 1067 3138 est
1102 3084 1245 3139 enim
1286 3085 1546 3156 propheta
1594 3087 1881 3143 Dominum
1930 3090 2035 3144 Sa-

2212 3085 2479 3141 Τεθέαται
2505 3083 2603 3153 μὲν
2627 3081 2737 3152 γὰρ
2768 3084 2798 3135 6
2832 3085 3115 3154 προφήτης
3136 3082 3227 3136 τὸν
3259 3082 3464 3154 Κύριον
3493 3084 3730 3141 Σαϐαὼθ

438 3172 620 3228 εὺοοιιι
655 3174 933 3229 sedentem
985 3174 1039 3229 in
1074 3175 1211 3231 solio
1244 3175 1390 3233 celso
1439 3189 1494 3233 et
1521 3179 1763 3246 elevato,
1799 3183 2032 3237 circum-

2142 3179 2454 3251 καθήμενον
2503 3176 2597 3229 ἐπὶ
2628 3175 2820 3246 θρόνου
2858 3174 3065 3245 ὑψηλοῦ
3098 3176 3193 3229 καὶ
3231 3176 3569 3249 ἐπηρμένου,
3625 3195 3734 3232 πε-

455 3262 723 3319 stantibus
776 3264 1013 3334 undique
1067 3267 1273 3322 sanctis
1327 3265 1634 3337 Seraphim,
1689 3277 1743 3324 et
1792 3271 2036 3327 laudibus

2144 3274 2509 3350 ριεστηκότων
2559 3273 2619 3326 ὲν
2655 3269 2839 3341 κύκλῳ
2877 3270 2987 3324 τῶν
3039 3271 3211 3339 ἁγίων
3272 3272 3576 3343 Σεραφεὶμ,
3630 3277 3737 3328 καὶ

455 3354 729 3410 continuis
765 3370 888 3411 eum
938 3355 1465 3426 percelebrantibus.
1522 3360 1825 3416 Allirmavit
1871 3365 2035 3418 etiam

2142 3367 2544 3437 ἀκαταλήκτοις
2590 3361 2918 3431 δοξολογίαις
2968 3361 3360 3433 εὐφημούντων
3398 3363 3582 3417 αὐτόν.
3638 3364 3738 3418 Δι-

455 3447 675 3502 domum
719 3445 888 3503 fuisse
928 3447 1142 3516 plenam
1172 3449 1339 3519 gloria
1369 3450 1507 3518 ejus.
1540 3449 1695 3508 Nunc
1731 3469 1858 3509 vero
1883 3468 2036 3509 eom-

2141 3458 2456 3514 εὸεεαιοῦτο
2486 3457 2564 3521 δὲ,
2602 3455 2685 3509 ὅτι
2730 3454 2942 3525 πλήρης
2969 3456 2997 3508 6
3018 3450 3166 3518 οἶκος
3211 3455 3312 3525 τῆς
3331 3453 3490 3525 δόξης
3536 3456 3731 3510 αὑτοῦ.

456 3546 660 3592 motum
691 3552 812 3594 esse
854 3538 984 3593 dicit
1036 3540 1492 3609 superliminare,
1543 3552 1599 3597 et
1639 3544 1855 3599 domum
1889 3544 2036 3601 l‘umo

2140 3553 2253 3607 Νῦν
2293 3552 2350 3605 δὲ
2398 3547 2637 3621 ὲπῆρθαί
2684 3558 2818 3618 φησι
2859 3547 2922 3600 τὸ
2975 3545 3301 3618 ὑπέρθυρον,
3342 3547 3736 3618 ἐμπεπλῆσθαι
3840 3558 3841 3561 ‘

455 3629 749 3699 0ppletam,
776 3631 936 3698 idque
958 3632 1116 3700 quasi
1148 3647 1176 3686 a
1207 3647 1340 3688 voce
1369 3675 1382 3699 ,
1420 3650 1524 3705 qua
1550 3638 1723 3691 sancti
1751 3636 2035 3708 Seraphim

2139 3643 2196 3697 δὲ
2224 3643 2320 3696 καὶ
2348 3641 2441 3694 τὸν
2470 3635 2617 3693 οἷκον
2666 3636 2895 3702 καπνοῦ,
2936 3638 3030 3691 καὶ
3060 3637 3168 3691 ἀπό
3198 3653 3261 3706 γε
3296 3639 3395 3708 τῆς
3432 3641 3613 3707 φωνῆς
3657 3635 3737 3712 ἦς

455 3722 776 3778 clamarunt.
813 3722 1065 3794 Nunquid
1106 3741 1235 3798 ergo
1288 3741 1477 3783 vocem
1523 3729 1767 3786 dicemus
1817 3747 2036 3788 causam

2139 3734 2443 3805 ὲκέκραγον
2480 3732 2549 3785 τὰ
2587 3731 2722 3799 ᾇγια
2742 3729 3037 3801 Σεραφείμ.
3069 3722 3196 3800 'Ap“
3229 3724 3323 3783 οὖν
3366 3729 3599 3801 ἐροῦμεν
3626 3729 3737 3801 τὴν

458 3814 627 3870 fuisse
680 3829 869 3870 eorum
919 3831 1039 3886 qua:
1092 3817 1143 3871 in
1206 3818 1367 3873 domo
1398 3820 1751 3876 acciderunt?
1783 3823 1947 3892 Atqui
1986 3824 2036 3879 id

2140 3826 2322 3897 φωνὴν
2352 3825 2531 3879 αἰτίαν
2559 3822 2819 3893 γενέσθαι
2846 3821 2956 3875 τῶν
3001 3820 3426 3893 συμὸεδηκότων
3450 3822 3527 3893 τῷ
3554 3822 3732 3895 οῐκῳς

453 3906 657 3961 sentire
678 3947 694 3973 ,
729 3907 859 3977 quid
899 3907 955 3961 ni
985 3908 1057 3963 sit
1088 3908 1240 3964 valde
1268 3911 1548 3978 ineptum?
1573 3913 1816 3980 Quonam
1874 3914 2036 3986 igitur

2139 3917 2332 3971 Καίτοι
2384 3916 2503 3979 πῶς
2548 3916 2610 3968 οὐ
2662 3914 2866 3984 σφόδρα
2921 3913 3069 3966 ἐστὶν
3122 3912 3357 3977 ἀκαλλὲς
3402 3914 3463 3966 τὸ
3509 3917 3734 3985 φρονεῖν

455 4007 614 4066 pacto
646 3998 835 4052 horum
859 4001 1144 4055 verborum
1179 4003 1600 4071 intelligentiam
1642 4007 2036 4074 assequemur?

2140 4008 2355 4063 ἑλέσθαι
2385 4007 2577 4071 ταυτί;
2622 4006 2758 4059 Τίνα
2799 4003 2865 4075 δὴ
2911 4000 3007 4057 οὖν
3038 4005 3240 4075 τρόπον
3284 4006 3404 4068 ταῖς
3448 4005 3556 4058 τῶν
3584 4022 3729 4076 προ-

453 4087 668 4158 Optime
713 4096 769 4143 et
811 4090 1104 4158 sapienter.
1136 4092 1277 4146 Ante
1312 4092 1621 4147 Servatoris
1671 4094 1842 4148 nostri
1875 4094 2038 4149 inbu-

457 4180 821 4236 manationem
851 4194 906 4236 et
929 4182 1245 4248 adventum.
1281 4184 1406 4240 dum
1432 4185 1608 4239 adhuc
1639 4184 1807 4241 Israel
1843 4202 2039 4242 secun-

455 4273 582 4328 dum
616 4273 788 4344 legem
822 4272 1083 4330 inolfense
1109 4285 1165 4330 et
1186 4275 1459 4346 inculpate
1494 4278 1659 4331 vitam
1703 4279 2033 4345 institueret,

455 4365 765 4435 percelebre
820 4367 950 4422 illud
986 4370 1278 4438 templum,
1322 4369 1468 4438 quod
1511 4368 2036 4444 Hierosolymisex-

455 4457 654 4512 struxit
685 4458 944 4513 Solomon
965 4498 981 4524 ,
1014 4460 1185 4528 gloria
1233 4459 1415 4514 divina
1455 4463 1788 4531 replebatur.
1814 4461 1951 4519 Nam
1980 4466 2034 4519 in

422 4563 522 4603 -οο
558 4548 945 4604 sacriﬁcabant
987 4566 1053 4605 ex
1108 4552 1241 4616 legis
1272 4553 1609 4620 praescripto.
1643 4554 1910 4611 Caeterum
1945 4556 2035 4612 ubi

456 4642 523 4695 de
551 4640 706 4696 caelis
734 4643 1041 4698 venientem
1074 4644 1126 4697 in
1161 4645 1394 4697 humana
1423 4642 1618 4708 forma,
1651 4656 1706 4700 et
1733 4661 1798 4701 ex
1837 4647 1955 4718 lege
1981 4656 2036 4702 et

455 4733 735 4801 prophetis
785 4734 1134 4803 prmdieatum
1205 4748 1310 4789 non
1364 4747 1718 4805 receperunt,
1765 4738 1874 4792 imo
1910 4739 2037 4793 vita:

453 4826 751 4894 principem
781 4828 891 4880 vita
930 4827 1247 4897 privarunt,
1283 4827 1573 4896 dereliquit
1601 4829 1820 4884 domum
1855 4844 2032 4897 suam,

453 4919 826 4973 luereditatem
846 4906 1001 4973 suam
1034 4918 1264 4973 dimisit.
1302 4918 1533 4975 Divertit
1559 4922 1703 4975 enim
1734 4921 1801 4975 ad
1825 4932 2030 4992 gentes,

448 5020 500 5062 et
520 5010 705 5065 otiinis
733 5018 876 5066 terra
906 5010 1080 5082 gloria
1106 5011 1232 5080 ejus
1255 5012 1478 5082 impleta
1520 5023 1623 5077 est,
1653 5014 1801 5085 regio
1823 5013 2035 5073 Judan-

455 5119 570 5156 rnm
618 5103 672 5158 in
706 5104 1021 5159 vastitatem
1059 5105 1277 5159 redacta
1315 5114 1428 5169 cst,
1463 5107 1829 5177 templumque
1860 5108 2034 5179 ipsum

454 5195 756 5251 incensum.
790 5195 1021 5263 Quando
1052 5194 1218 5266 igitur
1250 5195 1405 5266 juxta
1449 5196 1786 5265 prophetiam
1817 5208 1872 5254 et
1902 5214 2039 5268 prse-

453 5286 781 5352 dictionem,
817 5301 948 5343 voce
999 5295 1318 5341 sanctorum
1373 5286 1657 5357 Seraphim
1704 5289 1917 5360 impleta
1951 5300 2041 5347 est

440 5377 706 5433 universa
740 5388 885 5431 terra
942 5377 1226 5444 majestate
1255 5380 1408 5449 ejus,
1446 5388 1574 5434 tunc
1624 5381 2039 5449 superliminare

458 5472 643 5541 templi
667 5479 999 5525 commotum
1019 5478 1122 5533 est,
1144 5467 1405 5540 Iumoque
1427 5472 1704 5541 impletum
1725 5482 1829 5529 est.
1850 5474 2037 5545 Itaque

460 5562 583 5630 hoc,
612 5581 631 5614 ι
656 5561 702 5616 Δ
722 5576 855 5616 voce
881 5576 985 5630 qua
1012 5560 1375 5632 clamabant”
1406 5565 1662 5634 temporis
1684 5565 2039 5637 signiﬁcatio-

459 5667 582 5709 nem
644 5654 854 5709 habet:
912 5666 1013 5708 nec
1061 5668 1284 5723 prorsus
1314 5655 1609 5730 doxologiaz
1666 5672 1800 5729 Opus
1835 5665 1920 5717 est
1951 5658 2035 5715 vel

529 5806 572 5840 "
596 5806 741 5863 Psal.
772 5822 967 5874 vaxv,
994 5809 1047 5864 8.

2139 4101 2408 4173 κειμένων
2462 4098 2877 4170 προσϐαλοῦμεν
2912 4096 3176 4161 ὲννοίαιςς
3236 4097 3470 4168 ’Δρίστα
3523 4115 3582 4150 τε
3629 4100 3731 4153 καὶ

2140 4195 2344 4264 σοφῶς.
2380 4193 2497 4263 Πρὸ
2532 4191 2630 4261 μὲν
2653 4191 2753 4260 τῆς
2778 4189 2872 4244 τοῦ
2906 4192 3156 4262 Σωτῆρος
3182 4190 3340 4261 ήμῶν
3373 4191 3733 4264 ὲνανθρωπή-

2141 4303 2279 4349 σεως
2304 4285 2399 4339 καὶ
2427 4283 2584 4354 ὲπιδη
2594 4281 2743 4354 μίας,
2775 4281 2855 4336 ἔτι
2885 4282 2984 4353 τὴν
3016 4284 3074 4335 έν
3095 4282 3245 4353 νόμῳ
3277 4280 3551 4337 πολιτείαν
3577 4284 3731 4337 ἀκω-

2137 4378 2312 4442 λύτως
2335 4394 2397 4430 τε
2442 4376 2539 4430 καὶ
2578 4374 3002 4444 ἀνεπιπλήκτως
3034 4373 3311 4437 διέποντος
3343 4373 3436 4427 τοῦ
3482 4374 3729 4447 Ἰσραὴλ,

2140 4471 2355 4542 πλήρης
2377 4464 2444 4539 ἦν
2474 4470 2503 4521 6
2538 4466 2823 4538 διαϐόητος
2855 4468 3061 4529 ἐκεῖνος
3085 4465 3221 4530 νεὼς
3253 4468 3312 4520 ὲν
3342 4468 3454 4532 τοῖς
3500 4467 3733 4540 Ἱεροσο-

2062 4592 2116 4651 D
2138 4563 2332 4631 λύμοις
2363 4560 2423 4612 6v
2452 4556 2704 4629 Σολομὼν
2735 4556 3057 4627 ἀνεδείματο
3098 4561 3197 4628 τῆς
3223 4557 3383 4626 δόξης
3426 4558 3522 4612 τοῦ
3562 4559 3727 4615 Θεοῦ.

2154 4653 2471 4707 Ἐπετέλουν
2517 4649 2628 4722 γὰρ
2672 4654 2730 4703 ὲν
2778 4649 2929 4721 αὑτῷ
2976 4648 3076 4713 τὰς
3118 4649 3260 4704 κατὰ
3307 4651 3472 4721 νόμον
3509 4652 3725 4716 θυσίας.

2155 4739 2374 4811 Ἐπειδὴ
2405 4739 2462 4793 δὲ
2510 4740 2600 4793 τὸν
2629 4737 2690 4805 ἐξ
2723 4737 2955 4810 οὐρανοῦ
2995 4738 3296 4808 ἀφιγμένον
3328 4740 3386 4792 ὲν
3402 4737 3727 4812 ἀνθρωπεία

2145 4835 2348 4905 μορφῇ,
2386 4833 2481 4887 καὶ
2512 4831 2598 4886 διὰ
2645 4832 2812 4902 νόμου
2847 4832 2939 4884 καὶ
2982 4829 3279 4901 προφητῶν
3308 4833 3729 4903 κεκηρυγμένον

2140 4926 2202 4979 οὑ
2264 4926 2644 4995 προσήκαντο,
2714 4921 2913 4992 μᾶλλον
2965 4922 3021 4975 δὲ
3075 4923 3171 4976 ml
3234 4922 3564 4977 ἀπεκτόνασι
3630 4925 3729 4978 τὸν

2142 5017 2384 5089 ἀρχηγὸν
2435 5017 2531 5086 τῆς
2587 5014 2755 5086 ζωῆς,
2806 5015 3131 5084 ἐγκατέλιπε
3184 5015 3273 5069 τὸν
3323 5012 3472 5070 οἷκον
3532 5016 3723 5077 αὑτοῦ.

2142 5106 2319 5177 ἀφῆκε
2356 5106 2455 5175 τὴν
2477 5106 2842 5176 κληρονομίαν
2871 5104 3058 5160 αὑτοῦ.
3105 5104 3462 5159 ’Δπονένευκε
3507 5106 3616 5179 γὰρ
3644 5110 3725 5173 είς

2140 5197 2208 5250 τὰ
2243 5197 2393 5267 ἔθνη,
2426 5197 2520 5250 καὶ
2552 5196 2907 5268 πεπλήρωται
2956 5196 3054 5265 μὲν
3083 5198 3233 5251 πᾶσα
3265 5200 3297 5269 ή
3336 5198 3407 5269 γῆ
3436 5199 3535 5268 τῆς
3565 5197 3727 5271 δόξης

2141 5289 2326 5343 αὑτοῦ.
2365 5289 2727 5361 Παραδέδοται
2757 5289 2816 5343 δὲ
2861 5289 2971 5343 τῶν
3018 5289 3287 5342 Ἰουδαίων
3318 5292 3349 5361 ή
3383 5290 3538 5363 χώρα
3585 5293 3728 5363 πρὸς

2142 5383 2444 5453 ἐρήμωσιν,
2478 5380 2865 5452 ὲμπέπρησται
2893 5379 2950 5433 δὲ
3002 5381 3094 5434 καὶ
3136 5381 3300 5445 αὐτὸς
3326 5382 3354 5434 6
3399 5381 3552 5447 νεώς.
3593 5384 3725 5437 Ὅτε

2141 5473 2319 5526 τοίνυν
2347 5473 2487 5527 κατά
2527 5489 2591 5542 γε
2623 5472 2721 5544 τὴν
2760 5472 3097 5544 προφητείαν
3125 5473 3293 5543 ήγουν
3326 5474 3725 5547 προαγόρευσιν

2144 5566 2263 5635 ἦτοι
2308 5565 2492 5636 φωνὴν
2534 5566 2642 5620 τῶν
2675 5567 2845 5633 ἁγίων
2893 5566 3173 5639 Σεραφεὶμ
3204 5565 3449 5638 ἐπλήσθη
3492 5567 3645 5622 πᾶσα
3687 5568 3724 5639 ἠ

2144 5660 2215 5729 γῆ
2238 5659 2341 5731 τῆς
2370 5658 2529 5731 δόξης
2566 5657 2752 5725 αὑτοῦ,
2780 5660 2902 5715 τότε
2946 5657 3159 5716 ἐπήοθη
3199 5658 3261 5714 τὸ
3292 5658 3602 5732 ὑπέρθυρον
3625 5659 3722 5714 τοῦ
