4016 6510
558 424 656 487 ΗΖ)

1551 431 1609 485 s.
1650 415 1932 488 CYRILLI
1968 424 2445 495 ALEXANDRlNl
2481 427 2799 494 ARCHIEP.

3731 446 3831 500 180

557 554 737 607 cibum
772 564 987 621 capere.
1020 549 1237 605 Incusat
1290 566 1451 621 porro
1509 551 1649 607 Deus
1681 568 1796 614 eos,
1854 554 2014 626 106
2044 557 2136 624 qui

2248 559 2605 624 ὑδιδάσκαλος
2629 558 2817 630 ὑμῶν;
2858 578 2876 609 ι
2910 559 3083 627 Συνῆς
3111 553 3206 613 οῦν
3236 560 3386 623 ὅπως
3416 560 3492 623 ώς
3517 560 3835 632 ἡμεληκότα

556 631 797 698 Iudaica:
833 642 1131 714 Synagogae
1164 642 1457 712 primatum
1495 655 1861 713 occuparunt,
1891 662 1987 715 per
2013 661 2141 716 pro-

557 735 800 803 phetam,
837 735 1060 789 dicens:
1100 752 1120 785 ι
1149 733 1293 789 luter
1326 744 1574 789 sanctum
1608 743 1666 790 et
1721 734 2004 807 profanqu
2036 754 2142 793 non

560 828 956 881 discreverunt.
999 845 1018 879 ι
1073 826 1414 883 Reverentia:
1447 827 1630 899 igitur,
1657 839 1717 884 ut
1770 830 1920 898 dixi,
1954 832 2143 885 modus

559 929 710 981 erat,
781 925 836 972 et
897 917 1150 985 legalium
1210 928 1602 987 praceptorum
1651 921 1890 987 traditio,
1940 930 2002 976 ut
2046 937 2141 977 eos

561 1010 769 1064 versari
806 1024 930 1065 cum
964 1009 1169 1064 sanctis
1201 1010 1426 1075 nollent,
1459 1012 1511 1067 in
1540 1013 1738 1081 quibus
1764 1013 1877 1068 vitii
1907 1014 2144 1083 suspicio

560 1104 811 1167 hmreret,
846 1112 902 1157 et
954 1103 1045 1172 qui
1088 1118 1191 1158 non
1252 1104 1513 1171 haberent
1568 1120 1597 1159 a
1650 1105 1888 1175 peccatis
1915 1105 2143 1161 liberam

560 1195 972 1250 conscientiam.
1016 1193 1147 1250 Tale
1179 1195 1438 1265 quiddam
1474 1197 1636 1250 etiam
1675 1198 1833 1251 beato
1867 1197 2146 1267 pmpbetae

560 1276 826 1341 accidisse
854 1287 1086 1352 videtur,
1122 1286 1352 1357 ideoque
1370 1288 1483 1341 ait:
1514 1305 1533 1338 ι
1573 1286 1824 1342 Miserum
1857 1304 1960 1353 me,
2015 1288 2143 1358 quia

560 1386 918 1447 compunctus
955 1394 1127 1434 sum.»
1155 1380 1263 1434 Nec
1292 1380 1804 1459 quia‘cognpuuctus
1843 1389 1985 1446 erat,
2015 1395 2145 1450 pro-

560 1480 745 1538 pterea
785 1472 951 1526 miser
975 1471 1068 1525 luit
1099 1489 1113 1525 :
1147 1486 1268 1524 nam
1302 1472 1404 1525 hoc
1459 1481 1616 1540 pacto
1646 1471 1967 1540 intelligere,
2012 1473 2143 1541 quid

568 1564 621 1616 ui
657 1563 1000 1631 perineptum
1027 1564 1051 1616 ?
1078 1564 1172 1618 sed
1202 1565 1325 1633 quia
1357 1575 1714 1632 compunctus
1747 1580 1897 1631 sum,
1947 1564 2142 1635 inquit,

562 1671 589 1708 a
621 1657 978 1721 conscientia,
1011 1657 1264 1713 nimirum
1298 1659 1418 1713 ideo
1441 1658 1722 1714 dicebam:
1756 1659 1832 1714 «Ο
1865 1675 1951 1714 me
1979 1660 2144 1712 mise-

562 1763 700 1809 rum,
726 1749 852 1818 quia
887 1749 1050 1804 homo
1079 1765 1196 1803 sum
1218 1789 1234 1814 ,
1269 1759 1325 1804 et
1359 1750 1637 1805 immunda
1669 1750 1811 1806 labia
1849 1752 2041 1816 habeo,
2092 1742 2143 1803 ἱιί

563 1840 740 1895 medio
761 1841 941 1909 populi
977 1842 1254 1897 immunda
1289 1842 1432 1897 labia
1461 1842 1713 1897 habentis
1740 1857 1840 1913 ego
1863 1842 2069 1901 habito.
2092 1850 2147 1896 et

2245 644 2339 699 τοῦ
2367 646 2531 716 νόμου
2560 645 2896 718 κατῃτιῶντο
2922 647 3014 700 τὸν
3041 648 3300 719 Χριστὸν,
3333 648 3423 702 διά
3443 666 3525 701 τοι
3566 649 3629 703 τὸ
3658 648 3837 704 θέλειν

2247 738 2653 793 συνδιαιτᾶσθαι
2707 743 2984 813 πονηροῖς.
3065 742 3413 795 Ἐπαιτιᾶται
3484 740 3545 793 δέ
3591 757 3696 794 που
3741 743 3838 796 καὶ

2244 827 2377 890 Θεὸς
2405 829 2532 891 τοὺς
2561 828 2663 899 τῆς
2721 829 2992 883 Ἰουδαίων
3035 830 3370 901 Συναγωγῆς
3409 830 3839 901 προσεγκεῶθαι

2244 920 2508 993 λαχόντας
2526 922 2615 977 διὰ
2644 925 2924 996 προφήτου
2958 924 3185 992 λέγων-ι
3226 925 3354 979 Ἀνὰ
3374 924 3539 995 μέσον
3559 925 3716 993 άγίου
3740 924 3839 978 καὶ

2248 1007 2479 1080 βεϐήλου
2519 1010 2580 1063 ού
2613 1010 2934 1066 διέστελλον.
2963 1032 2982 1065 ι
3006 1012 3309 1077 Εὐλαϐείας
3331 1009 3426 1066 οῦν
3458 1014 3566 1085 ἄρα
3608 1014 3837 1083 τρόπος,

2245 1103 2322 1166 ώς
2354 1102 2512 1176 ἔφην,
2541 1103 2637 1157 xal.
2670 1104 2912 1176 νομικῶν
2946 1105 3300 1176 ὲνταλμάτων
3330 1105 3632 1175 παράδοσις
3663 1106 3726 1158 τὸ
3761 1106 3840 1177 μὴ

2248 1196 2488 1248 συνεῖναι
2522 1194 2699 1248 θέλειν
2727 1199 2840 1259 τοῖς
2877 1198 3056 1264 ἁγίοις
3084 1197 3211 1261 τοὺς
3241 1198 3299 1250 ὲν
3332 1196 3605 1267 ὑπολήψει
3636 1195 3838 1265 φαυλό-

2246 1302 2428 1355 τητος,
2487 1288 2583 1340 καὶ
2637 1288 2737 1342 οὐκ
2800 1289 3091 1361 ἐλεύθερον
3153 1287 3438 1362 ἁμαρτιῶν
3500 1289 3724 1359 ἔχοντας
3778 1288 3843 1342 τὸ

2250 1379 2505 1443 συνειδός.
2563 1381 2817 1435 Τοιοῦτόν
2875 1400 2928 1437 τι
2983 1383 3078 1437 καὶ
3117 1385 3147 1436 ὁ
3210 1383 3480 1454 μακάριος
3546 1381 3839 1452 προφήτης

2247 1472 2440 1542 ὁρᾶται
2474 1472 2679 1536 παθὼν,
2718 1475 2975 1548 ταύτῃτοί
3002 1492 3167 1547 φησιν
3189 1493 3201 1505 ·
3246 1495 3263 1524 ι
3298 1472 3367 1528 '0
3386 1474 3553 1537 τάλας
3589 1472 3723 1543 ἐγὼ,
3756 1473 3840 1526 ὅτι

2248 1564 2673 1636 κατανένυγμαι.
2708 1586 2725 1619 ι
2761 1567 2873 1620 Καὶ
2897 1569 2958 1621 οὐ
2992 1567 3079 1622 διὰ
3100 1566 3261 1622 τοῦτο
3292 1566 3485 1631 τάλας,
3532 1567 3616 1620 ὅτι
3661 1580 3841 1619 καται

2248 1656 2524 1711 νένυκταιο
2557 1658 2672 1722 πῶς
2705 1660 2805 1712 οὐκ
2831 1658 3025 1732 εῦηθες
3052 1660 3212 1713 τοῦτο
3236 1658 3380 1713 οὕτω
3405 1660 3549 1712 νοεῖν
3575 1656 3727 1726 mw
3758 1657 3840 1710 ὅτι

2250 1747 2665 1815 κατανένυκται,
2715 1753 2902 1823 φησὶν,
2940 1752 3045 1806 ὑπὸ
3097 1750 3193 1804 τοῦ
3228 1749 3553 1814 συνειδότος,
3594 1746 3757 1819 δῆλον
3785 1746 3842 1799 δὲ

2248 1838 2328 1891 ὅτι
2361 1839 2447 1893 διὰ
2479 1838 2638 1894 τοῦτο
2659 1840 2815 1913 ἔφην·
2856 1861 2875 1894 ι
2904 1837 2973 1895 *Ω
3017 1842 3187 1906 τάλας
3238 1842 3371 1910 ἐγὼ,
3421 1842 3504 1894 ὅτι
3553 1838 3842 1909 ἄνθρωπος

565 1947 746 2001 regem
804 1934 1089 1988 Dominum
1141 1933 1381 1990 Sabaoth
1418 1935 1524 1990 vidi
1566 1935 1740 1990 oculis
1773 1935 1929 1989 meis.
1964 1954 1982 1985 ι
2011 1933 2145 1988 Nam

2254 1929 2351 1994 ὢν,
2382 1933 2477 1985 καὶ
2520 1932 2809 2004 ἀκάθαρτα
2839 1935 2994 2006 χείλη
3029 1934 3191 2005 ἔχων,
3238 1935 3297 1987 ὲν
3350 1932 3500 2004 μέσῳ
3540 1929 3672 1984 λαοῦ
3704 1930 3845 1993 ἀκάλ-

561 2038 687 2079 cum
720 2026 894 2080 sancti
944 2025 1231 2096 Seraphim
1293 2030 1495 2083 mundo
1546 2039 1604 2082 et
1654 2027 1996 2084 sanctissimo
2055 2041 2150 2080 ore

559 2117 748 2171 laudes
774 2118 1125 2184 cecinissent,
1157 2121 1333 2175 timuit
1366 2120 1474 2188 ille,
1497 2135 1526 2173 a
1554 2120 1662 2175 Deo
1680 2122 1879 2191 quippe
1901 2122 2185 2180 etlocttts,-'

561 2222 667 2262 non
701 2208 955 2279 ignorans
982 2211 1452 2269 indecorant-esse
1486 2216 1537 2269 in
1574 2230 1669 2270 ore
1702 2214 2004 2283 peccatoris
2034 2216 2148 2267 lau-

560 2302 857 2367 datiouem,
892 2306 1347 2373 quemadmodum
1380 2308 1642 2375 scriptum
1665 2319 1767 2362 est.
1812 2308 1974 2361 Erant
2003 2309 2147 2362 enim

561 2395 836 2450 immunda
879 2396 1037 2465 plane
1078 2399 1442 2453 lsraetitarum
1490 2401 1630 2453 labia
1662 2443 1676 2465 ,
1735 2410 1920 2469 utpote
1964 2399 2055 2470 qui
2095 2401 2146 2453 in

561 2486 846 2542 Dominum
896 2501 1136 2545 nostrum
1185 2490 1367 2547 Jesum
1406 2493 1682 2548 Christum
1716 2494 1960 2548 convicia
1999 2492 2148 2561 jece-

562 2591 705 2636 runt.
737 2580 832 2638 Siu
856 2594 984 2638 vero
1005 2584 1395 2655 aiatpropheta
1423 2602 1482 2641 se
1510 2602 1727 2656 quoque
1751 2588 2023 2657 ejusmodi
2050 2587 2146 2641 ha-

561 2676 688 2728 bere
719 2672 856 2729 labia
877 2715 891 2738 ,
923 2674 1051 2731 licet
1089 2673 1397 2732 Israeliticae
1431 2678 1727 2748 impietatis
1754 2679 1915 2747 plane
1951 2670 2147 2748 ex'pers

557 2754 767 2831 fuerit,
799 2763 1032 2823 dicimus
1080 2783 1204 2822 eum
1245 2778 1301 2821 ut
1330 2781 1577 2824 sanctum
1604 2766 1668 2825 de
1706 2785 1764 2825 se
1795 2771 2036 2824 modeste
2072 2771 2149 2825 lo-

560 2855 681 2924 qui,
712 2866 903 2924 estque
937 2859 1238 2927 probabile,
1289 2872 1561 2932 quatenus
1598 2875 1714 2916 erat
1764 2844 1829 2915 ex
1882 2864 2147 2931 sanguine

562 2946 751 3012 Israel,
780 2953 1017 3019 seipsum
1052 2953 1196 3006 omni
1237 2953 1466 3008 crimine
1512 2969 1617 3007 non
1652 2955 1917 3019 eximere,
1951 2969 2145 3022 perva—

559 3050 742 3109 gatum
778 3053 958 3098 autem
1012 3045 1191 3114 p0puli
1250 3046 1440 3100 vitium
1503 3058 1726 3111 notare,
1767 3056 1824 3101 ut
1856 3056 2038 3103 servet
2071 3048 2144 3101 ita

559 3133 682 3189 illos
740 3134 831 3202 qui
897 3147 1287 3204 peccaverant.
1332 3138 1423 3193 Vel
1463 3139 1715 3193 humana:
1755 3148 1963 3193 natura:
2001 3154 2146 3193 mor—

560 3221 683 3277 bum
712 3227 1003 3280 conlitetur
1043 3245 1057 3281 :
1089 3228 1394 3292 cuiusmodi
1431 3239 1514 3283 est
1549 3229 1679 3284 illud
1712 3244 1741 3283 a
1763 3230 1924 3284 beato
1941 3230 2146 3285 Davide

560 3327 746 3374 contra
794 3335 1010 3377 onmem
1064 3323 1337 3379 hominem
1399 3324 1648 3378 dictum:
1688 3342 1706 3375 ι
1755 3324 1866 3396 Ego
1934 3325 2042 3380 dixi
2091 3324 2142 3379 iu

560 3427 784 3468 excessu
817 3429 965 3469 meo:
1000 3413 1190 3471 Omnis
1228 3416 1392 3471 homo
1421 3415 1655 3471 mendax
1685 3418 1754 3470 ".
1801 3437 1821 3470 ι
1868 3415 1966 3472 Est
1999 3417 2145 3472 enim

561 3504 759 3562 inlecta
789 3509 978 3563 morbo
1004 3509 1271 3564 mendacii
1302 3525 1365 3565 ac
1409 3511 1663 3565 vanitatis
1694 3525 1850 3564 mens
1885 3510 2145 3576 humana,

559 3596 684 3653 licet
732 3598 874 3653 malo
933 3598 1035 3653 hoc
1097 3600 1395 3656 liberentur
1439 3603 1700 3673 quidam,
1739 3602 2034 3657 sobrietate
2089 3602 2148 3658 id

560 3684 980 3747 lncril‘acieutes.
1046 3692 1251 3749 Timuit
1299 3708 1431 3766 ergo
1502 3696 1765 3766 propheta
1825 3697 1969 3766 quod
2021 3712 2145 3752 cum

562 3785 792 3837 mundus
817 3799 925 3839 non
960 3795 1123 3851 esset,
1143 3787 1601 3854 quemadmodum
1631 3799 1782 3843 certe
1819 3800 1948 3844 sunt
1971 3791 2145 3845 sancti

560 3872 867 3948 Scrapbim,
927 3877 1212 3934 Dominum
1248 3877 1487 3936 Sabaoth
1542 3880 1939 3950 contemplatus
1984 3880 2149 3937 fuerit

556 3978 611 4024 et
657 3970 928 4036 tacuerit,
995 3978 1158 4041 atque
1210 3970 1347 4026 adeo
1406 3986 1438 4025 a
1502 3970 1758 4027 laudibus
1804 3971 2147 4028 celebrandis

557 4063 906 4132 abstinuerit,
944 4066 1087 4134 quod
1128 4080 1224 4120 ore
1253 4079 1363 4119 non
1403 4065 1475 4118 ita
1520 4064 1723 4119 mundo
1754 4066 1825 4120 sit
1857 4065 2142 4136 praeditus.

556 4153 711 4222 Quod
744 4163 923 4210 autem
952 4158 1104 4225 puris
1144 4155 1304 4212 labiis
1326 4154 1606 4210 celebrare
1646 4155 1832 4211 laudes
1859 4167 2143 4227 oporteat,

553 4263 622 4303 ex
670 4262 737 4303 eo
763 4249 908 4318 quod
939 4249 1160 4319 quidam
1201 4256 1517 4304 sanctorum
1577 4249 1971 4319 discipulorum
2012 4250 2146 4307 dicit

552 4341 621 4396 de
674 4340 853 4411 lingua
885 4381 902 4405 ,
967 4342 1186 4411 planum
1240 4341 1357 4396 ﬁeri
1438 4352 1617 4413 potest
1654 4358 1669 4397 :
1704 4363 1724 4396 ι
1772 4345 1865 4399 Illa
1937 4345 2143 4400 lauda-

554 4444 676 4483 mus
700 4429 989 4485 Dominum
1004 4441 1060 4485 et
1088 4429 1336 4496 Patrem,
1367 4442 1421 4487 et
1443 4432 1533 4487 illa
1553 4434 1935 4492 maledicimus
1969 4438 2146 4491 homi-

554 4536 652 4576 nes
673 4521 740 4576 ad
765 4522 1177 4578 similitudinem
1212 4520 1304 4577 Dei
1341 4525 1608 4581 conditos.
1643 4525 1759 4582 Non
1783 4537 2020 4596 oportet,
2040 4527 2143 4581 rra-

2252 2023 2425 2096 θαρτα
2475 2023 2626 2096 χείλη
2679 2023 2893 2097 ἔχοντος
2943 2026 3057 2095 ἐγὼ
3104 2024 3270 2078 οἰκῶ·
3326 2024 3422 2077 καὶ
3468 2022 3560 2076 τὸν
3618 2019 3844 2091 βασιλέα

2250 2117 2454 2186 Κύριον
2490 2118 2719 2172 Σαϐαὼθ
2764 2118 2872 2172 [δον
2916 2120 3029 2181 τοῖς
3082 2117 3383 2188 ὀφθαλμοῖς
3440 2132 3597 2187 μου.»
3620 2112 3843 2183 Ἐπειδὴ

2251 2210 2359 2280 γὰρ
2425 2209 2493 2263 τά
2549 2212 2681 2279 ἆγια
2736 2211 3017 2281 Σεραφεὶμ
3075 2210 3338 2282 καθαροῖς
3399 2209 3493 2261 καὶ
3545 2207 3844 2274 πανάγνοις

2253 2302 2514 2372 στόμασιν
2547 2302 2832 2357 ἐποιοῦντο
2867 2303 2964 2367 τάς
2989 2302 3319 2371 δοξολογίας,
3362 2300 3534 2354 δέδιεν
3571 2298 3741 2361 αὐτὸς
3785 2297 3843 2351 τὸ

2249 2394 2461 2465 χρῆμα,
2498 2394 2835 2459 θεοδίδακτος
2881 2393 2977 2461 ὢν,
3029 2395 3126 2450 καὶ
3155 2395 3256 2449 οὐκ
3301 2394 3574 2465 ἀγνοήσας
3610 2391 3697 2443 ὅτι
3745 2390 3843 2461 οὐχ

2250 2487 2451 2557 ὡραῖος
2482 2484 2630 2550 αἶνος
2683 2490 2741 2542 ὲν
2793 2489 3022 2559 στόματι
3055 2487 3405 2561 άμαρτωλοῦ,
3447 2484 3593 2539 καθὰ
3636 2484 3840 2553 γέγρα-

2250 2594 2403 2635 πται,
2446 2575 2555 2633 Ἦν
2582 2580 2683 2651 μὲν
2714 2579 2820 2653 γὰρ
2855 2581 3307 2652 ὁμολογουμένως
3361 2578 3649 2649 ἀκάθαρτα
3687 2576 3841 2647 χείλη

2249 2674 2344 2726 τοῦ
2416 2673 2659 2746 Ἰσραήλ·
2718 2673 3174 2746 δεδυσφημήκασι
3226 2673 3334 2744 γάρ
3363 2674 3443 2736 εἰς
3493 2671 3587 2725 τὸν
3634 2670 3842 2740 Κύριον

2248 2766 2405 2836 ἡμῶν
2436 2765 2646 2836 Ἰησοῦν
2689 2767 2781 2820 τὸν
2828 2766 3084 2837 Χριστόν.
3140 2766 3205 2820 Εἰ
3237 2765 3296 2819 δὲ
3351 2764 3416 2836 δὴ
3467 2763 3615 2831 λέγοι
3664 2761 3766 2815 καὶ
3816 2761 3842 2813 ὀ

2250 2861 2558 2931 προφήτης,
2587 2860 2670 2912 ὅτι
2706 2861 2801 2913 καὶ
2830 2848 2993 2923 αὐτὸς
3022 2859 3135 2931 ἔχοι
3160 2859 3231 2913 τὰ
3262 2858 3416 2931 χείλη
3443 2858 3697 2921 τοιαῦτα,
3726 2854 3842 2910 καί·

2246 2967 2328 3003 τοι
2365 2950 2466 3020 τῆς
2502 2951 2596 3004 τοῦ
2641 2951 2860 3022 Ἰσραὴλ
2909 2950 3230 3016 δυσσεϐείας
3281 2952 3594 3024 ἀμοιρήσας
3637 2963 3838 3003 παντε-

2247 3041 2374 3106 λῶς,
2418 3043 2598 3113 φαμὲν
2631 3043 2714 3096 ὅτι
2748 3041 3031 3114 μετριάζει
3073 3043 3171 3115 μὲν
3212 3043 3289 3106 ὡς
3331 3041 3483 3112 ἅγιος
3512 3084 3527 3109 ,
3586 3039 3739 3103 εἰκὸς
3785 3037 3837 3091 δὲ

2246 3136 2328 3188 ὅτι
2357 3136 2454 3188 καὶ
2496 3134 2572 3199 ώς
2601 3136 2866 3207 ὑπάρχων
2908 3136 2967 3201 ἐξ
3004 3136 3240 3206 αϊματος
3308 3134 3549 3208 Ἰσραὴλ,
3585 3135 3692 3188 οὐκ
3737 3133 3835 3198 ἔξω

2247 3227 2430 3297 τίθησι
2473 3227 2574 3299 τῆς
2602 3229 2782 3293 αἰτίας
2815 3229 3029 3283 ἑαυτόν.
3080 3226 3219 3281 Ἀλλ’
3256 3226 3524 3299 ὑποφέρει
3555 3225 3638 3297 τῷ
3681 3223 3838 3294 κοινῷ

2251 3320 2345 3375 τοῦ
2387 3320 2518 3375 λαοῦ
2574 3321 3034 3393 πλημμελήματι,
3088 3319 3280 3385 σώζων
3327 3320 3416 3372 διά
3461 3317 3660 3372 τούτου
3719 3318 3837 3381 τοὺς

2252 3416 2638 3488 ἡμαρτηκότας
2673 3432 2689 3448 ·
2723 3415 2891 3487 ἤγουν
2941 3417 3041 3486 τῆς
3074 3412 3365 3485 ἀνθρώπου
3398 3412 3616 3481 φύσεως
3653 3414 3839 3482 ὁμολο-

2250 3512 2340 3579 γεῖ
2370 3510 2468 3577 τὴν
2500 3510 2676 3565 νόσον.
2723 3509 2935 3564 Ὀποῐόν
2968 3509 3087 3562 ἐστι
3133 3507 3195 3561 τὸ
3244 3507 3396 3579 παρὰ
3432 3505 3526 3559 τοῦ
3565 3504 3837 3577 μακαρίιυ

2251 3602 2415 3657 Δαϐὶδ
2468 3601 2610 3656 κατά
2630 3601 2723 3656 τοῦ
2751 3602 2953 3662 παντὸς
2973 3600 3263 3672 ἀνθρώπου
3287 3598 3578 3668 λεγόμενον
3603 3613 3617 3625 ·
3648 3616 3666 3647 ι
3706 3595 3837 3665 Ἐγὼ

2249 3693 2379 3750 εἶπα
2408 3702 2466 3749 έν
2499 3699 2564 3766 τῇ
2601 3695 2854 3749 ἐκστάσει
2894 3710 3018 3766 μου·
3052 3694 3167 3756 Πᾶς
3206 3691 3492 3760 ἄνθρωπος
3521 3688 3783 3759 ψεύστης.
3816 3708 3832 3738 ι

2251 3790 2417 3843 Νοσεῖ
2461 3789 2571 3862 γὰρ
2624 3789 2686 3843 τὸ
2721 3787 2914 3858 ψεῦδος
2949 3789 2984 3861 ἡ
3038 3785 3327 3860 ἀνθρώπου
3378 3785 3611 3848 διάνοια,
3652 3783 3753 3838 κᾶν
3798 3786 3837 3835 εἰ

2250 3881 2677 3936 άπαλλάττοιντό
2727 3897 2873 3945 τινες
2930 3879 3025 3933 τοῦ
3078 3878 3275 3943 κακοῦ,
3335 3877 3494 3950 νήψει
3540 3875 3605 3930 τὸ
3656 3874 3837 3947 χρῆμα

2250 3972 2646 4045 κερδαίνοντες.
2676 3972 2826 4026 Δέδιε
2859 3974 3041 4027 τοίνυν
3066 3974 3095 4027 ό
3125 3974 3410 4042 προφήτης
3437 3969 3519 4022 ὅτι
3555 3966 3633 4039 μὴ
3667 3966 3841 4036 susp.

2250 4084 2360 4139 χων
2391 4066 2535 4121 οὕτω
2581 4066 2847 4138 καθαρὸς.
2888 4065 3141 4137 καθάπερ
3170 4064 3363 4135 ἀμέλει
3395 4062 3465 4115 τὰ
3501 4061 3639 4129 ἅγια
3677 4061 3841 4129 Σερα-

2250 4160 2407 4231 φεὶμ,
2442 4158 2698 4212 τεθέαται
2750 4158 2849 4229 μὲν
2892 4157 2985 4211 τὸν
3035 4156 3245 4227 Κύριον
3276 4152 3529 4219 Σαϐαὼθ,
3580 4150 3835 4221 σεσίγηκε

2246 4252 2323 4317 δὲ,
2345 4252 2521 4307 καίτοι
2546 4250 2744 4322 μᾶλλον
2763 4250 2993 4319 ὀφείλων
3023 4245 3345 4316 δοξολογεῖν,
3365 4244 3453 4299 διὰ
3478 4241 3541 4297 τδ
3572 4242 3653 4314 μὴ
3675 4238 3835 4300 οὕτως

2247 4344 2393 4415 ἔχειν
2427 4342 2668 4415 καθαρὸν
2697 4343 2758 4396 τὸ
2794 4341 2991 4413 στόμα.
3030 4339 3153 4393 Ὅτι
3178 4337 3236 4391 δὲ
3265 4336 3372 4410 χρὴ
3413 4333 3682 4404 καθαροῖς
3727 4327 3837 4382 στό·

2252 4444 2417 4507 μασιν
2445 4436 2791 4506 ὑμνολογεῖν,
2822 4433 2991 4503 σαφὲς
3023 4430 3088 4485 ἂν
3115 4430 3326 4500 γένοιτο
3366 4426 3494 4499 περὶ
3535 4425 3638 4495 τῆς
3666 4421 3836 4492 γλώσ-

2250 4543 2349 4597 σης
2382 4526 2632 4595 λέγοντος
2676 4526 2791 4590 ἑνὸς
2826 4525 2935 4578 τῶν
2979 4524 3152 4594 ἁγίων
3209 4519 3487 4593 μαθητῶν·
3524 4538 3544 4571 ι
3581 4519 3674 4572 Ἐν
3701 4516 3829 4585 αὐτῇ

557 4625 667 4670 tres
687 4616 815 4680 mei,
834 4616 948 4671 haec
965 4617 1044 4673 sic
1066 4615 1206 4671 ﬁeri.
1251 4616 1502 4688 Nunquid
1535 4618 1657 4674 l'ons
1674 4633 1741 4673 ex
1757 4622 1946 4674 eodem
1976 4614 2135 4691 107

2248 4616 2570 4689 εὐλογοῦμεν
2617 4618 2706 4672 τὸν
2754 4617 2958 4689 Κύριον
3004 4618 3100 4671 καὶ
3153 4614 3399 4687 Πατέρα.
3431 4612 3542 4667 Kal.
3591 4612 3650 4663 ὲν
3703 4607 3829 4674 αὐτῇ

554 4706 1023 4762 foramineebullit
1043 4708 1253 4764 dulcem
1281 4718 1335 4766 et
1356 4724 1598 4764 amaram
1638 4710 1863 4779 aquam?
1891 4709 2143 4781 Nunquid

2252 4709 2621 4782 καταρώμεθα
2666 4713 2791 4769 τοὺς
2825 4709 3150 4783 ἀνθρώπους
3178 4749 3194 4774 ,
3241 4709 3369 4769 τοὺς
3413 4704 3536 4759 καθ’
3586 4702 3832 4774 ὁμοίωσιν

552 4807 750 4867 potest,
772 4798 967 4855 fratres
985 4800 1111 4865 mei,
1138 4801 1269 4855 licus
1281 4802 1427 4858 oleas
1441 4801 1687 4871 proferre
1702 4803 1829 4855 ?aut
1844 4803 1968 4857 vitis
1984 4804 2143 4858 licus?

2252 4802 2385 4857 Θεοῦ
2430 4804 2741 4872 γεγονότας.
2778 4803 2851 4855 Οὐ
2902 4802 3028 4874 χρὴ,
3074 4799 3296 4869 ἀδελφοί
3339 4814 3463 4869 μου,
3495 4796 3671 4849 ταῦτα
3702 4789 3833 4844 οὕτω
3904 4858 3905 4869 1

552 4889 824 4962 Sicneque
837 4892 977 4948 idem
995 4892 1114 4949 fons
1129 4895 1324 4949 salsam
1340 4904 1390 4949 et
1410 4895 1623 4951 dulcem
1644 4911 1841 4966 aquam
1863 4900 2023 4953 edere
2038 4898 2100 4952 ”.
2116 4918 2134 4950 ι

2251 4896 2517 4967 γίνεσθαι.
2551 4897 2757 4967 Μήτιή
2795 4898 2948 4968 πηγὴ
2992 4897 3057 4949 ὲκ
3100 4893 3198 4965 τῆς
3234 4892 3405 4962 αὐτῆς
3429 4888 3570 4958 ὀπῆς
3606 4884 3758 4957 βρύει
3780 4879 3833 4932 τὸ
3902 4896 3903 4937 l

549 4981 722 5050 γλυκὺ
771 4984 865 5037 καὶ
892 4984 954 5037 τὸ
981 4985 1211 5054 πικρόν;
1276 4987 1369 5057 Μὴ
1422 4986 1665 5051 δύναται,
1709 4979 1928 5057 ἀδελφοί
1978 5007 2103 5059 μου,
2147 4991 2285 5059 συκῆ
2340 4989 2524 5051 ἐλαίας
2577 4990 2836 5059 ποιήσαις
2886 4987 2919 5060 ἢ
2969 4986 3214 5057 ἄμπελος
3273 4985 3449 5047 σῦκα;
3487 4979 3678 5041 Οὕτως
3722 4970 3831 5029 οὐδὲ

550 5072 747 5129 ἁλυκὸν
783 5075 955 5144 γλυκὺ
992 5075 1217 5146 ποιῆσαι
1247 5075 1409 5148 ὕδωρ.
1446 5097 1463 5127 ι
3896 5128 3897 5131 η

623 5168 784 5225 Vens.
810 5168 866 5232 6,
906 5168 962 5222 7.
995 5168 1061 5221 Et
1080 5169 1271 5223 missus
1306 5172 1460 5223 estad
1482 5188 1562 5225 me
1586 5189 1721 5226 unus
1738 5190 1803 5226 ea:
1827 5172 2101 5244 Seraphim
2120 5219 2132 5237 ,

2318 5168 2429 5223 Καὶ
2457 5166 2773 5234 ἀπεστάλη
2824 5165 2976 5233 πρὸς
3008 5165 3088 5234 μὲ
3116 5163 3186 5217 ἓν
3220 5161 3339 5215 τῶν
3378 5160 3692 5229 Σεραφεὶμ,
3741 5152 3829 5208 καί
3894 5196 3895 5201 η

546 5268 594 5310 et
640 5261 695 5312 in
733 5274 896 5312 manu
942 5257 1164 5313 habebat
1187 5260 1497 5326 carbonem,
1523 5280 1674 5333 quem
1707 5265 1907 5332 forcipe
1937 5269 2136 5332 accepit

2248 5264 2316 5312 ἐν
2341 5260 2417 5330 τῇ
2448 5261 2597 5329 χειρὶ
2638 5255 2805 5329 εἶχεν
2835 5258 3136 5326 ἄνθρακα,
3171 5254 3244 5309 ὃν
3283 5251 3358 5323 τῇ
3387 5253 3589 5307 λαϐίδι
3624 5251 3831 5306 ἔλαϐεν
3892 5270 3893 5273 η

548 5349 612 5402 ab
652 5350 835 5412 altari,
891 5360 938 5403 et
1004 5352 1172 5422 tetigit
1215 5370 1271 5406 os
1309 5369 1499 5419 meum,
1545 5368 1593 5410 et
1633 5358 1809 5411 dixit:
1843 5357 1974 5413 Ecce
2010 5362 2129 5414 teli-

2248 5354 2364 5410 [ἱπό
2392 5353 2501 5408 τοῦ
2537 5352 2998 5420 θυσιαστηρίου.
3034 5349 3142 5404 Kal
3176 5347 3377 5417 ἥψατο
3403 5342 3512 5401 τοῦ
3535 5340 3828 5413 στόματός

548 5442 625 5510 git
654 5443 751 5493 hoc
779 5441 921 5495 labia
960 5450 1076 5508 tua,
1118 5453 1166 5497 et
1190 5445 1383 5498 adiuret
1425 5447 1723 5519 iniquitates
1758 5458 1898 5514 (itas,
1933 5461 1979 5505 et
2017 5467 2125 5520 pec-

2248 5452 2378 5517 μου.
2422 5446 2522 5501 καὶ
2547 5443 2748 5501 εἶπεν·
2783 5443 2940 5500 Ἰδοὺ
2971 5443 3174 5512 ἥψατο
3213 5440 3391 5495 τοῦτο
3424 5438 3546 5493 τῶν
3586 5432 3828 5507 χειλέων
3886 5464 3887 5473 η

548 5542 668 5585 tata
704 5542 794 5587 tua
842 5534 1167 5590 emundabil.

2248 5557 2383 5603 σου,
2426 5540 2525 5593 καὶ
2563 5537 2781 5607 ἀφελεῖ
2804 5537 2907 5603 τὰς
2933 5536 3189 5605 ἀνομίας
3222 5549 3362 5598 σου,
3395 5528 3629 5594 καὶτὰς
3653 5527 3825 5597 ἁμαρ·
3884 5536 3885 5539 ‘

2247 5633 2379 5698 τίίις
2405 5646 2523 5686 σου
2564 5628 2993 5699 περικαθαριεῖ.

618 5708 847 5767 Dlvinus
898 5712 1096 5770 Paulus
1130 5717 1321 5771 scribit
1356 5719 1422 5773 de
1446 5719 1649 5776 sanctis
1678 5722 1907 5792 angelis,
1937 5737 2133 5779 omnes

2328 5726 2387 5777 Ὀ
2437 5723 2728 5787 θεσπέσιος
2770 5722 2971 5793 γράφει
3035 5719 3250 5785 Παῦλος
3312 5718 3443 5791 περὶ
3498 5714 3609 5769 τῶν
3666 5708 3825 5781 ἁγίων

624 5866 670 5899 ¹¹
699 5867 840 5927 Psal.
879 5887 1001 5934 ειν,
1054 5875 1137 5929 ll:
1215 5876 1260 5908 ’³
1287 5873 1405 5933 Jac.
1436 5893 1518 5940 tu,
1544 5880 1596 5935 9.
