4016 6494
266 352 366 410 ιει

1421 356 1491 414 ΙΝ
1531 355 1765 414 ιεΑιΔΜ
1804 354 1936 411 LIB.
1978 353 2020 409 1.
2057 354 2265 412 ORAT.
2309 354 2402 415 iV.
2480 394 2483 395 ν

3476 366 3581 421 illi

257 465 566 539 ἀγγέλων,
608 466 694 520 ὅτι
751 467 957 535 πάντες
1000 469 1110 526 εἰσί¹
1157 472 1509 546 λειτουργικὰ
1562 473 1853 545 πνεύματα

1980 484 2101 527 esse
2138 473 2486 530 administros
2523 473 2781 544 spiritus,
2815 476 2889 531 ad
2941 475 3305 533 ministerium
3349 478 3581 550 delega-

259 562 343 622 ιίς
394 556 694 612 διακονίαν
741 559 1191 635 ἀποστελλόμενα
1241 565 1330 619 διὰ
1386 568 1513 631 τοὺς
1578 566 1871 639 μέλλοντας

258 650 635 722 κληρονομεῖν
698 652 1000 724 σωτηρίαν.
1059 656 1170 711 Καὶ
1217 658 1278 712 τὸ
1323 659 1516 730 χρῆμά
1565 659 1715 714 ἐστιν
1772 658 1874 713 οὐκ

256 741 611 814 ἀσυμφανὲς.
640 743 834 798 Πάντα
870 746 970 816 μὲν
1008 747 1119 821 γὰρ
1146 749 1206 802 ὲν
1246 750 1438 823 κόσμῳ
1478 751 1546 806 τά
1572 753 1724 824 παρὰ
1752 754 1874 816 ταῖς

263 835 378 890 ἀνω
397 834 673 904 δυνάμεσι
698 837 795 891 καὶ
823 840 991 911 τιμῆς
1012 841 1130 913 ἦτοι
1161 841 1508 915 λειτουργίας
1536 843 1715 917 μέτρα
1740 846 1872 916 παρ’

275 927 481 990 αὐταῖς,
510 926 614 981 καὶ
640 928 764 1001 ὅροι
790 929 1062 986 τέθεινται
1093 932 1193 1005 τῆς
1222 935 1457 989 ἑκάστου
1488 935 1676 1007 δόξης,
1720 935 1873 1007 παρά

278 1035 335 1087 γε
362 1017 452 1072 τοῦ
473 1020 663 1074 πάντα
696 1020 843 1076 κατά
864 1022 926 1077 τὸ
946 1024 1095 1094 αὐτῷ
1113 1025 1303 1082 δοκοῦν
1335 1027 1688 1100 διανέμοντος
1707 1028 1869 1082 Θεοῦ.

277 1111 407 1183 Πλὴν
438 1106 525 1176 εἷς
565 1113 659 1183 ἐφ’
704 1113 916 1170 ἅπασιν
948 1118 978 1170 6
1014 1117 1203 1188 ζυγὸς,
1252 1120 1349 1175 καὶ
1379 1121 1716 1193 ὑπηρετοῦσι
1748 1122 1872 1174 νεύ-

272 1219 395 1272 μασι
421 1206 545 1268 τοῖς
562 1207 952 1273 Δεσποτικοῖς,
979 1210 1082 1263 οὐκ
1109 1209 1450 1277 ἀπαξιοῦντα
1471 1213 1572 1282 τὴν
1595 1212 1867 1278 δουλείαν,

258 1294 372 1349 ἀλλ’
404 1297 468 1349 ὲν
502 1298 887 1371 μοίρατιμῆς
921 1302 1020 1355 καὶ
1049 1300 1214 1375 δόξης
1253 1304 1722 1377 καταλογιζόμενά
1773 1323 1870 1361 που

262 1387 315 1440 τὸ
343 1389 406 1441 ἐν
432 1389 663 1454 τούτοις
707 1394 957 1463 γνήσιον.
1007 1395 1542 1468 Προαναμορφοῦται
1585 1397 1766 1453 τοίνυν
1812 1400 1872 1452 ὲν

253 1480 565 1552 ὀφθαλμοῖς
607 1482 709 1537 τοῦ
748 1486 1029 1557 προφήτου
1060 1486 1121 1539 τὸ
1157 1488 1396 1559 Χριστοῦ
1435 1491 1756 1564 μυστήριον,
1782 1492 1873 1549 διὰ

252 1572 360 1625 τῶν
412 1575 880 1647 ἀνωιδυνάμεων
921 1574 984 1634 εὖ
1033 1579 1181 1650 μάλα
1209 1580 1652 1654 διακονούμενον.
1708 1584 1871 1638 Ἀπο·

254 1662 543 1719 στέλλεται
577 1665 716 1735 γοῦν
746 1667 807 1723 ἓν
834 1668 944 1724 τῶν
971 1671 1254 1746 Σεραφεὶμ
1273 1673 1522 1747 ἄνθρακα
1540 1674 1688 1747 ἔχον,
1717 1677 1778 1731 ὃν
1799 1680 1865 1750 τῇ

248 1752 431 1807 λαὸίδι
476 1755 686 1810 ἐλαϐεν
713 1757 825 1813 ἀπὸ
852 1759 947 1815 τοῦ
983 1760 1396 1835 θυσιαστηρίου.
1430 1768 1541 1821 Καὶ
1570 1768 1730 1824 τοῦτο
1753 1767 1863 1841 ἄρα

248 1842 315 1916 ἦν
358 1847 618 1920 Χριστοῦ
654 1849 952 1923 σύμϐολον,
994 1852 1055 1921 ὃς
1086 1853 1155 1908 δι’
1199 1858 1367 1927 ἡμᾶς,
1410 1861 1504 1912 καὶ
1532 1858 1675 1932 ὑπὲρ
1703 1860 1862 1933 ἡμῶν

242 1938 674 2008 προσεκόμισεν
701 1939 899 1996 ἑαυτὸν
928 1940 1008 2014 τῷ
1037 1941 1157 2016 Θεῷ
1192 1942 1290 1999 καὶ
1325 1948 1525 2020 Πατρὶ,
1551 1953 1633 2015 εἰς
1667 1950 1861 2006 θυσίαν

240 2033 649 2102 πνευματικὴν
687 2033 944 2107 καθαρὰν
974 2037 1069 2091 καὶ
1109 2037 1383 2112 ἀϐέὸηλον
1417 2044 1514 2096 καὶ
1560 2046 1643 2107 εἰς
1688 2044 1865 2117 ὀσμὴν

236 2123 514 2189 εὐωδίας.
548 2124 744 2201 Ταύτῃ
767 2144 853 2182 τοι
880 2128 978 2183 καὶ
1009 2129 1159 2203 μάλα
1184 2131 1415 2198 εἰκότως
1442 2136 1508 2190 ὲκ
1539 2136 1636 2190 τοῦ
1676 2138 1866 2193 θυσια-

238 2216 485 2288 στηρίου
512 2218 881 2290 λαμϐάνεται.
915 2222 1327 2295 Παρεικάζεταί
1349 2243 1414 2295 γε
1448 2228 1558 2299 μὴν
1605 2229 1859 2302 ἄνθρακι·

236 2305 339 2357 καὶ
373 2304 471 2361 διὰ
498 2306 669 2362 ποίαν
697 2311 886 2365 αἰτίαν
916 2313 1096 2382 εἰπεῖν
1123 2315 1620 2386 ἀναγκαῖον.Ἔθος
1646 2322 1711 2393 τῇ
1742 2320 1862 2375 θεο-

240 2396 513 2469 -ινεύστῳ
538 2399 738 2474 Γραφῇ
780 2405 921 2475 πυρὶ
961 2404 1064 2479 τὴν
1094 2407 1248 2464 θείαν
1281 2412 1643 2483 παρεικάζειν
1673 2415 1858 2483 φύσιν.

249 2491 438 2562 Ὠφθη
485 2492 603 2568 γὰρ
633 2493 783 2550 οὕτω
818 2496 901 2569 τῷ
952 2501 1216 2574 μακαρίῳ
1268 2503 1489 2576 Ἰσραὴλ
1532 2505 1593 2561 ὲν
1631 2507 1711 2579 τῷ
1743 2507 1861 2581 ὁρει

235 2583 473 2658 Χωρὴμ
500 2587 625 2659 ἦτοι
655 2590 788 2645 Σινᾶ
808 2594 877 2663 τῇ
903 2593 1092 2668 ἡμέρᾳ
1106 2595 1207 2668 τῆς
1227 2596 1551 2670 ἐκκλησίας.
1582 2599 1743 2656 Οὕτω
1764 2604 1861 2658 καὶ

232 2678 402 2751 αὐτῷ
422 2679 509 2752 τῷ
533 2683 796 2756 μακαρίῳ
827 2687 1002 2760 Μωσῇ
1027 2690 1381 2760 ποιμαίνοντι
1420 2694 1566 2749 κατά
1601 2694 1703 2768 τὴν
1727 2695 1858 2769 ἐρη-

238 2789 371 2843 μον,
407 2775 471 2829 ὲν
500 2774 636 2830 εῖδει
660 2778 835 2848 πυρὸς
860 2779 921 2834 ὲν
946 2780 1025 2853 τῷ
1059 2781 1210 2855 βάτῳ
1235 2784 1381 2840 κατά
1414 2788 1666 2860 καιροὺς,
1697 2789 1859 2862 ὤφθη

232 2884 302 2921 τε
331 2869 433 2924 καὶ
466 2870 825 2941 προσελάλει.
853 2874 1069 2948 Ὠσπερ
1109 2873 1205 2931 οὖν
1242 2880 1273 2932 ὁ
1311 2877 1518 2951 ἄνθραξ
1550 2880 1710 2946 ξύλον
1737 2884 1859 2937 ἐστὶ

234 2963 309 3032 τῇ
340 2960 537 3031 φύσει,
567 2962 712 3032 πλὴν
742 2966 866 3031 ὅλος
886 2966 956 3021 δι’
984 2968 1111 3023 ὅλου
1144 2968 1498 3042 μεμέστωται
1532 2973 1629 3028 τοῦ
1658 2975 1855 3047 πυρὸς,

230 3054 336 3106 καὶ
359 3054 468 3126 τὴν
491 3055 666 3112 αὑτοῦ
695 3056 932 3131 δύναμίν
971 3076 1032 3116 τε
1076 3062 1173 3118 καὶ
1210 3064 1498 3136 ἐνέργειαν
1529 3066 1674 3140 ἔχει’
1712 3070 1856 3127 κατά

235 3142 456 3210 τοῦτον,
483 3142 679 3219 οἶμαι,
715 3149 923 3229 τρόπον
956 3153 1116 3207 νοοίτ’
1144 3152 1213 3211 ἂν
1242 3154 1470 3222 εἰκὸτως
1508 3159 1604 3213 καὶ
1633 3159 1798 3224 αὐτὸς
1820 3162 1851 3215 ὁ
1883 3178 1925 3236 (ς

235 3235 451 3310 Κύριος
480 3239 648 3311 ἡμῶν
683 3241 895 3315 Ἰησοῦς
924 3246 953 3298 6
972 3245 1211 3316 Χριστός
1232 3264 1246 3279 ο
1282 3265 1304 3299 r
1333 3248 1539 3317 Γέγονε
1565 3250 1677 3324 γὰρ
1712 3252 1852 3325 σὰρξ

228 3329 267 3381 6
305 3328 515 3399 Λόγος,
548 3331 651 3385 καὶ
688 3333 1007 3405 ἐσκήνωσεν
1035 3338 1095 3391 ὲν
1119 3338 1275 3409 ἡμῖν.
1319 3358 1340 3393 ι
1388 3341 1529 3394 Ἀλλ’
1565 3345 1614 3396 εἰ
1644 3343 1739 3397 καὶ
1782 3340 1856 3417 ἦν

234 3421 364 3475 καθ’
406 3424 567 3495 ἡμᾶς
607 3424 895 3497 ὁρώμενος
940 3427 1231 3501 ἄνθρωπος
1277 3433 1681 3504 οἰκονομικῶς,
1737 3436 1852 3496 ἀλλ’

231 3508 330 3567 οὖν
372 3514 536 3570 ἅπαν
562 3515 629 3571 τὸ
664 3517 767 3587 τῆς
814 3517 1071 3591 θεότητος
1103 3512 1384 3595 πλίήρωμα
1427 3526 1756 3600 κατῴκησεν
1793 3531 1853 3583 ἐν

231 3607 386 3679 αὐτῷ
410 3651 425 3676 ,
484 3610 636 3666 κατά
681 3611 750 3679 γέ
807 3628 956 3683 φημι
1006 3614 1099 3669 τὸν
1157 3617 1257 3687 τῆς
1318 3617 1573 3685 ὲνὼσεως
1623 3621 1848 3694 τρόπον.

234 3700 521 3773 Ταύτῃτοι
559 3702 659 3757 καὶ
689 3702 782 3759 διὰ
817 3703 922 3776 τῆς
951 3704 1088 3772 ἰδίας
1112 3710 1318 3780 σαρκὸς
1367 3710 1853 3784 θεοπρεπεστάτας

226 3794 375 3866 ἔχων
400 3797 607 3869 ὁρᾶται
635 3796 739 3861 τὰς
766 3798 1073 3870 ἐνεργείας.
1100 3800 1321 3871 Ἥψατο
1345 3801 1479 3873 γοῦν
1521 3805 1622 3877 τῆς
1661 3807 1847 3881 σοροῦ,

229 3890 330 3943 καὶ
363 3891 649 3963 ἀνέστησε
689 3891 784 3946 τὸν
803 3892 1078 3948 τεθνεῶτα
1105 3895 1207 3966 τῆς
1229 3896 1408 3967 χήρας
1434 3897 1571 3952 υίὸν.
1595 3899 1709 3953 Καὶ
1740 3900 1849 3971 μὴν

228 3984 329 4037 καὶ
356 3982 581 4049 πτύσας
610 3982 846 4038 ἐνετίθει
864 3986 1091 4055 τυφλοῖς
1115 3986 1179 4043 τὺ
1205 3987 1450 4059 βλέπειν,
1483 3991 1644 4065 πηλῷ
1674 4011 1847 4049 κατα-

228 4075 412 4147 χρίων
457 4075 593 4141 τοὺς
642 4075 984 4149 ὀφθαλμούς.
1031 4079 1303 4153 ’Δνθρακι
1348 4082 1413 4155 δὴ
1462 4079 1556 4139 οὖν
1590 4080 1651 4141 εὖ
1699 4087 1848 4158 μάλα

227 4168 657 4240 παρεικαστέον
684 4169 1168 4243 τὸνἘμμανουὴλ,
1190 4172 1251 4238 ὃς
1278 4174 1328 4228 εἰ
1359 4176 1457 4230 καὶ
1482 4176 1699 4246 γένοιτό
1729 4197 1850 4244 πως

218 4263 289 4317 ὲν
322 4264 447 4326 τοῖς
484 4263 784 4335 ἡμετέροις
832 4263 1089 4336 χείλεσιν,
1120 4266 1324 4339 ιπάντη
1361 4285 1421 4321 τε
1478 4270 1574 4325 καὶ
1627 4272 1848 4337 πάντως

227 4359 472 4430 ἀφαιρεῖ
516 4358 619 4422 τὰς
661 4359 962 4431 ἁμαρτίας,
1016 4362 1112 4415 καὶ
1163 4362 1556 4435 περικαθαριεῖ
1586 4366 1687 4429 τὰς
1720 4366 1846 4420 ἀνο-

226 4452 386 4521 μίας.
436 4444 579 4504 Εἶτα
622 4449 744 4514 πῶς
784 4452 844 4505 ὲν
870 4453 986 4516 τοῖς
1027 4446 1337 4525 ἡμετέροις
1362 4453 1602 4525 χείλεσιν
1653 4456 1840 4524 ἐσται;

232 4546 409 4598 Ὅταν
450 4543 559 4613 τὴν
604 4543 790 4597 πίστιν
820 4543 1179 4617 ὁμολογῶμεν
1205 4545 1306 4618 τὴν
1344 4548 1427 4609 εἰς
1453 4547 1638 4601 αὐτόν.
1682 4547 1842 4605 Οὕτω
1876 4528 1920 4581 θ

226 4633 327 4686 καὶ
368 4634 402 4685 6
456 4629 752 4695 θεσπέσιος
796 4632 1002 4705 γράφει
1054 4624 1352 4699 Παῦλος”‹
1398 4637 1596 4706 Ἐγγύς
1639 4655 1734 4693 σου
1781 4641 1844 4694 τὺ

220 4725 391 4796 ῥῆμά
428 4725 604 4791 ἔστιν,
648 4724 708 4778 ἐν
751 4723 830 4796 τῷ
861 4725 1092 4797 στόματί
1130 4744 1248 4792 σου,
1300 4728 1397 4781 καὶ
1440 4730 1596 4802 ὲν¹τῇ
1638 4731 1840 4810 καρδίᾳ

223 4834 352 4872 σου·
403 4815 565 4871 τοῦτ’
596 4815 719 4873 ἔστι
760 4818 824 4872 τὸ
865 4818 1018 4890 ῥῆμα
1049 4818 1153 4890 τῆς
1181 4818 1442 4885 πίστεως,
1491 4820 1520 4874 ὃ
1567 4821 1844 4895 κηρύσσο-

222 4925 356 4980 μεν.
412 4909 545 4965 Ὅτι
581 4908 682 4963 ἐὰν
718 4909 1074 4982 ὁμολογήσῃς
1134 4912 1195 4964 ὲν
1241 4911 1321 4982 τῷ
1370 4912 1602 4983 στόματί
1637 4930 1732 4967 σου
1761 4916 1841 4968 ὅτι

220 5002 447 5076 Κύριος
502 5001 741 5074 Ἰησοῦς,
788 5004 884 5060 καὶ
914 5003 1221 5078 πιστεύσῃς
1255 5004 1316 5060 ὲν
1348 5006 1415 5077 τῇ
1468 5006 1670 5079 καρδίᾳ
1720 5025 1841 5070 σου,

218 5096 309 5149 ὅτι
360 5097 394 5150 6
446 5093 587 5157 Θεὸς
642 5095 809 5149 αὐτὸν
865 5096 1089 5168 ἤγειρεν
1153 5097 1221 5150 ἐκ
1266 5096 1514 5170 νεκρῶν,
1578 5100 1838 5175 σωθήσῃσ

223 5186 441 5261 καρδίᾳ
488 5187 603 5259 γὰρ
660 5188 981 5246 πιστεύεται
1040 5190 1123 5256 εἰς
1187 5190 1576 5264 δικαιοσύνην,
1610 5194 1840 5267 στόματι

218 5282 283 5336 δὲ
310 5276 681 5352 ὁμολογεῖται
705 5282 788 5346 εἰς
823 5281 1121 5355 σωτηρίαν.
1163 5302 1182 5336 ι
1213 5283 1396 5338 Ἔστω
1424 5283 1607 5338 τοίνυν
1636 5287 1695 5339 ὲν
1724 5287 1840 5350 τοῖς

218 5378 472 5451 χείλεσιν
506 5375 670 5450 ἡμῶν
693 5374 726 5429 ὀ
763 5375 907 5440 θεῖος
953 5375 1182 5449 ἄνθραξ,
1222 5376 1252 5430 6
1286 5375 1377 5431 τὸν
1424 5378 1490 5432 ὲκ
1526 5378 1627 5450 τῆς
1659 5379 1842 5452 ἀμαρ-

216 5472 351 5536 τίας
400 5468 777 5540 καταφλέγων
804 5467 1093 5540 συρφετὸν,
1126 5469 1224 5523 καὶ
1250 5468 1344 5522 τὸν
1385 5471 1448 5524 ἐκ
1480 5469 1583 5540 τῆς
1606 5471 1840 5543 ἀνομίας

213 5565 491 5639 ἑγτήκων
560 5560 737 5635 ῥύπον
756 5601 777 5626 ,
824 5560 921 5615 καὶ
967 5559 1190 5626 ζέοντας
1234 5560 1384 5631 ἡμᾶς
1432 5558 1713 5615 ἀποτελῶν
1763 5561 1842 5632 τῷ

218 5657 538 5731 πνεύματι.
569 5655 637 5711 Εἰ
673 5654 737 5712 δὲ
763 5654 833 5726 δὴ
878 5653 1091 5724 λέγοιτο
1125 5656 1191 5727 τῇ
1225 5654 1399 5710 λαὸίδι
1439 5653 1838 5725 λαμϐάνεσθαι,

1981 571 2065 618 tos
2109 575 2332 635 propter
2381 578 2476 621 eos
2508 565 2602 635 qui
2654 566 3030 623 increditatem
3069 567 3264 624 salutis
3294 573 3570 638 accepturi

1975 664 2101 711 sunt
2123 656 2190 710 ⁸⁵.
2224 656 2378 725 Quod
2404 671 2512 711 non
2548 667 2631 713 est
2669 657 3202 729 obscurum.,(_)mnia
3232 676 3468 731 namque
3502 664 3571 716 ab

1977 748 2082 805 illis
2119 752 2388 821 supremis
2424 752 2777 821 potestatibus
2820 763 3012 810 ornate
3043 754 3433 825 splendideque
3476 757 3580 809 atl‘

1981 840 2382 910 tninistrantnr,
2418 851 2473 897 et
2516 843 2740 899 honoris
2767 884 2782 908 ,
2835 853 2888 899 et
2925 845 3421 902 administrationis
3460 857 3576 902 ter-

1979 933 2111 989 mini
2170 933 2419 1005 finesqne
2489 934 2676 1006 gloria:
2746 937 2943 1005 cuique
3010 946 3138 992 sunt
3193 926 3477 992 constituti
3541 951 3573 989 a

1981 1025 2115 1092 Deo,
2157 1025 2250 1097 qui
2288 1027 2469 1082 omnia
2521 1041 2619 1098 pro
2657 1027 2924 1083 arbitratu
2968 1041 3069 1083 suo
3124 1026 3424 1097 dispensat.
3476 1028 3573 1081 At-

1976 1117 2069 1188 qui
2109 1117 2251 1174 idem
2293 1119 2445 1190 quasi
2473 1118 2663 1190 jngnm
2692 1129 2777 1175 est
2810 1118 3067 1175 omnibus
3111 1118 3319 1174 sanctis
3356 1118 3569 1188 spiriti-
3600 1151 3610 1159 -

1975 1208 2099 1275 bus,
2127 1218 2183 1264 et
2221 1208 2436 1265 Domini
2465 1212 2615 1266 nutui
2647 1211 2914 1277 serviunt,
2968 1225 3071 1264 non
3119 1210 3396 1281 indignam
3424 1226 3559 1266 cen-

1975 1309 2161 1357 sentes
2185 1301 2530 1368 servitutem,
2578 1303 2673 1359 sed
2706 1302 2895 1358 honori
2933 1297 3192 1372 landiqtie
3227 1304 3490 1358 ducentes
3517 1302 3569 1357 id

1975 1402 2232 1463 prompto
2289 1408 2353 1449 ac
2415 1393 2625 1450 liberali
2686 1395 2869 1451 animo
2920 1392 3125 1451 facere.
3182 1392 3571 1465 Prmﬁguratnr

1974 1483 2141 1553 igitur
2168 1483 2241 1541 ob
2269 1485 2456 1541 oculos
2502 1487 2778 1557 prophetae
2845 1485 3166 1558 mysterium
3205 1484 3433 1551 Christi,
3473 1498 3572 1555 per

1972 1590 2202 1645 superas
2243 1585 2545 1648 potestates
2586 1578 2789 1648 optime
2835 1576 3296 1634 administratum.
3336 1574 3571 1633 Mittitur

1972 1666 2158 1738 itaque
2203 1682 2235 1725 e
2269 1668 2554 1739 Serapbim
2606 1684 2770 1734 unus,
2818 1670 3112 1727 carbonem
3144 1667 3373 1734 habens,
3404 1683 3569 1740 quem

1973 1756 2045 1815 de
2077 1773 2170 1815 ara
2204 1760 2436 1833 sumpsit
2475 1759 2702 1831 forcipe.
2746 1758 2874 1818 Haec
2912 1761 3131 1816 demum
3184 1769 3305 1817 erat
3358 1761 3567 1819 Christi

1896 1826 1947 1887 Β
1973 1849 2299 1921 signiﬁcatio
2328 1826 2397 1907 et
2455 1826 2890 1923 repraesentatio,
2933 1853 3025 1924 qui
3052 1865 3277 1925 propter
3328 1869 3429 1911 nos
3499 1870 3565 1909 ac

1967 1951 2154 1999 nt-stra
2188 1957 2351 1998 causa
2382 1942 2622 2014 seipsnm
2664 1942 2719 1999 in
2766 1942 3098 2001 sacriﬁcium
3130 1943 3435 2016 spirituale,
3462 1959 3565 2013 pn-

1970 2050 2089 2090 rum
2125 2049 2192 2091 ac
2226 2034 2597 2107 impollutum,
2624 2033 2847 2102 obtulit,
2897 2035 2951 2090 in
2985 2035 3215 2092 odorem
3242 2037 3426 2093 suavis
3448 2036 3563 2091 fra-

1964 2127 2211 2199 grantiae.
2266 2128 2455 2197 Itaque
2511 2143 2622 2184 non
2675 2128 2774 2184 abs
2836 2142 2898 2185 re
2948 2128 3017 2184 de
3068 2127 3226 2184 altari
3274 2128 3560 2200 accipitur.

1965 2218 2137 2287 Quam
2165 2229 2345 2276 autem
2376 2220 2448 2277 ob
2475 2234 2695 2278 causam
2730 2220 3062 2277 assimiletur
3110 2235 3299 2291 pruna:
3320 2261 3338 2290 ,
3370 2221 3560 2276 dicen-

1967 2313 2094 2367 dum
2146 2321 2231 2367 est
2282 2312 2619 2369 necessario.
2660 2309 2960 2367 Familiare
2993 2321 3079 2368 est
3106 2311 3403 2381 Scriptura:
3425 2311 3563 2366 divi-

1965 2405 2110 2460 nitus
2150 2403 2424 2474 inspirata:
2473 2388 2713 2460 divinam
2779 2411 3030 2461 naturam
3060 2404 3169 2476 igni
3200 2418 3549 2474 comparare.

1966 2497 2056 2554 Sic
2102 2498 2249 2552 enim
2296 2497 2552 2568 apparuit
2592 2496 2781 2554 lsraeli
2833 2497 2888 2553 in
2957 2506 3139 2553 monte
3188 2496 3405 2553 Cboreb
3464 2511 3561 2551 seu

1966 2589 2120 2657 Sina,
2151 2591 2206 2646 in
2269 2591 2358 2647 die
2390 2592 2851 2664 congregationis.
2916 2589 3010 2647 Sic
3054 2589 3222 2647 etiam
3252 2589 3355 2660 ipsi
3398 2588 3563 2646 beato

1963 2681 2095 2740 Mosi
2115 2683 2364 2753 pascenti
2394 2683 2448 2739 in
2472 2683 2711 2751 deserto,
2736 2684 2919 2755 specie
2960 2682 3103 2754 ignis
3146 2682 3278 2738 olim
3329 2683 3381 2737 in
3417 2685 3555 2738 rubo

1961 2784 2288 2847 conspectus
2344 2784 2451 2844 est,
2505 2784 2563 2833 et
2606 2775 3035 2847 colloqnebatnr.
3090 2773 3562 2842 Quemadmodum

1963 2866 2130 2939 igitur
2156 2868 2323 2923 carbo
2362 2867 2568 2939 lignum
2608 2869 2828 2940 quidem
2851 2876 3044 2924 natura
3067 2874 3174 2934 est,
3193 2881 3381 2922 verum
3415 2877 3567 2922 tctus

1960 2959 2106 3016 omni
2137 2974 2204 3016 ex
2244 2968 2398 3031 parte
2425 2961 2535 3032 igni
2558 2960 2754 3040 plenus
2794 2969 2901 3027 est,
2941 2958 3166 3030 ejusque
3195 2960 3306 3016 vim
3343 2968 3399 3015 et
3432 2958 3558 3015 effi-

1961 3053 2249 3110 cacitatem
2315 3054 2521 3110 habet:
2557 3057 2627 3111 ad
2684 3056 2962 3122 eumdem,
3023 3063 3174 3126 puto,
3228 3053 3450 3109 modum
3497 3060 3555 3108 et

1963 3148 2077 3217 ipse
2097 3146 2362 3204 Dominus
2401 3155 2585 3204 noster
2632 3144 2795 3204 Iesus
2837 3145 3090 3203 Christus
3138 3144 3339 3202 merito
3372 3154 3557 3217 potest

1962 3238 2233 3311 intelligi:
2283 3238 2458 3297 «Caro
2478 3240 2626 3296 enim
2656 3237 2898 3301 Verbum
2950 3238 3150 3296 factum
3180 3251 3283 3308 est,
3338 3251 3396 3296 et.
3446 3240 3547 3295 ba-

1958 3331 2150 3386 hitarit
2185 3331 2237 3387 in
2256 3331 2532 3389 nobis’m
2567 3332 2769 3389 Verum
2805 3333 3056 3402 quamvis
3077 3342 3225 3390 esset
3251 3333 3415 3389 homo
3448 3348 3546 3387 no-

1959 3424 2040 3478 bis
2096 3422 2290 3478 similis
2350 3423 2563 3480 ratione
2619 3424 3063 3496 dispensationis,
3128 3422 3309 3478 ta'men
3371 3423 3555 3481 Omnis

1957 3517 2235 3586 plenitudo
2261 3516 2561 3574 divinitatis
2588 3519 2643 3574 in
2666 3532 2740 3576 eo
2763 3517 3049 3586 habitavit,
3105 3520 3267 3575 modo
3328 3517 3561 3589 inquam

1958 3607 2197 3664 nnionis.
2241 3607 2381 3666 Hinc
2411 3618 2468 3666 et
2524 3611 2580 3666 in
2621 3624 2789 3666 carne
2815 3624 2912 3666 sna
2947 3609 3112 3681 108
3143 3610 3299 3680 plane
3326 3610 3551 3666 divinis-

1957 3700 2151 3756 simam
2202 3702 2465 3771 operandi
2533 3703 2791 3759 virtutem
2835 3704 3040 3759 habere
3069 3705 3340 3759 cernitur.
3380 3702 3567 3759 Tacta,

1956 3796 2223 3866 siquidem
2255 3796 2456 3865 loculo,
2500 3806 2774 3854 mortuum
2812 3797 2989 3854 viduae
3021 3796 3192 3853 (ilium
3222 3797 3545 3862 suscitavit;

1954 3898 2010 3945 et
2033 3905 2155 3945 cum
2203 3889 2517 3959 inspuisset,
2544 3888 2660 3946 luto
2687 3889 2929 3945 inunctis
2957 3880 3152 3955 oculis,
3179 3888 3339 3945 caecis
3368 3888 3547 3944 visum

1956 3982 2221 4038 restituit.
2269 3979 2601 4038 Rectissime
2635 3995 2767 4053 ergo
2820 3983 2908 4038 hic
2949 3981 3271 4038 Emmanuel
3322 3983 3550 4039 carboni

1953 4076 2356 4147 comparandus
2380 4083 2487 4141 est,
2547 4076 2639 4147 qui
2682 4075 2729 4131 si
2779 4076 2833 4132 in
2880 4077 3085 4132 nostris
3125 4076 3529 4146 quodammodo

1951 4169 2317 4233 labiis'fnerit.
2357 4169 2581 4226 omnino
2610 4178 2834 4239 peccata
2859 4167 3092 4234 auferet,
3122 4179 3177 4224 et
3208 4169 3533 4240 iniquitates

1950 4260 2303 4332 expurgahit.
2332 4260 2618 4328 Quomodo
2650 4268 2831 4315 autem
2878 4261 2932 4313 in
2986 4260 3143 4315 labiis
3169 4261 3367 4315 nostris
3399 4256 3551 4315 erit?

1950 4353 2165 4423 quando
2196 4352 2377 4418 fidem,
2401 4365 2523 4422 qua:
2543 4350 2596 4404 in
2625 4349 2801 4419 ipsum
2831 4360 2934 4413 est,
2974 4350 3211 4405 confessi
3243 4348 3538 4405 fuerimus.

1949 4446 2027 4503 ita
2051 4456 2107 4502 et
2138 4444 2355 4501 divinus
2400 4443 2602 4501 Paulus
2652 4442 2943 4519 :c,Prope
3009 4452 3061 4498 te
3124 4442 3347 4497 verbum
3406 4453 3527 4508 est,

1951 4541 2003 4595 in
2036 4552 2132 4595 ore
2188 4546 2302 4603 tuo,
2339 4547 2393 4594 et
2429 4537 2485 4592 in
2537 4536 2703 4593 corde
2765 4545 2880 4601 tuo;
2949 4538 3065 4591 hwc
3113 4545 3199 4590 eSt
3228 4534 3542 4606 praedicatio

1950 4632 2073 4688 fidei
2121 4646 2285 4704 quam
2335 4630 2717 4702 praedicamus.
2770 4630 2908 4700 Quia
2964 4630 3007 4685 si
3051 4627 3334 4685 confessus
3372 4627 3542 4687 fueris

1947 4739 2042 4781 ore
2080 4733 2173 4781 tuo
2210 4722 2500 4779 Dominum
2537 4720 2748 4791 Iesum,
2800 4731 2857 4779 et
2901 4714 3199 4778 credideris
3232 4722 3398 4778 corde
3448 4732 3543 4780 tuo

1946 4816 2594 4888 Denmexcitasseipsum
2618 4831 2651 4873 e
2697 4815 2948 4880 mortuis,
2975 4813 3283 4872 servaberis
3325 4831 3340 4869 :
3376 4814 3542 4875 corde

1947 4912 2092 4968 enim
2128 4912 2370 4969 creditur
2415 4912 2484 4967 ad
2530 4909 3004 4981 jnstilicationem,
3056 4924 3154 4966 ore
3191 4917 3371 4966 autem
3402 4923 3538 4966 con-

1951 5005 2116 5062 fessio
2156 5004 2216 5060 fit
2237 5005 2303 5062 ad
2337 5002 2568 5060 salutem
2599 5003 2645 5037 “
2672 5002 2739 5058 ".
2770 5022 2790 5057 ι
2827 5001 2910 5057 Sit
2936 5002 3119 5072 itaque
3147 5003 3201 5057 in
3253 5001 3412 5058 labiis
3446 5018 3559 5060 noo-

1949 5098 2083 5153 stris
2113 5095 2331 5153 divinus
2363 5097 2551 5159 carbo,
2603 5096 2696 5166 qni
2722 5095 2930 5164 peccati
2972 5094 3296 5167 quisquilias
3338 5095 3540 5159 exurit,

1950 5201 2006 5246 et
2031 5190 2336 5262 iniquitatis
2381 5189 2574 5246 sordes
2594 5188 2790 5259 liquat,
2818 5197 2875 5243 et
2898 5202 3000 5244 nos
3031 5189 3229 5260 spiritu
3260 5186 3542 5245 ferventes
3573 5253 3578 5262 _

1950 5281 2147 5339 reddit.
2170 5281 2325 5350 Quod
2351 5289 2533 5337 autem
2561 5280 2764 5338 dicitur
2798 5279 3008 5351 forcipe
3065 5280 3258 5353 accipi,
3315 5281 3539 5351 elegan-
3563 5270 3579 5365 ξ’

1948 5385 2030 5429 ter
2054 5373 2362 5446 intelliges;
2410 5375 2554 5446 quod
2606 5373 2764 5429 tidem
2821 5373 2876 5428 in
2907 5373 3025 5443 ipso
3057 5388 3122 5429 ac
3168 5372 3538 5445 cognitionem

1948 5466 2212 5540 legalibus
2267 5477 2323 5523 et
2368 5466 2703 5538 propheticis
2755 5469 3191 5525 institutionibus
3226 5468 3343 5523 sive
3389 5477 3534 5532 pra:-

1947 5559 2313 5625 dictionibus,
2380 5568 2639 5631 tanquam
2706 5561 2962 5632 quapiam
3012 5557 3219 5629 forcipe
3264 5555 3530 5625 capimus.

1950 5648 2103 5708 Unde
2141 5649 2343 5723 passim
2373 5649 2439 5707 ad
2477 5652 2764 5709 veritatem
2796 5652 3130 5723 probandam
3159 5688 3173 5716 ,
3220 5653 3553 5703 sanctorum:

300 5817 349 5849 “
391 5814 564 5872 llchr.
596 5829 639 5879 ι,
672 5812 756 5868 14.
840 5811 884 5845 ’⁵
914 5809 1071 5867 Joan.
1102 5826 1141 5879 t,
1180 5810 1269 5866 H.
1343 5811 1390 5844 “
1420 5808 1578 5870 Rom.
1613 5826 1690 5879 XI,
1718 5811 1778 5869 8.

1961 5810 2056 5869 ἠύ.
2090 5809 2173 5867 ἰθ.
