4016 6480
502 341 608 402 483

1492 327 1562 412 εἴ
1591 353 1864 412 CYRILILI
1902 353 2374 411 ALEXANDRINI
2412 356 2727 415 anesum

3663 361 3766 419 ιδι

507 464 868 528 apostolorum
910 464 1225 536 obsignatur
1259 485 1320 522 ac
1363 469 1716 525 confirmatur
1745 473 1938 526 oratio.
1999 471 2081 526 Ci-

2191 475 2442 543 συνήσεις
2469 475 2700 535 ἀστείως
2730 476 2814 528 ὅτι
2846 473 3026 526 πίστιν
3049 473 3148 544 τὴν
3169 474 3256 527 ἐπ’
3278 473 3449 544 αὐτῷ,
3465 475 3561 528 καὶ
3583 475 3767 545 μέντοι

510 553 634 604 tatis
661 555 802 607 enim
827 570 890 610 ex
923 556 1039 626 lege
1082 569 1136 612 et
1183 561 1458 629 prophetis
1489 563 1834 628 testimoniis,
1866 563 2069 616 audito-

509 640 657 697 ribus
684 644 844 699 Ildem
879 646 1080 702 faciunt
1110 668 1122 701 :
1159 652 1331 722 etipsi
1363 668 1580 724 quoque
1625 654 1912 708 carbonem
1952 668 2079 722 quo-

507 732 801 790 dammodo
837 751 1021 792 eorum
1071 740 1235 796 labris
1285 745 1594 810 admovent,
1641 751 1762 798 cuin
1825 744 1982 799 fidem
2027 746 2076 798 in

505 819 776 876 Christum
810 826 970 893 plane
1001 830 1429 902 simpliciterque
1454 844 1752 904 exponunt.

2173 564 2274 635 τὴν
2300 564 2523 633 γνῶσιν,
2557 564 2807 636 καθάπερ
2837 566 2945 618 τινὶ
2975 563 3154 618 λαὸίδι
3184 564 3469 636 δεχώμεθα
3499 566 3589 619 διὰ
3613 584 3768 635 νομι-

2186 655 2299 709 κῶν
2347 674 2405 708 τε
2454 656 2571 724 ἅμα
2628 655 2723 710 καὶ
2779 656 3137 728 προφητικῶν
3173 656 3588 725 παιδευμάτων,
3640 657 3763 726 ήτοι

2188 747 2658 817 προαγορεύσεων.
2697 746 2860 800 Ὅθεν
2893 748 2988 800 καὶ
3027 747 3055 798 6
3088 745 3196 799 τῶν
3226 746 3399 814 ἁγίων
3443 745 3766 798 ἀποστόλων

2189 839 2267 900 εἰς
2302 837 2557 907 ἀλήθειαν
2602 839 2847 908 πανταχῆ
2885 836 3392 909 κατασφραγίζεται
3435 836 3610 904 λόγος.
3655 836 3766 887 Κεο

504 914 767 1004 χ-ρημένοι
793 917 902 988 γὰρ
935 923 1055 983 ταῖς
1091 924 1154 974 ὲκ
1209 925 1372 994 νόμου
1419 929 1512 979 καὶ
1549 930 1840 1000 προφητῶν
1882 933 2231 1002 μαρτυρίαις,
2293 932 2642 985 ἀναπείθουσι
2683 935 2808 995 τοὺς
2877 932 3290 1004 ἀκροωμένους,
3325 933 3416 985 καὶ
3485 928 3771 1000 μονονουχὶ

503 1002 592 1056 τὸν
623 1006 870 1098 ἄνθρακα
907 1017 1242 1083 προσάγωσι
1273 1021 1366 1072 καὶ
1421 1023 1572 1075 αὐτοὶ
1630 1027 1741 1086 τοῖς
1791 1025 2023 1094 χείλεσιν
2087 1027 2288 1088 αὐτῶν,
2335 1029 2619 1096 ὁμολογεῖν
2662 1029 2761 1097 τὴν
2799 1029 2979 1080 πίστιν
3046 1029 3142 1098 τὴν
3190 1029 3268 1090 είς
3311 1028 3544 1097 Χριστὸν
3590 1041 3772 1093 παρα-

505 1097 877 1163 σκευάζοντες.

580 1185 739 1242 Vens.
770 1191 820 1245 8.
859 1193 926 1246 Et
971 1201 1146 1252 audivi
1171 1219 1341 1256 vocem
1370 1204 1578 1260 Domini
1603 1209 1820 1262 dicentis
1847 1226 1863 1261 :
1912 1209 2078 1273 Quem

505 1280 819 1336 mittam?et
853 1289 969 1356 quis
1006 1292 1368 1360 proﬁciscetur
1398 1299 1468 1350 ad
1497 1301 1744 1368 papulum
1770 1302 1975 1355 istum?
2014 1302 2078 1354 Et

505 1370 657 1424 dixi:
696 1373 831 1430 Ecce
854 1394 946 1447 ego
987 1398 1124 1449 sum,
1159 1387 1305 1440 mitte
1330 1405 1430 1442 me.

576 1554 865 1626 Postquam
922 1565 1198 1632 prophetae
1233 1567 1371 1622 labia
1409 1574 1574 1625 carbo
1615 1571 1812 1642 tetigit,
1849 1573 2075 1642 ejusque

505 1649 1061 1720 amovitiniquitates,
1120 1666 1245 1712 tunc
1277 1674 1465 1715 vocem
1520 1662 1732 1718 Domini
1775 1666 1945 1727 audit,
1983 1681 2080 1721 nec

503 1737 810 1794 extimescit
862 1743 1113 1814 amplius,
1170 1758 1224 1803 et
1279 1760 1417 1806 tacet
1473 1752 1604 1807 illud
1653 1772 1714 1809 ει
1749 1753 2078 1816 Omiserum

2263 1205 2368 1256 Καὶ
2424 1203 2663 1270 ἤκουσα
2725 1202 2830 1267 τῆς
2889 1201 3095 1270 φωνῆς
3157 1203 3378 1269 Κυρίου
3448 1204 3770 1272 λέγοντος·

2196 1300 2333 1350 Τίνα
2375 1296 2748 1358 ἀποστεί..ίω;
2801 1295 2900 1346 καὶ
2941 1295 3028 1358 τίς
3069 1295 3427 1362 πορεύσεται
3474 1297 3625 1364 πρὸς
3660 1299 3776 1350 τὸν

2184 1387 2337 1440 λαὸν
2380 1385 2635 1446 τοῦτον;
2679 1383 2788 1436 Καὶ
2840 1379 3011 1456 εἶπα·
3058 1383 3202 1437 Ἰδοὺ
3247 1383 3361 1453 ἐγώ
3404 1387 3520 1455 ειμι
3549 1391 3576 1413 ’“
3616 1387 3770 1441 ἀπό-

2185 1479 2431 1532 στειλόν
2455 1493 2550 1544 με.

2262 1570 2387 1622 ’Ὀτε
2419 1568 2528 1621 τῶν
2568 1567 2662 1620 τοῦ
2692 1571 2972 1638 προφήτου
3003 1566 3229 1637 χειλέων
3266 1571 3294 1620 6
3331 1567 3538 1638 ἄνθραξ
3567 1567 3770 1637 ἥψατο,

2189 1663 2282 1714 καὶ
2311 1661 2597 1732 ἀφῄρηκεν
2637 1659 2802 1712 αὑτοῦ
2836 1659 2936 1722 τὰς
2978 1643 3232 1722 ἀνομίας,
3267 1657 3396 1710 ’τότε
3439 1659 3532 1711 καὶ
3579 1658 3772 1711 ἀκούει
3844 1662 3852 1671 “

2187 1755 2284 1824 τῆς
2321 1753 2504 1822 φωνῆς
2542 1751 2771 1822 Κυρίου,
2803 1751 2897 1804 καὶ
2925 1750 3063 1803 δέδιε
3091 1751 3188 1820 μὲν
3215 1749 3421 1811 οὐκέτι,
3456 1752 3550 1802 καὶ
3586 1753 3775 1820 σιωπᾷ

503 1839 588 1879 me
611 1828 676 1880 ι»
721 1843 785 1883 ac
810 1845 868 1885 se
894 1830 1111 1890 fortiter
1136 1837 1204 1892 ad
1235 1839 1551 1909 legationem
1580 1845 1881 1919 obeundam
1911 1846 2077 1911 sistit,

2190 1847 2258 1912 ιδ,
2285 1867 2302 1898 ι
2335 1845 2514 1909 Τάλας
2540 1844 2702 1912 syth,»
2742 1845 3099 1914 παρειστήκει
3123 1843 3179 1895 δὲ
3218 1842 3312 1895 καὶ
3361 1841 3504 1912 μάλα
3551 1843 3774 1913 γοργῶς

502 1930 679 1987 eoque
717 1921 879 1976 veluti
941 1940 1043 1980 non
1075 1939 1316 1995 vocatus,
1351 1932 1498 1988 ultro
1521 1950 1580 1992 se
1610 1934 1805 2004 ingerit
1833 1953 1846 1989 :
1886 1954 1906 1987 ι
1939 1936 2078 1991 Ecce

501 2023 623 2078 ego,
658 2011 812 2066 mitte
834 2029 941 2072 me.
969 2035 988 2069 ι
1021 2016 1170 2085 Quod
1185 2019 1577 2082 sidicatDeus:
1602 2024 1809 2092 «Quem
1841 2027 2071 2088 mittam.

500 2107 556 2154 et
611 2102 735 2170 quis
793 2107 1170 2173 proficiscetur
1221 2112 1288 2166 ad
1339 2115 1593 2184 populum
1662 2116 1906 2170 istum?»
1971 2133 2076 2171 non

501 2191 731 2249 dicimus
757 2210 944 2252 vocem
991 2214 1112 2256 esse
1157 2203 1476 2268 dubitantis,
1525 2217 1617 2261 aut
1658 2209 1807 2275 quasi
1867 2209 2078 2276 egentis

500 2283 681 2355 aliquo
753 2289 845 2358 qui
905 2292 1173 2358 mittatur,
1255 2299 1348 2352 sed
1429 2301 1846 2369 perstringentis
1899 2301 2078 2370 potius

500 2373 750 2431 Israelem
780 2388 1030 2451 tanquam
1055 2385 1210 2464 valde
1244 2386 1660 2455 inobedientem,
1689 2401 1742 2444 et
1764 2391 1855 2461 qui
1887 2405 2074 2446 eorum

499 2466 590 2534 qui
649 2472 796 2523 missi
850 2482 976 2526 sunt
1045 2473 1246 2530 nemini
1293 2477 1764 2548 obsecundaverit,
1815 2483 1923 2536 imo
1983 2498 2079 2539 eos

501 2565 854 2621 interemerit.
909 2567 1041 2623 Nam
1096 2572 1235 2628 alios
1283 2577 1673 2631 contumeliose
1753 2587 2076 2639 tractarunt.

499 2655 804 2726 lapidarunt
841 2660 997 2729 alios,
1055 2664 1217 2736 109
1269 2667 1403 2723 alios
1461 2671 1622 2749 etiam
1656 2670 2074 2729 interfecerunt:

498 2752 957 2818 quemadmodum
1011 2767 1066 2810 et
1128 2758 1380 2814 Christus
1411 2760 1595 2826 dixit,
1638 2774 1891 2819 contexta
1924 2767 2080 2822 nobis

499 2839 551 2892 in
579 2839 883 2912 Evangeliis
909 2847 1184 2914 parabola.
1225 2848 1399 2915 Quem
1443 2866 1575 2923 ergo
1601 2853 1853 2908 mittam?
1880 2854 2080 2926 Ecquis

499 2931 876 2999 proficiscetur
927 2936 993 2991 ad
1050 2939 1303 3008 populum
1341 2942 1536 3009 istum,
1579 2945 1670 3012 qui
1744 2957 1867 2999 ante
1901 2948 2082 3003 missis

499 3037 606 3076 non
662 3025 912 3095 credidit,
957 3030 1046 3098 qui
1089 3029 1274 3096 durus,
1311 3034 1400 3101 qui
1453 3035 1686 3090 crudelis
1732 3036 2081 3093 fuit?Etre-

500 3116 614 3184 ipsa
678 3120 1102 3190 comprobarunt
1187 3140 1292 3180 non
1361 3141 1484 3182 esse
1549 3128 1784 3183 borninis
1846 3129 2082 3197 cujusvis

499 3224 623 3262 cum
651 3209 758 3265 illis
781 3227 893 3266 rem
924 3213 1147 3282 habere,
1201 3219 1294 3273 sed
1325 3221 1628 3274 constantis
1654 3223 1851 3284 solum,
1881 3232 1934 3277 et
1959 3239 2082 3292 pro-

501 3301 670 3365 priam
719 3303 887 3372 ipsam
919 3306 1084 3359 vitam
1133 3308 1437 3366 abnuentis.
1488 3311 1638 3376 Quod
1676 3329 1802 3368 vero
1846 3304 2082 3370 ﬂecti'ac

503 3396 704 3449 moveri
726 3398 944 3454 omnino
973 3400 1210 3454 noluerit
1248 3400 1433 3466 Israel,
1463 3405 1588 3460 licet
1620 3421 1685 3460 ex
1725 3408 1806 3461 his
1840 3409 2080 3471 discere,

501 3502 622 3556 quae
683 3489 821 3544 Deus
878 3494 942 3545 ad
997 3495 1209 3548 beatum
1267 3497 1585 3566 prophetam
1637 3498 1975 3555 Ezechielem
2009 3500 2084 3555 lo-

501 3589 657 3633 cutus
686 3591 787 3646 est,
815 3597 934 3650 quae
972 3583 1042 3636 ita
1074 3599 1132 3639 se
1163 3587 1361 3640 habent
1389 3605 1401 3641 :
1433 3607 1450 3638 ι
1489 3589 1585 3644 Fili
1640 3591 1896 3655 hominis,
1925 3593 2078 3658 vade,

503 3671 786 3742 ingredere
834 3676 900 3729 ad
948 3679 1164 3732 domum
1216 3679 1401 3746 Israel,
1435 3695 1484 3737 et
1535 3683 1758 3752 loquere
1805 3699 2085 3740 sermones

504 3780 652 3819 meos
679 3766 744 3819 ad
791 3782 952 3822 eum:
982 3773 1235 3839 quoniam
1302 3791 1404 3828 non
1453 3777 1517 3828 ad
1549 3776 1801 3847 populum
1830 3777 2082 3845 profundi

503 3856 629 3911 labii
659 3866 715 3910 et
751 3861 931 3926 gravis
991 3862 1182 3932 lingua:
1213 3868 1504 3929 emitteris,
1542 3869 1607 3921 ad
1649 3869 1866 3924 domum
1897 3870 2082 3934 Israel,

502 3963 679 4017 neque
722 3951 788 4005 ad
848 3953 1070 4022 populos
1100 3957 1297 4012 multos
1325 3959 1552 4012 alterius
1583 3959 1753 4025 vocis,
1783 3959 1863 4013 vel
1891 3961 2086 4015 alienae

501 4037 738 4110 linguae;
774 4058 946 4112 neque
969 4045 1033 4100 ad
1077 4061 1190 4112 eos,
1225 4050 1315 4116 qui
1341 4065 1533 4120 graves
1564 4049 1742 4120 lingua
1774 4062 1922 4117 sunt,
1952 4068 2088 4122 quo-

501 4147 622 4186 rum
674 4148 950 4192 sermones
1003 4155 1108 4194 non
1164 4143 1370 4196 audies.
1429 4145 1491 4196 Ιιίι
1529 4144 1572 4197 si
1615 4145 1680 4196 ad
1729 4146 1862 4200 tales
1907 4146 2086 4200 misis-

499 4241 616 4282 sem
657 4237 742 4297 te,
788 4232 1062 4288 audissent
1109 4242 1160 4288 te
1204 4253 1218 4288 :
1265 4245 1321 4290 at
1376 4237 1568 4293 donius
1624 4239 1791 4293 Israel
1825 4255 1930 4294 non
1972 4241 2086 4294 vult

504 4320 695 4376 audire
725 4330 799 4390 te,
847 4324 969 4392 quia
1015 4323 1208 4379 nolunt
1269 4327 1458 4384 audire
1502 4342 1588 4383 me
1623 4347 1637 4384 :
1678 4331 1936 4399 quoniam
1975 4339 2084 4384 tota

503 4415 694 4468 domus
722 4414 886 4469 Israel
929 4417 1262 4473 contentiosa
1326 4430 1430 4487 est,
1499 4431 1554 4476 et
1588 4423 1726 4476 duro
1781 4423 2032 4479 corde".
2063 4442 2080 4473 ι

2181 1937 2374 1991 ἑαυτὸν
2408 1939 2488 2001 εἰς
2533 1937 2859 2008 ἀποστολὴν,
2897 1937 2990 1989 καὶ
3017 1928 3128 1988 οἷον
3163 1935 3466 2003 αὐτόμολος
3502 1936 3581 1998 είς
3609 1935 3776 1987 τοῦτό

2179 2049 2260 2084 τοι
2303 2029 2428 2095 ἰὼν,
2466 2030 2547 2092 τὸ,
2586 2050 2602 2080 ι
2639 2029 2769 2082 Ἰδοὺ
2804 2027 2936 2095 ἐγὼ,
2973 2026 3292 2080 ἀπόστειλόν
3342 2043 3427 2096 με.
3458 2045 3474 2075 ι
3509 2027 3571 2077 Εἰ
3604 2025 3659 2077 δὲ
3699 2025 3772 2095 δὴ

2181 2123 2329 2190 λέγοι
2375 2122 2537 2184 Θεός·
2575 2139 2592 2171 ι
2618 2121 2753 2172 Τίνα
2789 2118 3126 2182 ἀποστείλω;
3177 2119 3271 2172 καὶ
3310 2117 3394 2180 τίς
3438 2117 3775 2188 πορεύσεται

2181 2216 2317 2287 πρὸς
2353 2216 2444 2266 τόν
2473 2213 2603 2266 λαὸν
2633 2213 2849 2275 τούτον;
2877 2230 2894 2263 ι
2912 2211 3013 2264 οὐκ
3041 2211 3381 2281 ὴπορηκότος
3413 2205 3552 2262 εἶναὶ
3584 2226 3774 2279 φαμεν

2181 2309 2278 2380 τὴν
2329 2306 2546 2378 φωνὴν,
2607 2305 2729 2360 οὐδὲ
2785 2301 2896 2358 οἷον
2953 2305 3011 2356 έν
3079 2303 3272 2356 σπάνει
3339 2301 3621 2370 γεγονότος
3669 2299 3772 2353 τοῦ

2182 2397 2664 2470 πεμφθησομένου,
2684 2393 3118 2464 καταιτιωμένου
3145 2394 3201 2447 δὲ
3221 2393 3422 2464 μᾶλλον
3442 2393 3534 2445 τὸν
3548 2391 3774 2462 Ἰσραὴλ

2181 2491 2256 2553 ὡς
2293 2489 2494 2558 ἀπειθῆ
2541 2487 2693 2550 λίαν,
2739 2487 2833 2540 καὶ
2880 2485 3100 2550 εἴξαντα
3143 2485 3240 2555 μὲν
3275 2483 3452 2536 οὐδενὶ
3483 2482 3593 2536 τῶν
3627 2499 3770 2552 προ-

2183 2580 2632 2650 απεσταλμένων,
2671 2578 3010 2634 ἀπεκτονότα
3037 2578 3095 2630 δὲ
3132 2577 3334 2646 μᾶλλον
3363 2575 3578 2639 αὐτούς.
3625 2576 3773 2637 Τοὺς

2185 2675 2286 2744 μὲν
2339 2672 2449 2744 γὰρ
2499 2672 2751 2742 ὕϐρισαν,
2805 2671 2933 2731 τοὺς
2980 2668 3037 2721 δὲ
3085 2667 3489 2737 ἐλιθοϐόλησαν,
3545 2666 3674 2728 τοὺς
3711 2665 3774 2716 δὲ

2181 2764 2532 2827 ἀπέκτειναν,
2557 2760 2701 2814 καθά
2729 2776 2896 2831 φησιν
2927 2761 2955 2812 ό
2983 2759 3245 2828 Χριστὸς,
3279 2757 3376 2827 τὴν
3405 2759 3463 2808 ὲν
3517 2759 3628 2818 τοῖς
3666 2755 3770 2807 Εὖ-

2182 2855 2458 2925 αγγελίοις
2519 2856 2652 2924 ἡμῖν
2688 2853 2956 2916 συντιθεὶς
3005 2852 3341 2923 παραϐολήν.
3386 2850 3520 2902 Τίνα
3563 2849 3628 2918 δὴ
3674 2845 3774 2902 οὖν

2182 2949 2310 3018 ἀρα,
2342 2947 2525 3017 φησὶν,
2580 2944 2916 3010 ἀποστείλως
2959 2943 3070 2997 Καὶ
3112 2945 3194 3006 τίς
3242 2942 3570 3012 πορεύσεται
3627 2942 3773 3012 πρὸς

2183 3041 2273 3092 τὸν
2322 3038 2449 3092 λαὸν
2507 3038 2726 3104 τοῦτον;
2793 3037 2843 3089 οἳ
2895 3039 3010 3098 τοῖς
3063 3035 3165 3104 ἤδη
3222 3034 3773 3106 προαπεσταλμένοις

2185 3129 2570 3200 ήπειθηκότες,
2619 3129 2843 3200 σκληροί
2872 3127 2930 3180 τέ
2975 3129 3079 3180 είσι
3103 3167 3114 3185 .
3151 3127 3244 3180 καὶ
3278 3125 3601 3196 δυσάντητοι
3630 3169 3642 3190 ,
3677 3127 3774 3178 καὶ

2183 3222 2250 3285 δι’
2281 3221 2460 3274 αὐτῶν
2503 3215 2711 3284 ἔδειξαν
2752 3218 2860 3271 τῶν
2902 3219 3264 3288 πραγμάτων,
3317 3217 3392 3280 ὡς
3429 3217 3529 3270 οὐκ
3579 3216 3646 3270 ἂν
3682 3217 3772 3288 εἴη

2183 3313 2278 3368 τοῦ
2302 3314 2554 3382 τυχόντος
2589 3311 2916 3383 προσϐαλεῖν
2955 3311 3160 3374 αὐτοῖς,
3205 3311 3366 3381 μόνου
3405 3309 3461 3362 δὲ
3502 3309 3645 3377 τάχα
3678 3309 3774 3362 τοῦ

2186 3406 2280 3459 καὶ
2331 3405 2501 3475 αὐτῆς
2547 3403 2926 3475 ἀπεγνωκότος
2973 3403 3072 3470 τῆς
3131 3402 3266 3465 ἰδίας
3315 3400 3481 3470 ζωῆς.
3531 3401 3652 3454 Ὅτι
3716 3400 3776 3453 δὲ

2185 3497 2408 3564 γέγονεν
2446 3469 2732 3564 ἀκαμπής,
2768 3469 2863 3546 καὶ
2896 3469 3254 3562 ἀνουθέτητος
3286 3469 3426 3559 ἀργαν
3453 3494 3480 3546 6
3525 3490 3772 3562 Ἰσραὴλ,

2186 3589 2455 3659 ἀναμάθοι
2495 3605 2576 3649 τις
2613 3588 2678 3640 ἂν
2719 3587 2812 3639 καὶ
2851 3585 2916 3638 δι’
2944 3579 3019 3638 ὧν
3047 3585 3150 3654 ἔφη
3190 3585 3322 3647 Θεὸς
3362 3584 3498 3654 πρὸς
3544 3583 3636 3636 τὸν
3674 3600 3778 3653 μα-

2188 3682 2381 3752 κάριον
2417 3678 2683 3750 Ἐζεχιήλ.
2720 3679 2875 3748 Ἔχει
2919 3677 2975 3730 δὲ
3021 3677 3228 3740 οὕτως’
3261 3695 3278 3728 ι
3313 3678 3409 3730 Υἱὲ
3453 3675 3774 3744 ἀνθρώπου,

2190 3773 2392 3844 βάδιζε,
2422 3772 2630 3825 εἴσελθε
2652 3773 2731 3835 εἰς
2757 3771 2848 3824 τὸν
2877 3766 3026 3824 οἷκον
3046 3769 3138 3823 τοῦ
3157 3770 3392 3840 Ἰσραὴλ,
3421 3771 3514 3823 καὶ
3535 3769 3776 3838 λάλησον

2188 3867 2312 3928 τοὺς
2339 3864 2529 3932 λόγους
2563 3881 2662 3933 μου
2698 3863 2831 3934 πρὸς
2858 3863 3042 3926 αὐτὸν,
3075 3863 3209 3915 διότι
3239 3865 3300 3916 οὐ
3331 3862 3468 3933 πρὸς
3513 3863 3641 3915 λαὸν
3673 3863 3777 3930 βα-

2190 3955 2438 4025 θύχει).ον
2467 3955 2561 4007 καὶ
2593 3954 3010 4024 βραδύγλωσσον
3046 3955 3436 4028 ἐξαποστέλλῃ,
3459 3956 3596 4026 πρὸς
3620 3951 3776 4009 οἷκον

2188 4048 2282 4101 τεῦ
2317 4046 2551 4116 Ἰσραὴλ,
2584 4046 2704 4099 οὐδὲ
2743 4046 2874 4116 πρὸς
2919 4045 3081 4108 λαοὺς
3125 4046 3354 4110 πολλοὺς
3403 4046 3777 4115 ἀλλοφὼνους,

2189 4141 2223 4209 ἦ
2277 4139 2706 4208 ἀλλογλώσσους,
2742 4139 2862 4191 οὐδὲ
2898 4138 3192 4209 στιϐαροὺς
3223 4141 3289 4208 τῇ
3323 4137 3544 4210 γλώσσῃ
3582 4138 3777 4203 ὄντας,

2188 4227 2262 4284 ὧν
2313 4233 2413 4284 οὑκ
2459 4231 2668 4302 ἀκούσῃ
2712 4231 2838 4293 τοὺς
2891 4230 3084 4299 λόγους
3125 4230 3324 4284 αὐτῶν.
3371 4231 3480 4284 Καὶ
3529 4233 3578 4282 εἰ
3633 4233 3778 4302 πρὸς
3839 4304 3842 4306 Ι

2190 4325 2467 4388 τοιούτους
2494 4322 2853 4390 ἐξαπέστειλά
2885 4339 2965 4384 σε,
2991 4322 3145 4375 αὐτοὶ
3169 4322 3235 4374 ἂν
3272 4323 3597 4392 είσήκουσάν
3630 4339 3730 4375 σου
3762 4341 3775 4354 ·

2190 4420 2219 4470 6
2260 4418 2318 4471 δὲ
2365 4411 2510 4478 οἶκος
2557 4414 2652 4467 τοῦ
2696 4414 2916 4484 Ἰσραὴλ
2951 4416 3012 4466 οὐ
3053 4413 3129 4484 μὴ
3179 4413 3498 4484 θελήσουσιν
3537 4414 3777 4467 ἀκοῦσαί

504 4505 735 4560 'l'antum
778 4522 882 4562 non
939 4509 1190 4566 videlicet
1229 4509 1506 4576 dubitans,
1539 4522 1612 4578 et,
1659 4525 1719 4568 ut
1751 4519 1911 4570 modo
1949 4517 2080 4581 dixi,

2192 4527 2308 4573 σου,
2355 4509 2490 4561 διότι
2531 4508 2591 4559 οὐ
2639 4506 2916 4576 βούλονται
2958 4504 3278 4560 εἰσακοῦσαι
3321 4524 3454 4575 μου,
3487 4506 3571 4558 ὅτι
3607 4508 3722 4570 πᾶς
3753 4509 3780 4560 6

502 4597 572 4651 oh
641 4597 860 4653 multam
938 4601 1308 4658 crudelitatem
1388 4602 1664 4660 Israelitas
1742 4606 2082 4660 insimulans.

501 4687 674 4756 Quem
714 4689 878 4760 igitur
916 4693 1116 4748 mitto?
1161 4694 1425 4765 Propheta
1485 4697 1649 4765 igitur
1672 4698 1817 4750 omni
1860 4707 2086 4751 cuncta-

501 4781 652 4834 tione
686 4781 937 4850 abjecta:
989 4800 1010 4834 ι
1049 4783 1210 4849 Ecce,
1279 4785 1478 4856 inquit,
1538 4801 1658 4856 ego,
1719 4786 1874 4841 mitte
1917 4801 2022 4842 me.
2063 4806 2080 4837 ι

505 4871 734 4937 Quando
759 4886 889 4945 ergo
910 4885 964 4930 et
996 4891 1094 4931 nos
1116 4876 1330 4933 divinus
1374 4879 1540 4934 carbo
1559 4879 1869 4950 contigerit,
1902 4879 1970 4934 ab
2000 4877 2085 4933 of-

506 4962 675 5018 fensis
699 4965 817 5032 puri
838 4965 1068 5031 erimus,
1103 4974 1158 5020 et
1185 4967 1441 5038 prompti,
1483 4977 1648 5037 atque
1670 4967 1737 5022 ad
1792 4982 2078 5037 capessen-

507 5054 630 5108 dam
685 5053 1010 5126 legationem
1043 5057 1358 5126 juvenilitcr
1388 5058 1628 5113 alacres:
1680 5060 1822 5127 quod
1851 5069 1904 5112 et
1943 5057 2086 5114 fece-

505 5148 824 5203 runtdivini
857 5149 1130 5220 discipuli.
1182 5150 1440 5226 Quamvis
1467 5151 1610 5204 enim
1663 5165 1728 5205 ex
1759 5149 1960 5206 Iudaeis
1999 5165 2088 5205 es-

505 5248 646 5306 sent,
674 5249 729 5294 et
751 5248 879 5294 ante
904 5241 1229 5294 charitatem
1276 5243 1326 5295 in
1355 5243 1631 5296 Christum
1669 5244 1946 5309 donatam,
1987 5245 2088 5298 int-

508 5346 639 5399 pura
675 5338 731 5384 et
759 5331 863 5398 ipsi
899 5331 1036 5386 labia
1064 5331 1326 5386 haberent
1353 5347 1476 5386 cum
1511 5334 1722 5388 caeteris
1760 5352 1772 5388 :
1806 5344 2088 5402 postquam

513 5436 688 5478 tamen
743 5422 1292 5491 ﬁdemadmisissent,
1330 5427 1644 5494 praeclaram
1695 5426 2087 5482 confessionem

507 5513 816 5574 ediderunt,
851 5529 913 5566 ac
948 5513 1113 5568 carbo
1160 5529 1252 5568 eos
1305 5517 1494 5586 tetigit,
1525 5532 1588 5571 ac
1630 5527 1739 5570 tum
1771 5517 1994 5586 quidem
2021 5517 2087 5570 ad

509 5603 830 5672 legationem
862 5608 1032 5659 vocati
1062 5617 1208 5673 sunt,
1241 5617 1291 5659 ιιι
1354 5611 1469 5666 ιῙιιθ
1503 5625 1653 5666 mora
1682 5610 2088 5680 sequebantur;

582 5759 628 5790 ”
659 5760 853 5816 I‘Izeeh.
897 5779 980 5826 IlI,
1021 5761 1046 5816 4
1078 5765 1156 5817 -7.

2190 4596 2340 4663 οἶκος
2354 4600 2446 4652 τοῦ
2463 4599 2680 4670 Ἰσραὴλ
2702 4599 2994 4668 φιλόνεικοι
3013 4601 3140 4662 είσι,
3169 4599 3266 4652 καὶ
3289 4598 3424 4668 σκλη
3435 4598 3740 4668 ροκάρδιοι.
3757 4617 3774 4650 ι

2194 4692 2436 4755 Είκότως
2461 4690 2523 4761 δὴ
2548 4687 2640 4744 οὖν
2683 4692 2964 4762 μονονουχὶ
2992 4691 3298 4762 ἀπορήσας,
3351 4691 3550 4760 μᾶλλον
3575 4690 3654 4752 δὲ,
3702 4690 3780 4754 ὡς

2193 4784 2351 4854 ἔφην,
2379 4782 2581 4853 ἀρτίως
2611 4783 2704 4834 ἐπὶ
2731 4782 2898 4852 πολλῇ
2923 4783 3043 4836 λίαν
3069 4781 3314 4850 ὠμότητι
3338 4779 3782 4848 καταιτιώμενος

2192 4879 2320 4937 τοὺς
2352 4875 2410 4938 ἐξ
2447 4875 2682 4946 Ἰσραήλ.
2716 4874 2850 4928 Τίνα
2885 4874 2950 4943 δὴ
2985 4870 3078 4928 οὖν
3107 4873 3448 4938 ἀποστείλω;
3483 4871 3784 4941 Μελλήσας

2194 4969 2258 5040 δὴ
2285 4966 2378 5022 οὖν
2405 4971 2434 5022 6
2462 4969 2748 5038 προφήτης
2768 4967 2889 5021 κατ’
2913 4966 3103 5020 οὐδένα
3138 4966 3339 5035 τρόπον
3356 4979 3369 4992 ·
3396 4985 3414 5015 ι
3439 4963 3570 5016 Ἰδοὺ
3603 4963 3742 5030 ἐγὼ,
3759 4981 3778 5012 ι

2198 5061 2384 5132 φησὶν,
2421 5079 2439 5110 ι
2479 5058 2799 5112 ἀπόστειλόν
2837 5075 2926 5128 με.
2964 5076 2982 5108 ι
3007 5058 3177 5110 Ὅταν
3206 5057 3387 5109 τοίνυν
3418 5055 3514 5108 καὶ
3553 5053 3719 5123 ἡμῶν
3753 5054 3785 5105 6

2199 5151 2339 5214 θεῖος
2365 5151 2568 5221 ἄνθραξ
2603 5151 2954 5221 ἐπιθιγγάνῃ,
2989 5147 3219 5218 καθαροὶ
3261 5147 3360 5218 μὲν
3393 5145 3630 5216 ἐσόμεθα
3670 5146 3787 5197 τῶν

2197 5243 2646 5312 διεπταισμὲνων,
2678 5243 2946 5312 πρόθυμοι
2977 5241 3034 5293 δὲ
3078 5241 3171 5292 καὶ
3200 5239 3436 5292 νεανικοὶ
3471 5236 3610 5308 πρὸς
3641 5237 3788 5288 ἀπο-

2199 5337 2410 5406 στολὴν,
2439 5337 2466 5388 ὃ
2491 5336 2551 5406 δὴ
2595 5338 2688 5389 καὶ
2720 5337 3066 5406 πεπράκασιν
3096 5336 3142 5386 oi
3189 5331 3465 5385 θεσπέσιοι
3511 5328 3783 5398 μαθηταί.

2199 5427 2390 5478 Καίτοι
2440 5427 2548 5496 γὰρ
2591 5426 2741 5488 ὄντες
2789 5426 2847 5488 ἐξ
2902 5424 3203 5488 Ἰουδαίων,
3250 5423 3345 5475 καὶ
3392 5420 3496 5488 πρὸ
3537 5422 3636 5489 τῆς
3700 5422 3788 5482 εἰς

2198 5519 2430 5588 Χριστὸν
2459 5518 2697 5588 ἀγάπης,
2735 5515 3021 5585 ἀκάθαρτά
3056 5532 3158 5568 που
3192 5515 3284 5567 καὶ
3315 5511 3496 5565 αὐτῶν
3528 5511 3597 5564 τὰ
3625 5510 3786 5580 χείλη

2203 5610 2341 5680 μετὰ
2369 5611 2474 5664 τῶν
2507 5610 2679 5665 ἄλλων
2711 5611 2944 5680 ἔχοντες,
2993 5607 3184 5679 ἐπειδὴ
3215 5608 3272 5660 δὲ
3307 5607 3654 5678 προσήκαντο
3681 5605 3787 5674 τὴν
