4016 6514
429 299 529 358 137
1422 293 1478 348 S.
1521 287 1792 349 CYRILLI
1831 285 2305 345 ALEXANDRINI
2346 285 2670 344 ARCHIEP.
3604 292 3703 352 I88

427 412 572 468 culta
595 418 648 465 et
681 409 884 474 futura,
917 406 1122 476 aitque,
1153 404 1375 458 omnino
1405 419 1500 460 eos
1543 405 1776 468 visuros,
1811 414 1868 460 et
1913 420 1995 458 an-

2110 401 2254 456 λοιτο
2301 401 2629 474 προσϐαλεῖν
2669 402 2873 471 ἑτέρως
2932 401 3056 462 ταῖς
3097 399 3208 454 τῶν
3254 401 3569 473 εἰρημένων
3619 408 3706 460 ἑν-

427 505 661 563 dituros,
711 512 994 554 mansuros
1042 507 1223 550 autem
1265 510 1329 550 ac
1375 495 1419 550 si
1451 511 1555 550 non
1580 495 1884 560 audissent,
1920 511 1986 551 ne

2114 495 2301 558 νοίαις,
2337 496 2561 566 συνήσει
2587 493 2834 547 τοιῶσδε.
2870 494 3244 566 Προαγορεύει
3277 497 3378 566 μὲν
3401 497 3512 568 γὰρ
3541 500 3569 553 ὁ
3596 501 3707 553 τῶν

427 609 534 664 que
609 591 957 660 contemplati
1029 589 1280 653 fuissent,
1355 590 1520 657 idque
1590 588 1722 657 ipsis
1783 598 1995 657 proptet

2108 586 2247 640 ὅλων
2294 585 2448 650 Θεὸς,
2496 587 2572 650 ώς
2622 585 2908 654 γινώσκων
2959 586 3030 638 τὰ
3078 588 3462 659 κεκρυμμένα,
3513 600 3607 645 καὶ
3637 593 3706 646 τὰ

429 685 624 738 mentis
663 698 774 736 sum
823 681 1083 736 malitiam
1134 681 1404 735 accidere.
1434 680 1598 736 Addit
1627 681 1841 746 deinde,
1878 683 1995 734 dum

2105 678 2360 749 ἑσόμενα,
2420 679 2513 732 καί
2571 695 2755 750 φησιν,
2809 679 2890 731 ὅτι
2957 679 3134 750 πάντη
3201 697 3262 733 τε
3333 683 3429 734 καὶ
3485 684 3706 747 πάντως

429 776 543 828 haec
595 774 830 837 fat-inab,
877 773 989 826 suis
1021 773 1258 841 ipsorum
1300 772 1565 842 capitibus
1621 772 1893 834 insidiari,
1952 783 1995 826 et

2106 770 2329 840 ὄψονται
2374 770 2475 840 μὲν
2524 770 2620 824 καὶ
2665 769 3023 838 ἀκούσονται,
3059 771 3281 844 μενοῦσί
3329 789 3394 841 γε
3455 774 3563 846 μὴν
3628 776 3705 838 ὼς

424 867 735 936 pertinaciae
763 868 951 920 morbo
977 864 1307 927 laborantes,
1337 880 1436 917 nec
1470 864 1657 918 audire
1690 865 1848 928 velle,
1908 881 1995 919 net

2115 862 2255 932 μήτε
2296 861 2618 932 ἀκηκοότες,
2668 863 2806 933 μήτε
2843 863 3237 934 συντιθέμενοι,
3268 864 3365 917 καὶ
3401 853 3706 919 τοῦτο’παά

424 961 607 1012 videre
654 973 812 1026 posse
850 975 864 1011 :
904 976 922 1008 ι
956 956 1032 1011 Ne
1082 956 1300 1010 videant
1344 957 1541 1022 oculis,
1572 967 1626 1012 et
1657 957 1882 1010 audiant
1910 971 1995 1009 au-

2113 950 2298 1014 θόντες
2328 953 2392 1005 ἐκ
2437 952 2719 1024 μοχθηρᾶς
2760 954 2917 1008 αὐτοὶ
2949 955 3050 1026 τῆς
3077 955 3217 1019 ιδίας
3239 956 3488 1028 γνώμης.
3519 959 3703 1030 Προσ-

427 1053 572 1106 ribus
597 1093 611 1115 ,
652 1063 707 1106 et
750 1059 1072 1105 convertant
1101 1064 1160 1104 se
1182 1089 1198 1114 ,
1243 1059 1299 1103 et
1345 1065 1528 1104 sanem
1551 1066 1666 1104 eos.
1687 1069 1707 1100 ι
1741 1051 1995 1105 Auctore:

2111 1045 2307 1113 επάγει
2349 1043 2406 1097 δὲ
2447 1044 2681 1109 τούτοις,
2730 1047 2812 1100 ὅτι
2843 1046 3016 1100 ταῦτα
3049 1048 3285 1120 δρῶντες
3317 1051 3547 1113 ἐκεῖνοι,
3582 1051 3706 1112 ταῖς

423 1145 604 1210 itaque
660 1144 742 1197 sui
800 1143 1043 1211 ipsorum
1097 1143 1349 1196 interitus
1401 1143 1643 1204 fuerunt,
1680 1157 1804 1198 cum
1840 1157 1941 1198 nec
1972 1157 1995 1195 a

2112 1135 2272 1199 ίδίαις
2294 1137 2709 1190 ἐπιϐουλεύουσι
2735 1139 3022 1208 κεφαλαῖς.
3051 1140 3478 1213 Ἠῥρωστήκασι
3508 1141 3615 1213 γὰρ
3641 1142 3710 1194 τὸ

419 1236 638 1290 Christo
694 1244 854 1288 acute
901 1234 1060 1287 dictis
1114 1248 1302 1286 aurem
1355 1233 1697 1296 adhiberent,
1752 1246 1854 1288 nec
1890 1248 1995 1287 sua!

2108 1228 2390 1300 δυσήκοον,
2433 1231 2530 1284 καὶ
2572 1231 2634 1284 τὸ
2685 1231 3052 1302 μὴδύνασθαι
3093 1234 3355 1306 καθορᾷν,
3406 1255 3424 1288 ι
3458 1236 3576 1290 ’Ίνα
3623 1237 3704 1309 μὴ

421 1330 617 1382 mentis
669 1326 883 1380 oculum
927 1327 1217 1394 aperirent.
1279 1324 1335 1378 Si
1371 1327 1516 1380 cnim
1577 1327 1677 1380 hoc
1725 1326 2002 1392 fecissent,

419 1418 672 1474 conversi
719 1418 968 1482 fuissent,
1018 1429 1072 1473 et
1111 1420 1152 1473 si
1180 1421 1382 1474 cultum
1411 1433 1571 1487 quem
1600 1418 1842 1488 oportuit
1875 1418 2004 1472 reli-

416 1512 693 1581 quissent,
741 1511 946 1564 salvam
992 1523 1054 1562 ac
1087 1523 1276 1563 sanam
1308 1523 1460 1564 suam
1506 1517 1740 1563 mentem
1783 1523 2006 1563 conser-

415 1613 657 1658 νοεεριιι.

2111 1319 2264 1374 ἴδωσι
2307 1323 2422 1386 τοῖς
2449 1321 2775 1393 ὀφθαλμοῖς,
2808 1325 2904 1378 καὶ
2947 1326 3064 1389 τοῖς
3111 1326 3246 1380 ὠσὶν
3273 1327 3573 1391 ἀκούσωσι,
3605 1330 3703 1381 καὶ

2109 1415 2537 1486 ἐπιστρέφουσι,
2573 1416 2668 1470 καὶ⁸
2709 1417 2930 1489 ἰάσομαι
2978 1419 3200 1483 αύτούς.
3239 1439 3257 1472 ι
3301 1419 3476 1474 Αἴτιοι
3520 1420 3709 1474 τοίνυν

2111 1507 2269 1562 αὐτοὶ
2295 1508 2392 1578 τῆς
2429 1508 2579 1578 σφῶν
2607 1509 2787 1563 αὐτῶν
2815 1510 3110 1580 γεγόνασιν
3139 1511 3438 1576 ἀπωλείας,
3473 1513 3612 1584 μήτε
3638 1512 3709 1565 τὸ

2109 1597 2205 1665 οὓς
2233 1599 2575 1672 παραθέντες
2611 1603 2726 1665 τοῖς
2765 1603 2916 1672 παρὰ
2953 1603 3194 1673 Χριστοῦ
3236 1604 3553 1674 λεγομένοις
3579 1600 3699 1668 ὀξὺ,

418 1696 557 1767 μήτε
609 1694 716 1766 μήν
762 1696 855 1749 τὸν
901 1697 999 1766 τῆς
1049 1695 1259 1750 ἑαυτῶν
1311 1695 1550 1760 διανοίας
1597 1695 1986 1768 ἀνευρύνοντες
2053 1695 2351 1767 ὀφθαλμόν.
2389 1698 2452 1750 Ei
2488 1697 2597 1769 γὰρ
2661 1697 2820 1752 τοῦτο
2871 1698 3062 1770 ἔδρων,
3101 1699 3448 1772 ὑπέστρεψαν
3476 1700 3565 1769 ἂν,
3605 1701 3704 1755 καὶ

411 1788 514 1858 τῆς
569 1788 918 1861 καθηκούσης
963 1789 1262 1861 θεραπείας
1301 1790 1688 1862 τετυχηκότες,
1743 1790 1880 1844 σῶόν
1916 1807 1978 1844 τε
2016 1790 2112 1846 καὶ
2139 1790 2270 1859 ὑγιᾶ
2295 1789 2384 1843 τὸν
2422 1791 2631 1846 ἑαυτῶν
2657 1790 2984 1846 διεσώσαντο
3010 1790 3157 1847 νοῦν.

397 1917 405 1942 l
485 1881 652 1939 Vens.
692 1885 782 1950 Il,
819 1887 905 1941 12.
947 1886 1015 1940 Ει
1063 1888 1178 1941 dixi
1217 1902 1235 1941 :
1270 1888 1575 1956 Quousque,
1620 1887 1880 1942 Domine?
1930 1887 1995 1942 Et

2169 1887 2278 1941 Kal
2305 1883 2464 1941 εἶπαο
2482 1886 2638 1952 Ἕως
2666 1889 2833 1950 πότε,
2864 1887 3064 1954 Κύριε;
3089 1886 3199 1941 Καὶ
3217 1882 3568 1952 εἶπενοἜως
3595 1887 3672 1941 ἂν

413 1980 549 2032 dixit
589 1995 607 2032 :
641 1977 817 2033 Donec
839 1991 1104 2034 vastentur
1124 1981 1296 2048 urbes,
1323 1992 1378 2035 ut
1402 1999 1504 2036 non
1526 1983 1591 2036 sit
1613 1983 1701 2052 qui
1725 1982 1999 2050 inhabitet,

412 2082 462 2126 et
492 2072 698 2138 domus,
730 2082 786 2126 ut
817 2090 920 2126 non
944 2075 1046 2128 sint
1081 2075 1336 2136 homines,
1361 2083 1408 2128 et
1433 2084 1572 2128 terra
1612 2073 2003 2144 derelinquetur

413 2167 642 2221 deserta.
674 2166 743 2221 Et
773 2178 886 2236 post
921 2169 1034 2222 Ita'c
1063 2168 1324 2238 elongnbit
1358 2167 1500 2224 Deus
1542 2170 1796 2238 homines,
1835 2180 1880 2224 et
1909 2171 2001 2224 de-

413 2258 585 2314 relicti
615 2259 1107 2330 multiplicabuntur
1133 2263 1187 2316 in
1215 2272 1376 2318 terra.

484 2433 788 2490 Verebatur
840 2437 1123 2507 propheta,
1176 2452 1242 2492 ne
1276 2451 1533 2509 perpetua
1581 2451 1637 2495 et
1667 2441 1995 2510 sempiterna
2052 2490 2066 2502 ,

411 2526 708 2580 excacatio
755 2529 1099 2583 induceretur
1132 2529 1410 2585 Israelitis.
1472 2531 1704 2601 Ideoque
1754 2544 1902 2602 rogat
1939 2548 1996 2586 ut

408 2629 624 2687 tempus
665 2620 800 2674 sciat
846 2634 955 2690 quo
1001 2622 1100 2676 hoc
1151 2621 1389 2677 futurum
1445 2637 1548 2689 est,
1608 2635 1662 2680 et
1718 2641 1997 2696 quousque

355 2767 360 2774 η
409 2712 760 2778 protrahetnr
789 2713 903 2765 haec
945 2713 1099 2782 quasi
1133 2715 1436 2781 mgrotatio.
1479 2716 1557 2768 Ad
1610 2732 1730 2785 quze
1775 2733 1995 2786 respon-

409 2804 541 2857 dens
574 2803 732 2862 Deus,
787 2803 1144 2858 vastationem
1199 2805 1440 2873 ipsorum
1493 2803 1993 2876 Hierosolymorum

403 2895 758 2964 praenuntiat,
804 2896 1048 2964 adeoque
1077 2897 1340 2950 universa:
1381 2895 1688 2951 Judaeorum
1733 2899 1992 2967 regionis,

402 2996 464 3040 et
487 2986 660 3055 inquit
699 3002 714 3039 :
749 3003 768 3036 ι
816 2984 996 3040 Donec
1035 2997 1314 3041 vastentur
1348 2989 1532 3051 nrbes,
1583 2997 1642 3043 υι
1682 3005 1789 3042 ηοη
1841 2989 1995 3044 inha-

405 3076 668 3142 bitentur,
695 3089 748 3131 et
779 3079 993 3144 domus,
1019 3090 1076 3132 ut
1104 3095 1211 3134 non
1247 3080 1356 3133 sint
1389 3080 1656 3135 homines.
1696 3099 1714 3132 ο
1749 3081 1902 3148 Quod
1925 3084 1992 3136 ad

400 3177 712 3224 extremum
743 3171 946 3236 evenit,
977 3187 1100 3226 cum
1138 3171 1502 3241 Vespasianus
1522 3181 1577 3227 et
1605 3173 1759 3229 Titus
1791 3181 1989 3228 terram

408 3260 707 3330 Iudaicam,
736 3273 857 3330 post
880 3262 1190 3318 Servatoris
1216 3263 1623 3320 crucifixionem
1651 3273 1709 3319 et
1743 3266 1797 3320 in
1822 3265 1992 3320 ctelos
2020 3257 2062 3314 C

401 3356 830 3423 assumptionqu
862 3394 878 3419 ,
910 3356 1216 3427 depopulati
1255 3366 1401 3410 sunt.
1449 3355 1602 3424 Quod
1655 3366 1836 3414 autem
1879 3359 1993 3414 hinc

404 3447 654 3515 supplicii
720 3463 968 3503 mensura
1040 3449 1519 3518 inobedientibus,
1585 3459 1645 3506 ut
1711 3450 1994 3521 hucusque

399 3537 671 3592 duntaxat
698 3540 996 3608 patiantur,
1029 3555 1136 3595 non
1169 3541 1530 3609 adhibebitur,
1573 3544 1792 3613 etquod
1819 3543 1873 3597 in
1909 3554 1992 3598 to-

407 3640 522 3684 tum
558 3647 680 3684 cum
721 3639 831 3684 tota
863 3632 1035 3698 stirpe
1065 3649 1174 3688 non
1205 3634 1276 3688 sit
1311 3636 1585 3704 periturus
1617 3635 1801 3703 Israel,
1824 3637 1993 3708 signi-

405 3723 531 3775 licat
564 3723 750 3777 dicens
788 3742 798 3776 :
839 3741 857 3775 ι
895 3725 959 3778 Ει
982 3735 1100 3793 post
1134 3727 1247 3780 haec
1274 3726 1430 3798 longe
1459 3727 1624 3784 faciet
1647 3729 1786 3784 Deus
1820 3731 1992 3784 homi-

405 3829 523 3879 nes,
555 3825 609 3867 et
634 3815 878 3871 derelicti
908 3818 1413 3888 multiplicabuntur
1449 3822 1503 3876 in
1541 3830 1707 3877 terra.
1747 3841 1766 3873 ι
1809 3821 1993 3892 Longe

403 3923 533 3962 vero
561 3906 687 3963 facti
711 3926 743 3984 ιι,
770 3910 877 3963 Dco
923 3909 1164 3977 fuerunt,
1199 3927 1318 3967 cum
1359 3922 1415 3968 et
1459 3923 1698 3981 sanctos,
1729 3925 1783 3968 et
1817 3915 1989 3984 ipsum

401 4012 566 4064 porro
589 3999 710 4054 vita:
735 3999 1031 4070 principem
1062 4002 1456 4058 interfecerint.
1499 4004 1600 4071 Qui
1647 4019 1776 4060 vero
1817 4004 1988 4060 relicti

401 4093 643 4156 fuerunt,
671 4094 721 4146 id
753 4103 854 4156 est,
884 4094 1018 4149 Salvi
1057 4111 1120 4151 ac
1149 4097 1491 4168 superstites,
1522 4105 1576 4151 et
1616 4096 1705 4164 qui
1749 4097 1801 4151 in
1833 4097 1989 4153 Chri-

396 4196 546 4238 stum
585 4187 954 4251 crediderunt,
980 4187 1069 4254 qui
1099 4196 1153 4242 et
1184 4199 1305 4242 sunt
1335 4188 1581 4255 reliquiae
1608 4187 1766 4258 112
1798 4189 1985 4254 Israel,

403 4275 903 4346 multiplicabuntur
944 4293 959 4333 :
1004 4279 1164 4350 idque
1217 4279 1270 4334 in
1307 4279 1576 4349 principio
1611 4281 1732 4338 libri
1758 4283 1988 4353 ipsemet

392 4368 562 4422 etiam
593 4370 782 4424 beatus
808 4369 972 4425 Isaias
1002 4372 1347 4442 signiﬁcavit,
1387 4388 1510 4429 cum
1555 4374 1632 4429 ait
1659 4396 1670 4430 :
1702 4393 1721 4426 ι
1779 4375 1848 4430 Et
1882 4377 1984 4432 nisi

396 4457 659 4514 Dominus
709 4461 948 4516 Sabaoth
1006 4461 1321 4532 reliquisset
1375 4464 1532 4519 nobis
1581 4479 1791 4531 semen,
1841 4467 1986 4522 velut

393 4550 633 4605 Sodoma
665 4551 790 4607 facti
823 4551 1134 4620 fuissemus,
1164 4564 1218 4611 et
1233 4555 1552 4611 Gomorrbte
1589 4557 1797 4612 similes
1847 4556 1986 4612 fuis-

392 4659 581 4696 semus
615 4643 678 4697 ³³.
710 4662 729 4696 ι
777 4645 916 4702 Aliis
961 4662 1126 4718 porro
1182 4632 1399 4705 videtur
1433 4649 1598 4703 etiam
1653 4649 1813 4704 aliter
1870 4649 1985 4704 haec

394 4736 561 4789 verba
616 4735 979 4808 intelligenda.
1044 4741 1330 4807 Quereute
1384 4741 1527 4796 enim
1595 4740 1877 4812 propheta,
1928 4747 1985 4794 et

395 4825 614 4880 volente
662 4829 803 4884 scire
855 4845 1137 4902 quousque
1192 4842 1248 4889 et
1305 4835 1544 4903 quandiu
1597 4835 2030 4888 ostenderetur-

388 4921 711 4987 excecatio,
748 4926 1040 4994 respondet
1064 4925 1208 4982 Deus
1246 4945 1261 4982 :
1294 4944 1312 4978 ι
1353 4927 1532 4982 Donec
1560 4935 1846 4982 vastentur
1891 4943 1984 4981 ur-

393 5012 512 5080 bes,
544 5020 734 5068 utnon
766 5015 1099 5082 habitantur,
1131 5027 1187 5073 et
1208 5019 1423 5083 domus,
1467 5026 1526 5071 ut
1575 5032 1681 5072 non
1722 5019 1834 5073 sint
1884 5017 1982 5072 ho-

393 5101 591 5166 mines,
641 5112 704 5158 et
751 5106 991 5175 posthaac
1048 5106 1320 5178 elongabit
1366 5107 1508 5163 Dens
1547 5107 1794 5162 homines
1829 5124 1844 5161 :
1876 5125 1896 5160 ι
1925 5116 1983 5161 ut

395 5193 522 5248 inde
547 5197 1034 5254 consummationis
1064 5207 1277 5270 tempus
1328 5198 1708 5270 intelligamus.
1755 5198 1981 5268 Oportet

389 5287 539 5339 enim
575 5287 808 5356 primum
834 5288 973 5344 bella
995 5295 1054 5344 et
1096 5303 1345 5344 rumores
1381 5289 1646 5344 bellorum
1679 5288 1887 5356 audire,
1928 5296 1984 5342 et

392 5388 610 5445 gentem
637 5379 690 5434 in
715 5389 958 5450 gentem,
985 5387 1043 5435 et
1065 5395 1289 5451 regnum
1317 5394 1506 5438 contra
1539 5396 1762 5456 regnum
1803 5383 1984 5438 insur-

392 5485 547 5542 gere,
575 5481 630 5527 et
655 5475 822 5531 urbes
865 5489 929 5531 ac
973 5475 1165 5530 domos
1212 5477 1433 5534 vastari.
1491 5477 1696 5535 Deinde
1739 5476 1816 5533 ita
1866 5475 1982 5532 fore

395 5571 511 5615 tum
541 5563 728 5631 finem,
753 5582 864 5637 quo
898 5567 1056 5639 longe
1085 5568 1212 5628 facti
1243 5581 1368 5626 sunt
1415 5570 1683 5637 homines,
1728 5570 1982 5640 deinceps

470 5717 514 5747 ³³
573 5727 674 5782 lsa.
707 5744 744 5796 ι,
794 5735 847 5786 9.

2102 1978 2447 2049 ἐρημωθῶσι
2479 1979 2690 2044 πόλεις
2711 1978 2872 2047 παρὰ
2904 1978 2971 2033 τὸ
3002 1978 3090 2048 μὴ
3127 1977 3570 2044 κατοικεῖσθαι,
3600 1978 3701 2031 καί

2102 2065 2272 2133 οἴκοι,
2319 2069 2478 2138 παρὰ
2525 2071 2591 2126 τὸ
2629 2071 2718 2139 μὴ
2761 2066 2913 2125 εἶναι
2950 2070 3303 2139 ἀνθρώπους
3326 2111 3340 2134 ,
3387 2069 3488 2123 καί
3540 2069 3578 2135 ἡ
3621 2067 3700 2139 γῆ

2103 2160 2646 2228 καταλειφθήσεται
2675 2161 2916 2228 ἕρημος.
2946 2159 3053 2214 Καὶ
3069 2159 3222 2229 μετὰ
3253 2158 3440 2213 ταῦτα
3463 2175 3700 2228 11apr-

2100 2252 2192 2306 νεῖ
2225 2256 2257 2307 ό
2291 2253 2436 2318 Θεὸς
2462 2252 2603 2319 τοὺς
2640 2250 3014 2321 ἀνθρώπους,
3041 2251 3143 2306 καὶ
3181 2255 3237 2307 οί
3267 2253 3705 2322 καταλειφθέν-

2101 2362 2200 2410 τες
2236 2345 2778 2413 πληθυνθήσονται
2797 2344 2897 2399 ἐπὶ
2931 2345 3042 2415 τῆς
3061 2345 3196 2416 τῆς.

2173 2437 2352 2490 Δέδιεν
2383 2439 2411 2490 ὁ
2445 2437 2750 2508 προφήτης,
2786 2435 2861 2507 μὴ
2905 2436 3017 2506 ἄρα
3047 2436 3322 2508 διηνεκὴς,
3369 2437 3462 2490 καὶ
3492 2435 3705 2490 ἀκατά-

2099 2528 2296 2600 ληκτος
2355 2531 2713 2601 ἑπενήνεκται
2763 2531 2876 2592 τοῖς
2929 2527 2992 2594 ἑξ
3043 2528 3258 2601 Ἰσραὴλ
3319 2531 3353 2600 ή
3417 2527 3700 2600 πώρωσις.

2098 2620 2286 2694 Ταύτῃ
2331 2639 2410 2674 τοι
2447 2623 2540 2675 καὶ
2573 2621 2858 2693 διαμαθεῖν
2908 2620 3051 2687 ἀξιοῖ
3099 2620 3191 2674 τὸν
3228 2621 3441 2692 χρόνον,
3480 2619 3601 2674 καθ’
3637 2621 3704 2673 δν

2097 2716 2250 2769 ἔσται
2289 2715 2445 2769 τοῦτο
2483 2716 2690 2779 αὐτοῖς,
2743 2714 2839 2768 καὶ
2888 2714 3051 2786 μέχρι
3092 2713 3236 2776 τίνος
3276 2714 3594 2784 παρατείνει
3636 2713 3704 2765 τὸ

2098 2809 2462 2883 ἀρρώστημα.
2486 2809 2597 2862 Καὶ
2628 2808 2763 2878 πρός
2792 2824 2857 2876 γε
2879 2807 2942 2879 δὴ
2972 2806 3143 2860 ταῦτα
3171 2806 3302 2871 Θεὸς
3337 2805 3704 2878 προαγορεύει

2095 2904 2194 2975 τὴν
2223 2901 2424 2974 δῂωσιν
2454 2900 2633 2954 αὐτῶν
2663 2917 2719 2952 τε
2755 2899 2866 2952 τῶν
2909 2897 3321 2970 Ἰεροσολύμων,
3349 2897 3444 2950 καὶ
3477 2897 3700 2966 ἀπάσης

2095 2995 2195 3066 τῆς
2245 2993 2514 3046 Ἰουδαίων
2560 2990 2762 3063 χώρας,
2807 2991 2900 3046 καί
2936 3007 3120 3062 φησιν·
3148 3008 3167 3041 ι
3195 2990 3339 3052 Ἕως
3380 2988 3446 3042 ἂν
3475 2991 3702 3059 ὲρημω⁴

2097 3086 2230 3140 θῶσι
2281 3083 2464 3146 πόλεις
2518 3082 2672 3153 παρὰ
2725 3082 2786 3135 τὸ
2845 3080 2920 3153 μὴ
2961 3081 3359 3145 κατοικεῖσθαι,
3407 3081 3503 3134 καὶ
3554 3076 3700 3134 οἴκοι

2097 3178 2248 3248 παρὰ
2273 3176 2334 3230 τὸ
2367 3175 2441 3247 μὴ
2473 3170 2614 3228 εἶναι
2644 3173 2983 3246 ἀνθρώπους.
3018 3193 3036 3225 ι
3083 3175 3147 3227 Ὃ
3179 3173 3244 3245 δὴ
3281 3175 3374 3229 καὶ
3404 3175 3482 3238 είς
3518 3174 3698 3243 πέρας

2097 3269 2430 3338 ἐκϐέϐηκεν,
2481 3267 2893 3322 Οὐεσπασιανοῦ
2954 3285 3014 3322 τε
3064 3267 3161 3321 καὶ
3205 3266 3366 3320 Τίτου
3411 3265 3700 3339 καταδῃω-

2098 3362 2304 3415 σάντων
2331 3364 2428 3430 τὴν
2461 3359 2722 3413 Ἰουδαίαν
2751 3359 2890 3430 μετὰ
2915 3357 3006 3412 τὸν
3035 3357 3128 3412 τοῦ
3153 3358 3406 3430 Σωτῆρος
3437 3355 3694 3429 σταυρὸν,

2095 3452 2190 3506 καὶ
2219 3452 2486 3523 ἀνάληψιν
2523 3453 2624 3520 τὴν
2651 3453 2730 3516 είς
2755 3449 3040 3522 οὐρανούς.
3081 3450 3203 3504 "Oct
3225 3449 3282 3502 δὲ
3315 3449 3374 3503 οὐ
3413 3448 3574 3520 μέχρι
3597 3447 3694 3502 τοῦ

2093 3544 2266 3597 ταῦτα
2290 3545 2505 3604 παθεῖν,
2537 3543 3010 3614 ἑκμετρηθήσεται
3043 3543 3156 3605 τοῖς
3189 3539 3507 3594 ἀπειθοῦσιν
3537 3543 3570 3610 ή
3600 3539 3696 3593 κό-

2095 3635 2271 3698 λασις,
2331 3632 2456 3687 οὕτε
2499 3632 2606 3704 μὴν
2632 3633 2713 3696 εἰς
2736 3631 2882 3687 ἅπαν
2908 3632 3075 3704 ἡγουν
3103 3630 3379 3702 ὁλόρριζος
3417 3631 3446 3682 ὁ
3476 3627 3696 3700 Ἰσραήλ

2093 3728 2398 3798 οἰχήσεται,
2423 3725 2765 3797 καταμηνύει
2790 3725 2986 3794 λέγων’
3023 3743 3044 3777 ι
3082 3724 3194 3779 Καὶ
3223 3721 3360 3795 μετὰ
3386 3721 3560 3776 ταῦτα
3587 3737 3696 3792 μα-

2094 3822 2286 3891 κρυνεῖ
2327 3823 2356 3873 ὁ
2398 3819 2530 3882 Θεὸς
2567 3819 2694 3883 τοὺς
2719 3816 3059 3890 ἀνθρώπους,
3091 3818 3186 3871 καὶ
3213 3818 3263 3870 οί
3286 3813 3693 3892 ,καταλειφθέν-

2091 3929 2204 3976 τες,
2241 3911 2716 3982 πληθυνθήσονται
2749 3910 2845 3964 ἐπὶ
2865 3911 2966 3982 τῆς
3000 3911 3122 3981 γῆς.
3165 3929 3186 3962 ι
3235 3907 3693 3981 Ἐμακρύνθησαν

2094 4001 2194 4071 μὲν
2218 4000 2336 4072 -γὰρ
2365 4000 2473 4054 ἀπὸ
2504 4000 2660 4067 Θεοῦ,
2689 4000 2786 4055 καὶ
2812 4000 3001 4070 ἁγίους
3022 4000 3403 4064 ἀπεκτονότες,
3432 3999 3694 4072 προσθέν·

2091 4111 2179 4157 τες
2213 4093 2271 4148 δὲ
2300 4093 2392 4147 τὸν
2426 4093 2668 4164 ἀρχηγὸν
2699 4093 2800 4165 τῆς
2830 4090 2992 4164 ζωῆς.
3033 4093 3098 4146 Οί
3127 4093 3183 4146 δὲ
3213 4091 3278 4163 δὴ
3303 4090 3698 4161 καταλειφθέν-

2088 4202 2202 4250 τες,
2241 4185 2388 4238 τοῦτ’
2422 4184 2591 4249 ἐστιν,
2629 4186 2678 4238 οἱ
2719 4184 3208 4256 περισεσωσμένοι,
3248 4183 3344 4237 καὶ
3386 4199 3692 4236 πεπιστευ-

2088 4280 2244 4343 κότες
2285 4279 2366 4343 εἰς
2413 4276 2673 4348 Χριστὸν,
2711 4277 2762 4331 οἶ
2812 4276 2907 4330 καί
2955 4278 3062 4328 εἰσι
3103 4275 3166 4328 τὸ
3205 4275 3558 4346 κατάλειμμα
3594 4275 3692 4329 τοῦ

2100 4367 2341 4442 Ἰσραὴλ,
2364 4369 2422 4421 ἑν
2446 4366 2637 4438 πολλῇ,
2657 4366 2844 4436 φησιν,
2868 4364 3084 4419 ἔσονται
3107 4363 3328 4437 πληθύῖξ.
3351 4364 3694 4418 Πεπίστευκε

2089 4462 2197 4532 γὰρ
2230 4460 2290 4512 οὐ
2342 4458 2518 4530 βραχὺ
2557 4458 2722 4528 μέρος
2757 4457 2850 4510 τοῦ
2897 4457 3135 4528 Ἰσραὴλ,
3179 4457 3273 4510 καὶ
3311 4455 3469 4510 τοῦτο
3502 4458 3560 4509 ἑν
3587 4457 3694 4527 ἁρ-

2091 4554 2215 4621 χαίς
2271 4548 2363 4602 τοῦ
2411 4548 2620 4618 βιϐλίου
2678 4550 2772 4602 καὶ
2806 4549 2969 4612 αὐτὸς
3011 4551 3040 4602 ὁ
3085 4548 3357 4620 μακάριος
3401 4551 3693 4620 προφήτης

2101 4644 2330 4705 Ἡσαΐας
2379 4641 2683 4712 μεμήνυκε,
2730 4641 2926 4710 λέγων·
2962 4660 2981 4693 t
3008 4641 3120 4695 Καὶ
3150 4642 3200 4695 εί
3243 4641 3318 4713 μὴ
3345 4640 3549 4712 Κύριος
3583 4641 3694 4696 Zat-

2089 4732 2238 4788 ϐαὼθ
2275 4733 2638 4802 ἑγκατέλιπεν
2677 4733 2810 4804 ήμῖν
2841 4733 3086 4806 σπέρμα,
3121 4733 3197 4796 ώς
3224 4732 3432 4803 Σόδομα
3470 4731 3536 4786 ἂν
3567 4733 3694 4802 ὲγε-

2087 4824 2354 4896 νήθημεν,
2373 4824 2468 4878 καὶ
2494 4823 2569 4888 ὼς
2593 4823 2850 4896 Γομόρῤα
2884 4823 2952 4878 ἂν
2974 4822 3360 4894 ὡμοιώθημεν.
3401 4841 3421 4876 ι
3441 4825 3603 4877 Δοκεῖ
3633 4823 3694 4878 δέ

2085 4935 2197 4973 τισι
2230 4919 2321 4972 καὶ
2353 4917 2554 4988 ἑτέρως
2581 4919 2722 4970 νοεῖν
2753 4916 2863 4969 τῶν
2894 4915 3274 4987 προκειμένων
3303 4915 3401 4986 τὴν
3431 4915 3690 4986 δύναμιν.

2087 5013 2468 5082 Διερωτῶντος
2496 5009 2554 5063 δὲ
2582 5009 2676 5063 τοῦ
2711 5009 3017 5080 προφήτου,
3039 5008 3134 5062 καὶ
3159 5008 3461 5079 ἁναμαθεῖν
3485 5007 3693 5061 ἐθέλον-

2088 5121 2180 5167 τος
2209 5107 2289 5166 είς
2321 5103 2442 5156 τίνα
2477 5102 2573 5155 καὶ
2604 5101 2769 5155 πόσον
2798 5099 3165 5170 ἑκταθήσεται
3195 5100 3386 5171 καιρὸν
3428 5102 3461 5172 ή
3489 5099 3692 5172 πώρω-

2089 5213 2193 5261 σις,
2241 5194 2598 5266 ἀποκρίνεται
2632 5193 2801 5257 Θεόςο
2844 5211 2862 5244 t
2903 5192 3050 5256 Ἕως
3097 5191 3164 5246 ἃν
3207 5191 3573 5264 ὲρημωθῶσιν
3630 5193 3688 5244 αἱ

2087 5289 2293 5351 πόλεις,
2318 5286 2474 5359 παρὰ
2492 5287 2554 5340 τὸ
2594 5285 2668 5356 μὴ
2699 5284 3096 5350 κατοικεῖσθαι,
3135 5285 3229 5339 καὶ
3255 5279 3417 5348 οἶκοι,
3449 5282 3601 5355 παρὰ
3628 5284 3688 5337 τὸ

2090 5383 2166 5454 μὴ
2210 5377 2351 5436 εἶναι
2389 5378 2747 5453 ἀνθρώπους,
2803 5379 2898 5434 καὶ
2927 5379 3068 5448 μετὰ
3137 5376 3310 5434 ταῦτα
3344 5379 3615 5450 μακρυνεῖ
3656 5377 3686 5429 ό

2086 5478 2219 5541 Θεὸς
2242 5477 2366 5540 τοὺς
2387 5471 2728 5546 ἀνθρώπους
2756 5492 2774 5524 ι
2802 5471 2887 5526 ἵνα
2913 5470 3001 5526 διὰ
3016 5471 3210 5526 τούτου
3239 5472 3448 5542 νοῶμεν
3468 5470 3560 5524 τὸν
3582 5468 3686 5540 τῆς

2090 5568 2400 5630 συντελείας
2433 5565 2643 5635 καιρόν.
2676 5566 2771 5618 Δεῖ
2796 5564 2905 5636 γὰρ
2934 5563 3201 5636 πρότερον
3228 5563 3497 5634 πολέμους
3535 5563 3684 5633 ἡμᾶς
