4016 6582
426 392 529 453 189

1602 391 1671 457 IN
1713 392 1940 458 ISAIAM
1983 396 2112 460 LIB.
2154 405 2194 463 Ι.
2235 396 2448 465 ORAT.
2490 406 2579 465 IV.

3648 409 3754 470 190

437 520 692 584 ὶκοῦσαι,
738 522 838 576 καὶ
884 522 1059 587 ἀκοὰς
1110 521 1365 594 πολέμων
1391 561 1405 584 ,
1457 522 1761 592 ἁναστῆναί
1797 541 1857 577 τε
1891 524 2021 579 ἔθνο.

2150 529 2407 584 nimirum
2435 540 2557 599 post
2593 540 2805 600 tempus
2844 530 3267 586 resurrectionis
3310 531 3575 600 integram
3631 531 3752 586 lon-

433 616 513 669 ἐπ’
546 613 732 677 ἔθνος,
778 613 877 668 καὶ
912 613 1192 683 βασιλείας
1230 616 1325 668 ἐπὶ
1360 613 1657 684 βασιλείας,
1684 617 2044 688 ἐρημωθῆναί

434 725 485 761 τε
532 705 751 769 πόλεις,
798 706 899 759 καὶ
945 706 1151 771 οἴκους,
1185 703 1286 761 εἷθ’
1327 707 1471 761 οὕτω
1504 708 1568 761 τὸ
1613 709 1795 772 τέλοςο
1836 709 1956 780 μεθ’
1983 709 2045 765 ὃν

434 798 814 871 μακρύνονται
846 799 1038 854 λοιπὸν
1068 802 1117 853 oi
1145 799 1446 873 ἄνθρωποι,
1479 802 1618 874 μετὰ
1653 801 1747 858 τὸν
1779 803 1881 875 τῆς
1906 803 2044 857 ἀνα-

439 892 673 955 στάσεως
709 891 965 962 δηλονότι
1011 897 1225 964 καιρὸν,
1256 894 1348 947 τὸν
1381 894 1560 965 εὐαγῆ
1591 897 1685 949 καὶ
1716 894 2045 968 μακραίωνα

436 984 726 1050 διαζῶντες
755 984 898 1056 βίον,
934 988 1289 1059 ἀνῃρημένης
1335 990 1416 1053 είς
1458 987 1606 1042 ἅπαν
1652 989 1753 1059 τῆς
1810 988 2042 1060 φθορᾶς,

434 1078 522 1131 καὶ
544 1079 990 1149 κατηργημένου
1019 1078 1113 1133 τοῦ
1137 1079 1391 1143 θανάτου,
1406 1082 1501 1134 καὶ
1518 1081 1739 1152 ἀπάσης
1768 1080 2047 1153 ἁμαρτίας

2153 637 2385 693 gamque
2439 624 2606 678 vitam
2661 625 2924 689 viventes,
2968 624 3192 679 interitu
3228 639 3454 694 prorsus
3513 623 3746 690 sublato,

2153 725 2327 770 morte
2354 716 2657 777 exinanita.
2697 718 2956 788 omnique
2982 726 3206 786 peccato
3251 716 3522 771 submoto.
3561 715 3747 772 Exem-

2153 816 2335 862 catum
2367 821 2494 862 vero
2520 807 2772 862 lsraelcm
2793 823 2933 873 esse,
2965 819 3018 862 et
3037 808 3298 863 extremis
3317 809 3501 862 mundi
3537 818 3749 878 tempo-

2152 901 2306 956 ribus
2332 902 2658 963 vocandum.
2689 916 2809 955 cum
2846 901 3129 971 Scriptura
3170 900 3435 955 divinitus
3480 900 3745 969 inspirata

2153 992 2297 1049 clare
2318 991 2568 1057 aiiirmet,
2594 993 2897 1062 producere
2924 1003 2981 1048 et
3004 995 3328 1064 conquirere
3371 992 3493 1049 ﬁdei
3538 993 3747 1049 faciens

2152 1085 2235 1138 da;
2264 1093 2603 1153 argumenta,
2632 1083 2997 1139 frustraneum
3022 1100 3144 1139 esse
3177 1086 3434 1139 arbitror.

426 1169 807 1244 ἐξῃρημένης.
850 1174 977 1227 Ὅτι
1025 1173 1084 1227 δὲ
1125 1175 1464 1246 πεπὼρωται
1499 1178 1528 1230 ὁ
1570 1175 1810 1248 Ἰσραὴλ,
1870 1176 2199 1248 κεκλήσεται
2239 1195 2305 1247 γε
2367 1178 2473 1250 μὴν
2536 1179 2595 1231 ἐν
2645 1178 2894 1250 ἐσχάτοις
2952 1176 3045 1232 τοῦ
3105 1178 3299 1242 αἰῶνος
3337 1181 3582 1249 καιροῖς,
3641 1179 3743 1250 τῆς

424 1266 795 1322 θεοπνεύστου
835 1269 1065 1340 Γραφῆς
1091 1269 1356 1342 λεγούσης
1392 1269 1583 1341 σαφῶς
1611 1288 1672 1325 τε
1716 1272 1811 1325 καὶ
1841 1273 2107 1345 ἐναργῶς,
2147 1275 2355 1328 είκαῖον
2383 1270 2537 1345 οἶμαι
2564 1274 2624 1327 τὸ
2652 1273 3034 1338 διατείνεσθαι,
3068 1275 3161 1329 καὶ
3185 1272 3373 1347 ζητεῖν
3394 1274 3464 1327 τὰ
3486 1273 3744 1329 τελοῦντα

424 1363 563 1435 πρὸς
596 1364 1009 1437 πληροφορίαν.
1107 1412 1111 1425 ,

491 1459 612 1517 Καὶ
659 1462 753 1515 ἐτι
800 1462 897 1515 ἐπ’
950 1459 1142 1530 αὐτῆς
1191 1463 1322 1516 ἐστι
1382 1462 1449 1516 τὸ
1507 1462 1885 1527 ἐπιδέκατον,
1938 1463 2036 1518 καὶ

419 1555 617 1610 πάλιν
654 1553 911 1610 ἔσονται
955 1557 1046 1620 εὶς
1093 1553 1410 1624 προνομὴν
1447 1554 1529 1620 ὡς
1561 1556 1894 1624 τερέϐινθος
1935 1557 2035 1610 καὶ

416 1648 501 1714 ὠς
538 1646 832 1713 ,ϐάλανος
868 1646 1020 1701 ὅταν
1045 1647 1278 1717 ἐκπέσῃ
1313 1649 1434 1703 ἀπὸ
1467 1648 1577 1717 τῆς
1603 1648 1795 1717 θήκης
1824 1650 2032 1706 αὐτοῦ.

488 1741 889 1813 Διαμέμνηται
922 1740 1021 1795 καὶ
1052 1739 1151 1794 νῦν
1183 1740 1486 1813 ἱστορίαςιό
1520 1741 1862 1813 προφητικὸς
1895 1742 2032 1814 ἡμῖν

2217 1462 2385 1521 Vsus.
2426 1466 2508 1522 l5.
2537 1465 2605 1521 Et
2635 1468 2808 1520 adhuc
2834 1469 2883 1520 in
2908 1467 3000 1519 illa
3032 1475 3108 1521 est
3131 1465 3433 1528 decimatio,
3476 1475 3523 1519 et
3561 1481 3743 1520 rursus

2142 1569 2296 1612 erunt
2322 1558 2606 1624 direptioni
2646 1570 2700 1611 ut
2738 1560 3086 1623 terebinthus,
3132 1568 3180 1612 et
3220 1568 3278 1612 ut
3323 1558 3479 1627 glans
3529 1557 3744 1627 quando

2142 1651 2393 1705 exciderit
2422 1667 2486 1705 ea:
2515 1650 2668 1704 theca
2697 1668 2817 1706 sua.

2213 1743 2407 1799 incidit
2437 1743 2604 1799 etiam
2639 1744 2861 1797 nuncin
2910 1743 3239 1797 mentionem
3289 1742 3531 1798 ltistorize
3600 1758 3730 1813 pro-

416 1830 605 1901 λόγος,
638 1834 709 1905 ἧν
745 1834 1074 1902 ἀναγκαῖον,
1115 1832 1193 1898 ὡς
1236 1832 1436 1899 ἔοικεν,
1485 1836 1682 1889 εἰπεῖν·
1722 1834 1878 1888 ἔσται
1924 1836 2021 1907 γὰρ

2141 1837 2355 1907 pbetica
2387 1836 2586 1902 oratio,
2621 1852 2783 1904 quam
2815 1853 3038 1891 necesse
3075 1845 3178 1901 est,
3229 1845 3289 1890 ut
3328 1836 3559 1902 videtur,
3593 1853 3740 1892 com.

412 1923 566 1980 οὕτω
601 1927 777 1995 σαφὲς
818 1926 879 1980 τὸ
918 1924 1269 2005 δηλούμενον.
1306 1926 1881 1999 Καταστρατευόντων
1919 1945 2033 1981 τοι-

411 2018 631 2091 γαροῦν
690 2017 799 2090 τῆς
858 2016 1133 2074 Ἰουδαίων
1190 2017 1395 2090 χώρας,
1458 2019 1533 2083 ὡς
1589 2018 1691 2091 ἤδη
1749 2020 2045 2090 προεῖπον,

408 2110 844 2167 οὑεσπασιανοῦ
888 2127 951 2164 τε
981 2111 1078 2165 καὶ
1116 2110 1300 2175 Τίτου,
1327 2111 1693 2183 δεδαπάνηται
1726 2112 1825 2184 μὲν
1859 2115 1892 2184 ἡ
1923 2112 2033 2166 τῶν

423 2202 709 2257 Ἰουδαίων
752 2203 930 2274 χώρα,
980 2203 1172 2258 πόλεσί
1220 2220 1281 2257 τε
1313 2205 1452 2274 ὁμοῦ
1499 2204 1595 2258 καὶ
1633 2204 1818 2269 αὐτοῖς
1862 2205 2034 2269 οίκοις

408 2297 897 2369 ἐμπεπρησμένη,
943 2295 1127 2368 θέαμα
1181 2296 1354 2353 δεινὸν
1377 2338 1393 2364 ,
1451 2298 1545 2352 καὶ
1598 2297 1801 2363 παντὸς
1844 2298 2030 2353 οἴκτου

410 2389 622 2458 μεστὸν
666 2392 781 2454 τοῖς
814 2388 1019 2462 ὁρῶσιν
1054 2385 1146 2462 ἦν,
1185 2389 1534 2461 ὀλιγανδρίας
1567 2390 1726 2462 ἥκειν
1752 2392 1834 2455 είς
1869 2391 2032 2445 τοῦτο

406 2481 608 2536 λοιπὸν
628 2482 693 2535 τὸ
721 2482 873 2543 ἔθνος
899 2484 1105 2547 αὐτοῖς,
1135 2484 1212 2547 ob;
1233 2484 1331 2556 τῆς
1354 2483 1617 2555 ἀληθείας
1641 2484 1743 2538 οὐκ
1776 2485 2031 2557 ἀφαμαρο

403 2577 528 2627 τεῖν
570 2573 667 2627 τὸν
700 2574 952 2642 λέγοντα,
988 2574 1403 2645 περιλελεῖφθαι
1454 2574 1607 2644 μόλις
1654 2577 1714 2628 ἐν
1760 2574 1898 2646 αὐτῇ
1933 2574 2026 2629 τοῦ

407 2668 623 2731 παντὸς
675 2665 852 2738 δήμου
902 2665 966 2719 τὺ
1019 2666 1366 2722 ἐπιδέκατον.
1417 2662 1549 2720 Εἶτα
1611 2667 2023 2721 διατετελέκασι

408 2761 649 2832 κρόνους
694 2758 850 2823 τινὰς
884 2756 1213 2831 τρεφόμενοι
1254 2759 1353 2830 μὲν
1385 2762 1445 2813 ἐν
1494 2759 1711 2831 εἰρήνῃ,
1755 2759 1897 2828 πλὴν
1927 2762 2029 2813 οὐκ

408 2852 521 2917 ἔξω
552 2852 856 2923 δειμάτων,
893 2851 990 2906 τοῦ
1026 2853 1123 2905 καὶ
1158 2851 1402 2915 είσαῦθις
1440 2851 1636 2906 παθεῖν
1669 2852 1773 2924 τὴν
1799 2850 2023 2925 δῄωσιν,

405 2945 435 2999 ὅ
466 2945 536 3015 δὴ
575 2946 672 2998 καὶ
704 2944 955 3013 γέγονεν.
1001 2942 1283 3017 Ἀδριανὸς
1317 2945 1427 3016 γὰρ
1471 2945 1614 2999 κατὰ
1656 2946 1885 3016 καιροὺς
1914 2944 2026 2999 τῶν

417 3037 717 3109 Ῥωμαίων
755 3039 1038 3109 βασιλείας
1086 3037 1291 3093 διέπων
1327 3041 1455 3102 τοὺς
1508 3038 1709 3103 θάκους
1730 3080 1745 3104 ,
1785 3040 1879 3092 καὶ
1916 3040 2023 3112 μὴν

2139 1943 2447 1983 memorare
2484 1946 2499 1984 :
2545 1930 2626 1983 sic
2690 1928 2798 1983 erit
2834 1929 2976 1996 quod
3022 1930 3313 1997 exponitur
3360 1926 3735 1984 manifestum.

2137 2020 2588 2092 Oppugnantibus
2619 2019 2782 2088 igitur
2830 2021 3107 2091 regionem
3156 2019 3467 2084 Judaicam,
3524 2030 3582 2073 ut
3616 2020 3733 2091 jam

2136 2123 2260 2167 ante
2285 2113 2420 2177 dixi,
2456 2113 2788 2183 Vespasiano
2825 2121 2880 2166 et
2921 2112 3067 2176 Tito,
3130 2113 3245 2182 ipsa
3298 2112 3434 2167 adeo
3469 2113 3603 2166 urbs
3640 2109 3736 2166 Ju-

2136 2206 2373 2259 tlmorum
2401 2205 2583 2259 excisa
2618 2215 2722 2269 est,
2758 2222 2862 2259 una
2893 2220 3016 2259 cum
3048 2203 3361 2260 civitatibus
3399 2212 3456 2260 et
3480 2204 3735 2262 domibus

2133 2306 2352 2362 exusta,
2383 2307 2438 2350 et
2471 2297 2842 2368 spectaculum
2888 2296 3111 2352 crudele
3152 2295 3277 2363 fuit,
3320 2311 3384 2352 ac
3424 2296 3735 2352 videntibus

2133 2405 2296 2460 quam
2338 2389 2824 2445 luctuOsissimum.
2862 2390 3073 2447 Etenim
3112 2390 3179 2444 ad
3231 2400 3437 2444 tantam
3487 2390 3731 2444 virorum

2134 2482 2459 2553 paucitatem
2505 2498 2638 2552 gens
2669 2482 2886 2536 illorum
2920 2482 3135 2547 recidit,
3172 2491 3287 2536 uta
3324 2496 3452 2537 vero
3479 2481 3732 2536 deﬂuxu-

2133 2590 2354 2629 rusuon
2400 2576 2492 2638 sit,
2537 2575 2627 2642 qui
2671 2575 2756 2627 vix
2799 2576 2965 2628 totius
2996 2575 3176 2645 populi
3217 2573 3632 2629 docimationem
3676 2574 3729 2628 in
3796 2606 3805 2613 ~

2129 2683 2191 2723 ea
2219 2668 2554 2739 superfuisse
2573 2668 2791 2721 dixerit.
2815 2667 3018 2721 Deinde
3045 2667 3445 2736 aliquantulum
3472 2667 3732 2736 temporis

2132 2761 2183 2815 in
2211 2775 2342 2831 pace
2370 2761 2463 2815 alti
2489 2758 2910 2827 conservatique
2960 2769 3400 2827 permanserunt,
3441 2775 3545 2813 non
3590 2758 3728 2812 citra

2129 2864 2332 2909 metum
2373 2864 2552 2907 tamen
2609 2852 2775 2907 etiam
2820 2851 3075 2921 deinceps
3123 2852 3483 2905 vastationem
3534 2866 3730 2921 perpe-

2131 2947 2295 3002 tiendi
2329 2946 2508 3016 :quod
2539 2944 2740 3002 factum
2775 2952 2882 3001 est.
2912 2943 3047 2999 Nam
3092 2943 3365 2998 Adrianus
3398 2943 3526 2997 olim
3574 2943 3728 3012 regni

2128 3038 2357 3093 Romani
2402 3037 2594 3093 solium
2644 3046 2855 3100 tenens.
2907 3046 2965 3091 et
3012 3035 3317 3091 Antiochus
3364 3033 3616 3099 lllustris,
3672 3034 3726 3088 in

418 3130 701 3202 ’Ᾱντίοχος
724 3131 960 3203 ἐπίκλην
1000 3131 1325 3203 Ἐπιφανὴς,
1364 3130 1712 3204 κατέδραμον
1755 3134 1855 3204 τῆς
1891 3134 2020 3186 Ἰου-

2131 3131 2404 3201 regionem
2436 3127 2750 3185 Iudaeorum
2788 3127 3159 3182 incursionem
3204 3126 3472 3188 fecerunt,
3504 3135 3559 3180 et
3593 3122 3727 3178 nihil

402 3222 579 3277 δαίων
606 3223 819 3295 χώρας,
855 3223 954 3278 καὶ
985 3222 1139 3287 οὐδὲν
1160 3218 1321 3295 ἦνέν
1360 3220 1540 3293 μείοσι
1571 3221 1681 3275 τῶν
1713 3221 1882 3275 πάλαι
1918 3239 2020 3275 κα-

403 3315 525 3371 κῶν
587 3316 1137 3389 προοερημουμένων
1197 3314 1490 3387 λειψάνων,
1533 3313 1902 3386 πεμπομένων
1941 3316 2022 3380 είς

403 3410 802 3480 αἰχμαλωσίαν
849 3410 962 3463 τῶν
1002 3408 1481 3480 κατειλημμένων,
1525 3409 1615 3461 ὅτε
1665 3407 1763 3462 καὶ
1804 3407 1875 3463 τὰ
1911 3406 2021 3462 τῶν

382 3496 781 3558 Μακκαῦαίων
793 3503 995 3575 συνέϐη
1020 3502 1277 3573 γενέσθαι
1299 3502 1469 3573 πάθη.
1494 3502 1617 3555 Τῶν
1649 3501 1905 3557 τοιούτων
1936 3502 2019 3556 δι-

401 3595 722 3668 ηγημάτων
742 3597 882 3668 ἡμῖν
910 3598 1149 3650 ποιεῖται
1183 3596 1283 3666 τὴν
1314 3596 1539 3667 μνήμην
1585 3597 1644 3648 ἐν
1674 3593 2019 3668 προηγορεύ-

403 3703 491 3743 σει
515 3688 686 3745 πάλιν
706 3691 737 3743 ό
757 3688 868 3743 τῶν
894 3688 1036 3744 ὅλων
1050 3688 1184 3753 Θεὸς
1206 3688 1300 3744 καί
1327 3706 1512 3762 φησιν·
1542 3709 1560 3742 ι
1590 3691 1826 3744 Ἔτι’ἐπ’
1849 3690 2018 3762 αὐτῆς

400 3784 525 3837 ἐστι
576 3782 643 3837 τὸ
692 3782 1038 3848 ἐπιδέκατον,
1075 3783 1170 3837 καὶ
1197 3783 1360 3839 πάλιν
1387 3783 1542 3839 ἔσται
1563 3784 1644 3848 εἰς
1675 3784 2010 3855 προνομήν.»

402 3875 483 3929 Οὐ
507 3875 623 3947 γὰρ
648 3873 757 3941 ἐξω
784 3874 1065 3946 φροντίδος
1092 3875 1360 3944 κείσεται,
1399 3877 1556 3948 φησὶ,
1590 3876 1697 3930 κᾶν
1732 3877 1782 3929 εί
1809 3877 1868 3930 ἐν
1901 3875 2014 3929 λει-

394 3968 599 4037 ψάνοις
629 3967 869 4037 γένοιτο,
908 3968 1007 4023 καὶ
1039 3967 1199 4022 τοῦτο
1243 3970 1483 4041 μικροῖς,
1528 3969 1639 4022 τῶν
1685 3967 1959 4022 Ἰουδαίων
1986 3967 2016 4021 ό

392 4060 600 4133 δῆμος
629 4059 750 4114 ἀλλ’
776 4061 934 4115 ἐσται
954 4059 1117 4115 πάλιν
1138 4062 1219 4125 είς
1242 4061 1545 4133 προνομήν.
1577 4061 1872 4129 Γενήσεται
1893 4059 1950 4115 δὲ
1979 4062 2013 4132 ή

393 4152 560 4225 χώρα
590 4153 688 4208 καὶ
713 4155 838 4208 τότε
864 4154 1029 4208 πάλιν
1060 4155 1246 4219 αὐτοῖς
1275 4153 1353 4218 ὡς
1377 4154 1708 4226 τερὲὁινθος,
1735 4156 1828 4209 καὶ
1859 4155 2015 4210 αὐτοὶ

389 4243 457 4301 δὲ
502 4246 585 4311 ὡς
637 4245 890 4317 βάλανος,
934 4246 1029 4301 ὅτε
1077 4246 1288 4318 ἐκπέσῃ
1323 4246 1431 4300 ἀπὸ
1466 4246 1568 4315 τῆς
1608 4245 1782 4319 θήκης
1820 4246 2008 4302 αὐτοῦ.

389 4339 577 4393 Φυτὸν
602 4339 703 4410 μὲν
731 4338 842 4410 γὰρ
871 4340 906 4410 ἡ
932 4338 1269 4411 τερέϐινθος,
1290 4338 1404 4391 ἀλλ’
1432 4340 1481 4391 εἰ
1507 4337 1723 4406 γένοιτο
1744 4339 1854 4392 τῶν
1886 4339 2014 4407 φύλ-

2112 3223 2469 3292 Super-iurum
2503 3221 2768 3275 malorum
2806 3218 2966 3291 113
3002 3234 3109 3273 non
3142 3228 3260 3272 erat
3308 3218 3362 3272 iu
3404 3218 3525 3273 istis
3566 3217 3729 3270 mini-

2124 3314 2230 3368 mis
2263 3315 2505 3385 quidem,
2539 3314 2787 3382 reliquiis
2821 3311 3144 3375 devastatis,
3184 3311 3367 3366 missis
3396 3311 3450 3365 iu
3495 3309 3725 3380 captivi-

2127 3415 2293 3459 tatem
2343 3405 2430 3459 his
2481 3404 2574 3474 qui
2631 3402 3010 3474 comprehensi
3061 3413 3240 3465 erant.
3300 3402 3519 3471 quando
3562 3402 3726 3457 ctiam

2123 3496 2554 3553 Maccabaanrum
2610 3496 2750 3550 mala
2805 3494 3142 3551 acciderunt.
3187 3491 3506 3562 Huiusmodi
3562 3494 3728 3562 igitur

2123 3589 2472 3645 historiarum
2510 3588 2845 3643 mentionem
2881 3586 3043 3641 nobis
3072 3584 3204 3641 facit
3228 3587 3408 3640 denuo
3447 3585 3499 3637 in
3535 3584 3729 3639 vatici-

2122 3682 2213 3735 niu
2247 3679 2622 3734 universitatis
2649 3677 2815 3743 Deus,
2845 3687 2901 3733 et
2926 3677 3101 3747 inquit
3130 3695 3143 3731 :
3172 3677 3516 3732 tAdhttcerit
3547 3676 3599 3730 in
3634 3675 3725 3730 illa

2119 3772 2432 3837 decimatio,
2463 3780 2517 3826 ct
2540 3786 2729 3827 rursus
2758 3770 2862 3824 erit
2894 3769 3241 3838 direptioni.»
3274 3765 3389 3823 Non
3412 3769 3556 3821 enim
3586 3782 3716 3821 cura

2120 3867 2408 3940 abjicietur
2439 3865 2619 3937 populi
2642 3864 2875 3931 Judaici,
2912 3864 3125 3920 tametsi
3155 3863 3366 3934 positus
3395 3863 3464 3917 sit
3513 3863 3567 3918 in
3597 3861 3725 3918 reli-

2117 3962 2263 4034 quiis
2280 3963 2463 4033 parvis
2493 3979 2507 4016 :
2528 3961 2622 4016 sed
2647 3975 2839 4015 rursus
2857 3960 2961 4013 erit
2985 3957 3295 4029 direptioni.
3313 3957 3533 4025 Eritque
3560 3956 3724 4010 etiam

2119 4057 2457 4111 tunciterum
2474 4054 2579 4110 illis
2593 4055 2742 4127 regio
2760 4068 2859 4110 ceu
2881 4052 3240 4117 terebinthus,
3256 4051 3424 4121 etipsi
3443 4038 3547 4104 ceu.
3569 4048 3725 4119 glans

2115 4150 2332 4221 quando
2372 4148 2637 4203 ceciderit
2678 4162 2709 4201 e
2758 4146 2916 4201 theca
2962 4161 3081 4199 sua.
3132 4144 3311 4199 Arbor
3363 4143 3581 4213 quidem
3638 4147 3724 4195 est

2118 4240 2480 4303 terebinthus,
2511 4249 2567 4291 at
2595 4238 2639 4292 si
2684 4237 2812 4292 folia
2863 4234 3211 4300 deduxerint,
3264 4232 3424 4288 valde
3473 4232 3581 4286 erit
3626 4232 3721 4285 de-

2117 4331 2330 4395 formis,
2394 4343 2574 4383 ramos
2616 4328 2823 4382 habens
2873 4326 3234 4381 aridissimos.
3287 4323 3415 4378 Pari
3496 4324 3711 4376 ratione

390 4428 510 4485 λων
540 4398 824 4501 ἀποϐολὴ,
843 4398 981 4483 πολὺ
998 4398 1075 4501 ’δὴ
1104 4398 1368 4498 λίαν-ἕχει
1396 4426 1458 4480 τὸ
1484 4398 1746 4497 ἀτερπὲς,
1775 4398 2012 4499 ξηρότάο

2129 4425 2279 4479 atiant
2319 4421 2489 4490 regio,
2540 4429 2600 4473 ut
2652 4419 2784 4473 mihi
2830 4417 3064 4483 videtur,
3126 4431 3252 4471 cum
3311 4398 3720 4473 habitatoribus

388 4538 527 4586 τ,υς
570 4522 711 4593 ἔχων
751 4522 880 4586 τοὺς
917 4520 1152 4585 κλῶνας.
1188 4521 1349 4575 Κατὰ
1368 4518 1559 4575 τοῦτον
1581 4513 1734 4590 οἶμαι
1764 4518 1857 4572 τὸν
1878 4521 2008 4590 τρό-

2129 4514 2230 4570 suis
2273 4514 2622 4576 destituetur,
2655 4508 2851 4566 similis
2880 4508 3105 4565 omnino
3132 4509 3240 4564 erit
3273 4507 3566 4564 arboribus
3609 4506 3722 4561 ari-

388 4628 522 4679 πον,
560 4615 657 4668 καὶ
681 4612 836 4686 χώρα
880 4610 1134 4667 παθοῦσα
1160 4611 1270 4665 τῶν
1296 4610 1650 4666 ἐνοικούντων
1679 4610 1852 4683 αὐτὴν
1876 4612 2006 4684 ἐρή-

393 4723 611 4778 μωσιν,
630 4709 690 4760 ἐν
722 4706 824 4779 ίσῳ
856 4724 963 4761 που
995 4706 1217 4769 πάντως
1250 4704 1438 4777 ξηροῖς
1462 4703 1618 4758 ἔσται
1653 4707 1862 4774 φυτοῖς,
1888 4707 2004 4766 τοῖς

389 4801 518 4857 κατ’
561 4802 736 4874 αὐτὴν
775 4801 879 4857 οὐκ
922 4800 1109 4873 ἔχουσι
1152 4800 1255 4871 τὴν
1289 4799 1480 4870 ἄνθην,
1521 4792 1658 4854 ἀλλὰ
1691 4798 1788 4854 καὶ
1830 4799 2006 4871 αὐτῆς

387 4893 683 4967 παθούσης
709 4895 811 4966 τῆς
839 4893 1089 4964 φυλλίδος
1119 4892 1217 4963 τὴν
1239 4891 1532 4965 ἀποϐολήν.
1576 4889 1812 4962 Ὁμοίως
1845 4894 1879 4964 ή
1910 4893 1999 4963 βά·

384 4972 556 5050 λανος
579 4985 793 5057 καρπὸς
821 4985 922 5056 μέν
949 4985 1070 5039 ἐστι
1095 4982 1279 5056 δρυός·
1307 4983 1444 5037 ὅταν
1470 4982 1527 5037 δὲ
1562 4982 1665 5053 τῆς
1697 4981 1873 5055 θήκης
1905 4985 2002 5038 ἐκο

385 5080 565 5153 πέσῃ,
591 5079 716 5133 τότε
746 5076 1146 5150 παρακείσεται
1167 5078 1283 5141 τοῖς
1305 5074 1554 5130 εἰωθόσιν
1580 5075 1751 5148 αὐτὴν
1782 5075 2007 5130 κατανέ-

386 5170 599 5243 μεσθαι
625 5168 737 5224 τῶν
768 5168 945 5234 ζώων.
970 5167 1183 5223 Οὐκοῦν
1212 5168 1245 5239 ἡ
1275 5166 1376 5240 μὲν
1404 5167 1515 5221 τῶν
1552 5166 1820 5221 Ἰουδαίων
1849 5166 2004 5239 χώρα

386 5262 716 5334 μεμίμηται
738 5260 839 5332 τὴν
862 5258 1177 5331 τερέϐινθον
1209 5258 1594 5313 ἀποϐαλοῦσαν
1624 5259 1695 5313 τὰ
1721 5258 1914 5328 φῦλλα.
1939 5261 2004 5314 Οί

380 5332 699 5427 season};
736 5352 1207 5416 ἅποπεπτωκότες
1237 5351 1325 5406 διὰ
1373 5350 1469 5405 τοῦ
1519 5351 1752 5423 δραμεῖν
1803 5352 1882 5415 είς
1915 5353 2005 5404 αἰ-

382 5448 738 5523 χμαλωσίαν,
768 5446 847 5513 ὡς
879 5446 1101 5517 βάλανοι
1155 5445 1453 5509 κείσονται,
1506 5444 1793 5516 μονονουχὶ
1828 5443 2002 5516 θήκης

385 5545 535 5608 ἰδίας
562 5542 990 5605 ἐκπεπτωκότες
1011 5542 1112 5611 τῆς
1138 5536 1474 5610 ἐνεγκούσης
1504 5536 1725 5603 αὐτούς.
1748 5537 2005 5592 Τοιοῦτόν

380 5650 438 5689 τι
480 5635 580 5691 καὶ
616 5635 648 5689 ό
681 5630 937 5705 Σολομών
970 5647 1158 5706 φησιν’
1199 5650 1217 5684 t
1250 5632 1464 5702 Ὥσπερ
1502 5630 1692 5700 ὄρνεον
1742 5630 1874 5685 ὅταν
1908 5631 2004 5685 ἐκ·

468 5813 516 5845 ³³
560 5812 705 5869 Prov
768 5826 938 5874 um.
973 5813 1028 5868 8.

2115 4609 2221 4675 dis,
2262 4622 2381 4695 tunc
2411 4604 2599 4660 ﬂorem
2650 4619 2806 4660 suum
2861 4618 2969 4659 non
3019 4603 3243 4667 habent,
3297 4601 3391 4658 sed
3448 4610 3504 4655 et
3565 4599 3715 4656 foiiis

2114 4693 2509 4757 destituuntur.
2564 4696 2838 4754 Similiter
2883 4696 3040 4768 glans
3092 4694 3304 4750 fructus
3361 4693 3722 4766 quidem’est

2115 4811 2379 4868 quercus;
2430 4794 2649 4868 quando
2691 4799 2874 4848 autem
2920 4795 3076 4848 theca
3130 4790 3420 4855 exciderit,
3467 4800 3580 4845 tum
3635 4791 3719 4846 his

2117 4904 2237 4958 qua:
2272 4903 2391 4943 eam
2438 4892 2731 4956 depascere
2759 4884 2941 4941 solent
2993 4883 3365 4939 animantibus
3416 4884 3714 4954 prostitueo

2118 4991 2226 5037 tur.
2264 4979 2500 5036 Proinde
2530 4977 2841 5035 Iudaeorum
2888 4977 3040 5048 regio
3081 4976 3298 5033 imitata
3356 4984 3442 5032 est
3485 4976 3720 5031 terebin-

2116 5075 2267 5130 thuut
2306 5089 2428 5145 quae
2462 5071 2591 5128 folia
2625 5070 2850 5141 abjecit.
2894 5068 2998 5136 Qui
3052 5077 3235 5123 autem
3280 5082 3345 5124 ea
3384 5067 3715 5133 exciderint,

2115 5167 2169 5222 in
2199 5164 2574 5234 captivitatem
2601 5161 2889 5235 fugientes,
2926 5159 3187 5232 iacebunt
3214 5159 3388 5215 instar
3411 5158 3710 5230 glandiUm.

2116 5256 2502 5327 prapemodum
2536 5269 2635 5310 sua
2686 5254 2871 5319 theca,
2917 5261 3084 5317 terra,
3122 5251 3365 5322 inquam,
3421 5266 3543 5321 qum
3593 5251 3718 5305 tulit

2107 5367 2201 5408 eos
2236 5348 2536 5405 exturbati.
2589 5345 2780 5402 Simile
2837 5343 3092 5414 quiddam
3161 5352 3218 5399 ct
3263 5343 3522 5399 Solomon
3574 5342 3653 5397 ait
3697 5357 3712 5395 :

2110 5464 2129 5497 ι
2169 5442 2323 5499 Sicut
2353 5442 2470 5496 avis
2505 5455 2631 5496 cum
2668 5436 2928 5494 ceciderit
2956 5449 3022 5491 ex
3053 5449 3154 5489 suo
3190 5434 3337 5502 nido,
3366 5433 3447 5488 sic
3466 5442 3520 5487 et
3549 5433 3714 5487 homo

2106 5553 2227 5592 cum
2252 5551 2351 5591 suo
2383 5535 2502 5590 loco
2526 5529 2891 5588 dimovebitur
2924 5527 2994 5582 “.
3040 5546 3060 5579 ι
3111 5526 3252 5594 Quid
3300 5524 3444 5579 enim
3492 5522 3578 5578 his
3617 5524 3709 5592 qui

2108 5631 2160 5685 in
2195 5627 2516 5701 captivitate
2546 5633 2673 5683 sunt
2717 5620 2837 5679 ﬁeri
2888 5628 3065 5691 potest
3115 5612 3516 5674 miserabilius?
3566 5612 3712 5683 Quid
