4016 6466
267 388 372 446 195

1459 375 1529 432 ΙΝ
1569 375 1806 435 ISAIAM
1843 375 1975 432 LIB.
2008 376 2051 434 l.
2087 374 2298 433 ORAT.
2342 374 2432 431 IV.

3467 386 3575 450 ιρι

260 478 716 550 Τελευτήσαντος
758 475 818 529 δὲ
860 474 955 528 καὶ
984 472 1079 528 τοῦ
1109 471 1287 528 causa
1323 469 1419 525 τοῦ
1468 471 1751 542 Ῥομελίου
1785 469 1881 526 τοῦ

1991 469 2236 527 lsraelem
2259 469 2532 541 captivum
2565 466 2809 537 abduxit,
2853 481 2909 527 et
2945 471 3009 528 in
3044 472 3241 531 ﬁnibus
3280 475 3571 538 Persarum

258 573 707 645 βασιλεύσαντος
733 568 876 623 κατὰ
909 567 1009 640 τὴν
1042 565 1360 638 Σαμαρείαν
1384 563 1480 617 ἐπὶ
1513 563 1605 617 τὸν
1636 563 1877 636 Ἰσραὴλ,

255 666 585 736 διαδέχεται
607 663 674 716 τὸ
701 662 985 732 σκῆπτρον
1023 658 1181 729 Ὠσηὲ
1211 656 1328 721 υἱὸς
1355 655 1519 722 Ἥλα,
1546 646 1609 709 οὗ
1638 654 1883 726 βασιλεύ-

272 776 483 821 σαντος,
518 755 753 827 ἔρχεται
777 752 923 806 κατὰ
952 751 1053 824 τὴν
1097 749 1412 822 Σαμαρείαν
1457 748 1829 820 Σαλμανασὰρ
1854 748 1884 800 6

275 851 583 924 ’Δσσόριος,
636 850 736 901 καὶ
789 839 900 900 εἷλε
962 845 1061 916 μὲν
1106 845 1307 906 πᾶσαν,
1348 841 1653 913 άπεκόμισε
1692 840 1750 894 δὲ
1792 839 1884 894 τὸν

297 944 500 1018 Ἰσραὴλ
558 941 938 1014 αἰχμάλωτον,
993 938 1088 992 καὶ
1130 935 1429 1008 ἀπῴκησεν
1467 936 1526 988 ἐν
1569 936 1685 997 τοῖς
1732 933 1884 1003 ὄρεσι

288 1034 498 1108 Περσῶν
534 1035 638 1088 καὶ
666 1033 893 1104 Μήδων·
931 1025 1050 1083 εἶτα
1085 1027 1239 1091 τινάς
1277 1027 1386 1081 τῶν
1418 1027 1510 1097 ὑφ’
1543 1024 1724 1096 ἑαυτῷ
1752 1042 1887 1079 κατ-

284 1130 438 1183 οικεῖν
495 1124 763 1180 ἐκέλευσε
803 1121 904 1195 τὴν
957 1117 1292 1192 Σαμαρείαν,
1328 1117 1419 1172 τόν
1453 1133 1515 1170 τε
1553 1118 1619 1170 ὲκ
1645 1112 1881 1179 Χουνθὰ,

281 1218 365 1274 καὶ
390 1217 487 1270 τὸν
512 1213 938 1286 Σαπφαρουῖαν.
967 1211 1291 1283 Γέγραπται
1329 1209 1439 1282 γὰρ
1472 1207 1648 1268 οὕτως
1681 1209 1739 1262 ὲν
1764 1209 1884 1270 ταῖς

276 1308 620 1372 Βασιλείαις,
659 1306 756 1361 καὶ
789 1304 1003 1376 μακρὸς
1037 1302 1137 1374 μὲν
1183 1304 1212 1355 6
1240 1304 1322 1372 ἐφ’
1358 1301 1574 1371 ἑκάστῳ
1602 1298 1711 1353 τῶν
1740 1300 1888 1370 εἰρη-

276 1403 451 1474 μένων
479 1399 647 1469 λόγος
689 1397 844 1469 παρά
891 1414 957 1465 γε
1000 1398 1067 1467 τῇ
1110 1393 1456 1464 θεοπνεύστῳ
1486 1393 1702 1465 Γραφῇ,
1744 1390 1885 1456 πλὴν

272 1494 591 1565 πεποίημαι
660 1490 764 1564 τὴν
821 1492 1104 1560 ἀφήγησιν
1161 1486 1577 1560 βραχυλογήσας
1641 1485 1718 1548 ὡς
1781 1484 1882 1540 ἔνι.

280 1581 557 1654 Ἐροῦμεν
605 1579 665 1633 δὲ
702 1578 800 1634 καὶ
844 1577 950 1632 ἀνὰ
987 1577 1153 1650 μέρος
1186 1577 1414 1641 ἕκαστα,
1442 1577 1563 1640 ταῖς
1607 1575 1716 1628 τῶν
1749 1592 1886 1646 προ-

268 1673 552 1743 κειμένων
584 1672 824 1735 ἐννοίαις
854 1670 1133 1742 ἑπόμενοι.
1152 1669 1240 1723 'Ev
1263 1670 1384 1733 ταῖς
1405 1667 1645 1739 ἡμέραις
1682 1667 1882 1733 τοίνυν,

268 1761 456 1832 φησιν,
489 1759 678 1832 ’Δχαζ
717 1759 813 1814 τοῦ
851 1759 1079 1813 ames.»
1112 1757 1206 1812 τοῦ
1234 1757 1353 1813 υἰοῢ
1397 1757 1575 1824 Ὀζῐου
1617 1756 1885 1828 βασιλέως

277 1850 477 1917 Ἰούδα,
554 1851 1068 1922 συμπεφωνήκασιν
1132 1850 1161 1903 ὃ
1207 1867 1267 1903 τε
1318 1848 1599 1904 Ῥαασσὼν
1632 1849 1883 1921 βασιλεὺς

1991 576 2057 618 ac
2092 559 2371 616 Medorum
2416 559 2749 618 collocavit:
2795 564 2990 620 deinde
3034 568 3301 637 quosdam
3345 573 3437 642 qui
3481 589 3573 631 se-

1986 669 2110 709 cum
2136 661 2309 720 eraut,
2332 652 2497 722 jussit
2537 654 2771 710 incolere
2802 653 3128 725 Samariam,
3173 663 3265 732 qui
3291 664 3357 718 de
3388 664 3575 721 Chun-

1996 748 2083 801 tlta
2116 756 2166 800 cl
2198 746 2613 816 Suppliarviam.
2660 745 2750 802 Sic
2792 749 2935 803 enim
2974 750 3026 805 in
3070 750 3274 823 Regnis
3308 757 3573 828 scriptum

1987 849 2092 894 est.
2136 838 2204 892 Et
2253 838 2469 907 quidem
2516 838 2583 893 de
2626 839 2851 909 singulis
2891 856 3010 911 quae
3040 843 3183 898 dicta
3238 855 3367 900 sunt
3412 847 3572 919 longa

1987 941 2075 987 est
2111 933 2162 986 in
2192 931 2473 1001 Scriptura
2506 931 2765 986 divinitus
2796 933 3057 1004 inspirata
3112 936 3314 1003 oratio,
3346 947 3403 994 at
3441 957 3573 993 nar-

1990 1028 2253 1081 rationem
2306 1028 2445 1082 lianc
2494 1037 2695 1095 quanta
2743 1026 2894 1083 licuit
2937 1029 3203 1085 brevitate
3259 1046 3576 1100 persecutus

1988 1137 2129 1175 sum.
2168 1119 2276 1175 Sed
2312 1120 2678 1190 particulatim
2711 1121 2957 1176 dicemus
2986 1121 3218 1193 singula,
3258 1124 3578 1179 verborum-

1987 1230 2094 1285 que
2120 1213 2445 1270 sententiam
2470 1214 2662 1270 ordine
2690 1213 3104 1285 explicabimus.
3149 1215 3347 1271 Diebus
3385 1217 3574 1285 igitur,

1987 1307 2184 1377 inquit,
2218 1307 2421 1363 Achazi
2448 1305 2545 1362 lllii
2586 1305 2857 1373 Joatham,
2909 1306 3003 1361 lilii
3046 1307 3172 1365 Oxae
3220 1310 3363 1379 regis
3410 1307 3572 1368 Juda.

1989 1400 2274 1457 ltbaasson
2310 1415 2402 1455 rex
2435 1399 2626 1464 Aram,
2658 1400 2762 1456 hoc
2804 1411 2891 1456 est
2921 1399 3118 1473 Syriae,
3157 1412 3213 1458 et
3252 1400 3464 1458 Pbacee
3509 1403 3575 1458 li-

1987 1491 2092 1546 lius
2128 1490 2388 1546 Romeliae
2414 1507 2511 1546 rex
2531 1492 2715 1557 Israel,
2746 1494 3132 1562 conspirarunt
3155 1505 3342 1551 contra
3385 1494 3576 1550 Hiero-

1987 1584 2220 1656 solyma,
2255 1592 2311 1639 et
2345 1594 2713 1654 pervenerunt
2746 1586 3019 1642 civitatem
3058 1585 3308 1649 deleturi.
3334 1600 3454 1641 eam
3488 1595 3575 1640 ta-

1989 1693 2111 1731 men
2140 1691 2454 1747 oppugnare
2488 1692 2594 1732 non
2633 1686 2955 1748 potuerunt.
2993 1677 3145 1734 Dicta
3184 1688 3312 1735 sunt
3340 1679 3453 1735 haec
3487 1680 3575 1740 ing-

1988 1768 2303 1837 scriptionis
2327 1776 2382 1821 et
2411 1767 2745 1837 praefationis
2781 1767 2900 1823 loco
2929 1778 2985 1823 et
3024 1784 3123 1824 ceu
3168 1749 3265 1839 per
3306 1770 3577 1825 narratio-

1991 1872 2111 1911 nem
2138 1867 2479 1912 eventorum.
2524 1856 2831 1915 Declaravit
2866 1860 2995 1914 item
3038 1860 3322 1915 consilium
3368 1862 3574 1932 ipsum-

273 1945 485 2015 Ἀράμ,
519 1942 671 1998 τοῦτ’
698 1943 837 2010 ἐστι,
869 1943 1091 2017 Συρίας,
1117 1944 1212 1997 καὶ
1246 1943 1421 1998 Φακεὲ
1454 1943 1570 2008 υίὸς
1598 1942 1875 2016 Ῥομελίου

1991 1964 2084 2018 lue
2111 1956 2384 2013 conatum,
2414 1948 2742 2020 subjicitque
2767 1952 3023 2006 continuo
3047 1952 3120 2007 rei
3142 1951 3310 2020 ipsius
3327 1953 3528 2007 exitum
3556 1971 3571 2007 :

262 2036 534 2107 βασιλεὺς
571 2037 814 2109 Ἰσραὴλ,
855 2037 1001 2091 κατὰ
1035 2037 1144 2091 τῶν
1174 2036 1585 2109 Ἰεροσολύμων,
1622 2036 1882 2105 ἀφίκοντο

1991 2057 2093 2094 non
2126 2041 2269 2095 enim
2301 2051 2589 2111 potuerant
2616 2057 2736 2097 eam
2765 2058 3098 2113 oppugnare.

257 2125 321 2179 δὲ
351 2128 835 2199 καταδῃώσοντες,
864 2127 1007 2198 πλὴν
1025 2126 1127 2181 οὐκ
1149 2125 1493 2197 ἠδυνήθησαν
1521 2127 1885 2199 πολιορκῆσαι
1918 2130 2112 2201 αὑτήν.
2145 2131 2377 2204 Εἴρηται
2399 2132 2455 2187 δὲ
2505 2132 2680 2188 ταῦτα
2725 2134 2864 2198 τέως
2879 2136 2937 2187 ἐν
2968 2136 3296 2208 προγραφῆς
3322 2137 3573 2209 δυνάμει,

258 2223 364 2275 καὶ
392 2223 475 2287 ὡς
498 2224 559 2276 ὲν
587 2223 868 2294 ἀφηγήσει
894 2223 990 2277 τοῦ
1015 2222 1449 2295 συμϐεϐηκότος.
1473 2224 1636 2296 Δηλοϊ
1656 2226 1764 2295 γὰρ
1812 2227 1913 2297 τὴν
1952 2227 2148 2298 σκέψιν
2209 2231 2305 2283 καὶ
2354 2231 2490 2285 αὐτὸ
2535 2230 2595 2284 δὲ
2627 2230 2689 2285 τὸ
2747 2231 3078 2305 ἐγχείρημα,
3130 2234 3473 2307 προσεπάγει
3518 2235 3578 2290 δὲ

259 2320 645 2392 παραχρῆμα,
700 2320 795 2374 καὶ
838 2320 899 2374 τὸ
940 2317 1033 2374 τοῦ
1080 2320 1410 2391 πράγματος
1436 2321 1630 2392 πέρας·
1671 2322 1747 2376 Οὐ
1775 2322 1885 2394 γὰρ
1917 2323 2286 2397 ἠδυνήθησαν,
2316 2328 2471 2398 φησὶ,
2501 2326 2864 2398 πολιορκῆσαι
2893 2327 3085 2400 αὑτήν.

340 2412 456 2467 Καὶ
504 2412 822 2481 ἀνηγγέλη
868 2415 959 2478 εἰς
993 2411 1100 2466 τὸν
1132 2407 1301 2466 οἷκον
1354 2412 1532 2466 Δαόὶδ
1576 2412 1881 2483 λέγοντες,

259 2508 312 2560 Σ
316 2503 727 2574 υνεςςώνησεν
757 2505 930 2575 Ἀρὰμ
952 2503 1104 2574 πρὸς
1125 2505 1520 2577 τὸν-Ἐφραΐμ,
1538 2507 1636 2560 καὶ
1663 2506 1882 2575 ἐξέστη

259 2599 302 2664 ἢ
339 2599 516 2667 ψυχὴ
562 2597 779 2663 αὑτοῦ,
828 2597 931 2651 καί
959 2597 999 2666 ἠ
1035 2597 1209 2668 ψυχὴ
1239 2599 1346 2654 τοῦ
1372 2599 1526 2654 λαοῦ
1570 2599 1781 2666 αὑτοῦ,
1811 2599 1885 2654 ὃν

257 2692 501 2761 τρόπον
543 2690 697 2763 ὅταν
739 2690 812 2745 ἐν
875 2688 1080 2761 δρυμῷ
1135 2690 1330 2756 ξύλον
1365 2691 1487 2747 ὑπὸ
1541 2692 1884 2762 πνεύματος

258 2784 572 2854 σαλευθῆ.

348 2876 743 2949 Ὀρισάμενος,
785 2874 862 2938 ὡς
892 2872 1050 2945 ἔφην,
1077 2871 1189 2929 τῶν
1222 2872 1580 2945 διηγημάτων
1609 2873 1710 2945 τὴν
1740 2874 1878 2945 πρό-

262 2985 462 3039 φασιν,
502 2966 601 3021 καὶ
628 2964 707 3029 ὡς
737 2967 795 3019 ὲν
824 2964 1020 3036 βραχεῖ
1045 2964 1328 3037 κεφαλαίῳ
1369 2965 1674 3037 συλλήϐδην
1705 2964 1877 3019 εἰπὼν

260 3063 325 3115 τὸ
350 3058 674 3133 ἐγχείρημα
708 3057 819 3111 τῶν
848 3057 944 3110 δύο
975 3056 1265 3128 βασιλέων,
1302 3059 1399 3112 καὶ
1423 3058 1506 3113 ὅτι
1536 3057 1674 3130 πρὸς
1704 3058 1878 3130 πέρας

2070 2417 2233 2473 Vens.
2265 2417 2320 2473 2.
2370 2416 2443 2471 Et
2496 2421 2858 2473 renuntiatum
2908 2431 2986 2475 est
3031 2420 3212 2476 domui
3254 2419 3490 2496 \Dauidis
3542 2439 3576 2476 (ι

1991 2509 2303 2577 dicentibus,
2364 2504 2699 2580 conspiravit
2766 2512 2934 2566 Aram
3017 2529 3135 2567 cum
3201 2511 3481 2581 Ephraim,
3528 2529 3577 2569 et

1989 2611 2324 2656 consternata
2359 2612 2436 2656 est
2483 2604 2665 2657 anima
2711 2603 2850 2673 ejus,
2884 2614 2933 2658 et
2993 2605 3179 2658 anima
3216 2607 3400 2675 populi
3438 2607 3578 2678 ejus,

1989 2696 2431 2765 quemadmodum
2462 2695 2517 2750 in
2539 2696 2669 2750 silva
2691 2694 2891 2767 lignum
2917 2712 2950 2751 a
2975 2707 3128 2752 vento
3157 2705 3415 2752 moretur.

2058 2870 2286 2925 Delinila
2318 2887 2381 2927 ac
2413 2870 2710 2936 declarata,
2751 2882 2811 2927 ut
2872 2873 3143 2945 dicebam,
3199 2881 3572 2936 narrationum

1984 2962 2298 3026 occasione,
2327 2970 2381 3016 et
2440 2971 2694 3031 tanquam
2769 2963 2823 3017 in
2868 2961 3019 3018 brevi
3068 2980 3279 3022 summa
3331 2984 3577 3039 compre-

1987 3054 2198 3110 bensim
2226 3066 2425 3109 conatu
2457 3054 2687 3111 duorum
2723 3071 2908 3127 regum
2942 3070 3386 3128 commemorato,
3417 3073 3580 3132 utque

262 3155 456 3216 αὐτοῖς
482 3153 588 3205 οὐκ
618 3149 927 3222 ἐκϐέϐηκεν
954 3152 983 3204 ὁ
1007 3150 1208 3212 σκοπὸς
1231 3190 1246 3214 ,
1306 3149 1535 3221 ἄρχεται
1566 3150 1752 3205 λοιπὸν
1779 3150 1881 3206 ἀνὰ

1991 3148 2055 3203 ad
2080 3149 2285 3202 exitum
2322 3163 2509 3203 eorum
2535 3147 2760 3204 consilia
2814 3165 2920 3204 non
2969 3153 3337 3221 pervenerint,
3392 3154 3584 3226 incipit

266 3247 441 3320 μέρος
467 3246 685 3299 ἕκαστα
729 3240 1057 3314 κατισχνοῦν
1089 3240 1169 3313 τῷ
1208 3240 1371 3313 λόγῳ.
1413 3241 1718 3314 Ἀνηγγέλη
1745 3242 1875 3315 γὰρ,

264 3338 461 3411 φησὶν,
496 3338 584 3401 είς
611 3336 707 3390 τὸν
738 3331 888 3389 οἷκον
926 3333 1112 3397 Δαὸὶδ,
1158 3332 1305 3387 τοῦτ’
1334 3333 1473 3399 ἔστι,
1504 3334 1598 3388 τὸν
1637 3333 1881 3405 βασιλεύ-

271 3448 418 3496 οντα,
448 3427 551 3484 καὶ
579 3425 933 3500 ἀπήγγελλον
967 3426 1050 3479 ὅτι
1084 3423 1467 3495 συνεφώνησεν
1496 3424 1701 3497 ¹Ἀράμ
1742 3426 1881 3498 πρὸς

278 3524 361 3577 τὸν
422 3521 702 3593 Ἐφραίμ.
792 3518 976 3591 Ἀρὰμ
1051 3516 1109 3571 δέ
1169 3533 1303 3587 φησι
1346 3517 1440 3570 τὸν
1487 3516 1699 3589 Σύρον,
1784 3518 1880 3571 καὶ

196 3665 205 3673 .
284 3616 527 3689 Ἐφραῒμ
544 3614 751 3684 ὁμοίως
772 3611 871 3676 τὰς
899 3612 956 3664 ὲν
972 3610 1255 3683 Σαμαρείᾳ
1283 3608 1416 3664 δέκα
1437 3610 1629 3680 φυλάς.
1661 3594 1877 3683 Ἐπειδὴ

271 3709 323 3764 δὲ
344 3707 527 3761 ταῦτα
557 3721 753 3771 τουτρν
800 3702 915 3775 ἔχει
941 3700 1033 3756 τὸν
1066 3702 1286 3773 τρόπον,
1317 3701 1550 3756 ἐπύθετο
1578 3702 1676 3756 καὶ
1709 3703 1880 3757 πεπί-

270 3814 502 3851 στευκεν
526 3799 556 3850 ὁ
579 3790 735 3858 οἶκος
755 3793 939 3858 Δαόὶδ,
957 3792 1105 3847 τοῦτ’
1134 3792 1302 3861 ἔστιν,
1324 3796 1354 3849 6
1378 3793 1575 3865 Ἀχαζ.
1594 3793 1817 3867 Ἐξέστη
1845 3795 1880 3868 ή

265 3888 417 3961 ψυχὴ
442 3886 617 3941 αὐτοῦ
666 3886 764 3939 καὶ
791 3886 827 3958 ὴ
853 3883 1002 3957 ψυχὴ
1033 3884 1129 3938 τοῦ
1166 3883 1300 3938 λαοῦ
1342 3883 1533 3950 αὐτοῦ,
1589 3883 1649 3938 ὃν
1676 3885 1880 3957 τρόπον

264 3983 399 4035 ὅταν
428 3982 488 4032 ὲν
520 3976 724 4050 δρυμῷ
746 3975 902 4042 ξύλον
930 3976 1036 4030 ὑπὸ
1062 3976 1374 4048 πνεύματος
1406 3975 1666 4049 σαλευθῇ.
1696 3975 1773 4030 Τὸ
1792 3977 1874 4044 δὲ,

263 4072 493 4142 ἐξέστη,
532 4073 720 4139 τίθησι
769 4066 988 4131 κοινῶς,
1040 4068 1162 4122 ἀντὶ
1205 4066 1326 4132 τοῦ,
1385 4068 1726 4141 κατεπλάγη,
1784 4071 1880 4123 καὶ

265 4165 473 4238 μικρὸν
528 4164 623 4216 καὶ¹
666 4159 842 4231 αὐτῆς
889 4159 1222 4214 ἐκπέπτωκε
1256 4162 1473 4231 φρενός.
1504 4162 1587 4217 Τά
1649 4162 1761 4235 γάρ
1795 4180 1881 4217 τοι

260 4258 423 4315 δεινᾶ
458 4255 572 4309 τῶν
596 4254 897 4325 δειμάτων,
934 4251 1098 4310 ἱκανά
1121 4251 1241 4317 πώς
1266 4254 1386 4307 ἐστι
1425 4255 1504 4318 είς
1528 4254 1590 4307 τὸ
1618 4258 1879 4310 κατασεϊ-

263 4368 362 4406 σαι
401 4347 674 4405 δύνασθαι
699 4344 795 4400 τὸν
835 4343 985 4411 νοῦν,
1017 4344 1114 4398 καὶ
1142 4344 1515 4415 καταδονῆσαι
1548 4346 1650 4417 τὴν
1676 4346 1877 4418 ψυχὴν,

260 4443 364 4498 καί
420 4460 480 4496 τι
522 4441 768 4494 τοιοῦτον
824 4439 1120 4509 ὑπομεῖναι
1164 4436 1365 4500 δοκεῖν,
1394 4438 1578 4491 ὁποῖον
1606 4437 1674 4491 ἂν
1711 4438 1880 4493 πάθοι

261 4536 366 4590 καὶ
391 4534 463 4588 τὸ
497 4534 559 4587 ὲν
581 4532 809 4605 δρυμοῖς
834 4530 1016 4600 ξύλον,
1040 4529 1372 4600 πνευμάτων
1401 4528 1611 4602 ἀγρίων
1644 4530 1881 4602 προσδο-

260 4631 390 4694 λαῐς
448 4626 582 4699 τῇδέ
636 4643 698 4681 τε
743 4627 973 4681 κάκεῖσε
1016 4621 1527 4697 διαρῤιπτούμενον.
1577 4623 1774 4693 Γέγονε
1824 4624 1881 4680 δὲ

263 4722 519 4794 μάλιστα
544 4719 646 4791 τῆς
677 4717 883 4782 δειλίας
908 4718 943 4789 ὴ
975 4716 1270 4789 πρόφασις,
1295 4717 1415 4789 ῆτοι
1445 4715 1547 4787 τῆς
1569 4717 1879 4783 ἐκστάσεως

260 4814 422 4886 αὐτῷ
454 4812 517 4867 τὸ
554 4809 924 4883 συμϐεϐηκός.
965 4809 1107 4882 Ἤδη
1143 4809 1254 4881 γὰρ
1285 4809 1424 4880 ἔφην
1453 4808 1538 4862 ὃτι
1566 4808 1883 4880 βασιλεύον-

258 4925 358 4972 τος
397 4903 594 4969 αὐτοῦ,
634 4903 1014 4974 πεπολεμήκει
1069 4900 1208 4973 πρὸς
1252 4901 1347 4955 τὸν
1389 4901 1591 4955 Ἰούδαν
1627 4904 1657 4957 6
1684 4895 1880 4969 Φακεὲ,

261 5000 360 5054 καὶ
390 4997 611 5052 ἀνεῖλεν
645 4997 708 5048 ὲκ
740 4993 836 5049 τοῦ
866 4993 997 5048 λαοῦ
1045 4995 1105 5047 ὲν
1137 4994 1241 5065 μιᾷ
1272 4993 1457 5067 ἡμέρᾳ
1485 4994 1681 5049 ἑκατὸν
1709 4993 1884 5048 εἴκοσι

260 5089 542 5163 χιλιάδας.
585 5088 714 5142 Ὅτε
762 5086 947 5142 τοίνυν
986 5088 1079 5141 καὶ
1141 5088 1301 5158 μόνος
1343 5089 1372 5140 6
1397 5088 1573 5140 Φακεὲ
1624 5086 1883 5150 τοσοῦτος

264 5186 521 5253 γέγονεν,
551 5180 629 5246 ὡς
656 5179 990 5251 κατισχῦσαι
1023 5179 1227 5252 ῥαδίως
1254 5178 1367 5233 τῶν
1405 5180 1464 5231 ὲν
1493 5180 1606 5243 τοῖς
1649 5177 1883 5248 Ἱεροσο-

259 5276 468 5345 λύμοις
493 5290 509 5304 ο
548 5272 671 5337 πῶς
713 5273 816 5326 ούκ
846 5270 953 5324 ἔδει
998 5271 1089 5325 τὸν
1128 5273 1189 5325 ὲν
1216 5274 1331 5334 τοῖς
1361 5270 1612 5340 ἐσχάτοις
1648 5268 1886 5335 ἐνδείξα-

263 5368 398 5423 σθαι
446 5366 639 5437 φόὸον,
692 5367 857 5421 αὐτόν
901 5384 962 5420 τε
1008 5367 1099 5419 τὸν
1138 5363 1334 5435 Ἀχαζ,
1376 5362 1472 5417 καὶ
1498 5361 1590 5416 τὸν
1614 5363 1700 5415 ἐπ’
1729 5361 1880 5434 αύτῷ

260 5460 425 5526 λαὸν,
461 5460 975 5531 συμπεφωνηκότος
1000 5459 1095 5513 τοῦ
1119 5457 1317 5528 Σύρου,
1345 5456 1442 5510 καὶ
1475 5453 1881 5522 συνεξοπλίζον-

263 5570 359 5619 τος
388 5552 475 5625 τῷ
513 5552 758 5625 Ἐφραῒμ
794 5553 936 5625 μετὰ
960 5550 1072 5605 τῶν
1108 5548 1523 5623 Ἱεροσολύμων;

335 5647 453 5704 Καὶ
518 5641 655 5701 εἷπε
700 5646 922 5715 Κύριος
970 5643 1122 5712 πρὸς
1170 5641 1437 5706 Ἡσαΐαν,
1481 5639 1729 5706 Ἔξελθε
1795 5641 1883 5706 εις

266 5739 670 5807 συνάντησιν
699 5734 898 5808 Ἀχαζ,
955 5736 1038 5791 σὺ
1085 5735 1189 5790 καί
1242 5737 1275 5789 ό
1308 5733 1728 5804 καταλειφθεὶς
1774 5735 1884 5788 ’Ia-

268 5830 430 5890 σοῦν
479 5834 516 5889 ὁ
540 5833 676 5898 υἱός
726 5846 870 5901 σου,
932 5828 1085 5900 πρὸς
1121 5828 1239 5900 τὴν
1287 5829 1720 5900 κολυμϐήθραν
1771 5828 1882 5899 τῆς

1981 3237 2239 3306 deinceps
2267 3251 2361 3307 per
2392 3246 2576 3307 partes
2601 3238 2813 3308 singula
2840 3242 2997 3310 quasi
3022 3245 3269 3297 oratione
3300 3249 3577 3317 persequi.

1981 3330 2371 3385 Renuntiatum
2416 3339 2548 3396 est,
2597 3332 2796 3403 inquit,
2857 3335 3036 3388 domui
3102 3333 3342 3400 Davidis,
3371 3338 3422 3393 id
3472 3352 3578 3408 est,

1983 3423 2254 3493 regnanti,
2287 3429 2342 3477 et
2370 3424 2769 3478 annuntiarunt
2794 3424 2959 3480 Aram
2999 3441 3121 3481 cum
3152 3426 3407 3497 prraim
3442 3446 3578 3486 con-

1982 3518 2244 3585 spirasse.
2292 3515 2459 3571 Aram
2500 3530 2636 3572 vero
2687 3517 2884 3589 Syrum
2939 3519 3094 3587 dicit,
3138 3521 3398 3592 prraim
3430 3523 3588 3579 simi-

1984 3605 2110 3662 liter
2153 3607 2341 3661 decem
2388 3604 2562 3663 tribus
2593 3606 2647 3661 in
2685 3607 2956 3663 Samaria.
2992 3609 3118 3666 Haec
3144 3627 3266 3666 cum
3297 3613 3369 3670 ita
3400 3629 3460 3670 se
3477 3614 3583 3671 ba-

1982 3697 2212 3766 berent,
2251 3698 2458 3753 audivit
2498 3709 2556 3754 et
2598 3700 2830 3756 credidit
2863 3701 3056 3758 domus
3089 3703 3289 3772 David,
3324 3705 3428 3761 hoc
3466 3715 3575 3772 est,

1981 3789 2190 3848 Achaz.
2210 3789 2575 3847 Consternata
2591 3801 2676 3847 est
2710 3793 2891 3848 anima
2908 3794 3046 3864 ejus,
3088 3796 3337 3851 etanima
3370 3798 3579 3867 populi,

1982 3880 2436 3951 quemadmodum
2452 3881 2791 3937 cuminsilva
2824 3882 3024 3955 lignum
3063 3900 3091 3939 a
3123 3895 3285 3942 vento
3309 3898 3579 3944 movetur.

1984 3973 2115 4029 Illud
2133 3982 2315 4030 autem
2356 3973 2925 4044 éﬁémwonslernata
2941 3990 3034 4032 seu
3066 3986 3280 4046 stupore
3321 3990 3583 4033 commota

1982 4074 2082 4131 est,
2111 4066 2263 4136 ponit
2293 4066 2655 4122 communiter
2670 4082 2789 4137 pro,
2805 4067 3318 4141 κατεπλάγη,ιιθ
3333 4071 3581 4140 perculsa

1982 4165 2088 4221 est,
2119 4164 2175 4211 et
2198 4157 2591 4227 prOpemodum
2642 4158 2755 4226 ipsa
2790 4168 2971 4214 mente
3003 4159 3230 4215 excidit.
3289 4160 3370 4215 Ex
3399 4163 3582 4232 gravi-

1985 4249 2084 4303 bus
2131 4248 2277 4302 enim
2319 4248 2621 4303 terroribus
2677 4250 2991 4304 concutitur
3017 4265 3192 4326 mens,
3251 4253 3579 4323 animusque

1983 4342 2310 4409 exagitatur,
2375 4341 2626 4409 idemque
2676 4342 2891 4394 videtur
2914 4343 3022 4409 pati
3056 4343 3200 4412 quod
3260 4342 3463 4413 lignum
3524 4347 3574 4401 in

1986 4431 2138 4486 silvis
2164 4445 2433 4486 saevorum
2468 4442 2756 4487 ventorum
2776 4433 2976 4503 impetu
3005 4433 3110 4489 huc
3139 4435 3264 4490 illuc
3283 4434 3579 4505 jaetatum.

1986 4522 2169 4579 Causa
2205 4533 2384 4578 autem
2411 4532 2589 4579 metus
2615 4524 2731 4580 sive
2751 4512 3034 4581 exstaseos
3068 4541 3132 4581 ac
3159 4528 3584 4596 perturbationis

1988 4618 2037 4673 ei
2095 4616 2197 4671 fuit
2280 4617 2329 4671 id
2359 4620 2501 4688 quod
2559 4618 2883 4691 contigerat.
2939 4617 3057 4674 Jam
3106 4620 3252 4675 enim
3311 4622 3581 4691 dicebam,

1991 4710 2082 4766 illo
2146 4721 2412 4780 regnante
2486 4711 2699 4766 Pbacee
2759 4711 3049 4767 adversmn
3123 4712 3321 4769 Jualam
3379 4717 3579 4772 bellum

1987 4804 2311 4873 suscepisse,
2365 4813 2421 4857 et
2485 4817 2599 4858 uno
2657 4803 2744 4858 die
2772 4819 2836 4859 ex
2896 4805 3092 4876 popqu
3130 4816 3347 4882 centum
3387 4810 3579 4878 viginti

1989 4895 2156 4949 millia
2194 4910 2225 4949 e
2268 4894 2447 4950 medio
2471 4896 2777 4952 sustulisse.
2841 4895 2977 4952 Cum
3005 4898 3169 4970 igitur
3197 4901 3349 4957 solus
3369 4902 3581 4959 Phacee
3636 4936 3643 4942 ’

1988 4986 2110 5041 talis
2146 4995 2438 5057 tantusque
2477 4988 2766 5056 exstiterit,
2796 4998 2853 5044 ut
2908 4988 3068 5047 facile
3118 4989 3567 5065 Hierosolymitao

1985 5091 2087 5130 nos
2161 5078 2479 5146 superarit,
2535 5092 2714 5133 annon
2785 5078 2871 5134 his
2936 5083 3196 5137 extremis
3247 5086 3582 5153 temporibus

1986 5179 2096 5224 tum
2139 5171 2420 5226 Acbazum
2479 5170 2678 5241 ipsum,
2728 5181 2840 5227 tum
2875 5173 3124 5231 subditos
3176 5176 3372 5233 timere
3413 5193 3579 5250 opor-

1987 5263 2108 5326 tuit,
2139 5278 2261 5317 cum
2316 5264 2658 5321 consenserit
2710 5263 2900 5336 Syrus,
2950 5275 3006 5319 et
3068 5281 3219 5321 arma
3282 5270 3578 5339 copiasque

1990 5367 2115 5409 cum
2143 5351 2402 5425 Ephraim
2436 5355 2725 5411 adversum
2764 5355 3144 5431 Hierosolyma
3176 5359 3362 5417 tulerit
3392 5361 3416 5415 2

2066 5641 2231 5696 Vens.
2258 5641 2313 5697 ὅ.
2350 5641 2422 5696 Et
2459 5643 2596 5699 dixi:
2627 5643 2887 5700 Dominus
2915 5646 2984 5700 ad
3026 5644 3227 5700 Isaiam
3258 5661 3281 5701 :
3318 5645 3596 5719 Egredere

1991 5732 2046 5787 in
2090 5748 2365 5788 occursum
2413 5734 2639 5803 Achaei,
2681 5746 2737 5789 tu
2767 5745 2817 5790 et
2867 5735 3147 5791 derelictus
3205 5735 3375 5794 lasub
3436 5740 3594 5811 ﬁlius

1993 5836 2137 5893 tuus,
2186 5829 2256 5885 ad
2318 5827 2575 5898 piscinam
2621 5829 2908 5898 superioris
2941 5830 3040 5887 via:
3075 5830 3192 5902 agri
3232 5829 3473 5901 fullonis.
3513 5831 3589 5886 Et
