4016 6470
461 379 568 438 {95

1469 369 1529 424 S.
1570 364 1849 424 CYRILLI
1884 364 2361 423 ALEXANDRINi
2402 367 2729 424 ARCHIICP.

3657 375 3756 428 196

463 498 604 553 dices
645 495 716 563 ei,
782 495 1013 553 Observa
1062 503 1117 549 ut
1170 492 1429 563 quiescas,
1478 500 1532 545 et
1589 506 1654 545 ne
1716 497 1942 556 metuas,
1996 502 2054 539 ne

2169 486 2294 540 ἄνω
2346 486 2493 543 ὁδοῦ
2536 488 2643 542 τοῦ
2690 488 2877 556 ἀγροῦ
2928 489 3035 543 τοῦ
3083 487 3373 557 κναφέως.
3446 491 3554 543 Kal
3609 491 3761 560 ἐρεῖς

462 591 646 645 anima
697 599 791 645 tua
821 588 1123 644 debilitetur
1161 602 1195 640 a
1228 584 1389 656 lignis
1420 583 1628 638 duobus
1661 582 1910 636 titionum
1964 580 2053 649 fu-

460 683 719 737 mantium
746 682 988 737 istorum.
1034 677 1167 735 Cum
1226 678 1367 733 enim
1398 677 1481 731 ira
1508 674 1709 746 furoris
1737 674 1839 730 mei
1867 673 2053 743 fuerit,

461 775 655 829 iterum
705 773 930 828 sanabo.

528 946 762 1003 Omnino
790 946 1030 1002 clemens
1057 955 1142 1001 est
1191 954 1247 1000 et
1311 944 1622 1001 misericors
1669 944 1946 1010 Dominus,
2003 955 2055 999 et

455 1054 646 1096 omnes
694 1040 946 1096 homines
1019 1038 1224 1095 servari
1285 1038 1421 1104 vult,
1484 1046 1542 1093 et
1594 1039 1663 1092 ad
1719 1037 2054 1109 agnitionem

458 1133 704 1188 veritatis
751 1132 1028 1197 venire",
1105 1132 1397 1201 omniaque
1444 1132 1712 1202 gubernat
1759 1129 2054 1197 sapienter,

457 1224 656 1293 cuique
687 1222 880 1279 salutis
908 1224 1049 1279 viam
1097 1221 1414 1293 aequabilem
1464 1221 1792 1292 planamque
1818 1219 2046 1273 faciens.

458 1312 615 1380 Quod
653 1313 725 1368 ita
758 1329 881 1369 esse
908 1329 975 1369 ex
1024 1315 1158 1383 ipsis
1205 1313 1367 1369 rebus
1423 1311 1551 1368 licet
1591 1311 1746 1367 nobis
1798 1326 2047 1365 cernere.

466 1402 605 1459 Nam
641 1404 891 1459 Achazus
925 1403 1025 1458 fuit
1056 1403 1362 1465 idololatra,
1387 1400 1770 1457 abominabilis
1789 1410 1845 1455 et
1870 1399 2055 1469 profa-

457 1510 583 1550 nus.
615 1496 750 1551 Cum
782 1507 959 1549 autem
1000 1496 1052 1549 in
1105 1494 1262 1549 malis
1293 1510 1396 1550 non
1434 1491 1702 1564 fugiendis
1745 1490 1859 1565 jam
1926 1506 2053 1546 ver-

459 1595 698 1652 seretur,
722 1602 775 1641 et
807 1587 1208 1641 calamitatibus
1270 1596 1480 1641 tantum
1538 1602 1643 1640 non
1729 1584 2053 1641 inebriatum

456 1689 620 1749 atque
682 1680 935 1733 obrutum
993 1694 1115 1733 eum
1175 1679 1637 1735 clementissimus
1709 1678 2055 1745 conspicatus

456 1781 625 1836 esset,
663 1769 1058 1841 causequendze
1100 1771 1168 1825 ab
1222 1772 1337 1839 ipso
1397 1770 1591 1825 salutis
1642 1784 1790 1837 spem
1843 1768 1972 1824 facit
2025 1785 2057 1825 e

2159 576 2349 646 αὐτῷ,
2404 580 2675 644 Φύλαξαι
2712 580 2821 633 τοῦ
2867 579 3207 650 ήσυχάσαι,
3252 581 3350 635 καὶ
3401 582 3488 651 μὴ
3547 585 3758 659 φοϐοῦ.

2151 669 2308 740 μηδὲ
2338 671 2376 738 ἠ
2421 669 2593 740 ψυχή
2621 685 2739 724 σου
2768 671 3097 726 ἀσθενείτω
3125 670 3246 725 ἀπὸ
3273 669 3393 725 τῶν
3418 672 3529 728 δύο
3562 674 3764 739 ξύλων

2156 762 2277 816 τῶν
2333 762 2539 818 δηλῶν
2595 761 2714 817 τῶν
2777 763 3224 833 καπνιζομένων
3280 766 3526 819 τούτων.
3577 767 3765 819 Ὅταν

2157 854 2268 925 γὰρ
2295 853 2441 923 ὀργὴ
2476 854 2583 908 τοῦ
2611 853 2802 924 θυμοῦ
2829 872 2950 924 μου
2982 855 3248 925 γένηται,
3277 852 3462 908 πάλιν
3486 854 3737 924 ἰάσομαι

2229 945 2575 1015 υίκτείρμων
2630 944 2798 1009 ὅντως
2850 945 2941 999 καὶ
2985 944 3234 1016 ἐλεήμων
3292 946 3322 997 ὁ
3365 944 3605 1015 Κύριος,
3673 949 3754 998 κα·

2162 1038 2373 1101 πάντας
2398 1036 2726 1107 ἀνθρώπους
2752 1036 2926 1090 ὲθέλει
2956 1035 3214 1105 σωθῆναι,
3240 1036 3334 1087 καὶ
3358 1036 3438 1097 εἰς
3458 1035 3766 1103 ἐπίγνωσιν

2157 1127 2419 1199 ἀληθείας
2445 1128 2640 1182 ἐλθεῖνο
2672 1130 2949 1200 οἰκονομεῖ
2986 1128 3043 1180 δὲ
3080 1127 3259 1181 πάντα
3292 1125 3500 1198 σαφῶς,
3529 1130 3622 1182 καὶ
3665 1146 3761 1181 κα·

2156 1221 2480 1297 ταλειαίνων
2508 1222 2727 1293 ἑκάστῳ
2752 1222 2853 1292 τῆς
2881 1221 3153 1293 σωτηρίας
3178 1221 3277 1292 τὴν
3296 1220 3435 1274 ὁδόν.
3464 1221 3575 1274 Καὶ
3598 1222 3759 1273 τοῦτο

2155 1315 2291 1384 ήμῐν
2341 1311 2401 1379 ἐξ
2450 1312 2631 1367 αὐτῶν
2682 1313 2858 1367 ἔνεστι
2888 1312 2998 1366 τῶν
3039 1313 3383 1384 πραγμάτων
3425 1310 3599 1376 οὕτως
3636 1311 3759 1385 ἔχον

2162 1405 2309 1458 ίδεῖν.
2348 1404 2514 1475 Ἀνὴρ
2550 1403 2649 1475 μὲν
2676 1403 2785 1475 γὰρ
2817 1403 3043 1473 γέγονεν
3072 1404 3461 1475 εἰδωλολάτρης
3496 1405 3525 1456 ό
3556 1403 3756 1473 Ἀχαξ,

2160 1494 2416 1567 βδελυρὸς
2465 1496 2561 1551 καὶ
2612 1494 2856 1566 βέϐηλος.
2906 1494 3127 1566 Ἐπειδὴ
3167 1494 3225 1548 δὲ
3273 1489 3345 1567 ἦν
3378 1496 3435 1549 ὲν
3488 1494 3760 1564 ἀφύκτοις

2157 1586 2260 1658 ήδη
2294 1588 2508 1650 κακοῖς,
2543 1587 2638 1645 καὶ
2663 1586 2951 1657 μονονουχὶ
2983 1586 3252 1658 μεθύοντα
3280 1588 3395 1649 ταῖς
3447 1590 3760 1657 συμφοραῖς

2157 1679 2185 1729 ὁ
2243 1675 2678 1749 φιλοικτείρμων
2730 1675 3007 1744 τεθέαται,
3068 1678 3423 1750 προστίθησιν
3479 1678 3642 1743 εὐθὺς
3695 1681 3760 1732 τὸ

2158 1769 2361 1837 ἐξεῖναι
2407 1769 2729 1842 μεταλαχεῖν
2775 1773 2873 1843 τῆς
2918 1772 3049 1849 παρ’
3093 1770 3255 1826 αὑτοῦ
3304 1774 3603 1845 σωτηρίας,
3655 1773 3761 1826 ὑπι-

453 1864 705 1933 vestigio,
744 1880 805 1917 ac
840 1865 1127 1934 pollicetur
1175 1863 1458 1929 auxilium,
1492 1874 1550 1917 ut
1617 1864 1686 1917 ab
1717 1862 2046 1919 idolomauia

2161 1865 2423 1934 ισχνεῖται
2456 1862 2514 1916 δὲ
2536 1862 2633 1934 τὴν
2670 1862 3012 1937 ἐπικουρίαν,
3043 1863 3131 1916 ἵνα
3160 1863 3343 1935 παύσῃ
3378 1865 3574 1936 μανίας
3603 1864 3762 1920 εἰδω-

454 1956 713 2021 desistat,
793 1956 1121 2025 stndeatque
1183 1957 1294 2027 jam
1356 1956 1458 2011 sibi
1500 1971 1528 2009 a
1576 1955 1849 2024 prioribus
1908 1955 2054 2010 vitiis

455 2057 761 2117 temperare
787 2088 801 2114 ,
829 2057 883 2102 et
918 2062 1057 2104 vera:
1094 2049 1190 2104 Dei
1231 2049 1567 2117 cognitionis
1589 2048 1760 2103 lucem
1788 2048 2051 2116 recipere.

452 2140 642 2212 Itaque
703 2141 962 2211 propheta
1028 2138 1250 2209 iubetur
1300 2139 1350 2194 ei
1425 2140 1638 2194 obviam
1713 2139 1890 2195 facere
1947 2156 2051 2195 una

452 2216 724 2303 prresente
755 2233 981 2299 Jasobo,
1051 2232 1141 2301 qui
1179 2231 1449 2285 derelictio
1482 2239 1537 2285 et
1558 2230 1838 2285 derelictus
1885 2246 2055 2301 expc,

453 2329 625 2389 nitur,
682 2313 851 2397 ﬁgura
924 2324 1318 2396 propemodum
1368 2323 1715 2394 signiﬁcante
1795 2334 2051 2394 tanquam

450 2415 508 2472 in
539 2415 785 2486 symbolo
836 2415 1076 2479 Achazo,
1125 2415 1532 2469 conservandas
1584 2429 1709 2470 esse
1787 2415 2054 2486 reliquias

450 2504 613 2575 Juda,
641 2507 732 2578 qui
777 2507 888 2563 Deo
917 2507 1241 2562 adhmserat.
1292 2504 1501 2578 Typum
1534 2508 1681 2562 enim
1724 2506 1815 2562 Dei
1850 2524 2052 2577 repur-

451 2609 674 2656 sentans
717 2600 1002 2671 propheta,
1058 2601 1442 2669 percommode
1493 2598 1652 2655 aliert
1702 2601 2053 2669 pollicitatio-

448 2706 575 2749 nem
611 2691 797 2749 auxilii
831 2692 884 2747 in
917 2691 1126 2763 piscina
1146 2691 1447 2761 superioris
1503 2693 1605 2749 viae
1643 2695 1759 2765 agri
1803 2694 2052 2760 fullonis,

448 2783 650 2854 Figura
687 2798 901 2839 rursum
958 2792 1043 2839 est
1074 2784 1236 2857 117
1299 2785 1504 2849 piscina
1566 2786 1825 2841 salutaris
1889 2787 2053 2843 fontis

452 2879 592 2934 sacri
624 2876 909 2947 baptismi,
967 2892 1090 2946 qua:
1147 2894 1244 2933 nos
1292 2878 1455 2931 etiam
1503 2878 1557 2932 in
1616 2878 1759 2934 viam
1833 2880 2052 2937 deducit

451 2972 811 3042 superiorem,
841 2980 895 3026 et
919 2970 1138 3026 fullonis
1177 2973 1277 3027 sub
1331 2972 1745 3043 intelligentiam
1779 2976 2047 3043 cadentis,

452 3059 508 3115 id
534 3068 641 3125 est,
670 3057 787 3128 eius
833 3060 926 3129 qui
978 3061 1169 3116 sordes
1201 3071 1417 3117 nostras
1465 3077 1657 3118 omnes
1708 3064 1967 3137 detergit,
1997 3075 2048 3120 et

451 3151 524 3208 ab
581 3150 1007 3222 inquinamentis
1064 3152 1278 3207 liberat.
1340 3151 1523 3209 Firma
1595 3164 1679 3211 est
1736 3155 1853 3211 haec
1916 3170 2117 3230 ergoc

449 3241 809 3313 pollicitatio:
848 3253 905 3299 et
962 3244 1015 3299 in
1075 3245 1241 3314 ligura
1298 3246 1613 3315 particulari
1661 3248 1879 3318 sapiens
1926 3249 2062 3304 aeni-

452 3352 577 3408 gma
614 3353 678 3393 ac
709 3338 1007 3394 insinuatio
1043 3339 1118 3392 rei
1159 3338 1428 3409 generalis
1473 3350 1529 3395 et
1575 3354 1670 3410 per
1696 3338 1997 3406 Christum,
2028 3356 2059 3395 a

448 3429 721 3499 propheta
747 3428 945 3485 tradita
967 3439 1073 3483 est.
1110 3429 1199 3484 Ait
1227 3438 1406 3484 amem
1440 3446 1454 3482 :
1490 3449 1511 3482 ι
1536 3430 1672 3487 Vide
1696 3441 1753 3486 ut
1783 3432 2057 3501 quiescas,

450 3529 509 3577 et
563 3536 631 3575 ne
664 3521 880 3587 timeas,
925 3535 1028 3576 nec
1058 3521 1239 3581 anima
1288 3532 1377 3576 tua
1430 3524 1767 3589 debilitetur,
1794 3540 1823 3578 a
1850 3527 2061 3581 duobus

450 3613 621 3686 lignis
658 3613 910 3668 titionum
936 3614 1164 3669 istorum
1206 3612 1645 3685 lumigantium.»
1690 3617 1843 3686 Quod
1907 3623 2053 3691 quie-

453 3718 609 3761 scere
640 3704 897 3779 curisque
921 3719 1137 3769 vacare,
1175 3714 1230 3759 et
1262 3722 1291 3759 a
1342 3707 1798 3776 trepidationibus
1817 3711 2063 3768 molestis

450 3792 683 3851 liberum
717 3810 841 3851 esse
874 3797 1151 3868 praecipiat
1180 3815 1195 3852 :
1248 3797 1495 3852 vocantis
1523 3798 1778 3855 nimirum
1825 3813 1935 3870 est,
1989 3805 2060 3859 id-

452 3902 560 3957 que
577 3888 1020 3958 prudentissime,
1044 3888 1112 3941 ad
1132 3887 1523 3954 obedientiam,
1540 3897 1597 3945 et
1610 3890 1773 3947 veluti
1797 3895 2061 3951 reducen-

452 3977 528 4035 tis
550 3978 615 4031 ad
638 3977 927 4048 principia,
977 3986 1037 4032 ut
1062 3977 1207 4032 colat
1224 3992 1509 4034 sermones
1531 3979 1766 4048 divinos,
1792 3993 1849 4039 et
1910 4000 1975 4040 ve
1988 3987 2059 4041 ri-

455 4075 621 4121 tatem
654 4081 989 4136 eorumquz
1017 4067 1152 4132 dixi,
1196 4076 1453 4140 prompte
1485 4084 1587 4126 suo
1609 4071 1869 4145 sull‘ragio
1925 4092 2057 4132 con-

453 4159 692 4215 ﬁteatur.
748 4157 920 4214 Faces
953 4172 1087 4215 vero
1129 4170 1182 4215 ct
1215 4160 1359 4232 ligna
1419 4160 1684 4220 fumantia
1738 4177 1899 4224 vocat
1939 4184 2055 4233 eos,

452 4252 547 4322 qui
581 4260 770 4307 contra
808 4250 958 4308 illum
990 4253 1399 4321 conspirarunt,
1430 4255 1586 4325 quasi
1621 4258 1711 4328 qui
1741 4258 1903 4329 paulo
1928 4271 2049 4332 post

452 4353 510 4397 et
540 4356 661 4398 esse
708 4354 764 4397 et
819 4356 1046 4414 regnare
1106 4344 1332 4399 desituri
1398 4345 1529 4400 sint.
1584 4346 2055 4415 Quemadmodum

2155 1954 2446 2027 λομαῖνοῦς,
2507 1957 2601 2013 καὶ
2639 1956 2978 2027 ἀποσχέσθαι
3035 1957 3431 2030 παρασκευάζῃ
3485 1957 3595 2011 τῶν
3650 1957 3759 2037 ήδη

2168 2049 2719 2121 προσεπταισμένων,
2779 2049 2872 2103 καὶ
2913 2048 2972 2102 τὸ
3016 2048 3113 2119 τῆς
3149 2047 3381 2121 ἀληθοῦς
3419 2048 3760 2118 θεογνωσίας

2157 2140 2476 2208 ἐκδέξασθαι
2506 2141 2640 2212 φῶς.
2678 2140 3013 2211 Προστάττει
3043 2141 3221 2197 τοίνυν
3267 2144 3295 2195 ὁ
3330 2144 3617 2214 προφήτης
3652 2143 3762 2197 ὑπτ-

2156 2234 2393 2304 αντῆσαί
2437 2251 2495 2286 τε
2525 2232 2675 2304 αὐτῷ
2724 2233 2976 2297 συνόντος
3019 2232 3259 2304 Ἰασοῦμ,
3312 2233 3371 2299 ὃς
3414 2237 3757 2305 ὑπόλειμμα

2160 2329 2251 2383 καὶ
2284 2326 2801 2396 ὑπολελειμμένος
2854 2327 3251 2398 ἑρμηνεύεται·
3327 2327 3611 2398 μονονουχὶ
3658 2327 3756 2382 τοῦ

2155 2420 2329 2474 τύπου
2384 2419 2743 2489 σημαίνοντος
2791 2417 2866 2482 ὠς
2901 2419 2958 2473 ὲν
3012 2418 3268 2489 συμϐόλῳ
3301 2418 3380 2490 τῷ
3416 2418 3614 2490 Ἀχαζ,
3671 2419 3757 2473 ὅτι

2158 2512 2463 2584 σωθήσεται
2496 2510 2557 2564 τὺ
2603 2510 2920 2582 ὑπόλειμμα
2953 2510 3047 2564 τοῦ
3099 2508 3268 2565 Ἰούδα
3320 2510 3459 2583 μετὰ
3488 2510 3626 2563 Θεοῦ
3657 2527 3756 2580 με-

2158 2604 2411 2676 μενηκός.
2447 2603 2583 2657 Θεοῦ
2613 2603 2725 2676 γὰρ
2769 2605 2851 2668 είς
2898 2602 3067 2657 τύπον
3096 2604 3124 2657 ὁ
3162 2606 3451 2673 προφήτης
3478 2600 3759 2673 λαμϐάνει

2154 2711 2269 2757 ται,
2304 2689 2363 2747 εὖ
2413 2692 2469 2746 δὲ
2515 2693 2580 2765 δὴ
2626 2693 2833 2765 σφόδρα
2880 2694 2979 2765 τῆς
3010 2693 3332 2769 ἐπικουρίας
3384 2693 3621 2746 ποιεῖται
3652 2692 3758 2764 τὴν

2154 2784 2451 2855 ὑπόσχεσιν
2518 2785 2610 2839 ἐπὶ
2652 2788 2719 2856 τῇ
2780 2785 3144 2857 κολυμϐήθρᾳ
3194 2785 3294 2856 τῆς
3347 2785 3460 2843 ἄνω
3502 2781 3623 2836 ὁδοῦ
3657 2783 3757 2837 τοῦ

2154 2877 2324 2949 ἀγροῦ
2367 2876 2459 2930 τοῦ
2510 2876 2784 2947 κναφέως.
2822 2875 3004 2940 Τόπος
3036 2878 3095 2931 δὲ
3123 2876 3285 2935 πάλιν
3328 2879 3361 2947 ή
3395 2873 3760 2946 κολυμϐήθρα

2153 2968 2250 3039 τῆς
2283 2967 2555 3037 σωτηρίου
2593 2967 2781 3038 πηγῆς
2819 2967 2915 3021 τοῦ
2944 2968 3103 3037 ἁγίου
3133 2967 3535 3040 βαπτίσματος,
3574 2967 3609 3038 ἢ
3654 2968 3758 3021 καὶ

2164 3062 2244 3125 είς
2294 3059 2415 3113 ὁδὸν
2462 3062 2610 3131 ήμᾶς
2667 3059 2936 3130 ἀποφέρει
2986 3060 3087 3131 τὴν
3123 3061 3256 3121 ἄνω,
3307 3059 3531 3113 καὶτοῦ
3560 3059 3757 3132 νοητοῦ

2165 3152 2438 3223 κναφέως,
2488 3150 2633 3206 τοῦτ’
2663 3152 2800 3218 ἔστι,
2854 3153 2947 3209 τοῦ
2982 3153 3159 3207 πάντα
3217 3152 3389 3224 ῥύπον
3442 3152 3599 3224 ήμῶν
3656 3156 3758 3207 ὲκ-

2166 3245 2492 3317 σμήχοντος,
2532 3243 2626 3299 καὶ
2662 3241 3098 3306 ἁπαλλὰττοντος
3126 3242 3439 3315 μολυσμῶν.
3481 3243 3759 3317 ’Δσφαλὴς

2165 3333 2258 3391 οὖν
2309 3337 2342 3407 ή
2380 3336 2692 3409 ὑπόσχεσις,
2742 3335 2836 3389 καλ⁸
2861 3334 2935 3398 ώς
2971 3337 3027 3388 ἐν
3074 3333 3231 3405 τύπῳ
3257 3335 3357 3405 τῆς
3389 3338 3622 3408 μεμκῆς
3654 3335 3759 3406 τῆς

2167 3429 2397 3484 καθόλου
2429 3429 2521 3482 καὶ
2551 3427 2640 3481 διὰ
2670 3426 2930 3498 Χριστοῦ,
2964 3427 3127 3496 σοφὸν
3149 3426 3357 3481 δέδοται
3387 3427 3466 3499 τῷ
3497 3430 3762 3509 προφήτῃ

2161 3523 2221 3575 τὸ
2254 3523 2504 3592 αἴνιγμα.
2551 3520 2692 3592 Φησὶ
2717 3520 2777 3573 δὲ
2806 3520 2888 3583 τὸ,
2926 3540 2945 3572 ι
2974 3521 3253 3574 Φυλάσσου
3313 3521 3406 3575 τοῦ
3460 3523 3758 3594 ήσυχάσαι,

2170 3614 2267 3671 καὶ
2296 3614 2375 3687 μὴ
2404 3610 2609 3683 φοϐοῦ,
2647 3612 2783 3684 μηδὲ
2818 3613 2851 3684 ή
2876 3611 3023 3685 ψυχή
3055 3631 3147 3668 σου
3182 3612 3477 3667 ἁσθενείτω
3508 3615 3616 3667 ἀπὸ
3643 3615 3761 3671 τῶν

2160 3707 2255 3760 δύο
2306 3705 2482 3774 ξύλων
2517 3704 2626 3779 τῷν
2664 3703 2841 3758 δειλῶν
2892 3706 3001 3758 τῶν
3039 3704 3455 3777 καπνιζομένων
3481 3706 3750 3762 τούτων.»

2162 3799 2272 3854 Καὶ
2304 3798 2363 3853 τὸ
2402 3798 2503 3869 μὲν
2551 3798 2866 3854 ἐπιτάττειν
2896 3798 3126 3869 ἠρεμεῖν
3166 3797 3262 3851 καὶ
3296 3798 3594 3871 φροντίδων
3627 3799 3760 3870 δίχα

2159 3890 2443 3956 διατελεῖν,
2505 3890 2601 3945 καὶ
2658 3891 2767 3963 μὴν
2825 3889 2920 3944 καὶ
2983 3888 3256 3959 δειμάτων
3309 3889 3759 3947 ἀπαλλάττεσθαι

2160 3981 2415 4054 χαλεπῶν
2441 3999 2453 4012 ·
2494 3982 2783 4046 καλοῦντος
2816 3976 2883 4052 ἦν
2909 3980 3020 4053 ἄρα
3046 3984 3140 4035 καὶ
3171 3982 3321 4053 μάλα
3351 3983 3639 4056 ἐμφρόνως
3669 3984 3759 4048 εἰς

2161 4073 2495 4137 εὐπείθειαν,
2552 4075 2646 4127 καὶ
2695 4074 2860 4128 οἱονεὶ
2906 4076 2986 4137 είς
3014 4073 3191 4148 ἀρχὰς
3241 4075 3607 4145 ἀναφέροντος
3654 4075 3757 4129 τοῦ

2162 4167 2360 4238 χρῆναι
2384 4168 2549 4238 τιμᾷν
2582 4168 2707 4231 τοὺς
2739 4167 2869 4238 περί
2909 4165 3044 4220 Θεοῦ
3074 4166 3286 4235 λόγους,
3332 4167 3426 4221 καὶ
3451 4160 3534 4231 οἷς
3568 4166 3634 4223 ἂν
3661 4166 3752 4221 λέο

2163 4275 2252 4326 γοι
2280 4257 2342 4311 τὸ
2374 4257 2573 4329 ἀληθὲς
2601 4257 2836 4327 ἑτοίμως
2865 4257 3315 4327 ἐπιψηφίζεσθαι.
3345 4257 3549 4322 Δαλοὺς
3575 4259 3632 4312 δὲ
3658 4262 3757 4315 καὶ

2160 4348 2295 4417 ξύλα
2325 4347 2702 4419 καπνιζόμενα
2728 4349 2903 4415 καλεῖ,
2936 4352 3062 4414 τοὺς
3089 4351 3210 4405 κατ’
3243 4349 3409 4404 αὐτοῦ
3445 4366 3753 4429 συμπεφω-

451 4437 598 4492 enim
622 4436 826 4507 lignum
863 4451 958 4490 seu
1011 4435 1133 4491 titio
1192 4438 1408 4507 quando
1445 4454 1512 4494 ex
1554 4440 1676 4512 igne
1729 4442 2054 4500 extrahitur:

2161 4440 2417 4513 νηκότας,
2453 4441 2530 4506 ὡς
2559 4443 2684 4495 ὅσον
2714 4441 2927 4496 οὐδέπω
2966 4442 3417 4514 πεπαυσομένους
3450 4443 3546 4497 καὶ
3581 4444 3754 4498 αὑτοῦ

452 4526 684 4596 fumigat
744 4526 989 4593 quidem,
1038 4541 1224 4582 verum
1297 4529 1475 4600 ignem
1543 4531 1598 4585 iu
1640 4547 1763 4588 sese
1816 4534 2051 4602 amplius

2159 4533 2248 4587 τοῦ
2273 4528 2437 4597 εἶναι,
2471 4533 2567 4586 καὶ
2589 4532 2688 4603 τῆς
2720 4534 3019 4603 βασιλείας.
3038 4536 3249 4605 Ὥσπερ
3270 4534 3380 4607 γὰρ
3401 4533 3557 4601 ξύλον
3582 4535 3755 4606 ήγουν

452 4617 656 4674 habere
686 4616 917 4672 desinit:
946 4619 1062 4688 pari
1098 4635 1312 4692 quoque
1344 4624 1576 4693 ratione,
1600 4624 1855 4691 arbitror,
1888 4625 2051 4680 homo

2159 4622 2389 4686 όδαλδς,
2445 4622 2576 4676 ὃταν
2611 4622 2865 4695 ἐξέληται
2910 4623 3005 4678 τοῦ
3038 4624 3232 4695 πυρὸς,
3261 4622 3583 4689 καπνίζεται
3625 4624 3751 4694 μὲν,

451 4708 537 4762 vel
574 4708 715 4771 vitaz,
748 4707 833 4762 vel
894 4712 970 4765 rei
1028 4710 1258 4782 alicujus
1310 4714 1473 4771 linem
1543 4716 1805 4782 facturus,
1853 4718 2049 4772 merito

2159 4713 2293 4787 πλὴν
2318 4716 2375 4768 ὲν
2405 4715 2699 4788 καταλήξει
2730 4716 2965 4784 γίνεται,
2995 4716 3090 4770 τοῦ
3124 4718 3222 4771 καὶ
3258 4717 3339 4777 ἔτι
3368 4719 3428 4771 τὸ
3461 4715 3574 4787 πῦρ
3602 4717 3755 4788 ἔχειν

452 4798 546 4854 fax
587 4800 695 4855 dici
728 4800 948 4870 poterit,
977 4816 1071 4857 aut
1093 4804 1295 4876 lignum
1329 4810 1509 4864 adhuc
1532 4808 1831 4879 fumigans.
1862 4809 2043 4864 Caete-

2159 4807 2209 4860 iv
2239 4804 2439 4877 ἐαυτῷ·
2472 4807 2613 4861 κατὰ
2642 4807 2734 4860 τὸν
2760 4805 2900 4872 ἴσον,
2925 4803 3103 4879 οἶμαι,
3138 4809 3353 4862 τουτονὶ
3383 4809 3606 4880 τρόπον,
3656 4811 3755 4863 καὶ

454 4908 574 4946 rum
609 4892 698 4948 ubi
723 4907 817 4948 eos
856 4896 1073 4952 timidos
1128 4901 1419 4954 admodum
1454 4910 1508 4954 et
1541 4912 1779 4955 mmrore
1845 4917 2043 4972 magno

2159 4896 2441 4970 ίνθρωπος
2490 4899 2707 4971 μέλλων
2736 4901 2770 4971 ἢ
2806 4899 2952 4972 ζωῆς
2981 4901 3014 4974 ἢ
3046 4903 3370 4974 πράγματος
3419 4904 3475 4955 ὲν
3505 4902 3751 4974 καταλή-

454 4984 697 5041 deiectos
726 4999 849 5041 esse
881 4987 1226 5061 intelligeret,
1266 4990 1413 5060 quod
1480 4989 1805 5048 dimicantes
1854 5001 2042 5047 contra

2159 4989 2234 5060 Est
2259 4990 2525 5061 γίνεσθαι,
2548 4992 2747 5061 λέγοιτ’
2777 4992 2844 5048 ἂν
2866 4993 3091 5058 εἰκότως
3119 4995 3279 5058 δαλὸς
3307 4995 3340 5067 ἢ
3367 4993 3525 5062 ξύλον
3551 5012 3754 5049 καπνι-

453 5077 667 5134 Phacee
693 5078 1061 5149 vincerentur,
1092 5083 1315 5151 etquod
1366 5090 1584 5136 centum
1630 5082 1822 5154 viginti
1872 5084 2043 5141 millia

2159 5083 2380 5158 ζόμενον
2405 5083 2507 5139 ἔτι.
2562 5085 2783 5157 Ἐπειδὴ
2809 5084 2868 5138 δὲ
2899 5086 3182 5155 ήπίστοιτο
3211 5087 3479 5160 περιδεεῖς
3511 5087 3754 5159 μάλιστα

451 5185 518 5226 ex
544 5168 705 5235 Juda,
738 5182 794 5226 ut
820 5172 955 5238 dixi,
1008 5187 1119 5229 uno
1169 5173 1258 5228 die
1312 5172 1691 5230 corruissent:
1749 5175 1913 5233 etiam
1960 5177 2046 5233 bis

2159 5173 2467 5249 γεγονότας,
2498 5174 2593 5229 καὶ
2627 5177 2683 5229 ἐν
2729 5176 3011 5249 κατηφείᾳ
3043 5177 3237 5250 πολλῇ,
3277 5178 3367 5232 διά
3393 5195 3452 5233 τε
3485 5178 3545 5231 τὸ
3584 5179 3759 5249 ἡττᾶ-

452 5260 905 5317 terriculatnentis
983 5276 1080 5319 eos
1150 5261 1364 5326 eximit,
1423 5270 1480 5315 et
1528 5261 1741 5332 inquit:
1776 5264 2046 5333 '«Quando

2159 5266 2280 5321 σθαι
2302 5268 2732 5339 μεμαχημένους
2758 5270 2895 5339 πρὸς
2914 5269 3113 5335 Φακεὲ,
3139 5270 3340 5327 δτεκαὶ
3369 5267 3751 5335 πεπτώκασιν,

454 5352 603 5406 enim
647 5353 731 5407 ira
753 5352 956 5408 furoris
981 5351 1088 5408 mei
1117 5349 1301 5414 fuerit,
1337 5352 1533 5409 iterum
1563 5355 1819 5421 satiabo,»
1853 5356 1908 5413 id
1933 5368 2037 5425 est,

2159 5361 2229 5424 ὡς
2272 5359 2435 5433 ἔφην,
2494 5360 2689 5414 ἑκατὸν
2718 5361 2894 5416 εῐκοσι
2931 5360 3166 5433 χιλιάδες
3221 5365 3286 5418 ὲκ
3319 5363 3413 5419 τοῦ
3465 5362 3639 5418 ’ἰούδα
3692 5365 3755 5416 ὲν

454 5457 801 5514 nequaquam
832 5443 1185 5509 cecidissent,
1209 5443 1311 5500 nisi
1343 5443 1497 5501 furor
1532 5462 1684 5503 meus
1706 5448 1760 5503 in
1816 5464 2037 5505 manum

2159 5451 2336 5523 ἡμέρα
2367 5453 2499 5523 μιᾷ·
2544 5451 2640 5506 καὶ
2682 5453 2889 5506 τούτων
2919 5452 3169 5528 ἐξίστησι
3198 5454 3308 5510 τῶν
3335 5455 3608 5525 δειμάτων
3653 5455 3755 5508 αύ-

451 5532 686 5590 hostium
733 5549 827 5591 eos
854 5534 1191 5591 tradidisset.
1224 5533 1353 5607 Sed,
1389 5537 1585 5610 inquit,
1622 5540 1670 5597 si
1726 5539 1892 5598 fuerit
1958 5543 2037 5596 ira

453 5638 571 5681 mea
600 5636 791 5683 contra
821 5627 1086 5696 quosdam
1122 5642 1374 5697 accensa,
1400 5647 1592 5688 rursus
1621 5647 1716 5690 eos
1761 5634 1852 5705 qui
1889 5636 2035 5706 passi

449 5727 576 5773 sunt
620 5718 848 5775 sanabo.
884 5717 1019 5773 Nam
1046 5722 1140 5791 qui
1189 5737 1258 5780 ex
1302 5722 1382 5781 ira
1442 5723 1688 5795 tradidit,
1750 5723 1914 5783 facile
1969 5741 2034 5781 ex

538 5828 599 5912 f'
639 5832 661 5890 ι
712 5830 834 5891 Tim
884 5848 947 5902 It,
981 5835 1036 5893 4.

536 6128 595 6257 ὶ

2142 5543 2289 5605 τοὺς,
2320 5543 2413 5595 καί
2464 5557 2649 5615 φησιν·
2686 5543 2892 5598 «Ὅταν
2949 5542 3060 5617 γὰρ
3097 5545 3376 5617 ὁργήττοῦ
3414 5545 3589 5619 θυμοῦ
3645 5563 3755 5617 μου

2141 5635 2391 5707 γένηται,
2422 5636 2582 5690 πάλιν
2618 5636 2900 5707 ἰάσομαν»
2936 5635 3079 5690 τοῦτ’
3113 5636 3281 5703 ἔστιν,
3316 5638 3424 5692 οὐδ’
3453 5638 3519 5693 ἂν
3549 5640 3751 5692 ἐκεῖνοι

2145 5727 2529 5797 πεπτώκασιν,
2563 5729 2612 5782 εί
2649 5729 2725 5800 μὴ
2772 5726 3003 5783 δέδωκεν
3051 5730 3248 5798 αὐτοὺς
3295 5731 3399 5787 ὑπὸ
3444 5732 3605 5806 χεῖρα
3636 5727 3750 5787 τῶν
