4016 6506
441 406 542 465 199

1423 403 1482 460 S.
1523 400 1806 458 CYRILLI
1843 400 2321 456 ALEXANDRINI
2361 402 2682 459 ARCIIIEP.

3600 407 3706 462 900

438 546 566 590 vero
579 533 741 587 etiam
757 531 808 584 in
828 527 1070 585 Samaria
1087 525 1317 589 Phacee,
1334 521 1424 591 qui
1441 529 1556 576 erat
1571 519 1827 575 Romeliae
1847 518 2010 586 Illius,

2143 520 2316 574 Lombv.
2366 519 2748 579 Ἀποθανόντος
2802 517 2858 570 δὲ
2911 517 3005 570 καὶ
3056 517 3149 570 τοῦ
3196 518 3389 583 Φακεέ,
3423 520 3480 572 ἐν
3509 524 3576 590 τῇ
3604 519 3704 574 Σα-

439 639 663 694 regnum
696 621 856 692 119
879 619 1071 688 accipit
1096 615 1233 672 Osee
1264 614 1406 668 ﬁlius
1441 613 1568 677 Elae,
1601 612 1684 663 vir
1712 609 2014 680 improbus,

437 724 487 768 et
517 715 816 768 daemonum
850 707 1260 777 deceptionibus
1287 704 1572 759 addietior.
1610 703 1729 769 Quo
1795 717 2016 772 regnum

439 805 810 874 gubernante,
841 798 1087 854 ascendit
1123 795 1478 850 Salmanasar
1522 793 1779 865 Assyrius
1826 793 2019 847 adver-

438 909 530 948 sus
567 903 728 947 totam
759 890 1088 953 Samariam,
1132 897 1186 940 et
1231 884 1519 941 confestim
1576 892 1738 952 capto
1771 883 1931 947 Osca,
1965 897 2019 938 et

441 985 495 1039 in
525 984 644 1037 loco
676 982 821 1037 servi
849 981 1055 1045 habito,
1087 994 1149 1031 ac
1176 985 1369 1031 cuncta
1402 975 1626 1046 regione
1680 981 1914 1036 vastata,
1967 982 2021 1026 et

441 1076 805 1129 lsraelitarum
834 1082 977 1128 terra
1005 1071 1246 1126 desolata
1275 1085 1339 1124 ac
1363 1069 1602 1132 deserta,
1630 1067 1748 1121 loco
1782 1065 2019 1136 ipsorum

442 1167 748 1246 incolarum
775 1165 1069 1236 inquilinos
1100 1165 1365 1232 quosdam
1420 1160 1724 1223 constituit,
1757 1167 1849 1211 aut
1892 1170 2024 1212 sane

438 1275 508 1313 ex
540 1259 772 1313 subditis
825 1259 962 1322 suis,
1011 1257 1458 1324 Ecchuthamque
1504 1261 1560 1309 et
1613 1250 2018 1320 Sappharvian.

441 1350 647 1406 Gentes
680 1360 886 1414 autem,
919 1352 1103 1413 credo,
1134 1349 1215 1402 hae
1241 1346 1471 1400 Persicae
1499 1361 1512 1399 :
1561 1344 1640 1399 sic
1675 1343 1818 1398 enim
1870 1342 1924 1396 in
1955 1341 2022 1394 li-

445 1442 560 1497 bris
590 1443 896 1511 Regnorum
925 1443 1186 1510 scriptum
1228 1448 1330 1493 est.
1371 1435 1542 1506 Hujus
1577 1434 1733 1489 nobis
1781 1432 2024 1489 historiae

446 1534 810 1587 narrationem
855 1533 1116 1601 propheta
1156 1540 1597 1583 commemorans
1629 1541 1642 1579 :
1677 1543 1699 1577 ‹
1732 1523 1860 1579 Haec
1893 1523 2026 1579 dicit

449 1604 727 1689 Dominus,
759 1623 973 1692 inquit:
1017 1620 1130 1674 Non
1161 1617 1403 1672 manebit
1426 1613 1719 1671 consilium
1755 1614 1879 1679 hoc,
1926 1627 2028 1669 ne-

445 1731 550 1784 que
576 1715 702 1777 erit,
733 1715 824 1768 sed
858 1720 1023 1782 caput
1061 1711 1228 1764 Aram
1269 1709 1590 1772 Damascus,
1621 1717 1672 1762 et
1707 1715 1873 1776 caput
1923 1705 2027 1760 Da-

447 1809 612 1862 masci
640 1806 952 1869 Rhaasson,
982 1805 1076 1859 sed
1113 1805 1250 1857 intra
1277 1817 1450 1856 annos
1480 1802 1761 1870 sexaginta
1785 1811 1839 1853 et
1863 1799 2023 1868 quiu-

2124 612 2344 684 μαρείᾳ,
2404 611 2463 675 ὃς
2511 608 2579 682 ἦν
2623 610 2716 663 τοῦ
2758 609 3059 678 Ῥομελίου,
3101 609 3402 680 διαδέχεται
3462 611 3562 682 τὴν
3614 611 3709 682 βα.

2123 701 2327 754 σιλείαν
2367 701 2526 772 Ὠσηέ
2555 700 2670 762 υίὸς
2705 699 2860 764 Ἦλᾶ,
2888 699 3124 768 πονηρὸς
3155 700 3314 772 ἀνὴρ,
3338 701 3430 754 καὶ
3453 704 3572 766 ταῖς
3596 702 3706 756 τῶν

2119 791 2412 862 δαιμονίων
2442 791 2679 854 ἀπάταις
2705 792 3043 862 ἐγκείμενος.
3077 784 3461 860 Οῦβιέποντος
3487 793 3588 864 τὴν
3618 794 3707 864 βα-

2125 881 2330 935 σιλείαν
2357 881 2525 951 ἀνέϐη
2551 881 2918 954 Σαλμανασάρ
2946 885 2974 936 6
3019 883 3306 954 Ἀσσύριος
3350 883 3492 938 κατὰ
3524 885 3706 956 πάσης

2121 972 2222 1041 τῆς
2247 973 2585 1043 Σαμαρείας,
2616 975 2711 1028 καὶ
2731 975 3075 1045 παραχρῆμα
3100 975 3198 1045 μὲν
3225 969 3371 1029 εἶλεν
3398 975 3491 1028 τὸν
3525 977 3704 1048 Ὠσηὲ,

2123 1065 2218 1118 καὶ
2250 1065 2308 1118 ἐν
2341 1065 2554 1118 οἰκέτου
2589 1067 2738 1131 τάξει
2777 1068 3096 1138 πεποίηται’
3132 1068 3491 1140 καταδῃώσας
3523 1070 3580 1124 δέ
3607 1071 3708 1143 τὴν

2123 1156 2308 1228 χώραν
2339 1157 2578 1223 ἃπασαν,
2605 1159 2828 1213 καὶτῶν
2855 1160 2988 1214 υἱῶν
3029 1161 3246 1232 Ἰσραὴλ
3270 1163 3553 1235 ἀποφήνας
3579 1165 3708 1235 ἐρή-

2128 1266 2258 1319 μην,
2291 1247 2614 1321 καθίστησιν
2653 1250 2766 1304 ἀντ’
2798 1251 2977 1306 αὐτῶν
3028 1252 3137 1305 τῶν
3193 1253 3336 1306 ἰδίων
3369 1255 3522 1317 τινὰς
3566 1256 3707 1308 ὲνοε-

2125 1359 2277 1406 κους,
2305 1343 2424 1414 ἤτοι
2453 1344 2560 1397 τῶν
2602 1343 2706 1398 ὑπὸ
2733 1346 2912 1415 χεῖρα,
2948 1345 3039 1400 τόν
3071 1362 3130 1398 τε
3173 1345 3440 1417 Ἐκχουθά
3485 1349 3580 1401 καὶ
3613 1349 3711 1402 τὸν

2127 1434 2558 1506 Σαπφαρουῖαν·
2607 1434 2735 1506 ἔθνη
2775 1436 2832 1489 δὲ
2889 1433 3042 1507 οἶμαι
3090 1439 3248 1491 ταυτὶ
3294 1439 3560 1510 Περσικά.
3611 1441 3712 1494 Γέ-

2127 1545 2370 1600 γραπται
2402 1528 2513 1602 γὰρ
2563 1529 2737 1593 οὕτως
2782 1531 2841 1584 ἐν
2882 1530 3086 1601 βίϐλοις
3123 1531 3442 1585 Βασιλειῶν.
3493 1533 3714 1605 Ταύτης

2129 1623 2261 1692 ἡμῖν
2308 1621 2550 1694 ἱστορίας
2599 1621 2697 1694 τὴν
2732 1622 3010 1694 ἀφήγησιν
3057 1624 3086 1674 6
3142 1623 3449 1694 προφήτης,
3496 1623 3709 1692 λέγων’

2134 1733 2155 1767 ι
2180 1715 2319 1770 Τάδε
2352 1715 2502 1785 λέγει
2531 1716 2770 1787 Κύριοςσ
2801 1717 2877 1769 Ού
2917 1717 2989 1787 μὴ
3015 1717 3247 1790 ὲμμείνῃ
3281 1719 3318 1788 ἡ·
3343 1716 3505 1789 βουλὴ
3549 1718 3714 1789 αὕτη.

2129 1807 2250 1861 ούδέ
2285 1807 2458 1867 ἔσται,
2499 1797 2615 1861 ἀλλ’
2648 1809 2681 1878 ἡ
2724 1807 2933 1879 κεφαλὴ
2972 1806 3213 1878 Ἐφραῒμ
3253 1809 3566 1879 Δαμασκὸς,
3618 1810 3716 1861 καὶ

445 1916 548 1970 que
571 1900 789 1954 deﬁciet
817 1913 1040 1969 regnum
1067 1895 1322 1965 Ephraim
1345 1909 1373 1947 a
1403 1892 1619 1963 populo.
1649 1911 1668 1943 ι
1698 1891 1764 1944 Ει
1791 1891 2017 1946 obscura

2143 1903 2166 1973 ἡ
2202 1900 2409 1971 κεφαλὴ
2464 1873 2759 1971 Δαμασκοῦ
2805 1873 3114 1971 νῬαασσίμν·
3161 1873 3276 1954 ἀλλ’
3323 1873 3401 1954 έτι
3450 1899 3718 1971 ἐξήκοντα

445 1993 659 2062 quidem
693 2000 776 2044 est
804 1991 1095 2042 verborum
1135 1993 1439 2053 structura,
1471 1993 1527 2038 at
1551 1985 1692 2039 hunc
1724 1985 1776 2038 in
1803 1983 2023 2037 modum

2143 1988 2224 2041 ιαί
2257 1989 2419 2042 πέντε
2472 1988 2612 2041 ἐτῶν
2661 1988 2900 2059 ἐκλείψει
2954 1991 2986 2060 ὴ
3033 1988 3280 2060 βασιλεία
3324 1990 3562 2062 Ἐῳραῖμ
3607 1991 3721 2044 det-:6

445 2084 785 2152 assequenda
817 2090 901 2135 est
926 2096 939 2132 :
978 2080 1175 2148 Caput,
1204 2077 1401 2148 inquit,
1428 2079 1615 2141 Aram,
1641 2076 1692 2130 id
1724 2084 1807 2129 est
1835 2073 2023 2145 Syriae,

2143 2079 2314 2135 ιαοῦ.›
2351 2081 2460 2134 Καὶ
2486 2081 2703 2152 ἀσαφὴς
2727 2081 2824 2151 μὲν
2854 2080 3017 2151 ἡτῶν
3032 2081 3229 2145 λέξεων
3261 2081 3522 2154 συνθήκη⁹
3554 2100 3725 2154 προσ-

448 2177 767 2230 Damascus.
824 2172 1142 2239 Metropolis
1176 2171 1321 2224 enim
1378 2169 1552 2241 Syria:
1599 2168 1916 2230 Damascus,
1973 2176 2029 2221 et

2143 2172 2315 2226 Ξαλεῖν
2350 2174 2406 2226 δὲ
2446 2173 2550 2245 χρὴ
2611 2174 2855 2227 τοιῶσδε·
2907 2173 2972 2226 Ἣ
3002 2174 3214 2244 κεφαλὴ
3239 2214 3254 2239 ,
3286 2175 3472 2245 φησὶν,
3517 2175 3721 2245 Ἀρὰμ,

449 2279 614 2338 caput
643 2266 896 2320 Damasci
935 2263 1258 2327 Rhaassim,
1302 2261 1353 2318 id
1387 2272 1470 2317 est
1506 2261 1814 2316 lihaasson.
1860 2259 2031 2344 Caput

2143 2263 2276 2317 τοῦτ’
2311 2264 2430 2317 ἐστι
2475 2264 2574 2335 τῆς
2603 2253 2823 2336 Συρίας,
2857 2265 3168 2335 Δαμασκδς.
3200 2267 3351 2337 καὶὴ
3380 2265 3588 2336 κεφαλὴ
3619 2268 3724 2319 Δα-

449 2360 714 2427 siquidem
747 2356 989 2428 regionis
1033 2366 1088 2410 et
1121 2355 1357 2410 civitatis
1392 2363 1499 2418 est,
1554 2355 1643 2423 qui
1699 2367 1918 2422 regnum
1976 2350 2027 2403 in

450 2453 568 2506 illos
593 2451 751 2522 gerit.
806 2451 870 2504 Et
905 2464 1128 2520 regnum
1181 2447 1432 2517 Ephraim
1468 2445 1686 2500 deﬁciet
1722 2459 1750 2498 a
1784 2442 1979 2513 populo
2014 2459 2028 2509 ;

452 2546 510 2597 in.
562 2544 718 2597 annis
773 2541 1054 2612 sexaginta
1116 2548 1169 2594 et
1231 2539 1470 2608 quinque
1533 2536 1748 2590 deﬁciet
1805 2549 2030 2604 regnum

454 2635 741 2710 Ephraim,
769 2635 822 2688 id
844 2643 929 2688 est
955 2630 1150 2697 Israel;
1178 2630 1396 2686 deﬁciet
1417 2642 1636 2699 quoque
1656 2636 1816 2697 caput
1841 2627 2029 2689 Aram,

453 2728 503 2781 id
537 2737 620 2784 est
647 2727 963 2792 Damascus,
994 2735 1048 2780 et
1094 2733 1258 2794 caput
1293 2722 1561 2785 Damasci,
1601 2721 1650 2774 id
1705 2728 1789 2774 est
1823 2719 2034 2773 Rhaas-

452 2835 571 2876 son.
612 2819 766 2887 Cepit
813 2817 979 2880 enim,
1017 2824 1074 2870 ut
1128 2815 1261 2881 dixi,
1313 2811 1860 2884 Theglaphallasarus
1926 2811 2034 2866 Da-

456 2926 697 2966 mascum
729 2921 784 2963 et
813 2907 1118 2973 Rhaasson,
1144 2915 1198 2960 et
1229 2904 1667 2970 Salmanasarus,
1703 2903 1898 2958 Oscam
1936 2917 2029 2956 re-

457 3017 577 3076 gem
617 3000 902 3072 Ephraim,
947 3000 1063 3054 sive
1111 2997 1349 3064 lsraelis,
1400 3007 1455 3053 et
1495 2995 1875 3058 Somorrham,
1924 2994 2038 3049 sive

458 3091 788 3154 Samariam,
819 3089 1188 3146 communiter
1213 3099 1470 3145 currente
1502 3099 1558 3143 et
1588 3087 1919 3143 inserviente
1946 3085 2039 3140 illo

2137 2355 2348 2425 μασκοῦ
2397 2356 2690 2425 Ῥαασσὶμ,
2722 2356 2868 2409 τοῦτ’
2908 2356 3054 2410 ἐστιν
3079 2359 3107 2409 ὁ
3155 2357 3470 2412 Ῥαασσών·
3509 2357 3725 2427 κεφαλὴ

2135 2448 2244 2518 γὰρ
2263 2448 2360 2518 τῆς
2378 2465 2437 2500 τε
2459 2447 2642 2519 χώρας
2681 2449 2892 2520 καὶτῆς
2921 2448 3128 2513 πόλεως
3147 2452 3175 2502 6
3201 2450 3497 2521 βασιλεύων
3518 2451 3723 2506 αὐτῶν.
3757 2458 3760 2460 ’

2136 2541 2246 2594 Καὶ
2279 2543 2312 2612 ἡ
2349 2541 2595 2611 βασιλεία
2633 2541 2691 2594 δὲ
2733 2539 2972 2612 Ἑφραῒμ
3014 2542 3256 2612 ἐκλείψει
3294 2543 3401 2596 ἀπὸ
3443 2543 3575 2596 λαοῦ
3597 2560 3611 2573 ·
3645 2545 3728 2599 ἔτι

2137 2632 2398 2705 ἐξήκοντα
2415 2635 2510 2687 καὶ
2531 2633 2691 2688 πέντε
2712 2635 2848 2687 ἐτῶν
2866 2634 3102 2704 ἐκλείψει
3125 2637 3158 2705 ἡ
3185 2634 3431 2705 βασιλεία
3461 2637 3727 2709 Ἐφραῒμ,

2135 2727 2280 2780 τοῦτ’
2330 2726 2482 2792 ἔστι,
2521 2727 2617 2781 τοῦ
2673 2728 2922 2799 ’ῐσραήλο
2986 2728 3228 2797 ἐκλείψει
3289 2729 3382 2782 καὶ
3433 2732 3466 2800 ὴ
3516 2730 3732 2802 κεφαλὴ

2152 2821 2351 2891 Ἀρὰμ,
2380 2820 2525 2874 τοῦτ’
2560 2819 2706 2874 ἔστιν
2746 2822 2779 2891 ὴ
2820 2820 3132 2891 Δαμασκδς,
3165 2823 3257 2875 καὶ
3296 2825 3328 2893 ἡ
3369 2823 3579 2893 κεφαλὴ
3622 2828 3733 2876 Δα-

2143 2914 2378 2986 μασκοῦ,
2430 2915 2576 2968 τοῦτ’
2631 2913 2777 2966 ἐστιν
2831 2916 2859 2966 6
2911 2914 3210 2971 Ῥαασσών.
3256 2912 3418 2969 Εἷλεν
3474 2915 3603 2988 γὰρ,
3654 2917 3734 2980 ὡς

2141 3004 2300 3076 ἔφην,
2331 3007 2360 3058 6
2406 3005 2505 3076 μὲν
2561 3004 3031 3077 Θεγλαφαλλασὰρ
3064 3008 3163 3077 τήν
3205 3023 3266 3058 τε
3313 3008 3604 3076 Δαμασκὸν
3633 3009 3734 3061 καὶ

2141 3099 2232 3152 τὸν
2271 3096 2574 3163 Ῥαασσὼν,
2607 3100 2636 3150 ὁ
2669 3098 2725 3151 δέ
2773 3098 3137 3170 Σαλμανασάρ
3169 3099 3258 3152 τὸν
3301 3101 3458 3170 Ὠσηὲ
3508 3100 3738 3169 βασιλέα

458 3187 652 3253 verbo,
682 3183 902 3253 Deﬁciet
931 3198 950 3237 :
986 3195 1042 3238 et
1067 3191 1229 3253 caput
1277 3182 1533 3252 Ephraim
1587 3180 1782 3234 civitas
1818 3178 2035 3233 Somor-

2155 3191 2418 3263 Ἐφραῖμ,
2455 3193 2573 3262 ἦτοι
2620 3191 2714 3245 τοῦ
2759 3192 2994 3262 Ἰσραὴλ,
3035 3193 3130 3245 καὶ
3163 3193 3260 3262 τὴν
3301 3193 3579 3264 Σομόρων,
3611 3195 3738 3265 ἦτοι

457 3279 706 3340 rhorum,
737 3275 953 3330 deﬁciet
996 3291 1208 3330 rursus.
1236 3274 1409 3344 Caput
1438 3283 1616 3326 autem
1645 3269 1899 3338 Ephraim
1936 3267 2039 3324 So-

458 3370 684 3426 morrha
715 3379 896 3436 vocat,
931 3369 982 3421 id
1019 3377 1104 3422 est
1133 3365 1457 3420 Samariam.
1505 3362 1674 3417 Mater
1715 3362 1858 3416 enim
1891 3361 2042 3430 prin-

457 3476 694 3530 cepsque
723 3461 918 3516 civitas
937 3458 1200 3514 Samaria:
1227 3456 1544 3512 Somorrha.
1570 3454 1828 3524 Ephraim
1862 3462 2040 3506 autem

455 3552 672 3622 quando
702 3550 852 3610 dicit,
885 3543 1135 3603 lsraelem
1175 3554 1358 3611 notat;
1426 3553 1482 3599 et
1519 3553 1674 3614 caput
1721 3540 2043 3597 Somorrha-

459 3659 578 3697 rum
617 3641 758 3696 ﬁlius
790 3639 1070 3705 Bonneliaa,
1102 3639 1152 3694 id
1181 3649 1262 3695 est
1295 3637 1517 3692 Pbacee
1544 3655 1557 3689 :
1593 3634 1733 3690 redit
1761 3648 1826 3687 ac
1854 3646 2039 3687 recur-

460 3735 532 3788 rit
564 3733 760 3786 iterum
802 3729 930 3784 illud
960 3728 1163 3798 deﬁciet
1198 3730 1250 3783 in
1281 3727 1554 3782 omnibus.
1586 3723 1844 3794 Adjungit
1879 3735 2042 3792 porro

460 3826 648 3879 hisce:
681 3842 699 3875 ι
738 3821 808 3877 Ει
850 3822 894 3876 si
927 3835 1030 3875 non
1084 3821 1453 3884 credideritis,
1502 3834 1609 3873 non
1653 3815 1986 3885 intelligetis.
2021 3833 2038 3863 ι

458 3916 530 3972 Ει
565 3919 677 3970 haec
707 3911 926 3984 quidem
959 3929 1065 3970 non
1103 3913 1377 3968 immerito
1409 3912 1683 3966 dicuntur.
1713 3909 1924 3962 Etenim
1954 3907 2044 3976 qui

463 4005 555 4060 Dei
595 4011 820 4060 verbum
867 4014 1094 4074 propter
1127 4000 1567 4056 incredulitatem
1589 4006 1824 4052 onerant
1852 4006 2046 4074 contu-

462 4096 664 4160 meliis,
700 4095 753 4149 hi
789 4073 1101 4165 cognitione
1131 4092 1252 4159 ejus
1274 4090 1483 4159 praediti
1517 4102 1637 4143 esse
1662 4101 1766 4141 non
1799 4073 2044 4156 possunt.

462 4186 691 4258 Oportet
717 4185 880 4257 igitur
926 4186 1313 4239 incunctanter
1361 4179 1603 4248 recipere
1633 4192 1753 4248 qua:
1785 4174 2045 4230 exhiben-

463 4291 609 4337 tura
638 4280 770 4344 Deo,
802 4291 857 4334 et
885 4293 1004 4348 quae
1057 4276 1346 4345 pollicetur
1396 4287 1460 4327 ac
1505 4270 1766 4340 loquitur,
1813 4269 1898 4324 his
1949 4281 2046 4320 au—

461 4388 632 4428 nuere
666 4374 942 4428 alacriter.
975 4367 1057 4422 Ita
1099 4368 1253 4421 nobis
1290 4365 1452 4420 inerit
1491 4363 1730 4434 COguitio
1778 4360 1945 4425 bona,
1994 4365 2048 4410 et

462 4476 693 4520 mentem
733 4476 977 4519 nostram
1011 4460 1306 4514 illustrabit
1343 4458 1430 4512 lux
1465 4455 1748 4526 sapientia:
1797 4451 1936 4520 ejus.

534 4675 698 4728 Vens.
741 4672 820 4726 ΙΟ.
859 4669 922 4721 Et
950 4666 1177 4736 perrexit
1207 4665 1456 4718 Dominus
1508 4662 1653 4730 loqui
1695 4660 1928 4724 Arhazo,
1957 4659 2044 4712 di-

461 4780 619 4822 cens:
648 4763 866 4819 Postulo
889 4761 982 4814 tibi
1011 4760 1221 4829 signum
1273 4774 1302 4808 a
1329 4755 1440 4809 Deo
1478 4754 1638 4823 120
1669 4762 1781 4814 tuo,
1821 4753 1878 4803 in
1927 4767 2047 4820 pro-

461 4859 707 4928 fundum,
754 4856 832 4910 vel
881 4857 935 4908 in
975 4853 1255 4907 excelsum.
1297 4847 1360 4899 Et
1398 4847 1533 4899 dixit
1576 4845 1758 4898 Achaz
1783 4859 1802 4897 :
1839 4843 2046 4913 Nequa-

459 4966 616 5021 quam
644 4947 948 5018 postulabo,
978 4957 1307 5014 nequaquam
1334 4939 1543 4994 tentabo
1579 4937 1882 4991 Dominum.

531 5042 755 5098 Acbazo
792 5041 1045 5093 thronum
1078 5033 1228 5104 regni
1254 5033 1534 5087 obtinente
1557 5027 1974 5102 Hierosolymis,
1993 5039 2048 5085 et

461 5135 528 5192 ad
557 5133 972 5196 eﬁ‘renationem
1003 5128 1291 5197 quamdam
1337 5124 1492 5178 valde
1526 5123 1797 5192 prolapso,
1836 5133 1892 5177 et
1935 5125 2046 5178 da:-

463 5227 770 5282 mouiorum
799 5221 1036 5277 cultibus
1066 5218 1217 5274 falsis
1253 5218 1684 5282 adhaerescente,
1723 5231 1844 5271 eum
1871 5215 2045 5270 omni-

460 5321 563 5375 bus
597 5317 772 5373 modis
807 5321 1033 5369 conatur
1065 5312 1131 5366 ad
1173 5309 1369 5364 melius
1404 5309 1709 5373 traducere,
1733 5321 1788 5363 et
1819 5319 1876 5362 ut
1911 5311 2048 5363 veri-

461 5409 592 5464 tatis
626 5405 914 5475 opiuiones
964 5410 1311 5456 consectetur
1347 5415 1411 5455 ac
1451 5400 1656 5469 cupiat,
1692 5409 1746 5452 et
1781 5409 1928 5454 recta
1982 5399 2048 5454 de

461 5498 574 5553 Deo
601 5494 805 5551 sentire
834 5492 983 5548 velit.
1011 5491 1280 5560 Quoniam
1316 5491 1479 5562 igitur
1509 5489 1772 5545 idolorum
1807 5490 2045 5545 cultores

461 5587 800 5659 magnifecit,
830 5601 896 5642 ac
925 5601 1068 5642 cura:
1101 5583 1394 5655 studioque
1421 5584 1472 5639 ei
1515 5581 1618 5638 fuit
1654 5598 1837 5639 rerum
1880 5597 2048 5639 even-

460 5696 550 5736 tus
570 5679 842 5736 curiosius
858 5676 1118 5741 scrutari,
1137 5687 1191 5732 et
1211 5691 1277 5732 ex
1301 5676 1478 5731 sacris
1502 5675 1773 5732 sciscitari
1800 5675 2044 5742 oracula,

458 5773 749 5840 verbisque
779 5769 1034 5824 falsorum
1081 5779 1265 5823 vatum
1306 5768 1600 5834 ludiﬁcari,
1643 5769 1902 5836 periculis
1948 5768 2043 5821 im-

457 5861 844 5935 pendentibus,
869 5859 1141 5918 Achazum
1170 5859 1286 5918 haec
1322 5859 1636 5917 molientem
1661 5860 1892 5914 retrahit
1920 5866 2046 5915 ante

2146 3285 2481 3356 Σαμαρείαν,
2521 3282 2630 3337 ἀπὸ
2663 3284 2844 3337 κοινοῦ
2875 3285 3160 3355 τρέχοντος
3192 3285 3254 3337 τὸ
3296 3287 3565 3353 ἐκλείψει
3587 3303 3599 3316 ·
3639 3289 3739 3340 καὶ

2146 3380 2178 3450 ἡ
2209 3377 2419 3448 κεφαλὴ
2451 3377 2508 3430 δὲ
2559 3377 2799 3449 Ἐφραῒμ
2832 3379 3088 3449 Σομόρων
3123 3379 3359 3449 ἐκλείψει
3393 3380 3579 3435 πάλιν.
3627 3383 3742 3434 Κε-

2152 3471 2328 3540 φαλὴν
2349 3471 2406 3523 δὲ
2446 3469 2686 3541 Ἐφραῖμ
2709 3470 2777 3523 τά
2821 3469 3038 3542 Σόμορα
3082 3471 3258 3536 καλεῖ,
3295 3471 3438 3527 τοῦτ’
3473 3472 3585 3525 ἔστι
3638 3473 3744 3545 τὴν

2147 3561 2492 3632 Σαμαρείανο
2563 3561 2898 3633 μητρόπολις
2960 3562 3068 3634 γὰρ
3125 3563 3437 3634 Σαμαρείας
3496 3565 3738 3637 Σόμορα.

2160 3653 2402 3726 Ἐφραέίμ
2429 3654 2486 3707 δὲ
2513 3655 2640 3708 ὅταν
2664 3654 2834 3723 λέγει,
2861 3655 2952 3708 τὸν
2991 3656 3208 3726 Ἰσραὴλ
3249 3655 3429 3726 δηλοῖ·
3465 3657 3558 3709 καὶ
3580 3661 3611 3726 ἡ
3645 3676 3743 3710 κει

2147 3747 2292 3818 φαλὴ
2341 3748 2597 3818 Σομόρων
2656 3746 2772 3810 υίὸς
2830 3746 2924 3800 τοῦ
2976 3747 3282 3816 Ῥομελίου,
3339 3746 3483 3800 τοῦτ’
3515 3749 3662 3800 ἐστιν
3719 3753 3748 3802 6

2147 3838 2322 3890 Φακεέ
2344 3851 2360 3866 ⁸
2387 3835 2570 3907 τρέχει
2604 3836 2662 3890 δὲ
2711 3835 2874 3890 πάλιν
2904 3836 2965 3889 τὸ
3005 3837 3279 3906 ἐκλείψει
3325 3837 3466 3891 κατὰ
3499 3839 3743 3893 πάντων.

2149 3927 2497 3999 Προσεπάγει
2523 3926 2581 3978 δέ
2610 3926 2842 3990 τούτοιςο
2868 3945 2886 3977 ι
2909 3926 3020 3980 Καὶ
3041 3925 3135 3979 ἐὰν
3163 3927 3236 3997 μὴ
3259 3926 3608 3997 πιστεύσητε,
3631 3928 3747 3981 οἰδ

2147 4020 2207 4072 οὐ
2237 4020 2311 4090 μὴ
2343 4019 2561 4090 συνῆτε.
2603 4020 2789 4090 »Ἔχει
2815 4017 2870 4071 δέ
2893 4019 2987 4072 καὶ
3011 4018 3216 4090 σφόδρα
3247 4019 3306 4070 τὸ
3335 4019 3480 4083 είκὺς
3505 4021 3532 4072 ὁ
3564 4019 3746 4086 λόγος.

2150 4110 2274 4170 Τοῖς
2302 4109 2410 4180 γὰρ
2435 4111 2555 4172 ταῖς
2594 4109 2875 4172 ἀπιστίαις
2905 4108 3318 4180 περιυὸρίζουσι
3357 4108 3447 4163 τὸν
3474 4109 3567 4162 τοῦ
3605 4110 3748 4163 Θεοῦ

2150 4202 2329 4270 λόγον,
2359 4200 2469 4254 οὐδ’
2503 4199 2568 4254 ἂν
2610 4200 2887 4269 ἐγγένοιτο
2922 4200 3136 4264 σύνεσις
3165 4203 3198 4271 ἡ
3244 4200 3397 4273 παρὰ
3435 4196 3620 4255 αὑτοῦ.
3655 4205 3752 4255 Δεῖ

2149 4290 2440 4362 τοιγαροῦν
2475 4291 2740 4362 ἀμελλητὶ
2773 4290 3024 4361 δέχεσθαι
3051 4291 3120 4344 τά
3161 4291 3314 4363 παρὰ
3338 4291 3494 4355 Θεοῦ,
3521 4294 3633 4360 ,καὶ
3662 4288 3750 4358 οἷς

2150 4385 2216 4440 ἂν
2238 4385 2586 4456 ὑπισχνεῖται
2615 4384 2710 4436 καὶ
2758 4383 2911 4438 λαλεῖ
2948 4385 3223 4438 συννεύειν
3261 4385 3513 4454 ἑτοίμως.
3549 4387 3746 4442 Ἔσται

2152 4476 2262 4548 γὰρ
2294 4478 2351 4529 ἐν
2385 4479 2516 4547 ἡμῖν
2546 4475 2719 4538 οῦτως
2751 4477 2784 4546 ὴ
2820 4475 3034 4540 σύνεσις
3063 4477 3263 4548 ἀγαθὴ,
3291 4479 3383 4531 καὶ
3413 4480 3750 4549 περιαστρά-

2083 4565 2127 4618 D
2155 4567 2246 4636 ψει
2275 4566 2366 4620 τὸν
2404 4567 2530 4623 νοῦν
2557 4567 2658 4636 τῆς
2684 4572 2814 4638 παρ’
2854 4568 3019 4622 αὐτοῦ
3058 4570 3250 4640 σοφίας
3275 4572 3304 4622 6
3335 4570 3638 4640 φωτισμός.

2225 4659 2336 4713 Καὶ
2368 4658 2698 4728 προσέθετο
2734 4663 2952 4729 Κύριος
2991 4663 3264 4731 λαλῆσαι
3298 4661 3379 4728 τῷ
3411 4661 3604 4730 Ἀχαζ
3641 4663 3745 4716 λέ-

2155 4768 2276 4820 των
2296 4765 2310 4779 ·
2333 4752 2586 4817 Αἲτησαι
2614 4752 2849 4819 σεαυτῷ
2879 4753 3134 4823 σημεῖον
3159 4754 3318 4823 παρὰ
3343 4755 3566 4822 Kvplov
3596 4756 3750 4810 Θεοῦ

2155 4855 2272 4894 σου
2303 4843 2390 4907 εὶς
2429 4839 2642 4909 βάθος,
2680 4843 2716 4910 ἢ
2756 4846 2844 4910 είς
2871 4844 3051 4913 ὕψος.
3095 4847 3203 4900 Καὶ
3231 4842 3402 4900 εἶπεν
3431 4844 3625 4915 Ἀχαζ·
3665 4850 3749 4900 Οὐ

2149 4933 2235 5003 μὴ
2267 4933 2515 5001 αἰτήσω,
2551 4935 2690 4990 οὐδ’
2721 4938 2793 4991 οὐ
2813 4937 2899 5006 μὴ
2929 4937 3194 5006 πειράσω
3229 4941 3466 5009 Κύριον.

2226 5025 2365 5090 Τοὺς
2402 5028 2502 5098 τῆς
2538 5026 2817 5096 βασιλείας
2845 5027 3099 5082 διέποντα
3127 5027 3328 5093 θάκους
3358 5031 3416 5082 ὲν
3438 5031 3549 5094 τοῖς
3585 5031 3749 5103 Ἰερο-

2157 5117 2414 5188 σολύμοις
2473 5120 2563 5172 τὸν
2611 5118 2810 5190 Ἀχαζ,
2854 5120 2947 5172 καὶ
2992 5119 3128 5173 πολὺ
3177 5120 3294 5173 λίαν
3347 5121 3748 5176 ἀπονενευκὸτα

2155 5213 2292 5284 πρὸς
2323 5213 2385 5266 τὸ
2425 5213 2658 5283 ἐξήνιον,
2691 5214 2786 5267 καὶ
2818 5215 2898 5276 είς
2932 5213 2994 5267 τὸ
3033 5212 3392 5283 προσκεῖσθαι
3422 5213 3596 5282 φιλεῖν
3627 5216 3750 5278 ταῖς

2153 5305 2264 5359 τῶν
2293 5304 2587 5374 δαιμονίων
2627 5304 3091 5376 ψευδολατρείαις,
3127 5303 3216 5357 διὰ
3261 5304 3460 5369 παντὸς
3491 5306 3750 5376 πειρᾶται

2152 5396 2358 5467 τρόπου
2413 5396 2806 5466 μετακομίζειν
2845 5397 2939 5448 ἐπὶ
2979 5396 3038 5448 τὸ
3069 5395 3312 5468 ἄμεινον,
3353 5396 3448 5450 καὶ
3479 5395 3560 5460 είς
3588 5413 3653 5465 γε
3693 5398 3754 5449 τὸ

2154 5490 2263 5544 δεῖν
2292 5489 2402 5543 τῶν
2423 5490 2524 5559 τῆς
2551 5489 2812 5560 ἀληθείας
2838 5489 3124 5557 ἐφικέσθαι
3156 5488 3466 5559 δογμάτων,
3501 5490 3594 5542 καὶ
3615 5488 3753 5559 ὀρθὰ

2155 5585 2374 5654 φρονεῖν
2409 5582 2628 5656 ἑλέσθαι
2676 5582 2804 5654 περὶ
2851 5579 3008 5634 Θεοῦ.
3046 5580 3256 5635 Οὐκοῦν
3308 5581 3610 5652 ἐπειδήπερ
3637 5583 3751 5643 τοῖς

2153 5675 2264 5730 τῶν
2295 5675 2532 5732 εἰδώλων
2565 5677 2933 5748 θεραπευταῖς
2966 5675 3094 5746 περὶ
3123 5674 3322 5729 πολ).οῦ
3357 5674 3618 5737 ἐτέθειτο,
3654 5677 3748 5728 καὶ

2153 5763 2222 5838 ἦν
2248 5769 2308 5822 ἐν
2361 5769 2564 5841 σπουδῇ
2622 5769 2683 5822 τὸ
2733 5768 2932 5840 χρῆναι
2987 5765 3448 5840 περιεργάζεσθαι
3493 5769 3590 5832 τάς
3641 5767 3748 5820 τῶν

2156 5860 2501 5932 πραγμάτων
2531 5861 2809 5927 ἐκϐάσεις,
2835 5861 2930 5914 καὶ
2960 5860 3247 5932 χρησμοὺς
3276 5859 3450 5913 αἰτεῖν
3475 5858 3534 5926 ἐξ
3562 5858 3742 5932 ἱερῶν,
