4016 6468
440 338 547 396 205

1427 329 1483 385 ε.
1528 327 1800 384 οῑιιῖιιλ
1838 327 2305 384 ΑιΕιΑΝυιιιΝι
2340 330 2659 386 ARCHIEP.

3572 324 3680 383 205

434 456 669 513 suadens
720 452 971 508 lsraelem
1017 458 1286 507 errantem
1333 463 1431 503 suo
1468 457 1709 517 tempore
1736 458 2008 503 servatum

2122 450 2270 503 δώσει
2305 453 2552 521 σημεῖον,
2578 451 2683 523 πλη
2692 449 2936 522 ροφορῶν
2968 449 3050 501 ὅτι
3077 447 3170 501 καὶ
3210 445 3517 517 σωθήσεται
3541 446 3683 501 κατὰ

429 549 504 603 iri
544 557 638 600 :et
667 561 773 600 non
828 545 1196 615 ignoraturum
1234 540 1548 601 Dominum,
1604 540 1699 594 sed
1744 541 2005 593 cultorem

440 641 532 694 llei
588 637 877 694 servatoris
920 648 1230 691 evasurum.
1262 632 1319 687 Id
1360 642 1541 687 autem
1595 646 1691 700 per
1736 632 2007 685 Christum

441 729 733 797 pet-fectum
763 737 863 792 est,
901 726 990 797 qui
1028 726 1240 779 vocavit
1274 727 1337 778 ad
1368 722 1698 792 agnitionem
1733 719 2006 784 Israelem,

438 821 691 887 unmique
715 828 934 887 peccato
961 827 1016 872 et
1044 818 1308 888 lignorum
1346 829 1411 869 ac
1440 812 1676 885 lapidum
1704 814 1848 868 cultu
1878 813 2010 868 libe-

438 912 577 964 ravit
608 913 796 978 ipsum.

512 1086 682 1143 Vens.
708 1085 897 1141 14-16.
936 1084 1069 1139 Ecce
1088 1085 1229 1154 virgo
1258 1085 1309 1135 in
1332 1093 1476 1136 utero
1502 1082 1701 1135 habebit
1722 1125 1735 1144 ,
1765 1093 1811 1135 et
1849 1084 2012 1144 pariet

439 1182 632 1253 ﬁlium,
657 1194 702 1232 et
734 1182 988 1233 vocabunt
1012 1192 1199 1230 nomen
1225 1178 1360 1246 ejus,
1394 1173 1727 1227 Emmanuel.
1753 1173 2013 1243 Butyrum

439 1286 485 1327 et
548 1273 648 1325 me!
688 1272 953 1333 comedet;
987 1269 1289 1338 priusquam
1337 1268 1468 1320 sciat
1520 1265 1608 1317 itte
1637 1264 1779 1317 mala
1811 1281 2015 1333 μητρο-

442 1381 582 1427 nere,
607 1364 752 1429 eliget
787 1362 999 1414 bonum.
1027 1357 1154 1413 Ideo
1175 1360 1482 1427 priusquam
1505 1357 1635 1408 sciat
1653 1370 1782 1424 puer
1822 1355 2014 1409 bonum

440 1456 518 1512 rei
570 1458 807 1517 malum,
874 1452 1090 1505 malitia:
1153 1466 1253 1503 non
1326 1450 1679 1513 obtemperat,
1734 1456 1791 1499 ut
1856 1445 2013 1516 eligat

441 1549 652 1602 bouum.
707 1544 767 1597 Ιιί
825 1544 1327 1611 νείὶηῳιειιινιιεννα
1392 1553 1551 1607 quam
1596 1546 1657 1590 tu
1711 1538 1941 1604 metuis,
1978 1552 2016 1589 α

442 1641 575 1708 [acie
624 1642 846 1692 duorum
906 1652 1100 1704 regum.
1174 1700 1179 1706 .

510 1815 882 1869 Reddideruut
915 1813 1136 1882 quidam
1168 1826 1355 1866 eorum
1387 1809 1479 1879 qui
1525 1808 1737 1863 divinas
1769 1805 2015 1877 Scriplu-
2043 1805 2089 1861 Β

443 1923 532 1961 ras
561 1907 905 1976 interpretati
943 1914 1105 1960 sunt:
1135 1904 1278 1959 Ecce
1304 1902 1477 1973 puella
1515 1902 1566 1955 in
1597 1909 1751 1956 utero
1778 1899 2015 1955 habebit.

439 1996 668 2051 Videtur
728 1995 944 2063 quidem
1008 1990 1208 2047 Judaeis
1264 1990 1455 2059 puellae
1503 1989 1719 2045 nomine
1772 1998 2019 2058 oportere

440 2086 667 2138 Matrem
724 2082 938 2138 Domini
993 2082 1315 2148 subuotari,
1372 2095 1472 2136 nec
1500 2080 1685 2136 vocari
1733 2079 2015 2148 virginem.

447 2177 777 2230 Existimant
827 2174 1092 2244 siquidem
1150 2173 1230 2229 ias
1261 2187 1383 2228 esse
1420 2172 1528 2226 vim
1583 2171 1823 2242 mysterii
1863 2185 2016 2226 ener-

442 2283 606 2332 vare,
638 2267 682 2319 si
718 2266 891 2335 puella
923 2280 1029 2319 non
1077 2267 1228 2335 virgo
1263 2263 1493 2318 dicatur.
1546 2262 1811 2318 Caeterum
1857 2262 2018 2317 rudes

446 2373 539 2411 eos
557 2372 674 2411 esse
696 2356 879 2409 multis
900 2356 1072 2410 modis
1088 2355 1270 2409 videre
1288 2353 1430 2408 licet.
1450 2352 1607 2421 122
1622 2351 1856 2405 Primum
1872 2351 2015 2406 enim

443 2447 568 2499 licet
600 2444 813 2499 dicatur
854 2444 969 2497 hare
1015 2445 1163 2513 virgo
1211 2442 1410 2512 puella,
1449 2455 1556 2497 non
1592 2440 1893 2512 privahitur
1928 2455 2015 2506 eo,

444 2550 503 2589 nt
546 2537 617 2589 sit
661 2540 835 2604 virgo.
874 2535 1003 2588 Dein
1047 2545 1360 2589 asseverant
1409 2535 1719 2603 prOphetam
1759 2535 1826 2590 de
1853 2549 2019 2589 uxore

440 2628 640 2682 Achazi
672 2628 851 2682 dicere
883 2626 1014 2681 illud
1044 2644 1058 2681 :
1109 2625 1248 2681 Ecce
1290 2625 1460 2696 puella
1506 2626 1559 2680 in
1591 2635 1744 2682 utero
1777 2625 2015 2689 habebit,

440 2733 507 2775 οι.
524 2722 694 2790 pariet
742 2719 935 2784 ﬁlium,
970 2728 1029 2774 ut
1063 2719 1429 2789 intelligamus
1459 2732 1528 2774 ex
1559 2733 1625 2773 eo
1660 2730 1843 2773 natum
1884 2707 2020 2773 Eze-

440 2814 637 2868 eltiam.
691 2812 853 2880 Atqui
884 2812 1007 2865 dum
1049 2810 1345 2882 prophetia:
1374 2811 1535 2867 verba
1578 2826 1681 2865 non
1708 2810 2021 2865 examinan-

444 2913 553 2969 tes,
605 2903 1013 2956 inconsiderate
1045 2903 1188 2971 quod
1226 2903 1371 2956 lubet
1410 2904 1714 2973 arripiunt,
1760 2912 1872 2957 tum
1920 2904 2022 2958 hoc

441 2994 607 3048 etiam
646 2993 823 3048 solum
858 2994 1058 3048 habere
1091 2994 1341 3049 videntur
1368 3009 1473 3065 quo
1505 3009 1658 3049 suum
1690 2995 2019 3065 propositum

2110 544 2334 616 καιροὺς
2374 546 2403 596 ὁ
2436 542 2849 612 πεπλανημένος
2881 540 3117 612 Ἰσραὴλ,
3159 540 3255 592 καὶ
3296 538 3396 591 οὐκ
3428 539 3692 607 ἀγνοήσει·

2109 635 2201 688 τὸν
2221 634 2518 705 Δεσπότην,
2545 635 2658 687 ἀλλ’
2686 634 2837 686 ἔσται
2862 631 3244 704 προσκυνητὴς
3263 629 3358 683 τοῦ
3384 629 3685 690 σεσωκότος

2111 726 2268 781 Θεοῦ.
2298 725 2668 797 Κατώρθωται
2697 726 2753 777 δὲ
2779 723 2939 777 τοῦτο
2964 722 3052 775 διὰ
3083 719 3318 791 Χριστοῦ
3355 718 3684 788 κεκληκότος

2111 821 2191 884 εἰς
2227 818 2518 886 ἐπίγνωσιν
2543 817 2633 870 τὸν
2672 815 2906 888 Ἰσραὴλ,
2940 815 3036 868 καὶ
3075 813 3294 881 ἀπάσης
3324 810 3486 864 αὐτὸν
3509 810 3684 862 ἀπαλ-

2111 910 2699 982 λάξαντοςόμαρτίας,
2743 910 2836 962 καὶ
2864 906 2957 961 τοῦ
2998 907 3321 977 προσκυνεῖν
3358 903 3561 957 ἐθέλειν
3598 901 3688 966 ξύ-

2112 1000 2225 1064 λοις
2253 1001 2347 1054 καὶ
2371 1001 2557 1063 λίθοις.

2195 1092 2339 1147 Ἰδοὺ
2376 1092 2415 1159 ἠ
2464 1091 2757 1161 παρθένιος
2792 1091 2862 1143 ἐν
2892 1088 3104 1160 γαστρὶ
3146 1087 3290 1153 ἕξει,
3321 1086 3420 1141 καὶ
3458 1087 3689 1152 τέξεται

2113 1184 2269 1250 υἱὸν,
2296 1185 2393 1240 καὶ
2426 1184 2704 1248 καλέσεις
2738 1182 2805 1236 τὸ
2834 1181 3022 1251 ὄνομα
3046 1178 3233 1234 αὐτοῦ
3280 1178 3686 1248 Ἐμμανουήλ.

2112 1277 2418 1344 Βούτυρον
2445 1275 2542 1328 καὶ
2578 1275 2719 1344 μέλι
2748 1273 2994 1343 φάγεται
3014 1289 3030 1303 ο
3077 1272 3221 1340 πρὶν
3247 1271 3286 1339 ἣ
3335 1272 3554 1340 γνῶναι
3585 1272 3693 1323 αὐ-

2111 1368 2220 1421 τὸν
2243 1367 2282 1436 ἢ
2303 1350 2660 1434 προελέσθαι
2687 1367 2939 1432 πονηρὰ,
2969 1362 3332 1427 ἐκλέξασθαι
3356 1360 3421 1415 τὸ
3443 1362 3692 1430 ἀγαθόν.

2112 1461 2268 1514 Διότι
2293 1458 2474 1527 «ptri;
2498 1458 2719 1527 γνῶναι
2744 1457 2810 1510 τὸ
2832 1454 3072 1509 παιδίον
3093 1453 3319 1523 ἀγαθὸν
3347 1452 3448 1507 καὶ
3476 1451 3688 1507 κακὸν.

2112 1544 2346 1600 ἀπειθεῖ
2365 1546 2640 1612 πονηρίᾳ,
2687 1544 3052 1607 ἐκλέξασθαι
3080 1544 3146 1596 τὸ
3195 1543 3420 1609 ἀγαθόν
3449 1541 3547 1613 (Ι).
3582 1541 3692 1594 Kal

2111 1635 2651 1706 καταλειφθήσεται
2678 1635 2717 1702 ἡ
2750 1635 2848 1705 γῆ,
2884 1633 2963 1702 ἢν
2991 1633 3074 1687 σὺ
3106 1632 3289 1704 φοϐῇ,
3327 1631 3548 1701 ἔρημος
3573 1632 3692 1688 ἀπὸ

2115 1727 2438 1798 προσώπου
2462 1727 2582 1781 τῶν
2611 1727 2720 1781 δύο
2741 1726 3071 1791 βασιλέων.

2198 1819 2562 1875 Ἐκδεδὼκασι
2593 1820 2691 1891 μέν
2717 1836 2862 1883 τινες
2890 1819 3001 1871 τῶν
3022 1817 3120 1882 τὰς
3149 1818 3299 1882 θείας
3325 1818 3691 1888 ὲρμηνευσάν-

2115 1930 2224 1968 των
2250 1912 2589 1985 Γραφὰς,τδ,
2632 1912 2764 1966 Ἰδοὺ
2789 1913 2821 1981 ἡ
2853 1912 3032 1975 νεᾶνις
3062 1912 3119 1964 ἐν
3146 1911 3345 1982 γαστρὶ
3369 1911 3503 1976 ἕξει.
3535 1911 3693 1962 Δοκεῖ

2115 2022 2180 2075 γε
2212 2005 2318 2077 μὴν
2356 2005 2628 2068 Ἰουδαίοις
2668 2002 2745 2074 τῷ
2770 2004 2870 2073 τῆς
2913 2002 3154 2065 νεάνιδος
3192 2002 3414 2073 ὀνόματι
3449 2017 3694 2068 καταση-

2120 2094 2406 2168 μαίνεσθαι
2431 2095 2541 2149 δεῖν
2574 2094 2671 2166 τὴν
2699 2094 2791 2148 τοῦ
2835 2094 3040 2167 Κυρίου
3067 2093 3325 2162 Μητέρα,
3358 2092 3453 2146 καὶ
3481 2093 3600 2162 οὐχὶ
3625 2092 3693 2159 δὴ

2120 2188 2319 2260 μᾶλλον
2341 2186 2620 2242 καλεῖσθαι
2657 2186 2944 2257 παρθένον.
2974 2185 3190 2239 Οίονται
3217 2186 3329 2256 γὰρ
3358 2185 3438 2238 ὅτι
3468 2185 3565 2255 τὴν
3596 2183 3694 2235 τοῦ

2122 2280 2421 2353 μυστηρίου
2462 2278 2690 2350 δύναμιν
2717 2279 3068 2350 ἀπρακτῆσαι
3115 2277 3294 2348 θέμις,
3319 2279 3366 2329 εί
3405 2277 3582 2339 νεᾶνις
3606 2276 3696 2328 λέ-

2117 2389 2288 2442 γοιτο,
2324 2373 2419 2426 καὶ¹
2445 2373 2564 2442 οὐχὶ
2604 2370 2666 2443 δὴ
2686 2370 2894 2440 μᾶλλον
2938 2367 3226 2440 παρθένος.
3266 2366 3696 2438 Ἂμαθαίνοντας

2114 2464 2175 2519 δὲ
2199 2463 2340 2518 κατὰ
2369 2464 2593 2527 πολλοὺς
2617 2463 2848 2534 τρόπους
2867 2461 3073 2516 κατίδοι
3094 2478 3179 2524 τις
3203 2459 3269 2513 ἂν
3292 2458 3507 2521 αὐτούς.
3542 2458 3695 2527 Πρῶ-

2117 2572 2209 2610 τον
2250 2556 2346 2627 μὲν
2383 2555 2513 2627 γὰρ,
2538 2553 2640 2609 κᾶν
2678 2556 2728 2607 εἰ
2752 2555 2960 2624 λέγοιτο
2997 2555 3175 2615 νεᾶνις
3208 2553 3242 2623 ὴ
3275 2550 3561 2621 παρθένος,
3593 2550 3695 2603 οὐκ

2114 2646 2227 2713 ἔξω
2255 2648 2494 2702 κείσεται
2522 2646 2613 2700 τοῦ
2635 2644 2773 2700 εἶναι
2802 2645 3088 2718 παρθένος.
3122 2641 3259 2700 Εἶτά
3285 2661 3415 2713 φασι
3439 2643 3566 2714 περὶ
3592 2642 3697 2712 τῆς

2119 2739 2216 2794 τοῦ
2249 2740 2426 2811 ’Δχαζ
2471 2739 2728 2809 γυναικὸς
2764 2739 2852 2793 τὸν
2890 2740 3174 2810 προφήτην
3224 2739 3400 2791 είπεῖν
3429 2736 3511 2803 τὺ,
3560 2737 3695 2791 Ἰδοὺ

2122 2833 2156 2903 ἡ
2194 2833 2373 2895 νεᾶνις
2406 2833 2464 2887 ἐν
2491 2833 2687 2903 γαστρὶ
2726 2831 2857 2896 ἔξει,
2888 2832 2981 2885 καὶ
3016 2829 3229 2895 τέξεται
3267 2829 3401 2899 υἱὸν,
3438 2829 3526 2882 ἵνα
3561 2828 3697 2882 νοῶ⁶

2127 2942 2224 2998 μεν
2246 2926 2338 2980 τὸν
2370 2924 2617 2997 Ἐζεχίαν
2649 2925 2739 2980 τὸν
2772 2925 2828 2991 ἐξ
2859 2924 3026 2978 αὑτοῦ
3059 2924 3338 2993 γεγονότα.
3368 2922 3546 2977 ι”Αλλὰ
3570 2924 3697 2986 τοὺς

2123 3020 2220 3091 τῆς
2255 3018 2588 3090 προφητείας
2637 3019 2695 3071 ού
2739 3017 3116 3088 βασανίζοντες
3152 3016 3362 3085 λόγους,
3402 3016 3463 3069 τὸ
3503 3016 3700 3086 ἀπερι-

443 3098 507 3140 ac
525 3084 848 3138 sententiam
868 3084 1212 3138 conﬁrment.
1234 3084 1450 3149 Verum,
1477 3100 1510 3140 ο
1528 3086 1624 3139 viri
1642 3087 1849 3157 optimi,
1873 3087 2022 3141 dixe-

2128 3110 2375 3173 σκέπτως
2394 3109 2582 3163 δοκοῦν
2605 3110 2963 3174 ἁρπάζουσιν,
2995 3104 3114 3163 εἶτα
3145 3110 3235 3163 τὸν
3260 3108 3471 3163 ἑαυτῶν
3492 3109 3700 3163 οίονται

446 3177 520 3229 rit
539 3175 800 3244 quispiam
833 3174 958 3241 illis,
975 3177 1097 3246 quis
1131 3175 1417 3231 Ezechiant
1445 3178 1654 3231 vocavit
1678 3177 2022 3232 Emmanuel?

2128 3199 2329 3253 σκοπὸν
2383 3200 2649 3269 ἐμπεδοῦν
2707 3200 2796 3253 διὰ
2845 3199 3031 3253 τούτου
3079 3200 3171 3253 καὶ
3225 3200 3406 3270 μόνου.
3450 3198 3611 3262 Ἀλλ’,
3654 3192 3701 3251 ὦ

446 3266 542 3323 νει
594 3268 732 3321 unde
783 3269 1161 3324 demonstrare
1206 3279 1491 3338 pOterunt,
1528 3272 1668 3341 quod
1711 3272 2022 3341 priusquam

443 3360 611 3414 sciret
644 3359 731 3415 ille
758 3361 956 3416 bonum
988 3362 1074 3415 vel
1116 3361 1336 3426 malum,
1367 3362 1586 3418 malitiae
1615 3378 1723 3418 non
1750 3365 2026 3433 obtempe-

449 3461 613 3515 raret,
653 3462 710 3506 ut
737 3452 960 3522 eligeret
1010 3453 1248 3507 bonum?
1278 3455 1445 3525 Igitur
1485 3454 1846 3510 valetlicamus
1892 3456 2026 3510 isto-

449 3560 568 3599 rum
615 3545 910 3617 praestigiis
963 3553 1015 3600 et
1058 3548 1199 3615 quod
1232 3557 1434 3601 rectum
1471 3563 1764 3617 verumque
1797 3556 1880 3603 est
1913 3563 2027 3602 am-

447 3637 784 3705 plectamur;
810 3642 1050 3690 sanctam
1087 3633 1356 3706 Virginem
1389 3637 1491 3692 hac
1512 3637 1790 3706 prephetia
1821 3640 1975 3693 nobis
1995 3652 2026 3693 a

452 3729 559 3782 Deo
572 3726 815 3782 denotari
829 3724 1234 3782 credamus.Sic
1254 3730 1398 3783 enim
1418 3729 1520 3784 erit
1532 3729 1860 3799 paradoxum
1881 3745 2023 3795 vere,

449 3825 611 3887 atque
644 3818 979 3887 incredibile,
1016 3830 1071 3875 et
1112 3822 1326 3891 signum
1358 3822 1674 3889 maximum,
1712 3821 1763 3876 in
1801 3821 2021 3892 profun-

451 3910 578 3963 dum
620 3909 781 3963 simul
810 3918 864 3963 et
889 3910 1183 3976 excelsum,
1233 3913 1386 3981 juxta
1426 3912 1664 3967 divinam
1717 3912 2030 3980 promiSsio-

450 4015 594 4053 nem.
643 3998 687 4054 Ε
734 4001 981 4071 superuis
1009 4000 1172 4064 enim,
1205 4011 1257 4056 et
1288 4016 1351 4056 ex
1398 4001 1504 4055 Deo
1535 4000 1697 4057 Patre
1731 4004 2025 4056 secundum

452 4100 700 4144 naturam
729 4091 941 4160 genitus
984 4090 1152 4146 Filius
1187 4092 1528 4160 unigenitus,
1562 4093 1860 4146 exinanivit
1887 4094 2030 4162 seip-

449 4196 604 4248 sum,
649 4191 702 4236 et
745 4197 813 4237 ex
870 4193 1022 4238 utero
1080 4184 1326 4253 virginali
1372 4184 1548 4238 editus
1593 4194 1677 4240 est
1734 4186 2027 4240 secundum

450 4288 690 4340 carnem,
724 4291 829 4329 non
855 4276 1090 4331 humana
1124 4278 1348 4332 seminis
1370 4278 1658 4333 emissione
1688 4279 1828 4333 unde
1864 4295 2029 4350 gene-

446 4366 591 4419 ratio
613 4375 796 4421 secuta
823 4367 922 4433 sit,
963 4368 1055 4422 sed
1086 4368 1136 4421 vi
1170 4379 1224 4422 et
1248 4369 1534 4423 etlicientia
1563 4370 1737 4425 sancti
1770 4371 2023 4441 Spiritus.

450 4458 527 4512 ita
571 4474 805 4528 namque
838 4459 1041 4514 dictum
1095 4469 1405 4516 estsanctae
1446 4460 1649 4531 Virgini
1703 4476 1830 4515 voce
1881 4461 2022 4515 beati

453 4549 720 4604 Gabrielis
757 4570 771 4605 ι
811 4568 832 4602 ι
871 4551 1102 4620 Spiritus
1145 4564 1364 4608 sanctus
1403 4555 1748 4623 superveniet
1791 4554 1845 4607 in
1873 4563 1945 4619 te,
1970 4562 2027 4609 et

454 4642 624 4696 vit-tus
662 4642 928 4699 Altissimi
966 4644 1309 4701 obumbrabit
1342 4644 1436 4701 tibi
1464 4643 1530 4700 ³⁸.
1568 4664 1588 4697 ι
1619 4644 1800 4699 Pariet
1842 4646 2024 4716 igitur,

452 4733 550 4800 ait,
601 4734 791 4791 ﬁlium.
822 4736 890 4791 Et
951 4747 1026 4805 tu,
1052 4753 1085 4794 ο
1116 4740 1304 4795 domus
1335 4739 1523 4804 David,
1558 4754 1678 4808 qua:
1726 4754 1890 4804 nunc,
1945 4738 2023 4791 iu-

453 4828 603 4895 quit,
645 4830 826 4884 renuis
861 4830 972 4884 Deo
1011 4834 1253 4899 credere,
1286 4834 1606 4902 signumque
1639 4831 1707 4885 ab
1749 4846 1815 4885 eo
1844 4837 2027 4900 postu-

455 4922 590 4985 lare,
627 4924 692 4975 ad
714 4924 1178 4991 conﬁrmationem
1207 4942 1396 4982 corum
1438 4941 1555 4996 quae
1584 4925 1850 4996 promissa
1875 4932 2037 5001 sunt,

456 5021 739 5079 propterea
773 5017 915 5084 quod
944 5016 1114 5086 magis
1148 5015 1302 5072 idolis
1346 5015 1518 5071 aﬂicta
1559 5027 1613 5070 et
1654 5015 1867 5070 addicta
1908 5015 2024 5070 sis:

458 5104 673 5158 vocabis
697 5120 892 5160 nomen
918 5105 1034 5170 ejus
1062 5106 1397 5172 Emmanuel,
1425 5108 1528 5163 hoc
1553 5118 1656 5173 est,
1683 5107 2029 5163 conﬁteberis

456 5193 625 5250 Deum
675 5198 728 5251 in
791 5200 1020 5253 humana
1076 5198 1247 5253 fortna
1305 5201 1639 5270 apparuisse.
1690 5203 1823 5257 Cum
1880 5201 2023 5257 enim

456 5286 705 5355 apparuit
732 5294 1026 5342 secundum
1061 5304 1159 5340 nos
1189 5290 1496 5360 unigenilus
1528 5293 1618 5346 Dei
1648 5289 1863 5359 Sermo,
1894 5304 2022 5349 tunc

456 5376 619 5430 etiam
648 5378 932 5434 nobiscum
962 5386 1134 5434 tactus
1162 5391 1264 5434 est.
1298 5382 1399 5447 Qui
1428 5383 1573 5439 enim
1609 5401 1770 5454 supra
1807 5401 2024 5440 omnem

457 5479 762 5524 creaturam
820 5470 939 5535 fuit,
986 5469 1162 5525 factus
1208 5484 1289 5526 est
1335 5476 1489 5531 nobis
1529 5478 1740 5534 similis.
1785 5477 2024 5535 Observa

534 5610 577 5639 ³¹¹
618 5610 729 5665 Luc
760 5627 795 5674 ι,
838 5611 926 5665 55.

2127 3289 2412 3358 βέλτιστοι,
2454 3289 2587 3359 φαίη
2624 3306 2711 3352 τις
2752 3288 2816 3343 ἂν
2854 3289 2990 3361 πρὸς
3030 3290 3247 3354 αὐτοὺς,
3284 3290 3368 3353 τίς
3404 3288 3494 3342 τὸν
3545 3290 3699 3353 Ἐςεο

2124 3381 2246 3452 χίαν
2272 3381 2529 3437 ἐκάλεσεν
2573 3382 2956 3453 Ἑμμανουήλ;
2992 3382 3063 3435 ’Ἡ
3084 3381 3247 3436 πόθεν
3274 3381 3338 3435 ἂν
3373 3380 3701 3448 ἐπιδείξειαν

2124 3474 2206 3527 ὅτι
2240 3474 2369 3545 πρὶν
2397 3475 2429 3545 ἢ
2463 3475 2664 3542 γνῶναι
2714 3475 2875 3528 αὐτδν
2908 3474 3111 3543 ἀγαθὸν
3144 3475 3176 3529 ἢ
3217 3474 3383 3528 κακὸν
3431 3473 3702 3544 ὴπείθησε

2126 3566 2358 3637 πονηρίᾳ
2377 3567 2469 3620 τοῦ
2497 3566 2816 3634 ἐκλέξασθαι
2839 3567 2898 3620 τὸ
2926 3567 3163 3636 άγαθὸν;
3188 3567 3395 3621 Οὐκοῦν
3429 3567 3703 3639 ἐρρῶσθαι

2126 3660 2434 3730 φράσαντες
2476 3662 2597 3722 ταῖς
2658 3660 2880 3714 ἐκείνων
2931 3660 3259 3734 τερθρείαις,
3302 3660 3363 3713 τὸ
3415 3660 3589 3730 ὀρθῶς
3637 3679 3701 3714 τε

2127 3751 2222 3803 καὶ
2256 3750 2471 3820 ἀληθῶς
2494 3753 2615 3822 ἕχον
2644 3753 3078 3823 παραδεξόμεθα,
3109 3752 3207 3825 τὴν
3238 3753 3398 3821 ἁγίαν
3429 3755 3704 3826 Παρθένον

2127 3842 2213 3897 διὰ
2244 3843 2342 3905 τῆς
2373 3843 2745 3914 προκειμένης
2774 3846 2906 3913 ἡμῖν
2933 3845 3269 3914 προφητείας
3299 3846 3706 3915 κατασημαξνεο

2130 3933 2253 3988 σθαι
2294 3933 2447 4004 παρὰ
2485 3934 2619 3988 Θεοῦ
2662 3934 3026 3999 πιστεύοντες.
3063 3934 3220 3989 Οὕτω
3249 3936 3357 4006 γάρ
3406 3935 3558 3989 ἔσται
3600 3954 3709 3989 πα-

2131 4022 2349 4095 ράδοξον
2378 4023 2593 4093 άληθῶς
2610 4026 2704 4077 κει)⁵
2734 4024 3107 4097 ὑπερμέγεθες
3135 4026 3196 4079 τὸ
3228 4029 3477 4096 σημεῖον,
3499 4028 3578 4091 είς
3607 4026 3706 4097 βά-

2129 4113 2221 4178 θος
2246 4130 2307 4168 τε
2340 4113 2478 4184 ὁμοῦ
2516 4115 2612 4169 καὶ
2645 4114 2778 4184 ὕψος
2809 4117 2951 4171 κατά
2978 4133 3041 4184 γε
3084 4117 3182 4188 τὴν
3223 4116 3377 4170 θείαν
3413 4116 3706 4187 ὑπόσχεσιν

2127 4206 2370 4277 γεγονός.
2414 4208 2471 4262 '0
2498 4206 2607 4278 γὰρ
2638 4207 2839 4262 ἄνωθεν
2872 4211 2965 4262 καὶ
3013 4211 3078 4264 ἐκ
3107 4209 3242 4263 Θεοῦ
3292 4210 3503 4281 Πατρός
3556 4216 3710 4267 κατὰ

2127 4299 2291 4369 φύσιν
2329 4299 2692 4370 γεγενημένος
2727 4300 2852 4364 Υἱὸς
2887 4302 3201 4372 μονογενὴς,
3236 4303 3541 4357 κεκένωκεν
3574 4305 3709 4357 ἐαυ-

2124 4392 2237 4457 τὸν,
2267 4392 2364 4447 καὶ
2407 4392 2649 4460 λαγόνων
2687 4391 2900 4464 ἐξεδόθη
2931 4392 3038 4448 τῶν
3084 4393 3427 4465 παρθενικῶν
3464 4395 3528 4449 τὸ
3558 4398 3706 4451 κατὰ

2130 4484 2329 4553 σάρκα,
2357 4484 2458 4536 οὐκ
2485 4483 2544 4549 ἐξ
2578 4482 2927 4555 ἀνθρωπίνης
2966 4485 3275 4557 καταϐολῆς
3305 4486 3578 4557 λαϐούσης
3609 4488 3708 4558 τὴν

2131 4575 2365 4642 γένεσιν,
2390 4574 2503 4628 ἀλλ’
2527 4576 2590 4628 ἐκ
2615 4576 2898 4647 δυνάμεώς
2924 4595 2982 4631 τε
3012 4578 3106 4631 καὶ
3126 4578 3404 4649 ἐνεργείας
3432 4579 3526 4632 τοῦ
3546 4581 3708 4648 ἁγίου

2132 4663 2464 4736 Πνεύματος.
2496 4664 2651 4720 Οὕτω
2680 4669 2788 4739 γὰρ
2817 4669 3032 4741 εἴρηται
3063 4671 3201 4740 πρὸς
3226 4671 3327 4741 τὴν
3362 4671 3521 4740 ἁγίαν
3555 4674 3712 4744 Παρ-

2133 4755 2284 4811 θένον
2310 4758 2398 4814 διὰ
2445 4761 2628 4832 φωνῆς
2667 4761 2762 4816 τοῦ
2800 4764 3071 4837 μακαρίου
3111 4766 3381 4838 Γαείριήλ⁹
3427 4785 3446 4818 ι
3483 4766 3714 4837 Πνεῦμα

2133 4849 2290 4917 ἅγιον
2346 4849 2700 4905 ἐπελεύσεται
2753 4854 2846 4906 ἐπὶ
2897 4855 2995 4918 σέ,ν
3037 4856 3136 4908 καὶ
3182 4854 3415 4927 δύναμις
3453 4855 3715 4926 Ὑψίστου

2132 4939 2443 4994 ἐπισκιάσει
2488 4957 2568 4995 σε.
2604 4961 2622 4992 ι
2653 4942 2878 5008 Τέξεται
2923 4942 3123 5008 τοίνυν,
3166 4945 3352 5015 φησὶν,
3410 4944 3548 4999 υἱόν.
3597 4946 3717 4998 Καὶ

2135 5033 2223 5095 σὺ,
2258 5026 2302 5085 ὧ
2338 5028 2485 5095 οἶκος
2530 5033 2712 5097 Δαὸὶδ,
2745 5036 2772 5086 ὁ
2821 5034 2936 5100 νῦν,
2972 5036 3125 5106 φησὶ,
3184 5038 3620 5109 παραιτούμενος
3651 5039 3716 5088 τὸ

2133 5122 2227 5175 ἐπὶ
2259 5120 2379 5192 Θεῷ
2406 5122 2748 5185 πεποιθέναι,
2774 5124 2868 5177 καὶ
2909 5125 3037 5196 παρ’
3067 5125 3234 5180 αὑτοῦ
3266 5130 3489 5197 σημεῖον
3514 5128 3711 5189 αἰτεῖν,

2133 5209 2213 5271 είς
2262 5206 2555 5277 βεϐαίωσιν
2597 5203 2672 5264 ὧν
2703 5211 3060 5281 ἐπήγγελται,
3111 5214 3201 5267 διὰ
3243 5215 3305 5268 τὸ
3352 5216 3714 5288 προσκεῖσθαι

2137 5299 2336 5369 μᾶλλον
2384 5300 2642 5365 εἰδώλοις,
2695 5302 2944 5367 καλέσεις
2984 5304 3044 5358 τὸ
3075 5304 3247 5376 ὄνομα
3284 5306 3451 5360 αὑτοῦ
3499 5306 3741 5377 Eanum

2133 5390 2317 5461 νουὴλ,
2345 5391 2488 5445 τοῦτ’
2529 5393 2697 5458 ἔστιν,
2736 5394 3086 5464 ὁμολογήσεις
3116 5397 3208 5452 τὸν
3236 5398 3370 5453 Θεὸν
3413 5399 3475 5453 ὲν
3502 5397 3699 5470 avo?»

2136 5482 2264 5554 πείᾳ
2298 5488 2478 5557 μορφῇ
2529 5488 2825 5557 πεφηνότα.
2860 5490 2987 5544 Ὅτε
3019 5490 3126 5563 γὰρ
3165 5490 3372 5561 πέφηνε
3414 5489 3535 5545 καθ’
3564 5491 3715 5562 ἡμᾶς

2892 5608 2921 5656 3.

533 5748 607 5833 ςι)
644 5749 787 5837 llaze,
815 5750 1025 5806 Διότι...
1050 5749 1111 5803 τὸ
1141 5751 1360 5820 ἀγαθόν,
1400 5763 1615 5824 propter
1652 5756 2022 5811 ltontmolclcut

2122 5798 2132 5823 ,
2162 5767 2218 5812 ut
2249 5757 2480 5827 videtur,
2517 5763 2570 5817 in
2594 5765 2831 5823 editione
2863 5768 3087 5829 Aubcrti
3127 5770 3371 5826 deerant.-
3408 5766 3571 5829 Εοιτ.

3757 5854 3784 5885 Δ
