4016 6504
386 390 497 461 ao‘r

1383 398 1440 453 S.
1483 386 1759 452 CYRILLI
1803 383 2271 447 ALEXANDRINI
2314 382 2627 448 A'RCHIEP.

3539 396 3648 453 208

396 536 480 577 est
529 508 903 580 universitatis
945 519 1085 572 Deus
1131 515 1426 569 subsidium
1463 533 1474 567 :
1507 523 1562 567 et
1606 514 1659 566 in
1708 512 1809 565 fide
1841 526 1964 566 eunt

2070 510 2540 581 κατεπηγγέλλετο
2597 510 2694 580 μὲν
2747 509 2841 580 τὴν
2892 508 3213 580 ἐπικουρίαν
3268 510 3296 562 6
3352 507 3459 562 τῶν
3512 510 3648 567 ὅλων

394 614 581 667 volens
612 614 982 670 corroborare,
1031 608 1244 676 signum
1289 615 1471 673 petere
1506 603 1669 674 jussit
1700 622 1716 653 ι
1762 604 1813 655 in
1857 618 1974 670 pro-

396 703 599 762 fundo,
639 703 750 755 sive
780 702 831 753 in
868 697 1099 752 excelso.
1141 715 1159 749 ι
1191 686 1487 750 λίῖυιιιιοιὶιυ
1522 705 1701 747 autem
1733 693 1973 756 Acbazu,

395 804 451 845 et
479 791 881 862 perversissime
910 782 1124 841 dicente
1147 776 1302 841 {Non
1325 793 1522 855 petauri,
1553 786 1726 852 neque
1758 780 1975 835 tentabo

396 883 677 936 Dominum
735 880 1006 951 (attendit
1057 879 1201 931 enim
1258 875 1432 943 magis
1483 889 1742 928 vanorum
1793 882 1971 925 vatum

393 971 706 1040 imposturis
736 982 778 1040 ),
825 986 921 1023 sua
966 977 1158 1038 sponte
1202 965 1603 1036 quodammodo
1658 956 1799 1017 Deus
1860 961 1976 1032 ipse

393 1063 573 1116 domui
612 1058 833 1114 Davidis
868 1062 1081 1128 signum
1115 1057 1377 1111 exhibuit.
1405 1052 1554 1110 ‘Eece
1581 1054 1746 1118 enim,
1781 1054 1973 1122 inquit,

398 1154 548 1223 virgo
588 1152 641 1205 in
680 1160 836 1203 utero
882 1148 1119 1215 habebit,
1169 1157 1222 1202 et
1272 1148 1446 1216 pariet
1492 1146 1681 1209 lilium,
1730 1156 1787 1200 et
1819 1161 1976 1198 voca.

392 1243 527 1296 bunt
573 1256 767 1296 nomen
818 1240 936 1310 ejus
984 1236 1319 1292 Emmanuel.
1357 1234 1617 1291 Oratione
1662 1236 1874 1291 demum
1911 1235 1976 1288 de

391 1333 476 1385 his
503 1346 636 1385 sane
667 1331 806 1385 belle
837 1329 1107 1394 confecta,
1147 1327 1409 1382 transfert
1442 1342 1632 1382 rursus
1671 1326 1973 1380 futurorum

352 1452 357 1461 ι
393 1424 793 1489 praedictionem
817 1422 883 1475 ad
915 1421 1082 1490 ipsius
1108 1420 1304 1475 Acbazi
1333 1434 1642 1490 personam.
1680 1417 1973 1488 Oportebat

303 1548 310 1556 -
390 1515 560 1577 enim,
598 1515 884 1584 Oportebat
909 1513 1099 1567 salutis
1134 1528 1232 1581 per
1260 1510 1529 1565 Christum
1561 1510 1971 1578 prmnuntiatio-

393 1623 514 1661 nem
557 1606 672 1659 lieri
720 1606 785 1659 ad
825 1620 917 1659 eos
941 1604 1029 1673 qui
1061 1620 1126 1656 ex
1173 1601 1373 1656 familia
1415 1611 1570 1656 erant
1615 1598 1886 1668 Daridica,
1924 1598 1975 1658 id

391 1710 473 1752 est
526 1715 588 1751 ex
645 1697 784 1750 tribu
842 1695 1000 1758 Juda,
1052 1698 1118 1748 de
1175 1711 1276 1764 qua
1333 1705 1485 1747 ortus
1539 1704 1622 1748 est
1679 1695 1973 1749 secundum

389 1807 608 1843 carnem
638 1789 750 1857 ipse
777 1787 1047 1842 Christus.
1083 1786 1495 1841 Praedictionem
1524 1793 1704 1839 autem
1726 1786 1971 1855 gravium

389 1891 443 1935 et
516 1880 1134 1951 iuauspiratissimorum
1200 1878 1463 1934 malorum
1538 1877 1974 1932 inobedienlibus

392 1974 615 2042 proponi
644 1972 891 2036 decebat,
920 1982 977 2025 ut
1007 1971 1374 2041 perspicerent
1405 1984 1528 2025 vero
1559 1972 1809 2024 acerbum
1833 1968 1973 2036 fore,

386 2076 445 2118 et
477 2081 582 2120 non
626 2065 845 2132 impune
884 2078 1167 2119 cessurum
1205 2062 1290 2116 his
1315 2062 1404 2132 qui
1436 2061 1669 2116 divinam
1721 2059 1974 2129 majesta-

391 2164 497 2207 tem
551 2152 816 2208 dedecore
869 2163 1196 2223 aspergunt,
1233 2152 1377 2221 quod
1430 2150 1658 2207 Domino
1703 2149 1974 2206 molestias

390 2246 743 2307 ﬁttesseren't,
775 2256 830 2300 et
862 2255 1060 2315 praeter
1083 2245 1253 2315 ipsum
1292 2245 1425 2299 alios
1455 2245 1543 2314 qui
1582 2243 1653 2297 dii
1691 2259 1792 2297 non
1826 2250 1970 2308 sunt,

387 2337 695 2392 adorarent.
736 2335 922 2406 Itaque
962 2350 1214 2392 successu
1256 2338 1514 2407 temporis
1556 2348 1614 2390 et
1649 2337 1761 2404 ipsa
1786 2334 1975 2390 llicro-

389 2429 705 2503 Solyma,“
737 2434 983 2484 cun’ctam
1017 2425 1329 2483 Iudaeorum
1374 2428 1649 2498 regionem
1676 2428 1729 2481 in
1757 2428 1973 2481 ultimas

387 2523 730 2578 calamitates
766 2521 1160 2575 devolveudam
1194 2537 1335 2587 esse,
1371 2532 1425 2577 et
1449 2522 1707 2574 nianibus
1736 2520 1971 2574 hostium

386 2615 744 2679 subdendum,
769 2614 1050 2670 enitele'ate
1078 2619 1473 2685 prannonstrat.
1494 2613 1756 2668 Cmterum
1780 2612 1974 2668 obscu-

388 2710 585 2762 riorem
634 2706 928 2761 dictionum
994 2705 1440 2776 compositimtent
1496 2713 1551 2759 et
1608 2713 1969 2769 structuram,

318 2822 323 2826 ο
381 2799 561 2869 quoad
612 2809 820 2867 potero,
871 2806 997 2849 ante
1044 2796 1150 2849 alia
1197 2795 1361 2849 etiam
1400 2793 1686 2868 aggrediar
1711 2794 1969 2848 enodare.

386 2890 621 2945 Invebet‘
646 2889 807 2950 Deus,
860 2887 1054 2958 inquit,
1098 2887 1191 2942 tibi
1235 2895 1291 2940 et
1329 2886 1524 2956 populo
1557 2895 1669 2950 tuo,
1712 2893 1765 2939 et
1790 2883 1971 2939 domui

387 2982 562 3053 patris
602 2983 677 3036 tui
712 2982 859 3047 dies,
892 2980 1079 3051 quales
1134 2985 1405 3049 n'unquam
1436 2985 1743 3040 ‘venerunt,
1789 2991 1818 3029 a
1865 2989 1972 3045 quo

385 3071 474 3130 die
499 3074 716 3130 sustulit
745 3068 1003 3143 prraim
1038 3089 1068 3127 a
1091 3069 1250 3127 Juda.
1285 3071 1380 3125 Est
1410 3077 1589 3124 autem
1625 3069 1815 3122 borum
1849 3082 1970 3121 ver-

2077 602 2227 664 Θεός’
2258 601 2444 671 ἐπειδὴ
2472 601 2528 653 δὲ
2554 600 2960 672 προσεμπεδοῦν
3011 599 3199 671 ἤθελεν
3231 602 3310 664 είς
3347 600 3527 653 πίστιν
3546 602 3648 654 αύ-

2076 693 2187 757 τὸν,
2246 695 2416 745 αἰτεῖν
2466 692 2715 745 ἐκέλευσε
2784 695 3044 763 σημεῖον,
3107 711 3125 743 ι
3167 693 3248 755 είς
3299 691 3527 764 βάθοςῆ
3572 695 3651 757 είς

2078 783 2230 856 ὕψος.
2262 803 2282 837 ι
2317 784 2755 855 Παραιτουμένου
2786 784 2843 837 δὲ
2865 784 2959 837 τοῦ
3006 784 3198 854 Ἄχας,
3224 784 3320 838 καὶ
3347 783 3652 856 δυστροπώ-

2076 894 2213 931 τατα
2242 876 2509 946 λέγοντος,
2536 878 2609 930 Οὐ
2644 877 2718 948 μὴ
2745 878 2970 948 αἰτήσω,
3018 877 3126 931 οὐδ’
3172 877 3233 930 οὐ
3275 877 3350 950 μὴ
3404 878 3652 949 πειράσω

2076 968 2282 1038 Κύριον
2308 969 2525 1040 (ἐζήτει
2563 968 2671 1039 γὰρ
2698 968 2896 1039 μᾶλλον
2921 970 3047 1033 τοὺς
3097 970 3162 1021 ἐκ
3198 969 3307 1023 τῶν
3347 968 3653 1040 ψευδομάνο

2076 1078 2213 1115 τεων
2236 1062 2655 1131 φενακισμοὺς),
2692 1061 3029 1132 ηὐτομόλησε
3076 1062 3276 1132 τρόπον
3321 1061 3445 1116 τινὰ
3485 1062 3651 1127 Θεὸς,

2077 1149 2172 1202 καὶ
2192 1146 2270 1220 τῷ
2301 1149 2435 1220 οἴκῳ
2465 1148 2627 1201 Δαϐὶδ
2683 1148 2853 1201 ἐδίδου
2889 1151 3112 1219 σημεῖον
3164 1150 3345 1215 αύτός.
3402 1152 3648 1219 Ἔφασκε

2076 1241 2205 1313 γάρ’
2244 1259 2263 1291 ι
2300 1241 2431 1294 Ἰδοὺ
2471 1245 2503 1312 ἡ
2540 1240 2805 1313 παρθένος
2832 1242 2889 1295 ἐν
2915 1242 3111 1313 γαστρὶ
3148 1241 3278 1307 ἕξει,
3315 1243 3409 1296 καὶ
3436 1242 3650 1310 τέξεται

2077 1332 2212 1398 υἱὸν,
2269 1326 2364 1385 καὶ
2406 1331 2657 1395 καλέσεις
2710 1331 2772 1384 τὸ
2813 1328 2984 1402 ὄνομα
3016 1332 3182 1386 αὐτοῦ
3224 1330 3592 1403 Ἐμμανουήλ.
3626 1351 3644 1383 ι

2089 1423 2305 1495 Ἐπειδὴ
2333 1422 2389 1476 δὲ
2422 1425 2450 1477 6
2482 1424 2606 1493 περὶ
2655 1423 2857 1478 τούτων
2894 1421 2953 1478 εὖ
2992 1423 3135 1495 μάλα
3168 1422 3538 1495 διεπεραίνετο
3564 1422 3649 1476 λό-

2076 1529 2193 1583 γος,
2230 1511 2516 1584 μεθίστησι
2542 1511 2703 1566 πάλιν
2732 1513 2842 1566 τῶν
2871 1513 3142 1585 ἐσομένων
3173 1512 3271 1583 τὴν
3309 1513 3645 1585 προαγόρευ-

2078 1622 2181 1670 σιν,
2216 1603 2301 1657 ὲπ’
2334 1604 2465 1658 αὐτὸ
2512 1604 2605 1657 τοῦ
2668 1605 2845 1676 ’Ἄχας
2885 1603 2947 1658 τὸ
2981 1605 3289 1676 πρόσωπον.
3342 1604 3487 1657 ’Ἔδει
3517 1604 3645 1674 γὰρ,

2076 1685 2184 1750 ἔδεὶ
2216 1696 2488 1766 σωτηρίας
2527 1697 2624 1768 μὲν
2664 1698 2763 1768 τῆς
2819 1695 2907 1749 διὰ
2964 1696 3202 1768 Χριστοῦ
3262 1696 3515 1766 γενέσθαι
3550 1696 3650 1766 τὴν

2078 1790 2485 1861 προανάρρησιν
2520 1789 2657 1860 πρὸς
2697 1790 2824 1853 τοὺς
2873 1792 2936 1842 ὲκ
2973 1787 3065 1842 τοῦ
3099 1788 3249 1842 οἴκου
3287 1789 3470 1854 Δαϐὶδ,
3503 1789 3647 1842 τοῦτ’

2007 1859 2047 1918 Β
2075 1882 2212 1948 ἐστι,
2261 1884 2388 1946 τοὺς
2444 1885 2508 1935 ὲκ
2557 1882 2656 1951 τῆς
2703 1881 2867 1935 Ἰούδα
2902 1882 3091 1953 φυλῆς,
3124 1881 3183 1948 ἐξ
3230 1878 3298 1956 ἧς
3336 1882 3432 1936 καὶ
3484 1881 3644 1945 αὐτὸς

2074 1973 2401 2028 ἀνατέταλκε
2428 1974 2489 2027 τὸ
2514 1974 2652 2028 κατὰ
2681 1974 2859 2044 σάρκα
2882 1973 3113 2043 Χριστός
3133 1991 3147 2004 θ
3173 1972 3281 2026 τῶν
3304 1974 3479 2044 γεμὴν
3506 1990 3643 2041 συμ-

2074 2063 2390 2135 ϐησομένων
2421 2066 2562 2120 κατά
2611 2066 2835 2134 καιροὺς
2893 2060 3076 2117 δεινῶν
3106 2081 3165 2116 τε
3212 2063 3307 2117 καὶ
3359 2062 3648 2116 ἀπευκτῶν

2072 2158 2184 2219 τοῖς
2212 2157 2455 2210 ἀπειθεῖν
2478 2157 2774 2229 ᾑρημένοις
2804 2157 3038 2211 ποιεῖται
3076 2154 3176 2228 τὴν
3206 2155 3610 2227 προανάῤῥησιν
3629 2194 3643 2217 ,

2073 2247 2140 2302 ἶν’
2165 2248 2352 2301 εἰδεῖεν
2379 2249 2460 2302 ὅτι
2508 2249 2701 2321 πικρὸν
2736 2246 2970 2318 ἀληθῶς,
3001 2248 3095 2302 καὶ
3137 2248 3235 2302 ούκ
3265 2248 3496 2320 ἀζήμιον
3534 2250 3649 2312 τοῖς

2072 2342 2171 2411 τὴν
2201 2340 2352 2396 θείαν
2383 2342 2705 2413 ἀτιμάζουσι
2749 2342 2907 2410 δόξαν
2936 2342 2995 2396 τὸ
3035 2342 3293 2412 παρέχειν
3321 2342 3510 2411 ἀγῶνα
3534 2344 3649 2396 Κυ-

2078 2433 2195 2504 ρίῳ,
2231 2433 2328 2486 κα)⁵
2364 2436 2690 2506 προσκυνεῖν
2720 2433 2935 2487 ἑλέσθαι
2959 2435 3089 2505 παρ’
3122 2435 3284 2487 αὐτὸν
3309 2434 3514 2505 ἑτέροις
3536 2437 3650 2500 τοῖς

2073 2521 2173 2574 οὐκ
2204 2516 2323 2574 οὖσι
2373 2520 2534 2585 θεοῖς.
2568 2522 2689 2575 ’Ότι
2721 2521 2900 2575 τοίνυν
2934 2522 3155 2593 ἔμελλον
3204 2524 3343 2577 κατὰ
3386 2524 3645 2594 καιροὺς,

2074 2611 2215 2664 αὑτά
2243 2628 2301 2664 τε
2326 2609 2394 2664 τὰ
2429 2611 2799 2684 Ἰεροσόλυμα,
2828 2613 2920 2666 καὶ
2943 2614 3129 2668 ἆπασα
3151 2615 3207 2668 δὲ
3233 2616 3340 2668 τῶν
3384 2616 3649 2669 Ἰουδαίων

2072 2703 2106 2773 ή
2132 2701 2286 2773 χώρα
2315 2706 2434 2767 ταῖς
2462 2704 2720 2774 ἐσχάταις
2762 2706 3180 2776 περιπεσεῖσθαι
3220 2707 3649 2780 ταλαιπωρίαις,

2072 2796 2165 2848 καὶ
2191 2795 2297 2848 ὑπὸ
2335 2800 2495 2868 χεῖρα
2530 2796 2779 2866 γενέσθαι
2805 2798 2915 2852 τῶν
2943 2798 3172 2872 ἐχθρῶν,
3201 2803 3647 2873 προκαταμηνύει

2071 2885 2308 2953 λεπτῶς.
2382 2889 2789 2960 ’Λσαιρεστέραν
2841 2889 2898 2942 δὲ
2950 2886 3115 2944 οὖσαν
3148 2891 3246 2963 τὴν
3279 2891 3388 2945 τῶν
3450 2893 3647 2959 λέξεων

2074 2980 2366 3050 συνθήκην,
2395 2980 2471 3043 ὡς
2502 2979 2567 3033 ἂν
2599 2974 2710 3044 οἷός
2731 2997 2815 3044 τε,
2844 2980 2938 3034 καὶ
2963 2982 3069 3053 πρό
3104 2998 3167 3051 γε
3200 2981 3306 3035 τῶν
3337 2983 3513 3038 ἄλλων
3534 2984 3650 3039 δια-

2069 3063 2299 3135 τρανοῦν
2326 3067 2682 3139 πειράσομαι.
2714 3088 2732 3121 ‹
2760 3068 3004 3137 Ἐπάξει,
3024 3071 3204 3142 φησὶν,
3223 3073 3251 3123 6
3280 3071 3409 3136 Θεὸς
3443 3074 3533 3127 ἐπὶ
3561 3074 3647 3140 σὲ,

385 3181 543 3220 suum
597 3167 711 3220 hac
749 3165 1016 3219 sententia
1051 3183 1063 3219 :
1092 3161 1461 3233 Temporibus
1484 3160 1663 3232 _'regni
1708 3159 1965 3217 Roboami

2075 3159 2168 3211 καὶ
2204 3158 2298 3212 ἐπὶ
2333 3158 2425 3213 τὸν
2447 3158 2570 3213 λαόν
2602 3178 2715 3226 σου,
2746 3163 2843 3216 καὶ
2864 3162 2957 3215 ἐπὶ
2996 3163 3084 3217 τὸν
3114 3159 3261 3217 οἷκον
3311 3164 3407 3217 τοῦ
3443 3166 3649 3237 πατρός

385 3257 484 3314 filii
519 3256 865 3323 'Salomonis,
926 3257 1169 3321 abstulit,
1231 3257 1283 3310 id
1330 3264 1413 3310 est
1468 3255 1672 3309 avulsit
1732 3256 1965 3323 seipsum

384 3351 661 3420 prraim,
681 3351 730 3405 id
749 3362 829 3405 est
845 3344 1191 3419 125deeem
1211 3347 1424 3402 tribusa
1443 3346 1578 3400 Juda
1598 3348 1758 3401 tribu.
1776 3347 1967 3401 Divisa:

386 3452 512 3497 sunt
559 3442 728 3505 enim,
759 3453 811 3495 et
858 3443 1042 3495 decem
1076 3439 1251 3492 tribus
1283 3452 1313 3491 a
1350 3438 1490 3492 tribu
1516 3436 1651 3493 Juda
1694 3437 1964 3493 inhabita-

385 3541 510 3587 ruat
554 3530 890 3593 Samariam,
944 3529 1116 3583 tribus
1164 3538 1343 3582 autem
1393 3527 1528 3583 Juda
1574 3538 1629 3583 et
1683 3529 1963 3583 dimidium

389 3625 562 3679 tribus
596 3622 845 3677 Manasse
875 3619 1260 3691 Hierosolymis
1290 3628 1683 3674 remanserunt.
1716 3621 1800 3673 ‘At
1838 3635 1965 3688 pro-

383 3729 541 3770 cessu
575 3713 833 3783 temporis
876 3712 1041 3765 multa
1072 3714 1296 3765 adversa
1354 3711 1457 3765 illis
1485 3712 1812 3766 acciderunt.
1859 3708 1966 3764 Va-

380 3815 527 3862 stata
556 3815 638 3862 est
666 3806 808 3860 enim
843 3804 1111 3868 Samaria,
1145 3813 1198 3859 et
1225 3807 1575 3859 contermina:
1602 3815 1810 3875 gentes,
1842 3803 1965 3857 Idu—

382 3899 527 3963 mari,
572 3895 822 3951 Moabitae
867 3902 921 3950 et
964 3894 1233 3950 Philistini
1280 3896 1557 3951 incursum
1607 3896 1662 3951 in
1715 3893 1959 3950 Judaeam

379 3988 648 4043 fecerunt.
698 3984 886 4055 Itaque
939 3986 1177 4056 perpessi
1221 3997 1348 4041 sunt
1403 3996 1511 4042 tam
1568 3986 1622 4042 bi
1674 4002 1835 4057 quam
1890 3988 1963 4041 illi

379 4077 548 4133 multa
576 4089 631 4134 et
658 4080 864 4148 gravia,
906 4089 960 4134 et
994 4089 1235 4149 tempora
1273 4091 1463 4151 aspera
1491 4090 1800 4136 senserunt.
1847 4079 1967 4135 Dies

374 4172 547 4241 igitur
572 4171 793 4225 invehet
834 4169 996 4237 Deos,
1028 4172 1214 4240 quales
1248 4184 1349 4227 non
1393 4173 1629 4239 fuerunt,
1662 4174 1776 4229 sive
1805 4175 1966 4228 inva-

379 4272 567 4316 serunt
614 4275 712 4315 nos
758 4260 826 4315 ab
876 4275 941 4316 co
991 4271 1263 4333 tempore,
1312 4277 1377 4316 ex
1422 4276 1527 4332 quo
1568 4264 1816 4329 abStulit,
1850 4265 1966 4320 sive

378 4353 613 4423 sejttngit
651 4366 712 4410 se
750 4350 960 4408 a";luda
1018 4353 1293 4423 prraim.
1326 4354 1492 4422 Quod
1542 4356 1763 4413 tandem
1811 4356 1964 4412 vobis

379 4448 482 4499 erit
514 4448 616 4502 hoc
645 4457 882 4516 tempus,
914 4454 967 4501 et
996 4450 1213 4514 quinam
1246 4445 1392 4501 dies?
1415 4447 1551 4512 Rex,
1586 4448 1776 4518 inquit,
1805 4449 1967 4520 Assy-

2077 3267 2193 3314 σου,
2215 3250 2447 3321 ἡμέρας,
2477 3252 2533 3305 αἶ
2562 3251 2712 3306 οὔπω
2734 3254 2951 3325 ἧκασιν,
2985 3251 3159 3328 ἀφ’ἦς
3194 3256 3404 3328 ἡμέρας
3429 3258 3648 3327 ἀφεῖλεν

2081 3341 2319 3414 Ἐιρραῒμ
2352 3344 2459 3397 ἀπὸ
2494 3343 2678 3399 Ἰούδα.
2705 3364 2722 3397 ι
2759 3347 2911 3399 Ἐστι
2939 3345 3117 3399 δὲτῶν
3143 3348 3337 3418 στίχων
3364 3347 3601 3414 τοιοῦτος
3621 3352 3649 3403 6

2067 3431 2215 3496 νοῢςο
2267 3435 2357 3487 Ἔν
2385 3437 2600 3507 καιροῖς
2631 3438 2730 3506 τῆς
2751 3436 3029 3507 βασιλείας
3076 3438 3314 3510 Ῥοϐοάμ
3336 3438 3451 3491 υίοῦ
3486 3440 3648 3493 Σολο-

2070 3522 2248 3594 μῶνος
2298 3526 2522 3594 ἀφεῖλε,
2580 3528 2724 3581 τοῦτ’
2768 3528 2948 3595 ἔστιν,
2999 3531 3318 3586 ἀπέσπασεν
3374 3533 3567 3588 ἑαυτὸν
3617 3536 3646 3587 6

2080 3616 2338 3688 Ἐφραῒμ,
2363 3618 2510 3672 τοῦτ’
2545 3618 2680 3685 ἔστι,
2731 3620 2894 3673 πάλιν
2932 3622 2988 3674 αί
3043 3621 3176 3677 δέκα
3206 3623 3390 3693 φυλαὶ,
3413 3625 3521 3678 ἀπὸ
3544 3625 3644 3696 τῆς

2078 3709 2246 3764 Ἰούδα
2276 3709 2467 3783 φυλῆς.
2510 3712 2915 3785 Ἐχωρίσθησαν
2944 3715 3051 3788 γὰρ
3115 3715 3209 3769 καὶ
3264 3718 3321 3769 αἱ
3373 3717 3473 3787 μὲν
3512 3718 3643 3772 δέκα

2062 3800 2231 3871 φυλαὶ
2255 3802 2365 3855 ἀπὸ
2393 3802 2490 3873 τῆς
2528 3803 2699 3857 Ἰούδα
2749 3805 2919 3875 φυλῆς
2940 3846 2954 3866 ,
3005 3808 3358 3879 κατῳκήκασι
3402 3809 3504 3881 τὴν
3536 3811 3645 3864 Σα-

2069 3891 2323 3964 μάρειαν,
2356 3896 2388 3965 ὴ
2420 3894 2477 3947 δέ
2519 3911 2582 3963 γε
2623 3895 2761 3968 φυλὴ
2817 3896 2985 3951 Ἰούδα
3024 3899 3120 3952 καὶ
3154 3898 3215 3952 τὺ
3252 3900 3423 3971 ἥμισυ
3473 3901 3648 3972 φυλῆς

2065 3984 2334 4055 Μανασσῆ
2376 3987 2754 4057 μεμενήκασιν
2790 3988 2849 4041 ἐν
2877 3991 2991 4052 τοῖς
3033 3990 3443 4064 Ἰεροσολύμοις.
3481 3992 3647 4048 Ἀλλά

2066 4077 2347 4149 προϊόντος
2371 4076 2464 4130 τοῦ
2483 4077 2673 4147 καιροῦ
2698 4079 2868 4133 πολλά
2895 4081 3207 4153 συμϐέϐηκε
3227 4083 3336 4138 τῶν
3355 4084 3646 4139 ἀπευκτῶν
3682 4066 3685 4071 ν

2064 4170 2266 4232 αὐτοῖς.
2334 4169 2680 4241 Πεπὸρθηται
2719 4170 2828 4244 γάρ
2877 4175 2909 4244 ἡ
2962 4155 3266 4246 Σαμάρεια,
3301 4176 3643 4247 κατέδραμον

2062 4262 2119 4315 δὲ
2151 4262 2245 4315 καὶ
2271 4259 2368 4333 τὴν
2405 4260 2663 4315 Ἰουδαίαν
2692 4261 2762 4315 τὰ
2794 4263 3045 4336 περίοικα
3089 4264 3197 4318 τῶν
3241 4264 3430 4331 ἐθνῶν,
3477 4265 3644 4319 Ἰδου-

2066 4357 2236 4426 μαῖοι,
2266 4353 2576 4421 Μωαϐῖται,
2613 4354 2706 4408 καὶ
2726 4356 2775 4408 oi
2804 4358 2867 4410 ἐκ
2903 4357 3011 4427 τῆς
3053 4358 3374 4431 Φιλιστιείμ.
3433 4359 3646 4414 Πεπὸν-

2064 4448 2189 4501 θασι
2215 4449 2394 4500 τοίνυν
2426 4446 2595 4500 πολλὰ
2632 4447 2802 4513 δεινὰ,
2859 4450 2953 4503 καὶ
3008 4449 3228 4522 ἡμερῶν
3281 4450 3647 4523 πεπείρανται

380 4537 610 4601 riorum,
665 4535 1544 4605 nimirum‘Nabuclioiionosorus,
1579 4540 1668 4607 (ιυί
1688 4538 1958 4594 'Hieroso-

2069 4540 2342 4611 σκληρῶν,
2375 4534 2519 4594 οὗτοί
2545 4558 2602 4592 τε
2634 4543 2896 4597 κάκεῖνοι.
2936 4542 3183 4614 Ἡμέρας
3213 4545 3412 4611 τοίνυν,
3449 4545 3639 4619 φησὶν,

376 4628 519 4699 lyma
552 4628 799 4692 vastavit,
843 4629 1527 4700 universamque't'Judzeam
1563 4631 1613 4684 vi
1650 4631 1954 4698 occupavit,

376 4722 467 4792 qui
500 4721 736 4776 divinum
771 4720 956 4775 fanum
994 4724 1277 4785 eretnavit,
1312 4730 1365 4774 et
1391 4721 1596 4774 nullum
1630 4737 1737 4775 non
1768 4719 1955 4775 ferinae

373 4814 712 4869 crudelitatis
745 4829 913 4884 genus
943 4815 1216 4879 exerrttit,
1245 4812 1544 4883 cujusmodi
1591 4822 1869 4881 utinquam
1903 4812 1954 4865 in

377 4905 538 4958 ullam
576 4915 785 4972 gentem
823 4916 1066 4974 patrasse
1104 4907 1388 4974 reperitur.

372 5002 519 5069 λεὺς,
548 5001 731 5072 φησὶν,
788 5002 1110 5073 Ἀσσυρίων,
1177 5001 1319 5054 τοῦτ’

1390 5001 1559 5066 ἐστιν,
1604 5003 1634 5056 6
1691 4999 2195 5072 Ναϐουχοδονόσορ,
2244 4998 2304 5062 ὃς
2365 4999 2683 5070 πεπόρθηκε
2740 5002 2810 5055 τά
2879 5003 3256 5074 Ἰεροσόλυμα,

2065 4631 2257 4696 ἐπάξει
2286 4630 2436 4693 Θεὸς,
2473 4624 2548 4685 ὧν
2577 4632 2687 4686 ἴσαι
2709 4632 2860 4688 ούπω
2890 4636 3206 4705 γεγόνασιν,
3237 4639 3354 4709 ἤτοι
3381 4639 3645 4707 ἀφίκοντο

2062 4721 2183 4775 καθ’
2208 4721 2361 4792 ὑμῶν
2381 4721 2440 4787 ἐξ
2463 4724 2671 4777 ἐκείνου
2703 4727 2797 4780 τοῦ
2831 4727 3151 4799 καιροῦ,ἀφ’
3174 4724 3234 4784 οὗ
3257 4730 3493 4800 ἀφεῖλεν,
3520 4730 3644 4802 ἤτοι

2057 4806 2375 4865 ἀπέσπασεν
2402 4812 2596 4867 ἑαυτὸν
2627 4814 2655 4865 6
2689 4813 2932 4887 Ἐφραῖμ
2961 4816 3070 4871 ἀπὸ
3106 4817 3200 4872 τοῦ
3252 4818 3440 4873 Ἰούδα.
3478 4818 3644 4884 Ποῖος

2052 4901 2117 4955 δὲ
2137 4903 2270 4971 ἡμῖν
2298 4893 2453 4965 οὗτος
2483 4902 2511 4955 6
2532 4904 2743 4975 καιρὸς,
2773 4904 2806 4975 ἢ
2832 4905 2976 4970 τίνες
3014 4911 3070 4962 αἱ
3118 4907 3350 4979 ἡμέραις
3395 4908 3454 4962 '0
3485 4908 3646 4979 βασι-

3336 5005 3432 5058 καὶ
3492 5004 3641 5058 κατά

372 5093 573 5166 κράτος
598 5088 708 5147 εἷλε
742 5096 923 5149 πᾶσαν
947 5095 1052 5166 τὴν
1108 5092 1400 5158 Ἰουδαίαν,
1457 5093 1729 5165 ἐνέπρησε
1773 5092 1831 5145 δὲ
1868 5092 1963 5146 καὶ
1998 5092 2090 5146 τὸν
2115 5090 2260 5144 θεῖον
2291 5089 2438 5155 ναὸν,
2466 5090 2562 5143 καὶ
2618 5091 2770 5144 οὐδὲν
2831 5091 2895 5145 τὸ
2937 5094 3198 5165 παράπαν
3230 5093 3339 5148 τῶν
3373 5095 3457 5160 είς
3484 5094 3639 5167 ὠμό-

371 5208 511 5262 τητα
537 5190 884 5264 θηριοπρεπῆ
921 5189 1345 5261 παραλέλοιπεν,
1391 5188 1420 5241 ὃ
1477 5188 1553 5260 μὴ
1584 5187 1726 5242 κατά
1760 5188 1961 5251 παντὸς
1995 5183 2271 5259 δεδρακὼς
2299 5184 2621 5255 εὑρίσκηται
2641 5186 2735 5239 τοῦ
2769 5185 2974 5254 ἔθνους.

446 5279 608 5340 Vens.
638 5283 748 5352 gis.
786 5282 857 5334 Et
887 5282 983 5333 erit
1026 5284 1080 5333 in
1128 5266 1372 5347 πενία,
1413 5280 1641 5333 sibilabit
1692 5278 1949 5333 Dominus

367 5375 566 5430 muscis
612 5390 736 5445 ‘quw
769 5368 1115 5426 ’dontinantur
1150 5374 1290 5439 parti
1342 5371 1572 5439 ﬂuminis
1609 5369 1850 5441 ngypti,
1898 5379 1946 5425 et

366 5465 458 5533 api
488 5478 606 5533 qua:
625 5470 703 5518 est
736 5460 792 5516 in
819 5461 1029 5530 regione
1046 5459 1411 5530 Assyriorum,
1442 5469 1488 5513 et
1522 5461 1723 5514 venient
1746 5476 1943 5526 omnes,

358 5564 418 5611 et
450 5554 743 5611 residebunt
784 5554 840 5607 in
886 5551 1110 5607 vallibus
1152 5552 1399 5622 regionis,
1427 5561 1476 5606 et
1507 5554 1559 5606 in
1591 5552 1727 5607 cavis
1768 5562 1945 5620 petra-

358 5661 511 5715 rum,
534 5657 581 5703 et
610 5646 666 5702 in
709 5644 991 5717 speluncis,
1023 5655 1071 5701 et
1105 5645 1331 5720 ln_omni
1359 5646 1611 5712 scissura,
1645 5653 1694 5700 et
1725 5645 1778 5699 in
1802 5646 1943 5701 omni

359 5735 537 5806 tunc.

1002 5920 1027 5937 γ’
1071 5915 1379 5928 Wwa.,--

2125 5274 2233 5329 Kal
2262 5273 2435 5330 ἔσται
2490 5276 2559 5328 ἐν
2594 5274 2667 5345 τῇ
2714 5276 2907 5347 ἡμέρᾳ
2945 5278 3148 5348 ἐκείνῃ
3184 5279 3390 5349 σιφιεῖ
3418 5281 3636 5351 Κύριος

2046 5366 2275 5434 μυίαις,
2326 5363 2357 5418 ὃ
2419 5365 2681 5432 κυριεύει
2723 5365 2945 5434 μέρους
2993 5366 3262 5436 ποταμοῦ
3305 5367 3631 5435 Αίγύπτου,

2047 5458 2145 5511 καί
2172 5456 2247 5526 τῇ
2266 5456 2560 5526 μελίσσῃ,
2581 5456 2619 5524 ἢ
2644 5458 2815 5511 ἐστιν
2833 5458 2903 5513 ἐν
2922 5456 3083 5528 χώρᾳ
3112 5458 3229 5513 τῶν
3264 5459 3594 5528 Ἀσσυρίων
3611 5476 3628 5494 ο

2047 5550 2143 5603 καὶ
2176 5550 2530 5603 ἐλεύσονται
2593 5549 2816 5616 πάντες
2837 5592 2852 5617 ,
2896 5551 2995 5605 καί
3053 5553 3509 5608 ἀναπαύσονται
3561 5551 3635 5607 ἐν

2045 5640 2174 5707 ταῖς
2201 5641 2460 5712 φάραγξι
2510 5640 2618 5711 τῆς
2669 5644 2885 5712 χώρας,
2916 5642 3015 5698 καί
3061 5644 3132 5698 ἐν
3173 5642 3463 5716 τρώγλαις
3509 5645 3634 5700 τῶν

2049 5730 2300 5798 πετρῶν,
2329 5733 2424 5785 καὶ
2453 5734 2541 5797 είς
2587 5733 2660 5787 τὰ
2701 5733 2993 5805 σπήλαια,
3019 5735 3118 5791 καί
3160 5738 3248 5803 είς
3279 5733 3491 5793 πᾶσαν
3514 5736 3632 5806 ῥα-

2048 5821 2217 5896 γάδα,
2246 5825 2341 5880 καί
2374 5825 2443 5881 ἐν
2469 5828 2645 5882 παντί
2669 5827 2851 5896 ξύλῳ.
