4016 6462
328 382 457 446 209
1548 399 1616 456 IN
1656 401 1889 459 [SAL-illi
1928 403 2054 461 LIB.
2103 408 2143 464 l.
2180 411 2391 471 ORA'I‘.
2429 416 2487 471 Υ.
3532 428 3667 485 2H}-

411 502 768 611 Si'creuptiva
816 508 877 563 τὸ
937 509 1206 584 διήγημα,
1262 513 1355 568 καὶ
1402 516 1562 571 διεισι
1620 518 1829 585 λεπτῶς
1856 519 1948 574 τοῦ

2123 524 2431 597 Amplilicat
2452 535 2912 602 narrationem,el
2939 538 3189 593 minutim
3218 536 3474 611 impetum
3512 540 3637 595 belli

321 580 593 709 ’ἰτρλέμου
620 597 726 701 την
760 600 971 671 ἔφοδον,
1007 580 1201 659 καί-ὃτι
1231 608 1415 662 πᾶσαν
1429 610 1612 664 αὐτῶν
1634 580 1948 683 κατανεμη-

2230 580 2244 597 ,
3513 580 3637 595 νυ...

2052 614 2335 683 describit,
2366 631 2419 676 et
2445 624 2584 691 quod
2613 642 2830 682 onmem
2868 644 3055 684 eorum
3094 640 3320 693 terram,
3357 632 3551 709 oppida
3584 640 3639 686 et

335 683 608 756 θήσονται
631 688 764 761 γῆν,
821 692 1018 763 κώμας
1041 711 1103 747 τε
1154 695 1249 749 καὶ
1294 697 1497 761 πόλεις,
1524 700 1573 752 oi
1623 699 1746 753 κατ’
1771 699 1948 753 αὐτῶν

342 776 433 795 ,ι
727 781 740 795 .
983 786 994 795 .
1101 788 1144 795 --
1192 788 1213 795 -
1360 789 1399 795 μ
1498 786 1522 795 ..
1722 792 1731 795 _
1794 794 1799 795 ,

2052 708 2215 763 urbes
2248 714 2482 768 excisuri
2508 728 2712 782 essent,
2740 720 2830 789 qui
2858 723 3187 795 temporibus
3218 683 3638 779 succedentibus

339 776 565 885 ἥξοντες
598 781 753 885 κατὰ
803 786 1051 859 καιρούς.
1100 788 1315 860 Χρῆναι
1355 789 1413 843 δὲ
1468 786 1622 862 οἶμαι
1676 792 1746 847 τά
1787 794 1845 845 ὲν
1882 795 1945 863 τῇ

2051 814 2146 855 eos
2184 801 2419 858 invasuri
2454 820 2632 864 erant.
2669 810 2764 866 llic
2789 828 2978 869 rursus
3023 829 3131 885 quo
3182 815 3296 870 haec
3344 816 3536 869 melius
3570 815 3638 868 i|-

350 870 580 977 τετάρτη
640 872 757 977 τῶν
803 875 1102 932 Βασιλειῶν
1134 881 1500 952 γεγραμμένα
1548 882 1713 938 πάλιν
1736 886 1945 949 εἰπεῖν,

2050 886 2351 950 lustrentur
2381 898 2605 954 dicenda
2625 900 2835 969 judico,
2864 921 2985 974 qua:
3012 870 3290 975 ili-quarto
3324 906 3632 977 liegnorum

353 962 481 1067 πρὸς
505 962 764 1067 τὴῖτῶν
798 968 1079 1041 ἐσομένων
1116 972 1322 1044 ἀκριϐῆ
1354 974 1710 1048 διασάφησιν.
1750 977 1947 1045 Γέγονε

2046 989 2251 1055 scripta
2281 998 2426 1043 sunt.
2470 989 2593 1046 Fuit
2626 993 2792 1060 igitur
2816 962 2958 1049 ﬁlius
2984 962 3183 1051 Achazi
3209 997 3275 1051 ad
3302 962 3469 1067 quem
3492 1012 3636 1050 nunc

348 1052 531 1154 τοίνυν⁸
554 1054 678 1119 υίὸς
731 1058 834 1128 μὲν
868 1061 966 1114 τοῦ
1013 1062 1209 1132 Ἄχας,
1265 1065 1405 1137 πρὸς
1447 1065 1506 1120 ὃν
1551 1066 1647 1120 νῦν
1692 1068 1721 1121 ὁ
1767 1067 1944 1137 λόγος,

2049 1092 2230 1135 sermo
2249 1091 2353 1146 est,
2393 1082 2676 1151 Ezechias,
2703 1083 2951 1142 Ezechiae
2979 1097 3159 1142 autem
3200 1087 3497 1154 Mauasses,
3516 1086 3651 1141 Ma-r

354 1144 626 1249 Ἰιὶςεχίας,
685 1148 930 1221 Ἐζεχίου
960 1153 1017 1207 δὲ
1052 1156 1342 1227 Μανασῆςο
1377 1159 1610 1230 Μανασῆ
1644 1160 1701 1213 δὲ
1743 1161 1942 1233 Ἀμώς.

2051 1173 2228 1228 nassis
2257 1144 2460 1245 Amos;
2493 1144 2674 1249 hujus,
2703 1180 2844 1235 lilius
2875 1178 3051 1236 Jusias
3094 1179 3214 1246 luit,
3245 1181 3329 1235 vir
3366 1144 3632 1249 piusqui-

339 1238 544 1342 Τούτριι
582 1240 643 1294 δὲ
682 1245 815 1308 παῖς
851 1245 1064 1310 Ἰωσίας
1089 1246 1230 1319 ἀνὴρ
1268 1249 1521 1322 εὐσεϐὴς,
1564 1251 1705 1323 πλὴν
1733 1252 1947 1307 ἁπεὸίω

2048 1264 2193 1329 dem,
2224 1277 2593 1325 verumtamen
2632 1271 2777 1326 hunc
2806 1272 2872 1327 ad
2906 1273 3124 1329 modum
3164 1288 3195 1327 e
3229 1273 3367 1328 vivis
3401 1273 3631 1342 emigra-

335 1329 527 1437 τοιῷδέ
552 1349 666 1386 τινι
689 1335 901 1407 τρόπῳ.
930 1337 1128 1410 Φαραὼ
1152 1340 1351 1411 Νεχαὼ
1384 1341 1637 1413 βασιλεὺς
1665 1343 1945 1413 Αἰγύπτου

2051 1359 2152 1413 vit.
2180 1358 2392 1416 Pharao
2414 1360 2631 1418 Nechao
2654 1380 2745 1419 rex
2788 1364 3030 1437 Egypti,
3060 1366 3234 1436 patria
3263 1364 3472 1429 relicta,
3512 1379 3631 1418 om-

332 1422 431 1528 την
464 1424 815 1528 ενεγκοῦσαν
853 1431 1015 1500 ἀφεὶς
1063 1431 1238 1498 ὲξέοει
1298 1438 1644 1509 πανστρατιᾷ
1677 1437 1772 1491 καὶ
1801 1437 1944 1491 κατὰ

2047 1467 2144 1506 nes
2194 1453 2379 1523 copias
2424 1455 2630 1520 eduxit,
2670 1469 2724 1512 ct
2778 1469 2967 1512 contra
3021 1471 3216 1512 terram
3283 1457 3632 1528 Assyriorum

331 1517 429 1620 τῇς
475 1517 799 1620 ῘΑσσυρίων
849 1523 1114 1592 ἠπείγετο
1161 1525 1287 1595 γῆς.
1342 1525 1542 1591 Δεδιώς
1591 1544 1650 1582 τε
1696 1528 1875 1582 τοίνυν
1916 1532 1946 1583 δ

2046 1559 2273 1614 propere
2300 1550 2702 1615 expeditionem
2741 1549 2891 1605 iecit.
2934 1550 3150 1606 Veritus
3177 1564 3308 1620 ergo
3337 1546 3538 1614 Josias,
3566 1563 3634 1602 ne.

347 1607 584 1705 Ἰωσίας,
625 1610 707 1682 μὴ
734 1611 845 1681 ἄρα
873 1629 992 1677 πως
1023 1613 1118 1667 καὶ
1153 1615 1296 1669 κατὰ
1325 1615 1427 1686 τῆς
1455 1617 1719 1682 Ἰουδαίας
1748 1617 1942 1684 ἐλθὼν,

2046 1638 2260 1705 quando
2293 1649 2492 1692 terram
2532 1638 2811 1696 Judaicam
2854 1641 3116 1697 invadens
3142 1656 3262 1696 eam
3298 1655 3411 1694 sua:
3438 1639 3637 1696 dition't

341 1700 621 1771 ῠπὺχεῖρά
649 1719 713 1756 τε
736 1702 837 1775 τὴν
864 1705 1059 1759 ἑαυτοῦ
1086 1706 1261 1772 λάϐοι,
1286 1707 1382 1761 καὶ
1404 1708 1724 1781 κατάρξειεν
1749 1710 1940 1782 αὐτῆς,

336 1787 661 1858 ἀντεξάγειν
692 1790 876 1863 ἤθελε,
908 1793 1088 1847 καίτοι
1113 1794 1206 1848 τοῦ
1233 1795 1434 1869 Φαραὼ
1488 1799 1591 1871 τὴν
1612 1799 1750 1873 πρὸς
1779 1801 1944 1855 αὐτὸν
1972 1836 1979 1843 ι

328 1883 790 1954 παραιτουμένου
818 1885 1001 1957 μάχην
1030 1905 1044 1918 ·
1085 1888 1439 1962 ἐνιστάμενος
1468 1891 1524 1945 δὲ
1552 1893 1940 1965 τετελεύτηκεν
1972 1880 2015 1935 Β

321 1970 384 2023 ἐν
420 1970 504 2041 τῷ
528 1973 787 2046 πολέμῳ,
818 1977 916 2031 καὶ
948 1980 1329 2055 κατεκράτησε
1382 1983 1486 2054 τῆς
1536 1984 1807 2041 Ἰουδαίων
1837 1988 1942 2059 γῆς

314 2061 345 2113 ὁ
364 2062 711 2131 Αἰγύπτιος,
738 2068 823 2132 εἰς
868 2069 1028 2125 τοῦτο
1055 2071 1114 2125 δὲ
1149 2072 1403 2147 διήλασεν
1440 2077 1644 2147 ἰσχύος,
1674 2076 1815 2131 ὥστε
1844 2080 1942 2134 καὶ

314 2150 743 2220 βασιλεύσαντα
779 2159 873 2214 τὸν
921 2162 1149 2234 Ἱωαχὰς
1186 2164 1280 2220 τὸν
1321 2167 1527 2222 Ἰωσίου
1570 2172 1737 2226 παῖδα
1774 2190 1942 2244 μετα-

312 2247 537 2319 στῆσαι
567 2253 672 2321 τῆς
703 2250 1007 2322 βασιλείας,
1040 2258 1135 2312 καὶ
1175 2258 1462 2333 δεδεμένον
1505 2264 1837 2333 εἰσενεγκεῖν
1858 2267 1941 2329 είς
1967 2296 1976 2302 -

308 2338 421 2411 τὴν
486 2340 689 2395 ἑαυτοῦ
737 2345 948 2416 χώραν,
997 2348 1093 2403 καὶ
1148 2352 1526 2424 χειροτονῆσαι
1576 2353 1804 2425 βασιλέα
1846 2356 1939 2412 τὸν

322 2429 671 2504 Ἐλιακεὶμ,
712 2435 810 2488 καὶ
862 2436 1105 2509 δασμοὺς
1153 2442 1424 2497 ἐπιθεῖναι
1484 2445 1564 2517 τῷ
1617 2446 1781 2513 ἔθνει,
1843 2451 1939 2505 καὶ

308 2523 640 2593 χρημάτων
675 2526 923 2599 ἄθροισιν
952 2533 1176 2603 αἰτῆσαι
1234 2533 1452 2608 πολλὴν.
1512 2535 1646 2593 Εἶτα
1690 2540 1940 2619 βασιλεύ-

309 2629 528 2681 σαντος
567 2621 670 2689 τῆς
714 2620 969 2686 Ἰουδαίας
1012 2624 1296 2699 Ἐλιακεὶμ
1339 2629 1427 2682 ἐπ’
1458 2630 1637 2685 ἔτεσιν
1677 2633 1818 2696 ὅλοις
1847 2633 1937 2687 ἓν·

2043 2655 2094 2709 in
2151 2654 2326 2709 locum
2380 2651 2674 2709 Jechonias
2737 2654 2878 2708 illius
2908 2654 3070 2722 ejus;
3134 2663 3245 2706 tum
3308 2662 3432 2721 post
3487 2651 3631 2706 hunc

306 2706 461 2760 δεκα
485 2710 582 2764 τὸν
612 2713 869 2783 ἀριθμὸν,
920 2715 1224 2789 διαδέχεται
1268 2723 1395 2786 τοὺς
1450 2722 1650 2787 Οάκους
1686 2727 1939 2798 Ἰεχονίας

307 2801 446 2823 μη,
479 2803 669 2823 μμ---
754 2803 777 2823 ν
1018 2810 1028 2823 .
1145 2811 1170 2822 ..
1318 2815 1355 2823 ..
1392 2815 1416 2823 -
1494 2817 1504 2823 .
1663 2811 1690 2823 -
1756 2821 1762 2823 .
1850 2819 1867 2823 _

2043 2747 2355 2813 Scdechias,
2379 2764 2487 2819 quo
2529 2758 2743 2802 teucutc
2773 2762 2999 2823 regnum
3039 2745 3237 2802 bellum
3272 2745 3412 2816 gerit
3439 2753 3629 2799 contra

307 2801 446 2866 υἱὸς
471 2803 671 2857 αὐτοῦ’
722 2803 847 2861 εἶτα
900 2810 1042 2881 μετὰ
1079 2811 1269 2866 τοῦτον
1317 2815 1594 2881 Σεδεκίας,
1632 2811 1814 2891 οἶκτὴν
1843 2819 1939 2892 βα-

2043 2837 2277 2895 ]ιιιίσιειηι
2319 2801 2924 2894 Νεὼιιςιιυόοηοεοτιῗει
2971 2838 3061 2909 qui
3092 2852 3210 2892 eam
3247 2846 3413 2891 totam
3446 2835 3631 2891 incen-

310 2893 546 2949 σιλείαν
608 2896 924 2968 διέποντος,
982 2907 1420 2976 κατεστράτευσε
1456 2911 1556 2981 τῆς
1615 2911 1873 2977 Ἰουδαίας
1910 2916 1938 2968 ὁ

2043 2933 2137 2995 (lit,
2168 2940 2222 2987 et
2262 2940 2458 3002 praeter
2507 2932 2641 2987 alias
2672 2932 2850 2997 urbes,
2889 2932 3059 3002 ipsam
3103 2931 3266 2985 etiam
3300 2927 3627 2995 Jerusalem,

310 2988 867 3096 Ικίαϐοιυχοδονείσορ,⁸
894 2995 955 3061 ὃς
1000 2998 1096 3051 καὶ
1143 2999 1325 3065 πάσας
1374 3007 1794 3077 κατεμπρήσας,
1829 3009 1939 3062 ικαὶ

2043 3026 2311 3095 captivum
2358 3026 2498 3096 cepit
2534 3023 2811 3090 lsraclem,
2848 3041 2971 3080 cum
3021 3025 3195 3080 sacris
3249 3025 3419 3090 vasis,
3455 3037 3630 3094 eaque

313 3082 596 3155 προσθεὶς
626 3088 750 3191 ταῖς
781 3085 974 3153 ἄλλαις
1006 3090 1228 3145 πόλεσιν
1253 3093 1348 3148 καὶ
1385 3096 1556 3168 αὐτὴν
1589 3097 1691 3171 τὴν
1737 3098 1937 3170 Ἰερου-

2045 3120 2214 3191 gessit
2245 3135 2365 3188 quae
2397 3129 2523 3175 sunt
2563 3119 2615 3174 iu
2645 3120 2815 3174 sacris
2843 3118 3085 3173 Litteris.
3112 3118 3222 3172 Has
3254 3117 3510 3173 historias
3541 3130 3631 3172 no-

319 3176 536 3284 σαλημ,
595 3171 746 3233 εἶλεν
780 3182 1133 3253 αἰχμάλωτον
1179 3186 1273 3241 τὸν
1333 3188 1574 3262 Ἰσραὴλ,
1627 3191 1767 3263 ὁμοῦ
1822 3196 1939 3253 τοῖς

2043 3171 2127 3267 bis
2148 3228 2210 3267 ea
2242 3228 2361 3281 qua:
2389 3214 2664 3280 proposita
2697 3221 2826 3266 sunt
2857 3213 3083 3279 innuunt
3109 3218 3161 3270 et
3178 3210 3480 3274 insinuant.
3511 3206 3632 3262 Erit

325 3271 550 3325 σκεύεσι
591 3275 708 3337 τοῖς
739 3274 930 3346 ιεροῖς,
976 3279 1206 3333 κάκεῖνα
1245 3281 1561 3354 πέπρακεν,
1611 3285 1712 3339 ὅσα
1742 3287 1836 3340 καὶ
1873 3288 1930 3341 ἐν

2043 3307 2201 3376 igitur
2231 3307 2282 3361 in
2315 3307 2401 3362 tlie
2448 3307 2562 3372 illa,
2602 3308 2652 3359 id
2697 3316 2802 3369 est,
2830 3307 2931 3359 sub
2973 3306 3022 3359 id
3068 3305 3350 3374 temporis,
3391 3303 3631 3359 sibilabit

327 3367 439 3467 τοῖς
471 3366 643 3436 ἱεροῖς
669 3369 856 3421 κε’ὐται
884 3369 1202 3442 Γράμμασι.
1239 3373 1458 3431 Τούτων
1488 3377 1619 3448 ἡμῖν
1647 3377 1756 3432 τῶν
1788 3379 1932 3433 ἱστο-

2043 3400 2187 3456 Deus
2223 3398 2445 3465 muscis,
2478 3412 2597 3467 quae
2641 3398 2778 3467 parti
2818 3397 3055 3452 Πιιιιιῐηῐε
3088 3384 3303 3466 [Egypti
3341 3396 3627 3451 dominan-

343 3457 473 3527 ριῶν
494 3464 731 3516 ποιεῖται
768 3461 869 3530 τὴν
901 3464 1183 3537 ἀφήγησιν
1212 3467 1322 3523 τῶν
1360 3471 1738 3543 προκειμένων
1773 3474 1806 3545 ἡ
1835 3472 1929 3527 δύ-

2043 3503 2160 3559 Iur,
2227 3501 2280 3547 et
2326 3491 2412 3561 api
2456 3457 2576 3561 qua:
2623 3457 2707 3544 est
2751 3489 2802 3543 iu
2841 3490 3058 3560 regione
3098 3457 3472 3560 Assy'riormn.
3529 3486 3627 3541 El-

566 3573 585 3608 ι
615 3555 819 3610 Ἔσται
852 3558 1053 3627 τοίνυν,
1086 3562 1275 3633 φησὶν,
1326 3563 1385 3617 ὲν
1417 3567 1483 3637 τῇ
1529 3565 1712 3639 ἡμέρᾳ
1748 3568 1932 3642 ἐκείνῃ

2045 3555 2169 3634 llcta
2217 3555 2448 3652 proinde
2474 3555 2541 3634 ἰιι
2595 3577 2823 3649 ﬁgurata
2876 3555 2962 3633 est
3014 3555 3226 3645 oratio,
3261 3579 3417 3649 quasi
3455 3587 3629 3633 meta-

337 3643 503 3717 (τοῦτ’
527 3646 668 3713 ἐστι,
717 3648 844 3705 κατ’
894 3652 1074 3706 ἐκεῖνο
1119 3655 1213 3708 τοῦ
1246 3655 1487 3728 καιροῦ),
1524 3661 1701 3731 συριεί
1726 3658 1931 3732 Κύριος

2043 3671 2206 3740 pbora
2238 3670 2311 3724 ab
2338 3683 2441 3739 ope
2472 3677 2524 3723 et
2564 3666 2824 3722 industria
2864 3681 3051 3720 eorum
3088 3668 3177 3735 qui
3212 3660 3404 3733 apibus
3432 3681 3629 3719 curan-

330 3736 540 3808 μυίαις,
567 3740 598 3793 ὃ
628 3741 879 3814 κυριεύει
917 3744 1118 3815 μέρους
1141 3747 1405 3819 ποταμῶν
1421 3748 1722 3819 Αἰγύπτου,
1749 3754 1843 3807 καὶ
1861 3756 1929 3827 τῇ

2043 3736 2122 3819 dis
2165 3736 2426 3832 praesunt,
2467 3769 2521 3817 et
2555 3763 2645 3833 qui
2682 3776 2899 3815 muscas
2943 3760 3102 3814 sibilo
3133 3773 3169 3813 e
3198 3758 3340 3813 nidis
3366 3758 3422 3811 in
3467 3771 3629 3829 agros

326 3833 587 3909 μελίσσῃ,
667 3837 704 3908 ἥ
736 3837 889 3892 ἐστιν
907 3839 966 3892 ὲν
980 3840 1133 3914 χώρᾳ
1147 3841 1256 3895 τῶν
1289 3842 1948 3916 Ἀσσυρίων.ιῐῐεποίηται

2043 3864 2287 3921 evocant,
2314 3867 2364 3910 et
2388 3856 2583 3911 iterum
2618 3855 2902 3918 reducunt,
2941 3852 3101 3907 veluti
3141 3851 3368 3908 stabulis
3392 3852 3623 3923 quihus~

318 3927 508 3982 τοίνυν
535 3931 569 3983 ὁ
598 3929 760 3999 λόγος
791 3930 868 3996 ὡς
894 3933 969 3985 ὲκν
993 3937 1314 4006 μεταφορᾶς
1346 3936 1446 4008 τῆς
1473 3936 1581 3991 τῶν
1612 3938 1932 4010 μελισσοκό-

2043 3948 2162 4007 dam
2185 3948 2569 4005 concludeutes
2603 3944 3033 4018 pecora.Muscis
3066 3955 3342 4010 autem,ut
3376 3958 3475 4015 ego
3500 3943 3626 4012 qui-

321 4039 446 4093 μων
482 4023 808 4095 ἐμπειρίας,
842 4026 894 4080 οῖ
936 4028 1235 4099 συρίσμασι
1267 4029 1364 4094 τὰς
1399 4031 1565 4101 μυίας
1591 4032 1929 4105 ἀποφέρουσί

2043 4041 2158 4103 dem
2182 4041 2386 4111 judico,
2419 4042 2633 4097 confert
2665 4041 2957 4113 Egyptios
2986 4049 3096 4094 tum
3126 4048 3349 4110 propter
3378 4039 3624 4093 multitu-

313 4133 382 4170 τε
415 4116 530 4170 τῶν
561 4116 811 4188 σίμϐλων
838 4122 918 4185 εἰς
944 4122 1151 4193 ἀγροὺς
1184 4123 1279 4177 καὶ
1317 4124 1480 4179 πάλιν
1514 4126 1926 4198 ἀνακομίζουσι,

2043 4136 2242 4198 dinem,
2279 4146 2389 4190 tum
2421 4136 2490 4191 ob
2548 4152 2734 4191 vocem
2768 4138 3035 4196 absonam,
3060 4147 3159 4189 nec
3188 4135 3259 4188 ita
3296 4134 3432 4189 bene
3459 4147 3624 4187 sono-

312 4209 589 4309 καθάπερ
641 4212 756 4266 τισὶ
814 4217 1005 4287 σηκοῖς
1067 4217 1557 4290 ὲγκαθειργνύντες
1615 4220 1928 4292 θρέμματα.

2043 4243 2177 4283 ram.
2226 4229 2357 4299 Apis
2417 4243 2546 4284 vero
2599 4244 2732 4298 gens
2775 4238 2860 4283 est
2914 4228 3313 4309 Assyriorum:
3347 4224 3626 4294 variegata

312 4302 541 4367 Μυίαις
601 4303 659 4357 δὲ
703 4309 1033 4378 παρεικάζει
1086 4311 1212 4374 τοὺς
1258 4312 1610 4380 Αἰγυπτίους,
1677 4314 1932 4388 καθάπερ

2043 4322 2183 4373 enim
2221 4328 2307 4375 est
2346 4319 2464 4387 apis
2503 4327 2556 4374 et
2592 4317 2816 4389 pulchre
2843 4302 3105 4383 colorata,
3141 4326 3196 4371 et
3232 4316 3416 4370 multis
3452 4315 3629 4371 modis

310 4391 577 4468 ἐγῷμαι,
598 4397 764 4454 διάτοι
788 4401 852 4455 τὸ
882 4401 1088 4473 πλῆθος
1125 4406 1219 4458 καὶ
1253 4406 1315 4459 τὸ
1353 4405 1428 4478 μὴ
1460 4405 1580 4460 λίαν
1612 4404 1807 4479 εὖηχες
1832 4408 1933 4480 τῆς

2043 4420 2223 4466 notata
2275 4424 2341 4466 ac
2374 4410 2663 4465 maculata.
2706 4409 2864 4466 Tales
2908 4411 3126 4480 quidem
3178 4407 3315 4472 lere,
3358 4414 3627 4477 quantum

313 4490 541 4561 φωνῆς.
558 4491 802 4565 Μελίσση
832 4494 915 4569 δὲ,
939 4493 1000 4549 τὸ
1030 4494 1141 4551 τῶν
1182 4498 1485 4571 Ἀσσυρίων
1514 4499 1684 4563 ἔθνος·
1712 4500 1932 4572 ποικίλη

2043 4504 2106 4558 ad
2132 4503 2390 4558 amictum
2419 4510 2475 4558 et
2503 4503 2569 4557 ad
2597 4512 2846 4558 ornatum
2874 4502 3130 4583 pertinet,
3154 4509 3310 4556 erant
3338 4508 3392 4554 et
3416 4497 3629 4569 Assyrii

314 4585 461 4657 γὰρ,
496 4584 712 4658 εὕχρως
757 4606 820 4642 τε
879 4589 974 4643 καὶ
1031 4592 1435 4666 κατεστιγμένη
1498 4592 1854 4667 πολυτρόπως
1901 4597 1936 4668 ἡ

2043 4606 2098 4651 et
2127 4595 2305 4651 Persa:
2335 4613 2351 4650 :
2385 4600 2507 4650 nam
2541 4604 2595 4651 ct
2629 4595 2912 4667 elegantia:
2934 4581 3181 4651 ἐιυᾱίοεὶ
3221 4601 3394 4660 erant,
3428 4600 3486 4646 et
3512 4605 3628 4643 .vao

320 4678 584 4750 μέλιττα.
604 4680 850 4738 Τοιοῦτοι
875 4683 932 4737 δέ
956 4699 1095 4751 πως,
1119 4685 1244 4738 ὅσον
1272 4682 1409 4757 ἧκεν
1434 4689 1514 4751 εἰς
1546 4687 1728 4759 ἄμφιά
1750 4704 1811 4741 τε
1840 4690 1936 4742 καὶ

2043 4694 2299 4764 riegatam
2355 4704 2559 4749 vestem
2627 4707 2844 4764 semper
2893 4690 3108 4761 plurimi
3171 4690 3534 4750 aestimabant,
3573 4696 3669 4742 et.

318 4773 554 4845 στολὴν,
589 4774 865 4848 Ἀσσύριοι
883 4793 942 4829 τε
962 4779 1056 4832 καὶ
1081 4777 1312 4848 Πέρσαι·
1341 4779 1661 4851 φιλόκοσμοι
1686 4781 1815 4853 γὰρ,
1843 4784 1937 4836 καὶ

2043 4797 2298 4855 pra-terea
2340 4787 2503 4842 etiam
2552 4797 2709 4841 erant
2758 4785 3004 4840 aculeati.
3045 4784 3144 4849 illi,
3179 4783 3375 4851 inquit,
3411 4780 3630 4835 venient

315 4865 390 4919 τὸ
420 4866 687 4931 ποικίλως
729 4867 992 4922 ἐστάλθαι
1046 4868 1320 4938 τιμῶντες
1365 4870 1489 4937 ἀεὶ,
1547 4872 1641 4925 καὶ
1690 4873 1829 4944 πρός
1871 4888 1936 4940 γε

2043 4894 2248 4945 omnes,
2285 4889 2335 4933 et
2376 4880 2428 4934 in
2483 4879 2717 4950 regionis
2766 4878 3018 4941 vallibus,
3045 4886 3099 4931 et
3145 4877 3196 4931 iu
3246 4879 3399 4930 cavis
3441 4882 3625 4943 petrae

317 4958 494 5013 τοῦτο
521 4960 983 5033 κεκεντρωμένοι.
1027 4958 1207 5027 Οὗτοι,
1250 4964 1436 5035 φησιν,
1475 4965 1665 5037 ἥξουσι
1711 4964 1936 5033 πάντες,

2043 4987 2184 5039 rum,
2211 4972 2341 5026 etin
2378 4971 2673 5040 speluncis,
2716 4981 2770 5025 et
2802 4971 2854 5024 in
2892 4970 3037 5024 omni
3082 4969 3342 5035 scissura,
3369 4968 3630 5036 omnique

320 5052 427 5106 καὶ
472 5051 890 5107 ἀναπαύσονται
926 5054 986 5108 ὲν
1028 5057 1152 5119 ταῖς
1182 5055 1421 5127 φάραγξι
1463 5059 1565 5129 τῆς
1607 5057 1812 5129 χώρας,
1844 5059 1937 5112 καὶ

2043 5063 2184 5134 ligno
2231 5063 2564 5118 residebunt.
2607 5062 2874 5129 Quoniam
2919 5063 3064 5115 enim
3113 5062 3381 5115 veluti.de
3425 5060 3645 5115 muscis

2046 1733 2424 1803 subjiceret,in
2452 1749 2625 1806 eaque
2655 1736 3218 1803 dominaretur,arma
3255 1743 3447 1789 contra
3481 1730 3625 1785 ferre

2045 1826 2235 1891 voluit,
2259 1827 2423 1881 etiam
2450 1842 2573 1883 cum
2608 1829 2660 1882 in
2699 1826 2848 1883 illum
2893 1827 3108 1882 Pharao
3150 1839 3385 1896 pugnam
3413 1824 3628 1877 detrec-

2047 1927 2221 1973 taret:
2281 1935 2479 1989 urgens
2523 1935 2654 1976 vero
2709 1920 2761 1974 in
2805 1919 2947 1975 bello
2996 1918 3270 1983 occubuit,
3318 1926 3631 1986 terramque

2048 2010 2208 2084 126
2233 2010 2541 2066 Judreorum
2577 2012 2907 2082 expugnavit
2941 2010 3252 2083 Egyptius,
3286 2008 3377 2078 qui
3408 2008 3474 2062 ad
3511 2016 3663 2060 tau-.

2045 2116 2151 2160 tam
2177 2105 2470 2175 potentiam
2494 2107 2774 2175 aspiravit,
2811 2106 3055 2160 utetiam
3083 2103 3319 2160 Joachaz
3350 2103 3514 2157 lilium
3539 2099 3634 2156 Jo-

2042 2198 2137 2254 sitr
2171 2214 2394 2270 regnum
2431 2199 2784 2265 obtinentem,
2823 2213 2990 2271 regno
3022 2196 3266 2267 pelleret,
3294 2196 3536 2250 vinctum
3572 2194 3631 2248 itt

2042 2306 2196 2347 suam
2231 2292 2501 2362 regionem
2532 2290 2791 2347 inferret:
2825 2290 3085 2346 Eliachim
3114 2305 3294 2360 regem
3327 2288 3629 2343 constitue-

2043 2390 2165 2449 ret,
2221 2382 2503 2453 vectigalia
2558 2382 2702 2452 genti
2764 2383 3105 2452 imponeret,
3163 2380 3630 2450 peeuniarumque

2041 2470 2298 2539 grandem
2336 2471 2442 2523 vim
2476 2468 2740 2540 exigeret.
2776 2471 3038 2539 Deinceps
3088 2484 3210 2524 cum
3263 2476 3546 2540 regnasset
3576 2468 3631 2522 in

2040 2558 2222 2615 Judaaa
2260 2559 2598 2616 Eliaehimus
2630 2576 2802 2617 annos
2824 2563 3076 2617 undecim
3109 2560 3633 2630 integros,succcdit

318 5152 384 5203 ὲν
418 5148 547 5211 ταῖς
574 5145 851 5218 τρώγλαις
895 5147 1006 5202 τῶν
1037 5149 1277 5222 πετρῶν,
1307 5151 1403 5204 καὶ
1428 5150 1509 5214 εἰς
1536 5150 1607 5204 τὰ
1655 5151 1899 5224 σπήλαια
1918 5189 1934 5215 ,

2043 5155 2215 5211 oratio
2247 5156 2489 5209 instituta
2522 5165 2626 5221 est,
2669 5154 2721 5208 in
2756 5156 2857 5209 hoc
2886 5165 3041 5225 tropo
3065 5163 3293 5224 perstat.
3334 5150 3630 5207 Enimvero

318 5241 425 5294 καὶ
465 5237 565 5292 ἐπὶ
602 5238 784 5292 πᾶσαν
820 5237 1056 5311 ῥαγάδα,
1089 5242 1184 5294 καὶ
1212 5242 1271 5293 ὲν
1322 5241 1485 5295 παντί
1518 5240 1681 5314 ξύλῳ.
1718 5242 1936 5316 Ἐπειδὴ

2043 5262 2256 5303 omnem
2293 5246 2533 5319 ipsorum
2563 5246 2840 5316 regionem
2899 5253 3338 5317 perscrutaturos
3368 5243 3627 5307 ostendit,

318 5334 440 5405 γὰρ
469 5332 550 5396 ὡς
575 5332 707 5401 περὶ
735 5333 910 5405 μυιῶν
946 5335 1242 5406 πεποίηται
1284 5336 1412 5399 τοὺς
1446 5336 1657 5405 λόγους,
1688 5338 1939 5410 ἐπιμένει

2043 5341 2209 5412 quasi
2247 5356 2409 5401 nemo
2436 5341 2781 5410 quantumvis
2822 5341 3176 5396 ahscouditus
3212 5338 3383 5393 latere
3421 5344 3626 5405 posset,

317 5430 393 5498 τῇ
425 5428 632 5500 τροπῇ.
664 5426 829 5498 Δηλοῖ
855 5427 1034 5501 γεμὴν
1061 5429 1146 5482 ὅτι
1173 5429 1352 5483 πᾶσαν
1373 5429 1554 5482 αὐτῶν
1586 5430 1939 5503 ὲρευνήσουσι

2043 5441 2166 5499 puta
2205 5431 2321 5485 sive
2353 5430 2406 5485 in
2439 5431 2627 5500 petris,
2658 5431 2771 5485 sive
2804 5432 2854 5484 iu
2890 5431 3142 5494 vallibus,
3173 5429 3289 5483 sive
3318 5429 3369 5480 in
3394 5425 3528 5479 lucis
3559 5438 3626 5479 ac

318 5520 429 5591 τὴν
461 5516 674 5590 χώραν,
702 5517 782 5582 ὡς
840 5518 1046 5590 μηδένα
1072 5518 1358 5573 ’δύνασθαι
1400 5521 1511 5574 τῶν
1539 5521 1940 5593 κεκρυμμένων

2043 5520 2193 5576 silvis
2229 5536 2350 5576 sese
2385 5521 2676 5577 occultent.
2730 5521 2897 5577 Porro
2939 5523 3098 5577 aliter
3119 5521 3279 5574 etiam
3321 5517 3374 5571 in
3417 5517 3617 5586 bisqui

322 5612 545 5666 λαθεῖν·
580 5611 688 5666 κᾶν
712 5611 825 5666 εἴτε
856 5612 1018 5682 τυχὸν
1046 5614 1103 5667 ἐν
1126 5613 1372 5685 πέτραις,
1406 5614 1568 5686 ἧτουν
1589 5616 1648 5668 ὲν
1673 5614 1936 5686 φάραγξι,

2043 5613 2416 5673 universitatis
2455 5614 2620 5671 Deum
2677 5618 3001 5684 exasperant
3050 5613 3310 5679 illumque
3351 5608 3628 5666 offendere

329 5705 366 5776 ἦ
408 5705 506 5759 καὶ
540 5704 601 5758 ὲν
624 5704 849 5777 δρυμοῖς
872 5704 968 5758 καὶ
997 5705 1198 5768 νάπαις
1238 5705 1465 5768 ἑαυτοὺς
1504 5704 1934 5777 κατακρύψειαν,

2043 5723 2148 5762 non
2192 5719 2470 5775 verentur,
2510 5724 2793 5778 vesparum
2845 5706 3020 5763 instar
3052 5705 3327 5760 consident
3365 5705 3627 5761 adversa-

330 5794 452 5851 Καὶ
488 5794 614 5850 καθ’
640 5795 829 5871 ἕτερον
849 5796 908 5851 δὲ
926 5796 1131 5868 τρόπον
1169 5798 1227 5851 ἐν
1252 5798 1369 5860 τοῖς
1417 5795 1816 5870 παροτρύνουσι
1846 5798 1940 5852 τὸν

2043 5800 2138 5855 ria:
2175 5810 2492 5870 potestates,
2511 5811 2565 5859 et
2613 5801 2771 5857 findit:
2791 5815 2912 5871 qum
2961 5798 3115 5853 nobis
3152 5798 3334 5852 insunt
3367 5796 3631 5867 cupidita-

331 5888 448 5946 τῶν
478 5890 620 5947 ὅλων
652 5888 806 5960 Θεὸν,
838 5889 934 5949 καὶ
966 5888 1332 5962 προσκρούειν
1352 5888 1502 5958 αὐτῷ
1533 5890 1606 5960 μὴ
1638 5907 1938 5961 παραιτου-

2046 5903 2149 5962 tes,
2197 5893 2354 5962 127
2379 5904 2600 5951 arcente
2638 5895 2810 5959 nullo,
2842 5893 2923 5950 vel
2968 5899 3343 5949 succurrente.
3382 5890 3440 5949 Si
3480 5888 3627 5946 enim
