4016 6532
356 475 460 531 115
1353 470 1410 526 S.
1454 469 1721 526 CYRHJJ
1765 467 2235 526 ALEXANDRINI
2273 467 2596 526 ARCil’lEP.
3513 458 3621 514 216

361 595 456 659 ait,
495 591 748 647 nimirum
803 607 925 648 cum
967 589 1097 644 nulli
1150 589 1257 642 sint
1294 576 1413 658 'qui
1473 598 1676 643 norunt
1739 598 1972 647 terram

2079 608 2143 644 αν
2170 591 2238 645 τὰ
2262 589 2527 645 κάλλιστα
2554 588 2685 660 παρ’
2725 580 2906 649 αὐτοῖς
2938 582 3034 638 καὶ
3067 581 3325 653 ἐξαίρετα
3348 570 3460 633 τῶν
3490 595 3624 650 κτη-

360 685 561 739 eolere.
613 684 671 739 Si
726 683 890 749 enim,
943 683 1137 753 lnquit,
1172 674 1224 735 in
1271 682 1380 736 tino
1421 681 1541 736 loco
1587 680 1732 735 mille
1802 680 1942 733 vites

2078 684 2254 747 μάτων,
2289 683 2392 737 οὐκ
2410 683 2578 737 ὄντων
2607 674 2847 752 δηλονότι
2872 676 2982 731 τῶν
3009 676 3268 747 γηπονεῖν
3292 672 3535 727 εἰδότωνδ
3558 670 3624 725 Εἰ

365 775 511 829 mille
556 775 811 830 siclorum
846 775 978 839 sint,
1010 783 1068 829 ut
1091 773 1315 841 singula:
1344 774 1482 828 vites
1518 772 1762 845 singulos
1783 773 1944 827 siclos

2078 774 2154 846 ἀρ
2206 770 2337 840 εἷεν,
2366 774 2551 845 φησιν,
2578 773 2637 825 ἐν
2667 770 2749 825 ἑνὶ
2775 769 2924 840 τόπῳ
2967 766 3134 838 χίλιαι
3174 763 3410 837 ἄμπελοι
3438 763 3625 834 χιλίων

367 867 596 930 \aleant.
628 867 1002 921 aestimationis
1024 867 1137 920 lucc
1164 878 1419 921 mensura
1462 876 1706 921 ve'rletur
1737 865 1791 919 in
1818 865 1945 919 soli—

2085 862 2266 931 ίκλων,
2317 858 2395 929 ὡς
2447 858 2604 930 ἀξίαν
2654 853 2896 933 ἄμπελον
2941 857 3180 928 ἑκάστην
3255 848 3440 910 σίκλου
3507 847 3626 918 ἐνὸς

366 957 603 1013 tudinem
654 965 709 1014 et
752 957 805 1012 in
863 959 1066 1027 spinas,
1101 969 1158 1013 ut
1196 958 1243 1013 si
1286 958 1409 1029 quis
1468 958 1600 1012 velit
1668 957 1943 1028 regionem

2078 954 2379 1028 τιμήματος
2410 952 2467 1007 δὲ
2494 950 2651 1005 τοῦτο
2680 944 2923 1023 μέτρον),
2956 947 3035 1010 είς
3059 945 3256 1018 χέρσον
3285 940 3505 999 ἔσεσθαι
3531 936 3629 1000 καὶ

369 1049 641 1115 invadere,
673 1060 727 1104 et
764 1049 1102 1118 ingrediatur
1128 1051 1322 1115 solum,
1344 1051 1445 1107 hoc
1476 1068 1580 1107 non
1617 1053 1785 1123 possit
1813 1053 1941 1107 abs-

2079 1050 2127 1114 ίς
2181 1047 2461 1103 ἄκανθανσ
2503 1044 2647 1098 ὥστε
2693 1035 2801 1096 κάν
2833 1036 2891 1094 εἴ
2926 1049 3009 1105 τις
3039 1034 3278 1111 βούλοιτο
3319 1034 3398 1109 τῷ
3444 1033 3631 1123 χωρίῳ

368 1155 473 1209 que
520 1141 715 1210 sagitta
753 1150 808 1196 et
866 1157 997 1198 areu
1047 1142 1279 1198 edicere.
1321 1143 1503 1215 Spinte
1559 1120 1774 1214 quidem
1841 1160 1945 1199 non

2078 1139 2397 1213 προσϐαλεῖν,
2444 1138 2537 1191 καὶ
2583 1134 2861 1190 εἰσελάσαι
2921 1132 3103 1204 μόνον,
3154 1130 3230 1202 μὴ
3283 1124 3350 1183 ἄν
3414 1120 3630 1199 ἰσχύσαι

367 1248 551 1300 arcus,
596 1248 700 1288 non
735 1234 963 1304 sagittas
1005 1234 1335 1302 desiderant,
1364 1245 1420 1292 at
1458 1239 1643 1292 statim
1692 1236 1806 1305 ejus
1855 1237 1947 1308 qui

2082 1232 2206 1287 οῦτο
2238 1232 2369 1303 δρᾷν
2400 1230 2523 1301 δίχα
2549 1220 2736 1300 βέλους
2762 1224 2857 1280 καὶ
2880 1223 3232 1294 τοξεύματος.
3280 1216 3632 1275 Ἀποδέουσαι

368 1325 501 1380 velit
544 1325 883 1382 inambulare
927 1328 1091 1396 pedes
1143 1328 1393 1385 sauciare
1445 1338 1722 1399 poterunt.
1773 1327 1949 1384 Causa

2078 1323 2159 1395 ’ἀρ
2192 1324 2343 1377 οὐδὲν
2372 1323 2428 1375 αἱ
2460 1319 2692 1374 ἄκανθαι
2734 1312 3081 1385 τοξευμάτων
3112 1312 3207 1366 καί
3241 1310 3430 1382 βελῶν,
3460 1328 3627 1365 κατα.

371 1419 537 1486 igitur
575 1417 822 1488 ratioque
857 1417 1095 1474 eﬂiciens
1143 1421 1381 1474 mnnium
1447 1397 1725 1475 malorum
1796 1422 1951 1477 nobis

2078 1414 2317 1488 ’ρὼσειαν
2359 1412 2427 1467 ἂν
2463 1410 2627 1474 εὐθὺς
2667 1408 2763 1463 τοῦ
2808 1398 3135 1479 περιπατεῖν
3175 1397 3452 1468 ἐθέλοντος
3504 1402 3633 1466 τοὺς

370 1505 497 1572 erit,
534 1520 597 1560 ea
648 1520 771 1575 qua:
801 1506 882 1561 fas
912 1522 1021 1562 non
1043 1516 1126 1562 est
1155 1509 1291 1563 velle
1327 1508 1633 1579 designare.
1684 1512 1951 1570 Destitue—

374 1611 496 1650 ntur
540 1598 683 1652 enim
729 1598 1129 1666 quodammodo
1182 1598 1323 1667 Deo,
1366 1602 1411 1656 si
1443 1602 1590 1656 illum
1623 1615 1727 1658 non
1766 1619 1955 1662 verea—

373 1704 498 1743 tnur
558 1688 852 1745 olrendere.
911 1689 970 1745 Si
1020 1691 1164 1744 enim
1230 1704 1548 1762 praestamus
1602 1706 1813 1768 etquae
1878 1699 1953 1755 illi

373 1793 524 1849 grata
579 1789 635 1835 et
673 1780 845 1835 amica
881 1791 1237 1852 sunt,sapere
1268 1785 1534 1853 volumus,
1553 1804 1654 1845 nec
1693 1792 1957 1863 tergiver-

2052 1507 2238 1570 πόδας.
2264 1504 2528 1577 Πρόξενον
2551 1500 2644 1559 οῦν
2669 1503 2777 1575 ἄρα
2812 1502 3014 1565 παντὸς
3038 1494 3170 1573 ἡμῖν
3197 1497 3349 1552 ἔσται
3373 1492 3548 1550 κακοῦ
3572 1494 3636 1548 τὸ

2056 1598 2338 1671 βούλεσθαι
2371 1597 2505 1669 δρᾷν
2546 1595 2583 1650 ὃ.
2627 1596 2702 1667 μὴ
2759 1594 2938 1666 θέμις.
2992 1578 3497 1663 Καταχερσοόμεθα
3526 1586 3639 1657 γᾴρ

2053 1693 2259 1765 τρόπον
2305 1691 2447 1757 τινὰ,
2495 1689 2616 1761 Θεῷ
2666 1687 3026 1762 προσκρούειν
3066 1685 3126 1740 οὐ
3186 1682 3638 1765 παραιτορμενοι.

2056 1764 2303 1857 Δρὼντες
2340 1785 2439 1857 μὲν
2462 1784 2592 1857 γὰρ,
2640 1783 2736 1837 καὶ
2780 1780 2883 1853 μὴν
2914 1781 3008 1834 καὶ
3049 1780 3266 1851 φρονεῖν
3295 1775 3568 1836 ἐθέλοντες
3602 1764 3643 1828 ἃ

373 1888 580 1940 samur,
598 1874 816 1929 virtutis
841 1872 1047 1931 fructus
1079 1876 1439 1945 proferemus,
1464 1896 1670 1953 nosque
1692 1899 1788 1939 sua
1825 1900 1953 1941 cura

2078 1878 2212 1950 ιῦτῷ
2250 1878 2471 1947 θυμήρη
2522 1875 2616 1929 καὶ
2659 1873 2810 1943 φίλα,
2845 1871 3340 1942 καρποφορήσομεν
3374 1868 3471 1937 τὴν
3508 1866 3639 1953 ἀρεά

373 1965 705 2031 dignabitur.
730 1966 1029 2024 Audiemus
1046 1969 1313 2039 siquidem
1343 1972 1612 2029 dicentem
1643 1976 1915 2033 Christum
1939 1999 1955 2032 :

380 2075 401 2107 ο
426 2056 539 2126 Ego
561 2072 681 2112 sum
713 2057 841 2114 vitis
864 2073 1015 2124 vera,
1034 2069 1090 2116 et
1116 2061 1278 2117 Pater
1295 2078 1447 2120 meus
1479 2066 1712 2136 agricola
1732 2079 1833 2124 est.
1865 2069 1906 2102 “
1935 2092 1953 2123 ι

374 2148 567 2205 Omnis
630 2150 838 2220 palmes
876 2152 933 2207 in
992 2169 1079 2208 me
1133 2169 1236 2210 non
1285 2155 1466 2213 ferens
1523 2159 1782 2227 fructum,
1824 2163 1962 2218 tollit

373 2257 529 2297 eum:
554 2242 714 2315 130
728 2252 781 2297 et
810 2245 991 2301 omnis
1011 2246 1218 2316 palmes
1235 2247 1414 2305 ferens
1438 2248 1692 2319 fructum,
1710 2257 1961 2323 purgabit

379 2335 580 2402 ipsum,
636 2344 694 2390 nt
744 2335 980 2392 fructum
1046 2341 1403 2410 cepiosiorem
1454 2341 1850 2400 ferataVerum
1913 2349 1959 2403 si

377 2423 640 2483 eﬂrenate
675 2428 728 2484 in
769 2429 1102 2501 impietatem
1142 2448 1351 2490 morum
1390 2437 1778 2504 provolvimur,
1805 2440 1959 2508 spina

377 2519 477 2574 sub
504 2520 855 2593 intelligentia
898 2524 1124 2579 cadente
1178 2527 1470 2596 replemur,
1507 2531 1656 2585 omni
1697 2533 1960 2588 vitiorum

377 2626 577 2681 genere
619 2613 672 2668 in
729 2615 885 2670 nobis
961 2615 1341 2674 invalescente.
1373 2618 1522 2676 Finis
1568 2635 1700 2678 vero
1767 2626 1956 2694 spinae,

379 2704 552 2774 ignis;
580 2715 637 2761 et
667 2704 962 2762 intuentum
998 2708 1137 2778 ignis
1179 2720 1285 2777 cal,
1326 2722 1421 2767 aut
1446 2715 1671 2771 materia
1732 2717 1962 2773 inutilis.

381 2793 492 2850 Hoc
522 2795 685 2851 etiam
711 2795 901 2853 beatus
926 2796 1131 2855 Paulus
1172 2802 1326 2857 nobis
1353 2803 1566 2872 planum
1627 2804 1807 2870 faciet,
1839 2821 1962 2862 cum

383 2888 795 2959 inquitn'l‘erra
836 2891 982 2945 enim
1030 2908 1150 2961 quae
1180 2896 1485 2951 venientem
1550 2899 1603 2952 in
1637 2915 1696 2955 se
1728 2900 1962 2969 pluviam

381 2972 667 3040 combibit,
696 2984 753 3029 et
780 2974 1004 3031 herbam
1036 2977 1177 3046 parit
1203 2980 1663 3035 accommodatam
1692 2984 1775 3037 his
1806 2999 1966 3061 prop-

384 3074 469 3119 ter
520 3079 657 3134 qnos
703 3066 924 3135 colitur,
949 3081 1011 3122 ea
1075 3069 1505 3127 benedictionem
1556 3089 1587 3127 a
1629 3073 1740 3129 Deo
1798 3076 1966 3145 parti-

385 3155 555 3224 cipat.
577 3154 623 3186 δ’
657 3160 730 3212 At
761 3173 882 3227 qua:
913 3158 1124 3230 profert
1150 3163 1338 3232 spinas
1374 3164 1699 3230 ettribulos,
1724 3167 1965 3236 improba

2062 1946 2193 2038 silv,
2217 1946 2333 2037 τῆς
2353 1946 2483 2036 παρ’
2507 1962 2670 2017 αὐτοῦ
2700 1962 2977 2033 φροντίδος
3006 1959 3339 2030 ἀξιούμενοι.
3380 1946 3639 2010 ’Ᾱκουσόο

2064 2060 2203 2132 μεθα
2250 2058 2360 2127 γὰρ
2418 2056 2668 2124 λέγοντος
2728 2046 2822 2108 τοῦ
2872 2052 3111 2124 Χριστοῦ
3127 2068 3141 2083 ο
3193 2069 3211 2101 ι
3258 2049 3400 2118 Ἐγώ
3445 2050 3558 2118 εἰμι
3604 2049 3646 2118 ἡ

2060 2153 2302 2224 ἄμπελος
2348 2146 2381 2222 ἠ
2429 2146 2657 2220 ἀληθινή
2682 2189 2698 2211 ,
2749 2147 2845 2202 καὶ
2884 2142 2914 2199 ὁ
2951 2142 3142 2217 Πατήρ
3188 2161 3290 2215 μου
3327 2146 3357 2197 ὁ
3397 2140 3646 2213 γεωργός

2061 2251 2229 2302 ἐστιν.
2282 2245 2396 2299 Πᾶν
2444 2241 2629 2314 κλῆμα
2664 2244 2722 2295 ὲν
2755 2238 2880 2312 ἐμοὶ
2908 2236 2984 2312 μὴ
3016 2234 3181 2310 φέρον
3234 2232 3467 2307 καρπὸν,
3496 2235 3644 2306 αἴρει

2061 2343 2194 2398 αὐτό
2219 2357 2232 2372 ο
2285 2337 2380 2392 καὶ
2422 2337 2535 2390 πᾶν
2582 2332 2767 2408 κλῆμα
2812 2333 2875 2386 τὸ
2916 2327 3128 2403 καρπὸν
3185 2329 3350 2401 φέρον
3391 2324 3649 2397 καθαίρει

2063 2435 2214 2498 αὐτὸ,
2248 2434 2335 2487 ἵνα
2356 2427 2570 2504 καρπὸν
2604 2427 2827 2481 πλείονα
2849 2422 3011 2496 φέρῃ.
3038 2443 3057 2475 ι
3105 2412 3552 2481 Ἀπονενευκότες
3586 2416 3647 2470 δὲ

2063 2526 2337 2599 ἀχαλίνως
2380 2526 2460 2588 εἰς
2490 2518 2813 2590 ἀνοσιότητα
2842 2515 3084 2589 τρόπων,
3117 2504 3359 2583 ἀκάνθης
3388 2505 3488 2599 τῆς
3515 2527 3646 2579 νοησι

2062 2598 2163 2691 τῆς
2190 2615 2566 2690 πληρούμεθα,
2597 2611 2799 2675 παντὸς
2835 2609 3009 2671 εἴδους
3034 2604 3370 2678 φαυλότητος
3399 2598 3649 2672 ἀνίσχον-

2063 2690 2152 2776 τος
2196 2713 2252 2764 ὲν
2292 2706 2443 2781 ἡμῖν.
2475 2706 2638 2768 Τέλος
2674 2701 2733 2758 δὲ
2764 2700 3029 2773 ἀκάνθης,
3077 2699 3138 2752 τὸ
3167 2696 3278 2768 πῦρ
3298 2713 3314 2730 ο
3345 2690 3438 2750 καλ.
3470 2694 3654 2766 τροφὴ

2064 2802 2259 2876 πυρὸς,
2286 2803 2318 2873 ἦ
2347 2801 2619 2873 ἄχρηστος
2645 2789 2766 2866 ὕλη.
2810 2792 2921 2848 Καὶ
2952 2792 3110 2847 τοῦτο
3149 2791 3281 2862 ἡμῖν
3313 2790 3342 2843 ὁ
3377 2786 3653 2859 μακάριος

2064 2895 2277 2957 Παῦλος
2299 2891 2523 2962 ἐναργὲς
2543 2890 2876 2960 καταστήσει
2900 2881 3099 2956 λέγων·
3122 2902 3140 2935 ι
3165 2883 3240 2953 Γῆ
3264 2880 3374 2953 γὰρ
3392 2882 3426 2950 ἡ
3454 2878 3659 2934 πιοῦσα

2064 2981 2155 3042 τὶν
2219 2985 2307 3039 ἐπ’
2378 2976 2552 3052 αὐτῆς
2620 2977 2882 3041 πολλάκις
2945 2972 3238 3047 ἐρχόμενον
3301 2969 3457 3025 ὑετὸν
3477 3014 3492 3039 ,
3558 2967 3657 3022 καί

2065 3080 2327 3133 τίκτουσα
2390 3068 2621 3146 βοτάνην
2678 3071 2897 3125 εὔθετον
2956 3062 3223 3133 ἐκείνοις,
3273 3065 3342 3119 δι’
3408 3062 3504 3128 οὒς
3559 3058 3659 3116 καὶ

2065 3170 2433 3241 γεωργεῖται,
2476 3157 2884 3236 μεταλαμϐάνει
2916 3152 3169 3227 εὐλογίας
3203 3154 3312 3210 ἀπὸ
3347 3154 3443 3208 τοῦ
3475 3150 3649 3208 Θιοῦ⁶

391 3260 477 3305 ost
506 3258 563 3306 et
590 3251 963 3308 tualedictioni
999 3252 1195 3322 allittis,
1214 3255 1367 3325 cujus
1396 3256 1522 3314 linis
1543 3260 1903 3317 combustio.)

2078 3262 2382 3332 ἐκφέρουσα
2437 3255 2495 3310 δὲ
2566 3252 2810 3317 ἀκάνθας
2858 3251 2952 3305 καὶ
3007 3243 3332 3322 τριϐόλους,
3398 3244 3660 3316 ἀδόκιμος

462 3424 627 3491 Vens.
652 3428 746 3489 25.
785 3432 851 3488 Et
890 3435 1061 3490 omnis
1105 3451 1252 3491 mam
1277 3439 1485 3493 arando
1511 3441 1773 3509 arabitur,
1802 3450 1851 3496 et
1868 3458 1975 3497 non

385 3526 551 3580 veniet
572 3541 632 3582 eo
657 3534 848 3581 terror.
872 3523 989 3579 Erit
1030 3529 1165 3582 enim
1186 3545 1251 3583 ex
1281 3530 1566 3586 solitudine
1587 3544 1639 3587 et
1675 3540 1877 3603 aspreta
1914 3535 1976 3589 in

389 3634 589 3674 vascua
632 3618 830 3687 ovium,
863 3628 912 3674 et
964 3620 1021 3674 in
1057 3621 1498 3678 conculcationent
1535 3625 1696 3680 bovis.

468 3798 678 3866 Paucos
716 3808 835 3866 fore
892 3812 1219 3884 superstites
1261 3813 1314 3866 in
1367 3810 1550 3868 Judaea
1621 3812 1772 3883 dicit,
1803 3823 1860 3870 et
1910 3830 1979 3870 eo

393 3894 707 3953 timiditatis
731 3905 784 3952 et
815 3896 1042 3967 ignavia:
1085 3909 1365 3962 venturos,
1401 3907 1461 3951 ut
1504 3912 1615 3967 prae
1668 3898 1875 3970 ingenti
1920 3909 1977 3956 et

395 3980 938 4057 incredibilitimore,
984 3990 1036 4044 in
1072 3990 1345 4044 montibus
1398 3991 1786 4046 commoraturi
1842 3992 1978 4060 sint,

393 4080 563 4136 etab
614 4081 838 4138 urbibus
903 4081 1438 4150 habitationibusque
1494 4084 1979 4142 desideratissimis

392 4172 776 4244 semigraturi,
796 4182 854 4231 et
898 4173 1203 4229 festinaturi
1239 4174 1291 4228 in
1323 4176 1592 4232 montibus
1614 4216 1630 4241 ,
1661 4177 1979 4248 insidiisque

396 4268 733 4325 delitescere.
770 4267 863 4325 Sic
915 4267 1058 4323 enim
1099 4266 1276 4324 facere
1326 4272 1607 4327 consuevit
1670 4279 1776 4326 tota
1832 4273 1980 4341 regio

393 4369 455 4416 et
480 4360 693 4425 civitas,
717 4361 761 4417 si
792 4363 1009 4431 Iquando
1041 4361 1218 4432 aliqua
1273 4362 1342 4417 sit
1367 4363 1603 4419 hostium
1662 4364 1975 4421 incursatio.

396 4453 705 4510 Accttrrunt
729 4453 873 4509 enim
931 4455 997 4509 ad
1030 4456 1207 4510 editos
1237 4466 1293 4509 et
1327 4455 1619 4526 impervius
1664 4468 1898 4525 montes,
1921 4466 2001 4513 et"

396 4546 709 4603 tliliicultate
764 4547 889 4613 loci,
925 4562 1023 4602 ceu
1056 4557 1331 4602 armatura
1354 4563 1412 4603 se
1434 4550 1702 4615 muniunt,
1736 4560 1792 4604 et
1835 4550 1982 4604 timi-

2070 3357 2165 3412 καὶ
2187 3353 2431 3424 κατάρας
2457 3350 2647 3420 ἐγγὺς,
2676 3338 2745 3422 ἦς
2768 3343 2829 3400 τδ
2862 3342 3013 3410 τέλος
3037 3343 3119 3408 είς
3152 3340 3371 3396 καῦσιν.
3403 3359 3421 3392 ι

2140 3447 2249 3506 Kal
2320 3444 2444 3500 πᾶν
2491 3442 2628 3512 ὄρος
2671 3435 3107 3510 ἁροτριώμενον
3143 3426 3660 3519 ἀροτριαθήσεται,

2072 3545 2169 3599 καὶ
2199 3543 2269 3598 οὐ
2299 3539 2384 3612 μὴ
2438 3536 2663 3603 ἐπέλθῃ
2712 3532 2841 3587 ἐκεῖ
2887 3532 3094 3603 φόϐος.
3136 3530 3351 3583 Ἔσται
3388 3519 3498 3596 γὰρ
3541 3522 3661 3578 ἀπὸ

2075 3638 2188 3707 τῆς
2218 3636 2443 3707 χέρσου
2474 3629 2572 3685 καί
2598 3627 2873 3695 ἀκάνθης
2900 3628 2990 3693 είς
3008 3622 3300 3693 ,βόσκημα
3326 3620 3659 3689 προϐάτων,

2074 3730 2177 3786 καὶ
2192 3716 2293 3795 ἐις
2328 3722 2724 3792 statuminum
2747 3720 2920 3786 βοός.

2158 3822 2401 3891 Ὀλίγους
2441 3818 2539 3891 μὲν
2587 3813 2805 3869 ἔσεσθαι
2833 3812 2960 3875 τοὺς
2998 3802 3450 3882 περιλειφθέντας
3492 3806 3553 3859 ὲν
3595 3805 3677 3874 τῇ,

2089 3910 2318 3985 Ἰουδαίᾳ
2357 3911 2542 3983 φησὶν,
2574 3901 2726 3980 ἥξειν
2766 3922 2824 3958 τε
2869 3899 2949 3967 είς
2989 3897 3149 3957 τοῦτο
3193 3897 3397 3963 δειλίας
3444 3898 3667 3985 αὐτοὺς..

2079 4003 2175 4058 καὶ
2214 3981 2395 4073 μέντοι
2421 3981 2515 4052 καὶ
2538 3987 2920 4067 κακανόρείας,
2948 3986 3024 4056 ὼς
3057 3987 3163 4044 ὑπό
3189 4007 3252 4059 γε
3277 3988 3452 4042 δεινοῦ
3476 4006 3536 4040 τε
3572 3981 3672 4041 xui.

2081 4092 2360 4165 ἀφορήτου
2390 4087 2668 4159 δείματος,
2698 4085 2797 4150 τὰς
2824 4086 2880 4140 ὲν
2903 4084 3023 4156 ὄρει
3054 4076 3325 4136 ποιεῖσθαι
3358 4077 3669 4153 διατριϐὰς,

2080 4185 2175 4238 καὶ¹
2203 4178 2412 4237 πόλεων
2446 4179 2547 4253 μὲν
2582 4175 2907 4251 άποφοιτᾷν,
2949 4176 3044 4231 καὶ
3071 4172 3183 4230 τῶν
3212 4175 3382 4228 πάλαι
3405 4169 3673 4245 τριποθή-

2080 4294 2189 4332 των
2226 4277 2411 4341 αὐτοῖς
2471 4272 2929 4344 ἐνδιαιτημάτων,
2961 4265 3278 4338 ἐπείγεσθαι
3306 4260 3363 4322 δὲ
3386 4264 3678 4319 λανθάνειν

2081 4371 2140 4426 ὲν
2172 4370 2327 4433 ὕλαις
2366 4385 2427 4423 τε
2462 4365 2556 4422 καὶ
2588 4366 2837 4437 λόχμαις.
2875 4357 3036 4427 Ἕθος
3073 4361 3183 4434 γὰρ
3207 4359 3367 4415 τοῦτο
3398 4354 3530 4431 δρᾷν
3557 4361 3679 4422 τοῖς

2081 4463 2186 4519 ἀνά
2211 4465 2390 4517 πᾶσαν
2418 4460 2516 4532 τὴν
2548 4460 2732 4533 χώραν
2753 4475 2812 4512 τε
2845 4457 2940 4513 καὶ
2963 4451 3138 4520 πόλιν,
3168 4457 3216 4510 εἰ
3238 4450 3304 4528 δή
3330 4472 3419 4519 τις
3450 4453 3674 4522 γένοιτο

2083 4551 2357 4623 πολεμίων
2399 4546 2616 4621 ἐκϐολή.
2668 4544 3013 4611 Ἀναθέοντες
3054 4543 3163 4617 γὰρ
3215 4548 3294 4609 είς
3343 4543 3527 4614 ὑψηλά
3576 4543 3678 4595 καὶ

397 4640 585 4695 ditatis
614 4640 969 4710 pbarmacum
1018 4655 1081 4694 ae
1129 4639 1421 4695 remedium
1492 4650 1598 4706 est,
1657 4642 1712 4695 in
1771 4640 1972 4696 llssurir

2087 4643 2331 4697 δύσϐατα
2362 4642 2469 4695 τῶν
2496 4642 2657 4714 ὀρῶν,
2710 4641 2874 4696 ὅπλον
2900 4635 3183 4695 ποιοῦνται
3212 4640 3310 4710 τὴν
3338 4638 3676 4709 δυσχωρίαν,

398 4746 523 4787 esse
573 4741 872 4803 petrarum.
906 4730 1160 4798 Quinimo
1206 4731 1309 4786 hoc
1355 4732 1519 4785 etiam
1552 4732 1814 4787 Servatur
1868 4734 1984 4802 ipse

398 4823 540 4877 dixit
583 4821 778 4892 populo
825 4820 1081 4876 Iudaico:
1124 4819 1299 4875 ITIIII‘I
1334 4840 1352 4871 ι
1388 4821 1558 4887 enim,
1595 4823 1788 4891 inquit,
1842 4842 1865 4875 ι
1892 4826 1982 4894 qtti

402 4914 456 4968 in
504 4911 688 4969 Judtea
766 4923 912 4975 sunt,
966 4913 1173 4984 fugiant
1228 4913 1295 4967 ad
1363 4915 1665 4970 montes.”
1698 4935 1716 4967 ι
1779 4916 1984 4988 Itaque,

399 5006 599 5077 inquit,
657 5005 1022 5077 pulcherrima
1068 5006 1262 5075 praedia
1330 5008 1381 5061 in
1425 5007 1766 5063 solitudinem
1802 5018 1860 5065 et
1933 5011 1987 5065 in

400 5107 622 5164 vepreta
673 5096 1026 5151 mutabuntur
1054 5114 1068 5150 :
1097 5112 1218 5151 cum
1248 5098 1488 5153 derelicti
1518 5099 1793 5165 timerent,
1822 5103 1987 5157 etiam

401 5184 459 5242 in
476 5188 602 5252 illis,
621 5196 678 5241 et
701 5189 910 5258 spineta
938 5186 1109 5242 solum
1134 5189 1298 5243 etiam
1323 5190 1506 5246 subire
1557 5207 1663 5246 non
1704 5194 1988 5262 permitte-

407 5290 623 5335 rentur:
657 5279 753 5334 sed
793 5279 862 5333 ad
897 5289 1112 5335 montes
1152 5282 1332 5348 potius
1394 5283 1771 5353 confugerent,
1807 5286 1988 5355 ibique

405 5373 745 5444 suspirantes
776 5373 994 5427 rusticis
1022 5374 1298 5430 laboribus
1346 5391 1564 5430 manum
1608 5378 1982 5433 admoverent.

402 5467 664 5521 Arabitur
716 5466 861 5521 enim
897 5468 1073 5521 omnis
1114 5483 1269 5521 mons
1304 5476 1358 5522 et
1383 5469 1558 5523 omnis
1609 5471 1783 5535 collis,
1814 5473 1987 5527 abhis

403 5557 501 5625 qui
538 5559 605 5613 ad
639 5573 735 5615 eos
806 5557 1146 5629 confugiunt,
1184 5560 1463 5628 cupientes
1549 5562 1822 5631 colligere,
1881 5580 1985 5620 non

404 5662 532 5715 una:
577 5649 641 5702 ad
687 5665 819 5717 opes
860 5660 953 5704 aut
1005 5649 1305 5719 voluptates
1346 5657 1624 5718 spectant,
1676 5654 1771 5708 sed
1816 5669 1988 5724 quan-

2092 4735 2186 4790 καὶ
2213 4733 2415 4797 δειλίας
2456 4733 2745 4805 φάρμακον
2778 4733 2838 4786 τὸ
2865 4734 2923 4786 ἐν
2952 4733 3213 4802 σχισμαῖς
3257 4724 3396 4784 εἶναι
3430 4728 3674 4799 πετρῶν.

2093 4823 2263 4884 Τοῦτό
2291 4837 2374 4881 τοι
2404 4826 2499 4881 καὶ
2531 4824 2690 4891 αὐτὸς
2729 4829 2758 4880 ὁ
2787 4825 2977 4897 Σωτὴρ
3012 4827 3127 4888 τοῖς
3167 4820 3435 4877 Ἰουδαίων
3464 4820 3683 4890 ἔφασκε

2093 4921 2319 4993 δήμοιςο
2362 4939 2382 4971 ι
2417 4919 2551 4973 Τότε
2585 4936 2604 4971 ι
2636 4921 2779 4990 γὰρ,
2834 4918 3021 4989 φησὶν,
3074 4935 3093 4967 ι
3125 4915 3176 4969 οἱ
3214 4915 3273 4967 ἐν
3302 4916 3370 4985 τῇ
3416 4912 3653 4983 Ἰουδαία

2096 5013 2446 5083 φευγέτωσαν
2477 5012 2557 5076 είς
2578 5010 2647 5065 τὰ
2671 5009 2797 5082 ὅρη.
2836 5029 2854 5062 ι
2889 5007 3100 5062 Οὐκοῦν
3141 5006 3213 5060 τὰ
3260 5004 3361 5077 μὲν
3409 5002 3680 5058 κάλλιστα

2092 5106 2201 5161 τῶν
2228 5105 2443 5178 χωρίων
2491 5106 2572 5169 είς
2596 5103 2794 5175 ’χέρσον
2823 5098 3058 5166 ἔσονται,
3085 5099 3241 5172 φησὶ,
3265 5099 3361 5152 καὶ
3398 5098 3480 5161 είς
3508 5096 3682 5150 ἄκαν-

2094 5200 2214 5265 θαν,
2243 5197 2493 5253 δεδιότων
2533 5196 2641 5251 τῶν
2682 5193 3141 5265 περιλειφθέντων
3194 5192 3298 5245 κᾶν
3328 5189 3460 5259 γοῦν
3489 5191 3547 5243 ὲν
3581 5189 3683 5243 αὑ-

2092 5283 2203 5354 τοῖς
2247 5288 2523 5343 εἰσελάσαι
2561 5281 2742 5358 μόνον,
2784 5286 2818 5357 ἦ
2868 5286 2963 5340 καὶ
3013 5284 3118 5338 ὑπὸ
3165 5284 3265 5357 τῆς
3298 5282 3561 5353 ,ἀκάνθης
3615 5283 3683 5335 οὗ

2098 5383 2591 5456 συγχωρουμένων·
2648 5380 3019 5449 ἀναφυγόντες
3072 5378 3129 5432 δὲ
3185 5377 3388 5449 μᾶλλον
3451 5376 3508 5428 ἐν
3562 5371 3682 5439 τοῖς

2097 5475 2299 5547 ὄρεσιν,
2339 5477 2458 5528 ἐκεῖ
2506 5474 2784 5536 στένοντες
2835 5471 2941 5526 τῶν
2988 5473 3069 5535 είς
3124 5472 3399 5542 γεωργίαν
3450 5468 3681 5537 ἅψονται

2098 5566 2296 5621 πόνων.
2335 5565 2814 5637 Ἀροτριαθήσεται
2843 5563 2953 5636 γὰρ
2994 5562 3102 5618 πᾶν
3131 5562 3254 5633 ὅρος
3284 5561 3378 5615 καὶ
3413 5561 3519 5623 πᾶς
3553 5559 3679 5629 βου-

2096 5658 2218 5722 νὸς,
2253 5655 2362 5709 τῶν
2405 5656 2464 5710 ὲν
2507 5656 2691 5719 αὐτοῖς
2735 5654 3124 5726 ἀναφυγόντων
3181 5650 3457 5720 συλλέγειν
3488 5648 3682 5704 ἐπιθυ-

397 5744 524 5823 Διιιιιιι
552 5741 619 5796 ad
664 5743 1027 5799 necessarium
1071 5759 1227 5799 usum
1272 5744 1514 5815 corporis
1567 5747 1893 5816 suppeditat,
1936 5762 1972 5802 et

2101 5748 2366 5821 μούντων,
2391 5748 2450 5802 οὗ
2470 5748 2536 5804 τὰ
2572 5750 2650 5815 εἰς
2679 5747 2907 5806 πλοῦτον
2935 5749 3030 5803 καὶ
3055 5744 3285 5819 τρυφὰς,
3314 5744 3428 5799 ἀλλ’
3463 5746 3561 5800 ὅσα
3582 5741 3682 5813 τὴν

371 5903 374 5913 ’
479 5895 707 5959 *"iean.
738 5918 825 5971 xv,
856 5903 904 5956 ί.
985 5903 1028 5935 ’δ’
1054 5901 1214 5959 llelr.
1248 5921 1318 5970 vr,
1347 5905 1397 5957 7.

1477 5905 1519 5936 ν
1547 5904 1735 5960 Matth.
1768 5919 1915 5973 xxn',
1946 5903 2032 5959 16.
