4016 6502
416 418 524 476 219

1416 418 1474 473 5.
1517 414 1787 474 CYRlUJ
1829 417 2296 472 Al.EX.\NI‘Rl.\'l
2339 420 2660 478 Αιιςιιιερ.

3580 420 3688 477 220

419 551 582 604 porro
628 536 719 592 hic
762 536 900 593 liber
949 537 1087 608 stylo
1135 535 1388 590 hominis.
1426 535 1567 602 Quid
1618 536 1730 590 ita?
1774 535 2001 603 Quando

2136 539 2364 610 ευτέρας
2392 539 2673 610 διαθήκης,
2706 539 2828 609 ἣτις
2864 538 2957 592 ἐπὶ
2992 540 3298 611 κρείττοσιν
3329 541 3690 610 ἐπαγγελίαις

416 628 561 682 enim
602 628 766 682 animi
805 628 977 684 oculis
1015 637 1380 682 sacrosancta:
1425 638 1479 681 et
1519 627 2003 683 consubstantialis

417 719 705 775 Trinitatis
738 721 1052 791 mysterium
1089 722 1555 790 pervestigamns,
1584 720 1708 775 dein
1746 720 1868 775 aliis
1901 719 2004 773 ali-

419 812 635 880 quando
675 828 929 866 arcanum
972 823 1147 866 ortum
1194 812 1441 880 unigena:
1483 811 1605 866 Filii
1650 811 1742 867 Dei
1792 813 2007 867 tradere

421 905 756 959 instituimus
803 923 816 959 :
862 914 990 959 tunc
1032 919 1198 969 sane,
1237 912 1364 958 tunc
1403 920 1539 972 opus
1579 906 1732 960 uobis
1776 915 1859 961 est
1899 921 2005 961 non

426 997 657 1052 humano
692 996 862 1067 stylo,
892 1006 949 1051 et
980 997 1138 1051 nobis
1171 996 1449 1051 familiari.
1487 996 1617 1064 Quae
1648 998 1793 1052 enim
1830 998 2008 1052 oratio

422 1086 554 1140 satis
588 1087 719 1151 erit,
754 1094 812 1139 nt
838 1087 981 1154 quod
1013 1102 1177 1154 supra
1212 1096 1445 1141 mentem
1473 1096 1528 1141 et
1554 1088 1857 1143 oralionem
1888 1101 2007 1154 est,

422 1176 680 1244 expedire
735 1176 961 1244 possit?
1015 1174 1114 1231 llis
1172 1176 1310 1231 adeo
1339 1177 1631 1232 subtilibus
1684 1192 2011 1247 omnemque

426 1277 664 1323 mentem
701 1282 767 1322 ac
802 1268 1187 1337 cogitationem
1223 1270 1603 1338 superantibus
1644 1268 2011 1323 euarrationi-

427 1360 526 1412 litis
570 1358 659 1412 ille
707 1359 878 1412 solum
921 1359 1163 1413 calamus
1205 1359 1513 1423 suﬂ‘eeerit,
1543 1361 1612 1415 de
1643 1375 1753 1427 quo
1788 1361 1929 1415 Deus
1961 1370 2013 1416 et

431 1451 590 1503 t’ater
619 1465 750 1504 vore
782 1450 1033 1505 Davidica
1071 1451 1310 1521 loquitur
1341 1471 1356 1506 :
1398 1472 1417 1504 ι
1457 1452 1665 1524 Lingua
1703 1468 1819 1508 mea
1860 1453 2013 1508 cala-

433 1559 550 1595 tuus
600 1541 1097 1602 sorihm,€el0riter
1144 1543 1434 1598 scribentis
1464 1542 1530 1598 ⁸⁵.
1578 1562 1598 1596 ι
1654 1543 1823 1598 Nemo
1868 1547 2012 1599 enim

433 1637 582 1690 novit
616 1637 805 1691 Filium
845 1634 945 1687 nisi
982 1632 1172 1693 Pater.
1202 1632 1296 1688 sed
1333 1650 1434 1689 nec
1466 1633 1686 1689 Patrem
1721 1636 2013 1707 quisquam

432 1727 674 1799 agnoscit
699 1725 788 1795 qui
821 1726 913 1784 sit.
943 1725 1045 1779 nisi
1079 1724 1267 1785 Filius,
1291 1735 1347 1779 et
1369 1727 1455 1779 cui
1488 1729 1631 1781 volet
1655 1727 1830 1783 Filius
1861 1744 2017 1784 reve-

433 1821 564 1873 lare.
596 1819 664 1871 At
700 1816 918 1886 quando
953 1816 1020 1870 de
1058 1817 1397 1871 humanitate
1431 1818 1549 1886 ejus
1577 1821 1739 1873 verba
1766 1819 2014 1887 facinnts,

434 1924 564 1967 tunc
623 1912 862 1965 humano
913 1910 1049 1981 stylo
1100 1923 1234 1978 opus
1278 1918 1397 1977 est,
1457 1909 1603 1978 quod
1656 1920 1711 1964 et
1758 1911 1885 1965 fecit
1927 1927 2017 1966 sa-
2048 1900 2089 1955 Β

431 2006 584 2076 picus
610 2004 884 2072 Joannes,
923 2006 1149 2059 dicens:
1183 2022 1199 2054 ι
1237 2002 1469 2058 Verbum
1514 2019 1643 2057 caro
1680 2004 1883 2059 factum
1911 2014 2014 2071 est,

433 2111 488 2152 et
516 2097 777 2152 habitavit
804 2098 854 2150 iu
885 2097 1040 2151 nobis
1060 2095 1124 2151 “.
1158 2116 1177 2148 ι
1204 2095 1313 2150 Nec
1340 2111 1469 2150 vero
1493 2094 1706 2151 dilIicile
1728 2107 1832 2161 est,
1854 2099 2017 2152 etiam

437 2200 662 2243 mortem
690 2190 808 2258 ejus
836 2189 1132 2243 secundum
1162 2203 1400 2253 carnem,
1421 2200 1472 2242 et
1495 2205 1557 2244 ex
1586 2192 1814 2245 mortuis
1839 2207 2021 2246 resur-

436 2281 729 2335 rectionem
770 2279 969 2334 nos:ris
1004 2280 1183 2335 verbis
1216 2281 1543 2335 annuntiare
1580 2299 1594 2335 :
1633 2292 1685 2335 et
1716 2283 1871 2351 quasi
1906 2282 2022 2352 pri-

441 2371 621 2423 mitias
650 2372 897 2424 humame
926 2380 1134 2424 natura:
1161 2369 1230 2423 ad
1260 2370 1721 2440 incorruptionem
1751 2381 2027 2427 renovatae

439 2461 505 2515 ad
549 2462 764 2517 Patrem
815 2464 1235 2527 ascendisse,et
1282 2463 1335 2517 in
1384 2463 1538 2518 cretis
1586 2465 1928 2532 consedisse,
1961 2481 2028 2521 ae

441 2556 734 2610 constituto
762 2566 1003 2626 tempore
1026 2565 1334 2620 venturum,
1351 2556 1700 2627 judicetnque
1721 2574 2024 2614 sessurutn.

442 2647 675 2702 Proinde
726 2648 957 2702 hominis
1001 2663 1177 2718 penna
1219 2649 1284 2702 de
1340 2650 1680 2705 humanitate
1725 2651 2027 2721 Unigeniti,

446 2741 689 2794 homines
739 2740 931 2808 spiritu
979 2738 1143 2795 amati
1200 2742 1567 2796 conscribunt.
1621 2742 1792 2797 Porro
1847 2754 2030 2799 autem

444 2832 718 2900 prmciplt,
745 2832 1256 2900 inqttietts:tTestes
1291 2835 1422 2889 mihi
1460 2834 1657 2891 adhibe
1691 2835 1827 2891 ﬁdos
1856 2836 2034 2891 homi-

446 2939 570 2990 nes,
610 2924 792 2981 Uriam
834 2935 886 2980 et
922 2925 1243 2982 Zachariam
1286 2928 1455 2982 tilium
1502 2927 2033 2984 Baracliim.tScien-

447 3018 572 3069 dum
610 3032 715 3087 quo
753 3028 992 3088 tempore
1028 3020 1092 3076 de
1125 3020 1272 3075 hisce
1309 3020 1471 3076 rebus
1507 3036 1689 3076 sermo
1729 3037 1757 3073 a
1802 3020 1917 3077 Deo
1966 3024 2035 3077 ad

448 3109 665 3165 beatum
695 3108 887 3164 Is:iiam
918 3111 1132 3168 habitus
1156 3126 1260 3179 est,
1284 3111 1471 3167 Uriam
1500 3114 1817 3185 prophetam
1848 3114 2033 3179 fuisse,

2106 630 2613 701 παραλαμϐάνεται,
2650 629 2793 683 καθά
2838 647 3000 701 φησιν
3032 633 3061 684 6
3109 632 3401 702 ἱερώτατος
3450 631 3688 695 Παῦλος.

2106 721 2380 792 Γράφεται
2410 721 2464 773 δὲ
2497 724 2524 774 6
2557 721 2719 792 τόμος
2762 722 2984 792 γραφίδι
3032 721 3343 793 ἀνθρώπου.
3393 722 3493 776 Διά
3527 724 3693 777 ποίαν

2107 815 2318 879 αἱτίαν;
2349 814 2479 867 Ὅτε
2532 813 2630 884 μὲν
2673 817 2785 877 τοῖς
2833 816 2931 886 τῆς
2976 813 3214 878 διανοίας
3251 814 3462 885 ὄμμασι
3498 815 3559 868 τὸ
3591 813 3697 881 τῆς

2110 904 2273 972 ἁγίας
2294 904 2389 957 καὶ
2418 905 2704 973 ὀμοουσὶου
2739 905 2969 976 Τριάδος
3008 906 3556 976 πολυπραγμονῶμεν
3589 924 3692 977 μυ-

2112 998 2355 1068 στήριον,
2391 992 2510 1050 εἶτα
2561 997 2743 1065 λέγειν
2793 998 2999 1070 ἑτέροις
3045 999 3410 1071 ἐπιχειρῶμεν
3443 998 3554 1051 ἔσθ’
3604 1000 3686 1051 ὅτε

2107 1087 2206 1159 τὴν
2252 1089 2563 1160 ἀπόρρητον
2612 1088 2862 1161 γέννησιν
2917 1089 3012 1142 τοῦ
3064 1088 3387 1160 μονογενοῦς
3434 1088 3565 1142 Υἰοῦ
3598 1086 3693 1142 τοῦ

2110 1179 2246 1233 Θεοῦ
2267 1196 2281 1209 ο
2316 1179 2436 1231 τότε
2464 1178 2548 1250 δὴ,
2581 1178 2700 1231 τότε
2728 1178 2883 1249 χρεία
2913 1179 3174 1251 γραφίδος
3204 1181 3335 1250 ἡμῖν
3363 1180 3462 1232 οὐκ
3488 1178 3696 1246 ἀνθρω-

2114 1270 2276 1342 πίνης
2302 1272 2393 1325 καὶ
2427 1271 2549 1324 καθ’
2584 1273 2748 1342 ἡμᾶς.
2778 1273 2936 1335 Heio;
2960 1271 3067 1343 γὰρ
3099 1271 3164 1326 ἂν
3198 1273 3420 1343 ἀρκέσει
3444 1270 3516 1344 [ε]
3538 1272 3695 1341 λόγος

2113 1364 2193 1427 εἷς
2245 1380 2310 1433 γε
2356 1363 2418 1416 τὸ
2463 1363 2724 1417 δύνασθαι
2770 1363 3090 1435 διατρανοῦν
3144 1364 3205 1417 τὸ
3260 1365 3400 1435 ὑπὲρ
3445 1364 3568 1417 νοῦν
3602 1366 3697 1417 καὶ

2113 1458 2307 1525 λόγον;
2350 1457 2588 1529 Ἀπόχρη
2634 1457 2690 1510 δὲ
2732 1457 2890 1527 μόνος
2928 1460 3039 1520 τοῖς
3084 1455 3256 1521 οὕτως
3319 1459 3557 1528 ἰσχυροῖς
3604 1457 3698 1509 καὶ

2116 1547 2258 1619 ὑπὲρ
2314 1548 2490 1601 πάντα
2540 1546 2665 1600 νοῦν
2716 1548 3045 1618 διηγήμασιν
3096 1549 3301 1612 ἐκεῖνος
3346 1550 3374 1601 6
3429 1547 3691 1618 κάλαμος,

2118 1641 2246 1709 περὶ
2274 1635 2336 1695 οὗ
2368 1658 2532 1710 φησιν
2563 1644 2591 1695 6
2617 1643 2747 1706 Θεὸς
2778 1645 2871 1696 καὶ
2922 1642 3111 1712 Πατὴρ
3140 1642 3228 1695 διά
3256 1642 3441 1710 φωνῆς
3472 1640 3564 1693 τοῦ
3594 1643 3691 1692 Δα-

2119 1734 2240 1787 6ίδ⁶
2280 1753 2300 1785 ι
2352 1735 2417 1787 Ἡ
2451 1736 2673 1803 γλῶσσά
2720 1754 2822 1805 μου
2873 1734 3114 1806 κάλαμος
3164 1734 3540 1806 ’γραμματέως
3570 1733 3699 1798 6&9-

2119 1827 2354 1899 γράφου.
2388 1847 2407 1879 ι
2438 1826 2591 1881 Οἶδεν
2614 1828 2911 1898 γάρθοὺδεὶς
2942 1827 3032 1879 τὸν
3062 1826 3207 1891 Υἰὸν,
3242 1829 3289 1880 εἰ
3320 1826 3395 1896 μὴ
3425 1827 3451 1879 6
3474 1827 3699 1898 Πατήρ¹

2118 1919 2231 1973 ἀλλ’
2267 1919 2387 1971 οὐδὲ
2422 1919 2511 1971 τὸν
2562 1919 2781 1988 Πατέρα
2822 1917 2997 1981 οὐδεὶς
3032 1916 3384 1985 ἐπιγινώσκει
3415 1917 3496 1979 τίς
3529 1919 3703 1977 ἐστιν,

2120 2009 2167 2061 εἰ
2192 2006 2265 2078 μὴ
2290 2009 2318 2060 6
2346 2007 2492 2072 Υἱὸς,
2519 2008 2610 2060 καὶ
2637 2001 2679 2075 ᾧ
2711 2008 2805 2059 ἐάν
2839 2006 3095 2075 βούληται
3122 2009 3147 2059 6
3181 2006 3305 2069 Υἱὸς
3332 2005 3703 2074 ἀποκαλύψαι.

2124 2100 2294 2153 Ὅταν
2319 2100 2376 2152 δὲ
2398 2100 2524 2164 τοὺς
2554 2099 2683 2171 περὶ
2709 2100 2809 2170 τῆς
2839 2100 2995 2153 ἐνανο
3004 2100 3305 2171 ρωπήσεως
3327 2096 3489 2151 αὐτοῦ
3522 2096 3707 2150 ποιού-

2128 2192 2264 2262 μεθα
2290 2191 2500 2260 λόγους,
2533 2192 2652 2245 τότε
2682 2191 2768 2263 δὴ,
2802 2192 2921 2245 τότε
2952 2192 3111 2262 χρεία
3138 2190 3397 2262 γραφίὸος
3427 2189 3707 2259 ἀνθρωπί-

2123 2301 2253 2356 νης·
2287 2283 2315 2338 ὃ
2347 2285 2410 2355 δὴ
2440 2285 2535 2339 καὶ
2582 2285 2862 2355 πέπρακεν
2907 2285 2935 2337 6
2986 2284 3147 2353 σοφὸς
3192 2283 3443 2354 Ἰωάννης
3491 2280 3701 2350 λέγων·

2132 2393 2150 2425 ι
2203 2375 2260 2427 Ὀ
2293 2374 2464 2443 Λόγος
2492 2374 2627 2446 σάρξ
2654 2375 2888 2441 ἐγένετο,
2937 2375 3030 2426 καὶ
3064 2375 3371 2444 ἐσκήνωσεν
3400 2374 3457 2426 ἐν
3486 2373 3639 2442 ἡμῖν.
3683 2392 3701 2423 ι

2126 2468 2376 2523 Χαλεπὸν
2401 2470 2458 2522 δὲ
2488 2470 2623 2531 ὅλως
2657 2468 2827 2529 οὐδὲν,
2866 2468 2960 2521 καὶ
2992 2467 3083 2521 τὸν
3114 2467 3253 2520 κατὰ
3277 2466 3458 2537 σάρκα
3477 2465 3709 2518 θάνατον

2128 2560 2314 2623 αὑτοῦ,
2343 2562 2438 2614 καὶ
2466 2559 2563 2632 τὴν
2594 2561 2657 2613 ἐκ
2691 2559 2900 2631 νεκρῶν
2934 2560 3231 2612 ἀνάστασιν
3256 2561 3377 2622 ταῖς
3410 2557 3532 2611 καθ’
3565 2560 3712 2628 ἡμᾶς

2130 2650 2482 2720 ἀναγγέλλειν
2532 2652 2757 2719 φωναῖς,
2814 2650 2907 2703 καὶ
2952 2650 3035 2702 ὅτι
3071 2649 3398 2721 πρωτόλειον
3426 2649 3614 2720 ῶσπερ
3663 2666 3717 2702 τι

2132 2742 2226 2795 καὶ
2278 2740 2498 2813 ἀπαρχὴ
2554 2743 2653 2811 τῆς
2706 2740 2993 2809 ἀνθρώπου
3054 2739 3269 2809 φύσεως
3315 2739 3720 2811 ἀνανεουμένης

2134 2836 2213 2896 εἰς
2243 2832 2571 2905 ἀφθαρσίαν,
2608 2833 2773 2906 ἀνέϐη
2804 2832 2940 2904 πρὸς
2967 2832 3059 2885 τὸν
3090 2832 3330 2902 Πατέρα,
3366 2830 3461 2884 καὶ
3496 2828 3719 2885 κεκάθι-

2134 2941 2229 2979 κεν
2274 2926 2332 2979 ὲν
2376 2928 2489 2989 τοῖς
2534 2926 2801 2996 οὐρανοῖς.
2841 2925 2997 2989 Ἥξει
3033 2941 3092 2977 τε
3136 2922 3277 2976 κατὰ
3328 2921 3574 2994 καιροὺς,
3625 2919 3719 2975 καὶ

2137 3018 2403 3072 καθιεῖται
2440 3022 2653 3089 κριτής.
2687 3017 2893 3071 Οὐκοῦν
2932 3015 3219 3088 ἀνθρώπου
3247 3013 3467 3085 γραφίδι
3496 3011 3566 3065 τὰ
3594 3009 3722 3082 περὶ

2136 3109 2236 3182 τῆς
2279 3110 2745 3183 ὲνανθρωτ.ήσεως
2782 3109 2876 3163 τοῦ
2930 3105 3270 3177 Μονογενοῦς
3318 3106 3624 3176 γράφουσιν
3676 3106 3722 3157 οἱ

452 3201 769 3259 Zachariam
805 3206 1139 3261 sacerdotem
1174 3216 1227 3260 et
1257 3206 1392 3277 legis
1426 3207 1727 3262 doctorem.
1760 3206 2032 3263 Adhiben-

2139 3203 2640 3276 πνευματογράφοι.
2670 3202 3099 3274 Προσεπιτόιττει
3125 3202 3180 3255 δὲ
3202 3201 3375 3269 λέγων
3397 3215 3411 3229 ·
3457 3218 3474 3250 ι
3495 3197 3724 3267 Μάρτυ-

450 3307 540 3352 tur
572 3312 700 3368 ergo
730 3298 800 3352 ad
836 3299 977 3354 hanc
1009 3298 1076 3354 de
1108 3298 1325 3356 Christo
1359 3300 1797 3355 testiﬁcationem
1833 3312 2034 3371 mysta-

451 3390 637 3459 gogia,
682 3407 804 3461 qua:
849 3392 963 3462 lege
1008 3402 1222 3447 constat
1270 3394 1585 3464 sanctisque
1630 3393 1938 3465 prophetis,
1983 3404 2039 3449 et

455 3483 724 3552 cognitio,
756 3484 870 3538 sive
902 3486 1204 3555 praedictio.
1234 3485 1386 3540 Finis
1419 3491 1620 3555 quippe
1655 3487 1787 3556 legis
1819 3502 1883 3540 ac
1912 3502 2040 3556 pro-

455 3576 737 3645 phetarum
766 3577 1034 3638 Christus.
1056 3578 1187 3635 Tale
1211 3579 1469 3650 quiddam
1498 3590 1849 3636 monstratum
1877 3580 2041 3637 fuisse

456 3670 660 3723 sanctis
682 3669 938 3738 apostolis
966 3679 1208 3739 tempore
1236 3670 1727 3740 transﬁgurationis
1753 3671 1953 3727 Christi
1984 3672 2040 3728 in

458 3771 642 3817 monte
658 3765 972 3820 asserimus.
1002 3764 1274 3836 Scriptum
1295 3775 1378 3821 est
1400 3768 1541 3821 enim
1569 3768 1711 3835 quod
1735 3787 1754 3819 ι
1782 3768 1907 3823 Post
1930 3770 2045 3823 dies

457 3870 556 3909 sex
591 3857 886 3925 assumpsit
916 3855 1073 3912 Jesus
1108 3857 1358 3924 Petrum,
1386 3868 1440 3913 et
1467 3859 1723 3915 Jacobum
1744 3900 1759 3924 ,
1795 3860 1951 3932 133
1990 3870 2045 3916 et

458 3945 723 4004 Joannem
772 3947 994 4004 fratrem
1048 3949 1196 4019 ejus,
1239 3961 1293 4005 et
1339 3951 1489 4007 ducit
1536 3952 1659 4007 illos
1704 3952 1758 4006 in
1807 3963 2047 4008 montem

465 4041 622 4096 valde
673 4041 949 4097 excelsum
1007 4057 1254 4098 seorsum
1313 4063 1326 4099 :
1384 4055 1438 4099 et
1497 4046 1916 4115 transfiguratus
1961 4055 2050 4101 est

468 4147 652 4186 coram
689 4133 842 4201 ipsis.
875 4133 939 4188 Et
965 4136 1298 4206 resplenduit
1327 4139 1505 4193 vultus
1536 4137 1655 4206 ejus
1685 4140 1828 4192 sicut
1856 4137 1969 4203 sol,
1994 4148 2052 4192 et

466 4234 645 4281 vestes
683 4226 799 4293 ejus
843 4225 999 4283 facta:
1040 4237 1167 4283 sunt
1206 4231 1450 4285 candida:
1492 4231 1640 4285 sicut
1680 4229 1792 4285 lux.
1823 4229 1886 4283 Et
1923 4244 2051 4286 ecce

467 4327 835 4384 apparuerunt
870 4317 972 4372 illis
1008 4317 1183 4375 Moses
1214 4330 1268 4375 et
1302 4321 1475 4385 Elias,
1514 4320 1886 4391 colloquentes
1928 4336 2051 4375 cum

468 4408 587 4478 ipso
609 4408 709 4465 δυ.
750 4427 769 4463 ι
796 4410 1038 4468 Observa
1069 4413 1251 4483 itaque
1279 4414 1550 4483 quomodo
1579 4414 1754 4468 Moses
1783 4423 1838 4469 et
1868 4412 2012 4469 Elias
2034 4454 2050 4479 ,

470 4497 529 4553 id
571 4511 689 4566 est,
716 4501 1078 4558 sacerdotium
1126 4519 1190 4559 ac
1237 4504 1321 4558 lex
1362 4507 1612 4575 (utraque
1656 4504 1801 4557 enim
1833 4503 2068 4574 Moses),

2142 3301 2242 3371 ράς
2270 3316 2355 3368 μοι
2386 3297 2609 3369 ποίησον
2637 3298 2860 3361 πιστοὺς
2880 3288 3223 3368 ἀνθρώπους,
3254 3294 3345 3347 τὸν
3378 3292 3601 3362 Οὐρίαν,
3630 3289 3730 3343 καὶ

2135 3392 2228 3445 τὸν
2268 3391 2543 3462 Ζαχαρίαν
2574 3390 2687 3443 υἱὸν
2716 3391 3010 3460 Βαραχίου.
3045 3409 3063 3438 ι
3112 3388 3307 3441 Ἱστέον
3362 3386 3419 3439 δὲ
3473 3386 3555 3439 ὃτι
3608 3381 3727 3437 κατ’

2142 3486 2323 3538 ἐκεῖνο
2368 3482 2463 3537 τοῦ
2519 3481 2738 3555 καιροῦ,
2793 3482 2917 3536 καθ’
2954 3482 3013 3534 ὃν
3064 3482 3091 3535 6
3144 3481 3271 3551 περὶ
3320 3482 3525 3533 τούτων
3570 3476 3725 3544 λόγος

2142 3577 2293 3645 παρά
2351 3576 2487 3629 Θεοῦ
2522 3576 2713 3645 γέγονε
2741 3576 2877 3647 πρὸς
2902 3576 2996 3628 τὸν
3025 3574 3293 3645 μακάριον
3336 3571 3586 3633 Ἡσαΐαν,
3616 3568 3725 3621 Οὐ-

2146 3672 2268 3745 ρίας
2298 3672 2394 3742 μὲν
2430 3666 2499 3741 ἦν
2547 3687 2632 3732 τις
2672 3670 2991 3740 προφήτης,
3034 3667 3305 3739 Ζαχαρίας
3342 3664 3520 3735 γεμὴν
3553 3660 3727 3734 ἱερεῦς

2144 3765 2238 3818 καὶ
2286 3762 2759 3833 νομοδιδάσκαλος.
2825 3761 3353 3833 Παραλαμϐἀνονται
3417 3758 3597 3810 τοίνυν
3653 3754 3735 3817 εἰς

2150 3856 2456 3927 μαρτυρίαν
2487 3854 2585 3925 τὴν
2614 3855 2706 3906 ἐπὶ
2734 3853 2975 3925 Χριστῷ.
2996 3855 3030 3925 ἦ
3058 3871 3118 3905 τε
3154 3852 3242 3905 διὰ
3280 3850 3444 3921 νόμου
3481 3848 3575 3902 καὶ
3605 3864 3739 3917 προ-

2148 3947 2334 4017 φητῶν
2369 3948 2537 4015 ἁγίων
2569 3947 2927 4017 μυσταγωγία
2963 3945 3057 3998 καὶ
3106 3944 3342 4007 σύνεσις,
3387 3942 3554 4012 ἤγουν
3601 3956 3739 4009 προ-

2149 4043 2455 4114 αγὸρευσις.
2489 4040 2653 4103 Τέλος
2677 4041 2786 4111 γὰρ
2814 4040 2980 4110 νόμου
3000 4038 3095 4092 καὶ
3114 4034 3406 4110 προφητῶν
3434 4035 3463 4086 6
3480 4032 3737 4105 Χριστός.

2150 4134 2405 4189 Τοιοῦτόν
2431 4151 2486 4187 τι
2512 4131 2780 4203 δεδεῖχθαί
2816 4149 2994 4203 φαμεν
3037 4132 3151 4194 τοῖς
3198 4130 3373 4195 ἁγίοις
3420 4124 3743 4187 ἀποστόλοις

2154 4231 2211 4282 ἐν
2241 4226 2418 4299 καιρῷ
2463 4227 2562 4297 τῆς
2601 4230 2660 4280 ὲν
2704 4224 2781 4296 τῷ
2811 4225 2924 4297 ὄρει
2964 4220 3437 4295 μεταμορφώσεως
3483 4216 3575 4271 τοῦ
3607 4218 3750 4287 Χρι-

2155 4322 2303 4379 στοῦ.
2323 4322 2634 4394 Γέγραπται
2655 4318 2786 4390 γὰρ,
2808 4318 2888 4371 ὅτι
2911 4335 2930 4368 ι
2961 4315 3095 4371 Μεθ’
3117 4315 3328 4387 ἡμέρας
3354 4312 3412 4380 ἓξ
3436 4308 3751 4382 παρέὶαεεν

2154 4417 2182 4469 6
2220 4413 2427 4487 Ἰησοῦς
2476 4413 2569 4467 τὸν
2611 4413 2843 4485 Πέτρον,
2889 4412 2982 4466 καὶ
3033 4410 3125 4463 τὸν
3188 4407 3465 4471 Ἰάκωϐον,
3516 4404 3612 4458 καὶ
3654 4402 3752 4457 τὸν

2170 4508 2423 4578 Ἰωάννην
2458 4507 2549 4559 τὸν
2578 4504 2808 4576 ἀδελφὸν
2858 4504 3048 4569 αὐτοῦ,
3099 4503 3193 4558 καὶ
3247 4500 3507 4570 ἀναφέρει
3547 4497 3751 4561 αὐτοὺς

471 4591 604 4659 quin
630 4602 684 4646 et
708 4592 854 4649 Elias
875 4607 1179 4666 assumptus
1205 4608 1333 4652 ante
1359 4598 1551 4652 faciem
1581 4606 1896 4650 sanctorum
1929 4612 2032 4665 pro

2160 4599 2240 4661 εἰς
2269 4597 2393 4668 ὄρος
2423 4596 2625 4666 ὑψηλὸν
2676 4597 2794 4649 κατ’
2844 4596 3016 4649 ἰδίανο
3060 4595 3154 4647 καὶ
3199 4587 3598 4663 μετεμορφώθη
3648 4586 3754 4658 ἔμ-

472 4684 793 4754 phetarum,
857 4686 955 4757 ipsi
1000 4689 1139 4743 inter
1180 4705 1240 4746 se
1281 4690 1732 4758 colloquebautur
1770 4691 1836 4743 de
1874 4690 2055 4753 exitu,

475 4796 636 4849 quem
665 4792 807 4837 esset
840 4784 890 4837 in
917 4783 1218 4843 Jerusalem
1254 4784 1594 4854 impleturus.
1621 4781 1807 4849 Qualis
1842 4781 2056 4836 tandem

476 4875 695 4930 exitus?
738 4876 1163 4944 Dispensationis
1199 4880 1453 4932 nimirum
1497 4877 1646 4938 linis,
1679 4889 1847 4937 crux,
1878 4888 2056 4940 mors,

477 4982 547 5022 ex
592 4968 822 5021 tuortuis
866 4970 1225 5032 resurrectio,
1260 4968 1319 5023 iu
1362 4967 1530 5022 cmlos
1571 4965 1892 5035 assumptio.
1925 4963 2058 5018 Nam

480 5060 598 5115 hinc
632 5060 813 5113 omnia
850 5060 1219 5132 przetiguravit
1253 5074 1347 5129 per
1379 5058 1625 5111 umbram
1665 5056 1782 5119 lex,
1814 5055 2062 5124 praadixit

480 5155 645 5213 etiam
689 5153 911 5211 illuStris
953 5165 1008 5210 et
1047 5169 1274 5224 magnus
1317 5161 1628 5207 sanctorum
1674 5149 2063 5219 prophetarum

480 5245 701 5301 chorus.

2158 4686 2391 4759 προσθεν
2420 4685 2621 4742 αὐτῶν.
2659 4686 2769 4740 Kal.
2796 4686 3005 4757 ἔλαμψε
3036 4686 3098 4738 τὸ
3139 4685 3430 4756 πρόσωπον
3466 4679 3631 4733 αὑτοῦ
3672 4679 3755 4742 ῶς

2157 4780 2185 4831 ὁ
2230 4776 2402 4848 ἥλιος,
2454 4776 2557 4860 καὶἑ
2600 4776 2668 4829 τὰ
2719 4777 2912 4847 ἱμάτια
2965 4774 3131 4828 αὑτοῦ
3172 4773 3339 4827 λευκά
3382 4770 3457 4833 ὼς
3499 4770 3561 4821 τὸ
3609 4766 3754 4837 φῶς.

2158 4870 2269 4924 Καὶ
2300 4868 2407 4922 ἰδοὺ
2438 4866 2699 4939 ὤφθησαν
2727 4870 2911 4931 αὐτοῖς
2946 4867 3152 4937 Μωσῆς
3195 4866 3289 4919 καὶ
3335 4862 3525 4925 Ἠλίας
3562 4860 3759 4913 συλλα-

2159 4966 2378 5029 λοῦντες
2409 4967 2524 5037 μετ’
2578 4967 2763 5023 αὐτοῦ.
2808 4985 2825 5018 ι
2865 4964 3058 5036 Ἀθρει
3090 4963 3154 5033 δὴ
3205 4958 3297 5015 οὖν
3347 4961 3493 5023 ὅπως
3543 4955 3758 5023 Μωσῆς

2164 5059 2258 5113 καὶ
2297 5059 2503 5123 Ἠλίας,
2536 5058 2677 5112 τοῦτ’
2717 5057 2886 5118 ἐστιν,
2921 5055 3190 5128 ἱερωσύνη
3224 5054 3316 5108 καὶ
3348 5051 3513 5123 νόμος
3547 5047 3757 5117 (ἀμφό-

2166 5169 2298 5221 τερα
2328 5150 2437 5222 γὰρ
2480 5152 2508 5203 ὁ
2551 5149 2798 5219 Μωσῆς),
2832 5149 2925 5202 καί
2971 5149 3077 5219 μὴν
3106 5147 3200 5200 καὶ
3246 5143 3428 5205 Ἠλίας
3455 5142 3536 5205 είς
3580 5138 3757 5208 πρόσ-

2168 5258 2315 5294 ωπον
2348 5241 2467 5297 τῶνν
2489 5240 2655 5309 ἁγίων
2715 5238 3009 5311 προφητῶν
3048 5234 3457 5309 παραληφθεὶς,
3490 5228 3762 5301 προσελά-

483 5344 609 5399 λουν
662 5345 934 5419 ἀλλήλοις,
989 5344 1118 5416 περί
1149 5345 1249 5412 τῆς
1295 5340 1500 5408 ἐξόδου,
1553 5340 1737 5410 φησὶν,
1778 5331 1846 5408 ἦς
1897 5336 2091 5408 ἔμελλε
2130 5338 2371 5412 πληροῦν
2420 5342 2477 5393 ὲν
2521 5338 2897 5412 Ἰερουσαλήμ.
2940 5336 3076 5393 Ποία
3104 5335 3161 5388 δὲ
3205 5334 3417 5401 ἔξοδος;
3452 5330 3563 5400 Τῆς
3607 5329 3759 5378 οἱκο-

487 5439 679 5513 νομίας
703 5418 946 5512 δηλονότι
969 5438 1031 5490 τὸ
1069 5437 1265 5506 πέρας,
1304 5436 1333 5487 6
1365 5433 1617 5504 σταυρὸς,
1646 5434 1675 5485 6
1702 5432 1953 5498 θάνατος,
2002 5431 2097 5486 καὶ
2162 5435 2228 5485 ὲκ
2273 5433 2482 5506 νεκρῶν
2547 5431 2879 5498 ἀναϐίωσις,
2928 5432 2963 5502 ἠ
3027 5430 3108 5493 εἱς
3155 5426 3416 5499 οὐρανοὺς
3466 5418 3756 5488 avenam.

490 5536 673 5591 Ταῦτα
720 5536 831 5608 γὰρ
880 5532 1061 5585 πάντα
1107 5530 1482 5604 πῳανετύπου
1544 5530 1642 5599 μὲν
1702 5528 1789 5583 διά
1841 5529 1999 5591 σκιᾶς
2046 5528 2077 5581 6
2124 5529 2319 5598 νόμος,
2398 5530 2773 5602 προηγόρευσε
2822 5528 2879 5583 δὲ
2930 5527 3027 5581 καὶ
3067 5527 3095 5579 6
3141 5521 3393 5595 λαμπρὸς
3440 5518 3536 5573 καὶ
3586 5515 3763 5587 μέγας

492 5632 600 5689 τῶν
627 5632 801 5701 ἁγίων
833 5629 1127 5702 προφητῶν
1155 5630 1183 5683 6
1211 5628 1390 5701 χορός.

570 5877 622 5916 ⁸⁵
641 5878 786 5938 Psal.
813 5895 959 5949 xuv,
980 5881 1034 5938 ‘2.
1112 5882 1157 5916 “
1179 5881 1336 5940 Joan.
1361 5897 1401 5950 ι,
1432 5881 1484 5937 1.

1070 5952 1105 5961 μ’

1558 5878 1603 5913 ⁸⁸
1624 5882 1639 5903 ⁸
1665 5874 1853 5935 Matth.
1881 5888 2011 5942 xvn,
2040 5871 2091 5937 Ι,
2115 5872 2170 5927 5.
