4016 6532
461 420 582 475 223-
1454 418 1511 475 S.
1553 418 1825 479 CYRILLI
1863 417 2331 495 ALEXANDRINI
2370 419 2686 476 ARCIIIEP.
3605 418 3712 474 εει

462 536 809 604 Emmanuel;
836 555 854 588 ι
881 551 1021 590 nunc
1035 534 1185 603 jubet
1203 534 1382 589 vocari
1407 552 1602 591 nomen
1619 536 1756 604 ejus,
1781 537 2042 592 Veiociter

2157 539 2529 611 Ἐμμανουήλ·
2569 560 2588 592 ι
2636 541 2968 611 προστεταχε
3000 538 3096 592 νῦν
3136 537 3418 592 καλεῖσθαι
3455 537 3512 592 τὸ
3544 537 3719 608 ὄνομα

465 630 730 698 spoliato,
781 627 900 682 Cito
943 626 1229 696 praedator.
1285 627 1367 679 Att
1417 642 1577 693 vero,
1629 626 1763 682 illud
1808 627 2037 698 primum

2157 629 2308 683 ιύτοῦ
2330 670 2345 695 ,
2401 632 2621 702 Ταχέως
2673 631 2999 697 σκύλευσον,
3072 630 3265 697 Ὀξέως
3321 630 3716 702 προνὸμευσον.

466 735 661 776 nomen
705 724 861 774 inane
898 727 984 775 est
1024 726 1079 774 et
1120 717 1356 785 irritum,
1389 719 1642 773 nimirum
1687 719 2043 774 Emmanuel?

2157 716 2265 793 Ἃρῒ
2295 716 2388 776 οῦν
2412 721 2816 792 εἰκαῖονόνομα
2844 720 2992 791 αύτῷ
3021 722 3082 774 τὸ
3111 720 3346 793 πρῶτον,
3376 720 3720 786 τοῦτ’,ἐστιν,

465 822 521 865 et
546 811 648 864 hoc
675 810 908 864 maxime
935 807 1148 864 decebit
1176 807 1444 863 Velociter
1473 810 1730 879 spoliato,
1761 811 1881 865 Cito
1908 826 2045 880 prae-

467 901 657 956 dator?
680 899 1032 971 Nequaquam
1067 901 1211 957 iStuc
1237 902 1498 969 dicimus,
1529 905 1622 958 sed
1659 902 1787 957 illud
1816 903 2044 958 dicimus

464 994 664 1063 potius.
684 992 799 1047 Mos
824 1001 907 1047 est
929 994 1225 1061 Scriptura:
1248 994 1505 1048 divinitus
1529 995 1799 1065 aspirans,
1817 995 2043 1049 diversis

467 1085 779 1140 nominibus
807 1084 1180 1141 universitatis
1209 1085 1373 1140 Demn
1401 1086 1672 1155 appellare
1702 1104 1717 1141 :
1744 1098 1797 1142 et
1821 1103 1851 1141 a
1882 1087 2043 1142 rebus

468 1191 565 1245 pro
597 1186 898 1245 temporum
927 1177 1138 1232 ratione
1165 1177 1334 1243 gestis
1363 1177 1654 1244 aliquando
1680 1176 2045 1230 ttonteuclatu-

472 1284 561 1321 ras
588 1280 715 1322 ante
742 1266 1005 1322 invenire.
1034 1267 1147 1323 [loc
1179 1269 1342 1323 etiam
1379 1269 1430 1320 in
1468 1268 1584 1336 ipso
1615 1267 1833 1323 Christo
1858 1266 2046 1321 obser—

471 1367 653 1411 vatum
685 1367 787 1412 est.
824 1357 963 1411 Deus
998 1358 1137 1412 enim
1174 1374 1334 1413 verus
1369 1367 1471 1412 est.
1508 1358 1577 1411 Et
1612 1358 1866 1426 quoniam
1905 1357 2046 1411 Deus

472 1461 661 1503 natura
707 1449 1000 1515 exsistens,
1040 1449 1212 1503 factus
1254 1457 1337 1503 est
1377 1448 1691 1512 nobiscum,
1730 1461 1912 1501 sermo
1952 1448 2044 1517 qui

472 1542 721 1611 apparuit
747 1551 931 1597 nostra
955 1542 1155 1611 specie,
1174 1542 1417 1596 denotari
1438 1541 1806 1596 Emmanuelis
1830 1541 2047 1596 nomine

471 1634 867 1702 sapientissime
901 1635 1090 1703 possit.
1122 1631 1254 1687 Dein
1288 1632 1464 1688 factus
1497 1632 1660 1688 homo
1693 1648 1814 1687 cum
1850 1637 2048 1704 despo-

474 1725 657 1780 liasset
683 1725 961 1789 Satanam,
989 1734 1041 1779 et
1073 1725 1200 1780 olim
1230 1724 1507 1795 abreptos,
1539 1728 1699 1797 eique
1733 1742 1829 1798 per
1857 1743 2049 1797 pecca-

474 1824 583 1869 tum
610 1817 928 1880 servientes,
946 1817 1013 1871 ab
1038 1817 2049 1888 illiustyratmideeripuissct,exseruit

469 1918 527 1962 et
555 1908 851 1963 declaravit
876 1908 1006 1962 illud
1040 1927 1054 1963 :
1087 1908 1362 1964 Velociter
1388 1909 1655 1979 spoliato,
1684 1908 1804 1965 Cito
1838 1911 2053 1981 praeda-
2078 1899 2122 1957 Β

474 2012 576 2055 tor.
605 1999 755 2068 Quod
783 2002 980 2065 etiam,
1012 2011 1071 2056 ut
1101 2000 1271 2066 Deus,
1303 2001 1725 2071 redemptionem
1759 2004 2048 2058 humanam

472 2091 835 2163 inexplicabili
862 2093 1061 2147 virtute
1088 2092 1429 2162 perfecturus
1457 2094 1561 2159 sit,
1587 2095 2048 2163 prmmonstravit,

472 2185 658 2241 dicens
682 2206 694 2241 :
714 2203 733 2237 ι
754 2184 1073 2256 Priusquam
1098 2188 1307 2242 noverit
1325 2202 1455 2256 puer
1473 2198 1676 2257 patrem
1699 2188 1779 2242 vel
1798 2199 2049 2257 matrem,

472 2275 682 2332 auferet
701 2278 990 2347 potentiam
1016 2279 1286 2343 Damasci,
1309 2288 1363 2334 et
1384 2279 1554 2348 spolia
1581 2279 1841 2336 Samaria:
1864 2296 2047 2335 coram

474 2385 604 2439 rege
631 2369 998 2441 Assyriorum.
1035 2390 1053 2423 ι
1091 2371 1396 2426 Altissimus
1429 2380 1512 2426 est
1545 2373 1736 2427 horum
1765 2373 2051 2428 verborum

474 2477 683 2528 sensus,
702 2462 857 2533 135
881 2473 934 2517 et
956 2464 1227 2519 enarratio
1248 2464 1525 2532 spiritalis.
1547 2466 1790 2520 Obducta
1808 2477 1891 2521 est
1907 2468 2050 2521 enim

473 2554 893 2608 obscuritatibus
916 2552 1027 2608 fere
1052 2568 1265 2623 semper
1288 2554 1465 2608 divina
1498 2555 1691 2621 oratio,
1723 2570 1822 2610 nec
1845 2571 1911 2611 ex
1942 2556 2053 2611 bis-

477 2644 614 2698 toria
644 2643 912 2714 rebusque
933 2644 1034 2699 sub
1059 2659 1277 2700 sensum
1304 2645 1625 2700 cadentibus
1653 2646 2041 2714 invenerimus,

474 2734 746 2790 Christum
776 2734 959 2789 statim
990 2744 1193 2802 natum,
1222 2736 1305 2791 vel
1344 2737 1679 2807 exspoliasse
1701 2738 2051 2806 Damascum,

474 2826 558 2881 vel
586 2826 855 2895 regionem
882 2826 1023 2897 regis
1050 2827 1396 2898 Assyriorum
1428 2867 1444 2893 ,
1490 2828 1736 2884 liberatis
1773 2831 1858 2884 his
1897 2830 1993 2900 qui
2020 2844 2052 2885 e

483 2917 732 2973 Samaria
763 2916 818 2971 in
847 2919 964 2988 ejus
993 2919 1268 2989 regionem
1298 2919 1754 2987 deportabantur.
1779 2921 1913 2978 Cum
1955 2937 2054 2977 au-

480 3018 587 3062 tem
622 3008 940 3079 spiritaliter
976 3023 1090 3063 rem
1119 3010 1522 3080 acceperimus,
1566 3020 1679 3066 tum
1726 3013 1830 3068 hoc
1885 3013 2049 3068 veris-

476 3100 674 3156 simum
710 3115 829 3156 esse
869 3100 1194 3158 videbimus.
1227 3101 1358 3157 Erat
1387 3103 1549 3172 igitur
1586 3105 1900 3169 Damascus,
1935 3106 2054 3160 sive

481 3192 639 3263 Syria
674 3195 948 3261 universa,
974 3205 1030 3250 et
1053 3195 1399 3265 Assyriorum
1438 3196 1581 3267 regio
1609 3237 1625 3263 ,
1656 3197 1866 3252 scilicet
1912 3195 2049 3254 Per-

479 3300 666 3340 sarum
718 3296 772 3342 et
825 3284 1154 3352 Medorum,
1203 3286 1358 3342 idolis
1419 3288 1608 3354 plena,
1653 3289 1853 3345 idcirco
1907 3301 2050 3346 terra

480 3378 806 3448 sculptilium
859 3380 1090 3433 vocitata
1115 3387 1217 3446 est,
1241 3379 1416 3449 inqua
1446 3380 1652 3436 scilicet
1673 3391 1831 3436 erant
1850 3381 2043 3438 altaria

478 3481 533 3526 et
567 3470 690 3526 fana
738 3469 917 3526 ubivis
960 3470 1201 3527 locorum
1227 3512 1253 3537 ,_
1290 3481 1343 3525 et
1390 3473 1478 3542 qui
1532 3472 1878 3543 frequentare
1930 3474 2053 3529 fana

481 3563 625 3617 soliti
660 3573 807 3628 sunt,
845 3563 1137 3629 falsorum,
1190 3564 1447 3634 inquam,
1492 3576 1672 3619 vatum
1725 3581 1960 3635 genera,
2003 3574 2055 3621 et

479 3655 907 3709 incantationttm
936 3655 1118 3726 periti.
1152 3653 1337 3709 Robur
1360 3667 1539 3710 autem
1570 3666 1624 3712 et
1644 3658 2045 3712 firmamentum

481 3760 671 3800 eorum
707 3761 866 3801 omne
894 3755 1047 3801 erant
1078 3747 1362 3813 daemonia,
1387 3762 1507 3818 quae
1538 3747 1733 3818 singuli
1767 3748 2040 3816 colebant,

483 3847 539 3892 et
560 3839 815 3908 princeps
846 3854 908 3892 ac
939 3839 1230 3908 praefectus
1251 3854 1436 3893 eorum
1470 3838 1719 3893 Satanas.
1756 3837 1910 3904 Quod
1950 3840 2048 3908 igi-

488 3940 574 3982 tur
596 3930 838 3986 Damasci
858 3931 1175 4000 potentiam,
1204 3931 1452 4002 regisque
1473 3931 1841 4001 Assyriorum,
1879 3930 1928 3985 id
1951 3940 2055 3996 est,

483 4020 743 4077 Satanam
775 4060 791 4087 ,
838 4029 892 4078 et
930 4023 1200 4095 improbas
1249 4040 1314 4079 ac
1356 4024 1611 4095 profanas
1660 4023 2055 4079 daemoniorum

485 4127 693 4171 turmas
719 4116 877 4171 modo
904 4132 1007 4171 nou
1037 4116 1443 4187 deprtedaturus
1473 4117 1543 4171 sit
1575 4115 1825 4170 Christus
1845 4156 1861 4183 ,
1894 4129 2057 4189 atque

484 4207 604 4279 ejus
661 4209 880 4263 servitio
940 4208 1264 4265 liberaturus
1315 4222 1412 4263 eos
1448 4208 1539 4277 qui
1599 4209 1802 4266 seducti
1852 4217 2056 4277 erant,

482 4302 650 4356 etiam
685 4312 974 4371 antequam
1006 4300 1074 4356 ad
1115 4315 1232 4356 eam
1281 4309 1494 4355 mtatem
1538 4301 1842 4371 pertigerit,
1888 4317 2056 4372 quam

486 4407 697 4464 acquum
727 4405 832 4459 est,
869 4393 1011 4449 scire
1035 4409 1195 4464 posse
1226 4403 1434 4462 patrem
1468 4409 1531 4448 ac
1556 4404 1783 4448 matrem
1808 4410 2004 4450 vocare
2040 4434 2057 4462 ,

485 4485 781 4540 declaravit
808 4500 930 4541 cum
958 4486 1074 4540 ait:
1119 4503 1137 4537 ι
1176 4484 1492 4555 Priusquam
1528 4486 1665 4541 sciat
1698 4501 1831 4555 puer
1850 4500 2051 4541 vocare

2154 814 2530 886 Ἐμμα-νουήλ;
2562 816 2760 886 πρέποι
2780 816 2823 869 δ’
2846 816 2908 869 ἂν
2930 817 3012 869 ὅτι
3042 816 3278 888 μάλιστά
3299 832 3362 883 γε
3388 814 3471 878 τὸ,
3494 816 3721 886 Ταχέως

2144 906 2457 971 σκύλευσον,
2500 905 2696 972 Ὀξέως
2752 909 3155 978 προνόμευσον;
3207 908 3280 961 Ού
3311 906 3472 960 τοῦτό
3513 923 3719 976 φαμεν,

2144 999 2320 1052 ἐκεῖνο
2350 998 2415 1053 δὲ
2441 998 2662 1069 μᾶλλον.
2704 998 2865 1063 Ἔθος
2897 1003 2964 1071 τῇ
2999 998 3338 1070 θεοπνεύστῳ
3370 999 3569 1071 Γραφῇ»
3600 998 3723 1052 δια⁴

2145 1090 2332 1162 φόροις
2358 1091 2581 1162 ὀνόμασι
2635 1091 2726 1143 τὸν
2754 1091 2860 1143 τῶν
2892 1091 3058 1145 ὄντων
3090 1091 3223 1146 Θεὸν
3273 1090 3589 1154 ἀποκαλεῖν,
3621 1089 3724 1144 καὶ

2142 1180 2219 1244 ὡς
2267 1181 2375 1235 ἀπό
2405 1198 2468 1250 γε
2518 1181 2626 1234 τῶν
2678 1180 2819 1234 κατὰ
2864 1182 3088 1253 καιροὺς
3138 1181 3431 1253 δρωμένων
3462 1180 3580 1233 ἔσθ’
3626 1180 3723 1233 ὅτε

2147 1273 2525 1341 προσεπινοείν
2557 1272 2654 1336 τὰς
2699 1273 2939 1343 κλήσεις.
2986 1272 3156 1325 Τοῦτο
3182 1273 3474 1342 τετήρηται
3504 1272 3597 1325 καὶ
3629 1271 3724 1323 ἐπ’

2145 1363 2311 1419 αὑτοῦ
2357 1362 2447 1417 τοῦ
2501 1364 2756 1435 Χριστοῦ.
2812 1364 2943 1428 Θεὸς
2982 1365 3095 1436 ,γάρ
3139 1366 3283 1417 ἐστιν
3315 1363 3588 1433 ἀληθινὸς,
3625 1363 3723 1418 καὶ

2146 1456 2228 1507 ὅτι
2259 1455 2355 1525 μὲν
2404 1454 2534 1518 Θεὸς
2566 1452 2640 1507 ὢν
2673 1453 2853 1522 φύσει,
2880 1454 3068 1523 γέγονε
3104 1452 3221 1523 μεθ’
3267 1452 3422 1523 ἡμῶν
3460 1454 3489 1505 ὁ
3519 1452 3718 1519 Λόγος,

2147 1548 2222 1601 ὅτ’
2254 1547 2491 1615 ἐπέςρηνε
2538 1546 2660 1599 καθ’
2698 1546 2865 1615 ἡμᾶς,
2920 1544 3317 1615 κατασημαίνει
3368 1543 3468 1612 μὲν
3514 1542 3582 1596 ἂν
3623 1545 3720 1597 καὶ

2152 1639 2297 1710 μάλα
2348 1638 2533 1706 σαφῶς
2559 1638 2673 1704 τδ,.
2702 1637 3063 1708 Ἐμμανουήλ.
3124 1636 3342 1707 Ἐπειδὴ
3387 1637 3442 1689 δὲ
3496 1637 3716 1705 γέγονεν

2150 1718 2455 1799 ἄνθρωπος,
2518 1728 2808 1782 ἐσκύλευσε
2861 1728 2951 1781 τὸν
2998 1728 3269 1790 Σατανᾶν,
3322 1727 3416 1779 καὶ
3469 1727 3573 1798 μὴν
3626 1726 3737 1780 καὶ-

2152 1821 2384 1888 ὲξείλετο
2411 1823 2509 1892 τῆς
2540 1820 2746 1874 ἐκείνου
2781 1820 3097 1890 σκαιότητος
3136 1821 3261 1881 τοὺς
3290 1818 3457 1873 πάλαι
3483 1819 3725 1888 διηρπα-

2152 1913 2403 1984 σμένους,
2442 1914 2536 1966 καὶ
2566 1912 2913 1975 δουλεύοντας
2961 1910 3108 1982 αύτῷ
3159 1910 3246 1964 διὰ
3283 1913 3382 1981 τῆς
3428 1909 3722 1981 ἁμαρτίας,

2150 2004 2434 2068 ὲκδείξειεν
2461 2003 2525 2057 ἂν
2558 2004 2618 2057 τὸ
2638 2045 2653 2070 ,
2690 2004 2911 2075 Ταχέως
2947 2004 3258 2067 σκύλευσον,
3303 2002 3494 2069 Ὀξέως
3523 2000 3727 2071 προνό-

2154 2113 2370 2168 μευσον.
2407 2096 2530 2149 Ὀτι
2576 2096 2632 2151 δὲ
2677 2096 2752 2160 ὡς
2803 2095 2934 2160 Θεὸς
2964 2097 3224 2166 ἁφράστῳ
3252 2095 3475 2163 δυνάμει
3526 2109 3730 2164 κατορο

2152 2188 2277 2244 θοῦν
2312 2188 2503 2261 ἔμελλε
2528 2188 2635 2242 τῶν
2665 2188 2759 2242 ἐπὶ
2782 2189 2883 2260 γῆς
2905 2188 3003 2259 τὴν
3031 2186 3297 2257 λύτρωσιν
3326 2183 3727 2254 προαναφαίνει

2151 2283 2325 2352 λέγων
2345 2300 2358 2312 ·
2400 2300 2420 2333 ι
2453 2281 2596 2337 Διότι
2654 2281 2786 2353 πρὶν
2833 2280 2871 2351 ἦ
2910 2279 3110 2349 γνῶναι
3164 2278 3225 2331 τὸ
3280 2276 3487 2330 παιδίον
3539 2276 3727 2330 καλεῖν

2153 2373 2420 2445 πατέραῆ
2457 2374 2686 2444 μητέρα,
2729 2372 2963 2443 λήψεται
3006 2370 3234 2441 δύναμιν
3278 2367 3588 2436 Δαμασκοῦ,
3633 2366 3732 2420 καὶ

2154 2465 2328 2519 σκύλα
2360 2464 2693 2535 Σαμαρείας,
2726 2463 3014 2517 κατέναντι
3043 2460 3304 2531 βασιλέως
3342 2460 3661 2530 Ἀσσυρίων.
3705 2477 3727 2510 ι

2152 2556 2332 2621 Βαθὺς
2381 2556 2436 2609 δὲ
2489 2555 2703 2626 σφόδρα
2742 2555 2848 2608 τῶν
2897 2552 3269 2623 προκειμένων
3333 2552 3361 2603 ὁ
3430 2548 3574 2613 νοῦς,
3633 2550 3737 2603 καὶ

2153 2648 2521 2718 πνευματικὸν
2555 2646 2616 2700 τὸ
2647 2648 2909 2718 διήγημα.
2947 2644 3270 2716 Κέκρυπται
3299 2640 3407 2712 γὰρ
3441 2638 3737 2709 ἀσαφείαις

2153 2739 2242 2793 άεί
2287 2755 2404 2801 πως
2455 2740 2483 2791 ὁ
2527 2739 2667 2800 θεῖος
2712 2736 2899 2808 λόγος’
2931 2735 3029 2803 οὐχ
3074 2734 3378 2805 εὑρήσομεν
3408 2733 3517 2800 γὰρ
3548 2730 3623 2792 ὡς
3672 2730 3761 2783 ἐν.

2155 2831 2366 2902 ἱστορίᾳ
2390 2847 2448 2883 τε
2473 2829 2566 2883 καὶ
2596 2830 2654 2883 ὲν
2678 2828 2953 2898 αἰσθητοῖς
2981 2826 3318 2898 πράγμασιν,
3342 2825 3422 2877 ὅτι
3450 2820 3741 2892 γεννηθεὶς

2154 2923 2317 2987 εὐθὺς
2353 2923 2382 2976 ὁ
2410 2921 2663 2993 Χριστὸς,
2684 2920 2724 2991 ,ἢ
2754 2919 2851 2991 τὴν
2876 2917 3164 2990 Δαμασκὸν
3193 2915 3538 2981 ἐσκύλευσεν,
3568 2914 3602 2985 ἦ
3631 2912 3763 2984 τὴνο

2153 3014 2338 3087 χώραν
2374 3014 2468 3069 τοῦ
2519 3013 2783 3085 βασιλέως
2828 3010 2937 3065 τῶν
2980 3009 3318 3082 Ἀσσυρίων,
3368 3006 3738 3079 λυτρούμενος

2153 3107 2280 3167 τοὺς
2312 3106 2376 3158 ὲκ
2431 3104 2530 3174 τῆς
2560 3102 2870 3179 Σαμαρείας
2916 3101 2996 3165 εἰς
3040 3100 3136 3172 τὴν
3171 3099 3375 3152 ἐκείνου
3408 3098 3592 3169 χώραν
3626 3096 3741 3153 ἁπ-

2154 3195 2569 3268 ενηνεγμένους.
2608 3196 2774 3253 Ὅταν
2815 3193 2872 3247 δὲ
2901 3193 3103 3265 νοητῶς
3149 3190 3487 3262 ἐκλάϐωμεν,
3516 3189 3640 3242 τότε
3663 3188 3746 3260 ,δὴ

2107 3274 2125 3297 ⁸
2157 3288 2373 3348 πάντως
2399 3287 2459 3340 τὸ
2504 3285 2700 3355 ἀληθὲς
2730 3285 2991 3356 ὀψόμεθα.
3023 3284 3230 3339 υύκοῦν
3332 3300 3391 3336 τε
3422 3280 3741 3352 Δαμασκὺς,

2156 3378 2321 3450 ἤγουν
2345 3376 2514 3450 Συρία
2544 3379 2713 3441 πᾶσα,
2749 3376 2844 3435 καὶ
2874 3375 2980 3446 μὴν
3012 3377 3046 3446 ἡ
3090 3375 3198 3429 τῶν
3236 3372 3537 3444 Ἀσσυρίων
3559 3371 3740 3443 χώρα,

2155 3474 2298 3527 τοῦτ’
2334 3473 2501 3537 ἔστιν,
2549 3474 2582 3545 ἡ
2636 3471 2861 3543 Περσῶν
2904 3488 2965 3523 τε
3023 3471 3117 3524 καὶ
3164 3469 3361 3540 Μήδων
3419 3466 3747 3539 μεμέστωτο

2159 3566 2257 3637 μὲν
2303 3563 2566 3619 εἰδώλων·
2601 3565 2703 3621 καὶ.
2729 3563 2817 3617 διὰ
2843 3563 3002 3616 τοῦτο
3044 3561 3306 3631 κέκληται
3345 3559 3419 3630 γῆ
3469 3559 3573 3611 τῶν
3610 3557 3743 3627 γλυο

2159 3658 2339 3711 πτῶνο
2387 3652 2527 3730 ἦσαν
2568 3657 2678 3727 γὰρ
2713 3656 2887 3726 βωμοὶ
2935 3655 3030 3709 καὶ
3074 3654 3273 3726 τεμένη
3309 3649 3605 3722 πανταχοῦ,
3628 3648 3755 3702 οιαὶ-

2156 3750 2207 3801 οἱ
2237 3750 2348 3811 τοῖς
2394 3746 2691 3818 τεμένεσιν
2724 3748 3120 3818 ὲ-μφιλοχωρεῖν
3167 3744 3445 3807 εἰωθότες,
3503 3740 3644 3813 φημὶ
3673 3739 3744 3810 δὴ

2158 3837 2226 3891 τὰ
2264 3835 2373 3890 τῶν
2404 3835 2821 3906 ψευδομάντεων
2868 3834 3022 3905 γένη,
3057 3834 3149 3888 καὶ
3191 3828 3271 3895 οἷς
3324 3836 3357 3902 ἡ
3386 3831 3562 3900 τέχνη,
3603 3827 3745 3899 πρὸς

2158 3928 2433 3997 γοήτειαν.
2465 3926 2623 3980 Πᾶσα
2674 3925 2731 3979 δὲ
2779 3925 2982 3978 τούτων
3025 3925 3058 3997 ἡ
3099 3922 3328 3992 δύναμις
3377 3916 3467 3994 ἦν,
3499 3920 3566 3972 τὰ
3610 3919 3749 3985 παρ’

2158 4019 2408 4082 ἑκάστοις
2437 4018 2846 4091 θρησκευόμενα
2876 4016 3148 4087 δαιμόνια,
3167 4014 3259 4068 καὶ
3290 4013 3318 4067 ὁ
3345 4011 3548 4067 τούτων
3576 4007 3755 4078 ἡγού-

2161 4125 2321 4179 μενος
2354 4110 2616 4173 Σατανᾶς.
2649 4109 2779 4167 Ὅτε
2808 4106 2987 4160 τοίνυν
3009 4104 3201 4176 ἔμελλε
3230 4105 3330 4175 τήν
3362 4120 3420 4156 τε
3451 4097 3756 4172 Δαμασκοῦ

2158 4199 2407 4270 δύναμιν,
2445 4199 2539 4252 καὶ
2579 4198 2684 4270 μὴν
2718 4199 2812 4251 καὶ
2848 4197 2947 4267 τὴν
2975 4196 3067 4248 τοῦ
3103 4193 3365 4264 βασιλέως
3395 4190 3498 4244 τῶν
3540 4189 3751 4242 Ἀσσυ-

2162 4297 2323 4368 ρίων,
2371 4292 2514 4347 τοῦτ’
2562 4290 2812 4351 ἐστιτὸν
2857 4289 3100 4342 Σατανᾶν
3151 4286 3246 4340 καὶ
3289 4284 3356 4338 τὰ
3402 4283 3613 4353 πονηρὰ
3652 4286 3755 4339 καὶ⁵

2162 4389 2366 4465 βέϐηλα
2394 4386 2501 4441 τῶν
2528 4384 2819 4455 δαιμονίων
2856 4382 3039 4453 στίφη,
3077 4379 3361 4451 μονονουχὶ.
3405 4377 3755 4446 καταληῒσα-

2161 4480 2286 4535 σθαι
2315 4475 2569 4550 Χριστὸς,
2588 4526 2597 4539 ,ν
2625 4472 2929 4538 ἀπαλλάξαι
2967 4489 3026 4526 τε
3054 4471 3154 4543 τῆς
3188 4468 3279 4524 ὑπ’
3323 4467 3471 4540 αὐτῷ
3508 4467 3759 4531 δουλείας

486 4588 694 4647 patrem
722 4577 804 4632 vel
834 4589 1084 4642 matrem,
1123 4579 1422 4647 potentiam
1464 4577 1711 4632 Damasci
1762 4577 1994 4632 auferet.
2035 4595 2053 4627 ι

2164 4573 2290 4636 τοὺς
2317 4569 2733 4641 ἠπατημένους,
2766 4567 2861 4619 καὶ
2899 4564 3029 4636 πρὶν
3064 4561 3278 4633 ἡλικίας
3312 4560 3630 4631 σωματικῆς
3669 4561 3759 4623 είς

488 4669 730 4737 Auferet,
763 4684 882 4738 pro,
918 4669 1351 4740 depopnfabitur.
1384 4668 1605 4722 Auferet
1632 4670 1759 4722 item
1792 4676 1846 4722 et
1876 4668 2051 4736 spolia

493 4761 778 4826 Samaria,
809 4764 861 4818 id
892 4772 995 4827 est,
1033 4762 1276 4832 captivos
1324 4761 1539 4829 eripiet,
1598 4774 1695 4827 pro
1747 4759 1853 4813 illis
1891 4760 2052 4826 depu-

489 4868 684 4925 gnans.
718 4855 912 4911 Coram
945 4870 1067 4926 rege
1096 4856 1464 4926 Assyriorum,
1493 4852 1698 4907 scilicet
1725 4849 2065 4927 intelligibili,

491 4946 748 5002 videlicet
803 4946 1026 5003 Satana.
1059 4945 1109 5002 Is
1158 4947 1303 5000 enim
1331 4953 1451 5000 erat
1506 4941 1749 4998 Damasci
1806 4949 1859 4996 et
1900 4942 2070 5015 Syria:

493 5040 756 5110 potentia.
800 5039 1073 5096 Idolorum
1116 5048 1295 5093 autem
1344 5036 1582 5092 cultores
1628 5051 1840 5090 omnem
1894 5036 1945 5089 in
1983 5050 2070 5090 se-

495 5132 631 5203 ipsis
664 5132 861 5188 salutis
891 5146 1041 5202 spem
1068 5131 1292 5194 habere,
1344 5138 1399 5183 et
1444 5127 1743 5191 Christum,
1773 5142 1931 5195 quam
1958 5128 2070 5197 pri-

498 5240 643 5280 mum
677 5234 837 5280 natus
882 5233 1010 5288 est,
1058 5233 1115 5278 et
1143 5222 1407 5290 spoliasse
1461 5219 1719 5274 Satanam
1778 5220 1933 5275 facile
1977 5230 2064 5276 cst

497 5320 701 5374 videre.
732 5317 934 5374 Scribit
982 5318 1125 5370 enim
1155 5315 1441 5370 Mattbtnus
1472 5333 1485 5367 :
1524 5334 1542 5366 ι
1579 5316 1715 5371 Cum
1754 5330 1881 5369 vero
1915 5314 2071 5371 Jesus

498 5421 657 5464 natus
688 5419 832 5465 esset
891 5408 943 5460 in
994 5406 1266 5461 Bethleem
1312 5404 1510 5460 Juda‘az
1568 5408 1757 5461 diebus
1800 5408 2069 5474 llerodis,

498 5520 626 5559 ecce
646 5502 784 5572 Magi
821 5502 889 5554 ab
918 5497 1138 5555 Oriente
1168 5511 1433 5556 venerunt
1468 5501 1834 5573 Hierosolyma
1882 5504 2066 5556 dicen-

500 5610 580 5655 tes
615 5617 630 5654 :
662 5595 763 5652 Ubi
787 5595 983 5666 estqui
1038 5603 1198 5649 natus
1240 5602 1322 5650 est
1375 5611 1470 5650 rex
1515 5593 1866 5650 Jttd;eorttm?
1922 5594 2075 5649 Vidi—

499 5700 622 5746 mus
655 5686 799 5743 enim
834 5688 1002 5758 ipsius
1028 5688 1233 5743 stellam
1282 5689 1332 5744 in
1376 5688 1617 5755 Oriente,
1661 5700 1714 5744 et
1742 5689 1987 5743 venimus
2016 5698 2074 5739 ut

498 5780 791 5835 adoremus
820 5793 941 5833 eum
981 5777 1046 5833 δ’.
1088 5797 1103 5830 ι
1142 5778 1446 5835 Adoraruut
1482 5795 1626 5849 ergo,
1656 5789 1707 5836 ct
1736 5779 2077 5835 adduxerunt

568 5896 619 5929 ⁸⁸
640 5896 827 5958 Matth.
855 5912 912 5964 ll,
944 5897 993 5955 l.

2160 4667 2319 4722 τοῦτο
2373 4663 2567 4723 ἐλθεῖν,
2601 4654 2744 4739 ᾗπερ
2792 4658 2858 4713 ἂν
2892 4657 3089 4728 πρέποι
3137 4655 3198 4709 τὸ
3245 4655 3442 4713 εἰδέναι
3490 4653 3757 4710 δύνασθαι

2164 4757 2344 4813 καλεῖν
2378 4752 2587 4826 πατέρα
2614 4750 2649 4822 ἦ
2686 4749 2920 4822 μητέρα,
2942 4747 3266 4817 διεσάφησεν
3303 4743 3505 4798 εἰπών·
3552 4762 3570 4793 ι
3607 4745 3758 4797 Διότι

2166 4848 2297 4919 πρὶν
2324 4848 2357 4919 ἢ
2396 4845 2596 4916 γνῶναι
2623 4844 2683 4897 τὸ
2710 4842 2917 4896 παιδίον
2949 4839 3135 4894 καλεῖν
3167 4838 3381 4907 πατέρα
3425 4836 3458 4908 ἦ
3509 4836 3754 4913 μητέρα,

2165 4941 2393 5014 λήψεται
2443 4939 2542 5009 τὴν
2581 4936 2810 5007 δᾶναμιν
2844 4930 3156 5005 Δαμασκοῦ.
3200 4951 3218 4983 ι
3258 4930 3331 4984 Τὸ
3359 4930 3441 4995 δὲ,
3484 4931 3758 5000 Λήψεται.

2171 5036 2291 5089 ἀντὶ
2313 5031 2429 5093 τοῦ,
2473 5028 2830 5102 Χειρώσεται.
2883 5025 3128 5097 Λήψεται
3173 5022 3229 5076 δὲ
3290 5021 3491 5094 ὁμοίως
3540 5022 3635 5076 καὶ
3684 5021 3761 5075 τά

2176 5128 2347 5183 σκῦλα
2409 5123 2743 5196 Σαμαρείας.
2813 5121 2970 5174 Τοῦτ’
3027 5118 3210 5183 ἔστιν,
3267 5114 3563 5180 ἀπαλλάξει
3629 5116 3759 5179 τοὺς

2176 5218 2550 5293 αἰχμαλώτους
2581 5215 2895 5285 πολεμήσας
2930 5210 3070 5282 ὑπὲρ
3104 5207 3302 5263 αὐτῶν.
3348 5207 3758 5265 ’Λπέναντι.τοῦ

2179 5309 2439 5383 βασιλέως
2481 5303 2799 5375 Ἀσσυρίων.
2832 5301 2939 5354 Τοῦ
2987 5297 3179 5367 νοητοῦ
3217 5297 3482 5368 δηλονότι,
3517 5297 3662 5367 φημὶ
3691 5296 3757 5367 δὴ

2174 5402 2269 5456 τοῦ
2297 5399 2528 5452 Σατανᾶ.
2577 5393 2747 5457 Αὐτὸς
2780 5392 2888 5462 γὰρ
2917 5387 2984 5462 ἦν
3016 5389 3110 5443 καὶ
3226 5388 3535 5459 Δαμασκὸς,
3586 5387 3679 5443 καὶ
3722 5387 3757 5457 ἡ

2179 5493 2376 5564 Συρίας
2411 5490 2658 5558 δύναμις.
2693 5486 2811 5538 Ὅτι
2843 5482 2936 5536 καὶ
2964 5483 3013 5534 οἱ
3040 5481 3150 5534 τῶν
3181 5478 3416 5533 εἰδώλων
3448 5493 3760 5549 προσκυνη-

2179 5586 2270 5640 ταὶ
2314 5585 2493 5637 πᾶσαν
2521 5579 2734 5650 ἔχουσιν
2772 5575 2859 5629 ἐπ’
2885 5574 3066 5636 αὐτοῖς
3104 5572 3201 5643 τὴν
3240 5571 3337 5642 τῆς
3375 5569 3646 5640 σωτηρίας
3672 5567 3760 5619 ἐλ-

2183 5678 2310 5730 πίδα
2337 5692 2351 5704 '
2384 5663 2513 5727 Ὀτι
2541 5671 2598 5724 δὲ
2648 5667 2971 5721 ἐσκύλευσεν
3020 5667 3049 5717 ὁ
3075 5660 3309 5735 Χριστὸς
3346 5661 3438 5715 τὸν
3487 5659 3755 5722 Σατανᾶν,

2184 5766 2577 5840 γεγεννημένος
2603 5763 2784 5830 εὐθὺς,
2815 5758 3194 5827 ἀταλαίπωρον
3234 5756 3380 5810 ἰδεῖν.
3412 5753 3617 5825 Γράφει
3648 5750 3759 5824 τὰρ
