4016 6472
488 278 593 333 227

1475 282 1532 337 S.
1574 281 1849 337 (ZYlilLLI
1882 281 2351 337 ALEXANDRINI
2391 283 2706 339 ABCIHEP.

3625 291 3731 352 9.23

492 396 639 460 tolle,
670 397 924 469 cruciﬁge
952 413 1098 454 eum.
1133 419 1152 452 ι
1182 400 1273 454 llle
1302 408 1478 454 autem
1508 414 1631 455 cum
1665 403 1732 456 ad
1758 403 1873 457 haec
1889 417 2031 471 ιιι-ομ

2158 403 2252 456 καὶ
2279 402 2338 456 τὸ
2361 403 2441 457 ἔτι
2467 403 2668 459 τούτων
2703 407 2959 461 ἐπέκεινα
2984 408 3118 478 πρὸς
3139 408 3201 462 τὸ
3232 408 3510 473 δυσσεϐὲς.
3552 412 3730 482 Προσ-

490 487 673 542 ridens
703 489 909 544 diceret
946 504 961 540 :
998 491 1195 560 Regem
1248 502 1484 545 vestrum
1524 492 1834 560 cruciﬂgatn
1866 494 1889 547 ?
1948 494 2055 548 Ex-

487 579 793 635 clatnarunt
838 581 1126 637 dicentes:
1167 600 1185 633 ι
1235 582 1351 637 Νοιι
1418 587 1683 639 habemus
1729 600 1907 655 regem
1951 587 2054 641 nisi

487 670 754 725 Caesarem
819 672 884 727 ".
929 692 947 725 ι
977 670 1110 729 Vide
1138 677 1322 745 itaque
1368 695 1478 748 quo
1536 690 1694 749 pacto
1730 682 1849 751 ejus
1887 695 2054 749 regno

487 777 680 829 parere
716 766 1041 829 recusarint,
1082 777 1137 821 et
1184 767 1456 824 Cmsarem
1499 787 1565 826 ac
1605 774 1852 829 homines
1900 789 2054 843 reges

484 856 741 908 crearint.
772 856 957 926 Itaque
995 859 1096 913 hoc
1129 861 1470 929 aenigmatice
1518 861 1658 918 Deus
1704 867 2050 935 perspicuum

483 960 546 998 ac
585 953 841 1000 testatum
868 950 1146 1017 propheta:
1172 950 1321 1006 facit.
1351 952 1483 1006 Cum
1515 970 1666 1021 vero,
1709 968 1767 1010 ut
1793 957 2048 1025 arbitror,

481 1036 896 1105 explicationem
945 1041 1214 1096 sermonis
1279 1043 1437 1111 hujus
1488 1047 1648 1099 rebus
1708 1057 1819 1102 tum
1881 1051 2050 1116 gestis

480 1132 946 1185 accommodatam
979 1133 1174 1190 aﬂ'erre
1208 1148 1634 1193 consentaneum
1666 1140 1737 1194 sit
1768 1159 1784 1195 :
1822 1143 2051 1200 dicimus

477 1236 631 1289 aqua:
662 1222 867 1276 Siloam
903 1240 1024 1279 eum
1056 1243 1278 1297 regnum
1307 1230 1546 1285 divinum
1578 1232 1829 1288 conferre
1849 1275 1864 1301 ,
1902 1238 2046 1304 quod

478 1313 568 1367 ubi
611 1317 1286 1387 contempsissentJuda-i,
1315 1322 1469 1376 alteri
1529 1325 1942 1390 subdebantur,
1992 1336 2048 1383 et

414 1445 421 1449 .
482 1403 1122 1464 tradebanturhostibus.
1156 1410 1291 1465 llinc
1312 1414 1425 1465 ait:
1460 1431 1480 1463 ι
1510 1412 1771 1479 Quoniam
1797 1433 1902 1470 non
1934 1419 2047 1474 vult

477 1497 707 1564 populus
744 1499 845 1551 iste
880 1516 1071 1567 aquam
1111 1502 1311 1555 Siloam
1358 1503 1608 1559 ﬂuentem
1668 1506 1897 1575 placide,
1948 1513 2046 1566 sed

475 1588 675 1644 habere
709 1594 912 1646 mavult
960 1592 1224 1659 Raasson,
1260 1604 1315 1649 et
1347 1596 1513 1650 lilium
1556 1598 1813 1656 Romelia:
1865 1618 2043 1672 regem

475 1680 616 1736 inter
648 1697 758 1745 vos,
786 1694 1068 1751 propterea
1123 1699 1250 1739 ecce
1299 1687 1512 1741 reducit
1556 1688 1815 1746 Dominus
1854 1692 1909 1746 in
1945 1708 2065 1749 vos.

471 1787 660 1840 aquam
707 1772 852 1828 ﬂuvii
885 1775 1260 1830 vehementem
1310 1788 1366 1833 et
1420 1780 1812 1846 abundantem,
1862 1799 2039 1854 regem

468 1865 839 1933 Assyriorum.
881 1886 898 1919 ι
943 1870 1151 1937 Aquam
1183 1868 1387 1924 Siloam
1436 1872 1574 1926 adeo
1616 1874 1828 1942 placide
1875 1873 2042 1931 ﬂuere

471 1956 682 2020 dicunt,
724 1967 780 2010 ut
806 1958 989 2025 quiete
1016 1960 1133 2013 sine
1183 1962 1333 2015 omni
1380 1964 1559 2017 sOnitu
1602 1967 2037 2033 prteterlabatur.

466 2043 712 2101 Vertitur
748 2059 927 2103 autem
958 2048 1160 2104 Siloam
1188 2051 1404 2107 missus.
1439 2053 1621 2123 Itaque
1644 2094 1660 2119 ,
1689 2062 1748 2109 ut
1768 2056 1878 2125 jam
1906 2059 2038 2125 dixi,

466 2138 784 2191 smniturut
817 2141 888 2193 sit
916 2140 1091 2210 imago
1145 2150 1202 2196 et
1248 2147 1654 2212 reprarsentatio
1706 2152 1874 2202 nostri
1914 2147 2040 2204 Scr-

467 2231 681 2282 vatoris-
704 2232 991 2296 adventus,
1018 2233 1110 2302 qui
1145 2233 1353 2303 absque
1376 2238 1523 2291 omni
1560 2254 1836 2296 murmure
1869 2242 2038 2295 exsti-

471 2322 556 2382 tit,
596 2336 652 2372 ιιι
707 2323 864 2375 modo
904 2322 1038 2376 dixi.
1096 2322 1294 2380 Missus
1352 2338 1532 2380 autem
1573 2343 1700 2383 vere
1743 2329 2034 2395 Chrisms;

470 2412 826 2476 quamobrem
857 2412 1172 2480 Apostolunt
1226 2427 1282 2469 et
1311 2414 1628 2472 Pontiiieem
1673 2421 2037 2479 confessionis

464 2513 663 2555 nostra:
707 2504 924 2571 sapiens
965 2504 1162 2560 Paulus
1204 2508 1447 2564 nominat
1473 2513 1560 2577 ⁵⁶;
1668 2516 1866 2584 accipit
1905 2518 2033 2572 item

462 2608 558 2660 pro
616 2594 852 2663 imagine
907 2606 962 2649 et
1016 2608 1141 2667 typo
1178 2600 1330 2668 regni
1379 2602 1469 2656 Dei
1519 2603 1745 2660 Siloam.
1799 2606 2037 2664 Proinde

467 2684 903 2752 quandoquidem
924 2687 1152 2753 pOpulus
1178 2687 1279 2743 iste
1296 2690 1593 2745 obduratus
1621 2702 1673 2746 et
1709 2693 2030 2759 eli'renatus,

459 2790 656 2843 aquam
712 2776 915 2831 Siloam
968 2778 1162 2832 leniter
1211 2778 1465 2834 ﬂuentem
1497 2786 1723 2852 respuit
1753 2825 1769 2850 ,
1829 2788 2036 2839 excutit

459 2868 601 2919 cnitn
632 2866 725 2920 Dei
744 2867 954 2936 jugntn,
988 2870 1266 2938 magisque
1293 2873 1437 2939 cupit
1460 2872 1739 2928 hominum
1760 2892 1925 2945 regno
1945 2893 2037 2930 su-

466 2959 643 3020 besse,
675 2969 801 3012 etut
827 2960 1073 3014 homines
1097 2962 1330 3017 habendi
1352 2965 1643 3033 cupiditate
1671 2967 1984 3020 inilatnmati
2013 2986 2028 3022 :

461 3049 988 3122 Raasson,inquam,
1006 3063 1062 3109 et
1093 3052 1302 3110 Phasce
1330 3058 1432 3112 sibi
1464 3059 1809 3115 dominentur
1839 3079 1852 3114 :
1889 3062 2028 3115 hanc

456 3143 524 3195 ob
547 3157 766 3197 causam
798 3184 815 3212 ,
850 3144 901 3198 in
927 3160 1022 3201 eos
1057 3162 1252 3217 aquam
1291 3148 1459 3217 ﬂuvii,
1495 3155 1545 3206 id
1579 3164 1684 3222 est,
1738 3156 2029 3223 Euphratis

458 3236 768 3292 immittam.
824 3239 1039 3294 Atcum
1081 3242 1257 3298 oratio
1286 3244 1580 3301 involutior
1612 3249 1722 3312 sit,
1775 3248 2028 3316 adjunxit

456 3343 619 3398 porro
657 3331 866 3396 statim,
916 3340 971 3386 et
998 3332 1213 3401 inquit:
1249 3349 1430 3404 regem
1490 3338 1771 3406 Assyrium
1811 3350 1868 3393 et
1911 3340 2028 3409 glo-

458 3423 591 3475 riam
616 3421 752 3487 ejus,
774 3422 825 3474 id
843 3434 949 3489 εει,
972 3441 1159 3480 omnes
1179 3427 1421 3482 subditos
1442 3428 1579 3496 ejus,
1598 3440 1649 3481 et
1666 3445 1880 3485 omnem
1899 3446 1998 3502 gen
2013 3463 2028 3474 -

459 3529 565 3567 rem
600 3513 869 3568 cervicem
889 3517 969 3571 eis
983 3520 1431 3573 substernentem.
1461 3521 1631 3588 Aquae
1653 3536 1781 3577 vero
1811 3539 2028 3592 compa-

458 3614 542 3660 rat
567 3607 959 3664 maltitudinem
990 3649 1005 3673 ,
1036 3611 1192 3681 idque
1220 3628 1286 3667 ex
1318 3627 1466 3666 more
1498 3613 1753 3668 divinitus
1775 3616 2027 3684 aspirata:

454 3697 764 3765 Scriptnrze.
792 3699 954 3771 138
982 3700 1257 3771 Siquidem
1286 3704 1351 3758 de
1384 3702 1573 3758 Ninive
1600 3713 1655 3758 et
1686 3705 2025 3761 multitudine

442 3789 988 3860 ejusinnunterabili.
1016 3794 1145 3848 dicit
1166 3808 1297 3847 voce
1325 3794 1704 3863 prophetarum
1734 3810 1750 3850 :
1781 3815 1801 3848 ι
1836 3797 1900 3850 Et
1929 3799 2022 3852 Ni-

453 3894 575 3934 ntve
604 3881 747 3935 velut
772 3884 973 3949 piscina
1001 3900 1287 3954 aquarum,
1311 3901 1465 3955 aqua:
1480 3887 1596 3956 ejus
1619 3887 1688 3941 ⁸⁷.
1718 3911 1737 3940 ι
1765 3889 2023 3944 lmmora-

455 3980 541 4026 tur
568 3984 744 4028 autem
776 3979 825 4029 itt
882 3979 1271 4042 translatione,
1314 3986 1369 4029 et
1403 3987 1657 4045 tanquam
1691 3980 1758 4034 de
1791 3983 1932 4036 unda
1968 3992 2024 4038 et

444 4063 614 4120 ﬂuvio
641 4067 767 4121 dicit
794 4084 808 4120 :
834 4088 850 4119 ι
873 4069 933 4123 Et
966 4070 1219 4125 ascendet
1241 4069 1293 4122 in
1318 4084 1529 4124 onmem
1549 4072 1740 4125 vallem
1764 4085 2017 4141 vestram,

447 4167 501 4210 et
533 4160 924 4226 perambulabit
950 4175 1166 4215 onmem
1194 4176 1405 4214 murum
1436 4173 1701 4229 vestrum,
1730 4174 1786 4219 et
1811 4165 2019 4219 auferet

447 4265 477 4304 a
510 4249 693 4306 Judaca
719 4254 990 4308 hominem
1021 4252 1112 4321 qui
1141 4265 1301 4324 caput
1332 4255 1511 4311 levare
1535 4259 1750 4327 poterit,
1782 4272 1874 4313 aut
1901 4260 2016 4313 eiii-

444 4356 570 4397 eere
605 4344 829 4413 aliquid.
870 4347 933 4398 Et
965 4353 1316 4400 eruntcastra
1349 4346 1485 4415 ejus,
1515 4358 1573 4401 ut
1598 4349 1910 4405 latitudines
1934 4366 2019 4404 re-

2046 3109 2097 3165 Ε

2157 494 2288 564 ἦγον
2343 496 2440 565 μὲν
2498 499 2605 569 γάρ
2635 497 2712 568 τῷ
2743 498 2960 569 Πιλάτῳ
3011 499 3279 567 λέγοντεςο
3332 520 3350 553 ι
3378 498 3533 572 Αἶρε,
3565 499 3687 575 αἶρε
3710 543 3726 567 ,

2158 585 2470 656 σταύρωσον
2484 588 2664 642 αὐτόν.
2692 607 2711 640 ι
2747 590 2985 642 Ἐκείνου
3005 590 3060 643 δὲ
3087 591 3220 663 πρὸς
3243 593 3418 646 ταῦτα
3437 597 3724 665 μονονουχὶ

2155 678 2616 749 καταμειδιιῦντὸς
2645 697 2701 732 τε
2732 682 2826 733 mi.
2859 681 3124 748 λέγοντος·
3170 683 3272 736 Τὸν
3319 682 3541 754 βασιλέα
3573 686 3726 757 ὑμῶν
3798 668 3817 735 ἒ

2156 770 2491 841 σταυρώσω;
2549 773 3028 844 κατεκεκράγεσαν
3083 775 3353 844 λέγοντες·
3400 796 3419 829 ι
3456 781 3569 833 Οὐκ
3610 780 3723 852 ἔχυ-

2154 881 2256 934 μεν
2283 863 2508 934 βασιλέα
2542 866 2590 916 εί
2628 865 2702 939 μὴ
2736 867 3044 938 Καίσαρα.»
3090 869 3281 941 Ἀθρει
3302 869 3366 942 δὴ
3395 871 3540 936 ὅπως
3564 875 3723 945 ἡρνή.

2155 972 2315 1009 σαντο
2349 957 2446 1027 μὲν
2497 957 2559 1010 τὸ
2599 958 2689 1011 ὑπ’
2722 959 2887 1012 αὐτοῦ
2933 960 3333 1031 βασιλεύεσθαι,
3372 965 3626 1037 Καίσαρα
3668 969 3721 1023 δὲ

2150 1047 2244 1100 καὶ
2268 1048 2584 1118 ἀνθρώπους
2610 1050 2985 1121 ἐπεγράφοντο
3013 1054 3282 1125 βασιλέας.
3300 1059 3722 1128 Αἱνιγματωδῶς

2147 1137 2437 1210 τοιγαροῦν
2474 1137 2552 1210 τῷ
2592 1142 2843 1214 προφήτῃ
2902 1141 3033 1206 Θεὸς
3079 1144 3211 1198 αὐτὸ
3260 1146 3324 1217 δὴ
3381 1146 3537 1201 τοῦτο
3589 1148 3725 1202 καθ-

2151 1224 2361 1298 ίστησιν
2391 1231 2642 1300 ἐναργές.
2679 1233 2893 1305 Ἐπειδὴ
2920 1233 2977 1286 δὲ
3006 1238 3305 1308 προσήκειν
3332 1239 3722 1309 ὑπολαμϐάνω,

2149 1320 2244 1372 καὶ
2270 1320 2330 1373 τὸ
2358 1323 2469 1383 τοῖς
2499 1323 2754 1392 τηνικάδε
2784 1326 3072 1396 πράγμασι
3099 1330 3414 1398 πρέπουσαν
3441 1332 3537 1385 τοῦ
3562 1333 3724 1402 λόγου

2148 1413 2476 1483 ποιήσασθαι
2508 1413 2607 1484 τὴν
2643 1416 2915 1470 ἀπόδοσιν·
2964 1420 3143 1490 φαμὲν
3189 1422 3271 1474 ὅτι
3313 1422 3391 1493 τῷ
3440 1422 3593 1478 ὕδατι
3627 1426 3721 1479 τοῦ

2128 1503 2366 1574 ’Σιλωάμ
2391 1505 2490 1575 τὴν
2523 1505 2628 1559 ὑπὸ
2657 1506 2776 1578 Θεῷ
2814 1511 3135 1581 παρεικάζει
3170 1512 3468 1583 βασιλείαν,
3503 1516 3571 1586 ἢν
3599 1518 3720 1570 ἀτι-

2149 1594 2418 1663 μάσαντες
2458 1596 2718 1661 Ἰουδαῖοι,
2754 1602 3041 1669 γεγόνασιν
3072 1604 3159 1673 ὑφ’
3185 1606 3378 1677 ἑτέρῳ,
3411 1608 3505 1661 καὶ¹
3549 1609 3718 1663 δέδονο
3810 1594 3813 1595 ν

2144 1701 2232 1739 ται
2259 1688 2371 1750 τοῖς
2418 1688 2651 1758 ἐχθροῖς.
2686 1688 2952 1762 Ταύτῃτοί
2995 1705 3160 1761 φησιν
3199 1711 3217 1743 ι
3248 1695 3347 1746 Διά
3394 1694 3455 1747 τὸ
3490 1695 3564 1767 μὴ
3597 1696 3718 1767 βού-

2144 1774 2329 1830 λεσθαι
2389 1779 2478 1831 τὸν
2529 1779 2655 1833 λαὸν
2719 1779 2906 1834 τοῦτον
2957 1783 3018 1835 τὸ
3074 1782 3217 1855 ὕδωρ
3245 1786 3338 1837 τοῦ
3401 1785 3619 1858 Σιλωὰμ
3656 1778 3721 1843 τὸ

2144 1869 2504 1938 πορευόμενον
2570 1874 2786 1948 ἡσυχῇ,
2853 1874 2989 1928 ἀλλὰ
3066 1876 3351 1945 βούλεσθαι
3417 1880 3557 1952 ἔχειν
3621 1883 3718 1936 τὸν

2154 1957 2454 2025 Ῥαασσὼν,
2478 1960 2574 2013 καὶ
2611 1962 2703 2015 τὸν
2738 1963 2850 2018 υἱὸν
2900 1964 2994 2017 τού
3048 1966 3321 2035 Ῥομελίου
3371 1969 3588 2039 βασιλέα
3626 1972 3717 2040 ἐφ’

2141 2048 2327 2119 ὑμῶν,
2366 2049 2457 2103 διὰ
2505 2050 2663 2106 τοῦτο
2703 2054 2810 2106 ἰδοὺ
2846 2055 3037 2124 ἀνάγει
3087 2059 3291 2130 Κύριος
3337 2062 3422 2130 ἐφ’
3450 2063 3591 2134 ὑμᾶς
3650 2065 3715 2118 τὸ

2140 2138 2284 2211 ὓδωρ
2314 2141 2407 2195 τοῦ
2440 2144 2681 2212 ποταμοῦ
2710 2147 2769 2200 τὸ
2798 2148 3013 2219 ἰσχυρὸν
3043 2154 3135 2204 καὶ
3158 2152 3217 2206 τὸ
3252 2154 3409 2219 πολὺ,
3432 2156 3522 2209 τὸν
3555 2157 3715 2227 βασι-

2136 2228 2231 2283 λέα
2260 2231 2368 2283 τῶν
2397 2236 2710 2305 Ἀσσυρίων.
2735 2257 2754 2289 ι
2786 2239 2859 2291 Τὸ
2894 2240 2987 2293 τοῦ
3015 2242 3233 2315 Σιλωάμ
3259 2245 3401 2316 ὕδωρ
3427 2250 3538 2317 ῥεῖν
3569 2248 3713 2303 οὕτω

2137 2325 2299 2390 φασὶν
2333 2326 2532 2399 ἡσυχῇ,
2564 2328 2639 2392 ὡς
2680 2328 2799 2400 δίχα
2852 2333 3056 2387 κτύπου
3112 2338 3432 2407 προχεῖσθαι
3486 2341 3710 2402 παντός.

2148 2416 2538 2488 Ἑρμηνεύεται
2599 2420 2657 2473 δὲ
2726 2423 2964 2495 Σιλωάμ,
3005 2427 3431 2499 ἀπεσταλμένος.
3485 2408 3711 2504 Δέχεται

2133 2507 2312 2560 τοίνυν
2339 2513 2418 2574 εἰς
2445 2510 2627 2566 εἰκόνα
2657 2514 2747 2566 καὶ
2774 2515 2942 2570 τύπον
2982 2519 3143 2571 αὑτὸν
3197 2520 3294 2588 τῆς
3326 2521 3419 2574 τοῦ
3458 2523 3712 2596 Σωτῆρος

2135 2599 2166 2668 ἡ
2177 2598 2289 2667 μῶν
2323 2604 2641 2672 παρουσίας,
2671 2606 2770 2675 τῆς
2829 2608 3066 2681 ἀψοφητὶ
3113 2614 3504 2685 γεγενημένης,
3534 2616 3708 2670 καθά·

2135 2706 2243 2759 περ
2275 2690 2411 2763 ἔφην
2437 2694 2659 2764 ἀρτίως.
2708 2698 3142 2770 Ἀπεσταλμένος
3189 2704 3246 2756 δὲ
3306 2707 3422 2757 κατ’
3451 2706 3710 2777 ἀλήθειαν

2132 2783 2161 2834 ὁ
2189 2784 2441 2854 Χριστός.
2475 2787 2789 2845 Ἀπόστολον
2818 2789 2946 2859 γοῦν
2980 2795 3072 2846 καὶ
3105 2796 3388 2867 Ἀρχιερέα
3419 2799 3582 2852 αὑτὸν
3609 2801 3713 2871 τῆς

2130 2872 2420 2944 ὁμολογίας
2453 2878 2607 2947 ἡμῶν
2656 2881 2749 2932 καὶ
2790 2883 2817 2933 ὁ
2854 2883 3012 2950 σοφὸς
3041 2884 3294 2955 ὀνομάζει
3340 2888 3570 2954 Παῦλος.
3604 2893 3708 2945 Δέ-

2133 2983 2283 3036 χεται
2308 2966 2363 3019 δὲ
2411 2969 2608 3038 ὁμοίως
2635 2973 2726 3024 καὶ
2758 2972 3095 3039 ἁπαξαπλῶς
3122 2978 3220 3048 τῆς
3258 2979 3362 3033 ὑπὸ
3399 2980 3519 3052 Θεῷ
3553 2985 3710 3054 βασι-

2132 3054 2276 3119 λείας
2301 3060 2380 3122 εῖς
2406 3060 2572 3111 τύπον
2596 3062 2686 3115 τὸν
2719 3062 2956 3135 Σιλωάμ.
2979 3069 3185 3122 Οὐκοῦν
3211 3071 3506 3144 ἐπειδήπερ
3524 3077 3553 3128 ὁ
3580 3075 3709 3139 λαὸς

2131 3141 2285 3212 οὗτος
2313 3153 2341 3203 ὁ
2377 3153 2643 3224 ἀκαμπὴς
2691 3156 2785 3208 καὶ
2822 3156 3055 3227 ἐξήνιος,
3103 3162 3162 3214 ού
3194 3162 3444 3232 βούλεται
3474 3166 3619 3236 ἔχειν
3647 3170 3710 3222 τὸ

2131 3239 2276 3310 ὓδωρ
2309 3241 2403 3294 τοῦ
2425 3243 2645 3316 Σιλωὰμ
2663 3245 2724 3298 τὸ
2747 3251 3112 3320 πορευόμενον
3138 3260 3319 3329 ἡσυχῇ
3336 3274 3348 3289 ·
3389 3257 3711 3314 ἀποσείεται

2129 3334 2238 3404 γάρ
2262 3334 2353 3387 τὸν
2392 3336 2496 3389 ύπὸ
2550 3337 2668 3407 Θεῷ
2709 3338 2904 3408 ζυγόνε
2957 3345 3216 3416 ἐπιθυμεί
3264 3349 3321 3401 δὲ
3367 3350 3567 3418 μᾶλλον
3601 3352 3710 3405 ὑπὸ

2128 3426 2228 3497 τὴν
2259 3426 2559 3498 ἀνθρώπων
2590 3424 2730 3484 εἶναι
2752 3430 3048 3501 βασιλείαν,
3083 3438 3177 3490 καὶ
3210 3441 3532 3511 κατισχῦσαι
3567 3443 3706 3513 μᾶλ-

2128 3516 2218 3571 λον
2251 3520 2415 3572 αὐτοῦ
2440 3522 2566 3586 τοὺς
2592 3523 2931 3578 πλεονεκτεῖν
2954 3527 3254 3596 ἐθέλοντας,
3276 3532 3366 3585 τὸν
3403 3533 3700 3597 Ῥαασσὼν,

2128 3612 2290 3682 φημὶ,
2314 3614 2525 3667 καὶτὸν
2556 3616 2731 3669 Φακεέ
2752 3633 2765 3647 ⁸
2805 3619 3009 3691 ταύτης
3058 3621 3221 3676 ἕνεκα
3253 3624 3349 3693 τῆς
3399 3625 3574 3688 αἰτίας
3608 3626 3697 3677 ἐπ’

2126 3702 2309 3767 αὐτοῖς
2343 3707 2529 3773 ἀνήσω
2551 3707 2609 3759 τὸ
2638 3707 2782 3780 ὕδωρ
2811 3709 2903 3763 τοῦ
2959 3712 3223 3781 ποταμοῦ,
3265 3714 3409 3767 τοῦτ’
3439 3716 3575 3781 ἔστι,
3601 3716 3698 3769 τοῦ

2126 3794 2434 3865 Εὐφράτου.
2472 3798 2688 3871 Ἐπειδὴ
2711 3800 2765 3852 δὲ
2794 3796 2859 3872 ἦ»
2901 3802 3269 3874 ἀσαφέστερός
3299 3823 3414 3869 πως
3463 3809 3490 3860 ὁ
3520 3807 3699 3875 λόγος,

2125 3888 2464 3959 προσεπάγει
2491 3891 2852 3961 παραχρῆμα,
2875 3895 2968 3945 καί
2993 3911 3145 3965 φησι,
3178 3895 3405 3950 Βασιλέα
3426 3897 3533 3951 τῶν
3572 3899 3701 3951 Ἀσ-

2126 3980 2349 4050 συρίων,
2380 3981 2476 4032 καὶ
2529 3982 2627 4052 τὴν
2656 3983 2814 4048 δόξαν
2861 3986 3047 4038 αὑτοῦ·
3079 3987 3221 4042 τοῦτ’
3265 3988 3402 4054 ἐστι,
3449 3992 3575 4055 τοὺς
3606 3992 3703 4044 ὑπ’

2122 4073 2272 4143 αὐτῷ
2296 4073 2524 4136 πάντας,
2563 4075 2657 4128 καὶ
2683 4075 2828 4131 ἆπαν
2861 4077 3014 4143 ἔθνος
3052 4078 3112 4132 τὸ
3165 4082 3513 4156 ὑπεστρωκὸς
3546 4088 3706 4160 αύτῷ

2119 4163 2213 4217 τὸν
2241 4165 2466 4235 αύχένα.
2494 4166 2689 4220 ’Ύδατι
2748 4167 2805 4222 δὲ
2860 4172 3182 4242 παρεικάζει
3235 4175 3304 4229 τὰ
3352 4178 3551 4251 πλήθη.
3588 4182 3707 4238 Καὶ

2120 4258 2277 4311 τοῦτο
2301 4259 2420 4322 ἔθος
2439 4263 2514 4333 ,τῇ
2553 4261 2893 4335 θεοπνεύστῳ
2916 4266 3125 4339 Γραφῇ.
3146 4269 3256 4322 Καὶ
3282 4270 3412 4339 γοῦν
3443 4274 3570 4344 περὶ
3596 4274 3706 4345 τῆς

2118 4349 2345 4420 Νινευῆ,
2377 4354 2473 4407 καὶ
2502 4354 2602 4424 τῆς
2635 4357 2693 4409 ἐν
2718 4359 2854 4429 αὐτῇ
2878 4360 3250 4433 ἀναριθμήτου
3288 4365 3547 4435 πληθύος,
3562 4370 3704 4441 φησι

445 4434 617 4501 gionis
640 4445 739 4491 tuae
758 4436 1020 4506 repleant.
1046 4455 1065 4487 ι
1095 4437 1361 4492 Perducta
1383 4449 1507 4494 sunt
1530 4443 1593 4494 ad
1615 4443 1817 4497 exitum
1836 4445 2014 4497 omnia

2133 4444 2208 4496 5ιά
2226 4446 2410 4515 φωνῆς
2448 4447 2765 4517 προφητῶν·
2798 4470 2815 4502 ι
2848 4453 2958 4507 Καὶ
2983 4453 3207 4526 Νινευῆ,
3233 4455 3309 4520 ὡς
3342 4434 3704 4533 κολυμϐήθρα

451 4536 584 4591 haec,
608 4530 965 4596 prophetante
984 4526 1243 4594 Jeremia,
1262 4528 1789 4590 Nabuchodonosoro
1809 4536 2016 4604 regioni

445 4615 760 4673 Judteorutn
798 4619 998 4672 bellum
1033 4618 1322 4684 inferente,
1346 4632 1400 4674 et
1444 4621 1743 4679 Jerusalem
1775 4627 2018 4692 perceleo

445 4708 596 4762 hretn
628 4709 864 4771 delente,
896 4708 1093 4776 templo
1148 4709 1390 4779 incenso,
1440 4711 1870 4783 Iudaeorumqne
1899 4715 2014 4769 cla-

442 4798 672 4855 rissimis
703 4799 836 4852 viris
868 4798 1190 4865 interfectis,
1218 4800 1490 4872 simulque
1504 4819 1627 4858 cum
1648 4806 1798 4858 vasis
1812 4806 2009 4873 sacris,

2123 4533 2329 4587 ὑδάτων
2360 4534 2430 4588 τὰ
2489 4535 2656 4589 ὕδατα
2695 4539 2886 4610 αὐτῆς.
2920 4560 2946 4594 τι
2994 4544 3274 4614 Ἐπιμένει
3323 4547 3380 4601 δὲ
3414 4553 3478 4621 τῇ
3516 4556 3698 4625 τροπῇ

2121 4626 2214 4677 καί
2236 4642 2417 4696 φησιν’
2464 4646 2483 4678 ι
2525 4630 2610 4694 Ὠς
2668 4632 2752 4702 ἐφ’
2784 4633 2973 4699 ὕδατός
3020 4655 3083 4690 τε
3130 4640 3226 4692 καὶ
3277 4643 3546 4713 ποταμοῦ,
3600 4650 3699 4701 καὶ

2119 4716 2451 4787 ἀναϐήσεται
2475 4721 2567 4774 ἐπὶ
2590 4725 2769 4777 πᾶσαν
2797 4726 3057 4798 φάραγγα
3104 4732 3277 4801 ὑμῶν,
3310 4737 3409 4789 καὶ
3449 4755 3698 4810 περιπα-

2116 4808 2274 4876 τήσει
2304 4810 2394 4862 ἐπὶ
2426 4814 2550 4883 πᾶν
2579 4818 2756 4887 τεῖχος
2799 4819 2953 4889 ὑμῶν
2978 4860 2992 4884 ,
3057 4824 3149 4876 καὶ
3198 4825 3388 4894 ἀφελεῖ
3430 4808 3538 4883 ἀπδ
3589 4833 3696 4903 τῆς

439 4889 695 4945 universa
718 4887 1077 4943 multitudine
1100 4926 1116 4953 ,
1161 4905 1280 4959 qua:
1315 4896 1532 4961 quidem
1571 4896 1785 4948 residua
1817 4910 1848 4950 e
1870 4896 2008 4952 bello

432 4987 707 5044 evaserat,
726 4980 775 5032 in
797 4977 917 5046 ejus
935 4980 1067 5033 ﬁnes
1083 4982 1333 5036 adducta.
1349 4981 1701 5052 Perspicuum
1724 4984 1887 5054 igitur
1902 4998 2004 5050 est,

430 5073 526 5140 qui
552 5087 747 5143 aquam
783 5071 986 5126 Siloam
1015 5073 1209 5129 leniter
1228 5074 1502 5139 ﬂuentem,
1533 5077 1581 5128 id
1606 5085 1708 5142 est,
1732 5076 2006 5134 Christum

432 5163 552 5218 sive
585 5178 807 5232 regnum
832 5161 925 5217 Dei
951 5164 1151 5220 habere
1170 5167 1382 5232 volunt,
1408 5168 1493 5221 his
1515 5168 1734 5222 omnino
1753 5171 2002 5241 Assyrio-

432 5270 554 5308 rmn
584 5265 789 5321 regem,
825 5253 927 5308 hoc
948 5265 1054 5323 est,
1080 5255 1339 5311 Satanam
1365 5257 1773 5324 insultaturum,
1802 5271 1857 5314 et
1875 5278 2003 5330 cap-

433 5347 574 5399 tivos
641 5357 769 5399 suos
820 5344 948 5417 jugo
1005 5349 1455 5417 snppositurum,
1506 5358 1561 5404 et
1622 5352 2004 5420 multiplicibus

2133 5379 2139 5406 ι
2180 5360 2675 5436 Ναϐουχοδονόσορ·
2722 5368 2815 5420 καὶ
2847 5344 3076 5424 καθεῖλε
3094 5373 3195 5443 μὲν
3224 5375 3326 5448 τὴν
3352 5344 3682 5450 περιϐόητον

422 5445 774 5501 peccatorum
801 5436 1008 5507 laqueis
1039 5439 1405 5509 fecestrictos,
1445 5455 1631 5498 servos
1661 5442 2001 5503 eﬂ'eeturtnn.

2133 5451 2498 5525 Ἰερουσαλήμο
2527 5460 2924 5531 κατεμπρήσας
2947 5462 3003 5515 δὲ
3026 5436 3119 5518 καλ
3141 5468 3232 5520 τὸν
3258 5436 3405 5533 ναὸν,
3427 5436 3532 5525 ’καὶ
3557 5436 3683 5539 τοὺς

422 5524 539 5583 τῶν
592 5529 861 5586 Ἰουδαίων
914 5534 1219 5604 ἐπισήμους
1277 5534 1624 5605 ἀπεκτονὼς,
1686 5541 1822 5612 ὁμοῦ
1888 5546 2002 5610 τοῖς
2043 5548 2261 5604 σκεύεσι
2289 5554 2401 5617 τοῖς
2458 5553 2623 5625 ἱεροῖς
2675 5555 2771 5626 τὴν
2800 5558 2967 5630 ἄλλην
2990 5561 3204 5617 ἃπασαν
3244 5563 3337 5617 καὶ
3364 5564 3681 5641 ὑπολελειμ-

2116 4898 2375 4998 Ἰουδαμίας
2406 4903 2712 4976 ἄνθρωπον,
2762 4909 2819 4973 ὃς
2868 4911 3152 4984 δυνήσεται
3206 4920 3447 4993 κεφαλὴν
3471 4920 3625 4995 ἆραι,
3645 4898 3693 4998 -ῆ

2098 4990 2336 5045 ’δυνατὸν
2359 4997 2781 5053 συντελέσασθαί
2824 5018 2898 5058 τι.
2953 5006 3062 5060 Καὶ
3090 5007 3261 5061 ἔσταιι
3290 5016 3322 5083 ἡ
3360 5016 3687 5090 παρεμϐολὴ

2102 5082 2295 5150 αὐτοῦ,
2339 5084 2477 5140 ὥστε
2510 5089 2794 5161 πληρῶσαι
2824 5094 2893 5149 τὰ
2925 5097 3102 5167 πλάτη
3154 5102 3252 5171 τῆς
3297 5103 3482 5176 χώρας
3513 5126 3627 5163 σου.
3657 5130 3678 5163 ι

2113 5172 2289 5246 Ἤχθη
2316 5174 2374 5229 δὲ
2427 5179 2508 5242 εἰς
2548 5180 2718 5251 πέρας
2770 5182 2986 5239 ἅπαντα
3037 5190 3215 5255 ταυτὶ,
3251 5196 3688 5264 προφητεύοντος

2120 5266 2400 5340 Ἰερεμίου,
2437 5271 2525 5327 ὅτε
2554 5274 2653 5343 τῆς
2674 5274 2936 5330 Ἰουδαίων
2972 5278 3166 5351 ιλχὼρας
3216 5288 3680 5358 κατεστράτευσεν

370 5676 410 5730 J
485 5683 723 5744 “Joan.
767 5692 992 5760 313,15.
1033 5693 1116 5772 ’,⁸⁸
1138 5692 1302 5783 Hebr.
1327 5712 1410 5768 nt,
1438 5700 1490 5755 1.
1546 5699 1840 5778 ."_Nabum
1888 5702 2024 5774 11,8.
2470 5697 2618 5769 ""3"
