4016 6470
208 275 321 329 229

1382 286 1447 340 IN
1486 284 1721 340 ISAIAM
1754 284 1883 338 LIB.
1923 283 1943 337 ι
2004 286 2211 341 ORAT.
2258 285 2321 340 ν.
3398 288 3502 343 230

208 400 391 468 μένην
420 398 487 450 ἐκ
516 398 614 452 τοῦ
662 399 900 472 πολέμου
956 400 1166 471 πληθὺν
1223 400 1561 471 ἀπεκόμισεν
1616 403 1696 465 εἰς
1746 399 1846 472 τὴν
1915 400 2131 455 ἑαυτοῦ.
2167 402 2440 473 Πρόδηλον
2463 398 2557 456 οῦν
2585 404 2665 456 δτι
2694 406 2808 470 τοῖς
2836 404 2935 458 οὐκ
2971 402 3250 458 ἐθέλουσιν
3277 404 3419 476 ἔχειν
3442 405 3506 459 τὸ

200 491 356 564 ὕδωρ
380 492 480 545 τοῦ
509 493 741 567 Σιλωὰμ
770 496 833 548 τὸ
870 496 1240 567 πορευόμενον
1272 497 1477 574 ἡσυχῇ,
1509 495 1653 549 τοῦτ’
1699 494 1816 548 ἔστι
1856 495 2112 567 Χριστὸν,
2190 496 2308 566 ἦτοι
2343 496 2443 567 τὴν
2501 497 2607 550 ὑπὸ
2643 497 2761 567 Θεῴ
2824 497 3119 567 βασιλείαν,
3172 499 3505 568 ἐπιπηδήσει

200 587 431 652 πάντως
484 590 516 642 6
587 589 694 643 τῶν
735 589 946 661 νοητῶν
1014 591 1318 663 Ἀσσυρίων
1348 591 1620 663 βασιλεὺς,
1649 590 1792 645 τοῦτ’
1816 589 1985 655 ἔστιν,
2016 591 2044 642 6
2111 591 2373 654 Σατανᾶς,
2411 592 2503 647 καὶ
2560 592 2934 663 αἰχμαλώτους
2992 592 3146 657 ἐλὼν,
3175 596 3287 656 τοῖς
3357 593 3505 655 ἰδίοις

201 679 485 752 ὑποθήσει
523 681 733 750 ζυγοῖς,
769 681 866 735 καὶ
895 682 1111 752 ποιήσει
1132 682 1371 748 δούλους,
1401 685 1521 747 ταῖς
1554 683 1621 736 ἐκ
1642 681 1996 755 πολυτρόπων
2036 680 2320 751 ἁμαρ-ιιῶν
2353 684 2743 753 κατασφίγγων
2777 686 3004 754 σειραῖς.

278 774 418 829 Μεθ’
448 773 626 843 ἡμῶν
659 778 692 829 ό
724 776 891 843 Θεὸς,
926 775 1115 847 γνῶτε
1170 777 1337 846 ἔθνη,
1391 778 1490 833 καὶ
1521 777 1783 846 ἡττᾶσθε
1810 794 1823 809 ο

2002 774 2169 831 Vens.
2211 777 2364 832 9-H).
2419 778 2711 832 Nobiscum
2773 779 2935 844 Deus,
2975 782 3158 833 scitote
3191 790 3367 847 gentes
3395 820 3409 844 ,
3453 786 3507 833 et

212 869 598 924 ἐπακούσατε
647 868 764 935 ἓως
813 869 1079 940 ἐσχάτου
1132 870 1245 939 τῆς
1293 871 1408 941 γῆς
1440 888 1454 901 '
1499 871 1816 941 ίσχυκότες

223 960 497 1029 ἡττᾶσθε.
536 961 689 1016 Ἐὰν
709 963 822 1034 γὰρ
851 965 1040 1017 πάλιν
1067 965 1383 1033 ἰσχύσητε,
1425 963 1615 1020 πάλιν
1634 965 1817 1033 ἣττη-

229 1051 505 1118 θιξσεσθε.
568 1052 686 1105 Καὶ
755 1051 839 1121 ἢν
899 1052 979 1107 ἂν
1036 1055 1470 1122 ,βουλεύσησθε
1531 1054 1816 1124 βουλὴν,

225 1139 613 1196 ὃιασκεδὰσει
677 1144 901 1213 Κύριος
929 1159 947 1177 ο
979 1144 1078 1198 καὶ
1130 1147 1318 1214 λόγον
1360 1145 1432 1198 ὃν
1489 1144 1562 1198 ἂν
1622 1143 1851 1212 λαλῇ-ι-

222 1250 380 1302 σητε,
445 1238 522 1288 οὐ
568 1233 657 1305 μὴ
695 1236 946 1307 ἐμμείνῃ
972 1252 987 1268 ο
1021 1237 1112 1292 ὅτι
1159 1237 1290 1307 μεθ’
1336 1235 1506 1307 ἡμῶν
1542 1238 1759 1306 Κύριος
1787 1239 1820 1291 ό

220 1328 377 1392 Θεός.

294 1421 643 1494 Ἀνασιιιρτᾷ
670 1421 749 1493 τῷ
785 1422 1043 1496 προφήτῃ
1100 1422 1238 1493 πρὸς
1294 1421 1564 1495 θυμηδίαν
1592 1424 1621 1476 6
1673 1421 1819 1489 νοῦς,

214 1517 571 1583 ἐπεγνωκότι
614 1516 807 1587 σαςῶς
839 1517 903 1569 τὸ
931 1516 1171 1589 Χριστοῦ
1205 1519 1525 1589 μυστήριον.
1553 1512 1689 1570 Εἶτα
1712 1516 1822 1569 τῶν

206 1609 389 1676 ἁγίων
422 1610 843 1678 εὐαγγελιστῶν
873 1612 968 1664 καὶ
1005 1610 1191 1681 μέντοι
1223 1610 1317 1663 καὶ
1349 1608 1662 1663 ἀποστόλων
1682 1606 1745 1661 τό
1766 1625 1823 1661 τε

206 1700 520 1770 πρόσωπον
549 1700 689 1771 ὁμοῦ
719 1701 816 1753 καὶ
856 1701 950 1753 τὸν
984 1699 1140 1769 λόγον
1175 1698 1481 1762 ἀναλαϐὼν,
1513 1697 1738 1768 Ἕλλησί
1762 1713 1823 1749 τε

209 1789 314 1842 καὶ
344 1789 634 1853 Ἰουδαίοις
667 1789 954 1861 μονονουχὶ
1001 1788 1097 1843 καὶ
1134 1787 1609 1860 διαμαρτύρεται,
1660 1785 1825 1841 ὅπλον

210 1883 331 1944 τοῖς
368 1883 771 1952 πεποιημένοις
800 1881 982 1947 αὑτὸν,
1004 1880 1155 1933 οὐδὲν
1185 1881 1335 1934 ἔσται
1357 1881 1417 1933 τὸ
1447 1878 1822 1934 ἀντιστατοῦν.

205 1976 341 2039 Τοῖς
368 1975 475 2046 μὲν
515 1971 613 2028 οὖν
646 1974 828 2030 ἔθνεσι
877 1974 972 2028 δύο
1017 1974 1194 2029 ταῦτα
1246 1974 1590 2047 κατορθῶσαι
1642 1975 1824 2029 διακε-

200 2065 461 2127 λεύεται,
480 2066 780 2133 διαγνῶναί
808 2083 868 2119 τε
888 2067 951 2120 τὸ
979 2066 1215 2138 Χριστοῦ
1243 2068 1564 2138 μυστήριον,
1594 2068 1687 2122 καὶ
1716 2068 1824 2139 μὴν

1920 868 2188 923 vincimim'
2221 883 2241 922 :
2280 869 2526 921 exaudire
2552 885 2711 939 usque
2743 872 2811 922 ad
2860 881 3151 923 extremum
3184 883 3383 936 teri-te;
3415 886 3508 939 qut

1920 960 2299 1030 pra'valut'stis,
2336 960 2634 1014 uincimiui.
2679 958 2739 1014 Si
2782 960 2922 1013 enim
2961 977 3149 1013 rursus
3207 961 3502 1029 prwralue-

1921 1052 2062 1116 ritt's,
2092 1053 2251 1106 etiam
2284 1052 2475 1105 iterum
2502 1052 2807 1106 vincemini.
2845 1052 2912 1105 lit
2950 1053 3296 1121 quodcunque
3328 1056 3504 1106 consi-

1923 1147 2053 1199 lium
2110 1146 2394 1209 inirerilis,
2453 1145 2729 1214 dissipabit
2760 1144 3042 1209 Dominus,
3073 1160 3122 1199 et
3152 1163 3321 1200 sermo
3353 1163 3509 1216 quem

1929 1236 2215 1306 loquentini
2254 1236 2469 1289 minime
2510 1236 2697 1301 stabit,
2751 1238 2876 1306 quia
2928 1236 3199 1289 nobiscum
3243 1236 3506 1291 Dominus

1923 1326 2086 1382 Dens.

1997 1419 2194 1474 Exsilit
2227 1435 2338 1489 pra:
2377 1422 2574 1491 gaudio
2606 1422 2823 1477 animus
2847 1422 3145 1493 prophetzc,
3190 1431 3378 1492 utpote
3415 1422 3509 1490 qui

1926 1512 2086 1582 plane
2123 1512 2325 1567 Christi
2370 1515 2687 1584 mysterium
2731 1517 2975 1586 agnovit.
3039 1514 3244 1569 Deinde
3291 1526 3511 1569 sancto-

1930 1622 2048 1661 rum
2078 1609 2542 1676 evangelistarum
2591 1619 2646 1663 et
2696 1608 3069 1678 apostolorum
3104 1616 3216 1661 tum
3251 1624 3507 1676 persona,

1929 1710 2039 1755 tum
2086 1701 2340 1754 oratione
2378 1712 2696 1771 assumpta,
2729 1700 2934 1756 Graecis
2970 1710 3024 1756 et
3067 1699 3267 1756 Juda-is
3298 1711 3508 1755 tantum

1930 1807 2038 1847 non
2076 1801 2443 1855 contestatur,
2471 1794 2617 1861 quod
2658 1793 2702 1846 si
2730 1792 2881 1845 illum
2907 1807 3057 1845 arma
3088 1791 3339 1859 fecerint,
3374 1791 3512 1846 nihil

1929 1882 2174 1939 futurum
2214 1886 2285 1940 sit
2313 1888 2458 1955 quod
2487 1887 2724 1939 resistat.
2751 1885 3015 1941 Gentibus
3052 1885 3215 1954 igitur
3241 1886 3508 1955 prmeipit,

1929 1987 1990 2030 ut
2019 1977 2128 2032 duo
2160 1978 2275 2032 lucc
2310 1987 2459 2032 recte
2486 1992 2551 2031 ac
2575 1977 2865 2047 diligenter
2894 1978 3095 2033 faciant
3133 2018 3147 2043 ,
3181 1987 3238 2031 ut
3275 1991 3509 2047 ('Oguos—

1930 2081 2057 2127 cant
2102 2071 2305 2127 Christi
2359 2073 2705 2143 mysterium,
2772 2082 2829 2127 et
2863 2082 2922 2128 ut
2972 2073 3040 2127 ab
3098 2073 3185 2128 his
3238 2074 3329 2143 qui
3380 2070 3510 2125 illud

202 2161 292 2212 ὅτι
327 2159 431 2211 καὶ
463 2157 737 2229 ἡττᾶσθαι
774 2159 881 2230 χρὴ
919 2162 1033 2222 τοῖς
1070 2158 1412 2214 διδάσκουσιν
1441 2160 1591 2214 αὐτό.
1650 2160 1687 2211 Γ
1690 2160 1826 2213 νῶτε

1931 2164 2127 2219 docent
2157 2166 2301 2219 vinci
2335 2180 2395 2219 se
2426 2167 2723 2234 patiantur.
2772 2165 2985 2221 Scitote
3014 2167 3186 2233 enim,
3222 2167 3421 2236 inquit,
3456 2176 3512 2220 et

206 2251 345 2322 γὰρ,
388 2251 554 2321 φησὶ,
588 2250 685 2303 καὶ
714 2250 808 2303 τὸν
838 2252 898 2304 ἐν
934 2250 1083 2322 αὑτῷ
1120 2250 1347 2316 δέξασθε
1386 2251 1566 2320 λόγον,
1603 2252 1696 2305 καὶ
1730 2253 1826 2323 ἡτ-

205 2344 448 2415 τὴθητε,
480 2341 634 2395 τοῦτ’
658 2341 797 2409 ἔστι,
833 2345 1241 2414 παραχωρεῖτε,
1278 2344 1374 2397 καὶ
1405 2342 1480 2414 μὴ
1504 2343 1825 2398 ἀνθίστασθε

205 2437 327 2498 τοῖς
361 2434 553 2501 ἁγίοις
589 2437 998 2504 μυσταγωγοῖς·
1029 2434 1381 2489 ὑπακούσατε
1405 2435 1461 2488 δὲ
1501 2435 1702 2507 μᾶλλον
1730 2436 1826 2489 αῦ-

202 2529 326 2590 τοῖς
382 2527 497 2588 ἓως
561 2525 795 2597 ἐσχάτου
857 2527 957 2596 τῆς
1009 2527 1137 2598 γῆς,
1175 2527 1321 2580 τοῦτ’
1373 2527 1538 2594 ἐστιν,
1580 2530 1628 2582 οἱ
1685 2528 1826 2583 κατὰ

201 2617 400 2670 πᾶσαν
431 2632 493 2668 τε
525 2615 686 2668 πόλιν
708 2615 804 2668 καὶ
839 2615 1049 2692 χώραν,
1090 2617 1184 2671 καὶ
1219 2618 1382 2690 μέχρι
1413 2618 1592 2672 αὐτῶν
1620 2620 1827 2691 τερμά-

198 2728 320 2763 των
358 2709 466 2779 τῆς
498 2708 597 2761 ὑπ’
632 2708 884 2781 οὐρανόν.
923 2709 986 2761 υἱ
1008 2708 1066 2762 δὲ
1092 2708 1400 2781 ήττώμενοί
1430 2728 1489 2764 τε
1517 2714 1612 2765 καὶ
1646 2730 1829 2785 παρα-

200 2805 416 2873 χωρεῖν
448 2799 734 2864 ἐθέλοντες
752 2800 814 2854 τὸ
837 2801 996 2873 νικᾷν
1018 2804 1131 2865 τοῖς
1153 2804 1252 2875 τῆς
1286 2802 1545 2873 ἀληθείας
1571 2805 1827 2861 διδασκά-

201 2900 327 2961 ὶ.οις
357 2938 373 2957 ,
406 2896 754 2962 εἰσδέξονται
795 2896 895 2966 μὲν
924 2895 1162 2960 εὐκόλως
1194 2896 1285 2950 τὸν
1317 2899 1447 2968 παρ’
1471 2897 1620 2970 αύτῷ
1646 2899 1825 2969 λόγον,

207 2990 668 3054 πεπιστευκότες
701 2989 761 3043 δὲ
793 2992 875 3055 είς
907 2990 1145 3063 Χριστὸν
1180 2990 1490 3062 βαδιοῦνται
1535 2995 1657 3047 κατ’
1697 2994 1826 3050 εὐθὺ

204 3088 423 3150 παντὸς
457 3084 695 3155 ἀγαθοῦ,
733 3087 829 3140 καὶ
868 3087 967 3156 τὴν
998 3086 1146 3158 αὐτῷ
1184 3085 1505 3158 φιλαιτάτην
1552 3088 1829 3159 κατορθώ-

212 3197 416 3244 σαντες
457 3178 691 3250 ἁρετὴν,
718 3178 981 3249 λαμπράν
1009 3195 1066 3231 τε
1105 3178 1198 3231 καὶ
1245 3179 1609 3253 ἀξιοζήλωτον
1661 3199 1828 3235 κατα-

214 3274 705 3346 κληρονομήσουσι
726 3272 907 3336 δόξαν.
938 3273 1048 3326 Καὶ
1072 3274 1232 3326 ταυτὶ
1281 3274 1378 3344 μὲν
1407 3276 1519 3337 τοῖς
1558 3272 1828 3345 Ἐλλήνων

225 3369 493 3435 στίςεσιν,
522 3365 603 3429 ὼς
633 3367 702 3418 ἐκ
724 3365 1021 3436 προσώπου
1051 3365 1157 3417 τῶν
1187 3366 1356 3433 ἁγίων
1382 3367 1698 3419 ἀποστόλων
1734 3367 1828 3420 καὶ

232 3459 637 3527 ευαγῖελιστῶν
674 3460 704 3512 ὁ
732 3458 1020 3529 προφήτης
1057 3458 1241 3528 φησίν·
1287 3458 1473 3529 Ὑμεῖς
1505 3460 1583 3525 δὲ,
1614 3455 1660 3514 ὦ
1694 3461 1825 3513 Ἰου-

1926 2256 2045 2326 ejus
2083 2270 2388 2312 sermonem
2423 2259 2623 2327 capite,
2651 2270 2705 2313 et
2740 2259 3045 2321 vincimini,
3079 2258 3131 2312 id
3188 2269 3294 2324 est,
3329 2260 3509 2313 cedite

1925 2358 1981 2403 et
2005 2349 2212 2405 sanctis
2274 2350 2612 2419 mystagogis
2671 2350 2840 2405 nolite
2892 2350 3193 2415 resistere,
3252 2349 3349 2404 sed
3406 2348 3514 2402 illis

1927 2443 2107 2510 potius
2159 2444 2568 2506 obsecundato,
2618 2453 2675 2498 et
2718 2443 3012 2510 exaudite,
3064 2456 3237 2511 usque
3303 2442 3371 2495 ad
3412 2455 3511 2494 ex-

1928 2544 2161 2590 tremum
2198 2545 2396 2601 terra),
2462 2536 2651 2602 idest,
2717 2537 2808 2606 qui
2857 2537 2909 2589 in
2942 2537 3136 2605 quavis
3176 2534 3403 2590 civitate
3454 2544 3512 2589 et

1929 2628 2150 2697 regione
2203 2630 2356 2692 estis,
2387 2638 2444 2681 et
2473 2645 2644 2696 usque
2675 2629 2742 2681 ad
2799 2628 2944 2695 ipsos
2979 2627 3115 2681 lines
3146 2627 3299 2682 orbis
3334 2635 3509 2681 terra-

1880 2742 1883 2743 ν
1929 2733 2074 2774 rum.
2116 2719 2278 2791 139
2298 2720 2505 2790 Quippe
2535 2721 2661 2774 victi
2692 2722 2782 2790 qui
2807 2730 2953 2785 sunt,
2990 2720 3192 2789 quique
3219 2719 3504 2773 victoriam

1928 2813 2209 2882 magistris
2245 2816 2492 2869 veritatis
2512 2816 2817 2869 concedere
2858 2814 3074 2879 volunt,
3123 2813 3282 2866 facile
3321 2826 3513 2867 eorum

1927 2906 2164 2961 orationi
2206 2907 2487 2972 accedent,
2524 2918 2581 2962 et
2611 2908 2896 2961 credentes
2936 2907 2988 2960 in
3028 2905 3334 2969 Christum,
3364 2916 3511 2958 recta

1930 2996 2162 3051 inomni
2197 2998 2487 3066 probitatis
2538 3014 2739 3068 genere
2788 2998 3247 3068 progredientur,
3310 2997 3513 3067 gratis-

1932 3090 2240 3157 simamque
2277 3091 2328 3145 ei
2352 3093 2611 3145 virtutem
2668 3091 3006 3153 uenientes,
3040 3090 3405 3160 splendidam,
3461 3100 3517 3144 et

1931 3183 2299 3238 admiratione
2351 3183 2811 3253 auntdationeque
2860 3184 3235 3253 dignissimam
3285 3182 3514 3252 gloriam

1930 3288 2358 3345 consequentur.
2399 3276 2464 3329 Et
2506 3276 2620 3331 haec
2672 3276 2890 3345 quidem
2949 3275 3266 3330 Graecorum
3302 3275 3515 3329 cohorti

1932 3376 2187 3431 tanquam
2246 3384 2311 3421 ex
2380 3382 2612 3435 persona
2663 3378 2977 3422 sanctorum
3034 3368 3402 3438 apostolorum
3454 3381 3523 3422 ac

1932 3460 2394 3530 evangelistarum
2446 3461 2711 3529 propheta
2739 3460 2871 3513 dicit
2905 3476 2919 3514 :
2957 3458 3064 3515 Vos
3095 3471 3300 3525 autem,
3344 3476 3377 3515 0
3418 3459 3522 3517 Ju-

235 3556 398 3619 61Io:,
435 3555 715 3623 Ξσχυκότες
747 3552 1004 3623 ἡττᾶσθε.
1039 3553 1201 3606 Ὅσον
1232 3553 1333 3626 μὲν
1359 3555 1467 3626 γὰρ
1514 3556 1591 3619 εἰς
1644 3572 1706 3625 γε
1737 3556 1827 3611 τὸν

1936 3552 2075 3617 daal,
2118 3552 2208 3622 qui
2270 3552 2653 3621 prtevaluistis,
2714 3552 3016 3607 vincimini.
3082 3552 3216 3606 Nam
3252 3556 3397 3624 quod
3448 3553 3515 3607 ad

236 3650 423 3703 ἐνόντα
451 3651 560 3712 τοῖς
603 3647 888 3710 Ἰουδαίοις
921 3646 1145 3711 σκοπὸν,
1203 3648 1539 3718 κατίσχυσαν
1567 3648 1662 3702 τοῦ
1696 3650 1832 3721 Χρι-

232 3741 381 3807 στοῦ,
414 3739 641 3811 σταυρῷ
669 3738 1009 3810 παραδόντες
1041 3740 1090 3792 οἱ
1117 3739 1360 3793 δείλαιοι.
1394 3740 1540 3807 Πλὴν
1576 3741 1829 3795 ἐῦουλεύ-

226 3851 392 3888 σαντο
423 3832 651 3904 βουλὴν,
682 3832 750 3903 ἦν
781 3831 843 3884 οὐ
877 3829 953 3902 μὴ
996 3829 1261 3885 δύνωνται
1312 3834 1523 3903 στῆσαι,
1583 3834 1726 3888 κατὰ
1769 3834 1831 3888 τὸ

218 3927 646 4000 γεγραμμένον.
687 3925 761 3978 Οὐ
808 3919 1011 3996 γὰρῆν
1045 3923 1305 3978 δύνασθαι
1337 3923 1553 3997 θανάτῳ
1606 3927 1832 3998 περιϐα-

216 4021 339 4075 λεῖν
364 4020 460 4073 τὸν
490 4016 740 4090 ἀρχηγὸν
767 4020 867 4089 τῆς
891 4018 1056 4088 ζωῆς.
1074 4017 1285 4071 Οὐκοῦν
1302 4020 1350 4072 εὶ
1367 4020 1460 4072 καὶ
1488 4021 1829 4091 νενομίκατε,

216 4114 417 4184 φησὶν,
452 4110 680 4182 ἰσχῦσαι
701 4109 1266 4182 Κυριοκτονήσαντες,
1295 4109 1411 4163 ἀλλ’
1440 4106 1534 4164 οὖν
1560 4111 1829 4182 ἡττήθητε

210 4206 439 4268 λοιπὸν,
469 4204 568 4258 καὶ
596 4203 716 4257 δότε
751 4203 812 4256 τὸ
842 4203 1094 4268 εὐπειθὲς
1143 4205 1580 4276 παραδεξάμενοι
1619 4207 1717 4278 τὴν
1749 4208 1832 4261 πί-

216 4315 363 4363 στιν,
397 4297 576 4369 ἧγουν
606 4296 785 4349 ἐκεῖνο
807 4292 1127 4364 γινώσκετε,
1148 4294 1248 4349 κᾶν
1276 4298 1356 4349 ὅτι
1385 4295 1545 4351 πάλιν
1575 4297 1829 4369 ί-σχύσητε

220 4388 299 4459 μὴ
335 4385 677 4455 ἀνεχόμενοι
732 4383 834 4455 τῆς
891 4383 1265 4450 διδασκαλίας,
1307 4386 1423 4440 ἀλλ’
1465 4388 1830 4459 ἐπιτιμῶντες

217 4478 440 4550 ἀγρίως
462 4480 580 4541 τοῖς
604 4476 665 4530 τὸ
693 4476 1033 4546 Εὑαγγέλιον
1068 4478 1517 4547 καταγγέλλουσι,
1547 4479 1708 4535 πάλιν
1732 4482 1828 4553 ἡτ-

208 4573 540 4645 τηθήσεσθε
574 4568 860 4635 κολάζοντι
890 4571 1079 4624 λοιπὸν
1134 4571 1211 4643 τῷ
1245 4574 1446 4645 Κριτῇ,
1481 4573 1576 4626 καὶ
1605 4573 1706 4639 τὰς
1733 4574 1831 4645 τῆς

207 4670 369 4723 οὕτω
413 4666 643 4738 μακρᾶς
704 4664 966 4729 ἀπονοίας
1020 4665 1262 4720 αἰτοῦντι
1315 4666 1489 4730 δίκας.
1532 4669 1596 4721 Ὃ
1637 4667 1702 4741 δὴ
1736 4669 1831 4723 καὶ

1933 3641 2244 3698 Judteorum
2277 3645 2502 3714 quidem
2530 3644 2841 3699 institutum
2877 3647 3090 3710 attinet,
3119 3645 3521 3714 praevalueruut

1934 3733 2154 3789 Christo
2192 3749 2313 3786 cum
2367 3734 2553 3788 miseri
2594 3736 2741 3789 cruci
2797 3750 2919 3789 cum
2970 3738 3246 3790 traderent
3280 3753 3295 3790 :
3330 3751 3521 3790 verum

1934 3824 2211 3880 iuiverunt
2243 3825 2553 3891 consilium,
2597 3827 2741 3895 quod
2781 3842 2887 3881 non
2924 3836 3215 3897 potuerant
3247 3828 3516 3893 stabilire,

1927 3916 2085 3986 juxta
2114 3918 2163 3971 id
2196 3917 2340 3987 quod
2371 3920 2636 3987 scriptum
2668 3928 2771 3973 est.
2806 3918 2917 3973 Nec
2960 3919 3105 3973 enim
3155 3917 3269 3973 ﬁeri
3319 3920 3516 3990 potuit,

1935 4019 1996 4067 ut
2028 4019 2204 4065 morte
2237 4026 2556 4079 oppressura
2595 4022 2850 4066 tenerent
2882 4012 3008 4066 vitat
3049 4011 3375 4080 principem.
3416 4015 3523 4064 Ita-

1933 4119 2040 4173 que
2065 4103 2173 4158 etsi
2209 4103 2496 4171 putavistis
2529 4104 2767 4172 potiores
2811 4102 3000 4157 tulisse
3053 4118 3175 4156 cum
3230 4103 3515 4156 Dominum

1937 4193 2308 4248 trucidavistis
2335 4232 2350 4260 ,
2387 4203 2568 4248 tamen
2618 4193 2875 4262 deinceps
2904 4193 3208 4256 vincimini,
3263 4203 3525 4262 prtestate

1933 4284 2320 4350 obedientiam,
2376 4283 2535 4338 ﬁdem
2563 4284 2976 4351 amplectimini,
3016 4299 3082 4337 ac
3128 4284 3260 4337 illud
3295 4285 3514 4349 scitote,

1933 4378 2077 4450 quod
2119 4378 2221 4433 etsi
2266 4378 2495 4446 posthac
2558 4375 2979 4445 praevalucritis,
3012 4385 3189 4431 tamen
3232 4376 3276 4431 si
3312 4387 3519 4443 mysta-

1932 4472 2148 4543 gogiam
2181 4469 2328 4526 ferre
2361 4484 2470 4524 non
2503 4470 2704 4534 velitis,
2739 4469 2835 4524 sed
2888 4469 2972 4525 his
3017 4471 3109 4540 qui
3164 4469 3518 4540 Evangelium

1934 4564 2286 4629 annuntiant,
2317 4562 2616 4619 crudeliter
2678 4562 2973 4627 iusultetis,
3022 4564 3090 4619 de
3134 4563 3347 4634 integro
3397 4565 3519 4617 vin-

1933 4659 2137 4713 cemini
2169 4674 2199 4714 a
2226 4657 2422 4714 Judice
2449 4658 2542 4727 qui
2572 4661 2789 4714 tandem
2816 4660 2989 4728 punit,
3026 4668 3081 4713 et
3099 4669 3264 4714 tantm
3302 4668 3536 4731 tamqne'

210 4763 573 4831 πέπρακται.
602 4757 760 4812 Μετὰ
788 4756 897 4829 γάρ
917 4774 1000 4810 τοι
1038 4757 1098 4811 τὸ
1123 4757 1426 4813 ἀναϐιῶναι
1446 4760 1704 4832 Χριστὸν,
1734 4763 1827 4816 καὶ

1935 4752 2205 4807 diuturna:
2248 4752 2474 4807 insaniae
2521 4764 2712 4821 poenas
2735 4747 2963 4821 expetit}
3011 4752 3164 4818 Quod
3204 4761 3258 4808 et
3315 4753 3517 4807 laetum

207 4853 474 4909 ἀνελθεῖν
502 4853 585 4915 είς
633 4850 884 4922 οὐρανὸν,
939 4851 1035 4903 καὶ
1084 4851 1267 4915 αὐτοῖς
1313 4852 1671 4908 ἐπεϐούλευον
1716 4857 1829 4918 τοῖς

212 4947 405 5015 ἁγίοις
434 4938 782 5004 ἀποστόλοις·
818 4940 915 4993 καὶ
967 4940 1030 5011 δὴ
1066 4941 1160 4993 καὶ
1209 4940 1557 5011 εἰσφέροντες
1598 4946 1655 4997 ἐν
1714 4947 1829 5009 τοῖς

214 5035 535 5109 συνεδρίοις
562 5033 796 5087 ἔτυπτον
824 5031 1181 5101 ἐγκαλοῦντες
1210 5035 1301 5086 καὶ
1323 5033 1591 5103 λέγοντες·
1611 5036 1831 5106 Παραγ-

216 5130 377 5202 γελίᾳ
402 5123 869 5197 παρηγγείλαμεν
918 5123 1046 5194 ὑμῖν
1099 5126 1173 5195 μὴ
1229 5123 1410 5178 λαλεῖν
1462 5144 1568 5180 τινι
1616 5128 1710 5180 ἐπὶ
1747 5128 1827 5198 τῷ

209 5223 453 5294 ὀνόματι
492 5217 704 5288 τούτῳ,
734 5217 829 5270 καὶ
860 5216 971 5269 ἰδοὺ
1002 5215 1404 5287 πεπληρώκατε
1431 5217 1529 5289 τὴν
1560 5218 1831 5292 Ἰερουσα-

206 5316 331 5385 “rixo.
361 5314 471 5383 τῆς
510 5310 739 5381 διδαχῆς
763 5307 937 5379 ὑμῶν.
971 5307 1181 5361 Οὐκοῦν
1224 5308 1409 5374 ἔδοξαν
1440 5310 1538 5381 μὲν
1563 5311 1658 5364 καὶ
1686 5311 1830 5367 κατὰ

208 5410 381 5464 τοῦτο
409 5407 645 5478 ἰσχύειν,
683 5402 825 5473 πλὴν
855 5400 1090 5471 ἀνόνητα
1137 5402 1319 5456 πάντα
1356 5404 1561 5467 αὐτοῖς,
1592 5406 1684 5458 καὶ
1705 5405 1829 5476 βου-

209 5504 305 5573 λὴ,
338 5500 440 5555 καὶ
468 5495 691 5567 σκέψις,
728 5494 825 5548 καὶ
859 5491 1039 5562 λόγος’
1087 5493 1285 5546 ἐνίκων
1318 5493 1425 5565 γὰρ
1453 5496 1504 5548 οἱ
1553 5495 1830 5550 θεσπέσιοι

219 5593 471 5665 μαθηταὶ
496 5589 794 5656 λέγοντες,
825 5585 963 5639 διότι
1009 5583 1145 5641 Μεθ’
1177 5585 1338 5657 ἡμῶν
1379 5586 1582 5660 Κύριος
1618 5591 1646 5642 6
1674 5588 1828 5654 Θεός.

220 5691 285 5742 υἱ
308 5687 365 5741 δὲ
402 5683 616 5755 πικρὰς
652 5679 942 5754 ἐξῄτηνται
979 5678 1152 5745 δίκας,
1183 5682 1301 5745 ταῖς
1335 5679 1621 5752 Ῥωμαίων
1666 5700 1829 5754 στρα-

222 5784 361 5847 τιαῖς
387 5781 488 5834 καὶ
520 5777 625 5847 οὐχ
654 5774 873 5837 ἑκόντες
899 5769 1224 5844 ἡττώμενοι.

1607 5798 1701 5813 ιιι..

1940 4854 2045 4900 est.
2081 4842 2379 4913 Postquam
2408 4845 2553 4899 enim
2580 4844 2857 4899 revixerat
2882 4843 3136 4901 Christus
3157 4885 3172 4909 ,
3199 4855 3251 4902 et
3278 4848 3517 4902 redierat

1935 4936 1989 4990 in
2018 4936 2240 5001 cwlum,
2279 4945 2334 4991 ct
2357 4935 2489 5004 ipsis
2511 4950 2727 5005 quoque.
2783 4937 2985 4992 sanctis
3040 4938 3300 5007 apostolis
3344 4928 3519 4993 collo-

1939 5037 2136 5083 carunt
2168 5028 2413 5092 insidias,
2445 5036 2499 5080 et
2525 5035 2734 5082 tractos
2762 5028 2814 5081 in
2849 5028 3080 5083 concilia
3123 5029 3514 5098 verberaruat,

1938 5119 2171 5175 crimina
2205 5120 2565 5183 intentantes,
2597 5133 2661 5172 ac
2690 5118 2936 5173 dicentes
2975 5135 2989 5172 :
3020 5120 3212 5174 Annon
3261 5122 3519 5177 mandato

1940 5212 2318 5267 mandavimus
2336 5213 2488 5266 vobis
2515 5228 2580 5265 ne
2610 5212 2862 5279 cuiquam
2891 5212 3192 5283 loquamini
3221 5216 3274 5270 in
3300 5217 3520 5272 nomine

1939 5306 2044 5361 isto
2070 5305 2093 5359 ?
2123 5316 2175 5360 et
2209 5320 2338 5360 erce
2379 5305 2685 5373 reple-visus
2709 5304 3013 5360 Jerusalem
3048 5305 3290 5361 doctrina
3317 5323 3515 5363 vesrra.
3590 5366 3600 5386 \

1936 5396 2319 5467 ltaqueinhoc
2346 5398 2447 5451 visi
2498 5407 2624 5451 sunt
2661 5399 2992 5466 praevalere:
3036 5411 3295 5455 caeterum
3313 5409 3366 5454 et
3386 5415 3518 5453 con-

1937 5491 2119 5546 silium
2155 5501 2207 5545 et
2254 5490 2541 5560 prudentia
2579 5499 2635 5544 et
2680 5491 2841 5545 verba
2865 5530 2882 5556 ,
2946 5494 3129 5548 omnia
3167 5492 3271 5546 illis
3312 5504 3505 5558 parum

1936 5581 2282 5659 profuerunt.
2335 5581 2594 5636 Vicernut
2622 5579 2768 5635 enim
2811 5582 2982 5637 divini
3027 5579 3275 5650 discipuli
3323 5581 3551 5634 dicena'

1942 5686 2022 5729 tes
2058 5691 2071 5726 :
2107 5671 2396 5728 Nobiscum
2424 5673 2686 5729 Dominus
2728 5675 2869 5730 Deus
2900 5683 3005 5729 est.
3054 5677 3125 5731 At
3154 5672 3242 5726 isti
3291 5672 3519 5729 acerbae

1940 5780 2130 5833 poenas
2154 5766 2436 5830 dederunt,
2465 5763 2724 5823 Romanis
2754 5765 2922 5837 c0piis
2941 5765 3104 5823 etiam
3132 5763 3522 5837 nolentessubq

1937 5859 2067 5915 acti.
2702 5862 2739 5865 "
2878 5859 2893 5865 ”
2957 5859 2965 5865 ’
3035 5858 3040 5863 ’
3104 5854 3109 5860 ’
