4016 6494
529 314 625 370 221
1504 310 1561 364 8.
1600 307 1685 364 (Π
1700 305 1873 362 lllLLl
1915 304 2115 360 ALEXJ

2217 303 2397 359 DRINI
2436 303 2756 361 ABCIHEP.
3690 314 3803 368 2.52

609 410 765 465 Vsus.
810 410 896 474 Η,
932 409 1016 464 12.
1070 408 1159 464 Sic
1201 409 1328 462 dicit
1382 408 1676 462 Dominus:
1729 404 1883 460 Forti
1923 405 2108 459 monui
2139 411 2183 466 Α

2285 401 2453 455 Οὕτω
2479 402 2640 472 λέγει
2666 404 2910 470 Κύριος·
2939 402 3019 471 Τῇ
3051 402 3271 472 ἰσχυρᾷ
3287 404 3437 473 χειρὶ
3453 404 3799 474 ἀπειθοῦσι,

523 503 842 571 immorigeri
870 511 1013 565 sunt,
1040 500 1217 553 itineri
1268 500 1363 553 via:
1398 500 1581 568 populi
1605 500 1786 567 hujus,
1821 498 2053 550 dicentes
2079 511 2099 550 :

2216 492 2282 563 ινῇ
2311 495 2521 563 πορείᾳ
2558 494 2670 564 τῆς
2707 495 2851 549 ὀδοῦ
2891 493 2998 548 τοῦ
3031 495 3186 550 λαοῦ
3224 499 3441 552 τούτου
3474 500 3759 573 λέγοντες
3787 520 3802 533 ’

527 591 822 663 Nequundo
848 593 1045 655 dicunt,
1079 590 1309 645 Durum.
1344 589 1611 660 Quidquid
1637 591 1774 643 enim
1799 589 1924 641 dicit
1941 604 2106 659 popu-

2219 582 2455 650 Μήποτε
2489 584 2725 647 εἴπωσι,
2760 586 3059 652 Σκληρόν.
3114 584 3246 641 Πᾶν
3275 589 3387 656 γὰρ
3431 589 3465 642 ὃ
3511 591 3621 646 ἐὰν
3654 592 3805 662 elata

524 686 605 738 ius
635 685 739 748 hic,
773 685 965 736 durum
992 694 1090 736 est.

2202 674 2239 727 ὁ
2269 676 2421 742 λαὸς
2450 672 2652 743 οὗτος,
2683 678 2972 744 σκληρόν
3001 677 3192 732 ἐστιν.

597 776 711 829 Dixi
745 774 961 829 beatum
1018 776 1336 845 praphetam
1388 784 1703 830 sanctorum
1739 773 2103 841 apostolorum

2282 772 2461 842 Ἐφην
2490 771 2571 825 ὅτι
2606 770 2714 825 τῶν
2745 772 2916 840 ἁγίων
2942 772 3256 828 ἀποστόλων
3279 774 3372 827 καὶ
3393 775 3809 846 εὐαγγελιστιῖη

519 878 571 921 et
622 866 1077 937 evangelistarum
1143 882 1431 936 personam
1480 867 1584 922 sibi
1630 868 1989 937 imposuisse,
2050 876 2105 921 et

2221 862 2266 916 τὸ
2293 862 2585 934 πρόσωπον
2613 864 2793 935 ἑαυτῷ
2827 865 3125 936 περιτιθεὶς
3142 866 3171 918 ὁ
3197 866 3466 939 μακάριος
3485 870 3807 944 προφήτης,

520 958 752 1012 movisse
786 966 978 1028 gentes
996 973 1060 1014 ac
1090 957 1309 1014 Judaeos
1362 967 1422 1012 ut
1456 956 1676 1013 Christo
1723 957 2102 1026 subjiciantur,

2218 949 2411 1003 ἔθνεσιν
2435 968 2493 1004 τε
2524 952 2621 1005 καὶ⁹
2653 951 2926 1016 Ἰουδαίοις
2967 953 3236 1023 ἡττᾶσθαι
3267 955 3491 1029 Χριστῷ
3537 958 3804 1016 συνεϐού-

518 1059 687 1119 utque
725 1051 951 1104 audiant
1003 1051 1180 1118 ipsum
1210 1050 1374 1106 etiam
1428 1048 1483 1104 hi
1512 1049 1602 1119 qui
1641 1048 1693 1102 in
1724 1048 2104 1104 remotissimis

2218 1038 2423 1106 λευσεν,
2445 1040 2751 1096 ὑπακοῦσαί
2773 1059 2833 1095 τε
2864 1042 3012 1113 αὐτῷ
3039 1044 3138 1098 καὶ
3181 1044 3312 1109 τοὺς
3338 1046 3534 1120 μέχρις
3552 1049 3804 1120 ἐσχάτων

520 1151 684 1195 ωτι-ω
746 1141 946 1197 tluibus
996 1140 1271 1196 habitant.
1306 1139 1508 1195 Deinde
1577 1138 1715 1195 Deus
1758 1148 1964 1193 tantum
1996 1152 2101 1192 non

2218 1130 2305 1201 ιῆς
2335 1132 2457 1202 γῆς.
2490 1128 2625 1187 Εἶτα
2655 1133 2791 1198 Θεὸς
2820 1134 2958 1207 πρὸς
2994 1136 3159 1189 αὐτὸν
3186 1139 3470 1210 μονονουχὶ
3502 1138 3599 1193 καὶ
3621 1158 3804 1195 κατα-

520 1232 797 1288 demirans
839 1230 1054 1290 lsraelis
1087 1234 1499 1304 perversitatem
1530 1241 1587 1286 et
1635 1230 1899 1302 insignem
1938 1230 2104 1285 insci-

2218 1223 2501 1293 iaupdev
2547 1225 2648 1295 τὴν
2689 1224 2785 1279 τοῦ
2817 1226 3033 1299 Ἰσραὴλ
3080 1228 3377 1301 σκαιότητα
3427 1231 3523 1284 καὶ
3564 1231 3628 1288 τὸ
3674 1231 3804 1289 λίαν

518 1325 671 1391 tiam,
712 1326 819 1380 ait:
860 1326 1021 1399 140
1052 1326 1203 1382 Forti
1247 1326 1425 1379 manui
1466 1324 1797 1392 immorigeri
1838 1319 2104 1378 sunt.sEsl

2212 1313 2430 1385 Ξιμαθὲς,
2445 1314 2524 1388 Τῇ
2548 1318 2743 1389 ίσχυρᾷ
2758 1319 2922 1389 χειρὶ,
2951 1320 3139 1390 φησὶν,
3161 1320 3500 1376 ἀπειθοῦσιν.
3539 1342 3560 1375 ι
3579 1324 3798 1380 Παναλ-

517 1417 666 1471 enim
700 1418 1387 1487 prapotens:et‘inl’racta,
1428 1425 1486 1471 et
1507 1414 1852 1484 omnipotens
1880 1414 2100 1469 dextera

2216 1406 2302 1476 ιὴς
2319 1409 2447 1479 γὰρ,
2485 1426 2504 1462 ι
2540 1409 2636 1462 καὶ⁸
2664 1408 2988 1480 ἄθραυστος,
3016 1412 3112 1465 καὶ
3142 1413 3319 1469 πάντα
3356 1414 3617 1486 ἰσχύουσα
3647 1416 3802 1485 δεειά

519 1506 612 1560 Dei
668 1515 722 1561 et
771 1506 950 1563 Patris
973 1506 1165 1572 Filius,
1205 1520 1304 1576 per
1341 1519 1501 1576 quem
1556 1505 1763 1569 omnia,
1812 1512 1868 1558 et
1900 1504 1955 1557 in
1992 1518 2101 1574 quo

2212 1495 2294 1549 τοῦ
2323 1496 2460 1551 Θεοῦ
2488 1500 2586 1552 καὶ
2618 1500 2834 1571 Πατρὸς
2863 1501 2892 1553 ὁ
2932 1500 3081 1567 Υίὸς,
3111 1502 3179 1555 δι’
3203 1498 3264 1560 οὒ
3289 1505 3358 1560 τὰ
3385 1506 3584 1572 πάντα,
3613 1510 3706 1563 καὶ
3736 1511 3798 1562 ἐν

517 1600 723 1665 omnia,
766 1600 856 1669 qui
884 1598 1120 1656 abolevit
1153 1599 1358 1663 omnia,
1392 1597 1651 1654 contrivit
1674 1597 1954 1663 Satanam,
1981 1610 2103 1667 spo-

2207 1581 2241 1655 ᾧ
2285 1586 2356 1641 τὰ
2397 1590 2575 1644 πάντα
2596 1605 2611 1620 ·
2643 1592 2671 1644 ὁ
2699 1595 3051 1664 καταργήσας
3080 1593 3329 1661 θάνατον,
3360 1597 3454 1650 καὶ
3498 1599 3793 1672 συντρίψας

518 1692 672 1746 liavit
724 1691 927 1749 inferos
953 1731 970 1758 ,
1018 1701 1075 1748 et
1110 1690 1446 1761 corruptioni
1486 1688 1763 1760 subjectos
1815 1690 2100 1759 incorrup-

2204 1679 2293 1734 τὸν
2321 1681 2592 1748 Σατανᾶν,
2626 1684 2723 1739 καὶ
2751 1685 3054 1750 σκυλεύσας
3078 1688 3170 1741 τὸν
3191 1688 3343 1761 ᾅδην,
3367 1692 3461 1746 καὶ
3484 1693 3790 1765 ἀφθαρσίαν

519 1785 665 1839 tione
697 1785 937 1850 donavit,
985 1794 1147 1854 atque
1176 1782 1358 1839 omnia
1396 1782 1558 1838 sicuti
1586 1783 1655 1838 ab
1695 1781 1848 1837 initio
1886 1781 2100 1839 fuerant

2215 1773 2540 1846 ἴωρούμενος
2589 1779 2703 1842 τοῖς
2751 1778 2859 1832 ὑπὸ
2911 1778 3138 1850 φθορὰν,
3186 1782 3279 1836 καὶ
3323 1783 3682 1852 ἀνακαινίζων
3731 1789 3801 1845 τὰ

512 1878 814 1935 renovavit.
865 1878 957 1934 Sic
989 1879 1085 1950 qui
1144 1879 1201 1934 in
1238 1876 1458 1934 Christo
1520 1876 1719 1932 servati
1768 1883 1913 1939 sunt,
1964 1887 2098 1930 voce

2218 1868 2383 1923 πάντα
2412 1870 2549 1937 πρὸς
2569 1869 2630 1924 τὸ
2659 1873 2717 1925 ὲν
2746 1871 2962 1943 ἀρχαῖς.
2990 1871 3148 1926 Οὕτω
3175 1876 3270 1928 καὶ
3293 1875 3381 1930 διὰ
3408 1877 3508 1949 τῆς
3538 1879 3632 1933 τοῦ
3651 1880 3804 1951 ψάλ-

512 1968 796 2037 psallentis
825 1969 1050 2025 dicunt:
1091 1970 1355 2025 «Dextera
1382 1967 1590 2023 Domini
1622 1967 1802 2023 evexit
1835 1981 1943 2031 me,
1967 1967 2098 2022 dex-

2218 1970 2388 2022 ιοντος
2421 1959 2609 2031 φωνῆς
2645 1960 2697 2013 oi
2729 1960 2788 2013 ὲν
2814 1962 3035 2034 Χριστῷ
3061 1965 3392 2035 σεσωσμένοι
3424 1968 3605 2036 φασίν·
3643 1988 3663 2022 ι
3694 1974 3804 2023 Ae-

514 2071 631 2115 tera
678 2060 889 2116 Domini
940 2061 1192 2131 praestitit
1236 2060 1608 2116 virtutem“:
1657 2058 1867 2114 Dictum
1928 2058 2097 2113 etiam

2215 2049 2291 2117 Ξιά
2336 2051 2547 2122 Κυρίου
2593 2050 2776 2122 ὔψωσέ
2822 2070 2911 2124 με,
2940 2053 3090 2120 δεξιά
3121 2057 3328 2128 Κυρίου
3362 2060 3587 2131 ἐποίησε
3631 2060 3801 2116 δύνα-

511 2162 598 2209 est
625 2152 680 2206 in
710 2153 977 2208 canticis:
1014 2170 1035 2205 s
1065 2153 1296 2209 Dextera
1329 2151 1538 2207 Domini
1572 2150 1853 2205 nobilitata
1876 2159 1961 2205 est
1987 2148 2097 2204 for-

2211 2159 2316 2215 μιν.
2351 2162 2371 2196 ι
2424 2143 2652 2217 Εἴρηται
2710 2144 2767 2198 δὲ
2811 2148 2906 2201 καὶ
2949 2149 3007 2200 ὲν
3047 2146 3257 2222 ’ῼδαῖςο
3309 2171 3329 2204 ι
3368 2151 3432 2206 Ἦ
3474 2151 3626 2219 δεξιά
3675 2172 3797 2222 σου,

514 2244 770 2314 titudine,
823 2244 1046 2300 dextera
1082 2253 1197 2312 tua,
1248 2244 1495 2311 Domine,
1531 2243 1695 2313 fregit
1726 2242 2093 2299 inimicos”.s

2210 2238 2394 2311 Κύριε,
2421 2240 2732 2309 δεδόξασται
2762 2245 2820 2298 ὲν
2853 2245 3031 2317 ίσχύῖο
3059 2248 3091 2319 ἡ
3117 2247 3267 2319 δεξιά
3298 2265 3391 2307 σου
3424 2251 3564 2324 χεὶρ,
3594 2249 3796 2324 Κύριε,

518 2333 711 2406 itaque
761 2350 827 2391 eo
882 2336 1176 2407 impietatis
1202 2346 1260 2392 et
1310 2334 1534 2391 insaniat
1580 2342 1867 2398 venerunt,
1892 2342 1952 2386 ut
1973 2331 2099 2388 forti

2212 2331 2468 2405 ἔθραυσεν
2486 2335 2736 2409 ἐχθρούς.
2773 2358 2792 2391 ι
2823 2338 3032 2393 Οὐκοῦν
3057 2339 3403 2415 ἀνοσιότητός
3429 2359 3488 2397 τε
3511 2342 3672 2414 ὁμοῦ,
3696 2346 3798 2399 καὶ

516 2428 703 2484 manui
737 2427 897 2484 facile
916 2429 1259 2484 conservanti
1294 2427 1625 2496 immorigeri
1655 2440 1780 2483 esse
1803 2425 2096 2489 voluerint,

2209 2425 2311 2497 μὴν
2336 2428 2433 2481 καὶ
2460 2429 2889 2500 φρενοϐλαδείας
2915 2431 2997 2495 είς
3017 2431 3174 2486 τούτο
3195 2433 3598 2507 διεληλάκασιν,
3622 2434 3699 2501 ὼς
3722 2438 3795 2510 τῇ

510 2519 680 2589 idque
731 2533 831 2589 pro
868 2518 1038 2575 nihilo
1069 2518 1346 2575 duxerint.
1391 2517 1730 2588 lmmorigeri
1762 2526 1891 2573 sunt
1911 2517 2096 2582 etiam,

2210 2517 2406 2590 ἰσχυρᾷ
2444 2519 2592 2590 χειρὶ⁵
2634 2523 2703 2592 τῇ
2753 2519 3002 2598 σωζούσῃ
3044 2522 3244 2594 ῥαδίως
3277 2523 3523 2583 ἀπειθεῖν
3549 2524 3796 2590 ἑλέσθαι,

511 2611 712 2682 inquit,
739 2611 839 2667 via:
857 2611 1037 2683 populi
1067 2611 1250 2680 hujus,
1282 2610 1443 2682 cujus
1472 2625 1757 2681 personam
1788 2623 2097 2675 assumens,

2212 2611 2297 2663 καὶ
2344 2612 2479 2677 παρ’
2506 2612 2662 2667 οὐδὲν
2702 2613 2957 2685 ἡγεῖσθαι
3005 2614 3067 2668 τὸ
3111 2615 3697 2686 πρᾶγμα.Ἀπειθοῢσι
3734 2618 3798 2672 δὲ

507 2702 673 2760 modo
710 2705 924 2760 dixerat
955 2721 970 2758 :
1013 2702 1306 2761 Nobiscum
1341 2704 1503 2760 Deus.
1535 2703 1668 2771 Quae
1730 2703 1949 2761 tandem
2011 2702 2093 2757 via

2213 2703 2405 2774 ὁμοίως
2449 2707 2517 2777 τῇ
2567 2705 2766 2778 πορείᾳ
2805 2705 2901 2759 τοῦ
2941 2706 3076 2761 λαοῦ
3129 2707 3344 2774 τούτου,
3381 2708 3578 2785 φησίνο
3621 2700 3688 2769 οὖ
3733 2712 3799 2765 τδ

502 2805 591 2852 est
622 2795 807 2868 populi
837 2795 1039 2865 hujus?
1074 2796 1276 2850 Eorum
1307 2795 1402 2866 qui
1432 2793 1841 2851 Emmanuelem
1875 2796 2088 2862 habent,

2213 2795 2494 2867 πρόσωπον
2537 2796 2825 2852 ἀναλαϐὼν
2869 2798 3108 2869 ἔφασκεν
3162 2800 3360 2865 εὐθύςσ
3408 2802 3545 2857 Μεθ’
3569 2804 3731 2875 ἡμῶν
3768 2806 3799 2866 ὁ

504 2889 643 2944 ﬁdes
670 2887 1005 2958 evangelica,
1045 2887 1171 2943 vita:
1209 2886 1482 2942 institutio
1510 2895 1566 2941 et
1621 2890 1985 2953 conversatio,
2023 2888 2090 2944 le-

2212 2887 2565 2951 Θεό;.’οποία
2610 2889 2667 2943 δέ
2714 2890 2799 2956 τίς
2828 2892 2975 2946 ἐστιν
3008 2893 3041 2963 ὴ
3079 2892 3270 2966 πορεία
3310 2893 3405 2948 τοῦ
3449 2893 3623 2963 λαοῦ;
3672 2896 3798 2957 Τῶν

505 2979 613 3052 gali
641 2989 698 3036 et
748 2980 1024 3036 umbratili
1062 2979 1280 3048 reiecta.
1316 2978 1388 3034 Et
1448 2979 1782 3050 immorigeri
1841 2990 1968 3035 sunt
2003 2982 2091 3036 via

2202 2978 2433 3050 ἐχόντων
2476 2979 2568 3033 τὸν
2620 2981 3035 3054 Ἐμμανουὴλὴ
3074 2984 3256 3048 πίστις
3306 2985 3340 3059 ἡ
3390 2987 3470 3049 είς
3519 2986 3706 3054 αὑτὸν,
3752 2990 3788 3063 ἡ

504 3073 692 3144 p0puli
744 3072 924 3142 lmjus,
974 3073 1236 3137 dicentes,
1270 3070 1351 3126 Ne
1385 3073 1601 3142 quando
1629 3072 1841 3140 dicatis,
1874 3070 2090 3127 Durum.

2210 3072 2537 3145 εύαγγελικὴ
2571 3072 2835 3137 πολιτεία,
2859 3077 3297 3148 παρεωραμένης
3321 3081 3419 3150 τῆς
3443 3080 3500 3132 ἐν
3522 3079 3675 3154 νόμῳ
3700 3082 3796 3140 καὶ

506 3138 684 3222 Dinne
732 3138 879 3221 enim
909 3138 1055 3237 quod
1120 3163 1322 3219 dixerit
1368 3138 1743 3234 populushic,
1777 3138 1968 3219 durum
1992 3173 2092 3220 est.

2207 3162 2280 3227 ὡς
2399 3138 2596 3228 σκιαίς.
2616 3138 3022 3222 ’Λπειθοῢσίδὲ
3050 3138 3342 3243 ’πορείᾳ
3369 3138 3461 3224 τοῦ
3498 3138 3793 3235 λαοῦθτού-

507 3255 790 3327 Siquidetn
837 3255 1008 3310 durus
1045 3253 1332 3309 videbatur
1373 3252 1573 3308 Judaeis
1624 3266 1749 3307 esse
1788 3261 2093 3307 sanctorum

2202 3272 2294 3309 του
2324 3256 2570 3325 λέγοντες
2588 3275 2601 3287 '
2636 3260 2726 3331 Μή
2774 3276 2906 3313 ποτε
2935 3261 3152 3331 εἴπητε,
3182 3263 3444 3337 Σκληρόν.
3489 3266 3605 3325 Πᾶν
3624 3267 3737 3341 γὰρ
3759 3268 3788 3324 δ

506 3348 879 3419 apostolorum
910 3360 1132 3403 sermo:
1177 3346 1306 3416 quia
1346 3346 1666 3407 circumcisa
1693 3344 1841 3399 velut
1865 3354 1922 3398 et
1958 3343 2092 3399 able-

2207 3349 2296 3403 ἰὰν
2323 3352 2450 3421 εἴπῃ
2494 3352 2523 3405 ὁ
2556 3350 2684 3416 λαὸς
2712 3346 2867 3417 οὗτος
2890 3395 2906 3419 ,
2956 3354 3189 3432 σκληρόν
3227 3356 3365 3413 ἐστι.
3412 3358 3656 3434 Σκληρὸν
3684 3361 3793 3432 γὰρ

504 3447 632 3511 gata
668 3448 1068 3510 peropportune
1094 3438 1289 3493 umbra
1313 3475 1330 3503 ,
1358 3451 1465 3492 non
1499 3438 1792 3492 secundum
1826 3436 1991 3491 Mosis
2020 3436 2090 3490 le-

2209 3437 2341 3495 ιῖναί
2361 3460 2479 3506 πως
2500 3444 2612 3507 τοῖς
2647 3444 2926 3509 Ἰουδαίοις
2949 3447 3123 3505 ἐδόκει
3146 3447 3258 3505 τῶν
3282 3449 3454 3521 ἀγίων
3475 3451 3795 3513 ἀποστόλων

507 3542 629 3598 gem
663 3528 846 3583 vivere
877 3542 974 3584 eos
1030 3527 1180 3599 passi
1207 3534 1356 3596 sunt,
1403 3531 1497 3583 sed
1530 3528 1833 3597 evangelice
1855 3538 1910 3583 ct
1938 3528 2093 3597 spiri-

2207 3533 2228 3585 ὁ
2257 3531 2434 3601 λόγος,
2462 3533 2544 3586 ὅτι
2579 3535 3020 3605 περιστέλλοντες
3064 3538 3140 3602 ὡς
3184 3540 3244 3593 ὲν
3285 3540 3464 3612 καιρῷ
3502 3541 3578 3614 τῷ
3611 3542 3793 3601 δέοντι

509 3619 750 3675 tualiter.
2200 3623 2300 3695 τὴν
2327 3626 2513 3689 σκιὰν,
2546 3625 2649 3697 ζῇν
2693 3626 2793 3680 οὐκ
2838 3627 2964 3683 ετων
3012 3630 3155 3689 κατά
3195 3631 3287 3685 τὸν
3324 3634 3565 3707 Μωσέως
3595 3635 3789 3708 νόμον,

2196 3718 2570 3786 εὐαγγελικιῖκ
2600 3718 2657 3772 δὲ
2687 3719 2885 3790 μᾶλλον
2912 3722 3003 3774 καὶ
3026 3725 3432 3797 πνευματικῶς.

581 3791 748 3849 Vsus.
767 3793 852 3849 Li.
871 3792 942 3848 At
958 3794 1197 3849 timorem
1214 3810 1392 3850 corum
1410 3811 1474 3851 nc
1493 3796 1791 3862 timueritis,
1812 3814 1906 3852 nec
1919 3799 2100 3853 turbe-

2275 3808 2387 3861 Τὸν
2417 3807 2487 3861 δὲ
2515 3809 2704 3877 φόϐον
2730 3808 2932 3864 αὐτῶν
2970 3813 3042 3866 οὐ
3070 3791 3178 3882 ,μὴν
3198 3791 3519 3884 φοϐηθῆτε,
3557 3816 3685 3875 οὐδ’
3716 3820 3793 3880 οὐ

507 3887 661 3953 mini,
702 3886 989 3942 Dominum
1024 3888 1195 3957 ipsum
1238 3888 1423 3959 gloria:
1466 3902 1650 3946 sancte
1692 3892 1869 3958 colite,
1907 3902 1954 3946 ct
1995 3892 2093 3947 erit

2209 3899 2280 3968 μὴ
2318 3899 2674 3969 ταραχθῆτε,
2697 3903 2917 3970 Κύριον
2934 3903 3123 3958 αὑτὸν
3148 3906 3457 3975 ἁγιάσατε,
3479 3909 3578 3964 καὶ
3604 3911 3795 3980 αὐτὸς

504 3979 616 4047 ipse
655 3979 815 4033 timor
844 3988 987 4035 tuus.
1014 3976 1089 4034 Et
1139 3981 1187 4035 si
1227 3982 1327 4051 ipsi
1373 3982 1602 4052 conﬁsus
1639 3983 1823 4051 fueris,
1868 3987 1966 4038 erit
2005 3986 2090 4039 tibi

2205 3993 2373 4047 ἔσται
2404 4008 2505 4047 σοι
2533 3997 2741 4063 φόϐος.
2767 3997 2875 4050 Kal
2914 3995 3024 4050 ἐὰν
3053 3997 3148 4050 ἐπ’
3174 3997 3337 4065 αὐτῷ
3364 4002 3662 4074 πεποιθὼς

505 4070 1000 4140 sanctiﬁcationi,ct
1039 4088 1147 4129 non
1186 4083 1246 4128 ut
1278 4073 1448 4146 lapidi
1474 4076 1781 4147 olensionis
1805 4079 2091 4145 occurretis

2207 4085 2370 4139 ἔσται
2393 4099 2494 4139 σοι
2525 4088 2614 4152 εις
2641 4086 2927 4156 ἁγίασμα,
2968 4087 3065 4143 καὶ
3109 4092 3224 4159 οὐχ
3265 4091 3346 4158 ὡς
3377 4094 3557 4149 λίθου
3594 4070 3793 4168 «ego.

503 4164 573 4231 ci,
612 4179 705 4219 nec
739 4174 795 4219 ut
820 4173 983 4237 petra:
1012 4167 1203 4225 ruinis.

2208 4176 2452 4246 κόμματι
2470 4178 2894 4247 συναντήσετε
2915 4179 3095 4247 αὐτῷ,
3122 4182 3250 4237 οὐδ’
3269 4183 3351 4252 ὡς
3384 4186 3602 4259 πέτρας
3630 4164 3794 4253 artib-

2281 4286 2352 4324 τι.

574 4347 711 4403 Cum
795 4349 1182 4418 perstrinxerit
1233 4360 1362 4407 ante
1445 4353 1966 4427 Hierosolymltauos
2038 4364 2098 4412 ut

2208 4284 2352 4333 uari.

2267 4363 2770 4435 Προαιτιασὰμενος
2795 4365 2923 4429 τοὺς
2965 4365 3023 4434 ἐξ
3056 4367 3270 4442 Ἰσραὴλ
3293 4369 3368 4435 ὡς
3396 4371 3645 4433 ἀπειθεῖν
3671 4376 3794 4436 ἑλο-

502 4441 886 4543 immorigeros
939 4442 1043 4498 vite
1090 4443 1294 4515 populi,
1334 4444 1631 4503 Christiani
1687 4450 1967 4517 nimirum,
2036 4459 2088 4508 et

2205 4453 2394 4524 μένους
2424 4456 2491 4525 τῇ
2520 4455 2716 4527 πορείᾳ
2741 4456 2835 4511 τοῦ
2867 4459 3019 4525 λαοῦ,
3038 4460 3134 4518 τοῦ
3162 4463 3219 4515 ὲν
3251 4462 3473 4537 Χριστῷ
3500 4466 3659 4543 δῆλον
3680 4468 3791 4537 ὅτι,

504 4531 750 4601 mysticis
805 4542 1118 4589 sanctorum
1182 4537 1551 4606 apostolorum
1607 4540 2087 4597 institutionibus:

2207 4546 2293 4635 καὶ
2339 4548 2460 4609 ταῖς
2507 4546 2616 4600 τῶν
2645 4549 2817 4618 ἁγίων
2844 4552 3154 4607 ἀποστόλων
3186 4572 3256 4632 μυ
3267 4531 3620 4628 σταγωγίαις,
3652 4531 3793 4635 μεθλ

502 4622 809 4677 orationem
868 4626 1259 4683 consolationis
1312 4626 1526 4697 plenam
1569 4630 1639 4686 ad
1672 4646 1766 4687 eos
1793 4635 2087 4699 convertit,

2206 4633 2379 4706 ίστησι
2412 4637 2546 4709 πρὸς
2578 4640 2774 4705 αὐτοὺς
2801 4641 2893 4695 τὸν
2923 4644 3020 4714 τῆς
3047 4622 3669 4721 παρακλήσεως-λόγον..
3690 4656 3792 4714 καὶ

502 4722 559 4769 et
586 4714 843 4770 invictum
867 4716 1106 4772 animum
1144 4719 1249 4774 illis
1281 4718 1452 4785 addit,
1477 4736 1585 4776 non
1611 4721 1810 4777 debere
1835 4724 2088 4794 inquiens

2205 4723 2504 4797 ἄθραυστον
2554 4731 2738 4795 αὐτοῖς
2791 4714 3145 4805 ἐνεργάζεται
3189 4714 3334 4803 νοῦν,
3365 4740 3445 4811 μὴ
3476 4714 3558 4815 δὴ-
3584 4714 3791 4817 χρῆναι

503 4803 697 4859 timere
736 4818 851 4870 eos,
905 4805 998 4874 qui
1029 4806 1137 4861 illis
1163 4805 1499 4877 immbrigeri
1542 4815 1689 4874 sunt,
1745 4822 1845 4864 nec
1866 4811 2089 4866 omnino

2204 4817 2373 4888 λέγων
2403 4820 2632 4877 δεδιέναι
2676 4826 2803 4890 τοὺς
2841 4803 3202 4894 ἀπειθοῦντας
3248 4803 3453 4896 αὐτοῖς,
3677 4803 3790 4909 pcipi

502 4901 726 4964 propter
747 4910 936 4950 eorum
969 4897 1226 4952 ferociam
1274 4898 1623 4955 tumultuari:
1658 4900 1752 4955 sed
1779 4900 1891 4955 Deo
1909 4903 2088 4971 potius

2203 4911 2334 4977 ὅλως
2361 4913 2452 4969 τὸν
2486 4916 2551 4970 ὲκ
2580 4918 2679 4989 τῆς
2724 4920 2948 4975 ἐκείνων
2977 4923 3298 4995 σκαιότητος
3329 4897 3789 4998 εἰσδέχεσθαι-θό-

506 4986 768 5053 conlisos,
803 4988 1052 5044 hostibus
1075 4987 1300 5058 juvenili
1332 4989 1618 5046 alacritate
1665 4993 1960 5050 insultare:
1992 5010 2092 5065 pro

2202 5003 2375 5073 ρυδον·
2405 4986 2814 5079 τεθαρῥήκότας
2853 5009 2911 5065 δὲ
2945 5012 3146 5082 μᾶλλον
3185 4986 3291 5069 ’ἐπί
3338 4986 3506 5088 981;):
3509 5035 3788 5074 κατανεα-

500 5087 654 5134 certo
675 5079 934 5136 habentes
979 5095 1105 5136 eum
1148 5094 1297 5136 arma
1340 5081 1473 5151 ipsis
1516 5080 1636 5139 fore
1671 5093 1729 5140 et
1757 5100 1939 5140 arcem
1981 5086 2086 5141 for-

2203 5094 2463 5151 ιιεύεσθαι
2495 5098 2604 5153 τῶν
2634 5101 2867 5172 ἐχθρῶν·
2985 5106 3194 5172 εἰδότας
3231 5108 3315 5162 δτι
3354 5079 3647 5169 καίήὸπλον
3692 5113 3789 5167 αὑ-

501 5169 783 5228 titudinis:
828 5186 995 5242 seque
1035 5169 1197 5227 facile
1234 5184 1587 5244 superaturos
1636 5191 1732 5232 eos
1757 5178 1847 5248 qui
1876 5181 2087 5236 restite-

2198 5190 2301 5252 τοῖς
2348 5189 2522 5257 ἔσται,
2558 5192 2656 5245 καὶ
2689 5193 2901 5266 πύργος
2938 5196 3142 5268 ἰσχύος,
3177 5199 3273 5254 καὶ
3320 5204 3784 5274 κατακρατήσου-

499 5262 632 5316 rint.
673 5261 812 5318 Hinc
853 5264 970 5318 ait:
1022 5263 1298 5319 Timorem
1323 5278 1510 5320 eorum
1546 5282 1616 5323 ne
1645 5269 1959 5340 timueritis,
1993 5286 2085 5328 ne-

2198 5297 2275 5334 στν
2295 5280 2533 5347 εὐκόλως
2554 5282 2664 5338 τῶν
2684 5261 3117 5358 ἀνθεστηκότωνξ
3140 5288 3411 5364 Ταύτῃτοί
3441 5261 3610 5364 (9133“!
3629 5261 3644 5323 Σ
3675 5294 3784 5348 Τὸν

498 5366 606 5424 que
671 5354 994 5410 turbemini.
1032 5353 1125 5408 Sin
1177 5355 1307 5409 velit
1352 5356 1618 5427 quispiam
1669 5361 1782 5416 haec
1830 5364 2082 5421 subtilius

2197 5372 2245 5426 ss
2270 5372 2434 5442 φόϐον
2459 5374 2638 5429 αὐτῶν
2663 5377 2724 5431 ού
2755 5377 2831 5450 μὴ
2864 5353 3160 5453 φοϐηθῆτε,
3191 5353 3326 5437 οὐδε.
3337 5353 3672 5456 ταραχθῆτε.
3714 5386 3783 5440 Εἰ

497 5442 752 5545 scrutari,
789 5442 943 5515 ιιι
969 5455 1023 5498 et
1052 5445 1158 5500 alio
1186 5447 1347 5503 modo
1377 5449 1479 5503 hoc
1511 5449 1694 5507 licebit
1715 5452 2081 5525 interpretari:

2194 5463 2245 5517 δὲ
2286 5463 2350 5539 δή
2392 5482 2479 5530 τις
2524 5442 2769 5538 βούλοιτο
2811 5442 2935 5535 ταῖς
2985 5442 3095 5526 τῶν
3145 5442 3518 5546 προκειμένων
3545 5442 3780 5543 ἐννοίαις

499 5533 581 5590 sic
633 5545 815 5591 autem
865 5549 953 5591 res
977 5550 1039 5591 se
1098 5537 1285 5595 habet.
1350 5538 1522 5597 Judaei
1564 5544 1708 5602 enim
1745 5560 1851 5605 non
1891 5562 2082 5621 parum

2193 5533 2375 5627 ισχνδν
2411 5533 2613 5614 ἐνιέναι
2642 5560 2734 5616 τὸν
2769 5533 3037 5633 νοῦν,νιιαὶ
3069 5533 3198 5624 καεὶς
3212 5533 3398 5640 ἕτερον
3429 5568 3563 5624 αὐτὸ
3591 5533 3779 5645 voti)“;

564 5689 616 5728 ⁸⁸
634 5691 950 5764 Psai.cxvu,
974 5695 1063 5755 l6.
1137 5697 1183 5732 ε’
1206 5697 1376 5758 Exod.
1399 5716 1490 5770 xv,
1515 5702 1570 5761 6.
2140 5669 2173 5726 θ
