2008 3233
119 176 180 207 233

121 235 326 272 τρόπον.”Ἐστι
348 234 377 260 δὲ
400 230 632 264 οὓτως.Ὶουδαῖοι
651 230 701 267 μὲν
719 230 772 266 γὰρ
798 229 933 256 ἐδεδίεσαν

123 285 154 310 οὐ
170 282 284 318 μικρῶς
309 281 348 317 μὴ
365 280 419 316 ἄρα
432 288 490 311 πως
505 278 565 314 Θεῷ
580 278 807 313 προσκρούσειαν,
822 275 933 303 διωθού-

126 337 203 365 μενοι
223 328 277 363 μὲν
290 327 341 362 τῆς
358 328 386 352 ὲν
402 326 478 361 νόμῳ
504 324 642 355 πολιτείας
658 323 707 359 τὴν
727 322 802 349 ὁδόν·
820 322 933 357 προσιέέ

127 383 203 411 μενοι
224 374 255 400 δὲ
273 373 324 400 τοῦ
341 373 469 408 Σωτῆρος
482 371 528 397 τὸν
547 370 626 404 λόγον
641 369 805 404 ἀφιστάντος
821 368 874 395 τῶν
889 367 934 393 τύ-

129 429 198 450 πων,
216 419 267 446 καὶ
286 419 356 454 παρ’
379 417 456 444 οὐδὲν
484 416 613 453 ἡγεῖσθαι
641 415 859 450 προστάττοντος
884 414 934 448 τὴν

134 467 219 493 σκιάν.
231 465 290 491 Καὶ
308 465 377 499 γοῦν
391 464 511 499 ἔφασκον
529 463 593 499 περὶ
609 461 692 489 αὑτοῦ
702 470 709 476 ⁸
730 471 740 487 ι
755 461 785 487 El
799 458 845 487 οὖν
856 456 934 491 οὗτος

135 512 148 538 ὁ
162 511 302 547 ἅνθρωπος
321 511 399 544 παρὰ
420 509 500 541 Θεοῦ,
516 509 566 535 οὐκ
582 508 615 534 ἂν
631 507 691 533 ἔλυε
707 507 736 533 τὺ
752 506 900 533 Σάϐϐατον.
923 514 932 530 ι

135 558 190 583 Ὀτι
216 556 313 582 τοίνυν
334 556 359 582 εἰ
378 555 425 582 καὶ
441 553 513 591 ἦσαν
533 554 564 587 ἐξ
586 553 720 580 Ἰουδαίων
744 554 768 579 oi
795 552 934 579 θεσπέσιοι

132 602 262 639 μαθηταὶ,
281 601 479 637 παραιτεῖσθαι
501 600 572 637 χρῆν
597 599 696 631 αὐτοὺς
712 599 759 625 τὸν
778 598 832 625 τῶν
857 599 935 624 ἀπει-

130 648 246 674 θούντων
266 647 363 681 φόϐον,
380 647 515 678 δεδιότων,
535 646 572 678 ὡς
594 646 672 680 ἔφην,
695 645 880 680 προσκροῦσαι
898 644 935 680 τῷ

129 696 212 729 νόμῳ.
229 695 278 721 διά
291 702 324 727 γε
339 693 388 720 τοῦ
415 693 464 729 ζῇν
489 692 598 719 ἑλέσθαι
621 692 721 727 μᾶλλον
738 691 934 724 εὐαγγελικὼς,

130 741 280 775 παρεγγυᾷ
296 740 403 774 λέγων·
419 740 471 766 Τὸν
492 739 520 765 δὲ
537 739 619 772 φόῦον
636 737 725 765 αὐτῶν
740 738 769 764 οὺ
787 737 824 772 μὴ
850 736 936 772 φοϐη-

129 788 203 822 θῆτε,
221 787 278 813 οὐδ’
294 787 326 813 οὐ
347 786 385 822 μὴ
407 786 583 821 ταραχθῆτε·
606 784 761 819 ἁγιαξέσθω
778 785 806 810 δὲ
825 784 935 819 μᾶλλον,

128 834 208 868 φησι,
223 833 294 868 παρ’
311 832 391 868 ὑμῶν
409 833 423 859 ὁ
439 832 488 867 τῆς
507 832 585 867 δόξης
604 832 716 867 Κύριος,
733 831 806 857 τοῦτ’
821 831 905 860 ἔστιν,
924 832 937 857 ό

128 879 259 915 Χριστὸς,
277 879 326 904 καὶ
347 877 475 913 τιμάσθω
498 879 530 912 τῇ
559 877 662 908 πίστει,
677 878 724 904 καὶ
738 876 853 911 φοϐερὸς
867 876 937 902 ἔστω

718 170 751 200 ΙΝ
773 171 888 201 ΙΒᾹΙᾹΜ
909 170 975 198 ΜΒ.
992 171 1015 198 I.
1037 169 1140 197 ORAT.
1161 169 1193 197 ν.

1725 169 1776 196 εδδ

950 234 970 262 Α
986 226 1153 258 metuebant,
1177 234 1211 253 ne
1227 233 1280 261 quo
1295 226 1374 253 modo
1396 225 1480 253 Deum
1499 226 1677 259 offenderent,
1696 228 1717 254 si
1738 228 1777 254 le-

985 272 1052 308 galis
1071 272 1186 299 instituti
1202 272 1272 298 viam
1300 272 1483 307 repudiarent,
1505 278 1531 300 et
1555 274 1706 301 Servatoris
1721 281 1779 300 scr-

985 325 1104 350 monem,
1123 318 1168 352 qui
1196 325 1211 344 a
1226 317 1319 352 ﬁguris
1335 323 1431 344 avocat
1452 323 1478 345 et
1503 320 1625 346 umbram
1649 319 1723 346 nihili
1738 318 1778 345 fn—

985 371 1047 389 cerc
1063 364 1195 397 praecipit,
1213 363 1374 397 reciperent.
1389 363 1495 390 Etenim
1515 364 1549 391 de
1567 364 1612 391 illo
1629 365 1753 392 dicebant
1770 371 1776 390 :

988 408 1033 436 (Si
1050 410 1092 437 hic
1111 409 1192 436 homo
1208 417 1222 435 a
1238 409 1292 436 Deo
1306 414 1389 443 esset,
1408 411 1564 445 neutiquam
1582 411 1694 439 violaret
1709 411 1778 438 Sab-

985 457 1138 485 batnm‘M
1156 456 1289 489 Quoniam
1307 464 1372 491 ergo
1389 464 1423 484 ex
1439 456 1540 485 Judazis
1557 467 1618 485 cum
1633 464 1723 486 essent
1737 459 1779 485 di-

986 504 1041 530 vini
1058 503 1192 536 discipuli,
1214 503 1335 530 aversuri
1345 508 1423 530 erant
1441 508 1541 531 metmn
1557 511 1649 531 eorum
1662 506 1707 540 qui
1726 513 1778 532 non

985 550 1142 581 credebant,
1160 550 1311 577 timentium
1335 550 1360 576 in
1374 550 1475 583 legem,
1497 555 1527 578 ut
1544 551 1611 583 dixi,
1631 552 1780 586 impingere

986 598 1008 624 si
1033 597 1217 632 evangelicum
1242 597 1325 624 vitam
1346 597 1424 632 legali
1457 597 1627 632 praeferrent,
1658 598 1781 633 przt‘c'tpil

987 643 1096 670 dicens:
1110 643 1246 669 Timorem
1266 650 1359 670 eorum
1386 650 1418 670 ne
1438 643 1593 675 timueritis,
1620 652 1707 678 neque
1722 650 1780 670 tur-

986 687 1097 720 bemini,
1123 688 1170 715 sed
1206 688 1296 723 potius
1319 694 1413 716 sancte
1434 689 1538 716 colatur
1558 697 1571 715 a
1590 690 1665 716 vobis
1690 689 1782 724 gloria!

989 734 1128 766 Dominus,
1153 734 1177 760 id
1195 738 1236 761 est
1251 735 1375 762 Christus
1387 756 1394 768 ,
1420 740 1447 762 et
1471 735 1576 762 calatur
1591 735 1606 762 li
1619 736 1653 767 le,
1672 741 1698 762 et
1713 737 1783 770 apud

988 789 1035 809 vos
1049 781 1084 808 sit
1099 781 1237 809 terribilis.
1256 782 1313 808 Erit
1324 782 1397 809 enim
1411 782 1455 810 ille
1471 783 1546 810 vobis
1563 783 1783 813 sanctiﬁcationi,

988 835 1037 855 nec
1049 832 1078 854 ιιι
1094 827 1174 862 lapidi
1198 828 1357 856 offensionis
1370 830 1522 857 occurrelis
1539 830 1575 863 ei,
1594 838 1644 858 nec
1660 835 1688 857 ut
1702 836 1785 865 petra!

990 873 1082 900 ruinm.
1099 874 1155 901 Duo
1171 875 1312 901 constituit
1325 875 1350 902 in
1369 875 1415 902 illo
1437 884 1532 911 magna
1550 884 1581 903 ac
1599 878 1710 904 eximia.
1727 877 1783 904 Pri-

128 926 191 960 παρ’
210 925 394 959 ὑμῖν,Ἐσται
417 924 471 959 γὰρ
487 923 573 954 οὕτως
594 923 658 957 ὑμῖν
676 923 809 957 ἁγίασμα,
827 922 872 948 καὶ
889 922 937 956 οὐχ

995 927 1061 946 :num
1078 921 1194 947 etenim:
1211 921 1408 953 Sanctiﬁcabit,
1424 923 1521 957 inquit,
1538 931 1586 951 vos
1597 924 1642 958 qui
1662 924 1785 956 creditis,

124 970 164 1002 ὡς
188 970 269 996 λίθου
288 969 484 1004 προσκόμματι
507 969 686 1003 συναντήσετε
713 967 796 1002 αὐτῷ,
816 967 876 993 οὐδὲ
901 967 938 998 ὡς

124 1017 235 1052 πέτρας
251 1016 394 1051 πτώματι.
411 1015 463 1041 Atio
479 1014 587 1049 τίθησιν
612 1015 641 1040 ἐν
666 1013 740 1049 αὑτῷ
765 1013 871 1048 μεγάλα
892 1013 939 1040 καὶ

123 1063 272 1098 ἐξαίρετα.
287 1062 401 1098 Πρῶτον
416 1061 465 1096 μὲν
477 1062 541 1095 γὰρ,
554 1061 674 1094 ἁγιάσει,
688 1061 778 1096 φησὶν,
793 1061 864 1095 ὑμᾶς
875 1061 939 1091 τοὺς

124 1109 328 1140 πιστεύοντας,
346 1109 394 1135 καὶ
410 1109 542 1143 μετόχους
555 1108 691 1141 ἁποηξανεί
701 1107 750 1142 τῆς
766 1106 839 1138 θείας
854 1106 937 1133 αὑτοῦ

124 1155 241 1190 φύσεως
254 1155 301 1181 διὰ
316 1154 363 1180 τοῦ
376 1154 455 1188 ἁγίου
472 1153 629 1188 Πνεῦματος
639 1160 645 1166 ·
662 1152 816 1188 κερδανεῖτε
827 1152 855 1178 δὲ
869 1152 939 1187 πρὸς

126 1201 231 1236 τούτῳ,
246 1201 280 1227 τὺ
298 1202 368 1236 μήτε
383 1201 422 1231 ὼς
437 1200 514 1235 λίθῳ,
535 1200 603 1235 μήτε
627 1199 681 1234 μὴν
702 1198 739 1230 ὡς
757 1199 845 1234 πέτρα
859 1207 939 1225 σκαν-

125 1249 211 1276 δάλου
238 1248 453 1284 περιπεσεῖν.¹“0
475 1247 507 1281 δὴ
534 1247 581 1273 καὶ
606 1245 772 1272 πεπόνθασιν
786 1246 810 1271 οἱ
825 1245 940 1276 τάλανες

132 1296 262 1322 Ἰουδαῖοι
275 1295 322 1321 διὰ
340 1294 441 1330 πολλὴν
458 1293 529 1327 ἄγαν
545 1292 665 1328 ἀμαθίαν
683 1291 940 1326 λέγοντες·‹Ἢμεῖς

125 1342 246 1376 οἴδαμεν
266 1342 310 1369 ἣτι
334 1341 421 1375 Μωσῆ
441 1340 588 1374 λελάληκεν
608 1340 621 1365 ὁ
636 1338 716 1370 Θεός·
737 1337 831 1363 τοῦτον
848 1337 875 1363 δὲ
889 1338 940 1364 οὐκ

127 1387 246 1423 οἴδαμεν
267 1385 569 1413 πόθενὲστίνηοὺκοῦν
584 1384 734 1419 ἐπειδήπερ
750 1382 811 1410 οὔτε
825 1383 939 1418 ἡγίασαν

128 1436 227 1468 αὑτὸν,
249 1435 314 1462 οὗτε
339 1439 393 1470 μὴν
410 1436 506 1471 ἤθελον
522 1433 566 1460 ἐπ’
579 1432 654 1467 αὐτῷ
669 1432 839 1463 πεποιθέναι,
872 1441 957 1467 μεμεν

993 972 1019 993 et
1049 967 1194 1001 patticipes
1222 967 1316 995 reddet
1343 974 1391 994 vos
1420 967 1520 996 divina:
1545 976 1599 996 sua:
1619 973 1721 997 natura:
1739 978 1787 1004 per

992 1017 1115 1040 sanctum
1132 1013 1262 1048 Spiritum
1278 1022 1284 1040 :
1301 1018 1382 1049 atque
1400 1015 1450 1042 hoc
1472 1022 1579 1050 quoque
1598 1015 1663 1043 lucri
1681 1015 1785 1043 atteret.
1807 1020 1812 1022 ί

993 1066 1021 1088 ιιι
1043 1069 1093 1089 nec
1107 1062 1179 1090 velut
1206 1063 1231 1089 in
1254 1062 1381 1098 lapidem,
1397 1070 1447 1090 nec
1475 1063 1541 1089 utin
1569 1067 1671 1097 petram
1703 1063 1782 1090 olfen-

993 1108 1078 1135 sionis
1108 1109 1243 1136 incidatis.
1261 1109 1339 1142 Quod
1357 1108 1464 1136 miseris
1490 1107 1594 1136 Jndacis
1611 1109 1711 1137 accidit
1725 1118 1788 1144 pro-

994 1158 1054 1188 pter
1067 1154 1231 1190 singularem
1250 1155 1397 1188 inscitiam,
1413 1164 1473 1182 cum
1489 1156 1583 1183 aiunt:
1606 1154 1676 1184 cNos
1688 1158 1787 1184 scimus

994 1198 1059 1225 Mosi
1073 1199 1190 1227 locutum
1206 1207 1266 1228 esse
1282 1200 1375 1233 Deum,
1391 1201 1462 1227 hunc
1482 1208 1546 1228 vero
1567 1201 1701 1229 nesciams
1719 1203 1789 1229 unde

994 1245 1089 1274 εἰι⁸¹.ι
1112 1246 1195 1273 Proin
1216 1255 1276 1274 cum
1296 1254 1357 1274 eum
1376 1254 1425 1274 nec
1440 1251 1534 1274 sancte
1549 1248 1680 1280 colerent,
1700 1257 1748 1276 nec
1765 1250 1789 1276 ci

995 1293 1108 1320 credere
1144 1292 1253 1325 vellent,
1284 1294 1508 1321 sanctiﬁcationis
1533 1295 1643 1321 omnino
1665 1299 1791 1330 expertes

994 1340 1169 1371 astiterunt,
1191 1344 1218 1367 et
1233 1339 1350 1375 prolapsi
1368 1345 1494 1375 tanquam
1518 1341 1551 1367 ad
1567 1341 1683 1375 lapidem
1707 1342 1791 1376 impe-

994 1389 1100 1420 gerunt,
1119 1386 1299 1420 omnibusque
1315 1387 1341 1413 in
1363 1386 1439 1414 malis
1454 1387 1554 1414 versati
1574 1392 1647 1414 sunt.

961 1433 1045 1468 ήκασι
1076 1433 1126 1469 μὲν
1155 1433 1295 1469 ἁγιασμοῦ
1312 1433 1452 1467 παντελῶς
1480 1435 1622 1471 ἀμέτοχοι,
1639 1436 1789 1472 προσπταί-

130 1493 233 1515 σαντες
250 1483 281 1510 δὲ
300 1483 338 1515 ὡς
353 1482 421 1517 λίθῳ
435 1481 609 1514 πεπτώκασι,
625 1480 673 1507 καὶ
683 1480 712 1506 ἐν
724 1480 805 1506 παντὶ
816 1480 944 1513 γεγόνασι
961 1479 1052 1515 κακῷ.

182 1534 204 1557 υ
220 1531 247 1556 δὲ
267 1527 345 1560 οῗκος
365 1527 463 1555 Ἰακὼϐ
488 1528 517 1553 ὲν
539 1526 644 1561 παγιδι,
660 1525 707 1553 καὶ
729 1527 757 1552 ὲν
779 1525 943 1560 κοιλάσματι

1034 1527 1115 1554 Vens.
1138 1526 1180 1559 15,
1199 1526 1241 1554 16.
1265 1527 1362 1554 Domus
1382 1527 1466 1556 Jacob
1477 1529 1503 1556 in
1519 1529 1625 1564 laqueo,
1639 1534 1663 1556 et
1680 1529 1706 1556 in
1720 1530 1794 1557 vo!"-

132 1576 328 1611 ἐγκαθήμενοι
343 1576 372 1601 ἐν
396 1573 578 1609 Ἰερουσαλήμ
588 1581 595 1588 σ
609 1573 653 1599 διὰ
669 1571 749 1598 τοῦτο
762 1571 946 1607 ἀδυνατήσουο

134 1632 177 1651 σιν
197 1624 228 1649 ὲν
246 1623 343 1653 αὐτοῖς
363 1620 468 1653 πολλοὶ,
487 1620 535 1646 καὶ
558 1619 705 1646 πεσοῦνται
730 1618 777 1644 καὶ
800 1618 946 1653 συντριὸή-

136 1677 241 1700 σονται,
265 1668 317 1694 καὶ
341 1667 493 1701 ἐγγιοῦσιν,
508 1665 556 1692 καὶ
579 1664 730 1692 ἁλώσονται
756 1663 894 1700 ἅνθρωποι
918 1666 946 1691 ἐν

140 1715 275 1750 depulsi;
298 1714 388 1745 ὅντες.
407 1713 476 1739 Τότε
497 1712 609 1747 φανεροὶ
623 1711 731 1737 ἔσονται
751 1710 775 1736 ol.
796 1711 946 1746 σφραγιζόε

146 1769 224 1797 μενοι
236 1761 279 1787 τον
293 1761 379 1794 νόμον
392 1759 440 1785 τοῦ
458 1759 495 1794 μὴ
510 1757 618 1793 μαθεῖν.

185 1801 215 1833 Ὀ
232 1806 314 1841 σορὸς
330 1806 384 1840 ἔφη
397 1805 606 1840 Παροιμιαστής
617 1810 624 1819 λ
642 1813 651 1829 ι
666 1803 724 1835 Υἱὲ,
740 1803 777 1839 μὴ
794 1802 916 1839 ζηλούτω
930 1803 947 1838 ὴ

141 1854 239 1889 καρδία
266 1862 315 1880 σου
343 1851 535 1888 ἁμαρτωλοὺς,
550 1850 608 1877 ἀλλ’
623 1850 652 1877 ὲν
675 1849 750 1885 φόϐῳ
773 1850 876 1885 Κυρίου
894 1849 948 1876 ἴσθι

138 1900 204 1935 ὃλην
220 1900 273 1935 τὴν
287 1898 409 1934 ἡμέραν.
426 1907 435 1923 ι
457 1897 563 1933 Πρέποι
581 1896 635 1931 γὰρ
661 1896 694 1923 ἂν
712 1895 777 1928 τούς
792 1904 823 1930 γε
839 1895 948 1931 ἀληθῶς

138 1946 324 1982 ἀρτίφρονας,
347 1944 386 1980 μὴ
407 1944 457 1979 τῆς
484 1943 539 1969 τῶν
566 1942 675 1977 φαύλων
696 1941 866 1977 σκαιότητος,
881 1941 949 1967 ἀλλὰ

137 1992 191 2029 τῆς
204 1992 262 2018 τῶν
279 1990 393 2025 ἀγαθῶν
407 1990 559 2020 ἐπιεικείας
578 1989 706 2023 γενέσθαι
729 1988 862 2024 μιμητάς.
877 1988 949 2014 Οὐκ-

137 2037 188 2064 οῦν
214 2037 370 2072 ἐπειδήπερ
392 2037 450 2066 τοῖς
475 2035 563 2069 ἁγίοις
585 2034 765 2061 συνεϐούλευε
795 2034 948 2070 μαθηταῖς,

138 2082 272 2117 ἁγίασμα
291 2081 341 2116 μὲν
364 2080 501 2107 ποιεῖσθαι
515 2079 644 2115 Χριστὸν,
660 2079 819 2106 πεποιθέναι
833 2079 861 2106 δὲ
878 2079 948 2114 μᾶλ-

137 2129 189 2156 λον
201 2129 249 2154 ἐπ’
264 2127 351 2162 αὐτῷ,
365 2127 413 2153 καὶ
427 2126 476 2158 τὰς
493 2126 547 2153 τῶν
564 2126 717 2152 διωκόντων
731 2125 861 2156 ἀπονοίας
871 2126 949 2160 ἡγεῖ.

139 2174 208 2201 σθαι
221 2173 319 2209 μηδὲν,
335 2173 549 2209 προσεπήγαγεν
562 2171 730 2205 ἀναγκαίως,
744 2171 794 2197 ὅσα
802 2179 831 2196 τε
846 2170 893 2196 καὶ
904 2167 947 2196 οἷα

138 2221 202 2252 τοῖς
225 2219 352 2246 ἀπειθεῖν
377 2218 528 2254 ᾑρημένοις
555 2216 725 2252 συμϐήσεται
744 2215 880 2251 βλάϐη.’0
896 2216 952 2250 γὰρ

140 2265 232 2298 οἶκος,
251 2266 330 2300 φησι,
345 2265 393 2291 τοῦ
412 2263 522 2294 Ἰακὼϐ,
540 2263 614 2289 τοῦτ’
629 2262 713 2294 ἔστιν,
723 2261 853 2293 Ἰουδαῖοι,
873 2261 950 2288 πλεί-

142 2321 215 2348 στην
234 2321 266 2339 τε
292 2313 359 2346 ὅσην
377 2312 424 2338 καὶ
446 2311 637 2346 ἀκατάληκτον
661 2309 709 2344 τὴν
736 2308 807 2335 κατὰ
831 2307 950 2343 Χριστοῦ

142 2360 293 2391 νοσοῦντες
306 2358 446 2388 ἀπόνοιαν,
458 2357 565 2383 ἔσονται
579 2355 771 2391 προσεοικότες
785 2355 842 2385 τοῖς
855 2354 884 2379 ἐν
898 2361 951 2380 πα-

143 2407 205 2441 γίδι
216 2405 371 2440 γεγονόσιν,
387 2404 436 2431 καὶ
447 2402 660 2439 τεθηρευμένοις
675 2402 714 2432 εἰς
730 2399 891 2436 δλεθρσν.Ἣ
903 2399 951 2425 καὶ

142 2454 205 2484 τοῖς
225 2452 255 2478 ἐν
271 2451 447 2486 κοιλάσμασι,
462 2449 533 2476 τοῦτ’
551 2448 619 2478 ἐστι,
639 2448 695 2478 τοῖς
713 2447 754 2478 εἰς
771 2446 866 2483 βόθρον
887 2445 951 2472 ὠλι-

144 2498 293 2534 σθηκόσιν.
304 2497 413 2532 Ταύτης
425 2504 454 2523 τε
472 2495 554 2522 ἕνεκα
565 2494 615 2529 τῆς
633 2493 723 2524 αἰτίας
738 2492 952 2527 ἀδυνατήσωσιν

143 2547 175 2573 ἐν
192 2545 289 2575 αὐτοῖς
302 2543 406 2572 πολλοὶ.
421 2542 469 2569 καὶ
483 2540 640 2571 πεσοῦνται,
653 2539 701 2566 καὶ
715 2538 952 2573 συντριῢήσονται,

144 2592 198 2618 καὶ
218 2589 369 2624 ἐγγιοῦσιν,
384 2588 456 2615 τοῦτ’
475 2588 558 2619 ἔστιν,
574 2586 658 2620 ἐγγὺς
671 2585 778 2611 ἔσονται
794 2583 840 2610 καὶ
853 2583 884 2609 οὺ
902 2590 955 2617 μα-

145 2638 222 2672 κρὰν
245 2635 295 2662 τοῦ
317 2634 514 2662 κατασίνεσθαι
530 2630 826 2666 πεφυκότος.Ἔσονται
840 2629 895 2664 γὰρ
909 2629 955 2654 ἁν-

149 2684 245 2719 (τχυες
261 2683 310 2710 καὶ
325 2680 563 2715 συντετριμμένος,
576 2679 622 2704 καὶ
635 2679 691 2708 τοῖς
708 2676 871 2711 πολεμοῦσιν
883 2674 955 2701 ἁλώ-

149 2738 234 2765 σιμηι.
254 2729 309 2755 Καὶ
322 2727 402 2753 τοῦτο
415 2724 448 2761 ἦν
463 2726 517 2760 ἄρα
529 2724 560 2750 τὸ
577 2724 619 2750 διὰ
633 2723 726 2757 φωνῆς
737 2722 878 2757 προφήτου
891 2721 956 2755 περὶ

150 2775 242 2802 αὐτῶν
268 2774 417 2809 εἰρημένον
442 2772 495 2798 ὑπὸ
518 2770 597 2797 Θεοῦ.
620 2770 685 2796 Ἰδοὺ
709 2768 765 2802 ἐγὼ
787 2768 883 2803 δίδωμι
909 2768 958 2794 ἐπὶ

150 2823 197 2849 τὸν
210 2822 274 2849 λαὸν
286 2820 384 2847 τοῦτον
403 2818 546 2845 ἀσθένειαν
557 2825 564 2832 “
585 2817 631 2842 καὶ
646 2815 842 2850 ἀσθενήσουσιν
861 2815 890 2840 ὲν
907 2814 972 2840 αὐ-.

190 2902 303 2929 “tl-van.
320 2908 358 2926 ix.
373 2899 415 2925 l6.
457 2897 475 2912 ⁸¹
491 2896 569 2923 Joan.
586 2903 623 2926 ιι,
637 2894 681 2921 ‘29.

319 2948 460 2976 Ρλτῖῑωι..
487 2944 544 2975 Cn.
572 2942 661 2971 LXX.

721 2894 743 2909 “
756 2893 834 2921 Prov.
849 2899 930 2926 xxttt,
942 2891 974 2918 ΓΙ

999 1572 1073 1599 labro
1092 1573 1209 1600 sedentes
1223 1574 1249 1600 in
1264 1572 1412 1601 Jerusalem
1426 1582 1435 1602 :
1449 1582 1584 1609 propterea
1600 1576 1699 1609 inﬁrmi
1716 1581 1793 1603 erunt

998 1619 1067 1645 inter
1082 1627 1126 1645 eos
1144 1619 1231 1652 multi,
1245 1624 1269 1646 et
1293 1620 1397 1652 cadent,
1424 1626 1447 1647 et
1468 1626 1647 1654 conterentur,
1661 1628 1682 1649 et
1695 1631 1793 1657 appro-

998 1665 1173 1699 pinquabant,
1189 1669 1212 1692 et
1226 1665 1362 1699 capientur
1376 1666 1495 1693 homines
1515 1667 1542 1693 in
1560 1668 1701 1694 securitate
1721 1670 1793 1695 exsi-

998 1718 1103 1739 stentes.
1113 1711 1186 1739 Tunc
1203 1712 1420 1747 manifestierunt
1433 1713 1749 1749 quiobsignnnturlegem
1764 1721 1794 1742 ut

998 1766 1049 1785 non
1060 1759 1172 1785 discant.

1036 1803 1150 1839 Sapiens
1165 1804 1359 1833 Parmmiastes
1378 1805 1445 1833 dixit
1463 1815 1469 1833 :
1490 1815 1499 1832 ι
1515 1802 1576 1838 Fili,
1600 1814 1633 1833 ne
1655 1806 1796 1834 tumuletur

999 1857 1046 1877 eor
1063 1854 1137 1877 tuum
1153 1856 1322 1885 peccatores,
1335 1852 1382 1879 sed
1397 1852 1422 1878 in
1437 1852 1534 1879 timore
1547 1852 1653 1880 Domini
1667 1858 1725 1880 csto
1739 1857 1796 1880 toto

1000 1896 1043 1923 die
1053 1896 1101 1923 ⁸⁸.»
1117 1895 1199 1924 Decet
1214 1897 1285 1924 enim
1305 1905 1368 1924 vere
1399 1898 1524 1925 cordatos
1541 1906 1592 1925 non
1613 1899 1797 1934 improbitatis

1000 1942 1190 1977 pessimorum,
1202 1943 1248 1970 sed
1263 1943 1406 1977 probitatis
1417 1943 1548 1970 bonorum
1561 1944 1712 1971 imitatores
1724 1952 1796 1972 esse.

1002 1987 1147 2022 Postquam
1167 1988 1256 2023 itaque
1274 1989 1375 2016 sanctis
1404 1989 1545 2024 discipulis
1558 1989 1644 2017 suasit
1659 1995 1686 2016 nt
1708 1991 1798 2017 colere

1001 2033 1140 2061 Christum
1154 2039 1277 2068 satagant
1293 2039 1397 2067 sancte,
1415 2035 1468 2061 itno
1486 2039 1514 2061 ut
1529 2036 1553 2061 in
1570 2035 1657 2070 ipsum
1674 2036 1798 2069 credant,

1001 2086 1029 2108 et
1058 2082 1176 2108 furorem
1209 2080 1287 2116 142
1304 2082 1524 2115 persequentium
1554 2082 1629 2108 nihili
1651 2082 1798 2115 aestiment,

1002 2126 1091 2153 intulit
1109 2133 1190 2160 porro
1210 2126 1377 2157 necessario,
1405 2131 1506 2159 quanta
1535 2131 1562 2153 et
1586 2127 1677 2161 qualia
1700 2128 1799 2154 danma

1003 2174 1185 2208 innnorigeris
1205 2173 1339 2199 accident.
1363 2172 1464 2199 Domus
1479 2173 1563 2204 enim,
1583 2173 1681 2206 inquit,
1700 2173 1797 2206 Jacob,

970 2216 990 2242 Ι)
1004 2220 1029 2246 id
1053 2223 1104 2251 est,
1121 2218 1217 2252 Judaei,
1238 2219 1356 2245 maxima
1384 2224 1411 2246 et
1442 2223 1570 2253 perpetua
1604 2224 1698 2246 contra
1720 2219 1801 2246 Chri-

1005 2269 1075 2292 sttnn
1098 2268 1268 2292 contumacia
1297 2264 1374 2299 quasi
1393 2265 1488 2291 morbo
1515 2264 1801 2296 laborantes,similcs

1005 2315 1084 2338 erunt
1101 2311 1143 2338 bis
1165 2312 1208 2346 qui
1237 2310 1331 2345 laqueo
1352 2314 1489 2342 tenentur,
1508 2314 1536 2338 et
1552 2311 1693 2346 capientur
1711 2311 1744 2338 ad
1762 2311 1803 2337 in-

1006 2358 1126 2391 teritum,
1143 2358 1184 2384 vel
1199 2357 1240 2383 his
1267 2357 1311 2391 qtti
1329 2361 1392 2384 sunt
1412 2357 1437 2384 in
1464 2356 1617 2390 volutabra,
1633 2357 1658 2384 id
1681 2362 1734 2390 est,
1755 2359 1802 2392 qui

1003 2403 1207 2437 przccipitantur
1232 2403 1258 2429 in
1282 2401 1397 2429 foveam.
1414 2400 1489 2429 Hanc
1498 2403 1533 2431 ob
1544 2411 1600 2431 rem
1613 2402 1710 2430 inﬁrtni
1723 2409 1803 2430 erunt

1005 2450 1075 2475 inter
1088 2455 1134 2475 eos
1160 2448 1247 2480 multi,
1269 2452 1295 2474 et
1316 2448 1413 2474 cadent
1438 2452 1466 2474 et
1487 2452 1675 2481 conterentur,
1694 2455 1722 2476 et
1753 2456 1801 2484 ap-

1006 2493 1236 2529 propinqnabnnt,
1264 2493 1289 2520 id
1314 2498 1366 2525 est,
1382 2493 1452 2520 haud
1471 2493 1565 2527 procul
1580 2498 1662 2521 erunt
1684 2502 1698 2521 a
1720 2502 1801 2521 noxa.

1007 2540 1093 2567 Erant
1105 2540 1176 2566 enim
1189 2539 1291 2566 debiles
1302 2543 1327 2565 et
1345 2539 1442 2572 attriti,
1455 2543 1481 2566 et
1501 2546 1516 2566 a
1529 2539 1704 2567 bellatoribus
1717 2541 1800 2575 capti.

1007 2584 1090 2620 ldqtte
1107 2585 1234 2612 nimirttm
1253 2593 1319 2613 voce
1338 2586 1477 2620 propheta:
1492 2585 1526 2613 de
1543 2585 1595 2613 illis
1611 2586 1713 2614 dictum
1730 2592 1772 2615 est
1788 2595 1802 2613 a

1009 2632 1074 2659 Deo:
1093 2632 1162 2659 Ecce
1176 2639 1226 2667 ego
1237 2631 1272 2659 do
1285 2639 1366 2666 super
1382 2631 1508 2666 populum
1532 2633 1604 2661 hunc
1625 2634 1803 2664 debilitatem,

1008 2683 1034 2705 et
1050 2677 1265 2705 debilitabuntur
1291 2679 1316 2704 in
1340 2677 1386 2705 illo
1402 2683 1493 2712 patres
1507 2682 1534 2705 et
1555 2678 1602 2706 ﬁlii
1616 2679 1707 2710 simul,
1720 2684 1746 2706 et
1768 2680 1805 2705 vi-

1010 2722 1086 2749 cinus
1096 2726 1122 2749 et
1142 2722 1282 2757 proximus
1300 2722 1358 2757 ejus
1377 2724 1515 2757 peribunt,
1535 2724 1597 2752 licet
1612 2725 1657 2759 qui
1684 2725 1710 2751 in
1727 2724 1804 2751 Chri-

1010 2773 1053 2795 sto
1065 2768 1224 2796 vocatisunt
1239 2768 1271 2795 ad
1282 2768 1539 2801 sanctiﬁcationcm,
1554 2777 1606 2796 non
1620 2771 1659 2796 sic
1673 2769 1802 2796 habeant.

1012 2813 1105 2842 Robur
1121 2815 1194 2842 enim
1210 2819 1237 2843 et
1256 2814 1314 2843 laus
1332 2822 1426 2843 eorum
1437 2815 1577 2846 Dominus,
1598 2815 1675 2850 juxta
1691 2816 1716 2842 id
1731 2816 1803 2851 quod

1636 2937 1653 2964 8
