4016 6534
399 325 507 379 955

1358 320 1417 374 S.
1457 314 1734 374 CYRTCILI
1775 316 2253 374 “ALEXANDRINI
2292 320 2608 377 ARCHICP.

3567 323 3676 378 256

403 445 668 515 scriptum
716 450 816 496 est.
890 439 1250 496 Conﬁrmabit
1294 447 1473 492 autem
1525 438 1737 492 divinus
1789 435 1979 491 Paulus

2086 441 2198 503 τοῖς
2261 440 2498 512 πατέρες
2553 443 2645 495 καὶ
2695 443 2797 495 υἰοὶ
2857 443 2993 513 ἃμα.
3055 443 3258 498 Γείτων
3299 443 3394 496 καὶ
3449 440 3685 510 πλησίον

403 541 589 592 dicens
621 552 634 589 :
669 533 893 590 «Omnia
945 548 1161 602 possum
1193 531 1245 584 in
1274 527 1494 586 Christo
1529 530 1622 599 qui
1661 529 1982 584 corroborat

405 643 492 682 me
525 628 626 682 ⁸³.»
662 625 960 695 Capientur
1017 638 1166 692 ergo,
1204 624 1402 692 inquit,
1459 622 1556 692 qui
1590 637 1694 678 non
1751 623 2000 697 credunt,

405 717 653 772 homines
685 718 738 770 in
792 714 1082 769 securitate
1125 714 1471 768 exsistentcs.
1506 713 1778 778 Quantum
1837 712 1982 766 enim

404 816 612 879 spectat
639 807 704 860 ad
745 821 1035 875 supernum
1069 805 1329 860 auxilium
1368 805 1512 875 quod
1563 804 1816 860 Israelitis
1837 819 1982 858 sem-

404 914 502 970 per
535 897 724 963 adl‘uit,
761 899 847 951 vix
885 897 1001 966 capi
1032 904 1284 967 poterant
1317 906 1410 951 aut
1455 895 1754 966 expugnari
1786 895 1855 950 ab
1880 896 1986 950 ini-

403 990 585 1054 micis,
647 989 761 1043 sive
799 989 1156 1058 aspectabiles
1190 989 1265 1043 illi
1309 996 1514 1054 essent,
1544 989 1658 1043 sive
1681 988 1984 1056 inaspecta-

403 1079 558 1135 biles.
584 1080 730 1134 Dixit
752 1081 896 1134 enim
923 1079 1121 1135 alicubi
1154 1079 1295 1134 Deus
1312 1081 1377 1134 de
1399 1079 1729 1136 Jerusalem:
1767 1080 1862 1135 «Et
1887 1094 1986 1151 ego

401 1188 495 1225 cro
523 1171 623 1238 illi,
683 1172 815 1225 dicit
840 1171 1119 1237 Dominus,
1178 1172 1521 1242 murusiguis
1544 1173 1984 1243 circumquaque,

405 1274 460 1317 et
503 1266 556 1317 in
607 1264 834 1335 gloriam
881 1279 976 1318 ero
1010 1265 1062 1317 in
1097 1265 1274 1319 medio
1307 1264 1423 1332 ejus
1440 1263 1538 1319 “.i
1579 1264 1843 1319 Caeterum
1897 1267 1985 1321 tibi

404 1358 763 1426 impegerunt,
800 1366 852 1410 et
903 1356 954 1410 in
1005 1355 1278 1412 Christum
1313 1356 1658 1412 temulentius
1683 1358 1988 1413 deblatera-

401 1458 549 1513 runt,
574 1448 719 1502 omni
754 1449 1052 1503 munitione
1085 1459 1138 1502 et
1165 1448 1477 1503 defensione
1508 1459 1616 1503 tam
1642 1449 1984 1521 intelligibili,

400 1554 562 1605 quam
583 1537 826 1592 sensibili
852 1537 1091 1592 destituti
1113 1536 1420 1608 desertique
1453 1539 1503 1591 iu
1529 1537 1727 1592 mundo
1765 1539 1984 1608 degunt.

399 1631 482 1684 Ad
515 1628 652 1683 alios
681 1629 846 1692 enim,
878 1629 930 1680 id
954 1638 1059 1696 est,
1088 1627 1150 1681 ad
1179 1640 1368 1698 gentes
1395 1631 1649 1699 migravit
1681 1631 1989 1690 Servatoris

399 1720 593 1790 gratia.
619 1739 638 1771 ι
662 1720 828 1774 Erunt
858 1721 1074 1788 quidem
1106 1729 1254 1788 tunc,
1284 1740 1302 1772 ›
1333 1723 1526 1789 inquit.
1557 1739 1579 1773 ί
1602 1723 1869 1780 manifesti
1896 1727 1987 1796 qui

2084 530 2247 582 αὑτοῦ
2270 531 2594 585 ἀπολοῦνται
2618 549 2631 562 ·
2666 534 2844 586 καίτοι
2861 533 2968 586 τῶν
2997 534 3054 586 ὲν
3078 533 3299 605 Χριστῷ
3323 529 3686 600 κεκλημένων

2083 623 2163 685 εἰς
2195 623 2465 693 ἁγιασμδν
2504 625 2603 694 οὐχ
2631 619 2734 679 ὧδε
2765 626 3018 696 ἐχόντων.
3038 626 3213 696 ’ἰσχὺς
3239 624 3350 695 γὰρ
3372 621 3550 677 αὐτῶν
3585 618 3679 672 καὶ

2085 714 2320 787 ὕμνησις
2357 718 2386 768 ὁ
2431 716 2653 788 Κύριος,
2683 718 2824 772 κατὰ
2856 719 2916 770 τὸ
2959 716 3387 788 γεγραμμένον..
3425 713 3536 767 Καὶ
3590 727 3678 762 πι-

2087 810 2353 863 στώσεται
2378 810 2552 878 λέγων
2584 813 2612 864 ὁ
2641 810 2927 876 θεσπέσιος
2955 811 3168 874 Παῦλος
3190 828 3202 840 ο
3239 829 3256 862 ι
3292 809 3480 862 Πάντα
3509 804 3679 875 ἰσχύω

2085 905 2144 958 ὲν
2166 903 2244 974 τῷ
2283 904 2669 975 ἐνδυναμοῦντί
2700 923 2768 976 με
2810 903 3049 977 Χριστῷ.
3083 924 3102 956 ›
3138 903 3465 957 Ἀλώσονται
3501 897 3679 952 τοίνυν

2085 999 2135 1052 οἰ
2166 998 2542 1065 ἀπιστοῦντες,
2579 1000 2763 1070 φησιν,
2796 999 3074 1071 ἄνθρωποι
3111 999 3169 1052 ἐν
3202 993 3474 1064 ἀσφαλείᾳ
3503 993 3676 1053 ὅντες·

2090 1089 2253 1142 Ὅσον
2286 1089 2386 1159 μὲν
2427 1088 2537 1159 γὰρ
2568 1085 2708 1161 ἧκεν
2738 1092 2816 1153 εἰς
2849 1088 2946 1160 τὴν
2973 1087 3179 1142 ἄνωθεν
3218 1085 3540 1155 ἐπικουρίαν
3581 1082 3682 1150 τὴν

2088 1181 2409 1252 ὑπάρξασαν
2433 1183 2518 1235 ἀεὶ
2545 1185 2658 1245 τοῖς
2687 1183 2746 1248 ἐξ
2783 1181 3020 1252 Ἰσραὴλ,
3050 1179 3316 1235 ἀνάλωτοί
3344 1193 3488 1240 τινες
3511 1170 3679 1246 ἦσαν,

2089 1272 2184 1325 καὶ
2239 1273 2722 1342 δυσκαταμάχητοι
2773 1275 2884 1334 τοῖς
2935 1271 3170 1341 ἐχθροῖς,
3219 1270 3432 1339 ὁρατοῖς
3471 1281 3531 1317 τε
3582 1261 3680 1315 καὶ

2088 1365 2516 1435 ἀοράτοις.Ἔφη
2549 1365 2656 1435 γάρ
2681 1382 2781 1417 που
2816 1364 2946 1427 Θεὸς
2975 1362 3103 1432 περί
3143 1361 3243 1430 τῆς
3280 1357 3640 1430 Ἰερουσαλήμ
3661 1371 3677 1384 ’

2095 1475 2113 1508 ‹
2145 1459 2254 1510 Καὶ
2300 1456 2411 1524 ἐγὼ
2442 1457 2635 1526 ἔσομαι
2678 1457 2815 1527 αὐτῇ
2837 1456 3021 1529 ,λέγει
3065 1454 3474 1525 Κύριος,τεῖχος
3507 1448 3680 1518 πυρὸς

2093 1549 2369 1615 κυκλόθεν,
2402 1549 2496 1602 καὶ
2546 1551 2625 1612 εἰς
2672 1548 2830 1613 δόξαν
2877 1549 3069 1618 ἔσομαι
3119 1548 3176 1599 ἐν
3226 1545 3378 1614 μέσῳ
3420 1541 3618 1610 αὐτῆς·
3653 1557 3672 1590 ³

2104 1639 2321 1710 Ἐπειδὴ
2341 1638 2397 1690 δὲ
2424 1639 2930 1710 προσκεκρούκασιν
2951 1639 2976 1689 ὲ
2985 1633 3408 1707 μπαροινοῦντες
3431 1628 3675 1701 Χριστῷ,

2092 1729 2272 1798 πάσης
2314 1729 2614 1796 ἀσφαλείας
2661 1729 2878 1799 ἔρημοι,
2909 1726 3108 1796 νοητῆς
3162 1741 3222 1777 τε
3275 1724 3368 1776 καὶ
3413 1719 3680 1790 αἰσθητῆς

398 1815 748 1884 obsignantur
773 1813 941 1883 legem
968 1827 1034 1866 ne
1067 1814 1294 1868 discant.
1324 1831 1342 1865 ι
1370 1813 1438 1866 Ει
1461 1814 1511 1867 hi
1533 1814 1751 1883 quinam
1772 1818 1979 1872 tandem

2088 1820 2423 1874 διατελοῦσιν
2464 1821 2522 1874 ὲν
2569 1821 2778 1891 κόσμῳ.
2810 1818 3267 1887 Μεταπεφοίτηκε
3295 1814 3404 1885 γὰρ
3443 1813 3523 1875 εἰς
3561 1809 3680 1864 ἑτέ-

400 1904 571 1958 sunt?
611 1904 711 1971 Qui
741 1905 792 1958 in
823 1904 1044 1958 Christo
1059 1903 1382 1958 videlicetet
1410 1905 1988 1963 vocatietsanctiﬁcati

401 2013 497 2065 νῦν
562 1996 847 2066 Spiritum,
906 2011 936 2050 a
999 1997 1195 2066 quibus
1254 1997 1384 2051 illud
1440 2007 1564 2068 apte
1611 1998 1714 2053 dici
1762 2009 1986 2070 poszet:

406 2110 422 2139 ι
444 2091 728 2158 δίςιιιιιυηι
744 2095 1002 2157 estsuper
1021 2101 1118 2142 nos
1135 2087 1315 2142 lumen
1333 2087 1510 2143 vultus
1526 2088 1624 2153 tui,
1643 2088 1948 2145 Domine”.
1963 2109 1980 2142 ι

401 2182 584 2252 imago
611 2181 810 2251 quippe
840 2189 894 2235 et
921 2179 1219 2234 similitudo
1246 2189 1300 2234 et
1325 2189 1580 2250 tanquam
1604 2178 1773 2236 facies
1802 2181 1895 2236 Dei
1933 2193 1987 2238 et

400 2274 578 2329 Patris
599 2282 686 2328 est
711 2271 902 2327 Filius.
928 2271 1128 2326 Lumen
1148 2283 1325 2326 autem
1354 2272 1529 2327 abillo
1555 2273 1605 2327 in
1628 2289 1724 2328 nos
1738 2274 1984 2342 missum,

398 2379 482 2421 est
536 2365 771 2436 Spiritus
803 2375 1022 2419 sanctus
1057 2379 1152 2434 per
1185 2378 1344 2433 quem
1387 2365 1740 2435 obsignamur
1768 2367 1834 2420 ad
1876 2369 1986 2434 pri-

395 2473 544 2514 mam
568 2457 861 2528 imaginem
881 2456 1159 2511 reformati
1182 2471 1278 2526 per
1297 2457 1804 2512 sanctiﬁcationem.
1831 2457 1984 2513 Facti

397 2549 541 2602 enim
559 2563 746 2602 sumus
759 2547 824 2601 ad
841 2548 1128 2617 imaginem
1147 2558 1199 2600 et
1214 2546 1621 2601 similitudinem
1646 2548 1734 2603 Dei
1754 2550 1845 2619 qui
1865 2565 1985 2604 cono

396 2640 552 2694 didit.
590 2639 832 2694 Evadent
858 2638 1020 2710 igitur
1056 2638 1107 2692 in
1139 2637 1659 2707 maniiestationetn,
1703 2641 1896 2709 inquit,
1930 2641 1983 2695 id

397 2741 500 2798 cst,
531 2732 770 2802 insignes
791 2743 844 2785 et
862 2733 968 2785 Deo
985 2731 1278 2794 notissimi,
1297 2741 1351 2786 et
1380 2731 1430 2784 in
1450 2731 1607 2804 153
1628 2735 1829 2787 mundo
1852 2749 1983 2788 eon-

394 2826 587 2896 spicui,
608 2825 699 2895 qui
719 2835 907 2879 sancto
922 2823 1123 2893 Spiritu
1139 2823 1405 2894 obsignati
1419 2836 1564 2889 sunt,
1585 2824 1982 2881 utnondiscant

398 2923 590 2988 legem.
616 2917 863 2987 Nunquid
905 2917 1068 2984 igitur
1093 2915 1484 2972 abstinebimus
1504 2933 1531 2970 a
1552 2918 1785 2973 lectione
1813 2917 1983 2989 legis?

395 3012 557 3081 Atqui
578 3011 997 3078 sicintelligere,
1015 3011 1200 3079 quidni
1221 3011 1472 3065 inscitum
1495 3013 1566 3066 sit
1592 3021 1647 3067 et
1664 3013 1977 3078 absurdum,

395 3121 518 3160 eum
539 3106 678 3161 Deus
697 3105 839 3160 dicat
862 3106 1147 3174 perSpicue
1170 3119 1184 3158 :
1210 3123 1227 3155 ί
1253 3104 1542 3175 Propterea
1574 3107 1763 3175 loquor
1788 3107 1974 3162 vobis:

2095 1929 2242 1981 ρους,
2276 1911 2421 1964 τοῦτ’
2439 1911 2575 1972 ἔστι,
2597 1912 2723 1974 τοὺς
2744 1911 2805 1974 ἐξ
2835 1910 3001 1963 ἐθνῶν
3021 1912 3054 1980 ή
3083 1908 3178 1964 τοῦ
3207 1907 3473 1970 σώζοντος
3494 1906 3679 1974 χάρις.

2067 2006 2348 2058 «Ἔσονται
2399 2003 2455 2056 δὲ
2504 2003 2622 2057 τότε
2649 2001 3128 2074 ,φησίν,ιρσνεροὶ,
3163 2002 3212 2053 οἰ
3250 1996 3683 2069 σφραγιζόμενοι

2089 2097 2179 2150 τὸν
2225 2097 2392 2165 νόμον
2431 2095 2525 2149 τοῦ
2576 2095 2651 2166 μὴ
2702 2078 3067 2166 μαθεῖν.ἶΚαὶ
3113 2093 3258 2154 τίνες
3291 2093 3357 2145 ἂν
3387 2086 3496 2143 εἷεν
3529 2083 3682 2142 οὗτοι

2089 2191 2284 2256 πάλιν;
2315 2191 2378 2244 Ol
2420 2190 2479 2242 ὲν
2511 2187 2731 2260 Χριστῷ
2768 2187 3010 2258 δηλονότι
3041 2185 3450 2256 δεδικαιωμένοι
3483 2201 3543 2236 τε
3584 2182 3683 2235 καὶ

2089 2280 2410 2353 ἡγιασμένοι
2439 2279 2527 2332 διὰ
2554 2279 2648 2332 τοῦ
2679 2279 3023 2348 Πνεύματος’
3058 2272 3138 2339 οἷς
3177 2275 3243 2329 ἂν
3273 2273 3568 2344 ἁρμόσειεν
3601 2271 3681 2322 εί-

2088 2375 2239 2425 πετν·
2263 2389 2282 2422 ι
2332 2369 2672 2441 Ἐσημειώθη
2704 2367 2788 2436 ἐφ’
2817 2369 2968 2438 ἡμᾶς
2994 2367 3054 2418 τὸ
3102 2364 3213 2435 φῶς
3259 2366 3353 2416 τοῦ
3385 2360 3681 2434 προσώπου

2090 2482 2206 2528 σου,
2243 2462 2438 2535 Κύριε.
2469 2483 2488 2514 ι
2521 2462 2700 2515 Είκὼν
2727 2462 2825 2532 μὲν
2853 2462 2963 2530 γὰρ
2989 2461 3082 2513 καὶ
3107 2455 3364 2528 ὁμοίωσις
3399 2458 3492 2511 καὶ
3515 2459 3680 2511 οἱονεὶ

2088 2555 2377 2626 πρόσωπον
2410 2552 2501 2606 τοῦ
2539 2552 2674 2605 Θεοῦ
2711 2554 2803 2605 καὶ
2835 2553 3050 2622 Πατρὸς
3074 2553 3102 2603 ό
3137 2550 3282 2611 Υἱός.
3307 2549 3425 2612 Φῶς
3444 2550 3502 2602 δὲ
3533 2548 3595 2601 τὸ
3619 2548 3680 2613 se

2086 2648 2252 2704 αὐτοῦ
2288 2646 2642 2718 πεμπόμενον
2674 2648 2751 2709 εἰς
2780 2647 2929 2716 ἡμᾶς
2967 2645 3026 2697 τὸ
3058 2643 3282 2713 Πνεῦμα
3313 2641 3373 2694 τὸ
3409 2643 3582 2709 ἅγιον,
3607 2641 3677 2694 δι’

2083 2737 2143 2794 οὗ
2166 2738 2689 2810 κατεσφραγίσμεθα
2709 2737 2842 2807 πρὸς
2865 2736 3047 2790 εἰκόνα
3070 2735 3170 2806 τὴν
3190 2733 3414 2804 πρώτην
3436 2734 3681 2803 ἀναμορ-

2085 2833 2343 2904 φούμενοι
2381 2832 2445 2884 δι’
2476 2830 2765 2900 ἁγιασμοῦ.
2806 2827 3158 2900 Πεποιήμεθα
3207 2828 3310 2898 γὰρ
3345 2828 3466 2879 κατ’
3488 2825 3678 2879 εἰκόνα

2085 2925 2177 2977 καὶ
2226 2924 2484 2994 ὁμοίωσιν
2528 2921 2622 2974 τοῦ
2678 2921 2965 2982 κτίσαντος
3021 2917 3446 2973 Θεοῦ.Ἕσονται
3492 2916 3680 2969 τοίνυν

2084 3017 2326 3088 φανεροὶ,
2357 3015 2510 3086 φησὶ,
2551 3013 2695 3067 τοῦτ’
2718 3013 2886 3076 ἔστιν,
2918 3012 3175 3083 ἐπίσημοι
3200 3012 3294 3065 καὶ
3321 3009 3442 3081 Θεῷ
3473 3026 3676 3079 γνωρι-

2086 3107 2345 3177 μώτατοι,
2373 3107 2467 3161 καί
2490 3106 2812 3176 διαπρεπεῖς
2833 3105 2891 3158 ὲν
2917 3103 3108 3174 κόσμῳ
3125 3121 3137 3132 ’
3169 3103 3219 3155 οἱ
3238 3101 3316 3172 τῷ
3335 3101 3476 3172 ἁγίῳ
3497 3117 3671 3154 κατα·

391 3197 584 3253 Onmis
599 3197 774 3252 scriba
800 3198 992 3252 doctus
1013 3199 1060 3250 in
1082 3212 1247 3266 regno
1271 3199 1528 3254 caelorum
1554 3199 1744 3254 similis
1771 3211 1856 3254 est
1883 3199 1978 3254 ho-

2086 3197 2509 3270 σφραγιζόμενοι
2558 3195 2856 3266 Πνεύματι,
2897 3193 2990 3247 τοῦ
3025 3194 3099 3264 μὴ
3134 3193 3327 3263 μαθεῖν
3359 3192 3451 3246 τὸν
3482 3192 3671 3263 νόμον.

387 3290 524 3344 mini
549 3289 724 3353 diviti,
748 3290 837 3358 qui
862 3290 1132 3358 depromit
1155 3304 1218 3345 ex
1246 3292 1502 3346 thesauro
1530 3307 1627 3347 suo
1646 3308 1782 3347 nova
1809 3306 1863 3348 et
1884 3307 1975 3347 ve.

392 3395 505 3435 tera
529 3378 629 3433 ⁸⁸.»
659 3379 846 3449 Itaque
869 3381 1009 3434 scire
1044 3380 1257 3448 quidem
1291 3380 1458 3450 legent
1491 3397 1597 3435 non
1624 3397 1970 3438 recusamus:

387 3473 760 3527 atcavendutn
787 3481 964 3524 tamen
987 3487 1052 3525 ne
1073 3472 1142 3524 ita
1167 3471 1422 3536 sciamus,
1449 3483 1572 3526 utet
1591 3473 1772 3528 vivere
1791 3474 1971 3542 cupia-

390 3576 508 3615 mus
537 3561 780 3632 legaliter
801 3569 855 3615 et
880 3560 1121 3616 Judaice.
1151 3558 1265 3614 Non
1299 3561 1440 3615 enim
1463 3563 1626 3618 boves
1650 3562 1977 3618 sacriﬁcabi-

392 3669 532 3721 inus,
566 3670 742 3722 neque
759 3652 955 3707 hostiis
974 3653 1218 3708 ementis
1235 3653 1608 3709 universorum
1631 3653 1796 3709 Deum
1814 3669 1975 3709 vene-

389 3748 655 3814 rabimur,
689 3755 745 3801 at
772 3746 1070 3814 Spiritalem
1090 3746 1289 3800 cultum
1310 3747 1383 3799 illi
1400 3748 1580 3815 potius
1597 3745 1888 3802 oll‘eremus
1920 3746 1974 3800 in

384 3839 608 3894 odorem
672 3840 1073 3892 suaveolentize.
1124 3837 1295 3893 Sicuti
1357 3839 1526 3903 enim,
1570 3839 1648 3892 ait
1692 3840 1973 3905 Servator,

391 3932 568 3987 sDeus
599 3931 822 4001 Spiritus
846 3943 948 3995 est,
968 3944 1022 3985 et
1049 3931 1138 4002 qui
1164 3934 1390 3985 adorant
1413 3931 1584 3994 illum,
1607 3930 1658 3984 in
1691 3931 1884 4000 spiritu
1923 3938 1975 3984 et

387 4025 617 4079 veritate
635 4033 850 4092 oportet
871 4024 1098 4078 adorare
1125 4024 1192 4078 ⁸⁷.
1219 4043 1238 4074 ι
1270 4022 1421 4089 Quod
1449 4029 1631 4076 autem
1657 4032 1846 4078 sancto
1863 4021 1976 4091 Spi-

387 4117 494 4171 ritu
515 4116 814 4188 obsignatis
833 4123 896 4170 atl
915 4121 1207 4171 novitatem
1227 4117 1374 4178 vitae,
1396 4130 1649 4185 magnum
1671 4115 1741 4170 sit
1758 4115 1974 4182 dispen-

385 4209 812 4279 dium,vellejam
832 4211 1012 4264 vivere
1026 4219 1243 4264 etversa
1253 4208 1294 4261 ri
1308 4206 1550 4274 Judaicc,
1568 4208 1774 4263 scilicet
1788 4221 1974 4263 secun-

386 4303 509 4356 dum
550 4302 972 4373 legisunzbram,
1019 4301 1269 4371 probabit
1308 4302 1498 4356 beatus
1534 4300 1731 4357 Paulus
1749 4301 1972 4372 loquens

385 4393 469 4448 his
487 4394 577 4462 qui
609 4403 730 4463 post
767 4393 926 4448 tidem
952 4395 1018 4449 ad
1040 4394 1244 4449 cultum
1279 4393 1622 4449 umbratilem
1652 4394 1799 4450 velut
1827 4402 1974 4450 retro

382 4483 864 4536 abeuttterxorsi
909 4483 1294 4552 Spiritu,nunc
1336 4498 1500 4537 carne
1540 4483 1970 4539 consumtnami-

2079 3286 2204 3361 'Ap‘
2238 3286 2329 3343 οὖν
2379 3287 2694 3358 ἀφεξόμεθα
2746 3286 2854 3339 τῶν
2906 3284 3146 3355 νομικῶν
3182 3282 3671 3352 ἀναγνωσμάτων;

2080 3381 2273 3434 Καίτοι
2324 3379 2442 3442 πῶς
2487 3379 2588 3431 οὐκ
2628 3376 2835 3448 ἀμαθὲς
2870 3376 2928 3428 τὸ
2976 3370 3077 3428 ὦδε
3116 3375 3277 3436 νοεῖν,
3314 3369 3545 3442 Χριστοῦ
3584 3367 3672 3424 λέν

2079 3488 2265 3538 γοντος
2313 3469 2592 3542 ἐναργῶς·
2650 3487 2667 3519 ι
2698 3468 2796 3520 Διὰ
2843 3465 3002 3521 τοῦτο
3048 3465 3194 3533 λέγω
3248 3465 3398 3534 ὑμῖν,
3430 3463 3512 3516 ὅτι
3560 3462 3671 3523 πᾶς

2079 3560 2440 3632 γραμματεὺς
2480 3557 2842 3629 μαθητευθεὶς
2872 3559 2937 3627 τῇ
2987 3554 3236 3626 βασιλείᾳ
3259 3555 3368 3608 τῶν
3399 3553 3666 3624 οὐρανῶν,

2077 3652 2260 3722 ὅμοιός
2310 3654 2458 3705 ἐστιν
2507 3649 2782 3723 ἀνθρώπῳ
2833 3648 3094 3720 πλουσίῳ,
3127 3649 3275 3711 ὅστις
3310 3646 3564 3701 ἐκϐάλλει
3603 3647 3670 3700 ὲκ

2077 3746 2171 3800 τοῦ
2211 3744 2485 3818 θησαυροῦ
2531 3743 2695 3797 αὑτοῦ
2729 3742 2891 3796 καινά
2922 3744 3016 3796 καὶ
3059 3741 3284 3796 παλαιά.
3315 3761 3335 3793 ι
3371 3741 3579 3796 Οὐκοῦν
3604 3743 3668 3795 οὐ

2078 3838 2497 3911 παραιτούμεθα
2546 3838 2643 3908 μὲν
2690 3837 2748 3891 τὸ
2789 3837 2985 3891 εἰδέναι
3014 3836 3104 3889 τὸν
3136 3837 3300 3906 νόμον
3320 3852 3333 3866 ·
3381 3836 3442 3889 τό
3469 3853 3533 3904 γε
3560 3835 3671 3906 μὴν

2075 3931 2249 3995 οὕτως
2298 3930 2519 4000 εἰδέναι,
2557 3930 2811 4000 φευκτὸν,
2843 3928 2985 3984 ὣστε
3015 3929 3108 3983 καὶ
3135 3927 3234 4002 ζῇν
3265 3928 3480 3983 ἑλέσθαι
3513 3946 3672 3999 νομι-

2076 4025 2209 4089 κῶς,
2245 4025 2413 4096 ἢγουν
2443 4024 2770 4086 Ἰουδαϊκῶς.
2804 4024 2880 4077 Ού
2908 4023 3018 4095 γάρ
3045 4041 3130 4078 τοι
3167 4025 3294 4094 βοῦς
3326 4024 3672 4096 ἱερεύσομεν,

2075 4116 2198 4170 οὔτε
2228 4118 2334 4188 μὴν
2359 4119 2478 4180 ταῖς
2497 4116 2564 4170 δι’
2588 4116 2836 4187 αἱμάτων
2867 4115 3080 4180 θυσίαις
3107 4118 3413 4188 τιμήσομεν
3444 4116 3534 4170 τὸν
3556 4117 3675 4170 τῶν

2074 4211 2212 4264 ὅλων
2255 4210 2406 4263 Θεόν.
2443 4209 2830 4278 Πνευματικὴν
2874 4209 2930 4262 δὲ
2982 4209 3180 4280 μᾶλλον
3218 4209 3675 4281 προσκομιοῦμεν

2074 4301 2225 4372 αὐτῷ
2255 4301 2514 4372 λατρείαν
2565 4301 2647 4364 εἰς
2695 4299 2871 4370 ὀσμὴν
2920 4300 3169 4364 εὐωδίας.
3186 4300 3274 4364 Ὧς
3306 4301 3416 4371 γάρ
3447 4317 3614 4371 φησιν
3642 4301 3679 4359 t'l

2081 4395 2292 4465 Σωτήρο
2325 4412 2344 4445 ί
2371 4392 2595 4463 Πνεῦμα
2622 4394 2650 4445 ό
2671 4392 2824 4457 Θεὸς,
2844 4391 3088 4455 καὶτοὺς
3105 4391 3546 4463 προσκυνοῦντας
3568 4392 3673 4445 ab»

2074 4484 2165 4538 τὸν
2197 4485 2255 4536 ὲν
2284 4483 2556 4553 πνεύματι
2591 4482 2687 4537 καὶ
2731 4481 2960 4554 ἀληθείᾳ
2996 4482 3077 4535 δεῖ
3105 4483 3448 4554 προσκυνεῖν.
3481 4498 3500 4532 ι
3541 4479 3646 4533 ὐτ
3673 4513 3685 4532 .

382 4571 642 4629 ιιίθδῖιΕι
661 4587 849 4626 rursus
874 4591 886 4626 :
908 4592 926 4623 ι
940 4572 1069 4628 Dico
1089 4581 1267 4627 autem
1286 4575 1438 4630 vobis
1454 4579 1596 4645 quod
1611 4577 1654 4630 si
1677 4573 1967 4631 circumci-

2083 4575 2132 4629 δὲ
2181 4578 2293 4638 τοῖς
2343 4552 2437 4644 τῷγ
2472 4574 2612 4645 ἁγίῳ
2660 4552 2946 4645 Πνεῦματι-
2989 4552 3556 4645 κατεσφραγισμένοις
3586 4574 3682 4638 εἰει

383 4666 608 4730 damlni,
634 4664 886 4720 Christus
917 4665 1065 4719 vobis
1089 4665 1218 4719 nihil
1251 4667 1512 4736 proderit.
1540 4667 1840 4723 Abalienati
1867 4665 1968 4735 igi-

384 4768 472 4811 tur
510 4757 642 4811 estis
674 4773 702 4809 a
740 4755 977 4820 Christo,
1010 4757 1316 4826 quicunque
1349 4760 1400 4812 in
1429 4759 1545 4828 lege
1569 4754 1966 4826 justilieamini,

382 4848 556 4917 gratia
591 4847 888 4902 exeidistis.
925 4845 1033 4902 Nos
1071 4847 1212 4903 enim
1239 4864 1336 4919 pcr
1370 4848 1528 4903 tidem
1562 4861 1710 4916 spem
1739 4843 1966 4914 justitiae

381 4949 767 5009 exspectamus
789 4939 853 4991 °’.
890 4959 907 4991 ι

2081 4668 2373 4738 καινότητα
2420 4665 2584 4736 ζωῆς,
2621 4666 2794 4737 ζημία
2849 4666 3016 4733 πολλὴ
3067 4666 3129 4720 τὸ
3180 4665 3352 4720 θέλειν
3373 4665 3464 4742 ’ἔτι
3515 4663 3675 4718 πολι--

2072 4757 2325 4810 τεύεσθαί
2364 4774 2422 4810 τε
2473 4759 2566 4810 καὶ
2619 4758 2719 4828 ζῇν
2756 4756 3086 4823 Ἰουδαϊκῶς,
3118 4757 3236 4828 ἢτοι
3259 4755 3401 4810 κατὰ
3433 4755 3532 4826 τὴν
3566 4751 3671 4808 τοῦ

2072 4852 2238 4920 νόμου
2284 4849 2465 4914 σκιὰν,
2493 4849 2825 4903 πιστώσεται
2868 4849 3044 4917 λέγων
3074 4851 3102 4902 ὁ
3133 4849 3406 4920 μακάριος
3449 4847 3670 4912 Παῦλος

2077 4944 2188 5004 τοῖς
2237 4941 2375 5012 μετὰ
2419 4943 2518 5011 τὴν
2568 4941 2753 4994 πίστιν
2814 4940 3006 4995 ἀνόπιν
3073 4939 3264 5012 ῶσπερ
3328 4940 3516 5006 ἰοῦσιν,
3584 4942 3667 5002 εἰς

379 5032 638 5104 λατρείαν
679 5033 776 5103 τὴν
815 5035 872 5086 ἐν
900 5037 1082 5098 σκιαῖς
1103 5052 1114 5064 ·
1153 5051 1170 5085 ι
1197 5032 1584 5104 Ἐναρξάμενοι
1615 5030 1909 5101 πνεύματι,
1943 5029 2036 5085 νῦν
2073 5035 2236 5104 σαρκὶ
2269 5035 2626 5089 ἐπιτελεῖσθε.
2659 5054 2679 5087 ι
2713 5035 2821 5088 Καὶ
2855 5034 3017 5089 πάλιν
3039 5051 3051 5064 ·
3083 5053 3101 5086 ι
3131 5035 3288 5103 Λέγω
3321 5034 3376 5088 δὲ
3409 5035 3558 5104 ὑμῖν,
3581 5036 3666 5088 ὅτι

381 5128 476 5182 ἐὰν
535 5130 957 5201 περιτέμνησθε,
1010 5131 1246 5201 Χριστὸς
1304 5131 1448 5199 ὑμᾶς
1493 5128 1645 5181 οὐδὲν
1696 5126 1990 5198 ὠφελήσει.

2062 5129 2565 5200 Ἀπηλλοτριώθητε
2591 5147 2604 5196 ;
2630 5129 2740 5183 ἀπὸ
2792 5129 3029 5200 Χριστοῦ
3057 5170 3070 5193 ,
3115 5129 3168 5182 οἵ
3215 5145 3362 5192 τινες
3410 5129 3469 5181 ὲν
3509 5129 3664 5199 νόμῳ

383 5221 585 5287 βιοῦτε,
622 5223 720 5292 τῆς
771 5224 993 5294 χάριτος
1027 5222 1342 5286 ἐξεπέσατε.
1390 5221 1583 5291 Ἡμεῖς
1634 5222 1741 5293 γὰρ
1788 5222 1877 5275 διὰ
1916 5225 2150 5288 πίστεως
2208 5223 2399 5276 ἐλπίδα
2425 5222 2776 5293 δικαιοσύνης
2806 5221 3239 5292 ἀπεκδεχόμεθα.
3279 5240 3300 5273 ι

454 5315 614 5370 \‘Etts.
669 5314 752 5368 Π.
792 5313 858 5368 Et
890 5317 1058 5368 dicet:
1091 5313 1418 5381 Exspcctabo
1467 5314 1628 5366 Deum
1673 5316 1965 5383 qniavertit

383 5403 569 5469 faciem
626 5422 777 5458 suam
832 5423 861 5456 α
891 5405 1046 5458 dumo
1085 5404 1276 5470 Jacob,
1318 5413 1363 5457 el
1393 5404 1658 5471 conﬁdens
1694 5423 1782 5460 ero
1811 5423 1966 5476 super

384 5514 518 5551 tum.

454 5681 499 5753 ξι
525 5681 755 5753 ιηιῖιίνρ,
781 5697 854 5753 ιν,
883 5681 969 5753 15.
1049 5681 1093 5711 ⁸⁵
1116 5681 1346 5734 Zachar.
1374 5697 1436 5748 ιι,
1464 5683 1514 5735 5.

382 5745 425 5779 ευ
452 5749 627 5806 Galat.
653 5745 783 5817 6,22,
814 5752 865 5812 4.,
897 5752 948 5805 5.

2144 5316 2251 5370 Kal
2306 5315 2458 5384 ἐρεῖο
2491 5315 2663 5369 Merci)
2710 5315 2817 5368 τὸν
2870 5317 3021 5368 Θεὸν
3073 5315 3545 5384 ἀποστρέψαντα
3593 5315 3663 5368 τὸ

2073 5410 2399 5476 πρόσωπον
2436 5406 2624 5461 αὑτοῦ
2657 5406 2774 5462 ἀπὸ
2808 5407 2914 5463 τοῦ
2953 5408 3122 5462 οἴκου
3173 5408 3398 5477 Ἰακὼϐ,
3434 5408 3533 5462 καὶ
3565 5424 3666 5464 πε-

2074 5499 2293 5565 ποιθὼς
2321 5500 2538 5568 ἔσομαι
2567 5501 2660 5553 ἐπ’
2695 5498 2876 5564 αὐτῷ.

1596 5683 1639 5711 ⁶⁵
1667 5683 1804 5738 l’snl.
1834 5699 1906 5744 tr,
1934 5683 1984 5734 7.
2063 5683 2109 5712 οδ
2136 5681 2298 5734 Mulli!
2351 5697 2470 5745 χιιι,
2529 5681 2616 5736 .532.
2697 5680 2740 5711 ⁸⁷
2766 5679 2918 5734 .loan.
2951 5697 3024 5751 tv,
3048 5683 3134 5736 24.
3218 5685 3260 5715 ⁸³
3286 5685 3325 5739 G
3352 5686 3460 5738 tlat.
3492 5699 3574 5749 In,
3605 5683 3640 5739 5
