4016 6502
297 384 419 442 257
1488 387 1558 445 IN
1598 390 1829 446 ISAIAM
1868 391 1911 447 L

2044 394 2083 450 l.
2128 393 2337 452 ORAT.
2386 397 2444 455 ν.
2744 396 2765 411 ⁴
3533 403 3639 460 258

379 502 511 557 Ὀτι
548 502 685 557 πολὺ
715 504 983 575 πρόσεστι
1013 508 1124 570 τοῖς
1148 507 1207 559 ἐν
1238 497 1463 580 Χριστῷ
1490 509 1551 563 τὸ
1578 511 1815 583 εὐήνιον,
1846 529 1912 566 κα

2119 513 2273 584 Quod
2329 517 2368 571 ii
2425 518 2519 589 qui
2556 518 2608 574 in
2648 520 2865 577 Christo
2896 494 3053 590 sunt,
3089 521 3247 578 facile
3277 521 3434 593 quasi
3484 522 3640 577 freno

295 594 391 647 διὰ
422 593 645 648 τούτων
674 595 826 667 ἡμᾶς
863 598 893 649 ὁ
935 599 1220 670 προφήτης
1254 601 1511 672 πειρᾶται
1544 602 1912 677 πληροφορεῖν

2044 607 2169 662 duci
2208 618 2263 665 et
2307 607 2452 666 ﬂecti
2485 614 2714 682 possint,
2749 629 2813 671 ex
2858 613 2942 669 his
2974 615 3143 670 etiam
3178 613 3334 671 nobis
3368 616 3637 687 propheta

298 687 746 760 Προσεπεφώνει
783 689 887 760 μὲν
917 691 1028 764 γὰρ
1062 692 1247 758 αὐτοῖς
1275 695 1303 747 ό
1338 694 1449 749 τῶν
1478 695 1615 750 ὅλων
1649 697 1784 763 Θεὸς
1809 712 1912 772 περ

2043 698 2203 755 tidem
2256 700 2439 759 facere
2481 715 2729 761 conatur.
2774 706 3058 764 Allocutus
3095 714 3182 764 est
3220 708 3369 763 enim
3395 723 3491 764 eos
3515 713 3637 763 nni-

302 782 400 836 τοῦ
445 781 839 853 Ἐμμανουήλ·
876 783 1086 857 Κύριον
1125 786 1290 841 αὐτὸν
1316 788 1603 857 ἁγιάσατε,
1649 791 1744 845 καὶ
1776 790 1912 846 αὐτὸν

2042 808 2329 849 versorum
2381 794 2525 853 Deus
2577 797 2644 853 de
2699 799 3057 855 Emmanuele
3093 798 3423 856 :Dominum
3460 800 3639 872 ipsum

311 875 468 928 ἔσται
514 891 612 928 σου
664 874 856 945 φόϐος.
910 878 1018 931 Καὶ
1060 878 1157 933 ἐὰν
1211 881 1299 933 ἐπ’
1343 880 1494 954 αὐτῷ
1534 881 1816 947 πεποιθὼς
1848 878 1912 958 ᾖς

2039 895 2231 943 sancte
2284 887 2472 958 colite,
2533 898 2589 944 et
2649 891 2740 946 ille
2791 892 2897 947 erit
2957 901 3080 949 tuus
3136 893 3325 949 timor.
3380 892 3445 949 Et
3500 894 3546 950 si
3589 895 3638 949 ei

317 968 465 1023 ἔσται
509 984 597 1021 σοι
646 969 732 1031 είς
765 969 1039 1040 ἁγίασμα.
1069 972 1131 1025 Oi
1162 971 1219 1025 δὲ
1253 972 1347 1025 καὶ
1386 972 1507 1028 λίαν
1552 974 1809 1047 ἀσμένως
1841 977 1912 1031 τὸ·

2038 978 2278 1038 conlisus
2305 981 2404 1049 sis,
2443 983 2551 1039 erit
2583 982 2679 1039 tibi
2715 984 2769 1039 in
2805 982 3321 1045 sanctiﬁcationem.
3352 984 3419 1041 lli
3453 997 3635 1041 autem

314 1062 412 1132 τῆς
465 1063 550 1125 εἰς
613 1061 780 1115 τοῦτο
842 1064 1239 1153 μυσταγωγίδ
1295 1067 1708 1140 προσηκάμενω
1751 1068 1910 1140 λόγον

2037 1087 2347 1129 sermonem
2402 1074 2566 1146 hujus
2633 1077 2990 1149 mystagogiae
3048 1077 3283 1134 libenter
3338 1078 3635 1135 admodum

315 1155 636 1229 μελλησμοῦ
678 1156 803 1229 δίχα
835 1159 1038 1223 παντὸς
1068 1158 1457 1230 ὑπισχνοῦνταί
1477 1177 1537 1213 τε
1567 1159 1629 1214 τὸ
1656 1159 1931 1227 εὐπειθὲς,

308 1254 399 1305 καὶ
432 1253 623 1306 πᾶσαν
653 1252 745 1306 ἐπ’
767 1249 920 1323 αὐτῷ
944 1251 1163 1323 θέμενοι
1189 1251 1284 1325 τὴν
1310 1252 1503 1307 ἐλπίδα
1530 1253 1683 1323 φασί’
1711 1274 1730 1307 ι
1766 1254 1932 1309 Mam?)

303 1344 393 1398 τὸν
427 1343 594 1409 Θεὸν,
618 1343 715 1397 τὸν
743 1342 1175 1416 ἀποστρέψαντα
1198 1343 1259 1397 τὸ
1282 1342 1576 1415 πρόσωπον
1609 1344 1778 1401 αὐτοῦ
1813 1346 1928 1401 ἀπὸ

298 1439 394 1492 τοῦ
425 1438 587 1493 οἴκου
638 1436 863 1503 Ἰακὼϐ,
899 1438 995 1490 καὶ
1026 1435 1304 1501 πεποιθὼς
1336 1438 1530 1509 ἔσομαι
1569 1437 1657 1493 ἐπ’
1689 1438 1857 1511 αὐτῷ.
1904 1460 1923 1493 ›

301 1532 412 1584 Καὶ
447 1531 503 1583 τί
540 1529 607 1583 τὸ
656 1528 807 1601 μενῶ
838 1528 1160 1600 σημαίνειεν
1184 1529 1285 1597 ἄν;
1324 1530 1396 1585 "H
1430 1530 1607 1586 ἐκεῖνό
1648 1548 1750 1587 που
1792 1533 1928 1587 πάν-

297 1642 430 1689 τως,
461 1624 492 1678 ὃ
533 1624 634 1679 καὶ
660 1626 690 1678 ὁ
721 1622 1012 1686 Θεσπέσιος
1042 1619 1145 1692 ἔφη
1175 1624 1363 1679 Δαϐίδ·
1406 1643 1425 1678 ι
1477 1625 1800 1697 ’Υπομένων
1828 1628 1929 1682 ὐπ-

296 1721 497 1789 έμεινα
525 1718 625 1771 τὸν
646 1721 877 1790 Κύριον,
916 1719 1011 1774 καὶ
1039 1718 1310 1793 προσέσχε
1343 1736 1453 1790 μοι.
1482 1737 1501 1770 ι
1541 1718 1837 1791 ’Υπομένει
1869 1719 1912 1773 δὲ

2028 1722 2355 1788 Dominum,
2388 1733 2443 1778 et
2473 1722 2705 1778 intendit
2742 1722 2873 1777 mihi
2924 1721 3012 1776 ⁷θῖ
3048 1741 3067 1775 ι
3103 1719 3398 1791 Exspectat
3445 1728 3628 1775 autem

292 1812 388 1863 τὸν
424 1809 668 1880 Κύριον,
711 1811 741 1864 ό
780 1810 851 1864 τὰ
887 1811 1040 1884 αὐτῷ
1073 1811 1337 1866 δοκοῦντα
1374 1812 1592 1883 φρονεῖν
1622 1811 1912 1883 ᾑρημένος1

2030 1811 2223 1877 Deum,
2270 1812 2360 1883 qui
2399 1826 2595 1868 curare
2634 1827 2698 1867 ea
2729 1812 2844 1867 vult
2870 1827 2993 1883 quae
3020 1811 3120 1881 ipsi
3150 1810 3392 1883 placent,
3423 1821 3478 1866 et
3508 1810 3628 1882 ejus

291 1903 392 1956 καὶ
448 1905 573 1964 τοῖς
629 1902 801 1956 αὑτοῦ
852 1903 1088 1976 νεύμασι
1144 1902 1586 1967 κατακολουθῶν,
1632 1903 1827 1975 ἥδιστὰ
1863 1920 1912 1956 τε

2028 1907 2183 1961 nutn'i
2211 1879 2557 1976 obsequitur,
2580 1906 2785 1977 quippe
2807 1879 2971 1979 ια
2986 1879 3083 1977 pro
3099 1879 3303 1977 pietate
3322 1879 3626 1961 certamina

286 1995 416 2049 λίαν
480 1996 616 2059 τοὺς
661 1996 805 2067 ὑπὲρ
843 1996 946 2069 τῆς
990 1998 1071 2062 εἰς
1110 1997 1276 2052 αὐτὸν
1310 1997 1592 2064 εὐσεϐείας
1632 1997 1912 2070 ὑπομένωι

2027 1997 2392 2055 libentissime
2420 1998 2675 2054 sustinet.
2706 1996 2824 2053 Huc
2854 1999 2999 2053 enim
3037 2011 3133 2053 eos
3175 2010 3310 2051 voce
3339 1995 3626 2067 psallentis

284 2089 548 2157 ἀγῶνας.
579 2088 725 2160 Πρὸς
750 2087 862 2161 γάρ
891 2105 976 2142 τοι
1005 2089 1166 2144 τοῦτο
1189 2091 1391 2154 αὐτοὺς
1439 2089 1529 2145 διὰ
1551 2090 1650 2161 τῆς
1678 2088 1774 2144 τοῦ
1795 2088 1912 2159 ψάλ·

2025 2093 2232 2149 excitat
2285 2090 2548 2164 Spiritus,
2596 2091 2856 2162 inquiens
2891 2107 2906 2147 :
2946 2108 2964 2141 ι
3002 2086 3247 2145 Viriliter
3277 2103 3400 2161 age,
3429 2097 3484 2144 et
3505 2103 3628 2144 cor-

283 2182 490 2247 λοντος
522 2183 714 2254 φωνῆς
744 2180 1085 2256 παροτρύνει
1117 2183 1178 2238 τὸ
1199 2182 1429 2255 Πνεῦμα
1456 2183 1638 2254 λέγονο
1673 2202 1693 2235 ι
1716 2183 1912 2255 Ἀνδρί·

2026 2184 2319 2239 roboretur
2372 2195 2470 2238 cor
2518 2191 2673 2237 tuum
2701 2225 2716 2250 ,
2754 2190 2809 2237 et
2864 2186 3118 2251 exspecta
3159 2179 3450 2236 Dominum
3497 2179 3567 2235 ⁷⁸.
3596 2199 3615 2231 ι

283 2276 417 2343 ζου,
472 2276 570 2330 καὶ
615 2273 1007 2348 κραταιούσθω
1041 2276 1074 2349 ἡ
1106 2275 1309 2350 καρδία
1345 2294 1461 2341 σου,
1502 2276 1596 2329 καὶ
1627 2275 1912 2348 ὑπόμεινοι

2031 2294 2051 2330 ι
2078 2275 2426 2349 Exspectabo
2455 2295 2476 2331 ι
2506 2276 2695 2347 igitur,
2716 2275 2920 2347 inquit,
2944 2292 2964 2328 ι
2990 2273 3289 2345 De’um,qui
3323 2273 3524 2329 avertit
3548 2273 3630 2329 l'a-

246 2366 249 2369 ’
282 2369 385 2421 τὸν
426 2368 664 2441 Κύριον.
690 2389 741 2426 »ι
796 2369 1072 2441 Υπομενῶ
1103 2369 1305 2435 τοίνυν,
1345 2370 1502 2441 φησὶ,
1529 2368 1622 2425 τὸν
1660 2369 1794 2424 Θεὸν
1829 2368 1912 2424 τὸν

2025 2368 2166 2425 ciem
2197 2381 2352 2424 suam
2380 2383 2410 2422 a
2442 2367 2606 2423 domo
2627 2365 2820 2423 Iacob.
2850 2386 2869 2420 ι
2900 2366 3145 2422 Observa
3177 2366 3366 2434 igitur,
3393 2366 3625 2422 observa

283 2456 736 2528 ἀποστρέψαντα
785 2456 848 2510 τὸ
904 2458 1199 2528 πρόσωπον
1257 2457 1422 2514 αὐτοῦ
1480 2459 1590 2514 ἀπὸ
1637 2459 1731 2514 τοῦ
1771 2460 1912 2513 οἴκου

2025 2472 2227 2536 praeter
2250 2464 2644 2522 obedientiam.
2675 2472 2880 2534 quanta
2905 2462 3196 2533 prudentia
3227 2461 3441 2532 praediti
3475 2470 3623 2518 sunt.

298 2547 512 2601 Ἰακώϐ
546 2547 779 2621 ι’Δθρει
825 2548 889 2620 δὴ
924 2545 1018 2604 οὖν
1059 2550 1216 2622 ἄθρει
1261 2552 1398 2623 πρὸς
1435 2555 1555 2617 ταῖς
1589 2551 1912 2617 εὐπειθείαις

2025 2553 2159 2609 Nam
2196 2555 2341 2610 unde
2377 2554 2559 2608 caeteri
2593 2555 2957 2624 impcgerunt,
2987 2563 3043 2608 et
3067 2553 3233 2608 divini
3263 2552 3443 2608 vultus
3467 2567 3625 2608 aver-

283 2641 465 2693 πόσον
501 2640 692 2712 ἔχουσι
721 2642 783 2695 τὸ
813 2642 1084 2714 νουνεχές.
1130 2642 1225 2710 Ἐξ
1262 2638 1336 2698 ὧν
1381 2644 1490 2718 γὰρ
1525 2646 1705 2717 ἕτεροι
1744 2662 1912 2717 προσ-

2025 2643 2292 2699 satiouem
2345 2642 2493 2714 passi
2540 2652 2689 2708 sunt,
2733 2643 2860 2698 inde
2900 2641 2974 2696 illi
3026 2657 3156 2697 suos
3205 2642 3421 2698 animos
3448 2644 3628 2715 magis

284 2735 668 2805 κεκρούκασι,
700 2735 795 2789 καὶ
839 2735 905 2807 δὴ
941 2737 1038 2791 καὶ⁸
1071 2738 1374 2793 πεπόνθασι
1417 2738 1512 2793 τοῦ
1552 2739 1699 2793 θείου
1744 2756 1912 2811 προσ-

2027 2735 2355 2807 tranquillos
2410 2745 2467 2791 et
2521 2737 2702 2791 minus
2756 2736 2999 2792 lubricos
3029 2736 3283 2803 reddunt,
3316 2744 3371 2791 et
3411 2736 3479 2790 ad
3508 2751 3625 2792 me-

282 2828 447 2881 ὠπου
486 2830 593 2900 τὴν
622 2829 1003 2902 ἀποστροφὴν,
1030 2830 1120 2885 διὰ
1140 2831 1347 2886 τούτων
1376 2832 1554 2887 αὐτῶν
1583 2832 1912 2904 ἅσφαλεστέ‹

2025 2830 2161 2887 liora
2219 2829 2600 2903 procliviores.
2636 2827 2960 2885 Timnerunt
2993 2829 3265 2900 siquidem
3309 2828 3625 2885 divinorum

286 2939 393 2992 ρας
426 2922 771 2994 ἐργάζονται
797 2922 897 2986 τὰς
918 2924 1133 2978 ἑαυτῶν
1158 2924 1411 2998 καρδίας,
1441 2926 1579 2998 πρὸς
1610 2927 1709 2999 τὴν
1740 2929 1819 2991 εἰς
1850 2926 1912 2981 τὰ

2025 2924 2308 2980 Oculorum
2369 2925 2737 2981 aversionem.
2791 2917 2909 2979 Non
2965 2925 3108 2979 enim
3140 2938 3499 2995 personarum
3532 2940 3627 2978 ac-

281 3014 509 3085 ἀμείνω
545 3014 751 3086 ῥοπήν.
783 3015 1003 3068 Δεὸίασι
1043 3017 1153 3089 γὰρ
1187 3017 1296 3070 τῶν
1336 3017 1497 3072 θείων
1524 3018 1791 3090 ὀμμάτων
1816 3019 1912 3091 τὴν

2025 3027 2271 3088 ceptator
2303 3026 2386 3073 est
2413 3017 2602 3090 judex,
2637 3031 2736 3073 nec
2767 3017 2966 3089 cuique
3009 3015 3232 3074 dubium
3270 3032 3392 3072 esse
3421 3025 3621 3087 potest,

282 3108 682 3179 ἀποστροφήν.
742 3107 1281 3180 Ἀπροσωπόληποτος
1333 3111 1442 3181 γὰρ
1487 3114 1516 3165 ό
1561 3111 1777 3184 κριτὴς,
1823 3110 1912 3166 καὶ

2026 3106 2157 3178 quin
2186 3107 2387 3178 ubique
2429 3118 2484 3164 et
2504 3123 2724 3180 semper
2749 3125 2853 3180 pro
2881 3110 3148 3182 cujusque
3178 3109 3389 3165 meritis
3418 3125 3625 3166 conve-

281 3204 386 3255 οὐκ
413 3203 487 3256 ἂν
530 3202 839 3259 ἐνδοιάσειέ
884 3219 969 3266 τις
997 3204 1078 3257 ὅτι
1115 3203 1294 3277 πάντη
1329 3221 1388 3258 τε
1433 3205 1528 3259 καὶ
1554 3205 1773 3271 πάντως
1804 3209 1912 3272 τοῖς

2025 3203 2242 3257 nicnter
2267 3211 2322 3257 et
2356 3202 2519 3274 digne
2551 3203 2634 3258 vel
2672 3202 2885 3259 Iaudem
2914 3204 3143 3268 tribuat,
3174 3203 3257 3258 vel
3293 3203 3623 3274 supplicium

282 3296 527 3350 ἑκάστου
556 3296 789 3368 τρόποις
823 3295 1152 3368 πρεπόντως
1181 3313 1240 3350 τε
1273 3298 1369 3351 καὶ
1393 3297 1619 3362 εἰκότως
1648 3298 1681 3371 ἦ
1709 3300 1912 3372 χαριεῖ-

2025 3287 2226 3344 inferat
2258 3304 2274 3353 ;
2329 3298 2383 3344 et
2411 3291 2503 3360 qui
2540 3305 2606 3346 ex
2643 3291 3013 3348 obstinatit'me
3040 3293 3282 3364 p‘rotervi
3321 3293 3560 3358 fuerunt,
3591 3310 3621 3348 a

286 3408 381 3443 ται
406 3389 501 3443 τὸν
532 3387 787 3456 ἔπαινον,
816 3389 989 3461 ἡγουν
1034 3387 1244 3442 ἐποίσει
1290 3390 1390 3463 τὴν
1418 3388 1594 3461 δίκην.
1642 3389 1751 3444 Καὶ
1789 3391 1912 3456 τοὺς

2025 3390 2314 3452 conspectu
2367 3383 2698 3451 removebit,
2731 3393 2788 3440 et
2814 3385 2942 3441 odio
2972 3385 3166 3455 dignos
3194 3384 3485 3455 iudicabit.
3515 3385 3623 3455 Qui

2035 1259 2406 1316 obedientiam
2440 1280 2455 1328 ;
2499 1271 2557 1317 et
2612 1276 2830 1319 omnem
2868 1263 2921 1320 in
2957 1277 3022 1319 eo
3052 1278 3203 1335 spem
3236 1272 3523 1334 ponentes,
3555 1265 3638 1320 di-

2040 1362 2169 1409 cunt
2199 1371 2213 1408 :
2271 1372 2291 1406 ι
2331 1353 2674 1426 Exspectabo
2701 1356 2871 1411 Deum
2908 1356 2999 1428 qui
3027 1356 3226 1412 avertit
3252 1354 3445 1413 faciem
3478 1371 3632 1413 suam

2032 1460 2061 1499 a
2110 1447 2272 1501 domo
2299 1444 2489 1515 Iacob,
2522 1456 2577 1501 et
2605 1447 2875 1515 conﬁdam
2906 1448 2978 1503 ei.
3024 1465 3043 1500 ι
3089 1446 3157 1501 Ει
3184 1447 3314 1519 quid
3355 1447 3633 1519 significat

2031 1537 2209 1594 illud:
2269 1538 2661 1608 Exspcctabo?
2713 1537 2854 1595 Num
2916 1539 2968 1595 id
3021 1539 3249 1596 omnino
3289 1540 3435 1611 quod
3464 1540 3630 1596 etiam

2031 1628 2248 1684 divinus
2304 1629 2472 1684 David
2535 1628 2806 1685 dicebat:
2862 1647 2883 1680 ‹
2920 1628 3261 1700 Exspeetans
3312 1627 3631 1699 exspectavi

301 3482 403 3550 μὲν
436 3484 555 3546 ταῖς
594 3480 913 3545 ἀπειθείαις
947 3480 1324 3553 ὲξυϐρικότας,
1364 3480 1473 3549 ἔξω
1512 3499 1573 3537 τε
1615 3480 1912 3555 προσώπου

2025 3488 2150 3529 vero
2214 3474 2318 3530 fide
2372 3475 2681 3544 coluerunt,
2732 3477 2932 3533 charos
2983 3478 3205 3534 habebit
3253 3491 3349 3534 eos
3399 3479 3491 3547 qui
3553 3478 3622 3532 ll-

300 3574 606 3645 ποιήσεται,
638 3575 738 3629 καὶ
782 3574 1050 3647 ἡγήσεται
1078 3574 1400 3647 στυγητούς.
1429 3574 1570 3639 Τούς
1609 3591 1673 3645 γε
1709 3576 1816 3649 μὴν
1846 3578 1912 3650 τῇ

2025 3568 2140 3620 dem
2182 3576 2445 3633 servant;
2482 3576 2538 3621 at
2566 3568 2659 3636 qtti
2704 3568 2845 3623 hanc
2879 3568 3271 3638 ingenuitatem
3303 3567 3624 3639 relinqutnt

2036 1165 2389 1223 admittentes
2413 1207 2429 1234 ,
2485 1168 2699 1238 abjecta
2753 1169 2900 1225 onmi
2931 1171 3282 1225 cunctatione
3310 1170 3640 1241 pollicentur

294 3668 480 3720 πέστει
506 3666 907 3739 τετιμηκότας,
940 3668 1209 3740 ἡγήσεται
1244 3667 1342 3738 μὲν
1361 3669 1436 3732 ὡς
1460 3669 1783 3738 ἀγαπητοὺς
1812 3685 1914 3742 τη-

292 3756 530 3829 ροῦντας
558 3759 664 3830 τὴν
697 3757 905 3824 πίστιν,
934 3760 1425 3832 ἀποστραφήσεται
1454 3760 1512 3813 δὲ
1567 3759 1832 3833 μεθέντας
1853 3760 1915 3816 τὸ

292 3854 550 3924 γνήσιον,
583 3853 681 3906 καὶ
714 3853 773 3906 ὲν
810 3851 910 3922 ἴσῳ
942 3853 1212 3924 ἡγήσεται
1250 3853 1365 3916 τοῖς
1413 3852 1539 3923 μηδ’
1573 3851 1711 3917 ὅλως
1745 3870 1913 3907 πεπι-

2016 3664 2074 3712 et
2115 3658 2402 3725 objiciunt,
2436 3669 2647 3714 avertet
2686 3674 2802 3727 eos,
2832 3660 2951 3729 pari
2985 3674 3049 3715 ac
3079 3658 3262 3729 peiore
3294 3660 3475 3715 I'ursan
3500 3658 3621 3715 loco

2017 3750 2237 3806 habebit
2289 3765 2453 3821 quam
2495 3752 2591 3822 qui
2637 3766 2916 3823 nunquam
2961 3754 3188 3808 omnino
3240 3752 3614 3808 crediderunt.

2018 3844 2290 3915 Scriptum
2328 3853 2416 3900 est
2443 3844 2591 3900 enim
2619 3845 2686 3900 de
2716 3846 3044 3916 quibusdam
3074 3865 3088 3902 :
3135 3864 3155 3899 ι
3192 3844 3377 3902 Satius
3403 3852 3522 3901 e‘rat
3557 3846 3621 3901 ilo

288 3944 611 4010 στευκόσιν,
669 3945 705 4018 ἢ
754 3945 900 4015 τάχα
956 3962 1059 3999 που
1101 3944 1196 3997 καὶ
1237 3945 1296 3997 ἐν
1328 3944 1560 4018 χείροσι.
1596 3945 1910 4017 Γέγραπται

2025 3938 2085 3994 lis
2118 3940 2258 3993 viam
2291 3940 2542 3995 veritatis
2572 3953 2679 3995 non
2707 3938 3021 4011 agnovisse,
3043 3954 3230 4011 quam,
3255 3938 3346 3994 ubi
3380 3951 3619 4009 agnove-

287 4039 405 4110 γὰρ
454 4038 592 4109 περί
640 4055 826 4092 τινων·
866 4056 887 4090 ι
921 4037 1188 4110 Κρεῐττον
1224 4035 1335 4107 γὰρ
1377 4031 1448 4108 ἦν
1491 4038 1677 4101 αὐτοῖς
1705 4038 1780 4110 μὴ
1808 4039 1912 4091 ἐπι

284 4132 607 4200 εγνωκέναι
658 4130 762 4203 τὴν
805 4130 924 4186 ὁδὸν
966 4132 1067 4201 τῆς
1101 4129 1383 4201 ἀληθείας,
1418 4132 1453 4202 ἢ
1487 4129 1800 4200 ἐπιγνοῦσιν
1831 4132 1912 4195 εἰς

285 4228 364 4282 τὰ
397 4226 584 4282 ὀπίσω
624 4223 952 4296 ἀνακάμψαι
990 4221 1101 4278 ἀπὸ
1135 4221 1240 4294 τῆς
1287 4221 1689 4295 παραδοθείσης
1727 4223 1913 4286 αὐτοῖς

282 4320 463 4390 ἁγίας
492 4317 740 4389 ὲντολῆς.
775 4336 795 4370 ι
1513 4363 1528 4379 .

376 4412 549 4468 Ἰδοὺ
579 4411 699 4483 ἐγὼ
735 4413 835 4466 καὶ
874 4411 948 4467 τὰ
974 4410 1186 4466 παιδία
1216 4411 1256 4467 ἆ
1280 4428 1384 4481 μοι
1407 4407 1634 4464 ἔδωκεν
1665 4410 1700 4464 ό
1742 4407 1907 4475 Θεὸς,

282 4506 393 4560 καί
457 4504 639 4559 ἔσται
694 4505 785 4571 εἰς
831 4501 1074 4572 σημεῖα,
1136 4502 1235 4556 καί
1298 4504 1388 4569 είς
1445 4499 1659 4569 τέρατα
1711 4499 1783 4553 ἐν
1829 4498 1910 4571 τῷ

2017 4032 2146 4098 rint,
2180 4033 2429 4088 converti
2469 4033 2537 4090 ab
2568 4049 2633 4089 eo
2670 4034 2814 4103 quod
2851 4032 2958 4088 illis
3001 4032 3258 4089 traditum
3291 4029 3391 4088 fuit
3425 4038 3618 4088 sancto

2014 4136 2290 4196 praecepto
2314 4126 2382 4179 '“.
2426 4146 2443 4179 ι

2088 4418 2256 4475 Vens.
2290 4414 2376 4472 18.
2414 4412 2550 4470 Ecce
2574 4429 2668 4485 ego
2697 4421 2746 4468 et
2770 4414 2919 4483 pueri
2947 4429 3077 4483 quos
3109 4413 3238 4467 mihi
3268 4412 3411 4467 dedit
3449 4411 3610 4481 Dem,

2013 4518 2061 4564 et
2088 4516 2244 4564 erunt
2269 4508 2424 4579 signa
2449 4518 2494 4562 et
2523 4516 2729 4562 ostenta
2760 4508 2814 4561 in
2842 4503 3015 4561 Israel
3040 4523 3071 4560 ιι
3096 4505 3322 4559 Domino
3352 4503 3609 4568 Sabaoth,

291 4595 557 4664 Ἰσραὴλ
582 4596 744 4665 παρὰ
764 4594 993 4662 Κυρίου
1025 4590 1292 4660 Σαϐαὼθ,
1316 4590 1386 4658 ὃς
1406 4589 1759 4646 κατοαεῖέν
1785 4590 1907 4661 ὄρει

2025 4602 2102 4673 yui
2133 4600 2339 4656 habitat
2370 4600 2427 4655 in
2460 4610 2632 4655 monte
2664 4596 2815 4654 Sion.

275 4689 472 4745 Σιών.

363 4780 485 4852 Τὴν
524 4779 698 4852 καλήν
722 4778 1019 4851 ὁμολογίαν
1043 4773 1105 4833 εὖ
1135 4777 1281 4850 μάλα
1306 4774 1651 4850 διηρηκότων
1674 4774 1905 4848 (ἔφασαν

279 4877 427 4947 γάρ·
464 4893 484 4927 ι
506 4873 672 4929 Mm?)
684 4873 777 4927 τὸν
801 4872 936 4927 Θεὸν
954 4873 1047 4926 τὸν
1074 4869 1499 4941 ἀποστρέψαντα
1526 4869 1589 4924 τὸ
1611 4869 1904 4940 πρόσωπον

278 4967 465 5024 αὐτοῦ
499 4967 609 5022 ἀπὸ
625 4966 721 5021 τοῦ
749 4968 900 5021 οἴκου
936 4962 1155 5027 Ἰακὼϐ,
1181 4966 1274 5018 καὶ
1295 4961 1571 5027 πεποιθὼς
1594 4961 1789 5034 ἔσομαι
1815 4960 1902 5015 ἐπ’

278 5063 449 5134 αὐτῷ
482 5061 530 5132 ι)
548 5061 899 5132 παραχρῆμα
916 5058 981 5112 τὸ
1011 5055 1178 5112 αὑτοῦ
1205 5055 1502 5127 πρόσωπον
1531 5052 1778 5126 εἰσφέρει
1807 5054 1903 5109 τοῦ

291 5152 686 5228 Ἐμμανουήλ,
717 5155 832 5215 τοῖς
871 5152 960 5205 ἔπ’
991 5149 1142 5220 αὐτῷ
1180 5149 1279 5223 τὴν
1304 5147 1497 5203 ἐλπίδα
1527 5145 1777 5219 θεμένοις
1805 5164 1906 5218 χα-

281 5247 593 5324 ριζομένου
635 5246 743 5320 τὴν
772 5244 1112 5317 οἰκειότητα,
1140 5241 1301 5312 δῆλον
1340 5241 1398 5296 δὲ
1440 5242 1523 5295 ὅτι
1559 5240 1658 5312 τὴν
1694 5238 1782 5294 διὰ
1812 5238 1906 5293 τοῦ

281 5342 640 5415 Πνεύματος.
682 5339 879 5410 Ἐνῆκε
907 5337 1021 5410 γὰρ
1042 5337 1221 5409 ἡμῖντὸ
1250 5334 1384 5398 Υίὸς
1408 5332 1472 5387 τὸ
1500 5332 1630 5386 ἴδιον
1655 5330 1902 5403 Πνεῦμα,

282 5441 388 5493 καὶ
413 5438 609 5491 οἰκεῖοι
642 5433 956 5504 γεγόναμεν
993 5428 1184 5484 αὐτοῦ’
1212 5427 1309 5483 καὶ
1334 5428 1392 5479 ἐν
1427 5424 1578 5496 αὐτῷ
1599 5423 1899 5496 κράζομεν,

263 5525 459 5582 ἰὶὸὄα
479 5528 509 5581 ὁ
526 5524 742 5598 Πατήρο
776 5522 1038 5595 ὀνομάζει
1061 5520 1242 5574 τοίνυν
1268 5519 1417 5592 ἡμᾶς
1440 5515 1628 5570 παιδία
1660 5515 1755 5569 τοῦ
1785 5516 1902 5568 Πα-

276 5626 438 5696 τρὸς,
468 5622 545 5687 ὡς
567 5620 666 5692 τὴν
697 5619 786 5673 διὰ
813 5616 953 5671 Πνεύ
963 5631 1129 5687 ματος
1154 5612 1378 5685 ἔχοντας
1405 5608 1787 5679 ἀναγέννησιν,
1819 5607 1905 5660 ἵνα

278 5720 385 5774 καὶ
413 5714 641 5785 ἀδελφοὶ
669 5710 1107 5785 χρηματίσωμεν
1140 5707 1234 5762 τοῦ
1283 5701 1431 5760 κατὰ
1475 5702 1637 5771 φύσιν
1684 5698 1905 5771 ἀληθῶς

354 5882 405 5917 ⁷⁸
431 5880 580 5939 Psal.
608 5892 798 5945 xulx,
827 5878 876 5932 Ι.

2086 4774 2384 4846 Postquam
2459 4773 2779 4847 pmclaram
2865 4772 3266 4830 confessionem
3317 4773 3618 4831 edidissent

2013 4871 2289 4944 (dixerant
2333 4868 2480 4925 enim
2507 4886 2522 4924 :
2555 4885 2574 4920 ι
2605 4866 2944 4939 Exspectabo
2977 4865 3144 4922 Deum
3180 4866 3270 4938 qui
3300 4867 3494 4922 avertit
3525 4864 3611 4923 fa-

2013 4965 2152 5019 ciem
2180 4976 2334 5018 suam
2383 4977 2413 5016 a
2449 4960 2613 5016 domo
2645 4958 2836 5025 Iacob,
2873 4967 2929 5013 et
2958 4959 3228 5014 conﬁdam
3270 4959 3344 5015 illi
3379 4957 3450 5032 ο),
3486 4975 3613 5016 mox
3662 4962 3669 4967 ’

2013 5072 2301 5129 personam
2357 5055 2531 5128 ipsius
2587 5052 2961 5109 Mutanuelis
3015 5052 3356 5119 introducit,
3405 5053 3497 5124 qui
3558 5054 3611 5108 iu

2012 5153 2132 5222 ipso
2162 5163 2313 5221 spem
2354 5146 2761 5204 eollocantibus
2787 5145 3231 5216 coniunctionem
3268 5147 3612 5218 spiritualem

2010 5244 2268 5300 videlicet
2316 5239 2583 5311 indulget.
2620 5236 2822 5295 Eﬂudit
2864 5239 3011 5295 enim
3052 5237 3222 5296 Filius
3251 5254 3406 5295 suum
3437 5237 3613 5310 Spiri-

2013 5347 2126 5392 tum
2178 5334 2234 5391 iu
2277 5348 2397 5398 nos,
2451 5342 2506 5388 et
2534 5333 2689 5401 quasi
2724 5331 3014 5389 domestici
3046 5347 3111 5388 ac
3139 5331 3320 5388 intimi
3361 5330 3495 5391 laeti
3520 5347 3614 5387 su-

2016 5440 2160 5489 mus,
2201 5425 2255 5479 in
2312 5425 2543 5494 ipsoque
2595 5420 2940 5477 clamamus:
2975 5420 3155 5487 Abba,
3201 5421 3383 5478 Pater.
3432 5419 3612 5487 Quare

2014 5530 2217 5587 pueros
2245 5513 2338 5570 Dei
2371 5524 2426 5568 et
2456 5510 2639 5577 Patris
2666 5526 2767 5567 nos
2799 5521 2978 5580 vocat,
3014 5521 3202 5582 utpote
3241 5510 3612 5579 regeneratio-

2010 5625 2139 5662 nem
2196 5623 2291 5678 per
2332 5604 2596 5676 Spiritum
2642 5604 2928 5671 habentes,
2969 5613 3028 5660 ut
3066 5615 3119 5659 et
3150 5602 3350 5658 fratres
3375 5598 3492 5669 ejus
3515 5600 3613 5669 qui

2016 5708 2210 5754 natura
2264 5713 2392 5755 vere
2448 5708 2536 5755 cst
2583 5697 2774 5765 Filius,
2830 5710 3226 5766 nuncupentur.
3269 5693 3416 5751 Dixit
3462 5693 3610 5749 enim

952 5876 1000 5908 7°
1022 5881 1037 5896 '
1064 5872 1207 5930 Psal.
1237 5884 1389 5937 τινι,
1419 5868 1506 5927 14.
1590 5868 1633 5901 '“
1657 5864 1701 5922 ll
1726 5867 1872 5925 Pctr.
1901 5881 1962 5933 tt,
1984 5863 2078 5930 ‘20,
2107 5864 2199 5921 Ἡ.

3631 5884 3650 5917 \
