4016 6490
422 341 528 400 9.39

1408 330 1466 386 S.
1511 327 1785 385 CYRlLLl
1826 326 2297 382 ALEXANDRINI
2338 326 2660 386 ARCHIEP.

3601 319 3711 376 2ιο

426 467 561 508 voce
594 449 878 522 psallentis
911 467 925 505 :
960 465 979 501 ι
1008 444 1357 503 Annuntiaho
1404 460 1606 500 nomen
1648 452 1796 498 tuum
1837 441 2012 496 fratri-

2117 443 2267 498 Υἰοῦ.
2301 447 2446 517 Ἔφη
2477 445 2587 516 γὰρ
2609 444 2700 500 διὰ
2722 446 2824 518 τῆς
2845 446 2938 501 τοῦ
2960 446 3270 510 Ψάλλοντος
3292 444 3497 517 φωνῆς’
3527 462 3546 497 ι
3579 445 3711 500 Ἀπ-

428 549 530 601 lius
559 546 695 599 meis
723 544 795 598 τ’.
844 561 864 594 ›
907 538 1105 596 Verum
1136 539 1415 595 enimvero
1447 537 1572 594 licet
1601 538 1772 592 frater
1811 534 2006 599 factus,

424 648 479 690 et
528 635 921 707 primogenitus
956 640 1207 687 nostrum
1241 642 1463 702 propter
1494 628 1891 685 humanitatem
1924 625 2009 680 di-

425 738 545 780 ctus
589 728 680 791 sit,
726 723 941 780 tametsi
980 722 1124 779 Deus
1160 723 1233 779 sit
1260 731 1315 778 et
1347 722 1517 778 Filius
1537 721 1795 792 unigena,
1828 728 2010 773 tamen

428 819 586 894 145
604 820 829 889 gloriam
848 817 989 886 ejus,
1007 828 1064 874 et
1081 831 1245 887 super
1260 831 1477 872 onmem
1500 826 1811 871 creaturam
1826 813 1979 869 excel
1994 842 2011 854 -

424 914 644 967 tentiam
670 926 776 965 non
814 910 1154 980 ignoramus.
1193 908 1409 965 Scimus
1446 924 1578 965 vero
1600 923 1700 964 nos
1725 907 1824 977 ipsi
1850 904 2012 961 aDeo

424 1015 478 1060 et
526 1004 687 1060 l’utre
734 1000 1156 1069 donatos.Quod
1177 1003 1293 1075 ipse
1326 1003 1601 1059 invenitur
1631 1002 1780 1058 Patri
1816 1014 1870 1057 et
1900 1001 2013 1057 Deo

421 1097 528 1151 cur!
564 1095 633 1152 sti
680 1096 930 1151 dixisse:
978 1114 998 1148 ι
1034 1095 1183 1163 Quos
1229 1096 1425 1152 dedisti
1480 1095 1613 1150 mihi
1663 1109 1729 1151 es
1780 1093 2007 1159 mundo,

424 1191 498 1244 tui
547 1200 728 1253 erant,
772 1197 827 1242 et
860 1187 989 1242 mihi
1027 1186 1148 1242 illos
1178 1187 1379 1243 dediSIi
1410 1187 1481 1245 ".
1515 1205 1534 1240 ι
1572 1186 1835 1242 Dominus
1866 1184 2010 1239 enim

422 1283 668 1338 omnium
726 1288 809 1337 est
858 1291 1052 1336 natura
1098 1279 1294 1345 Filius,
1329 1289 1383 1336 et
1426 1280 1483 1335 in
1517 1279 1699 1335 omnia
1734 1293 1854 1348 qua:
1882 1285 2010 1333 sunt

421 1387 635 1441 creata,
685 1390 809 1430 cum
848 1373 957 1430 Deo
1005 1380 1062 1428 et
1111 1371 1273 1429 Patre
1308 1388 1534 1443 regnum
1566 1372 1798 1427 obtinet.
1825 1370 1895 1423 At
1921 1369 2012 1425 ubi

426 1470 594 1524 homo
644 1467 819 1524 factus
845 1476 953 1534 est,
979 1466 1066 1523 cui
1106 1466 1289 1522 omnia
1320 1465 1624 1535 adjudicata
1651 1473 1778 1519 sunt
1807 1473 1861 1518 et
1888 1463 2011 1518 data

420 1562 704 1629 divinitus,
756 1562 1008 1631 accipere
1049 1560 1249 1616 dicltur
1284 1573 1348 1614 ea
1385 1572 1617 1629 quorum
1658 1556 1870 1612 exsistit
1911 1556 2012 1610 Do-

423 1655 603 1710 minus
646 1663 703 1707 ut
733 1652 876 1708 Deus
920 1668 936 1706 :
1002 1671 1020 1704 ι
1054 1651 1275 1707 Postula
1322 1651 1495 1716 enim,
1531 1651 1729 1720 inquit,
1760 1665 1790 1704 a
1819 1664 1925 1715 mc,
1957 1658 2015 1705 et

2116 537 2334 606 αγγελῶ
2362 538 2423 591 τὸ
2462 538 2635 608 δνομά
2666 556 2761 592 σου
2784 542 2897 604 τοῖς
2941 540 3193 609 ἀδελφοῖς
3236 556 3360 610 μου.
3398 556 3418 590 ι
3459 537 3609 608 Πλὴν
3658 538 3710 591 εί
3806 600 3811 603 ἠ

2114 628 2206 681 καὶ
2229 628 2451 697 γέγονεν
2473 626 2719 700 ἀδελφὸς,
2747 631 2843 685 κα⁸ι
2869 631 3278 703 κεχρημάτικεν
3306 630 3467 702 ἡμῶν
3499 629 3713 701 πρωτό-

2112 737 2270 785 τοκος
2302 718 2390 774 διὰ
2420 720 2482 775 τὸ
2525 721 2887 794 ἀνθρώπινον,
2917 723 3094 778 καίτοι
3122 722 3255 787 Θεὸς
3283 723 3576 796 ὑπάρχων,
3613 720 3710 776 καὶ

2114 811 2242 877 Υἱδς
2281 814 2599 888 μονογενὴς,
2630 815 2747 869 ἀλλ’
2774 816 2877 871 οὐκ
2902 818 3258 889 ἠγνοήκσμεν
3294 816 3464 872 αὐτοῦ
3496 815 3597 889 τὴν
3624 815 3711 870 δός-

2115 902 2231 971 ξαν,
2254 906 2348 959 καὶ
2369 904 2466 977 την
2487 907 2627 962 κατὰ
2654 908 2838 980 πάσης
2861 909 3091 972 κτίσεως
3114 909 3411 981 ὑπεροχήν.
3442 910 3634 979 Ἰσμεν
3650 906 3710 962 δὲ

2112 995 2195 1048 ὅτι.
2223 994 2485 1066 δεδόμεθα
2509 995 2659 1068 αὑτῷ
2688 997 2839 1069 παρά
2859 998 2994 1053 Θεοῦ
3026 997 3120 1053 καὶ
3148 996 3386 1069 Πατρός.
3419 999 3530 1052 Καὶ
3552 996 3711 1052 τοῦτο

2114 1087 2277 1150 αὐτὸς
2306 1088 2622 1159 εὑρίσκεται
2660 1084 2857 1158 Mwa
2897 1090 3036 1162 πρὸς
3066 1091 3159 1147 τὸν
3202 1093 3262 1146 ὲν
3304 1094 3418 1155 τοῖς
3457 1091 3713 1163 οὐρανοῖς

2114 1177 2336 1250 Πατέρα
2371 1179 2468 1234 καὶ
2496 1180 2649 1235 Θεόνσ
2683 1199 2702 1234 ι
2739 1180 2848 1246 Οὒς
2875 1180 3114 1247 δέδωκάς
3156 1201 3247 1255 μοι
3277 1184 3343 1238 ὲκ
3375 1181 3469 1237 τοῦ
3500 1184 3711 1256 κόσμου

2115 1270 2198 1322 σοὶ
2232 1264 2394 1341 ἦσαν,
2441 1271 2611 1343 κάμοὶ
2650 1273 2849 1337 αὐτοὺς
2883 1272 3111 1338 ἔδωκας.
3156 1292 3175 1326 s
3225 1271 3429 1345 Κύριος
3469 1274 3568 1347 μὲν
3601 1274 3714 1347 γὰρ

2111 1361 2222 1414 τῶν
2254 1362 2392 1417 ὂλων
2429 1363 2548 1418 ἐστὶ
2591 1365 2734 1419 κατὰ
2769 1364 2930 1433 φύσιν
2956 1366 2986 1419 ό
3019 1365 3169 1430 Υίός·
3213 1366 3307 1420 καὶ
3341 1367 3715 1438 συγκατάρχει

2114 1455 2318 1519 παντὸς
2341 1455 2570 1529 γενητοῦ
2605 1458 2685 1529 τῷ
2713 1457 2835 1529 Θεῷ
2872 1460 2968 1513 καὶ
3015 1459 3214 1532 Πατρί.
3258 1461 3477 1532 Ἐπειδὴ
3502 1463 3599 1514 καὶ
3623 1462 3715 1529 γέ-

2114 1566 2271 1618 γονεν
2300 1550 2608 1620 ἄνθρωπος,
2640 1543 2686 1619 ᾧ
2726 1551 2907 1605 πάντα
2952 1551 3071 1605 ἐστὶ
3111 1550 3368 1606 θεόσδοτα.
3408 1554 3503 1607 καὶ
3532 1554 3715 1607 είσκε-

2115 1641 2350 1712 κριμένα
2379 1639 2597 1710 λέγεται
2625 1642 2833 1707 λαϐεῖν,
2865 1635 2942 1696 ὧν
2980 1642 3193 1713 ὑπῆρχε
3231 1641 3421 1713 κύριος
3451 1643 3527 1698 ὡς
3556 1644 3708 1707 Θεός·

422 1744 561 1798 dabo
619 1743 715 1797 tibi
771 1752 961 1813 gentes
1021 1742 1396 1797 lnercditatem
1436 1751 1603 1805 tuam,
1635 1747 1691 1794 et
1723 1740 2013 1809 possessio-

2120 1752 2138 1785 ι
2168 1734 2399 1805 Αίτησαι
2432 1733 2562 1804 γὰρ,
2599 1752 2618 1785 s
2656 1735 2811 1805 φησὶ,
2854 1750 2876 1787 ι
2912 1732 3043 1804 παρ’
3076 1733 3236 1805 ἐμοῦ,
3282 1735 3377 1788 καὶ
3418 1733 3577 1788 δώσω
3631 1752 3715 1789 σοι

421 1850 543 1890 netu
579 1845 721 1887 tuam
748 1834 1015 1888 terminos
1042 1844 1202 1888 terrm
1240 1830 1307 1885 ⁷⁸.
1343 1851 1362 1883 ι
1397 1831 1648 1886 Exsultat
1678 1846 1811 1902 ergo
1842 1831 1894 1885 in
1928 1829 2013 1885 his

2117 1827 2243 1899 ἔθνη
2421 1827 2790 1901 κληρονομίαν
2820 1845 2936 1892 σου,
2978 1828 3073 1882 καὶ
3241 1828 3576 1899 κατάσχεσίν
3617 1846 3712 1884 σου

420 1928 512 1998 qtti
582 1928 656 1981 illi
711 1927 905 1992 ﬁdunt,
959 1927 1011 1981 id
1067 1934 1172 1992 est,
1215 1927 1267 1980 in
1317 1926 1405 1981 his
1439 1925 1531 1996 qui
1587 1926 1763 1981 vocati
1792 1936 1914 1979 sunt
1945 1923 2014 1980 ad

422 2019 757 2089 agnitionem
791 2020 1040 2075 veritatis
1095 2034 1190 2088 per
1227 2018 1423 2084 tidem,
1478 2029 1533 2074 et
1582 2033 1746 2073 manu
1803 2027 2013 2073 tantum

424 2127 529 2166 non
566 2120 821 2179 protensa
871 2124 966 2164 eos
1016 2117 1286 2164 monstrat
1334 2108 1562 2165 dicens:
1595 2126 1614 2161 ι
1650 2108 1793 2164 Ecce
1824 2123 1925 2179 ego
1959 2117 2014 2162 et

424 2204 575 2273 pueri
626 2217 763 2272 quos
806 2201 955 2257 dedit
993 2201 1124 2256 mihi
1160 2199 1320 2257 Deus.
1347 2220 1367 2253 ι
1403 2200 1537 2268 Quis
1570 2200 1732 2272 igitur
1764 2202 1855 2271 qui
1891 2202 2008 2256 haec

421 2295 668 2362 laquitur
694 2294 718 2348 ’ί
772 2294 1027 2349 videlicet
1075 2293 1419 2359 Emmanuel,
1444 2294 1539 2363 qui
1572 2294 1702 2360 erit,
1732 2293 1928 2362 inquit,
1957 2294 2011 2347 in

422 2389 576 2457 signa
603 2396 660 2441 et
681 2395 897 2442 ostenta
923 2387 975 2441 in
997 2386 1183 2452 lsrael,
1215 2401 1247 2441 ε
1275 2386 1507 2442 Domino
1526 2386 1766 2440 Sabaoth
1792 2385 1883 2455 qui
1909 2385 2010 2439 ha-

423 2483 563 2535 bitat
597 2480 651 2534 in
683 2489 866 2534 monte
897 2479 1053 2536 Sion.
1091 2479 1226 2535 Nam
1256 2489 1315 2536 ut
1357 2483 1581 2537 credant
1621 2490 1779 2535 terr:e
1817 2478 2008 2534 incolae

420 2588 548 2628 eum
581 2572 671 2642 qui
705 2583 898 2627 natura
938 2571 1083 2630 Deus
1102 2583 1210 2639 est,
1243 2571 1447 2629 factum
1479 2586 1601 2629 esse
1626 2572 1928 2636 hominem,
1956 2580 2011 2625 et

423 2665 515 2734 qui
569 2662 942 2717 universitatis
986 2662 1248 2720 Dominus
1304 2663 1545 2729 exsistit,
1601 2662 1746 2718 servi
1776 2660 2011 2717 formam

418 2767 666 2829 gestasse
701 2759 914 2813 ratione
941 2757 1368 2827 dispensationis
1405 2771 1519 2812 sum
1545 2764 1770 2827 propter
1797 2770 1920 2821 nos,
1948 2768 2014 2810 ac

421 2851 780 2920 complurima
827 2865 928 2922 per
968 2847 1220 2905 Iudaeam
1253 2850 1403 2921 signa
1438 2859 1722 2920 operatum
1757 2864 1900 2917 esse,
1929 2848 2012 2903 di-

424 2945 673 3014 vinaeque
697 2944 1027 3014 praestantiae
1065 2945 1452 3001 documentum
1495 2944 1862 3001 clarissimum
1902 2943 2013 2999 edi-

424 3038 590 3102 disse,
646 3045 809 3108 atque
839 3052 902 3091 ea
929 3037 1167 3109 perfecta
1195 3053 1318 3108 qua:
1341 3037 1651 3109 opinionem
1680 3037 1924 3093 omnium
1958 3044 2011 3092 et

418 3132 724 3187 orationem
761 3141 1039 3202 superant,
1076 3140 1319 3188 mortuos
1344 3130 1657 3199 excitando,
1703 3112 2011 3185 immundos
2037 3155 2082 3216 ο

422 3225 652 3295 spiritus
709 3225 1065 3295 increpando,
1119 3224 1392 3295 caecisque
1423 3226 1597 3280 visum
1637 3238 1736 3294 pro
1771 3222 2015 3291 suojure

417 3328 477 3369 et
524 3317 854 3372 auctoritate
911 3316 1216 3388 largiendo.
1270 3315 1513 3374 Judaicaa
1543 3325 1725 3373 autem
1750 3316 2016 3389 perversi-

426 3407 552 3463 tatis
573 3418 627 3462 ct
657 3408 951 3477 impietatis
977 3409 1311 3477 criminatio,
1335 3409 1654 3480 prophetica
1680 3409 1789 3464 erit
1810 3408 2009 3464 oratio.

419 3498 589 3569 Signa
636 3501 780 3554 enim
832 3510 886 3554 et
927 3510 1144 3556 Ostenta
1184 3515 1215 3554 ιι
1245 3501 1475 3556 Domino
1522 3499 1765 3556 Sabaoth
1793 3499 1886 3569 qui
1918 3501 2014 3555 ha-

417 3591 565 3646 bitat
619 3591 673 3645 in
731 3602 915 3647 monte
974 3593 1126 3659 Sion,
1184 3590 1330 3647 facta
1359 3593 1492 3647 dicit
1525 3609 1541 3647 :
1580 3592 1670 3648 isti
1715 3606 1848 3647 vero
1875 3591 2014 3647 nihil

423 3698 530 3738 non
582 3693 636 3738 et
691 3699 873 3739 rerum
912 3692 967 3738 et
1004 3684 1297 3739 verborum
1348 3684 1638 3755 impiorum
1687 3687 2011 3741 intentatum

421 3774 814 3845 nelinqucntes,
846 3774 1229 3844 blasphemare
1255 3775 1371 3831 ausi
1399 3783 1525 3831 sunt
1546 3775 1826 3832 dicentes:
1857 3792 1877 3828 ι
1909 3772 2013 3831 Hic

423 3883 530 3922 nou
586 3867 736 3938 ejicit
789 3866 1054 3923 daemonia
1114 3868 1217 3924 nisi
1258 3882 1356 3939 per
1387 3867 1675 3926 Beelzebul
1705 3868 2010 3941 principem

420 3959 814 4016 daemoniorum
851 3959 923 4015 ".
951 3977 974 4011 s

497 4243 663 4301 Vitas.
700 4245 790 4312 19,
816 4243 908 4300 20.
945 4241 1010 4298 Et
1044 4245 1089 4300 si
1118 4244 1350 4300 dixerint
1371 4245 1509 4299 vobis
1532 4260 1550 4296 :
1580 4243 1849 4314 Requirile
1870 4251 2012 4297 vates

423 4338 486 4392 de
538 4352 681 4393 terra
729 4353 903 4393 vocem
953 4339 1184 4405 edentes,
1226 4339 1600 4407 rentriloquas,
1630 4337 1922 4405 vanidicos,
1961 4346 2009 4390 et

422 4431 513 4496 qui
549 4432 613 4485 de
642 4442 817 4485 uentre
858 4430 1169 4501 loquuntur,
1202 4447 1372 4484 nonne
1396 4446 1520 4501 gens
1545 4432 1615 4485 ad
1640 4429 1806 4484 Deum
1825 4429 2012 4485 suum?

2113 1918 2182 1970 τὰ
2210 1918 2422 1990 πέρατα
2455 1918 2555 1987 τῆς
2594 1918 2720 1988 γῆς.
2758 1937 2778 1970 s
2834 1919 3225 1989 Ἐπιγάννυται
3263 1920 3445 1974 τοίνυν
3474 1924 3588 1985 τοῖς
3623 1922 3712 1973 ἐπ’

2115 2010 2267 2081 αὐτῷ
2307 2010 2646 2074 πεποιθόσιν,
2690 2009 2837 2063 τοῦτ’
2869 2010 3008 2078 ἔστι,
3057 2014 3168 2076 τοῖς
3217 2012 3577 2083 κεκλημένοις
3630 2013 3714 2077 εἰς

2116 2103 2415 2173 ἐπίγνωσιν
2447 2102 2709 2173 ἀληθείας
2750 2102 2841 2157 διὰ
2876 2105 2976 2176 τῆς
3016 2103 3273 2169 πίστεωςο
3314 2105 3473 2178 μόνον
3500 2105 3558 2160 δὲ
3592 2106 3716 2178 οὐχὶ

2114 2199 2210 2252 καὶ
2232 2201 2395 2270 χεῖρα
2412 2197 2714 2270 προτείνων
2727 2197 3133 2263 καταδείκνυσι,
3156 2198 3352 2269 λέγων·
3379 2218 3399 2251 ι
3440 2201 3572 2255 Ἰδοὺ
3599 2201 3713 2271 ἐγὼ

2113 2292 2208 2344 καὶ
2230 2290 2301 2344 τὰ
2328 2289 2537 2355 παιδία,
2572 2289 2609 2343 ά
2645 2307 2737 2362 μοι
2769 2290 2970 2346 ἔδωκεν
3003 2293 3033 2346 ὀ
3057 2292 3210 2357 Θεός.
3244 2312 3263 2345 s
3295 2292 3393 2357 Τίς
3417 2289 3509 2348 οὖν
3536 2295 3712 2349 ταῦτα

2112 2384 2318 2454 λέγων;
2350 2384 2379 2437 ό
2409 2382 2759 2456 Ἐμμανουὴλ
2784 2383 3049 2455 δηλονότι.
3078 2387 3175 2448 Ὃς
3205 2385 3377 2453 ἔσται,
3413 2389 3598 2458 φησὶν,
3633 2392 3713 2453 εἰς

2116 2478 2318 2549 σημεῖα
2351 2476 2447 2530 καὶ
2478 2476 2684 2549 τέρατα
2710 2478 2769 2531 ὲν
2799 2475 2878 2549 τῷ
2919 2477 3137 2549 Ἰσραὴλ
3169 2480 3321 2550 παρά
3349 2480 3558 2550 Κυρίου
3605 2480 3712 2534 Σα-

2113 2568 2285 2635 ϐαὼθ,
2315 2568 2374 2633 ὃς
2400 2571 2648 2622 κατοικεῖ
2679 2569 2737 2622 ὲν
2762 2569 2838 2640 τῷ
2863 2568 2979 2641 ὄρει
3006 2568 3167 2627 Σιών.
3202 2571 3319 2625 Ἵνα
3345 2572 3457 2644 γὰρ
3484 2573 3709 2626 πιστεύ-

2115 2678 2264 2716 σειαν
2295 2662 2347 2714 οί
2379 2660 2520 2715 κατά
2552 2661 2731 2715 πᾶσαν
2761 2661 2861 2730 τὴν
2890 2663 3019 2735 γῆν,
3046 2663 3128 2717 ὅτι
3155 2664 3288 2728 Θεὸς
3315 2663 3392 2719 ὢν
3420 2665 3581 2735 φύσει
3614 2668 3709 2734 γέ-

2112 2771 2270 2825 γονεν
2294 2754 2599 2827 ἄνθρωπος,
2623 2754 2719 2809 καὶ
2741 2754 2850 2812 τῶν
2887 2755 3027 2811 ὅλων
3057 2756 3320 2830 ὑπάρχων
3343 2758 3569 2832 Κύριος,
3611 2762 3712 2831 τὴν

2112 2847 2207 2902 τοῦ
2250 2847 2437 2903 δούλου
2478 2850 2760 2923 πεφόρηκε
2798 2849 3014 2922 μορφὴν
3049 2852 3407 2924 οἰκονομικῶς
3443 2853 3510 2908 δι’
3541 2856 3709 2927 ἡμᾶς·

2114 2942 2345 2997 πλεῖστά
2370 2960 2429 2996 τε
2460 2943 2562 2998 ὅσα
2591 2944 2735 2998 κατά
2755 2943 2855 3016 τὴν
2883 2944 3140 2999 Ἰουδαίαν
3163 2946 3458 3017 εἰργάσατο
3484 2953 3711 3020 σημεῖα,

2114 3038 2210 3094 καὶ
2273 3038 2373 3109 τῆς
2419 3036 2569 3101 θείας
2637 3038 2910 3110 ὑπεροχῆς
2976 3040 3375 3113 ὲνεργεστάτην
3435 3041 3711 3109 ἀπόδειξιν

2114 3134 2424 3204 ἐποιήσατο·
2459 3132 2529 3186 τά
2557 3130 2878 3205 παραδόξως
2918 3148 2979 3186 τε
3040 3132 3136 3187 καὶ
3188 3133 3331 3206 ὑπὲρ
3371 3133 3529 3204 λόγον
3577 3136 3711 3189 ἀποο

2113 3226 2437 3298 τελούμενα·
2485 3225 2647 3280 τοῦτο
2710 3225 2810 3297 μὲν
2858 3226 3088 3297 νεκροὺς
3143 3227 3404 3297 ἀναστὰς,
3454 3227 3615 3284 τοῦτο
3655 3230 3715 3283 δὲ

2113 3316 2448 3390 ἀκαθάρτοις
2492 3317 2802 3389 πνεύμασιν
2842 3317 3136 3389 ἐπιτιμῶν·
3180 3319 3276 3373 καὶ
3314 3320 3535 3390 τυφλοῖς
3568 3321 3623 3375 δὲ
3654 3324 3716 3375 τὸ

2116 3409 2337 3481 βλέπειν
2386 3413 2445 3465 ὲν
2487 3411 2711 3483 ἐξουσίᾳ
2763 3410 3130 3483 δωρούμενος.
3168 3413 3465 3486 Ἐγκλημα
3514 3414 3572 3469 δὲ
3617 3419 3716 3488 τῆς

2128 3500 2396 3555 Ἰουδαίων
2434 3501 2758 3574 σκαιότητος
2800 3501 2895 3555 καὶ
2938 3502 3280 3569 δυσσεϐείας,
3319 3507 3348 3558 ό
3378 3505 3716 3578 προφητικὶρς

2115 3595 2266 3650 ἔσται
2297 3593 2473 3665 λόγος.
2503 3593 2587 3649 Τὰ
2613 3595 2715 3677 μὲν
2743 3594 2853 3668 γὰρ
2876 3599 3081 3667 σημεῖα
3108 3597 3201 3651 καὶ
3230 3598 3299 3652 τὰ
3322 3598 3529 3669 τέρατα
3562 3601 3717 3669 παρᾶ

2113 3685 2321 3759 Κυρίου
2366 3680 2597 3740 Σαϐαὼθ
2640 3685 2734 3739 τοῦ
2776 3685 3160 3753 κατοικοῦντος
3213 3689 3272 3744 ὲν
3304 3689 3382 3762 τῷ
3427 3690 3545 3763 ὄρει
3575 3691 3719 3745 Σιὼν

2113 3779 2441 3852 γεγενῆσθαί
2468 3796 2654 3850 φησιν.
2688 3780 2750 3834 Οἱ
2793 3779 2850 3833 δὲ
2881 3781 2991 3835 τῶν
3021 3781 3270 3837 ἐκτόπων
3301 3783 3333 3854 ἢ
3371 3784 3718 3857 πραγμάτων

2113 3875 2148 3948 ἢ
2194 3875 2369 3943 λόγων
2399 3873 2818 3955 ἀνεπιτήδευτον
2846 3874 3045 3941 ὲῶντες
3076 3877 3255 3945 οὐδὲν,
3292 3878 3598 3951 δυσφημεῖν
3618 3882 3721 3934 ἀπ-

2112 3975 2358 4045 ετόλμων
2412 3973 2685 4043 λέγοντες·
2726 3992 2745 4025 ι
2790 3964 2961 4039 Οὗτος
3013 3974 3115 4028 οὐκ
3171 3975 3429 4030 ἐκϐάλλει
3486 3977 3556 4031 τά
3596 3978 3720 4032 δαι·

2115 4064 2277 4136 μόνια
2322 4066 2373 4118 εί
2421 4065 2498 4136 μὴ
2536 4065 2593 4119 ἐν
2635 4063 2965 4130 Βεελζεσοὺλ
3003 4065 3082 4137 τῷ
3130 4067 3352 4139 ἄρχοντι
3386 4068 3494 4123 τῶν
3522 4070 3724 4142 δαιμο-

2112 4158 2264 4213 νίων.
2303 4176 2323 4209 s

2184 4249 2294 4305 Καὶ
2316 4249 2428 4305 ἐὰν
2448 4251 2668 4323 εζπωσι
2700 4254 2859 4321 πρὸς
2883 4252 3060 4324 ὑμᾶς’
3088 4252 3402 4322 Ζητήσατε
3424 4256 3569 4324 τοὺς
3593 4258 3718 4315 ἀπὸ

2113 4338 2226 4410 τῆς
2263 4339 2379 4411 τῆς
2422 4343 2802 4411 φωνοῦντας,
2856 4343 2958 4399 καί
3005 4343 3151 4410 τοὺς
3204 4345 3722 4418 ἐγγαστριμύθους

2114 4430 2256 4497 τοὺς
2281 4431 2781 4502 κενολογοῦντας,
2806 4431 2865 4487 οἳ
2890 4433 2960 4488 ἐκ
2983 4432 3096 4503 τῆς
3125 4435 3360 4502 κοιλίας
3374 4439 3716 4506 φωνοῦσιν,

426 4525 569 4591 Quid
614 4525 890 4579 consulitis
934 4526 998 4578 de
1050 4525 1182 4578 vivis
1231 4535 1465 4579 uror-tuos
1493 4525 1520 4578 ?
1571 4522 1755 4595 Legem
1783 4525 1923 4578 enim
1958 4523 2013 4576 in

2117 4524 2229 4576 οὐκ
2268 4523 2447 4589 ἔθνος
2483 4524 2636 4593 πρὸς
2664 4523 2814 4580 Θεὸν
2845 4526 3075 4592 αὐτοῦ;
3113 4527 3178 4584 Τί
3215 4528 3531 4599 ἐπιζητοῦσι
3580 4537 3720 4603 περὶ

423 4615 794 4686 adjumentum
851 4616 1021 4683 dedit,
1072 4625 1128 4670 ut
1185 4616 1415 4671 dicunt:
1446 4616 1569 4671 Non
1618 4618 1749 4671 sicut
1803 4614 2014 4668 verbum

423 4712 587 4778 istud,
622 4710 808 4783 dequo
830 4726 933 4765 non
959 4711 1190 4765 estdona
1210 4712 1339 4766 dare
1360 4726 1454 4780 pro
1482 4713 1615 4779 ipso.

500 4991 881 5048 lnstructionis
962 4993 1174 5066 plenam
1230 4997 1536 5051 orationem
1596 4995 1843 5065 praetexit
1898 4996 2015 5067 ipse

426 5084 769 5152 Emmanuel,
790 5086 873 5141 his
887 5088 978 5156 qui
998 5101 1150 5158 spem
1178 5088 1233 5142 in
1254 5087 1373 5159 ipso
1400 5086 1564 5159 146
1581 5099 1900 5157 posuerunt,
1918 5090 2015 5160 qui

2119 4612 2239 4667 τῶν
2324 4612 2556 4675 ζώντων
2611 4616 2757 4683 τοὺς
2813 4621 3112 4687 νεκρούς;
3186 4625 3388 4699 Νόμον
3453 4625 3568 4697 γὰρ
3631 4632 3723 4695 εὶς

2112 4705 2407 4772 βοήθειαν
2461 4708 2707 4778 ἔδωκεν,
2757 4713 2860 4768 ἵνα
2897 4713 3176 4770 εἴπωσινο
3188 4716 3309 4786 οὺχ
3341 4718 3424 4785 ὡς
3446 4719 3516 4773 τὸ
3547 4719 3722 4791 ῥῆμα

2118 4798 2295 4854 τοῦτο
2361 4801 2497 4870 περὶ
2564 4799 2638 4860 οὖ
2701 4807 2817 4861 οὐκ
2882 4804 3016 4861 ἐστι
3071 4806 3232 4878 δῶρα
3298 4809 3513 4866 δοῦναι
3581 4815 3719 4885 περὶ

2117 4893 2331 4955 αὐτοῦ.
3500 4918 3509 4921 -

2187 5004 2574 5097 Κατηχητικὸν
2610 5008 2891 5079 ὲξυφαίνει
2919 5014 3077 5084 λόγον
3108 5017 3275 5082 αὐτὸς
3300 5019 3330 5071 ό
3367 5021 3717 5097 Ἐμμανουὴλ

2116 5097 2230 5159 τοῖς
2283 5095 2479 5151 ἐλπίδα
2524 5097 2775 5169 θεμένοις
2803 5104 2884 5167 εἰς
2916 5105 3099 5173 αὐτὸν,
3140 5109 3191 5163 οἳ
3249 5095 3719 5187 κατελογίσθησαν

429 5167 859 5233 numerabantur
895 5179 947 5234 in
984 5180 1131 5243 ﬁliis,
1175 5188 1231 5234 et
1282 5180 1385 5250 ipsi
1420 5194 1451 5233 a
1496 5178 1611 5234 Deo
1633 5189 1686 5235 et
1720 5179 1881 5237 Patre
1907 5183 2013 5238 dati

2122 5187 2221 5258 μὲν
2251 5189 2311 5241 ἐν
2340 5188 2573 5253 τέκνοις·
2594 5167 2835 5248 δέδονται
2855 5194 2914 5251 δὲ
2944 5167 3096 5271 αὑτῷ
3127 5203 3280 5274 παρά
3311 5167 3720 5263 ΘεοῦικαὶὝΠαζ

426 5278 557 5323 sunt
581 5309 598 5336 ,
659 5277 717 5322 ut
752 5267 1032 5324 Servatori
1057 5277 1113 5324 et
1143 5266 1519 5338 Redemptori,
1568 5278 1624 5325 et
1664 5272 2018 5341 Vivitiratori,

425 5362 631 5431 quique
685 5360 994 5415 illuminare
1048 5359 1215 5425 valet,
1259 5361 1520 5429 omnique
1562 5364 1707 5420 malo
1753 5364 2009 5436 liberare,

428 5464 483 5506 et
510 5452 599 5522 qui
635 5468 731 5508 eos
756 5453 1011 5508 omnibus
1052 5451 1230 5506 modis
1263 5468 1291 5506 ιι
1318 5454 1571 5523 pristinis
1610 5456 1849 5512 moribus
1895 5459 2008 5525 pri-

431 5560 625 5615 maque
651 5544 924 5600 dementia
953 5543 1217 5597 vindicat.
1248 5545 1344 5599 Est
1391 5547 1535 5600 enim
1570 5548 1622 5601 in
1659 5564 1810 5604 more
1840 5550 2009 5605 idolo-

428 5645 546 5687 rum
604 5633 903 5689 cultoribus
928 5674 943 5700 ,
999 5634 1278 5689 oraculum
1310 5636 1700 5694 dxtnoniorum
1731 5641 2005 5712 amplecti,

495 5790 543 5824 ’³
564 5791 704 5845 Psal.
729 5806 843 5861 xxx,
861 5789 952 5849 93.
1026 5793 1075 5827 "
1096 5790 1251 5851 Joau.
1281 5811 1414 5865 xui,
1442 5797 1492 5851 9.
1570 5798 1617 5829 ⁷³
1642 5799 1784 5853 Psal.
1815 5817 1873 5863 ιι,
1899 5802 1952 5855 8.

2120 5279 2270 5349 τρὸς,
2305 5280 2383 5344 ὡς
2429 5282 2647 5356 Σωτῆρι
2692 5287 2787 5340 καὶ
2840 5291 3101 5365 Λυτρωτῇ
3156 5295 3250 5349 καὶ
3301 5299 3583 5371 Ζωοποιῷ,
3622 5304 3727 5357 καὶ

2122 5374 2527 5442 καταφωτίζειν
2570 5377 2828 5447 ἰσχύοντι,
2862 5384 2959 5436 καὶ
2982 5386 3186 5451 παντὸς
3222 5389 3590 5447 ἀπαλλάττειν
3619 5412 3719 5448 κα-

2118 5461 2253 5556 κνξῦν·
2292 5466 2555 5538 ἀφίστησι
2599 5469 2656 5523 δὲ
2697 5472 2897 5538 αὐτοὺς
2944 5477 3255 5548 όλοτρόπως
3308 5483 3417 5537 τῶν
3470 5486 3719 5556 ἀρχαίων

2116 5555 2288 5626 ἠθῶν,
2317 5559 2412 5612 καὶ
2441 5562 2869 5630 φρενοϐλαϐείας
2896 5568 2997 5639 τῆς
3027 5570 3271 5644 πρώτης.
3296 5574 3460 5641 Ἕθος
3609 5581 3718 5649 γὰρ

2115 5651 2229 5713 τοῖς
2258 5651 2365 5703 τῶν
2407 5653 2641 5710 εἰδώλων
2675 5664 3099 5732 προσκυνηταῖς,
3129 5667 3254 5732 τοὺς
3284 5682 3348 5720 εκ
3379 5669 3488 5722 τῶν
3524 5670 3717 5742 δαιμο-

2032 5804 2077 5834 ⁷⁸
2101 5803 2292 5860 Matth.
2321 5822 2417 5873 xu,
2440 5807 2529 5862 24.
