4016 6462
248 411 362 466 2H

1441 417 1508 472 IN
1550 416 1797 473 [SAIAM‘
1829 415 1961 472 LIB.
1999 415 2038 470 l.
2084 413 2292 474 ORAT.
2339 416 2402 472 λ’.

3479 428 3589 480 9.52

247 536 385 588 νίων
418 537 718 608 χρησμοὺς
759 538 1015 608 ἀγαπᾷν,
1065 539 1160 591 καὶ
1201 537 1508 608 κενολόγοις
1541 539 1652 593 τισὶ
1697 555 1887 609 νεκρο-

2000 546 2047 595 et
2101 540 2409 608 vaniloquis
2461 537 2788 609 quibusdam
2859 539 3282 594 necromanticis
3335 541 3585 594 adh-wre-

253 624 496 696 μάντεσι
546 627 916 695 προσκεῖσθαι
962 627 1158 697 φιλεῖν,
1208 630 1258 682 οἳ
1299 629 1517 698 λέγουσι
1551 631 1651 701 μὲν
1682 629 1883 700 ἀληθὲς

251 718 437 771 οὐδέν·
495 718 898 790 ἀνερεύγονται
951 721 1008 774 δὲ
1067 720 1258 794 ῶσπερ
1311 722 1371 776 τὸ
1437 724 1517 787 είς
1573 721 1700 775 νοῦν
1747 717 1884 794 ἧκον

261 811 471 874 ἁπλῶς.
534 811 681 866 Ἀλλ’
712 813 899 884 ὑμεῖς,
927 813 1082 884 φησὶ,
1109 814 1215 868 κᾶν
1253 816 1301 868 εί
1337 815 1618 889 προσίοιτό
1651 832 1758 880 τις,
1791 811 1884 868 λέ-

271 921 403 972 γων·
437 906 735 976 Ζητήσατε
767 909 898 970 τοὺς
935 908 1043 961 ἀπὸ
1088 908 1190 978 τῆς
1229 911 1331 980 γῆς
1364 909 1700 978 φωνοῦντας,
1737 906 1885 961 τοῦτ’

277 996 406 1057 ἐστι,
442 999 573 1062 τοὺς
613 1003 1127 1072 προσποιουμένους
1155 1003 1452 1074 ἀναφέρειν
1479 1003 1607 1066 τοὺς
1633 1001 1883 1073 νεκρούς·

278 1089 364 1142 καὶ
410 1089 611 1161 ὥσπερ
663 1091 724 1156 ἐξ
769 1091 898 1164 ᾅδου
937 1093 1209 1148 ποιεῖσθαι
1251 1093 1352 1158 τὰς
1399 1095 1681 1164 μαντείας·
1716 1094 1888 1165 ἡγουν

273 1183 393 1245 τοὺς
451 1184 963 1256 ἐγγαστριμύθους·
1003 1187 1054 1240 οἳ
1110 1187 1536 1258 προσποιοῦνται
1587 1187 1686 1258 μὲν
1730 1185 1889 1250 θεούς

271 1290 420 1338 τινας
445 1274 595 1344 ἔχειν
621 1277 703 1339 είς
733 1276 834 1347 τὴν
863 1277 1090 1342 κοιλίαν,
1123 1277 1267 1332 οὕτω
1293 1297 1352 1332 τε
1379 1283 1491 1344 τοῖς
1507 1277 1793 1351 προσιοῦσι
1819 1279 1889 1334 τά

272 1365 416 1435 παρ’
439 1367 684 1421 ἐκείνων
734 1368 938 1433 λαλεῖν,
977 1370 1052 1441 μὴ
1079 1371 1370 1442 προσίεσθε
1414 1373 1513 1444 τὴν
1550 1371 1886 1444 συμϐουλήν.

268 1455 518 1510 Φωνοῦσι
553 1457 666 1529 γὰρ
695 1460 805 1512 ἀπὸ
836 1461 1005 1531 μόνης
1027 1462 1127 1532 τῆς
1159 1463 1370 1516 ἑαυτῶν
1397 1463 1626 1530 κοιλίας,
1663 1465 1756 1518 καὶ
1789 1466 1891 1520 οὐκ

269 1551 410 1603 εἰσὶν
442 1551 606 1614 ἔθνος
638 1553 882 1618 συνετὸν,
919 1553 1060 1608 ῶστε
1096 1556 1191 1609 καὶ
1220 1554 1563 1628 ἀναζητῆσπι
1603 1557 1758 1624 Θεὸν,
1795 1558 1890 1612 καὶ

271 1642 405 1712 παρ’
445 1642 623 1696 αὑτοῦ
675 1661 730 1697 τι
782 1643 994 1715 μαθεῖν.
1033 1646 1237 1715 Λέγετε
1293 1648 1351 1701 δὲ
1388 1651 1501 1712 τοῖς
1528 1651 1713 1703 ἐκεῖνα
1752 1667 1892 1721 συμ-

273 1735 629 1789 ϐουλεύουσι·
675 1737 742 1790 Τί
773 1738 1068 1808 ἐκζητοῦσι
1098 1740 1228 1811 περὶ
1257 1739 1365 1793 τῶν
1397 1740 1616 1806 ζώντων
1645 1743 1770 1807 τοὺς
1801 1760 1890 1796 νε-

271 1829 478 1898 κρούς;
517 1830 656 1902 ὁρᾷς
689 1830 840 1894 ὅπως
881 1830 1256 1900 ἀπεργάζεται
1298 1831 1779 1902 νουνεχεστάτους;
1817 1833 1889 1885 Οὐ

1991 647 2172 699 scere,
2209 632 2299 702 qui
2331 631 2443 685 veri
2475 632 2693 700 quidem
2749 630 2884 684 nihil
2910 630 3119 698 dicunt,
3155 633 3250 687 sed
3285 634 3430 687 velut
3461 649 3588 687 eru-

1989 733 2138 781 ctant
2169 723 2434 794 quidquid
2469 733 2672 801 teme-re
2707 723 2759 777 in
2795 733 3030 778 mentem
3067 725 3235 778 venit.
3267 725 3432 793 Atqui
3466 740 3588 787 vos,

1989 817 2206 887 inquit,
2256 815 2473 870 etiamsi
2525 816 2748 870 accedat
2801 816 2942 882 quis,
2992 829 3055 870 ac
3085 816 3230 870 dicat
3263 835 3275 870 :
3306 817 3589 870 Consulite

1987 919 2143 964 vates
2192 908 2260 963 de
2301 916 2446 963 terra
2481 921 2670 962 vocem
2695 907 2940 970 edentes,
2974 905 3027 961 id
3055 917 3162 974 est,
3203 908 3294 977 qui
3323 907 3590 961 simulant

1988 1017 2052 1058 se
2101 1010 2346 1056 mortuos
2396 1000 2681 1063 reducere,
2731 1008 2786 1054 et
2823 998 2972 1053 velut
3019 1014 3088 1052 ex
3113 1000 3299 1054 inieris
3341 1001 3427 1054 edi
3464 1014 3590 1052 ora.

1990 1096 2148 1163 cuia;
2184 1095 2300 1151 sive
2321 1095 2720 1165 ventriloquos,
2747 1094 2840 1164 qui
2868 1093 3076 1163 lingunt
3095 1095 3224 1148 deos
3242 1109 3299 1148 se
3321 1098 3588 1163 quosdam

1991 1189 2195 1244 habere
2241 1189 2293 1242 in
2321 1197 2534 1252 ventre,
2572 1196 2626 1241 et
2668 1187 2741 1241 ita
2775 1185 3105 1240 adeuntibus
3141 1189 3255 1240 haec
3290 1179 3358 1240 ab
3394 1186 3500 1238 illis
3531 1200 3590 1238 se

1995 1281 2200 1345 dicere,
2228 1279 2520 1335 consilium
2554 1279 2719 1335 nolite
2754 1280 3066 1335 admittere.
3095 1281 3138 1332 A
3166 1294 3266 1334 suo
3290 1280 3434 1333 enim
3473 1279 3590 1334 solo

1993 1383 2188 1427 ventre
2219 1370 2456 1425 sonitum
2489 1371 2676 1436 edunt,
2711 1385 2810 1425 nec
2842 1379 2967 1424 sunt
2993 1385 3125 1440 gens
3160 1369 3493 1439 intelligens,
3532 1378 3592 1421 ut

1993 1464 2079 1518 vel
2136 1465 2302 1519 Deum
2345 1462 2656 1527 consulant,
2703 1461 2786 1516 vel
2821 1463 2890 1516 ab
2922 1461 3015 1515 illo
3045 1461 3259 1516 discant
3287 1460 3585 1530 quidpiam.

1993 1556 2172 1612 Dicite
2222 1570 2353 1610 vero
2399 1555 2486 1609 his
2539 1555 2632 1625 qui
2674 1570 2735 1608 ea
2772 1552 3108 1609 consulunt:
3151 1554 3291 1620 Quid
3340 1563 3596 1622 quaerunt

1994 1659 2241 1705 mortuos
2265 1649 2330 1702 de
2360 1648 2753 1714 vivis?viden’,
2786 1663 2894 1716 quo
2919 1657 3080 1718 pacto
3109 1662 3203 1701 eos
3239 1647 3430 1701 reddat
3461 1662 3593 1714 pru-

1995 1743 2344 1798 dentissimos
2376 1742 2399 1795 ?
2438 1741 2556 1796 Non
2609 1741 2754 1795 enim
2799 1741 2974 1795 solum
3023 1740 3270 1810 prmcipit
3302 1756 3330 1792 a
3367 1753 3594 1808 perver-

1997 1832 2158 1886 sitate
2201 1846 2298 1886 sua
2335 1838 2390 1883 et
2419 1829 2657 1884 amentia
2704 1831 2998 1894 desistere,
3035 1833 3129 1886 sed
3161 1831 3328 1884 etiam
3354 1831 3506 1897 jubet
3535 1840 3594 1883 ut

264 1921 381 1994 γὰρ
424 1922 594 1990 μόνον
640 1921 947 1994 ἀποφοιτᾷν
978 1923 1258 1976 ἐπιτάττει
1297 1923 1399 1993 τῆς
1439 1923 1665 1977 ἐκείνων
1709 1925 1893 1978 σκαιό-

2000 1924 2083 1978 his
2132 1924 2224 1993 qui
2261 1931 2471 1988 errant,
2511 1923 2635 1976 boni
2698 1921 3044 1978 consultores
3095 1922 3350 1976 evadant.
3419 1921 3593 1975 Dicite

262 2030 442 2085 τητος
477 2014 578 2067 καὶ
608 2015 1060 2086 φρενοϐλαϐείας,
1093 2016 1230 2070 ἀλλὰ
1275 2016 1386 2088 γὰρ
1417 2018 1512 2069 καὶ
1553 2016 1893 2086 συμϐούλους

262 2103 546 2174 ἀγαθοὺς,
599 2108 715 2170 τοῖς
765 2106 1210 2178 πεπλανημένοις
1253 2107 1505 2176 γενέσθαι
1541 2109 1889 2179 προστάττει.

260 2198 486 2266 Λέγετε
511 2199 644 2270 γὰρ,
670 2198 828 2270 φησί·
859 2198 924 2253 Τί
944 2199 1236 2270 ἐκζητοῦσι
1260 2218 1325 2254 πε
1335 2200 1389 2272 pi
1405 2200 1514 2254 τῶν
1530 2200 1748 2267 ζώντων
1767 2205 1894 2268 τοὺς

265 2289 549 2362 νεκρούς;
597 2291 780 2354 κοινὸς
825 2290 936 2363 γὰρ
984 2292 1079 2344 καὶ
1135 2291 1476 2364 ἀνθρώπινος
1531 2293 1560 2346 ὁ
1611 2292 1890 2366 λογισμός.

265 2383 444 2438 Ποῖον
483 2385 600 2455 γὰρ
645 2382 713 2437 ἂν
765 2383 879 2454 ἔχοι
917 2382 1076 2450 λόγον
1118 2383 1179 2438 τὸ
1213 2385 1478 2457 διερωτᾷν
1516 2385 1725 2440 ἐθέλειν
1764 2389 1894 2460 περὶ

263 2476 383 2530 τῶν
437 2477 524 2528 ἐτι
575 2473 797 2539 ζώντων
826 2477 954 2539 τοὺς
984 2476 1041 2528 ἐν
1067 2479 1133 2548 τῇ
1160 2479 1230 2548 γῇ
1264 2477 1573 2548 κειμένους,
1611 2479 1645 2550 ἢ
1683 2481 1742 2533 ἐν
1765 2480 1893 2551 ᾅδου

261 2569 444 2640 τυχὸν
475 2568 786 2639 γενομένας
817 2568 1029 2638 ψυχάςς
1063 2570 1175 2623 Καὶ
1207 2571 1329 2624 καθ’
1369 2570 1555 2643 ἕτερον
1580 2571 1636 2626 δέ
1667 2575 1890 2645 τρόπον,

263 2663 496 2734 ἀμαθὲς
523 2663 810 2726 παντελῶς
836 2664 1289 2734 νεκυομαντείαις
1312 2666 1624 2738 προσέχειν,
1656 2667 1752 2721 καὶ
1773 2673 1894 2734 ταῖς

264 2757 386 2810 τῶν
436 2755 662 2827 γοητῶν
699 2755 1054 2824 ψευδοεπίαις
1095 2757 1144 2810 οἳ
1176 2761 1368 2829 νεκρὸν
1403 2759 1586 2830 έχουσι
1624 2761 1716 2814 τὸν
1747 2762 1892 2830 νοῦν,

266 2849 371 2903 καὶ
392 2842 512 2902 οἷον
545 2848 950 2920 ἀπεψυγμένην
974 2848 1220 2921 καρδίαν.
1255 2851 1330 2904 Οὐ
1354 2851 1464 2924 γάρ
1496 2855 1642 2907 ἴσασι
1661 2853 1752 2908 τὸν
1783 2855 1894 2910 τῶν

267 2940 414 2993 ὅλων
445 2940 812 3011 δημιουργὸν,
849 2941 950 2993 οὐκ
971 2941 1187 3012 ἔχουσιν
1221 2944 1279 2996 ἐν
1303 2945 1488 3008 αὐτοῖς
1509 2945 1600 2999 τὸν
1630 2945 1894 3010 ζωοποιὸν

268 3049 370 3086 του
412 3031 558 3086 Θεοῦ
589 3032 772 3101 λόγον.
804 3033 930 3086 Eiet
957 3033 1012 3086 δὲ
1044 3034 1184 3106 πρὸς
1211 3035 1392 3102 τοῦτο,
1431 3039 1526 3091 καὶ
1554 3042 1765 3112 νεκρῶν
1797 3040 1892 3112 έρ-

270 3143 388 3195 γων
428 3125 790 3198 ἐπιμεληταί.
829 3127 957 3190 Πῶς
983 3123 1076 3181 οὖν
1117 3130 1166 3181 ot
1197 3126 1421 3194 ζῶντες,
1453 3131 1599 3184 τοῦτ’
1634 3133 1802 3198 ἐστιν,
1841 3138 1891 3189 οἱ

272 3220 375 3293 τὴν
417 3219 637 3274 ἀνωθεν
680 3219 898 3290 ἔχοντες
937 3220 996 3275 ἐν
1039 3221 1253 3285 ἑαυτοῖς
1280 3222 1630 3294 ζωοποίησιν,
1663 3226 1756 3279 καὶ
1797 3228 1890 3283 τὸν

1997 2017 2142 2070 enim
2174 2057 2190 2082 ,
2251 2015 2470 2084 inquit:
2525 2013 2663 2081 Quid
2715 2023 2967 2083 qmerunt
3003 2014 3070 2067 de
3122 2015 3263 2069 vivis
3296 2014 3595 2069 mortuos?

1996 2110 2317 2168 Communis
2365 2111 2509 2167 enim
2564 2113 2678 2165 haec
2723 2120 2805 2165 est
2857 2118 2912 2164 et
2961 2111 3197 2164 humana
3248 2109 3411 2163 ratio.
3453 2108 3592 2175 Quid

1997 2203 2144 2257 enim
2201 2203 2431 2257 rationis
2481 2202 2644 2256 habet
2697 2201 2763 2256 de
2818 2201 2900 2254 his
2927 2201 3016 2270 qui
3047 2200 3345 2254 etianmum
3383 2199 3592 2264 vivunt,

1999 2297 2249 2351 homines
2303 2297 2354 2350 in
2415 2307 2557 2350 terra
2609 2295 2878 2365 iacentes,
2920 2295 3004 2348 vel
3043 2294 3258 2348 animas
3303 2309 3426 2364 qum
3455 2292 3594 2346 forte

1999 2399 2128 2444 sunt
2154 2388 2295 2458 apud
2335 2387 2542 2443 inferos
2585 2387 2899 2442 sciscitari?
2930 2387 3070 2454 Quin
3103 2386 3210 2440 alio
3239 2385 3403 2440 etiam
3433 2383 3598 2439 modo.

1999 2483 2264 2536 insulsum
2320 2490 2377 2535 et
2432 2481 2675 2551 ineptum
2725 2491 2810 2535 est
2863 2479 3278 2543 necromantiis,
3331 2477 3596 2548 falsisque

1998 2575 2458 2645 prmstigiatorum
2522 2575 2741 2639 verbis,
2803 2573 2894 2643 qui
2946 2582 3185 2626 mentem
3235 2582 3506 2626 mortuam
3540 2583 3596 2626 et

1998 2669 2238 2722 animum
2268 2667 2421 2736 quasi
2451 2667 2780 2721 exstinctum
2813 2666 3034 2730 habent,
3055 2665 3356 2720 attendere.
3383 2665 3596 2718 Etenim

1997 2759 2378 2814 universitatis
2422 2757 2673 2828 opiﬁcem
2728 2757 3000 2828 ignorant,
3051 2771 3151 2812 nec
3188 2757 3390 2811 habent
3427 2756 3480 2808 in
3507 2771 3598 2810 se-

1998 2851 2133 2921 ipsis
2159 2852 2432 2906 viventem
2467 2850 2558 2905 Dei
2584 2865 2894 2905 sermonem
2922 2863 2936 2902 :
2963 2849 3030 2903 ad
3059 2849 3173 2903 hate
3193 2857 3406 2904 mortua
3429 2862 3602 2918 opera,

1997 2954 2280 2999 exercent.
2337 2942 2456 3011 Quo
2487 2943 2646 2997 modo
2676 2943 2842 3013 igitur
2873 2943 2965 3011 qui
2998 2941 3210 3006 vivunt,
3241 2942 3344 2996 hoc
3371 2949 3473 3006 est,
3505 2942 3597 3010 qui

1999 3053 2298 3107 supernam
2356 3039 2410 3092 in
2468 3052 2528 3093 se
2562 3037 2765 3092 habent
2802 3036 3246 3100 vivificationem,
3276 3045 3332 3091 et
3359 3036 3480 3089 vivo
3506 3034 3596 3091 Dei

1996 3129 2178 3186 Verbo
2205 3130 2361 3185 dilati
2398 3139 2547 3196 sunt,
2580 3129 2646 3184 de
2669 3128 2803 3199 ipsis
2831 3137 3081 3183 mortuos
3107 3126 3443 3182 consulunt?
3467 3123 3598 3181 Haec

1998 3241 2150 3294 ergo,
2211 3223 2410 3293 inquit,
2469 3222 2655 3286 dicite,
2701 3221 3012 3276 addentes:
3075 3219 3275 3292 Legem
3333 3222 3384 3274 in
3440 3221 3597 3292 adju-

275 3314 462 3379 ζῶντα
489 3310 590 3368 τοῦ
624 3311 766 3366 Θεοῦ
801 3313 976 3379 Λόγον
1003 3313 1512 3385 ἐκπεπλοντηκότες
1547 3318 1675 3388 περὶ
1708 3318 1892 3373 αὐτῶν

2004 3325 2248 3371 mentum
2284 3315 2463 3380 dedit,
2514 3313 2567 3368 id
2611 3323 2716 3377 est,
2769 3312 3163 3382 evangelicam,
3212 3312 3390 3382 utqui
3433 3311 3480 3365 ei
3514 3321 3599 3365 at-

283 3404 532 3476 ὲρωτῶσι
564 3403 698 3468 τοὺς
727 3403 997 3476 νεκρούς;
1036 3404 1223 3459 Ταῦτα
1267 3405 1444 3461 τοίνυν
1484 3407 1695 3477 λέγετε,
1737 3411 1893 3482 φησὶ,

290 3497 678 3568 προστιθέντες
728 3498 812 3551 ὅτι
860 3497 1026 3568 νόμον
1071 3500 1151 3562 είς
1191 3498 1442 3570 βοήθειαν
1482 3501 1703 3568 ἔδωκεν,
1749 3505 1896 3559 τοῦτ’

289 3588 426 3652 εστι,
461 3591 549 3643 τὸν
595 3589 980 3663 εὐαγγελικὸν,
1023 3591 1089 3644 ἵν’
1128 3592 1178 3644 oi
1219 3593 1581 3664 προσέχοντες
1624 3595 1774 3668 αὐτῷ
1808 3597 1898 3651 λέ·

285 3699 481 3748 γωσιν·
510 3684 635 3753 Οὐχ,
656 3683 736 3746 ώς
770 3683 831 3735 τὸ
860 3685 1012 3754 ῥῆμα
1037 3683 1215 3760 τοῦτο,
1241 3687 1371 3756 περὶ
1389 3679 1451 3739 οὗ
1486 3687 1589 3742 οὐκ
1614 3687 1729 3743 ἔστι
1749 3690 1898 3762 δῶρα

280 3774 471 3828 δοῦναι
503 3776 639 3845 περὶ
669 3776 861 3829 αὐτοῦ.
893 3776 1142 3830 Πωλοῦσι
1171 3778 1270 3848 μὲν
1301 3779 1411 3850 γὰρ
1430 3780 1493 3833 τὸ
1520 3781 1734 3851 ψεῦδος,
1761 3785 1900 3838 οίτά

279 3869 346 3920 ἐκ
382 3867 558 3938 μόνης
590 3867 693 3936 τῆς
716 3867 929 3921 ἐαυτῶν
961 3869 1193 3939 καρδίας
1221 3868 1529 3935 λαλοῦντες·
1556 3875 1585 3926 ὁ
1617 3875 1674 3928 δέ
1700 3893 1762 3944 γε
1797 3894 1900 3930 σω-

274 3965 478 4034 τήριος
521 3964 620 4018 κοιλ¹
681 3962 890 4032 ἀληθὴς
940 3961 1036 4015 τοῦ
1074 3962 1211 4018 Θεοῦ
1253 3967 1438 4036 νόμος,
1477 3967 1622 4021 τοῦτ’
1651 3969 1790 4032 ἐστι,
1839 3970 1900 4024 τὸ

277 4057 576 4126 θέσπισμα
605 4054 666 4108 τὸ
698 4053 1076 4122 εὐαγγελικὸν,
1108 4054 1136 4106 ὃ
1160 4055 1369 4110 δέδοται
1405 4058 1544 4129 πρὸς
1577 4061 1900 4132 ἐπικουρίαν

279 4149 396 4203 τῶν
430 4148 528 4202 ἐπὶ
557 4147 662 4218 τῆς
697 4150 822 4220 γῆς,
861 4147 963 4200 οὐκ
1005 4147 1153 4204 ἔστιν
1196 4149 1272 4215 ώς
1301 4151 1362 4204 τὸ
1392 4151 1546 4223 ῥῆμα
1591 4153 1769 4220 τοῦτο,
1807 4156 1903 4228 δη-

281 4241 468 4295 λονότι
495 4243 607 4296 τῶν
637 4243 1077 4314 ψευδομάντεων.
1121 4243 1262 4297 Ἀλλ’
1283 4244 1390 4298 οὐδ’
1409 4244 1528 4298 ἐστι
1554 4245 1702 4318 δῶρα
1718 4248 1902 4303 δοῦναι

284 4336 422 4406 περὶ
454 4336 650 4390 αὐτοῦ.
687 4337 777 4400 Ὠς
808 4339 918 4410 γὰρ
947 4338 1082 4410 ἔφην
1113 4338 1319 4410 ἀρτίως
1343 4338 1607 4392 ώνοῦνταί
1636 4357 1782 4404 τινες
1812 4342 1906 4412 ἀρ·

284 4429 511 4496 γυρίοις
552 4428 653 4492 τὰς
690 4430 802 4483 τῶν
834 4431 1051 4500 γοητῶν
1093 4429 1469 4500 ψευδοεπείας.
1507 4431 1802 4502 Πρόκειται
1847 4432 1905 4485 δὲ

283 4525 407 4584 τοῖς
444 4521 697 4576 ἐθέλουσι
727 4523 788 4578 τὸ
813 4524 1066 4595 οὐράνιον
1096 4523 1396 4596 θέσπισμα,
1425 4525 1492 4578 δι’
1533 4518 1595 4578 οῦ
1630 4525 1767 4596 πρὸς
1796 4523 1906 4580 πᾶν

285 4613 477 4668 ὁτιοῦν
510 4615 621 4668 τῶν
644 4616 868 4685 ἀγαθῶν
895 4618 1347 4691 πεποδηγήμεθα.
1371 4620 1482 4673 Καὶ
1512 4619 1618 4691 μὴν
1639 4620 1740 4674 ὅσα
1767 4623 1906 4692 χρῆν

286 4705 406 4759 τῶν
471 4705 782 4776 μελλόντων
838 4707 1095 4776 γενέσθαι
1151 4708 1574 4780 μεμαθήκαμεν.
1626 4710 1745 4764 Τίνι
1796 4711 1906 4782 γὰρ

287 4799 629 4867 ἀσυμφανές
677 4800 760 4854 ὅτι
805 4803 1138 4873 πράττουσιν
1177 4805 1310 4874 ἡμῖν
1350 4802 1420 4856 τὰ
1470 4802 1673 4872 ἀγαθὰ,
1719 4803 1814 4857 καὶ
1845 4804 1907 4857 τὸ

284 4892 526 4961 γνήσιον
579 4893 683 4962 τῆς
729 4894 957 4965 ἀγάπης
1013 4895 1242 4966 τηροῦσι
1297 4897 1538 4967 Χριστῷ,
1578 4899 1688 4952 πᾶν
1727 4899 1906 4952 ὁτιοῦν

287 4984 456 5038 ἔσται
499 4987 637 5039 κατ’
660 4987 868 5059 εὐχήν;
903 4989 1226 5060 Μακαρίους
1263 4989 1374 5062 γὰρ
1406 4991 1816 5064 ἀποφαίνειξκαὶ
1849 4993 1906 5045 ἐν

286 5079 437 5149 τῷδε
472 5078 555 5150 τῷ
594 5081 808 5152 κόσμῳ,
845 5083 940 5135 καὶ
987 5085 1069 5147 είς
1099 5083 1270 5137 αἰῶνα
1301 5083 1394 5136 τὸν
1437 5083 1721 5154 μέλλοντα.
1764 5085 1909 5156 Πρό-

287 5187 480 5225 κειται
511 5171 716 5236 τοίνυν,
759 5172 1030 5244 ἀργυρίου
1077 5190 1136 5226 τε
1183 5174 1328 5245 δίχα,
1361 5175 1455 5228 καὶ
1497 5174 1671 5246 δώρου
1708 5176 1908 5238 παντὸς

2000 3409 2248 3472 tendunt,
2275 3407 2457 3460 dicant
2487 3423 2501 3460 :
2527 3403 2644 3458 Non
2673 3405 2814 3458 sicut
2844 3403 3068 3458 verbum
3093 3402 3237 3458 istud
3269 3405 3464 3473 dequo
3490 3419 3598 3458 non

1998 3503 2123 3556 licet
2150 3501 2284 3555 dntta
2311 3504 2443 3553 dare
2475 3514 2571 3568 pro
2601 3497 2737 3566 ipso.
2771 3495 2872 3562 Qui
2898 3511 3134 3566 namque
3151 3510 3216 3550 ex
3237 3510 3334 3549 suo
3358 3495 3597 3563 ipsorum

1998 3596 2161 3648 corde
2187 3593 2302 3647 solo
2334 3593 2648 3662 loquuntur,
2677 3591 2917 3645 vendunt
2947 3591 3328 3644 mendacium:
3369 3597 3426 3642 at
3455 3588 3603 3642 salu-

2001 3688 2133 3741 taris
2195 3697 2249 3739 et
2295 3702 2422 3738 vera
2451 3694 2533 3739 est
2566 3685 2656 3739 Dei
2687 3685 2794 3751 lex,
2821 3685 2872 3738 id
2899 3693 3006 3747 est,
3029 3683 3310 3738 oraculum
3329 3681 3604 3750 evangeli-

2000 3795 2146 3842 cum,
2175 3779 2331 3850 147
2357 3779 2499 3848 quod
2516 3779 2566 3831 in
2585 3777 2952 3846 adjumentum
2973 3777 3280 3830 mortalium
3299 3774 3601 3838 confertur,

2003 3891 2108 3930 non
2167 3885 2248 3929 est
2295 3877 2381 3927 isti
2419 3873 2588 3927 verbo
2621 3871 2822 3935 simile,
2859 3870 3068 3925 scilicet
3095 3868 3356 3923 falsorum
3395 3876 3598 3921 vatum.

2004 3967 2110 4023 Sed
2160 3982 2334 4035 neque
2392 3965 2518 4020 licet
2569 3966 2711 4018 dona
2766 3963 2899 4017 dare
2931 3978 3032 4033 pro
3065 3961 3177 4016 illo.
3211 3959 3517 4030 Siquidem,
3545 3968 3631 4026 ut_

2000 4061 2110 4131 jam
2145 4061 2278 4127 dixi,
2336 4059 2560 4128 quidam
2595 4067 2823 4128 argento
2858 4057 3263 4110 incantatorum
3297 4068 3431 4106 vana
3465 4050 3600 4104 vati-

2004 4153 2146 4208 cinia
2179 4161 2386 4206 entttnt.
2439 4149 2671 4204 Praestat
2707 4158 2886 4202 autem
2931 4146 3234 4202 volentibus
3259 4143 3480 4198 cmlcste
3516 4158 3608 4194 va-

2007 4244 2275 4306 ticinium,
2329 4257 2425 4311 per
2466 4241 2610 4309 quod
2648 4239 2714 4292 ad
2754 4238 2934 4291 omnia
2962 4238 3102 4291 bona
3135 4227 3350 4289 deducti
3385 4249 3598 4296 sumus,

2006 4337 2134 4405 quin
2177 4335 2338 4386 etiam
2377 4347 2500 4401 qua?
2529 4331 2706 4384 futura
2737 4337 2886 4391 sunt,
2923 4338 2976 4382 et
3007 4327 3119 4380 lieri
3154 4326 3374 4390 debent,
3407 4323 3602 4378 didici-

2009 4440 2150 4480 mus.
2178 4425 2278 4479 Cui
2302 4424 2444 4476 enim
2466 4423 2756 4475 obscurum
2782 4431 2883 4483 est,
2907 4418 3060 4474 nobis
3080 4417 3218 4472 bona
3251 4417 3600 4481 facientibus,

2008 4529 2064 4574 et
2099 4521 2369 4576 sinceram
2401 4517 2726 4572 charitatem
2761 4513 2982 4570 Christo
3023 4514 3399 4576 servantibus,
3422 4512 3607 4565 omnia

1938 4643 1985 4704 ι)
2010 4611 2129 4667 l‘ore
2166 4627 2230 4668 ex
2267 4613 2432 4666 animi
2463 4609 2733 4666 sententia
2765 4609 2789 4663 ?
2836 4608 3031 4664 Beatos
3069 4608 3338 4677 siquidem
3366 4606 3605 4662 ostendit

2012 4713 2068 4760 et
2119 4707 2173 4759 in
2211 4706 2314 4759 hoc
2345 4705 2571 4769 mundo,
2607 4713 2662 4759 et
2695 4703 2750 4756 in
2779 4701 2961 4756 futuro
2994 4700 3215 4757 saeculo.
3254 4699 3470 4755 Prostat
3501 4698 3601 4752 ita-

2013 4809 2120 4867 que
2170 4797 2376 4866 absque
2424 4805 2651 4865 argento
2706 4803 2760 4847 et
2805 4795 2952 4849 omni
3008 4794 3174 4856 dono,
3211 4791 3296 4846 his
3333 4791 3423 4860 qui
3459 4791 3604 4844 scire

2014 4890 2205 4944 volunt
2238 4891 2423 4944 datam
2450 4903 2572 4944 esse
2603 4904 2630 4942 a
2657 4889 2878 4944 Christo
2913 4887 3084 4958 legem
3111 4888 3166 4941 in
3203 4887 3605 4957 adjumentum.
3659 4880 3662 4882 ⁷

2013 4984 2069 5039 ld
2102 4992 2282 5039 autem
2327 4997 2461 5038 voce
2508 4982 2659 5038 Isaiae
2715 4982 2990 5052 sapienter
3037 4981 3240 5036 dictum
3275 4991 3360 5034 est
3399 4998 3412 5035 :
3457 4997 3475 5030 ι
3506 4978 3620 5046 Qui

2015 5077 2204 5141 sititis,
2265 5077 2447 5130 venite
2505 5075 2571 5130 ad
2627 5089 2858 5145 aquam;
2917 5081 2972 5128 et
3005 5073 3096 5142 qui
3139 5087 3244 5127 non
3275 5073 3490 5128 habetis
3521 5088 3611 5126 ar-

2017 5179 2261 5244 gentum,
2298 5178 2492 5224 euntes
2518 5168 2685 5223 emite
2714 5169 2920 5236 absque
2945 5175 3172 5237 argento
3201 5176 3254 5220 et
3283 5166 3460 5234 pretio
3482 5164 3603 5216 ".1

287 5264 355 5318 τὸ
394 5264 606 5318 εἰδέναι
643 5269 757 5329 τοῖς
797 5265 1043 5319 ἐθέλουσι
1085 5267 1176 5320 τὸν
1229 5267 1453 5321 δοθέντα
1521 5268 1674 5339 παρὰ
1715 5266 1955 5340 Χριστοῦ
2008 5266 2174 5338 νόμον
2240 5266 2318 5328 εἰς
2375 5261 2718 5334 ἐπικουρίαν.
2780 5262 2892 5314 Καὶ
2939 5261 3096 5314 τοῦτο
3136 5257 3206 5333 ἦν
3245 5261 3372 5332 ἄρα,
3416 5260 3477 5313 τὸ
3522 5259 3611 5312 διὰ

293 5362 490 5433 φωνῆς
549 5361 774 5416 Ἡσαΐου
866 5362 1048 5432 σοφῶς
1099 5363 1410 5435 εἰρημένον·
1473 5382 1492 5416 ι
1551 5366 1617 5418 Oi
1683 5364 1945 5435 διψῶντες
2014 5360 2314 5435 πορεύεσθε
2374 5361 2462 5430 ἐφ’
2514 5359 2678 5430 ὓδωρ,
2745 5359 2840 5413 καὶ
2907 5359 3022 5413 ὅσοι
3095 5358 3170 5431 μὴ
3229 5356 3382 5428 ἔχετε
3435 5354 3615 5424 ὰργύ“«

296 5472 459 5528 ριον,
526 5453 852 5525 βαδίσαντες
909 5456 1223 5526 ἀγοράσατε
1287 5456 1418 5510 ἄνευ
1483 5457 1750 5531 ἀργυρίου
1821 5459 1915 5512 καλ⁵
1951 5457 2183 5529 τιμῆς.)

369 5548 485 5602 Καὶ
525 5547 660 5616 ἣξει
680 5549 776 5619 ἐφ’
816 5549 975 5619 ὑμᾶς
998 5551 1240 5619 σκληρὰ
1270 5551 1471 5623 ⁸λιμὸς,
1497 5553 1595 5608 καί
1623 5553 1795 5609 ἔσται
1826 5554 1908 5620 ὡς

293 5638 378 5696 ἂν
417 5641 752 5710 asta-dante
773 5683 786 5709 ,
834 5642 1276 5712 ,λυπηθήσεσθε
1299 5683 1314 5710 ,
1351 5644 1450 5699 καί
1492 5645 1692 5712 κακῶς
1722 5646 1908 5715 ἐρεῖτε

293 5733 409 5786 τὸν
446 5731 716 5803 ἄρχοντα
773 5733 874 5788 καὶ
920 5733 993 5788 τὰ
1029 5735 1264 5804 πάτρια.
1309 5735 1416 5791 Καὶ
1462 5737 1909 5808 ὰνοᾶίέψοιται

374 5895 417 5927 ⁷⁸
442 5894 544 5952 lsa.
571 5913 662 5962 ιν,
698 5898 743 5953 l.

2112 5549 2280 5604 Vens.
2309 5547 2402 5615 21,
2439 5548 2529 5602 2'2.
2573 5545 2641 5601 Et
2675 5547 2888 5601 invadet
2913 5563 2999 5600 vos
3036 5545 3168 5599 dura
3193 5545 3378 5612 (antes,
3409 5551 3454 5595 et
3483 5543 3605 5604 erit,

2016 5653 2071 5698 ut
2100 5643 2370 5708 esurialis,
2393 5639 2854 5704 coutrislabimini,
2896 5648 2943 5692 et
3016 5637 3149 5690 male
3175 5636 3359 5688 dicetis
3381 5635 3631 5705 principi”

2020 5739 2382 5809 institutisque
2400 5736 2614 5809 patriis.
2655 5733 2722 5790 Et
2746 5732 3034 5789 stisoicient
3072 5731 3122 5784 in
3157 5731 3338 5784 malum
3376 5745 3619 5796 samum
