4016 6508
361 401 466 455 245

1349 396 1407 456 S.
1450 394 1728 454 CYRILLI
1766 392 2244 449 ALEXANDRINI
2285 390 2609 450 ARCHIEP.

3547 386 3659 440 ΞΗ

359 522 408 567 et
434 512 490 566 in
521 521 716 566 terrain
751 510 993 565 deorsum
1018 509 1313 579 iusplcient.
1338 507 1476 563 Ecre
1507 516 1684 563 autem
1710 506 1958 577 afﬂictio,

2077 508 2151 574 είς
2189 506 2298 563 τὸν
2346 503 2613 574 οὐρανὸν
2640 500 2786 565 ἄνω,
2832 498 2931 554 καί
2960 500 3046 566 εἰς
3073 497 3187 567 τὴν
3225 496 3343 568 γῆν
3386 497 3542 551 κάτω
3566 496 3661 564 ἐμ-

360 612 409 658 et
443 602 706 675 angustia,
761 613 807 656 et
840 601 1007 672 caligo
1033 610 1078 654 et
1101 610 1303 668 egestas
1337 608 1587 669 augusta,
1639 609 1685 652 et
1732 598 1960 652 tenebrat

360 714 414 752 ut
449 713 550 751 non
573 696 813 759 videatis,
845 704 891 747 el
918 708 1019 746 non
1042 692 1247 761 deﬁciet
1288 692 1410 761 ,-qui
1454 692 1510 744 in
1544 691 1789 761 angustia
1842 690 1959 759 [ue-

360 787 430 840 rit
464 802 627 857 usque
663 783 735 838 ad
763 793 985 851 tempus.

430 961 743 1019 Orationem
776 960 844 1015 ad
890 967 1280 1017 contumacem
1312 967 1552 1031 gentem,
1600 958 1651 1012 id
1691 968 1796 1025 est,
1820 959 1963 1012 lsra-

357 1057 494 1111 clem
535 1053 814 1123 transfert,
847 1052 939 1125 qui
964 1068 1086 1110 cum
1110 1051 1342 1124 amplam
1371 1051 1777 1108 etuberrimam
1823 1066 1958 1108 con-

357 1147 682 1205 solutionem
707 1148 973 1203 divinitus
1000 1156 1485 1219 consequerentur,
1516 1153 1572 1201 et
1604 1145 1739 1217 legis
1800 1144 1961 1200 insti-

358 1241 494 1297 tutis
526 1250 580 1297 et
611 1242 898 1313 praeceptis
926 1240 1129 1296 all'atim
1164 1240 1561 1313 opulenterque
1592 1238 1959 1305 abundarent,

358 1331 639 1387 Christum
672 1343 877 1397 tamen,
906 1332 1157 1403 quamvis
1198 1336 1305 1388 hoc
1345 1331 1413 1386 ad
1462 1329 1749 1385 utilitatem
1804 1343 1962 1386 suam

364 1423 636 1493 proiicere
668 1424 1060 1498 intelligerent,
1091 1440 1197 1480 non
1216 1423 1577 1485 admiserunt.
1611 1420 1750 1477 Hinc
1777 1420 1964 1476 detur-

363 1517 481 1571 bati
521 1526 651 1573 sunt
687 1517 756 1573 ab
783 1531 845 1573 ea
874 1531 994 1588 qua:
1019 1531 1143 1573 cum
1173 1515 1265 1571 illo
1290 1524 1377 1571 est
1413 1513 1821 1586 conjunctione,
1854 1510 1963 1566 sci-

364 1608 493 1665 licet
521 1611 620 1665 sub
646 1608 1059 1680 intelligentiam
1082 1607 1298 1664 cadenti
1329 1617 1383 1662 et
1403 1604 1703 1677 spirituali,
1725 1613 1781 1660 et
1808 1602 1961 1674 quasi

365 1700 512 1757 fame
560 1700 950 1771 disperierunt.
992 1700 1140 1756 Dixit
1188 1701 1335 1755 enim
1394 1696 1770 1753 universitatis
1821 1695 1967 1750 Deus

365 1805 498 1848 voce
526 1789 965 1863 pmphetarum:
1019 1808 1040 1844 ι
1107 1789 1250 1846 Ecce
1304 1788 1500 1845 induco
1547 1786 1744 1842 famem
1804 1800 1966 1856 super

364 1874 591 1952 ierram,
627 1882 762 1937 dicit
811 1881 1099 1950 Dominus,
1152 1897 1259 1936 non
1315 1882 1514 1934 famem
1562 1880 1743 1950 panis,
1793 1892 1969 1946 neque
2002 1872 2042 1927 Β

364 1973 510 2029 sitim
571 1989 766 2045 aqum,
843 1976 939 2029 sed
1000 1973 1197 2029 famem
1259 1970 1514 2027 audiendi
1577 1973 1801 2025 verbum
1860 1967 1970 2023 Do-

365 2067 523 2123 mini.
584 2067 653 2122 Et
700 2068 768 2122 ab
814 2066 1025 2123 oriente
1089 2080 1263 2137 usque
1308 2066 1375 2121 ad
1432 2079 1685 2120 occasum
1738 2063 1972 2117 circum-

366 2160 713 2216 cursitabunt
767 2170 1073 2230 quaerentes
1121 2159 1343 2216 verbum
1384 2156 1594 2213 Domini
1642 2164 1696 2211 et
1744 2171 1849 2211 non
1889 2154 1971 2207 in-

368 2251 676 2309 venient".
714 2270 734 2305 ι
771 2250 999 2321 Quando
1025 2251 1217 2323 igitur,
1293 2249 1490 2316 inquit,
1547 2247 1795 2318 principe
1842 2245 1969 2301 vitae

367 2342 679 2410 interfecto,
708 2359 931 2415 gravem
977 2352 1032 2400 et
1065 2342 1462 2399 intolerabilem
1510 2340 1707 2395 famem
1742 2340 1974 2395 sustine-

368 2437 519 2503 bitis,
543 2451 852 2491 sermonem
889 2436 1003 2500 Dei,
1042 2449 1241 2506 panem
1267 2434 1358 2504 qui
1399 2433 1467 2489 de
1493 2432 1636 2487 caelo
1668 2431 1966 2496 descendit,

368 2531 458 2600 qui
489 2529 583 2584 dat
614 2529 815 2583 mundo
845 2528 1033 2597 vitam,
1066 2544 1172 2583 non
1196 2527 1481 2593 habentes,
1515 2536 1644 2581 tunc
1667 2540 1816 2588 vero,
1845 2533 1972 2578 hinc

368 2621 642 2687 esurietis,
679 2632 734 2677 et
768 2619 885 2690 ejus
917 2622 1058 2691 quod
1119 2619 1378 2675 acciderit
1428 2635 1590 2677 sensu
1641 2620 1769 2674 tacti
1809 2615 1972 2689 148

368 2713 599 2785 principi
641 2724 695 2769 et
732 2713 921 2783 patriis
971 2713 1231 2770 inStiInlis
1270 2712 1628 2768 maletlicetis.
1686 2709 1800 2765 Hoc
1842 2709 1970 2780 quid

368 2806 474 2861 sibi
538 2806 698 2862 vult?
736 2805 1046 2862 Judaeorum
1110 2808 1364 2861 nimirum
1421 2803 1695 2874 praefecti,
1742 2802 1968 2866 Seritur,

370 2898 516 2961 dico.
553 2906 608 2953 et.
636 2894 919 2965 Pharisaai,
959 2896 1363 2952 multitudinem
1401 2894 1503 2951 sibi
1547 2894 1818 2949 subditam
1850 2907 1971 2946 con-

371 3000 456 3045 tra
495 2989 843 3045 Servatorem
900 2989 1143 3045 omnium
1188 2988 1466 3045 Christum
1528 2986 1806 3043 concitare
1863 3000 1969 3041 non

371 3081 720 3137 destiterunt.
752 3080 870 3149 Quo
913 3090 1091 3136 autem
1145 3081 1554 3137 excusationem
1605 3094 1716 3135 sum
1782 3085 1973 3133 contra

373 3171 522 3228 illum
544 3172 767 3228 insaniae
789 3173 1169 3240 obtenderent,
1196 3173 1514 3245 religionem
1544 3168 1708 3227 Mosis
1731 3181 1783 3226 et
1813 3171 1961 3242 leges

373 3264 698 3336 allegahant.
737 3265 871 3321 Nam
907 3265 1374 3338 persequebantur
1424 3264 1705 3322 dicentes:
1748 3283 1768 3317 ι
1806 3262 1860 3318 Si
1887 3279 1975 3319 es-

374 3368 459 3414 set
490 3357 647 3413 aDco
680 3357 771 3415 hic
795 3358 981 3426 homo,
1026 3373 1137 3414 non
1192 3358 1444 3415 solvisset
1504 3356 1910 3423 Sabbatum";
1950 3374 1970 3408 ›

374 3450 606 3521 ideoque
629 3459 1013 3521 persuaserunt
1045 3457 1104 3505 ut
1152 3464 1275 3505 eum
1331 3466 1427 3508 ceu
1468 3451 1603 3522 legis
1651 3450 1979 3520 praevarica-

375 3553 554 3600 torem
589 3552 1062 3613 persequerentur.
1091 3542 1319 3613 Quando
1349 3543 1537 3613 igitur,
1569 3542 1881 3612 inquit,vos
1910 3541 1980 3598 ab

373 3637 487 3695 illis
517 3637 729 3694 seducti
766 3637 1076 3693 esurieritis
1135 3654 1149 3692 :
1184 3645 1313 3691 tunc
1356 3635 1695 3692 maledicetis
1735 3633 1979 3691 omnium

382 3741 628 3787 vestrum
687 3730 944 3802 principi,
974 3737 1029 3785 et
1063 3729 1255 3801 patriis
1286 3728 1505 3794 ritibus,
1537 3729 1643 3785 hoc
1691 3737 1798 3795 est,
1845 3725 1982 3797 legis

2064 598 2424 668 ϐλέψονται*
2482 595 2582 651 καὶ
2615 593 2749 651 ίδοὺ
2794 594 3006 661 θλίψις
3046 590 3147 644 καὶ
3176 591 3213 659 ἡ
3264 586 3654 657 στενοχωρία,

2066 693 2165 750 καί
2196 693 2440 759 σκότος,
2476 690 2699 758 ἀπορία
2742 684 2954 755 στενὴ,
3006 685 3104 738 καί
3140 685 3362 749 σκότος
3390 680 3548 737 ὥστε
3568 678 3655 751 μὴ

2055 785 2338 852 βλέπειν,
2368 783 2470 839 καί
2498 786 2611 839 οὐκ
2634 779 3084 851 ἀπορηθίξσεται
3118 780 3151 832 ὁ
3182 777 3253 831 ἐν
3283 775 3658 845 στενοχωρίᾳ

2061 880 2147 934 ὢν
2172 878 2287 946 ἕως
2324 876 2556 947 καιροῦ.

2133 969 2474 1041 Μετατίθησι
2518 967 2611 1023 τὸν
2656 967 2815 1036 λόγον
2855 967 2949 1021 ἐπὶ
2998 966 3063 1020 τὸ
3118 963 3427 1034 ἁπειθῆσαν
3482 959 3659 1024 ἔθνος,

2060 1060 2206 1117 τοῦτ’
2239 1062 2378 1125 ἐστι,
2403 1060 2494 1116 τὸν
2531 1058 2769 1133 Ἰσραὴλ,
2803 1060 2853 1114 οἶ
2890 1060 2987 1114 καὶ
3018 1058 3279 1114 πλατεῖαν
3308 1055 3532 1127 ἔχοντες
3568 1055 3666 1107 καὶ.

2064 1153 2356 1227 ἀμφιλαφῆ
2400 1154 2501 1225 τὴν
2544 1154 2611 1208 ὲκ
2647 1151 2785 1207 Θεοῦ
2812 1150 3186 1225 παράκλησιν,
3231 1148 3329 1203 καὶ
3360 1149 3482 1210 ταῖς
3509 1162 3665 1217 νομι-

2063 1250 2189 1313 καῖς
2230 1247 2585 1319 εἰσηγήσεσιν
2613 1243 2993 1317 ἐντρυφῶντες
3040 1242 3336 1309 πλουσίως,
3385 1239 3466 1304 εἷς
3496 1256 3561 1307 γε
3604 1239 3668 1292 τὸ

2064 1338 2265 1393 είδέναι
2314 1337 2375 1391 τὸ
2421 1336 2612 1391 τελοῦν
2669 1336 2750 1400 είς
2799 1335 2987 1407 δνησιν
3048 1333 3112 1388 οὐ
3163 1332 3517 1404 προσήχαντο
3571 1328 3668 1382 τὶν

2064 1431 2320 1501 Χριστόν.
2352 1428 2541 1502 Ταύτῃ
2569 1446 2653 1484 τοι
2690 1427 2787 1482 καὶ
2815 1425 3161 1498 ὼλισθήκασι
3192 1424 3294 1495 τῆς
3329 1422 3465 1494 πρὸς
3499 1420 3669 1474 αὐτὸν

2069 1522 2405 1592 οἰκειότητος
2443 1522 2642 1594 νοητῆς
2689 1519 2936 1591 δηλονότι
2977 1517 3074 1579 καὶ
3109 1514 3527 1586 πνευματικῆς,
3572 1512 3671 1565 καὶ

2066 1609 2179 1669 οἷον
2206 1612 2351 1685 λιμῷ
2376 1611 2716 1667 διολώλασιν.
2746 1610 2891 1681 Ἔφη
2919 1608 3028 1681 γὰρ
3060 1609 3089 1662 6
3119 1606 3229 1661 τῶν
3250 1607 3388 1661 ὅλων
3410 1604 3544 1667 Θεὸς
3573 1601 3667 1656 διὰ

2067 1706 2252 1777 φωνῆς
2294 1704 2609 1777 προφητῶν.
2648 1722 2666 1756 ι
2710 1702 2842 1758 Ἰδοὺ
2870 1699 2981 1771 ἐγὼ
3014 1700 3206 1769 ἐπάγω
3234 1698 3393 1768 λιμὸν
3427 1696 3521 1763 ἐπὶ
3566 1695 3671 1763 τῆς

2066 1800 2206 1870 γῆς,
2251 1799 2400 1868 λέγει
2444 1796 2682 1869 Κύριοςο
2757 1794 2815 1848 οὺ
2867 1792 3030 1863 λιμὸν
3074 1794 3276 1864 ἄρτου,
3332 1788 3455 1844 οὐδὲ
3504 1787 3671 1856 δίψαν

2074 1889 2290 1953 ὓδατος,
2322 1887 2461 1943 ἀλλὰ
2502 1887 2662 1957 λιμὸν
2690 1883 2784 1939 τοῦ
2819 1882 3052 1938 ἀκοῦσαι
3095 1883 3188 1936 τὸν
3217 1881 3373 1949 λόγον
3422 1877 3633 1949 Κυρίου
3654 1892 3668 1905 ’

2076 1983 2171 2038 καὶ
2198 1981 2308 2037 ἀπὸ
2336 1978 2610 2034 ἀνατολῶν
2652 1979 2757 2041 ἓως
2785 1974 3027 2046 δυσμῶν,
3073 1970 3542 2045 περιδραμοῦνται
3572 1968 3671 2039 Cr;

2074 2074 2298 2136 τοῦντες
2320 2072 2409 2127 τὸν
2433 2072 2589 2141 λόγον
2608 2070 2840 2142 Κυρίου,
2867 2068 2964 2123 καὶ
2987 2068 3049 2120 οὐ
3081 2071 3156 2138 μὴ
3180 2063 3436 2136 εὕρωσιν.
3465 2061 3672 2115 »Ὅταν

2073 2165 2276 2231 τοίνυν,
2313 2165 2472 2237 φησὶ,
2505 2163 2598 2217 τὸν
2629 2160 2875 2235 ἀρχηγὸν
2910 2162 3010 2232 τῆς
3043 2158 3191 2230 ζωῆς
3220 2155 3669 2220 ἀποκτείναντες,

2076 2256 2316 2330 σκληρὸν
2363 2256 2460 2308 καὶ
2505 2253 2785 2308 δύσοιστον
2827 2252 3140 2323 ὑπομένητε
3190 2248 3370 2320 λιμὸν,
3421 2248 3513 2300 τὸν
3571 2243 3670 2298 τοῦ

2074 2348 2210 2404 Θεοῦ
2255 2348 2415 2419 λόγον
2455 2347 2557 2401 οὐκ
2602 2345 2842 2417 ἔχοντες,
2878 2343 2970 2400 τὸν
2999 2342 3165 2415 ἄρτον
3196 2341 3288 2395 τὸν
3314 2339 3373 2406 ἐξ
3412 2336 3671 2409 οὐρανοῦ,

2072 2442 2166 2498 τὸν
2196 2442 2344 2514 ζωὴν
2367 2440 2578 2495 διδόντα
2610 2439 2688 2510 τῷ
2728 2438 2943 2509 κόσμῳ,
2968 2435 3092 2490 τότε
3120 2436 3430 2505 πεινήσετε.
3462 2432 3574 2486 Καὶ
3604 2430 3673 2501 δὴ

2075 2537 2172 2592 καὶ
2226 2537 2307 2599 εἰς
2360 2533 2620 2605 αἴσθησιν
2668 2530 2764 2586 τοῦ
2819 2528 3232 2602 συμϐεϐηκότος
3295 2528 3485 2596 ὲνηνεγ
3497 2524 3670 2594 μένοι,

2079 2628 2268 2693 κακῶς
2300 2628 2477 2700 ἐρεῖτε
2506 2624 2600 2679 τὸν
2620 2624 2861 2697 ἄρχοντα
2891 2623 2989 2677 καὶ
3013 2621 3086 2675 τὰ
3113 2621 3342 2692 πάτρια.
3371 2617 3485 2671 Καὶ
3520 2616 3572 2669 τί
3600 2615 3675 2687 δὴ

2073 2721 2232 2777 τοῦτό
2273 2722 2459 2788 ὲστινς
2504 2720 2567 2773 Οἱ
2617 2718 2718 2790 μὲν
2746 2717 2855 2789 γὰρ
2887 2715 2998 2770 τῶν
3034 2713 3302 2768 Ἰουδαίων
3336 2706 3672 2781 καθηγηταὶ,

2074 2816 2431 2889 Γραμματείς
2462 2813 2527 2885 δὴ
2553 2811 2700 2881 λέγω
2732 2813 2825 2865 καὶ
2850 2808 3205 2881 Φαρισαίους,
3237 2802 3673 2875 παροτρύνοντες

2074 2912 2135 2966 οὐ
2178 2907 2587 2970 διαλελοίπασι,
2634 2904 2778 2959 κατὰ
2821 2900 2918 2957 τοῦ
2959 2900 3183 2955 πάντων
3216 2896 3373 2968 ήμῶν
3417 2896 3675 2967 Σωτῆρος

2074 2999 2339 3074 Χριστοῦ,
2375 2998 2475 3069 τὴν
2525 2995 2633 3050 ὑπὸ
2661 2997 2822 3066 χεῖρα
2850 2990 3079 3060 πληθύν.
3118 2988 3229 3043 Καὶ
3261 2987 3538 3059 πρόφασιν
3570 2984 3674 3053 τῆς

2076 3095 2199 3149 κατ’
2233 3088 2403 3145 αὑτοῦ
2435 3089 2633 3162 μανίας
2660 3087 2930 3157 ἐδέχοντο,
2970 3084 3070 3156 τὴν
3112 3085 3192 3147 εἰς
3238 3080 3447 3138 Μωσέα
3480 3096 3542 3132 τε
3578 3078 3678 3133 καὶ

1998 3216 2042 3275 C
2075 3185 2241 3256 νόμον
2283 3181 2440 3237 αἰδῶ.
2483 3179 2732 3235 Έδίωκον
2783 3178 2896 3251 γὰρ
2938 3177 3220 3247 λέγοντες’
3270 3193 3289 3226 ι
3323 3174 3386 3228 Ei
3412 3167 3496 3244 ,ἦν
3517 3164 3677 3232 οὗτος

2081 3276 2237 3349 παρὰ
2268 3274 2404 3330 Θεοῦ
2436 3275 2463 3327 6
2489 3274 2798 3347 ἄνθρωπος,
2829 3271 2932 3326 οὑκ
2961 3270 3026 3325 ἂν
3054 3269 3178 3322 ἔλυε
3220 3267 3283 3322 τὸ
3309 3265 3592 3327 Σάϐϐατω
3649 3281 3670 3316 ι

2080 3370 2294 3425 Οὐκοῦν
2329 3368 2405 3433 ὡς
2432 3367 2857 3439 παρανομοῦντα
2880 3365 3097 3419 διώκειν
3129 3363 3198 3418 ἂν
3226 3359 3466 3417 ἔπειθον.
3504 3359 3678 3413 Ὅταν

2079 3463 2285 3529 τοίνυν,
2311 3462 2520 3534 φησιν,
2580 3461 2740 3531 ὑμεῖς
2784 3460 2834 3514 oi
2887 3458 3019 3530 παρ’
3067 3459 3292 3512 ἐκείνων
3333 3452 3681 3526 ἠπατημένοι

2083 3556 2394 3627 πεινήσετε,
2424 3554 2549 3610 τότε
2581 3551 2768 3615 κακῶς
2801 3553 2977 3621 ἐρεῖτε
3022 3550 3205 3607 πάντα
3252 3547 3408 3619 ὑμῶν
3436 3546 3679 3617 ἄρχοντα

2082 3649 2177 3704 καὶ
2201 3647 2272 3703 τὰ
2297 3648 2526 3719 πάτρια,
2561 3643 2709 3699 τοῦτ’
2744 3643 2882 3706 ἐστι,
2916 3644 2987 3697 τὰ
3016 3641 3114 3713 ἔθη
3146 3640 3214 3695 τὰ
3247 3640 3478 3711 νόμιμα.
3517 3639 3678 3692 Ἀνα-

2086 3737 2464 3811 μνησοήσεσθε
2491 3735 2602 3807 γὰρ
2622 3735 2705 3791 ὅτι
2736 3732 3094 3806 παρώτρυνον
3118 3732 3263 3803 ὑμᾶς
3284 3734 3333 3785 οἱ
3357 3720 3676 3803 ἡγούμενοιο

374 3820 643 3877 institutis
678 3828 733 3876 ει
778 3819 1288 3877 consuetudinibus.
1333 3819 1388 3875 ln
1457 3819 1772 3875 memoriam
1831 3818 1978 3873 enim

377 3911 717 3969 revocabitis
749 3927 778 3966 a
809 3911 1038 3967 ducibus
1073 3927 1170 3969 vos
1196 3913 1519 3970 concitatos.
1567 3912 1634 3967 Et
1673 3912 1979 3984 principum

2084 3831 2181 3886 καὶ
2208 3827 2317 3882 τῶν
2344 3825 2625 3899 ἀρχόντων
2654 3826 2689 3896 ή
2727 3824 3006 3897 πρόιρασις
3034 3818 3104 3895 ἦν
3130 3823 3231 3893 τῆς
3258 3820 3403 3875 κατὰ
3435 3813 3678 3891 Χριστοῦ

2086 3921 2283 3995 μανίας
2310 3919 2381 3974 τὰ
2412 3919 2653 3991 πάτριαο
2686 3916 2832 3971 τοῦτ’
2877 3916 3015 3979 ἔστι,
3052 3916 3122 3971 τὰ
3161 3914 3259 3987 ἔθη
3288 3915 3384 3969 καὶ
3408 3913 3467 3966 αἱ
3497 3927 3683 3981 παρα-

380 4015 682 4076 prtetextus
715 4017 879 4076 atque
951 4005 1231 4060 excusatio
1287 4004 1511 4069 insanire
1577 4005 1736 4077 hujus
1790 4014 1972 4061 contra

2082 4015 2281 4080 δόσεις,
2309 4013 2405 4067 καὶ
2431 4012 2551 4083 οὐχὶ
2578 4010 2646 4082 δὴ
2675 4010 2893 4073 πάντως
2913 4010 2971 4063 αἱ
2996 4008 3086 4063 διὰ
3110 4007 3299 4078 νόμου,
3315 4003 3455 4061 ἀλλὰ
3482 4004 3580 4058 καὶ⁵
3605 4002 3681 4056 τὰ

379 4100 657 4157 Christum
698 4107 857 4155 erant
898 4099 1058 4168 patrii
1104 4100 1263 4165 ritus,
1311 4098 1364 4155 id
1392 4110 1495 4167 est,
1561 4099 1972 4156 consuetudines

2085 4109 2145 4177 ἐξ
2172 4105 2396 4163 είκαίων
2429 4104 2811 4177 ὲπιτηρήσεων
2843 4100 3091 4171 ἐδέχοντο
3112 4097 3462 4160 διδασκαλίας
3491 4094 3686 4150 ἐντάλ-

381 4203 441 4251 et
477 4193 816 4258 traditiones,
860 4207 966 4247 non
1011 4192 1174 4247 modo
1206 4207 1329 4262 quae
1367 4207 1433 4248 ex
1485 4192 1605 4265 lege
1686 4193 1972 4259 tinxerunt,

2089 4214 2236 4270 ματα
2257 4193 2584 4268 ἀνθρώπων.
2619 4194 2815 4247 Ἔσται
2858 4192 3038 4245 τοίνυν
3065 4191 3152 4261 ἐφ’
3183 4190 3329 4261 ὑμᾶς
3354 4185 3571 4258 σκληρὰ
3599 4185 3685 4239 λι-

379 4287 475 4345 sed
492 4286 655 4343 etiam
685 4300 806 4357 quae
843 4300 910 4341 ex
934 4284 1088 4341 vanis
1116 4286 1596 4343 observationibus
1624 4294 1972 4358 acceperuntI

2089 4289 2210 4359 μὸς,
2241 4287 2354 4344 ἄνω
2380 4303 2441 4340 τε
2464 4286 2559 4340 καὶ
2585 4285 2736 4339 κάτω
2761 4281 3219 4355 περιϐλεπόμενοι
3245 4278 3340 4334 καὶ
3366 4275 3684 4346 πανταχόσε

381 4378 666 4445 doctrinm,
723 4377 980 4434 mandata
1023 4377 1323 4433 hominum.
1390 4376 1580 4434 Aderit
1613 4378 1777 4450 igitur
1828 4377 1972 4433 vobis

2088 4382 2400 4454 βλέποντες,
2437 4380 2556 4452 ήτοι
2590 4378 2681 4432 τὸν
2712 4376 2810 4448 τῆς
2858 4374 3103 4439 διανοίας
3136 4370 3416 4443 ὀφθαλμὸν
3452 4369 3690 4441 περιφέ-

382 4469 518 4525 dura
569 4469 761 4533 fames,
813 4468 1163 4537 quantumvis
1234 4485 1452 4526 sursum
1481 4478 1535 4525 et
1562 4469 1812 4525 deorsum
1860 4485 1972 4539 per-

2090 4490 2298 4545 ροντες,
2332 4473 2522 4544 ἕτερον
2550 4470 2703 4523 οὐδὲν
2744 4467 2964 4538 ὄψεσθε,
2998 4467 3187 4538 φησὶν,
3230 4466 3279 4518 εί
3326 4462 3402 4534 μὴ
3446 4461 3687 4534 ἀπορίαν

381 4562 647 4626 lustretis,
672 4570 729 4616 et
754 4562 1101 4633 undiqnaqne
1132 4562 1610 4632 circnmSpiciatis,
1642 4570 1805 4630 atque
1829 4576 1972 4614 lllCll-

2088 4564 2282 4635 στενὴν
2344 4564 2440 4617 καὶ
2472 4562 2676 4641 ,σκότος
2697 4601 2712 4626 ,
2764 4561 2906 4615 ὥστε
2958 4559 3126 4632 μηδὲν
3175 4555 3437 4613 δύνασθαί
3478 4573 3531 4610 τι
3572 4553 3687 4621 τῶν

382 4655 458 4730 tis
492 4654 678 4710 oculos
704 4653 1127 4719 circumferatis,
1159 4654 1326 4721 aliud,
1394 4653 1593 4724 inquit,
1655 4653 1788 4709 nihil
1831 4653 1972 4706 vide-

2079 4654 2370 4731 χρησίμων
2396 4652 3327 4726 βλέπεινοιΚαὶούκάπορηθήσεται
3353 4652 3383 4704 6
3404 4650 3463 4704 ὲν
3493 4664 3685 4701 στενο-

382 4747 515 4804 bilis
544 4756 739 4816 praeter
762 4755 1057 4818 egestatem
1081 4755 1366 4816 angustam
1392 4756 1447 4800 et
1477 4745 1750 4810 tenebras,
1767 4754 1827 4799 ut
1848 4743 1972 4800 nihil

2080 4736 2366 4822 χωρίαῶν
2397 4748 2502 4813 ἓως
2543 4744 3183 4820 καιροῦ.›[1ροαγορεύει
3227 4743 3391 4799 πάλιν
3432 4742 3532 4814 τὴν
3571 4740 3687 4794 τῶν

388 4842 534 4912 quod
561 4840 691 4895 utile
714 4840 786 4895 sit
815 4841 1077 4898 cernatis.
1108 4840 1262 4909 Quod
1293 4849 1474 4897 autem
1510 4839 1677 4894 dicit:
1707 4856 1726 4891 ι
1750 4837 1863 4893 Non
1889 4839 1972 4894 de-

2080 4841 2252 4895 ἐθνῶν
2284 4841 2499 4912 κλῆσιν.
2518 4842 2581 4896 Oi.
2605 4841 2714 4914 γὰρ
2730 4839 2826 4896 νῦν
2854 4838 3229 4910 ὅντες,φησὶν,
3261 4837 3319 4889 ἐν
3345 4831 3688 4905 στενοχωρίᾳ

383 4936 534 4991 Iieiet
561 4935 652 5009 qui
694 4937 747 4991 in
775 4937 1023 5009 anguStia
1066 4945 1172 5000 est,
1210 4951 1384 5005 usque
1410 4935 1479 4991 ad
1513 4943 1758 5003 tempus;
1788 4954 1806 4988 ι
1844 4951 1972 5007 prae-

2082 4936 2177 4991 καὶ
2224 4934 2371 5008 λιμῷ
2402 4936 2514 4988 τῶν
2547 4935 2707 4991 Θείων
2765 4935 3103 5006 μαθημάτων
3152 4930 3532 5000 πεπιεσμένοι,
3581 4926 3689 4981 οὐκ.

384 5029 517 5085 dicit
543 5031 736 5086 iterum
793 5031 1135 5095 vocationem
1176 5029 1444 5101 gentium.
1476 5027 1578 5099 Qui
1623 5029 1771 5084 enim
1815 5041 1983 5095 nunc,

385 5121 588 5192 inquit,
619 5122 836 5179 suntin
869 5122 1122 5193 angustia
1167 5122 1390 5177 etiame
1449 5121 1756 5179 divinarum
1823 5122 1985 5181 disci-

386 5212 659 5286 plinarum
685 5223 816 5271 sunt
842 5214 1112 5285 oppressi,
1181 5230 1289 5271 non
1334 5215 1765 5283 confundantur.
1803 5217 1985 5289 Siqui-

392 5307 515 5362 dem
556 5304 661 5361 illis
713 5305 1145 5362 benedictionem
1211 5307 1484 5377 impertiet
1538 5307 1875 5375 Emmanuel,
1930 5318 1987 5367 et

393 5410 626 5471 apponet
672 5414 830 5454 escas
862 5399 1193 5469 spirituales,
1223 5409 1278 5456 et
1317 5402 1554 5457 divinam
1603 5403 1711 5459 illis
1755 5404 1986 5463 instruet

394 5507 660 5557 mensam,
688 5490 816 5547 illud
842 5492 1063 5547 dicens:
1105 5492 1277 5560 Edita,
1312 5492 1499 5559 bibite,
1523 5503 1578 5549 et
1614 5494 1983 5565 inebriamini,

394 5584 701 5654 propinqui.
728 5585 847 5639 Erit
883 5600 1015 5640 vero
1052 5586 1174 5652 hoe,
1209 5585 1403 5657 inquit,
1437 5602 1609 5657 usque
1640 5589 1707 5643 ad
1746 5599 1985 5659 tempus,

397 5677 580 5747 idest,
634 5692 740 5734 non
799 5677 1078 5749 perveniet
1135 5693 1278 5735 nunc
1333 5679 1401 5735 ad
1470 5682 1698 5749 exitum,
1771 5684 1987 5754 quando

471 5837 517 5873 "
543 5835 710 5895 Amos
733 5849 847 5904 vnt,
875 5835 959 5903 ll,
988 5835 1072 5893 l2.
1151 5835 1196 5869 ⁷⁸
1218 5834 1374 5892 Joan.
1404 5852 1480 5906 ix,
1504 5837 1593 5896 ib.

2086 5031 2550 5104 ἀπορηθήσονται.
2579 5031 2867 5101 Χαριεῖται
2888 5027 2999 5100 γὰρ
3029 5026 3214 5091 αὐτοῖς
3243 5024 3344 5096 τὴν
3373 5021 3628 5091 εὐλογίαν
3657 5021 3689 5075 ὸ

2102 5123 2477 5196 Ἐμμανουὴλ,
2496 5123 2590 5177 καὶ
2608 5122 2917 5194 παραθήσει
2932 5119 3142 5193 τροφὰς
3157 5119 3257 5182 τὰς
3274 5113 3686 5187 πνευματικὰς,

2088 5219 2185 5275 καὶ
2211 5219 2312 5291 τὴν
2344 5218 2496 5273 Θείαν
2536 5218 2722 5281 αὐτοῖς
2762 5215 3010 5271 ἁπλώσει
3053 5210 3359 5286 τράπεζαν.
3391 5211 3569 5265 ἐκεῖνο
3605 5206 3689 5261 λέ-

2087 5327 2233 5380 γων·
2277 5309 2487 5378 Φάγετε
2523 5311 2618 5367 καὶ
2649 5308 2822 5368 πίετε,
2853 5307 2948 5363 καὶ
2981 5303 3311 5378 μεθύσθητε,
3350 5303 3403 5357 οἱ
3428 5298 3684 5371 πλησίον.

2093 5404 2290 5458 Ἔσται
2310 5402 2367 5456 δὲ
2386 5401 2566 5468 τοῦτο,
2594 5400 2777 5473 φησὶν,
2794 5400 2900 5465 ἕως
2917 5395 3132 5470 καιροῦ,
3159 5395 3302 5452 τοῦτ’
3319 5391 3563 5459 ἔστιν,οὐ
3588 5389 3688 5444 νῦν

2093 5499 2174 5563 είς
2205 5496 2382 5569 πέρας
2403 5495 2683 5566 οἰχήσεται
2701 5537 2719 5566 ,
2772 5493 2865 5546 ὅτε
2888 5492 2984 5546 καὶ
3008 5493 3038 5545 6
3064 5493 3168 5562 τῆς
3195 5485 3535 5561 προφητείας
3559 5482 3690 5553 περὶ

2094 5591 2276 5644 αὐτῶν
2308 5588 2501 5659 γέγονε
2535 5587 2717 5656 λόγος,
2756 5584 2870 5640 ἀλλ’
2897 5588 2954 5640 ἐν
2986 5583 3164 5655 καιρῷ
3186 5581 3264 5653 τῷ
3287 5581 3461 5639 δέοντι
3480 5576 3605 5633 καθ’
3628 5576 3691 5629 ὃν

2096 5682 2397 5755 ὲπιλάμψει
2454 5684 2566 5746 τοῖς
2606 5680 2701 5735 ἐπὶ
2751 5679 2856 5750 γῆς
2908 5680 2937 5731 6
2979 5674 3352 5750 Ἐμμανουήλ.
3400 5672 3539 5728 Τότε
3580 5668 3695 5742 γὰρ
