4016 6458
251 388 369 443 245

255 502 542 573 κέκληται
574 503 691 556 τῶν
725 503 903 558 ἐθνῶν
938 508 971 577 ἡ
1000 508 1231 580 πληθύς.

237 796 248 861 ξ
338 788 527 845 Τοῦτο
554 789 801 859 πρῶτον
826 793 948 858 πίε,
969 793 1122 862 ταχὺ
1150 796 1328 861 ποίει,
1353 796 1515 867 χώρα
1538 801 1881 868 Ζαϐουλὼν,

271 885 308 952 ἠ
339 881 413 954 τῆ
430 884 809 955 Νεφθαλείμ.
834 885 979 953 όδός
1000 886 1349 958 θαλάσσης.
1376 892 1475 947 καὶ
1512 896 1567 947 οί
1591 895 1793 949 λοιποὶ
1831 899 1886 951 οἱ

252 958 386 1043 ιτὴν
429 977 753 1045 παραλίαν
795 978 898 1033 καὶ
939 978 1133 1048 πέραν
1196 981 1304 1037 τοῦ
1353 983 1672 1055 Ἰορδάνου,
1713 990 1889 1044 Γαλι-

277 1070 414 1125 λαιά
443 1068 572 1123 τῶν
593 1068 819 1126 ἐθνῶν.
862 1071 919 1125 Ὁ
945 1073 1097 1140 λαὸς
1136 1076 1171 1130 ό
1198 1078 1607 1148 πορευόμενος
1645 1080 1715 1134 ἐν
1741 1082 1888 1135 σκό-

276 1177 373 1227 τει,
424 1161 590 1216 ἴδετε
635 1160 768 1232 φῶς
806 1164 984 1237 μέγα.
1036 1169 1100 1221 οι
1134 1172 1560 1240 κατοικοῦντες
1614 1173 1688 1227 ἐν
1723 1174 1887 1247 χώρα

270 1252 366 1307 καὶ
400 1254 475 1308 ἐν
513 1254 670 1323 σκιᾷ
713 1255 1001 1327 θανάτου,
1044 1259 1173 1330 φῶς
1201 1261 1431 1333 λάμψει
1460 1265 1555 1336 ἐφ’
1593 1264 1780 1336 ὑμᾶς·
1817 1285 1885 1325 το

280 1347 589 1404 πλεῖστον
615 1351 729 1406 τοῦ
754 1352 936 1421 λαοῦ,
969 1353 1001 1408 ὃ
1037 1356 1379 1429 κατήγαγες
1414 1359 1488 1413 ἐν
1525 1360 1884 1431 εὐφροσύνῃ

266 1455 406 1496 σου·
465 1441 574 1497 καὶ
636 1445 1174 1515 εὐφρανθήσονται
1231 1449 1495 1505 ἐνώπιόν
1538 1466 1658 1507 σου
1706 1453 1790 1519 ὡς
1832 1457 1887 1509 οί

264 1535 745 1607 εὐφραινόμενοι
774 1540 848 1595 ἐν
882 1540 1112 1611 ἁμητῷ,
1144 1543 1247 1598 καί
1284 1543 1358 1598 ὃν
1402 1548 1629 1616 τρόπον
1657 1551 1714 1603 οἱ
1737 1548 1886 1604 διαι-

259 1628 560 1698 ρούμενοι
588 1631 820 1686 σκῦλα.

339 1721 577 1795 Σκληρᾷ
614 1740 675 1777 τι
700 1723 850 1797 λιμῷ
890 1726 989 1782 καὶ
1026 1728 1213 1799 μέντοι
1255 1732 1350 1786 καὶ
1382 1733 1590 1807 ἀπορίᾳ
1617 1751 1884 1791 καταπιε-

266 1815 583 1888 σθήσεσθαι
616 1816 798 1889 λέγων
856 1820 987 1884 τοὺς
1015 1824 1264 1877 ἀπειθεῖν
1297 1828 1612 1900 ᾑρημένους
1636 1828 1714 1900 τῷ
1754 1831 1887 1902 Ἐμ-

1467 395 1540 451 IN
1579 396 1813 454 ISAIAM
1853 397 1985 456 LIB.
2031 400 2073 457 1.
2113 399 2327 459 ORAT.
2366 402 2430 458 ν.

1922 534 1965 591 Α
1995 516 2349 585 propheticus
2391 530 2574 575 sermo
2610 518 2677 575 de
2723 518 2832 577 illis
2870 520 3090 579 habitus
3145 531 3250 592 est,
3320 526 3415 581 sed
3455 536 3603 583 tem-.
3636 580 3641 585 .

3484 411 3598 466 946

1989 620 2122 678 pore
2155 611 2466 676 commodo,
2522 626 2632 683 quo
2697 615 3020 672 mortalibus
3054 614 3339 673 illucescet
3380 618 3603 674 Emma-

1991 690 2321 757 nuel:'tunc
2355 704 2500 757 enim
2547 715 2735 760 vocata
2791 715 2873 762 est
2908 708 3152 779 gentium
3212 709 3524 766 multitudo.

2056 792 2187 849 CAP.
2217 792 2308 850 IX.
2344 791 2509 850 Vsus.
2538 796 2651 852 1-5.
2684 795 2796 857 Hoc
2823 800 3054 869 primunt
3087 802 3222 865 bibe,
3253 802 3357 858 cito
3382 804 3491 872 fac.
3522 823 3605 860 re-

1988 885 2076 957 gio
2116 882 2382 953 Zabulon,
2414 897 2559 941 terra
2592 885 2964 958 Nephthalim,
3003 895 3084 947 uia
3119 895 3305 959 maris,
3375 907 3424 951 et
3468 900 3601 952 reli-

1986 978 2078 1051 qui
2120 979 2401 1043 maritimi.
2459 989 2511 1035 et
2559 989 2707 1038 trans
2736 981 3050 1052 Iordanem,
3079 984 3307 1041 Galiltea
3335 988 3595 1058 gentium.

1990 1072 2228 1143 Populus
2252 1074 2343 1143 qui
2365 1074 2601 1131 ambulat
2631 1078 2686 1131 in
2730 1077 2977 1143 tenebris,
3032 1076 3203 1133 videte
3252 1081 3420 1134 lucem
3472 1097 3594 1133 ma-

1987 1180 2145 1234 gnam
2164 1181 2183 1219 :
2209 1166 2301 1236 qui
2336 1165 2593 1222 habitatis
2623 1167 2678 1223 in
2705 1169 2914 1239 regione
2943 1176 2990 1223 et
3019 1170 3206 1223 umbra
3244 1171 3453 1237 mortis,
3503 1170 3598 1224 lux

1988 1256 2221 1311 illucebit
2252 1258 2414 1313 vobis.
2446 1257 2690 1313 Maxima
2731 1275 2855 1326 pars
2885 1259 3068 1329 pepuli
3111 1277 3269 1331 qttam
3329 1261 3603 1317 deduxisti

1989 1348 2044 1401 in
2071 1349 2262 1404 (milia
2298 1359 2413 1416 tua,
2440 1361 2489 1405 et
2532 1351 2857 1407 laetabuntur
2921 1369 3100 1406 coram
3167 1364 3237 1416 te,
3303 1362 3360 1406 ut
3411 1354 3451 1407 ii
3509 1355 3599 1425 qui

1996 1440 2252 1496 (celantur
2289 1442 2346 1497 in
2373 1459 2560 1510 messe,
2599 1453 2656 1498 et
2702 1453 2756 1498 ut
2781 1445 2820 1498 ii
2847 1445 2938 1515 qui
2980 1444 3225 1499 dividunt
3261 1443 3454 1513 spolia.

2064 1721 2228 1797 15.9
2260 1723 2321 1779 Et
2351 1723 2487 1781 dura
2516 1725 2659 1783 fame
2687 1737 2744 1784 et
2800 1729 2983 1800 inopia
3051 1733 3380 1802 premendus
3438 1734 3595 1799 dixit,

1989 1817 2079 1888 qui
2113 1818 2273 1874 iidem
2311 1818 2653 1876 Emmanueli
2688 1821 2890 1878 habere
2941 1831 3287 1889 recusarunt,
3342 1839 3450 1881 non
3511 1835 3595 1879 ta-

264 1905 562 1978 μανουήλ,
607 1909 713 1963 οὐκ
761 1911 1214 1986 ἀπορηθήσεσθαι
1260 1918 1392 1982 τοὺς
1439 1922 1499 1974 ὲν
1552 1923 1889 1996 στενοχωρίᾳ

2002 1924 2116 1965 men
2146 1909 2456 1967 defeeturos
2485 1912 2578 1982 qui
2614 1914 2668 1967 in
2706 1916 2962 1986 angustia
3009 1915 3208 1972 versati
3247 1927 3399 1982 sunt,
3425 1933 3597 1987 usque

261 1999 636 2071 προειρηκὼς
666 2001 774 2067 ἕως
796 2006 1018 2078 καιροῦ,
1056 2009 1202 2062 κατά
1220 2026 1286 2079 γε
1315 2011 1416 2083 τὴν
1444 2012 1546 2085 ἤδη
1581 2015 1887 2083 προαποδο-

260 2091 468 2148 θεῖσαν
489 2093 759 2152 διάνοιαν.
792 2099 1058 2169 Ἀρχεται
1084 2101 1284 2174 δηλοῦν
1312 2106 1408 2159 καὶ
1433 2104 1577 2170 τίνες
1601 2109 1651 2160 οἱ
1679 2109 1889 2180 πρῶτοι

260 2186 717 2256 πιστεύσαντες,
748 2192 846 2246 καὶ
878 2194 1106 2266 ἀπαρχὴ
1146 2198 1435 2266 γεγονότες
1465 2199 1576 2254 τῶν
1616 2202 1889 2275 κεκλημέ-

258 2296 380 2333 νων
433 2281 520 2344 είς
578 2281 880 2351 ἐπίγνωσιν
926 2285 1021 2339 τοῦ
1060 2285 1412 2363 Ἑμμανουὴλ
1454 2290 1550 2345 τοῦ
1601 2291 1853 2363 λέγοντος
1872 2312 1886 2327 ·

275 2370 425 2424 Ἰδοὺ
462 2370 585 2442 ἐγὼ
608 2374 705 2427 καὶ
724 2375 798 2428 τά
824 2375 1016 2431 παιδία
1044 2377 1081 2432 ἆ
1112 2396 1202 2450 μοι
1232 2379 1435 2437 ἔδωκεν
1461 2384 1489 2437 ὁ
1520 2383 1675 2449 Θεὸς,
1703 2384 1764 2449 ὃς
1794 2385 1893 2439 καὶ

261 2462 507 2532 γέγονεν
537 2467 623 2529 είς
651 2468 860 2537 σημεῖά
880 2486 941 2522 τε
963 2471 1057 2524 καὶ
1086 2472 1294 2545 τέρατα
1319 2475 1379 2528 ὲν
1402 2475 1481 2547 τῷ
1506 2476 1643 2546 οίκῳ
1671 2476 1893 2549 Ἰσραὴλ

261 2558 435 2630 παρά
481 2559 699 2632 Κυρίου
744 2561 977 2618 Σαϐαὼθ
1021 2566 1114 2620 τοῦ
1144 2569 1530 2635 κατοικοῦντος
1566 2573 1626 2625 ὲν
1657 2571 1737 2643 τῷ
1772 2571 1892 2643 ὄρει

260 2649 438 2705 Σιὼν.
473 2653 618 2706 Φασὶ
646 2654 756 2726 γάρ
792 2673 898 2709 που
944 2658 1040 2712 καὶ
1069 2659 1193 2735 ὅρια
1236 2661 1526 2717 Ζαϐουλὼν
1550 2662 1645 2718 καὶ
1668 2664 1892 2733 Νεφθα-

259 2745 402 2816 λεὶμ
429 2747 501 2819 τῇ
536 2745 823 2820 Τιϐεριάδι
863 2752 1237 2824 παρακεῖσθαι
1276 2754 1464 2830 λίμνῃ,
1503 2757 1598 2811 καὶ
1639 2758 1701 2811 ὲν
1736 2759 1895 2830 ἐσχαο

262 2841 423 2904 τιαίς
446 2836 594 2896 εἶναι
619 2842 723 2914 τῆς
763 2843 1039 2900 Ἰουδαίων
1061 2845 1269 2919 χώρας,
1399 2850 1598 2923 ὅμορον
1621 2827 1892 2923 ὑπάρχειν

262 2933 338 3004 τῇ
372 2933 495 2988 τῶν
520 2934 700 2988 ἐθνῶν
731 2936 1017 3011 Γαλιλαίᾳ,
1063 2940 1262 3014 ἑτέρας
1301 2940 1471 3013 οῦσης
1518 2942 1621 3015 τῆς
1657 2944 1794 3015 πρὸς
1824 2948 1892 3019 τῇ

263 3025 551 3081 Φοινίκων
586 3027 767 3100 χώρᾳ.
829 3030 931 3086 Ἐκ
958 3031 1168 3087 τούτων
1207 3033 1342 3104 φασὶ
1388 3034 1625 3106 μάλιστα
1656 3035 1767 3090 τῶν
1793 3053 1896 3107 cpu-

265 3118 384 3173 λῶν
410 3121 547 3185 τοὺς
582 3121 780 3190 ἁγίους
809 3123 1150 3189 ἀποστόλους
1176 3126 1436 3195 γενέσθαι
1467 3124 1612 3182 κατά
1650 3129 1712 3183 τὸ
1750 3128 1897 3182 πλεῖ-

271 3227 424 3267 στον.
453 3214 573 3268 Καὶ
590 3213 725 3284 γοῦν
747 3215 819 3271 τὰ
841 3218 973 3290 περὶ
993 3218 1092 3291 τῆς
1121 3219 1371 3291 κλήσεως
1385 3221 1587 3290 αὐτῶν,
1613 3222 1896 3287 Ματθαίος

1993 2001 2060 2056 ad
2105 2009 2318 2070 tempus
2357 2001 2615 2073 praefatus
2660 2015 2766 2072 est,
2796 2005 2954 2076 juxta
2986 2007 3136 2077 prius
3192 2007 3413 2063 allatam
3477 2025 3602 2064 scn-

1995 2094 2243 2149 tentiam.
2285 2092 2514 2152 Orditur
2550 2097 2930 2155 demonstrare
2955 2100 3049 2170 qui
3100 2100 3212 2155 sint
3282 2100 3443 2172 primi
3501 2103 3592 2171 qui

1994 2185 2364 2254 crediderunt,
2394 2196 2449 2245 et
2473 2190 2568 2262 qui
2599 2191 2857 2261 primitiae
2884 2194 3100 2249 luerunt
3134 2209 3325 2250 eorum
3350 2197 3444 2266 qui
3498 2212 3599 2252 vo-

1994 2278 2103 2335 cati
2129 2288 2257 2335 sunt
2283 2282 2351 2336 ad
2377 2282 2707 2354 agnitionem
2729 2283 3095 2341 Emmanuelis
3118 2327 3134 2353 ,
3160 2287 3424 2344 dicentis:
3451 2287 3593 2343 Ecce

1994 2384 2095 2440 ego
2124 2378 2179 2424 et
2211 2373 2368 2442 pueri
2411 2388 2549 2443 quos
2604 2374 2737 2431 mihi
2772 2375 2918 2430 dedit
2944 2376 3108 2439 Deus,
3152 2386 3207 2433 et
3246 2379 3339 2449 qui
3386 2388 3507 2434 erat
3545 2379 3599 2434 in

1997 2463 2157 2518 domo
2183 2465 2346 2519 Israel
2379 2466 2432 2519 in
2467 2466 2623 2538 signa
2657 2476 2712 2522 et
2746 2476 2958 2523 ostenta
2986 2483 3016 2523 a
3057 2470 3288 2526 Domino
3335 2469 3599 2537 Sabaoth,

1995 2555 2089 2623 qui
2113 2556 2325 2611 habitat
2351 2559 2404 2611 in
2428 2565 2617 2615 monte
2633 2557 2789 2615 Sion.
2819 2559 3057 2616 Narrant
3084 2562 3230 2617 enim
3262 2562 3398 2618 lines
3414 2561 3601 2618 Zabu-

1995 2645 2089 2701 lon
2126 2655 2184 2703 et
2220 2646 2567 2719 Nephthalim
2599 2649 2875 2707 Tiberiadi
2910 2661 3106 2724 stagno
3151 2653 3426 2725 adiacere,
3463 2664 3521 2710 et
3547 2654 3600 2710 in

1997 2741 2261 2797 extremis
2289 2742 2537 2812 partibus
2571 2740 2812 2801 Iudaica:
2847 2746 3087 2816 regionis
3117 2759 3259 2813 esse,
3333 2756 3396 2803 ut
3453 2744 3599 2807 Gali-

1996 2830 2113 2888 ιω
2149 2834 2392 2904 gentium
2418 2834 2531 2890 sint
2576 2835 2957 2902 conterminis,
3028 2850 3153 2892 nam
3189 2836 3356 2892 altera
3396 2847 3481 2893 est
3542 2837 3604 2892 in

2000 2924 2221 2996 regione
2251 2924 2592 2983 Phoenicum.
2629 2926 2709 2982 Ex
2738 2926 2824 2985 his
2855 2927 3098 2984 maxime
3125 2926 3377 2982 tribubus
3414 2927 3603 2981 dicunt

1998 3014 2293 3087 plerosque
2326 3025 2645 3074 sanctorum
2681 3016 3056 3087 apostolorum
3095 3031 3240 3074 esse.
3274 3016 3344 3073 Et
3380 3018 3607 3088 quidem

2000 3107 2070 3164 de
2110 3123 2303 3166 eorum
2338 3112 2630 3168 vocatione
2688 3110 2974 3168 Matthaeus
3035 3111 3228 3168 beatus
3273 3112 3607 3182 evangelista

2001 3204 2159 3261 nobis
2183 3219 2472 3271 enarratis,
2513 3206 2749 3278 primum
2782 3206 3003 3277 quidem
3047 3221 3144 3277 per
3184 3202 3320 3261 fines
3349 3199 3602 3259 Zabulon

270 3304 408 3375 ἡμῖν
448 3305 481 3357 δ
510 3304 795 3377 μακάριος
821 3308 1224 3382 εὐαγγελιστὴς
1253 3311 1645 3384 ἐξηγούμενος,
1672 3310 1893 3383 πρῶτον

2002 3306 2052 3355 et
2086 3297 2437 3370 Nephthalim
2464 3298 2653 3356 Jesum
2691 3300 2935 3368 deducit,
2984 3307 3175 3374 postea
3249 3298 3607 3371 quemadmo-

283 3397 383 3466 μὲν
411 3396 753 3470 ἀποκομίζει
784 3400 881 3454 τὸν
919 3400 1133 3473 Ἰησοῦν
1169 3404 1231 3457 ὲν
1269 3403 1441 3473 ὁρίοις
1476 3402 1766 3459 Ζαϐουλὼν
1797 3403 1895 3458 καὶ

285 3488 627 3561 Νεφθαλείμ.
665 3487 804 3546 Εἶτα
844 3492 968 3548 τίνα
993 3496 1197 3567 τρόπον
1230 3494 1570 3561 ἀωλέκτους
1597 3498 1896 3568 ἐποιήσατο

289 3581 416 3647 τοὺς
446 3584 640 3654 ἁγίους
665 3587 1026 3655 ἀποστόλους,
1060 3592 1408 3663 προσεπάγει
1446 3591 1656 3662 σαφῶς.
1687 3592 1895 3665 Γράφει

280 3675 338 3730 δὲ
363 3676 510 3732 οὕτω
544 3681 682 3752 περὶ
714 3682 990 3753 Χριστοῦ*
1025 3702 1044 3736 ι
1081 3685 1194 3740 Καὶ
1226 3685 1547 3740 καταλιπὼν
1577 3686 1678 3759 τὴν
1709 3685 1897 3753 Ναζα-

276 3768 375 3840 ρὲθ
407 3770 589 3824 ἐλθὼν
617 3773 947 3844 κατῴκησεν
968 3775 1048 3838 είς
1085 3777 1466 3850 Καπερναοὺμ
1504 3779 1606 3850 τὴν
1638 3778 1896 3851 παραθα-

273 3860 501 3918 λάττιον
536 3867 598 3919 ὲν
622 3867 799 3936 ὁρίοις
827 3868 1121 3932 Ζαϐουλὼν
1144 3872 1241 3926 καὶ⁹
1264 3872 1611 3945 Νεφθαλεὶμ,
1635 3873 1724 3928 ἵνα
1753 3873 1896 3946 πλη-

276 3955 431 4028 ρωθῇ
464 3957 527 4011 τὸ
563 3959 734 4030 ῥηθὲν
766 3959 857 4017 διὰ
895 3962 1120 4018 Ἡσαΐου
1148 3963 1421 4035 λέγοντος
1464 3966 1543 4039 Γῆ
1585 3966 1897 4034 Ζαϐουλὼν,

274 4050 380 4104 καὶ
417 4051 495 4122 γῆ
525 4052 858 4126 Νεφθαλεὶμ
895 4055 1015 4122 ὁδὸς
1046 4056 1331 4132 θαλάσσης
1384 4060 1562 4132 πέραν
1597 4060 1898 4135 Ἰορδάνου,

271 4142 553 4206 Γαλιλαία
579 4145 694 4199 τῶν
717 4146 911 4212 ἐθνῶν,
928 4149 959 4202 ὁ
984 4147 1116 4215 λαὸς
1140 4150 1456 4224 καθήμενος
1474 4153 1536 4207 ὲν
1565 4153 1750 4209 σκότει
1781 4155 1900 4225 φῶς

274 4236 357 4298 ἴδε
399 4238 571 4309 μέγα,
607 4241 706 4294 καὶ
733 4244 849 4307 τοῖς
875 4242 1215 4315 καθημένοις
1244 4248 1304 4301 ὲν
1333 4244 1490 4320 χώρᾳ
1512 4248 1608 4301 καὶ
1635 4250 1765 4320 σκιᾷ
1799 4248 1899 4303 θα-

274 4328 476 4393 νάτου,
507 4331 628 4400 φῶς
657 4331 938 4387 ἀνέτειλεν
980 4336 1188 4400 αὐτοῖς.
1227 4357 1247 4390 ι
1284 4339 1636 4410 Προσεπάγει
1680 4339 1739 4395 δὲ
1771 4339 1899 4394 τού⁹

273 4439 401 4487 τοις
421 4439 435 4452 ·
479 4442 499 4476 ι
537 4425 872 4497 Περιπατῶν
901 4428 961 4484 δὲ
987 4430 1141 4502 παρὰ
1171 4431 1273 4502 τὴν
1306 4430 1584 4487 θάλασσαν
1613 4431 1712 4504 τῆς
1739 4432 1901 4486 Γαλι-

274 4513 449 4578 λαίας
518 4513 598 4568 ἴδε
652 4515 749 4570 δύο
800 4517 1069 4590 ἀδελφοὺς
1094 4559 1110 4585 ,
1164 4520 1389 4591 Σίμωνα
1450 4519 1545 4574 τὸν
1605 4520 1902 4590 λεγόμενον

277 4609 527 4678 Πέτρον,
560 4610 656 4664 καὶ
696 4610 957 4684 Ἀνδρέαν
983 4612 1078 4667 τὸν
1111 4612 1342 4681 ἀδελφὸν
1378 4612 1567 4681 αὐτοῦ,
1603 4612 1901 4686 βάλλοντας

278 4701 717 4774 ἀμφίϐληστρον
762 4704 842 4768 εἰς
888 4705 992 4777 τὴν
1039 4704 1341 4760 θάλασσαν·
1368 4700 1513 4777 ἦσαν
1546 4706 1658 4778 γὰρ
1692 4705 1897 4770 ἁλιεῖς

279 4795 383 4851 καὶ
422 4791 581 4849 εἶπεν
625 4796 815 4860 αὐτοῖς
844 4800 874 4852 ὁ
926 4798 1159 4871 Ἰησοῦς·
1203 4798 1369 4852 Δεῦτε
1409 4798 1587 4853 ὀπίσω
1642 4816 1769 4871 μου,
1804 4799 1902 4854 καὶ

278 4891 510 4962 ποιήσω
538 4890 686 4962 ὑμᾶς
702 4890 1150 4960 γενὲὠαιὰλιεῖς
1175 4892 1585 4965 ἀνθρώπων.οί
1613 4892 1669 4947 δὲ
1698 4892 1902 4958 εὐθέως

278 4986 527 5055 ἀφέντες
554 4984 626 5039 τά
654 4985 852 5041 δίκτυα
896 4985 1274 5061 ἠκολούθησαν
1320 4987 1492 5060 αὐτῷ.
1540 4987 1652 5041 Καὶ
1687 4986 1900 5058 προϐὰς

278 5077 506 5134 ἐκεῖθεν
545 5075 686 5133 εἶδεν
712 5078 908 5144 ἄλλους
938 5079 1032 5134 δύο
1060 5080 1349 5150 ἀδελφοὺς,
1387 5080 1648 5135 Ἰάκωϐον
1679 5080 1772 5135 τὸν
1802 5078 1901 5137 τοῦ

279 5169 607 5237 Ζεϐεδαίου,
652 5171 751 5231 καὶ
788 5171 1050 5243 Ἰωάννην
1094 5171 1188 5226 τὸν
1231 5170 1462 5242 ἀδελφὸν
1508 5169 1677 5226 αὐτοῦ
1725 5172 1784 5223 ὲν
1825 5168 1905 5240 τῷ

280 5263 465 5336 πλοίῳ
500 5264 644 5336 μετά
676 5263 970 5319 Ζεϐεδαίου
998 5263 1095 5319 τοῦ
1144 5263 1351 5336 πατρὸς
1397 5262 1600 5325 αὐτῶν,
1640 5262 1906 5335 καταρτί-

281 5358 488 5424 ζοντας
521 5358 594 5413 τὰ
619 5357 818 5417 δίκτυα
846 5357 1050 5425 αὐτῶν,
1088 5359 1184 5413 καὶ
1210 5356 1478 5413 ἐκάλεσεν
1503 5354 1726 5420 αὐτούς.
1759 5355 1825 5410 Oi
1845 5354 1904 5409 δὲ

282 5451 499 5517 εὐθέως
540 5451 777 5521 ἀφέντες
819 5451 884 5505 τὸ
937 5452 1128 5509 πλοῖον
1172 5452 1267 5508 καὶ
1322 5453 1416 5507 τὸν
1467 5451 1685 5523 πατέρα
1721 5450 1904 5505 αὐτῶν

281 5543 674 5618 ἠκολούθησαν
709 5544 886 5617 αὐτῷ.
925 5565 943 5598 ι
991 5545 1192 5605 ’ἰστέον
1240 5545 1300 5601 δὲ
1345 5545 1428 5601 ὅτι
1472 5545 1571 5619 τὴν
1621 5544 1904 5599 θάλασσαν

281 5642 388 5713 τῆς
415 5639 714 5704 Γαλιλαίας
743 5637 847 5711 τὴν
860 5638 1158 5711 Τιϐεριάδα
1173 5639 1373 5712 λίμνην
1399 5640 1460 5694 τὸ
1483 5639 1729 5712 Γράμμα
1764 5639 1902 5712 φησι

281 5732 347 5788 τὸ
374 5733 561 5807 ἱερόν·
596 5732 729 5788 ἔνθα
759 5733 857 5787 καὶ
879 5730 1152 5807 ηὕρηνται
1181 5734 1283 5806 τὴν
1307 5732 1416 5786 τῶν
1450 5732 1650 5788 ἀλιέων
1689 5732 1902 5806 μετιόν-

354 5899 404 5933 τ⁹
431 5898 631 5959 Matth.
669 5911 741 5965 tv,
766 5894 954 5955 15-17.
1038 5894 1082 5924 ⁸ο
1111 5895 1244 5952 ibid.
1272 5893 1462 5951 lS-Q‘i.

1931 4657 1978 4715 Ι)

1998 3392 2127 3447 dum
2160 3391 2424 3463 delegerit
2463 3401 2685 3450 sanctos
2711 3394 3014 3464 apostolos,
3044 3394 3344 3465 prudenter
3377 3391 3605 3463 subjum

1999 3485 2107 3556 git,
2148 3483 2340 3558 sicque
2368 3487 2435 3543 de
2472 3485 2696 3544 Christo
2729 3489 2964 3545 scribit:
2994 3507 3014 3541 ι
3078 3487 3145 3543 Et
3193 3485 3386 3543 relicto
3430 3483 3613 3541 Naso.

2000 3580 2120 3636 reth
2140 3619 2154 3648 ,
2177 3578 2457 3652 profectus
2488 3580 2756 3637 habitavit
2787 3581 2841 3638 in
2866 3580 3275 3653 Capharnaum,
3314 3578 3455 3634 mari
3482 3578 3609 3634 fiui-

2003 3674 2219 3744 timam,
2267 3676 2325 3732 in
2356 3675 2555 3734 finibus
2587 3674 2828 3733 Zabulon
2852 3684 2909 3733 et
2940 3674 3287 3748 Nephthalim
3312 3715 3331 3745 ,
3382 3684 3441 3729 ut
3498 3675 3601 3730 im-

2000 3767 2246 3840 pleretur
2286 3770 2432 3840 quod
2477 3770 2681 3828 dictum
2716 3779 2802 3827 est
2840 3770 2909 3826 ab
2949 3768 3088 3827 Isaia
3125 3770 3389 3842 propheta
3422 3770 3605 3824 dicen-

2004 3871 2058 3918 te
2093 3880 2111 3920 :
2147 3862 2319 3919 Terra
2356 3862 2627 3931 Zabulon,
2662 3873 2719 3928 et
2750 3873 2895 3920 terra
2915 3862 3289 3935 Nephlhalim,
3321 3865 3408 3918 via
3441 3863 3609 3915 maris

2001 3954 2147 4010 ultra
2217 3954 2553 4023 Jordanem,
2605 3956 2829 4014 Galilaea
2884 3958 3166 4028 gentium;
3227 3954 3467 4027 populus
3517 3954 3607 4022 qui

2000 4049 2146 4107 sedit
2170 4049 2222 4104 in
2258 4050 2518 4119 tenebris,
2551 4049 2727 4106 lucem
2748 4050 2883 4105 vidit
2918 4056 3271 4121 magnam,et
3290 4047 3609 4104 sedentibus

2004 4141 2058 4197 in
2102 4143 2327 4213 regione
2364 4151 2421 4199 et
2454 4143 2650 4199 umbra
2704 4141 2918 4206 mortis,
2977 4141 3071 4195 lux
3107 4149 3230 4197 orta
3266 4147 3351 4194 est
3380 4138 3462 4194 eis
3486 4137 3552 4192 ".
3587 4157 3604 4189 ι

2002 4234 2169 4290 Addit
2194 4250 2326 4290 vero
2366 4235 2483 4291 his:
2517 4251 2538 4287 ι
2579 4233 2952 4291 Obamhulans
2973 4232 3275 4303 verojuxta
3306 4246 3458 4287 mare
3492 4230 3606 4287 Ga-

2003 4325 2179 4391 lilaaae,
2210 4326 2348 4382 vidit
2376 4327 2511 4383 duos
2539 4325 2763 4390 fratres,
2805 4323 3083 4382 Simonem
3119 4325 3326 4380 dictum
3359 4324 3606 4389 Petrum,

2004 4427 2060 4474 et
2106 4418 2386 4474 Andream
2415 4416 2642 4473 fratrem
2680 4416 2820 4487 eius,
2850 4417 3120 4489 iacientes
3148 4416 3285 4472 retia
3316 4416 3373 4471 in
3405 4431 3561 4472 mare
3590 4433 3606 4471 :

2005 4522 2164 4568 erant
2200 4513 2346 4569 enim
2376 4512 2715 4585 piscatores:
2742 4528 2807 4570 ac
2844 4512 2982 4569 dixit
3015 4510 3124 4569 illis
3171 4511 3333 4568 Jesus
3368 4527 3384 4566 :
3414 4508 3610 4566 Venite

2007 4615 2130 4679 post
2164 4621 2273 4673 me,
2324 4614 2381 4662 et
2410 4603 2605 4661 faciam
2646 4619 2742 4662 vos
2796 4606 3100 4677 piscatores
3148 4606 3453 4662 hominum.
3511 4605 3611 4660 At-

2010 4714 2118 4772 que
2146 4697 2243 4765 illi,
2282 4700 2547 4754 continuo
2579 4697 2788 4755 relictis
2830 4698 3060 4768 retibus,
3106 4699 3281 4755 secuti
3308 4708 3435 4755 sunt
3461 4712 3606 4755 enin.

2008 4791 2138 4849 lude
2164 4807 2488 4863 progressus
2526 4792 2662 4848 vidit
2688 4791 2825 4848 alios
2849 4792 2988 4848 duos
3055 4789 3277 4859 fratres,
3348 4790 3611 4855 Iacobum

2011 4887 2181 4944 filium
2223 4887 2493 4952 Zebedaei,
2519 4895 2574 4943 et
2600 4884 2866 4954 Joannem
2899 4887 3126 4942 fratrem
3160 4887 3279 4955 ejus
3343 4886 3396 4941 in
3464 4886 3609 4949 navi,

2009 4997 2132 5039 cum
2163 4980 2428 5037 Zehedteo
2460 4989 2615 5052 patre
2654 4996 2774 5045 suo,
2828 4980 3132 5036 sarcieutes
3192 4994 3290 5035 sua
3345 4979 3483 5036 retia
3505 5021 3521 5047 ,
3556 4991 3612 5033 et

2010 5074 2227 5130 vocavit
2258 5088 2355 5130 eos
2395 5092 2409 5128 :
2461 5072 2627 5143 hique
2664 5072 2915 5144 pretinus
2956 5071 3147 5127 relicta
3201 5072 3326 5127 navi
3363 5080 3421 5128 et
3458 5081 3614 5143 patre

2005 5182 2124 5235 suo,
2155 5169 2326 5224 secuti
2354 5175 2482 5222 sunt
2507 5181 2632 5222 eum
2653 5166 2720 5222 '°.
2754 5185 2775 5219 ι
2801 5165 3096 5222 Sciendum
3117 5180 3250 5225 vero
3274 5164 3614 5235 Scripturam

2007 5274 2226 5318 sacram
2246 5260 2429 5315 dicere
2459 5273 2612 5314 mare
2636 5257 2875 5317 Galiltcts
2910 5257 3262 5318 Tiberiadem
3290 5259 3492 5326 lacum,
3522 5258 3611 5311 ubi

2007 5355 2182 5413 divini
2226 5357 2480 5430 discipuli
2514 5357 2864 5429 piscatoriam
2899 5369 3072 5413 artem
3095 5370 3360 5414 exercere
3399 5352 3609 5408 inventi

2008 5459 2156 5507 sunt.
2203 5448 2357 5507 Facit
2388 5450 2554 5523 igitur
2589 5451 2751 5507 verba
2788 5448 2955 5527 15o
2980 5451 3034 5505 in
3069 5449 3362 5521 praesentia
3393 5444 3612 5499 univer-

2011 5543 2192 5600 sitatis
2222 5544 2367 5600 Deus
2397 5560 2532 5603 voce
2562 5544 2860 5617 prophetae,
2898 5542 3047 5598 velut
3119 5541 3181 5595 ad
3219 5538 3471 5608 regiones
3495 5536 3624 5592 sive

2012 5636 2265 5693 civitates
2303 5637 2477 5694 tribus
2500 5636 2743 5693 Zabulou
2792 5646 2846 5691 et
2875 5632 2919 5689 N
2942 5631 3245 5704 -phthalim,
3278 5643 3403 5701 quae
3450 5626 3627 5684 Tibe-.

2014 5729 2153 5789 riadi
2184 5741 2378 5804 stagno
2440 5738 2599 5788 erant.
2646 5727 2924 5786 confines:
2987 5726 3187 5798 quibus
3241 5732 3453 5780 tantum
3506 5736 3627 5783 neu:
