4016 6530
369 388 476 446 2&7

1363 390 1421 445 S.
1465 384 1745 444 CYRILLI
1789 384 2266 444 ALEXANDBINI
2306 384 2632 443 ARCHIEP.

3548 381 3661 438 ΗΒ

371 509 628 565 salutaris
666 506 915 577 porulum
952 505 1279 576 impartitur,
1309 513 1365 560 et
1429 507 1613 562 vinum
1683 506 1940 576 propinat

2076 520 2166 567 τες
2209 504 2405 575 τέχνην
2453 505 2502 558 oi
2543 504 2822 561 θεσπέσιοι
2874 501 3134 577 μαθηταί.
3179 500 3419 555 Ποιεῖται
3475 496 3658 553 τοίνυν

371 601 688 655 exhilarans
726 615 821 656 cor
852 598 1103 663 hominis,
1139 597 1581 668 praedicationem
1614 597 1870 653 videlicet
1897 597 1963 653 de

374 691 617 747 Christo.
647 689 778 752 Hoc,
820 690 1015 759 inquit,
1075 688 1312 758 primum
1345 687 1496 756 bibe,
1555 689 1663 744 cito
1688 688 1872 756 facito,
1909 687 1964 743 id

374 797 478 850 est,
509 800 542 841 ο
572 785 721 855 regio
752 782 992 838 Zabulon
1029 798 1093 839 ac
1119 781 1494 855 Nephthalim,
1541 782 1799 853 suscipite
1824 797 1963 853 pra:-

348 878 695 934 'dicationem
735 876 1053 933 salutarem.
1082 875 1188 932 Sed
1227 875 1394 931 facile
1434 876 1562 940 cito,
1603 873 1654 930 id
1681 883 1787 941 est,
1824 874 1962 928 citra

376 983 585 1025 omnem
644 982 876 1022 moram.
955 966 1198 1032 Celeres,
1272 966 1348 1022 uti
1421 967 1693 1033 dicebam,
1746 965 1965 1021 fuerunt

377 1060 646 1131 discipuli,
678 1069 733 1116 et
764 1059 921 1115 valde
947 1060 1200 1115 alacriter
1231 1059 1298 1114 ad
1347 1060 1676 1116 credendum
1745 1058 1966 1115 Christo

374 1154 750 1226 prosilierunt.
797 1152 933 1208 Nam
960 1154 1217 1210 continuo
1251 1153 1454 1209 relicﬁs
1493 1153 1697 1208 retibus
1728 1163 1783 1208 et
1813 1163 1969 1223 patre

376 1263 496 1311 suo,
525 1247 700 1301 secuti
733 1255 902 1311 sunt;
937 1254 994 1300 et
1028 1261 1127 1303 nec
1152 1244 1307 1315 longa
1342 1244 1680 1300 institutione
1706 1243 1811 1299 illis
1831 1259 1966 1315 opus

377 1336 500 1392 fuit.
550 1335 1058 1392 Audieruntenim:
1093 1353 1113 1387 ι
1170 1334 1359 1391 Venite
1388 1344 1512 1404 post
1539 1348 1645 1401 me,
1679 1342 1733 1388 et
1766 1332 1964 1388 faciam

378 1447 475 1487 vos
504 1431 803 1500 piscatores
854 1428 1175 1494 hominum;
1206 1437 1261 1482 et
1294 1426 1463 1483 secuti
1494 1436 1623 1481 sunt
1652 1440 1777 1482 eum
1832 1425 1901 1479 “.
1939 1442 1959 1477 ι

379 1523 502 1579 Pari
533 1524 692 1580 modo
721 1530 774 1578 et
798 1532 1025 1579 caeteros
1063 1530 1280 1577 sanctos
1311 1518 1582 1587 apostolos
1611 1528 1833 1575 vocatos
1884 1520 1965 1573 in-

379 1619 681 1678 veniemus,
713 1623 767 1669 et
801 1614 853 1667 in
891 1613 1227 1685 disciplinam
1268 1610 1470 1667 Christi
1536 1625 1597 1667 se
1652 1610 1964 1666 tradidisse.

379 1706 584 1763 Scribit
601 1705 744 1761 enim
758 1704 996 1760 Joannes
1016 1705 1095 1760 sic
1118 1705 1184 1760 de
1197 1703 1486 1760 Servatore
1507 1713 1697 1759 nostro
1712 1703 1963 1759 Christo:

384 1820 405 1854 ι
439 1799 661 1856 Postero
707 1799 793 1854 die
825 1798 995 1853 voluit
1019 1798 1170 1853 exire
1213 1797 1265 1851 in
1303 1795 1607 1864 Galilaeam,
1656 1806 1711 1851 et
1765 1796 1969 1866 reperit

381 1892 706 1961 Philippum;
742 1900 797 1946 et
831 1891 1031 1946 dicitei
1066 1888 1245 1956 Jesus,
1293 1888 1535 1958 Sequere
1578 1905 1684 1944 me.
1713 1887 1846 1943 Erat
1873 1903 1970 1941 au-
2000 1866 2043 1921 Β

380 1995 485 2038 tem
516 1980 797 2050 Philippus
847 1995 879 2034 a
914 1979 1201 2034 Bethsaida
1265 1978 1485 2034 civitate
1523 1979 1754 2034 Andrern
1782 1988 1836 2034 et
1868 1978 1970 2033 Pe-

381 2074 469 2128 tri.
508 2073 727 2141 Reperit
754 2070 1035 2139 Philippus
1064 2068 1477 2133 Nathanaelem,
1512 2079 1567 2123 et
1610 2069 1739 2123 dicit
1767 2070 1853 2124 ei:
1894 2070 1972 2125 De

379 2178 487 2232 quo
521 2163 744 2233 scripsit
775 2160 951 2216 Moses
978 2162 1029 2215 in
1071 2159 1210 2231 lege,
1249 2167 1304 2212 et
1333 2160 1628 2228 prophetze,
1659 2158 1970 2214 invenimus

377 2253 564 2310 Iesum
625 2255 793 2309 filium
851 2252 1051 2324 Joseplt
1106 2250 1446 2309 Nazarenum
1490 2251 1561 2306 θ’.
1621 2270 1642 2305 ι
1693 2251 1794 2307 Ubi
1840 2267 1971 2307 vero

379 2347 610 2403 aecessit
648 2348 715 2402 ad
756 2345 965 2412 Jesum,
1026 2360 1092 2401 ac
1153 2346 1422 2400 dicentem
1471 2346 1689 2402 demum
1722 2346 1968 2402 audivit:

384 2462 406 2496 ‹
442 2442 764 2512 Priusquam
813 2451 863 2496 te
888 2439 1167 2511 Philippus
1207 2450 1448 2507 vocaret,
1496 2455 1618 2495 cum
1675 2454 1827 2495 esses
1870 2439 1971 2495 sub

380 2535 509 2601 licu,
543 2533 792 2589 videbam
826 2542 898 2599 te,
954 2550 972 2585 ι
1007 2533 1234 2587 credidit
1266 2533 1535 2602 protinus,
1598 2542 1653 2587 et
1692 2532 1969 2597 clamavit,

379 2628 567 2683 dicens
601 2646 613 2683 :
651 2645 669 2677 ‹
709 2624 903 2692 Rabbi,
938 2634 992 2679 tu
1023 2639 1083 2680 es
1111 2624 1279 2680 Filius
1322 2625 1437 2691 Dei,
1474 2634 1528 2679 tu
1565 2641 1625 2680 es
1661 2640 1755 2681 rex
1789 2624 1970 2681 lsrae-

382 2719 446 2775 lis
478 2719 545 2775 ”.
586 2739 604 2772 ›
642 2719 850 2774 Rursus
879 2717 1191 2783 Betltsaida,
1219 2718 1286 2775 de
1312 2734 1416 2788 qua
1446 2717 1725 2787 Philippus
1772 2729 1825 2773 et
1864 2718 1972 2773 Na-

382 2811 599 2870 thanael
630 2811 843 2865 oriundi
876 2819 1023 2874 sunt,
1051 2810 1332 2879 adjacebat
1363 2811 1499 2864 mari
1531 2809 1825 2866 Tiberiadi.
1859 2809 1970 2866 Me-

383 2904 539 2958 minit
568 2905 694 2958 item
736 2904 928 2959 beatus
958 2903 1125 2957 David
1145 2903 1430 2957 electionis
1464 2903 1873 2972 discipulorum,
1917 2912 1966 2961 el

384 2998 601 3067 inquit:
638 3014 655 3049 ι
697 2995 810 3051 lllic
844 2994 1123 3065 Beniamin
1151 2993 1337 3064 junior
1394 2995 1448 3050 in
1501 3006 1743 3066 stupore,
1772 2997 1974 3068 princi-

385 3104 478 3153 pes
505 3088 664 3152 .luda,
696 3089 858 3145 duces
883 3102 1096 3152 eorum,
1124 3090 1399 3158 principes
1448 3089 1717 3155 Zabulon,
1767 3091 1973 3160 princi-

386 3193 480 3245 pes
508 3174 853 3245 Nc-plnhalim
880 3176 1133 3244 “.DQuod
1165 3189 1350 3234 autem
1380 3180 1549 3236 divini
1569 3181 1817 3252 discipuli
1856 3182 1972 3238 suis

2064 597 2191 661 τοὺς
2214 596 2405 666 λόγους
2434 597 2587 653 ὁτῶν
2614 598 2752 653 ὅλων
2775 599 2907 663 Θεὸς
2922 597 3011 653 διὰ
3039 597 3225 668 φωνῆς
3247 594 3343 648 τοῦ
3372 593 3660 666 προφήτου

2066 688 2204 760 πρὸς
2233 690 2293 743 τὺ
2333 690 2531 762 παρὸν,
2556 689 2633 756 ὼς
2663 691 2800 763 πρός
2827 708 2888 744 τε
2925 691 3024 754 τὰς
3050 687 3237 761 χώρας
3269 687 3392 759 ἦτοι
3431 686 3531 750 τὰς
3560 686 3662 740 ηδ’

2064 779 2178 843 λεις
2219 780 2319 850 τῆς
2366 782 2539 851 φυλῆς
2571 782 2860 837 Ζαϐουλὼν
2898 784 2992 838 καὶ
3022 781 3370 852 Νεφθαλεὶμ,
3415 781 3473 835 αἶ
3516 796 3665 852 παρ-

2066 871 2276 927 έκειντο
2303 877 2369 945 τῇ
2400 875 2677 946 Τιϐεριάδι
2710 877 2878 949 λίμνῃ
2899 892 2910 905 ’
2946 876 3042 930 καὶ
3076 873 3361 946 μονονουχὶ
3394 874 3665 943 ποτήριον

2065 966 2256 1027 αὐταῖς
2281 966 2376 1019 τοῦ
2414 969 2684 1037 σωτηρίου
2711 969 2904 1034 διδοὺς,
2932 970 3029 1023 καὶ
3054 964 3198 1023 οἶνον
3226 967 3522 1039 προσάγων
3555 966 3661 1020 τὸν
3764 998 3771 1005 -

2067 1058 2429 1129 εὐφραίνοντα
2448 1060 2677 1131 καρδίαν
2707 1060 3017 1133 ἀνθρώπου,
3035 1061 3097 1114 τὸ
3120 1062 3385 1131 κήρυγμα
3409 1058 3666 1127 δηλονότι

2066 1149 2129 1205 τὸ
2174 1150 2303 1221 περὶ⁷
2342 1150 2603 1221 Χριστοῦ.
2655 1151 2826 1206 Τοῦτο
2886 1152 3101 1223 πρῶτον
3148 1153 3263 1216 πίε,
3318 1152 3474 1222 φησὶ,
3518 1149 3667 1221 ταχῦ

2068 1242 2237 1306 ποίει,
2287 1243 2431 1298 τοῦτ’
2475 1243 2646 1308 ἐστιν,
2679 1239 2724 1298 ὦ
2782 1243 2936 1316 χώρα
2982 1244 3269 1299 Ζαϐουλὼν
3313 1245 3410 1298 καὶ
3450 1241 3669 1311 Νεφθα-

2070 1335 2218 1405 λεὶμ,
2240 1334 2462 1406 δέχεσθε
2489 1336 2553 1389 τὸ
2581 1338 2847 1408 κήρυγμα
2866 1337 2929 1391 τὸ
2961 1339 3253 1410 σωτήριον.
3272 1334 3436 1390 Ἀλλά
3454 1337 3670 1389 ποιεῖτε

2070 1426 2232 1496 ταχὺ,
2260 1425 2405 1481 τοῦτ’
2429 1426 2546 1481 ἔστι
2566 1474 2580 1494 ,
2616 1428 2936 1499 μελλησμοῦ
2966 1428 3088 1500 δίχα
3115 1428 3342 1490 παντός.
3384 1427 3558 1492 ὐξεῖς
3578 1425 3665 1492 δὲ,

2073 1517 2150 1581 ὠς
2181 1516 2340 1588 ἔφην,
2369 1520 2414 1572 οἱ
2442 1518 2709 1591 μαθηταὶ,
2739 1519 2834 1572 καὶ
2857 1519 2978 1573 λίαν
3008 1520 3245 1589 ἑτοίμως
3282 1520 3453 1582 ἰόντες
3481 1517 3573 1570 ἐπὶ
3599 1517 3669 1571 τὸ

2075 1612 2366 1664 πιστεῦσαι
2392 1613 2634 1683 Χριστῷ.
2674 1613 3075 1684 Ἰίκολούθησαν
3101 1612 3210 1684 γὰρ
3235 1612 3397 1675 εὐθὺς
3431 1611 3670 1681 ἀφέντες

2073 1706 2142 1759 τὰ
2171 1705 2362 1758 δίκτυα
2392 1704 2487 1759 καὶ
2517 1706 2610 1758 τὸν
2640 1706 2876 1777 πατέρα,
2916 1688 3022 1759 και
3046 1704 3441 1777 μυσταγωγίας
3480 1704 3671 1767 αὺτοῖς

2074 1795 2298 1867 ἐδέησεν
2327 1797 2387 1849 οὐ
2421 1799 2908 1868 μακρᾶς.”Ηκουον
2934 1799 3042 1869 γάρ
3063 1814 3074 1829 ·
3101 1816 3121 1849 ι
3145 1798 3310 1850 Δεῦτε
3333 1796 3509 1848 ὀπίσω
3534 1811 3667 1865 μου,

2075 1889 2170 1941 καὶ
2218 1889 2428 1959 ποιήσω
2474 1891 2620 1960 ὑμᾶς
2668 1890 2922 1959 γενέσθαι
2967 1890 3141 1955 ἁλιεῖς
3198 1889 3523 1961 ἀνθρώπων,
3569 1888 3669 1942 καὶ

2077 1980 2449 2052 ἠκολούθησαν
2488 1980 2655 2052 αὐτῷ.
2699 2001 2717 2034 ι
2780 1983 2940 2036 Κατὰ
2986 1983 3080 2036 τὸν
3131 1979 3250 2035 ἴσον
3307 1981 3509 2053 τρόπον
3569 1979 3672 2033 καὶ

2074 2074 2296 2146 ἐτέρους
2325 2074 2435 2129 τῶν
2476 2077 2650 2145 ἁγίων
2679 2078 2997 2131 ἀποστόλων
3027 2075 3402 2146 κεκλημένους
3437 2074 3671 2144 εὑρήσοο

2078 2185 2199 2237 μεν,
2238 2168 2334 2223 xai.
2369 2170 2742 2240 πεποιηκότας
2770 2170 2869 2239 τῆς
2894 2170 2988 2222 ἐπὶ
3014 2166 3239 2239 Χριστῷ
3273 2164 3673 2237 μυσταγωγίας

2072 2261 2163 2314 τὸν
2195 2260 2375 2329 λόγον.
2406 2262 2614 2333 Γράφει
2648 2264 2759 2334 γὰρ
2801 2264 3060 2334 Ἰωάννης
3103 2263 3201 2316 ὡδὶ
3245 2261 3375 2331 περὶ
3410 2259 3506 2313 τοῦ
3536 2260 3671 2312 πάν-

2072 2373 2180 2409 των
2208 2354 2364 2425 ήμῶν
2395 2356 2649 2427 Σωτῆρος
2688 2354 2927 2427 Χριστοῦ
2947 2372 2959 2385 ·
2993 2378 3011 2406 ι
3051 2355 3129 2425 Τῇ
3162 2352 3428 2423 ἐπαύριον
3464 2340 3669 2421 ἠθέλη-

2075 2461 2167 2498 σεν
2197 2444 2433 2512 ἐξελθεῖν
2464 2447 2546 2508 είς
2578 2446 2674 2517 τὴν
2705 2446 2996 2501 Γαλιλαίαν
3017 2461 3030 2474 ’
3060 2445 3154 2500 καὶ
3187 2444 3436 2515 εὑρίσκει
3477 2442 3671 2496 Φίλιπ-

2073 2554 2196 2600 πον,
2227 2537 2321 2591 καὶ
2354 2536 2500 2606 λέγει
2526 2537 2720 2609 αὐτῷό
2755 2537 2986 2610 Ἰησοῦς’
3018 2536 3326 2592 Ἀκολούθει
3353 2552 3463 2606 μοι.
3481 2528 3593 2587 Ἦν
3613 2533 3672 2588 δὲ

2072 2629 2101 2680 ό
2147 2629 2417 2693 Φίλιππος
2471 2629 2579 2682 ἀπὸ
2612 2629 2893 2701 Βηθσαϊδὰ
2941 2630 3005 2682 ἐκ
3047 2628 3147 2699 τῆς
3189 2627 3374 2698 χώρας
3417 2624 3671 2695 Ἀνδρέου

2075 2722 2170 2777 καὶ
2220 2722 2452 2793 Πέτρου.
2497 2721 2760 2793 Εὑρίσκει
2803 2721 3071 2785 Φίλιππος
3108 2719 3202 2773 τὸν
3232 2717 3532 2788 Ναθαναὴλ
3578 2715 3675 2771 καὶ

2073 2815 2223 2884 λέγει
2260 2814 2410 2885 αὐτῷ
2429 2832 2443 2845 ο
2484 2816 2581 2868 Ὃν
2612 2813 2819 2884 ἔγραψε
2856 2812 3063 2881 Μωσῆς
3097 2814 3154 2865 ἐν
3189 2811 3268 2882 τῷ
3296 2811 3472 2881 νόμῳ,
3502 2809 3596 2863 καὶ
3623 2807 3674 2862 οἱ

2074 2907 2371 2979 προφῆται,
2412 2905 2730 2977 εὑρήκαμεν
2800 2901 3012 2974 Ἰησοῦν
3045 2903 3162 2958 υίὸν
3197 2901 3293 2954 τοῦ
3342 2900 3545 2969 Ἰωσὴφ
3580 2898 3675 2954 τὸν

2074 3000 2185 3053 ἀπὸ
2211 2996 2487 3071 Ναζαρέθ.
2521 3016 2539 3048 ι
2564 2995 2781 3068 Ἐπειδὴ
2805 2995 2861 3052 δὲ
2892 2995 3122 3065 ἀφίκετο
3151 2993 3287 3066 πρὸς
3316 2993 3406 3047 τὸν
3437 2991 3673 3063 Ἰησοῦν,

2074 3088 2194 3146 εἶτα
2222 3090 2475 3159 λέγοντος
2497 3090 2719 3161 ἥκουσε’
2744 3109 2762 3141 ι
2790 3088 2901 3160 Πρὸ
2917 3087 3017 3143 τοῦ
3043 3104 3103 3140 σε
3133 3087 3399 3139 Φίλιππον
3425 3084 3679 3153 φωνῆσαι

2074 3186 2206 3241 ὅντα
2252 3186 2357 3240 ὑπὸ
2382 3186 2484 3257 τὴν
2535 3186 2708 3243 συκῆν
2753 3179 2891 3237 εἶδόν
2934 3199 3020 3246 σε,
3050 3201 3069 3233 ι
3112 3180 3448 3235 πεπίστευκε
3496 3193 3681 3249 παρα-υ

387 3270 715 3339 temporibus
763 3286 868 3325 non
895 3272 992 3327 soli
1013 3272 1240 3327 vocandi
1271 3283 1474 3341 essent,
1510 3274 1603 3329 sed
1632 3274 1794 3328 etiam
1836 3273 1972 3328 mulo

2077 3279 2286 3350 χρῆμα,
2319 3279 2413 3333 καὶ
2439 3278 2502 3349 δὴ
2529 3278 2624 3332 καὶ
2658 3276 2932 3347 ἀνέκραγε
2970 3274 3146 3341 λέγων
3167 3290 3181 3303 ·
3216 3291 3237 3339 ι
3274 3271 3450 3336 Ῥαόι,
3482 3270 3546 3324 σὺ
3573 3265 3626 3323 εἷ
3646 3268 3681 3324 ὁ

387 3359 558 3413 titudo
583 3360 848 3430 gentium,
893 3361 1163 3432 designat,
1198 3362 1485 3432 inquiens:
1532 3363 1600 3418 Et
1641 3363 1836 3432 reliqui
1866 3379 1979 3417 ma-

389 3449 554 3507 ntimi
584 3449 726 3504 ultra
781 3450 1096 3516 Jordanem,
1150 3452 1370 3511 Calilrca
1432 3457 1696 3526 gentium,
1751 3455 1980 3525 p0pulus

384 3541 477 3619 qui
511 3541 754 3597 ambulat
794 3542 847 3597 in
893 3544 1154 3608 tenebris,
1186 3544 1359 3601 lucem
1414 3546 1547 3601 vidit
1598 3561 1872 3616 magnam;
1925 3553 1980 3600 et

385 3633 477 3701 qui
518 3631 778 3689 habitatis
818 3633 871 3688 in
907 3635 1127 3704 regione
1154 3651 1215 3692 ac
1243 3637 1433 3691 umbra
1468 3638 1678 3703 mortis,
1726 3636 1815 3691 lux
1854 3637 1979 3691 illu-

390 3727 535 3781 rebit
564 3726 731 3788 vobis.
773 3726 1259 3785 lneedehantenim
1296 3729 1407 3798 jam
1431 3729 1651 3797 perinde
1678 3739 1736 3783 ut
1771 3740 1978 3799 gentes,

387 3829 441 3872 et
467 3820 1035 3876 commemorabantur
1083 3821 1136 3876 in
1197 3823 1300 3877 hoc
1359 3823 1579 3888 mundo,
1642 3829 1896 3890 tanquam
1928 3821 1980 3876 in

391 3920 571 3976 nocte,
643 3924 699 3967 et
758 3913 809 3967 in
874 3914 1134 3982 tenebris,
1220 3924 1505 3985 propterea
1589 3915 1731 3984 quod
1801 3913 1980 3969 lumen

397 4004 552 4078 151
595 4020 736 4059 verre
768 4005 858 4061 Dei
889 4007 1223 4076 cognitionis
1254 4007 1305 4061 in
1337 4007 1520 4061 animo
1549 4021 1655 4061 non
1699 4005 1979 4070 haberent,

2083 3372 2212 3435 Υἱὸς
2267 3371 2361 3426 τοῦ
2410 3371 2569 3436 Θεοῦ,
2618 3372 2682 3425 σὺ
2732 3366 2785 3423 εἴ
2830 3373 2859 3424 ό
2904 3368 3159 3439 βασιλεὺς
3207 3365 3304 3420 τοῦ
3368 3364 3606 3435 Ἰσραήλ.
3651 3381 3676 3415 ι

2082 3463 2358 3535 Βηθσαϊδὰ
2387 3462 2444 3516 δὲ
2470 3462 2631 3517 πάλιν
2662 3461 2722 3527 ἐξ
2769 3457 2838 3535 ἦς
2867 3461 2896 3514 ό
2922 3460 3190 3521 Φίλιππος
3229 3453 3299 3529 ἦν
3334 3456 3430 3510 καὶ
3460 3455 3560 3526 μέν
3593 3468 3683 3508 τοι

2083 3552 2399 3625 Ναθαναὴλ,
2452 3553 2748 3625 παρέκειτο
2808 3555 2873 3624 τῇ
2941 3551 3188 3623 θαλάσσῃ
3240 3551 3305 3619 τῇ
3371 3545 3679 3618 Τιϐεριάδι.

2083 3647 2461 3719 Διαμέμνηται
2506 3646 2563 3699 δὲ
2594 3645 2688 3699 καὶ
2729 3644 2757 3697 ὁ
2810 3644 3080 3715 μακάριος
3111 3641 3275 3695 Δαὸὶδ
3302 3642 3403 3710 τῆς
3437 3637 3547 3691 τῶν
3573 3652 3681 3708 μα-

2084 3738 2264 3811 θητῶν
2304 3738 2689 3810 ἀναρρήσεως,
2739 3735 2833 3790 καί
2880 3751 3075 3805 φησιν’
3123 3753 3139 3785 ι
3187 3734 3333 3786 Ἐκεῖ
3384 3728 3682 3799 Βενιαμεὶν

2084 3828 2351 3900 νεώτερος
2390 3830 2449 3882 ἐν
2478 3829 2754 3893 ἐκστάσει,
2798 3827 3058 3898 ἄρχοντες
3093 3822 3264 3877 Ἰούδα
3286 3821 3554 3892 ἡγεμόνες
3577 3820 3684 3873 αι’)⁹

2083 3921 2214 3976 τῶν·
2247 3922 2505 3995 ἄρχοντες
2527 3917 2836 3983 Ζαϐουλὼν,
2866 3917 3127 3989 ἄρχοντες
3148 3913 3483 3983 Νεφθαλείμ,
3513 3930 3530 3961 ι
3552 3908 3687 3965 Ὅτι

2084 4013 2138 4068 δὲ
2186 4013 2410 4084 ἔμελλον
2451 4005 2537 4066 off
2557 4013 2708 4083 μόνοι
2747 4009 3121 4081 κληθήσεσθαι
3162 4006 3305 4061 κατὰ
3353 4005 3583 4076 καιροὺς
3629 4003 3686 4057 οἱ

391 4099 486 4152 Sed
532 4108 751 4153 ruerent
777 4099 929 4169 quasi
967 4100 1019 4153 in
1055 4114 1272 4154 omnem
1311 4098 1548 4165 foveam,
1594 4108 1649 4154 et
1693 4098 1745 4153 in
1782 4100 1975 4153 malum

2087 4105 2370 4161 θεσπέσιοι
2413 4104 2679 4178 μαθηταὶ,
2708 4102 2848 4157 ἀλλὰ
2877 4102 2987 4174 γὰρ
3019 4101 3111 4154 καὶ⁵
3135 4101 3193 4153 αἱ
3222 4101 3332 4152 τῶν
3360 4097 3531 4151 ἐθνῶν
3558 4095 3690 4164 ἀγέο

394 4190 559 4245 Veluti
616 4191 683 4245 ad
728 4192 976 4260 quemvis
1025 4190 1257 4266 lapidem
1295 4190 1679 4262 impiugerent.
1727 4190 1975 4246 Habitare

2085 4199 2199 4263 λαι,
2234 4195 2579 4267 καταμηνύει
2615 4194 2947 4262 λέγωνοιίαὶ
2977 4195 3026 4246 οί
3063 4191 3242 4245 λοιποὶ
3291 4193 3340 4244 oi
3379 4189 3477 4260 τὴν
3502 4187 3688 4259 παρὰ-

395 4299 522 4339 ιόιό
550 4300 646 4340 eos
689 4286 742 4339 in
784 4285 1007 4355 regione
1035 4295 1090 4341 et
1127 4287 1315 4341 umbra
1352 4287 1539 4341 mortis
1575 4287 1681 4354 ait,
1724 4288 1869 4357 quod
1912 4286 1975 4341 sil

2086 4290 2200 4345 λιον
2232 4289 2326 4345 καὶ
2368 4290 2546 4360 πέραν
2574 4287 2667 4342 τοῦ
2717 4285 3008 4357 Ἰορδάνου,
3057 4282 3319 4339 Γαλιλαία
3348 4282 3457 4336 τῶν
3487 4280 3683 4344 ἐθνῶν,

395 4379 535 4447 apud
580 4392 706 4444 eos,
754 4386 882 4449 puta
925 4379 978 4435 in
1032 4378 1341 4448 regionibus
1385 4394 1607 4445 eorum,
1649 4378 1794 4434 aliud
1850 4377 1975 4433 nihil

2086 4384 2115 4437 ὁ
2164 4382 2291 4444 λαὸς
2334 4384 2362 4435 ό
2394 4379 2763 4452 πορευόμενος
2799 4378 2858 4431 ἐν
2916 4376 3102 4431 σκότει
3139 4376 3254 4444 φῶς
3297 4374 3373 4427 ἴδε
3411 4373 3573 4443 μέγα.
3618 4371 3686 4426 οι

395 4486 557 4540 quam
590 4470 703 4527 sola
736 4469 927 4525 nebula
974 4480 1028 4525 et
1059 4471 1253 4542 caligo,
1290 4472 1487 4528 mentis
1526 4472 1777 4526 videlicet
1808 4480 1864 4524 et
1902 4471 1975 4524 in-

2087 4472 2468 4535 κατοικοῦντες
2495 4473 2552 4524 ἐν
2582 4469 2736 4541 χώρᾳ
2763 4470 2856 4523 καὶ
2890 4470 3020 4539 σκιᾷ
3048 4468 3306 4529 θανάτου,
3333 4466 3452 4535 φῶς
3474 4463 3687 4535 λάμψει

399 4561 740 4632 telligenliaa,
795 4563 996 4633 quique
1037 4563 1147 4619 sint
1193 4564 1364 4619 instar
1407 4572 1766 4627 mortuorum,
1805 4561 1975 4614 adhuc

2099 4566 2183 4631 ἐφ’
2225 4564 2390 4633 ὑμᾶς.
2437 4560 2717 4624 Ἐϐάδιζον
2758 4561 2865 4632 γὰρ
2900 4559 3091 4631 ὥσπερ
3137 4560 3186 4617 οἱ
3233 4561 3291 4625 ἐξ
3341 4557 3534 4621 ἐθνῶν,
3588 4556 3692 4609 καὶ

403 4656 669 4709 viventes.
706 4653 1007 4725 Corporum
1039 4671 1272 4725 namque
1298 4656 1486 4710 umbra
1537 4656 1760 4709 omnino
1797 4668 1975 4708 eorum

2095 4628 2361 4726 διέτριέον
2391 4655 2448 4707 ἐν
2474 4651 2610 4724 τῷδε
2645 4652 2722 4725 τῷ
2771 4628 2964 4724 κόσμῳ
2988 4670 3001 4683 ·
3037 4628 3292 4723 καθάπερ
3336 4652 3387 4703 oi
3427 4653 3483 4702 ἐν
3528 4652 3691 4705 νυκτὶ

403 4748 605 4803 formas
640 4747 906 4812 imitatur,
938 4758 993 4804 et
1029 4758 1289 4820 quantum
1332 4749 1397 4801 ad
1448 4747 1633 4816 figura:
1672 4745 1975 4800 similitudi-

2096 4748 2190 4805 καὶ
2224 4747 2282 4803 ἐν
2315 4746 2514 4817 σκότῳ,
2542 4745 2630 4801 διὰ
2658 4763 2743 4799 τοι
2785 4745 2847 4798 τὸ
2870 4745 2985 4815 φῶς
3013 4746 3115 4799 οὐκ
3141 4744 3285 4815 ἔχειν
3311 4745 3395 4806 είς
3433 4743 3559 4796 νοῦν
3587 4745 3691 4813 τῆς

405 4857 527 4894 nem
562 4841 777 4899 attinet,
813 4841 956 4894 nulla
995 4840 1206 4897 ratione
1239 4840 1534 4907 discrepat.
1592 4836 1756 4891 Deum
1806 4846 1975 4891 autem

2096 4838 2329 4910 ἀληθοῦς
2359 4837 2711 4907 θεογνωσίας,
2756 4837 2977 4891 πίπτειν
3013 4838 3070 4891 δὲ
3097 4837 3287 4907 ὥσπερ
3316 4836 3460 4889 κατὰ
3489 4835 3689 4906 βόθρου

407 4934 618 4990 nrscire
651 4934 742 5004 qui
789 4942 977 4987 natura
1014 4940 1098 4987 est
1124 4941 1179 4985 et
1213 4945 1339 4985 vere
1374 4932 1535 4994 Deus,
1570 4929 1799 4983 imitatio
1852 4943 1975 4995 quo-

2098 4930 2330 4991 παντός·
2364 4927 2458 4983 καὶ⁸
2495 4920 2585 4983 οἷά
2612 4944 2697 4990 τις
2729 4925 2864 4997 λίθῳ
2896 4928 3061 4979 παντὶ
3107 4925 3470 4998 προσπταίειν
3505 4924 3685 4995 κακῷ.

406 5024 698 5079 dummodo
746 5032 831 5078 est
869 5033 925 5078 et
967 5024 1158 5077 umbra
1202 5021 1415 5079 mortis.
1451 5020 1715 5076 Caeterum
1750 5018 1853 5073 illis
1889 5019 1975 5073 hor

2099 5020 2389 5077 Κατοικεῖν
2410 5019 2467 5075 δέ
2492 5019 2691 5084 αὐτοὺς
2719 5021 2777 5072 ἐν
2793 5018 2948 5091 χώρᾳ
2970 5020 3065 5072 καὶ
3093 5021 3222 5089 σκιᾷ
3240 5017 3473 5072 θανάτου
3497 5019 3684 5089 φησὶν,

409 5116 600 5171 morbo
634 5115 1012 5170 laborantibus
1068 5113 1158 5168 lux
1191 5128 1381 5182 magna
1428 5110 1650 5177 aﬂ'ulsit,
1702 5121 1823 5181 post
1870 5124 1975 5165 eat:

2098 5108 2184 5162 διὰ
2217 5109 2278 5161 τὸ
2315 5106 2456 5166 εἶναι
2501 5112 2630 5182 παρ’
2665 5110 2849 5174 αὐτοῖς
2875 5151 2889 5173 ,
2926 5112 3094 5181 ἡγουν
3131 5113 3188 5164 ἐν
3222 5112 3345 5175 ταῖς
3378 5109 3560 5163 αὐτῶν
3589 5107 3691 5180 χώ-

407 5225 571 5279 quam
604 5210 716 5275 ipse
748 5205 1003 5261 Christus
1034 5205 1236 5271 intulit,
1272 5205 1553 5259 oraculum
1583 5219 1799 5275 quoque
1822 5220 1975 5260 evan-

2101 5203 2448 5273 ραις,⁸ἐτερον
2475 5203 2646 5268 οὐδὲν,
2673 5204 2813 5277 πλὴν
2837 5205 2920 5258 ὅτι
2948 5205 3117 5275 μόνην
3144 5204 3313 5275 ἀχλὺν
3339 5204 3435 5258 καὶ
3469 5204 3689 5268 σκότον,

408 5300 658 5371 gelicum.
697 5296 824 5352 lude
851 5296 951 5351 fuit
995 5299 1227 5352 maxima
1260 5312 1384 5364 pars
1417 5297 1595 5366 populi
1637 5312 1798 5367 quam
1822 5296 1975 5353 dedu-

2099 5293 2190 5346 τὸν
2215 5295 2405 5365 νοητὸν
2434 5295 2695 5367 δηλονότι,
2729 5292 2868 5356 εἶναι
2894 5297 2949 5351 δέ
2975 5295 3166 5368 ὥσπερ
3196 5298 3253 5349 ἐν
3286 5293 3544 5365 ὁμοιώσει
3579 5293 3690 5347 τῶν

411 5392 541 5447 λίςιὶ
576 5393 627 5446 in
656 5390 840 5445 lectilia
870 5400 980 5443 tua.
1034 5388 1200 5444 Multo
1241 5389 1386 5443 enim
1433 5388 1613 5459 plures
1649 5405 1713 5443 ex
1742 5391 1975 5459 gentibus

2098 5386 2429 5452 τεθνεώτων,
2464 5390 2642 5445 καίτοι
2682 5391 2891 5455 ζῶντας
2925 5391 3025 5449 ἔτι.
3064 5392 3127 5444 Ἠ
3161 5391 3259 5461 μὲν
3301 5389 3412 5459 γὰρ
3448 5388 3559 5442 τῶν
3593 5405 3693 5442 σω-

411 5483 586 5539 ιόριιιί
628 5491 775 5544 sunt,
811 5489 1003 5551 prmter
1045 5495 1139 5535 cus
1181 5480 1270 5547 qui
1317 5494 1383 5534 ex
1422 5479 1584 5535 Israel
1624 5481 1994 5536 crediderunt.

416 5574 615 5642 Itaque,
644 5572 836 5643 inquit,
869 5571 1040 5625 lucem
1094 5570 1226 5624 vidit
1270 5587 1541 5642 magnam,
1591 5573 1824 5627 maxima
1874 5586 1999 5642 pars

416 5665 592 5741 pepuli
614 5681 771 5735 quem
805 5663 1071 5721 deduxisti
1106 5663 1156 5717 in
1191 5663 1393 5719 lmtitia.
1417 5664 1571 5732 Illud,
1598 5683 1616 5717 ι
1648 5664 1948 5733 Deduxisti,
1972 5685 1991 5719 ι

486 5824 530 5861 ⁹¹
563 5822 752 5886 Matth.
783 5840 857 5893 ιν,
892 5825 971 5883 19.
1050 5825 1243 5880 "Juan
1274 5844 1307 5893 l,
1342 5825 1530 5879 4545.
1608 5825 1651 5857 ⁸⁸
1683 5826 1805 5881 ibid.
1842 5823 2026 5881 47—59.

2106 5480 2291 5552 μάτων
2345 5481 2473 5535 σκιὰ
2522 5486 2771 5552 μιμεῖται
2804 5483 3023 5545 πάντως
3073 5482 3253 5536 αὐτῶν
3299 5480 3371 5535 τὰ
3406 5481 3688 5551 σχήματα,

2104 5572 2471 5644 παραλλάττει
2498 5573 2553 5626 δὲ
2590 5574 2727 5637 ὅλως
2772 5573 2893 5628 κατ’
2916 5574 3107 5629 οὐδένα
3143 5575 3367 5646 τρόπον,
3399 5574 3522 5626 ὅσον
3552 5568 3691 5643 ἧκεν

2106 5667 2184 5732 εἰς
2217 5667 2518 5739 ἐμφέρειαν
2557 5665 2655 5740 τὴν
2687 5667 2764 5732 ὼς
2798 5668 2855 5721 ἐν
2889 5668 3131 5739 σχήματι
3181 5666 3359 5738 λέγω·
3391 5666 3482 5723 τὸν
3519 5663 3578 5718 δέ
3623 5678 3688 5732 γε

2106 5823 2148 5854 ⁸³
2178 5823 2245 5877 Ps
2286 5823 2316 5875 Ι.
2338 5839 2505 5887 ιλιι-ιι,
2532 5823 2621 5880 23.
