4016 6526
170 395 290 454 εις
1408 407 1479 466 IN
1513 409 1753 469 nsum
1792 414 1924 474 ua.
1969 418 2010 475 ι.
2052 418 2375 481 οιιΑτ.-γ.
3423 410 3530 494 εδει

169 514 322 566 θεὸν
350 514 461 568 οὐκ
488 514 708 570 εἰδέναι
741 516 834 570 τὸν
865 516 1026 588 φύσει
1057 520 1152 574 καὶ
1172 521 1417 603 ἀληθῶς,
1446 526 1677 599 μίμημά
1702 547 1755 584 πι

1941 533 2169 602 positum
2194 545 2281 592 est
2304 553 2403 607 pro
2424 535 2670 608 Vocasti,
2697 551 2748 598 et
2774 543 3073 610 redemisti,
3104 545 3266 603 veluti
3290 553 3527 621 captivus

170 611 303 661 ἐστι
345 608 449 661 καὶ
481 609 623 662 σκιὰ
646 608 908 668 θανάτου.
948 613 1113 668 Ἀλλὰ
1142 618 1258 681 τοῖς
1292 617 1478 673 ἐκεῖνα
1505 623 1756 693 νενοσηκί

1943 622 2132 678 diaboli
2179 626 2488 697 tyrannide.
2528 646 2546 681 ι
2578 629 2642 686 Hi
2669 630 3001 690 laetabuntur
3035 608 3221 692 coram
3271 608 3529 711 te,'quasi

175 697 680 804 gtbg‘é-nélapqls,
707 703 851 772 μετὰ
878 703 939 757 τὸ
964 705 1119 779 παρὰ
1147 707 1390 780 Χριστοῦ
1430 709 1699 782 δηλονότι,
1732 731 1761 767 κ

1942 721 2027 790 qui
2062 720 2317 778 laetantur
2348 725 2400 778 in
2435 740 2634 792 messe,
2667 731 3127 796 quemadmodum
3165 733 3258 804 qui
3287 697 3528 792 dividunt

174 793 246 845 τὸ
306 792 615 863 θέσπισμα
667 795 734 848 τὸ
791 795 1176 866 εύαγγελικόν.
1235 802 1484 857 Ἐκεῖθεν
1527 805 1723 874 γέγονε

1944 811 2124 878 spolia.
2156 831 2176 867 ι
2224 811 2488 870 Bil‘ariam
2539 827 2723 873 autem
2760 819 3127 892 intelligemus
3173 792 3291 881 haec
3340 830 3530 884 verba.

186 885 460 940 πλεῖστον
495 885 595 938 τοῦ
637 885 802 953 λαοῦ,
854 888 916 943 ὅν
959 892 1276 963 κατήγαγες
1309 896 1368 948 ἐν
1402 897 1469 967 τῇ
1518 897 1772 969 εύφροσύπ

1944 899 2068 955 Nam
2098 904 2143 958 si
2172 902 2340 961 divini
2372 907 2622 977 discipuli
2658 910 2789 976 sint,
2831 885 3212 980 qui'laztaulur
3242 916 3295 970 in
3328 933 3530 985 messe,

202 994 337 1076 σου.
364 977 585 1076 Πλείους
616 979 734 1052 γὰρ
768 980 891 1036 λίαν
936 984 987 1036 oi
1011 984 1071 1051 ἐξ
1104 985 1276 1040 ἐθνῶν
1307 988 1642 1059 κεκλημένοι
1679 1008 1788 1063 παρ

1944 1002 1987 1049 et
2025 994 2273 1050 dividunt
2320 997 2514 1066 spolia,
2550 999 2675 1053 dum
2716 977 2976 1056 nimi—rum
3020 1013 3211 1073 gentes
3242 977 3530 1076 colligunt,

208 1070 348 1133 τοὺς
387 1069 805 1137 πιστεύσαντας
847 1072 911 1140 ἐξ
967 1077 1209 1151 Ἰσραήλ.
1264 1078 1479 1135 Οὐκοῦν
1529 1082 1647 1151 φῶς
1696 1079 1794 1138 εἶδε

1943 1086 2100 1141 veluti
2148 1085 2481 1145 frumentum
2527 1092 2581 1147 in
2618 1093 2874 1148 horreum
2918 1095 3272 1164 dominicum,
3307 1108 3362 1154 et
3390 1101 3529 1155 antiv

208 1167 366 1235 φησὶ,
393 1166 571 1236 μέγα,
622 1168 690 1222 τὸ
732 1169 992 1226 πλεῖστον
1016 1174 1113 1227 τοῦ
1145 1174 1298 1242 λαοῦ,
1346 1175 1375 1229 6
1420 1179 1738 1249 κατήγαγες
1773 1181 1794 1232 ἐ

1943 1195 2101 1249 quum
2125 1195 2370 1237 errorem
2403 1193 2707 1256 amputant,
2741 1187 2940 1258 gaudio
2968 1187 3279 1244 aﬂiciuntur
3308 1193 3529 1259 perinde

209 1258 522 1331 εὐφροσύνῃ
554 1278 680 1316 σου.
708 1263 784 1316 Τὸ
821 1265 880 1318 δὲ
906 1267 1259 1338 Κατήγαγες,
1283 1269 1405 1324 ἀντὶ
1433 1270 1552 1339 τοῦ,
1604 1274 1795 1327 Ἀνεκο

1942 1283 1999 1323 ac
2041 1269 2074 1324 ii
2110 1271 2202 1340 qui
2237 1270 2292 1325 iu
2330 1273 2479 1342 agris
2523 1282 2735 1328 metunt
2764 1294 2777 1330 :
2806 1284 2863 1330 et
2897 1274 3024 1328 dum
3060 1258 3319 1345 tanquam
3346 1289 3528 1349 tyran-

210 1350 372 1417 λέσω,
400 1351 693 1419 τέθεικεν,
729 1358 829 1410 καὶ
866 1358 1193 1433 Ἐλυτρὼσω
1215 1401 1232 1425 ,
1261 1362 1518 1436 καθάπερ
1547 1365 1796 1436 αἰχμαλιῦ

1943 1362 2052 1415 nica
2085 1363 2133 1416 vi
2161 1364 2400 1433 eripiunt
2432 1381 2461 1418 a
2498 1364 2701 1421 Sataua
2744 1369 3021 1433 seductos,
3054 1378 3108 1423 et
3140 1383 3238 1438 per
3275 1364 3433 1423 [idem
3463 1370 3529 1423 ad

206 1460 335 1507 to»;
371 1446 441 1498 ἐκ
465 1446 802 1514 πλεονεξίας
828 1449 1148 1523 διᾳϐολικῆς
1169 1455 1598 1526 γεγενημένους.
1627 1474 1645 1509 ι
1670 1452 1792 1512 Οὗτι

1945 1454 2188 1522 pietatem
2233 1457 2545 1525 traducunt,
2575 1462 2815 1531 gaudent
2847 1463 3003 1531 quasi
3045 1461 3140 1534 qui
3184 1462 3356 1533 spolia
3393 1462 3531 1517 divi-

204 1537 700 1611 εύφρανθήσονται
730 1542 970 1597 ἐνώπιόν
999 1562 1118 1611 σου,
1149 1547 1224 1610 ὠς
1246 1548 1295 1600 οἱ
1326 1548 1790 1620 εὐφραινόμενοιέ

1946 1548 2090 1602 dunt.
2141 1546 2356 1604 Etenim
2401 1550 2457 1604 hi
2502 1550 2656 1619 illos,
2705 1553 2780 1606 illi
2833 1555 2972 1610 alios
3027 1562 3442 1624 permoverunt,
3479 1562 3532 1609 et

200 1630 404 1702 ἀμητῷ
427 1649 443 1662 ·
480 1633 583 1686 καὶ
622 1634 686 1688 6v
723 1636 931 1708 τρόπον
972 1639 1023 1691 oi
1056 1638 1429 1711 διαιρούμενοι
1465 1640 1529 1694 τὰ
1566 1640 1758 1696 σκύλα.

1950 1639 2169 1709 singulis
2204 1642 2256 1695 iu
2290 1641 2504 1696 lucrum
2541 1645 2752 1699 cedunt
2772 1646 2825 1700 bi
2860 1646 2951 1714 qui
2986 1647 3188 1702 servati
3232 1654 3379 1709 sunt,
3409 1656 3467 1699 ut
3504 1658 3536 1697 e

197 1727 497 1800 Νοήσομεν
529 1731 593 1784 δὲ
628 1731 755 1805 διχῆ
800 1733 913 1787 τῶν
941 1735 1327 1805 προκειμένων
1351 1737 1453 1810 τὴν
1478 1737 1732 1809 δήλωσιν.
1766 1739 1783 1792 l

1946 1731 2080 1787 bello
2124 1734 2297 1803 spolia
2348 1736 2667 1793 victoribus.
2717 1740 2814 1794 Sin
2845 1740 2911 1794 de
2949 1738 3034 1794 his
3064 1740 3154 1808 qui
3187 1740 3532 1794 crediderunt

199 1818 308 1888 μὲν
338 1820 448 1892 γὰρ
480 1820 602 1876 εἷεν
629 1825 681 1876 οἱ
717 1823 1002 1879 θεσπέσιοι
1047 1826 1288 1900 μαθηταὶ
1324 1831 1375 1883 οί
1405 1830 1785 1902 εύφραινόμενι

1954 1830 2077 1883 stud
2114 1829 2257 1885 dirat
2286 1848 2301 1886 :
2334 1830 2722 1901 intelligemus,
2757 1848 2853 1887 eos
2891 1847 3013 1886 cum
3049 1833 3254 1886 erroris
3293 1842 3536 1901 tempore

120 1957 125 1961 .
189 1914 255 1965 ἐν
285 1913 520 1984 ἀμητῷ,
573 1915 675 1969 καὶ
721 1916 1098 1990 διαιρούμενοι
1147 1922 1343 1988 σκύλα,
1373 1923 1554 1994 φαμὲν
1577 1924 1661 1977 ὅτι
1704 1948 1706 1959 <

1946 1920 2143 1974 nullum
2178 1919 2416 1976 fructum
2445 1919 2673 1989 iustitia:
2706 1922 2990 1988 haberent,
3023 1922 3126 1976 hoc
3159 1922 3446 1976 credentes
3480 1921 3532 1976 in

183 2002 249 2068 ἐξ
274 2003 462 2059 ἐθνῶν
494 1996 865 2077 συλλέγοντες
897 2012 1153 2086 καθάπερ
1189 2013 1313 2069 τινὰ
1360 2016 1509 2069 σῖτον
1548 2016 1630 2079 είς
1680 2018 1769 2070 ἀπε

1948 2010 2217 2070 Christum
2249 2013 2586 2082 implevisse.
2614 2012 2716 2082 Qui
2747 2014 2912 2068 etiam
2940 2012 3069 2067 olim
3107 2014 3301 2067 vastati
3334 2021 3534 2068 etcum

182 2096 379 2168 θήκην
427 2099 799 2175 δεσποτικὴν,
851 2103 951 2157 καὶ
1001 2105 1105 2176 τῆς
1154 2106 1389 2178 ἀρχαίας
1441 2106 1768 2178 ἀποκείροντ

1946 2118 1973 2158 a
2011 2104 2294 2160 da‘moniis
2319 2114 2429 2159 tum
2467 2119 2496 2159 a
2527 2103 2734 2160 Sataua
2771 2104 2991 2173 direpti,
3019 2119 3115 2159 eos
3142 2105 3233 2174 qui
3263 2103 3532 2173 quondam

186 2186 440 2259 πλάνης,
492 2190 897 2263 εὐφραίνονται
947 2195 1093 2250 κατὰ
1134 2196 1229 2251 τὸν
1281 2194 1400 2252 ῐσον
1456 2198 1659 2270 τρόπον
1718 2216 1772 2252 το

1952 2198 2268 2268 spoliabant,
2304 2200 2630 2264 diviserunt,
2684 2207 2739 2254 et
2770 2211 2958 2252 eorum
2992 2197 3196 2252 malitia
3227 2197 3538 2266 superiores

186 2280 418 2351 ἀμιῖισιν
449 2283 515 2337 έν
550 2285 773 2356 ἀγροῖς.
803 2288 1149 2358 ἁρπάζοντες
1176 2290 1234 2344 δὲ
1262 2290 1521 2363 καθάπερ
1544 2292 1608 2344 ὲκ
1630 2307 1770 2363 τυρα

1947 2291 2290 2347 exstiterunt.
2335 2291 2523 2360 itaque
2562 2291 2737 2363 gavisi
2778 2300 2906 2346 sunt
2946 2299 3002 2345 et
3043 2290 3168 2360 ipsi,
3201 2291 3359 2345 sicuti
3407 2305 3533 2360 pro-

184 2377 353 2447 νικῆς
383 2377 725 2445 πλεονεξίας
751 2381 883 2445 τοὺς
908 2382 1301 2454 ἠπατημένους
1330 2384 1436 2439 ὑπὸ
1463 2382 1560 2438 τοῦ
1587 2385 1768 2438 Σαταν

1954 2385 2101 2438 )1ιοιιι
2153 2383 2306 2450 dicit,
2384 2393 2643 2453 tauquam
2685 2384 2777 2454 qui
2826 2384 3080 2439 laetantur
3122 2382 3180 2438 in
3233 2397 3431 2451 messe,
3485 2391 3540 2438 et

189 2469 286 2522 καὶ
346 2468 731 2540 μεθιστάντες
789 2473 877 2528 διὰ
938 2476 1040 2547 τῆς
1092 2476 1331 2541 πίστεως
1381 2479 1464 2541 είς
1521 2476 1775 2532 εὐσέϐεια

1521 2476 1830 2540 εὐσέϐειαν,
1941 2476 2399 2544 quemadmodum
2429 2475 2481 2529 hi
2515 2477 2604 2545 qui
2634 2477 2882 2530 dividunt
2910 2477 3105 2544 spolia.

186 2560 493 2632 χαίρουσιν
526 2564 611 2628 ὡς
639 2567 691 2619 οί
731 2567 1109 2641 διαιρούμενοι
1140 2570 1209 2623 τὰ
1243 2570 1435 2625 σκύλα.
1471 2571 1534 2624 Ol
1568 2571 1668 2643 μὲν
1707 2570 1818 2641 γὰρ
1846 2566 2093 2634 τούτους,
2138 2569 2187 2622 οἱ
2219 2568 2277 2623 δὲ
2306 2567 2557 2633 ἐκείνους
2597 2568 2850 2624 ἔπειθον·
2882 2574 2977 2626 καὶ
3007 2571 3225 2640 ἑκάστῳ
3257 2567 3449 2640 κέρδος
3486 2568 3537 2621 οἱ

185 2658 575 2727 σεσωσμένοι,
608 2659 869 2732 καθάπερ
922 2665 1040 2726 τοῖς
1081 2663 1394 2733 νενικηκόσι
1440 2662 1511 2717 τὰ
1541 2664 1608 2716 ἐκ
1641 2662 1736 2716 τοῦ
1768 2660 2010 2731 πολέμου
2046 2644 2238 2716 σκύλα.
2284 2662 2351 2716 El
2395 2662 2451 2716 δὲ
2482 2662 2548 2735 δὴ
2589 2664 2720 2736 περὶ
2751 2663 2861 2718 τῶν
2900 2666 3351 2720 πεπιστευκότων
3389 2665 3540 2737 είρῆ-

187 2752 328 2807 σθαι
375 2753 541 2823 λέγοι
601 2758 785 2823 ταυτὶ,
844 2759 1214 2831 ἐννοήσωμεν,
1259 2760 1342 2814 ὅτι
1378 2759 1522 2814 κατὰ
1562 2759 1656 2813 τὸν
1688 2757 1784 2812 τοῦ
1817 2755 2127 2813 πλανᾶσθαι
2161 2747 2381 2831 καιρὸν,
2419 2758 2633 2828 καρπὺν
2678 2760 2873 2814 οὐδένα
2916 2761 3265 2831 δικαιοσύνης
3300 2760 3539 2831 ἔχοντες,

186 2848 633 2920 πεπλουτήκασι
656 2852 852 2906 τοῦτον
890 2855 1325 2919 πεπιστευκότες
1358 2858 1438 2920 είς
1472 2854 1730 2926 Χριστόν.
1760 2852 1927 2906 Ἀλλὰ
1961 2852 2058 2906 καὶ
2087 2851 2260 2907 πάλαι
2291 2852 2656 2925 πορθούμενοι
2691 2855 2788 2909 καὶ
2820 2854 3252 2929 διαρπαζόμενοι
3289 2854 3443 2924 παρά
3478 2870 3541 2908 τε

188 2938 303 2992 τῶν
333 2940 651 3011 δαιμονίων
680 2944 779 2999 καὶ
806 2943 902 3000 τοῦ
931 2947 1168 3010 Σατανᾶ,
1199 2948 1522 3018 νενικήκασι
1540 2946 1630 3000 διὰ
1654 2943 1919 3019 Χριστοῦ,
1949 2944 2078 3007 τοὺς
2107 2943 2277 3000 πάλαι
2308 2945 2691 3014 σκυλεύοντας,
2721 2949 2817 3003 καὶ
2841 2949 3127 3020 κρείττους
3155 2947 3413 3016 γεγόνασι
3441 2947 3541 3017 τῆς

189 3034 435 3090 ἐκείνων
474 3038 832 3108 σκαιότητος.
873 3040 1087 3096 Οὐκοῦν
1114 3041 1502 3115 εὐφραίνονται
1524 3041 1619 3096 καὶ
1647 3040 1823 3106 αὐτοὶ,
1848 3039 1996 3095 καθά
2017 3056 2184 3111 φησιν
2212 3040 2241 3093 6
2264 3041 2569 3113 προφήτης,
2594 3041 2671 3107 ὡς
2703 3043 2753 3097 οἱ
2789 3043 3210 3116 εὐφραινόμενοι
3235 3044 3293 3096 ἐν
3321 3038 3542 3113 ἁμητῷ,

192 3133 295 3188 καὶ
314 3132 381 3187 ὃν
400 3134 620 3204 τρόπον
646 3138 697 3189 οί
720 3134 1094 3209 διαιρούμενοι
1119 3139 1315 3195 σκύλα.
2857 3124 2869 3147 ί

269 3227 431 3282 Διότι
461 3225 947 3296 ἀφαιρεθήσεται
986 3232 1019 3284 ό
1049 3228 1225 3302 ζυγὸς
1259 3233 1293 3285 ό
1335 3231 1429 3285 ἐπ’
1466 3228 1667 3285 αὐτῶν
1696 3225 1855 3286 xei-1

1998 3227 2157 3299 152
2188 3226 2348 3282 Vens.
2375 3226 2429 3281 4.
2452 3226 2591 3293 Quia
2619 3227 2833 3282 tolletur
2848 3226 3039 3297 jugum
3063 3226 3114 3295 ip
3142 3227 3188 3280 is
3207 3225 3540 3294 impositum,

196 3336 408 3390 μενος,
440 3319 547 3375 καί
582 3318 624 3386 ἠ
653 3318 885 3388 ῥάϐδος
917 3321 956 3389 ἡ
993 3320 1094 3375 ἐπὶ
1119 3320 1230 3375 τοῦ
1261 3320 1571 3391 τραχήλου
1605 3318 1782 3374 αὑτῶι

1956 3330 1984 3375 rt
2040 3324 2189 3391 virga
2231 3337 2349 3392 quw
2383 3338 2543 3389 super
2576 3320 2772 3375 callum
2825 3321 3084 3388 ipsorum.
3126 3316 3338 3387 Virgam
3400 3318 3542 3372 enim

212 3413 335 3481 Τὴν
377 3412 494 3484 τὰρ
539 3412 785 3483 ῥάϐδον
830 3412 953 3468 τῶν
994 3415 1419 3470 ἀπαιτούντων
1472 3414 1798 3471 διεσκέδασ

1955 3427 2244 3472 exacturum
2279 3417 2556 3484 dissipavit
2589 3413 2875 3481 Domitius,
2909 3413 3048 3468 velut
3085 3412 3142 3465 in
3172 3411 3260 3465 die
3292 3408 3541 3465 Madian.

215 3506 434 3574 Ki’ploc
462 3505 541 3572 ὡς
577 3504 658 3573 τῇ
692 3503 888 3574 ἡμέρᾳ
917 3504 993 3575 τῇ
1017 3506 1116 3560 ἐπὶ
1156 3505 1421 3576 Μαδιάμ.

300 3597 653 3671 Ἐλευθέρους
703 3599 868 3662 ὄντας
915 3601 1044 3663 τοὺς
1092 3600 1187 3653 ἐπὶ
1231 3600 1333 3672 τῆς
1380 3600 1521 3672 γῆς,
1576 3600 1673 3655 καὶ
1710 3600 1834 3655 κατ’

2009 3591 2145 3648 Cum
2174 3589 2332 3645 liberi
2363 3597 2547 3645 essent
2579 3589 2632 3643 in
2665 3596 2837 3654 terra,
2863 3596 2920 3642 et
2959 3586 3026 3641 ad
3071 3584 3368 3656 imaginem
3401 3583 3541 3639 divi-

210 3691 397 3747 εἰκόνα
416 3691 521 3764 τὴν
550 3693 711 3747 θείαν
740 3689 802 3747 εὖ
836 3692 984 3764 μάλα
1010 3694 1440 3765 πεποιημένους,
1474 3694 1796 3764 ὲκτισμένου

1957 3699 2067 3738 tam
2108 3683 2477 3753 pulcherrime
2525 3680 2816 3749 fabricati,
2861 3681 3210 3750 conditique,
3249 3688 3311 3733 ut
3362 3678 3543 3749 inquit

203 3802 287 3847 τε.
311 3783 469 3839 καθά
499 3801 675 3856 φησιν
701 3785 731 3838 6
775 3786 1050 3857 μακάριος
1077 3786 1310 3851 Παῦλος,
1341 3787 1437 3840 ἐπὶ
1467 3786 1650 3858 ἔργοις
1689 3789 1789 3857 ἀγα

1956 3785 2126 3830 tantus
2168 3772 2371 3830 Paulus
2391 3774 2463 3840 ",
2507 3774 2574 3828 ad
2622 3788 2791 3843 opera
2842 3771 2984 3827 bona
3035 3786 3157 3842 qua:
3208 3770 3542 3840 prarparavit

203 3874 341 3937 θοτς,
385 3868 478 3939 οἷς
522 3873 948 3946 προητοίμασεν
992 3878 1020 3930 6
1061 3874 1217 3940 Θεὸς,
1250 3877 1338 3931 ἵνα
1366 3879 1425 3931 ὲν
1455 3877 1644 3942 αὐτοῖς
1670 3895 1789 3952 περι

1955 3868 2113 3933 )eus,
2149 3878 2206 3922 ut
2245 3868 2298 3923 in
2337 3865 2445 3923 illis
2483 3865 3150 3937 ambularemusuiuvasit
3175 3878 3270 3920 eos
3301 3874 3356 3919 et
3396 3871 3541 3919 totos

198 3968 583 4039 πατήσωμεν,
628 3967 1122 4042 πεπλεονέκτηκεν⁸
1150 3970 1212 4023 οὐ
1245 3969 1484 4041 μετρίως
1516 3971 1547 4024 6
1575 3971 1676 4041 τῆς
1707 3971 1784 4025 ἀνι

1953 3958 2181 4016 Jossedit
2207 3959 2516 4029 iniquitatis
2547 3959 2820 4022 inventor,
2844 3965 2899 4013 et
2928 3972 2959 4011 a
2990 3957 3262 4012 charitate
3286 3958 3339 4011 in
3371 3957 3539 4011 Deum

199 4056 339 4127 μίας
375 4055 646 4130 εὑρετὴς,
683 4056 781 4111 καὶ
812 4056 915 4126 τῆς
943 4059 1025 4122 εἰς
1070 4057 1204 4112 Θεὸν
1237 4059 1553 4128 ἀποστήσας
1584 4058 1785 4127 ἀγάπη

1956 4068 2185 4117 uersos,
2221 4052 2441 4122 proprie
2470 4067 2601 4107 suos
2634 4054 2876 4107 cultores
2904 4050 3170 4115 reddidit,
3208 4064 3275 4105 ac
3307 4048 3542 4103 inevita-

202 4149 377 4212 ἰδίους
409 4150 723 4220 ἐποιήσατο
762 4147 1174 4220 προσκυνητὰς,
1214 4147 1615 4217 δυσδιάφυκτον
1647 4147 1788 4200 αὐτοὶ

1953 4140 2047 4197 uile
2080 4144 2290 4213 peccati
2318 4142 2510 4213 jugum
2542 4142 2823 4212 imposuit.
2848 4141 3040 4211 Itaque
3067 4140 3268 4195 misere
3291 4150 3539 4210 agentes,

202 4242 545 4315 ὲπαρτὴσας
594 4241 691 4294 τὸν
736 4243 841 4313 τῆς
891 4239 1172 4312 ἁμαρτίας
1215 4238 1407 4309 ζυγόν.
1469 4239 1788 4310 Πεπραχότο

1958 4234 2135 4305 iisque
2173 4235 2225 4290 in
2260 4235 2418 4289 malis
2450 4243 2697 4289 versatos
2725 4233 2959 4303 gentiles
2994 4233 3257 4297 maxime,
3283 4231 3542 4289 Christus

200 4338 392 4410 τοίνυν
434 4333 672 4399 ἀθλίως,
717 4334 813 4387 καὶ
878 4337 939 4388 ὲν
988 4332 1202 4397 τούτοις
1248 4334 1410 4395 ὄντας
1453 4334 1569 4396 τοῖς
1616 4332 1786 4385 κακοῐ

1956 4329 2164 4399 tripuit,
2200 4338 2255 4383 et
2290 4329 2357 4382 de
2400 4327 2614 4395 integro
2658 4327 2710 4379 in
2752 4325 3063 4379 libertatem
3093 4324 3408 4378 vindicavit.
3456 4322 3542 4378 ld-

208 4430 459 4501 μάλιστα
500 4428 635 4489 τοὺς
660 4426 723 4492 ἐξ
752 4425 927 4481 ἐθνῶν
952 4426 1227 4499 ἐρρύσατο
1252 4425 1511 4498 Χριστὸς,
1546 4425 1641 4479 καὶ
1668 4423 1794 4477 πάλι

1955 4422 2086 4477 :irco
2113 4422 2223 4475 ait:
2251 4438 2268 4472 t
2301 4418 2546 4474 Tolletur
2569 4420 2753 4488 iugum
2782 4418 2914 4485 ipsis
2942 4416 3278 4486 impositum,
3303 4425 3357 4471 et
3387 4416 3541 4486 virga

203 4523 503 4593 ἀπέφηνεν
526 4518 873 4591 ἐλευθέρους.
910 4517 1101 4594 Ταύτῃ
1120 4518 1202 4573 τοί
1230 4532 1427 4589 φησιν’
1468 4535 1486 4568 ι
1511 4514 1789 4588 Ἀφαιρεθτ

1955 4530 2061 4585 luat
2081 4523 2166 4569 est
2202 4513 2253 4566 in
2282 4512 2422 4567 collo
2453 4526 2666 4566 eorum.
2701 4528 2719 4563 ι
2752 4508 2976 4578 Virgam
3008 4520 3214 4575 autem,
3242 4508 3428 4572 credo,
3456 4509 3541 4565 di-

204 4631 370 4668 σεται
400 4614 433 4667 6
465 4609 636 4679 ζυγὸς
662 4611 693 4663 6
727 4610 815 4662 ἐπ’
842 4609 1028 4663 αὐτῶν
1052 4608 1331 4679 κείμενος,
1378 4606 1474 4662 καὶ¹
1502 4609 1537 4679 ἡ
1575 4604 1771 4678 ῥάϐδος

1957 4610 2046 4676 :it,
2077 4606 2163 4661 vel
2194 4615 2492 4674 sceptrum,
2528 4604 2632 4659 hoc
2662 4610 2767 4668 est,
2799 4615 3050 4671 regnum,
3090 4600 3295 4656 scilicet
3324 4599 3543 4655 Satanae

202 4704 422 4761 ἐπὶ.τοῦ
446 4702 732 4776 τραχήλου
758 4702 963 4757 αὐτῶν.
994 4720 1013 4754 ι
1049 4700 1274 4756 Ῥάϐδον
1302 4700 1360 4754 δὲ
1382 4696 1556 4772 οἶμαι,
1586 4698 1775 4769 φησὶν,

1954 4716 2005 4756 ιε
2037 4700 2447 4757 immundorum
2494 4696 2806 4766 spirituum,
2859 4694 2943 4749 vel
2980 4692 3121 4749 forte
3154 4693 3540 4749 necessitatem

200 4800 269 4853 τὸ
301 4799 624 4871 σκῆπτρον,
657 4796 805 4851 τοῦτ’
833 4795 971 4862 ἔστι,
1004 4795 1105 4867 τὴν
1154 4794 1460 4865 βασιλείαν,
1487 4792 1648 4864 δῆλον
1668 4791 1727 4845 δὲ
1750 4793 1786 4846 ει

1953 4811 2006 4851 ιε
2034 4793 2195 4849 veluti
2229 4793 2443 4863 plagam
2468 4800 2520 4846 et
2545 4788 2838 4859 ﬂagellum.
2859 4787 3090 4843 Coercet
3113 4789 3259 4841 enim
3291 4801 3412 4851 nos,
3444 4800 3539 4840 co-

202 4892 311 4964 τὴν
336 4891 442 4946 τοῦ
476 4891 718 4956 Σατανᾶ,
746 4889 781 4961 ἢ
813 4890 955 4960 τάχα
1002 4906 1106 4942 που
1144 4888 1244 4959 τὴν
1286 4888 1557 4957 ἀνάγκην,
1607 4886 1703 4941 καὶ
1733 4885 1788 4941 τι)

1952 4891 2126 4960 gitque
2156 4886 2221 4941 ad
2264 4899 2418 4940 suam
2464 4882 2797 4938 voluntatem
2832 4879 3156 4936 sceleratam
3192 4887 3247 4934 et
3277 4876 3538 4933 nefariam

203 4988 380 5041 οἱονεὶ
405 4985 635 5055 πληγήν
660 5000 720 5037 τε
751 4984 850 5037 καὶ
883 4982 1146 5053 μάστιγα.
1184 4980 1411 5053 Συνέχει
1438 4980 1549 5053 γὰρ
1580 4979 1729 5050 ἡμᾶς
1752 4996 1789 5033 εγ

1955 4995 2135 5051 agmen
2183 4977 2613 5038 daemoniorum,
2657 4988 2959 5042 eorumque
3003 4972 3390 5042 antesignanus
3441 4969 3541 5025 Sa-

206 5080 271 5133 τὸ
296 5081 514 5134 οἰκεῖον
545 5075 766 5148 θέλημα
791 5076 854 5130 τὸ
880 5075 1078 5147 μιαρὸν
1116 5075 1212 5130 καὶ
1237 5073 1468 5146 βέϐηλον
1494 5072 1604 5127 τῶν
1640 5072 1792 5143 δαιμι

1950 5085 2135 5140 lanas,
2177 5069 2471 5128 aﬂ'cctuum
2526 5069 2758 5137 imperio
2798 5083 2902 5133 ccu
2951 5066 3104 5135 virga
3146 5064 3536 5134 propemodum

207 5169 342 5226 νίων
369 5169 439 5224 τὸ
477 5169 703 5239 στίφος,
732 5168 831 5223 καὶ
861 5166 890 5220 6
931 5165 1137 5221 τούτων
1173 5167 1479 5239 ἡγούμενος
1505 5168 1534 5220 6
1564 5166 1793 5229 Σατανᾶς

1953 5167 2275 5230 verberans,
2323 5178 2461 5235 quos
2513 5162 2680 5216 menti
2727 5159 2993 5226 olfuudit,
3036 5158 3392 5227 animumque
3441 5157 3539 5211 iut-

208 5265 515 5337 μονονουχὶ
561 5263 751 5334 ῥάϐδῳ
795 5260 1124 5318 καταπαίων
1153 5264 1277 5326 ταῖς
1309 5260 1420 5315 τῶν
1447 5259 1639 5316 παθῶν
1672 5259 1794 5314 δυνο

1948 5261 2115 5328 pellit,
2143 5268 2202 5314 ut
2231 5273 2351 5327 quae
2381 5270 2489 5311 non
2524 5254 2650 5311 licet
2674 5252 2806 5309 velit
2835 5252 3036 5307 facere.
3065 5250 3356 5306 Excuticut
3383 5264 3534 5320 ergo,

210 5359 467 5422 στείαις,
505 5358 545 5413 ἃ.
580 5354 846 5428 ἐπιφέρει
886 5354 967 5426 τῷ
1005 5355 1103 5428 νῷ,
1151 5356 1247 5411 καὶ
1297 5353 1692 5420 καταϐιάζεται
1731 5352 1796 5426 τὴ

1951 5353 2154 5423 inquit,
2201 5351 2395 5422 jugum
2457 5346 2792 5420 tyrannidis,
2841 5355 2896 5402 et
2941 5343 3147 5415 virgam
3189 5358 3352 5413 quam
3397 5341 3537 5396 collo

211 5450 451 5523 καρδίαν
476 5450 650 5514 είςετὸ
680 5450 817 5521 δρᾷν
849 5448 1055 5503 ἐθέλειν
1079 5447 1117 5503 ἂ
1145 5447 1221 5520 μὴ
1258 5447 1440 5520 θέμις.
1480 5447 1797 5502 Ἀποσείσον

1947 5446 2348 5517 impendentem
2403 5456 2623 5512 semper
2674 5441 3019 5506 habuerunt,
3071 5436 3222 5494 velut
3267 5431 3533 5500 mancipia

208 5565 303 5602 ται
346 5545 557 5611 τοίνυν,
590 5546 755 5616 φησὶ,
790 5541 885 5596 τὸν
920 5543 988 5596 ἐκ
1019 5541 1337 5610 πλεονεξίας
1362 5541 1550 5611 ζυγὸν,
1590 5540 1686 5595 καὶ
1723 5538 1794 5612 μὴ

1946 5541 2059 5597 beri
2108 5538 2283 5610 plagis
2334 5535 2603 5606 subjecta.
2651 5533 2983 5590 Meutionem
3033 5545 3165 5585 vero
3213 5540 3404 5584 rursus
3449 5524 3532 5580 iu-

212 5639 310 5692 καὶ
345 5635 450 5709 τὴν
490 5637 717 5709 ῥάϐδον,
754 5636 823 5706 ἣν
856 5637 1157 5709 ἐσχήκασιν
1198 5635 1286 5689 ἀεὶ
1330 5634 1473 5690 κατὰ
1500 5632 1594 5690 τοῦ
1626 5637 1798 5708 τραχή

1944 5634 2165 5691 terserit
2210 5632 2458 5688 historia:
2497 5645 2619 5702 qum
2656 5629 2831 5699 posita
2866 5637 2953 5683 est
2993 5625 3046 5679 in
3081 5623 3221 5678 libro
3259 5617 3530 5709 Judicum.

211 5731 331 5795 ὶτυ,
387 5728 653 5801 καθάπερ
703 5728 921 5783 οἰκέται
974 5731 1095 5793 ταῖς
1141 5728 1234 5783 τοῦ
1280 5729 1543 5785 δεσπότου
1594 5732 1797 5801 πληγαὶ

1972 5730 2036 5785 lic
2069 5736 2250 5786 autem
2298 5740 2358 5784 se
2389 5725 2553 5782 habet
2583 5742 2597 5779 :
2635 5722 2770 5780 Cum
2805 5717 3222 5788 dereliquisseut
3264 5708 3534 5771 universi-

282 5891 328 5921 "
365 5889 569 5970 Ephcs.
599 5906 660 5955 lt,
696 5890 779 5945 10.
