4016 6534
483 414 586 471 9.5!

1485 404 1545 460 S.
1588 399 1868 459 CYBILLI
1908 394 2387 457 ALEXANDRINI
2422 394 2747 454 ARCHIEP.

3676 393 3785 448 932

490 529 620 583 tatis
649 526 819 582 Deum
868 524 1127 581 Israelita:
1180 519 1516 591 temporibus
1555 518 1833 582 Iudicum,
1867 516 1934 573 ad
1975 516 2096 572 im—

2229 512 2574 586 ιποκείμενοι.
2609 510 2905 583 Μέμνηται
2939 508 2998 564 δὲ
3036 510 3199 566 πάλιν
3247 510 3486 582 ἱστορίας
3526 503 3787 578 κειμένης

491 622 747 690 pietatem
778 633 990 673 morum
1027 613 1262 671 devoluti
1298 623 1452 674 sunt,
1482 609 2056 682 Deumque‘Opitulato

494 727 608 766 rem
649 725 711 761 ac
743 707 1009 763 vindicem
1050 704 1300 760 molestia
1344 701 1680 769 aﬁ'ecel‘unt,
1714 701 1872 757 idolis
1918 699 2088 766 allixi,

495 800 855 872 operibusque
906 812 1129 854 suarum
1182 810 1439 850 manuum
1472 793 1677 869 cultum
1705 792 2088 849 attribuentes.

499 894 635 949 llinc
673 890 983 947 Madiauitis
1028 888 1211 944 traditi
1247 897 1395 951 sunt,
1430 887 1521 956 qui
1547 886 1855 941 universam
1882 898 2070 940 eorum

500 996 702 1039 terram
734 981 1042 1054 depopulati
1073 988 1221 1045 sunt,
1254 981 1417 1036 urbes
1448 989 1504 1034 et
1531 976 1776 1042 castella,
1812 985 1865 1032 et
1893 991 2013 1045 qua:
2040 976 2095 1032 in

498 1075 644 1147 agris
690 1082 867 1138 erant,
905 1072 1271 1143 diripuerunt,
1325 1079 1646 1140 tantumque
1701 1070 1951 1125 timorem
1989 1070 2096 1123 mi-

499 1164 639 1219 seris
670 1162 1042 1227 incusserunt,
1067 1170 1127 1215 ut
1162 1159 1217 1216 in
1251 1160 1471 1230 rupibus
1496 1159 1882 1224 habitaverint,
1910 1167 1968 1215 et
2012 1159 2098 1213 in-

502 1268 755 1310 accessos
804 1259 1017 1307 montes
1058 1261 1440 1321 petrarumque
1470 1264 1668 1321 specus
1695 1248 1796 1304 sibi
1828 1249 2097 1319 pararint,

502 1346 735 1415 diraque
769 1358 833 1399 ac
872 1344 1128 1421 diuturna
1172 1342 1350 1398 inedia
1398 1339 1647 1409 oppressi
1696 1337 1922 1395 fuerint.
1960 1333 2101 1394 Gra-

504 1436 649 1491 viter
675 1446 854 1491 autem
887 1433 1203 1491 latiscentes
1236 1448 1300 1488 ac
1340 1432 1657 1487 laborantes
1689 1430 2103 1487 commiseratus

506 1524 674 1591 Deus,
710 1541 872 1580 manu
916 1539 981 1580 ac
1026 1525 1331 1581 ministerio
1364 1522 1640 1579 Gedeonis
1681 1521 1940 1587 asseruit,
2004 1521 2101 1591 qui

508 1619 833 1676 Madianitas
877 1620 1109 1688 devicit,
1155 1630 1213 1675 et
1259 1617 1588 1675 necessitate
1632 1616 1983 1687 impendente
2038 1630 2104 1670 ac

508 1711 658 1781 virga
694 1710 945 1767 lsraelem
986 1710 1256 1766 liberavit.
1300 1708 1376 1764 Ita
1408 1723 1538 1780 ergo
1571 1728 1591 1762 ι
1622 1708 1909 1778 dissipavit
1942 1705 2103 1778 153

508 1810 822 1860 exacturum
846 1803 1077 1876 virgam,
1107 1804 1249 1859 sicut
1278 1804 1332 1859 in
1366 1802 1455 1858 die
1484 1801 1739 1856 Madiam.
1775 1819 1794 1855 s
1830 1799 2104 1868 Quemad-

2194 608 2253 660 ὲν
2283 608 2350 678 τῇ
2382 605 2551 678 βίϐλῳ
2580 604 2691 660 τῶν
2718 603 2959 675 Κριτῶν.
2990 604 3148 657 Ἔστι
3175 603 3235 656 δὲ
3263 600 3426 673 αὕτη.
3455 600 3791 655 Καταλελοι-

2195 697 2359 762 πότες
2386 697 2497 769 γάρ
2531 698 2623 752 τὸν
2654 695 2761 752 τῶν
2793 696 2930 751 ὅλων
2963 695 3096 749 Θεὸν
3144 696 3194 748 οί
3232 695 3292 762 ἐξ
3333 693 3550 765 Ἰσραὴλ
3580 694 3639 745 ὲν
3671 694 3791 754 ταῖς

2196 788 2304 843 τῶν
2350 789 2572 862 Κριτῶν
2618 790 2895 862 ἡμέραις,
2933 789 3234 860 ἐτράποντο
3279 787 3417 859 πρὸς
3466 786 3795 855 ἀνοσιότητα

2197 885 2439 957 τρόπων,
2472 885 2566 938 καὶ
2586 884 2954 955 λελυπηκότες
2978 884 3039 937 οὐ
3071 883 3309 956 μετρίως
3332 881 3423 935 τὸν
3441 878 3799 951 ὲπαμύνοντα

2199 977 2355 1042 Θεὸν,
2399 976 2645 1042 εἰδώλοις
2691 976 3104 1050 προσκείμενοι,
3145 976 3240 1030 καὶ
3286 977 3397 1038 τοῖς
3446 973 3631 1045 ἔργοις
3680 970 3800 1023 τῶν

2206 1069 2353 1125 ίδίων
2382 1068 2584 1140 χειρῶν
2629 1069 3004 1142 προσάγοντες
3030 1066 3311 1139 λατρείας.
3364 1063 3555 1138 Ταύτῃ
3583 1079 3668 1117 τοι
3709 1063 3799 1115 δέ-

2200 1160 2382 1216 δονται
2414 1163 2526 1223 τοῖς
2558 1159 2938 1233 Μαδιηναίοις·
2981 1160 3033 1214 οῖ
3076 1162 3264 1216 πᾶσαν
3303 1156 3486 1213 αὐτῶν
3530 1155 3771 1225 κατεληῖ

2204 1252 2360 1318 ζοντο
2390 1251 2515 1323 γῆν,
2552 1252 2737 1317 πόλεις
2765 1269 2826 1306 τε
2856 1253 2953 1306 καὶ
3012 1250 3211 1324 κώμας
3250 1248 3668 1322 διαρπάζοντες,
3703 1247 3803 1300 καὶ
3920 1278 3937 1290 -

2204 1347 2272 1401 τὰ
2286 1347 2346 1401 ἐν
2364 1347 2577 1417 ἀγροῖς.
2604 1346 2718 1400 Καὶ
2743 1344 3004 1400 τοσοῦτον
3026 1345 3423 1416 ἐνεποιήσαντο
3448 1342 3564 1405 τοῖς
3589 1339 3803 1403 ἀθλίοις

2204 1438 2268 1494 τὸ
2288 1438 2471 1509 δεῖμα,
2490 1437 2632 1493 ὥστε
2663 1437 2759 1493 καὶ
2789 1436 2996 1509 πέτρας
3027 1435 3226 1500 αὐτοὺς
3252 1433 3471 1489 ἑλέσθαι
3495 1433 3800 1497 κατοικεῖν,

2208 1529 2303 1583 καὶ
2346 1529 2416 1584 τὰ
2452 1528 2700 1584 δύσϐατα
2724 1527 2833 1583 τῶν
2859 1527 3026 1599 ὀρῶν,
3066 1527 3164 1581 καὶ
3204 1527 3310 1591 τὰς
3357 1526 3467 1579 τῶν
3515 1523 3806 1595 σπηλαίων

2207 1618 2677 1692 περιεργάζεσθαι
2711 1616 3061 1681 καταδύσεις,
3109 1615 3291 1688 ἀγρίῳ
3329 1631 3393 1669 τε
3440 1615 3539 1669 καὶ
3602 1611 3807 1684 μακρῷ

2210 1710 2633 1767 καταθλίϐεσθαι
2688 1709 2856 1782 λιμῷ.
2907 1709 3282 1782 Κεκμηκότας
3346 1707 3405 1761 δὲ
3449 1707 3512 1760 οὐ
3565 1706 3808 1778 μετρίως

2220 1803 2373 1875 ὴλέει
2403 1802 2560 1869 Θεδς,
2587 1799 2707 1859 εἶτα
2741 1803 2985 1858 σέσωκεν
3016 1802 3215 1866 αὐτοὺς
3243 1801 3334 1855 διὰ
3357 1797 3542 1872 χειρὸς
3569 1796 3809 1863 Γεδεὼν,

510 1894 730 1951 modum
757 1897 902 1950 enim
939 1904 1066 1949 tunc
1109 1894 1439 1949 intolerabili
1477 1892 1769 1966 tyrannide
1808 1906 2104 1961 oppressos

2229 1912 2264 1960 ις
2301 1894 2556 1965 νενίκηκε
2605 1896 2732 1958 τοὺς
2785 1892 3195 1964 Μαδιηναίους,
3248 1890 3547 1963 ἠλευθέρου
3602 1905 3665 1942 τε
3720 1887 3815 1941 τὸν

510 1987 735 2057 eripuit,
769 1986 1052 2058 tyrannica
1088 1996 1247 2055 gente
1276 1986 1522 2055 expulsa,
1555 1986 1635 2041 sic
1664 1999 1758 2040 eos
1787 1993 2107 2059 exactorum

511 2078 665 2148 virga
695 2078 919 2148 depulsa
953 2086 1009 2133 et
1041 2076 1251 2147 abiecta
1297 2086 1489 2147 gentes
1512 2079 1881 2135 conservavit.
1934 2078 2108 2135 Erae-

2220 1988 2440 2059 Ἰσραὴλ
2511 1988 2610 2059 τῆς
2675 1986 3072 2058 ὲπηρτημένης
3129 1984 3315 2048 αὐτοῖς
3386 1982 3638 2052 ἀνάγκης
3716 1980 3815 2033 καὶ

2210 2078 2431 2152 ῥάϐδου.
2488 2077 2647 2133 Οὕτω
2673 2079 2855 2133 τοίνυν
2891 2077 3240 2134 διεσκέδασεν
3266 2078 3296 2130 6
3323 2074 3529 2147 Κύριος
3565 2073 3668 2145 τὴν
3701 2073 3812 2127 τῶν

516 2177 669 2224 tores
691 2183 821 2224 vero
840 2167 1074 2239 appellat
1099 2169 1277 2238 ipsum
1307 2167 1590 2233 Satanam,
1617 2167 1843 2239 ipsaque
1866 2182 1988 2222 cum
2016 2167 2107 2222 illo

2229 2171 2581 2226 ιπαιτούντων
2614 2172 2830 2243 ῥάϐδον,
2865 2172 2942 2235 ὡς
2970 2174 3036 2243 τῇ
3077 2170 3263 2244 ἡμέρᾳ
3303 2172 3371 2242 τῇ
3415 2169 3511 2223 ἐπὶ
3557 2167 3811 2238 Μαδίαμ.

514 2259 805 2325 daemonia,
848 2258 1049 2331 quibus
1102 2259 1191 2315 hic
1223 2272 1420 2330 scopas
1460 2259 1616 2329 quasi
1659 2260 1970 2329 propositus
2000 2268 2103 2325 est,

516 2360 580 2407 ut
614 2363 836 2426 peccata
868 2362 1131 2411 consueta
1162 2353 1319 2423 quasi
1362 2353 1714 2424 vectigalseu
1754 2353 2013 2407 tributum
2038 2350 2107 2405 ab

517 2446 835 2503 hominibus
860 2449 1102 2519 exigant.
1129 2446 1362 2504 Omnino
1392 2448 1539 2503 enim
1570 2447 1639 2504 ab
1657 2462 1727 2504 eo
1753 2446 1846 2516 qui
1874 2446 2104 2502 scortari

517 2538 658 2595 solet
687 2538 1100 2607 scortatiouem,
1143 2538 1212 2593 ab
1241 2553 1308 2595 eo
1341 2539 1434 2609 qui
1468 2537 1636 2594 furari
1686 2537 1827 2594 solet
1876 2538 2106 2602 furtum,

518 2640 577 2691 ut
604 2632 841 2703 suppilet
882 2642 1066 2689 vestes
1095 2633 1180 2687 vel
1225 2631 1440 2689 furetur
1474 2632 1818 2704 simpliciter,
1842 2641 1900 2687 et
1929 2646 1959 2685 a
1995 2631 2112 2686 sin-

519 2723 662 2795 gulis
691 2724 908 2780 demum
956 2724 1270 2782 hominibus
1313 2726 1368 2781 in
1408 2725 1611 2796 quibus
1636 2725 1826 2781 insunt
1856 2723 2108 2791 affectus,

521 2827 584 2868 ea
628 2828 750 2880 quae
797 2813 1093 2870 familiaria
1140 2815 1249 2871 illis
1296 2824 1428 2872 sunt
1468 2823 1526 2872 et
1566 2815 1742 2871 amica
1794 2822 2111 2885 reposcunt.

523 2901 705 2972 Unde,
751 2905 965 2976 opinor,
1007 2921 1178 2964 saera:
1204 2905 1427 2963 Littera:
1468 2908 1727 2976 quosdam
1770 2921 1959 2964 vocem
1999 2905 2117 2975 ejus

526 2998 618 3067 qni
672 2998 872 3053 tributa
902 2999 1070 3070 exigit
1104 3014 1210 3054 non
1239 2998 1544 3065 audientes,
1579 2999 1769 3056 beatos
1801 2999 2117 3069 praedicant.

2216 2263 2305 2327 Ὠς
2347 2261 2457 2334 γὰρ
2499 2262 2772 2337 ὲρῥύσατο
2802 2263 3084 2326 τότεητοὺς
3123 2264 3246 2326 ταῖς
3283 2262 3583 2333 άφορήτοις
3624 2260 3818 2314 πλεον-

2213 2351 2387 2418 εξίαις
2420 2353 2855 2425 ὲνησχημένους,
2882 2354 2944 2408 τὸ
2966 2352 3330 2408 πλεονεκτοῦν
3347 2352 3612 2418 ἐξελάσας
3633 2350 3813 2414 ἔθνος,

2214 2445 2359 2501 οὕτω
2394 2445 2605 2500 σέσωκε
2650 2448 2778 2511 τοὺς
2825 2446 2885 2513 ἐξ
2924 2446 3118 2511 ἐθνῶν,
3158 2446 3257 2518 τὴν
3296 2445 3405 2501 τῶν
3436 2444 3818 2500 ἀπαιτούντων

2216 2538 2417 2603 ἐλάσας
2450 2538 2668 2611 ῥάϐδον.
2695 2537 3092 2603 Ἀπαιτοῦντας
3125 2538 3186 2592 δέ
3211 2555 3399 2609 φησιν,
3429 2537 3593 2591 αὐτόν
3632 2553 3692 2590 τε
3720 2537 3815 2591 τὸν

2219 2631 2491 2698 Σατανᾶν,
2542 2633 2640 2686 καὶ
2674 2632 2745 2686 τὰ
2773 2631 3050 2702 δαιμόνια,
3079 2626 3165 2696 οἷς
3193 2632 3223 2684 6
3251 2630 3454 2696 σκοπὸς
3479 2630 3632 2702 καὶή
3665 2630 3821 2684 πᾶσα

2222 2724 2467 2796 σπουδὴ,
2536 2727 2597 2779 τὸ
2662 2725 2921 2780 ἀπαιτεῖν
2986 2723 3312 2796 ἀνθρώπους
3380 2722 3633 2795 καθάπερ
3693 2723 3824 2776 τινὰ

2223 2814 2451 2886 δασμὸν,
2471 2814 2506 2887 ἢ
2528 2815 2680 2880 τέλος
2707 2815 2807 2879 τὰς
2835 2816 3089 2887 συνήθεις
3116 2813 3416 2887 ἁμαρτίας.
3449 2813 3683 2885 Ζητοῦσι
3708 2815 3825 2884 γάρ

2225 2906 2442 2972 πάντως
2462 2947 2478 2973 ,
2510 2908 2622 2962 ἀπὸ
2658 2907 2760 2979 μὲν
2801 2909 2899 2962 τοῦ
2945 2908 3236 2981 πορνεύειν
3271 2908 3527 2970 είωθότος
3558 2907 3659 2979 τὴν
3685 2923 3825 2977 πορ-

2228 3001 2401 3067 νείαν,
2430 3001 2539 3055 ἀπὸ
2565 3000 2625 3054 δὲ
2657 2999 2752 3055 τοῦ
2792 3001 3049 3056 κλέπτειν
3099 3001 3199 3072 τὴν
3232 3000 3495 3072 κλεψίαν,
3553 2995 3720 3068 ἤγουν
3763 3000 3826 3051 τὸ

525 3090 856 3146 λωποδυτεῖν
890 3092 1099 3160 ἁπλῶς,
1142 3094 1235 3148 καὶ
1280 3095 1366 3164 ἐφ’
1400 3092 1635 3151 ἑκάστου
1687 3092 1797 3147 τῶν
1834 3091 1894 3147 ὲν
1938 3091 2170 3147 πάθεσιν
2218 3093 2420 3160 ὅντων,
2470 3092 2539 3147 τά
2582 3093 2734 3165 αὐτῷ
2781 3094 2986 3166 συνήθη
3030 3094 3125 3148 καὶ
3163 3094 3314 3164 φίλα.
3358 3093 3526 3148 Ὅθεν
3566 3086 3715 3163 οἴμαι
3762 3091 3825 3145 τὸ

526 3185 769 3260 Γράμμα
785 3186 846 3242 τὸ
892 3188 1038 3260 ίερὸν
1069 3187 1364 3262 μακαρίζει
1402 3188 1576 3256 τινὰς,
1607 3188 1684 3254 ὡς
1713 3188 1788 3260 μὴ
1819 3188 2164 3254 ἀκούσαντας
2193 3190 2292 3263 τὴν
2319 3190 2414 3245 τοῦ
2444 3190 2741 3262 φορολόγου
2776 3192 2985 3263 φωνήν.

600 3279 769 3335 Vens.
816 3279 881 3343 6,
934 3279 987 3333 ἲ.
1044 3279 1187 3346 Quia
1241 3296 1448 3335 omnem
1497 3279 1688 3334 stolam
1746 3285 2196 3350 congregatamc

529 3370 751 3441 fraude,
794 3382 843 3427 et
884 3383 1076 3428 vestem
1110 3390 1228 3427 cum
1264 3374 1681 3428 commutatione
1723 3373 2029 3439 restituent,
2078 3382 2125 3429 et

534 3464 707 3519 volent
747 3481 859 3519 esse
884 3467 1004 3535 igne
1032 3466 1313 3523 combusti.
1337 3464 1479 3530 Quia
1505 3482 1635 3532 puer
1662 3475 1817 3520 natus
1840 3476 1916 3520 est
1952 3466 2122 3531 nobis,

531 3564 585 3611 et
612 3556 759 3625 ﬁlius
793 3557 950 3612 datus
977 3568 1055 3611 est
1088 3558 1259 3623 nobis,
1294 3558 1449 3627 cujus
1486 3558 1816 3627 principatus
1851 3557 2026 3627 [actus
2053 3567 2129 3612 est

532 3662 693 3715 super
726 3648 1001 3702 humerum
1034 3648 1171 3718 ejus,
1200 3659 1247 3702 et
1286 3648 1558 3702 vocabitur
1595 3664 1783 3703 nomen
1809 3647 1922 3717 ejus
1954 3649 2130 3718 magni

535 3738 750 3792 consilii
780 3739 1038 3809 Angelus.
1098 3738 1212 3809 Ego
1261 3739 1401 3793 enim
1447 3738 1712 3793 adducam
1754 3755 1934 3806 pacem
1975 3756 2133 3807 super

532 3832 821 3902 principes,
845 3848 1025 3902 pacem
1050 3842 1096 3886 et
1134 3833 1419 3887 sanitatem
1448 3848 1654 3886 eorum.
1672 3830 1902 3902 Magnus
1928 3833 2130 3902 princi-

534 3934 694 3996 patus
725 3924 862 3993 ejus,
885 3935 933 3979 et
964 3926 1112 3994 pacis
1145 3924 1261 3994 ejus
1291 3941 1395 3979 non
1423 3927 1522 3979 erit
1551 3924 1676 3994 ﬁnis
1707 3938 1726 3978 :
1754 3942 1914 3994 super
1937 3926 2131 3981 solium

2306 3281 2425 3335 Ὅτε
2462 3278 2671 3336 πᾶσαν
2693 3280 2937 3349 στολὴν
2977 3279 3476 3351 ἐπισυνηγμένην
3508 3280 3691 3347 δόλῳ,
3726 3283 3829 3336 καί

2231 3371 2467 3441 ἱμάτιον
2481 3374 2612 3443 μετ’
2640 3372 2921 3443 ἀλλαγῆς
2940 3373 3350 3429 ἀποτίσουσιν
3367 3390 3380 3406 ·
3404 3374 3502 3428 καί
3534 3373 3832 3439 θελήσου-

2230 3477 2353 3525 σιν,
2407 3464 2461 3515 εὶ
2506 3461 2889 3532 ἐγενήθησαν
2940 3464 3367 3533 πυρίκαυστοι.
3415 3465 3537 3517 Ὅτι
3584 3464 3833 3519 παιδίον

2230 3553 2524 3624 ἐγεννήθη
2563 3555 2711 3625 ἡμῖν
2744 3556 2897 3623 υίὸς,
2935 3557 3034 3611 καί
3068 3555 3248 3625 ἐδόθη
3283 3557 3450 3625 ἡμῖν,
3483 3554 3554 3614 οὗ
3595 3560 3635 3627 ἡ
3667 3559 3832 3628 ἀρχὴ

2231 3646 2526 3716 ἐγεννήθη
2586 3648 2686 3702 ἐπὶ
2746 3648 2853 3703 τοῦ
2902 3648 3067 3719 ὤμου
3130 3650 3342 3717 αὐτοῦ,
3401 3650 3500 3704 καί
3554 3651 3835 3706 καλεῖται

2233 3740 2422 3809 ὄνομα
2445 3739 2636 3795 αὐτοῦ
2662 3740 2937 3812 μεγάλης
2956 3739 3198 3810 βουλῆς
3220 3741 3500 3813 ἄγγελος.
3545 3742 3688 3812 Ἐγὼ
3720 3744 3837 3811 τὰρ

2232 3831 2356 3897 ἄξω
2401 3832 2656 3902 είρήνην
2708 3832 2808 3886 ἐπὶ
2856 3832 3001 3899 τοὺς
3052 3832 3371 3904 ἄρχοντας,
3429 3833 3681 3904 εἰρήνην
3735 3836 3839 3889 καί

2233 3925 2467 3994 ὑγίειαν
2490 3922 2709 3979 αὐτῶν.
2740 3925 2986 3995 Μεγάλη
3019 3928 3058 3994 ἡ
3080 3927 3238 3997 ἀρχὴ
3261 3929 3471 3990 αὐτοῦ,
3621 3926 3734 3995 τῆς
3763 3931 3841 3982 εί-

538 4016 784 4080 Dauidis,
812 4026 862 4071 et
892 4032 1109 4085 regnum
1131 4016 1266 4086 ejus,
1294 4027 1350 4071 ut
1383 4025 1519 4071 recte
1547 4016 1686 4072 illud
1721 4018 2060 4073 administret
2082 4035 2119 4072 et

2229 4016 2428 4089 ρήνης
2463 4019 2653 4073 αὐτοῦ
2694 4020 2807 4074 οὐκ
2856 4019 3025 4073 ἔσται
3080 4023 3285 4090 ὄρρον·
3325 4021 3422 4075 ἐπὶ
3473 4021 3580 4074 τὸν
3612 4024 3842 4089 θρόνον

539 4108 852 4171 auxilietur,
876 4110 930 4163 in
949 4108 1163 4177 justitia
1188 4120 1237 4163 et
1264 4109 1320 4163 in
1339 4108 1551 4179 judicio
1578 4109 1636 4163 in
1664 4126 1868 4164 omnem
1885 4110 2134 4179 deinceps

542 4202 923 4257 aeternitatem.
960 4199 1119 4257 Zelus
1153 4201 1365 4257 Domini
1393 4201 1634 4259 Sabaoth
1665 4204 1786 4273 fecit
1820 4203 1955 4259 lucc.

612 4492 832 4549 Vocates
889 4500 1021 4549 sunt
1078 4493 1146 4547 ad
1197 4492 1532 4562 agnitionem
1603 4490 1976 4547 Emmanuelis
2039 4503 2138 4558 per

2236 4111 2417 4166 Δαϐίδ
2442 4113 2543 4168 καί
2572 4111 2690 4182 τὴν
2715 4114 3051 4178 ,βασιλείαν
3082 4114 3293 4180 αὐτοῦ,
3326 4113 3706 4182 κατορθῶσαι
3731 4117 3840 4169 αὺ-

2235 4207 2382 4275 τὴν,
2440 4205 2539 4260 καί
2591 4205 3018 4262 ἀντιλαϐέσθαι
3069 4205 3287 4276 αὐτῆς,
3339 4207 3411 4261 ἐν
3452 4205 3838 4276 δικαιοσύνῃ,

2237 4297 2339 4353 καὶ
2367 4296 2439 4351 ἐν
2467 4297 2723 4367 κρίματι,
2760 4298 2882 4354 ἀπὸ
2905 4298 3016 4353 τοῦ
3050 4298 3191 4365 νῦν,
3234 4299 3335 4354 καὶ
3362 4300 3452 4366 εὶς
3497 4298 3605 4353 τὸν
3648 4298 3841 4354 αἰῶνα

2239 4392 2494 4461 χρόνον·
2523 4393 2555 4445 ὀ
2584 4389 2767 4459 ζῆλος
2799 4393 3020 4460 Κυρίου
3057 4391 3303 4447 Σαϐαὼθ
3331 4392 3573 4459 ποιήσει
3621 4391 3837 4449 ταῦτα.

2313 4484 2594 4554 Κέκληται
2632 4484 2731 4554 μὲν
2759 4484 2839 4548 είς
2875 4484 3172 4553 ἐπίγνωσιν
3204 4485 3300 4540 τοῦ
3340 4484 3692 4557 Ἐμμανουὴλ
3752 4485 3843 4541 διὰ

546 4594 770 4642 sanctos
793 4584 1068 4654 apostolos
1105 4584 1351 4655 reliquis:
1391 4582 1636 4647 Israelis.
1679 4591 1888 4639 vocatae
1925 4590 2054 4636 sunt
2082 4596 2119 4635 et

2243 4576 2354 4629 τῶν
2378 4577 2552 4644 ἁγίων
2582 4578 2901 4632 ἀποστόλων
2943 4579 3005 4632 τὸ
3044 4578 3401 4650 κατάλειμμα
3441 4576 3538 4631 τοῦ
3581 4578 3839 4650 Ἰσραήλ·

544 4686 761 4750 gentes.
805 4678 1016 4747 Quippe
1060 4678 1315 4734 dicebat:
1375 4680 1542 4752 Regio
1583 4677 1847 4742 Zabulon,
1891 4684 1946 4730 et
1992 4684 2139 4731 terra

542 4768 922 4837 Nephtbalim;
979 4769 1175 4838 quibus
1214 4770 1410 4826 deinde
1460 4770 1665 4832 subdit,
1727 4764 1947 4823 Galilaea
2011 4779 2145 4837 gen-

544 4866 705 4925 tium,
742 4861 970 4931 populus
1012 4862 1101 4931 qui
1142 4862 1294 4917 sedet
1333 4863 1386 4916 in
1421 4861 1680 4925 tenebris,
1715 4858 1930 4912 videbat
1968 4857 2144 4914 lucem

544 4971 822 5025 magnam,
880 4954 1052 5010 lucem
1110 4956 1358 5010 videlicet
1391 4969 1488 5022 per
1520 4952 1822 5017 Christum,
1852 4949 1944 5020 qui
1984 4948 2146 5005 intel-

545 5046 787 5117 ligentia:
808 5045 927 5102 luce
952 5062 1055 5102 non
1083 5055 1295 5118 gentem
1317 5045 1670 5101 lsraeliticam
1688 5042 1823 5111 iam,
1846 5041 1942 5096 sed
1971 5051 2144 5098 totum

548 5151 821 5199 terrarum
855 5140 1047 5196 orbem
1079 5139 1382 5196 collustrat.
1412 5136 1568 5205 Quod
1612 5143 1792 5190 autem
1825 5133 2134 5190 collustrati

548 5232 747 5290 diaboli
794 5233 1015 5289 malitia:
1049 5230 1242 5303 jugnm
1273 5246 1476 5288 exuere
1528 5230 1848 5300 virgamque
1896 5226 2138 5300 eﬂ‘ugere

549 5324 836 5391 deberent,
879 5325 1037 5398 plene
1065 5321 1433 5387 conﬁrmavit,
1464 5336 1591 5377 cum
1621 5321 1771 5377 addit
1799 5338 1812 5375 :
1839 5320 2136 5390 Propterea

551 5417 775 5474 tolletur
798 5419 991 5490 jugum
1036 5417 1181 5487 quod
1208 5413 1318 5470 illis
1342 5414 1655 5485 impositum
1682 5421 1787 5481 est,
1814 5423 1869 5469 et
1899 5413 2048 5484 virga
2083 5412 2136 5467 in

550 5511 692 5567 collo
719 5525 930 5567 eorum.
962 5509 1177 5564 Atenim
1208 5505 1458 5561 videmus
1489 5506 1575 5561 bis
1603 5505 1693 5577 qui
1726 5514 1995 5561 creatura:
2025 5519 2142 5560 ser-

551 5606 706 5662 viunt
745 5614 801 5660 et
837 5619 1002 5674 opera
1037 5617 1294 5658 manuum
1326 5616 1548 5658 suarum
1578 5601 1828 5666 adorant,
1858 5600 2141 5657 diabolica:

552 5698 777 5754 malitiae
837 5697 1027 5769 iugum
1092 5694 1435 5762 incubuisse;
1492 5693 1749 5749 lsraelitis
1790 5694 1953 5747 etiam
1996 5691 2141 5762 (legis

552 5790 767 5859 pondus
811 5802 915 5843 non
954 5787 1257 5852 ferendum,
1286 5795 1341 5841 et
1376 5802 1515 5842 onus
1544 5801 1674 5841 vere
1708 5783 2135 5840 intolerandum.

556 5880 837 5952 Siquidem
892 5880 1034 5937 beati
1083 5878 1329 5951 discipuli
1382 5879 1849 5953 reprehenderunt
1893 5890 2007 5940 eos,
2052 5876 2143 5947 qui

542 6256 593 6391 Ξ

2247 4665 2544 4738 κέκληνται
2570 4666 2629 4719 δὲ
2658 4669 2752 4720 καὶ
2779 4667 2848 4721 τὰ
2879 4667 3032 4740 ἔθνη.
3058 4668 3169 4722 Καὶ
3201 4667 3333 4737 γοῦν
3359 4665 3597 4737 ἔφασκεν
3615 4682 3629 4699 ι
3667 4666 3845 4740 Χώρα

2243 4757 2531 4815 Ζαϐουλὼν
2555 4761 2649 4813 καὶ
2671 4762 2739 4831 γῆ
2770 4760 3119 4832 Νεφθαλείμ·
3147 4754 3269 4815 εἶτα
3297 4760 3508 4824 τούτοις
3532 4761 3842 4831 ἐπήγαγεν,

2244 4849 2507 4904 Γαλιλαία
2529 4850 2639 4904 τῶν
2683 4850 2855 4905 ὲθνῶν
2878 4867 2890 4880 '
2929 4854 2958 4905 6
2990 4852 3119 4916 λαὸς
3147 4852 3177 4905 6
3226 4851 3539 4922 καθήμενος
3572 4853 3628 4904 ἐν
3654 4851 3845 4905 σκότει

2243 4944 2362 5014 φῶς
2384 4941 2491 4997 εἶδε
2531 4944 2699 5014 μέγα,
2729 4944 2791 4998 τὸ
2823 4945 2915 4999 διὰ
2962 4945 3201 5018 Χριστοῦ
3233 4946 3478 5016 δηλονότι
3522 4949 3843 5015 καταφωτξ-

2245 5035 2431 5101 ζοντος
2456 5036 2682 5108 νοητῶς,
2716 5037 2817 5109 οὐχ
2850 5036 2909 5091 ἓν
2942 5037 3096 5103 ἔθνος
3126 5038 3209 5093 ἔτι
3236 5038 3299 5092 τὸ
3333 5038 3396 5103 ἐξ
3433 5039 3677 5111 Ἰσραὴλ,
3703 5039 3845 5111 σύμ-

2246 5147 2425 5186 πασαν
2454 5130 2513 5184 δὲ
2552 5130 2752 5203 μᾶλλον
2786 5131 2885 5204 τὴν
2927 5130 3019 5187 ὑπ’
3056 5131 3306 5203 οὐρανόν.
3340 5133 3463 5186 Ὅτι
3508 5131 3737 5205 ἔμελλον
3794 5136 3843 5187 oi

2247 5224 2655 5295 πεφωτισμένοι
2704 5223 2809 5295 τῆς
2829 5223 2928 5278 τοῦ
2967 5224 3222 5279 διαϐόλου
3262 5225 3589 5297 σκαιότητος
3635 5226 3843 5280 ἀποδύ-

2249 5318 2447 5373 σασθαι
2474 5315 2577 5373 τὸν
2602 5317 2784 5387 ζυγὸν,
2816 5318 3107 5389 διαφυγεῖν
3137 5336 3197 5374 τε
3227 5319 3327 5392 τὴν
3367 5319 3587 5392 ῥάϐδον,
3625 5320 3846 5393 πεπλη-

2251 5411 2526 5484 ροφόρηκε
2565 5412 2872 5485 προτιθείς·
2906 5413 3053 5467 Διότι
3093 5414 3528 5487 ἀφαιρεθήσεται
3555 5415 3585 5469 δ
3623 5414 3790 5485 ζυγὸς
3816 5417 3843 5467 6

2248 5504 2336 5560 ἐπ’
2353 5505 2536 5558 αὐτῶν
2564 5505 2837 5576 κείμενος,
2865 5506 2962 5559 καὶ
2989 5506 3236 5578 ήράϐδος
3268 5508 3302 5580 ἡ
3333 5508 3428 5561 ἐπὶ
3448 5506 3544 5563 τοῦ
3564 5507 3840 5579 τραχήλου

2247 5597 2448 5653 αὐτῶν.
2481 5598 2623 5652 Ἀλλ’
2655 5599 2873 5670 δρῶμεν
2888 5599 2971 5657 ὅτι
2998 5603 3112 5665 τοῖς
3131 5601 3231 5674 μὲν
3254 5603 3327 5674 τῇ
3345 5600 3524 5659 κτίσει
3550 5599 3841 5674 λελατρευ-

2247 5692 2368 5746 κόσι
2399 5693 2496 5745 καὶ
2535 5693 2650 5756 τοῖς
2685 5691 2869 5764 ἔργοις
2895 5693 3005 5747 τῶν
3048 5694 3198 5749 ίδίων
3234 5694 3436 5767 χειρῶν
3466 5710 3832 5766 προσκεκυνη-

2254 5783 2427 5847 κόσιν,
2459 5786 2488 5839 ὁ
2508 5784 2607 5855 τῆς
2632 5783 2945 5857 διαϐολικῆς
2975 5787 3299 5861 σκαιότητος
3322 5787 3630 5860 ἐπέρῥιπτο
3658 5787 3832 5855 ζυγός·

2253 5879 2363 5942 τοῖς
2395 5894 2454 5946 γε
2489 5875 2673 5950 μὴνὲξ
2716 5878 2930 5951 Ἰσραὴλ
2967 5879 3024 5934 τὸ
3060 5878 3151 5933 τοῦ
3187 5880 3351 5951 νόμον
3395 5879 3832 5951 δυσειακὸμιστοι
