4016 6508
152 398 269 453 253

1384 399 1457 457 ΙΝ
1492 401 1728 459 lSAlAM
1772 405 1900 462 LIB.
1946 407 1983 465 Ι.
2026 408 2238 473 ORAT.
2280 414 2342 471 ν.

3411 427 3516 483 254

152 523 365 595 ἄχθος,
398 522 505 578 καὶ
551 521 844 577 δύσοιστον
880 522 1105 595 ἀληθῶς
1142 524 1385 597 φορτίον.
1434 526 1546 580 Καὶ
1582 526 1715 595 γοῦν
1755 529 1809 582 oi

1917 541 2039 602 post
2076 534 2239 608 154Ι
2272 536 2430 593 (idem
2469 540 2537 594 ad
2573 540 2825 619 legalium
2871 543 3312 598 observationem
3353 560 3520 616 quos-

156 618 449 688 μακάριοι
483 617 743 690 μαθηταὶ
794 621 911 682 τοῖς
943 617 1084 689 μετὰ
1107 618 1208 690 τὴν
1234 619 1420 673 πίστιν
1448 620 1812 675 ἀναπείθουσι

152 728 327 775 τινας
364 711 442 765 τὰ
477 713 544 765 ἐν
577 711 736 783 νόμῳ
780 715 974 783 τηρεῖν
1023 713 1301 784 ἐπετίμων
1335 714 1608 784 λέγοντες
1644 733 1662 765 ι
1702 714 1812 769 Καὶ

156 805 268 861 νῦν
317 805 380 859 τί
426 804 739 876 πειράζετε
769 805 863 859 τὸν
893 806 1028 860 Θεὸν
1059 807 1331 860 ἐπιθεῖναι
1369 807 1536 877 ζυγὸν
1581 807 1675 862 ἐπὶ
1719 808 1811 863 τὸν

168 900 468 972 τράχηλον
494 898 613 953 τῶν
648 897 936 971 μαθητῶν,
964 898 1023 953 ὃν
1050 898 1174 953 οὔτε
1205 902 1392 971 ἡμεῖς,
1421 899 1545 954 οὕτε
1571 901 1622 954 oi
1652 900 1815 954 πατέ-

185 1009 290 1066 ρες
307 992 460 1064 ἡμῶν
480 989 797 1061 ἰσχύσαμεν
812 989 1084 1067 βαστάσαι
1104 1008 1118 1054 ;
1147 1011 1166 1043 ι
1187 991 1539 1063 Δυσφόρητος
1553 987 1649 1045 οὖν
1668 991 1812 1059 ἄγαν

186 1088 310 1150 τοῖς
354 1085 412 1152 ἐξ
454 1083 687 1157 Ἰσραὴλ
735 1087 767 1139 6
804 1085 903 1139 τοῦ
952 1085 1120 1157 νόμου
1170 1085 1372 1155 ζυγόςο
1407 1085 1502 1140 καὶ
1555 1086 1695 1157 πρός
1744 1101 1812 1155 γε

186 1178 350 1233 τοῦτο
373 1179 435 1233 τὸ
462 1177 551 1233 ἐτι
583 1176 1023 1252 φορτικώτερον,
1066 1180 1098 1251 ἡ
1137 1178 1250 1233 τῶν
1282 1178 1597 1252 Φαρισαίων
1624 1178 1813 1233 σκαιό-

186 1289 291 1341 της
314 1269 644 1342 συνέτριϐεν
680 1270 744 1325 οὐ
784 1269 1028 1342 μετρίως
1059 1269 1443 1343 συνθραύουσα
1484 1272 1606 1334 ταῖς
1633 1270 1813 1342 ἀπλη-

186 1367 389 1431 στίαις.
434 1365 933 1439 Ἐρασιχρήματοι
966 1364 1076 1437 γὰρ
1122 1366 1172 1419 οί
1224 1365 1324 1437 τῆς
1371 1365 1647 1420 Ἰουδαίων
1682 1381 1811 1418 συν-

183 1459 412 1530 αγωγῆς
434 1458 772 1531 ἡγούμενοι,
800 1458 1133 1513 καὶ-σκοπὸν
1154 1457 1372 1529 ἔχοντες
1391 1458 1488 1512 ἕνα
1514 1457 1574 1511 τὸ
1596 1474 1809 1511 παντα-

182 1553 341 1626 χόθεν
370 1552 698 1623 συλλέγειν,
733 1553 832 1607 καὶ
874 1550 1315 1617 καταϐιάζεσθαι
1342 1552 1470 1615 τοὺς
1504 1551 1612 1606 ὑπὸ
1651 1553 1813 1623 χεῖρα

177 1646 363 1711 λαούς.
404 1646 634 1701 Οὐκοῦν
664 1645 875 1718 πρέποι
917 1645 987 1698 ἂν
1016 1644 1114 1699 καὶ
1155 1644 1300 1716 μάλα
1339 1643 1517 1715 ὀρθῶς
1553 1644 1649 1697 καὶ
1684 1643 1813 1714 περί

186 1758 257 1810 γε
292 1740 403 1794 τῶν
442 1740 506 1808 ἐξ
565 1738 811 1812 Ἰσραήλ·
845 1757 865 1790 ι
900 1740 1024 1793 Ὅτι
1057 1738 1493 1810 ἀφαιρεθήσεται
1519 1740 1546 1791 6
1590 1735 1755 1806 ζυγὸς
1784 1739 1814 1791 6

176 1834 270 1888 ἐπ’
294 1833 486 1887 αὐτῶν
528 1833 815 1904 κείμενος,
848 1831 945 1885 καὶ
978 1832 1010 1902 ἡ
1043 1831 1239 1902 ῥάϐδος
1273 1833 1307 1902 ἡ
1350 1832 1444 1885 ἐπὶ
1474 1831 1569 1884 τοῦ
1606 1831 1814 1902 τραχή-

1915 623 2038 679 dam
2072 629 2447 696 perpulerunt,
2478 630 2765 688 dicentes:
2807 650 2825 684 ι
2868 634 2929 687 Et
2964 650 3106 688 nunc
3133 635 3261 704 quid
3294 636 3519 690 teutatis

1918 717 2124 785 Deum,
2160 730 2220 776 ut
2268 722 2563 793 imponatis
2615 723 2804 794 iugum
2849 729 3048 782 cervici
3099 728 3520 796 discipulorum,

1916 814 2059 883 quod
2099 828 2273 883 neque
2308 828 2405 869 nos
2435 829 2613 885 neque
2640 829 2824 886 patres
2856 820 3023 872 nostri
3063 829 3283 890 portare
3338 821 3519 890 potui-

1918 922 2039 960 mus
2063 905 2148 959 “‘4'
2175 925 2195 958 ι
2221 906 2567 962 Intolerabile
2597 909 2763 980 igitur
2789 912 3079 966 admodum
3108 912 3368 966 lsraelitis
3398 922 3521 968 erat

1923 1000 2063 1073 legis
2104 1000 2321 1072 jugum,
2356 1010 2411 1057 et
2442 1002 2586 1072 quod
2631 1005 2808 1060 adhuc
2842 1006 3064 1070 gravius
3090 1015 3198 1072 εει,
3234 1021 3329 1061 eos
3379 1006 3520 1061 Pha-

1915 1096 2201 1151 risaeorum
2243 1096 2449 1151 malitia
2488 1096 2632 1152 haud
2670 1098 3040 1163 mediocriter,
3081 1098 3380 1155 insatiabili
3416 1114 3517 1153 cu-

1915 1190 2142 1260 piditate
2181 1187 2436 1261 frangens
2474 1199 2529 1246 et
2560 1190 2895 1261 opprimens.
2942 1190 3115 1245 Erant
3159 1192 3306 1246 enim
3353 1206 3517 1262 pecu.

1915 1283 2129 1337 uiarum
2203 1296 2454 1338 amantes
2512 1280 2829 1339 Iudaeorum
2888 1299 3181 1357 synagogas
3238 1284 3516 1350 ductores,

1915 1389 2197 1444 unumque
2227 1375 2371 1431 hunc
2402 1391 2627 1447 scopum
2664 1391 2775 1447 prae
2828 1391 2887 1432 se
2932 1376 3225 1444 habentes,
3257 1384 3316 1430 ut
3349 1375 3519 1430 unde-

1914 1481 2131 1538 cunque
2166 1467 2519 1539 colligerent,
2565 1467 2933 1539 populumque
2974 1468 3255 1522 subditum
3308 1466 3521 1521 violen-

1917 1560 2143 1616 tissimis
2197 1559 2374 1615 modis
2423 1567 2747 1614 tractarent.
2801 1560 2991 1630 Itaque
3042 1558 3354 1615 rectissime
3411 1556 3518 1612 dici

1918 1651 2121 1721 poterit
2176 1650 2245 1704 de
2302 1650 2564 1708 lsraelitis
2613 1652 2779 1707 etiam
2822 1651 3119 1707 :Tolletur
3165 1651 3356 1722 jugum
3414 1649 3521 1704 illis

1916 1744 2257 1813 impositum,
2285 1752 2341 1798 et
2366 1746 2515 1814 virga
2542 1759 2662 1814 quae
2687 1755 2771 1800 est
2796 1745 2850 1799 in
2879 1744 3021 1801 collo
3047 1757 3264 1798 eorum.
3294 1742 3517 1813 Virgnm

1917 1847 2096 1891 autem
2157 1851 2444 1907 procerum
2508 1839 2867 1908 rapacitatem
2927 1840 3216 1892 nominare
3278 1836 3518 1900 videtur,

166 1926 266 1980 λου
313 1926 541 1981 αὐτῶν.
585 1945 605 1979 ι
643 1924 873 1980 Ῥάϐδον
895 1925 954 1979 δὲ
991 1923 1134 1978 κατά
1164 1924 1227 1978 τὸ
1272 1923 1441 1989 εἰκὸς,
1478 1923 1576 1995 τὴν
1604 1924 1670 1976 ἐκ
1701 1922 1811 1975 τῶν

1916 1931 2055 1999 quod
2108 1932 2352 1985 avaritiae
2402 1931 2678 2001 impendio
2730 1930 2897 1986 dediti
2947 1929 3170 1984 fuerint.
3232 1926 3385 1985 Hanc
3441 1931 3514 1982 ob

161 2016 514 2088 ἡγουμένων
546 2017 817 2088 ὀνομάζει
844 2016 1189 2083 πλεονεξίαν,
1215 2015 1390 2070 διάτοι
1417 2016 1478 2069 τὸ
1505 2013 1809 2069 ἀπονεῦσαι

159 2110 366 2175 δεινῶς
397 2112 488 2175 εις
516 2110 897 2184 φιλοκερδίας.
935 2108 1155 2180 Ταύτης
1187 2109 1352 2163 ἕνεκα
1382 2108 1485 2178 τῆς
1525 2106 1727 2170 αίτίας.
1759 2107 1810 2159 οἱ

162 2205 431 2271 δείλαιοι,
466 2205 573 2259 καὶ
606 2203 774 2259 αὐτὸν
797 2203 1135 2257 ἀπεκτόνασι
1167 2202 1259 2256 τὸν
1287 2202 1436 2255 Υίόν.
1475 2201 1672 2255 Καίτοι
1700 2200 1811 2273 γάρ

169 2300 386 2362 ἰδόντες
429 2298 522 2351 ὅτι
562 2295 731 2361 αὑτός
776 2296 926 2350 ἐστιν
959 2298 988 2350 6
1030 2290 1809 2373 κ).ηρονόμος,ιΕἶπανὲνὲαυ-

164 2395 308 2457 τοῖς,
339 2391 524 2463 φησίν
550 2406 567 2421 ·
665 2388 833 2442 Δεῦτε
868 2389 1288 2460 ἀποκτείνωμεν
1314 2388 1501 2452 αὑτὸν,
1539 2392 1634 2442 καὶ
1666 2387 1810 2458 σχῶ-

171 2502 277 2556 μεν
310 2485 547 2547 ἑαυτοῖς
591 2483 695 2556 τὴν
742 2479 1117 2553 κληρονομίαν
1155 2478 1347 2536 αὑτοῦ.
1398 2500 1417 2535 ι
1456 2481 1581 2536 Ὅτι
1628 2481 1810 2535 τοίνυν

164 2578 418 2650 δυσπόῆ
460 2577 564 2631 καὶ
609 2575 830 2630 ἀνόσιον
862 2575 1080 2646 ἔχοντες
1116 2575 1209 2630 τὸν
1250 2576 1344 2629 ἐπὶ
1401 2573 1539 2646 τῷδε
1582 2574 1809 2638 σκοπὸν,

161 2672 373 2743 ἥδιστα
413 2670 487 2726 ἂν
510 2671 630 2725 τῶν
658 2670 835 2724 ὅντων
859 2671 1050 2735 αὐτοίς
1085 2669 1348 2725 ἁπάντων
1386 2668 1692 2740 ὑπέμειναν
1712 2666 1812 2739 τὴν

164 2766 421 2838 ζημίανς
483 2764 518 2835 ἤ
565 2764 681 2819 ῑδον
715 2761 1110 2834 ὲπιλάμψαντα
1132 2762 1213 2834 τῷ
1244 2762 1438 2834 κόσμῳ
1470 2761 1564 2815 τὸν
1600 2760 1815 2830 Ἐμμα-

166 2861 362 2933 νουὴλ,
398 2858 755 2928 ύπεμφαίνει
789 2856 1004 2927 λέγων’
1033 2874 1053 2909 ι
1088 2858 1211 2910 Ὀτι
1236 2857 1420 2910 πᾶσαν
1458 2855 1653 2926 στολὴν
1692 2856 1814 2909 ἔπι-

171 2952 549 3025 συνηγμένην
604 2950 766 3022 δόλῳ,
828 2950 927 3005 καὶ
971 2950 1187 3022 ἱμάτιον
1242 2950 1384 3021 μετά
1433 2948 1809 3019 καταλλαγῆς,

167 3045 533 3109 ἀποτίσουσι,
574 3042 672 3098 καὶ
699 3042 1027 3115 θελήσουσιν
1066 3044 1114 3096 εί
1150 3041 1493 3115 ἐγενήθησαν
1533 3042 1802 3113 πυρίκαυο

172 3157 309 3195 στοι.
336 3139 473 3193 Ὅτι
491 3134 714 3191 παιδίον
735 3133 1002 3208 ἐγεννήθη
1029 3134 1305 3207 ήμῖν,υίὸς
1327 3135 1420 3188 καὶ
1442 3133 1600 3206 ἐδόθη
1619 3136 1808 3206 ἡμῖν.»

1913 2037 2135 2077 causam
2182 2023 2365 2077 miseri
2423 2022 2600 2090 ipsum
2651 2022 2814 2076 etiam
2848 2022 3045 2078 Filium
3098 2020 3517 2077 interfecerunt.

1913 2118 2236 2187 Quanquam
2258 2117 2402 2172 enim
2422 2116 2673 2173 sciebant
2695 2132 2816 2172 eum
2844 2131 2967 2173 esse
2996 2117 3287 2180 limredem,
3323 2133 3341 2166 ι
3365 2113 3519 2184 Apud

1913 2225 1972 2265 se
2008 2211 2294 2275 dixerunt,
2344 2210 2540 2280 inquit,
2584 2209 2816 2275 Adeste,
2881 2207 3194 2263 oecitlatnus
3252 2220 3413 2272 eum,
3468 2213 3519 2259 et

1912 2303 2214 2358 habeamus
2248 2302 2405 2357 nobis
2439 2301 2817 2356 htereditatem
2868 2298 2989 2369 ejus
3014 2300 3079 2352 ⁸⁷.
3116 2319 3135 2351 ι
3166 2297 3320 2365 Quod
3357 2297 3523 2367 igitur

1916 2396 2140 2466 impium
2195 2405 2250 2450 et
2294 2393 2565 2450 nefarium
2618 2394 2845 2463 scapum
2898 2390 3165 2447 habentes
3207 2386 3519 2443 Juda‘orum

1914 2489 2177 2559 prasfecti,
2203 2489 2456 2543 omnium
2488 2487 2755 2542 bonorum
2784 2500 3010 2540 suorum
3039 2485 3314 2554 iacturam
3347 2481 3523 2536 liben-
3586 2466 3598 2477 ’

1916 2582 2127 2637 tissime
2168 2581 2545 2651 pertulissent,
2582 2580 2764 2650 potius
2797 2593 2959 2649 quam
3002 2579 3252 2632 viderent
3297 2573 3522 2629 illucesa

1915 2682 2129 2727 contem
2188 2674 2393 2726 mundo
2444 2671 2878 2736 Emmanuelem,
2911 2667 3227 2723 subindicat
3279 2665 3517 2720 dicens:

1921 2784 1940 2818 ι
1972 2769 2199 2819 Omnem
2232 2762 2426 2818 stolam
2455 2772 2842 2832 congregatam
2873 2759 3018 2825 dolo,
3056 2768 3109 2814 et
3144 2766 3353 2811 vestem
3394 2770 3519 2810 cum

1924 2859 2357 2915 commutatione
2408 2856 2722 2922 restituent,
2756 2864 2811 2910 et
2862 2854 3044 2909 volent
3094 2852 3201 2923 igni
3248 2848 3521 2906 combuSti

1915 2969 2058 3009 esse.
2090 2951 2227 3020 Quia
2270 2966 2402 3022 puer
2435 2962 2598 3005 natus
2623 2959 2706 3004 est
2748 2948 2927 3015 nobis,
2956 2956 3009 3001 et
3057 2945 3201 3000 illius
3246 2945 3404 2997 datus
3438 2951 3524 2997 est

1917 3047 2092 3102 nobis.
2126 3065 2144 3098 ι
2172 3044 2246 3099 Ex
2267 3044 2390 3100 dolo
2419 3045 2564 3099 enim
2589 3053 2639 3096 et
2667 3040 2878 3107 fraude,
2911 3049 2967 3094 et
2998 3054 3064 3094 ex
3091 3039 3280 3103 iniquo
3306 3035 3515 3104 judicio

1915 3151 2081 3211 apum
2126 3147 2521 3194 coacervatum
2549 3133 2847 3199 cumulum,
2882 3131 3059 3200 inquit
3092 3147 3106 3184 :
3145 3137 3521 3183 verumtamen

183 3233 282 3286 Ἐκ
304 3231 473 3286 δόλου
511 3229 621 3303 μὲν
662 3228 774 3300 γὰρ
808 3228 904 3282 καὶ
935 3227 1174 3297 ἀπάτης,
1208 3229 1304 3282 καὶ
1342 3227 1452 3282 ἀπὸ
1478 3227 1575 3281 τοῦ
1602 3227 1811 3300 κρίνειν

1916 3230 2213 3301 iucundum
2278 3229 2383 3283 illis
2444 3238 2499 3282 ct
2553 3236 2767 3297 gratum
2826 3224 3051 3287 fuisset,
3112 3221 3276 3276 etiam
3339 3219 3519 3288 ipsum

176 3326 279 3378 οὐκ
313 3324 531 3396 ὀρθῶς,
568 3323 673 3395 τὴν
704 3322 815 3376 τῶν
837 3322 1144 3394 χρημάτων
1179 3322 1428 3394 ἄθροισιν
1458 3324 1809 3396 ἐποιήσαντο,

184 3416 385 3488 φησίν·
419 3415 541 3471 ἀλλ’
569 3414 674 3488 ἡδὺ
709 3414 805 3469 καὶ
847 3413 1004 3484 φίλον
1042 3415 1248 3480 αὐτοῖς,
1288 3416 1384 3470 καὶ
1427 3415 1593 3488 μέχρι
1635 3416 1814 3487 αὐτῆς

189 3510 291 3580 τῆς
343 3508 682 3581 περιστολῆς
736 3509 834 3561 καὶ
885 3507 996 3562 τῶν
1046 3509 1283 3581 ἱματίων
1342 3508 1481 3579 μετά
1535 3508 1812 3564 καταλλα-

188 3602 314 3673 γῆς,
354 3602 502 3657 τοῦτ’
526 3603 673 3665 ἐστι,
703 3603 849 3672 μετα
875 3600 1220 3674 προσθήκης,
1251 3600 1693 3673 ἀποπέμψασθαι
1718 3602 1813 3656 καὶ

188 3696 514 3762 ἀποϐαλεῖν,
567 3695 777 3767 μᾶλλον
816 3694 876 3748 δὲ
908 3693 1383 3767 φησὶνῄθέλησαν
1422 3694 1813 3767 καταφλεχθῆ-

177 3808 264 3845 ναι
290 3791 391 3845 καὶ
413 3765 587 3860 πυρὶ,
625 3783 1035 3859 δυσφοροῦντες
1073 3765 1244 3856 ἀγαν,
1266 3765 1358 3842 γὸτι
1394 3788 1611 3842 παιδίον

172 3886 312 3960 νήθη
343 3886 489 3957 ἡμῖν
528 3883 674 3949 υἱός.
724 3878 1171 3952 Πεπιστευμένοι
1200 3879 1312 3951 γάρ
1353 3879 1448 3935 τὸν
1487 3880 1815 3938 δεσποτικὸν

168 3977 520 4052 ἀμπελῶνα,
548 3976 688 4040 τοὺς
726 3973 983 4045 καρποὺς
1019 3971 1299 4045 ὴθέλησαν
1331 3972 1478 4045 ἔχειν
1520 3974 1678 4029 αὐτοὶ
1717 3975 1816 4031 καὶ

166 4073 356 4147 μόνοι,
408 4070 890 4144 προσκομίζοντες
948 4066 1028 4141 τῷ
1068 4067 1308 4140 δεσπότῃ
1335 4068 1397 4122 τὸ
1443 4067 1669 4143 σύμπαν
1718 4069 1815 4124 ού-

167 4167 286 4223 δέν.
332 4166 570 4223 Παιδίον
600 4164 657 4219 δὲ
689 4164 868 4233 λέγων
893 4161 1282 4233 γεγεννῆσθαι,
1308 4161 1577 4235 διελέγχει
1621 4162 1815 4233 σαφῶς

170 4261 275 4332 τῆς
307 4260 427 4315 τῶν
454 4256 789 4328 Μανιχαίων
813 4255 976 4326 δόξης
1003 4255 1064 4310 τὸ
1094 4255 1349 4327 ἀδρανὲς,
1381 4256 1431 4310 οἳ
1474 4255 1812 4327 παραιτοῦν-

167 4373 265 4409 ται
292 4354 511 4424 λέγειν,
545 4352 632 4405 ὅτι
659 4350 854 4420 γέγονε
890 4347 1028 4422 σὰρξ
1057 4351 1086 4403 6
1106 4349 1282 4419 Λόγος
1305 4365 1321 4380 ο
1357 4346 1505 4403 τοῦτ’
1539 4348 1679 4412 ἔστι,
1709 4348 1812 4418 τὴν

170 4446 340 4520 ἡμῶν
392 4444 690 4517 πεφόρηγε
725 4442 909 4514 σάρκα
950 4442 1018 4497 δι’
1046 4443 1197 4514 ἡμᾶς
1240 4441 1625 4514 οἰκονομικῶς.
1674 4442 1813 4496 Ἀλλ’

169 4542 225 4594 εί
260 4536 560 4612 βούλονται
587 4538 809 4607 φρονεῖν
847 4534 1049 4606 ὀρθῶς,
1081 4535 1176 4589 καὶ
1204 4535 1305 4608 τῆς
1344 4536 1557 4591 ἑαυτῶν
1584 4536 1814 4590 δυσόου-

1920 3324 2180 3378 amictqu
2210 3332 2265 3377 et
2299 3332 2502 3387 vestes,
2535 3336 2660 3375 cum
2709 3317 3136 3388 permutatione,
3170 3313 3224 3367 id
3255 3321 3363 3377 est,
3392 3325 3518 3364 cum

1916 3426 2168 3487 quaestu,
2216 3414 2490 3469 dimittere
2533 3422 2590 3466 et
2629 3409 2902 3481 abjicere,
2944 3407 3055 3461 imo
3103 3420 3269 3472 vero,
3320 3403 3519 3472 inquit,

1917 3508 2244 3563 maluissent
2281 3504 2527 3560 comburi
2559 3503 2725 3558 etiam
2760 3503 2913 3573 igne,
2954 3499 3242 3570 aegerrime
3276 3496 3518 3552 ferentes

1914 3614 2148 3671 puerum
2189 3611 2374 3652 natum
2427 3608 2553 3651 esse
2595 3592 2777 3660 nobis,
2806 3602 2860 3646 et
2906 3591 3077 3647 tilium
3116 3589 3303 3644 datum
3341 3586 3518 3642 nobis.

1916 3690 2126 3759 Quibus
2164 3688 2309 3744 enim
2356 3687 2551 3743 herilis
2591 3689 2762 3740 vinea:
2788 3697 2921 3740 cura
2965 3680 3257 3737 commissa
3311 3677 3517 3741 fuerat,

1916 3785 1974 3839 hi
2023 3783 2124 3838 soli
2173 3781 2385 3837 fructus
2435 3781 2539 3836 sibi
2591 3779 2848 3835 volebant
2900 3777 3138 3843 habere,
3193 3774 3328 3828 hero
3379 3770 3519 3826 nihil

1915 3892 2144 3951 prorsus
2166 3874 2487 3934 aﬂerentes.
2519 3874 2757 3931 Puerdm
2784 3881 2969 3929 autem
2992 3879 3179 3927 natum
3211 3885 3332 3923 cum
3362 3866 3517 3933 dicit,

1916 3972 2293 4028 inﬁrmitatem
2323 3968 2753 4025 Manicha'orum
2781 3965 3059 4035 opinionis
3098 3963 3383 4017 evidenter
3427 3974 3522 4015 co-

1914 4066 2117 4137 arguit,
2153 4065 2246 4136 qni
2292 4070 2529 4119 renuunt
2556 4062 2759 4126 dicere,
2790 4060 3030 4117 Verbum
3061 4070 3284 4113 carnem
3315 4054 3519 4108 factum

1914 4180 2060 4231 esse,
2092 4164 2144 4220 id
2178 4170 2285 4229 est,
2320 4169 2567 4216 nostram
2598 4172 2827 4214 carnem
2864 4165 3091 4228 propter
3124 4168 3225 4208 nos
3271 4158 3521 4221 portasse

1915 4270 2013 4326 per
2031 4254 2513 4324 dispensationem.
2539 4248 2705 4317 Atqui
2743 4246 2788 4301 si
2817 4255 2965 4301 recte
3001 4257 3194 4311 sapere
3221 4239 3518 4300 voluerint,

1914 4359 1971 4406 et
2018 4362 2176 4403 suam
2227 4347 2469 4417 ipsorum
2520 4340 2888 4397 temeritatem
2930 4339 3230 4400 damnare,
3278 4348 3345 4388 ne
3383 4346 3517 4386 con-

1916 4442 2204 4498 tumeliose
2272 4445 2593 4511 pervertant
2657 4436 2823 4489 verba
2898 4425 3180 4503 prophetae
3246 4425 3512 4489 dicentis

1923 4549 2157 4607 puerum
2225 4532 2385 4589 nobis
2448 4541 2637 4586 natum
2693 4542 2817 4584 esse
2862 4540 2878 4581 :
2928 4524 3017 4579 ubi
3074 4522 3277 4577 etenim
3339 4517 3520 4588 proles

162 4630 299 4693 λίας
327 4625 843 4699 καταψηφίζεσθαι,
879 4624 955 4697 μὴ
980 4624 1401 4698 ἀτιμαζέτωσαν
1419 4626 1521 4692 τὰς
1553 4626 1648 4681 τοῦ
1677 4645 1811 4699 προ-

1918 4644 2045 4684 vere
2082 4635 2211 4683 nata
2260 4634 2344 4682 est
2390 4639 2455 4681 ex
2508 4623 2760 4687 muliere,
2789 4619 2882 4691 qui
2930 4619 3083 4673 locus
3133 4629 3258 4669 esse
3301 4612 3519 4683 poterit,

168 4727 359 4795 φήτου
416 4721 645 4793 φωνὰς,
698 4720 912 4775 παιδίον
948 4720 1081 4792 ἡμῖν
1115 4720 1481 4794 γεγεννῆσθαι
1528 4721 1804 4793 λέγοντος.

169 4814 365 4869 Ὅπου
401 4814 520 4886 γὰρ
541 4813 704 4879 τόκος
732 4813 799 4867 ὲκ
836 4812 1101 4883 γυναικὸς
1126 4813 1369 4885 ἀληθῶς,
1401 4817 1556 4870 ποῖον
1592 4815 1660 4870 ἀν
1693 4816 1807 4889 ἔχει

168 4908 347 4964 τόπον
372 4908 437 4962 τὸ
481 4907 703 4978 δοκήσει
748 4905 846 4961 καὶ
875 4907 1026 4978 σκιᾷ,
1058 4908 1151 4962 καὶ
1179 4908 1256 4972 ὼς
1295 4910 1355 4963 ὲν
1399 4909 1591 4981 μόναις
1633 4913 1809 4965 εἰπεῖν

175 5001 526 5073 φαντασίαις
575 4999 908 5072 γεγενῆσθαι
960 4998 1061 5073 τὴν
1094 5000 1433 5074 ἐπιδημίανς
1484 5002 1626 5073 πλὴν
1675 5004 1808 5075 ἡμῖν

174 5095 433 5152 δεδόσθαι
470 5092 609 5166 φησὶ
634 5093 728 5147 τὸν
756 5093 893 5148 υἱόν.
925 5092 1122 5162 Γέγονε
1144 5093 1254 5166 γὰρ
1285 5093 1576 5167 ἅνθρωπος
1603 5096 1633 5150 ὁ
1650 5113 1810 5167 μονο-

171 5189 349 5262 γενὴς
392 5187 494 5241 τοῦ
543 5185 682 5241 Θεοῦ
714 5187 892 5256 Λόγος
917 5186 980 5241 οὐ
1021 5185 1090 5240 δι’
1128 5185 1342 5256 ἑαυτὸν,
1382 5188 1718 5244 ἀνακαινιῶν
1753 5189 1811 5245 δὲ

175 5282 393 5356 μᾶλλον
414 5280 488 5335 τὰ
517 5277 644 5334 καθ’
670 5280 823 5351 ἡμᾶς
841 5279 924 5344 είς
948 5279 1010 5334 τὸ
1037 5279 1135 5334 ἀπ’
1163 5280 1361 5354 ἀρχῆς,
1387 5282 1482 5335 καὶ
1510 5282 1613 5355 τῆς
1641 5283 1814 5339 ἀπάν-

171 5394 292 5431 των
326 5373 482 5445 ζωῆς
510 5371 861 5445 ἀντίλυτρον,
900 5371 963 5426 τὺ
998 5371 1132 5427 ἴδιον
1163 5373 1330 5445 σῶμα
1352 5376 1709 5449 προσκομιιῖΝ
1732 5379 1814 5443 εἰς

174 5468 363 5544 ὀσμὴν
381 5468 620 5533 εὐωδίας
640 5466 723 5538 τῷ
744 5465 866 5538 Θεῷ
888 5465 988 5520 καὶ
1014 5467 1214 5538 Πατρί.
1235 5467 1575 5540 Γεγενῆσθαι
1594 5469 1654 5524 δέ
1674 5488 1811 5543 φησι

177 5561 282 5635 τὴν
298 5560 482 5633 ἀρχὴν
509 5557 682 5615 αὐτοῦ
700 5559 795 5613 ἐπὶ
806 5557 904 5612 τοῦ
924 5558 1079 5630 ὤμου
1097 5560 1285 5625 αὐτοῦ,
1304 5559 1557 5617 καὶδοκεί
1578 5564 1678 5635 μέν
1702 5581 1811 5619 τισι

178 5653 429 5710 τοιοῦτόν
470 5672 526 5708 τι
588 5655 756 5707 νοεῖν.
802 5652 1026 5725 Ἐπειδὴ
1076 5653 1209 5723 γὰρ,
1250 5658 1440 5725 φησὶν,
1491 5656 1672 5728 ἑαυτῷ
1717 5658 1810 5712 τὸν

183 5748 424 5823 σταυρὸν
453 5748 540 5811 είς
584 5744 774 5818 ῶμους
831 5744 972 5816 ἔχων
1007 5749 1047 5802 6.
1070 5746 1275 5819 Κύριος
1330 5747 1490 5819 ἡμῶν
1537 5750 1745 5821 Ἰησοῦς
1779 5752 1809 5805 6

256 5900 301 5933 ⁸⁵
328 5908 667 5977 Αιί.Χν,ιο.
753 5908 796 5938 ’⁷
826 5906 1015 5964 Matth.
1053 5923 1163 5976 κει,
1200 5907 1289 5965 53.

1921 4720 2081 4794 155
2115 4720 2373 4790 opinione
2421 4724 2478 4772 et
2513 4715 2703 4770 umbra
2754 4711 2841 4768 vel
2873 4710 2989 4767 sola
3020 4707 3201 4778 specie
3230 4706 3522 4759 adventum

1916 4818 2034 4887 ejus
2060 4813 2272 4871 fuisse?
2317 4810 2521 4866 Verum
2554 4807 2687 4865 dicit
2721 4806 2882 4863 nobis
2925 4805 3112 4860 datum
3156 4813 3279 4856 esse
3327 4797 3519 4850 lilium.

1915 4911 2116 4966 Factus
2142 4907 2386 4963 esteuitn
2414 4904 2578 4960 homo
2604 4900 2942 4971 unigenitum
2981 4896 3075 4951 Dei
3117 4892 3375 4957 Verbum,
3415 4902 3524 4944 non

1916 5012 2141 5073 propter
2165 4999 2426 5070 seipsum,
2444 4997 2551 5053 sed
2563 4995 2743 5067 potius
2767 4998 2826 5046 ut
2850 4999 3093 5047 nostram
3117 4983 3516 5046 conditionem,

1918 5095 2081 5152 sicuti
2118 5092 2222 5148 fuit
2249 5108 2279 5146 a
2307 5090 2601 5162 principio,
2646 5093 3012 5149 restauraret,
3061 5089 3115 5137 et
3167 5089 3227 5134 ut
3274 5076 3524 5134 omnium

1916 5191 2045 5247 vitae
2078 5188 2317 5261 pretium
2376 5200 2441 5241 ac
2497 5181 2929 5252 redemptionem
2989 5191 3147 5233 suum
3176 5187 3378 5245 corpus
3413 5169 3529 5228 Deo.

1914 5292 1971 5340 et
2003 5281 2148 5338 Patri
2177 5282 2229 5336 in
2266 5279 2491 5337 odorem
2520 5277 2811 5335 suavitatis
2846 5272 3094 5330 offerret.
3132 5267 3363 5326 Factum
3389 5281 3527 5322 vero.

1916 5374 2279 5447 principatum
2307 5373 2424 5444 ejus
2463 5373 2541 5451 ait
2575 5384 2740 5440 super
2768 5367 3056 5423 humerum
3086 5363 3227 5436 ejus,
3271 5360 3522 5417 videtu‘r-

1918 5484 2025 5540 que
2047 5467 2326 5525 nonnullis
2356 5464 2664 5536 huiusmodi
2695 5462 2973 5536 quidpiam
2996 5460 3343 5530 intelligere:
3372 5453 3524 5520 Quo-

1922 5563 2069 5619 niam
2094 5563 2261 5629 enim,
2290 5561 2486 5632 inquit,
2505 5574 2724 5616 crucem
2742 5567 2968 5629 portans
2992 5553 3238 5612 humeris
3260 5548 3529 5605 Dominus

1921 5654 2288 5715 noster-Iesus
2308 5656 2579 5720 Christus,
2605 5654 2671 5710 ad
2695 5654 3000 5724 passionem
3029 5646 3321 5703 Salutarem
3346 5642 3527 5713 venit,

1919 5767 1973 5811 et
2008 5753 2278 5812 exaltatus
2329 5763 2430 5819 (ει,
2485 5762 2538 5806 ct
2591 5749 2775 5807 urbem
2838 5755 3105 5803 terrarum
3152 5757 3249 5815 per
3277 5739 3529 5813 seipsunt
