4016 6462
163 340 278 396 257

1359 334 1428 390 IN
1469 333 1709 390 lSAlAM
1749 332 1880 390 LIB.
1925 333 1964 390 Ι.
2003 332 2216 389 OBAT.
2260 333 2351 390 Vl.

3409 329 3517 388 258

166 465 322 517 ἔστιν
354 459 391 528 ἡ
437 456 775 517 ἀνάστασις,
812 452 965 525 καὶὴ
1000 451 1136 524 ζωὴ,
1163 451 1304 516 τινος
1342 453 1410 508 ἂν
1439 453 1633 528 ἐδεήθη
1672 454 1809 528 πρὸς

1930 451 2112 508 liebus
2160 453 2417 508 excitabo
2462 451 2594 509 illud
2639 453 2706 508 ".
2758 471 2776 506 ›
2828 451 3072 523 Regnum
3128 464 3260 507 vero
3309 452 3518 510 Christi

168 549 528 622 ζωοποίησιν
558 550 592 620 ή
629 547 778 618 {cui};
809 547 922 600 Kal.
957 547 1006 623 εἰ
1026 545 1095 598 τὰ
1121 544 1228 598 τῶν
1259 546 1462 618 ἑτέρων
1487 547 1810 621 ὲγηγερκὼς

164 648 372 718 ὁρᾶται
426 640 675 714 σώματα
703 640 935 709 δυνάμει
967 637 1133 691 πάλιν
1165 636 1293 710 ἰδίᾳ,
1333 637 1450 702 πῶς
1479 638 1544 693 ἂν
1574 640 1674 693 οὐκ
1711 640 1809 694 ἀν-

167 742 376 810 έστησε
414 734 521 788 καὶ
558 733 670 805 πρό
695 749 760 801 γε
781 731 893 784 τῶν
914 730 1090 786 ἄλλων
1111 729 1173 784 τὸ
1209 730 1380 798 ῖδιον;
1405 731 1621 793 Καίτοι,
1649 731 1806 802 φησὶ,

173 833 318 905 πρὸς
376 827 683 890 Ἰουδαίους
724 825 893 889 αὑτός
918 842 931 853 ·
979 842 997 875 ι
1038 824 1253 878 Λύσατε
1292 825 1383 877 τὸν
1419 825 1547 878 ναὸν
1595 825 1806 891 τοῦτον,

183 928 284 981 καὶ
314 926 371 977 ὲν
397 921 584 995 τρισὶν
618 919 865 994 ἡμέραις
891 917 1069 990 ἐγερῶ
1089 918 1274 972 αὐτόν.
1318 935 1338 968 ι
1369 917 1492 971 Ὅτι
1517 917 1624 989 γὰρ
1648 916 1807 971 ἀκλό-

193 1021 410 1091 γητοςή
459 1013 729 1088 βασιλεία
773 1011 871 1067 τοῦ
905 1011 1144 1083 Χριστοῦ
1180 1011 1274 1064 καὶ
1310 1009 1375 1063 τὸ
1411 1010 1810 1082 ἐρηρεισμένον

195 1115 388 1184 ἔχουσα
415 1109 512 1164 διὰ
539 1108 754 1171 παντὸς
782 1105 1050 1169 διδάσκει,
1081 1103 1289 1173 λέγων·
1307 1123 1324 1155 ι
1343 1103 1575 1174 Μεγάλη
1603 1106 1636 1175 ή
1664 1103 1808 1177 ἀρχὴ

195 1205 375 1269 αὑτοῦ,
427 1203 532 1257 καὶ
567 1203 674 1274 τῆς
735 1201 964 1274 εἰρήνης
1011 1197 1178 1253 αὑτοῦ
1232 1199 1335 1251 οὐκ
1382 1195 1528 1251 ἔστιν
1577 1198 1746 1268 ὂριον.
1785 1216 1804 1250 ι

194 1297 358 1371 Ἦρξε
409 1298 525 1369 γὰρ
558 1295 754 1350 οὐκέτι
811 1295 983 1365 μόνης
1026 1295 1126 1362 τῆς
1173 1292 1456 1356 Ἰουδαίας,
1490 1291 1711 1362 ἁπάσης
1753 1291 1811 1345 δὲ

192 1392 388 1462 μᾶλλον
418 1389 528 1460 τῆς
576 1390 672 1442 ὑπ’
707 1389 960 1461 οὐρανόν.
1009 1389 1119 1442 Καὶ
1158 1387 1313 1450 τέλος
1361 1390 1463 1442 οὐκ
1513 1387 1667 1441 ἔσται
1710 1388 1810 1459 τῆς

190 1485 313 1552 παρ’
341 1485 507 1556 ἡμῶν
544 1483 1011 1555 προσφερομένης
1044 1483 1197 1554 αὑτῷ
1223 1485 1468 1556 εἰρήνης.
1513 1481 1811 1556 Εἰρηνεύο-

190 1596 284 1648 μεν
314 1577 430 1649 γάρ
465 1578 614 1648 πρὸς
656 1577 844 1638 αὑτὸν,
892 1576 1040 1648 αὐτῷ
1073 1577 1510 1648 προσκυνοῦμεν,
1540 1577 1616 1640 ὼς
1651 1576 1808 1648 ἔφην,

186 1672 280 1724 καὶ
311 1671 382 1724 δι’
426 1670 602 1725 αὑτοῦ
637 1671 733 1725 καὶ
777 1673 836 1724 ὲν
874 1669 1025 1742 αὑτῷ
1052 1669 1131 1740 τῷ
1168 1669 1290 1740 Θεῷ
1330 1671 1426 1724 καὶ
1457 1669 1656 1740 Πατρί.
1701 1669 1813 1722 Καὶ

186 1763 282 1833 τὴν
314 1761 413 1816 τοῦ
445 1763 698 1834 πολέμου
731 1760 992 1834 πρόξενον
1024 1763 1308 1833 ἁμαρτίαν
1327 1763 1391 1816 ἐκ
1418 1763 1586 1833 μέσου
1610 1763 1807 1825 ποιεῖν,

1920 546 2144 600 omnino
2201 543 2368 600 ﬁxum
2420 555 2474 601 et
2527 545 2742 600 ﬁrmum
2799 561 2923 601 esse
2978 546 3159 610 docet,
3209 563 3331 602 cum
3383 548 3460 603 ait
3502 567 3516 604 :

1925 655 1944 688 ι
1991 635 2218 707 Magnus
2256 637 2596 708 principatus
2631 636 2751 706 ejus
2777 678 2792 704 ,
2839 646 2894 693 et
2935 637 3086 706 pacis
3111 637 3229 705 ejus
3276 655 3384 692 non
3414 639 3521 694 erit

1921 729 2064 786 linis.
2111 749 2131 782 ι
2168 729 2284 784 Νοιι
2316 729 2461 784 enim
2495 729 2592 783 soli
2626 728 2827 784 Judaeae
2849 769 2864 794 ,
2923 731 3018 785 sed
3061 731 3157 785 toti
3192 731 3312 786 orbi
3341 738 3520 786 terra-

1920 840 2040 878 rum
2079 825 2390 892 imperavit.
2451 821 2564 878 Nec
2610 823 2734 878 linis
2788 823 2893 878 erit
2922 824 3106 892 pacis,
3141 839 3262 893 qua:
3288 839 3320 878 a
3362 823 3519 878 nobis

1921 918 1998 973 illi
2033 917 2283 973 aﬂ‘ertur.
2319 916 2519 972 Pacem
2553 916 2699 970 enim
2739 930 2865 985 erga
2893 932 3015 969 eum
3055 917 3317 971 habemus
3351 919 3521 970 :ado-

1921 1024 2110 1064 ramus
2159 1024 2306 1075 eum,
2354 1017 2414 1061 ut
2455 1007 2591 1074 dixi,
2652 1007 2733 1061 sic
2789 1013 2846 1061 et
2895 1022 2992 1076 per
3023 1007 3199 1072 illum,
3232 1018 3289 1062 et
3334 1009 3388 1063 in
3428 1008 3520 1062 illo

1920 1103 2090 1158 Deum
2121 1116 2186 1157 ac
2235 1100 2482 1156 Patrem.
2523 1100 2589 1154 Et
2625 1107 2910 1169 peccatum
2967 1100 3109 1154 unde
3154 1101 3356 1155 bellum
3389 1119 3521 1157 con-

1919 1198 2107 1251 ﬂatum
2140 1206 2193 1251 et
2223 1203 2406 1250 ortum
2447 1204 2552 1261 est,
2594 1195 2966 1248 exterminare
2992 1194 3271 1248 debemus.
3292 1194 3520 1251 Venisse

1921 1302 2102 1344 autem
2130 1303 2254 1342 eum
2294 1288 2360 1342 ad
2395 1294 2611 1356 gentem
2634 1285 2948 1341 Judaeorum
2978 1286 3320 1341 liberandum
3338 1289 3518 1350 docet,

1920 1397 2043 1436 cum
2109 1381 2306 1436 addit:
2356 1399 2374 1432 ι
2419 1380 2599 1449 Super
2661 1379 2858 1434 solium
2917 1379 3180 1446 Davidis,
3245 1389 3301 1433 et
3356 1395 3520 1447 super

1921 1487 2149 1541 regnum
2187 1470 2345 1540 ejus,
2404 1482 2462 1552 ut
2511 1472 2711 1542 dirigat
2742 1472 2904 1536 illud,
2969 1482 3025 1526 et
3068 1471 3422 1526 administret
3467 1471 3520 1524 in

1915 1565 2155 1636 jnstitia,
2190 1573 2249 1619 et
2293 1563 2522 1632 judicio,
2557 1563 2610 1617 in
2652 1579 2870 1618 omnem
2896 1563 3152 1631 deinceps
3178 1564 3522 1632 perpetuita-

1925 1669 2054 1712 tem.
2093 1676 2112 1709 ι
2145 1656 2436 1727 Postquam
2468 1665 2649 1710 autem
2685 1658 2822 1710 satis
2853 1655 2921 1709 de
2965 1654 3322 1708 Emmanuele
3355 1657 3519 1708 verba

1927 1753 2084 1806 nobis
2138 1750 2269 1805 fecit
2323 1750 2522 1804 beatus
2569 1748 2867 1817 propheta,
2918 1748 3277 1802 humanitatis
3309 1758 3523 1817 tempus

187 1856 624 1922 σπουδάζοντες.
672 1856 800 1909 Ὅτι
864 1855 922 1908 δὲ
976 1855 1208 1925 ἀφίκετο
1256 1853 1318 1908 τὸ
1377 1854 1489 1908 τῶν
1541 1854 1813 1908 Ἰουδαίων

1930 1845 2177 1914 explicat,
2235 1843 2422 1897 dicens
2477 1858 2545 1894 τι
2602 1837 2768 1896 Zelus
2829 1840 3047 1895 Domini
3105 1839 3346 1894 Sabaoth
3395 1841 3523 1895 fecit

175 1950 584 2022 ἐλευθερώσων
633 1949 809 2013 ἔθνος,
846 1947 1090 2003 διδάσκει
1132 1947 1442 2020 προτιθείς·
1485 1967 1504 1999 ι
1551 1936 1676 2000 Ἑπί
1720 1947 1813 2000 τὸν

174 2043 378 2116 θρόνον
415 2041 616 2106 Δαδὶδ,
651 2041 750 2094 καὶ
778 2040 872 2094 ἐπὶ
894 2041 993 2111 τὴν
1025 2037 1309 2109 βασιλείαν
1337 2037 1504 2093 αὑτοῦ
1533 2036 1815 2108 κατορθῶ-

173 2155 263 2192 σαι
303 2138 496 2208 αὐτήν
523 2151 538 2165 °
575 2135 674 2190 καὶ
714 2131 1107 2189 ἀντιλαϐέσθαι
1146 2134 1317 2204 αὐτῆς
1363 2133 1420 2184 ἐν
1471 2130 1810 2202 δικαιοσύνῃ,

175 2231 270 2287 καὶ
301 2233 366 2284 ἑν
396 2229 669 2302 κρίματι,
701 2226 811 2282 ἀπὸ
841 2225 936 2279 τοῦ
977 2224 1072 2280 νῦν
1103 2225 1200 2278 καὶ
1240 2226 1320 2289 εἰς
1348 2223 1441 2276 τὸν
1472 2221 1644 2276 αἰῶνα
1680 2221 1813 2292 χρό-

173 2343 288 2378 νον.
331 2342 350 2376 ι
415 2320 655 2392 Ἐπειδὴ
683 2320 743 2374 δὲ
777 2316 1151 2389 ἀποχρώντως
1183 2318 1317 2388 ἡμῖν
1348 2316 1440 2369 τὸν
1475 2312 1602 2385 περί
1631 2329 1695 2381 γε
1717 2310 1811 2365 τοῦ

186 2415 566 2489 Ἐμμανουὴλ
613 2415 918 2485 ἐποιήσατο
957 2411 1115 2481 λόγον
1154 2414 1182 2465 ὁ
1221 2410 1494 2481 μακάριος
1526 2409 1815 2479 προφήτης

175 2515 273 2585 τῆς
295 2511 796 2582 ὲνανθρωπήσεως
817 2507 910 2560 τὸν
928 2507 1120 2579 καιρὸν
1140 2504 1453 2566 ἀποδίδωσι,
1474 2503 1668 2571 λέγων·
1699 2521 1716 2553 ι
1757 2502 1814 2554 Ὀ

174 2609 343 2679 ζῆλος
374 2604 598 2676 Κυρίου
626 2600 860 2657 Σαϐαὼθ
883 2603 1100 2672 ποιήσει
1124 2598 1318 2652 ταῦτα.
1343 2617 1362 2648 ι
1386 2598 1544 2659 Ποῖος
1571 2595 1628 2648 δὲ
1649 2595 1815 2664 ζῆλος

173 2701 269 2755 καὶ
297 2700 403 2752 ἐπὶ
441 2698 590 2752 τίσιν
627 2698 934 2764 ἀναγκαῖον
965 2695 1164 2747 εἰπεῖν.
1221 2692 1278 2745 '0
1314 2691 1413 2762 μὲν
1436 2689 1547 2760 γάρ
1585 2689 1814 2760 Δράκων

172 2796 202 2848 ὁ
231 2792 576 2862 ἀποστάτης
602 2790 826 2862 ἥρπασε
857 2787 957 2858 τὴν
988 2785 1081 2840 ὑπ’
1107 2783 1358 2855 οὐρανὸν,
1402 2782 1633 2842 καὶτοῖς
1666 2779 1816 2842 ἰδίοις

177 2890 435 2958 ὑπέθηκε
472 2887 790 2956 σκήπτροις
829 2882 922 2936 τὸν
967 2879 1090 2935 κατ’
1121 2878 1307 2933 εἰκόνα
1344 2876 1480 2930 Θεοῦ
1520 2876 1816 2945 γενόμενον

177 2984 504 3057 ἄνθρωπον.
541 2975 657 3033 Ἦν
687 2973 784 3032 οὖν
815 2976 926 3049 ἄρα
958 2975 1124 3046 ζήλου
1154 2971 1360 3034 παντὸς
1385 2969 1536 3036 ἄξιον
1571 2967 1813 3039 ἀληθῶς,

179 3079 274 3133 καὶ
298 3073 642 3139 πλεονεξίας
684 3073 910 3142 ἀπάσης
941 3069 1250 3138 ἀνάμεστον
1277 3064 1339 3118 τὸ
1375 3064 1500 3118 καθ’
1524 3065 1556 3136 ἡ
1567 3061 1684 3133 μῶν
1719 3078 1816 3130 γε-

180 3170 360 3240 γονὸς,
421 3165 787 3237 ἠλευθέρωσε
840 3162 1026 3215 τοίνυν
1055 3162 1085 3213 ὁ
1135 3157 1298 3230 ζῆλος
1329 3155 1539 3228 Κυρίου
1583 3151 1814 3207 Σαϐαὼθ

1917 1938 2052 1992 haec.
2091 1955 2110 1988 ι
2144 1935 2247 2004 Qui
2298 1945 2480 1990 autem
2533 1934 2720 1999 zelus,
2755 1945 2810 1988 et
2846 1949 2944 2004 pro
2981 1933 3178 2002 quibus
3211 1936 3522 1987 necessario

1916 2030 2228 2084 dicendum.
2267 2027 2446 2082 Draco
2495 2027 2756 2081 nimirum
2821 2036 3068 2096 apostata
3111 2030 3298 2080 orbem
3348 2035 3522 2081 terra-

1917 2139 2035 2178 rum
2063 2123 2261 2192 prmdm
2303 2122 2514 2188 habuit,
2549 2129 2603 2176 et
2636 2121 2752 2175 suis
2796 2121 3026 2189 sceptris
3055 2118 3213 2189 157
3247 2121 3520 2174 hominem

1918 2225 1984 2274 ad
2021 2217 2118 2272 Dei
2171 2218 2462 2286 imaginem
2495 2215 2701 2271 factum
2739 2214 2996 2282 subjecit.
3028 2213 3164 2269 Erat
3192 2214 3361 2282 igitur
3393 2227 3523 2267 vere

1916 2314 2062 2366 omni
2098 2312 2219 2366 zelo
2245 2313 2567 2380 dignum,et
2590 2309 2739 2366 omni
2776 2309 3063 2380 tyrannide
3098 2308 3342 2377 plenum.
3375 2309 3523 2377 quod

1918 2403 1971 2457 in
2009 2418 2109 2457 nos
2151 2403 2355 2456 factum
2397 2411 2500 2457 est.
2544 2401 2827 2456 Liberavit
2861 2400 3031 2470 igitur
3071 2399 3226 2453 zelus
3303 2391 3518 2449 Domini

1919 2494 2161 2549 Sabaoth
2195 2507 2387 2547 omnes
2413 2503 2576 2546 terra:
2609 2491 2840 2544 incolas.
2877 2491 3050 2545 Aliter
3075 2502 3258 2544 autem
3289 2491 3368 2544 sie
3399 2508 3411 2543 :
3439 2489 3521 2542 ΑΙ

1916 2586 2321 2640 inmolationem
2346 2593 2717 2656 provocarunt
2745 2598 2868 2637 eum
2897 2581 3159 2637 Israelita:
3178 2583 3230 2636 in
3261 2598 3365 2637 non
3393 2583 3520 2647 diis,

1917 2683 2060 2736 sicut
2089 2681 2354 2748 scriptum
2384 2687 2490 2741 est,
2516 2687 2571 2732 et
2603 2677 2655 2730 in
2675 2675 3014 2730 vanitatibus
3052 2676 3186 2740 suis,
3219 2685 3271 2728 ct
3304 2678 3524 2728 tandem

1919 2773 2327 2830 Emmanuelem
2371 2773 2423 2826 in
2466 2785 2685 2826 crucem
2740 2771 3093 2839 subegerunt.
3144 2767 3377 2822 Accensi
3433 2781 3526 2820 auo

1921 2879 2028 2924 tem
2050 2877 2176 2923 sunt
2203 2869 2302 2937 ipsi.
2351 2865 2702 2922 aemulatione
2748 2864 2802 2917 in
2831 2863 3123 2934 gentibus,
3169 2862 3528 2933 quemadmo-

1920 2962 2046 3016 dum
2087 2961 2204 3030 ipse
2222 2960 2352 3014 dicit
2382 2976 2396 3014 :
2423 2957 2499 3012 Illi
2523 2959 2588 3012 ad
2619 2955 3024 3012 aemulationem
3054 2955 3413 3010 incenderunt
3442 2969 3528 3008 nte

1920 3053 1974 3108 in
1999 3067 2104 3107 non
2128 3052 2232 3106 diis
2255 3090 2270 3116 ,
2320 3052 2679 3106 irritaverunt
2713 3063 2801 3102 me
2837 3049 2888 3102 in
2925 3048 3086 3102 idolis
3114 3047 3252 3102 suis.
3291 3046 3402 3116 Ego
3431 3061 3528 3098 an-

1921 3155 2031 3201 tem
2069 3146 2134 3200 ad
2162 3144 2573 3199 aemulationem
2608 3144 2919 3212 provocabo
2965 3157 3061 3197 eos
3101 3142 3152 3195 in
3201 3156 3308 3195 non
3340 3143 3526 3209 gente,

182 3266 306 3328 τοὺς
343 3261 456 3316 ἀνά
484 3261 680 3314 πᾶσαν
712 3255 814 3328 τὴν
836 3255 963 3324 γῆν.
993 3251 1108 3306 Kal.
1137 3251 1266 3307 καθ’
1289 3250 1480 3318 ἕτερον
1507 3246 1566 3301 δὲ
1592 3246 1816 3317 τρόπον,

1930 3243 1978 3295 in
2017 3249 2177 3310 gente
2205 3239 2372 3292 stulta
2409 3238 2639 3292 irritabo
2657 3252 2776 3292 eos.

190 3323 603 3427 παρεξήλωσαν
635 3323 804 3402 αὐτὸν
839 3323 910 3400 oti
931 3345 991 3410 ἐξ
1036 3342 1255 3416 Ἰσραὴλ
1283 3342 1372 3394 ἐπ’
1399 3339 1461 3393 οὐ
1496 3339 1638 3401 θεοῖς
1671 3335 1818 3391 καθὰ
1853 3335 2188 3406 γέγραπται.
2259 3331 2356 3386 καὶ
2397 3331 2456 3382 ὲν
2484 3332 2600 3393 τοῖς
2664 3329 2918 3400 ματαίοις
2957 3327 3160 3392 αὐτῶν,
3211 3325 3306 3378 καὶ
3346 3323 3528 3377 τελευο

200 3415 786 3513 τῶντεξὲσταύρωσαν
807 3438 900 3492 τὸν
932 3415 1306 3508 Ἐμμανουήλ.
1333 3426 1820 3500 Παρεςηλώθησαν
1858 3427 1915 3478 ὲν
1950 3428 2063 3488 τοῖς
2127 3423 2327 3484 ἔθνεσι,
2368 3420 2513 3475 καθά
2580 3437 2746 3491 φησιν
2787 3419 2985 3483 αὐτός·
3016 3417 3181 3470 Αὐτοὶ
3208 3415 3534 3488 παρεξήλω-

206 3542 299 3594 σάν
328 3555 398 3610 με
428 3540 512 3592 ἐπ’
544 3538 610 3592 οὐ
650 3536 820 3599 θεοῖς.
857 3531 1233 3605 Παρώργισάν
1262 3545 1330 3600 με
1355 3529 1414 3581 ἐν
1437 3527 1551 3588 τοῖς
1578 3523 1821 3588 εἰδώλοις
1859 3521 2061 3588 αὐτῶν,
2125 3518 2282 3590 κάγὼ
2345 3516 2734 3591 παραζηλώσω
2773 3516 2972 3580 αὐτοὺς
3000 3516 3087 3568 ἐπ’
3111 3513 3212 3567 οὐκ
3248 3513 3412 3577 ἔθνει,
3445 3513 3535 3577 ἐπ’

199 3633 338 3688 ιθνει
366 3632 625 3702 ἀσυνέτῳ
655 3627 952 3702 παροργιῶ
975 3622 1200 3686 αὐτούς.

848 3765 1068 3821 ΛΟΓΟΣ
1155 3763 1226 3830 C."
1235 3804 1248 3818 .

259 3891 550 3947 Θάνατον
589 3883 921 3940 ἀπέστειλε
977 3879 1198 3948 Κύριος
1248 3876 1349 3931 ἐπὶ
1425 3873 1659 3935 Ἰακὼϐ,
1723 3870 1824 3923 καί

184 3983 383 4057 ἦλθεν
419 3981 524 4036 ἐπὶ
577 3978 847 4047 Ἰσραὴλ,
887 3974 987 4028 καὶ
1015 3970 1311 4044 γνώσεται
1336 3967 1454 4035 πᾶς
1482 3971 1514 4022 ὀ
1536 3965 1686 4032 λαὸς
1715 3963 1822 4018 τοῦ

196 4076 487 4147 Ἐφραῒμ,
519 4071 621 4126 καὶ
642 4067 1044 4138 ἐγκαθήμενοι
1072 4065 1143 4119 ἐν
1174 4061 1494 4133 Σαμαρείᾳ,
1519 4058 1612 4127 ἐφ’
1661 4057 1822 4125 ὕϐρει

189 4173 288 4224 καί
329 4165 560 4238 ὑψηλῇ
591 4163 808 4232 καρδίᾳ
833 4161 1120 4230 λέγοντες
1153 4175 1165 4187 ’
1229 4156 1480 4210 Πλίνθοι
1517 4149 1829 4205 πεπτώκα-

190 4281 316 4327 σιν.
351 4261 526 4317 ἀλλὰ
541 4257 720 4312 δεῦτε
742 4254 1146 4321 λαξεύσωμεν
1167 4249 1404 4313 λίθους,
1427 4245 1524 4300 καὶ
1543 4247 1829 4313 κόψωμεν

192 4358 613 4429 συκαμίνους,
673 4352 773 4405 καὶ
844 4347 1102 4415 κέδρους
1170 4341 1271 4396 καί
1331 4334 1828 4406 οὶκοὸομήσωμεν

192 4452 442 4517 ἑαυτοῖς
476 4451 742 4518 πύργον.

263 4569 508 4642 Mar/.95;
547 4564 648 4636 μὲν
680 4561 878 4632 γέγονε
912 4556 993 4628 τῷ
1041 4553 1300 4626 προφήτῃ
1341 4548 1501 4616 λόγος
1535 4546 1564 4598 ὀ
1596 4541 1829 4642 περίαγε
1861 4540 1907 4596 D

185 4666 288 4720 τοῦ
364 4635 750 4734 Ἐμμανουήλ,
817 4655 878 4710 ὃν
939 4649 1276 4720 διαπεράνας
1332 4641 1608 4704 εύπαλῶς,
1664 4635 1827 4692 πάλιν

189 4761 489 4815 ἐπάνεισιν
518 4755 613 4808 ἐπὶ
629 4752 698 4806 τὰ
719 4753 776 4804 ὲν
800 4749 1000 4822 ἀρχαῖς
1019 4763 1032 4776 ·
1057 4739 1199 4815 ἦσαν
1227 4738 1283 4793 δὲ
1310 4737 1504 4791 ταυτί·
1533 4731 1828 4806 Ἐπῃτιᾶτο

185 4856 302 4924 γάρ
333 4851 463 4904 λίαν
508 4846 604 4902 τὸν
659 4842 903 4916 Ἰσραὴλ,
953 4839 1030 4902 ὼς
1074 4831 1410 4890 ἀπειθοῦντά
1438 4845 1497 4882 τε
1543 4825 1638 4880 καὶ
1687 4839 1831 4895 παρ-

121 4975 124 4978 ·
189 4944 503 5018 οτρύνοντα
546 4939 639 4992 τὸν
673 4936 762 4989 ἀεὶ
805 4931 1088 4988 σεσωκότα
1139 4928 1296 4993 Θεὸν,
1331 4922 1538 4992 ταύτης
1569 4936 1630 4972 τε
1660 4917 1831 4970 ἓνεκα

193 5013 290 5111 τῆς
350 5034 565 5098 αἰτίας,
616 5032 731 5094 τοῖς
796 5025 1050 5099 ἐσχάτοις
1105 5022 1298 5078 ἑαυτὸν
1354 5017 1566 5072 ὲνιέντα
1616 5013 1829 5073 κακοῖς·

191 5102 410 5203 {eam
460 5127 576 5197 γὰρ
628 5124 712 5177 ὅτι
768 5121 870 5174 οὐκ
935 5116 1211 5188 ἠθέλησαν
1255 5113 1350 5167 τὸν
1397 5109 1563 5179 νόμον
1621 5102 1830 5203 Κυρίου

193 5195 432 5281 Σαϐαὼθ
463 5195 486 5252 ’ί
509 5195 652 5274 ἀλλά
677 5215 739 5268 τὸ
766 5212 948 5281 λόγιον
974 5209 1072 5263 τοῦ
1113 5206 1272 5276 ἁγίου
1321 5200 1541 5276 Ἰσραὴλ
1570 5195 1832 5269 παρώξυ-

192 5338 315 5374 ναν.
353 5315 472 5370 Καὶ
500 5308 765 5381 ἐθυμώθη
793 5307 932 5377 ὀργῇ
969 5302 1176 5374 Κύριος
1207 5300 1300 5354 ἐπὶ
1329 5298 1421 5351 τὸν
1461 5294 1588 5348 λαὸν
1638 5288 1826 5351 αὑτοῦ,

193 5414 290 5468 καὶ
329 5405 577 5464 ἐπέϐαλε
627 5402 727 5472 τὴν
755 5403 920 5470 χεῖρα
950 5395 1117 5451 αὐτοῦ
1149 5394 1235 5447 ἐπ’
1286 5390 1502 5452 αὐτοὺς,
1551 5385 1644 5438 καὶ
1690 5382 1830 5436 ἐπά·

194 5505 363 5571 ταξεν
397 5499 629 5558 αὐτούς.
671 5492 784 5549 Καὶ
814 5485 1147 5560 παρωξύνθη
1182 5485 1247 5538 τὰ
1291 5483 1417 5552 ὅρη,
1459 5479 1555 5571 καί
1596 5473 1832 5571 εγενήθη

194 5567 613 5664 τὰ-θνησιμαῖα
647 5584 832 5642 αὐτῶν
864 5583 939 5646 ὡς
973 5581 1182 5653 κοπρία
1235 5578 1294 5629 ὲν
1325 5574 1478 5647 μέσῳ
1508 5567 1652 5626 ὁδοῦ.
1690 5568 1832 5664 ’ΪΟρη

193 5691 251 5747 δέ
288 5707 428 5761 φησι
459 5662 533 5740 τά
580 5675 1007 5752 παρωξυμμένοι
1036 5672 1164 5736 τοὺς
1189 5669 1298 5724 τῶν
1343 5663 1651 5736 Ἀσσυρίων
1687 5662 1838 5732 βασι-

276 5844 506 5906 ⁹³]υ.ιη.
549 5862 611 5901 ll.
655 5843 739 5898 19.

2540 3734 2801 3794 ORATIO
2828 3732 2917 3789 Vl.

2003 3861 2136 3918 CAP.
2194 3857 2291 3924 IX,
2338 3870 2492 3912 vatis.
2551 3853 2702 3909 8—10.
2767 3849 2992 3904 Mortem
3023 3849 3242 3902 immisit
3292 3847 3434 3903 Deus
3479 3848 3538 3904 in

1929 3951 2136 4019 Iacob,
2203 3962 2252 4004 et
2315 3947 2510 4002 invasit
2559 3942 2768 4005 Israel,
2821 3941 3051 4010 sciatque
3087 3939 3257 3993 omnis
3307 3941 3538 4008 populus

1933 4046 2216 4117 Ephraim,
2269 4052 2316 4097 et
2373 4038 2704 4095 considente:
2756 4035 2814 4088 in
2871 4032 3147 4092 Samaria,
3211 4033 3434 4099 superbe
3485 4044 3537 4086 et

1933 4143 2074 4196 elato
2109 4138 2288 4192 animo
2335 4136 2566 4188 dicentes
2593 4147 2612 4184 :
2643 4128 2871 4198 Lapides
2899 4126 3220 4187 ceciderunt,
3250 4133 3307 4176 at
3347 4125 3534 4186 venite,

1931 4235 2170 4288 dolemus
2195 4230 2433 4298 lapides,
2475 4236 2523 4280 et
2560 4225 2874 4279 excidemus
2897 4235 3203 4290 sycomoros
3237 4230 3287 4272 et
3311 4217 3533 4281 cedros,

1930 4341 1979 4386 et
2007 4327 2330 4396 wdiﬁcemus
2359 4323 2508 4377 nobis
2539 4320 2672 4388 ipsis
2705 4315 2921 4369 turrim.

2009 4529 2228 4586 Prolixa
2271 4524 2490 4596 quidem
2545 4520 2645 4575 fuit
2689 4515 2969 4589 prOphette
3009 4510 3187 4568 oratio
3219 4510 3284 4566 de
3317 4511 3538 4566 Emma-

1936 4623 2096 4681 nuele
2146 4636 2251 4690 qua
2315 4617 2457 4672 scite
2516 4611 2811 4668 admodum
2860 4606 3156 4671 confecta,
3222 4620 3412 4660 rursus
3470 4605 3538 4656 ad

1937 4714 2207 4790 principia
2253 4709 2567 4766 revertitur.
2607 4705 2782 4760 Erant
2841 4710 3021 4756 autem
3080 4701 3195 4755 haec
3235 4715 3248 4752 :
3285 4696 3541 4753 Graviter

1937 4789 2205 4882 siquidem
2246 4803 2544 4860 accusabat
2576 4797 2852 4862 lsraelem,
2887 4802 3072 4864 utpote
3124 4792 3236 4848 Deo
3289 4789 3538 4844 immori-

1941 4918 2132 4977 gerum
2165 4909 2220 4957 et
2252 4900 2319 4954 ad
2353 4892 2696 4952 iracundiam
2733 4889 3067 4945 excitantem
3099 4901 3224 4941 eum
3266 4882 3360 4954 qui
3390 4897 3539 4939 sem-

1944 4971 2044 5069 per
2096 4996 2438 5051 servaverat,
2499 4995 2679 5054 eaque
2723 4979 2940 5033 ultimis
2973 4991 3097 5032 sese
3129 4971 3542 5029 calamitatibus

1941 5063 2332 5150 involventem.
2388 5079 2635 5134 Dicebat
2661 5073 2808 5129 enim
2843 5070 2987 5125 nolle
3032 5083 3092 5123 se
3125 5067 3296 5136 legem
3323 5063 3541 5120 Domini

1941 5185 2183 5242 Sabaoth
2223 5196 2236 5232 :
2266 5185 2324 5231 at
2355 5171 2640 5231 oraculum
2667 5165 2845 5224 sancti
2881 5161 3101 5218 lsraelis
3118 5167 3540 5227 exasperarunt.

1940 5282 2018 5335 Ac
2047 5272 2424 5333 stomachatus
2459 5274 2543 5319 est
2570 5261 2841 5317 Dominus
2872 5253 3072 5328 populo
3129 5267 3250 5319 suo,
3281 5250 3542 5305 immisit-

1942 5386 2049 5443 que
2095 5368 2202 5424 illis
2249 5375 2470 5418 mannm
2510 5371 2700 5419 suam,
2737 5367 2802 5406 ac
2847 5346 3123 5420 percussit
3170 5359 3285 5408 eos,
3321 5351 3377 5397 et
3410 5355 3544 5396 exa-

1943 5437 2150 5521 cerbati
2186 5467 2312 5513 sunt
2343 5463 2577 5514 montes,
2606 5458 2660 5503 et
2686 5448 2825 5501 facta
2857 5453 2984 5496 sunt
3018 5437 3326 5496 morticinia
3353 5447 3543 5488 eorum

1946 5559 2094 5614 velut
2146 5562 2362 5608 stercus
2391 5549 2444 5600 in
2477 5544 2656 5598 medio
2694 5540 2814 5593 viae.
2845 5535 3060 5590 Montes
3087 5544 3216 5584 vero
3243 5526 3378 5580 dicit
3409 5539 3544 5578 exa-

1947 5652 2225 5714 ccrbatos,
2265 5658 2416 5715 reges
2448 5638 2799 5709 Assyriorum
2839 5653 2849 5685 -.
2886 5625 3106 5696 superbi
3152 5621 3296 5677 enim
3347 5625 3533 5674 erant.
