4016 6504
506 365 615 421 9.59

1496 354 1553 408 S.
1594 349 1870 409 CYIULLI
1912 345 2385 406 ALEXANDBINI
2423 345 2742 404 ARCIIIEP.

3668 343 3779 401 τοο

509 494 565 537 et
588 477 837 543 lastuosi,
865 487 921 533 et
941 476 1068 532 elati
1102 476 1307 537 animo,
1331 472 1444 543 qui,
1476 479 1586 526 tota
1618 471 1869 527 Samaria
1894 484 1923 523 a
1954 468 2077 523 fun-

2185 467 2307 530 λέας
2327 485 2342 499 ·
2374 467 2674 539 ὑπέροπτοι
2706 465 2816 539 γὰρ
2859 466 2953 520 καὶ
3003 458 3281 533 ἀλαζόνες,
3312 463 3407 518 καὶ
3452 463 3648 535 ὑψηλοὶ
3678 464 3788 528 τάς

511 566 779 626 damentis
814 580 1077 623 concussa
1119 574 1174 619 et
1205 564 1488 628 convulsa,
1520 561 1794 631 captivum
1830 559 2083 615 Israelem

510 670 792 732 ceperunt,
834 657 968 713 etin
1012 666 1224 711 montes
1262 655 1550 711 Persarum
1582 660 1637 707 et
1674 650 1953 706 Medorum
1990 650 2088 704 ab-

509 754 802 808 duxerunt.
840 747 1101 803 Absoluto
1143 747 1363 816 itaque,
1397 745 1476 799 uti
1509 743 1757 799 dicebam
1786 782 1802 807 ,
1832 732 2088 797 vaticinio

512 845 577 899 de
616 840 995 902 Emmanuele,
1044 838 1222 894 denuo
1272 839 1579 893 institutum
1612 835 1784 906 158
1824 834 2088 905 principio

508 949 731 1003 scopum
763 930 1132 1002 prosequitur,
1172 938 1227 985 et
1283 928 1549 984 Samaria:
1596 929 1960 982 vastationem
1989 942 2086 979 ex-

506 1025 684 1095 ponit,
717 1038 839 1078 cum
869 1024 944 1076 ait
976 1040 989 1075 :
1024 1040 1044 1074 ι
1078 1021 1307 1076 Mortem
1336 1020 1516 1076 emisit
1550 1018 1687 1075 Deus
1722 1021 1775 1074 in
1818 1017 2005 1081 Jacob,
2033 1028 2088 1073 et

509 1114 708 1168 invasit
735 1112 1010 1168 lsraelem.
1039 1129 1058 1164 ι
1094 1109 1381 1166 Sciendum
1418 1121 1593 1164 autem
1628 1107 1972 1163 Hebraeorum
2002 1109 2087 1161 in-

508 1203 981 1271 terpretationem,
1009 1212 1343 1268 canorosque
1388 1201 1726 1270 expositores
1760 1214 1859 1268 pro
1887 1207 2083 1261 morte,

509 1309 815 1348 sermonem
849 1294 1116 1364 posuisse.
1145 1311 1164 1345 ι
1197 1292 1511 1349 Sermonem
1534 1292 1697 1356 enim,
1721 1291 1915 1360 inquit,
1940 1291 2086 1345 misit

508 1385 772 1439 Dominus
818 1400 980 1456 super
1015 1384 1203 1441 Jacob.
1235 1404 1252 1437 ι
1281 1383 1451 1451 Quem
1492 1381 1843 1438 sermonem?
1894 1395 2087 1451 nempe

508 1480 958 1531 condemnantem
980 1491 1073 1530 eos
1118 1474 1212 1544 qui
1253 1473 1586 1553 impietatem
1616 1481 2002 1533 exercuerunt,
2031 1480 2086 1525 et

507 1582 699 1637 pteuas
756 1569 1085 1637 irrogantem
1140 1567 1209 1620 iis
1271 1565 1382 1634 qui,
1413 1564 1530 1633 ipso
1575 1561 1792 1629 relicto,
1830 1561 2086 1629 operibus

508 1672 731 1711 suarum
782 1673 1042 1712 manuum
1091 1656 1512 1725 procubuerunt.
1549 1651 1674 1709 Sive
1705 1653 1866 1721 igitur
1889 1653 2035 1707 dicat
2067 1669 2081 1705 :

507 1747 732 1802 Mortem
775 1749 923 1805 misit
974 1748 1147 1808 Deus,
1182 1747 1299 1801 sive
1346 1744 1809 1809 maledictionem,
1846 1744 1931 1799 vel
1967 1759 2083 1798 ser-

2189 556 2392 629 φρένας
2448 559 2758 628 γεγόνασιν.
2797 559 2861 628 Οζ
2893 558 2987 612 καὶ
3021 559 3203 612 πᾶσαν
3241 558 3306 611 ὲκ
3350 555 3565 628 βάθρων
3611 571 3789 609 καται-

2188 650 2465 714 σείσαντες
2521 649 2621 721 τὴν
2665 650 3003 722 Σαμαρείαν,
3077 644 3220 703 εἷλον
3285 646 3630 719 αἰχμάλωτον
3685 645 3792 698 τὸν

2201 739 2436 813 Ἰσραὴλ,
2498 740 2594 793 καὶ
2646 740 2993 811 ἀπεκόμισαν
3042 742 3124 804 είς
3169 739 3239 794 τὰ
3271 738 3375 812 ὅρη
3416 737 3642 809 Περσῶν
3687 737 3794 791 καὶ

2186 834 2407 905 Μήδων.
2443 832 2789 904 Διαπεράνας
2835 832 3037 899 τοίνυν,
3068 832 3145 896 ὡς
3189 832 3346 902 ἔφην,
3385 831 3487 902 τὴν
3534 830 3792 903 ἀνάρρη-

2190 941 2276 978 σιν
2305 924 2403 979 τοῦ
2457 924 2824 995 Ἐμμανουὴλ,
2856 923 3050 978 ἕπεται
3077 924 3144 993 δὴ
3173 923 3337 979 πάλιν
3368 919 3446 992 τῷ
3482 921 3542 974 ὲν
3583 922 3797 991 ἀρχαῖς

2184 1017 2509 1089 προτεθέντι
2540 1015 2749 1088 σκοπῷ,
2792 1016 2885 1069 καὶ
2936 1017 3033 1088 τῆς
3080 1014 3396 1087 Σαμαρείας
3421 1013 3520 1085 τὴν
3578 1012 3795 1084 δῄωσιν

2186 1110 2478 1179 ἀφηγεῖται
2529 1109 2735 1177 λέγων·
2773 1126 2793 1161 ι
2834 1108 3072 1162 Θάνατον
3113 1106 3401 1161 ἀπέστειλε
3443 1103 3649 1174 Κύριος
3687 1106 3797 1157 ἐπὶ

2199 1200 2416 1268 Ἰακὼϐ,
2445 1201 2541 1255 κα)⁸
2574 1196 2737 1272 ἦλθεν
2757 1201 2843 1254 ἐπ’
2884 1199 3117 1272 Ἰσραήλ.
3153 1217 3172 1250 ι
3211 1197 3408 1252 ’ἰστέον
3434 1197 3491 1251 δὲ
3515 1197 3598 1250 ὃτι
3627 1195 3728 1250 καὶ
3756 1197 3794 1266 ἡ

2184 1292 2294 1345 τῶν
2330 1292 2600 1363 Ἐϐραίων
2633 1292 2865 1357 έκδοσις,
2907 1292 3004 1346 καὶ
3066 1291 3244 1361 ἕτεροι
3273 1289 3330 1343 δὲ
3361 1288 3469 1343 τῶν
3509 1289 3793 1360 ἑρμηνευ-

2185 1385 2316 1449 τῶν,
2338 1386 2460 1441 ἀντὶ
2484 1383 2578 1439 τοῦ
2615 1385 2848 1440 θανάτου
2869 1382 3145 1438 τεθείκασι
3170 1382 3346 1449 λόγον.
3369 1399 3390 1432 ι
3413 1380 3584 1447 Λόγον
3606 1399 3624 1432 ι
3645 1380 3789 1451 γὰρ,

2184 1477 2367 1548 φησιν,
2400 1494 2420 1528 ι
2461 1476 2781 1530 ἀπέστειλεν
2804 1478 2831 1529 6
2860 1475 3065 1547 Κύριος
3097 1474 3189 1527 ἐπὶ
3227 1472 3447 1538 Ἰακὼϐ,
3479 1473 3573 1525 καὶ
3606 1468 3792 1542 ἦλθεν

2185 1571 2281 1623 ἐπὶ
2321 1569 2555 1641 Ἰσραήλ.
2586 1590 2605 1623 ι
2642 1569 2813 1637 Λόγον
2837 1568 2894 1621 δὲ
2914 1569 3128 1633 ὁποῖον;
3152 1564 3594 1628 Καταδικάζοντα
3621 1563 3791 1634 δηλο-

2185 1661 2294 1715 νότι
2338 1660 2448 1714 τῶν
2492 1659 2865 1731 ἠσεϐηκότων,
2911 1658 3007 1712 καὶ
3051 1656 3373 1711 ὑποτιθέντα
3410 1657 3622 1717 ποιναῖς
3655 1652 3794 1717 τοὺς

2185 1753 2345 1806 αὐτὸν
2399 1752 2497 1822 μὲν
2556 1750 3039 1813 καταλελοιπότας,
3095 1747 3615 1820 προσκεκυνηκότας
3666 1744 3792 1809 τοῖς

507 1855 746 1904 munem,
770 1839 853 1891 vis
899 1836 1292 1890 sententiarum
1320 1850 1427 1891 nou
1455 1833 1561 1888 erit
1591 1833 1850 1899 absurda,
1892 1833 1985 1887 sed
2015 1833 2082 1886 ad

2185 1844 2369 1918 ἔργοις
2410 1844 2520 1898 τῶν
2562 1845 2708 1897 ίδίων
2739 1842 2956 1914 χειρῶν.
3014 1840 3207 1894 Είτοῦν
3257 1839 3488 1909 λέγοιτο,
3539 1838 3795 1892 Θάνατον

508 1943 674 1983 unum
717 1936 772 1981 et
821 1927 1071 1981 eumdem
1126 1939 1351 1995 scopum
1409 1925 1610 1980 tendet.
1670 1922 1938 1978 Caeterum
1996 1922 2086 1979 hic

509 2019 838 2075 Inetttionetn
866 2015 1035 2084 injicit
1077 2014 1320 2071 historiae
1341 2056 1358 2084 ,
1395 2030 1560 2086 quam
1600 2014 1852 2071 brevibus
1885 2013 2083 2069 dicam.

509 2111 603 2166 Sic
652 2123 884 2180 namque
934 2110 1021 2163 vix
1085 2109 1250 2163 etiam
1302 2106 1651 2163 manifestum
1700 2106 1895 2162 evadet
1942 2104 2087 2175 quod

508 2211 816 2255 enarratur.
872 2199 1188 2269 liegnarunt
1258 2199 1423 2269 igitur
1472 2198 1702 2254 diversis
1754 2197 2085 2267 temporibus

510 2291 905 2363 Hierosolymis
951 2291 1007 2346 in
1046 2288 1181 2346 Juda
1213 2298 1377 2360 atque
1411 2288 1578 2345 Jacob
1607 2288 1708 2343 viri
1745 2296 1859 2343 tum
1910 2286 2082 2358 probi,

513 2396 624 2438 tum
668 2384 930 2453 improbi,
974 2396 1075 2438 nec
1120 2383 1302 2437 minus
1335 2383 1387 2438 in
1420 2382 1606 2447 lsrael,
1639 2380 1999 2450 Ephraemita:
2028 2380 2084 2434 in

511 2477 782 2532 Samaria.
812 2476 947 2531 Nam
971 2488 1090 2531 erat
1116 2490 1183 2531 ex
1222 2474 1366 2529 tribu
1400 2474 1653 2542 Ephraim
1683 2474 1847 2529 etiam
1877 2473 2086 2541 primus

509 2582 696 2621 eorum
730 2581 821 2621 rex
852 2563 1230 2628 Jcroboamus,
1261 2564 1400 2619 illius
1428 2563 1643 2631 Nabati,
1686 2565 1777 2634 qui
1809 2574 1869 2618 ut
1891 2563 2085 2618 vitulos

508 2671 702 2712 aureos
730 2657 1332 2726 adorareutpersuasit.
1366 2655 1563 2711 Eorum
1596 2670 1729 2725 ergo
1764 2660 1855 2726 qui
1892 2668 2086 2724 regna-

508 2759 699 2804 verunt
732 2747 1142 2819 Hierosolymis,
1184 2762 1248 2802 ac
1275 2748 1329 2803 in
1374 2747 1646 2813 Samaria,
1681 2748 1848 2803 certis
1880 2756 2084 2816 tempo-

507 2854 629 2893 rum
682 2839 908 2904 vicibus,
961 2836 1290 2906 complures,
1319 2837 1395 2891 uti
1449 2835 1598 2898 dixi,
1654 2834 1821 2890 Deum
1854 2832 2086 2889 ollende-

509 2937 655 2995 runt,
678 2929 941 2995 intrepide
960 2928 1167 2997 profani
1189 2927 1505 2994 idololatra,
1526 2929 1816 2982 adorantes
1838 2924 2082 2979 militiam

503 3021 652 3087 coeli,
688 3021 954 3090 lignisque
1002 3030 1056 3074 et
1095 3018 1361 3089 lapidibus
1410 3020 1574 3088 impie
1610 3018 1931 3075 servientes.
1976 3016 2082 3071 Cu—

498 3112 739 3182 jusmodi
798 3111 965 3165 etiam
1011 3109 1110 3166 fuit
1162 3110 1250 3165 ille
1299 3110 1589 3176 Achazus,
1624 3110 1718 3179 qui
1768 3122 1896 3163 suos
1947 3106 2082 3161 adeo

507 3204 706 3258 liberos
774 3217 872 3272 per
923 3202 1102 3272 ignem
1172 3201 1430 3267 traduxit,
1482 3200 1824 3272 plurimaque
1893 3209 2081 3255 contra

508 3293 846 3349 llierusalem
887 3294 1025 3348 mala
1063 3302 1147 3348 est
1188 3292 1535 3348 machinatus
1558 3335 1574 3360 ,
1611 3302 1773 3362 atque
1808 3292 1861 3346 in
1908 3291 2082 3361 ipsum

503 3385 601 3440 Dei
639 3385 898 3455 templum
961 3396 1333 3455 transgressus
1372 3394 1476 3441 est.
1543 3385 1661 3452 Quo
1695 3400 1727 3440 e
1769 3383 1945 3438 medio
1988 3397 2085 3453 per

503 3487 736 3533 mortem
794 3477 1027 3542 sublato,
1061 3476 1294 3546 Capessit
1350 3484 1624 3547 sceptrum
1681 3476 1973 3540 Ezechias,
2006 3491 2087 3531 re-

503 3579 704 3639 gnante
760 3569 812 3622 in
873 3569 1117 3622 Samaria
1167 3583 1327 3636 Super
1362 3566 1558 3621 lsraele
1612 3581 1705 3620 seu
1755 3566 1927 3621 decim
1983 3566 2083 3620 tri-

502 3663 699 3726 bubus,
740 3659 875 3716 Osca
907 3659 1015 3712 lilio
1047 3657 1157 3712 Elin
1190 3675 1204 3710 :
1236 3672 1344 3727 quo
1386 3671 1606 3728 regnum
1629 3656 2041 3711 administrante
2066 3694 2082 3720 ,

502 3752 702 3808 bellum
752 3752 1014 3806 Samaria;
1063 3749 1246 3804 intulit
1308 3749 1656 3819 Assyriorum
1723 3763 1837 3816 rex,
1875 3759 1932 3804 et
1978 3764 2082 3803 una

503 3860 627 3901 cum
649 3859 710 3899 ea
745 3843 889 3912 cepit
919 3853 974 3895 et
1014 3840 1211 3894 multas
1260 3839 1397 3895 alias
1431 3841 1594 3894 urbes
1625 3837 1844 3894 Jmlaeae.
1880 3841 2084 3898 Deinde

505 3951 643 3990 vero
670 3944 815 4005 post,
846 3932 1276 3987 Sennacberimo
1320 3941 1518 3987 terram
1569 3932 1877 3987 Iudaeorum
1904 3934 2084 3989 incur-

503 4038 684 4094 sante,
729 4025 1166 4097 quandoquidem
1212 4025 1331 4093 pius
1373 4034 1490 4078 erat
1523 4023 1811 4091 Ezechias,
1858 4027 2082 4081 mirabi-

503 4119 633 4173 liter
687 4118 828 4173 Deus
892 4114 1192 4171 Jerusalem
1248 4118 1614 4171 conservavit.
1661 4116 1757 4172 Est
1793 4125 1971 4172 autem
2002 4119 2083 4175 sic

505 4208 768 4277 scriptum
792 4217 988 4279 quarto
1006 4206 1146 4261 libro
1161 4205 1472 4277 Regnorum
1489 4206 1554 4239 ’δ’
1572 4225 1588 4262 :
1606 4206 1825 4263 Factum
1843 4219 1926 4265 est
1940 4223 2083 4265 anno

506 4310 702 4372 quarto
727 4300 870 4371 regis
894 4298 1143 4354 Ezechiae
1170 4300 1295 4370 :qui
1322 4300 1611 4356 l'uitannus
1635 4302 1898 4370 septimus
1923 4299 2080 4357 Osca

510 4396 601 4449 lilii
630 4393 761 4460 Ειω,
796 4395 940 4465 regis
968 4392 1168 4447 lsrael:
1201 4394 1596 4460 expeditionem
1628 4386 1764 4449 'l‘ecit
1792 4393 2080 4449 Salmana-

2185 1936 2475 1991 ἀπέστειλε
2506 1937 2534 1989 6
2563 1935 2718 2003 Θεὸς,
2754 1933 2929 1987 εἰτοῦν
2966 1933 3129 2004 ’Λράν
3162 1934 3196 2004 ἢ
3229 1931 3410 2002 λόγον,
3457 1931 3559 1984 οὐκ
3600 1928 3792 2000 ἀσύμ-

2183 2028 2347 2093 ϐατος
2401 2027 2554 2082 ἔσται
2597 2027 2704 2081 τῶν
2772 2024 2992 2081 ἐννοιῶν
3035 2027 3070 2096 ἡ
3110 2023 3361 2095 δύναμις,
3417 2021 3682 2092 βαδιεῖται
3724 2020 3793 2074 δὲ

2190 2119 2389 2190 μᾶλλον
2410 2121 2491 2183 είς
2511 2119 2608 2172 ἕνα
2631 2136 2693 2172 τε
2722 2118 2818 2173 καὶ
2846 2118 2941 2173 τὸν
2988 2116 3150 2171 αὐτὸν
3193 2115 3414 2169 σκοπόν.
3470 2112 3793 2184 Διαμέμνησ

2185 2212 2276 2266 ταί
2302 2229 2367 2282 γε
2397 2212 2504 2284 μὴν
2530 2210 2767 2283 ἱστορίας
2800 2211 2860 2264 ὲν
2887 2208 3114 2274 τούτοις,
3142 2209 3209 2279 ἣν
3244 2206 3355 2280 ὲ.ρῶ
3389 2205 3477 2259 διὰ
3510 2204 3787 2277 ϐραχέων.

2190 2310 2386 2365 Ἔσται
2420 2309 2529 2380 γὰρ
2557 2308 2703 2363 οὕτω
2729 2308 2815 2364 καὶ
2839 2308 2992 2380 μόλις
3021 2304 3333 2374 καταφανὲς
3354 2302 3786 2374 τδδηλούμενον.

2187 2401 2616 2456 Βεϐασιλεύκασι
2644 2399 2824 2454 τοίνυν
2854 2398 2997 2453 κατά
3025 2397 3250 2469 καιροὺς
3298 2397 3357 2449 ὲν
3397 2396 3512 2458 τοῖς
3548 2394 3789 2465 Ἰεροσο-

2185 2494 2377 2565 λύμοις
2428 2493 2521 2546 ἐπὶ
2562 2492 2654 2546 τὸν
2721 2492 2945 2556 Ἰούδαν,
2993 2491 3112 2561 ἦτοι
3159 2487 3250 2541 τὸν
3313 2485 3533 2550 Ἰακὼϐ,
3564 2484 3790 2555 ,ἀνδρες

2185 2585 2380 2655 ἀγαθοί
2411 2602 2471 2638 τε
2502 2586 2593 2639 καὶ
2618 2584 2878 2657 πονηροί·
2905 2584 3058 2636 οὐδὲν
3097 2581 3156 2635 δὲ
3201 2574 3366 2652 ἦττον
3412 2578 3509 2632 καὶ
3551 2578 3649 2630 ἐπὶ
3688 2576 3788 2630 τὸν

2196 2675 2415 2748 Ἰσραὴλ
2445 2677 2494 2730 οἱ
2522 2680 2586 2730 ὲκ
2629 2676 2801 2747 φυλῆς
2846 2672 3080 2745 Ἐφραῒμ
3117 2674 3173 2727 ἐν
3200 2675 3267 2744 τῇ
3316 2669 3622 2765 Σαμαρεφ.
3671 2662 3788 2722 Ἦν

2184 2769 2293 2840 γὰρ
2325 2770 2390 2821 ὲκ
2420 2768 2595 2839 φυλῆς
2651 2767 2890 2839 Ἑφραῒμ
2921 2770 3015 2823 καὶ
3057 2771 3085 2822 6
3135 2766 3351 2838 πρῶτος
3397 2760 3589 2818 αὐτῶν
3616 2760 3789 2830 βεϐα-

2186 2857 2448 2924 σιλευκὼς
2481 2859 2763 2931 Ἰεροϐοάμ
2793 2860 2821 2913 6
2857 2860 2952 2913 τοῦ
2979 2858 3190 2921 Νάϐατ,
3219 2858 3278 2919 ὃς
3325 2855 3422 2909 καὶ
3452 2856 3573 2918 ταίς
3606 2851 3788 2923 δαμά-

2183 2950 2333 3005 λεσιν
2388 2950 2556 3004 αὐτοῦ
2584 2953 2704 3014 ταῖς
2735 2954 2965 3023 χρυσαῖς
2992 2951 3245 3004 ἀνέπεισε
3283 2947 3631 3018 προσκυνεῖν.
3658 2944 3789 2997 Τῶν

2182 3043 2364 3095 τοίνυν
2425 3041 2568 3096 κατά
2627 3044 2853 3113 καιροὺς
2909 3040 3379 3111 βεϐασιλευκότων
3441 3038 3500 3092 ἐν
3549 3054 3611 3091 τε
3667 3037 3789 3100 τοῖς

2111 3172 2153 3230 C
2196 3132 2589 3206 Ἰεροσολύμοις
2616 3136 2711 3188 καὶ
2753 3136 2811 3187 tv
2842 3137 2908 3206 τῇ
2949 3132 3233 3204 Σαμαρείᾳ
3265 3132 3504 3185 πλεῖστοι
3548 3129 3785 3199 γεγόνα-

2187 3241 2294 3292 σιν,
2320 3224 2397 3289 ὡς
2429 3223 2585 3296 ἔφην,
2609 3224 2730 3296 Θεῷ
2767 3224 3207 3297 προσκρούοντες
3231 3223 3426 3288 ἀδεῶς,
3467 3220 3689 3293 βέϐηλοί
3724 3238 3785 3274 τε

2184 3317 2282 3371 καὶ
2341 3315 2749 3388 εἰδωλολάτραι,
2798 3313 3232 3388 προσκυνοῦντες
3292 3316 3361 3384 τῇ
3414 3312 3645 3382 στρατιᾷ
3682 3311 3785 3365 τοῦ

2183 3409 2436 3483 οὐρανοῦ,
2460 3408 2638 3476 ξύλοις
2660 3425 2718 3462 τε
2741 3410 2833 3463 καὶ
2864 3408 3031 3471 λίθοις
3057 3407 3287 3470 ἀνοσίως
3312 3404 3742 3474 λελατρευκότες
3771 3423 3783 3437 ·

2182 3501 2366 3564 ὁποῖός
2418 3518 2503 3565 τις
2552 3496 2621 3572 ἦν
2664 3501 2759 3554 καὶ
2807 3495 2966 3565 οὗτος
3009 3501 3039 3554 6
3080 3497 3276 3568 Ἄχας,
3324 3497 3385 3560 ὃς
3443 3495 3632 3551 καὶτὰ
3672 3494 3787 3549 ῐδια

2181 3592 2351 3646 τέκνα
2376 3591 2604 3663 διήγαγε
2635 3591 2723 3645 διὰ
2753 3590 2943 3661 πυρὸς,
2988 3590 3219 3645 πλεῖστά
3255 3607 3316 3643 τε
3365 3589 3468 3643 ὃσα
3510 3586 3654 3641 κατά
3676 3587 3787 3656 τὴν

2195 3679 2550 3752 Ἰερουσαλὴμ
2569 3680 2860 3751 εἰργάσατο
2881 3679 3045 3742 κακὰ,
3066 3678 3485 3750 παρανενόμηκε
3500 3676 3556 3729 δὲ
3579 3676 3671 3729 καὶ
3696 3677 3786 3738 είς

2184 3770 2345 3823 αὐτὸν
2389 3769 2481 3822 τὸν
2504 3767 2644 3822 θεῖον
2666 3766 2824 3823 νεών.
2875 3766 3098 3837 Ἐπειδὴ
3139 3768 3196 3820 δὲ
3237 3767 3459 3836 γέγονεν
3502 3767 3566 3818 ὲκ
3603 3766 3783 3835 μέσου

2184 3862 2400 3931 θανάτῳ
2475 3861 2937 3933 κατειλημμένος,
2998 3859 3301 3929 διαδέχεται
3367 3858 3429 3912 τὸ
3494 3859 3785 3929 σκῆπτρον

2196 3952 2465 4023 Ἐζεκίας.
2490 3952 2861 4024 βασιλεύοντος
2888 3956 2946 4006 ὲν
2983 3955 3049 4024 τῇ
3089 3950 3371 4024 Σαμαρείᾳ
3397 3950 3490 4005 τοῦ
3534 3950 3783 4022 Ἰσραὴλ,

2182 4044 2302 4115 ήτοι
2336 4043 2443 4098 τῶν
2465 4044 2598 4098 δέκα
2626 4043 2807 4114 φυλῶν
2835 4044 2993 4115 Ὠσηὲ
3039 4042 3157 4097 υίοῦ
3191 4043 3342 4098 Ἠλά.
3383 4036 3458 4096 05
3490 4041 3782 4105 διέποντος

2182 4137 2285 4208 τὴν
2325 4136 2603 4209 βασιλείαν
2648 4137 3080 4210 κατεστράτευσε
3107 4136 3209 4206 τῆς
3242 4134 3556 4205 Σαμαρείας
3592 4134 3622 4186 6
3664 4134 3782 4189 τῶν

2196 4229 2497 4300 Ἀσσυρίων
2538 4227 2813 4301 βασιλεύς.
2855 4228 3133 4293 Συνεξεῖλε
3167 4228 3225 4280 δὲ
3270 4228 3406 4298 αὐτῇ
3441 4226 3536 4280 καὶ
3573 4224 3782 4291 πολλὰς

2183 4321 2377 4394 ἑτέρας
2428 4322 2527 4394 τῆς
2566 4320 2825 4385 Ἰουδαίας
2863 4319 3071 4385 πόλεις.
3112 4316 3244 4373 Εἶτα
3277 4319 3415 4391 μετά
3470 4317 3634 4371 τοῦτο
3676 4316 3777 4372 τοῦ

2183 4413 2539 4487 Σενναχειρὶμ
2598 4414 3027 4485 κατατρέχοντος
3085 4412 3182 4485 τήν
3227 4412 3489 4467 Ἰουδαίαν
3561 4411 3779 4465 σέσωκε

504 4501 664 4543 sarus
688 4502 783 4541 rex
805 4485 1150 4555 Assyriorum
1173 4485 1224 4539 lu
1251 4485 1574 4553 Samariam,
1594 4499 1821 4555 eamque
1842 4486 2074 4550 obsedit,

2185 4502 2314 4566 Θεὸς
2370 4485 2687 4575 παραδόξως
2732 4505 2831 4576 τὴν
2887 4503 3245 4575 Ἰερουσαλὴμ
3301 4500 3560 4565 εὐσεϐοῦς
3618 4502 3777 4566 ὄντος

500 4594 566 4634 ea
591 4590 714 4648 post
743 4579 1038 4633 triennium
1056 4587 1210 4645 capta
1241 4592 1385 4633 anno
1407 4587 1562 4635 sexto
1580 4576 1847 4642 Ezechiae,
1865 4577 1960 4647 qui
1978 4576 2080 4630 fuit

499 4684 675 4723 annus
709 4667 872 4739 159
906 4683 1079 4723 nonus
1102 4667 1254 4725 Oscae
1294 4671 1435 4740 regis
1467 4668 1652 4727 Israel.
1700 4669 1766 4722 Et
1785 4678 1943 4736 capta
1997 4675 2084 4723 ost

501 4759 778 4828 Samaria,
816 4769 871 4816 et
904 4761 1143 4816 traduxit
1181 4775 1274 4817 rex
1308 4762 1654 4831 Assyriorum
1697 4758 1999 4815 Samariam
2028 4758 2083 4813 in

500 4853 779 4924 Assyrios,
823 4862 879 4908 et
911 4852 966 4909 in
1002 4854 1154 4922 Alae,
1189 4864 1244 4909 et
1285 4854 1339 4909 in
1382 4854 1551 4911 Abior
1591 4850 1755 4906 lluvio
1796 4847 2002 4918 Gozan,
2027 4859 2082 4905 et

503 4945 557 4998 in
627 4945 898 5001 montibus
956 4960 1051 5002 eos
1110 4945 1396 5002 collocavit
1446 4943 1751 5007 Medorum,
1795 4955 1863 4997 eo
1935 4942 2078 5012 quod

504 5051 612 5092 non
671 5038 996 5095 audiverunt
1047 5053 1237 5095 vocem
1292 5036 1506 5092 Domini
1575 5033 1669 5088 Dei
1703 5033 1804 5097 sui,
1847 5041 1902 5089 et
1960 5033 2080 5089 vio-

502 5131 684 5186 larunt
710 5129 884 5187 l‘mdus
912 5134 1049 5200 ejus,
1074 5130 1208 5185 nihil
1248 5143 1438 5185 eorum
1476 5140 1595 5196 quae
1624 5127 1877 5196 praecepit
1905 5125 2082 5181 Moses

502 5234 695 5278 servus
738 5221 953 5277 Domini
988 5219 1332 5283 audiverunt,
1382 5232 1485 5274 nec
1541 5214 1806 5273 fecerunt.
1863 5216 2081 5273 Decimo

505 5322 685 5367 autem
742 5322 936 5384 quarto
988 5326 1132 5366 anno
1174 5309 1318 5380 regis
1371 5309 1638 5373 Ezechiae,
1662 5307 1905 5364 ascendit
1938 5307 2079 5363 Sen-

501 5405 848 5460 nacherimus
901 5419 994 5459 rex
1051 5402 1401 5472 Assyriorum
1449 5401 1501 5456 in
1543 5400 1705 5457 urbes
1740 5400 1938 5457 ludam
1967 5416 2080 5457 mu-

466 5496 664 5560 onitas,
698 5511 899 5565 easque
946 5494 1251 5563 occupavit.
1314 5491 1379 5546 Et
1425 5493 1538 5551 haec
1559 5494 1775 5563 quidem
1807 5508 1874 5549 ex
1905 5495 2079 5551 sacris

498 5587 750 5644 Litteris.
780 5586 935 5653 Quod
975 5595 1152 5641 autem
1214 5587 1573 5657 depOpulatus
1633 5587 1706 5646 sit
1762 5585 2072 5645 Samariam

574 5745 642 5779 ιν
683 5742 748 5798 IV
779 5744 908 5816 Reg.
945 5758 1098 5812 XVIII,
1129 5746 1164 5802 9
1195 5750 1346 5818 sein.

2190 4594 2453 4665 Ἐζεκίου.
2500 4594 2814 4667 Γέγραπται
2867 4595 2924 4649 δὲ
2958 4595 3131 4659 οὕτως
3176 4596 3321 4666 ἐντῇ
3364 4595 3603 4667 τετάρτῃ
3665 4595 3776 4649 τῶν

2169 4684 2500 4740 Baatlstd'av'
2550 4686 2662 4740 Καὶ
2719 4686 2938 4756 ἐγένετο
2989 4688 3048 4742 ἐν
3103 4686 3183 4757 τῷ
3230 4688 3342 4741 ἐτει
3388 4687 3466 4759 τῷ
3524 4687 3779 4759 τετάρτῳ

2180 4775 2389 4846 βασιλεῖ
2432 4774 2666 4848 Ἐζεκίᾳ,
2697 4777 2858 4842 αὐτὸς
2880 4779 2909 4831 6
2931 4777 3174 4842 ἐνιαυτὸς
3200 4777 3429 4849 ἕϐδομος
3487 4777 3567 4849 τῷ
3610 4779 3775 4851 Ὠσηὲ

2177 4867 2280 4938 υἱῷ
2308 4866 2439 4921 ma.
2471 4866 2681 4938 βασιλεῖ
2711 4868 2950 4942 Ἰσραὴλ,
2985 4867 3150 4941 ἀνέϐη
3181 4868 3589 4941 Σαλαμανασάρ
3618 4869 3775 4940 βασι·
3852 4925 3859 4935 ,

2176 4958 2303 5023 λεὺς
2340 4959 2639 5031 Ἀσσυρίων
2663 4960 2756 5013 ἐπὶ
2781 4960 3096 5031 Σαμάρειαν
3127 4962 3221 5014 καὶ
3248 4960 3556 5032 ἐπολιόρκει
3575 4962 3771 5034 αὐτήν.

2177 5050 2288 5106 Καὶ
2345 5050 2671 5106 κατελάϐετο
2701 5052 2873 5123 αὐτὴν
2906 5052 3014 5106 ἀπὸ
3063 5050 3254 5116 τέλους
3290 5052 3461 5124 τριῶν
3508 5052 3669 5118 ἐτῶν,
3712 5055 3772 5107 ὲν

2176 5141 2288 5195 ἔτει
2317 5141 2460 5213 ἕκτῳ
2488 5141 2565 5213 τῷ
2603 5142 2839 5215 Ἐζεκίᾳ,
2870 5144 3032 5207 αὐτὸς
3070 5146 3100 5198 ὁ
3127 5145 3373 5208 ἐνιαυτὸς
3428 5143 3652 5209 ἔννατος
3690 5144 3773 5214 τῷ

2189 5235 2348 5307 Ὠσηὲ
2397 5234 2605 5306 βασιλεῖ
2666 5236 2902 5310 Ἰσραήλ.
2936 5236 3048 5291 Καὶ
3101 5235 3409 5309 συνελήφθη
3461 5236 3768 5307 Σαμάρεια,

2181 5326 2278 5379 καὶ
2304 5324 2552 5396 ἀπῴκισε
2579 5325 2829 5395 βασιλεὺς
2879 5326 3181 5398 Ἀσσυρίων
3206 5327 3306 5397 τὴν
3346 5326 3664 5397 Σαμάρειαν
3690 5328 3766 5389 είς

2195 5417 2534 5487 Ἀσσυρίους,
2587 5420 2680 5470 καὶ
2734 5416 2929 5489 ἔθηκεν
2977 5418 3173 5481 αὐτοὺς
3232 5419 3292 5472 ὲν
3358 5417 3517 5471 Ἀλαὲ
3563 5417 3659 5471 καὶ
3711 5419 3769 5469 ἐν

2194 5504 2396 5579 Ἀϐιὼρ
2418 5507 2647 5579 ποταμῷ
2671 5507 2879 5574 Γωζᾶν,
2916 5511 3013 5563 καὶ
3033 5511 3112 5574 είς
3143 5509 3211 5564 ra
3237 5510 3340 5581 δρη
3375 5508 3597 5577 Μήδων·
3654 5506 3766 5562 ἀνθ’

2182 5591 2278 5667 ὧν,
2307 5599 2390 5652 ὅτι
2419 5599 2517 5652 οὐκ
2568 5599 2806 5669 ἥκουσαν
2830 5600 3015 5670 φωνῆς
3043 5600 3250 5671 Κυρίου
3276 5598 3371 5654 τοῦ
3398 5598 3534 5653 Θεοῦ
3564 5599 3768 5668 αὐτῶν,
