4016 6464
162 349 264 410 εει

166 470 260 525 καὶ
311 467 648 538 παρέῆτβαν
701 466 799 539 τήν
845 467 1112 539 διαθήκην
1137 467 1324 532 αὑτοῦ,
1369 468 1548 523 πάντα
1584 468 1688 523 ὃσα
1729 468 1786 522 ὲν

164 561 426 617 ετείλατο
456 561 676 633 Μωσῆς
707 563 736 615 6
764 559 953 624 δοῦλος
983 562 1216 634 Κυρίου,
1251 564 1347 616 καὶ
1387 563 1489 617 οὐκ
1532 563 1799 634 ἥκουσαν,

165 655 260 709 καὶ
299 653 408 708 οὐκ
450 653 747 724 ἐποίησαν.
781 655 894 707 Καὶ
943 653 1023 725 τῷ
1048 654 1641 726 τεσσαρεσκαιδεκάτῳ
1688 654 1802 708 ἔτει

167 744 449 816 βασιλέως
529 742 803 814 Ἐζεκίου,
863 745 1034 816 ἀνέϐη
1087 747 1488 817 Σενναχειρεὶμ
1547 745 1804 817 βασιλεὺς

179 835 500 906 Ἀσσυρίων
534 835 633 888 ἐπὶ
653 835 754 900 τὰς
779 836 967 902 πόλεις
987 837 1090 908 τῆς
1132 837 1400 902 Ἰουδαίας
1434 838 1536 904 τὰς
1575 839 1800 911 ὀχυρὰς,

175 932 274 983 7.1".
307 926 616 981 σ’δνέλαῦεν
661 929 858 992 αὐτάς.
919 931 1030 983 Καὶ
1077 932 1239 984 ταυτὶ
1277 931 1377 1002 μὲν
1407 933 1472 986 ἐκ
1499 932 1606 986 τῶν
1641 932 1804 1006 ἱερῶν

187 1021 562 1092 ι’ραμμὰτων.
633 1021 759 1075 Ὅτι
796 1022 853 1074 δὲ
917 1023 1240 1094 πεπόρθηκε
1285 1027 1386 1096 τὴν
1425 1025 1745 1097 Σαμάρειαν
1779 1027 1806 1080 6

191 1115 599 1186 Σενναχειρεὶμ,
629 1114 946 1169 ἀναϐαίνων
975 1116 1117 1170 κατὰ
1145 1116 1256 1170 τῶν
1298 1117 1708 1189 Ἰεροσολύμων,
1748 1118 1806 1184 ἐξ

191 1201 256 1257 ὧν
282 1207 445 1271 αὐτὸς
470 1207 762 1278 γέγραφεν
806 1210 836 1262 6
887 1209 1156 1281 μακάριος
1191 1211 1422 1276 Ἡσαΐας
1449 1212 1478 1264 6
1514 1212 1806 1283 προφήτης

192 1299 410 1369 ἀκονητὶ
449 1299 781 1372 διοψόμεθα.
820 1300 1271 1373 Προσπεφώνηκε
1305 1301 1414 1374 γὰρ
1441 1301 1618 1365 οὕτως
1685 1303 1806 1356 'Pat-

182 1395 359 1465 ᾁάκης
385 1397 506 1459 τοῖς
536 1394 882 1466 καθημένοις
922 1397 981 1449 ὲν
1005 1394 1084 1465 τῷ
1112 1395 1308 1466 τείχειο
1353 1395 1440 1468 Μὴ
1485 1395 1632 1466 ὑμᾶς
1666 1397 1805 1449 ἀπασ

182 1490 322 1542 duo
373 1489 656 1560 Ἐζεκίας,
683 1488 864 1556 λέγων
884 1504 898 1519 °
938 1489 996 1542 Ὀ
1021 1489 1156 1552 Θεὸς
1187 1489 1344 1560 ὑμῶν
1380 1489 1608 1561 ῥύσεται
1636 1490 1803 1560 ὑμᾶς.

180 1582 264 1650 Μὴ
296 1580 620 1652 ἐρρύσαντο
643 1580 692 1632 οἱ
724 1579 841 1632 θεοὶ¹
870 1578 982 1632 τῶν
1017 1579 1189 1634 ἐθνῶν
1213 1581 1448 1643 ἕκαστος
1484 1580 1584 1652 τὴν
1610 1580 1807 1634 ἑαυτοῦ

175 1673 365 1744 χώραν
405 1675 473 1726 ὲκ
521 1672 712 1744 χειρὶις
769 1671 1037 1744 βασιλέως
1080 1673 1420 1744 Ἀσσυρίων;
1454 1672 1565 1726 Ποῦ
1603 1672 1752 1726 ἐστιν
1782 1674 1810 1726 6

173 1765 294 1827 Θεὸς
353 1763 599 1834 Ὀμὰθα,
638 1765 733 1817 καὶ
785 1763 996 1834 Ἀρφὰθ
1022 1781 1036 1827 ;
1067 1765 1164 1818 καὶ
1189 1765 1295 1818 ποῦ
1324 1764 1528 1819 ἔστιν-ὁ
1561 1765 1681 1827 θεὸς
1708 1763 1809 1834 τῆς

173 1858 393 1920 xilem;
452 1855 888 1928 Σεπφαρουείμς
949 1855 1026 1929 μὴ
1071 1855 1332 1910 ,ἐδύναντο
1390 1856 1563 1910 σῶσαι
1621 1843 1809 1926 Σαμα-

171 1962 335 2016 ρειαν
373 1946 443 2000 ὲκ
486 1945 675 2016 χειρός
714 1962 853 2017 μου;
886 1944 1249 2017 Προανῄρηκε
1309 1945 1490 1999 τοίνυν
1545 1945 1644 2015 τὴν
1691 1947 1812 2000 Σα-

170 2038 426 2107 μάρειαν
450 2037 480 2090 6
509 2038 910 2110 Σενναχειρεὶμ
943 2039 1065 2100 ταῖς
1096 2036 1287 2101 ἄλλαις
1332 2036 1470 2108 ὁμοῦ
1519 2037 1708 2092 πόλεσι
1749 2056 1810 2092 τε

167 2133 272 2184 καὶ
298 2130 524 2202 χώραις
552 2148 568 2163 °
625 2126 748 2186 εἶτα
808 2130 1217 2203 πεπολιόρκηκε
1273 2130 1375 2201 τὴν
1430 2131 1808 2204 Ἰερουσαλήμ.

180 2225 427 2296 Ἐπειδὴ
465 2223 580 2295 γὰρ
610 2226 714 2295 τῆς
747 2223 898 2289 θείας
922 2224 1348 2296 κατεφλυάρησε
1381 2223 1560 2295 δόξης,
1584 2224 1812 2296 ἐξῆλθεν

166 2313 422 2383 ἄγγελος
455 2315 615 2385 παρὰ
645 2314 876 2386 Κυρίου,
917 2315 1008 2368 καὶ
1041 2314 1253 2368 ἀνεῖλεν
1299 2315 1363 2369 ὲκ
1393 2315 1494 2384 τῆς
1529 2314 1805 2386 παρεμϐο-

166 2411 274 2480 λῆς
308 2410 426 2463 τῶν
468 2408 783 2479 Ἀσσυρίων
820 2411 877 2462 ὲν
911 2411 1012 2482 μιᾷ
1051 2411 1210 2464 νυκτὶ
1265 2409 1461 2465 ἑκατὸν
1500 2412 1595 2466 καὶ
1632 2413 1814 2483 ὀγδοή-

170 2521 349 2558 κοντα
421 2503 591 2557 πέντε
646 2502 914 2573 χιλιάδας.
977 2504 1189 2559 Οὐκοῦν
1241 2505 1545 2578 ἐπειδήπερ
1584 2507 1814 2578 ἀφίκετο

174 2597 280 2666 μὲν
329 2596 484 2650 κατὰ
533 2595 647 2648 τῶν
693 2595 1090 2668 Ἰεροσολύμων
1133 2600 1162 2650 6
1201 2599 1613 2672 Σενναχειρεὶμ,
1678 2617 1814 2673 προ-

171 2691 359 2744 ανεῖλε
401 2691 462 2745 δὲ
505 2691 608 2762 τὴν
662 2691 984 2762 Σαμάρειαν
1044 2691 1183 2748 Θεοῦ
1237 2695 1574 2766 παραδόντος
1622 2695 1812 2767 αὐτὴν,

171 2785 354 2840 διὰτοι
386 2785 454 2838 τὸ
490 2784 632 2855 spem
659 2783 878 2838 ἑλέσθαι
913 2784 984 2839 τὰ
1020 2785 1191 2857 χείρω
1238 2787 1348 2841 τῶν
1390 2790 1451 2842 ὲν
1495 2791 1611 2852 τοῖς
1655 2789 1815 2861 Ἰερο-

177 2879 472 2950 σολύμοις,
534 2878 856 2946 ἀναγκαίως
919 2880 1054 2951 φησι
1080 2897 1094 2911 ·
1144 2899 1164 2933 ι
1222 2880 1464 2936 Θάνατον
1525 2883 1815 2938 ἀπέστειλε

182 2973 394 3044 Κύριος
427 2972 528 3027 ἐπὶ
573 2970 795 3037 Ἰακὼϐ,
839 2973 934 3026 καὶ
969 2969 1135 3044 ἦλθεν
1176 2973 1270 3028 ἐπὶ
1323 2975 1566 3050 Ἰσραήλ.
1618 2998 1636 3030 ι
1673 2978 1814 3032 Ἀλλ’

181 3065 588 3138 ἐμπεπρησται
650 3065 750 3136 μὲν
798 3069 833 3138 ή
893 3067 1182 3138 Σαμάρεια
1237 3063 1372 3141 ὲνῇ
1427 3070 1754 3141 κατῴκησεν
1787 3071 1817 3124 6

194 3158 444 3231 Ἰσραὴλ,
476 3158 632 3214 τοῦτ’
680 3156 854 3224 ἐστιν,
886 3159 944 3212 αἱ
989 3157 1123 3214 δέκα
1158 3159 1348 3229 φυλαὶ,
1395 3161 1487 3214 καὶ
1535 3160 1816 3216 ἀπόλωλεν

182 3253 476 3316 ἑιλοτελῶς.
512 3249 627 3306 τΗν
659 3253 716 3306 δὲ
764 3247 923 3323 οἶμαι
955 3253 1120 3322 σοφὸν
1159 3253 1415 3325 ἐννοῆσαι
1453 3253 1644 3308 λοιπὸν
1688 3257 1816 3316 τοὺς

189 3346 642 3418 περιληφθέντας
715 3346 776 3399 ὲν
830 3347 992 3418 αὐτῇ,
1028 3346 1112 3400 ὅτι
1160 3347 1222 3399 τὸ
1279 3347 1646 3419 προσκρούειν
1697 3346 1819 3419 Θεῷ

197 3441 554 3512 παγχάλεπον
606 3440 832 3509 ἀληθῶς
859 3457 873 3472 ·
936 3437 1060 3494 εἶτα
1117 3441 1280 3495 τοῦτο
1321 3441 1685 3512 διεγνωκότας
1726 3443 1820 3496 ὲκ-

205 3532 580 3603 μειλίσσεσθαι
611 3535 711 3586 τὸν
725 3531 1108 3602 λελυπημένον
1138 3532 1342 3603 χρῆναι
1365 3531 1542 3602 δήπου
1577 3531 1816 3594 πάντως,

201 3629 288 3680 καὶ
316 3631 444 3692 ταῖς
469 3629 552 3691 εἰς
585 3627 652 3679 τὸ
681 3625 913 3697 ἄμεινον
955 3624 1284 3697 μεταϐολαῖς
1319 3625 1758 3696 καταμαλθάσσε
1773 3641 1821 3678 ιν

197 3722 704 3793 παρωτρυμμένον.
747 3720 813 3774 Οἱ
855 3720 914 3774 δὲ
951 3719 1112 3773 τοῦτο
1157 3719 1254 3790 μὲν
1300 3719 1401 3772 ούκ
1455 3719 1648 3790 ἔδρων,
1698 3719 1821 3774 οὐδὲ

193 3820 270 3881 είς
325 3815 461 3872 νοῦν
491 3813 744 3886 ἐδέχοντό
796 3811 1000 3866 ποθενο
1035 3811 1432 3883 ἁπονοούμενοι
1483 3813 1541 3868 δὲ
1595 3812 1694 3866 καὶ
1739 3813 1822 3866 ἔτι

191 3910 470 3982 μειζόνως
510 3909 778 3976 ἔφασκον·
827 3926 844 3958 ι
877 3905 1100 3961 Πλίνθοι
1145 3905 1524 3969 πεπτώκασιν,
1565 3905 1704 3960 ἀλλὰ
1729 3907 1824 3960 λα-

187 4000 486 4070 ξεύσωμεν
529 3997 741 4062 λίθους,
800 3996 898 4052 καὶ
948 3996 1206 4066 κόψωμεν
1239 3997 1580 4068 συκαμίνους
1611 3997 1706 4052 καῖ⁹
1737 3998 1822 4053 κέ·

184 4090 376 4161 δρους,
402 4089 506 4146 καὶ
521 4089 978 4160 οίκοδομήσωμεν
991 4089 1207 4150 ἑαυτοῖς
1229 4087 1464 4160 πύργον.
1492 4108 1512 4141 ι
1545 4091 1608 4143 Ὢ
1622 4089 1823 4162 πολλῆς

190 4183 467 4255 ἀμαθίας.
503 4179 636 4245 Πῶς
663 4180 774 4252 γὰρ
801 4179 901 4234 οὐκ
945 4178 1054 4233 ἔδει
1087 4178 1291 4250 μᾶλλον
1330 4181 1530 4234 εἰπεῖν·
1577 4182 1823 4253 Προσκε-

193 4276 526 4349 κρούκαμεν
577 4273 639 4341 ὲξ
699 4271 965 4336 ἀϐουλίας
1003 4271 1083 4344 τῷ
1133 4275 1312 4328 πάντα
1381 4271 1620 4343 ἰσχύοντι
1662 4273 1821 4343 ego;

194 4371 467 4426 Ἰίλωσάν
493 4385 558 4422 τε
588 4367 798 4440 ταύτης
831 4365 994 4420 ἕνεκα
1019 4367 1120 4437 τῆς
1148 4365 1351 4431 αἰτίας,
1409 4368 1466 4421 αἱ
1514 4367 1646 4439 παρ’
1692 4366 1826 4438 ήμῖν

193 4467 383 4530 πόλεις
439 4481 504 4517 τε
566 4462 664 4516 καὶ
718 4459 929 4531 κῶμαι.
997 4459 1187 4526 Δεῦτε,
1243 4461 1366 4524 ταῖς
1418 4457 1826 4530 μεταγνώσεσιν

190 4551 719 4628 ἁποφορτισώμεθα
773 4553 874 4625 τὴν
917 4553 1111 4624 ὀργήν.
1169 4551 1234 4606 Οἱ
1273 4551 1333 4606 δὲ
1375 4553 1538 4608 ταυτὶ
1587 4551 1690 4622 μὲν
1728 4552 1831 4606 οὐκ

193 4653 448 4720 ἔφασκον
481 4664 495 4678 ο
543 4645 1079 4719 περιυϐρίζοντεςδὲ
1105 4643 1310 4716 μᾶλλον
1355 4645 1456 4716 τῆς
1505 4644 1832 4717 ἐπικουρίας

193 4747 294 4816 τῆς
333 4741 496 4814 παρὰ
526 4741 667 4795 Θεοῦ
711 4740 814 4811 τὴν
849 4738 1157 4808 ἀσφάλειαν
1192 4736 1435 4808 ἔφασκον
1484 4735 1569 4790 ὅτι
1621 4735 1691 4790 τὰ
1723 4735 1835 4790 τῶν

195 4840 419 4893 πόλεων
448 4837 614 4906 τείχη
642 4834 752 4888 τῶν
781 4832 924 4887 κατὰ
944 4831 1044 4904 τὴν
1061 4831 1381 4902 Σαμάρειαν
1411 4829 1709 4900 πεποίηντο
1733 4829 1834 4903 μὲν

197 4937 263 4988 ἑκ
289 4931 525 4988 πλίνθου
549 4929 782 5004 σαθρᾶς.
821 4930 948 4985 Ἐὰν
971 4925 1027 4983 δὲ
1045 4927 1229 4992 λίθους
1243 4925 1617 4998 λαξεύσωμεν,
1635 4925 1733 4982 καὶ
1764 4925 1833 4980 τὰ

197 5031 432 5104 ἄσηπτα
460 5029 576 5084 τῶν
604 5027 801 5094 ξύλων,
850 5023 1184 5094 συκαμίνους
1209 5021 1266 5076 δὲ
1323 5038 1398 5094 φη
1408 5021 1582 5092 phata).
1606 5019 1831 5093 κέδρους

197 5125 548 5198 ἀρμόσωμεν
588 5121 779 5183 αὐτοῖς
806 5117 903 5172 καὶ
930 5115 1334 5188 ἀναστήσωμεν
1364 5114 1596 5186 πύργον,
1619 5115 1832 5170 ἀνάλω-

194 5221 284 5274 τοί
323 5235 389 5273 τε
421 5214 668 5286 ἐσόμεθα
707 5215 822 5276 τοῖς
857 5209 1096 5283 ἐχθροῖς,
1138 5208 1236 5262 καὶ
1280 5207 1584 5280 ἀπόρθητοι
1639 5207 1832 5279 μενοῦ-

202 5331 330 5384 μεν.
367 5312 432 5367 Oi
465 5308 653 5362 τοίνυν
685 5304 888 5369 ταῦτα,
943 5302 1134 5374 φησὶν,
1169 5302 1256 5369 ἐφ’
1288 5299 1459 5372 ὕϐρει.
1491 5301 1590 5354 καὶ
1647 5298 1828 5370 ὑψηλῇ

196 5405 407 5479 καρδίᾳ
434 5403 716 5471 λέγοντες,
766 5397 1092 5468 γνώσονται,
1132 5393 1280 5449 τοῦτ’
1309 5393 1448 5460 ἐστι,
1488 5393 1828 5468 μαθήσονται

199 5494 391 5554 πάλιν,
436 5493 562 5546 ὅποι
611 5489 744 5544 ποτὲ
811 5486 1077 5558 βαδιεῖται
1108 5485 1170 5539 τὸ
1210 5485 1440 5556 σκέμμα
1489 5485 1698 5550 αὐτοῖς,
1734 5491 1830 5542 καὶ

1367 345 1436 403 ΙΝ
1474 343 1713 402 ISAIAM
1756 342 1888 400 LIB.
1936 342 1976 398 1.
2019 343 2234 404 ORAT.
2271 347 2362 404 Vl.

3413 345 3520 399 26').

1835 471 1882 530 Α
1913 464 2381 526 Scnnacherimus
2437 473 2784 542 expeditione
2819 471 2959 526 facta
3019 479 3210 525 contra
3257 467 3521 523 llieroso~

1907 562 2076 636 lyma,
2109 578 2176 618 ex
2223 565 2308 619 his
2353 580 2477 634 qua:
2509 566 2702 621 beatus
2733 564 2901 620 lsaias
2949 564 3212 636 protulit-ta
3276 561 3519 630 scripsit,

1909 657 2060 713 nuilo
2090 657 2310 729 negotio
2340 657 2667 712 videbimus.
2711 657 2984 715 Clamavit
3018 655 3288 727 siquidem
3326 652 3524 722 Rhapv

1909 764 2064 806 saces
2109 749 2192 804 his
2230 749 2320 819 qui
2371 749 2636 805 sederunt
2696 749 2748 804 in
2801 749 3096 813 mtenibus,
3137 747 3372 802 hunc-in
3404 757 3526 799 mo—

1909 842 2036 896 dum
2075 855 2088 892 :
2131 838 2208 896 Ne
2255 840 2409 895 vobis
2466 841 2712 909 imponat
2765 837 3048 904 Ezechias,
3088 839 3275 893 dicens
3321 855 3334 891 :
3374 835 3520 891 Deus

1909 944 2093 990 vester
2172 933 2369 1004 eripiet
2433 946 2552 987 vos.
2584 929 2724 986 Num
2782 931 3100 1000 eripuerunt
3144 929 3217 985 dii
3273 929 3518 999 gentium

1911 1044 2064 1083 suam
2104 1029 2338 1099 quisque
2378 1025 2655 1096 regionem
2695 1037 2725 1078 c
2749 1037 2909 1078 manu
2946 1022 3090 1092 regis
3123 1018 3520 1092 Assyriorum!

1913 1121 2016 1179 Ubi
2059 1133 2144 1176 est
2177 1121 2312 1175 deus
2368 1119 2589 1180 Amath,
2615 1125 2669 1173 et
2721 1115 3008 1186 Arphath?
3041 1124 3098 1168 et
3137 1115 3226 1169 ubi
3265 1115 3399 1169 deus
3435 1114 3515 1169 ci-

1913 1213 2094 1267 vitatis
2134 1209 2500 1280 Sepharaiin?
2529 1207 2671 1261 Num
2712 1205 3020 1262 Samariam
3081 1220 3112 1259 a
3147 1221 3310 1260 manu
3395 1219 3516 1259 mea

1913 1306 2206 1363 defendere
2249 1303 2537 1373 poterant?
2575 1299 2787 1357 Evertit
2839 1300 3097 1355 nimirum
3152 1307 3278 1352 ante
3321 1295 3519 1351 Sama-

1913 1403 2050 1458 riam
2110 1398 2600 1463 Sennacherimus,
2641 1413 2766 1452 cum
2824 1388 3146 1450 aliis'simul
3196 1391 3424 1447 urbibus
3467 1400 3523 1444 et

1915 1495 2248 1567 regionibus,
2302 1508 2368 1548 ac
2431 1495 2648 1549 demum
2692 1490 2997 1546 Jerusalem
3067 1489 3301 1544 obsedit.
3353 1486 3523 1542 Post-

1914 1605 2078 1659 quam
2131 1588 2276 1642 enim
2313 1586 2371 1640 in
2413 1585 2652 1640 divinam
2719 1583 3056 1653 majestatem
3112 1583 3227 1635 haec
3292 1577 3520 1652 dicteria

1907 1679 2154 1748 iecisset,
2190 1691 2445 1746 egressus
2511 1690 2541 1729 a
2603 1673 2835 1731 Domino
2900 1671 3153 1742 angelus,
3202 1668 3404 1724 occidit
3453 1681 3521 1722 ex

1916 1771 2113 1828 castris
2164 1770 2514 1841 Assyriorum
2575 1783 2683 1823 una
2760 1777 2920 1822 nocte
2981 1772 3200 1819 centum
3255 1770 3312 1816 et
3367 1768 3523 1816 octo-

1917 1864 2066 1935 ginta
2122 1860 2365 1931 quinque
2409 1858 2596 1915 millia.
2626 1858 2760 1912 Cum
2797 1857 2967 1926 igitur
2999 1853 3405 1923 expeditionem
3444 1850 3523 1904 fe-

1915 1957 2080 2011 cisset
2136 1963 2328 2008 coutra
2385 1951 2760 2022 Hierosolyma
2802 1946 3290 2009 Sennacherimus,
3327 1943 3524 1999 Sama-

1915 2049 1995 2103 ria
2067 2049 2218 2118 prius
2301 2031 2594 2116 occupata,
2629 2044 2740 2099 Deo
2813 2043 3064 2097 tradente
3153 2054 3298 2105 eam,
3379 2037 3524 2106 quod

1916 2141 2179 2212 nequiora
2211 2140 2294 2196 his
2352 2155 2472 2208 qua:
2511 2136 2906 2208 Hierosolymis
2955 2134 3095 2189 facta
3151 2142 3303 2198 sunt,
3340 2140 3526 2203 patra-

1919 2236 2077 2300 verit,
2111 2234 2428 2290 necessario
2464 2232 2634 2302 inquit
2668 2248 2683 2286 :
2715 2248 2734 2283 ι
2761 2229 2990 2284 Mortem
3037 2227 3223 2284 emisit
3274 2226 3419 2281 Deus
3468 2223 3523 2279 in

1915 2329 2105 2394 Jacoh,
2138 2337 2192 2384 et
2254 2327 2456 2383 invasit
2512 2325 2699 2381 lsrael.
2744 2343 2764 2376 ι
2801 2325 2870 2377 At
2921 2323 3145 2378 incensa
3200 2329 3282 2376 est
3330 2320 3528 2376 civitas

1918 2421 2408 2483 Samaritanorum,
2451 2419 2504 2472 in
2565 2433 2673 2489 qua
2727 2417 2998 2471 habitavit
3075 2413 3268 2478 Israel,
3317 2413 3369 2467 id
3419 2422 3524 2475 εει,

1917 2515 2106 2568 decem
2169 2513 2362 2576 tribus,
2393 2519 2448 2565 et
2501 2509 2744 2564 funditus
2796 2509 2979 2578 periit.
3022 2506 3155 2560 Erat
3204 2520 3369 2574 porro
3432 2518 3524 2558 sa-

1919 2603 2157 2674 pientire,
2201 2603 2386 2667 credo,
2441 2587 2500 2656 ut
2547 2601 2802 2668 deinceps
2847 2599 3286 2661 considerarent,
3327 2595 3379 2651 hi
3430 2595 3526 2664 qui

1919 2698 1972 2754 in
2023 2714 2088 2754 ea
2155 2696 2329 2752 relicu
2371 2705 2552 2761 erant,
2611 2693 2778 2749 Deum
2835 2692 3134 2757 oﬂ‘endere,
3166 2705 3288 2746 esse
3345 2691 3526 2759 reipsa

1918 2775 2336 2864 gravissimum:
2360 2791 2483 2846 dein
2511 2791 2615 2844 hoc
2645 2789 2863 2858 cognito
2887 2797 2944 2842 et
2969 2795 3281 2856 perspecto,
3307 2783 3528 2855 placare

1917 2882 2184 2940 oﬂ‘ensum
2239 2883 2463 2938 omnino
2497 2891 2771 2952 oportere,
2801 2890 2855 2936 et
2891 2879 3282 2934 mutationibus
3327 2879 3379 2931 in
3415 2889 3532 2932 me-

1919 2976 2025 3031 lius
2079 2977 2350 3046 mitigare.
2410 2976 2564 3043 Quod
2628 2973 2683 3028 hi
2741 2989 2848 3027 non
2896 2970 3170 3034 fecerunt,
3235 2983 3417 3038 neque
3471 2967 3529 3022 in

1921 3073 2161 3127 animum
2213 3073 2575 3137 induxerunt,
2623 3069 2765 3124 unde
2813 3075 2996 3122 mente
3039 3064 3185 3135 capti
3241 3061 3532 3117 ambitiose

1844 3197 1888 3256 ε
1916 3164 2217 3237 jactarunt,
2248 3183 2266 3216 ι
2295 3162 2520 3219 Lateres
2537 3162 2875 3224 ceciderunt,
2894 3160 2988 3216 sed
3006 3157 3208 3222 venite,
3228 3156 3533 3211 incidamus

1922 3259 2150 3328 lapides,
2185 3258 2490 3312 incidamus
2527 3262 2863 3326 sycomoros,
2898 3263 2953 3309 et
2978 3254 3196 3319 cedros,
3219 3260 3276 3307 et
3297 3249 3533 3306 aediﬁce-

1923 3368 2044 3407 mus
2075 3351 2231 3406 uobis
2267 3350 2397 3420 ipsis
2440 3351 2657 3403 turrim.
2696 3367 2715 3400 ι
2745 3345 2792 3404 Ο
2826 3360 3076 3417 magnam
3103 3343 3407 3400 inscitiam!
3448 3343 3532 3396 An

1923 3462 2030 3501 non
2076 3445 2283 3514 aquius
2321 3443 2482 3514 160
2505 3450 2624 3497 erat
2668 3441 2875 3507 dicere,
2911 3438 3250 3497 Offendimus
3277 3451 3375 3508 per
3397 3435 3534 3491 stul-

1925 3539 2098 3594 titiam
2117 3548 2172 3592 et
2196 3535 2610 3608 incogitantiam
2633 3533 3062 3604 omnipotentem
3084 3529 3292 3588 Deum?
3315 3529 3532 3585 Vexata:

1923 3638 2051 3685 sunt
2103 3631 2241 3684 hanc
2283 3626 2355 3683 ob
2391 3641 2615 3682 causam
2642 3625 2807 3680 urbes
2837 3634 3036 3680 nostra:
3073 3631 3127 3678 et
3162 3622 3264 3677 vici
3290 3639 3304 3676 :
3329 3621 3532 3686 venite,

1927 3727 2068 3780 hanc
2115 3723 2251 3779 iram
2299 3718 2678 3792 resipiscentia
2713 3716 3117 3774 exoneremus?
3160 3718 3229 3771 At
3276 3714 3332 3770 hi
3367 3713 3535 3768 mini-

1927 3833 2014 3874 me
2067 3819 2256 3874 istharc
2309 3816 2592 3879 dixerunt,
2626 3813 2721 3870 sed
2749 3811 2920 3868 divini
2997 3809 3188 3865 auxilii
3241 3807 3536 3864 securitate

1925 3922 1980 3968 et
2038 3911 2294 3983 praesidio
2336 3906 2732 3966 contumeliose
2778 3913 3113 3974 contempto,
3166 3903 3532 3959 dictitabant:

1933 4025 1952 4059 ι
1990 4005 2220 4063 Urbium
2255 4003 2522 4060 Samaria
2579 4000 2740 4068 muri.
2764 3998 3033 4055 exstructi
3071 4005 3202 4053 sunt
3251 4011 3320 4052 ex
3363 3995 3536 4050 latere

1929 4101 2147 4154 vitioso.
2196 4098 2352 4163 Quod
2414 4098 2462 4152 si
2512 4110 2611 4151 nos
2687 4095 2898 4164 lapides
2957 4093 3243 4158 caedimus,
3272 4099 3326 4152 et
3390 4090 3534 4160 ligna

1929 4193 2267 4261 incorrupta,
2298 4202 2640 4261 sycomoros,
2685 4186 2931 4256 inquam,
2961 4195 3018 4241 et
3047 4185 3244 4240 cedros
3302 4182 3532 4252 adapta-

1927 4285 2195 4350 verimus,
2237 4282 2548 4349 turrimque
2583 4277 2944 4343 erexerimus,
2985 4291 3093 4331 non
3131 4273 3416 4342 capiamur
3467 4273 3534 4326 ab

1930 4374 2200 4436 hostibus,
2231 4378 2287 4426 et
2333 4370 2518 4426 invicti
2567 4368 2931 4424 manebimus.
2973 4367 3079 4434 Qui
3119 4380 3272 4436 ergo,
3331 4364 3534 4435 inquit,

1930 4469 2048 4524 haec
2100 4467 2411 4538 superbeet
2449 4463 2592 4519 elato
2633 4460 2798 4516 corde
2852 4461 3061 4526 dicunt,
3106 4459 3302 4524 scient,
3329 4457 3382 4512 id
3425 4453 3575 4520 est,‘

1863 4553 2151 4617 Ddiscent
2189 4571 2402 4625 rursus,
2456 4569 2567 4625 quo
2625 4553 2846 4610 tandem
2920 4551 3115 4608 evadet
3191 4550 3297 4607 hoc
3377 4563 3536 4605 suum

1935 4658 2272 4721 institutum,
2303 4663 2357 4709 et
2380 4653 2524 4725 quod
2559 4665 2750 4706 rursus
2781 4649 2833 4703 in
2861 4647 3158 4720 perniciem
3181 4647 3344 4702 cadet
3379 4657 3537 4699 suum

1935 4750 2245 4808 consilium.
2286 4747 2580 4804 Sciendum
2610 4754 2792 4799 autem
2841 4751 2964 4812 post
2999 4739 3362 4795 vastationem
3401 4733 3541 4790 Sen-

1936 4843 2265 4910 nacherimi,
2299 4840 2632 4912 temporibus
2646 4835 2919 4903 Jeremiae,
2939 4833 3538 4890 Nabuchodonosorum

1936 4935 2179 4993 Iudaeam
2239 4946 2583 5005 Oppugnasse
2639 4940 2694 4986 et
2751 4929 2984 4998 cepisse,
3042 4941 3109 4982 ac
3155 4935 3404 4981 vastasse
3453 4932 3540 4976 to-

1943 5045 2051 5091 tam
2113 5032 2443 5095 Samariam,
2495 5030 2776 5098 ipsamque
2810 5026 2948 5080 adeo
2993 5021 3322 5078 Jerusalem.
3373 5017 3540 5074 Proin

1939 5130 2210 5200 propheta
2285 5125 2553 5182 Jeremias
2623 5123 2731 5177 ait:
2789 5140 2808 5172 ι
2849 5117 3166 5174 Maledictus
3220 5115 3312 5184 qui
3387 5127 3540 5183 spem

1941 5217 2105 5271 habet
2157 5218 2212 5271 in
2275 5215 2518 5281 homine,
2553 5221 2608 5270 et
2665 5211 2846 5266 ﬁrmat
2896 5223 3118 5264 carnem
3165 5205 3376 5262 brachii
3431 5206 3541 5268 sui,

1939 5321 1994 5367 et
2033 5328 2062 5367 a
2101 5310 2333 5366 Domino
2367 5309 2598 5365 discedit
2631 5322 2727 5363 cor
2759 5305 2879 5377 ejus
2911 5303 2980 5360 ".
3029 5324 3048 5356 ι
3085 5301 3342 5358 Servabit
3393 5297 3540 5353 enim

1941 5411 2102 5451 nemo
2135 5409 2283 5463 eum,
2307 5393 2401 5464 qui
2457 5393 2654 5449 divina:
2695 5391 2790 5446 irae
2817 5387 3091 5446 obnoxius
3117 5394 3203 5442 est
3228 5402 3242 5438 :
3279 5401 3298 5434 ι
3325 5380 3540 5435 Manum

1937 5490 2084 5544 etaim
2105 5487 2378 5544 excelsam
2404 5486 2529 5556 quis
2544 5494 2756 5541 avertet
2777 5484 2867 5540 ’σί
2904 5503 2924 5536 ι
2959 5481 3119 5539 sicuti
3147 5478 3407 5544 scriptum
3433 5479 3538 5524 est.

201 5590 281 5642 δτι
345 5587 512 5642 πάλιν
564 5581 955 5653 ἐκτελευτήσει
1018 5579 1158 5652 πρὸς
1222 5577 1446 5652 ὄλεθρον
1502 5581 1535 5647 ή
1603 5578 1767 5653 βουλὴ
1818 5583 2024 5647 αὐτοῖς.
2092 5581 2290 5635 ’ἰστέον
2320 5579 2379 5634 δὲ
2413 5581 2496 5635 ὅτι
2548 5577 2690 5649 μετὰ
2731 5578 2831 5650 τὴν
2878 5575 3145 5648 πόρθησιν
3195 5568 3289 5622 τοῦ
3336 5566 3543 5618 Σεννα‹

204 5684 428 5758 χειρεὶμ
489 5682 550 5734 ὲν
600 5677 821 5750 καιροῖς
875 5673 1147 5763 ςίερεμίου
1175 5715 1190 5740 ,
1237 5672 1594 5744 πεπολέμηκε
1646 5676 1749 5748 τὴν
1799 5677 2062 5733 Ἰουδαίαν
2115 5679 2143 5730 6
2190 5675 2665 5747 Ναϐουχοδονόσορ
2696 5667 2808 5728 εἷλέ
2827 5689 2888 5727 τε
2918 5673 3102 5728 πᾶσαν
3135 5664 3278 5723 κατὰ
3316 5659 3542 5733 κράτος.

766 5863 794 5892 2‘!

270 5869 319 5900 “
345 5868 560 5926 let-em.
595 5882 733 5934 xvn,
763 5863 819 5922 5.
897 5862 943 5894 ’°
976 5861 1078 5918 lsa.
1106 5876 1221 5928 xw,
1265 5859 1359 5920 27,
