4016 6466
525 311 633 367 2θῦ
1520 307 1580 364 S.
1620 304 1901 365 CYRILLI
1943 307 2422 371 ALEXANDMNI
2459 314 2781 374 ARCHIEP.
3713 325 3832 386 τοι

527 434 623 489 καὶ
688 430 1007 503 πεπόρθηκε
1055 430 1154 503 τὴν
1202 429 1535 502 Σαμάρειαν,
1599 429 1694 483 καὶ
1735 429 1907 503 αὐτὴν
1958 432 2055 487 καὶ
2090 432 2190 507 τὴν
2234 434 2613 509 Ἰερουσαλήμ.
2644 437 2854 493 Οὐκοῦν
2884 456 3049 511 φησιν
3095 442 3124 494 ὁ
3171 446 3457 517 προφήτης
3514 441 3787 516 Ἱερεμίας
3814 464 3828 477 ·

531 544 551 578 ι
610 526 1064 595 Ἐπικατάρατος,
1095 525 1150 588 ὃς
1172 522 1270 595 τὴν
1297 521 1487 576 ἐλπίδα
1518 522 1632 593 ἔχει
1658 523 1745 577 ἐπ’
1772 523 2082 598 ἄνθρωπον.
2118 528 2230 582 Kal
2286 532 2535 604 στηρίξει
2568 533 2749 606 σάρκα
2780 534 3066 606 βραχίονος
3128 537 3319 595 αὑτοῦ.
3368 559 3386 591 ι
3414 538 3684 594 Διασώσει
3712 540 3834 609 γὰρ

526 619 703 684 οὐδεὶς
732 619 827 672 τὸν
848 618 956 671 ὑπὸ
990 616 1139 670 θείαν
1169 616 1338 688 ὀργὴν
1373 615 1654 685 γεγονότα.
1691 635 1711 668 ι
1748 616 1858 689 Τὴν
1884 619 1994 691 γὰρ
2027 621 2191 692 χεῖρα
2217 621 2317 693 τὴν
2348 624 2557 697 ὑψηλὴν
2582 626 2665 691 τίς
2685 628 3041 700 ἀποστρέψει,
3075 648 3095 682 ι
3127 631 3267 685 κατὰ
3296 632 3357 685 τὸ
3399 632 3836 705 γεγραμμένους

603 714 767 770 Vsus.
808 711 1003 775 HJS.
1048 708 1117 763 Et
1143 711 1327 764 allidet
1354 709 1493 764 Deus
1533 721 1901 781 consurgentes
1932 722 2109 769 contra

2291 718 2401 775 Kal
2435 718 2611 788 ράξει
2662 724 2696 776 ό
2766 722 2904 788 Θεὸς
2958 724 3102 792 τοὺς
3150 725 3675 797 ἐπανισταμένους
3729 727 3842 799 ἐπ,

526 818 757 861 montem
795 801 947 867 Sion,
987 812 1036 857 et
1074 804 1251 856 hostes
1297 801 1599 872 dissipabit,
1627 801 1847 874 Syriam
1911 820 1944 858 ο
1990 806 2109 862 soli:

2227 809 2365 877 ὄρος
2394 810 2549 866 Σιὼν
2590 811 2685 865 ἐπ’
2720 815 2966 882 αὐτοὺς,
2992 816 3091 872 καὶ
3116 818 3262 884 τοὺς
3286 818 3545 887 ἐχθροὺς
3581 819 3839 875 διασκεο

527 909 666 960 ortu,
716 906 763 948 et
810 893 1022 949 Graecos
1060 911 1095 949 a
1125 896 1252 948 satis
1303 910 1520 960 occasu,
1579 897 1670 967 qui
1703 895 1960 952 lsraelem
2008 907 2120 955 toto

527 1002 615 1040 ore
668 986 935 1041 devorent.

598 1160 734 1215 Cum
798 1156 1033 1228 perculit
1090 1157 1231 1212 Deus
1287 1156 1358 1212 ob
1401 1155 1566 1212 multa
1619 1166 1863 1226 peccata,
1916 1157 2124 1216 inducit

528 1249 877 1305 credentibus
930 1246 1219 1311 medelam,
1284 1254 1341 1300 ut
1412 1255 1669 1316 appareat
1719 1246 1971 1303 omnibus
2002 1263 2121 1302 mo-

530 1339 636 1404 dis,
693 1336 898 1403 dolore,
960 1334 1205 1403 inquam,
1266 1345 1322 1388 et
1381 1333 1751 1389 consolatione
1813 1334 1881 1389 ad
1944 1336 2122 1405 paeni-

532 1425 757 1479 tentiam
820 1436 1039 1477 vocare.
1066 1419 1132 1474 Et
1190 1435 1333 1475 nunc
1380 1420 1559 1475 simile
1607 1422 1863 1491 quiddam
1898 1423 1984 1478 his
2027 1426 2119 1494 qui

531 1513 887 1581 direptionem
935 1510 1079 1577 passi
1121 1516 1266 1574 sunt,
1304 1509 1667 1578 appromittit,
1700 1509 1974 1580 habetque
2040 1514 2123 1566 hi-

531 1601 699 1654 storia
746 1598 1186 1668 explicationem,
1219 1598 1363 1665 quod
1399 1599 1735 1668 propositum
1786 1610 1889 1665 est,
1936 1615 2119 1670 quam,

529 1694 586 1736 ut
650 1683 800 1747 dixi,
848 1696 1281 1736 commemorare
1338 1682 1528 1749 paucis
1572 1687 1657 1736 est
1718 1697 1963 1738 necesse.
2025 1683 2117 1737 Ul-

529 1767 717 1821 timum
769 1767 915 1820 enim
955 1766 1155 1820 bellum
1193 1774 1384 1819 contra
1429 1765 1741 1820 universam
1788 1764 2036 1822 Judaeum
2066 1777 2119 1822 et

528 1858 839 1913 Samariam
888 1872 917 1911 a
967 1855 1500 1911 Nabuchodonosoro
1542 1868 1751 1927 gestum
1785 1870 1892 1921 est,
1930 1861 1981 1914 in
2014 1875 2121 1928 quo

525 1942 747 1997 abducti
776 1952 903 1997 sunt
943 1942 1248 2010 captivi,et
1271 1941 1521 1996 hostibus
1559 1946 1902 2013 septuaginta
1946 1961 2119 2004 annos

525 2027 854 2082 servierunt.
884 2024 1153 2095 Tempore
1194 2041 1323 2080 vero
1375 2027 1468 2081 irae
1495 2038 1716 2095 exacto,
1748 2029 2120 2086 universitatis

530 2117 671 2170 Deus
726 2117 923 2170 iterum
994 2115 1256 2171 misertus
1313 2125 1420 2181 est,
1475 2114 1764 2186 eﬂ‘ecitque
1820 2133 1880 2172 ut
1936 2121 2116 2174 remit-

527 2217 796 2272 terentur,
838 2223 962 2262 cum
1032 2206 1208 2278 Cyrus
1259 2207 1401 2264 illius
1457 2209 1741 2280 Cambysis
1796 2209 2119 2283 Babylonios

526 2301 852 2371 subegisset.
880 2299 1016 2356 Cum
1050 2314 1179 2355 vero
1204 2300 1271 2354 ad
1306 2309 1549 2356 sanctam
1577 2302 1855 2357 civitatem
1912 2305 2118 2360 reversi

523 2402 731 2458 essent,
782 2393 874 2463 qui
925 2402 1133 2447 tantum
1187 2407 1554 2449 aerumnarum
1604 2395 1958 2476 pertulerant,
1995 2412 2117 2453 eam

525 2488 707 2541 denuo
743 2487 969 2542 reﬁcere
991 2487 1296 2553 Voluerunt,
1338 2487 1503 2557 idque
1535 2486 1804 2555 iecerunt,
1845 2490 2120 2545 divinum-

524 2595 631 2649 que
665 2580 822 2651 161
866 2595 1022 2635 suum
1071 2581 1333 2650 templum
1412 2592 1808 2638 restaurarunt.
1850 2582 2116 2639 Caeterum

522 2673 649 2727 licet
701 2685 848 2726 tanta
905 2672 1047 2743 passi
1097 2672 1350 2737 fuissent,
1400 2683 1455 2728 et
1500 2684 1740 2729 veterum
1794 2674 2117 2732 delictorum

521 2772 716 2828 pmnas
745 2757 996 2822 luissent,
1031 2757 1200 2814 nihilo
1235 2766 1418 2813 tamen
1469 2759 1649 2817 minus
1703 2762 1771 2817 de
1802 2761 2016 2833 integro
2048 2778 2118 2819 ex

522 2845 725 2898 invidia
765 2843 960 2899 vicina:
1003 2858 1194 2912 gentes
1272 2858 1543 2913 aggressa
1577 2855 1725 2902 sunt.
1782 2845 1896 2903 Nec
1970 2850 2115 2904 enim

522 2937 776 2992 volebant
851 2934 1153 2992 Jerusalem
1226 2937 1587 3005 invalescere,
1664 2940 1902 2997 maxime
1983 2956 2117 2998 vero

519 3034 764 3084 onmium
814 3030 1040 3084 aliorum
1079 3029 1204 3100 Syri
1254 3030 1441 3097 vicini,
1481 3042 1537 3086 et
1584 3029 1906 3089 Damasceni
1960 3050 2117 3090 acer-

521 3118 746 3175 bissime
810 3118 1157 3176 infestarunt.
1210 3120 1407 3177 \‘erum
1468 3122 1579 3177 Deo
1624 3134 1897 3191 servante,
1928 3134 1982 3181 et
2010 3127 2117 3183 illis

519 3215 757 3284 captivis
849 3224 1226 3281 succurrente,
1266 3215 1394 3270 victi
1462 3226 1624 3271 sunt:
1685 3224 1879 3285 gentes
1965 3221 2113 3275 enim

519 3315 862 3378 superarunt.
919 3305 1126 3363 Deinde
1182 3314 1430 3376 tempore
1481 3309 1887 3377 progrediente,
1917 3312 2114 3366 Antio-

2222 902 2399 959 δάσει
2427 921 2440 934 ο
2479 907 2706 976 Συρίαν
2755 909 2850 977 ἐφ’
2902 912 3083 979 ἡλίου
3151 912 3490 980 ἀνατολῶν,
3530 913 3631 968 καί
3682 915 3841 983 τοὺς

2227 996 2541 1067 Ἕλληνας
2562 1001 2664 1070 ἀφ’
2690 1001 2874 1070 ἡλίου
2900 1002 3172 1074 δυσμῶν,
3214 1006 3358 1074 τοὺς
3386 1008 3839 1077 κατεσθίοντας

2223 1085 2334 1139 τὸν
2373 1087 2622 1157 Ἰσραὴλ
2644 1089 2768 1159 ὅλῳ
2811 1093 2890 1159 τῷ
2927 1096 3199 1165 στόματι.

2300 1180 2430 1232 Ὅτε
2465 1181 2693 1253 πλήττει
2731 1185 2864 1249 Θεὸς
2899 1186 2988 1240 διὰ
3029 1188 3233 1255 πολλὰς
3270 1191 3570 1264 ἁμαρτίας,
3625 1194 3839 1264 ἐπάγει

2224 1271 2334 1335 τοῖς
2368 1274 2660 1329 πεπονθόσι
2685 1275 2783 1347 τὴν
2815 1277 3089 1348 μὼτωσιν,
3118 1281 3205 1335 ἵνα
3228 1283 3488 1354 φαίνηται
3503 1284 3594 1339 διὰ
3621 1287 3842 1350 παντὸς

2223 1359 2428 1431 τρόπου
2472 1363 2655 1421 καλῶν
2689 1368 2770 1431 είς
2805 1370 3181 1440 μετάγνωσιν,
3212 1373 3301 1428 διά
3352 1391 3412 1428 τε
3463 1374 3628 1430 πόνου
3682 1378 3840 1447 φημὶ

2225 1453 2321 1507 καὶ
2352 1457 2771 1529 παρακλήσεως.
2818 1462 3070 1517 Τοιοῦτόν
3102 1481 3154 1516 τι
3181 1466 3274 1519 καὶ
3300 1464 3397 1520 νῦν
3430 1470 3545 1532 τοῖς
3588 1470 3836 1523 παθοῦσι

2222 1545 2323 1617 τήν
2347 1546 2548 1618 δῄωσιν
2585 1553 3008 1622 ἐπαγγέλλεται.
3059 1555 3292 1629 Ἱστορία
3315 1559 3373 1613 δὲ
3408 1560 3669 1615 ἀπόδοσιν
3711 1562 3839 1634 ἔχει

2222 1635 2286 1691 τὸ
2315 1642 2698 1714 προκείμενον,
2723 1645 2790 1716 ἢν
2818 1646 3137 1717 ἀναγκαῖον,
3165 1650 3241 1715 ὡς
3264 1650 3423 1722 ἔφην,
3453 1653 3544 1707 διὰ
3576 1654 3837 1727 βραχέων

2223 1733 2418 1787 εἰπεῖν.
2448 1735 2766 1802 Τελευταίος
2801 1740 2903 1810 μὲν
2940 1740 3050 1812 γὰρ
3096 1743 3240 1797 κατὰ
3300 1744 3485 1814 πάσης
3535 1747 3673 1816 ὁμοῦ
3726 1749 3836 1820 τῆς

2236 1831 2500 1898 Ἰουδαίας
2532 1876 2548 1900 ,
2578 1835 2674 1890 καὶ
2725 1837 2825 1908 μέν
2850 1855 2938 1891 τοι
2969 1839 3066 1894 καὶ
3104 1840 3205 1911 τῆς
3248 1842 3582 1913 Σαμαρείας,
3610 1845 3639 1897 ό
3673 1844 3838 1918 παρὰ

2221 1923 2316 1977 τοῦ
2345 1925 2816 2000 Ναϐουχοδονόσορ
2847 1930 3084 2001 πόλεμος
3114 1933 3347 2001 γίνεται,
3405 1934 3501 1988 καὶ
3551 1936 3836 2007 ἀπεκομί-

2225 2017 2432 2089 σθησαν
2497 2019 2872 2089 αἰχμάλωτοι.
2941 2024 3037 2077 καὶ
3122 2024 3534 2082 δεδουλεύκασιν
3606 2029 3834 2101 ἐχθροῖς

2153 2084 2193 2139 Β
2224 2084 2732 2185 ἐδδομήκοντανέτη.
2773 2114 2994 2188 Ἐπειδὴ
3020 2117 3078 2171 δέ
3101 2120 3561 2192 συμπεπέρασται
3580 2084 3696 2188 τοῖς

2222 2203 2319 2272 τῆς
2349 2205 2520 2279 ὀργῆς
2547 2208 2576 2261 ό
2602 2208 2817 2281 καιρὸς,
2884 2210 3191 2284 κατηλέησε
3256 2213 3417 2269 πάλιν
3453 2216 3482 2270 δ
3523 2215 3632 2270 τῶν
3685 2217 3831 2272 ὅλων

2220 2296 2376 2363 Θεὸς,
2404 2299 2499 2352 καὶ
2521 2299 2588 2372 δὴ
2610 2303 2706 2356 καὶ
2738 2302 2999 2375 ἀνεθῆναι
3025 2305 3465 2377 παρεσκεύασεν.
3506 2308 3693 2381 Κύρου
3730 2311 3827 2366 τοῦ

2221 2389 2522 2460 Καμϐύσου
2558 2395 2908 2465 νενικηκότος
2954 2396 3082 2462 τοὺς
3140 2396 3538 2465 Βαϐυλωνίους.
3606 2402 3828 2476 Ἐπειδὴ

2219 2481 2279 2537 δὲ
2309 2483 2408 2556 τὴν
2457 2486 2620 2556 ἁγίαν
2644 2487 2907 2557 ἀφίκοντο
2953 2489 3110 2543 πόλιν
3156 2491 3207 2544 οί
3241 2493 3635 2560 πεπονηκότες,
3692 2494 3826 2549 ava-

2219 2580 2477 2649 τειχίζειν
2505 2564 2696 2652 ἧθελον
2729 2583 2920 2655 αύτήν.
2966 2583 3077 2638 Kal
3110 2583 3177 2657 δὴ
3204 2585 3299 2640 καὶ
3352 2587 3695 2657 πεπράκασι,
3730 2587 3828 2642 καὶ

2220 2670 2313 2725 τὸν
2324 2670 2474 2725 θεῖον
2495 2672 2674 2726 αὐτῶν
2699 2673 3057 2745 ἀνεδείμαντο
3079 2675 3239 2730 νεών.
3289 2675 3427 2729 Ἀλλ’
3449 2671 3823 2746 ούδδνῆττον,

2221 2762 2403 2818 καίτοι
2451 2763 2694 2818 τοσαῦτα
2749 2765 3069 2834 πεπονθόσι,
3129 2766 3226 2821 καὶ
3263 2767 3365 2832 τὰς
3416 2768 3525 2823 τῶν
3574 2769 3826 2842 ἀρχαίων

2222 2856 2714 2928 πλημμελημάτων
2766 2858 3077 2912 ἐκτετικόσι
3135 2858 3311 2924 δίκας,
3360 2860 3666 2928 ἐπεφύοντο
3716 2861 3826 2915 πά-

2218 2948 2303 3002 λιν
2333 2951 2398 3004 ὲκ
2426 2947 2730 3018 βασκανίας
2770 2948 2841 3003 τὰ
2884 2949 3141 3022 περίοικα
3190 2950 3301 3004 τῶν
3358 2950 3549 3005 ἐθνῶν.
3607 2952 3682 3006 Ού
3715 2952 3825 3024 γὰρ

2218 3039 2411 3112 ἧθελον
2475 3039 2695 3112 ίσχῦσαι
2719 3041 2822 3111 τὴν
2874 3042 3253 3114 Ἰερουσαλήμ.
3302 3042 3559 3098 Μάλιστα
3614 3042 3673 3097 δὲ
3714 3044 3825 3098 τῶν

2218 3132 2396 3185 ἄλλων
2429 3132 2686 3188 ἁπάντων
2717 3133 3002 3189 ἐπέκειντο
3026 3135 3241 3206 δριμεῖς
3269 3136 3319 3188 οί
3344 3136 3452 3190 ἀπὸ
3482 3137 3585 3207 τῆς
3621 3138 3823 3211 Συρίας

2216 3225 2317 3294 τῆς
2353 3225 2594 3293 γείτονος
2642 3226 2738 3280 καὶ
2787 3227 2887 3297 τῆς
2945 3225 3263 3297 Δαμασκοῦ.
3324 3227 3472 3298 Πλὴν
3515 3230 3820 3296 νενίκηντο,

2216 3315 2353 3369 Θεοῦ
2438 3316 2705 3383 σώζοντός
2753 3334 2816 3371 τε
2869 3318 2965 3373 καὶ
3008 3319 3386 3391 ἐπαμύνοντος
3439 3324 3554 3385 τοῖς
3607 3321 3674 3375 ἐκ
3722 3325 3825 3387 τῆς

518 3401 677 3466 chus,
703 3400 789 3454 cui
840 3415 1155 3471 cognomen.
1195 3409 1316 3456 erat
1365 3400 1697 3470 Epiphanes,
1740 3418 1965 3474 regnum
2036 3416 2109 3462 te-

2217 3406 2618 3479 αἰχμαλωσίας.
2649 3409 3048 3481 Κεκρατήκασι
3098 3411 3209 3484 γὰρ
3253 3411 3365 3466 τῶν
3407 3412 3643 3485 ἐχθρῶν.
3682 3408 3824 3469 Εἶτα

519 3504 657 3545 nens
708 3488 873 3555 Asiae,
899 3489 1142 3547 oilensus
1183 3504 1267 3548 est
1297 3494 1352 3549 in
1389 3510 1535 3558 eum,
1571 3495 1661 3561 qui
1699 3503 1811 3549 tum
1850 3497 2111 3567 temporis

514 3580 854 3653 Egyptiaca
906 3592 1065 3638 terra:
1108 3597 1334 3653 regnum
1388 3586 1687 3654 occupabat
1731 3583 2106 3653 Ptolemaeum,

517 3673 819 3743 proelioque
901 3674 1196 3730 commisso
1253 3676 1430 3731 victus
1510 3685 1616 3741 est,
1658 3680 1857 3750 vixque
1929 3680 2110 3735 salvus

514 3762 725 3834 eliugit.
780 3762 859 3820 Ne
890 3779 1022 3820 vero
1042 3765 1267 3822 omnino
1306 3782 1366 3821 rc
1394 3765 1594 3823 iniecta
1627 3768 1849 3825 domum
1882 3772 2105 3838 I'Cdll'el,

516 3856 663 3910 nullo
731 3858 937 3927 potitus
1006 3856 1251 3911 victoria:
1340 3868 1715 3924 monumento,
1758 3859 1903 3917 bello
1957 3861 2106 3917 illato

511 3947 712 4004 .ludzeac
737 3949 1110 4020 Hierosolyma
1154 3950 1463 4018 occupavit,
1496 3961 1554 4006 et
1582 3955 1683 4007 sub
1716 3969 1961 4024 manum.
1982 3955 2106 4009 diti-

510 4053 780 4107 onemque
809 4039 1277 4108 redigeus,omnia
1326 4055 1457 4094 vasa
1503 4055 1662 4097 sacra
1705 4043 1969 4113 diripiens
1998 4043 2105 4115 Ly-

511 4128 649 4183 siam
678 4127 972 4197 quemdam
1017 4129 1208 4184 ducem
1234 4128 1434 4187 Judzcae
1489 4133 1753 4202 praefecit,
1772 4150 1836 4191 ac
1878 4137 2106 4207 praefec-

511 4229 690 4274 turam
706 4220 754 4274 ei
779 4220 1033 4275 tuendam
1049 4237 1112 4277 ac
1128 4225 1560 4278 conservandam
1589 4225 2101 4287 demandavit.’l‘um

506 4313 800 4378 Antiocho,
817 4329 979 4384 quem
1012 4318 1542 4383 commemoravi,ad
1574 4335 1735 4375 suum
1756 4337 1980 4392 regnum
2010 4340 2101 4379 re-

507 4420 691 4472 verso,
706 4406 904 4463 bellum
934 4419 1187 4478 gerentes
1233 4408 1400 4467 Judaei
1431 4427 1553 4468 cum
1605 4412 1768 4486 Lysia
1819 4415 2099 4485 praefecto,

506 4496 857 4567 subegerunt.
875 4499 994 4565 Quo
1019 4501 1257 4571 cognito,
1279 4501 1579 4561 Antiochus
1604 4521 1716 4576 pra;
1737 4508 1927 4563 dolore
1940 4509 2097 4565 obiit.

507 4586 787 4643 Promittit
825 4589 1012 4659 itaque
1050 4592 1310 4649 auxilium
1355 4597 1726 4653 universitatis
1767 4599 1907 4653 Deus
1932 4614 1962 4652 a
1993 4597 2100 4653 Νι-

506 4679 958 4738 buchodonosoro
989 4684 1207 4752 quidem
1237 4686 1890 4759 subactis,captivitatcm
1917 4700 2097 4746 tamen

2212 3502 2407 3574 χρόνου
2458 3501 2753 3572 προϊόντος,
2817 3501 3091 3576 Ἀντίοχος
3148 3505 3178 3557 ὁ
3217 3504 3451 3577 ἐπίκ)ην
3516 3507 3823 3580 Ἐπιφανὴς

2186 3593 2517 3665 ¹βασιλεύων
2544 3592 2645 3665 τῆς
2693 3593 2899 3660 Ἄσίας,
2932 3594 3237 3668 λελύπηται
3278 3598 3377 3668 μὲν
3412 3598 3552 3669 πρὸς
3592 3599 3684 3653 τὸν
3720 3600 3822 3670 βα-

2212 3687 2495 3742 σιλεύοντα
2516 3688 2579 3741 τὸ
2620 3688 2876 3760 τηνικάδε
2931 3688 3034 3760 τῆς
3087 3691 3405 3760 Αἰγυπτίων
3465 3693 3572 3763 γῆς
3621 3693 3824 3748 Πτολε-

2214 3782 2371 3851 μαῖον
2395 3792 2411 3808 ·
2485 3782 2866 3852 συγκροτήσας
2930 3781 2985 3835 δέ
3055 3782 3313 3854 πόλεμον,
3376 3785 3630 3857 νενίκητο
3694 3787 3819 3858 μὲν,

2206 3871 2497 3937 διεσώζετο
2524 3872 2581 3927 δὲ
2617 3873 2791 3944 μόλις.
2822 3875 2943 3929 Ἵνα
2984 3874 3043 3929 δὲ
3096 3876 3171 3949 μὴ
3218 3877 3504 3949 ἄπρακτος
3532 3881 3822 3946 παντελῶς

2207 3962 2408 4037 δράμοι
2472 3965 2679 4032 οἴκαδε,
2736 3967 2890 4022 οὐδὲν
2942 3967 3081 4039 ἔχων
3120 3969 3225 4043 τῆς
3274 3973 3432 4044 νίκης
3482 3973 3816 4047 ὑπόμνημα,

2208 4055 2645 4126 κατεστράτευσε
2674 4056 2776 4126 τῆς
2824 4057 3108 4128 Ἰουδαίας,
3166 4054 3279 4115 εἷλε
3310 4063 3383 4117 τὰ
3428 4064 3813 4140 Ἱεροσόλυμα,

2207 4146 2305 4200 καὶ
2355 4146 2479 4201 ὑπὸ
2505 4150 2666 4219 χεῖρα
2686 4148 3077 4213 λαϐὼν,πάντα
3099 4152 3170 4207 τὰ
3199 4155 3367 4226 σκεύη
3400 4155 3468 4211 τὰ
3494 4157 3632 4227 ἅγια
3656 4161 3813 4233 διαρ-

2206 4239 2411 4306 πάσας,
2442 4240 2649 4295 Λυσίαν
2676 4240 2801 4296 τινὰ
2830 4245 3137 4316 στρατηγὸν
3168 4246 3412 4319 ἐνίδρυσε
3440 4253 3505 4322 τῇ
3556 4250 3812 4326 Ἰουδαίᾳ,

2205 4333 2397 4403 τηρεῖν
2447 4331 2713 4399 ἐπιτάξας
2775 4334 2928 4407 αὐτῷ
2986 4336 3088 4408 τὴν
3137 4338 3335 4410 ἀρχήν.
3415 4341 3644 4415 Ἐπειδὴ
3699 4345 3756 4399 δὲ
3786 4349 3813 4401 ὁ

2209 4424 2615 4495 μνημονευθεὶς
2685 4425 2961 4498 ’Δντίοχος
3011 4431 3094 4493 είς
3130 4429 3232 4501 τὴν
3263 4433 3458 4488 ἐαυτοῦ
3491 4434 3809 4509 δεδράμηκε

2186 4514 2487 4585 βασιλείαν
2512 4557 2526 4581 ,
2576 4518 3029 4592 πεπολεμήκασιν
3076 4523 3127 4576 οί
3199 4524 3443 4581 Ἰουδαῖοι
3495 4528 3678 4600 Λυσίᾳ
3732 4532 3812 4603 τῷ

2205 4608 2519 4680 στρατηγῷ,
2581 4610 2677 4664 καὶ
2735 4616 3072 4688 νενικήκασι.
3137 4616 3324 4673 Ταῦτα
3378 4619 3443 4692 δὴ
3538 4622 3738 4693 μαθὼν
3783 4629 3811 4680 ό

2216 4697 2488 4771 Ἀντίοχος
2530 4702 2596 4757 ἐκ
2653 4703 2831 4777 λύπης
2876 4709 3125 4782 τελευτᾷ.
3198 4711 3572 4784 ’Υπισχνεῖται
3623 4719 3809 4775 τοίνυν

508 4769 640 4826 licet
690 4785 835 4840 aegre
889 4770 1297 4843 ellugientibus,
1334 4788 1391 4833 et
1417 4780 1492 4832 ait
1527 4798 1539 4832 :
1581 4797 1600 4830 ι
1632 4778 1702 4833 Ει
1737 4777 1925 4834 allidet
1953 4780 2094 4837 Deus

2214 4789 2298 4862 τὴν
2327 4769 2650 4867 ἐπικουρίαν
2681 4797 2711 4850 ό
2742 4769 2851 4852 τίὸν
2883 4799 3023 4855 ὅλων
3050 4769 3184 4867 όεὸς
3206 4808 3323 4868 τοῖς
3355 4769 3808 4882 ¹τ’τεπορθηιαὲνοις

508 4862 852 4933 insurgentes
875 4873 1063 4923 contra
1085 4877 1326 4924 montem
1346 4868 1498 4924 Sion.
1527 4870 1783 4939 stAudin',
1807 4887 1914 4943 quo
1937 4883 2094 4944 pacto

503 4955 670 5009 ctiam
725 4957 818 5027 qui
878 4962 1133 5027 percutit,
1165 4961 1361 5016 satiat?
1399 4964 1490 5030 qui
1547 4971 1676 5017 sunt
1714 4977 1846 5035 ergo
1909 4965 2092 5022 insur-

503 5059 693 5117 gentes
720 5049 744 5103 Τ
780 5049 938 5121 Syria
1006 5070 1036 5107 a
1077 5053 1210 5109 solis
1254 5062 1400 5116 ortu,
1423 5062 1478 5108 et
1507 5051 1682 5110 Graeci
1721 5070 1751 5110 a
1783 5057 1911 5113 solis
1935 5074 2093 5115 occa-

502 5154 586 5194 su.
630 5139 854 5198 Graecus
913 5144 1059 5199 enim
1135 5158 1336 5214 genere
1385 5154 1505 5199 crat
1562 5148 1885 5216 Antiochus,
1916 5151 2009 5219 qui
2058 5166 2090 5207 e

502 5232 815 5291 Macedoiiia
842 5249 1117 5305 eruperat.
1149 5236 1226 5291 Ea
1246 5252 1378 5293 vero
1402 5249 1486 5294 est
1517 5241 1584 5295 ad
1610 5255 1861 5298 occasum
1891 5260 1905 5297 :
1938 5245 2091 5315 quip-

499 5342 566 5397 pc
632 5344 761 5397 pars
827 5329 1129 5385 occidentis
1180 5342 1266 5387 est
1315 5330 1668 5389 Macedonum
1737 5338 1906 5408 regio,
1971 5354 2089 5394 ma-

499 5420 646 5474 xime
673 5420 893 5488 quando
945 5420 1109 5476 veluti
1152 5436 1251 5490 per
1296 5426 1757 5494 comparationem
1804 5430 1982 5499 quoad
2008 5432 2086 5487 si-

2201 4883 2310 4939 ὑπὸ
2335 4885 2430 4940 τοῦ
2472 4888 2968 4964 Ναϐουχοδονόσορ,
3021 4896 3347 4966 διαφυγοῦσι
3379 4899 3439 4954 δὲ
3494 4903 3656 4973 μόλις
3704 4906 3808 4978 τὴν

2197 4980 2575 5051 αἰχμαλωσίαν
2590 5001 2663 5055 φη
2673 4985 2774 5038 σίν·
2800 5003 2820 5037 s
2839 4988 2951 5041 Kal
2966 4987 3122 5060 ράξει
3145 4992 3176 5044 ό
3192 4990 3325 5056 Θεὸς
3355 4996 3481 5060 τοὺς
3503 4996 3804 5054 ἐπανιστα-

2202 5071 2398 5144 μένους
2432 5075 2521 5128 ἐπ’
2549 5076 2675 5146 δρος
2707 5076 2846 5132 Σιὼν
2879 5081 2967 5132 ἐπ’
2993 5081 3214 5146 αὐτούς.
3239 5103 3259 5137 ι
3306 5087 3551 5156 Ἀκούεις
3585 5093 3738 5159 ὅπως
3774 5098 3804 5150 ό

2197 5163 2410 5235 πλήξας
2455 5166 2550 5221 καὶ
2601 5171 2798 5238 μωτοῖς
2872 5171 3019 5238 τίνες
3077 5169 3174 5229 οὖν
3217 5178 3268 5230 οί
3323 5176 3797 5255 ἐπανιστάμενοις

2194 5255 2364 5329 Συρία
2401 5258 2496 5328 ἀφ’
2522 5261 2669 5331 ἡλίου
2704 5264 3000 5331 ἀνατολῶν,
3043 5270 3138 5323 καὶ
3165 5271 3213 5324 ol
3243 5270 3508 5345 Ἕλληνες
3524 5278 3622 5347 ἀφ’
3646 5279 3797 5349 ἡλίου

2194 5350 2435 5440 δυσμῷν.
2460 5352 2682 5440 ῨἜλλην
2708 5356 2818 5428 γὰρ
2849 5354 2918 5428 ἦν
2946 5360 3008 5413 τὸ
3034 5361 3193 5430 γένος
3236 5365 3266 5417 ὁ
3331 5366 3627 5440 Ἀντίοχος,
3673 5376 3703 5426 ό
3731 5375 3798 5426 ἐκ

2192 5438 2537 5534 μακεδονίας
2592 5444 2935 5516 ὁρμώμενος.
3007 5449 3153 5523 Πρὸς
3226 5452 3461 5525 δυσμαῖς
3513 5438 3584 5513 δὲ
3628 5461 3791 5534 αὕτη.

500 5520 609 5563 tum
676 5514 743 5566 de
809 5511 1018 5567 Graecis
1073 5512 1411 5586 intelligitur.
1485 5516 1609 5590 Syri
1675 5530 1856 5577 autem
1905 5523 1958 5578 hi
2028 5534 2085 5579 et

500 5598 821 5633 I‘nlulunnlsn:
884 5604 1149 5633 η..,...;.....
1192 5619 1368 5633 -....._..
1430 5609 1490 5633 .s-
1549 5610 1753 5633 n____:_
1807 5615 1875 5633 -9.
1938 5615 2047 5633 ιηη

2214 5529 2509 5633 όέροςΔ
2542 5511 2642 5605 τῆς
2665 5511 2675 5514 Ἴ
2699 5511 2973 5612 Ἐ-σπὲρας
3002 5545 3038 5614 η
3061 5511 3185 5598 ’των
3239 5511 3578 5607 Μακεδόνων

495 5598 844 5660 Damasceni.
884 5604 1150 5672 Quoniam
1191 5619 1370 5664 autem
1425 5609 1493 5665 de
1548 5610 1756 5668 Graecis
1803 5615 1898 5680 ait,
1921 5615 2085 5672 devo-

497 5704 681 5748 rantes
738 5695 991 5754 lsraelem
1054 5706 1165 5755 toto
1209 5715 1327 5767 ore,
1383 5701 1691 5771 sciendum,
1743 5706 2066 5765 Antiochum

2214 5714 2347 5785 ἐσιν,
2383 5719 2491 5772 τῶν
2540 5722 2634 5791 ἀφ’
2667 5695 2820 5793 ἡλίου

2193 5622 2411 5717 μάλισθ’
2429 5626 2558 5681 ὅταν
2589 5629 2667 5693 ὡς
2690 5631 2822 5703 πρὸς
2853 5635 3141 5708 σύγκρισιν
3171 5643 3371 5697 νοεῖται
3390 5684 3404 5707 ,
3444 5646 3589 5700 κατὰ
3603 5622 3667 5717 γε
3697 5622 3791 5717 τὴν

2862 5730 3159 5787 ἀνατολῶν.
3209 5734 3370 5807 Σύροι
3413 5738 3471 5791 δὲ
3505 5732 3653 5795 οὗτοι
3696 5742 3788 5795 καὶ
