4016 6482
236 361 357 417 263

1387 348 1455 404 ΙΝ
1492 347 1732 406 ιεΑιΑιι
1770 345 1899 402 LIB.
1944 345 1984 401 Ι.
2024 344 2238 402 ORAT.
2282 343 2372 402 Vl.

3446 341 3552 399 266

237 478 640 550 Δαμασκηνοί.
681 474 901 547 Ἐτπιδὴ
945 474 1003 528 δέ
1038 489 1171 544 φησι
1217 470 1348 542 περὶ
1403 468 1514 524 τῶν
1567 466 1858 540 Ἑλλήνων,

1990 464 2264 522 :rudeliter
2290 474 2345 521 et
2397 464 2768 521 inhumaniter
2800 464 3061 537 impetum
3116 449 3201 520 in.
3230 464 3449 523 Iudaeos
3479 467 3559 525 fe-
3638 502 3643 509 ρ

237 574 376 635 τοὺς
448 570 845 632 κατεσθίοντας
895 567 987 620 τὸν
1047 563 1267 637 Ἰσραὴλ
1320 562 1427 633 ὅλῳ
1461 559 1539 633 τῷ
1607 559 1859 630 στόματι,

245 664 430 719 ἰστέον
468 665 559 718 ὅτι
592 662 765 733 ὠμῶς
792 679 851 715 τε
884 662 980 716 καὶ
1005 655 1394 730 ἀπανθρώπως
1433 654 1861 727 προσενήνεκται

237 760 361 822 τοῖς
397 755 689 819 Ἰουδαίοις
720 757 751 809 6
793 754 1088 825 Ἀντίοχος,
1136 751 1232 806 καὶ
1281 749 1691 821 ἀναριθμήτους
1757 748 1863 800 ἀπ-

247 849 479 902 έκτονεν
527 846 774 918 οἰκτρῶς
797 862 859 898 τε
895 846 991 900 καὶ
1046 842 1319 908 ἐλεεινῶς,
1359 843 1448 896 ὅτε
1492 841 1588 895 καὶ
1619 839 1863 912 ἧθλησαν

257 940 309 992 οἰ
333 937 680 1003 Μακαϐαῖοι,
734 935 832 992 καὶ⁵
873 935 945 989 τά
998 933 1176 1006 σεμνά
1216 932 1328 988 τῶν
1378 932 1590 1004 ἀνδρῶν
1639 931 1864 985 ἐκείνων

267 1030 579 1103 πέπρακται
626 1029 952 1102 νικητήρια.
1001 1026 1188 1082 Ταῦτα
1236 1026 1295 1079 δὲ
1353 1024 1618 1095 Ἰώσηπος
1662 1026 1866 1096 ἱστορεῖ

262 1126 399 1196 ἰντῇ
429 1123 567 1196 περὶ
602 1122 792 1178 αὐτῶν
819 1120 1010 1193 βίϐλῳ.
1045 1118 1412 1174 Κατεσθίουσί
1435 1136 1499 1187 γε
1530 1117 1640 1190 μὴν
1667 1116 1864 1188 Ἐλλήη

259 1233 361 1271 νυν
382 1213 578 1279 παῖδες
624 1216 721 1268 καὶ
742 1214 947 1285 ἑτέρως
974 1213 1066 1266 τὸν
1110 1210 1347 1283 Ἰσραὴλ,
1386 1210 1480 1265 καὶ
1519 1210 1668 1274 ὅπως
1691 1211 1866 1264 εἰπεῖν

257 1307 581 1375 ἀναγκαῖον.
636 1306 703 1358 Οἰ
731 1305 834 1376 μὲν
865 1303 977 1374 γὰρ
1012 1304 1141 1374 παρ’
1176 1303 1361 1366 αὐτοῖς
1391 1301 1615 1371 ποιηταὶ
1649 1300 1742 1355 καὶ
1779 1300 1866 1354 λο-

257 1399 438 1469 γάδες,
460 1400 548 1462 εἰς
568 1397 747 1468 ἀκρον
772 1398 1005 1469 ἥκοντες
1033 1395 1394 1465 εὐγλωττίας,
1421 1397 1517 1450 καὶ
1550 1395 1612 1447 τό
1640 1411 1704 1464 γε
1729 1390 1866 1467 ἧκον

250 1495 332 1557 εἰς
358 1492 584 1561 λόγους,
614 1483 783 1544 δεινοί
828 1507 891 1544 τε
915 1489 1068 1553 ὄντες
1098 1489 1195 1543 καὶ
1221 1489 1398 1559 σοφοὶ,
1421 1487 1868 1560 συναρπάζουσιν

252 1585 365 1639 ἔσθ’
414 1587 509 1638 ὅτε
562 1584 659 1638 τὸν
698 1583 892 1653 νοητὸν
937 1580 1175 1654 Ἰσραὴλ,
1210 1579 1358 1635 τοῦτ’
1391 1579 1530 1643 ἐστι,
1596 1581 1690 1635 καὶ
1743 1580 1869 1634 νοῦν

249 1679 469 1750 ὁρῶντα
515 1676 680 1739 Θεὸν,
730 1674 827 1728 καὶ
874 1672 1130 1729 ἀπατῶσι
1166 1674 1293 1736 τοὺς
1326 1672 1429 1745 ἤδη
1470 1672 1870 1737 πιστεύσαντας

1965 556 2131 622 cisse,
2176 566 2231 610 et
2285 553 2713 611 innumerabiles
2771 557 3031 612 miserum
3080 557 3135 612 in
3172 558 3394 613 modum
3451 568 3562 613 trn-

1965 647 2175 703 cidasse
2201 662 2215 701 :
2246 647 2470 718 quando
2519 656 2574 702 et
2626 645 2921 704 Machabaei
2955 656 3256 717 certarunt,
3290 648 3566 707 illustres-

1966 755 2073 809 que
2123 740 2192 793 de
2256 738 2361 794 illis
2411 738 2723 795 hominibus
2776 740 3063 798 celebratae
3108 752 3236 798 sunt
3293 743 3557 802 victoriae.
3617 772 3631 813 ξ

1969 826 2265 883 Historiam
2311 829 2454 884 hanc
2527 828 2693 883 refert
2735 827 3007 901 Josepbus
3078 832 3133 887 in
3182 833 3322 890 libro
3396 848 3562 905 quem

1966 922 2032 977 de
2070 937 2137 977 eo
2176 922 2534 994 conscripsit.
2576 922 2937 981 Devorant'et
2983 926 3091 981 alio
3150 928 3314 984 modo
3383 926 3562 984 Graeci

1969 1015 2250 1082 lsraelem,
2329 1017 2491 1087 idque
2560 1032 2668 1086 quo
2731 1028 2894 1087 pacto
2956 1018 3076 1089 ﬂat,
3114 1029 3196 1077 est
3250 1022 3560 1079 dicendum.

1970 1107 2103 1162 Nam
2134 1116 2309 1178 poetas
2351 1123 2541 1164 eorum
2574 1119 2630 1164 et
2674 1119 2944 1177 oratores,
3004 1112 3072 1166 ad
3125 1126 3398 1169 summum
3451 1115 3566 1187 api-

1972 1213 2093 1255 cem
2148 1200 2418 1256 facundia:
2477 1203 2883 1270 pervenientes,
2942 1211 3003 1259 et
3042 1203 3258 1261 dicendi
3305 1206 3565 1263 facultate

1970 1301 2317 1365 pratstantes,
2346 1310 2412 1352 ac
2451 1295 2552 1350 viri
2593 1296 2887 1368 sapientes,
2919 1297 3172 1354 lsraelem
3203 1300 3563 1369 spiritualem,

1971 1386 2135 1461 162
2179 1387 2230 1441 id
2263 1396 2374 1455 est,
2408 1397 2647 1443 mentem
2698 1389 3206 1460 contemplatricem
3263 1391 3382 1458 Dei,
3429 1391 3570 1447 arri-

1972 1482 2149 1551 piunt,
2182 1487 2239 1536 et
2270 1495 2367 1536 eos
2406 1481 2501 1552 qui
2528 1481 2644 1552 jam
2676 1481 2731 1537 in
2765 1481 3042 1539 Christum
3076 1484 3449 1551 crediderunt,
3478 1501 3567 1542 se-

1972 1574 2198 1637 ducunt,
2230 1581 2290 1628 ut
2323 1573 2516 1628 malint
2546 1589 2669 1630 cum
2706 1574 2840 1644 ipsis
2879 1582 3187 1632 creaturam
3241 1592 3356 1646 pra:
3401 1577 3568 1635 Crea-

1974 1672 2093 1739 tore
2125 1663 2374 1718 adorare.
2425 1661 2489 1717 Hi
2526 1673 2639 1719 toto
2669 1677 2767 1719 ore
2811 1662 3065 1720 lsraelem
3111 1665 3397 1731 devorant,
3446 1668 3569 1739 qui—

256 1773 336 1834 εἰς
356 1766 622 1840 Χριστὸν,
649 1765 796 1819 ὥστε
825 1766 921 1820 καὶ
971 1764 1188 1820 ἑλέσθαι
1217 1765 1315 1820 σὺν
1349 1767 1536 1830 αὐτοῖς
1581 1768 1647 1836 τῇ
1692 1767 1869 1819 κτίσει

1990 1770 2079 1811 )us
2115 1769 2224 1810 non
2254 1766 2339 1810 est
2378 1756 2791 1812 attendendum.
2856 1757 3127 1828 Splendor
3170 1760 3318 1814 enim
3362 1761 3569 1817 oratio-

255 1863 412 1933 παρὰ
461 1861 564 1914 τὸν
616 1858 886 1913 κτίσαντα
928 1859 1275 1929 προσκυνεῖν.
1308 1850 1469 1912 Οῦτοι
1494 1856 1871 1912 κατεσθίουσιν

1990 1848 2064 1903 iis
2108 1850 2153 1903 si
2191 1864 2317 1904 cum
2371 1849 2631 1921 operibus
2678 1850 2835 1908 bonis
2888 1826 3216 1923 coniunctus
3265 1853 3565 1917 videretur.

244 1956 358 2024 ὅλῳ
405 1954 490 2024 τῷ
558 1952 797 2022 στόματι
848 1950 941 2004 τὸν
988 1949 1230 2023 Ἰσραὴλ,
1278 1944 1361 2013 οἷς
1411 1950 1473 2004 οὐ
1513 1950 1866 2020 προσεκτέον.

243 2045 435 2115 Λόγου
473 2044 582 2119 μὲν
612 2042 725 2115 γὰρ
761 2041 1087 2114 λαμπρότης
1140 2041 1325 2113 ἔργοις
1368 2040 1594 2110 ἀγαθοῖς
1628 2041 1675 2094 εἰ
1700 2040 1875 2112 ὁρῷτο

241 2137 589 2210 σύνδρομος,
620 2135 780 2190 ἔσται
805 2134 902 2190 καὶ
944 2133 1129 2205 δεκτὴ,
1167 2134 1261 2188 καὶ
1292 2133 1596 2192 ἀνδάνουσα
1622 2133 1701 2204 τῷ
1732 2134 1873 2206 Θεῷ.

240 2230 401 2301 1ὶ“ἰλὴ
429 2229 493 2282 δὲ
526 2229 624 2281 καὶ
660 2227 799 2299 μόνη
836 2226 891 2278 τί
934 2225 1001 2279 ἂν
1049 2225 1236 2297 ἕτερον
1283 2225 1371 2296 εἴη
1418 2223 1627 2290 λοιπὸν,
1667 2223 1701 2294 ἢ
1732 2224 1877 2279 καθά

244 2338 425 2393 φησιν
487 2322 520 2373 ὁ
598 2318 919 2390 σοφώτατος
975 2319 1218 2385 Παῦλος,
1288 2339 1306 2372 ι
1336 2320 1537 2393 χαλκὸς
1593 2319 1765 2392 ἠχῶν,
1840 2321 1873 2392 ἢ

244 2414 547 2486 κύμϐαλον
595 2412 905 2479 ἀλαλάζονς
941 2434 959 2465 ι

330 2507 479 2563 Ἐπί
511 2507 757 2571 τούτοις
790 2505 1025 2560 ἅπασιν
1052 2507 1167 2560 οὐκ
1203 2504 1563 2576 ἀπεστράφη
1598 2509 1633 2561 ὀ
1661 2505 1873 2577 θυμὸς.

245 2601 399 2659 ἀλλ’
457 2602 553 2655 ἔτι
598 2601 637 2668 ἡ
702 2598 834 2668 χειρ
876 2598 1116 2667 ὑψηλή.
1158 2580 1271 2654 Καί
1316 2602 1350 2654 ό
1400 2602 1553 2664 λαὸς
1602 2601 1716 2653 οὐκ
1764 2598 1878 2654 ἀπ-

242 2691 542 2763 εστράφη
574 2690 691 2760 ἕως
718 2685 794 2747 οὗ
822 2689 1089 2761 ἐπλήγη,
1122 2689 1225 2745 καὶ
1247 2691 1354 2745 τὸν
1373 2693 1592 2763 Κύριον
1619 2693 1731 2747 οὐκ
1750 2691 1875 2764 sm-

244 2802 485 2858 τησαν.

325 2881 562 2936 Σέσωκε
599 2880 701 2952 μὲν
748 2878 861 2953 γὰρ
894 2880 925 2933 ὁ
958 2879 1068 2934 τῶν
1109 2882 1248 2936 ὅλων
1294 2881 1429 2946 Θεὸς
1478 2882 1573 2936 καὶ
1617 2882 1879 2956 πλημμε-

247 2973 464 3030 λοῦντα
507 2970 608 3025 τὸν
651 2970 890 3044 Ἰσραὴλ,
924 2972 1022 3026 καὶ
1050 2971 1353 3046 δεδώρηται
1394 2974 1493 3046 τὴν
1533 2974 1878 3046 ἐπικουρίαν,

144 3108 147 3109 ν
250 3069 402 3123 ὥστε
454 3066 558 3121 καὶ
602 3064 827 3136 μείζους
863 3063 1123 3134 γενέσθαι
1158 3065 1269 3121 τῶν
1296 3068 1361 3120 ἐκ
1395 3067 1598 3140 Συρίας
1633 3067 1737 3138 τῆς
1769 3065 1883 3137 γεί-

1975 1950 2121 1995 esset
2180 1949 2402 2009 accepta
2449 1950 2505 1995 et
2540 1940 2649 1996 Deo
2684 1942 2905 2011 placens
2947 1945 3146 1999 oratio.
3166 1942 3321 2002 Nuda
3359 1952 3568 2013 autem,

1975 2041 2031 2087 et
2077 2034 2346 2102 solitaria,
2386 2035 2519 2104 quid
2580 2034 2728 2090 aliud
2785 2049 2954 2104 porro
2994 2036 3085 2099 sit,
3116 2052 3307 2109 quam,
3359 2049 3421 2096 ut
3480 2055 3568 2096 sa-

1977 2124 2352 2193 pientissimus
2376 2122 2575 2179 Paulus
2613 2124 2755 2179 ait"
2788 2143 2801 2180 :
2839 2143 2858 2177 ι
2898 2141 2974 2182 ωε
3001 2141 3205 2183 sonans
3231 2127 3316 2184 vel
3360 2130 3576 2200 cymba-

1978 2213 2086 2267 lttm
2148 2215 2420 2270 tinnieus?
2444 2234 2462 2267 ι

2051 2501 2219 2557 Vsus.
2253 2502 2343 2557 15.
2385 2499 2455 2556 In
2484 2502 2567 2556 his
2602 2502 2844 2556 omnibus
2883 2518 2990 2557 non
3022 2520 3239 2559 aversus
3270 2518 3343 2559 est
3398 2506 3575 2576 furor,

1979 2598 2071 2651 sed
2086 2598 2380 2650 etiamnum
2405 2611 2597 2649 manus
2621 2595 2829 2651 excelsa
2853 2604 2928 2650 est
2950 2610 2970 2648 :
2997 2606 3045 2651 et
3063 2597 3294 2667 populus
3321 2614 3428 2653 non
3458 2615 3577 2654 con-

1979 2705 2164 2745 versus
2193 2697 2293 2757 est,
2322 2687 2487 2743 donec
2508 2704 2787 2759 percussus
2810 2698 2907 2757 est,
2961 2700 3010 2745 et
3041 2688 3327 2746 Dominum
3358 2709 3463 2748 non
3485 2710 3578 2750 ea:-

1978 2783 2327 2853 quisivcrunt.
3076 2838 3082 2853 ν

2049 2872 2188 2931 Nam
2239 2876 2481 2931 servavit
2514 2875 2890 2932 universitatis
2933 2876 3077 2934 Deus
3115 2878 3371 2936 lsraelem
3411 2883 3578 2939 etiam

1984 2967 2415 3039 delinquentem,
2444 2981 2501 3026 et
2540 2970 2663 3024 tulit
2685 2970 2986 3041 suppetias,
3028 2972 3166 3028 adeo
3195 2983 3257 3028 ut
3284 2973 3438 3048 Syris
3460 2974 3584 3032 lini-

1986 3061 2131 3116 limis
2167 3073 2223 3116 et
2272 3063 2589 3120 hominibus
2640 3054 3072 3121 occidentalibus
3105 3064 3271 3122 luerit
3309 3065 3580 3139 superior,

251 3177 439 3224 τονος,
473 3157 578 3213 καὶ
612 3157 726 3213 τῶν
756 3158 852 3228 ἀφ’
887 3156 1042 3228 ἡλίου
1086 3156 1331 3229 δυσμῶν,
1360 3157 1412 3211 οἳ
1457 3158 1751 3230 κατήσθιον
1778 3158 1878 3223 αύ-

1990 3161 2077 3230 qui
2106 3175 2229 3217 eum
2264 3171 2375 3216 toto
2404 3175 2500 3215 ore
2525 3159 2888 3220 devorarunt.
2918 3159 3144 3225 Verum,
3174 3160 3373 3233 inquit,
3409 3164 3462 3219 in
3498 3163 3586 3220 his

254 3255 349 3309 τὸν
368 3253 487 3325 ὅλῳ
513 3251 600 3323 τῷ
623 3250 880 3321 στόματι.
902 3248 1051 3322 Πλὴν
1072 3251 1101 3304 6
1126 3249 1213 3302 ἐπ’
1236 3248 1419 3313 αὐτοῖς
1441 3248 1614 3321 θυμὸς
1646 3248 1876 3323 Κυρίου,

259 3347 453 3418 φησιν,
484 3345 592 3398 οὐκ
623 3343 985 3413 ἀπεστράφη,
1035 3339 1185 3394 τοῦτ’
1237 3340 1409 3404 ἔστιν,
1450 3340 1513 3394 ού
1556 3339 1876 3413 κατέληξεν,

268 3437 452 3509 ὑψηλὴ
471 3436 529 3490 δὲ
554 3434 766 3507 μᾶλλον
796 3433 1227 3506 ἀπομεμένηκεν
1256 3433 1291 3504 ὴ
1318 3431 1415 3486 τοῦ
1450 3433 1704 3498 παίοντος
1732 3435 1876 3507 χεὶρ,

277 3528 512 3599 ἑτοίμως
537 3526 744 3599 ἔχουσα
792 3525 1039 3597 δηλονότι
1089 3524 1308 3594 πληγὰς
1337 3525 1523 3591 αὐτοῖς
1559 3527 1654 3580 καὶ
1683 3527 1880 3600 ἑτέρας

278 3622 620 3690 ἐπενεγκεῖν.
663 3618 769 3672 Διά
801 3616 966 3671 ποίαν
1007 3617 1225 3685 αἰτίαν;
1259 3618 1335 3671 Οὐ
1388 3617 1496 3691 γὰρ
1525 3620 1878 3694 ἀπεστράφη,

272 3715 439 3788 φησὶν
470 3717 501 3769 6
526 3712 683 3778 λαὸς,
727 3692 853 3766 οὐδὲ
890 3710 1000 3764 τῶν
1038 3709 1185 3764 ἰδίων
1212 3711 1486 3782 ἀπέσχετο
1515 3692 1877 3784 πλημμελῶν.

265 3809 386 3866 Οὐκ
421 3806 734 3879 ὲξεζήτησε
758 3803 854 3858 τὸν
900 3801 1132 3876 Κύριον,
1164 3802 1257 3858 διά
1297 3819 1361 3873 γε
1407 3802 1469 3858 τὸ
1499 3803 1784 3875 βούλεσθαι
1813 3807 1884 3861 τὰ

262 3904 422 3974 αύτῳ
467 3898 741 3954 δοκοῦντα
778 3897 875 3952 καί⁵
907 3896 1039 3967 φίλα
1083 3898 1304 3970 φρονεῖν
1330 3914 1392 3950 τε
1422 3898 1516 3952 καὶ
1555 3899 1710 3971 δρᾷν.
1766 3903 1882 3956 Με-

261 3993 551 4067 μενήκασι
580 3989 641 4044 δὲ
673 3986 936 4061 τοιαύτην
974 3984 1191 4059 ἔχοντες
1217 3987 1318 4063 τὴν
1349 3987 1598 4062 γνώμην,
1628 3991 1789 4065 ἄχρις
1815 3991 1884 4048 ἂν

255 4087 459 4149 αὺτοῖς
492 4086 529 4156 ἡ
565 4082 751 4155 ὑψηλή
798 4098 860 4135 τε
902 4080 1000 4134 καὶ
1031 4079 1316 4154 παναλκὴς
1348 4083 1709 4157 ὲπενήνεκται
1740 4084 1880 4156 χείρ.

261 4179 409 4235 Ποία
445 4177 511 4231 δὲ
543 4175 711 4231 πάλιν
749 4175 783 4245 ἡ
836 4172 1129 4246 μετέκεινα
1178 4173 1386 4247 πληγὴ,
1420 4174 1540 4239 πῶς
1584 4175 1687 4230 οὐκ
1736 4176 1886 4242 ἄξιον

267 4276 441 4339 ιδεῖν;
470 4270 805 4332 Τελευταῖος
837 4266 938 4339 μὲν
964 4267 1097 4340 γὰρ,
1130 4267 1207 4332 ὡς
1234 4267 1395 4340 ἔφην,
1426 4269 1456 4321 6
1485 4268 1888 4341 Ναϐουχοδονό-

266 4381 371 4437 σορ
404 4356 529 4417 εἷλε
553 4360 655 4433 τὴν
694 4357 964 4413 Ἰουδαίαν
1011 4360 1216 4414 πᾶσαν.
1242 4357 1552 4430 Μετῲκησε
1578 4359 1635 4413 δὲ
1671 4360 1766 4414 καὶ
1796 4360 1888 4415 τὸν

278 4455 516 4529 Ἰσραὴλ
545 4455 630 4519 εἰς
662 4452 731 4507 τά
759 4451 864 4524 ὅρη
893 4450 1126 4522 Περσῶν
1155 4451 1253 4505 καὶ
1279 4451 1504 4524 Μήδων.
1549 4452 1768 4525 Ἐπειδὴ
1808 4452 1886 4518 δὲ,

1990 3249 2144 3306 furor
2177 3249 2389 3305 Domini
2436 3264 2544 3306 non
2590 3264 2818 3306 aversus
2868 3260 2973 3318 est,
3009 3252 3062 3307 id
3103 3262 3212 3319 est,
3256 3270 3362 3310 non
3398 3256 3583 3326 desiit,

1993 3343 2091 3399 sed
2117 3342 2333 3398 excelsa
2363 3344 2628 3397 remansit
2652 3340 2898 3398 ferientis
2956 3358 3170 3408 manus,
3208 3356 3396 3413 parata
3428 3348 3577 3404 videv

1990 3436 2119 3493 licet
2144 3436 2252 3491 illis
2280 3448 2335 3491 et
2362 3435 2550 3506 plagas
2581 3434 2716 3491 alias
2744 3435 3009 3507 inﬂigere.
3039 3435 3211 3504 Quam
3240 3442 3311 3494 ob
3326 3440 3589 3497 causam?

1988 3529 2110 3587 Non
2149 3531 2317 3597 enim,
2354 3531 2550 3600 inquit,
2586 3544 2883 3586 conversus
2918 3542 3002 3586 est
3036 3533 3289 3602 populus,
3326 3548 3427 3590 nec
3459 3550 3586 3607 pec-

1993 3638 2120 3681 care
2162 3622 2392 3678 destitit.
2442 3619 2561 3677 Non
2593 3623 2846 3692 quaesivit
2880 3622 3187 3691 Dominum,
3223 3635 3280 3681 ut
3313 3641 3434 3698 quae
3482 3630 3585 3700 ipsi

1991 3713 2227 3783 placent,
2261 3721 2318 3768 et
2358 3726 2481 3782 qua:
2525 3722 2681 3784 grata
2735 3722 2861 3767 sunt
2900 3728 2964 3768 ea
3021 3714 3226 3770 sentire
3286 3718 3474 3786 velint,
3531 3731 3587 3775 et
3626 3708 3631 3711 ’

1997 3819 2159 3876 agere
2199 3823 2212 3859 :
2243 3805 2346 3876 sed
2379 3819 2448 3861 co
2482 3805 2665 3861 animo
2713 3819 2931 3875 semper
2980 3805 3222 3875 fuerunt,
3281 3810 3454 3866 donec
3483 3810 3588 3867 illis

1991 3898 2208 3954 excelsa
2240 3872 2319 3953 “et
2370 3900 2438 3955 ad
2498 3899 2683 3955 omnia
2731 3900 3152 3957 instructissima
3205 3918 3399 3960 manus
3440 3903 3587 3959 illata

1992 4000 2095 4046 est.
2128 3988 2262 4057 Quae
2322 4006 2536 4047 rursum
2573 3989 2737 4047 fuerit
2769 3992 2886 4048 haec
2923 3992 3079 4065 plaga
3120 3994 3368 4061 ulterior,
3409 4009 3587 4050 annon

1993 4097 2174 4153 operae
2195 4084 2428 4152 pretium
2459 4091 2545 4139 est
2579 4083 2802 4139 videre?
2833 4083 3137 4141 Novissime
3163 4087 3334 4154 enim,
3358 4097 3417 4141 ut
3441 4088 3589 4144 dice-

1994 4176 2143 4242 bam,
2178 4174 2745 4234 Nabuchodonosor-us
2774 4179 2920 4248 cepit
2963 4193 3181 4234 omnem
3222 4176 3486 4242 Judteam,
3535 4190 3593 4235 ct

1997 4278 2260 4339 praeterea
2308 4268 2633 4336 Samariam,
2676 4278 2732 4325 et
2765 4270 3015 4325 Israelem
3051 4273 3104 4325 in
3137 4279 3350 4326 montes
3392 4269 3591 4327 Persa-

1997 4372 2120 4413 rum
2171 4368 2228 4414 et
2272 4359 2554 4414 Medorum
2617 4357 2918 4413 transtulit.
2982 4358 3293 4424 Caeterum,
3363 4370 3423 4414 ut
3471 4360 3588 4429 jam

1998 4450 2133 4519 dixi,
2164 4450 2348 4520 elapso
2368 4450 2701 4521 captivitatis
2738 4460 3000 4520 tempore,
3019 4451 3072 4506 in
3101 4448 3344 4507 Judaeum
3383 4452 3591 4509 reducti

266 4549 348 4615 ὡς
377 4548 546 4620 ξῳην,
576 4545 680 4617 ἤδη
729 4544 1171 4616 πεπερασμένων
1210 4542 1322 4598 τῶν
1366 4544 1466 4616 τῆς
1508 4543 1879 4616 αἰχμαλωσίας

2003 4545 2387 4600 habitaverunt
2414 4542 2827 4616 Hierosolymis,
2857 4558 2966 4600 non
3001 4545 3115 4617 jam
3149 4544 3202 4600 in
3227 4545 3362 4601 duas
3419 4547 3593 4601 tribus

268 4640 532 4713 καιρῶν,
560 4634 1012 4710 ἀνεκομίσθησαν
1050 4638 1132 4701 εἰς
1170 4635 1273 4709 τὴν
1313 4636 1598 4704 Ἰουδαίαν,
1636 4637 1732 4693 καὶ
1762 4655 1896 4693 κατ-

268 4736 542 4809 ῳκήκασι
573 4731 675 4803 τὴν
709 4712 1090 4802 Ἰερουσαλὴμ,
1117 4728 1306 4784 οὐκέτι
1328 4728 1681 4802 διῃρημένων
1707 4729 1896 4792 είςδύο

266 4828 388 4883 τῶν
414 4824 631 4897 φυλῶν,
671 4823 789 4878 ἀλλ’
815 4825 897 4888 είς
943 4822 1044 4876 ἕνα
1085 4823 1273 4876 λοιπὸν
1315 4823 1366 4876 οἰ
1417 4821 1620 4886 πάντες
1670 4822 1897 4893 βασιλέα

265 4915 675 4989 γεγενημένοι.
726 4912 902 4970 Τοῦτο
938 4912 1051 4986 γὰρ
1095 4909 1164 4985 ἦν
1204 4913 1266 4968 τὸ
1301 4912 1369 4967 δι’
1411 4912 1531 4978 ἐνὸς
1579 4912 1689 4968 τῶν
1723 4915 1896 4984 ἁγίων

268 5006 592 5085 προφητῶν
623 5005 941 5078 εἰρημένον·
967 5023 986 5058 ι
1015 5006 1128 5059 Καὶ
1158 5003 1524 5087 ἀναϐήσονται
1551 5007 1617 5059 ὲκ
1644 5006 1743 5078 τῆς
1772 5007 1896 5078 γῆς,

268 5106 369 5159 καὶ
415 5103 683 5174 θήσονται
724 5100 941 5162 ἑαυτοῖς
967 5098 1147 5170 ἀρχὴν
1172 5098 1325 5169 μίαν.
1362 5117 1382 5150 ι
1408 5098 1565 5153 Μετά
1604 5098 1785 5152 τοίνυν
1836 5100 1898 5153 τὸ

269 5201 338 5251 ἐκ
369 5199 481 5268 τῆς
510 5190 901 5265 αἰχμαλωσίας
925 5191 1295 5262 ὑπονοστῆσαι
1322 5188 1649 5262 σύμπαντας
1691 5191 1772 5255 εἰς
1799 5189 1899 5261 τὴν

283 5288 590 5354 Ἰουδαίαν,
628 5284 1085 5357 πεπολεμήκασιν
1113 5284 1301 5349 αὐτοῖς
1332 5285 1382 5338 οἰ
1409 5283 1519 5338 ἀπὸ
1547 5283 1772 5355 Συρίας,
1803 5284 1902 5338 καὶ

274 5388 326 5439 οἱ
370 5384 471 5454 ἀφ’
524 5380 685 5454 ἡλίου
741 5377 1044 5444 ἀνατολῶν,
1096 5376 1239 5450 πλὴν
1295 5378 1559 5450 ἥττηνται
1609 5377 1705 5429 καὶ
1745 5376 1902 5431 αὐτοὶ

276 5475 733 5552 προασπίζοντος
757 5471 895 5527 Θεοῦ
938 5470 1049 5525 τῶν
1075 5469 1528 5544 λελυτρωμένων.
1559 5464 1696 5523 Εἶτα
1724 5468 1902 5524 διατε-

275 5572 549 5626 τελέκασι
570 5567 668 5622 τὸν
707 5563 919 5639 μεταξὺ
947 5562 1144 5635 καιρὸν
1172 5563 1338 5636 μέχρι
1374 5560 1475 5632 τῆς
1518 5559 1614 5615 τοῦ
1643 5560 1899 5635 Σωτῆρος

275 5665 447 5739 ἡμῶν
477 5660 783 5732 ἱπιδημίας
797 5658 859 5713 οὐ
890 5656 1094 5723 ζῶντες
1116 5656 1332 5723 αἰσίως,
1358 5654 1483 5712 οὕτε
1510 5654 1618 5726 μὴν
1644 5656 1724 5719 εἰς
1753 5656 1902 5709 ἅπαν

353 5830 401 5863 ’⁷
430 5828 451 5880 l
483 5824 621 5881 Cor.
648 5835 772 5887 xm,
814 5820 868 5874 l.
947 5817 995 5850 ’⁸
1017 5816 1160 5873 Osce
1188 5833 1228 5882 I,
1258 5818 1347 5871 ll.

533 5919 820 5981 ΡΑτιιοι..
863 5914 979 5977 Gn.
1026 5912 1201 5975 LXX.

2002 4636 2186 4701 divisi,
2228 4636 2324 4692 sed
2363 4635 2458 4690 uni
2498 4635 2756 4707 deinceps
2797 4651 2991 4692 omnes
3030 4638 3141 4706 regi
3172 4637 3395 4695 subditi.
3479 4638 3601 4698 Hoc

1999 4730 2145 4785 enim
2166 4728 2235 4783 ab
2263 4743 2376 4785 uno
2407 4736 2719 4784 sanctorum
2754 4728 3142 4799 prophetarum
3181 4731 3384 4787 dictum
3425 4741 3545 4788 erat
3576 4753 3591 4787 :

2006 4840 2026 4874 ι
2067 4820 2134 4877 Et
2156 4821 2456 4878 ascendent
2489 4831 2709 4889 eterra,
2732 4832 2786 4877 et
2818 4822 3152 4879 constituent
3183 4823 3286 4878 sibi
3323 4824 3599 4897 principa-

2003 4922 2117 4967 tum
2145 4927 2310 4967 unum
2338 4912 2407 4966 ’⁸.
2443 4931 2462 4964 ι
2507 4910 2697 4984 Itaque
2734 4924 3021 4983 postquam
3048 4917 3227 4970 cuncti
3256 4931 3326 4971 ex
3366 4917 3597 4986 captivi-

1999 5011 2112 5058 tate
2149 5004 2201 5059 in
2231 5005 2474 5060 Judzeam
2514 5006 2810 5073 redierunt,
2854 5008 3056 5064 bellum
3101 5009 3157 5062 in
3190 5021 3289 5063 eos
3338 5023 3598 5080 suscepe-

2006 5100 2273 5168 runt,an
2296 5113 2345 5151 ~a
2402 5099 2584 5172 Syria,
2625 5108 2681 5153 et
2720 5100 2812 5170 qui
2857 5101 2926 5157 ab
2975 5110 3099 5157 ortu
3149 5100 3282 5157 solis
3310 5115 3598 5172 venerant,

2004 5190 2095 5259 qui
2129 5200 2307 5245 tamen
2337 5192 2537 5247 devicti
2580 5200 2729 5256 sunt,
2787 5191 2896 5247 Deo
2941 5190 3203 5249 liberatos
3246 5194 3405 5263 quasi
3446 5203 3603 5250 scuto

2005 5289 2349 5355 protegente.
2408 5284 2676 5354 Deinceps
2728 5299 2858 5340 vero
2917 5295 3336 5354 perseverarunt
3393 5286 3599 5341 interea

2007 5376 2285 5445 temporis,
2334 5390 2506 5448 usque
2553 5379 2622 5433 ad
2678 5378 2990 5434 Servatoris
3051 5379 3222 5435 nostri
3284 5378 3599 5438 adventum.

2010 5481 2119 5522 non
2148 5468 2395 5524 viventes
2444 5481 2656 5534 sancte,
2710 5483 2813 5526 nec
2856 5469 3080 5525 omnino
3131 5484 3159 5522 a
3216 5467 3462 5539 pristinis
3494 5463 3600 5519 illis

2010 5559 2157 5616 vitiis
2200 5561 2539 5629 recedentes,
2586 5562 2681 5617 sed
2723 5577 2825 5619 nec
2879 5563 3098 5628 decore,
3154 5574 3255 5616 nec
3304 5556 3600 5614 secundum

2009 5652 2183 5725 legem
2221 5665 2544 5723 versantes,
2602 5656 2868 5728 valdeque
2901 5654 3238 5725 negligentes
3284 5660 3341 5708 et
3381 5648 3603 5708 incurii.

3202 5894 3251 5969 9.
