4016 6462
101 603 118 619 ⁵
225 600 404 670 ἡμεῖς
443 595 703 666 σήμερον
733 588 1159 663 ἀνακρουόμεθα
1189 588 1285 640 ἐπὶ
1313 584 1607 656 εὐεργεσίᾳ
1646 579 1861 655 ἀνθρὼ-

219 369 340 426 269
1396 373 1464 429 IN
1502 374 1738 432 ISAIAM
1778 375 1908 433 LIB.
1950 378 1994 432 Ι.
2032 375 2246 435 ORAT.
2287 376 2357 432 Vl
3455 374 3565 431 Q‘lO

220 506 535 573 λέγοντες·
573 519 595 553 ι
637 501 938 571 Ἄρχοντες
960 495 1055 551 τοῦ
1094 492 1226 549 λαοῦ
1257 493 1354 547 καὶ
1380 490 1767 563 πρεσϐύτεροι,
1812 488 1859 541 εί

1994 493 2232 552 udicium
2267 510 2552 564 vocamur,
2586 499 2860 567 quomodo
2900 497 2991 552 ille
3026 508 3275 555 servatus
3327 501 3421 565 sit,
3477 518 3571 555 no.

1975 601 2088 643 tum
2118 588 2190 641 sit
2221 588 2398 652 vobis,
2435 597 2492 644 et
2528 590 2624 644 toti
2650 591 2871 662 populo,
2903 592 3048 661 quod
3085 594 3139 647 in
3179 593 3398 648 nomine
3442 591 3569 646 Jesn

223 707 339 747 που
371 685 677 749 ἀσθενοῦς,
702 686 762 738 ἐν
794 684 902 738 τίνι
928 676 1085 746 οὗτος
1115 681 1411 741 σέσωσται,
1444 678 1685 747 γνωστὸν
1720 676 1862 730 ἔστω

1989 680 2215 738 Nazaraai
2246 682 2285 736 ¹.
2324 700 2342 734 ι
2375 682 2436 736 Hi
2471 684 2615 737 enim
2641 685 2910 749 seniores,
2948 702 3117 757 penes
3151 701 3290 756 quos
3318 686 3573 757 judican-

229 785 369 854 ὑμῖν
404 780 509 834 καὶ
540 780 716 841 παντὶ
756 776 837 849 τῷ
872 776 1010 848 λαῷ,
1057 777 1139 830 ὃτι
1187 778 1245 827 ὲν
1285 774 1364 845 τῷ
1397 774 1624 844 ὀνόματι
1684 767 1859 842 Ἰησοῦ

1989 777 2024 829 li
2057 786 2297 845 potestas
2325 787 2465 841 erat,
2497 791 2605 831 non
2634 789 2815 833 rectas
2847 781 2913 834 de
2955 781 3119 835 rebus
3162 780 3394 855 singulis
3435 778 3574 833 tule-

235 872 481 948 Χριστοῦ
516 871 619 927 τοῦ
660 869 1019 944 Ναζωραίου.
1064 889 1083 922 ι
1118 864 1277 925 Οὗτοι
1311 867 1421 940 γὰρ
1466 870 1516 923 οἱ
1556 864 1861 938 πρεσϐύτε-

1989 880 2109 924 runt
2149 871 2474 935 sententias,
2535 870 2825 926 insatiabili
2862 871 3157 941 cupiditate
3210 886 3434 927 munera
3475 886 3571 926 ca-

257 989 359 1042 ροι,
540 967 642 1021 τοῦ
692 967 911 1039 κρίνειν
955 965 1172 1037 ἔχοντες
1218 963 1494 1031 ἐξουσίαν,
1544 962 1646 1015 οὐκ
1689 958 1863 1033 ὀρθὰς

1989 963 2207 1027 ιίριιιεε,
2258 971 2312 1018 et
2366 964 2741 1033 proximorum
2780 964 2951 1019 facies
2988 966 3344 1027 admirantes,
3392 979 3572 1035 quan-

254 1064 349 1126 τὰς
378 1061 465 1132 ἐφ’
504 1060 737 1131 ἑκάστῳ
771 1060 883 1113 τῶν
929 1058 1061 1130 παρ’
1101 1059 1288 1121 αὐτοῖς
1335 1057 1675 1128 κρινομένων
1713 1057 1862 1108 ἐποι-

1999 1056 2175 1112 nmvis
2201 1056 2284 1111 lex
2322 1073 2419 1127 per
2449 1057 2634 1114 Mosen
2661 1058 2925 1115 clamaret
2959 1078 2973 1113 :
3007 1079 3026 1111 ι
3058 1058 3328 1115 Iudicium
3361 1061 3569 1132 justum

250 1155 400 1210 οὖντο
426 1154 673 1227 ψήφους,
714 1152 1149 1226 δωροδοκοῦντες
1180 1151 1492 1224 ἀπλήστως,
1531 1151 1625 1204 καὶ
1653 1148 1721 1204 τὰ
1752 1148 1862 1202 τῶν

1997 1151 2209 1205 ιιη1ἰοςιιε
2242 1152 2263 1184 ²
2293 1171 2302 1204 :
2346 1171 2365 1202 ι
2409 1162 2461 1205 ct
2496 1151 2695 1221 ubique
2747 1150 3049 1207 inculcaret
3087 1170 3100 1206 :
3133 1170 3152 1203 ι
3187 1151 3300 1207 Νοιι
3338 1153 3572 1222 accipies

253 1246 528 1304 πλουσίων
580 1245 972 1319 θαυμάζοντες
1012 1245 1287 1315 πρόσωπα
1310 1283 1324 1309 ,
1379 1243 1559 1301 καίτοι
1616 1243 1710 1296 τοῦ
1771 1242 1865 1297 διὰ

1989 1257 2265 1297 Jersonam
2332 1243 2384 1298 in
2433 1244 2641 1314 judicio
2676 1244 2718 1297 ³.
2770 1263 2790 1297 ι
2837 1242 2950 1300 Hoc
3003 1253 3089 1299 est
3133 1244 3318 1315 igitur,
3373 1246 3569 1315 inquit.

248 1341 497 1405 Μωσέως
545 1340 899 1412 κεκραγότος
931 1339 1131 1411 νόμουο
1182 1357 1200 1390 ι
1257 1339 1450 1411 Κρῖμα
1489 1336 1697 1424 δίκαιον
1741 1337 1864 1408 κρί-

1989 1336 2328 1406 πίιιοίρὶιιιη.
2362 1336 2611 1391 Habetur
2629 1350 2761 1390 vero
2791 1335 2958 1392 etiam
2987 1346 3169 1407 caput.
3205 1336 3382 1406 Caput
3424 1337 3571 1398 enim

244 1449 393 1486 νατε·
439 1450 467 1483 ι
489 1432 594 1487 καὶ
624 1432 711 1497 τὸ,
742 1450 761 1483 ι
788 1432 866 1485 Οὐ
893 1429 1041 1503 λήψῃ
1078 1429 1373 1503 πρόσωπον
1396 1432 1455 1484 ὲν
1486 1431 1691 1502 κρίσει,
1728 1450 1745 1481 ›
1778 1447 1862 1482 τι-

1989 1426 2155 1495 mpuli
2202 1427 2482 1491 sacerdos,
2534 1428 2754 1497 quando
2804 1428 2953 1483 velut
3012 1429 3068 1483 in
3105 1442 3213 1483 uno
3257 1427 3574 1499 intelligitur

244 1528 434 1590 θέντος
482 1528 772 1598 πανταχῆ.
835 1526 988 1596 Αὕτη
1033 1523 1237 1589 τοίνυν,
1266 1526 1450 1596 φησὶν.
1488 1527 1522 1596 ή
1558 1526 1735 1597 ἀρχή·
1776 1525 1865 1578 λεο

1989 1530 2225 1586 :orpore.
2271 1516 2645 1573 Auferendum
2696 1532 2826 1573 vero
2861 1518 2939 1574 ait
2989 1535 3114 1574 cum
3158 1535 3310 1583 sene,
3348 1530 3403 1576 et
3444 1535 3575 1590 pro-

243 1620 469 1684 λόγιστο
503 1620 564 1674 δὲ
605 1621 704 1675 καὶ
748 1622 829 1683 εἰς
864 1620 1128 1692 κεφαλήν.
1182 1618 1410 1689 Κεφαλὴ
1460 1617 1571 1689 γὰρ
1602 1618 1747 1672 λαῶν
1792 1619 1867 1671 ίε-

1989 1616 2192 1670 )hetam
2213 1625 2266 1670 et
2290 1614 2588 1668 docentem
2618 1614 2804 1683 iniqua
2842 1629 3045 1685 :quem
3095 1615 3228 1671 dicit
3276 1629 3400 1671 esse
3446 1629 3575 1669 cau-

250 1714 407 1801 ρεῦς,
435 1714 575 1767 ὅταν
606 1712 687 1777 ὡς
719 1713 808 1781 ἐφ’
843 1712 965 1776 ἑνὸς
986 1714 1187 1767 νοεῖται
1220 1710 1493 1782 σώματος.
1523 1711 1866 1783 Συναφαιρε-

1989 1706 2121 1770 lam,
2150 1706 2255 1761 hoc
2285 1715 2387 1770 est,
2422 1704 2474 1758 id
2505 1706 2646 1773 quod
2675 1705 2946 1775 sequitur.
2985 1705 3155 1763 Erant
3182 1706 3328 1760 enim
3351 1706 3573 1775 quidam

245 1796 522 1879 θήσεσθαι
557 1806 621 1860 δὲ
659 1804 741 1877 τῷ
789 1804 1073 1879 πρεσϐύτῃ
1110 1805 1245 1877 φησὶ
1291 1807 1386 1861 καὶ
1434 1806 1725 1878 προφήτην
1773 1806 1869 1859 καὶ⁸

1989 1796 2118 1865 ιριιά
2151 1794 2368 1852 Iudaeos
2396 1796 2487 1867 qui
2519 1796 2691 1865 legem
2715 1812 2745 1850 a
2782 1796 3189 1864 sapientissimo
3213 1794 3360 1851 Mose
3387 1796 3571 1851 datam

238 1901 584 1957 διδάσκοντα
614 1900 819 1970 ἄνομα.
854 1900 963 1953 Καὶ
992 1898 1182 1953 τοῦτον
1214 1893 1355 1953 εἷναί
1385 1916 1522 1969 φησι
1544 1897 1640 1969 τὴν
1676 1899 1863 1969 οὐρὰν,

1995 1889 2479 1957 nterpretabantnr
2526 1889 2767 1959 quidem,
2824 1890 2919 1943 sed
2980 1903 3239 1958 perverse
3278 1888 3573 1963 faciebant,

232 1992 390 2050 τοῦτ’
434 1994 581 2055 ἔστι,
612 1992 679 2046 τὸ
710 1992 1002 2063 ἑπόμενον.
1036 1987 1220 2045 Ἦσαν
1262 1991 1361 2062 μὲν
1397 1991 1508 2063 γάρ
1544 2004 1690 2054 τινες
1715 1990 1867 2062 παρά

1989 1983 2234 2038 Moesicis
2273 1982 2454 2037 verbis
2494 1981 2816 2035 inducemus
2846 1979 2988 2034 haud
3038 1990 3185 2035 recte
3250 1980 3575 2043 traditiones

229 2090 350 2150 τοῖς
390 2086 700 2151 Ἰουδαίοις,
737 2085 831 2140 τὸν
859 2085 950 2140 διὰ
987 2083 1079 2138 τοῦ
1115 2085 1394 2154 πανσόφου
1435 2083 1677 2148 Μωσέως
1723 2084 1869 2157 διερ-

1997 2091 2084 2128 mn
2115 2075 2369 2144 scriptas,
2421 2077 2676 2130 mandata
2729 2072 3010 2129 hominum
3051 2083 3218 2140 atque
3276 2072 3571 2127 doctrinas.

235 2180 593 2252 μηνεύοντες
648 2180 836 2250 νόμονο
885 2180 1059 2252 ἔδρων
1090 2179 1147 2233 δὲ
1190 2178 1352 2233 τοῦτο
1389 2178 1865 2248 διεστραμμένως,

1989 2168 2049 2223 Hi
2081 2168 2363 2225 Iudaicam
2413 2168 2624 2239 plebem
2672 2170 3025 2237 deceperunt,
3070 2177 3126 2219 et
3179 2174 3236 2218 ut
3282 2165 3576 2235 superbam

232 2278 356 2338 tot;
382 2273 482 2328 διὰ
512 2273 768 2338 me);
794 2273 979 2341 λόγοις
1012 2272 1311 2341 ἐπάγοντες
1343 2271 1447 2324 οὐκ
1486 2269 1661 2343 ὀρθῶς
1691 2288 1871 2343 παρα-

1989 2261 2254 2318 cervicem
2324 2272 2515 2317 contra
2581 2260 2863 2316 Christum
2931 2258 3192 2330 erigeret,
3255 2256 3575 2327 effecerunt,

233 2368 428 2434 δόσεις
455 2368 772 2438 ἀγράφους,
808 2366 1129 2436 ἐντάλματα
1153 2363 1460 2436 ἀνθρώπων
1485 2363 1581 2419 καὶ
1612 2363 1870 2417 διδασκα-

1989 2354 2245 2421 Quoniam
2282 2354 2446 2425 igitur
2481 2354 2852 2423 sequebantur
2896 2352 2950 2406 hi
2983 2366 3200 2421 quoque
3230 2352 3577 2406 sacerdotum

235 2462 393 2526 λίας.
436 2455 611 2515 Οὗτοι
642 2460 740 2514 τὸν
779 2460 890 2514 τῶν
933 2459 1208 2513 Ἰουδαίων
1249 2458 1631 2530 πεπλανήκασι
1670 2458 1864 2529 δῆμον,

1989 2449 2303 2513 sententias,
2340 2447 2432 2515 qui
2483 2447 2538 2501 in
2588 2445 2779 2501 ordine
2816 2445 3046 2514 locoque
3086 2443 3280 2514 capitis
3328 2443 3578 2498 collocati

235 2551 340 2604 καὶ
371 2549 593 2623 γαῦρον
643 2551 859 2622 ἐγεῖραι
909 2549 1052 2604 κατά
1100 2547 1339 2622 Χριστοῦ
1394 2550 1734 2621 πεποιήκασι
1778 2551 1870 2602 τὸν

1989 2551 2126 2607 sunt,
2159 2554 2254 2595 eos
2288 2538 2518 2594 caudam
2544 2536 2865 2591 nominavit.
2890 2534 3049 2599 Nam,
3078 2545 3134 2587 nt
3161 2534 3431 2596 dicebam,
3456 2548 3578 2587 enm

236 2646 478 2716 αὐχένα.
552 2643 781 2715 Ἐπειδὴ
827 2643 1009 2697 τοίνυν
1047 2643 1264 2696 εἵποντο
1298 2641 1394 2695 καὶ
1421 2633 1567 2695 οὗτοι
1602 2644 1722 2705 ταῖς
1763 2641 1870 2694 τῶν

1989 2633 2044 2689 le
2076 2648 2185 2687 uno
2233 2631 2586 2701 intelligimus
2638 2644 2885 2699 corpore,
2940 2629 3112 2683 cauda
3154 2642 3369 2698 semper
3418 2638 3582 2696 caput

239 2737 450 2809 ἱερέων
474 2735 758 2807 γνώμαις,
792 2736 842 2789 οἳ
878 2736 973 2789 καὶ
1004 2736 1063 2789 ὲν
1102 2736 1252 2801 τάξει
1299 2736 1542 2789 τέθειντο
1568 2736 1669 2806 τῆς
1696 2753 1869 2805 κεφα-

1989 2726 2354 2796 snbseqnitur.
2408 2724 2544 2779 Cum
2594 2730 2775 2777 autem
2829 2721 3124 2790 prophetas
3174 2720 3409 2789 appellat
3460 2731 3578 2782 eos,

236 2823 369 2894 λῆς,
406 2823 588 2897 οὐρὰν
617 2821 912 2893 ὠνόμασεν
954 2823 1176 2888 αὐτούς.
1241 2824 1330 2887 Ὠς
1364 2825 1475 2896 γὰρ
1524 2823 1685 2895 ἔφην,
1742 2821 1893 2881 ὅταν’

239 2919 321 2981 ὡς
355 2919 449 2986 ἐφ’
479 2916 605 2979 ἐνὸς
634 2916 850 2987 νοῶμεν
884 2916 1161 2988 σώματος,
1191 2917 1382 2973 ἕπεται
1424 2917 1645 2982 πάντως
1675 2921 1707 2990 ἡ
1737 2919 1874 2990 cupit

241 3013 311 3082 τῇ
343 3010 596 3081 κεφαλῇ.
642 3009 866 3081 Ἐπειδὴ
899 3008 957 3064 δὲ
999 3012 1289 3082 προφήτας
1320 3011 1607 3083 ὠνόμασεν
1651 3017 1872 3080 αὐτοὺς,

242 3106 347 3175 οὐχ
388 3103 595 3172 ἁγίους
640 3098 788 3156 εἶναι
820 3103 916 3156 καὶ
952 3101 1178 3174 ἀληθεῖς
1227 3103 1580 3176 λογιούμεθα.
1634 3089 1882 3177 Προστέέ

1989 3102 2349 3171 temporibus,
2400 3107 2513 3152 tum
2569 3095 2778 3149 scilicet
2840 3109 2961 3147 cum
3002 3092 3181 3148 "etiam
3232 3100 3419 3146 essent
3465 3092 3582 3150 veri

246 3197 401 3249 θεικε
450 3194 569 3266 γὰρ
614 3193 700 3260 τὸ,
737 3194 821 3247 ὄτι
859 3192 1209 3247 διδάσκουσιν
1260 3194 1460 3268 ἄνομα.
1512 3197 1660 3270 Πλὴν
1694 3199 1876 3254 ἐκεῖνό

1989 3193 2277 3263 prophetae.
2335 3187 2465 3244 Post
2536 3185 2869 3256 captivitatis
2921 3193 3103 3238 autem
3162 3192 3405 3251 tempora
3468 3188 3582 3233 tum

247 3304 462 3361 φαμεν·
482 3284 678 3341 Ἦσαν
713 3286 817 3358 μὲν
844 3284 956 3357 γὰρ
975 3287 1034 3338 ἐν
1059 3284 1139 3357 τῷ
1182 3286 1400 3369 Ἰσραὴλ
1427 3287 1875 3361 ψευδοπροφῆται

1989 3290 2152 3345 fuisse
2176 3287 2335 3352 alios,
2382 3297 2545 3339 nemo
2579 3281 2864 3338 commode
2908 3286 2964 3333 et
3009 3292 3137 3333 vere
3193 3276 3392 3341 dixerit
3434 3273 3582 3339 :nisi

255 3380 403 3434 κατά
434 3380 695 3451 καιροὺς,
732 3376 983 3448 δηλονότι
1020 3376 1146 3432 καθ’
1179 3377 1275 3441 οὓς
1311 3375 1456 3449 ἦσαν
1485 3382 1534 3434 oi
1568 3382 1709 3434 κατά
1737 3383 1873 3454 divi;-

1989 3385 2128 3439 forte
2156 3381 2280 3450 quis
2313 3393 2408 3434 eos
2430 3378 2599 3438 dicat,
2633 3389 2772 3444 quos
2812 3369 3079 3428 Gamaliel
3124 3370 3260 3439 legis
3299 3369 3509 3431 doctor,
3532 3375 3589 3423 et

1978 2820 2205 2876 minime
2244 2828 2469 2875 sanctos
2509 2832 2652 2883 esse,
2694 2825 2748 2870 ct
2780 2830 2942 2871 verus
2992 2813 3319 2881 putabimus.
3366 2810 3581 2880 Adjecit

1977 2914 2123 2972 enim
2175 2929 2272 2969 eos
2312 2914 2511 2968 docere
2560 2912 2765 2980 iniqua.
2829 2909 3023 2963 Verum
3077 2907 3205 2962 illml
3264 2898 3500 2962 dicimus
3564 2924 3578 2957 :

1979 3009 2150 3064 Erant
2202 3006 2458 3062 videlicet
2499 3005 2550 3057 in
2597 3002 2764 3057 Israel
2816 3001 3304 3071 pseudoprophetae
3351 2996 3583 3055 diversis

263 3473 419 3528 θειαν
448 3472 754 3545 προφῆται.
788 3468 946 3524 Μετὰ
985 3470 1044 3524 δέ
1086 3486 1151 3540 γε
1183 3472 1312 3536 τοὺς
1358 3473 1459 3543 τῆς
1495 3474 1877 3544 αἰχμαλωσίας

267 3561 513 3631 καιροὺς,
551 3560 851 3633 ἀραρότως
893 3560 1072 3615 εἰπεῖν
1116 3561 1219 3619 οὐκ
1264 3561 1331 3614 ἂν
1376 3562 1597 3617 δύναιτό
1639 3582 1748 3629 τις,
1794 3567 1878 3631 ὅτι

263 3651 521 3720 γεγόνασι
559 3653 685 3705 κατ’
721 3649 971 3716 ἐκείνους
1014 3651 1196 3724 ἕτεροί
1239 3669 1421 3718 τινες·
1453 3657 1502 3711 εί
1534 3656 1609 3729 μὴ
1656 3658 1764 3730 ἄρα
1794 3677 1878 3726 τις

257 3744 510 3807 ἐκείνους
546 3744 729 3812 λέγοι.
757 3736 834 3795 ὧν
866 3744 962 3797 καὶ
989 3743 1360 3815 διαμέμνηται
1398 3746 1685 3820 Γαμαλιὴλ
1718 3768 1879 3820 νομο-

252 3837 592 3901 διδάσκαλος
631 3836 731 3901 ὢν,
778 3837 876 3891 καὶ
913 3838 1099 3907 τίμιος
1140 3840 1305 3896 παντὶ
1346 3840 1429 3911 τῷ
1466 3841 1599 3913 λαῷ,
1636 3846 1780 3899 κατά
1815 3863 1878 3913 γε

250 3932 315 3985 τὸ
346 3930 757 4001 γεγραμμένον
781 3931 841 3982 ὲν
867 3933 989 3994 ταῖς
1020 3930 1266 4002 Πράξεσι
1292 3932 1405 3986 τῶν
1436 3935 1609 4003 ἁγίων
1641 3938 1877 3993 ἁποστό-

250 4024 387 4077 λων.
472 4022 931 4097 Προσπεφώνηκε
989 4024 1100 4099 γὰρ
1162 4025 1308 4083 οὕτω
1362 4030 1492 4099 περὶ
1540 4030 1651 4084 τῶν
1707 4033 1880 4100 ἁγίων

252 4116 590 4177 ἀποστόλων
642 4121 759 4182 τοῖς
789 4119 850 4171 ὲν
884 4119 962 4189 τῷ
1004 4120 1290 4192 συνεδρίῳ,
1325 4121 1538 4189 λέγων’
1581 4143 1600 4176 ί
1652 4125 1880 4199 Ἄνδρες

269 4210 641 4283 Ἰσραηλίται,
690 4211 993 4283 προσέχετε
1030 4214 1248 4277 ἑαυτοῖς
1289 4216 1381 4269 ἐπὶ
1415 4218 1529 4281 τοίς
1566 4218 1878 4289 ἀνθρώποις

258 4302 505 4366 τούτοις,
548 4301 604 4357 τί
638 4301 864 4373 μέλλετε
897 4302 1186 4373 πράσσειν.
1222 4304 1338 4376 Πρὸ
1381 4305 1494 4377 γὰρ
1530 4307 1741 4362 τούτων
1768 4309 1879 4362 τῶν

260 4394 496 4468 ἡμερῶν
540 4395 743 4467 ἀνέστη
772 4395 979 4460 Θευδᾶς
1022 4397 1196 4467 λέγων
1230 4399 1354 4451 τινὰ
1385 4396 1524 4453 εἶναι
1556 4401 1747 4454 ἑαυτὸν
1780 4402 1881 4472 μέ-

260 4506 391 4558 γαν,
432 4482 482 4557 ᾧ
530 4487 871 4561 προσεκλίθη
918 4490 1130 4560 ἀνδρῶν
1184 4492 1419 4563 ἀριθμὸς
1464 4493 1597 4546 ὡσεὶ
1622 4510 1883 4565 τετρακοο

264 4583 445 4638 σίων
492 4581 553 4647 ὃς
582 4580 850 4659 ἀνῃρέθη.
899 4583 1011 4637 Καὶ
1050 4583 1256 4647 πάντες
1311 4584 1423 4640 ὅσοι
1470 4585 1688 4639 εἵποντο
1733 4585 1885 4657 αὐτῷ

262 4675 634 4746 διελύθησαν,
686 4675 781 4729 καὶ
826 4675 1078 4746 ἐγένοντο
1129 4676 1210 4740 είς
1259 4676 1436 4730 οὐδέν.
1491 4676 1647 4730 Μετὰ
1693 4676 1885 4734 τοῦτον

1984 3476 2145 3557 165
2179 3476 2266 3531 vir
2314 3475 2411 3529 toti
2465 3471 2665 3543 populo
2723 3466 3056 3524 venerabilis
3112 3463 3584 3524 commemoravit,

1985 3568 2447 3643 quemadmodum
2478 3566 2740 3636 scriptum
2773 3572 2857 3617 est
2890 3561 2943 3614 in
2985 3559 3138 3614 Actis
3190 3556 3584 3628 apostolorum.

1985 3663 2076 3717 Sic
2110 3661 2256 3717 enim
2300 3662 2366 3714 de
2395 3657 2603 3713 sanctis
2650 3652 2911 3723 apostolis
2973 3650 3166 3705 aii-atus
3209 3657 3293 3703 est
3345 3662 3442 3703 eos
3494 3646 3586 3714 qui

1982 3765 2142 3811 erant
2172 3756 2227 3809 in
2258 3751 2536 3808 concilio:
2578 3767 2596 3801 ι
2639 3747 2750 3802 Viri
2798 3746 3083 3807 lsraelitaa,
3134 3763 3152 3796 ι
3206 3742 3398 3810 inquit.
3444 3757 3463 3791 ι
3506 3748 3587 3793 at-.

1986 3849 2194 3904 tendite
2233 3847 2388 3902 vobis
2424 3844 2582 3914 ipsis,
2607 3840 2735 3911 quid
2778 3840 2844 3893 de
2881 3837 3193 3892 hominibus
3233 3836 3317 3889 his
3347 3834 3469 3888 sitis
3497 3833 3581 3886 fa-

1984 3939 2148 3995 cturi.
2181 3938 2317 3992 Nam
2348 3946 2475 3990 ante
2499 3935 2601 3989 hos
2637 3934 2754 3988 dies
2786 3941 3014 3990 exortus
3057 3938 3141 3984 est
3181 3925 3458 3990 Theudas,
3494 3926 3585 3994 qui

1984 4032 2203 4087 dicebat
2237 4046 2296 4083 se
2328 4042 2450 4083 esse
2480 4025 2789 4095 quempiam
2845 4036 3126 4092 maguum,
3187 4018 3272 4074 cui
3329 4023 3588 4071 numerus

1988 4125 2271 4180 hominum
2305 4125 2425 4193 plus
2457 4120 2637 4175 minus
2668 4116 3195 4187 quadringentorum
3232 4110 3479 4166 adhaesit.
3525 4107 3589 4172 Et

1989 4218 2036 4273 is
2062 4217 2311 4272 sublatus
2344 4223 2450 4280 est,
2487 4222 2542 4268 et
2587 4218 2856 4281 quthnot
2888 4209 3154 4278 parebant
3202 4205 3252 4260 ei
3298 4203 3485 4266 deleti,
3532 4211 3589 4255 et

1988 4312 2056 4366 ad
2083 4310 2313 4365 nihilum
2353 4306 2565 4363 redacti
2593 4314 2741 4359 sunt.
2778 4300 2906 4363 Post
2935 4302 3079 4353 hunc
3107 4306 3331 4352 exortus
3373 4303 3458 4348 est
3492 4292 3589 4347 lu.-

1991 4405 2088 4459 das
2121 4400 2379 4457 Galilaeus
2428 4397 2767 4467 temporibus
2823 4388 3228 4460 descriptionis,
3278 4396 3336 4443 et
3388 4386 3589 4439 avertit

1991 4494 2247 4568 populum
2289 4498 2412 4563 post
2451 4503 2558 4545 se:
2591 4488 2686 4542 sed
2727 4493 2783 4540 et
2832 4484 2877 4538 is
2923 4482 3107 4556 periit,
3146 4490 3204 4536 et
3255 4492 3446 4535 omnes
3495 4477 3588 4549 qui
3640 4490 3643 4495 '

1990 4586 2352 4662 parebantei,
2386 4582 2621 4654 dispersi
2656 4587 2784 4636 sunt
2819 4577 2861 4631 ‘.
2909 4597 2927 4630 ι
2978 4575 3352 4631 Auferendum
3406 4573 3590 4642 itaque

1991 4685 2125 4741 dicit
2164 4692 2350 4753 caput,
2386 4687 2445 4735 et
2481 4677 2736 4743 caudam,
2780 4675 2933 4745 juxta
2973 4685 3099 4727 emn
3150 4682 3370 4724 sensum
3429 4680 3593 4736 quem

259 4745 499 4839 ἀνέστη
542 4765 750 4829 Ἰούδας
794 4768 824 4818 ὁ
864 4745 1172 4832 Γαλιλαῖος,
1216 4766 1275 4820 ὲν
1326 4768 1449 4829 ταῖς
1501 4764 1741 4836 ἡμέραις
1785 4766 1882 4836 τῆς

1993 4794 2138 4835 nunc
2177 4745 2532 4833 reddidimus.
2570 4770 2769 4826 Verum
2810 4768 2926 4822 fore
2978 4763 3135 4829 dicit,
3184 4763 3274 4832 qui
3317 4761 3463 4815 hunc
3502 4773 3598 4828 po-~

259 4858 634 4932 ἀπογραφῆς,
685 4858 782 4912 καὶ
829 4857 1113 4929 ἀπέστησε
1160 4857 1291 4912 λαὸν
1341 4858 1520 4911 ὀπίσω
1547 4858 1732 4914 αὑτοῦ.
1770 4859 1887 4912 Κά-

259 4955 484 5016 κεῖνοςο
511 4949 792 5014 ἀπώλετο,
847 4949 949 5005 καὶ
997 4949 1202 5013 πάντες
1252 4949 1369 5003 ὅσοι
1422 4948 1704 5004 ἐπείθοντο
1736 4950 1887 5021 αὐτῷ

255 5041 802 5116 διεσκορπίσθησαν.
843 5061 863 5094 ι
894 5040 1393 5113 ΡΛιραιρεθήσεσθαι
1418 5042 1602 5097 τοίνυν
1629 5044 1766 5113 φησί⁵
1789 5060 1887 5097 κε-

260 5138 454 5210 φαλὴν
513 5135 610 5190 καὶ
666 5134 874 5208 οὐρὰν,
920 5135 1067 5190 κατά
1109 5150 1175 5203 γε
1218 5134 1321 5206 τὴν
1372 5134 1578 5205 ἀρτίως
1616 5136 1750 5204 ἡμῖν
1769 5151 1909 5210 προς-

256 5240 633 5295 απώοθετσαν
683 5237 949 5292 διάνοιαν.
1002 5238 1150 5311 Πλὴν
1191 5241 1319 5303 τοὺς
1363 5241 1772 5312 μακαρίζοντας
1793 5249 1887 5306 τὸν

254 5353 395 5407 λαὸν
440 5349 641 5405 τοῦτον
681 5347 1009 5413 πλανῶντας
1055 5348 1278 5405 ἔσεσθαί
1334 5368 1489 5423 φησι,
1523 5353 1618 5410 καὶ
1662 5355 1882 5411 πλανῶ-

259 5467 351 5503 σιν
388 5448 547 5512 ὅπως
585 5444 1198 5510 καταπίωσινηαύτούςο
1242 5447 1291 5499 οἱ
1329 5446 1439 5519 γὰρ
1468 5446 1578 5501 τῶν
1611 5449 1883 5507 Ἰουδαίων

258 5540 590 5613 καθηγηταί
633 5537 735 5611 τὴν
789 5536 944 5610 ἱεράν
994 5553 1057 5590 τε
1107 5537 1202 5591 καὶ
1251 5535 1404 5592 θείαν
1456 5542 1884 5611 πεπιστευμένοι

260 5637 500 5709 σκηνὴν,
542 5633 771 5696 καὶτὰς
811 5630 958 5688 κατὰ
988 5630 1190 5701 νόμους
1222 5629 1416 5695 θυσίας
1450 5631 1720 5686 ἐπιτελεῖν
1764 5636 1884 5687 ἐπι-

258 5728 626 5799 τεταγμένοι,
685 5723 1037 5797 προῦτρεπον
1083 5725 1163 5788 είς
1215 5724 1556 5795 δωροφορίας
1602 5727 1731 5789 τοὺς
1774 5725 1883 5780 ὑπὸ

1995 4874 2178 4947 pulum
2208 4870 2421 4925 felicem
2455 4866 2777 4939 praedicent,
2824 4860 3175 4923 seducentes,
3230 4866 3288 4911 et
3339 4855 3599 4911 seductu-

1994 4984 2106 5033 ros,
2144 4976 2203 5019 ut
2252 4961 2589 5019 absorbeant
2631 4972 2745 5012 eos.
2780 4953 3096 5015 Judeeorum
3137 4950 3283 5006 enim
3318 4961 3629 5021 proceres,_

1994 5064 2193 5133 quibus
2241 5071 2459 5113 sacrum
2521 5052 2873 5118 divinumque
2912 5044 3324 5101 tabernaculum
3365 5044 3629 5097 concre-'

1995 5130 2170 5208 ditum
2206 5159 2312 5215 est,
2345 5156 2401 5201 et
2436 5144 2529 5215 qui
2562 5144 2630 5198 ad
2663 5137 2935 5196 sacrificia
2958 5136 3114 5205 juxta
3142 5132 3316 5204 legem
3344 5130 3593 5187 facienda

1995 5243 2282 5301 constituti
2302 5248 2477 5303 erant,
2509 5235 2768 5311 populum
2802 5231 2904 5289 sibi
2938 5229 3214 5286 subditum
3241 5228 3308 5283 ad
3325 5228 3593 5283 donorum

1996 5332 2300 5389 oblationes
2325 5326 2780 5390 cohortabantur,
2821 5323 3015 5377 beatos
3045 5333 3141 5376 eos
3166 5317 3414 5374 dicentes
3446 5329 3588 5376 esse,

1999 5429 2045 5481 si
2098 5424 2314 5481 abunde
2354 5430 2587 5491 utraque
2618 5432 2780 5473 manu
2828 5413 3126 5479 offerrent,
3183 5411 3347 5481 idque
3394 5410 3600 5467 acriter

2001 5519 2345 5582 factitabant,
2388 5531 2496 5571 non
2541 5511 2995 5583 religioniserga
3048 5506 3218 5561 Deum
3271 5515 3400 5557 cura
3440 5500 3595 5574 tacti,

2003 5613 2098 5668 sed
2132 5627 2291 5667 suum
2323 5616 2591 5681 quaestum
2625 5614 2958 5677 spectantes.
2985 5601 3096 5657 Hac
3126 5597 3360 5661 ratione,
3394 5594 3594 5665 inquit,

2005 5708 2291 5774 seducunt,
2325 5715 2384 5760 ut
2415 5706 2743 5761 absorbeant
2776 5714 2889 5755 eos.
2929 5696 3066 5773 Cum
3114 5690 3260 5747 enim
3300 5687 3596 5755 insatiabili

357 5885 535 5953 ιΛίτι,
566 5875 817 5949 ιι’,8-1Ο,
897 5874 917 5905 ³
947 5871 1101 5934 Deut.
1143 5887 1181 5935 t,
1223 5870 1307 5957 lli:
1390 5867 1415 5898 ³η
1438 5867 1573 5937 ibid.
1603 5867 1685 5921 l7.
1765 5868 1786 5898 ⁵
1816 5866 1877 5933 Α(

1989 5881 2019 5931 ν,
2049 5863 2238 5919 55-57.
