4016 6466
492 376 594 432 ‘27!

1488 372 1544 431 S.
1587 373 1862 430 CYRILLI
1902 373 2376 430 ALEXANDRINI
2421 375 2740 432 ARCHIEP.

3662 387 3772 440 27?.

495 485 811 541 divitiarum
845 485 1141 555 cupiditate
1177 492 1508 550 tenerentur,
1560 494 1620 539 ut
1655 485 1789 552 dixi,
1835 500 1938 540 non
1983 486 2050 538 do

2182 487 2335 556 χεῖρα
2388 486 2570 551 λαοὺς,
2635 488 2929 558 μακαρίους
2987 489 3181 554 αὐτοὺς
3217 489 3354 544 εἶναι
3401 491 3671 562 λέγοντες,
3719 500 3772 550 ει

491 577 977 651 cebantIpopulos,
1014 578 1157 647 quod
1199 579 1506 646 oportebat,
1559 580 1827 648 implendo
1870 579 2070 648 legem,

496 668 871 724 universitatis
904 667 1070 721 Deum
1107 667 1323 737 placare
1373 686 1384 720 :
1441 668 1535 723 sed
1585 668 1939 723 hortabantur
1982 685 2079 736 po-

492 762 595 815 tius
626 770 680 813 ut
706 761 866 812 ctiam
895 758 1031 812 ultra
1075 759 1356 813 facultates
1383 758 1746 814 oblationibus
1781 760 2023 813 colerent
2063 765 2074 800 τ

487 853 557 904 ob
593 865 831 918 eantque
879 867 1099 904 causam
1140 865 1313 916 neque
1368 849 1469 919 ipsi
1512 850 1670 904 ﬁdem
1717 849 2078 904 Christianam

485 941 714 1012 amplexi
739 952 883 1007 sunt,
921 941 1015 994 sed
1053 941 1218 995 veluti
1241 940 1424 995 clauso
1466 955 1628 1010 regno
1681 940 1958 1006 cmlorum,
2013 957 2081 996 ne

485 1034 620 1088 alios
692 1034 912 1103 quidem
991 1048 1056 1088 eo
1142 1032 1348 1102 ingredi
1422 1033 1798 1103 permiserunt.
1865 1031 2077 1086 Etenim

485 1123 732 1194 legalium
779 1125 965 1178 tuiibra
1003 1123 1199 1186 deleta,
1253 1137 1305 1178 et
1350 1123 1655 1191 evangelica
1696 1123 2075 1193 pratdicatione

481 1226 736 1285 suscepta
769 1217 1021 1270 sciebant
1057 1218 1291 1286 typicum
1338 1226 1390 1270 et
1432 1224 1714 1271 cruentum
1747 1214 1948 1268 cultum
1980 1227 2072 1282 pe-

482 1307 629 1361 nitus
661 1316 1021 1370 cessaturum,
1070 1315 1124 1361 et
1157 1308 1372 1362 invecto
1406 1305 1553 1360 cultu
1613 1304 1868 1374 spiritali,
1929 1306 2068 1359 desi-

481 1409 601 1450 tnra
633 1397 926 1454 sacriﬁcia.
958 1397 1136 1467 Atque
1163 1398 1279 1451 lucc
1314 1397 1530 1465 quidem
1561 1405 1680 1449 erat
1723 1395 2066 1465 inexplebilis

489 1491 724 1557 ipsorum
757 1491 996 1544 avaritiae
1029 1491 1235 1554 integra
1263 1489 1495 1542 eversio.

2187 576 2514 646 προσάγοιεν
2557 578 2906 648 ἀμφιλαφῶς.
2956 580 3164 651 Ἔδρων
3216 581 3272 633 δὲ
3322 581 3479 635 τοῦτο
3529 587 3772 658 πικρῶς,

2186 669 2247 720 οὐ
2275 668 2373 737 τῆς
2408 669 2486 731 είς
2522 668 2654 721 Θεὸν
2687 669 2865 732 αἰδοῦς
2902 671 3374 741 μεταποιούμενοι,
3403 675 3496 726 καὶ
3531 689 3772 746 πεφρον-

2185 758 2416 823 τικότες,
2456 759 2569 812 ἀλλ’
2603 763 2681 823 είς
2704 763 2801 824 τὰς
2835 763 2983 831 σφῶν
3026 763 3204 816 αὐτῶν
3239 764 3473 834 όρῶντες
3511 766 3772 840 φιλοκερ-

2183 850 2319 913 δίας.
2351 851 2533 922 Ταύτῃ
2567 870 2667 915 τοι,
2703 855 2856 922 φησὶ,
2901 854 3194 918 πλανῶσιν,
3227 857 3374 920 ὅπως
3425 861 3776 915 καταπίωσιν

2183 939 2400 1004 αὐτούς.
2479 942 2791 1014 Ἀκόρεστοι
2853 944 2964 1016 γάρ
3021 944 3191 1010 ὄντες,
3249 947 3324 1010 ὡς
3370 946 3537 1018 ἔφην,
3585 952 3663 1013 εἰς
3702 952 3776 1004 τὸ

2187 1031 2472 1101 βούλεσθαι
2513 1035 2783 1097 πλουτεῖν,
2836 1037 2934 1107 οὐχ
2982 1038 3062 1090 ὅτι
3097 1039 3385 1109 προσήκει,
3429 1040 3519 1092 διὰ
3544 1041 3637 1094 τοῦ
3672 1041 3774 1095 τὸν

2181 1125 2345 1195 νόμον
2381 1126 2595 1180 ἑλέσθαι
2624 1128 2884 1200 πληροῦν,
2909 1129 3000 1181 τὸν
3025 1128 3132 1182 τῶν
3154 1129 3290 1182 ὅλων
3323 1131 3586 1200 εὐφρᾶναι
3628 1131 3774 1184 Θεὸν

2180 1218 2454 1272 ἐδίδασκον
2500 1223 2626 1283 τούς
2671 1221 2867 1285 λαούςο
2928 1221 3268 1293 προύτρεπον
3317 1222 3373 1275 δὲ
3425 1224 3624 1294 μᾶλλον
3665 1227 3768 1277 καὶ

2174 1311 2292 1372 ταῖς
2363 1311 2502 1381 ὐπέρ
2567 1313 2795 1384 δύναμιν
2855 1316 3280 1388 καταγεραίρειν
3347 1321 3765 1386 προσαγωγαῖς.

2175 1401 2394 1474 Ταύτης
2417 1403 2526 1476 γὰρ
2551 1405 2713 1460 ἕνεκα
2735 1405 2836 1476 τῆς
2861 1407 3060 1472 αἰτίας,
3091 1407 3217 1462 οὔτε
3239 1411 3394 1464 αὐτοὶ
3417 1413 3768 1482 προσήκαντο

2172 1493 2271 1565 τὴν
2323 1496 2508 1550 πίστιν
2556 1498 2656 1570 τὴν
2705 1501 2784 1563 είς
2832 1500 3099 1572 Χριστὸν,
3145 1502 3416 1567 κλείοντες
3460 1503 3517 1556 δέ
3568 1501 3766 1574 ὥσπερ

491 1583 593 1652 τὴν
615 1581 889 1652 βασιλείαν
938 1580 1046 1633 τῶν
1096 1579 1373 1651 οὐρανῶν,
1434 1579 1541 1633 οὐδ’
1601 1579 1819 1650 ἐτέρους
1875 1579 2134 1636 εἰσελθεῖν
2187 1588 2672 1661 συγκεχωρήκασιν
2716 1590 2796 1653 είς
2845 1589 3035 1662 αὐτήν.
3088 1591 3324 1663 ᾚδεσαν
3376 1592 3485 1664 γὰρ
3528 1593 3611 1646 ὅτι
3659 1593 3765 1663 τῆς

484 1673 627 1726 κατὰ
685 1672 847 1742 νόμον
894 1671 1169 1742 ἀργούσης
1215 1673 1392 1734 σκιᾶς,
1442 1674 1536 1724 καὶ
1576 1673 1684 1725 τῶν
1719 1673 2088 1741 εὐαγγελικῶν
2124 1679 2494 1748 κηρυγμάτων
2523 1681 2966 1753 εἰσδεδεγμένων,
3000 1685 3342 1740 πεπαύσεται
3373 1687 3592 1751 πάντως
3625 1689 3659 1758 ή
3699 1688 3763 1739 ἐν

480 1768 673 1830 τύποις
729 1768 824 1821 καὶ
862 1767 926 1819 δι’
955 1766 1204 1837 αἱμάτων
1274 1767 1519 1837 λατρεία,
1555 1769 1851 1839 ἀργήσουσι
1893 1769 1950 1822 δὲ
1996 1772 2088 1825 καὶ
2133 1772 2334 1838 θυσίαι,
2382 1776 2481 1846 τῆς
2525 1778 2583 1831 ἐν
2627 1779 2896 1850 πνεύματι
2935 1781 3184 1853 λατρείας
3241 1784 3759 1856 εἱσκεκομισμένης.

485 1861 660 1915 Τοῦτο
704 1860 763 1914 δέ
802 1861 1083 1932 ἀναίρεσις
1125 1861 1394 1928 παντελὴς
1443 1860 1543 1931 τῆς
1586 1861 1812 1932 ἐνούσης
1867 1863 2051 1928 αὐτοῖς
2078 1866 2373 1938 ἀκορέστου
2419 1871 2778 1943 φιλοκερδίας.

551 1955 716 2011 Vsus.
757 1955 838 2009 l7.
887 1954 1124 2009 Proinde
1176 1954 1456 2022 juvenibus
1494 1970 1673 2008 eorum
1698 1971 1800 2009 non
1833 1956 2056 2012 delecta-

2235 1965 2339 2018 Διὰ
2369 1965 2544 2020 τοῦτο
2572 1967 2672 2020 ἐπὶ
2723 1969 2866 2036 τοὺς
2899 1973 3261 2040 νεανίσκους
3285 1974 3483 2044 αὐτῷν
3509 1978 3622 2030 οὐκ
3659 1982 3766 2034 εὑ-

476 2051 620 2101 bitur
643 2047 808 2113 Deus,
837 2057 883 2101 et
908 2046 1229 2116 pupillorum
1265 2047 1516 2114 ipsorum,
1547 2057 1593 2099 et
1629 2046 1906 2101 viduarum
1924 2050 2062 2116 ipso-

456 2159 588 2195 .rum
635 2158 738 2194 non
789 2139 1138 2203 miserebitur,
1177 2139 1302 2207 quia
1338 2153 1514 2192 omnes
1538 2139 1703 2207 iniqui
1749 2149 1795 2193 et
1820 2141 2060 2210 improbi,

454 2242 520 2286 .et
550 2247 706 2287 omne
731 2248 786 2285 os
810 2231 1043 2301 laquitur
1073 2230 1290 2298 injusta.

543 2321 778 2376 Deducit
857 2337 950 2375 nos
1019 2324 1314 2374 etiannum.
1389 2322 1504 2376 haec
1559 2322 1735 2377 oratio
1800 2323 2065 2395 exemplis

479 2413 809 2472 illustribus,
847 2415 910 2465 ad
942 2427 1150 2479 eaquae
1197 2427 1416 2466 sensum
1459 2413 1620 2484 166
1676 2415 1964 2481 excedunt,
2011 2426 2064 2470 et

450 2506 572 2558 sub
603 2503 1010 2574 intelligentiam
1036 2503 1299 2558 recidunt.
1332 2501 1566 2558 Juvenes
1593 2506 1736 2559 enim
1787 2505 1876 2560 hic
1908 2508 2059 2574 dicit,

471 2607 576 2646 non
611 2606 826 2660 semper
865 2592 1073 2645 viribus
1111 2592 1378 2661 corporis,
1433 2601 1525 2645 aut
1567 2595 1748 2650 carnis
1779 2597 2062 2665 pubertate

467 2683 748 2749 florentes,
809 2685 902 2737 sed
969 2684 1192 2738 denotat
1252 2683 1434 2739 verius
1501 2700 1593 2740 eos
1637 2686 1726 2756 qui
1779 2686 1946 2740 animi
2007 2698 2062 2742 et

471 2773 653 2828 cordis
717 2772 884 2827 robur
948 2772 1232 2842 spirituale
1305 2773 1531 2839 habent,
1571 2783 1628 2827 ut
1671 2774 1882 2844 possint
1908 2774 2062 2845 juve-

449 2865 567 2918 -nili
600 2865 891 2920 alacritate
947 2874 1091 2919 recte
1120 2863 1272 2919 obire
1329 2877 1412 2930 ea,
1456 2864 1597 2920 unde
1637 2865 1875 2922 illustres
1934 2881 2062 2920 eva-

472 2961 629 3020 dant,
675 2956 891 3025 Deoque
953 2956 1365 3024 ερυειιιιίδείιιιῑ,
1425 2957 1684 3027 omnique
1719 2973 2058 3028 generepro—

447 3051 654 3106 .-hitatis
682 3049 964 3104 cumulati.
1000 3047 1099 3112 Qui
1128 3049 1231 3102 hac
1269 3056 1394 3101 sunt
1434 3047 1772 3114 habitudine,
1804 3062 1898 3104 eos
1926 3049 2059 3102 allo-

468 3145 655 3215 quitur
685 3144 848 3198 etiam
911 3144 1097 3197 beatus
1154 3139 1414 3203 Joannes,
1463 3142 1714 3211 inquiens
1749 3159 1765 3196 ι
1802 3161 1821 3195 ι
1866 3143 2058 3198 Scribo

457 3235 639 3300 vobis,
695 3234 1090 3300 adolescentes,
1140 3235 1393 3302 quoniam
1439 3233 1610 3289 fortes
1650 3234 1804 3298 estis,
1834 3243 1890 3288 et
1917 3233 2054 3286 vici-

2169 2055 2577 2124 φραγ-θήσεται
2608 2062 2640 2113 o'
2664 2061 2827 2127 Θεὸς,
2865 2063 2960 2116 καί
3000 2064 3141 2131 τοὺς
3181 2066 3479 2134 ὀρφανοὺς
3518 2068 3759 2130 αὐτῶν,

2168 2143 2270 2196 καί
2296 2145 2402 2212 τὰς
2446 2148 2639 2216 χήρας
2677 2151 2875 2205 αὐτῶν
2913 2155 3025 2208 οὐκ
3083 2155 3352 2221 ἐλεήσει,
3400 2156 3489 2210 ὅτι
3533 2159 3764 2226 πάντες

2165 2236 2378 2308 ἄνομοι
2399 2241 2498 2294 καὶ
2539 2244 2810 2311 πονηροὶ,
2842 2245 2941 2300 καί
2966 2245 3089 2301 πᾶν
3129 2248 3324 2316 στόμα
3350 2249 3532 2302 λαλεῖ
3553 2250 3755 2307 ἄδικα.

2247 2329 2541 2402 Ἀποφέρει
2561 2333 2655 2386 καὶ
2675 2332 2768 2388 νῦν
2791 2336 2819 2387 ὁ
2843 2335 2998 2404 λόγος
3021 2337 3187 2407 ἡμᾶς,
3208 2339 3272 2390 ἐκ
3292 2339 3755 2410 παραδειγμάτων

2165 2421 2446 2492 ἐμφανῶν,
2473 2425 2551 2487 είς
2583 2424 2652 2477 τὰ
2679 2425 2819 2496 ὑπὲρ
2843 2426 3096 2497 αἴσθησίν
3137 2445 3196 2480 τε
3247 2429 3342 2482 καὶ
3377 2431 3563 2500 νοητά.
3610 2432 3755 2484 Νεα-

2163 2514 2383 2577 νίσκους
2406 2516 2514 2585 γὰρ
2561 2516 2749 2570 ἐνθάδε
2781 2519 2967 2589 φησὶν,
2996 2519 3115 2589 οὐχὶ
3158 2519 3328 2589 δήπου
3369 2522 3588 2586 πάντως
3627 2525 3752 2587 τοὺς

2163 2602 2220 2653 ἐν
2255 2601 2526 2674 εὐρωστίᾳ
2581 2599 2849 2674 σώματος,
2881 2605 3000 2676 ἦτοι
3052 2607 3178 2670 τοὺς
3212 2610 3269 2660 ἐν
3313 2610 3518 2679 ἀκμαῖς
3568 2628 3627 2663 τε
3658 2614 3751 2664 καὶ

2161 2691 2270 2763 ἤδη
2319 2697 2578 2764 σαρκικῇ,
2633 2696 2887 2767 σημαίνει
2939 2697 2995 2750 δὲ
3047 2697 3248 2768 μᾶλλον
3307 2702 3433 2764 τοὺς
3485 2701 3644 2775 οἵπερ
3680 2702 3746 2755 ἂν

2161 2783 2333 2854 ἔχοιεν
2360 2787 2440 2848 είς
2469 2785 2594 2839 νοῦν
2625 2789 2718 2840 καὶ
2745 2789 2974 2859 καρδίαν
3003 2793 3156 2861 ἰσχὺν
3201 2795 3304 2864 τὴν
3351 2799 3756 2870 πνευματικὴν,

2161 2871 2303 2927 ὥστε
2330 2873 2591 2928 δύνασθαι
2619 2877 2918 2948 κατορθοῦν
2949 2881 3043 2933 καὶ
3096 2882 3240 2950 μάλα
3271 2887 3534 2949 νεανικῶς
3563 2887 3632 2940 τὰ
3683 2889 3755 2941 δι’

2161 2957 2238 3017 ὧν
2270 2964 2484 3018 ἔσονται
2530 2966 2793 3039 λαμπροὶ,
2848 2971 2943 3024 καὶ
2989 2973 3108 3044 Θεῷ
3163 2978 3602 3048 γνωριμώτατοι,
3657 2982 3758 3035 καὶ

2161 3056 2379 3126 ἁπάσης
2435 3058 2734 3123 ἐπιεικείας
2761 3059 3008 3130 ἔμπλεοι.
3045 3066 3172 3129 Τοῖς
3211 3059 3312 3124 ὧδε
3353 3070 3454 3140 τὴν
3483 3071 3598 3137 ἕξιν
3635 3072 3758 3125 δια‹

2161 3149 2458 3218 κειμένοις,
2486 3152 2582 3204 καὶ
2616 3154 2645 3205 ό
2669 3154 2939 3226 μακάριος
2989 3157 3242 3231 Ἰωάννης
3286 3164 3756 3237 προσπεφώνηκε,

2160 3240 2355 3310 λέγων·
2377 3261 2395 3293 ι
2426 3242 2628 3312 Γράφω
2650 3245 2798 3315 ὑμῖν,
2819 3247 3110 3312 νεανίσκοι,
3141 3253 3222 3304 ὅτι
3255 3253 3465 3324 ἰσχυροί
3485 3257 3628 3320 ἐστε,
3657 3260 3761 3312 καὶ

477 3326 578 3379 stis
648 3325 846 3379 malum
878 3326 919 3378 ⁵.
959 3343 977 3375 ι
1015 3325 1281 3379 Caeterum
1346 3334 1471 3376 ante
1523 3320 1832 3378 Servatoris
1883 3325 2051 3378 nOstri

2164 3333 2478 3400 νενικήκατε
2511 3333 2604 3385 τὸν
2634 3335 2892 3406 πονηρόν.
2945 3355 2964 3388 ι
3011 3339 3174 3393 Ἀλλὰ
3223 3319 3342 3412 πρό.
3377 3319 3476 3413 μὲν
3522 3346 3616 3416 τῆς
3657 3347 3758 3400 τοῦ

473 3418 765 3472 adventum
812 3419 1136 3470 cstteruul
1175 3415 1393 3484 quidam
1427 3413 1592 3468 etiam
1640 3414 1779 3482 apud
1806 3411 2046 3476 Iudaeos,

466 3510 560 3578 qui
593 3524 678 3571 eo,
713 3522 870 3576 quem
908 3508 1016 3574 jam
1051 3505 1186 3567 dixi,
1251 3505 1409 3558 modo
1453 3503 1667 3558 fortiter
1728 3519 1890 3573 agere
1939 3516 2053 3558 stu-

465 3597 746 3650 duerunt:
785 3602 842 3647 et
877 3596 1109 3647 mandati
1165 3595 1303 3646 citra
1365 3593 1842 3662 reprehensionem
1895 3609 2052 3648 exse-

464 3685 672 3756 quendi
742 3684 1063 3749 voluntate,
1134 3692 1188 3738 et
1268 3682 1527 3752 legalium
1606 3693 2048 3738 ornamentorum

466 3779 772 3848 splendore.
801 3777 915 3832 Non
954 3786 1110 3832 erant
1142 3785 1322 3831 autem
1364 3791 1392 3829 a
1450 3776 1560 3830 Deo
1601 3775 1806 3844 reiecti.
1863 3779 2052 3833 Adhuc

465 3870 610 3925 enim
652 3879 868 3938 tempus
894 3881 1014 3922 erat
1055 3867 1259 3922 unibrae
1323 3867 1547 3938 legalis:
1591 3877 1783 3922 etcum
1823 3885 2052 3938 evange-

465 3963 570 4016 lica
633 3976 698 4016 ac
753 3961 1062 4015 Christiana
1125 3961 1228 4013 vita
1273 3964 1511 4014 nondum
1570 3961 1835 4029 patefacta
1885 3971 2050 4027 esset,

443 4057 586 4110 haec
615 4055 830 4120 quidem
864 4063 1023 4107 erant
1079 4068 1301 4104 summae
1341 4051 1533 4107 laudis.
1573 4052 1663 4108 Sic
1687 4056 1946 4125 Scriptum
1969 4065 2053 4111 est

464 4150 531 4202 de
564 4147 826 4201 Zacharia
900 4156 955 4198 et
998 4142 1276 4196 Elizabeth
1313 4163 1323 4197 :
1362 4162 1380 4194 ι
1412 4142 1534 4197 Fuit
1593 4147 1779 4198 diehns
1822 4145 2050 4202 Herodis

437 4284 448 4289 ..
472 4239 860 4312 regisludaea:
918 4237 1174 4292 sacerdos
1205 4239 1448 4304 quidam,
1487 4238 1701 4292 nomine
1731 4238 2046 4306 Zacharias,

462 4347 528 4387 ex
566 4333 685 4388 vice
737 4333 899 4394 Abia,
954 4337 1008 4382 et
1043 4344 1181 4381 uxor
1215 4331 1263 4382 ei
1295 4347 1324 4384 e
1366 4329 1576 4384 tiliabus
1601 4330 1803 4397 Aaron,
1845 4332 1932 4386 cui
1964 4348 2051 4386 no-

442 4441 584 4481 .men
614 4434 732 4479 erat
788 4423 1091 4477 Elizabeth.
1121 4421 1288 4475 Erant
1338 4437 1464 4477 vero
1499 4422 1630 4490 justi
1673 4425 1833 4478 ambo
1862 4439 2048 4478 coram

464 4515 596 4578 Deo,
629 4511 971 4567 ambulantes
1037 4510 1088 4564 iu
1145 4513 1430 4580 praeceptis
1475 4523 1532 4567 et
1566 4511 2050 4581 justiﬁeatiouibus

437 4605 677 4659 .Domini
717 4605 834 4659 sine
891 4601 1109 4674 querela
1143 4603 1181 4656 ⁸.
1223 4622 1240 4655 ›
1276 4605 1354 4658 Ad
1414 4607 1562 4660 hunc
1605 4607 1823 4661 modum
1885 4607 2048 4661 etiam

2162 3419 2414 3491 Σωτῆρος
2438 3422 2597 3492 ήμῶν
2628 3425 2946 3496 ἐπιδημίας,
2971 3431 3230 3498 γεγόνασί
3265 3451 3428 3499 τινες,
3462 3437 3558 3490 καὶ
3597 3439 3757 3508 παρὰ

2154 3514 2266 3604 τοῖς
2293 3513 2587 3580 Ἰουδαίοις,
2621 3517 2742 3570 καθ’
2765 3519 2823 3573 ὃν
2853 3520 2989 3593 ἔφην
3017 3524 3223 3594 ἀρτίως
3254 3529 3476 3598 τρόπον,
3509 3531 3759 3604 ἀνδρίζε-

2161 3602 2286 3656 σθαι
2325 3604 2782 3677 μεμελετηκότες,
2817 3611 2906 3664 διὰ
2938 3611 3031 3665 τοῦ
3060 3615 3151 3666 καὶ
3179 3617 3506 3689 ἀμωμήτως
3532 3602 3755 3675 ἑλέσθαι

2154 3695 2398 3766 πληροῦν
2422 3697 2518 3767 τὴν
2545 3700 2942 3770 παραδοθεῖσαν
2965 3704 3208 3777 ἐντολὴν,
3245 3709 3340 3760 καὶ
3362 3712 3474 3772 τοῖς
3503 3711 3644 3763 κατὰ
3672 3714 3760 3764 νό-

2159 3806 2257 3858 μον
2277 3790 2592 3859 αὐχήμασιν
2618 3793 2944 3865 διαπρέπειν
2974 3796 3233 3852 δύνασθαι
3269 3800 3362 3853 καὶ
3408 3802 3550 3870 μάλα
3585 3802 3755 3856 πλου-

2155 3879 2304 3943 σίως.
2345 3876 2528 3935 Ἦσαν
2554 3883 2611 3936 δὲ
2647 3885 2748 3937 οὐκ
2799 3886 3100 3958 ἀπόϐλητοι
3155 3893 3307 3961 παρὰ
3348 3893 3486 3962 Θεῷ.
3536 3895 3751 3967 Καιρὸς

2153 3971 2262 4042 γὰρ
2298 3967 2366 4043 ἢν
2393 3972 2473 4026 ἔτι
2495 3974 2602 4045 ’τῆς
2624 3978 2683 4029 ἐν
2716 3978 2864 4049 νόμῳ
2899 3983 3078 4047 σκιᾶς,
3109 3986 3204 4036 καὶ
3252 3985 3351 4054 τῆς
3379 3987 3747 4058 εὐαγγελικῆς

2153 4065 2245 4117 καὶ
2274 4067 2332 4118 ἐν
2361 4067 2581 4139 Χριστῷ
2621 4068 2896 4135 πολιτείας
2949 4071 3102 4126 οὐπω
3157 4080 3644 4150 πεφανερωμένης,
3679 4083 3742 4134 ἐν

2152 4157 2399 4222 ἐπαίνοις
2419 4155 2486 4229 ἦν
2508 4163 2691 4215 ἐκεῖνα
2724 4164 2953 4229 πολλοῖς.
2977 4167 3134 4221 Οὐτω
3162 4169 3256 4222 καὶ
3276 4171 3590 4244 γέγραπται
3615 4178 3748 4248 περί

2161 4266 2220 4302 τε
2255 4252 2529 4323 Ζαχαρίου
2581 4255 2673 4308 καὶ
2735 4256 3035 4320 Ἐλιζάδεθ·
3085 4278 3105 4312 σ
3141 4261 3386 4330 Ἐγένετο
3435 4264 3491 4317 δὲ
3540 4268 3598 4318 ἐν
3627 4270 3752 4333 ταῖς

2155 4341 2392 4412 ἡμέραις
2433 4342 2672 4414 Ἡρώδου
2707 4346 2802 4399 τοῦ
2845 4347 3110 4418 βασιλέως
3143 4353 3242 4424 τῆς
3279 4354 3538 4420 Ἰουδαίας
3569 4359 3754 4428 ἱερεύς

2152 4448 2257 4496 τις,
2292 4433 2515 4503 ὀνόματι
2537 4437 2836 4508 Ζαχαρίας,
2864 4439 2922 4506 ἐξ
2948 4443 3256 4513 ἐφημερίας
3283 4445 3456 4511 Ἀειᾶ,
3485 4449 3581 4500 καὶ
3610 4450 3750 4520 γυνὴ

2159 4523 2328 4575 αὐτοῦ
2353 4526 2417 4576 ἐκ
2462 4525 2571 4577 τῶν
2603 4527 2919 4602 θυγατέρων
2954 4531 3186 4603 Ἀαρὼν,
3214 4537 3306 4588 καὶ
3343 4537 3402 4589 τὸ
3426 4538 3598 4607 ὄνομα
3647 4541 3747 4594 αὐ-

2154 4612 2254 4682 τῆς
2295 4613 2602 4679 Ἐλιζάὸεθ.
2639 4613 2820 4674 *Ησαν
2849 4621 2905 4674 δὲ
2937 4623 3139 4678 δίκαιοι
3165 4627 3464 4700 ἀμφότεροι
3504 4633 3749 4688 ἐναντίον

460 4697 650 4757 sancti,
675 4695 952 4766 prephette
994 4697 1267 4760 vixerunt,
1299 4698 1510 4766 opinor.
1542 4695 1800 4761 Quinimo
1838 4697 2054 4753 divinus

2164 4705 2254 4760 τοῦ
2285 4705 2444 4772 Θεοῦ,
2473 4713 2830 4783 πορευόμενοι
2861 4716 2919 4769 ἐν
2958 4719 3160 4782 πάσαις
3218 4724 3340 4785 ταῖς
3369 4724 3614 4789 ἐντολαῖς
3653 4729 3748 4780 καὶ

461 4788 693 4851 Paulus,
745 4786 869 4842 licet
929 4788 1214 4842 manifeste
1268 4787 1417 4842 dicat
1464 4801 1524 4841 se
1593 4785 1761 4842 fuisse
1815 4787 1866 4840 in
1921 4787 2051 4859 legis

455 4879 671 4950 justitia
749 4879 1140 4948 inculpatum,
1214 4880 1294 4931 ait
1350 4889 1527 4932 tamen
1581 4895 1594 4930 :
1648 4895 1666 4929 ι
1710 4878 1840 4944 Quae
1915 4881 2049 4935 mihi

462 4974 611 5027 lucro
643 4980 824 5036 erant,
859 4972 972 5026 tunc
1017 4972 1154 5025 duco
1180 4978 1398 5039 pr0pter
1415 4968 1690 5024 Christum
1724 4972 1918 5026 damna
1944 4973 1984 5027 '.
2025 4992 2043 5025 ι

461 5063 647 5134 Itaque
679 5073 807 5118 ante
841 5064 1134 5116 adventum
1172 5062 1412 5114 oumium
1441 5069 1686 5115 nostrum
1742 5064 2049 5120 Servatoris

436 5156 683 5219 .Christi,
723 5153 968 5208 nonnulli
1037 5154 1194 5206 laude
1245 5152 1412 5220 ipsius
1467 5153 1599 5222 legis
1652 5156 1951 5224 conspicui,
1989 5168 2041 5211 et

461 5246 628 5300 fortes
655 5253 816 5297 erant
848 5253 904 5295 et
933 5243 1221 5312 juvenilcs.
1252 5246 1315 5295 At
1347 5244 1878 5312 postapparitionem
1901 5246 2037 5312 ejus,

441 5339 1010 5407 .prtndicationemquc
1024 5335 1296 5405 Ewugelii
1320 5347 1605 5392 cessarunt
1635 5337 1846 5410 legalia,
1869 5349 2042 5397 trans-

461 5433 559 5485 ivit.
592 5431 778 5486 umbra
846 5429 898 5482 in
956 5429 1360 5492 veritatem,ac
1413 5430 1709 5498 spiritualis
1773 5447 2039 5503 verasque

459 5523 638 5577 cultus
669 5533 749 5576 est
789 5519 1149 5574 introductus.
1214 5520 1392 5586 Quare
1422 5537 1526 5576 non
1565 5523 1864 5578 delectatur
1894 5523 2036 5581 Deus

460 5612 764 5670 Judaeorum
813 5613 1132 5684 iuvenibus,
1170 5615 1219 5666 id
1277 5623 1380 5680 est,
1425 5616 1513 5685 qui
1577 5616 1805 5672 viriliter
1856 5621 2033 5675 adhuc

531 5769 550 5802 '
581 5768 597 5822 l
625 5768 781 5822 Joan.
810 5783 867 5833 ll,
905 5768 990 5822 15.
1069 5769 1235 5825 ‘Luc.
1267 5771 1383 5840 1,5,
1411 5770 1467 5828 6.
1541 5774 1559 5803 "
1596 5772 1832 5844 Philipp.
1869 5792 1947 5842 Ill,
1971 5777 2022 5832 7.

2157 4798 2492 4871 δικαιώμασι
2533 4802 2627 4855 τοῦ
2677 4806 2883 4878 Κυρίου
2939 4807 3238 4879 ἄμεμπτοι.
3273 4832 3290 4864 ι
3351 4815 3506 4867 Κατὰ
3559 4817 3746 4872 τοῦτον

2156 4886 2625 4974 οἷμαιοδιαὸιῶναι
2664 4897 2756 4951 τὸν
2804 4900 3004 4970 τρόπον
3043 4903 3138 4954 καὶ
3185 4905 3382 4969 αὐτοὺς
3407 4911 3532 4970 τοὺς
3555 4910 3742 4976 ἁγίους

2150 4987 2454 5056 προφήτας.
2481 4990 2591 5041 Καὶ
2633 4991 2741 5060 μὴν
2787 4991 2884 5044 καὶ
2927 4995 2955 5046 ό
3010 4994 3298 5062 θεσπέσιος
3329 4999 3544 5063 Παῦλος
3568 5004 3745 5055 καίτοι

2146 5075 2318 5143 λέγων
2348 5079 2670 5147 ἀναφανδὸν,
2701 5083 2783 5135 ὅτι
2834 5084 3025 5153 γέγονε
3069 5088 3209 5142 κατὰ
3254 5089 3606 5163 δικαιοσύνην
3647 5096 3746 5166 τὴν

2150 5170 2206 5220 ἐν
2237 5169 2388 5238 νόμῳ
2417 5171 2723 5242 ἄμεμπτος·
2767 5194 2786 5226 ι
2824 5176 2984 5230 Ἀλλά
3002 5179 3055 5231 τί
3080 5174 3147 5250 ἦν
3177 5197 3268 5249 μοι
3289 5181 3510 5254 κέρδος;
3546 5185 3743 5248 ταῦτα,

2151 5259 2334 5328 φησὶν,
2369 5262 2585 5333 ἥγημαι
2611 5265 2697 5318 διὰ
2726 5265 2814 5320 τὸν
2845 5267 3080 5339 Χριστὸν
3110 5270 3364 5340 ζημίαν.»
3391 5273 3604 5326 Οὐκοῦν
3641 5275 3744 5344 πρὸ

2151 5349 2252 5418 μὲν
2281 5351 2378 5421 τῆς
2413 5354 2705 5426 ἐπιδημίας
2737 5359 2831 5412 τοῦ
2880 5361 3098 5416 πάντων
3136 5363 3295 5433 ήμῶν
3331 5366 3583 5437 Σωτῆρος
3606 5367 3649 5418 Χ
3662 5384 3743 5437 ρι-

2149 5441 2312 5508 στοῦ,
2373 5448 2483 5508 τοῖς
2530 5448 2671 5501 κατὰ
2740 5449 2903 5520 νόμον
2963 5454 3276 5526 αὐχήμασιν
3331 5456 3742 5528 εὐδοκιμοῦντες

2143 5552 2308 5600 τινες,
2343 5537 2579 5608 ἀνδρεῖοί
2621 5556 2679 5592 τε
2732 5537 2892 5612 ἦσαν,
2942 5546 3035 5599 καὶ
3075 5548 3330 5601 νεανικοί.
3372 5549 3529 5603 Μετὰ
3559 5549 3617 5602 δέ
3643 5550 3739 5620 τὴν

2141 5627 2465 5695 ἐπιφάνειαν
2500 5630 2687 5698 αὐτοῦ,
2725 5637 2901 5689 καὶτὸ
2939 5639 3205 5712 κήρυγμα
3246 5641 3306 5693 τὸ
3345 5641 3696 5711 εὐαγγελικὸν
3719 5682 3734 5707 ,
