4016 6466
227 354 344 412 επ.
1401 355 1473 413 IN
1511 356 1746 415 ISAIAM
1786 360 1918 428 LIB.
1960 361 1997 418 Ι.
2036 362 2240 416 ORAT.
2292 361 2382 418 Vl.
3457 369 3562 422 9'74

226 475 523 528 πέπαυται
560 472 631 526 τὰ
685 473 745 526 ὲν
780 473 954 544 νόμῳ,
1021 473 1408 547 μετεφοίτησεν
1467 479 1501 548 ἡ
1555 478 1683 532 σκιά
1722 480 1812 550 πρε

1973 491 2131 552 agunt
2155 491 2415 552 suscepto
2461 482 2580 534 vita:
2610 479 2804 552 legalis
2832 480 3080 536 instituto
3111 496 3125 533 :
3167 495 3271 535 non
3309 492 3435 536 sunt
3462 500 3559 536 au-

228 568 535 640 ἀλήθειαν,
601 567 1025 639 είσκεκόμισται
1080 568 1136 622 δὲ
1180 571 1213 641 ἡ
1274 573 1331 624 ὲν
1371 573 1645 644 πνευματί
1676 590 1734 626 τε
1768 591 1814 626 κς

1973 575 2088 624 tem’
2114 577 2338 641 accepta
2394 579 2619 632 cruenta
2650 569 2951 637 sacriﬁcia,
3012 579 3070 627 et
3113 571 3295 626 carnis
3325 571 3559 626 circum-

225 661 443 734 ἀληθὴς
477 661 735 733 λατρεία.
773 663 892 716 Οὐκ
928 658 1022 718 οὖν
1050 663 1404 735 εὐφραίνεται
1436 665 1589 730 -Θεὸς
1615 667 1708 721 ἐπὶ
1747 685 1810 720 το

1972 661 2122 728 cisio,
2171 662 2434 717 lotionum
2469 661 2736 718 doctrina:
2777 671 2832 717 et
2890 663 3258 720 Sabbatorum
3283 665 3412 719 otia.
3454 666 3558 721 Do-

228 756 342 810 τῶν
365 755 658 809 Ἰουδαίων
694 754 1025 820 νεανίσκοις,
1075 755 1222 809 τοῦτ’
1261 757 1398 823 ἐστι,
1441 761 1556 820 τοῖς
1614 759 1814 831 ἀνδριᾷ

1973 770 2152 810 remur
2179 764 2382 821 autem,
2439 763 2502 809 ut
2541 755 2676 820 dixi,
2730 756 3077 812 instituenda:
3106 759 3254 823 vitae,
3297 774 3417 829 quae
3449 757 3559 814 Deo

240 848 428 922 μένοις
452 845 562 911 ἔτι,
594 846 692 902 διά
717 864 784 916 γε
807 847 904 901 τοῦ
942 847 1042 920 ζῇν
1067 847 1285 903 ἑλέσθαι
1316 850 1584 922 νομίμως.
1618 851 1826 923 Ἀπαρά

1973 850 2139 919 placet
2171 849 2335 903 viam.
2387 847 2665 918 Rejectitii
2699 858 2824 904 sunt
2862 865 3014 920 ergo,
3047 861 3103 904 et
3151 852 3370 920 quidem
3405 850 3559 905 valde

249 943 422 997 δεκτοι
464 941 525 995 δὲ
574 945 636 996 αἱ
689 941 760 996 δι’
802 943 1054 1013 αἱμάτων
1096 941 1306 1006 θυσίαι,
1337 944 1432 997 καὶ
1461 944 1662 1015 σαρκὸς
1703 963 1832 1017 περι

1969 943 2193 1010 merito‘,
2238 942 2329 1013 qui
2394 951 2512 1012 post
2571 943 2930 999 cessationem
3003 946 3228 1009 umbrat,
3286 959 3383 1015 per
3436 960 3555 999 eam

250 1035 402 1106 τομὴ,
435 1033 778 1104 βαπτισμῶν
827 1033 1063 1105 διδαχαὶ,
1119 1036 1215 1088 καὶ
1268 1035 1564 1090 Σαϐϐάτων
1613 1037 1832 1107 ἀργεῖαι

1972 1036 2184 1096 iuvenes
2217 1043 2360 1091 sunt.
2397 1035 2462 1090 Et
2486 1035 2642 1106 longe
2667 1045 2841 1092 sunta
2880 1037 3227 1091 miseratione
3257 1037 3448 1107 pupilli
3503 1047 3558 1092 et

247 1127 622 1197 Δεδιδάγμεθα
660 1126 742 1190 δὲ,
763 1127 839 1191 ὡς
860 1127 1021 1199 ἔφην,
1048 1128 1152 1198 τῆς
1191 1129 1529 1202 ἁνδανούσης
1555 1129 1676 1201 Θεῷ
1703 1130 1833 1185 πολι

1971 1129 2156 1186 viduae.
2193 1129 2434 1202 Pupillos
2483 1138 2666 1184 autem
2726 1129 2885 1200 13-7
2931 1139 3108 1193 vocat,
3148 1130 3236 1198 qui
3273 1129 3421 1183 vel-ul
3457 1129 3557 1180 ali-

244 1221 386 1284 τείας
411 1220 520 1292 τὴν
551 1220 696 1274 ὁδόν.
738 1221 1066 1293 Ἀπόϐλητοι
1090 1221 1153 1293 δὴ
1193 1217 1290 1276 οὖν
1327 1222 1423 1276 καὶ
1450 1222 1594 1292 μάλα
1629 1224 1826 1277 είκότω

1965 1231 2145 1278 tnento
2177 1223 2420 1293 indigent
2457 1221 2726 1292 spirituali
2750 1262 2765 1286 ,
2799 1231 2854 1275 et
2900 1221 3244 1276 institutione
3271 1221 3551 1291 magistro-

244 1313 377 1383 μετά
397 1311 502 1383 τὴν
527 1311 834 1383 κατάληξιν
854 1314 954 1383 τῆς
977 1315 1135 1377 σκιᾶς
1157 1314 1206 1366 oi
1229 1313 1534 1385 κατάὐτὴν
1557 1315 1830 1368 νεανίσκοι

1973 1332 2102 1370 rum.
2143 1316 2350 1372 Viduas
2402 1314 2662 1372 similiter
2712 1314 2927 1370 animas
2975 1328 3099 1370 esse
3139 1313 3394 1379 dicimus,
3440 1328 3559 1381 quae

238 1407 330 1459 καὶ
356 1405 456 1460 τοῦ
484 1406 976 1476 κατοικτείρεσθαι
1014 1405 1234 1477 μακρὰν
1263 1407 1490 1477 ὀρφανοί
1519 1425 1579 1461 τε
1622 1409 1714 1462 καλ¹
1750 1409 1820 1480 χῆ

1969 1423 2088 1462 cum
2151 1410 2391 1463 omnium
2475 1408 2738 1464 bonarum
2802 1406 3212 1476 disciplinarum
3320 1413 3555 1459 satorem

236 1515 348 1568 ραι.
388 1497 705 1569 Ὀρφανοὺς
734 1497 792 1551 δέ
827 1515 986 1569 φησι,
1018 1499 1145 1562 τοὺς
1173 1495 1286 1552 οἷον
1334 1500 1685 1571 ἀναστροφῆς
1733 1499 1822 1554 δεο

1974 1509 2014 1554 ξι
2064 1499 2528 1569 suppeditatorem
2585 1513 2691 1554 non
2727 1497 3004 1564 habeant,
3063 1496 3321 1552 facultate
3370 1496 3560 1550 fructi—

237 1590 438 1660 μένους
476 1590 586 1660 τῆς
617 1594 1026 1663 πνευματικῆς,
1055 1592 1152 1646 καὶ
1209 1592 1589 1662 παιδαγωγίας
1635 1593 1736 1663 τῆς
1789 1596 1823 1647 ὲτ

1972 1592 2156 1648 icandi
2189 1591 2577 1648 destituuntur.
2631 1590 2788 1658 Quod
2857 1599 3039 1644 autem
3102 1604 3246 1644 vera:
3297 1586 3558 1642 doctrinae

233 1683 603 1737 διδασκάλων.
651 1684 848 1755 Χήρας
905 1701 965 1736 τε
1002 1683 1248 1762 ομοίως,
1292 1685 1471 1755 ψυχὰς
1499 1679 1643 1738 εἷναί
1671 1702 1818 1755 φαμε

1971 1694 2207 1757 :xpertes
2267 1686 2607 1742 inveniemus
2652 1685 2948 1749 lsraelitas,
3003 1693 3228 1753 propter
3252 1682 3557 1737 debaccha-

237 1776 336 1838 τὰς
358 1774 452 1828 τοῦ
482 1775 758 1829 δύνασθαι
791 1778 1165 1847 καρποφορεῖν
1186 1777 1245 1828 ὲν
1277 1776 1456 1849 ἐνδείᾳ
1475 1777 1818 1848 γεγενημένα

1969 1779 2162 1835 tionem
2193 1779 2246 1833 in
2271 1778 2575 1845 Christum,
2616 1777 2839 1833 laudare
2869 1792 3032 1832 nemo
3073 1783 3271 1846 potest.
3320 1773 3555 1828 Obteue—

227 1871 314 1924 δια
333 1887 396 1923 τε
425 1869 491 1922 τὸ
525 1869 606 1941 μὴ
633 1869 781 1940 ἔχειν
813 1870 906 1923 τὸν
933 1870 1191 1925 ἁπάντων
1240 1871 1434 1934 αὑταῖς
1477 1871 1587 1925 τῶν
1629 1871 1813 1940 ἀγαθῶ

1964 1871 2097 1926 brati
2153 1881 2279 1925 sunt
2326 1869 2472 1925 enim
2537 1869 2682 1924 oculi
2733 1883 2923 1923 eorum
2978 1883 3046 1922 ne
3100 1866 3345 1932 videant,
3397 1865 3550 1935 juxta

224 1962 586 2033 μαθημάτων
612 1962 825 2034 σπορέα
869 1980 929 2016 τε
965 1965 1060 2017 καὶ
1103 1966 1360 2036 χορηγόν.
1388 1967 1512 2018 Ὅτι
1550 1966 1605 2020 δὲ
1631 1967 1810 2020 παιδει

1965 1960 2251 2018 Psallenlis
2280 1976 2474 2016 vocem
2496 1961 2543 2028 ⁸,
2579 1970 2634 2016 et
2664 1961 2947 2016 incurvata
3000 1969 3125 2016 sunt
3153 1963 3302 2031 terga
3364 1974 3551 2013 eorum

218 2071 363 2119 σεως
386 2053 639 2124 ἀληθοῦς
660 2056 1038 2127 ὴμοιρηκότας
1055 2056 1364 2128 εὑρήσομεν
1383 2059 1510 2122 τοὺς
1527 2057 1585 2123 ἐξ
1610 2059 1646 2112 Ἱ
1656 2060 1804 2132 σραὴῖ

1964 2054 2198 2120 omnino,
2236 2061 2294 2107 ut
2321 2068 2428 2110 non
2464 2061 2687 2123 possent
2719 2067 2881 2122 supra
2921 2053 3189 2120 aspicere,
3240 2053 3334 2108 sed
3385 2051 3550 2107 veluti

213 2147 311 2200 διά
338 2165 409 2214 γε
470 2146 578 2218 τὴν
631 2149 714 2212 είς
751 2149 989 2220 Χριστὸν
1035 2150 1359 2220 παροινίαν,
1415 2152 1799 2206 ἐπαινέσειενὲ

1977 2145 2168 2200 ncurvi
2226 2146 2462 2200 terrenis
2509 2145 2674 2201 rebus
2726 2145 3106 2216 afligerentur.
3158 2147 3386 2202 Accidet
3424 2161 3556 2202 verc-

216 2238 428 2301 οὐδείς.
477 2238 921 2310 Ἐσκοτίσθησαν
950 2241 1060 2313 γὰρ
1105 2241 1156 2293 οἱ
1209 2241 1482 2314 ὀφθαλμοὶ
1526 2243 1728 2296 αὐτῶν
1754 2262 1802 2297 τι

1963 2239 2061 2293 hoc
2091 2237 2222 2304 illis,
2257 2238 2452 2306 inquit,
2488 2253 2593 2294 non
2625 2238 2744 2293 sine
2783 2253 2947 2294 causa
2979 2240 3113 2295 :sed
3141 2239 3267 2310 quia
3318 2254 3512 2296 omnes
3535 2279 3549 2302 .

109 2319 114 2324 ’
220 2329 304 2399 μὴ
367 2327 628 2398 βλέπειν,
669 2329 812 2383 κατὰ
850 2332 952 2415 τῂν
981 2331 1077 2385 τοῦ
1131 2331 1427 2402 ψάλλοντος
1481 2336 1686 2406 φωνήν.

1976 2331 2154 2400 nquit,
2201 2341 2259 2386 et
2305 2331 2434 2385 mali
2489 2332 2851 2395 exstiterunt,
2897 2341 2953 2385 et
2995 2346 3156 2387 onme
3205 2347 3267 2387 os
3317 2332 3554 2402 loquitur

221 2420 607 2492 συνεκάμφθη
640 2421 713 2476 τὰ
763 2423 913 2477 νῶτα
947 2424 1148 2480 αὐτῶν.
1186 2426 1298 2480 Καὶ
1339 2425 1498 2479 τοῦτο
1529 2426 1618 2480 διὰ
1651 2428 1807 2481 παντὶ

1964 2425 2157 2494 iniqua.
2227 2424 2332 2490 Qui
2396 2424 2540 2478 enim
2607 2426 2860 2480 omnibus
2931 2424 3235 2480 sceleribus
3310 2423 3550 2493 cooperti

213 2512 296 2578 ὡς
333 2512 413 2584 μὴ
443 2512 718 2567 δύνασθαι
738 2514 810 2569 τά
839 2515 954 2569 ἄνω
995 2515 1235 2586 βλέπειν,
1269 2517 1386 2571 ἀλλ’
1421 2518 1584 2572 οἱονεὶ
1612 2535 1799 2589 κεκυφε

1964 2535 2061 2573 non
2125 2518 2276 2584 sint,
2331 2518 2421 2587 qui
2475 2534 2598 2574 eum
2656 2518 2750 2587 qui
2808 2517 3040 2572 vocabat
3091 2518 3158 2572 ad
3215 2519 3407 2581 vitam,
3461 2517 3550 2585 qui

214 2620 343 2671 τας,
381 2609 504 2668 τοῖς
543 2607 761 2678 γηῖνοις
780 2607 1164 2678 ὲνερηρεῖσθαι
1208 2610 1522 2679 πράγμασι.
1559 2609 1800 2661 Πείσοντε

1992 2611 2230 2666 esciebat
2287 2621 2614 2680 peccatum,
2675 2611 2837 2664 morti
2906 2610 3118 2664 tradere
3189 2607 3577 2663 studuerunt?‘

209 2698 270 2751 δὲ
301 2697 494 2764 τοῦτο,
527 2699 721 2770 φησὶν,
770 2700 835 2753 οὑ
888 2700 1090 2771 μάτην·
1136 2701 1251 2755 ἀλλ’
1287 2703 1371 2755 ὅτι
1415 2701 1618 2765 πάντες
1647 2703 1795 2773 ἄνομα

1965 2706 2211 2772 Quamvis
2274 2705 2358 2759 lex
2428 2702 2720 2758 manifesto
2779 2703 2926 2757 dicat
2971 2720 2984 2755 ε
3035 2719 3054 2752 ι
3095 2699 3445 2756 lnnocentem
3497 2710 3551 2752 ct

215 2793 494 2860 γεγόνασι
529 2793 628 2846 καὶ
656 2793 907 2865 πονηροὶ,
932 2795 1030 2848 καὶ
1087 2797 1197 2850 πᾶν
1223 2796 1396 2866 στόμα
1451 2795 1604 2851 λαλεῖ
1649 2799 1801 2869 ἄνομι

1974 2807 2154 2852 ustum
2181 2813 2286 2851 non
2322 2794 2619 2850 interﬁeies
2643 2795 2685 2850 ⁸.
2726 2815 2743 2846 ι
2802 2795 2995 2848 Annon
3041 2793 3205 2848 etiam
3232 2791 3407 2846 omnis
3444 2789 3550 2844 lin-

219 2884 355 2948 ιῙῶς
389 2885 507 2958 γὰρ
542 2886 650 2940 οὐκ
686 2886 906 2957 ἄνομοι,
931 2889 1028 2942 καὶ
1049 2888 1274 2959 ἀπάσης
1307 2889 1532 2961 ἔμπλεοι
1561 2891 1793 2963 πονηρία

1961 2907 2054 2962 gua
2079 2889 2388 2946 Iudaeorum
2426 2889 2602 2942 locuta
2628 2897 2712 2943 est
2747 2886 2974 2958 iniqua?
3003 2887 3377 2942 acclamarunt
3403 2884 3547 2939 enim

214 2981 268 3030 oi
305 2978 542 3050 θανάτῳ
586 2965 910 3050 περιϐαλεῖν
962 2981 1368 3046 σπουδάσαντες
1422 2983 1515 3036 τὸν
1576 2983 1800 3037 καλοῠντ

1966 2984 2190 3048 Sltristo,
2244 2982 2487 3037 dicentes
2534 2979 2708 3036 Pilato
2750 2999 2764 3035 :
2805 2998 2823 3032 ι
2862 2979 3036 3045 Tolle,
3097 2980 3243 3045 tolle,
3291 2977 3552 3046 cruciﬁge

216 3072 360 3142 πρὸς
392 3072 576 3143 ζωὴν,
609 3071 707 3125 τὸν
733 3073 835 3126 οὐκ
865 3072 1044 3127 είδότα
1074 3073 1173 3146 τὴν
1207 3075 1508 3147 ἁμαρτίαν,
1544 3076 1722 3130 καίτοι
1751 3094 1802 3130 τη

1969 3091 2073 3130 tum
2103 3076 2167 3126 ¹⁴⁵.
2205 3093 2224 3126 ›
2257 3074 2341 3141 Ει,
2368 3093 2385 3124 ι
2423 3072 2479 3128 Si
2513 3073 2657 3130 hunc
2685 3088 2788 3128 non
2821 3074 3062 3140 occidas,
3095 3087 3201 3128 non
3235 3085 3295 3125 es
3348 3069 3555 3124 amicus

215 3165 390 3235 νόμον
450 3163 719 3234 λέγοντος
772 3165 986 3236 σαφῶςο
1018 3187 1036 3218 ι
1078 3165 1283 3224 ’Δθῶον
1329 3170 1426 3222 καὶ
1479 3169 1688 3222 δίκαιον
1746 3171 1847 3223 οὐκ
1951 3168 2185 3223 Cmsaris
2219 3167 2309 3221 '°‘.
2350 3185 2370 3217 ι

216 3264 595 3329 ἀποκτενεῖςς
634 3281 653 3314 ι
697 3262 825 3327 Πῶς
863 3264 927 3316 οὑ
969 3263 1120 3317 πᾶσα
1158 3263 1382 3333 γλῶσσα
1422 3263 1534 3319 τῶν
1585 3265 1855 3320 Ἰουδαίων
1895 3263 2193 3336 λελάληκεν
2244 3262 2437 3330 diducat;
2476 3261 2980 3334 Κατεκεκράγεσαν
3013 3260 3122 3332 γάρ
3165 3257 3258 3313 τοῦ
3312 3255 3554 3329 Χριστοῦ

224 3359 448 3430 Πιλάτῳ
475 3357 757 3427 λέγοντες
795 3375 814 3409 ι
838 3351 994 3428 Αἵρε,
1019 3358 1163 3431 αἶρε,
1196 3358 1514 3429 σταύρωσον
1539 3359 1722 3413 αὐτόν.
1749 3377 1768 3412 ι
1798 3360 1928 3425 Καὶ,
1959 3379 1976 3410 ι
2027 3357 2155 3412 Ἐὰν
2184 3355 2258 3427 μὴ
2282 3354 2471 3409 τοῦτον
2503 3355 2855 3427 ἀποκτείνῃς,
2893 3354 2995 3407 οὐκ
3016 3349 3067 3406 εἴ
3101 3351 3252 3422 φίλος
3291 3350 3386 3404 τοῦ
3416 3349 3557 3404 Καί-

236 3471 420 3524 σαρος.
465 3473 484 3506 ι
818 3485 820 3488 ν
2381 3489 2384 3492 -

322 3549 455 3603 Ἐπὶ
509 3548 669 3606 πᾶσι
727 3550 968 3616 τούτοις
1008 3550 1122 3605 οὐκ
1160 3550 1522 3622 ἀπεστράφη
1555 3555 1588 3606 ό
1634 3550 1844 3621 θυμὸς,
1876 3552 1908 3614 C

2028 3543 2192 3600 Vsus.
2220 3541 2310 3610 l9,
2340 3541 2430 3597 20.
2458 3541 2526 3598 In
2562 3541 2806 3596 omnibus
2829 3540 2910 3596 his
2929 3557 3032 3596 non
3055 3556 3268 3595 aversus
3286 3550 3360 3594 est
3381 3540 3552 3609 furor.

236 3640 374 3694 ἀλλ’
408 3641 497 3695 ἔτι
526 3643 568 3710 ἠ
603 3641 738 3711 χείρ
760 3640 1003 3711 ὑψηλή.
1049 3641 1162 3696 Kal
1195 3643 1567 3712 καυθήσεται
1607 3644 1687 3700 ὼι·
1727 3644 1822 3712 πῦι

1967 3642 2044 3694 sed
2079 3639 2256 3692 adhuc
2279 3653 2468 3692 manus
2514 3635 2742 3692 excelsa.
2784 3635 2853 3690 Et
2877 3636 3224 3690 succendelur
3258 3635 3391 3690 velut
3417 3636 3553 3707 ignis

232 3734 268 3801 ἠ
318 3733 570 3803 ἀνομία,
625 3733 728 3788 καὶ
784 3735 868 3800 ὠς
923 3733 1224 3803 ἇτρωστις
1270 3734 1425 3805 ξηρὰ
1465 3736 1818 3806 βρωθήσετο

1967 3734 2230 3804 iniquitas,
2267 3741 2314 3787 et
2351 3730 2488 3786 velut
2530 3731 2690 3786 herba
2749 3730 2904 3784 arida
2964 3727 3304 3783 devorabilur
3337 3730 3476 3799 igne,
3509 3738 3553 3782 et

225 3825 344 3880 ὑπὸ
383 3826 612 3895 πυρός’
647 3826 749 3880 καὶ
775 3826 1150 3894 καυθήσεται
1197 3825 1268 3879 ἐν
1290 3826 1418 3894 τοῖς
1459 3826 1681 3882 ddo-sat
1740 3844 1811 3882 to

1969 3828 2301 3884 mccendetur
2353 3828 2412 3882 in
2442 3827 2707 3881 densitate
2737 3825 2929 3891 saltus,
2980 3835 3025 3879 et
3059 3825 3330 3880 (levat-abit
3375 3823 3555 3877 omnia

220 3919 487 3989 ὂρυμοῦ,
525 3919 631 3974 καὶ
661 3920 1196 3990 συηαταφάγεται
1226 3919 1300 3972 τὰ
1323 3922 1532 3984 κύκλῳ
1562 3919 1682 3974 τῶν
1704 3919 1806 3985 ﬁo:

1971 3938 2076 3994 μιιε
2105 3923 2306 3976 circum
2352 3919 2508 3974 colles
2534 3929 2679 3974 sunt.
2724 3917 2897 3973 Inira
2932 3918 3133 3987 furoris
3177 3916 3386 3970 Domini
3415 3931 3557 3969 com—

213 4013 350 4067 ν·ῶν
399 4012 632 4068 πάντα·
699 4012 799 4069 διὰ
850 4013 1046 4084 θυμὸν
1080 4012 1270 4085 ὀργῆς
1331 4015 1579 4082 Κυρίου,
1636 4028 1795 4083 συγκ

1972 4014 2110 4068 iusta
2160 4023 2238 4067 est
2283 4023 2425 4066 terra
2459 4013 2728 4075 universa,
2763 4018 2814 4064 et
2845 4009 2946 4063 erit
2976 4007 3201 4080 populus
3243 4009 3391 4076 quasi
3415 4024 3558 4062 com-

219 4122 495 4161 καυσται
543 4106 586 4176 ἡ
647 4104 725 4177 γῆ
753 4101 894 4176 ὅλη,
931 4106 1032 4162 καὶ
1056 4107 1233 4163 ἔσται
1261 4109 1295 4160 ὀ
1320 4107 1472 4174 λαὸς
1499 4108 1580 4174 ὡς
1599 4108 1717 4163 ὑπὸ
1743 4122 1805 4162 πε

1964 4108 2140 4160 bustus
2172 4102 2238 4160 ab
2298 4105 2435 4174 igne.
2475 4101 2644 4156 Homo
2672 4100 2855 4170 fratris
2905 4101 2990 4154 sui
3039 4116 3143 4153 non
3193 4098 3550 4162 miserebitur,

221 4201 342 4266 pec"
386 4199 798 4271 κεκαυμένος,
833 4200 1151 4269 ἄνθρωπος
1179 4201 1288 4256 τὸν
1339 4201 1612 4272 ἀδελφὸν
1659 4205 1807 4257 αὐτο

1959 4200 2044 4252 sed
2098 4197 2382 4252 declinabit
2413 4197 2482 4249 ad
2518 4196 2814 4258 dexteram,
2849 4195 2974 4262 quia
3001 4191 3195 4248 esuriat
3233 4205 3252 4242 .·
3282 4201 3328 4246 et
3365 4206 3545 4244 rome-

227 4294 337 4348 οὐκ
359 4293 647 4362 ἐλεήσει,
680 4292 822 4347 ἀλλ’
841 4292 1115 4348 ἐκκλινεῐ
1157 4295 1244 4360 εις
1262 4291 1337 4348 τὰ
1369 4292 1560 4359 δεξιὰ,
1597 4292 1688 4347 ὅτι
1720 4309 1813 4347 πει

1967 4294 2042 4345 det
2068 4308 2100 4345 a
2127 4290 2390 4353 sinistris,
2423 4299 2473 4342 et
2522 4303 2627 4341 non
2666 4287 3000 4341 saturabitur
3060 4285 3237 4347 homo,
3283 4283 3553 4335 comedens

227 4381 405 4438 νόσει
437 4383 542 4436 καὶ
569 4382 823 4452 φάγεται
850 4383 921 4437 ἐκ
951 4381 1075 4437 τῶν
1096 4381 1454 4463 ιξριστερῶν,
1509 4381 1609 4436 καὶ
1661 4383 1733 4436 οὐ
1761 4400 1813 4450 μ·

1965 4400 2140 4438 rantes
2201 4383 2399 4436 brachii
2467 4383 2572 4436 sui.
2631 4379 2878 4436 Comedet
2925 4377 3200 4432 Manasses
3273 4375 3551 4445 Eplu‘aim,

225 4474 570 4545 ἐμπλησθῇ
632 4474 949 4545 ἅνθρωπος
1004 4475 1230 4532 ἐσθίων
1303 4474 1410 4541 τὰς
1440 4473 1674 4544 σάρκας
1741 4491 1807 4527 το

1967 4490 2003 4534 et
2047 4479 2303 4548 Epht'aim
2349 4477 2674 4542 Manassem,
2713 4475 2962 4546 quoniam
2997 4471 3154 4526 simul
3179 4471 3553 4540 oppugnabant

212 4570 570 4640 ,ϐραχίονος
610 4569 822 4626 αὑτοῦ.
853 4574 856 4576 ’
885 4569 1140 4642 Φάγεται
1180 4569 1294 4639 τὰρ
1360 4567 1708 4638 Μανασσῆς
1741 4568 1850 4622 τοῦ
1955 4571 1991 4625 .1
1999 4573 2178 4626 udam.

238 4666 540 4736 Ἐςρραῒμ,
597 4666 698 4720 καὶ
749 4665 1001 4736 Ἐφραῒμ
1049 4664 1160 4720 τοῦ
1203 4663 1537 4732 Μανασσῆν
1588 4664 1677 4719 ὅτι
1729 4663 1851 4735 ἅμα

219 4762 490 4827 πολιορκ
501 4756 729 4824 ἠσουσι
767 4757 878 4812 τὸν
901 4757 1158 4814 Ἰούδαν.

313 4850 714 4924 Ἀκμαζούσης
759 4851 844 4905 ἔτι
890 4850 996 4923 τῆς
1025 4850 1180 4914 θείας
1223 4850 1418 4923 ὀργῆς,
1449 4851 1850 4922 ὲπηρτημένης

2031 4856 2258 4929 Vigente
2283 4857 2462 4913 adhuc
2479 4855 2658 4912 divina
2681 4855 2784 4924 ira,
2809 4863 2863 4911 et
2886 4855 3231 4926 impendente
3254 4854 3342 4908 illa
3368 4868 3551 4920 manu,

217 4948 277 5001 δὲ
299 4947 403 5003 καὶ
432 4945 613 5016 αὐτῆς
633 4945 736 5017 τῆς
763 4945 947 5019 χειρὸς
977 4945 1082 5015 τῆς
1110 4944 1428 5017 ἐπαγούσης
1474 4945 1573 5018 τὴν
1606 4945 1803 5017 μάστιγ

1968 4947 2224 5020 lagellum
2278 4947 2655 5019 suppliciaque
2709 4947 2817 5004 illis
2887 4949 3173 5015 admovet,
3230 4947 3554 5018 singulaque

219 5041 318 5094 καὶ
345 5039 453 5104 τὰς
485 5038 679 5103 αἰκίας
725 5039 933 5104 αὐτοῖς,
964 5038 1175 5093 ἕκαστα
1209 5039 1400 5109 σαφῶς
1429 5039 1541 5092 τῶν
1565 5039 1805 5111 συμϐησι

1964 5059 2076 5115 quae
2138 5053 2407 5099 eventura
2453 5053 2602 5111 sunt,
2652 5051 2882 5099 conatur
2935 5052 3058 5112 apte
3108 5050 3550 5111 pt'mtnoustrarc,

223 5133 441 5216 μένων,
478 5133 954 5205 προαναγορεύειν
1015 5134 1318 5204 πειρᾶται,
1369 5132 1809 5205 σωφρονεστέρου

1968 5133 2362 5190 moderatiores
2415 5131 2660 5189 eiiiciens
2709 5132 2991 5188 auditores
3043 5132 3362 5188 terroribus.
3403 5133 3554 5189 Ilane

217 5229 337 5291 τοῖς
368 5225 600 5297 δείμασι
658 5226 788 5289 τοὺς
819 5226 1208 5299 ἀκροωμένους
1262 5226 1566 5282 ἀποτελῶν.
1624 5225 1803 5298 Ταύτῃ

1965 5227 2122 5297 igitur
2153 5225 2224 5282 ob
2262 5241 2484 5280 causam
2545 5226 2964 5282 vaticinationes
2991 5228 3240 5293 gravium
3285 5227 3551 5282 malorum

216 5320 335 5390 γάρ
364 5320 537 5374 ἓνεκα
590 5320 696 5390 τῆς
752 5319 937 5384 αἰτίας
997 5320 1444 5392 προαναρρήσεις
1496 5321 1607 5374 τῶν
1651 5319 1802 5374 δεινιῖ

1961 5319 2184 5372 instituit
2246 5317 2408 5384 Deus,
2437 5326 2496 5372 ut
2521 5319 2776 5373 timentes
2797 5333 2924 5373 eum
2955 5319 3257 5387 oﬂ‘endere,
3293 5321 3451 5374 tualis
3481 5335 3547 5373 ex

217 5414 472 5466 ἐποιεῖτο
496 5411 655 5477 Θεὸς,
689 5412 778 5466 ἵνα
811 5412 1047 5476 δεδιότες
1067 5412 1130 5466 τὸ
1157 5412 1524 5485 προσκρούειν
1553 5413 1724 5484 αὐτῷ,
1766 5430 1803 5484 μ

1962 5413 2034 5465 ira
2091 5411 2254 5466 illatis
2290 5426 2396 5466 non
2433 5412 2543 5466 sint
2567 5412 2812 5477 obnoxii,
2847 5413 2940 5466 sed
2981 5413 3160 5483 potius
3183 5414 3249 5467 ab
3285 5411 3388 5466 illis
3419 5424 3548 5479 gra—

220 5505 342 5567 τοῖς
377 5503 441 5569 ἐξ
471 5504 648 5576 ὀργῆς
695 5504 1048 5576 ὑπενεχθεῖεν
1086 5507 1313 5572 κακοῖς,
1367 5504 1473 5570 ἔξω
1531 5505 1587 5559 δὲ
1641 5504 1806 5576 μᾶλλο

1958 5503 2112 5558 vibus
2139 5504 2460 5559 liberentur.
2487 5503 2555 5558 Et
2605 5505 2996 5570 succendetur,
3025 5505 3219 5575 inquit,
3263 5517 3392 5571 ergo
3449 5501 3544 5555 ini-

221 5597 600 5671 ἀποφέροιντο
645 5599 758 5653 τῶν
811 5598 1024 5653 δεινῶν.
1078 5597 1468 5668 Καυθήσεσθαι
1514 5597 1695 5652 τοίνυν
1741 5597 1807 5669 τὴ

1959 5598 2132 5667 quitas
2183 5607 2242 5650 ut
2279 5596 2438 5665 ignis.
2499 5597 2842 5666 Iniquitatem
2905 5598 3070 5668 168
3113 5611 3237 5651 vero
3289 5592 3545 5666 appellat,

223 5689 464 5763 ἀνομίαν
501 5691 579 5756 ὡς
611 5691 745 5763 πῦρ.
801 5689 1061 5763 ’Δνομίαν
1105 5691 1160 5744 δέ
1211 5708 1376 5761 φησιν
1411 5689 1510 5744 οὐκ
1563 5689 1694 5743 αὑτό
1736 5707 1805 5742 πο

1989 5707 2055 5745 on
2113 5704 2225 5743 rem
2277 5690 2448 5758 ipsam
2517 5689 2668 5760 (hoc
2723 5689 2912 5758 enim,
2976 5688 3056 5744 vel
3109 5685 3406 5752 intellectu,
3455 5684 3569 5739 vel.

296 5853 318 5885 ⁸
344 5851 493 5910 Psal.
541 5867 736 5915 vam,
761 5844 856 5906 24.
939 5847 1165 5907 "Exod.
1199 5865 1353 5916 xsttt,
1391 5847 1442 5903 7.
1525 5848 1745 5903 "Jnau.
1786 5864 1895 5915 Mli,
1923 5848 2002 5903 1.3.
2079 5851 2145 5879 ‘°‘
2181 5845 2318 5902 ibid.
2355 5845 2442 5901 1‘2.
