4016 6468
494 336 611 412 τῆς
1495 361 1553 418 s.
1594 357 1868 416 CYBILLI
1903 332 2376 425 ALEXANDle
2413 337 2734 411 ARCHIEI'.

3654 361 3763 415 270

501 470 649 527 dictu
703 472 943 542 ineptum
980 474 1242 545 est),sed
1305 478 1685 547 iniquitatibus
1737 480 2064 551 implicatos,

2175 474 2231 527 τὸ
2252 474 2503 545 πρᾶγμα·
2532 472 2690 525 τοῦτο
2720 471 2827 541 γὰρ
2859 469 3106 543 εὔηθεςῆ
3137 473 3333 544 νοεῖνῆ
3373 445 3575 541 λέγεύι·
3625 475 3762 530 ἀλλὰ

500 562 594 633 qui
615 578 683 619 eo
705 563 921 618 demum
950 564 1313 635 improbitatis
1342 583 1553 625 morum
1593 571 1837 637 veniunt,
1880 582 1939 626 ut
1966 587 2072 627 non

446 674 451 679 ·
494 652 605 722 jam
643 652 838 722 iniqui,
868 656 960 709 sed
995 656 1175 711 verius
1221 656 1480 728 iniquitas
1516 659 1747 716 debeant
1783 661 2069 715 nominari.

500 741 564 796 lli
591 742 758 811 igitur
783 744 938 814 quasi
966 745 1110 816 ignis
1153 747 1442 814 ardebum,
1496 750 1689 821 inquit,
1745 750 1799 805 id
1824 759 1928 817 est,
1966 751 2071 821 ipsi

497 834 638 903 ignis
659 845 838 888 erunt.
864 833 1034 891 Nemo
1072 838 1218 893 enim
1249 840 1387 895 alius
1408 839 1679 895 flammam
1726 841 1830 896 illis
1855 841 2070 906 inferet,

492 923 589 978 sed
623 924 727 992 ipsi
758 926 824 981 ad
854 927 954 983 hoc
988 928 1093 984 sibi
1111 930 1254 986 inter
1279 946 1340 986 se
1364 932 1658 988 sufﬁcient.
1716 931 2070 988 Sui-cenden-

497 1022 587 1067 tur
616 1015 779 1071 etiam
810 1020 964 1087 quasi
993 1019 1164 1077 herba
1212 1025 1383 1090 arida,
1431 1033 1486 1080 et
1525 1034 1584 1079 ut
1631 1026 1873 1082 densitas
1913 1027 2074 1081 silva-

491 1119 635 1159 rum.
672 1104 830 1162 Furit
879 1109 1026 1164 enim
1076 1126 1290 1181 semper
1331 1109 1569 1178 ﬂamma,
1617 1114 1661 1170 si
1712 1114 1765 1169 in
1791 1117 2073 1170 materiam

493 1204 703 1263 ustam,
742 1198 988 1268 herbam,
1022 1202 1262 1273 inquam,
1300 1206 1528 1271 aridam,
1560 1217 1617 1261 et
1640 1206 1783 1277 ligna
1804 1207 2072 1263 silvestria

496 1287 722 1342 incidat.
760 1288 936 1345 Credo
959 1304 1137 1348 autem
1185 1312 1305 1363 ego,
1338 1298 1714 1366 propheticum
1765 1313 2071 1354 sermonem

491 1377 643 1433 hisce
683 1380 861 1435 verbis
894 1384 1047 1438 nobis
1090 1385 1204 1441 haec
1251 1387 1386 1442 velle
1413 1389 1788 1445 demonstrare
1821 1406 1838 1443 :
1872 1388 2072 1459 Vespa-

491 1467 646 1523 siano
689 1472 827 1525 enim
859 1482 910 1527 et
951 1474 1091 1538 Tito,
1120 1478 1702 1546 quemadmodumjam
1739 1493 1899 1549 supra
1939 1478 2070 1545 dixi,

494 1561 833 1614 vastantibus
869 1560 1128 1629 Judaeum,
1168 1566 1435 1635 urbesque
1463 1568 1581 1637 ejus
1606 1569 2072 1640 oppugnantibus,

497 1651 729 1705 maxima
759 1665 871 1707 erat
895 1656 1131 1725 undique
1154 1658 1523 1726 tumultuatio,
1552 1661 1745 1729 partim
1779 1660 1921 1716 fame
1938 1673 2075 1716 cou-

492 1741 722 1810 ficienre,
771 1746 968 1813 partim
1018 1747 1215 1818 ubique
1251 1750 1526 1806 seditiosis
1574 1752 1905 1817 hominibus,
1961 1763 2070 1805 tum

2176 565 2303 627 τοὺς
2329 568 2448 626 ταῖς
2476 563 2728 633 ἀνομίαις
2767 561 3234 636 κατηχθημένους,
3306 566 3544 635 ἥκοντάς
3572 584 3631 618 τε
3658 567 3761 637 ἤδη

2176 652 2314 724 πρὸς
2341 642 2499 706 τοῦτο
2530 654 2852 723 σκαιότητος
2901 654 3139 724 τρόπων,
3169 654 3246 718 ὼς
3276 655 3472 725 μηκέτι
3510 656 3609 725 μὲν
3632 658 3760 708 ἀνό-

2179 762 2333 816 μους,
2374 744 2603 814 ἀνομίαν
2652 744 2709 798 δέ
2761 744 2960 814 μᾶλλον
3014 744 3379 816 ὀνομάζεσθαι
3434 745 3564 799 δεῖν.
3598 740 3758 798 Οὗτοι

2174 836 2463 908 τοιγαροῦν
2497 838 2573 901 ὡς
2600 836 2712 908 πῦρ
2772 837 3156 909 καυθήσονται,
3216 839 3370 909 φησι,
3401 838 3544 892 τοῦτ’
3586 838 3759 900 ἐστιν,

2177 929 2331 981 αὐτοὶ
2386 928 2509 982 καθ’
2534 930 2743 982 ἑαυτῶν
2770 929 3092 1000 γενήσονται
3121 929 3251 1001 πῦρ.
3310 929 3387 982 Οὐ
3424 929 3533 1002 γὰρ
3570 930 3761 1000 ἕτερός

2175 1036 2259 1081 τις
2281 1018 2493 1071 ἐποίσει
2513 1019 2614 1090 τὴν
2643 1019 2820 1087 φλόγα
2847 1020 3051 1086 αὐτοῖς,
3078 1020 3195 1074 ἀλλ’
3228 1020 3554 1091 ἀρκέσουσιν
3588 1021 3757 1090 ἀλλήο

2176 1111 2288 1174 λοις
2307 1113 2385 1174 εἰς
2424 1110 2586 1165 τοῦτο
2613 1112 2786 1165 αὐτοί.
2836 1113 3218 1183 Καυθήσονται
3262 1112 3319 1165 δὲ
3347 1113 3425 1176 ὡς
3481 1113 3758 1184 ἀγρωστις

2177 1203 2336 1274 ξηρὰ,
2365 1203 2460 1257 καὶ
2485 1203 2562 1268 ὡς
2591 1203 2728 1273 δάση
2754 1203 2996 1275 δρυμῶν.
3046 1205 3343 1260 Μαίνονται
3371 1205 3480 1276 γὰρ
3527 1206 3615 1259 ἀεί
3642 1224 3761 1271 πως

2175 1296 2233 1349 αἱ
2262 1295 2479 1364 φλόγες,
2509 1296 2590 1359 είς
2613 1294 2748 1366 ὕλην
2802 1295 3064 1350 πεσοῦσαι
3117 1297 3214 1368 τὴν
3261 1297 3715 1368 εύκατάπρηστον
3735 1313 3749 1329 ·

2174 1387 2450 1457 ἄγρωστιν
2483 1386 2541 1440 δέ
2593 1405 2737 1458 φημι
2780 1386 2879 1458 τὴν
2929 1387 3121 1459 ξηρὰν,
3161 1389 3256 1442 καὶ
3301 1388 3372 1441 τά
3429 1391 3487 1442 ἐν
3533 1389 3757 1459 δρυμοῖς

2178 1477 2331 1543 ξύλα.
2364 1473 2533 1550 Οἶμαι
2583 1478 2641 1532 δὲ
2687 1476 2861 1547 ἔγωγε
2910 1479 3000 1532 τὸν
3034 1480 3365 1551 προφητικὸν
3421 1480 3550 1550 ἡμῖν
3601 1481 3757 1549 λόγον

2178 1572 2359 1626 ἐκεῖνα
2393 1568 2679 1640 βούλεσθαι
2718 1570 2912 1640 δηλοῦν
2964 1573 3020 1624 ἐν
3071 1571 3307 1635 τούτοις·
3343 1570 3756 1626 Οὐεσπασιανοῦ

2174 1659 2283 1730 γὰρ
2318 1660 2412 1714 καὶ
2463 1659 2644 1724 Τίτου,
2687 1658 2938 1729 καθάπερ
2982 1659 3082 1733 ἤδη
3118 1662 3399 1731 προεῖπον,
3427 1659 3757 1731 καταδῃούνο

2175 1769 2283 1805 των
2308 1751 2408 1822 τὴν
2456 1752 2736 1815 Ἰουδαίαν,
2769 1752 2865 1805 καὶ
2916 1753 3016 1815 τὰς
3048 1754 3108 1804 ἐν
3156 1752 3294 1822 αὐτῇ
3330 1750 3760 1822 πολιορκούντων

491 1834 679 1890 domos
709 1836 1120 1908 diripientibus,
1159 1850 1269 1896 tum
1316 1857 1410 1898 eos
1450 1844 1541 1913 qui
1585 1846 1906 1901 videbantur
1938 1846 2070 1899 insi-

2178 1843 2381 1906 πόλεις,
2422 1842 2670 1907 πλεῖστος
2690 1839 2808 1915 ἦνό
2839 1844 2898 1895 ὲν
2930 1844 3142 1914 ἑκάστῳ
3177 1842 3426 1913 θόρυϐος,
3461 1843 3622 1896 τοῦτο
3655 1844 3759 1913 μὲν

491 1927 710 1995 gniores
759 1929 1152 1996 invadentibus,
1194 1943 1254 1987 ut
1282 1936 1540 1991 intestina
1587 1937 1882 1993 incolarum
1916 1938 2070 1993 moli-

494 2017 641 2072 iuina
685 2019 801 2088 ipso
834 2033 1060 2078 externo
1088 2026 1335 2094 graviora
1374 2028 1713 2083 exsisterent.
1741 2029 1940 2084 Horum
1980 2030 2074 2085 Jo-

493 2110 695 2178 sephus
740 2112 942 2169 diserte
996 2127 1236 2170 content
1289 2119 1592 2174 historiam.
1641 2121 1804 2189 Ergo,
1859 2122 2065 2191 inquit,

495 2201 765 2255 ardebunt
809 2218 905 2258 ceu
959 2206 1011 2259 in
1056 2207 1323 2262 densitate
1383 2209 1550 2264 silvae.
1605 2213 1886 2281 Agrestem
1945 2225 2071 2265 vero

494 2290 719 2350 herbam
762 2297 1042 2351 etaridam
1074 2300 1506 2372 densitatemque
1554 2302 1723 2369 silvw,
1764 2304 2067 2373 gregarium

493 2384 707 2440 turbam
754 2400 877 2441 eum
929 2387 1107 2444 dicere
1155 2389 1414 2447 arbitror.
1451 2392 1617 2446 Divisi
1672 2406 1825 2448 erant
1872 2394 2071 2464 quippe

493 2473 783 2531 adversum
808 2492 869 2531 se
901 2478 1002 2547 ipsi
1038 2479 1090 2533 in
1135 2478 1400 2536 factiones
1424 2492 1480 2537 et
1502 2483 1721 2538 dissidia
1764 2485 2065 2554 pupulares.

488 2562 758 2637 Deinceps
813 2584 941 2625 vero
970 2573 1037 2625 ad
1081 2586 1177 2628 eos
1205 2573 1298 2643 qui
1329 2573 1650 2629 videbantur
1671 2591 1793 2630 esse
1831 2577 2060 2644 aliquid,

491 2658 690 2714 malum
746 2673 1129 2731 perventurum
1183 2680 1345 2734 porro
1403 2668 1677 2733 ostendit,
1727 2670 1961 2724 dicens:
2005 2671 2069 2722 Et

491 2753 773 2810 devorabit
789 2770 911 2825 qua:
936 2755 989 2810 iu
1013 2758 1239 2812 circuitu
1258 2769 1382 2813 sunt
1398 2759 1613 2814 collium
1648 2762 1850 2814 omnia.
1871 2761 2066 2828 Colles,

490 2855 643 2914 puto,
694 2855 851 2901 vocat
900 2856 995 2902 eos
1022 2851 1110 2916 qui
1138 2860 1401 2919 praestant
1456 2852 1599 2916 aliis,
1647 2863 1703 2907 et
1728 2856 1810 2907 Vel
1873 2853 2065 2923 gloria,

491 2936 574 2991 vel
603 2938 817 3006 opibus,
868 2940 950 2995 vel
994 2941 1100 2996 alio
1129 2943 1377 3012 quopiam
1413 2945 1571 2999 nmdo
1623 2945 1912 3001 excellunt.
1946 2946 2066 3001 .lam

492 3029 624 3096 dixi,
656 3030 721 3084 iis
748 3034 838 3101 qui
872 3032 1266 3101 splendidiores
1292 3050 1411 3092 esse
1446 3038 1784 3103 videbantur,
1833 3039 2069 3109 graviter

492 3117 596 3172 vim
630 3123 821 3180 fet-isse
849 3127 941 3195 qui
979 3126 1034 3180 in
1065 3143 1281 3198 quaque
1318 3129 1534 3184 civitate
1583 3130 1878 3185 seditiones
1937 3147 2069 3187 cou—

493 3208 665 3263 citare
705 3210 849 3266 soliti
884 3223 1060 3278 erant,
1115 3215 1251 3270 adeo
1288 3224 1346 3271 ut
1388 3217 1659 3288 desperati
1717 3219 1961 3275 facerent
2004 3236 2068 3276 ea

492 3320 609 3369 quae
640 3318 706 3357 ue
726 3304 838 3374 ipsa
866 3305 1079 3374 quidem
1098 3306 1330 3362 hostium
1351 3324 1541 3365 manus
1561 3311 1852 3380 aliquando
1874 3313 2065 3381 egerit.

495 3390 558 3448 Et
583 3404 715 3459 lucc,
753 3398 945 3467 inquit,
980 3399 1031 3453 in
1065 3399 1141 3453 ira
1186 3401 1387 3457 furoris
1416 3403 1647 3458 Domini.
1687 3405 1958 3461 Succeusa
1988 3415 2070 3459 est

492 3486 635 3540 enim
670 3488 747 3542 sic
780 3489 1027 3545 universa
1063 3502 1208 3546 terra
1228 3490 1559 3550 Iudaeorum.
1590 3494 1721 3561 Quae
1764 3511 1893 3551 vero
1925 3502 2070 3552 recte

493 3580 650 3643 dixit,
683 3588 803 3634 cum
861 3581 949 3636 illa
1006 3584 1163 3652 plana
1211 3584 1430 3641 fecisset
1477 3588 1842 3652 audientibus,
1882 3591 2068 3645 statim

495 3674 732 3728 adnectit
769 3694 781 3729 :
813 3674 878 3730 Et
930 3678 1034 3732 erit
1091 3680 1320 3749 populus
1375 3678 1521 3734 velut
1569 3680 1677 3751 igni
1736 3697 2067 3738 succensus:

493 3761 655 3820 homo
684 3766 871 3824 fratris
910 3771 1024 3825 suis
1064 3787 1169 3825 non
1211 3772 1577 3828 miserebitur.
1608 3773 2069 3840 Quemadmodum

493 3857 639 3910 enim
673 3858 764 3925 qui
827 3860 996 3914 bobus
1044 3860 1220 3928 ignem
1256 3860 1589 3926 admovent,
1619 3861 1973 3915 exstimulant
2004 3862 2071 3916 ad

496 3947 652 4010 iram,
692 3948 1042 4019 el'iiciuutque
1082 3962 1139 4004 ut
1175 3950 1442 4006 ferociore
1493 3952 1692 4019 impetu
1736 3952 1980 4006 ferantur
2017 3951 2071 4005 in

497 4053 592 4095 eos
647 4056 784 4111 quos
853 4043 1115 4113 impetum
1147 4061 1159 4096 :
1192 4043 1273 4097 sic
1315 4044 1439 4107 erit,
1473 4043 1665 4112 inquit,
1700 4043 2071 4112 unusquisque

494 4133 742 4203 populus,
780 4136 929 4189 velut
966 4136 1080 4205 igni
1125 4136 1397 4191 incensus.
1436 4136 1664 4191 Vioieuti
1693 4136 1837 4190 enim
1873 4147 1929 4189 et
1970 4136 2072 4189 itu-

2175 1934 2335 2005 λιμοῦ
2363 1937 2788 2006 κατατήκοντος,
2822 1932 2984 1987 τοῦτο
3014 1934 3071 1988 δὲ
3096 1933 3206 1987 τῶν
3258 1935 3316 1988 ἐν
3366 1934 3573 2008 ἑκάστῃ
3624 1951 3759 1989 στα-

2175 2027 2412 2081 σιαστῶν
2445 2028 2628 2091 οἴκους
2672 2045 2730 2080 τε
2789 2025 3219 2098 διαρπαζόντων,
3275 2028 3658 2097 ἐπιφυομένων
3699 2025 3759 2080 δὲ

2172 2124 2285 2183 τοῖς
2328 2119 2578 2173 δοκοῦσιν
2640 2117 2777 2173 εἶναι
2838 2118 3284 2191 διαφανεστέροις
3311 2159 3326 2185 ,
3377 2120 3452 2182 ὡς
3500 2117 3760 2186 γενέσθαι

2174 2209 2573 2282 φορτικώτερον
2604 2210 2697 2264 τὸν
2726 2209 2925 2275 ἔξωθεν
2954 2209 3131 2280 μάχης
3152 2208 3223 2262 τὰ
3258 2212 3323 2262 ἐκ
3343 2209 3453 2264 τῶν
3485 2206 3761 2261 ἐνοικούν-

2172 2323 2279 2360 των
2306 2310 2653 2378 τολμήματα.
2686 2304 2869 2358 Ταῦτα
2906 2304 2964 2358 δὲ
2995 2304 3185 2375 σαφῶς
3236 2303 3496 2375 Ἰώσηπος
3532 2304 3755 2370 ἱστορεῖ.

2173 2397 2384 2452 Οὐκοῦν
2412 2396 2789 2469 καυθήσεσθαί
2814 2413 2978 2467 φησιν
3029 2398 3088 2449 ἐν
3132 2398 3246 2459 τοῖς
3274 2394 3461 2449 δάσεσι
3494 2393 3590 2447 τοῦ
3627 2394 3760 2464 δρυο

2176 2491 2297 2561 μοῦ,
2320 2491 2597 2562 ἄγρωστιν
2643 2488 2796 2561 οἶμαι
2832 2490 3036 2562 ξηρὰν,
3092 2491 3185 2541 καὶ
3243 2488 3379 2555 δὰση
3405 2485 3612 2557 δρυμοῦ
3659 2485 3759 2555 τὴν

2171 2582 2430 2651 ἀγελαίαν
2463 2582 2673 2654 πληθὺν
2705 2583 3006 2654 ὀνομάζων.
3082 2580 3426 2652 Ἐμερίζοντο
3470 2578 3579 2648 γὰρ
3636 2575 3759 2631 κατ’

2180 2676 2424 2747 ἀλλήλων
2451 2677 2534 2740 εἰς
2566 2676 2831 2747 διχονοίας
2860 2676 2957 2729 καὶ
2987 2676 3206 2735 στάσεις
3232 2673 3282 2725 οἱ
3332 2671 3515 2742 δῆμοι.
3551 2671 3672 2722 Ὅτι
3698 2668 3759 2722 δέ

2173 2771 2265 2823 καὶ
2295 2768 2403 2822 τῶν
2429 2764 2566 2822 εἷναί
2589 2787 2643 2821 τι
2664 2767 2963 2822 δοκούντων
2996 2766 3193 2835 ἅψεται
3235 2764 3297 2816 τὸ
3342 2761 3546 2824 κακὸν,
3589 2776 3761 2830 προσ-

2170 2860 2459 2930 αποφαίνει
2488 2860 2678 2929 λέγων·
2705 2861 2812 2913 Καὶ
2832 2857 3310 2928 ωγκαταφάγεται
3343 2855 3410 2908 τὰ
3437 2853 3624 2923 κύκλῳ
3648 2851 3758 2905 τῶν

2173 2952 2379 3023 βουνῶν
2411 2953 2610 3007 πάντα’
2648 2952 2870 3022 βουνοὺς
2903 2948 3058 3021 οἶμαι
3088 2950 3263 3018 λέγων
3289 2949 3416 3011 τοὺς
3449 2946 3557 2999 τῶν
3582 2944 3758 2999 ἄλλων

2173 3041 2628 3114 ύπερκειμένους,
2658 3042 2756 3095 καὶ
2782 3042 3174 3112 ἀνεστηκότας,
3208 3039 3241 3111 ἢ
3288 3038 3429 3092 κατά
3452 3039 3551 3109 τὴν
3576 3035 3754 3100 δόξαν,

2172 3132 2378 3203 ἧκατά
2428 3133 2521 3186 τὸν
2582 3130 2835 3197 πλοῦτον,
2885 3132 2918 3202 ἢ
2972 3131 3094 3185 καθ’
3147 3130 3333 3202 ἕτερόν
3370 3145 3493 3184 τινα
3532 3127 3755 3198 τρόπον.

2179 3227 2356 3295 Ἐφην
2382 3223 2441 3278 δὲ
2470 3224 2698 3296 ἀρτίως,
2747 3225 2830 3277 ὅτι
2864 3228 2976 3287 τοῖς
3018 3221 3159 3277 εἶναι
3219 3220 3435 3276 δοκοῦσι
3486 3218 3758 3291 λαμπροῖς

2174 3316 2445 3384 ἐπεφύετο
2506 3316 2697 3380 δεινῶς
2737 3317 2798 3369 τὸ
2858 3318 2916 3368 ἐν
2972 3316 3111 3369 ἐκάσ
3143 3332 3180 3388 ῃ
3239 3313 3391 3367 πόλει
3446 3309 3759 3374 στασιάζειν

2173 3408 2388 3470 εἰωθὸς,
2418 3408 2493 3471 ὡς
2521 3408 2580 3461 ἐν
2608 3408 2916 3471 ἀπογνώσει
2976 3407 3130 3479 δρᾷν,
3160 3406 3196 3460 ὃ.
3239 3405 3359 3477 μηδ’
3400 3404 3466 3457 ἂν
3504 3403 3643 3470 αὑτὴ
3677 3402 3760 3454 δέ-

2172 3499 2373 3570 δρακεν
2400 3499 2509 3551 ἐσθ’
2549 3501 2635 3551 ὅτε
2676 3498 2785 3551 τῶν
2829 3499 3103 3569 πολεμίων
3145 3500 3179 3568 ἡ
3236 3498 3377 3568 χείρ.
3412 3496 3524 3549 Καὶ
3552 3494 3757 3552 ταῦτα.

2175 3591 2332 3660 φησι,
2356 3591 2445 3645 διά
2474 3591 2646 3661 θυμὸν
2680 3591 2851 3662 ὀργῆς
2888 3591 3114 3659 Κυρίου.
3177 3588 3593 3658 Συγκέκαυσται
3651 3585 3761 3656 γὰρ

2173 3684 2345 3747 οὕτως
2374 3685 2407 3755 ὴ
2439 3683 2702 3754 σύμπασα
2751 3685 2858 3736 τῶν
2904 3684 3173 3737 Ἰουδαίων
3222 3683 3317 3752 γῆ.
3354 3680 3420 3735 Ἀ
3459 3680 3513 3732 δὲ
3537 3680 3761 3750 εἴρηκεν

2175 3776 2612 3846 αἰνιγματωδῶς,
2644 3776 2818 3829 ταῦτα
2846 3779 2956 3839 τοῖς
3001 3774 3374 3846 ἀκροωμένοις
3441 3772 3588 3842 σαφῆ
3628 3771 3763 3823 καθ-

2177 3869 2349 3933 ιστὰς,
2377 3870 2715 3939 προσεπάγει
2750 3868 3115 3939 παραχρῆμαο
3142 3867 3251 3922 Καὶ
3276 3866 3429 3921 ἐσται
3456 3868 3486 3919 ὁ
3518 3864 3646 3927 λαὸς
3685 3864 3762 3926 ὡς

2175 3963 2281 4016 ὑπὸ
2304 3964 2474 4035 πυρὸς
2521 3963 3023 4032 κατακεκαυμένος.
3061 3962 3379 4030 Ἀνθρωπος
3419 3958 3509 4012 τὸν
3532 3956 3763 4025 ἀδελφὸν

2176 4054 2341 4109 αὺτοῦ
2371 4054 2470 4108 οὐκ
2495 4054 2728 4124 ἐλεήσει.
2766 4053 2979 4122 ’Ὠσπερ
3008 4054 3116 4124 γὰρ
3137 4052 3187 4104 oi
3217 4051 3437 4121 μόσχοις
3466 4048 3762 4114 ἐπάγοντες

2176 4144 2312 4217 πῦρ,
2343 4144 2758 4216 παραθήγουσιν
2795 4146 2875 4207 εἰς
2905 4142 3096 4215 ὀργὰς,
3148 4142 3245 4195 καὶ
3287 4139 3387 4204 τὰς
3437 4137 3559 4193 καθ’
3592 4131 3669 4192 ὧν
3697 4137 3763 4190 ἀν

493 4226 876 4281 misericordes
898 4237 1079 4296 erunt,
1097 4236 1150 4281 et
1165 4226 1360 4284 fratres
1383 4245 1484 4283 uon
1512 4239 1829 4301 agnoscent,
1848 4243 2004 4284 acres
2019 4240 2070 4283 et

2180 4235 2309 4288 ἴοιεν
2332 4233 2556 4304 ἐφόδους
2585 4233 2898 4304 ἀδρωτέρας
2920 4230 3190 4287 ποιεῖσθαι
3222 4228 3758 4303 παρασκευάζουσιν*

493 4327 761 4388 agrestes,
789 4334 853 4373 ac
889 4318 1004 4373 fero
1030 4319 1212 4375 animo
1243 4321 1472 4376 invicem
1497 4337 1709 4386 onmcs,
1746 4333 1798 4376 et
1832 4321 2070 4376 ferarum

2175 4327 2338 4389 οὕτω,
2376 4326 2530 4397 φησι,
2578 4325 2671 4380 καὶ
2726 4325 2953 4388 ἕκαστος
2997 4324 3150 4377 ἔσται
3202 4322 3310 4377 τῶν
3360 4320 3506 4375 λαῶν
3550 4320 3627 4382 ὡς
3656 4319 3763 4372 ὑπὸ

495 4409 667 4463 instar
700 4424 821 4477 quae
863 4409 1025 4481 169
1055 4410 1196 4467 fame
1234 4422 1519 4477 acuuntur,
1545 4423 1599 4468 et
1628 4413 1813 4467 rabide
1842 4420 2070 4482 aguntur

2178 4419 2350 4491 πυρὸς
2382 4417 2882 4488 κατακεκαυμένος.
2924 4414 3193 4486 ’(ιρμηταί
3226 4431 3287 4467 τε
3328 4414 3438 4483 γὰρ
3476 4413 3568 4467 καὶ
3601 4411 3761 4480 ἀφιλ-

496 4500 550 4554 in
572 4500 781 4570 aliquos
807 4518 821 4554 :
859 4503 1208 4557 declinabunt
1235 4504 1303 4557 ad
1333 4504 1674 4569 dextram,et
1695 4503 1859 4558 edent
1884 4518 1913 4556 a
1936 4503 2070 4557 siui-

2176 4511 2569 4582 οικτείρμονες,
2615 4511 2711 4563 καὶ
2761 4510 3025 4581 ἀδελφοὺς
3055 4511 3157 4562 οὐκ
3211 4507 3450 4570 εἰδότες,
3489 4504 3654 4559 δεινοί
3702 4520 3764 4556 τε

498 4590 646 4654 stris,
685 4590 736 4644 id
776 4598 880 4656 est,
915 4591 1021 4646 huc
1054 4604 1109 4646 et
1140 4592 1265 4646 illuc
1288 4603 1694 4659 convertentur,
1724 4593 1844 4646 illos
1869 4609 1898 4643 a
1944 4594 2072 4644 dex-

500 4679 597 4735 tris
629 4680 956 4748 mordentes,
991 4682 1093 4736 hos
1127 4698 1155 4736 a
1180 4682 1336 4746 laeva,
1366 4690 1648 4751 parcentes
1685 4681 1909 4746 nemini,
1934 4681 2075 4733 illaal—

499 4771 667 4825 tiabili
724 4772 1015 4841 cupiditate
1067 4774 1272 4842 seipsos
1321 4772 1605 4829 invadendi
1643 4770 1916 4826 ardentes.
1962 4772 2073 4824 Non

501 4863 663 4924 enim,
712 4865 916 4933 inquit,
985 4865 1274 4919 satiabitur
1312 4868 1471 4921 Immo
1526 4865 1815 4920 comedens
1876 4880 2071 4921 carnes

502 4956 707 5011 brachii
745 4957 849 5012 sui.
882 4957 926 5012 Ο
956 4972 1067 5012 rem
1101 4958 1290 5010 miram
1341 4966 1396 5011 et
1446 4955 1854 5012 incredibilem!
1913 4956 2027 5011 N0u
2055 4997 2068 5019 ,

499 5046 694 5117 inquit,
729 5046 831 5102 sibi
859 5047 992 5117 ipsis
1018 5058 1385 5116 comparcent,
1408 5063 1474 5102 ex
1508 5046 1788 5116 impotenti
1822 5048 2072 5103 videliCet

491 5141 735 5198 insania.
767 5136 1032 5207 Prorupta
1063 5139 1206 5193 enim
1250 5138 1416 5210 semel
1444 5145 1499 5192 et
1519 5137 1802 5206 desperata
1851 5138 2072 5194 audacia

507 5231 652 5295 (reti,
690 5230 754 5283 ad
779 5230 960 5285 omnia
987 5229 1297 5298 turpissima
1321 5230 1587 5283 acerrime
1613 5228 1903 5298 ctjuvcuili
1928 5244 2078 5284 more

502 5319 930 5393 brogredientur.
968 5318 1156 5375 Postea
1222 5322 1353 5374 dicit
1392 5338 1406 5375 :
1439 5320 1699 5374 Comedet
1761 5321 1903 5375 enim
1956 5319 2073 5373 Ma-

494 5431 688 5472 :iasscs
732 5414 1010 5484 Ephraim,
1038 5423 1093 5469 et
1127 5413 1385 5483 Epitraim
1434 5415 1757 5470 Manassen).
1817 5414 2072 5482 Epitraim

496 5518 633 5562 vero
665 5518 722 5564 et
765 5504 1046 5560 Manasses
1095 5505 1322 5560 fuerunt
1348 5508 1453 5562 duo
1505 5505 1724 5573 fratres,
1758 5518 1812 5560 et
1857 5506 1948 5559 tilii
1983 5503 2076 5560 Jo-

493 5602 653 5669 st’plt.
679 5601 747 5654 At
769 5614 943 5669 neque
966 5601 1108 5657 inter
1139 5602 1417 5670 sanguinis
1445 5602 1709 5657 cbaritate
1733 5601 2074 5669 coniunctos,

499 5692 697 5759 inquit,
747 5702 941 5745 natura
988 5692 1103 5762 ipsa
1150 5703 1276 5749 tunc
1326 5709 1509 5764 pacem
1560 5695 1855 5750 constituet
1883 5707 1896 5745 :
1928 5693 2075 5761 leges

499 5777 986 5848 consanguinitatis
1025 5780 1213 5837 inanes
1261 5795 1419 5838 erunt
1478 5794 1532 5838 ct
1592 5784 1777 5838 irritm.
1838 5783 2072 5851 δύνει-ιιι

2180 4603 2274 4655 καὶ
2308 4601 2633 4673 ἀγριόθυμοι
2687 4603 2887 4664 πάντες
2926 4602 3141 4655 ἔσονται
3192 4601 3309 4653 κατ’
3350 4595 3618 4667 ἀλλήλων,
3667 4596 3766 4649 καὶ

2179 4692 2385 4763 θηρίων
2417 4692 2571 4763 δίκην
2627 4692 2770 4762 λιμῷ
2802 4692 3157 4763 τεθηγμένων
3213 4691 3292 4752 είς
3338 4686 3637 4757 ἀγριότητα
3663 4684 3763 4755 τὴν

2178 4783 2320 4837 κατά
2344 4797 2525 4836 τινων⁶
2567 4782 2907 4836 ἐκκλινοῦσιν
2938 4785 3015 4845 εἰς
3047 4786 3113 4834 τέι
3169 4777 3338 4846 δεξιὰ,
3373 4776 3466 4830 καὶ
3498 4775 3761 4843 φάγονται

2176 4879 2241 4930 ἐκ
2267 4874 2377 4930 τῶν
2407 4876 2728 4947 ἀριστερῶν·
2760 4874 2905 4927 τοῦτ’
2930 4874 3099 4938 ἐστιν,
3150 4872 3272 4944 τῇδε
3324 4868 3548 4924 κάκεῖσε
3603 4885 3761 4938 περι-

2179 4969 2604 5040 στραφήσονται,
2645 4966 3042 5028 καταδακόντες
3071 4965 3197 5027 τοὺς
3215 4967 3279 5018 ἐκ
3297 4963 3508 5029 δεξιῶν,
3549 4965 3675 5025 τοὺς
3704 4962 3761 5027 ἐξ

2174 5060 2498 5131 εὐωνύμων,
2566 5059 2869 5129 φειδόμενοί
2929 5074 2989 5110 τε
3046 5056 3312 5128 μηδαμῶς
3360 5056 3605 5118 οὐδενὸς,
3669 5054 3762 5107 καὶ

2176 5155 2471 5224 ἀκόρεστον
2493 5150 2709 5221 ἔχοντες
2740 5152 2840 5218 τῆς
2886 5152 3005 5204 κατ’
3037 5150 3281 5219 ἀλλήλων
3313 5148 3499 5216 ἐφόδου
3533 5148 3625 5199 τὸν
3662 5145 3759 5198 πό-

2178 5246 2289 5301 θον.
2320 5243 2397 5298 Οὐ
2436 5243 2545 5313 γὰρ
2584 5244 2658 5313 μὴ
2686 5241 2972 5313 ἐμπλησθῇ
2994 5280 3009 5302 ,
3030 5242 3213 5312 φησιν.
3250 5239 3533 5308 ἄνθρωπος
3568 5236 3760 5292 ἐσθίων

2178 5338 2276 5398 τὰς
2332 5335 2542 5407 σάρκας
2598 5333 2691 5386 τοῦ
2744 5334 3025 5404 βραχίονος
3098 5331 3288 5385 αὑτοῦ.
3340 5332 3405 5382 Ὢ
3454 5328 3757 5399 παραδόξου

2179 5424 2537 5497 πράγματοςι
2597 5424 2732 5479 Οὑδέ
2780 5422 2987 5477 ἑαυτῶν
3037 5423 3334 5492 φείσονται,
3385 5420 3572 5491 φησιν,
3600 5420 3677 5482 ὡς
3705 5418 3761 5482 ἐξ

2179 5517 2418 5587 ἀκράτου
2461 5514 2679 5585 μανίας.
2728 5514 3130 5583 Ἀπεγνωκὸτες
3157 5514 3267 5586 γὰρ
3298 5510 3455 5576 ἅπαξ
3481 5511 3613 5582 πρὸς
3655 5512 3757 5563 πᾶν

2177 5607 2355 5662 ὁτιοῦν
2377 5605 2484 5659 τῶν
2511 5607 2903 5661 ἐκτοπωτάτων
2950 5605 3257 5677 βαδιοῦνται
3309 5603 3592 5664 νεανικῶς.
3624 5598 3758 5655 Εἷτά

2182 5716 2366 5769 φησιν,
2399 5700 2480 5752 ὃτι
2508 5698 2745 5767 Φάγεται
2774 5698 2882 5768 γὰρ
2921 5697 3220 5768 Μανασσῆς
3240 5695 3336 5749 τοῦ
3362 5692 3624 5765 Ἐφραῖμ,
3663 5692 3758 5746 καὶ

2194 5788 2432 5858 Ῥἶφραῒμ
2467 5788 2556 5840 τοῦ
2590 5789 2878 5857 Μανασσῆ.
2922 5787 3165 5859 Ἑφραῖμ
3202 5787 3257 5842 δὲ
3312 5786 3405 5840 καὶ
3462 5784 3757 5851 Μανασσῆς
