4016 6466
494 349 601 406 2⁸19
1582 368 1858 427 CYRILLI
1896 372 2370 434 ALEXANDRINI
2409 381 2727 442 ARCHIEP.

496 477 553 522 ct
596 466 875 587 eAripere'ut
912 472 1002 544 jus
1063 480 1407 549 pauperibus,
1439 497 1501 539 ac
1540 488 1843 557 orphanum
1903 491 2066 546 veluti

2171 498 2473 565 φαίνοντες,
2497 499 2586 555 ἵνα
2606 504 2782 573 χήραν
2802 506 3048 571 ἀδικῶσι,
3074 511 3170 566 καὶ
3195 512 3485 584 άρπάζωσι
3508 516 3757 587 κρίματα

497 560 997 677 ριαιάοιζιέιῑιιυειη
1023 568 1289 627 ditescere
1325 572 1637 634 volentibus
1670 577 1828 634 facile
1851 584 2069 651 exposi-

2177 591 2447 660 πενήτων,
2480 594 2573 647 καὶ
2622 560 2734 659 τοῖς
2785 598 2851 652 ἐκ
2898 599 3210 669 πλεονεξίας
3234 560 3428 670 ζιακδϊς
3472 560 3761 677 ὐπιάγτωσιν

498 657 608 750 tam
640 651 1114 765 subjicefep’t..At,
1151 659 1346 729 inquit,
1378 663 1490 731 isti,
1517 667 1648 735 quid
1679 667 1881 724 facient
1908 670 1963 724 in
1984 672 2069 728 die

2173 651 2445 751 ὀρφανὸν,
2464 684 2679 740 καθάπε
2687 651 2857 758 ργτινὰ

3656 400 3763 458 280
3879 354 3891 371 ι

495 737 865 797 visitationis?
907 743 1247 806 Visitationis
1296 763 1479 809 autem
1541 756 1683 813 diem
1736 769 1895 816 vocat
1948 762 2071 818 belli

497 836 730 899 tempus,
770 847 877 903 quo
911 835 1149 907 inspexit
1179 840 1325 899 Deus
1368 846 1671 904 scribentes
1708 851 2070 921 iniquitatem,

495 925 729 1013 et-recta
761 922 897 995 legis
920 926 1127 997 judicia
1163 932 1573 1005 detorquentes.
1602 937 1733 1005 Quae
1767 942 1910 995 enim
1941 957 2072 1013 opes

493 1006 648 1068 vobis
683 1015 1140 1087 opitulabuntur?
1175 1024 1373 1096 inquit.
1437 1028 1685 1097 Quonam
1737 1045 1898 1106 pacto
1943 1006 2072 1092 con-

493 1115 840 1177 gregatarum
878 1125 909 1165 a
952 1114 1108 1172 vobis
1136 1132 1315 1174 rerum
1355 1136 1423 1176 ex
1464 1126 1687 1181 avaritia
1731 1130 2072 1185 coacervatio

489 1196 741 1291 juvabit?
771 1200 1031 1272 Iniuriam
1084 1206 1311 1275 fecistis,
1343 1217 1665 1285 corrupistis
1701 1217 1896 1290 legem,
1941 1236 2070 1291 pro-

494 1288 757 1382 culcastis
805 1298 1093 1355 consilium
1152 1300 1475 1374 legislatoris
1506 1309 1654 1378 :jam
1697 1288 1805 1382 quo
1852 1288 2069 1371 tandem

494 1380 777 1475 evadetisi
807 1387 935 1457 quid
983 1390 1147 1447 etiam
1196 1395 1384 1465 agetis,
1436 1406 1531 1453 aut
1574 1380 2067 1475 quid'loquemini,

495 1486 605 1539 quo
651 1471 921 1547 eﬂ'ugiatis
960 1482 1103 1538 diem
1174 1485 1545 1546 visitatiouis?
1579 1471 1832 1553 Aﬂlicliov
1868 1471 2068 1554 etenim

496 1562 651 1620 vobis
695 1580 725 1621 a
767 1566 927 1641 longe
952 1575 1151 1630 veniet.
1182 1575 1504 1650 Pugnabant
1539 1583 1737 1655 quippe
1761 1584 1934 1644 Judaei
1965 1604 2072 1645 sae-

497 1668 793 1753 penumero
808 1661 1068 1722 adversus
1090 1671 1308 1726 accolas
1324 1683 1534 1742 gentes,
1561 1675 1827 1736 Idumaeos
1849 1681 2068 1753 inquam

2173 773 2286 823 τεῖν
2342 773 2576 844 ἐτοίμως
2620 779 3098 851 παρερριμμένην.
3155 781 3293 835 Ἀλλ’
3317 776 3485 850 οὗτοι,
3520 785 3674 856 φησὶ,
3705 787 3758 838 τί

2173 863 2491 932 ποιήσουσιν
2517 866 2576 919 ἐν
2607 870 2676 939 τῇ
2706 868 2890 940 ἡμέρᾳ
2918 872 3018 941 τῆς
3041 871 3379 944 ἐπισκοπῆς;
3420 874 3758 945 Ἐπισκοπῆς

2170 952 2231 1006 δέ
2264 971 2428 1025 φησιν
2472 956 2705 1028 ἡμέραν,
2746 958 2837 1013 τὸν
2875 960 2969 1014 τοῦ
3017 962 3253 1033 πολέμου
3295 965 3509 1037 καιρὸν,
3541 966 3664 1020 καθ’
3695 966 3757 1021 δν

2173 1046 2515 1116 ἐπεσκέψατο
2539 1048 2672 1113 Θεὸς
2707 1052 2833 1114 τοὺς
2860 1053 3172 1123 γράφοντας
3214 1055 3504 1127 πονηρίαν,
3540 1057 3635 1111 καὶ
3684 1058 3755 1111 τὰ

2171 1137 2306 1209 ὀρθὰ
2353 1139 2447 1192 τοῦ
2481 1140 2646 1211 νόμου
2680 1142 2927 1213 κρίματα
2968 1143 3409 1217 διαστρέφοντας.
3454 1147 3615 1210 Ποῖος
3641 1146 3752 1219 7&9

2173 1230 2303 1300 ὑμῖν
2332 1230 2561 1295 πλοῦτος
2589 1231 2865 1303 βοηθήσει,
2898 1235 3063 1305 φησίν
3086 1251 3100 1301 ;
3142 1237 3361 1307 ’θνήσει
3384 1236 3443 1291 δέ
3469 1237 3612 1291 κατὰ
3631 1238 3752 1292 τίνα

2170 1321 2370 1393 τρόπον
2418 1322 2530 1375 τῶν
2586 1325 2651 1377 ἐκ
2703 1324 3018 1391 πλεονεξίας
3062 1327 3192 1398 ὑμῖν
3237 1328 3665 1399 συνειλεγμένων
3715 1331 3749 1400 ή

2171 1409 2457 1486 άθροισιςξ
2496 1415 2843 1488 Ἦδικήσατε,
2874 1418 3267 1492 κατεφθείρατε
3290 1420 3476 1492 νόμον,
3503 1422 3750 1493 πεπατή-

2172 1525 2304 1561 κατε
2328 1509 2421 1563 τὸν
2461 1508 2556 1562 τοῦ
2590 1510 2882 1581 νομοθέτου
2910 1512 3131 1567 σκοπόν.
3159 1508 3295 1567 Εἶτα
3322 1514 3444 1567 ὅποι
3479 1514 3611 1568 ποτὲ
3649 1513 3749 1584 βαι

2169 1599 2390 1667 διεῖσθε;
2418 1599 2472 1654 τί
2510 1600 2569 1655 δὲ
2612 1602 2705 1656 καὶ
2737 1601 2969 1673 δρῶντες
3001 1602 3034 1674 ἢ
3076 1603 3346 1672 λέγοντες,
3395 1602 3749 1674 διαφεύξεσθε

2168 1690 2269 1762 τὴν
2313 1691 2529 1763 ἡμέραν
2580 1691 2679 1763 τῆς
2727 1694 3062 1765 ἐπισκοπῆς;
3132 1693 3198 1748 Ἦ
3244 1694 3353 1766 7&9
3398 1695 3578 1766 θλίψις
3621 1696 3750 1764 ὑμῖν

571 1744 850 1819 Elamitas,
880 1762 935 1810 et
960 1754 1239 1827 Moabitas,
1275 1771 1331 1817 et
1363 1761 1551 1836 Syros,
1588 1776 1641 1824 et
1673 1769 1765 1841 qui
1794 1744 2066 1830 Philistini

2173 1744 2454 1859 πὲρριξίθεζι
2482 1744 3064 1860 ἥξειὲὲιῷιξοιέξέὶέᾆ
3089 1744 3199 1861 γιῇ
3221 1744 3750 1844 νίοῦἓαξιζζιᾲὲιᾷἑιζ

493 1839 748 1900 dicuntur
776 1862 795 1901 :
823 1850 1114 1921 evenitque
1143 1862 1205 1909 ut
1243 1855 1430 1912 multis
1468 1839 1742 1929 meliores,
1770 1878 1835 1919 ac
1866 1865 1916 1919 in
1969 1880 2067 1932 pu-
2100 1852 2141 1907 Β

490 1935 940 2023 gnasuperiores
980 1941 1314 2018 viderentur.
1348 1944 1456 2001 Sed
1502 1964 1670 2014 nunc,
1737 1952 1942 2023 inquit,
1986 1953 2066 2008 af-

492 2022 659 2079 ﬂictio
691 2036 873 2083 vestra
921 2032 1111 2100 procul
1158 2035 1361 2104 veniet,
1406 2037 1560 2108 171
1596 2040 1649 2095 id
1691 2022 1933 2107 est,rnon
1973 2047 2067 2099 ad-

490 2128 682 2172 versus
707 2116 970 2178 ldumaaos
991 2123 1142 2180 vobis
1179 2136 1456 2182 certamen
1478 2131 1602 2196 erit,
1644 2148 1751 2187 non
1778 2134 2063 2191 adversum

490 2202 753 2265 Moabitae
802 2210 1022 2279 bellum,
1057 2216 1153 2270 sed
1193 2231 1296 2273 nec
1345 2221 1608 2277 adversus
1650 2224 1789 2280 ullos
1828 2227 2062 2295 accolas,

487 2313 626 2368 quos
667 2299 957 2372 aliquando
1000 2308 1312 2379 subegistis,
1353 2322 1407 2365 et
1458 2328 1523 2368 ex
1576 2315 1762 2386 prmlio
1804 2316 2063 2387 majorem

489 2389 703 2450 laudem
737 2397 1254 2467 consecuti,corona
1281 2406 1617 2462 nobilissima
1643 2410 1876 2466 redimiti
1908 2412 2061 2466 estis:

488 2484 582 2539 sed
636 2499 781 2543 nunc
802 2489 957 2546 vobis
999 2491 1218 2550 aillictio
1249 2497 1433 2567 procul
1486 2502 1684 2556 veniet.
1716 2494 1937 2558 Videtur
1964 2521 2061 2557 au-

491 2587 597 2633 tem
646 2579 771 2635 hinc
797 2581 883 2638 vel
914 2585 1265 2658 Assyriorum
1307 2590 1700 2661 incursionem,
1739 2594 2065 2652 vel-Roma-

486 2682 679 2725 norum
729 2672 1096 2734 subindicare.
1131 2678 1264 2735 Nam
1299 2690 1355 2736 et
1386 2683 1438 2737 bl
1479 2693 1535 2737 et
1568 2683 1643 2738 illi
1697 2699 1727 2740 e
1772 2684 2065 2755 longinquo

489 2772 771 2822 venerunt.
786 2764 1139 2825 lncumbente
1175 2788 1303 2827 vero
1340 2774 1654 2843 afﬂictione,
1674 2776 1765 2831 ubi
1794 2776 2066 2848 relinque-

488 2855 558 2909 tis
584 2864 823 2912 vestram
874 2859 1125 2930 gloriam,
1161 2874 1221 2919 ut
1253 2880 1361 2921 non
1400 2867 1653 2923 incidatis
1687 2869 1740 2922 in
1784 2868 2065 2925 abductio-

485 2952 649 3007 nem?
682 2949 947 3024 Fregistis
989 2956 1157 3021 enim,
1188 2958 1384 3028 inquit,
1418 2974 1561 3030 saepe
1586 2962 1791 3029 hostes,
1816 2970 1872 3017 et
1910 2962 2065 3016 inva-

486 3045 739 3101 thlllibllS
793 3046 1095 3114 restitistis,
1120 3064 1187 3104 ac
1226 3052 1389 3107 urbes
1447 3063 1501 3107 et
1572 3055 1822 3124 regiones
1854 3065 2064 3110 vestras

487 3143 895 3200 conservastis:
929 3160 1075 3201 nunc
1115 3160 1296 3204 autem
1324 3150 1550 3222 gloriam
1592 3152 1750 3207 istam
1778 3152 1867 3207 ubi
1895 3152 2061 3209 relin-

485 3237 701 3305 quetis?
722 3237 943 3297 Cadetis
971 3241 1115 3297 enim
1149 3216 1359 3311 omnes:
1393 3245 1734 3311 fortitudine,
1766 3261 1886 3317 qua:
1919 3260 2063 3315 saepe
2088 3216 2133 3275 ο

486 3338 673 3384 contra
717 3332 855 3388 alios
897 3333 1080 3403 valuit,
1110 3336 1258 3394 nullo
1298 3340 1457 3395 modo
1505 3354 1601 3396 vos
1642 3340 1888 3410 iuvante.
1923 3339 2063 3408 Quid

486 3420 632 3474 enim
662 3420 873 3478 facietis
907 3434 966 3477 ut
996 3439 1101 3480 non
1125 3418 1395 3484 'incidatis
1426 3430 1476 3484 in
1509 3428 1928 3484 abductionem?
1952 3429 2062 3483 Ah-

486 3513 795 3569 dnctionem
829 3525 1003 3581 vocat,
1028 3516 1227 3573 illatam
1258 3520 1388 3591 ipsis
1414 3520 1483 3575 ab
1507 3523 1587 3576 ira
1612 3521 1817 3585 divina,
1837 3531 1893 3577 et
1918 3522 2066 3578 belli-

486 3616 603 3657 cam
626 3603 1010 3669 calamitatem.
1031 3607 1141 3664 Deo
1163 3611 1416 3666 nimirum
1442 3610 1730 3675 inducente
1750 3611 2066 3681 delinquon-

487 3695 631 3751 tibus
664 3701 1012 3770 pmnas,quis
1033 3703 1276 3757 avertet?
1293 3703 1398 3757 Aut
1422 3718 1525 3773 qua
1552 3704 1762 3759 ratione
1783 3703 1875 3773 qui
1893 3718 2066 3774 paena:

487 3798 541 3842 et
579 3788 844 3859 supplicio
875 3791 1094 3848 obnoxii
1144 3803 1302 3858 sunt,
1338 3794 1713 3863 juvabuntur?
1758 3793 1925 3850 nulla.
1965 3793 2064 3849 Et-

486 3883 630 3937 enim
655 3894 711 3939 et
739 3884 953 3943 divinus
981 3886 1149 3942 David
1180 3888 1367 3956 psallit
1398 3888 1621 3944 dicens:
1663 3905 1683 3939 ι
1714 3885 1960 3953 Domine,
1998 3904 2065 3943 ne

492 3976 544 4029 in
577 3975 760 4033 furore
789 3986 882 4031 tuo
913 3993 1112 4050 arguas
1136 3994 1241 4045 me,
1276 3993 1451 4048 neque
1488 3977 1541 4031 in
1575 3978 1654 4032 ira
1687 3986 1779 4033 tua
1803 3978 2066 4048 corripias

488 4069 658 4125 me".
691 4091 710 4125 ι
747 4072 814 4126 Ει
847 4087 1036 4127 rursus
1069 4089 1083 4125 :
1127 4091 1145 4123 ι
1173 4070 1252 4126 Τυ
1277 4086 1338 4128 es
1378 4071 1658 4137 terribilis,
1689 4081 1744 4128 et
1768 4072 1890 4142 quis
1926 4071 2062 4127 resi-

486 4172 595 4217 stet
628 4164 765 4221 tibi?
794 4177 860 4219 ex
900 4172 1026 4220 tunc
1064 4162 1146 4217 ira
1191 4173 1279 4219 tua
1321 4162 1387 4219 ¹⁶.
1417 4182 1436 4215 ι
1472 4164 1773 4220 Amolietur
1800 4163 2064 4234 siquidem

485 4254 722 4314 divinam
763 4255 903 4311 iram
955 4269 1132 4312 nemo.
1163 4258 1228 4312 At
1272 4270 1392 4312 eam
1434 4258 1590 4326 quasi
1637 4255 1845 4313 emollit
1892 4255 2066 4326 paeni-

486 4348 656 4403 tentia
691 4364 708 4402 :
746 4348 894 4416 imo,
941 4365 1009 4405 ne
1045 4350 1318 4422 quatietur
1367 4350 1585 4421 quidem
1632 4365 1858 4420 prorsus
1900 4349 2068 4419 impe-

489 4443 653 4507 rium,
694 4444 739 4499 si
769 4444 891 4512 quis
936 4442 1067 4499 velit
1130 4454 1276 4501 recte
1333 4453 1390 4500 et
1423 4444 1663 4518 legitime
1689 4455 1745 4500 et
1765 4443 2064 4499 secundum

487 4533 829 4589 oraculorum
861 4533 980 4605 ejus
1001 4536 1193 4605 placita
1229 4535 1431 4591 vivere.
1827 4569 1844 4583 -

2169 1897 2256 1943 κις
2282 1878 2420 1951 πρὸς
2446 1877 2515 1933 τά
2545 1879 2797 1952 περίοικα
2826 1879 2935 1933 τῶν
2966 1879 3506 1951 ἐθνῶν,Ἰδουμαίους
3523 1879 3586 1935 τέ
3606 1897 3751 1951 φημι

2168 1973 2264 2026 καὶ
2304 1971 2617 2043 Ἐλαμίτας,
2669 1972 2997 2038 Μωαϐίτας,
3053 1974 3149 2027 καὶ
3192 1971 3396 2045 Σύρους
3421 2013 3435 2037 ,
3485 1971 3582 2027 καὶ
3621 1971 3753 2035 τοὺς

2170 2063 2537 2132 καλουμένους
2565 2064 2897 2136 Φιλιστιείμ·
2932 2064 3213 2118 συνέϐαινε
3246 2065 3303 2119 δὲ
3352 2064 3445 2118 καὶ
3492 2062 3750 2134 ἀμείνους

2166 2152 2395 2225 ὁρᾶσθαι
2447 2153 2659 2207 πολλῶν
2699 2153 3034 2226 κρατοῦντας
3066 2157 3124 2209 ἐν
3175 2156 3395 2226 μάχαις.
3442 2153 3603 2207 Ἀλλὰ
3630 2151 3747 2215 νῦν,

2170 2246 2357 2317 φησὶν,
2390 2247 2425 2316 ή
2452 2243 2632 2316 θλίψις
2650 2247 2780 2316 ὑμῖν
2810 2245 3093 2320 πόρρωθεν
3119 2244 3260 2317 ἥξει·
3291 2245 3436 2299 τοῦτ’
3470 2244 3640 2308 ἐστιν,
3669 2243 3751 2298 Οὐ

2171 2338 2306 2412 πρὸς
2341 2336 2675 2408 Ἰδουμαίους
2702 2338 2832 2409 ὑμῖν
2859 2339 2894 2410 ἡ
2926 2339 3102 2409 μάχη,
3146 2338 3206 2392 οὒ
3235 2337 3372 2410 πρὸς
3398 2335 3699 2399 Μωαϐίτας
3723 2338 3755 2389 ὁ

2169 2429 2404 2499 πόλεμος
2423 2445 2435 2458 ·
2469 2429 2585 2483 ἀλλ’
2617 2429 2737 2484 οὐδέ
2762 2430 2900 2502 πρός
2928 2447 3081 2495 τινας
3112 2429 3223 2483 τῶν
3253 2430 3489 2503 ὁμόρων,
3524 2422 3602 2483 ὧν
3634 2426 3753 2481 ἐσθ’

2166 2521 2256 2574 ὅτε
2309 2522 2402 2575 καὶ
2433 2523 2840 2594 κεκρατήκατε,
2879 2522 2975 2576 καὶ
2995 2523 3095 2595 τὴν
3127 2523 3337 2594 ἀμείνω
3363 2520 3621 2591 λαχόντες
3645 2519 3754 2590 ψῆ-

2167 2629 2265 2682 φον
2293 2614 2350 2667 ἐν
2379 2613 2528 2685 μάχῃ
2556 2612 2647 2666 τὸν
2673 2614 2773 2683 τῆς
2804 2612 3055 2678 εὐκλείας
3082 2611 3415 2685 άνεδήσασθε
3445 2611 3709 2681 στέφανον
3733 2626 3748 2641 ·

2166 2704 2305 2760 ἀλλὰ
2329 2704 2426 2760 νῦν
2451 2705 2582 2777 ὑμῖν
2614 2708 2647 2779 ή
2686 2705 2864 2776 θλίψις
2898 2704 3183 2779 πόρρωθεν
3210 2704 3546 2776 ἧξει.Ἕοικε
3576 2702 3635 2758 δέ
3660 2703 3754 2757 διὰ

2166 2797 2391 2862 τούτων,
2430 2800 2465 2870 ἢ
2490 2798 2602 2851 τῶν
2638 2799 2934 2869 Ἀσσυρίων
2963 2799 3062 2871 τὴν
3088 2798 3296 2869 ἐφοδον,
3324 2799 3493 2869 ἤγουν
3514 2796 3617 2868 τὴν
3639 2795 3753 2849 τῶν

2178 2889 2466 2961 Ῥωμαίων
2513 2890 2832 2962 ὑποδηλοῧν.
2879 2890 3166 2963 Πόρρωθεν
3200 2891 3311 2962 7&9
3342 2882 3491 2944 οὗτοί
3537 2906 3600 2943 τε
3651 2890 3753 2943 κά-

2166 2981 2354 3035 κεῖνοι.
2386 2980 2859 3051 Ἐπενηνεγμένης
2886 2981 2944 3034 δέ
2974 2980 3074 3051 τῆς
3103 2979 3354 3051 θλίψεως,
3381 2978 3480 3033 ποῦ
3504 2979 3749 3049 καταλή-

2164 3071 2295 3141 ψετε
2320 3070 2420 3141 τὴν
2447 3069 2656 3125 ἑαυτῶν
2684 3070 2862 3138 δόξαν,
2891 3070 2987 3124 τοῦ
3018 3070 3092 3142 μὴ
3121 3071 3380 3142 ἐμπεσεῖν
3402 3072 3480 3134 εἰς
3502 3070 3600 3140 τὴν
3625 3073 3755 3123 ἐπα-

2165 3166 2381 3238 γωγήν;
2410 3162 2856 3242 Κατηνδρίσασθε
2888 3163 2987 3234 μὲν
3009 3163 3120 3236 γάρ
3152 3162 3427 3227 πολλάκις,
3467 3162 3621 3233 φησὶ,
3644 3159 3754 3214 τῶν

2164 3256 2399 3330 ἐχθρῶν,
2434 3258 2669 3321 καὶτοῖς
2692 3255 2936 3310 ἐπιοῦσιν
2974 3254 3422 3325 ἀντανιστάμενοι
3473 3252 3753 3306 σεσώκατε

2164 3349 2264 3413 τὰς
2291 3350 2421 3421 παρ’
2450 3349 2580 3420 ὑμῖν
2612 3348 2796 3412 πόλεις
2830 3366 2889 3402 τε
2916 3346 3010 3401 καὶ
3052 3345 3255 3418 χώρας.
3282 3345 3421 3399 Νυνὶ
3449 3345 3506 3399 δὲ
3527 3345 3630 3415 τὴν
3659 3345 3753 3399 ἐπὶ

2164 3439 2339 3512 τούτῳ
2365 3437 2529 3504 δόξαν
2581 3438 2684 3493 ποῦ
2709 3439 3083 3508 καταλήψετες
3114 3435 3369 3490 πεσεῖσθε
3391 3434 3501 3507 γὰρ
3526 3435 3752 3497 πάντες,

2166 3534 2286 3586 κατ’
2313 3532 2504 3586 οὐδένα
2547 3533 2750 3604 τρόπον
2778 3529 3094 3601 ὠφελούσης
3125 3530 3270 3600 ὑμᾶς
3316 3529 3415 3600 τῆς
3460 3527 3602 3583 κατὰ
3641 3526 3754 3579 τῶν

2166 3626 2369 3697 ἐτέρων
2405 3625 2711 3699 εὐανδρίας.
2742 3624 2805 3676 Τί
2829 3622 2939 3695 7&9
2976 3623 3228 3693 ποιήσετε
3254 3621 3349 3675 τοῦ
3385 3620 3460 3693 μὴ
3488 3620 3754 3691 ἐμπεσεῖν

2165 3719 2245 3783 εἰς
2267 3704 2595 3787 ἐπαγώγήν;
2634 3716 2958 3787 Ἐπαγωγὴν
2980 3715 3039 3769 δέ
3073 3731 3228 3785 φησι,
3246 3713 3346 3785 τὴν
3368 3712 3755 3783 ἐπενεχθεῖσαν

2165 3808 2350 3871 αὐτοῖς
2377 3806 2453 3870 ὡς
2481 3805 2589 3860 ἀπό
2620 3823 2683 3875 γε
2722 3806 2823 3875 τῆς
2849 3804 2997 3870 θείας
3027 3804 3220 3877 ὀργῆς,
3247 3805 3344 3858 καὶ
3393 3802 3492 3875 τὴν
3540 3803 3606 3855 ἐκ
3654 3798 3753 3854 τοῦ

2165 3898 2406 3970 πολέμου
2447 3897 2754 3970 συμφοράν.
2794 3896 2931 3951 Θεοῦ
2957 3897 3065 3969 7&9
3096 3896 3393 3965 ἐπάγοντος
3428 3894 3542 3958 τοῖς
3566 3892 3757 3963 πλημ-

2169 3991 2391 4062 μελοῦσι
2418 3991 2515 4055 τὰς
2542 3991 2700 4054 δίκας
2727 3989 2812 4054 τίς
2834 3989 2863 4042 ὀ
2891 3988 3281 4061 άποστρέψωνς
3316 3988 3350 4060 ἢ
3375 3989 3524 4051 ποῖος
3548 3986 3615 4041 ἂν
3638 3989 3757 4050 τοῖς

2166 4083 2270 4137 ὑπὸ
2320 4081 2511 4153 ποινὴν
2556 4082 2651 4137 καὶ
2698 4081 2921 4137 κόλασιν
2963 4081 3316 4153 ἐπικουρήσει
3367 4079 3601 4151 τρόπος;
3653 4078 3758 4131 οὐκ

2166 4173 2311 4229 ἐστιν
2336 4171 2534 4235 οθδείς.
2561 4171 2851 4242 Τοιγάρτοι
2881 4171 2974 4225 καὶ
3003 4172 3031 4224 ό
3058 4170 3348 4234 θεσπέσιος
3374 4167 3539 4223 Δαϐὶδ
3559 4166 3757 4237 ψάλλει

2166 4262 2260 4319 καί
2307 4278 2499 4334 φησιν·
2539 4281 2557 4314 ι
2586 4261 2780 4333 Κύριε,
2816 4259 2890 4333 μὴ
2936 4258 3015 4330 τῷ
3058 4258 3217 4331 θυμῷ
3262 4275 3356 4312 σου
3404 4255 3631 4326 ἐλέγξῃς
3663 4270 3757 4324 με,

2169 4352 2305 4424 μηδέ
2338 4353 2406 4424 τῇ
2453 4351 2592 4423 ὀργῇ
2623 4366 2718 4404 σου
2749 4349 3045 4420 παιδεύσῃς
3073 4365 3161 4419 με.
3196 4368 3214 4401 δ
3254 4347 3366 4402 Καὶ
3392 4345 3588 4399 πάλιν·
3628 4362 3646 4394 ι
3680 4342 3758 4395 Σὺ

2167 4442 2396 4514 φοϐερὸς
2443 4439 2512 4503 εἶ,
2542 4441 2635 4495 καί
2681 4441 2766 4505 τίς
2810 4440 3194 4511 ἀντιστήσεταί
3227 4455 3343 4503 σοις
3381 4437 3521 4491 Ἀπὸ
3548 4434 3674 4488 τότε
3723 4435 3759 4502 ἠ

2166 4534 2303 4603 ὀργὴ
2362 4549 2478 4587 σου.
2514 4552 2532 4584 ι
2572 4531 2931 4603 ’Δποστρέψει
2980 4531 3078 4602 μὲν
3129 4526 3221 4586 οὗν
3264 4529 3442 4591 οὐδεὶς
3472 4528 3572 4596 τὴν
3605 4524 3759 4577 θείαν

487 4631 677 4701 ὀργήν.
705 4630 1132 4703 Καταμαλάσσει
1156 4630 1214 4687 δέ
1236 4630 1427 4702 ῶσπερ
1448 4631 1670 4703 αὐτὴνή
1698 4628 2060 4700 μετάγνωσις·
2104 4625 2306 4697 μᾶλλον
2355 4625 2413 4679 δὲ
2455 4626 2564 4680 οὐδ’
2631 4628 2700 4680 ἂν
2740 4626 2876 4689 ὅλως
2942 4606 3218 4679 σαλεύοιτο
3248 4624 3346 4696 τὴν
3372 4623 3570 4696 ἀρχὴν,
3606 4622 3657 4675 εί
3692 4618 3761 4689 δή

474 4723 638 4795 βιοῦν
677 4722 849 4778 ἐθέλοι
887 4740 972 4788 τις
1004 4723 1182 4796 ὀρθῶς
1207 4724 1302 4778 καί
1334 4723 1595 4794 ἐννόμως,
1624 4721 1718 4774 καὶ
1750 4720 1891 4773 κατά
1919 4735 1981 4786 γε
2009 4716 2069 4771 τὸ
2104 4714 2294 4771 δοκοῦν
2320 4718 2431 4780 τοῖς
2462 4717 2593 4787 παρ’
2616 4715 2780 4770 αὑτοῦ
2811 4715 3193 4785 θεσπίσμασιν.

532 4813 724 4871 'Vttns.
752 4814 993 4870 5-10.1n
1023 4815 1260 4870 omnibus
1297 4815 1380 4869 his
1407 4829 1510 4868 non
1540 4828 1754 4866 aversus
1784 4820 1860 4866 est
1889 4811 2060 4880 furor,

2251 4807 2380 4863 Ἐπὶ
2426 4809 2659 4875 τούτοις
2707 4804 2899 4863 πᾶσιν
2935 4809 3048 4862 οὐκ
3088 4806 3445 4877 ἀπεστράφη
3475 4809 3511 4861 δ
3543 4807 3756 4877 θυμὸς,

488 4911 580 4965 sed
599 4910 885 4963 etiamnum
924 4924 1113 4963 manus
1136 4907 1362 4963 excelsa.
1410 4903 1498 4960 γω
1519 4903 1771 4974 Assyriis,
1797 4903 1944 4973 uirga
1977 4902 2069 4973 fu-

490 5002 625 5057 roris
666 5004 788 5066 mei,
815 5010 863 5054 et
898 5001 979 5055 ira
1009 5009 1083 5055 est
1121 4999 1178 5053 in
1201 4998 1445 5052 manibus
1477 5012 1679 5050 eorum.
1714 4993 1864 5049 Iram
1898 5010 2069 5050 meam

474 5097 542 5148 in
569 5102 771 5165 gentem
791 5092 1026 5164 iniquam
1061 5091 1291 5155 mittam,
1331 5097 1382 5141 et
1407 5087 1600 5157 papula
1637 5103 1750 5141 meo
1774 5087 1980 5143 edicam
2009 5096 2069 5142 ut

488 5186 654 5252 faciat
683 5182 874 5253 spolia,
903 5194 951 5236 et
995 5182 1206 5248 prredas
1251 5188 1395 5248 agat,
1430 5189 1477 5232 et
1516 5180 1779 5233 conculcet
1814 5180 1985 5242 urbes,
2017 5188 2066 5232 et

491 5275 694 5345 redigat
725 5288 814 5328 eas
850 5288 906 5326 ιιι
940 5272 1220 5338 pulverem.
1260 5268 1381 5337 Ipse
1410 5280 1584 5322 autem
1625 5284 1728 5323 non
1755 5270 1833 5324 sic
1864 5270 2066 5341 cogita-

490 5367 581 5430 vit,
605 5377 652 5420 et
689 5363 866 5419 animo
903 5378 1006 5416 non
1034 5361 1108 5415 sic
1136 5361 1393 5430 reputavit
1421 5374 1436 5411 :
1471 5361 1558 5414 sed
1586 5361 1803 5415 mutabit
1833 5362 2067 5415 animum

450 5488 457 5496 ο
492 5470 668 5517 suum,
701 5459 757 5506 ut
796 5453 956 5505 etiam
995 5451 1264 5517 disperdat
1301 5459 1476 5520 gentes
1517 5466 1618 5504 non
1654 5467 1873 5519 paucas.
1914 5451 2067 5516 Quod

494 5549 537 5599 si
558 5544 789 5603 dixerint
814 5544 892 5598 ei:
923 5541 1001 5597 Tu
1016 5541 1159 5598 solus
1182 5559 1235 5596 es
1255 5544 1528 5616 princeps;
1548 5550 1598 5600 et
1619 5545 1789 5598 dicet:
1815 5544 1937 5599 Non
1958 5545 2069 5614 cepi

498 5638 757 5708 regionem
776 5651 892 5704 quia
925 5646 999 5692 est
1021 5650 1181 5705 supra
1213 5634 1553 5705 Babylonem,
1574 5645 1624 5692 et
1651 5636 1956 5707 Chalanem,
1981 5638 2070 5693 ubi

571 5791 614 5824 ¹¹⁵
651 5788 792 5855 Psal.
832 5802 907 5855 Vl,
947 5792 997 5846 1.
1074 5790 1116 5824 ¹¹
1148 5790 1285 5848 Psal.
1321 5807 1480 5857 Lxxv,
1515 5793 1565 5849 8.

2172 4900 2308 4954 ἀλλ’
2338 4897 2428 4953 ἔτι
2467 4901 2505 4968 ἡ
2543 4899 2670 4969 χεὶρ
2710 4897 2944 4967 ὑψηλή.
2975 4899 3121 4952 Οὐαὶ
3160 4897 3517 4966 Ἀσσυρίοις,
3564 4897 3605 4964 ή
3647 4896 3760 4965 ῥά-

2172 4991 2313 5061 ϐδος
2362 4993 2467 5048 τοῦ
2513 4993 2703 5063 θυμοῦ
2744 5009 2886 5062 μου,
2922 4993 3019 5046 καὶ
3058 4992 3097 5059 ἡ
3143 4990 3289 5061 ὀργή
3317 4990 3489 5045 ἐστιν
3519 4990 3589 5044 ὲν
3630 4990 3762 5057 ταῖς

2169 5086 2384 5156 χερσὶν
2413 5084 2632 5139 αὐτῶν.
2670 5084 2790 5152 Τὴν
2827 5085 3016 5154 ὀργήν
3042 5101 3162 5154 μου
3198 5086 3283 5148 εἰς
3317 5083 3491 5149 ἔθνος
3529 5081 3763 5152 ἄνομον

2169 5175 2508 5241 ἀποστελῶ,
2539 5176 2638 5232 καὶ
2660 5175 2740 5242 τῷ
2759 5175 2880 5246 ἐμῷ
2914 5174 3042 5241 λαῷ
3067 5173 3351 5237 συντὰξω
3372 5172 3483 5228 τοῦ
3505 5172 3761 5242 ποιῆσαι

2175 5269 2379 5323 σκύλα
2406 5267 2505 5322 καὶ
2537 5266 2868 5337 προνομὴν,
2887 5265 2983 5320 καὶ
3012 5263 3376 5319 καταπατεῖν
3396 5263 3502 5329 τὰς
3526 5265 3757 5325 πόλεις,

2177 5361 2276 5416 καὶ
2331 5360 2516 5415 θεῖναι
2560 5359 2747 5426 αὑτὰς
2790 5359 2872 5425 ὠς
2917 5358 3246 5427 κονιορτόν.
3291 5353 3485 5421 Αὐτὸς
3531 5352 3602 5406 δὲ
3643 5355 3760 5421 οὐχ

2174 5453 2363 5519 οὕτως
2389 5452 2746 5521 ἐνεθυμήθη,
2781 5450 2878 5504 καὶ
2915 5448 2990 5519 τῆ
3015 5446 3188 5518 ψυχῇ
3222 5449 3337 5516 οὐχ
3363 5446 3554 5511 οὕτως
3585 5442 3759 5498 λελό-

2175 5560 2398 5613 γισται·
2435 5541 2596 5598 ἀλλὰ
2641 5541 2982 5607 ἀπαλλάξει
3027 5545 3060 5595 ὁ
3104 5526 3250 5606 νοῢς
3283 5537 3491 5600 αὑτοῦ,
3522 5536 3620 5590 καὶ
3651 5532 3758 5587 τοῦ

2174 5635 2602 5705 ἐξολοθρεῦσαι
2637 5635 2781 5704 ἔθνη
2828 5637 2940 5689 οὐκ
2987 5635 3179 5704 ὀλίγα.
3219 5632 3329 5689 Καὶ
3369 5631 3478 5687 ἐὰν
3505 5630 3759 5683 εἴπωσιν
