4016 6514
305 375 414 434 281

1476 386 1541 442 IN
1585 386 1818 442 tSAlAM
1862 385 1988 440 LIB.
2037 387 2076 441 ι.
2119 357 2332 446 onL't'r.
2379 391 2465 448 Vl.

3513 389 3622 447 τις

301 488 496 556 αὐτῷ,
536 491 620 557 Σὺ
657 493 852 562 μόνος
891 491 948 548 εί
971 495 1190 566 ἄρχων,
1227 498 1324 552 καὶ
1358 499 1480 568 ἐρεῖ
1503 517 1515 530 ·
1556 504 1677 555 Οὐκ
1704 503 1918 556 ἔλαϐον

2027 504 2191 558 turris
2213 506 2479 573 wdiﬁcata
2520 518 2614 560 est.
2653 507 2773 574 Cepi
2807 506 3080 566 Arabiam.
3115 517 3162 560 rt
3196 503 3538 569 Damascum,
3567 518 3619 561 et

300 581 424 649 τὴν
463 583 682 652 χώραν
711 587 830 654 τὴν
857 587 1060 641 ἐπάνω
1105 590 1467 659 Βαϐυλῶνος
1511 594 1610 646 καὶ
1648 594 1919 662 Χαλὰνη,

296 675 372 733 οὗ
421 681 458 731 ό
511 680 752 750 πύργος
795 681 1456 750 ῲκοδομήθη.“Ελαϐον
1495 686 1773 755 Ἀραϐίαν
1823 689 1925 740 καὶ

299 771 662 838 Δαμασκὸν,
709 773 812 825 καὶ
861 776 1230 842 Σαμαρειάν;
1282 778 1394 830 Ὃν
1433 779 1659 845 τρόπον
1701 781 1923 845 ταύτας

307 864 554 930 ἔλαϐον,
585 865 691 933 καὶ
722 864 931 932 πάσας
960 867 1068 934 τὰς
1095 869 1290 938 χώρας
1313 870 1608 939 λήψομαι.

386 953 679 1025 Πανταχοῦ
727 956 833 1025 τῆς
881 957 1090 1022 οἰκείας
1135 959 1298 1030 δόξης
1340 962 1742 1032 πεφροντικότα
1787 963 1923 1018 Θεὸν

315 1045 650 1116 εὑρήσομεν.
682 1048 1053 1104 Χαλεπαίνειν
1087 1053 1186 1122 μὲν
1227 1051 1337 1123 γὰρ
1368 1055 1418 1106 εἰ
1457 1053 1520 1124 δή
1550 1071 1704 1117 τινας
1735 1053 1921 1124 βλέποι

311 1141 686 1209 καταφρονεῖν
733 1143 1050 1213 ᾑρημένους
1073 1184 1089 1209 ,
1137 1145 1233 1198 καὶ
1279 1145 1409 1216 παρ’
1447 1145 1598 1198 οὐδὲν
1649 1145 1922 1199 ποιεῖσθαι

310 1229 725 1297 σωδδάζοκιτας
747 1233 811 1286 τὸ
831 1229 980 1303 αὐτῷ
1009 1234 1224 1301 δοκοῦν,
1253 1237 1431 1289 πάντα
1453 1236 1511 1289 δὲ
1535 1235 1726 1306 ὥσπερ
1751 1253 1808 1289 σε
1817 1237 1921 1291 iov-

311 1341 406 1386 τας
438 1324 636 1388 κάλον,
661 1325 747 1389 εἷς
768 1342 833 1395 γε
859 1327 920 1380 τὸ
947 1326 1058 1380 δεῖν
1090 1327 1390 1381 ἀπονεῦσαι
1412 1327 1547 1398 πρὸς
1577 1328 1646 1381 τά
1670 1327 1918 1382 ἐκτοπώ-

305 1433 466 1470 τατα.
505 1415 844 1488 Ιιεριτρέπει
895 1419 952 1472 δὲ
999 1419 1128 1482 τοὺς
1175 1418 1449 1484 τοιούτους
1501 1421 1783 1491 μονονουχὶ
1824 1421 1919 1474 καὶ

303 1509 700 1581 ἀνασειράζων
750 1510 1043 1575 εὐσθενῶς,
1089 1513 1169 1574 είς
1214 1510 1276 1564 τὸ
1316 1514 1399 1566 ὅτι
1458 1513 1694 1583 μάλιστα
1729 1513 1919 1568 τελοῦν

305 1601 385 1664 εἰς
409 1601 606 1671 ὖνησιν
631 1603 842 1666 αὐτοῖς.
871 1601 1030 1656 Οὕτω
1054 1603 1164 1673 γάρ
1190 1603 1292 1657 πού
1317 1621 1448 1674 φησι
1471 1606 1564 1659 καὶ
1589 1607 1618 1658 ὁ
1647 1607 1918 1676 μακάριος

307 1695 474 1748 Δαδίδ
493 1713 507 1726 ο
550 1714 570 1747 ι
597 1697 690 1749 Ἐν
729 1696 936 1768 χαλινῷ
976 1698 1072 1750 καὶ
1103 1698 1162 1749 ἐν
1208 1695 1373 1767 κημῷ
1399 1696 1499 1761 τὰς
1531 1698 1785 1767 σιαγόνας
1818 1699 1916 1752 αύ-

311 1786 422 1838 τῶν
448 1786 656 1855 ἀγξαις
684 1788 797 1842 τῶν
844 1787 920 1860 μὴ
961 1787 1290 1858 ἐγγιζόντων
1336 1789 1474 1862 πρὸς
1516 1791 1599 1844 σέ.
1632 1791 1832 1844 Πολλαὶ
1859 1793 1916 1847 αἱ

306 1878 586 1947 μάστιγες
615 1879 714 1933 τοῦ
749 1879 1102 1952 ἀμαρτωλοῦ.
1132 1899 1152 1932 ι
1198 1881 1480 1954 Ἐπιφέρει
1513 1883 1569 1936 δέ
1591 1887 1706 1948 τοῖς
1733 1885 1916 1958 πλημ-

301 1968 540 2038 μελοῦσι
567 1971 668 2044 τὴν
698 1972 944 2036 κόλασιν,
969 1970 1082 2028 οἷόν
1105 1991 1225 2028 τινα
1251 1975 1448 2045 ῥάϐδον
1473 1977 1554 2040 είς
1575 1979 1766 2048 χεῖρας
1796 1981 1916 2032 ὲπι-

296 2059 486 2124 διδοὺς
537 2061 645 2132 τὴν
700 2061 851 2117 ίδίαν⁹
883 2063 1060 2134 ὀργὴν
1107 2064 1368 2136 ἀνδράσιν
1415 2065 1514 2120 οὐκ
1557 2066 1806 2135 ἀγαθοῖς,
1848 2068 1915 2122 ἵν’

298 2154 464 2206 αὐτοὶ
491 2153 744 2221 γένοιντο
771 2155 1032 2210 κολασταὶ
1069 2156 1180 2211 τῶν
1213 2159 1585 2230 ήσεεηκότων.
1617 2160 1915 2232 Συμὸαίνει

299 2243 355 2295 δὲ
391 2243 529 2307 τοὺς
560 2244 646 2308 είς
685 2244 848 2299 τοῦτο
873 2245 1360 2319 παρειλημμένους
1390 2251 1662 2322 φρονῆσαί
1690 2269 1742 2305 τι
1771 2251 1916 2322 μέγα

301 2337 450 2388 κατά
475 2337 594 2390 τῶν
635 2337 1083 2410 κεκολασμένων,
1122 2341 1322 2412 μᾶλλον
1351 2341 1409 2394 δὲ
1439 2343 1578 2396 κατὰ
1608 2343 1702 2397 τοῦ
1741 2361 1916 2416 παρα-

300 2426 492 2491 δόντος
539 2428 765 2493 αὐτούς.
799 2430 876 2484 Οὐ
912 2431 1025 2503 γὰρ
1067 2432 1342 2487 ἐννοοῦσιν
1384 2434 1465 2488 ὅτι
1503 2436 1914 2506 κεκρατήκασιν

302 2519 490 2573 αὐτῶν
542 2519 773 2590 ἐφέντος
818 2520 978 2586 Θεοῦ,
1018 2524 1114 2577 καὶ
1145 2523 1327 2596 ψῆφον
1348 2525 1648 2596 ἐπάγοντος
1675 2526 1776 2600 τὴν
1815 2527 1912 2582 τοῦ

301 2613 509 2684 χρῆναι
567 2613 768 2668 παθεῖν
808 2614 1043 2679 αὐτούς’
1096 2616 1300 2671 οῖονται
1350 2616 1409 2671 δὲ
1454 2619 1534 2672 ὅτι
1581 2618 1676 2672 καὶ
1719 2618 1914 2684 σώζειν

299 2705 596 2770 ἐθέλοντος
625 2708 1026 2779 κεκρατήκασι.
1062 2708 1368 2782 Μεθίστησι
1398 2710 1578 2765 τοίνυν
1606 2710 1695 2765 ἐπ’
1714 2711 1913 2777 αὐτοὺς

301 2797 402 2868 τὴν
428 2799 630 2871 ὀργὴν,
655 2799 752 2852 καὶ
780 2799 990 2872 σφόδρα
1019 2801 1266 2865 εἰκότως.
1286 2803 1502 2874 Ἐπειδὴ
1527 2803 1584 2856 δὲ
1605 2805 1719 2868 τοῖς
1741 2804 1912 2875 ὑπερ-

303 2890 542 2960 ηφάνοις
558 2889 966 2958 ἀντιτάττεται,
983 2893 1263 2946 κατασείει
1282 2893 1382 2961 μὲν
1400 2894 1579 2948 αὐτῶν
1598 2895 1698 2968 τήν
1715 2896 1910 2968 ὀφρὺν,

304 2984 526 3046 ποιναῖς
553 2981 613 3035 δὲ
642 2982 923 3048 ὑποτιθεὶς
956 2986 1082 3048 ταῖς
1107 2985 1293 3048 αὐτοῖς
1330 2986 1694 3059 πρεπούσαις,
1722 2990 1912 3060 πειρά-

301 3093 394 3130 ται
435 3076 818 3149 πληροφορεῖν
860 3077 943 3132 ὅτι
988 3078 1066 3150 μὴ
1113 3081 1214 3150 τῆς
1268 3079 1450 3152 ίσχύος
1497 3081 1719 3136 ἐκείνων
1751 3082 1912 3156 ἔργον

301 3165 391 3240 ἦν,
427 3168 576 3223 ἀλλὰ
607 3168 722 3222 τῶν
756 3170 890 3241 παρ’
909 3171 1078 3225 αὐτοῦ
1106 3172 1393 3244 νευμάτων
1417 3174 1479 3229 τὺ
1507 3175 1780 3247 κρατῆσαι
1803 3177 1913 3232 τῶν

301 3261 763 3333 κεκολασμένων.
798 3263 1046 3318 Πέπονθέ
1083 3281 1135 3318 τι
1163 3264 1405 3320 τοιοῦτον
1428 3269 1456 3321 ὁ
1477 3267 1586 3321 τῶν
1619 3268 1918 3342 Ἀσσυρίων

306 3354 590 3425 βασιλεύς.
611 3355 836 3428 Ἐπειδὴ
859 3356 970 3426 γὰρ
1009 3354 1120 3411 εἷλε
1158 3357 1258 3430 τὴν
1292 3359 1574 3422 Ἰουδαίαν,
1600 3359 1694 3414 καὶ
1721 3362 1922 3433 πεπόρ-

313 3446 454 3516 θηκε
497 3446 601 3511 τὰς
645 3447 857 3513 πόλεις,
905 3447 1049 3519 μέγα
1092 3449 1439 3521 πεφρόνηκεν
1483 3452 1570 3521 ἐφ’
1595 3451 1795 3523 ἑαυτῷ,
1825 3453 1920 3506 καὶ

318 3538 385 3609 δὴ
416 3540 505 3592 καὶ
526 3540 669 3610 ᾤετο
697 3541 801 3610 τῆς
825 3540 990 3609 ἁγίας
1025 3543 1302 3614 κρατῆσαι
1328 3541 1455 3614 γῆς,
1489 3545 1585 3598 καὶ
1614 3545 1765 3616 παρά
1799 3546 1921 3616 βού-

315 3631 474 3701 λησιν
509 3631 652 3686 Θεοῦ
686 3631 782 3686 τοῦ
814 3634 1220 3706 προεστηκότος
1245 3635 1438 3704 αὐτῆς,
1473 3636 1568 3691 καὶ
1594 3636 1788 3702 σώζειν
1813 3639 1920 3691 ὑπ-

309 3722 700 3793 ισχνουμένου.
730 3721 953 3794 Ταύτης
985 3722 1150 3778 ἕνεκα
1193 3726 1293 3796 τῆς
1328 3726 1508 3792 αἰτίας
1548 3728 1736 3799 φησὶν,
1766 3728 1920 3783 οὔπω

308 3813 412 3884 μὲν
450 3813 846 3885 ἀπεστράφθαι
886 3815 979 3869 τὸν
1013 3816 1206 3887 θυμὸν,
1237 3818 1703 3891 ἐπενεχθήσεσθαι
1736 3823 1793 3877 δὲ
1825 3825 1920 3879 καὶ

318 3907 642 3978 Ἀσσυρίοις
679 3907 761 3976 τὸ,
789 3909 935 3963 οὐαί.
970 3909 1082 3964 Καὶ
1114 3909 1245 3964 ποία
1267 3909 1350 3974 τίς
1374 3911 1522 3966 ἐστιν
1548 3913 1582 3984 ή
1607 3913 1762 3968 τοῦδε
1789 3915 1921 3987 πρό-

305 4019 514 4071 φασιςς
559 4001 627 4056 Ἢ
665 4001 766 4073 μὲν
795 4000 904 4072 γὰρ
943 4002 1158 4074 ῥάϐδος,
1202 4005 1359 4075 φησὶ,
1406 4003 1506 4075 τῆς
1539 4006 1685 4076 ἐμῆς
1726 4007 1919 4080 ὀργῆς,

304 4095 369 4148 ἐν
413 4096 543 4158 ταῖς
587 4092 772 4149 αὐτῶν
815 4094 1024 4149 δέδοται
1061 4095 1283 4171 χερσὶν,
1313 4097 1446 4168 παρ’
1483 4097 1618 4169 ἐμοῦ
1653 4099 1915 4171 δηλονότι,

304 4186 456 4240 ὥστε
480 4186 815 4241 καταπαίειν
838 4189 896 4241 ἐν
915 4188 1050 4260 αὐτῇ
1069 4189 1197 4250 τοὺς
1218 4189 1300 4252 εἰς
1312 4188 1412 4259 ἐμὲ
1434 4189 1917 4263 δεδυσσεόηκότας.

318 4276 472 4347 Ἐγὼ
527 4277 802 4346 συνέταξα
843 4280 1027 4346 αὐτοῖς
1050 4321 1063 4343 ,
1120 4279 1261 4334 ὥστε
1314 4285 1540 4354 ποιῆσαι
1592 4284 1786 4349 σκύλα,
1826 4287 1921 4340 καὶ

308 4370 606 4444 προνομὴν
643 4370 737 4424 τὸν
763 4371 900 4443 ἐμὸν
933 4372 1080 4437 λαὸν,
1107 4374 1200 4427 καὶ
1229 4378 1568 4429 καταπατεῖν
1591 4375 1690 4441 τάς
1712 4377 1913 4443 πόλεις,

307 4463 408 4516 καὶ
441 4461 620 4516 θεῖναι
658 4463 832 4528 αὐτὰς
876 4464 959 4529 εἰς
1008 4466 1305 4537 κονιορτόν.
1336 4467 1400 4521 Ei
1432 4467 1507 4538 μὴ
1541 4467 1650 4540 γὰρ
1683 4469 1782 4540 τὴν
1810 4468 1919 4522 σώο-

309 4553 522 4618 ζουσαν
566 4555 858 4627 ἀπέστησα
895 4559 1080 4628 χεῖρα.
1115 4559 1209 4612 καὶ
1246 4560 1486 4630 γυμνοὺς
1520 4561 1776 4632 ἀπέφηνα
1824 4563 1922 4632 τῆς

309 4647 403 4701 ἀεὶ
453 4647 552 4700 καὶ
609 4647 877 4719 συνήθους
926 4649 1147 4715 αὐτοῖς,
1195 4651 1290 4704 καὶ
1333 4652 1463 4723 παρ’
1492 4650 1626 4722 ἐμοῦ
1674 4651 1922 4724 δοθείσης

309 4739 666 4809 ἐπικουρίας,
693 4738 804 4792 οὐδ’
837 4738 906 4794 ἂν
949 4740 1172 4812 ἦλωσάν
1216 4760 1368 4808 ποτε,
1404 4745 1687 4816 κρείττους
1714 4745 1804 4798 ἀεὶ
1830 4763 1919 4814 γε-

309 4830 542 4899 γονότες
571 4829 640 4883 δι’
670 4829 807 4901 ἐμοῦ
835 4830 946 4885 τῶν
975 4832 1205 4904 ἐχθρῶν.
1230 4833 1403 4897 Αὐτός
1436 4851 1500 4903 γε
1529 4834 1635 4907 μὴν
1665 4836 1694 4888 ὁ
1725 4837 1919 4891 Ἀσσύ-

310 4941 437 4996 pio;
484 4923 585 4993 οὐχ
627 4922 804 4986 οὕτως
853 4923 1189 4996 ἐνεθυμήθη,
1223 4925 1318 4980 καὶ
1351 4928 1416 4998 τῇ
1449 4927 1596 5000 ψυχῇ
1634 4929 1732 5000 οὐχ
1775 4930 1920 4986 οὕτω

304 5019 656 5086 λελόγισται,
693 5017 812 5071 ἀλλ’
839 5017 966 5072 ὅσον
989 5012 1126 5090 ἧκεν
1150 5021 1230 5082 εἰς
1258 5019 1349 5074 τὸν
1377 5021 1543 5074 αὐτοῦ
1567 5020 1714 5080 νοῦν.
1746 5023 1922 5078 ἀπαλ-

306 5113 473 5180 λάξει
493 5129 509 5142 ·
543 5111 694 5167 τοῦτ’
715 5111 887 5176 ἐστιν,
919 5111 1232 5184 ὀλοθρεύσει
1261 5113 1388 5185 ἔθνη
1409 5114 1510 5168 οὐκ
1545 5115 1720 5185 ὀλίγα.
1741 5117 1925 5173 Οῖεται

307 5207 427 5277 γάρ
476 5205 560 5257 ὅτι
607 5206 730 5268 ταῖς
774 5202 941 5258 αὑτοῦ
988 5203 1286 5275 δυνάμεσιν
1319 5207 1786 5280 ἀνταναστήσεται
1827 5211 1926 5280 μὲν

308 5295 516 5358 οὐδεὶς,
569 5295 836 5364 κρατήσει
876 5309 941 5362 γε
995 5295 1214 5358 πάντως
1260 5296 1521 5368 ἀμογητὶ,
1579 5298 1672 5351 καὶ
1723 5300 1926 5364 παντὸς

312 5388 508 5450 ἔθνους
533 5386 692 5440 ἔσται
714 5385 1003 5458 δεσπότης,
1029 5387 1418 5456 ἀντεξάγοντος
1447 5389 1679 5454 οὐδενός.
1711 5391 1925 5464 Ἀπλή-

319 5500 448 5536 στον
482 5481 541 5534 δὲ
587 5478 766 5543 οὕτως
802 5479 978 5551 ἔχοντι
1009 5479 1110 5551 τὴν
1155 5479 1357 5552 ψυχὴν,
1394 5482 1488 5536 καὶ
1524 5483 1611 5536 ἀεὶ
1651 5483 1760 5537 τῶν
1786 5483 1924 5538 ὅλων

319 5575 549 5648 κρατεῖν
581 5573 842 5631 ἐθέλοντι.
881 5571 983 5625 κᾶν
1007 5575 1056 5626 εἰ
1085 5573 1299 5646 προσίοι
1319 5592 1400 5637 τις
1423 5574 1625 5642 λέγων·
1658 5576 1730 5629 Σὺ
1763 5579 1923 5646 μόνος

315 5665 367 5723 εἶ
389 5668 603 5737 ἄρχων,
632 5663 780 5719 τοῦτ’
812 5662 981 5729 ἔστιν,
1007 5658 1117 5733 ἆρα
1138 5663 1341 5736 δυνήσῃ
1370 5663 1530 5735 μόνος
1554 5666 1775 5736 ἀπάσης
1799 5683 1924 5728 κατητ

397 5823 440 5853 ⁸⁴
474 5824 619 5882 Psal.
653 5835 805 5883 xxxi,
843 5827 893 5885 υ,
945 5820 1026 5874 ιθ.
1111 5819 1299 5876 "11c.
1339 5837 1412 5883 ιγ,
1458 5819 1506 5872 6.

2026 594 2328 649 Samariam
2352 610 2372 649 .'
2406 599 2843 664 quemadmodum
2889 599 2998 666 cepi
3043 598 3161 660 has,
3199 598 3362 651 etiam
3400 608 3616 651 cunctas

2025 689 2265 757 regionee
2294 689 2524 758 capiam.

2099 967 2310 1038 Ubique
2347 967 2514 1022 Deum
2555 983 2665 1019 suae
2712 966 2895 1035 gloriae
2925 983 3113 1022 curam
3157 968 3416 1022 habuisse
3457 967 3610 1020 inve-

2025 1058 2260 1114 niemus.
2301 1055 2516 1112 Etenim
2547 1056 2765 1126 indigne
2799 1055 2904 1110 fert
2927 1056 3041 1123 jam
3075 1072 3198 1112 cum
3223 1058 3368 1111 videt
3402 1055 3615 1125 aliquos

2024 1149 2222 1218 placita
2245 1162 2340 1204 sua
2367 1157 2737 1212 contemnere,
2768 1147 2928 1218 172
2961 1163 3025 1203 ac
3058 1164 3152 1218 pro
3183 1148 3352 1202 nihilo
3387 1147 3609 1212 ducere,

2023 1249 2080 1295 et
2105 1253 2324 1295 omnem
2362 1237 2544 1292 funem
2576 1254 2797 1294 movere
2832 1249 2890 1292 ιιι
2939 1240 3004 1293 ad
3032 1254 3193 1295 omne
3230 1255 3404 1309 genus
3435 1241 3612 1308 turpia

2025 1333 2225 1388 tudinis
2276 1330 2580 1387 deﬂectant.
2622 1331 2784 1386 Tales
2845 1342 3026 1386 autem
3091 1330 3180 1385 ille
3225 1331 3517 1395 convertit,
3559 1340 3612 1384 et

2023 1434 2230 1480 tantum
2263 1439 2370 1479 non
2427 1423 2596 1478 trahit
2636 1422 2850 1478 fortiter
2899 1425 2966 1478 ad
3015 1423 3068 1477 id
3108 1424 3250 1494 quod
3309 1424 3363 1477 in
3417 1437 3611 1477 eorum

2021 1515 2366 1573 commodum
2403 1517 2639 1571 maxime
2677 1517 2841 1572 cedit.
2889 1515 2980 1572 Sic
3015 1517 3157 1570 enim
3198 1516 3372 1585 inquit
3423 1515 3614 1570 beatus

2021 1609 2223 1664 David:
2253 1627 2272 1661 ι
2296 1607 2354 1664 In
2384 1621 2542 1663 canto
2568 1619 2623 1662 et
2654 1607 2810 1662 freno
2834 1607 3084 1662 maxillas
3115 1621 3304 1662 eorum
3342 1606 3615 1661 constrin—

2021 1716 2136 1772 ges,
2171 1702 2262 1768 qui
2309 1715 2417 1756 non
2479 1699 2920 1769 apprOpinquant
2978 1700 3044 1753 ad
3093 1707 3165 1753 te.
3194 1697 3359 1752 Multa
3405 1699 3612 1768 flagella

2024 1792 2329 1862 peccatoris
2360 1792 2426 1846 “.
2462 1809 2481 1844 ι
2517 1792 2685 1847 Infert
2727 1801 2908 1845 autem
2942 1790 3265 1860 supplicium
3295 1790 3380 1844 bis
3405 1796 3493 1858 qui
3516 1790 3611 1843 dc-

2027 1885 2296 1954 linquunt,
2350 1884 2568 1939 tradens
2604 1884 2740 1938 iram
2778 1895 2932 1937 suam
2975 1883 3139 1936 veluti
3174 1882 3382 1952 virgam
3419 1895 3614 1950 quant-

2027 1977 2149 2031 dam
2180 1976 2234 2031 in
2272 1990 2468 2030 manus
2507 1974 2786 2030 hominum
2820 1989 2924 2028 non
2950 1975 3238 2039 bonorum,
3271 1982 3329 2026 ut
3366 1973 3476 2027 sint
3507 1973 3614 2028 int-

2023 2068 2234 2137 piorum
2257 2067 2633 2134 castigatores.
2671 2063 2946 2134 Contingit
2976 2074 3155 2120 autem
3182 2079 3278 2120 eos
3292 2064 3382 2134 qui
3413 2061 3482 2118 ad
3511 2063 3616 2120 hoe

2023 2161 2288 2230 assumpti
2324 2169 2478 2224 sunt,
2507 2159 2617 2213 alto
2651 2158 2903 2226 elatoque
2933 2171 3056 2212 esse
3086 2156 3274 2210 animo
3301 2164 3494 2210 contra
3521 2169 3619 2210 eos

2023 2254 2076 2310 in
2107 2269 2244 2324 quos
2280 2251 2750 2324 animadvertitur,
2776 2249 2886 2304 imo
2933 2263 3060 2302 vero
3100 2249 3152 2300 in
3204 2261 3327 2301 eum
3377 2246 3466 2315 qui
3521 2259 3617 2300 eos

2024 2345 2262 2401 tradidit.
2282 2343 2404 2400 Non
2435 2343 2580 2398 enim
2606 2339 2953 2397 considerant
2987 2339 3064 2404 hi,
3093 2338 3444 2408 permittente
3478 2337 3613 2403 Deo,

2020 2448 2075 2494 et
2133 2437 2461 2494 sententiam
2513 2434 2721 2490 ferente
2743 2420 2750 2424 ’”
2773 2441 2832 2487 ιιι
2888 2440 3204 2503 paterentur
3255 2429 3366 2496 illi,
3414 2443 3476 2484 se
3516 2442 3617 2484 eos

2021 2531 2316 2602 subegisse.
2359 2530 2431 2583 At
2463 2541 2596 2582 vero
2631 2526 2719 2581 isti
2762 2525 2927 2580 etiam
2970 2524 3090 2592 ipso
3137 2535 3358 2576 servare
3402 2519 3617 2574 volente

2020 2635 2080 2678 se
2111 2622 2306 2676 vicisse
2327 2619 2681 2676 existimant.
2715 2616 2935 2672 Derivat
2967 2628 3097 2684 ergo
3127 2614 3270 2668 hanc
3301 2613 3435 2668 iram
3465 2613 3517 2667 in
3549 2611 3618 2666 il-

2019 2715 2125 2780 los,
2155 2723 2212 2770 et
2238 2713 2364 2784 jure
2396 2711 2616 2781 quidem
2649 2708 2876 2778 optimo.
2915 2705 3048 2760 Dum
3077 2719 3209 2760 vero
3241 2703 3491 2774 superbis
3521 2718 3611 2758 re-

2020 2809 2166 2864 sistit
2203 2807 2268 2871 ",
2297 2819 2595 2876 eorumque
2615 2801 2923 2872 superbiam
2953 2797 3227 2869 deprimit,
3252 2805 3308 2852 et
3338 2810 3461 2850 cum
3497 2810 3615 2866 poe-

2021 2915 2124 2958 nas
2152 2901 2360 2971 irrogat
2398 2898 2531 2969 ipsis
2563 2896 2774 2965 dignas,
2811 2893 3025 2965 plenam
3054 2890 3214 2946 fidem
3247 2898 3496 2944 astruere
3519 2902 3616 2942 co—

2020 3001 2327 3059 natur,non
2354 2988 2692 3047 fortitudinis
2715 3001 2906 3044 eorum
2934 3000 3090 3056 opus,
3127 2981 3226 3039 sed
3255 2982 3427 3052 ipsius
3450 2987 3614 3035 nutus

2021 3095 2078 3142 et
2103 3085 2399 3142 voluntatis
2442 3083 2633 3149 fuisse,
2670 3090 2729 3136 ut
2762 3095 2857 3136 eos
2893 3077 3114 3150 punitos
3155 3081 3500 3146 superarent.
3534 3072 3616 3126 Si-

2021 3178 2151 3235 mile
2186 3177 2441 3248 quiddam
2488 3173 2688 3230 accidit
2722 3173 2835 3242 regi
2885 3170 3257 3242 Assyriorum.
3309 3165 3611 3236 Postquam

2023 3268 2170 3324 enim
2211 3268 2450 3336 cepisset
2493 3264 2760 3329 Judzeam,
2807 3261 3075 3330 urbesque
3115 3266 3404 3325 vastasset,
3444 3256 3612 3311 altum

2025 3357 2166 3428 apttd
2204 3370 2266 3412 se
2296 3354 2494 3425 sapuit,
2529 3363 2584 3408 et
2603 3367 2735 3408 sane
2763 3351 2974 3421 putavit
2999 3365 3058 3404 se
3095 3358 3294 3404 terram
3334 3354 3608 3407 sanctam,

2025 3457 2222 3518 praeter
2285 3447 2620 3500 voluntatem
2674 3442 2768 3498 Dei
2801 3443 2850 3498 ei
2899 3440 3259 3511 praesidentis,
3292 3450 3343 3493 et
3389 3449 3616 3493 servare

2024 3539 2412 3613 promittentis,
2467 3539 2842 3594 subacturum.
2902 3534 3055 3589 Hanc
3089 3532 3172 3588 ob
3208 3545 3425 3586 causam
3459 3527 3613 3590 dicit,

2024 3635 2264 3692 nondum
2298 3634 2536 3690 furorem
2564 3645 2719 3686 suum
2765 3641 3039 3692 aversum,
3075 3623 3170 3680 sed
3209 3621 3340 3677 illud
3396 3635 3478 3674 va:
3527 3619 3614 3673 in-

2023 3730 2327 3788 ducendum
2352 3725 2701 3798 Assyriis.Et
2734 3737 2854 3793 qua!
2885 3721 3104 3776 tandem
3128 3717 3290 3788 huius
3315 3716 3392 3771 rei
3421 3711 3614 3768 causa?

2030 3825 2188 3896 Virga
2226 3824 2395 3888 enim,
2447 3821 2541 3887 ait,
2574 3819 2672 3874 ira:
2703 3830 2856 3879 meas,
2891 3813 2945 3868 in
2989 3825 3182 3867 manus
3209 3821 3401 3863 eorum
3445 3804 3615 3858 tradi-

2025 3927 2192 3984 tur,a
2219 3930 2305 3972 me
2359 3913 2633 3979 videlicet,
2687 3919 2745 3964 ttt
2805 3908 2894 3962 illa
2963 3904 3126 3960 feriat
3187 3917 3283 3956 eos
3312 3899 3402 3968 qui
3438 3898 3614 3951 inme

2023 4011 2357 4081 impietatem
2395 4005 2564 4062 moliti
2597 4003 2744 4059 sunt.
2785 4002 2897 4071 Ego
2931 3997 3178 4054 mandavi
3211 3993 3318 4049 illis
3357 4002 3417 4045 ttt
3443 3989 3612 4060 spolia

2027 4105 2251 4169 faciant,
2283 4111 2340 4158 et
2370 4101 2567 4172 prada:
2601 4098 2839 4154 habeant
2869 4092 3122 4164 populum
3170 4103 3374 4151 meum,
3401 4093 3454 4138 et
3491 4096 3612 4152 pro-

2023 4195 2241 4250 culcent
2263 4171 2450 4258 urbes,
2471 4198 2528 4244 et
2555 4189 2608 4244 in
2639 4188 2916 4258 pulverem
2948 4197 3042 4238 eas
3077 4180 3347 4248 redigant.
3382 4173 3437 4228 Si
3465 4171 3610 4228 enim

2025 4299 2244 4340 manum
2286 4281 2636 4338 servatricem
2697 4294 2803 4333 non
2867 4273 3268 4333 subduxissent,
3307 4277 3362 4326 et
3411 4264 3612 4319 auxilio

2023 4391 2240 4448 semper
2268 4383 2323 4431 et
2356 4361 2516 4429 solito
2557 4381 2613 4428 et
2657 4386 2686 4425 a
2728 4384 2812 4423 me
2844 4367 3046 4448 tradito
3085 4379 3190 4418 non
3231 4359 3613 4422 denudassem,

2024 4447 2167 4540 capti
2196 4484 2304 4524 non
2340 4467 2572 4524 fuissent
2596 4447 2974 4534 unquam,per
3000 4473 3086 4514 me
3117 4455 3426 4526 superiores
3467 4466 3614 4506 sem-

1958 4549 1999 4603 θ
2030 4577 2125 4633 ρει·
2153 4561 2282 4616 facti
2314 4559 2586 4615 hostibus.
2618 4556 2888 4613 Caeterum
2936 4553 3053 4623 ipse
3087 4547 3344 4620 Assyrius
3376 4561 3481 4600 non
3535 4544 3616 4599 sic

2028 4654 2311 4726 cogitavit,
2337 4666 2514 4722 neque
2548 4651 2628 4706 sic
2677 4649 2862 4704 animo
2897 4642 3190 4716 reputavit,
3217 4640 3314 4697 sed
3360 4636 3504 4709 quod
3549 4637 3616 4691 ad

2027 4747 2145 4818 ejus
2169 4745 2387 4816 quidem
2421 4743 2663 4800 animum
2696 4750 2928 4813 spectat,
2961 4737 3211 4801 mutabit,
3239 4734 3291 4790 id
3331 4741 3436 4798 est,
3459 4744 3618 4786 ever-

2031 4847 2106 4894 tet
2143 4847 2331 4908 gentes
2367 4852 2473 4892 non
2517 4850 2739 4908 paucas.
2778 4833 2933 4888 Putat
2971 4831 3115 4887 enim
3158 4827 3413 4884 resistere
3456 4836 3618 4894 posse

2031 4930 2302 4986 neminem
2333 4929 2448 4985 suis
2476 4929 2702 4992 viribus,
2736 4927 2828 4980 sed
2854 4925 3059 4994 absque
3087 4922 3274 4977 labore
3305 4933 3367 4974 se
3389 4923 3618 4972 cunctas

2029 5025 2167 5078 adeo
2195 5033 2385 5094 gentes
2413 5018 3084 5087 debellaturum,‘foreque
3120 5012 3423 5078 dominum,
3461 5007 3611 5062 nullo

2028 5128 2087 5171 se
2110 5121 2434 5184 opponente.
2475 5112 2549 5167 Ita
2577 5113 2703 5164 dum
2748 5108 2906 5179 173
2938 5103 3320 5175 inexplebilem
3372 5100 3615 5155 animum

2028 5205 2207 5270 habet,
2243 5215 2298 5260 et
2347 5220 2526 5260 rerum
2563 5218 2776 5259 summa
2809 5200 2971 5272 potiri
2998 5198 3134 5264 vult,
3169 5196 3214 5252 si
3247 5193 3474 5250 accedat
3512 5192 3618 5247 ali-

2025 5300 2150 5372 quis
2178 5298 2366 5355 dicens
2397 5299 2446 5354 ei
2472 5315 2486 5352 :
2517 5297 2596 5352 Tu
2633 5297 2780 5353 solus
2810 5311 2870 5351 es
2907 5295 3184 5365 princeps,
3233 5290 3286 5347 id
3314 5298 3419 5355 est,
3451 5302 3520 5344 an
3559 5295 3616 5340 tu

2026 5393 2198 5462 possis
2239 5393 2390 5448 solus
2417 5392 2734 5461 imperitare
2757 5389 2875 5444 orbi
2908 5386 3224 5445 terrarum?
3254 5383 3335 5438 Ad
3364 5384 3500 5444 haec,
3533 5379 3618 5432 in-

2031 5488 2170 5555 quit,
2200 5487 2488 5556 superbam
2522 5499 2708 5541 vocem
2743 5483 3020 5542 ett-tittens.
3052 5481 3198 5536 dicet
3230 5495 3244 5532 :
3278 5475 3467 5531 Nonne
3493 5470 3612 5539 cepi

2034 5581 2307 5648 regionem
2343 5595 2466 5650 qua:
2512 5587 2599 5633 cst
2641 5592 2804 5648 supra
2841 5574 3190 5647 Babylonem,
3213 5578 3270 5625 et
3308 5564 3609 5629 Chalanen,

2031 5671 2118 5724 ubi
2156 5672 2323 5727 turris
2354 5672 2620 5728 :cdiﬁcata
2672 5671 2795 5726 est?
2825 5668 2955 5737 Cepi
2998 5663 3279 5730 Arabiam,
3315 5667 3368 5716 et
3412 5657 3613 5712 Dama-
