4016 6516
435 363 540 419 287

1427 359 1486 417 S.
1527 357 1802 415 CYRILLI
1840 358 2314 413 ALEXANDBINI
2355 354 2677 415 ARCHIEP.

3592 359 3695 420 288

434 475 740 549 telligentite
769 475 954 532 tollam
1009 477 1248 547 gentium
1299 476 1581 540 terminos,
1626 483 1682 532 et
1717 477 1884 532 robur
1912 491 2001 532 ea-

2112 477 2427 548 καθίστησιν
2458 481 2684 548 ἐναργῆ,
2729 477 2824 530 καί
2860 493 3045 546 φησιν.
3099 471 3234 530 Elite
3277 475 3402 546 γάρ·
3446 476 3527 546 Τῇ
3553 468 3695 546 ίσχύῖ

432 581 552 620 rum
597 567 986 638 depraedabor,
1030 577 1086 623 et
1132 567 1434 622 deturbabo
1490 568 1651 622 urbes
1703 568 1997 623 habitatas.

430 651 671 710 Observa
701 655 862 727 igitur
882 656 1150 724 quomodo
1179 656 1335 724 quasi
1370 656 1573 711 auxilio
1605 671 1846 726 superno
1893 673 2001 712 non

430 760 614 814 egens,
645 747 758 802 suis
800 748 969 817 ipsius
993 747 1200 801 viribus
1233 745 1364 801 solis
1404 749 1656 803 incensus
1703 750 1796 813 sit,
1843 749 2000 817 quasi

432 838 613 893 omnia
648 853 770 908 quae
802 838 956 904 velit,
1000 846 1182 905 posset
1235 837 1418 893 facere
1452 856 1466 891 :
1521 853 1689 908 seque
1723 839 1860 894 adeo
1910 855 2002 894 sa-

431 929 666 997 pientem
716 929 832 983 fore
863 937 918 983 et
961 927 1045 982 Fei
1097 927 1352 983 militaris
1397 929 1684 996 scientem,
1726 940 1783 984 ut
1829 931 1896 984 ad
1943 945 2004 986 se

435 1021 695 1074 terminos
748 1020 989 1090 gentium
1042 1018 1344 1074 transferre
1396 1019 1674 1082 facillime,
1724 1027 1780 1075 et
1813 1034 2004 1074 earum

429 1109 724 1177 potentiam
761 1107 1126 1178 perfringere,
1157 1119 1212 1162 et
1257 1110 1582 1179 depraedari,
1616 1119 1672 1164 et
1704 1110 1866 1165 urbes
1905 1111 2006 1165 im-

430 1198 596 1253 belles
631 1199 983 1268 desertasque
1009 1208 1193 1268 posset
1219 1208 1508 1256 concutere
1537 1217 1550 1254 :
1592 1200 1807 1256 etiamsi
1851 1217 2007 1256 com-

429 1288 611 1358 plures
639 1299 695 1343 et
737 1289 1154 1346 innumerabiles
1199 1292 1406 1348 incolas
1449 1293 1702 1348 habeant.
1744 1293 1850 1348 Sed
1897 1310 2002 1349 non

423 1382 520 1436 hic
545 1381 700 1436 haesit
729 1381 846 1450 ejus
869 1385 1197 1453 arrogantia.
1231 1382 1405 1440 Jactat
1437 1386 1579 1440 enim
1610 1401 1668 1441 se
1691 1388 2003 1442 universum

431 1472 619 1526 orbem
653 1482 924 1530 terrarum
959 1486 1418 1546 expugnaturum,
1452 1477 1614 1546 idque
1644 1477 1920 1542 facillime,
1951 1486 2008 1532 et

433 1573 678 1632 prompte
703 1573 758 1619 et
805 1565 939 1620 citra
971 1582 1201 1638 pugnam
1237 1583 1298 1623 se
1340 1569 1610 1622 facturum
1647 1570 1910 1636 decernit,
1941 1583 2007 1624 ac

433 1655 736 1719 constituit,
756 1667 1014 1725 quantum
1036 1661 1220 1716 animo
1235 1661 1451 1729 quidem
1478 1671 1713 1730 reputat.
1742 1659 2007 1730 Compre-

433 1746 662 1800 hendam
691 1748 854 1820 176
867 1751 1008 1805 enim
1037 1760 1206 1806 totum
1224 1753 1409 1807 orbem
1437 1762 1613 1818 terrae,
1633 1753 1775 1806 velut
1794 1752 2002 1816 nidum,

2107 569 2338 638 ποιήσω,
2399 571 2494 623 καὶ⁵
2535 571 2602 638 τῇ
2651 569 2814 640 σοφίᾳ
2860 568 2961 639 τῆς
3016 569 3284 631 συνέσεως
3339 566 3527 635 ἀφελῶ
3573 568 3694 637 ὅρια

2106 641 2297 724 ἐθνῶν,
2340 660 2436 712 καὶ
2463 659 2563 729 τὴν
2601 660 2756 729 ίσχὺν
2781 659 2962 712 αὐτῶν
2995 656 3376 728 προνομεύσω,
3405 657 3498 709 καὶ
3531 656 3696 709 σείσω
3755 657 3760 665 ’

2105 754 2289 818 πόλεις
2316 750 2781 820 κατοικουμένας.
2827 749 3017 821 Ἀθρει
3055 749 3120 820 δὴ
3153 743 3246 802 οὖν
3277 749 3446 810 ὅπως,
3491 747 3565 810 ὡς
3595 748 3694 816 τῆς

2107 843 2315 898 ἀνωθεν
2347 840 2667 912 ἐπικουρίας
2695 841 2757 893 οὑ
2781 839 3122 911 δεδεημένος,
3156 839 3278 901 ταῖς
3301 839 3495 890 ἑαυτοῦ
3529 837 3691 890 δυνά-

2109 951 2267 1004 μεσιν
2313 932 2544 986 ἀνάπτει
2573 932 2761 1003 μόναις
2794 931 2855 982 τὸ
2889 931 3068 985 πάντα
3093 929 3350 982 δύνασθαι
3389 929 3541 1000 δρᾷν,
3567 929 3697 981 ὅσα·
3757 913 3760 916 λ

2106 1044 2212 1097 περ
2238 1025 2302 1080 ἂν
2329 1025 2586 1093 βούλοιτο’
2623 1023 2795 1076 οἴεται
2819 1021 2876 1075 δὲ
2897 1023 2980 1075 ὅτι
3003 1023 3098 1076 καὶ
3137 1019 3298 1089 σοφὸς
3322 1017 3495 1080 οὑτως
3519 1018 3692 1081 ἐστὶν,

2107 1118 2201 1170 καὶ
2226 1115 2604 1187 στρατηγικὸς,
2634 1115 2710 1177 ὼς
2745 1113 2839 1167 καὶ
2865 1113 3007 1183 μάλα
3037 1111 3235 1182 ῥᾳδίως
3269 1109 3356 1178 ἐφ’
3379 1108 3571 1162 ἑαυτὸν
3601 1108 3695 1160 δύ-

2107 1207 2302 1262 νασθαι
2339 1193 2599 1277 μεθιστᾷν
2639 1205 2708 1258 τά
2749 1205 2873 1275 ὅρια
2902 1202 3012 1256 τῶν
3069 1201 3259 1267 ἐθνῶν,
3290 1199 3688 1271 διαρρηγνῦναί

2105 1318 2166 1354 τε
2206 1299 2386 1353 αὑτῶν
2413 1297 2511 1368 τὴν
2542 1299 2716 1367 ἰσχὺν,
2753 1297 2848 1350 καὶ
2884 1298 2941 1348 ἐν
2972 1295 3215 1365 προνομῇ
3261 1291 3556 1352 ποιεῖσθαι,
3602 1291 3696 1343 καὶ

2105 1389 2416 1445 κατασείειν
2459 1388 2661 1454 πόλεις,
2690 1389 2790 1441 οὑκ
2823 1386 3118 1458 ἀνάνδρους
3161 1385 3253 1438 καὶ
3293 1383 3693 1456 ἠρημωμένας,

2105 1483 2219 1537 ἀλλ’
2272 1484 2320 1535 εί
2383 1482 2477 1536 καὶ
2530 1480 2818 1541 πλείστους
2875 1481 3071 1544 ὅσους,
3134 1476 3230 1530 καὶ¹
3285 1473 3696 1545 ἀναριθμήτους

2106 1575 2276 1646 έχοιεν
2315 1575 2439 1637 τοὺς
2485 1573 2876 1634 κατοικοῦντας
2930 1572 2988 1622 ἐν
3027 1571 3237 1631 αὑταῖς.
3273 1567 3382 1621 Καὶ
3425 1567 3487 1619 οὑ
3531 1567 3694 1635 μέχρι

2103 1667 2310 1720 τούτων
2352 1668 2421 1720 τὰ
2454 1667 2552 1736 τῆς
2578 1663 2893 1728 ἀλαζονείας
2922 1661 3092 1731 αὑτῷ.
3126 1659 3545 1731 Περιαυτίζεται
3584 1659 3694 1729 γὰρ

2106 1759 2201 1812 καὶ
2232 1759 2449 1828 ἁπάσης
2489 1757 2572 1810 ὅτι
2612 1751 3016 1825 καταδράξηται
3056 1752 3154 1822 τῆς
3187 1747 3551 1819 ὑπόὑρανὺν,
3599 1751 3698 1801 καὶ

427 1845 484 1892 et
510 1835 655 1891 velut
679 1841 937 1896 derelicta
963 1858 1063 1897 ova
1091 1843 1301 1910 tollam,
1331 1854 1386 1900 et
1423 1859 1528 1898 non
1559 1855 1646 1900 est
1670 1846 1760 1914 qui
1787 1843 2007 1915 eﬁ'ugiat

2112 1849 2220 1903 λίαν
2242 1849 2499 1914 εὐκόλως,
2527 1845 2759 1916 ἑτοίμως
2795 1861 2856 1897 τε
2888 1843 2982 1897 καὶ
3015 1841 3217 1913 ἀμαχεῖ
3245 1840 3571 1894 διατέθειται
3600 1839 3694 1891 καὶ

429 1927 513 1982 vel
544 1929 761 1984 resistat
788 1932 942 1988 mihi.
979 1931 1024 1989 0
1060 1935 1326 2005 insignem
1359 1935 1690 2005 superbiam,
1726 1951 1758 1990 ο
1797 1939 2006 2006 cogita-

431 2017 606 2074 tiones
629 2022 823 2079 stultas
857 2024 871 2077 l
901 2026 1058 2095 quasi
1093 2027 1252 2082 unius
1295 2027 1589 2098 passerculi
1638 2026 1802 2082 nidus
1833 2036 2005 2094 esset,

431 2114 685 2172 universa
731 2116 848 2172 haec
895 2118 1168 2185 machina,
1218 2117 1290 2172 ita
1331 2133 1450 2173 eam
1487 2119 1842 2174 considerat:
1890 2120 2007 2175 ovis

432 2205 641 2263 relictis
674 2209 742 2262 ab
772 2208 960 2264 altrice
985 2210 1106 2276 ave,
1135 2209 1303 2264 totius
1330 2219 1492 2264 teme
1524 2211 1735 2265 incolas
1762 2210 2001 2282 confert,

429 2304 492 2351 ut
521 2296 676 2366 quasi
705 2296 874 2354 draco
918 2300 1137 2353 invadat
1177 2309 1233 2354 et
1274 2299 1590 2366 absorbeat,
1623 2301 1845 2370 oditque
1877 2315 2011 2356 con-

433 2387 784 2454 tradicentes,
828 2389 1047 2452 nedum,
1095 2398 1153 2443 ut
1203 2389 1284 2448 sic
1341 2390 1539 2457 dicam,
1594 2398 1894 2461 exspectat,
1947 2398 2010 2446 ut

431 2475 638 2533 obsessi
679 2493 862 2534 secum
895 2479 949 2534 in
981 2480 1310 2550 colloquium
1343 2482 1581 2536 veniant.
1610 2481 1740 2538 Haec
1779 2484 1846 2538 ad
1885 2497 2012 2554 per-

431 2581 619 2622 sonam
673 2569 840 2640 ipsius
904 2569 1120 2626 Satanae
1170 2587 1385 2642 quoque
1441 2573 1638 2628 referri
1689 2576 1868 2632 decet.
1915 2575 2010 2632 Est

428 2664 575 2717 enim
615 2663 705 2719 ille
733 2672 888 2734 pater
914 2667 1184 2737 superbia:
1209 2683 1224 2720 :
1253 2677 1515 2738 putatque
1551 2683 1610 2723 se
1643 2669 1829 2724 orbem
1860 2683 2010 2724 com-

429 2753 847 2823 prehensurum,
882 2757 1028 2814 nullo
1057 2763 1527 2814 contraveniente.
1559 2759 1631 2814 At
1661 2774 1749 2814 res
1773 2775 1879 2814 non
1929 2759 2010 2815 sic

430 2844 646 2899 demum
691 2849 824 2913 abit,
873 2850 984 2904 imo
1027 2851 1210 2905 evenit
1244 2850 1318 2904 illi
1373 2851 1439 2906 ad
1486 2859 1788 2907 extremum
1831 2851 2009 2906 exitus

433 2951 616 2991 rerum
649 2939 806 3011 longe
831 2942 1156 2998 contrarius.
1183 2943 1396 3000 Etenim
1421 2943 1746 3000 contradixit
1781 2958 1879 3012 pro
1902 2956 2006 2997 no-

430 3027 515 3083 bis
548 3028 816 3097 Christus,
847 3049 946 3089 nec
974 3035 1303 3090 contradixit
1332 3035 1527 3101 solum,
1568 3035 1662 3091 sed
1688 3029 1744 3090 et
1772 3049 1868 3104 pro
1894 3035 2006 3089 vita

440 3119 684 3173 omnium
739 3123 791 3175 in
838 3131 1109 3179 certamen
1141 3127 1440 3192 descendit,
1468 3135 1524 3180 et
1561 3125 1840 3198 exitialem
1861 3125 2008 3180 illum

432 3211 583 3278 vicit,
633 3215 965 3286 pedibusque
1010 3227 1322 3274 sanctorum
1353 3218 1688 3272 substravit:
1723 3232 1845 3271 nam
1875 3216 2010 3272 dixit

432 3302 559 3357 eis:
601 3319 621 3354 ι
661 3303 797 3360 Ecce
840 3307 960 3362 dedi
998 3309 1153 3364 vobis
1200 3308 1513 3363 facultatem
1555 3307 1800 3364 calcandi
1847 3323 2008 3377 super

434 3405 716 3463 serpentes
759 3407 815 3452 et
844 3401 1177 3470 scorpiones,
1215 3411 1269 3457 et
1307 3415 1469 3471 supra
1518 3414 1737 3456 omnem
1772 3409 2007 3470 potesta-

438 3498 542 3540 tem
569 3487 770 3543 inimici
801 3491 869 3544 ⁸ο.
911 3510 944 3556 ι,

2106 1943 2292 2013 φρονεῖ
2318 1939 2460 1994 κατά
2485 1955 2549 2007 γε
2578 1937 2638 1991 τὸ
2664 1938 2743 1999 είς
2773 1934 2897 1988 νοῦν
2920 1928 3054 2005 ἧκον
3086 1932 3254 2002 αὐτῷ.
3292 1929 3696 2000 Καταλήψομαι

2103 2033 2233 2102 γὰρ,
2271 2031 2424 2102 φησὶ,
2459 2031 2560 2100 τὴν
2591 2027 2914 2098 οἰκουμένην
2947 2026 3074 2096 ὅλην
3104 2025 3180 2087 ῶς
3213 2021 3453 2085 νοσσιὰν,
3494 2021 3588 2075 καὶ
3618 2021 3697 2084 ῶς

2105 2122 2574 2192 καταλελειμμένα
2609 2119 2691 2172 ibi
2717 2117 2856 2190 ἀρῶ,
2896 2117 2990 2170 καῖ⁹
3017 2116 3114 2168 οὑκ
3139 2113 3282 2166 ἔστιν
3321 2113 3379 2177 ὃς
3411 2112 3696 2181 διαφεύξε-

2105 2217 2194 2271 ταί
2230 2233 2324 2286 με,
2355 2213 2389 2284 ἦ
2419 2213 2649 2284 ἀντείπῃ
2682 2229 2792 2282 μοι.
2834 2210 2898 2261 Ὦ
2928 2207 3106 2278 δεινῆς
3153 2205 3478 2276 ὑπεροψίας,
3527 2203 3572 2256 ὦ
3614 2201 3699 2257 λοι

2105 2305 2320 2378 γισμῶν
2370 2303 2677 2360 ἀσυνέτωνι
2731 2302 2818 2364 Ὠς
2867 2300 2986 2362 ἐνὸς
3033 2296 3316 2370 στρουθίου
3363 2296 3558 2351 καλιὰν
3593 2295 3699 2365 τὴν

2109 2397 2403 2467 σύμπασαν
2455 2395 2663 2464 βλέπει,
2706 2391 2833 2455 ῶοῖς
2878 2388 3399 2460 καταλελειμμένοις
3448 2385 3554 2440 ὑπὸ
3594 2386 3698 2454 τῆς

2107 2485 2416 2556 θαλπούσης
2461 2483 2672 2556 ὕρνιθος
2714 2481 3040 2553 παρεικάζει
3083 2479 3211 2542 τοὺς
3241 2477 3346 2534 ἀνά
3383 2477 3568 2531 πᾶσαν
3595 2474 3699 2546 τὴν

2107 2578 2230 2650 γῆν,
2261 2577 2326 2630 ἵν’
2349 2577 2424 2640 ὡς
2449 2575 2664 2646 δράκων
2695 2569 2936 2626 ἐπελθὼν
2989 2569 3253 2642 καταπίῃ,
3284 2569 3451 2623 Μισεῖ
3471 2566 3531 2619 δὲ
3558 2566 3694 2628 τοὺς

2107 2669 2511 2738 ἀντιλέγοντας,
2543 2667 2638 2720 καὶ
2681 2665 2789 2720 οὐδ’
2815 2664 2938 2718 ὅσον
2979 2665 3153 2716 εἰπεῖν
3193 2663 3272 2726 είς
3308 2661 3501 2729 λόγους
3543 2658 3701 2728 ἥξειν

2107 2762 2256 2833 αὑτῷ
2287 2759 2564 2832 προσδοκᾷ
2591 2759 2715 2822 τοὺς
2751 2753 3268 2830 πολιορκουμένους.
3287 2752 3459 2806 Ταυτὶ
3487 2751 3698 2820 πρέποι

2106 2853 2175 2910 ἂν
2193 2853 2288 2908 καὶ
2304 2853 2384 2915 είς
2404 2851 2466 2904 τὸ
2516 2849 2685 2905 αὑτοῦ
2713 2849 3002 2921 πρόσωπον
3028 2846 3319 2916 ἀναφέρειν
3340 2842 3434 2898 τοῦ
3459 2844 3696 2896 Σατανᾶ.

2107 2945 2220 3001 Καὶ
2243 2945 2352 3014 γάρ
2374 2945 2522 2996 ἐστιν
2553 2941 2716 3004 αὑτὸς
2740 2943 2769 2995 ό
2798 2941 2898 3013 τῆς
2927 2938 3308 3011 ὑπερηφανίας
3333 2937 3538 3006 πατήρ.
3572 2934 3700 3005 ’ῼή-

2109 3035 2178 3108 θη
2201 3034 2259 3089 δέ
2286 3035 2369 3088 ὅτι
2399 3031 2772 3104 καταλήψεται
2816 3032 2916 3102 τὴν
2956 3027 3281 3099 οἰκουμένην
3309 3026 3703 3097 ἀντιπράττον-

2109 3143 2201 3191 τος
2227 3124 2461 3189 οὐδενός.
2515 3123 2654 3178 Ἀλλ’
2677 3123 2777 3195 οὐχ
2811 3121 2954 3177 οὑτω
2978 3121 3161 3176 ποθέν·
3186 3118 3452 3190 ἐκϐέϐηκε
3479 3117 3703 3188 δέ-μᾶλ-

2119 3219 2208 3272 λον
2255 3215 2405 3288 αὑτῷ
2454 3216 2588 3284 πρὸς
2640 3216 2749 3270 πᾶν
2788 3213 3094 3269 τούναντίον
3133 3212 3239 3267 τῶν
3269 3209 3612 3283 πραγμάτων
3637 3209 3704 3261 τὸ

2114 3309 2308 3382 πέρας.
2368 3308 2684 3379 Ἀντείρηκε
2726 3307 2834 3377 γὰρ
2865 3306 3006 3378 ὑπὲρ
3043 3304 3201 3376 ήμῶν
3241 3303 3269 3356 ό
3315 3300 3570 3372 Χριστός·
3608 3300 3706 3352 καὶ

2111 3400 2214 3456 οὑκ
2279 3400 2568 3471 ἀντείρηκε
2623 3399 2816 3470 μόνον,
2866 3397 3002 3452 ἀλλά
3056 3398 3150 3451 καὶ
3178 3393 3536 3466 ὑπερήθλησε
3602 3391 3704 3461 τῆς

2111 3491 2366 3547 ἁπάντων
2413 3473 2596 3561 ζωῆς,
2640 3489 2891 3560 νενίκηκε
2944 3489 3034 3542 τὸν
3092 3487 3407 3558 ἀλητήριον,
3450 3485 3544 3537 καὶ
3589 3484 3706 3545 τοῖς

434 3578 545 3632 τῶν
606 3579 775 3649 ἁγίων
839 3583 1154 3657 ὑπέστρωσε
1210 3586 1386 3641 ποσίν.
1443 3589 1586 3657 Ἔφη
1648 3586 1757 3659 γὰρ
1801 3587 1986 3651 αὐτοῖς
2013 3602 2026 3618 ν
2071 3602 2091 3637 ι
2150 3585 2281 3638 ’1δοὺ
2315 3584 2522 3639 δέδωκα
2561 3585 2692 3654 ὑμῖν
2765 3581 3016 3647 ἐξουσίαν
3060 3581 3250 3634 πατεῖν
3289 3578 3471 3632 ἐπάνω
3520 3575 3708 3644 ὄφεων

437 3669 533 3724 καὶ
590 3671 883 3742 σκορπίων,
941 3677 1036 3730 καὶ
1095 3679 1187 3732 ἐπὶ
1250 3680 1430 3734 πᾶσαν
1481 3678 1581 3752 τὴν
1637 3679 1866 3750 δύναμιν
1919 3681 2015 3732 τοῦ
2054 3677 2271 3751 ἐχθροῦ.
2310 3696 2330 3730 ι
2881 3679 2898 3692 ’

512 3759 674 3820 Vens.
711 3764 800 3832 15,
837 3767 936 3832 16.
974 3767 1120 3823 Num
1159 3771 1478 3842 gloriabitur
1515 3772 1713 3827 securis
1763 3773 1876 3826 sine
1914 3771 2005 3826 illo

437 3855 526 3924 qui
557 3863 691 3910 secet
723 3860 822 3914 ea?
851 3876 974 3913 num
1003 3861 1275 3916 attolletur
1306 3880 1451 3917 serra
1486 3864 1597 3918 sine
1634 3881 1694 3919 eo
1726 3865 1817 3934 qui
1844 3865 2008 3918 trahit

433 3949 592 4002 eam.’
621 3946 876 4004 Similiter
917 3953 965 4006 si
999 3955 1116 4024 quis
1165 3954 1405 4010 leuauerit
1445 3957 1644 4027 uirgam
1677 3957 1754 4012 vel
1778 3957 2009 4027 lignum,

439 4056 608 4095 nonne
646 4041 769 4096 sic?
798 4042 901 4098 Sed
943 4046 1138 4099 emittet
1193 4045 1448 4100 Dominus
1491 4045 1726 4102 Sabaoth
1762 4047 1816 4103 in
1863 4060 2011 4102 tuum

436 4127 684 4185 honorem
723 4131 1091 4202 ignominiam,
1133 4144 1180 4189 et
1229 4136 1282 4190 in
1308 4145 1469 4204 .tuam
1502 4135 1725 4208 gloriam
1756 4138 1891 4210 ignis
1923 4155 2011 4193 ar-

434 4220 562 4275 dens
585 4223 910 4278 incendetur.

505 4313 702 4382 Aperte
728 4317 1002 4388 redarguit
1025 4316 1309 4390 Assyrium
1338 4330 1393 4375 et
1425 4327 1627 4376 temere
1655 4321 1920 4386 inﬂatum,
1953 4329 2009 4376 et

436 4419 662 4474 prorsus
705 4407 948 4478 ignarum
973 4411 1113 4478 quod
1153 4425 1257 4465 non
1291 4427 1482 4468 manus
1513 4413 1630 4483 ejus
1666 4429 1802 4483 opus
1830 4411 2004 4468 fuerit

2185 3771 2280 3839 Μὴ
2309 3769 2752 3837 δοξασθήσεται
2795 3767 2979 3838 ἀξίνη
3019 3765 3167 3820 ἄνευ
3217 3764 3322 3818 τοῦ
3370 3763 3703 3828 κόπτοντος

2107 3863 2177 3917 ἐν
2201 3861 2390 3931 aerii;
2415 3863 2481 3918 Ἢ
2499 3861 2886 3930 ὑψωθήσεται
2909 3860 3098 3929 πρίων
3120 3857 3267 3911 ἄνευ
3288 3855 3395 3910 τοῦ
3414 3854 3704 3919 ἕλκοντος

2108 3955 2329 4018 αὑτόν;
2369 3954 2669 4019 Ὡσαύτως
2684 3951 2793 4006 ἐὰν
2814 3969 2905 4016 τις
2924 3949 3037 4019 ᾆρη
3052 3947 3280 4018 ῥάϐδον
3297 3947 3332 4015 ἢ
3353 3947 3559 4010 ξύλον·
3589 3947 3704 4014 οὐχ

2107 4047 2328 4113 οὕτως,
2362 4047 2498 4101 ἀλλ’
2547 4044 2878 4100 ἀποστελεῖ
2916 4044 3132 4111 Κύριος
3170 4039 3411 4093 Σαϐαὼθ
3459 4039 3546 4103 είς
3588 4035 3706 4103 τὴν

2109 4139 2235 4208 σὴν
2274 4137 2448 4207 τιμὴν
2485 4138 2747 4207 ἀτιμίαν,
2788 4135 2888 4214 καί
2918 4137 3005 4202 είς
3036 4135 3152 4204 τὴν
3193 4134 3318 4202 σὴν
3351 4131 3538 4197 δόξαν
3583 4129 3704 4197 πῦρ

2115 4232 2433 4300 καιόμενον
2463 4229 2849 4296 καυθήσεται.

2106 4361 2113 4368 ο
2185 4323 2460 4393 Διελέγχει
2492 4321 2679 4390 σαφῶς
2711 4321 2802 4375 τὸν
2836 4318 3139 4390 Ἀσσύριον,
3185 4317 3305 4387 εἰκῆ
3327 4333 3386 4368 τε
3413 4315 3705 4385 ἀναφυσώ-

2120 4431 2301 4485 μενον,
2333 4415 2428 4467 καὶ
2457 4412 2767 4483 ἠγνοηκότα
2795 4410 3098 4474 παντελῶς,
3127 4409 3202 4472 ῶς
3227 4409 3429 4478 ἥκιστα
3480 4407 3578 4476 μὲν
3604 4405 3703 4474 τῆς

437 4498 742 4554 Samariam
790 4501 1039 4570 perdere,
1091 4512 1147 4558 et
1196 4504 1302 4559 un‘a
1358 4521 1481 4561 cum
1530 4520 1593 4560 ea
1622 4507 1760 4561 alias
1793 4521 2007 4577 quoque

2117 4506 2282 4560 αὑτοῦ
2327 4506 2510 4578 χειρὸς
2547 4506 2709 4576 ἔργον
2752 4505 2944 4574 γέγονε
2990 4503 3051 4558 τὸ
3079 4500 3339 4556 ἀπολέσαι
3386 4499 3485 4570 τὴν
3519 4500 3706 4569 Σαμαοι

438 4593 602 4646 urbes
630 4606 843 4663 capere,
867 4594 962 4650 sed
985 4594 1160 4664 potius
1193 4595 1469 4652 decretum
1497 4614 1834 4668 supremum,
1869 4597 2012 4666 quod

439 4682 506 4737 iis
555 4684 645 4754 qui
705 4686 1117 4744 intolerabiliter
1160 4699 1286 4744 sunt
1328 4691 1500 4759 impii,
1569 4705 1669 4746 ceu
1722 4691 2010 4757 bipennem

438 4776 750 4844 quamdam,
797 4779 880 4835 vel
935 4780 1140 4852 virgam
1171 4820 1186 4846 ,
1235 4782 1319 4836 Vel
1367 4782 1573 4848 lignum
1621 4779 1807 4836 inl‘ert.
1860 4779 2007 4835 Cedo

439 4869 583 4922 enim
619 4869 775 4937 mihi,
822 4872 1018 4941 inquit,
1061 4889 1094 4929 ο
1137 4873 1514 4928 amentissime
1542 4871 1830 4926 omnium!
1883 4886 2010 4925 num

440 4959 652 5015 securis
677 4960 994 5031 gloriabitur
1027 4964 1144 5020 sine
1177 4963 1271 5018 illo
1299 4965 1392 5033 qui
1443 4972 1589 5018 secet
1621 4962 1723 5017 ea?
1753 4962 2010 5031 Bipennis

441 5051 585 5104 enim
614 5050 662 5105 si
691 5054 892 5122 optime
921 5064 1235 5116 exacuatur,
1263 5053 1629 5109 accommoda.
1649 5061 1734 5108 est
1763 5055 1829 5108 ad
1865 5053 2010 5124 ligna

443 5141 558 5210 agri
583 5141 939 5199 detondenda.
974 5143 1111 5200 Num
1142 5144 1308 5215 igitur
1357 5143 1595 5198 laudabit
1631 5145 1775 5214 quis,
1809 5145 2012 5216 inquit,

442 5231 698 5299 securim,
735 5235 887 5302 quasi
919 5235 1020 5289 hoc
1055 5243 1315 5303 praestare
1351 5235 1556 5305 absque
1588 5234 1864 5292 incidente
1887 5250 2012 5291 cunt

442 5337 508 5374 ca
537 5323 748 5379 valeat?
800 5325 961 5380 Serra
1010 5340 1107 5396 per
1165 5341 1225 5381 se
1273 5327 1404 5398 quid
1455 5326 1672 5393 clliciet,
1729 5328 1832 5383 nisi
1890 5329 2013 5400 quis

447 5411 673 5467 traxerit
715 5411 886 5476 illam,
931 5428 996 5468 ac
1032 5428 1247 5469 rursum
1285 5415 1586 5487 depulerit?
1630 5417 1687 5473 Si
1734 5433 1862 5476 vero
1893 5418 2015 5488 quis

445 5511 635 5558 contra
660 5503 1019 5575 quodcunque
1065 5519 1159 5560 seu
1195 5507 1420 5580 virgam,
1448 5523 1540 5564 seu
1571 5507 1777 5580 lignum
1811 5511 2011 5578 elevet,

451 5604 628 5648 annon
657 5609 871 5650 rursum
906 5594 986 5651 sic
1009 5595 1154 5653 erit?
1182 5595 1391 5657 Jacebit
1421 5599 1562 5657 enim
1586 5601 1735 5672 virga
1761 5602 1814 5659 in
1842 5613 2010 5673 terra,

521 5748 564 5778 ’°
597 5748 704 5804 Luc
760 5765 807 5813 κ,
840 5749 917 5804 ll).

2119 4615 2291 4667 ρειαν,
2318 4597 2457 4649 ἑλεῖν
2477 4596 2532 4648 δὲ
2555 4597 2651 4649 σὺν
2677 4598 2815 4668 αὑτῇ
2843 4596 2937 4650 καὶ
2955 4595 3055 4657 τὰς
3077 4593 3269 4663 ἑτέρας
3295 4591 3496 4655 πόλεις,
3522 4589 3703 4660 ψήφου

2116 4687 2174 4739 δὲ
2213 4687 2413 4756 μᾶλλον
2443 4688 2542 4758 τῆς
2578 4686 2783 4742 ἄνωθεν
2819 4685 3186 4759 ἐπιφερούσης
3219 4682 3399 4737 αὐτῶν
3429 4684 3544 4745 τοῖς
3573 4683 3708 4750 ἀφό-

2119 4793 2263 4847 ρητα
2321 4776 2774 4847 δεδυσσεϐηκόσι,
2840 4777 3093 4846 καθάπερ
3151 4774 3274 4827 τινά
3344 4773 3602 4838 πέλεκυν,
3674 4771 3706 4841 ἦ

2118 4867 2313 4937 ῥάϐδον
2338 4867 2370 4937 ἢ
2405 4866 2578 4932 ξύλον.
2601 4869 2736 4922 Εἰπὲ
2759 4869 2867 4940 γάρ
2889 4885 3001 4938 μοι,
3026 4866 3211 4938 φησιν.
3235 4859 3278 4918 ῶ
3301 4865 3521 4918 πάντων
3549 4863 3710 4917 ἀνού-

2121 4975 2301 5025 στατε,
2351 4960 2427 5030 μὴ
2475 4960 2633 5030 ἀξίνη
2679 4958 3071 5030 δοξασθήσεται
3114 4959 3242 5012 ἄνευ
3281 4956 3375 5009 τοῦ
3410 4957 3708 5017 κόπτοντος

2119 5049 2176 5101 ἐν
2209 5048 2369 5119 αὑτῇ.
2396 5049 2634 5112 Πέλεκυς
2661 5049 2757 5119 μὲν
2787 5047 2895 5119 γὰρ
2925 5049 3122 5118 ἄριστα
3149 5047 3483 5116 τεθηγμένος
3514 5047 3609 5097 καὶ
3633 5062 3711 5097 το-

2124 5141 2223 5212 μὸς
2253 5141 2571 5212 ἐπιτηδείως
2609 5139 2673 5194 ἂν
2699 5140 2810 5211 ἔχοι
2848 5139 2982 5209 πρὸς
3015 5139 3076 5191 τὸ
3106 5137 3424 5208 ἀποκείρειν
3447 5135 3708 5189 δύνασθαι

2121 5234 2190 5287 τά
2213 5237 2269 5288 ἐν
2295 5235 2483 5306 ἀγροῖς
2511 5232 2662 5299 ξύλα.
2685 5231 2813 5303 ’Ἆρ’
2844 5229 2937 5286 οὑν
2961 5231 3247 5286 ἐπαινέσαι
3266 5248 3351 5294 τις
3374 5230 3474 5301 τὴν
3497 5229 3704 5298 ἀξίνην,

2121 5326 2196 5390 ὡς
2242 5326 2400 5380 τοῦτο
2453 5328 2586 5398 δρᾷν
2639 5326 2961 5396 δυναμένην,
3017 5325 3136 5396 δίχα
3175 5322 3272 5378 τοῦ
3320 5323 3614 5383 κόπτοντος
3652 5324 3707 5374 ἐν

2122 5421 2300 5491 αὐτῇς
2348 5422 2660 5490 Ἐνεργήσει
2693 5419 2750 5473 δέ
2776 5420 2828 5474 τί
2856 5419 2978 5473 καθ’
3017 5419 3208 5472 ἑαυτὸν
3253 5419 3282 5471 ὁ
3312 5418 3510 5488 πρίων,
3546 5418 3595 5470 εί
3631 5417 3704 5486 μή

2119 5531 2204 5577 τις
2235 5513 2444 5566 ἕλκοιτό
2471 5529 2528 5565 τε
2563 5513 2746 5580 αὑτὸν,
2792 5513 2889 5566 καὶ
2931 5512 3268 5584 κατωθήσειε
3313 5510 3512 5573 πάλιν;
3540 5510 3603 5562 Εἰ
3651 5507 3705 5561 δὲ

2120 5607 2182 5678 δή
2221 5623 2302 5670 τις
2329 5605 2450 5660 καθ’
2478 5604 2652 5662 ὁτιοῦν
2692 5606 2725 5676 ἢ
2765 5606 2980 5677 ῥάϐδον,
3008 5605 3042 5676 ἢ
3079 5603 3252 5673 ξύλον·
3286 5598 3376 5676 ἆρ’
3402 5602 3500 5673 οὐχ
3532 5599 3702 5661 οὕτως
