4016 6508
277 389 404 446 239
1452 377 1519 433 IN
1557 377 1795 434 lSAlAM
1839 380 1863 436 1

2016 379 2058 437 ι.
2101 380 2313 440 cun.
2353 354 2451 440 v1;
3494 376 3602 435 που

271 504 449 560 ἔσται
499 503 703 570 πάλιν;
746 503 1008 556 Κείσεται
1063 503 1162 574 μὲν
1207 501 1317 573 γὰρ
1357 503 1391 571 ή
1428 502 1624 572 ῥάϐδος
1664 504 1745 566 εἰς
1784 503 1854 574 γῆ

2016 511 2072 556 et
2107 501 2312 570 lignum
2351 498 2715 569 projicietur:
2746 505 2800 553 at
2833 496 2880 553 si
2908 497 3034 568 quis
3069 495 3364 565 acceperit,
3401 504 3458 550 et
3503 511 3599 567 ap-

272 601 560 673 ερῤιπται
612 599 670 653 δὲ
718 597 815 651 καὶ
841 598 902 651 τὸ
932 596 1107 662 ξύλον,
1139 596 1252 650 ἀλλ’
1283 595 1446 659 εἴτις
1477 594 1660 650 λαϐὼν
1712 596 1858 664 ὲπάγ

2014 593 2316 662 plicaverit,
2355 602 2484 645 tunc
2517 592 2740 646 omnino
2774 607 2837 647 ea
2884 605 3006 662 qua:
3053 604 3152 661 per
3191 589 3280 644 illa
3332 590 3491 654 tiuut,
3538 591 3593 645 in

273 696 422 754 τισὶ,
457 693 589 745 τότε
617 691 683 764 δὴ
715 691 934 752 πάντως
958 691 1039 755 εἰς
1073 689 1237 760 ἔργον
1267 689 1389 760 ἣξει
1415 688 1487 742 τὰ
1517 688 1584 742 δι’
1616 689 1815 744 αὐτῶν.
1845 691 1859 741 τ

2016 698 2148 754 opus
2192 683 2432 738 venient.
2476 681 2615 749 Quid
2658 698 2814 753 ergo,
2865 683 3060 753 inquit,
3106 682 3214 737 alta
3255 681 3438 751 sapis?
3472 682 3602 750 quid

277 782 698 852 τοίνυν,φησ“ι,
725 781 1077 853 πεφρόντικας
1117 780 1333 852 sonte;
1384 781 1450 834 Τί
1499 780 1557 835 δὲ
1603 781 1703 850 τὴν
1739 782 1863 851 όφρί

2016 776 2366 846 supercilium
2411 775 2606 830 tollis?
2641 775 3036 832 Exsistimasne
3076 785 3165 831 tua
3212 777 3265 830 vi
3303 777 3406 831 hoc
3442 773 3602 844 177

293 875 585 944 ἁνασπᾷς;
633 874 751 926 Οἴει
792 875 876 927 ὅτι
913 873 1021 945 ἰδίᾳ
1060 874 1288 944 δυνάμει
1333 874 1703 946 κατῶρθωκας
1751 873 1879 927 αὐτὸ

2016 869 2357 941 perfunctum
2382 883 2505 923 esse
2538 878 2610 934 te,
2641 878 2701 921 ut
2725 883 2954 938 caperes
2976 869 3162 932 urbes,
3191 883 3314 924 cum
3343 877 3602 938 tanquam

307 965 368 1018 τὸ
397 964 537 1016 ἑλεῖν
576 963 682 1027 τὰς
719 964 928 1028 πόλεις,
958 967 1015 1017 ὲν
1045 964 1278 1034 ούρανοῦ
1328 964 1480 1028 τάξει
1529 964 1893 1036 παραληφθεὶς

2020 964 2433 1017 instrumentum
2490 975 2520 1014 a
2563 975 2725 1013 manu
2771 960 3030 1014 nimirum
3071 961 3276 1027 divina,
3319 975 3442 1029 quae
3490 959 3606 1013 haec

310 1054 450 1125 παρὰ
473 1054 576 1123 τῆς
608 1055 800 1108 ἐκεῖνα
826 1055 1088 1127 ποιούσης
1111 1056 1316 1127 χειρὸς,
1347 1055 1591 1127 δηλονότι
1617 1058 1717 1129 τῆς
1739 1057 1896 1121 θείας]

2017 1057 2147 1110 facit
2193 1055 2469 1109 adhibitus
2512 1052 2728 1116 fueris?
2776 1067 2883 1108 non
2935 1053 3099 1122 igitur
3133 1057 3226 1106 tua
3267 1051 3456 1124 gloria,
3508 1053 3603 1106 sed

306 1149 377 1201 Ού
408 1148 477 1219 σὴ
502 1147 810 1218 τοιγαροῦν
841 1145 1041 1217 ήδόξα·
1066 1147 1205 1200 Θεοῦ
1232 1148 1290 1201 δὲ
1321 1148 1522 1220 μᾶλλον
1546 1149 1641 1203 τοῦ
1659 1150 1892 1220 καθάπεε

2016 1149 2107 1204 Dei
2160 1149 2362 1219 potius,
2409 1147 2534 1216 quia
2592 1155 2682 1200 tua
2742 1145 3068 1200 crudelitate
3115 1153 3374 1214 tanquam
3421 1148 3602 1200 securi

305 1237 420 1291 τινὰ
449 1237 722 1301 πέλεκυν,
764 1237 798 1308 ἢ
837 1237 1056 1310 ῥάϐδον,
1088 1237 1121 1309 ἢ
1152 1237 1310 1304 ξύλον
1350 1239 1451 1310 τὴν
1482 1237 1581 1312 σὴν
1614 1237 1891 1308 ἐπάγοντα

2017 1235 2264 1304 quapiam
2331 1247 2427 1290 seu
2479 1234 2656 1304 virga,
2707 1247 2802 1288 seu
2861 1233 3026 1314 ligno,
3077 1233 3337 1287 adversus
3384 1247 3478 1288 eos
3507 1233 3603 1303 qui

298 1330 566 1401 ὡμότητα
584 1332 703 1392 τοῖς
727 1329 880 1399 αύτῷ
900 1331 1424 1402 προσκε-κρουκόσιν.
1453 1333 1594 1402 Ἐσῃ
1615 1332 1794 1386 τοίνυν
1815 1333 1884 1403 οὐ]

2016 1328 2190 1398 ipsum
2217 1326 2562 1382 oﬂ‘enderant
2596 1341 2728 1382 usus
2753 1335 2857 1381 est.
2890 1325 3006 1378 Non
3035 1325 3203 1396 igitur
3235 1324 3366 1390 eris,
3407 1325 3507 1391 ait,
3529 1325 3600 1380 ita

298 1421 464 1486 οὕτω,
491 1424 687 1493 φησὶν,
720 1423 798 1486 ὡς
814 1418 1004 1495 ᾠήθης
1030 1424 1213 1487 αὑτός.
1243 1423 1383 1478 Οὔτε
1416 1426 1523 1498 μὴν
1552 1428 1610 1480 ὲν
1624 1427 1884 1498 ταυτότητ

2019 1421 2091 1474 uti
2126 1420 2242 1490 ipse
2268 1419 2518 1489 cogitas:
2547 1433 2650 1475 nec
2683 1419 2935 1473 eumdem
2966 1417 3154 1488 gloria:
3187 1425 3430 1472 tenorem
3465 1416 3605 1472 reti.

294 1516 457 1586 δόξης
482 1515 792 1586 διαμενεῖς,
829 1516 947 1570 ἀλλ’
978 1515 1099 1571 οὐδὲ
1125 1518 1246 1580 ταῖς
1283 1515 1458 1582 οὕτως
1488 1519 1686 1590 άσραῖς
1711 1521 1880 1573 ὲνσπα

2014 1509 2186 1575 nebis,
2209 1509 2304 1565 sed
2335 1523 2517 1579 neque
2545 1519 2654 1564 tam
2701 1508 2953 1564 delicatis
2993 1507 3296 1563 honoribus
3328 1507 3600 1574 lascivies,

295 1608 563 1677 ταλήσεις
609 1609 825 1677 τιμαῖς.
859 1606 936 1659 Οὐ
973 1609 1039 1678 τῇ
1074 1605 1222 1676 ἰσχύϊ
1251 1609 1521 1678 ποιήσεις,
1561 1608 1684 1662 οὐδὲ
1726 1612 1790 1682 τῇ
1831 1625 1881 1663 σε

2017 1615 2115 1656 nec
2145 1601 2198 1655 in
2231 1601 2554 1657 fortitudine
2589 1600 2778 1666 facies,
2796 1615 2900 1656 nec
2926 1601 3196 1671 sapientia
3226 1601 3603 1672 intelligentia:

298 1700 398 1771 φῐᾳ
429 1699 538 1769 τῆς
573 1699 850 1763 συνέσεως
883 1700 1104 1768 ἀφελεῖς
1131 1702 1256 1769 ὅρια
1287 1700 1480 1756 ἐθνῶν.
1513 1702 1586 1755 Οὐ
1620 1703 1884 1776 καταλήψι

2018 1693 2167 1748 tolles
2206 1693 2444 1763 gentium
2477 1693 2763 1759 terminos,
2811 1707 2916 1748 non
2967 1692 3154 1762 capies
3187 1693 3378 1748 orbem
3425 1703 3604 1748 terra.

299 1792 398 1864 τὴν
424 1793 766 1864 οἰκουμένην
816 1792 893 1856 ὡς
937 1794 1018 1846 ὠὰ
1063 1793 1558 1866 καταλελειμμένα.
1605 1795 1743 1850 Ἀλλ’
1775 1798 1885 1852 ἀπο

2015 1800 2133 1842 rum
2162 1795 2222 1841 ut
2247 1800 2349 1840 ova
2387 1785 2600 1852 relicta,
2649 1784 2744 1841 sed
2775 1785 2951 1840 mittet
2989 1785 3252 1840 Dominus
3284 1783 3522 1842 Sabaoth
3546 1787 3601 1841 in

294 1883 481 1936 στελεί
520 1883 733 1954 Κύριος
775 1882 1006 1937 Σαϐαὼο
1060 1885 1140 1946 είς
1181 1884 1280 1954 τὴν
1324 1884 1424 1955 σὴν
1464 1883 1630 1956 τιμὴν
1657 1886 1880 1956 ἀτιμίαν

2017 1887 2166 1932 tuum
2197 1877 2385 1943 decus,
2418 1877 2676 1942 dedecus,
2699 1886 2755 1932 et
2784 1877 2838 1932 in
2878 1877 3107 1946 gloriam
3137 1885 3287 1932 tuam
3337 1877 3481 1947 ignis
3514 1893 3602 1933 ar-

289 1975 392 2027 καὶ
439 1974 526 2037 είς
572 1973 676 2044 τὴν
720 1972 819 2044 σὴν
861 1973 1021 2040 δόξαν
1063 1973 1177 2045 πῦρ
1220 1974 1512 2044 καιόμενον
1552 1975 1875 2047 καυθήσεται

2015 1969 2152 2026 dens
2184 1971 2537 2025 accendetur.
2571 1970 2748 2026 Decus
2772 1977 2951 2024 autem
2974 1968 3090 2039 ejus
3117 1968 3250 2024 dicit
3273 1971 3598 2036 exercitum,

283 2063 481 2133 Τιμὴν
511 2062 572 2115 δὲ
605 2061 774 2116 αὑτοῦ
817 2079 974 2134 φησι,
1005 2061 1105 2135 τὴν
1145 2061 1238 2116 ὑπ’
1267 2061 1418 2135 αὐτῷ
1465 2064 1807 2134 πράττουσάν
1849 2083 1869 2118 1

2015 2067 2106 2135 qui
2163 2063 2265 2120 sub
2314 2064 2436 2134 ipso
2489 2065 2756 2120 merebat.
2809 2061 2939 2117 inde
2985 2063 3130 2117 enim
3178 2060 3443 2131 gloriatus
3488 2074 3595 2141 est.

284 2157 389 2210 καὶ
422 2156 806 2226 ὑποκειμένην
843 2155 1126 2227 στρατιάν.
1161 2155 1436 2227 Ἐπάύτῇ
1463 2157 1569 2227 γὰρ
1603 2156 1870 2222 δεδόξαστ‹

2018 2157 2160 2229 Ignis
2199 2172 2352 2228 ergo,
2401 2156 2598 2225 inquit,
2651 2154 2873 2209 invadet
2911 2153 3088 2218 illum,
3140 2160 3402 2223 tuumque
3437 2154 3602 2210 decus

285 2247 422 2318 Πῦρ
445 2243 548 2301 οὖν
577 2246 702 2317 ⁴ἥξει
737 2245 860 2301 κατ’
901 2245 1095 2317 αὐτῆς,
1137 2245 1293 2316 φησὶ,
1321 2245 1414 2298 καὶ
1456 2246 1782 2316 καταφλέξει
1808 2249 1871 2320 τὴ

2015 2252 2286 2307 amburet.
2347 2249 2814 2317 Quemadmodum
2876 2247 3042 2319 igitur
3102 2246 3206 2302 hoc
3253 2245 3460 2303 factum
3509 2247 3601 2312 sit,

285 2338 396 2411 σὴν
422 2341 620 2410 τιμήν.
664 2339 798 2393 Τίνα
830 2339 889 2393 δὲ
917 2339 1120 2412 τρόπον
1152 2339 1247 2393 καλ.
1269 2337 1430 2394 τοῦτο
1451 2340 1662 2411 γέγονε,
1690 2342 1871 2415 διατρο

1405 2358 1430 2394 ο
1451 2340 1662 2411 γέγονε,
1690 2342 1911 2415 διατρα-
2017 2359 2206 2400 rursus
2229 2344 2513 2414 explanat,
2552 2357 2652 2398 rrec
2681 2341 2734 2396 id
2760 2341 2991 2411 prolixe.

282 2436 374 2486 νοῖ
411 2433 610 2498 πάλιν,
648 2434 743 2488 καὶ
769 2434 872 2487 οὐκ
902 2436 984 2497 είς
1011 2435 1251 2506 μακράν.
3152 2440 3162 2449 '
3351 2486 3378 2505 ._

359 2526 482 2580 Καὶ
536 2527 716 2581 ἐσται
766 2528 832 2581 τὸ
887 2525 1016 2597 φῶς
1057 2527 1139 2594 τῷ
1181 2531 1420 2601 Ἰσραὴλ
1469 2533 1558 2596 εἰς
1609 2530 1750 2598 πῦρ.
1811 2530 1913 2584 καὶ

2086 2517 2254 2575 Vens.
2293 2519 2484 2576 17-19.
2519 2518 2591 2573 Et
2642 2521 2742 2574 erit
2793 2520 2888 2575 lux
2944 2519 3164 2576 Israeli:
3212 2538 3308 2592 pro
3355 2522 3497 2592 igne,
3551 2535 3603 2579 et

279 2618 544 2689 ἀτιάσει
579 2619 773 2674 αὐτὸν
809 2619 880 2672 ὲν
908 2619 1054 2687 πυρὶ
1085 2622 1400 2691 καιομένῳ,
1431 2623 1532 2676 καὶ
1557 2623 1804 2692 φάγεται
1830 2622 1865 2674 εἰ

2017 2613 2365 2683 sanctiﬁcabit
2433 2629 2552 2668 eum
2599 2614 2720 2683 igne
2762 2615 2994 2680 ardenti,
3029 2626 3076 2668 et
3108 2616 3221 2668 edet
3247 2616 3382 2669 sicut
3423 2616 3603 2682 fenum

277 2712 522 2781 χόρτον
545 2712 668 2780 τὴν
689 2713 871 2781 ὕλην.
904 2711 982 2780 Τῇ
1006 2713 1197 2783 ἡμέρᾳ
1223 2716 1428 2784 ἐκείνῃ
1455 2713 1863 2779 ἀποσϐεσθήσε

2017 2707 2220 2761 silvam.
2268 2706 2364 2762 Die
2399 2706 2494 2761 illa
2537 2709 2937 2777 exstinguentur
2979 2717 3206 2773 montes,
3247 2719 3295 2762 et
3344 2710 3528 2772 colles,
3555 2720 3603 2762 et

277 2820 386 2858 ται
418 2803 517 2871 ,τὰ
562 2804 854 2872 ὄρη,ικαί
900 2809 954 2860 οἱ
996 2806 1238 2874 βουνοί,
1297 2808 1396 2862 καί
1444 2810 1499 2862 οἱ
1522 2807 1756 2876 δρυμοί.
1797 2810 1863 2864 Kc

2016 2799 2207 2865 saltus,
2251 2809 2299 2854 et
2346 2799 2612 2854 devorabit
2655 2800 2718 2853 ab
2749 2802 2932 2854 anima
2970 2817 3134 2871 usque
3161 2818 3368 2855 carnes.
3402 2800 3473 2855 Et
3504 2802 3602 2855 erit

280 2897 713 2967 καταφάγεται
746 2897 867 2952 ἀπὸ
900 2896 1112 2969 ψυχῆς
1137 2900 1252 2966 ἔως
1287 2897 1552 2968 σαρκῶν.
1587 2899 1700 2955 Καὶ
1735 2899 1866 2954 ἐστι

2017 2891 2225 2960 fugiens
2255 2891 2392 2946 velut
2427 2892 2637 2961 fugiens
2679 2909 2710 2945 a
2741 2893 2958 2962 ﬂantum
3007 2894 3250 2948 ardente.
3312 2894 3380 2948 Et
3416 2911 3603 2963 super.

280 2993 318 3046 ὁ
348 2992 608 3061 φεύγων
641 2989 726 3057 ὡς
752 2991 996 3060 φεύγων
1031 2992 1151 3047 ἀπὸ
1182 2992 1410 3062 φλογὸς
1437 2991 1778 3062 καιομένης·
1807 3009 1866 3047 xc

2013 2986 2163 3041 uites
2187 3000 2254 3040 ea:
2276 2986 2390 3041 illis
2422 2995 2576 3041 erunt
2610 3001 2883 3052 numerus,
2925 2997 2974 3041 et
2999 2988 3248 3056 paruulus
3274 2989 3463 3044 scribet
3489 3005 3599 3043 eos.

280 3083 341 3134 οἱ
396 3079 919 3150 καταλειφθέντες
953 3081 1069 3135 ἀπ’
1109 3079 1312 3136 αὐτῶν
1345 3081 1595 3136 ἔσονται
1635 3083 1905 3152 ἀριθμὸς,

283 3174 389 3228 καί
413 3172 669 3226 παιδίον
688 3171 908 3243 γράψει
931 3173 1176 3240 αὐτούς.

356 3237 946 3338 Δυσέφικτον-σφόδρα
974 3267 1036 3320 τὸ
1058 3237 1371 3338 εἰρημένον,
1399 3268 1494 3322 καὶ
1513 3269 1547 3338 ή
1579 3268 1681 3340 τῆς
1705 3268 1904 3336 λέξεως
1932 3244 1942 3291 ⁴

2082 3271 2250 3327 Valde
2307 3273 2602 3328 obscurum
2646 3283 2731 3328 est
2780 3272 2924 3343 quod
2970 3272 3208 3338 dicitur,
3261 3282 3316 3328 et
3341 3271 3604 3327 orationis

289 3357 540 3430 συνθήκη
590 3357 695 3430 τὴν
742 3358 1002 3412 ἀπόδοσιν
1047 3359 1162 3430 ἔχει
1203 3359 1662 3434 δυσχερεστάτην.
1717 3363 1873 3435 Σαφη

2013 3373 2287 3419 structura
2359 3379 2578 3419 sensum
2652 3362 2810 3419 aﬂ‘ert
2866 3365 3141 3420 intellectu
3203 3364 3599 3420 diﬂicillimum.

293 3450 516 3520 νιοῦμεν
531 3451 591 3504 δὲ
620 3451 914 3515 πάλιν,τδν
942 3450 1002 3504 ἐν
1023 3468 1087 3520 γε
1115 3454 1232 3516 τοῖς
1253 3452 1639 3524 προκειμένοις
1663 3455 1879 3526 κρυπτό

2018 3454 2416 3524 Explicabimus
2466 3463 2647 3510 autem
2703 3471 2893 3511 rursus
2938 3471 3158 3511 sensum
3201 3457 3255 3510 in
3308 3455 3393 3511 his
3419 3457 3604 3511 verbis

302 3557 462 3612 μενον
504 3541 661 3608 νοῦν,
693 3541 881 3595 ἐκεῖνα
911 3543 1330 3615 προειρηκότεςο
1361 3538 1490 3597 Εἷλε
1523 3545 1621 3615 μὲν
1661 3546 1770 3618 γὰρ
1803 3545 1888 3616 rip

2019 3547 2294 3613 latentem,
2340 3546 2472 3602 illud
2523 3547 2781 3617 praefati:
2828 3548 2984 3618 Cepit
3031 3549 3290 3603 nimirum
3321 3548 3605 3604 Salmana—

297 3632 614 3705 Σαμάρειαν
655 3635 684 3687 ό
725 3632 1134 3705 Σαλαμανασὰρ
1171 3636 1200 3687 ό
1232 3633 1344 3687 τῶν
1394 3635 1698 3706 Ἀσσυρίων
1748 3634 1883 3706 βασι·

2017 3656 2169 3695 sarus
2213 3657 2305 3695 rex
2361 3641 2712 3712 Assyriorum
2742 3641 3068 3708 Samariam,
3099 3641 3407 3712 legavitque
3434 3657 3465 3696 e
3493 3640 3603 3695 La.

287 3725 440 3790 λεὺς,
468 3725 768 3780 ἀπέστειλε
801 3725 859 3780 δὲ
893 3726 1175 3798 Ῥαψάκην
1196 3727 1263 3780 ἐκ
1289 3727 1490 3798 Λαχείς
1512 3729 1594 3791 είς
1629 3728 1873 3799 Ὶερουσα

2015 3733 2140 3788 ches
2200 3734 2498 3803 Rapsacetn
2554 3732 2904 3790 Jerusalem:
2956 3738 3049 3804 qui
3093 3749 3218 3789 cum
3267 3734 3601 3800 advenisset,

285 3815 420 3886 λὴμ,
451 3816 512 3879 ὃς
541 3815 737 3881 ἐλθὼν,
769 3816 864 3868 καὶ
889 3815 1263 3886 πολιορκήσας
1293 3816 1464 3888 αὐτὴν
1492 3816 1871 3888 προσλελάληκ

2017 3841 2240 3896 eamque
2285 3827 2570 3883 obsidione
2615 3827 2904 3894 cinxisset,
2942 3842 3037 3883 eos
3069 3827 3160 3896 qui
3183 3835 3343 3882 erant
3373 3827 3427 3881 in
3462 3839 3603 3880 mm-

278 3911 398 3970 τοῖς
447 3909 507 3960 ἐν
547 3906 630 3978 τῷ
669 3907 840 3978 τείχει
877 3905 948 3958 τά
993 3905 1147 3972 παρὰ
1174 3905 1270 3959 τοῦ
1315 3907 1672 3978 πεπομφότος
1713 3907 1864 3962 αύτὸι

2017 3919 2172 3972 nibus
2210 3915 2413 3973 atratus
2435 3929 2549 3981 est,
2582 3934 2702 3988 qua:
2740 3919 2809 3975 ab
2843 3932 2909 3973 eo
2938 3918 3031 3989 qui
3063 3919 3240 3987 ipsum
3273 3917 3422 3973 misit
3447 3931 3603 3973 acce-

279 3999 608 4071 προσετίθει
638 3998 696 4052 δὲ
724 3998 938 4063 τούτοις
963 3997 1062 4062 τὰς
1092 3997 1235 4052 κατὰ
1277 3997 1372 4051 τοῦ
1409 3997 1545 4052 Θεοῦ
1580 3999 1865 4071 δυσφημία

2015 4022 2186 4082 perat.
2228 4011 2439 4078 Quibus
2471 4012 2719 4081 adjunxit
2751 4012 3123 4082 blasphemias
3170 4020 3226 4066 et
3249 4010 3506 4066 convicia
3549 4010 3601 4065 in

276 4095 491 4163 λέγων,
547 4099 635 4153 ὅτι
670 4093 746 4147 Ui:
785 4092 862 4165 μὴ
900 4091 1122 4166 ῥύσεται
1154 4093 1184 4146 ὁ
1215 4092 1348 4157 Θεὸς
1393 4093 1492 4164 τὴν
1543 4093 1855 4165 Ἰερουσαλὴ

2017 4100 2224 4156 Deum:
2275 4099 2394 4157 Non
2458 4102 2749 4168 liberabit,
2805 4103 3003 4172 inquit,
3055 4103 3195 4158 Deus
3236 4100 3538 4158 Jerusalem
3571 4120 3603 4157 e

276 4191 348 4242 ἐκ
376 4187 574 4259 χειρὸς
603 4186 873 4256 βασιλέως
897 4185 1222 4257 Ἀσσυρίων.
1248 4186 1394 4258 Πρὸς
1424 4186 1488 4257 δὴ
1517 4186 1586 4240 τὰ
1610 4186 1790 4240 τοιάδε
1815 4185 1862 4239 δε

2017 4209 2171 4248 manu
2219 4197 2365 4266 regis
2404 4196 2778 4268 Assyriorum.
2826 4194 2958 4262 Quae
2990 4195 3180 4266 iniquo
3207 4195 3388 4251 ferens
3420 4195 3603 4250 animo

273 4278 662 4351 δυσφορηκὼς
709 4280 737 4332 ό
785 4278 1042 4349 βασιλεὺς
1103 4278 1359 4344 Ἐζεκίας
1417 4277 1516 4342 τὰς
1584 4278 1720 4350 πρὸς
1767 4278 1859 4331 Θεέ

2011 4282 2272 4340 Ezechias
2321 4301 2415 4340 rex
2448 4325 2466 4351 ,
2523 4286 2661 4342 [usis
2711 4287 2778 4340 ad
2835 4288 3001 4340 Deum
3049 4286 3330 4356 precibus,
3375 4285 3597 4357 inquit:

275 4375 533 4426 ἐποιεῖτο
565 4371 720 4435 λιτὰς
739 4371 940 4440 λέγων’
967 4371 1328 4434 Είσάκουσον,
1357 4369 1553 4440 Κύριε,
1593 4369 1861 4440 εῐσϐλεψοη

2016 4378 2241 4444 Exaudi,
2273 4378 2518 4442 Domine,
2558 4378 2766 4447 aspice,
2830 4379 3080 4443 Domine,
3129 4387 3184 4433 et
3231 4379 3602 4449 contemplare

274 4466 492 4538 Κύριε,
519 4467 616 4519 καὶ
643 4465 720 4519 ῐδε
744 4466 868 4528 τοὺς
887 4464 1079 4533 λόγους
1112 4464 1414 4535 Ῥαψάκου,
1437 4463 1531 4528 οὒς
1550 4461 1860 4529 ὲξαπέστει)

2017 4468 2175 4522 verba
2231 4466 2534 4538 Rapsacis,
2594 4483 2718 4538 quae
2768 4467 2953 4523 emisit
3008 4484 3101 4523 rex
3133 4469 3510 4541 Assyriorum,
3543 4481 3603 4525 ut

277 4558 553 4629 βασιλεὺς
594 4557 922 4629 Ἀσσυρίων,
957 4555 1240 4620 ὀνειδίζειν
1279 4556 1412 4610 Θεὸν
1446 4557 1646 4622 ζῶντα.
1692 4556 1863 4627 Έπηγ

2015 4560 2232 4632 probris
2285 4559 2456 4614 Deum
2509 4559 2782 4615 viventem
2833 4560 3218 4616 insectaretur.
3271 4561 3601 4633 Repromisit

274 4651 519 4719 γέλλετο
540 4651 598 4704 δὲ
623 4650 757 4714 Θεὸς
794 4649 894 4721 τὴν
924 4649 1200 4720 σωτηρίαν
1231 4649 1437 4710 αὐτοῖς.
1468 4650 1578 4702 Καὶ
1597 4648 1660 4719 δὴ
1692 4650 1788 4703 καὶ
1809 4649 1860 4715 ἐξ

2015 4669 2142 4708 vero
2185 4651 2329 4708 Deus
2367 4652 2597 4707 salutem
2636 4652 2744 4708 illis
2775 4672 2788 4707 :
2838 4668 3202 4724 egressusque
3229 4655 3399 4710 exivit
3433 4670 3601 4726 ange-

271 4743 457 4812 ἦλθεν
489 4740 724 4809 ἄγγελος
749 4740 983 4812 Κυρίου,
1015 4739 1111 4793 καὶ
1154 4739 1366 4794 ἀνεῖλεν
1405 4741 1463 4792 ὲν
1496 4741 1595 4810 μιᾷ
1635 4738 1791 4793 νυκτὶ
1835 4743 1857 4794 ὲ

2017 4746 2095 4801 lus
2137 4745 2378 4812 Domini,
2402 4754 2458 4801 et
2487 4761 2594 4800 una
2625 4755 2783 4802 nocte
2807 4761 2838 4800 e
2867 4747 3068 4802 castris
3094 4749 3444 4818 Assyriorum
3473 4763 3603 4805 cen-

271 4833 387 4904 τῆς
436 4831 800 4902 παρεμόολῆς
833 4832 944 4884 τῶν
987 4831 1290 4903 Ἀσσυρίων
1331 4831 1527 4884 ἑκατὸν
1567 4830 1857 4903 ὀγδοήκοντ

2013 4847 2126 4890 tum
2157 4836 2432 4907 octoginta
2465 4837 2708 4906 quinque
2743 4837 2910 4892 millia
2939 4837 3260 4893 interemit:
3297 4853 3405 4908 quo
3433 4837 3597 4906 facto,

273 4929 458 4980 πέντε
502 4925 770 4995 χιλιάδας.
817 4919 892 4979 Οὗ
925 4925 995 4994 δὴ
1039 4925 1348 4994 γεγονότος,
1410 4924 1670 4978 ὲὸόιλλετο
1723 4925 1859 4996 μὲν,

2015 4927 2150 4983 ictus
2200 4939 2285 4982 est
2332 4929 2593 4998 Assyrius
2647 4928 2849 4998 ingenti
2902 4928 3120 4984 timore.
3171 4929 3418 4998 Accepto
3473 4945 3601 4987 vero

272 5017 588 5090 Ἀσσύριος
638 5017 902 5089 ἀφορήτῳ
932 5016 1170 5086 δείματι.
1211 5016 1478 5081 Ἀκούσας
1532 5017 1590 5071 δὲ
1634 5017 1858 5087 ἀγγελία

2013 5022 2199 5076 ηιιηιίο
2230 5020 2492 5076 Sarsatha
2531 5036 2712 5092 regem
2777 5019 3102 5092 Ethiopum
3158 5030 3349 5077 contra
3398 5031 3599 5078 terram

270 5111 366 5163 ὃτι
395 5108 665 5178 Σαρσαθὰ
697 5107 957 5178 βασιλεὺς
984 5107 1261 5160 Αἰθιόπων
1285 5105 1478 5178 ἐξῆλθε
1504 5107 1648 5161 κατὰ
1673 5109 1773 5179 τῆς
1803 5109 1856 5178 γὶ

2005 5127 2158 5167 suam
2203 5113 2369 5184 178
2414 5112 2821 5182 expeditionem
2865 5113 3065 5177 facere,
3102 5127 3226 5168 cum
3261 5115 3451 5184 paucis
3484 5131 3589 5169 om-

276 5202 460 5256 αὑτοῦ
500 5202 602 5255 σὺν
641 5199 848 5269 ὀλίγοις
883 5198 1165 5262 παντελῶς
1211 5201 1324 5263 τοῖς
1370 5198 1862 5271 περιλελειμμένοις

2013 5205 2138 5260 ηἰηο
2180 5206 2387 5260 relictis
2443 5205 2576 5258 abiit
2624 5204 2908 5276 profugus.
2942 5203 3058 5260 Hoc
3096 5221 3243 5260 nunc
3283 5207 3599 5278 prophetica

276 5295 469 5367 ᾤχετο
509 5292 716 5363 φυγάς.
759 5291 935 5345 Τοῦτο
993 5292 1088 5345 καὶ
1143 5289 1241 5344 νῦν
1293 5292 1322 5343 ὁ
1376 5293 1718 5363 προφητικὸς
1773 5295 1862 5363 ήμῑ

2014 5295 2163 5350 nobis
2209 5297 2604 5364 interpretatur
2640 5297 2838 5351 oratio.
2885 5295 3004 5351 Lux
3049 5299 3194 5354 enim
3227 5296 3413 5354 lsraeli
3459 5298 3600 5354 Deus

279 5385 716 5457 αἰνιγματωδῶς
737 5383 1085 5457 διερμηνεύει
1117 5384 1292 5452 λόγος.
1315 5382 1434 5448 Φῶς
1458 5384 1558 5454 μὲν
1581 5384 1690 5456 γὰρ
1714 5385 1865 5454 γέγοι

2013 5387 2383 5443 universitatis
2433 5387 2664 5453 exstitit,
2715 5387 2807 5458 qui
2859 5387 3008 5444 solus
3050 5388 3223 5460 legem
3253 5388 3599 5460 qureillumi-

280 5479 364 5550 τῷ
430 5479 653 5551 Ἰσραὴλ
715 5479 745 5531 ὁ
791 5477 901 5531 τῶν
961 5477 1098 5548 δλων
1149 5476 1282 5539 Θεὸς
1343 5476 1435 5530 τὸν
1498 5477 1866 5546 καταφωτίζει

2011 5495 2144 5536 nare
2201 5489 2380 5548 potest
2427 5477 2730 5534 constituit.
2786 5478 2894 5534 Sed
2947 5481 3085 5546 hac,
3131 5480 3328 5550 inquit,
3364 5479 3450 5532 lux
3477 5495 3597 5548 qua:

287 5572 553 5644 ἰσχύοντα
579 5571 966 5643 διορισάμενος
1005 5571 1190 5640 νόμον.
1233 5568 1395 5622 Ἀλλὰ
1432 5569 1611 5636 τοῦτο,
1655 5573 1810 5641 φησὶ,
1842 5588 1870 5624 τ

2010 5571 2222 5626 exsistit
2255 5569 2466 5634 lsraeli,
2492 5585 2599 5625 non
2629 5570 2736 5626 erit
2769 5569 2859 5625 lux
2891 5571 3240 5642 Assyriorum
3273 5568 3465 5635 copiis,
3503 5576 3596 5625 sed

285 5667 406 5733 φῶς
436 5666 500 5719 τὸ
527 5662 784 5736 ὑπάρξαν
813 5661 891 5734 τῷ
921 5661 1157 5733 Ἰσραὴλ,
1189 5663 1251 5715 ού
1280 5660 1396 5730 φῶς
1435 5661 1592 5714 ἔσται
1627 5664 1739 5726 τοῖς
1778 5663 1871 5715 Ἀσ

2013 5680 2107 5733 pro
2154 5663 2278 5735 igne
2312 5664 2424 5720 erit
2466 5662 2696 5719 exitiali.
2734 5661 2888 5729 Quod
2933 5674 3117 5718 autem
3147 5660 3599 5732 Hierosolymita-

287 5758 497 5830 συρίων
528 5757 965 5830 στρατεύμασιν,
1014 5755 1129 5810 ἀλλ’
1159 5757 1240 5819 είς
1283 5754 1396 5827 πῦρ
1429 5755 1740 5828 ὀλοθρεῦον.
1771 5756 1873 5809 ’⁷οτ

2009 5770 2108 5810 nos
2134 5753 2414 5824 proprium
2445 5753 2551 5809 sibi
2590 5768 2655 5808 ac
2675 5762 3054 5808 consecratum
3089 5750 3346 5824 populum
3378 5752 3595 5807 univer-

285 5851 342 5906 δὲ
378 5853 584 5908 οίκεῖον
626 5850 780 5915 αὐτῷ
821 5849 916 5904 καὶ
954 5848 1375 5915 ἀνατεθειμένον
1424 5849 1640 5916 ἡγεῖται
1686 5847 1816 5903 λαὸν

2012 5849 2195 5905 sitatis
2227 5847 2368 5903 Deus
2412 5845 2733 5913 existimet,
2769 5860 2865 5916 per
2896 5844 3077 5914 ignem
3123 5845 3406 5901 ardentem
3452 5845 3594 5901 inter
