4016 6460
237 342 358 396 993
1378 337 1449 398 IN
1490 337 1722 396 ISAIAM
1757 341 1883 398 LIB.
1926 346 1964 401 l.
2009 347 2216 406 ORAT.
2265 352 2348 409 Vl.
3449 360 3562 420 ενι

237 460 341 513 καὶ
373 460 425 515 εί
471 457 550 530 μὴ
583 457 832 528 βούλοιτο
865 456 1047 527 τυχὸν,
1079 456 1162 509 ὅτι
1195 455 1296 526 τῆς
1332 457 1483 521 Θείας
1530 459 1699 530 ὀργῆς
1728 462 1869 514 κατὰ

1977 481 2082 518 non
2137 468 2265 522 velit
2303 469 2572 536 fortassis,
2618 485 2676 526 se
2722 470 2922 527 divina:
2954 470 3046 526 ira:
3081 488 3342 543 organum
3367 487 3558 533 contra

236 557 354 608 τῶν
401 554 822 626 ἡμαρτηκότων
866 553 1093 622 γέγονεν
1138 555 1390 624 όργανον,
1425 555 1520 608 καὶ
1567 556 1666 608 ούκ
1712 555 1871 618 αὑτός

1978 571 2296 625 peccatores
2321 564 2620 629 exStitisse,
2654 579 2755 620 nec
2791 565 2906 620 suis
2944 580 3171 636 prorsus
3216 567 3424 622 viribus
3465 583 3563 622 eos

236 665 350 700 που
382 647 620 710 πάντως
651 646 727 709 ὡς
762 644 823 710 ἐξ
869 645 1006 709 ἰδίας
1052 645 1237 716 ἰσχύος
1270 646 1742 718 πεπλεονέκτηκεν
1775 646 1871 698 αὑ-

1978 651 2267 704 invasissc.
2331 653 2513 722 Atque
2564 655 2680 710 hare
2728 656 2949 722 quidem
3007 657 3240 712 barbaro
3291 659 3561 718 accident.

236 735 388 798 τούς.
428 735 550 787 Καὶ
596 734 757 787 ταυτὶ
791 733 892 805 μὲν
919 733 1000 804 τῷ
1029 735 1302 807 Βαρϐἀρῳ
1352 737 1710 808 συμϐήσεται.
1746 739 1871 802 Τοῖς

1978 739 2240 794 lsraelitis
2270 742 2402 797 item
2445 751 2548 804 hoc
2594 747 2918 801 'niraculutn
2943 751 3100 804 cedet
3123 750 3172 802 in
3201 752 3560 804 commodita-

243 845 310 895 γε
340 827 444 898 μὴν
479 825 548 891 ἐξ
595 826 816 897 Ἰσραὴλ
866 827 1005 898 πρὸς
1037 827 1309 897 ὠφελείας
1359 829 1515 882 ἔσται
1563 829 1622 882 τὸ
1661 829 1868 900 θαῦμα,

1977 843 2121 898 tem,
2176 843 2232 887 et
2292 835 2382 903 qui
2436 835 2628 904 reliqui
2691 849 2819 892 sunt
2896 840 2946 893 in
3000 837 3290 906 Samaria,
3356 841 3407 894 id
3455 849 3560 903 est,

259 919 357 973 καὶ
387 921 432 972 οἱ
472 917 811 972 κατάλοιποι
841 919 954 972 τῶν
986 921 1044 974 ὲν
1079 920 1388 993 Σαμαρείᾳ,
1423 921 1570 975 τοῦτ’
1609 921 1745 987 ἔστι,
1776 922 1870 976 τοῦ

1975 925 2193 991 lsraele,
2230 936 2284 980 et
2335 928 2384 980 in
2421 925 2608 991 Jacob,
2647 929 2746 982 hoc
2782 943 2887 993 est,
2929 931 3134 986 duabus
3159 933 3404 986 tribubus
3438 930 3563 984 llic-

278 1012 513 1082 Ἰσραὴλ,
567 1012 669 1064 καὶ
715 1010 902 1082 μέντοι
955 1010 1049 1065 τοῦ
1097 1011 1315 1077 Ἰακὼϐ,
1352 1013 1498 1067 τοῦτ’
1538 1014 1675 1079 ἔστι,
1709 1015 1871 1068 πάλιν

1975 1017 2426 1084 rusolymitanis,
2482 1021 2554 1073 ab
2612 1019 2916 1074 inveterato
2970 1023 3227 1078 recedent
3258 1037 3466 1086 errore,
3508 1033 3562 1074 et

263 1105 368 1158 τῶν
394 1104 498 1157 δύο
529 1102 722 1173 φυλῶν
748 1103 858 1156 τῶν
881 1103 1058 1157 οὐσῶν
1089 1105 1149 1157 ὃν
1172 1107 1286 1168 τοῖς
1324 1105 1742 1178 Ἱεροσολύμοις,
1771 1107 1870 1176 τῆς

261 1197 491 1269 ἀρχαίας
545 1195 1042 1254 ἀποπεπαύσονται
1091 1197 1324 1269 πλάνης,
1369 1201 1465 1252 καὶ
1511 1199 1736 1270 ψυχρῶν
1776 1201 1871 1254 καὶ

257 1291 536 1361 ἀνονήτων
583 1289 832 1342 ἐννοιῶν.
889 1290 966 1342 Οὐ
1015 1288 1126 1363 γὰρ
1165 1289 1380 1344 ἔσονται
1410 1292 1731 1355 πεποιθότες
1778 1292 1872 1344 ἐπὶ

255 1386 377 1448 τοὺς
411 1382 799 1452 ἀδικήσαντας
838 1381 1060 1446 αύτούς.
1106 1383 1324 1453 Ἐπειδὴ
1372 1383 1481 1455 γὰρ
1514 1384 1805 1437 πέπτωκεν
1845 1386 1874 1437 ό

254 1475 520 1546 πολέμιος
575 1475 821 1546 ἀγγέλου
891 1475 1039 1546 χειρὶ
1087 1475 1500 1545 δαπανώμενος,
1565 1476 1870 1546 ἐγνώκασιν

254 1569 501 1641 ἀκριϐῶς
531 1570 638 1639 τὴν
676 1568 859 1622 πάντα
912 1567 1207 1639 ἰσχύουσαν
1238 1569 1333 1621 τοῦ
1366 1567 1631 1632 σώζοντος
1663 1569 1866 1634 δεξιὰν,

1975 1107 2194 1176 frigidis
2221 1124 2286 1162 ac
2314 1110 2502 1165 stultis
2527 1112 2993 1181 cogitatiunculis.
3023 1112 3137 1167 Non
3169 1115 3312 1166 enim
3345 1115 3429 1167 bis
3466 1113 3560 1181 qui

1975 1197 2085 1250 sibi
2138 1198 2384 1254 fecerunt
2442 1201 2695 1271 injuriam
2741 1203 3040 1258 confident.
3083 1201 3379 1272 Postquam
3414 1202 3558 1256 enim

1975 1288 2146 1342 hostis
2189 1291 2385 1343 cecidit
2428 1306 2587 1345 manu
2639 1293 2811 1363 angeli
2870 1293 3171 1358 confectus,
3219 1294 3564 1364 mnnipotcn-

1977 1391 2082 1432 tt-m
2127 1385 2505 1438 cuiiservantis
2547 1387 2824 1441 dexteram
2874 1388 3078 1457 optime
3134 1395 3559 1457 perspexerunt,

1974 1471 2263 1542 ipsumque
2305 1475 2502 1529 facient
2537 1490 2868 1534 servatorem
2902 1491 2955 1533 et
2986 1480 3278 1543 vindicem,
3327 1494 3389 1532 ac
3421 1480 3563 1533 ineo

1971 1580 2187 1619 omnem
2215 1583 2366 1636 spem
2390 1569 2692 1638 habebunt,
2718 1573 3044 1641 tlespuentes
3068 1587 3163 1627 eos
3193 1587 3223 1626 a
3251 1573 3451 1642 quibus
3481 1571 3562 1625 itt-

254 1661 416 1718 αὑτὸν
479 1660 542 1712 δὲ
601 1660 927 1730 ποιήσονται
993 1659 1216 1730 σωτῆρα
1262 1659 1357 1715 καὶ
1407 1658 1686 1730 λυτρωτὴν
1705 1703 1723 1724 ,
1776 1661 1868 1714 καὶ

1974 1654 2169 1722 iuriam
2215 1669 2564 1725 acceperunt.
2621 1660 2854 1726 Quinam
2885 1671 3065 1717 autem
3103 1662 3182 1726 bi,
3207 1671 3261 1716 et
3290 1663 3563 1732 quomodo

256 1753 338 1805 ἐπ’
414 1750 574 1821 αὐτῷ
656 1753 840 1804 πᾶσαν
893 1749 1076 1817 ἕξουσι
1144 1751 1246 1820 τὴν
1319 1751 1532 1815 ἐλπίδα,
1601 1753 1870 1823 περιπτύ-

1973 1746 2226 1814 iniuriam
2261 1747 2566 1814 intulerint,
2601 1765 2824 1805 necesse
2865 1751 3040 1806 habeo
3076 1751 3278 1807 dicere.
3313 1751 3565 1807 Servavit

256 1859 452 1904 σαντες
494 1841 633 1904 τοὺς
664 1839 1003 1912 ἠδικηκότας
1043 1840 1262 1903 αὐτούς.
1299 1841 1455 1903 Τίνες
1483 1840 1540 1894 δὲ
1567 1836 1734 1905 οὗτοι,
1775 1843 1869 1896 καὶ

1974 1839 2116 1891 enim
2159 1853 2253 1892 eos
2293 1839 2383 1908 qui
2434 1842 2703 1910 sanguine
2730 1840 3033 1899 Israelitico
3060 1846 3166 1899 orti
3190 1854 3316 1900 sunt
3345 1845 3564 1899 univer-

245 1936 374 1988 τίνα
423 1933 640 2006 τρόπον
683 1933 1018 2004 ἠδικήκασιν
1057 1934 1233 1986 εἰπεῖν
1282 1935 1600 2002 ἀναγκαῖον.
1652 1935 1868 1988 Σέσωκε

246 2029 351 2099 μὲν
417 2027 537 2098 γὰρ
606 2028 738 2090 τοὺς
797 2026 858 2091 ἐξ
924 2026 1158 2097 αἵματος
1222 2026 1440 2098 Ἰσραὴλ
1500 2027 1530 2079 ό
1575 2027 1686 2079 τῶν
1734 2027 1870 2080 ὅλων

242 2119 420 2182 Θεὸς,
474 2115 846 2189 προεστηκὼς
892 2133 953 2169 τε
1011 2116 1106 2170 καὶ
1153 2115 1532 2186 προθεσπίζων,
1591 2115 1686 2168 καὶ
1735 2117 1872 2168 ἀπο-

246 2211 469 2280 φαίνων
517 2211 845 2281 κρείττονας
894 2207 1006 2261 τῶν
1049 2208 1483 2278 ἀνθεστηκότων.
1545 2206 1766 2278 Ἐπειδὴ
1814 2207 1871 2261 δὲ

245 2303 566 2375 ἐτράποντο
621 2302 765 2374 πρὸς
825 2301 1166 2362 ἀντίστασιν,
1208 2301 1303 2355 καὶ
1345 2302 1394 2354 οἱ
1451 2300 1552 2372 μὲν
1609 2300 1872 2370 δαμάλεις

246 2395 628 2465 ἐτεκτήναντο
659 2395 892 2465 χρυσᾶς*
948 2395 996 2446 οἱ
1037 2393 1096 2446 δὲ
1129 2394 1222 2446 τὸν
1251 2390 1461 2464 Χαμὼς
1494 2391 1590 2446 καὶ
1637 2391 1871 2461 Βεελφε-

246 2487 393 2557 γὼρ,
435 2487 537 2538 καὶ
563 2485 752 2547 αὐτοῖς
780 2485 1025 2553 ἀνῆπτον
1060 2483 1122 2536 τὸ
1150 2483 1314 2546 σέϐας
1338 2499 1352 2514 ’
1387 2487 1871 2554 προσκεκυνήκασι

242 2581 302 2634 δὲ
358 2579 463 2633 καὶ
523 2579 596 2648 τῇ
646 2577 881 2648 στρατιᾷ
930 2573 1026 2629 τοῦ
1082 2575 1351 2646 ούρανοῦ·
1391 2575 1681 2646 παρεδίδου
1729 2574 1874 2628 κατά

243 2671 486 2743 καιροὺς
516 2671 548 2722 ὁ
579 2669 692 2723 τῶν
737 2669 877 2721 ὅλων
922 2666 1057 2730 Θεὸς
1106 2668 1234 2731 τοὺς
1287 2667 1693 2738 ἀνθεστηκότας
1741 2667 1872 2720 ποτὲ

247 2765 352 2837 μὲν
383 2765 507 2827 τοῖς
550 2761 743 2832 κύκλῳ
773 2760 866 2815 καὶ
908 2759 1250 2831 περιοικοῦσι
1289 2759 1390 2834 τὴν
1431 2761 1692 2813 Ἰουδαίαν
1723 2759 1872 2813 ἔθνε-

247 2873 358 2920 σιν,
420 2853 754 2925 Ἰδουμαίοις
804 2853 864 2906 τὲ
918 2869 1061 2922 φημι
1109 2853 1204 2905 καὶ
1252 2851 1597 2914 Μωαϐίταις,
1629 2854 1724 2905 καὶ
1762 2854 1876 2914 τοῖς

245 2948 306 3012 ἐξ
350 2947 563 3017 Ἐλάμ,
594 2945 732 2998 ποτὲ
779 2944 839 2997 δὲ
871 2947 987 3007 τοῖς
1016 2944 1258 3013 μακρὰν,
1298 2944 1601 3015 Ἀσσυρίοις
1639 2943 1698 2996 τέ
1731 2960 1874 3014 φημι

247 3041 348 3094 καὶ
380 3038 740 3108 Αἰγυπτίοις.
774 3036 1024 3106 Πολέμου
1059 3034 1352 3110 τοιγαροῦν
1392 3039 1871 3107 κατασκήπτοντος

1979 3035 2340 3103 omnipotenti
2369 3075 2384 3101 ,
2422 3044 2476 3091 et
2530 3053 2690 3092 cursu
2749 3040 2799 3091 in
2828 3027 3020 3092 melius
3047 3048 3402 3102 commutato,
3431 3039 3567 3092 iram

251 3135 347 3188 καὶ
381 3129 874 3202 περιηγγελμένου
907 3131 1022 3192 τοίς
1052 3129 1156 3183 ἀνά
1182 3129 1364 3182 πᾶσαν
1392 3128 1492 3202 τὴν
1517 3127 1724 3200 χώραν,
1757 3129 1871 3192 πῶς

1979 3129 2311 3196 depellere?
2371 3129 2668 3200 Oportebat
2725 3131 2869 3186 enim
2943 3130 3228 3200 profanam
3299 3133 3568 3188 idolorum

250 3226 355 3277 οὐκ
383 3224 620 3294 ἄμεινον
663 3222 793 3285 τοὺς
832 3221 892 3287 ἐξ
943 3219 1166 3291 Ἰσραὴλ
1208 3221 1595 3288 ἀπολογεῖσθαι
1641 3219 1871 3292 λελυπη-

1983 3222 2384 3276 nmltitudinem
2417 3226 2808 3290 exterminare,
2837 3235 2890 3278 et
2921 3225 3094 3295 ipsum
3121 3237 3567 3280 conservatorem

259 3316 409 3387 μένῳ
439 3312 520 3384 τῷ
545 3312 728 3366 πάντα
757 3311 998 3382 ἰσχύοντι
1021 3311 1161 3382 Θεῷ,
1185 3313 1283 3366 καὶ
1306 3314 1426 3376 ταῖς
1455 3313 1534 3375 είς
1562 3311 1624 3364 τὸ
1655 3313 1871 3382 ἄμεινον

1980 3323 2037 3368 et
2085 3316 2486 3385 redemptorem
2531 3332 2872 3384 nuncupare.
2917 3317 3188 3370 Caeterum
3229 3316 3452 3384 huiusce
3492 3317 3570 3372 rei

261 3408 600 3478 ἀνώρομαίς
629 3402 1116 3468 ἀποσκευάζεσθαι
1142 3404 1242 3476 τὴν
1269 3405 1463 3476 ὀργήν;
1501 3403 1648 3457 Ἔδει
1679 3403 1790 3475 γὰρ
1816 3406 1871 3457 ἐκ

1982 3406 2124 3460 nulla
2171 3409 2312 3474 apud
2346 3422 2438 3460 eos
2473 3409 2610 3461 ratio
2639 3409 2822 3460 habita
2855 3415 2959 3460 est.
2993 3405 3226 3477 Legatos
3255 3409 3398 3462 enim
3428 3424 3571 3462 nunc

273 3498 442 3570 μέσου
484 3498 587 3569 τὴν
627 3495 861 3568 βέϐηλον
904 3495 1014 3549 τῶν
1054 3495 1290 3549 εἰδώλων
1339 3493 1611 3548 ποιεῖσθαι
1647 3494 1871 3566 πληθὺν,

1981 3499 2050 3553 ad
2101 3497 2410 3570 Egyplios,
2444 3514 2586 3554 nunc
2636 3501 2701 3553 ad
2725 3499 2982 3569 Assyrios
3021 3499 3327 3564 mittebant,
3361 3514 3570 3555 eorum-

271 3593 362 3645 καὶ
418 3592 582 3644 αὑτὸν
639 3587 1054 3661 ἐπιγράφεσθαι
1108 3587 1334 3659 σωτῆρα
1405 3589 1500 3641 καὶ
1574 3587 1871 3659 λυτρωτὴν.

1980 3606 2090 3660 que
2138 3591 2440 3646 subsidinrn
2489 3592 2874 3662 implorabant.
2927 3592 3086 3659 llinc,
3128 3595 3384 3659 arbitror,
3431 3595 3571 3648 Deus

278 3684 439 3738 Ἀλλὰ
470 3684 685 3737 τούτων
741 3682 842 3754 μὲν
872 3681 1056 3752 ὀλίγος
1092 3675 1160 3753 ἦν
1205 3679 1490 3744 παντελῶς
1528 3681 1556 3733 ό
1591 3681 1750 3750 λόγος
1783 3683 1871 3736 αὐ·

1982 3685 2205 3752 gravius
2233 3683 2406 3737 etiam
2435 3685 2488 3738 in
2517 3699 2613 3738 eos
2640 3688 2999 3739 exacerbatus
3028 3695 3131 3742 est.
3164 3685 3362 3755 lnjuria
3388 3687 3572 3755 itaque

255 3781 390 3841 τοῖς.
465 3775 849 3848 Ἐπρέσϐευον
883 3775 941 3827 δὲ
1001 3773 1132 3826 ποτὲ
1192 3772 1292 3843 μὲν
1342 3773 1480 3840 πρὸς
1524 3773 1871 3842 Αἰγυπτίους,

1982 3773 2283 3829 affecerunt
2323 3775 2582 3829 Isracleut
2639 3785 2694 3829 et
2729 3773 3015 3839 Iacobum,
3063 3792 3184 3830 cunt
3226 3777 3362 3831 falso
3393 3793 3572 3831 nonn-

252 3871 392 3925 ποτὲ
428 3870 489 3922 δὲ
527 3869 670 3940 πρὸς
712 3866 1059 3938 Ἀσσυρίους.
1104 3866 1201 3919 καὶ
1235 3864 1335 3928 τὰς
1380 3867 1512 3937 παρ’
1543 3866 1725 3920 αὐτῶν
1756 3868 1871 3920 ἐπι-

1985 3868 2098 3920 nati
2129 3867 2226 3931 dii,
2266 3868 2505 3921 divinam
2540 3869 2590 3920 in
2626 3869 2771 3937 ipsos
2805 3869 2940 3922 iram
2973 3879 3286 3935 cvocantes,
3311 3878 3442 3924 etut
3465 3871 3568 3923 sibi

248 3963 491 4035 κουρίας
540 3959 794 4014 ἐκάλουν.
841 3957 1164 4022 Ἐντεῦθεν,
1204 3953 1393 4027 οἶμαι,
1435 3956 1602 4020 Θεὸς,
1639 3955 1733 4010 καὶ
1798 3957 1871 4010 ἔτι

1982 3959 2210 4012 fiderent
2264 3960 2608 4018 efﬁcientes:
2653 3972 2765 4014 tum
2813 3977 2942 4016 vero
2991 3963 3067 4027 bi,
3097 3966 3188 4032 qui
3237 3963 3484 4032 pecuniis
3517 3971 3572 4016 et

249 4057 537 4128 μειζόνως
578 4055 664 4108 ἐπ’
701 4054 888 4114 αὐτοῖς
926 4048 1298 4121 κατεθήγετο,
1337 4049 1665 4120 Ἥδικήκασι
1697 4049 1871 4103 τοίνυν

1981 4051 2142 4105 donis
2202 4051 2392 4105 inutile
2429 4052 2558 4120 ipsis
2592 4053 2854 4107 auxilium
2886 4054 3272 4109 divendebant.
3302 4053 3572 4109 Consum-

242 4150 349 4203 τόν
367 4165 434 4202 τε
469 4146 722 4220 Ἰσραὴλ,
748 4146 843 4200 καὶ
865 4143 958 4198 τὸν
989 4141 1206 4207 Ἰακὼϐ,
1229 4141 1389 4195 τοῦτο
1415 4142 1513 4213 μὲν
1531 4145 1578 4196 οἱ
1605 4141 1871 4211 ψευδώνυ-

1982 4151 2071 4212 pta
2118 4143 2286 4213 igitnr
2329 4142 2650 4198 bellantium
2693 4145 3041 4200 multitudine
3078 4162 3183 4200 una
3219 4155 3394 4211 nocte,
3423 4146 3574 4201 dein-

247 4260 350 4315 μοι
383 4241 528 4302 θεοὶ,
557 4241 658 4310 τὴν
689 4239 843 4292 θείαν
875 4238 962 4291 ἐπ’
993 4237 1177 4300 αὐτοῖς
1217 4235 1514 4298 καλοῦντες
1560 4235 1754 4307 ὀργὴν,
1783 4235 1871 4289 καὶ

1981 4247 2112 4302 ceps
2158 4235 2435 4289 confident
2478 4235 2613 4299 Deo.
2659 4245 2716 4290 et
2766 4237 2886 4305 ipso
2934 4238 3308 4306 experimento
3356 4239 3570 4308 cognita

242 4335 345 4389 ἐπ’
391 4334 587 4396 αὐτοῖς
634 4331 958 4384 πεποιθέναι
1006 4327 1560 4400 παρασκευάζοντες·
1613 4327 1772 4380 τοῦτο
1819 4327 1871 4380 δὲ

1980 4323 2280 4378 fortissima
2323 4326 2594 4380 servantis
2631 4326 2858 4382 dextera
2881 4367 2896 4392 ,
2945 4341 3048 4378 non
3096 4327 3162 4381 iis
3191 4327 3281 4396 qui
3314 4327 3569 4394 injuriatn

241 4427 303 4480 οἱ
336 4421 599 4496 χρήμασί
626 4438 687 4474 τε
713 4422 810 4477 καὶ
829 4419 1027 4490 δώροις
1057 4417 1364 4481 πωλοῦντες
1409 4417 1592 4479 αὐτοῖς
1638 4416 1739 4486 τὴν
1785 4417 1871 4468 ἁν-

1981 4414 2256 4481 fecerunt,
2285 4416 2582 4483 conﬁdent,
2616 4420 2712 4474 sed
2748 4419 2800 4474 in
2830 4420 2946 4489 ipso
2977 4431 3165 4474 saneto
3197 4421 3408 4474 lsraelis
3445 4437 3573 4476 vere

242 4521 458 4588 όνητον
487 4514 834 4585 ἐπικουρίαν.
885 4509 1304 4582 Δαπανηθείσης
1335 4507 1538 4570 τοίνυν,
1589 4508 1744 4577 φησι,
1779 4507 1871 4577 τῆς

1983 4523 2132 4578 spem
2191 4525 2348 4564 suam
2395 4510 2762 4566 collocabunt.
2814 4511 2882 4566 Et
2938 4512 3044 4566 erit
3072 4513 3346 4568 residuum
3381 4511 3570 4580 Iacob,

242 4611 370 4665 τῶν
407 4609 698 4679 πολεμίων
726 4605 972 4677 πληθύος
997 4606 1056 4658 ὲν
1087 4603 1188 4674 μιᾷ
1227 4600 1404 4665 νυκτὶ,
1436 4600 1622 4652 λοιπὸν
1662 4599 1871 4652 ἔσονται

1985 4617 2108 4655 cum
2133 4600 2245 4657 Deo
2276 4612 2520 4672 potente.
2549 4603 2660 4660 Nec
2686 4605 2830 4659 cnim
2856 4605 3016 4676 lignis
3038 4617 3130 4661 aut
3161 4607 3429 4677 lapidibus
3453 4623 3571 4661 am-

253 4701 602 4763 πεποιθότες
630 4699 724 4752 ἐπὶ
753 4696 896 4768 Θεῷ,
919 4695 1016 4750 καὶ
1042 4695 1132 4748 διὰ
1161 4695 1355 4765 πείρας
1381 4691 1552 4760 αὐτῆς
1576 4689 1871 4758 ἐγνωκότες

1983 4692 2126 4761 plius
2176 4695 2448 4763 nitentur,
2489 4697 2584 4752 sed
2626 4697 2808 4767 potius
2850 4697 2905 4752 in
2941 4697 3034 4752 illo
3067 4699 3374 4767 praesidium
3409 4699 3574 4754 collo-

242 4797 356 4866 τὴν
391 4791 658 4861 παναλκῆ
683 4789 780 4844 τοῦ
813 4788 1092 4851 σώσαντος
1117 4786 1321 4853 δεξιὰν.
1355 4785 1453 4837 ούκ
1487 4785 1579 4837 ἐπὶ
1620 4785 1731 4845 τοῖς
1765 4782 1871 4836 ἁδι-

1982 4785 2206 4850 cabunt,
2257 4788 2348 4855 qui
2403 4787 2506 4842 fuit
2553 4803 2772 4857 semper
2824 4788 2930 4844 illis
2960 4789 3255 4859 Opitulator
3289 4799 3342 4844 et
3375 4805 3576 4859 propu~

243 4890 505 4958 κήσασιν
554 4883 756 4946 αὐτοὺς
811 4882 1133 4951 ποιήσονται
1189 4877 1290 4948 τὴν
1343 4875 1562 4938 ἐλπίδα,
1624 4873 1738 4927 ἀλλ’
1792 4875 1871 4926 ἐπ’

1981 4889 2200 4948 gnator,
2242 4892 2526 4937 armatura
2556 4891 2610 4938 et
2645 4898 2835 4939 murus
2863 4881 3145 4938 infractus.

243 4986 428 5042 αὑτὸν
467 4981 566 5034 τὸν
605 4979 765 5046 ἅγιον
795 4975 892 5030 τοῦ
937 4973 1155 5046 Ἰσραὴλ
1177 4976 1243 5044 τῇ
1282 4971 1534 5043 ἀληθεία.
1577 4972 1688 5025 Καὶ
1730 4971 1885 5026 ἔσται
1922 4972 1984 5026 τὸ
2021 4974 2387 5046 καταλειφθὲν
2453 4977 2549 5030 τοῦ
2620 4975 2817 5032 Ἰακὼϐ
2863 4977 2956 5030 ἐπὶ
3003 4976 3138 5034 Θεὸν
3187 4979 3464 5050 ἰσχύοντα.
3498 4980 3574 5036 Οὐ

247 5084 374 5151 γὰρ
433 5076 619 5144 ξύλοις
665 5073 765 5128 καὶ
813 5071 986 5134 λίθοις
1039 5070 1121 5124 ἔτι
1168 5069 1558 5141 θαρσήσουσιν,
1611 5067 1773 5122 αὑτὸν
1829 5068 1888 5122 δὲ
1961 5071 2163 5140 μᾶλλον
2209 5074 2532 5144 ποιήσονται
2604 5074 2703 5144 τὴν
2763 5074 2954 5145 ἰσχὺν,
3001 5073 3063 5138 ὃς
3112 5074 3335 5143 γέγονεν
3391 5077 3576 5144 αὐτοῖς

246 5171 567 5245 ἐπίκουρός
587 5186 650 5224 τε
673 5169 782 5232 ἀεὶ,
845 5167 944 5221 καὶ
984 5164 1391 5237 προασπιστὴς,
1425 5161 1590 5215 ὅπλον
1624 5163 1718 5215 καὶ
1774 5165 1949 5240 τεῖχος
1987 5165 2253 5240 ἀρῤαγές,

331 5269 447 5323 Καὶ
485 5266 598 5320 ἐὰν
646 5261 900 5331 γένηται
933 5262 966 5314 ό
993 5260 1146 5324 λαὸς
1189 5255 1432 5324 Ἰσραὴλ
1476 5255 1556 5321 ὡς
1595 5255 1635 5322 ἡ
1689 5255 1871 5325 ἄμμος

2064 5257 2226 5315 Vsus.
2259 5260 2352 5324 29,
2382 5260 2472 5316 25.
2504 5260 2659 5326 Quod
2685 5264 2731 5316 si
2754 5262 2914 5333 [urit
2947 5260 3173 5330 papula:
3205 5259 3430 5316 lsraclis
3466 5264 3574 5316 vel.

248 5362 371 5431 τῆς
406 5357 763 5424 θαλάσσης.
793 5354 860 5408 τὸ
895 5351 1269 5418 κατάλημμα
1294 5347 1659 5417 σωθήσεται.
1689 5351 1871 5418 Λόγος

1988 5359 2044 5403 ut
2081 5365 2244 5405 arena
2288 5353 2472 5417 nmis,
2516 5353 2755 5423 reliquie
2801 5369 2982 5407 eorum
3033 5343 3403 5407 servabuntur.
3443 5349 3576 5402 Ver-

254 5458 370 5530 γὰρ
411 5449 742 5509 συντελῶν
764 5449 861 5503 καὶ
895 5446 1250 5514 συντέμνων
1277 5443 1347 5497 ἐν
1375 5441 1760 5508 δικαιοσύνῃ,
1791 5441 1871 5495 ὅτι

1986 5445 2109 5496 bum
2132 5444 2270 5498 enim
2309 5460 2679 5499 consummatis
2710 5456 2758 5501 et
2791 5444 3067 5500 concidens
3095 5445 3150 5497 in
3179 5443 3416 5513 jnstitia,
3448 5444 3574 5511 quia

252 5551 453 5618 λόγον
498 5540 1007 5612 σι’ντετμημένον
1054 5534 1298 5601 ποιήσει
1334 5538 1366 5589 ὁ
1416 5535 1562 5601 Θεὸς
1596 5536 1664 5588 ἐν
1694 5533 1768 5601 τῇ
1798 5537 1871 5586 oi-

1985 5535 2251 5587 concisum
2290 5550 2584 5590 sermonem
2637 5536 2798 5606 faciet
2843 5536 2986 5591 Dem
3027 5537 3082 5588 in
3121 5534 3243 5588 ante
3272 5544 3426 5586 terra
3452 5533 3573 5585 imi-

253 5638 533 5709 ιουμένῃ
568 5636 704 5704 ὅλῃ.

1985 5644 2150 5679 verso.

329 5733 461 5785 Ὀτι
491 5728 603 5783 τῶν
641 5725 894 5782 ἀπειθεῖν
926 5722 1244 5794 ᾑρημένων,
1284 5723 1380 5774 καὶ
1409 5721 1544 5774 πολὺ
1574 5722 1866 5792 νενοσηκό-

2047 5719 2201 5786 Quod
2264 5720 2405 5776 Dens
2442 5723 2758 5790 pervicaces
2799 5731 2850 5775 et
2885 5719 3256 5776 iuobcdientes
3283 5731 3347 5773 ac
3404 5718 3572 5774 refra-

255 5843 363 5878 των
417 5823 480 5875 τὸ
541 5821 750 5893 ἀπηνὲς
805 5819 900 5875 καὶ
952 5818 1272 5889 δυσάγωγον
1327 5819 1502 5882 οὐδεὶς
1553 5818 1617 5869 ἂν
1665 5816 1871 5888 γένοιτο

1985 5813 2186 5866 ctarios
2209 5813 2362 5869 nihili
2410 5815 2663 5875 aeSIimt-t.
2699 5826 2879 5868 servet
2915 5823 3090 5869 autem
3129 5812 3386 5885 omnique
3413 5810 3575 5865 misc-

1975 1930 2156 1982 sitatis
2211 1929 2375 1998 Deus,
2429 1947 2552 1986 cntn
2606 1944 2660 1986 et
2715 1934 3055 2002 praesideret,
3101 1943 3154 1988 et
3188 1935 3340 2004 quasi
3377 1935 3564 2006 clypeo

1975 2033 2362 2092 propugnaret,
2425 2031 2482 2078 et
2545 2022 2802 2079 fortiores
2877 2026 3209 2081 adversariis
3289 2025 3562 2080 redderet.

1975 2111 2270 2182 Postquam
2318 2125 2497 2168 autem
2545 2118 2610 2169 ad
2644 2115 3006 2173 defectionem
3043 2117 3218 2172 aversi
3251 2126 3396 2183 sunt,
3424 2127 3480 2171 et
3510 2117 3562 2171 bi

1973 2205 2192 2273 quidem
2219 2207 2415 2261 vitulos
2450 2223 2648 2263 aureos
2678 2209 3036 2274 fabricarum,
3072 2210 3148 2265 illi
3179 2208 3440 2274 Cltamos,
3473 2210 3562 2263 alii

1974 2296 2304 2370 Belphegor,
2343 2299 2557 2370 illisque
2603 2302 3010 2357 venerationem
3046 2302 3376 2368 tribuerunt,
3401 2312 3568 2371 atque

1973 2392 2096 2446 coeli
2151 2392 2402 2447 militiam
2444 2395 2766 2460 adorarunt,
2830 2394 2968 2450 Deus
3006 2408 3101 2450 eos
3139 2395 3457 2456 renitentes.
3513 2403 3568 2450 et

1977 2484 2335 2551 resistentes,
2382 2485 2614 2540 diversis
2673 2487 3008 2556 temporibus
3044 2488 3264 2542 tradidit
3298 2487 3590 2561 interdum,

1977 2572 2225 2627 finitimis
2274 2570 2477 2628 Judmaa
2517 2575 2794 2643 gentibus,
2825 2575 3072 2628 ldnmaais
3105 2574 3248 2638 dico,
3284 2585 3337 2628 et
3368 2573 3571 2627 Moabi-

1978 2663 2067 2726 tis,
2103 2671 2158 2717 et
2202 2661 2458 2718 Elamitis
2483 2703 2498 2729 ,
2558 2663 2720 2736 180
2753 2664 3022 2719 interdum
3053 2674 3105 2718 et
3135 2664 3290 2735 longe
3318 2667 3566 2728 remotis,

1975 2755 2239 2826 Assyriis,
2301 2757 2542 2826 inquam,
2596 2768 2650 2811 et
2699 2756 2998 2828 Egyptiis.
3029 2755 3179 2813 Bello
3215 2759 3397 2828 itaque
3423 2775 3568 2828 gras~

1975 2857 2131 2903 sante
2183 2859 2237 2902 et
2291 2851 2492 2918 passim
2553 2866 2654 2921 per
2709 2863 2874 2905 totam
2920 2851 3193 2920 regionem
3226 2852 3566 2918 denuntiato,

1977 2955 2166 2996 annon
2197 2943 2368 2996 satius
2395 2953 2514 2998 erat
2543 2943 2822 2999 lsraelitas
2845 2945 3192 2999 reconciliari
3222 2944 3428 2999 oﬂ‘enso
3455 2943 3568 3000 Deo

1913 4568 1956 4622 D
