4016 6466
483 353 590 410 205

1477 346 1532 400 S.
1574 342 1853 402 CYRILLI
1898 336 2365 398 ALEXANDIUNI
2403 340 2721 396 AllCHlEP.

3644 343 3747 398 £96

485 466 720 524 ricordia
739 466 989 535 dignetur
1013 463 1286 518 hominem
1321 462 1650 530 morigerum
1681 467 1736 514 et
1756 473 2059 528 sequacem,

2170 458 2323 527 παρά
2355 456 2476 528 Θεῷ
2517 458 2693 524 λόγος.
2725 455 2886 519 σώζει
2916 472 2977 524 γε
3003 455 3108 526 μὴν
3133 457 3224 510 καὶ
3273 456 3484 525 φειδοῦς
3530 455 3749 527 ἀπάσης
3815 460 3818 462 ’

485 560 636 613 hisce
683 558 869 613 verbis
912 557 1070 610 nobis
1095 554 1464 624 pulcherrime
1497 552 1756 607 ostendit.
1786 548 2064 605 Profectus

483 655 565 700 est
596 646 870 716 siquidem
899 644 1155 713 Assyrius
1181 643 1232 695 in
1261 652 1476 695 omnem
1508 648 1722 711 gentem
1760 638 2061 702 Iudaicam,

484 749 549 788 ac
580 735 633 787 in
667 733 848 788 animo
886 731 1075 787 habuit
1117 729 1318 784 nemini
1357 744 1603 799 parcere,
1636 729 1728 784 sed
1759 728 2063 782 universam

485 831 756 901 regionem
795 829 1046 899 stirpitus
1075 826 1411 888 exscindere,
1448 825 1860 893 hominibusque
1888 822 2067 877 deser-

486 931 590 977 tam
641 930 697 976 et
741 920 933 976 incolis
979 933 1204 973 vacuam
1249 916 1496 971 reddere.
1531 915 1598 968 Et
1624 915 1818 969 delevit
1846 912 2062 982 quidem

486 1010 828 1076 Samariam,
872 1018 930 1064 et
973 1023 1080 1063 una
1127 1007 1271 1077 cepit
1311 1003 1510 1060 Judaea:
1540 1005 1702 1059 urbes
1733 1005 2061 1059 innumeras.

486 1103 943 1158 Servavitautem
987 1097 1315 1153 mirabiliter
1356 1095 1898 1164 Hierosolymitanos.
1932 1092 2064 1160 Quae
2107 1123 2112 1128 -

481 1205 568 1251 est
595 1196 778 1264 itaque
806 1193 972 1262 hujus
1004 1191 1141 1246 ratio
1171 1189 1401 1253 YCerte,
1437 1189 1635 1259 inquit,
1661 1187 1919 1257 quoniam
1946 1199 2064 1240 etn-

484 1286 570 1339 nis
614 1284 788 1339 Israel
822 1283 1102 1353 impietate
1145 1295 1203 1334 se
1235 1295 1339 1334 non
1378 1275 1935 1343 c0mmaculavit,‘sed
1966 1275 2065 1330 ali-

484 1384 616 1443 quot
674 1373 1004 1428 exstiterunt
1067 1370 1221 1440 181
1279 1369 1369 1438 qui
1423 1367 1582 1436 impie
1627 1365 1975 1435 peccantibus
2009 1365 2062 1418 in

487 1465 654 1519 Deum
698 1465 1111 1533 indignarentur
1147 1479 1160 1514 :
1217 1460 1420 1514 idcirco
1453 1465 1638 1513 sancta
1671 1466 1728 1512 et
1762 1455 2062 1524 justissima

485 1554 758 1610 sententia
809 1552 934 1615 fuit,
984 1566 1104 1620 quae
1157 1550 1210 1603 in
1244 1548 1389 1604 solos
1425 1557 1713 1617 peccantes
1735 1544 2063 1615 poenamdo-

483 1655 754 1701 cerneret.
805 1643 1004 1698 Verum
1047 1651 1227 1696 autem
1261 1654 1383 1695 esse
1414 1639 1517 1694 hoc
1543 1638 1768 1692 verbum
1805 1635 1950 1690 nullo
1981 1636 2062 1689 la-

483 1741 612 1794 bore
644 1736 944 1792 videbimus
969 1751 1032 1789 ex
1068 1735 1152 1789 bis
1175 1748 1295 1803 qua:
1329 1732 1532 1800 scripta
1573 1741 1701 1785 sunt
1745 1729 1886 1798 apud
1926 1729 2062 1782 Eze-

2167 547 2309 612 άξιοί
2353 548 2444 600 τὸν
2497 547 2721 616 εὐπειθῆ
2773 547 2865 599 καὶ
2893 547 3127 618 εὐήνιον,
3153 547 3242 600 διὰ
3271 547 3474 600 τούτων
3519 549 3653 618 ἡμῖν
3687 544 3746 600 εὖ

2169 639 2314 708 μάλα
2341 639 2650 708 καταδηλοί.
2688 639 2936 706 Ἀφϊκται
2967 638 3065 708 μὲν
3095 638 3202 706 γὰρ
3231 639 3260 692 6
3295 638 3579 709 Ἀσσύριος
3606 641 3748 693 κατά

2168 729 2368 792 παντὸς
2405 729 2498 781 τοῦ
2542 729 2810 782 Ἰουδαίων
2843 727 3030 792 ἔθνους
3051 745 3064 758 ·
3098 729 3192 781 καὶ
3226 729 3427 794 σκοπὸς
3475 724 3544 799 ἦν
3574 729 3746 800 αὐτῷ,

2166 819 2459 890 φείσασθαι
2511 822 2610 891 μὲν
2658 820 2892 886 οὐδενὸς,
2942 820 3111 892 ἄρδην
3145 820 3205 873 δὲ
3243 824 3420 875 πᾶσαν
3455 823 3748 893 ἀποκεῖραι

2164 915 2266 986 τὴν
2298 915 2501 985 χώραν,
2534 915 2628 967 καὶ
2676 913 2966 984 κένανδρον
2997 914 3298 985 ἀποφῆναι,
3328 915 3423 970 καὶ
3454 915 3562 969 τῶν
3608 917 3748 969 ἐνοι-

2165 1005 2405 1060 κούντων
2434 1005 2660 1077 ἔρημον.
2692 1007 2802 1060 Καὶ
2829 1005 3134 1076 ὠλόθρευσε
3160 1006 3260 1076 μὲν
3287 1007 3388 1077 τὴν
3409 1006 3744 1076 Σαμάρειαν,

2166 1099 2434 1166 συνεξεῖλε
2484 1099 2542 1152 δὲ
2583 1100 2722 1170 αὐτῇ
2753 1099 2852 1168 τῆς
2893 1098 3152 1163 Ἰουδαίας
3195 1099 3297 1153 οὐκ
3345 1099 3749 1172 εὐαριθμήτους

2165 1191 2378 1255 πόλεις·
2414 1191 2619 1245 σέσωκε
2667 1191 2725 1244 δὲ
2774 1189 3096 1261 παραδόξως
3149 1189 3282 1254 Θεὸς
3351 1191 3477 1254 τοὺς
3527 1193 3586 1245 ὲν
3631 1193 3746 1256 τοῖς

2176 1281 2584 1353 Ἰεροσολύμοις.
2629 1282 2726 1345 Τίς
2771 1276 2864 1335 οὖν
2902 1283 2931 1335 6
2973 1281 3131 1335 τοῦδε
3160 1281 3347 1350 λόγος;
3387 1279 3514 1345 Ναὶ,
3546 1283 3738 1353 φησὶν,

2164 1374 2352 1443 ἐπειδὴ
2385 1373 2494 1444 γάρ
2521 1373 2620 1443 οὐχ
2655 1373 2800 1436 ἆπας
2843 1371 3236 1443 δεδυσσέϐηκεν
3271 1375 3300 1426 6
3343 1372 3582 1446 Ἰσραὴλ,
3629 1373 3747 1426 ἀλλ’

2161 1461 2302 1534 ἦσαν
2332 1465 2472 1534 τάχα
2506 1464 2608 1517 πού
2637 1481 2804 1530 τινες,
2837 1466 2886 1517 oi
2923 1465 3018 1517 καὶ
3064 1464 3456 1535 δυσφοροῦντες
3484 1465 3627 1534 άγαν
3652 1467 3747 1519 ἐπὶ

2162 1558 2274 1617 τοῖς
2300 1553 2650 1608 δυσσεϐοῦσιν
2678 1556 2757 1617 εἰς
2789 1553 2940 1618 Θεὸν,
2972 1554 3228 1627 ταύτῃτοι
3267 1556 3492 1624 γέγονεν
3526 1557 3648 1610 ὁσία
3684 1574 3744 1610 τε

2163 1648 2258 1700 καὶ
2287 1647 2603 1716 δικαιοτάτη
2647 1647 2847 1717 ψῆφος,
2891 1646 3033 1701 κατὰ
3069 1649 3244 1718 μόνων
3288 1649 3495 1716 ἄγουσα
3522 1649 3622 1720 τὴν
3666 1649 3745 1702 δί-

2163 1755 2268 1807 κην
2292 1735 2402 1790 τῶν
2426 1738 2843 1808 ἡμαρτηκότων.
2879 1738 2998 1792 Ὀτι
3025 1738 3082 1790 δέ
3113 1739 3258 1792 ἐστιν
3288 1738 3492 1809 ἀληθὴς
3521 1740 3548 1791 6
3585 1738 3745 1807 λόγος

480 1830 707 1883 chielem
759 1827 1104 1897 prophetam.
1140 1825 1287 1878 Dixit
1320 1825 1465 1878 enim
1500 1821 1868 1877 lsraelitarum
1901 1834 2059 1890 quos-

2164 1829 2394 1899 ἀπονητὶ
2428 1828 2673 1900 καταθρή
2684 1845 2866 1900 σομεν,
2917 1830 3010 1882 καὶ
3037 1829 3114 1892 ὡς
3137 1829 3245 1883 ἀπό
3274 1847 3337 1899 γε
3361 1830 3470 1884 τῶν
3497 1847 3742 1902 γεγραμ-

479 1922 600 1974 dam
627 1921 774 1974 visos
796 1932 920 1973 esse
946 1917 1114 1971 solent
1142 1920 1393 1979 adorare,
1415 1913 1578 1969 Deum
1599 1924 1777 1966 autem
1797 1913 2060 1967 dicentem

479 2012 546 2066 de
593 2009 732 2080 ipsis
772 2008 996 2062 audisse
1032 2029 1043 2061 :
1095 2025 1113 2058 ι
1151 2006 1369 2069 Vidisti,
1418 2004 1488 2058 liii
1537 2003 1791 2067 hominis,
1823 2003 2062 2072 nunquid

478 2115 672 2172 parum
726 2099 828 2153 fuit
877 2098 1056 2153 domui
1103 2094 1288 2160 Israel,
1339 2104 1397 2148 ut
1463 2094 1708 2148 facerent
1750 2092 2062 2162 iniquitates

481 2206 622 2262 quas
677 2197 968 2262 patrarunt
1003 2189 1090 2243 hic
1115 2189 1137 2242 ‘f
1167 2189 1294 2258 quia
1331 2187 1690 2256 impleverunt
1729 2197 1927 2239 terram
1960 2184 2064 2238 iui-

481 2286 723 2355 quitate,
777 2290 832 2338 et
884 2280 1134 2337 conversi
1186 2291 1311 2335 sunt
1351 2289 1409 2332 ut
1456 2280 1523 2332 ad
1555 2277 1690 2332 iram
1725 2276 2064 2332 concitarent

483 2389 570 2429 me
623 2375 690 2427 ".
725 2392 744 2426 ι
785 2371 914 2427 Dein
961 2372 1078 2439 ait,
1131 2371 1419 2440 quemdam
1451 2369 1624 2424 visum
1673 2381 1796 2422 esse
1837 2366 2061 2420 talarem

481 2475 686 2520 vestem
737 2465 1024 2519 habentem
1071 2472 1126 2517 et
1163 2463 1520 2525 succinctum,
1557 2459 1645 2517 cui
1687 2450 2062 2515 dixitnniver—

479 2558 660 2614 sitatis
730 2557 910 2612 Deus:
968 2573 988 2608 ι
1022 2555 1257 2626 Peragra
1314 2555 1551 2610 mediam
1603 2553 1948 2616 Jerusalem,
2008 2560 2064 2606 et

481 2649 698 2720 signato
740 2648 945 2702 frontes
998 2646 1239 2701 virorum
1285 2649 1616 2716 gementium
1670 2655 1723 2702 et
1767 2645 2060 2701 dolentium

483 2755 649 2813 super
709 2740 924 2794 cunctis
976 2739 1356 2810 iniquitatibus
1409 2753 1530 2810 quae
1587 2740 1722 2794 fiunt
1781 2740 1836 2794 in
1880 2737 2061 2793 medio

478 2832 668 2899 ipsius.
706 2830 771 2885 Et
809 2831 917 2886 illis
953 2832 1092 2885 dixit
1140 2831 1393 2886 audiente
1445 2846 1572 2887 me:
1608 2829 1684 2885 lte
1710 2832 1763 2886 in
1787 2831 2060 2886 civitatem

479 2932 602 2991 post
635 2937 757 2978 eum
781 2963 796 2988 ,
830 2934 884 2978 et
923 2923 1132 2990 caedite,
1163 2939 1264 2979 nec
1285 2925 1615 2994 comparcite
1641 2924 1812 2980 oculis
1843 2924 2060 2989 vestris,

479 3029 581 3076 nec
630 3016 989 3072 miseremini.
1031 3017 1346 3084 Seniorem,
1371 3017 1665 3087 juniorem,
1691 3016 1978 3086 virginem,
2009 3021 2064 3070 ct

481 3106 717 3164 infantes
765 3119 820 3164 et
867 3108 1119 3164 mulieres
1173 3110 1458 3166 interﬁcite
1509 3109 1576 3165 ad
1616 3109 2058 3165 internecionem.

2167 1923 2344 1993 μένων
2371 1923 2427 1974 ὲν
2454 1921 2533 1990 τῷ
2565 1924 2819 1992 προφήτῃ
2859 1919 3137 1991 Ἰεζεκιήλ.
3182 1923 3326 1990 Ἔφη
3379 1922 3477 1991 μὲν
3524 1923 3633 1995 γὰρ
3658 1941 3747 1976 τεο

2162 2013 2388 2068 θεᾶσθαι
2442 2013 2594 2077 τινὰς
2647 2012 2758 2065 τῶν
2806 2011 2867 2076 ἐξ
2925 2011 3142 2083 Ἰσραὴλ
3180 2013 3621 2084 προσκυνοῦντας
3665 2015 3747 2085 τῷ

2161 2106 2318 2176 ἡλίῳ,
2348 2103 2483 2158 Θεοῦ
2512 2104 2569 2157 δὲ
2603 2103 2856 2174 λέγοντος
2879 2103 3111 2158 ἀκοῦσαι
3139 2105 3267 2174 περὶ
3291 2104 3470 2158 αὐτῶν
3491 2121 3506 2136 ο
3547 2124 3566 2158 ‹
3606 2105 3745 2160 Ἐὼ-

2165 2212 2360 2266 ρακας,
2407 2194 2491 2248 υίὲ
2534 2193 2844 2264 ἀνθρώπου,
2885 2191 2959 2264 μὴ
3011 2194 3206 2265 μικρὸν
3247 2193 3326 2266 τῷ
3351 2195 3486 2266 οἴκῳ
3526 2197 3747 2269 Ἰσραὴλ

2160 2285 2256 2339 τοῦ
2287 2287 2460 2339 ποιεῖν
2499 2285 2597 2349 τὰς
2635 2283 2886 2356 ἀνομίας,
2940 2283 3005 2348 ἃς
3037 2287 3401 2358 πεποιήκασιν
3441 2282 3542 2341 ὧδε
3569 2307 3584 2354 ;
3611 2289 3749 2344 διότι

2162 2377 2404 2450 ἔπλησαν
2462 2376 2561 2448 τὴν
2610 2377 2713 2447 γῆν
2767 2377 3017 2448 ἀνομίας.
3085 2379 3195 2432 Καὶ
3250 2379 3594 2451 ἐπέστρεψαν
3650 2382 3748 2434 τοῦ

2163 2471 2495 2543 παροργίσαι
2531 2487 2619 2540 με.
2673 2488 2692 2522 ι
2728 2465 2859 2524 Εἶτά
2905 2487 3070 2542 φησιν
3117 2469 3287 2542 ἄνδρα
3325 2470 3615 2525 τεθεᾶσθαι
3649 2489 3751 2524 που

2160 2563 2301 2636 δήρη
2355 2580 2417 2616 τε
2464 2562 2658 2634 ἔχοντα
2695 2565 2788 2619 καὶ
2818 2562 3217 2636 διεζωσμένονο
3264 2562 3361 2618 καὶ
3410 2564 3548 2636 πρὸς
3584 2563 3749 2617 αὑτὸν

2161 2656 2338 2708 εἰπεῖν
2366 2654 2459 2708 τὸν
2485 2656 2594 2710 τῶν
2625 2655 2763 2710 ὅλων
2779 2655 2930 2710 Θεόψ
2957 2674 2976 2707 ι
3001 2650 3186 2710 Δίελθε
3219 2655 3390 2726 μέσην
3415 2655 3514 2726 τὴν
3550 2653 3742 2726 Ἰερου-

2163 2745 2370 2821 σαλὴμ,
2417 2749 2512 2802 καὶ
2537 2749 2624 2813 δὺς
2666 2749 2728 2802 τὸ
2757 2751 2980 2819 σημεῖον
3027 2750 3118 2801 ἐπὶ
3154 2749 3223 2801 τά
3259 2749 3487 2820 μέτωπα
3517 2748 3624 2800 τῶν
3650 2750 3749 2802 ἁν-

2158 2841 2303 2914 δρῶν
2331 2841 2441 2895 τῶν
2472 2839 3000 2906 καταστεναζόντων,
3029 2841 3251 2896 καὶτῶν
3272 2841 3746 2912 κατωδυνωμένων

2163 2935 2258 2987 ἐπὶ
2287 2935 2488 2998 πάσαις
2527 2936 2648 2998 ταῖς
2684 2933 2956 3004 ἀνομίαις,
2981 2935 3101 2996 ταῖς
3130 2933 3444 3004 γινομέναις
3492 2934 3552 2985 ἐν
3594 2932 3746 3003 μέσῳ

2163 3026 2354 3098 αὐτῆς.
2391 3027 2502 3081 Καὶ
2526 3025 2736 3091 τούτοις
2766 3021 2920 3080 εἶπεν
2955 3026 3245 3090 ἀκούοντός
3274 3042 3375 3095 μου
3397 3043 3410 3056 ·
3436 3024 3743 3096 Πορεύεσθε

2165 3116 2246 3179 εἰς
2293 3115 2392 3187 τὴν
2439 3116 2592 3170 πόλιν
2638 3116 2814 3170 ὀπίσω
2859 3116 3046 3180 αὐτοῦ,
3079 3117 3173 3169 καὶ
3231 3115 3484 3180 κόπτετε,
3523 3118 3616 3170 καὶ
3671 3119 3746 3188 μὴ

485 3197 595 3256 Sed
627 3199 873 3269 quisquis
909 3200 1120 3270 signqu
1145 3201 1330 3264 habet,
1360 3202 1563 3256 adeum
1584 3215 1652 3255 ne
1669 3200 1994 3256 accedite".
2033 3222 2053 3256 ι

2163 3175 2412 3280 φείδεσθε
2464 3212 2579 3274 τοῖς
2623 3210 2922 3282 ὀφθαλμοῖς
2951 3175 3124 3281 ύμίὺν.
3167 3212 3277 3264 Ka‘t
3329 3209 3404 3281 μὴ
3461 3175 3742 3280 έλεήσητε,

489 3287 734 3346 Observa
770 3291 932 3364 igitur
960 3306 1067 3361 quo
1099 3301 1256 3360 pacto
1280 3290 1531 3362 obsignet
1561 3289 1706 3346 Deus
1731 3304 1828 3345 sua
1863 3291 2058 3362 gratia,

481 3394 534 3438 et
575 3385 724 3455 pium
779 3395 836 3438 et
862 3393 1131 3450 sanctum,
1159 3395 1214 3438 et
1247 3398 1310 3438 ea
1351 3392 1572 3454 propter
1603 3399 1722 3452 qua:
1751 3386 1936 3440 caeteri
1965 3400 2064 3440 au-

480 3478 611 3532 dent
665 3491 789 3530 eum
825 3474 1126 3540 oﬂ'endere,
1178 3477 1417 3545 graviter
1449 3475 1711 3531 ferentem
1747 3485 1803 3531 et
1836 3478 2062 3532 commi-

487 3578 783 3621 serautem.
839 3567 1056 3634 Quare,
1110 3568 1326 3638 inquit,
1381 3568 1597 3624 etiamsi
1651 3584 1939 3624 numerosa
1990 3569 2062 3624 sit

481 3655 849 3713 lsraeiitarum
907 3661 1218 3726 multitudo,
1245 3663 1380 3715 adeo
1416 3670 1476 3715 ut
1502 3677 1681 3717 arente
1709 3662 1764 3716 in
1788 3661 2061 3718 littoribus

483 3746 672 3814 positae
716 3749 1020 3816 comparari
1053 3763 1216 3818 posse
1261 3747 1548 3803 videantur
1573 3787 1590 3814 ,
1625 3749 1867 3818 reliquis:
1897 3748 2059 3804 salva:

482 3847 663 3894 erunt.
689 3837 841 3905 Quod
870 3855 1003 3895 sane
1028 3840 1250 3910 contigit
1285 3841 1530 3896 Ezechiae
1561 3843 1914 3911 temporibus.
1951 3841 2058 3895 De-

479 3931 587 3985 leta
620 3939 704 3984 est
735 3929 903 3996 enim,
932 3931 1008 3985 uti
1031 3931 1143 3986 dixi
1169 3973 1184 3998 ,
1217 3931 1489 3999 Samaria,
1517 3940 1571 3986 et
1607 3947 1710 3987 una
1752 3932 2058 4000 complures

477 4019 680 4074 Judtcae
708 4022 869 4074 urbes
898 4030 1090 4089 captae.
1124 4020 1347 4076 Factum
1377 4033 1464 4076 est
1493 4023 1656 4077 etiam
1688 4024 1790 4077 hoc
1825 4023 2054 4078 extremi

482 4110 664 4165 saeculi
711 4112 1062 4180 temporibus,
1097 4111 1390 4184 Unigenito
1415 4114 1567 4169 nobis
1595 4113 1648 4168 in
1679 4127 1844 4168 carne
1868 4114 2054 4170 illuce-

477 4211 684 4258 scente.
723 4203 873 4258 Tunc
902 4204 1088 4270 etiam,
1123 4215 1249 4260 tunc
1285 4206 1508 4260 verbum
1539 4205 1834 4262 concidens
1867 4207 1919 4260 in
1962 4206 2052 4274 ju-

475 4295 647 4362 stitia,
675 4297 897 4351 verbum
923 4297 1198 4353 concisum
1227 4312 1320 4353 seu
1347 4297 1724 4353 abbreviatum
1753 4298 1882 4354 fecit
1907 4298 2046 4352 Dens

476 4388 530 4442 in
585 4398 697 4444 toto
726 4390 856 4443 orbe
888 4399 1068 4444 terrae.
1111 4387 1220 4444 Lex
1257 4390 1402 4446 enim
1432 4406 1528 4460 per
1567 4389 1769 4446 Mosen!
1805 4392 1930 4446 data
1955 4405 2052 4460 per

2163 3303 2534 3375 πρεσϐύτερον
2562 3305 2658 3358 καὶ
2680 3296 2984 3367 νεανίσκον,
3017 3306 3111 3358 καὶ
3140 3304 3405 3374 παρθένον
3435 3305 3529 3357 καὶ
3558 3305 3742 3374 νήπια.

2161 3397 2254 3450 καὶ
2302 3398 2568 3465 γυναῖκας
2619 3398 2980 3451 ἀποκτείνατε
3036 3398 3115 3462 εἰς
3161 3396 3454 3467 ἐξάλειψιν.
3513 3396 3639 3449 Ἐπὶ
3689 3396 3743 3447 δὲ

2160 3489 2366 3553 πάντας
2412 3491 2500 3559 ἐφ’
2532 3489 2629 3554 οῦς
2679 3493 2795 3544 ἐστι
2843 3489 2904 3542 τὸ
2954 3493 3199 3561 σημεῖον,
3259 3490 3333 3563 μὴ
3382 3489 3664 3560 ὲγγίσητε.
3721 3509 3741 3538 ι

2164 3584 2353 3656 Ἀθρει
2387 3583 2451 3655 δὴ
2501 3579 2595 3636 οὖν
2638 3583 2787 3646 ὅπως
2835 3581 3268 3654 κατασφραγίζει
3309 3581 3440 3645 Θεὸς
3492 3583 3558 3652 τῇ
3614 3582 3746 3650 παρ’

2158 3675 2354 3730 ἑαυτοῦ
2383 3675 2567 3747 χάριτι
2603 3675 2696 3728 τὸν
2740 3675 2940 3746 εὐσεϐῆ
2992 3692 3053 3728 τε
3101 3674 3195 3728 καὶ
3241 3676 3485 3746 γνήσιον.
3521 3674 3634 3726 Καὶ
3662 3674 3745 3741 ἐφ’

2157 3763 2239 3832 οἷς
2289 3768 2356 3823 ἂν
2403 3769 2582 3839 ἕτεροι
2630 3766 2993 3840 προσκρούειν
3034 3767 3417 3838 ἀποτολμῶσιν
3449 3766 3620 3832 αὐτῷ,
3652 3783 3746 3835 χα-

2157 3860 2480 3915 λεπαίνοντὰ
2519 3877 2580 3912 τε
2606 3861 2700 3914 καὶ
2733 3860 3164 3931 κατοιμώζοντα.
3203 3859 3414 3913 Οὐκοῦν
3452 3858 3554 3912 κᾶν
3599 3861 3739 3912 εἰη..

2155 3952 2264 4005 τῶν
2299 3951 2358 4016 ἐξ
2399 3951 2615 4024 Ἰσραήλ
2647 3953 2880 4024 ὑπάρχοι
2904 3951 3135 4022 πληθὺς,
3169 3951 3263 4004 καί⁵
3284 3950 3531 4021 ψάμμοις
3559 3967 3738 4020 παρε-

2157 4042 2378 4107 κάζοιτο
2407 4045 2528 4108 ταῖς
2558 4046 2616 4096 ἐν
2652 4044 2797 4114 ήῐόσι
2830 4043 3133 4114 κειμέναις,
3162 4043 3224 4097 τὸ
3251 4035 3602 4112 κατάλειμμα
3640 4058 3743 4093 σω-

2155 4133 2400 4204 θήσεται.
2436 4135 2548 4188 Καὶ
2584 4133 2899 4205 συμϐέϐηκε
2934 4137 3032 4205 μὲν
3064 4133 3225 4187 τοῦτο
3254 4133 3394 4187 κατά
3426 4133 3554 4195 τοὺς
3595 4130 3745 4196 Ἐζεο

2153 4225 2271 4294 χίου
2325 4223 2574 4296 καιρούς.
2627 4225 2857 4278 Διό).ωλε
2880 4224 3011 4296 γὰρ,
3051 4226 3126 4290 ὡς
3153 4225 3314 4297 ἔφην,
3351 4226 3386 4296 ὴ
3435 4223 3747 4294 Σαμάρεια,

2153 4315 2246 4370 καὶ
2308 4317 2557 4371 πλεῖσται
2608 4317 2711 4388 τῆς
2772 4305 3031 4380 ιἸουδαίας
3092 4312 3486 4389 συνεξῄρηνταί
3531 4315 3746 4380 πόλεις.

2152 4409 2473 4480 Πέπρακται
2525 4409 2582 4462 δὲ
2629 4408 2788 4463 τοῦτο
2854 4410 2948 4462 καὶ
2990 4410 3048 4462 ἐν
3094 4409 3346 4479 ἐσχάτοις
3394 4407 3490 4462 τοῦ
3540 4408 3751 4470 αἰῶνος

481 4480 671 4549 longas
711 4480 967 4548 ambages
991 4482 1160 4544 venit,
1189 4492 1246 4536 et
1283 4493 1533 4538 contorto
1563 4485 1794 4552 quodam
1819 4481 2050 4536 circuitu

2165 4503 2399 4569 καιροῖς,
2457 4500 2863 4570 ἐπιλάμψαντος
2908 4502 3042 4571 ἡμῖν
3089 4499 3182 4553 τοῦ
3211 4497 3549 4568 Μονογενοῦς
3609 4497 3751 4568 μετά

477 4571 623 4641 quod
673 4569 800 4624 utile
848 4581 965 4625 erat
1018 4573 1293 4639 iudicavit,
1340 4589 1434 4642 per
1466 4575 1693 4642 aenigma
1722 4565 2054 4628 et‘umbram

476 4661 568 4713 vix
619 4659 955 4715 subinnueus
1014 4661 1158 4731 quod
1211 4664 1278 4717 ad
1327 4679 1482 4718 usum
1537 4663 2054 4734 atquelutilitatem

477 4750 730 4818 pertinet.
760 4749 1025 4806 Salutaris
1054 4761 1233 4807 autem
1270 4765 1326 4808 et
1351 4755 1659 4824 evangelica
1679 4756 1858 4810 oratio
1900 4755 2056 4811 nobis

476 4837 660 4892 brevis
711 4847 836 4904 est,
890 4850 945 4893 et
986 4841 1148 4895 veluti
1181 4843 1399 4898 concisa
1425 4858 1489 4897 ac
1521 4853 1824 4910 contracta,
1857 4847 2055 4902 nudam

477 4928 685 4984 habens
730 4931 1038 4995 veritatem,
1062 4941 1119 4986 et
1143 4933 1268 4986 vita:
1293 4934 1433 4987 viam
1459 4935 1670 5003 plenam
1696 4938 2052 5005 constituens,

419 5013 423 5021 “
477 5035 584 5076 non
635 5022 892 5092 impedita
948 5024 1320 5090 facultatibus,
1355 5042 1459 5082 non
1495 5027 1741 5085 obscuris
1768 5035 2055 5102 praeconiis

475 5111 750 5166 obvelata.
799 5111 1039 5182 Simplex
1077 5116 1244 5183 enim,
1291 5118 1366 5170 uti
1398 5118 1664 5185 dicebam,
1695 5136 1778 5178 εει
1811 5125 2056 5180 veritatis

479 5204 774 5274 negotium.
817 5202 1058 5261 Servata:
1104 5217 1232 5262 sunt
1265 5223 1427 5276 porro
1461 5211 1701 5282 reliquiae
1728 5215 1961 5280 lsraelis,
2003 5218 2053 5271 id

385 5291 392 5300 '
477 5305 580 5362 est,
641 5295 731 5363 qui
790 5295 896 5351 lide
950 5297 1067 5367 ejus
1106 5302 1501 5370 apparitionem
1557 5304 1856 5373 coluerunt,
1888 5308 2049 5380 182

479 5401 602 5439 cum
637 5381 926 5441 multitudo
955 5389 1058 5442 alia
1094 5400 1448 5446 averteretur.
1478 5393 1611 5448 Nam
1642 5397 1694 5450 in
1727 5398 1903 5467 ipsum
1939 5403 2052 5456 uni-

482 5490 761 5531 versorum
782 5478 1130 5535 Servatorem
1153 5491 1207 5535 et
1235 5481 1523 5538 Dominum
1552 5487 1865 5544 debacrhati
1900 5502 2048 5558 sunt,

480 5583 600 5620 cum
633 5579 761 5622 ante
794 5570 1086 5638 prophetas
1136 5572 1591 5644 obtraneasseut,
1643 5589 1695 5633 et
1747 5581 1837 5650 qui
1895 5583 2050 5639 missi

554 5729 598 5758 ²²
625 5710 829 5785 Ἐῑεοιι.
868 5747 986 5800 νιιι,
1022 5733 1106 5789 i7.
1147 5739 1229 5810 _"
1261 5739 1458 5796 Ezech.
1497 5757 1576 5810 ix,
1612 5742 1730 5798 4-6.

2156 4591 2378 4662 σαρκός.
2415 4592 2550 4645 Τότε
2596 4593 2704 4664 γὰρ
2735 4594 2857 4647 τότε
2891 4592 2983 4645 καὶ
3016 4591 3171 4660 λόγον
3221 4591 3533 4661 συντέμνων
3575 4589 3636 4643 ἐν
3670 4589 3753 4642 δι-

2155 4681 2416 4753 καιοσύνῃ
2450 4682 2750 4754 πεποίηκεν
2780 4685 2808 4736 6
2839 4682 2972 4746 Θεὸς
3012 4684 3070 4735 ὲν
3098 4685 3160 4752 τῇ
3191 4682 3487 4751 οἰκουμένῃ
3513 4679 3632 4753 ὅλῃ.
3689 4681 3752 4732 '0

2158 4770 2259 4840 μὲν
2286 4771 2394 4840 γὰρ
2437 4771 2599 4842 νόμος
2647 4773 2675 4824 ὁ
2706 4771 2796 4824 διὰ
2837 4771 3085 4835 Μωσέως
3133 4771 3220 4824 διά
3275 4769 3491 4825 κύκλων
3522 4770 3748 4841 ἔρχεται

2159 4863 2409 4934 μακρῶν,
2462 4866 2556 4918 καὶ
2590 4864 2886 4936 περισκελῆ
2918 4867 3152 4918 ποιεῖται
3181 4863 3275 4916 τοῦ
3322 4862 3596 4936 χρησίμου
3647 4864 3748 4934 τὴν

2155 4952 2410 5022 δήλωσιν,
2446 4955 2512 5007 δι’
2544 4955 2866 5024 αἰνίγματος
2907 4957 3004 5010 καὶ
3037 4958 3194 5020 σκιᾶς
3244 4955 3559 5025 ὑποφαίνων
3594 4957 3746 5028 μόλις

2157 5043 2216 5094 τὸ
2244 5043 2430 5097 τελοῦν
2453 5046 2532 5108 είς
2557 5045 2759 5116 ὄνησιν.
2807 5048 2865 5100 '0
2887 5047 2942 5100 δέ
2972 5065 3035 5116 γε
3069 5049 3334 5120 σωτήριός
3365 5064 3424 5101 τε
3450 5047 3546 5101 καὶ
3578 5050 3744 5118 εὐαγ-

2158 5133 2374 5199 γελικδς
2412 5136 2542 5206 ήμῖν
2571 5137 2728 5205 λόγος
2768 5138 2974 5210 βραχύς
3003 5140 3062 5192 τὲ
3089 5143 3236 5193 ἐστιν
3270 5141 3364 5193 καὶ
3400 5135 3513 5194 οἷον
3554 5157 3742 5194 συντε-

2157 5241 2268 5295 τμη
2279 5225 2458 5294 μένος,
2482 5228 2601 5297 ἦτοι
2625 5230 2909 5300 σύντομος,
2935 5232 3150 5301 γυμνὴν
3177 5231 3316 5303 ἔχων
3336 5232 3436 5303 τήν
3459 5232 3742 5304 ἀλήθειαν.

2161 5318 2382 5390 καὶτῆς
2413 5318 2556 5392 ζωῆς
2589 5321 2688 5393 τὴν
2733 5322 2848 5378 ὁδὸν
2880 5326 3083 5395 ἐναργῆ
3128 5325 3410 5388 καθιστάς,
3451 5326 3513 5378 οὐ
3551 5326 3744 5395 δυσχεο

2162 5411 2283 5481 ρίας
2334 5414 2580 5486 ἐνούσης,
2615 5418 2714 5471 οὐκ
2753 5418 3018 5488 ἀσαφείας
3061 5422 3206 5484 τινὸς
3247 5423 3359 5483 τοῖς
3392 5419 3741 5491 κηρύγμασιν

2159 5505 2615 5578 ἐπενηνεγμένης.
2670 5509 2901 5564 Ἀπλοῦν
2923 5511 3052 5583 γὰρ,
3084 5514 3160 5576 ὡς
3184 5513 3339 5584 ἔφην,
3365 5513 3463 5584 τῆς
3486 5514 3741 5585 ἀληθείας

2157 5595 2217 5649 τὸ
2256 5597 2465 5668 χρῆμα.
2499 5600 2771 5655 Σέσωσται
2800 5603 2856 5656 δὲ
2884 5605 2976 5656 καὶ
3016 5604 3136 5657 τότε
3166 5605 3227 5657 τὸ
3269 5605 3621 5675 κατάλειμμα
3647 5600 3739 5659 τοῦ
