  <div class='ocr_page' id='page_1' title='image "/cluster/home/n/w/nwhite01/storage/ocr_20150623/70:no.3/coo.31924054869726/156.png"; bbox 0 0 4016 6466; ppageno 0'>
   <div class='ocr_carea' id='block_1_1' title="bbox 192 338 315 396">
    <p class='ocr_par' dir='ltr' id='par_1_1' title="bbox 192 338 315 396">
     <span class='ocr_line' id='line_1_1' title="bbox 192 338 315 396; baseline 0 -1"><span class='ocrx_word' id='word_1_1' title='bbox 192 338 315 396; x_wconf 74' lang='grc'><strong><em>297</em></strong></span> 
     </span>
    </p>
   </div>
   <div class='ocr_carea' id='block_1_2' title="bbox 1353 339 2328 399">
    <p class='ocr_par' dir='ltr' id='par_1_2' title="bbox 1353 339 2328 399">
     <span class='ocr_line' id='line_1_2' title="bbox 1353 339 2328 399; baseline 0 -1"><span class='ocrx_word' id='word_1_2' title='bbox 1353 342 1418 398; x_wconf 81' lang='lat' dir='ltr'><strong><em>IN</em></strong></span> <span class='ocrx_word' id='word_1_3' title='bbox 1459 341 1692 399; x_wconf 78' lang='lat' dir='ltr'><strong>ISAIAM</strong></span> <span class='ocrx_word' id='word_1_4' title='bbox 1729 342 1858 398; x_wconf 87' lang='lat' dir='ltr'><strong><em>LIB.</em></strong></span> <span class='ocrx_word' id='word_1_5' title='bbox 1904 344 1944 398; x_wconf 92' lang='lat' dir='ltr'><strong><em>I.</em></strong></span> <span class='ocrx_word' id='word_1_6' title='bbox 1987 339 2198 398; x_wconf 66' lang='grc' dir='ltr'><strong><em>ΟΒᾹΤ.</em></strong></span> <span class='ocrx_word' id='word_1_7' title='bbox 2238 342 2328 398; x_wconf 84' lang='lat' dir='ltr'><strong>VI.</strong></span> 
     </span>
    </p>
   </div>
   <div class='ocr_carea' id='block_1_3' title="bbox 3405 340 3510 396">
    <p class='ocr_par' dir='ltr' id='par_1_3' title="bbox 3405 340 3510 396">
     <span class='ocr_line' id='line_1_3' title="bbox 3405 340 3510 396; baseline 0.01 -1"><span class='ocrx_word' id='word_1_8' title='bbox 3405 340 3510 396; x_wconf 68' lang='lat'><strong><em>298</em></strong></span> 
     </span>
    </p>
   </div>
   <div class='ocr_carea' id='block_1_4' title="bbox 210 461 1839 540">
    <p class='ocr_par' dir='ltr' id='par_1_4' title="bbox 210 461 1839 540">
     <span class='ocr_line' id='line_1_4' title="bbox 210 461 1839 540; baseline 0.004 -26"><span class='ocrx_word' id='word_1_9' title='bbox 210 461 464 535; x_wconf 77' lang='grc' dir='ltr'>Ἰσραὴλ,</span> <span class='ocrx_word' id='word_1_10' title='bbox 492 461 642 518; x_wconf 83' lang='grc' dir='ltr'>τοῦτ’</span> <span class='ocrx_word' id='word_1_11' title='bbox 673 462 844 529; x_wconf 76' lang='grc' dir='ltr'>ἐστιν,</span> <span class='ocrx_word' id='word_1_12' title='bbox 893 464 942 520; x_wconf 74' lang='grc' dir='ltr'>οἱ</span> <span class='ocrx_word' id='word_1_13' title='bbox 991 464 1174 519; x_wconf 77' lang='grc' dir='ltr'>πίστει</span> <span class='ocrx_word' id='word_1_14' title='bbox 1200 466 1532 537; x_wconf 73' lang='grc' dir='ltr'>τιμήσαντες</span> <span class='ocrx_word' id='word_1_15' title='bbox 1561 467 1660 540; x_wconf 85' lang='grc' dir='ltr'>τὴν</span> <span class='ocrx_word' id='word_1_16' title='bbox 1691 468 1810 520; x_wconf 80' lang='grc' dir='ltr'>ἐπι-</span> <span class='ocrx_word' id='word_1_17' title='bbox 1838 531 1839 534; x_wconf 21' lang='grc' dir='ltr'><strong><em>η</em></strong></span> 
     </span>
    </p>
   </div>
   <div class='ocr_carea' id='block_1_5' title="bbox 1946 461 3510 540">
    <p class='ocr_par' dir='ltr' id='par_1_5' title="bbox 1948 462 3510 536">
     <span class='ocr_line' id='line_1_5' title="bbox 1948 462 3510 536; baseline 0 -16"><span class='ocrx_word' id='word_1_18' title='bbox 1948 475 2110 529; x_wconf 88' lang='lat' dir='ltr'><strong><em>rant,</em></strong></span> <span class='ocrx_word' id='word_1_19' title='bbox 2164 465 2534 536; x_wconf 88' lang='lat' dir='ltr'><strong><em>lapidassent,</em></strong></span> <span class='ocrx_word' id='word_1_20' title='bbox 2593 464 2810 535; x_wconf 91' lang='lat' dir='ltr'><strong><em>etquid</em></strong></span> <span class='ocrx_word' id='word_1_21' title='bbox 2872 463 3087 518; x_wconf 88' lang='lat' dir='ltr'><strong><em>tandem</em></strong></span> <span class='ocrx_word' id='word_1_22' title='bbox 3149 462 3370 520; x_wconf 75' lang='lat' dir='ltr'><strong><em>sceleris</em></strong></span> <span class='ocrx_word' id='word_1_23' title='bbox 3405 481 3510 520; x_wconf 86' lang='lat' dir='ltr'><strong><em>non</em></strong></span> 
     </span>
    </p>
   </div>
   <div class='ocr_carea' id='block_1_6' title="bbox 193 554 1839 629">
    <p class='ocr_par' dir='ltr' id='par_1_6' title="bbox 193 554 1811 629">
     <span class='ocr_line' id='line_1_6' title="bbox 193 554 1811 629; baseline 0.002 -21"><span class='ocrx_word' id='word_1_24' title='bbox 193 555 444 626; x_wconf 75' lang='grc' dir='ltr'>φάνειαν</span> <span class='ocrx_word' id='word_1_25' title='bbox 490 554 685 622; x_wconf 83' lang='grc' dir='ltr'>αὑτοῦ,</span> <span class='ocrx_word' id='word_1_26' title='bbox 725 558 826 628; x_wconf 81' lang='grc' dir='ltr'>τῆς</span> <span class='ocrx_word' id='word_1_27' title='bbox 871 556 1066 629; x_wconf 81' lang='grc' dir='ltr'>ἐτέρας</span> <span class='ocrx_word' id='word_1_28' title='bbox 1117 556 1356 629; x_wconf 77' lang='grc' dir='ltr'><strong><em>πληθύος</em></strong></span> <span class='ocrx_word' id='word_1_29' title='bbox 1403 557 1684 628; x_wconf 75' lang='grc' dir='ltr'><strong><em>παθούσης</em></strong></span> <span class='ocrx_word' id='word_1_30' title='bbox 1711 557 1811 626; x_wconf 75' lang='grc' dir='ltr'>τὴν</span> 
     </span>
    </p>
   </div>
   <div class='ocr_carea' id='block_1_7' title="bbox 1946 554 2324 629">
    <p class='ocr_par' dir='ltr' id='par_1_7' title="bbox 1946 557 2324 612">
     <span class='ocr_line' id='line_1_7' title="bbox 1946 557 2324 612; baseline 0.005 -2"><span class='ocrx_word' id='word_1_31' title='bbox 1946 557 2276 612; x_wconf 77' lang='lat' dir='ltr'><strong><em>idntisissent</em></strong></span> <span class='ocrx_word' id='word_1_32' title='bbox 2301 557 2324 612; x_wconf 72' lang='grc' dir='ltr'><strong><em>Ἱ</em></strong></span> 
     </span>
    </p>
   </div>
   <div class='ocr_carea' id='block_1_8' title="bbox 197 648 3514 726">
    <p class='ocr_par' dir='ltr' id='par_1_8' title="bbox 197 648 3514 726">
     <span class='ocr_line' id='line_1_8' title="bbox 197 648 3514 726; baseline -0 -23"><span class='ocrx_word' id='word_1_33' title='bbox 197 651 595 722; x_wconf 72' lang='grc' dir='ltr'>ἀποστροφήν.</span> <span class='ocrx_word' id='word_1_34' title='bbox 643 653 1087 724; x_wconf 82' lang='grc' dir='ltr'>Πεπαρῳνήκασι</span> <span class='ocrx_word' id='word_1_35' title='bbox 1143 651 1252 726; x_wconf 77' lang='grc' dir='ltr'><strong><em>γάρ</em></strong></span> <span class='ocrx_word' id='word_1_36' title='bbox 1323 652 1404 716; x_wconf 88' lang='grc' dir='ltr'><strong><em>είς</em></strong></span> <span class='ocrx_word' id='word_1_37' title='bbox 1449 653 1541 706; x_wconf 81' lang='grc' dir='ltr'>τὸν</span> <span class='ocrx_word' id='word_1_38' title='bbox 1584 653 1695 705; x_wconf 82' lang='grc' dir='ltr'>τῶν</span> <span class='ocrx_word' id='word_1_39' title='bbox 1760 652 1898 706; x_wconf 84' lang='grc' dir='ltr'>ὅλων</span> <span class='ocrx_word' id='word_1_40' title='bbox 1936 651 2170 722; x_wconf 82' lang='grc' dir='ltr'><strong><em>Σωτῆρα</em></strong></span> <span class='ocrx_word' id='word_1_41' title='bbox 2232 651 2328 704; x_wconf 74' lang='grc' dir='ltr'>καὶ</span> <span class='ocrx_word' id='word_1_42' title='bbox 2389 648 2618 723; x_wconf 86' lang='grc' dir='ltr'>Κύριον,</span> <span class='ocrx_word' id='word_1_43' title='bbox 2684 649 3155 723; x_wconf 84' lang='grc' dir='ltr'>προαπεκτονότες</span> <span class='ocrx_word' id='word_1_44' title='bbox 3207 649 3514 722; x_wconf 82' lang='grc' dir='ltr'><strong><em>προφήτας,</em></strong></span> 
     </span>
    </p>
   </div>
   <div class='ocr_carea' id='block_1_9' title="bbox 197 740 2944 814">
    <p class='ocr_par' dir='ltr' id='par_1_9' title="bbox 197 740 2944 814">
     <span class='ocr_line' id='line_1_9' title="bbox 197 740 2944 814; baseline -0 -19"><span class='ocrx_word' id='word_1_45' title='bbox 197 743 299 795; x_wconf 67' lang='grc' dir='ltr'><strong><em>καὶ</em></strong></span> <span class='ocrx_word' id='word_1_46' title='bbox 331 741 800 813; x_wconf 68' lang='grc' dir='ltr'>λιθοϐολῆσαντες</span> <span class='ocrx_word' id='word_1_47' title='bbox 833 743 960 807; x_wconf 77' lang='grc' dir='ltr'>τοὺς</span> <span class='ocrx_word' id='word_1_48' title='bbox 985 741 1432 814; x_wconf 72' lang='grc' dir='ltr'><strong><em>ἀπεσταλμένους</em></strong></span> <span class='ocrx_word' id='word_1_49' title='bbox 1452 758 1468 772; x_wconf 85' lang='grc'>⁶</span> <span class='ocrx_word' id='word_1_50' title='bbox 1499 744 1595 796; x_wconf 79' lang='grc' dir='ltr'>καὶ</span> <span class='ocrx_word' id='word_1_51' title='bbox 1622 741 1676 796; x_wconf 90' lang='grc' dir='ltr'><strong><em>τί</em></strong></span> <span class='ocrx_word' id='word_1_52' title='bbox 1715 742 1826 814; x_wconf 75' lang='grc' dir='ltr'>γὰρ</span> <span class='ocrx_word' id='word_1_53' title='bbox 1863 741 1986 811; x_wconf 74' lang='grc' dir='ltr'>οὐχὶ</span> <span class='ocrx_word' id='word_1_54' title='bbox 2024 740 2133 794; x_wconf 84' lang='grc' dir='ltr'><strong><em>τῶν</em></strong></span> <span class='ocrx_word' id='word_1_55' title='bbox 2166 741 2414 795; x_wconf 78' lang='grc' dir='ltr'><strong><em>ἐκτόπων</em></strong></span> <span class='ocrx_word' id='word_1_56' title='bbox 2453 740 2944 811; x_wconf 84' lang='grc' dir='ltr'>ἐπιτηδεύσαντες;</span> 
     </span>
    </p>
   </div>
   <div class='ocr_carea' id='block_1_10' title="bbox 157 835 1826 908">
    <p class='ocr_par' dir='ltr' id='par_1_10' title="bbox 157 835 1826 908">
     <span class='ocr_line' id='line_1_10' title="bbox 157 835 1826 908; baseline -0.001 -17"><span class='ocrx_word' id='word_1_57' title='bbox 157 857 160 862; x_wconf 95' lang='grc'>·</span> <span class='ocrx_word' id='word_1_58' title='bbox 277 836 384 891; x_wconf 73' lang='grc' dir='ltr'>Διά</span> <span class='ocrx_word' id='word_1_59' title='bbox 417 836 605 890; x_wconf 83' lang='grc' dir='ltr'>τοῦτο</span> <span class='ocrx_word' id='word_1_60' title='bbox 629 835 774 890; x_wconf 82' lang='grc' dir='ltr'>τάδε</span> <span class='ocrx_word' id='word_1_61' title='bbox 804 838 972 908; x_wconf 75' lang='grc' dir='ltr'>λέγει</span> <span class='ocrx_word' id='word_1_62' title='bbox 1009 838 1225 907; x_wconf 77' lang='grc' dir='ltr'>Κύριος</span> <span class='ocrx_word' id='word_1_63' title='bbox 1261 837 1508 894; x_wconf 73' lang='grc' dir='ltr'>Σαϐαὼθ</span> <span class='ocrx_word' id='word_1_64' title='bbox 1528 855 1541 868; x_wconf 89' lang='grc'><strong>·</strong></span> <span class='ocrx_word' id='word_1_65' title='bbox 1602 837 1698 906; x_wconf 77' lang='grc' dir='ltr'><strong><em>Μὴ</em></strong></span> <span class='ocrx_word' id='word_1_66' title='bbox 1725 855 1826 908; x_wconf 67' lang='grc' dir='ltr'><strong><em>φο-</em></strong></span> 
     </span>
    </p>
   </div>
   <div class='ocr_carea' id='block_1_11' title="bbox 214 929 1828 999">
    <p class='ocr_par' dir='ltr' id='par_1_11' title="bbox 214 929 1828 999">
     <span class='ocr_line' id='line_1_11' title="bbox 214 929 1828 999; baseline 0.001 -16"><span class='ocrx_word' id='word_1_67' title='bbox 214 929 345 993; x_wconf 73' lang='grc' dir='ltr'>ϐοῦ,</span> <span class='ocrx_word' id='word_1_68' title='bbox 394 929 560 995; x_wconf 69' lang='grc' dir='ltr'>,λαός</span> <span class='ocrx_word' id='word_1_69' title='bbox 602 947 748 999; x_wconf 85' lang='grc' dir='ltr'>μου,</span> <span class='ocrx_word' id='word_1_70' title='bbox 799 934 854 984; x_wconf 80' lang='grc' dir='ltr'><strong><em>οἱ</em></strong></span> <span class='ocrx_word' id='word_1_71' title='bbox 907 930 1332 998; x_wconf 81' lang='grc' dir='ltr'>κατοικοῦντες</span> <span class='ocrx_word' id='word_1_72' title='bbox 1378 931 1448 986; x_wconf 86' lang='grc' dir='ltr'>ἐν</span> <span class='ocrx_word' id='word_1_73' title='bbox 1483 931 1656 996; x_wconf 79' lang='grc' dir='ltr'>Σιὼν,</span> <span class='ocrx_word' id='word_1_74' title='bbox 1705 931 1828 986; x_wconf 84' lang='grc' dir='ltr'>ἀπὸ</span> 
     </span>
    </p>
   </div>
   <div class='ocr_carea' id='block_1_12' title="bbox 235 1022 1830 1093">
    <p class='ocr_par' dir='ltr' id='par_1_12' title="bbox 235 1022 1830 1093">
     <span class='ocr_line' id='line_1_12' title="bbox 235 1022 1830 1093; baseline 0.03 -27"><span class='ocrx_word' id='word_1_75' title='bbox 235 1023 586 1086; x_wconf 69' lang='lat' dir='ltr'><strong><em>‘Aca-vplwr,</em></strong></span> <span class='ocrx_word' id='word_1_76' title='bbox 630 1022 723 1076; x_wconf 79' lang='grc' dir='ltr'>ὅτι</span> <span class='ocrx_word' id='word_1_77' title='bbox 771 1022 844 1076; x_wconf 85' lang='grc' dir='ltr'>ἐν</span> <span class='ocrx_word' id='word_1_78' title='bbox 879 1023 1084 1092; x_wconf 72' lang='grc' dir='ltr'>ῥάϐδῳ</span> <span class='ocrx_word' id='word_1_79' title='bbox 1131 1022 1385 1088; x_wconf 71' lang='grc' dir='ltr'><strong><em>πατάξει</em></strong></span> <span class='ocrx_word' id='word_1_80' title='bbox 1422 1041 1517 1078; x_wconf 74' lang='grc' dir='ltr'><strong><em>σε·</em></strong></span> <span class='ocrx_word' id='word_1_81' title='bbox 1573 1023 1830 1093; x_wconf 67' lang='grc' dir='ltr'><em>Πλητὴν</em></span> 
     </span>
    </p>
   </div>
   <div class='ocr_carea' id='block_1_13' title="bbox 222 1114 1827 1185">
    <p class='ocr_par' dir='ltr' id='par_1_13' title="bbox 222 1114 1827 1185">
     <span class='ocr_line' id='line_1_13' title="bbox 222 1114 1827 1185; baseline 0.002 -18"><span class='ocrx_word' id='word_1_82' title='bbox 222 1116 326 1184; x_wconf 77' lang='grc' dir='ltr'>γὶιρ</span> <span class='ocrx_word' id='word_1_83' title='bbox 353 1115 474 1182; x_wconf 79' lang='grc' dir='ltr'>ἐγὼ</span> <span class='ocrx_word' id='word_1_84' title='bbox 506 1115 717 1185; x_wconf 78' lang='grc' dir='ltr'>ἐπάγω</span> <span class='ocrx_word' id='word_1_85' title='bbox 756 1115 858 1169; x_wconf 82' lang='grc' dir='ltr'>ἐπὶ</span> <span class='ocrx_word' id='word_1_86' title='bbox 892 1115 988 1182; x_wconf 86' lang='grc' dir='ltr'><strong><em>σὲ,</em></strong></span> <span class='ocrx_word' id='word_1_87' title='bbox 1019 1114 1127 1170; x_wconf 87' lang='grc' dir='ltr'><strong><em>τοῦ</em></strong></span> <span class='ocrx_word' id='word_1_88' title='bbox 1161 1115 1310 1170; x_wconf 77' lang='grc' dir='ltr'><strong><em>ἰδεῖν</em></strong></span> <span class='ocrx_word' id='word_1_89' title='bbox 1339 1115 1484 1170; x_wconf 80' lang='grc' dir='ltr'><strong><em>ὁδὸν</em></strong></span> <span class='ocrx_word' id='word_1_90' title='bbox 1501 1117 1827 1184; x_wconf 68' lang='grc' dir='ltr'>Αἰγύπτου.</span> 
     </span>
    </p>
   </div>
   <div class='ocr_carea' id='block_1_14' title="bbox 225 1207 1829 1279">
    <p class='ocr_par' dir='ltr' id='par_1_14' title="bbox 225 1207 1829 1279">
     <span class='ocr_line' id='line_1_14' title="bbox 225 1207 1829 1279; baseline -0.001 -17"><span class='ocrx_word' id='word_1_91' title='bbox 225 1210 345 1262; x_wconf 80' lang='grc' dir='ltr'>Ἔτι</span> <span class='ocrx_word' id='word_1_92' title='bbox 371 1207 487 1277; x_wconf 73' lang='grc' dir='ltr'>γὰρ</span> <span class='ocrx_word' id='word_1_93' title='bbox 511 1207 765 1276; x_wconf 72' lang='grc' dir='ltr'>μικρὸν,</span> <span class='ocrx_word' id='word_1_94' title='bbox 792 1208 891 1262; x_wconf 78' lang='grc' dir='ltr'>καὶ</span> <span class='ocrx_word' id='word_1_95' title='bbox 916 1209 1214 1262; x_wconf 84' lang='grc' dir='ltr'>παύσεται</span> <span class='ocrx_word' id='word_1_96' title='bbox 1239 1209 1278 1277; x_wconf 77' lang='grc' dir='ltr'>ἡ</span> <span class='ocrx_word' id='word_1_97' title='bbox 1301 1207 1470 1279; x_wconf 76' lang='grc' dir='ltr'>ὀργὴ,</span> <span class='ocrx_word' id='word_1_98' title='bbox 1503 1211 1536 1262; x_wconf 84' lang='grc' dir='ltr'><em>ὀ</em></span> <span class='ocrx_word' id='word_1_99' title='bbox 1558 1207 1627 1261; x_wconf 83' lang='grc' dir='ltr'>δὲ</span> <span class='ocrx_word' id='word_1_100' title='bbox 1643 1209 1829 1278; x_wconf 82' lang='grc' dir='ltr'>θυμός</span> 
     </span>
    </p>
   </div>
   <div class='ocr_carea' id='block_1_15' title="bbox 216 1298 1188 1369">
    <p class='ocr_par' dir='ltr' id='par_1_15' title="bbox 216 1298 1188 1369">
     <span class='ocr_line' id='line_1_15' title="bbox 216 1298 1188 1369; baseline 0 -16"><span class='ocrx_word' id='word_1_101' title='bbox 216 1318 329 1369; x_wconf 84' lang='grc' dir='ltr'><strong><em>μου</em></strong></span> <span class='ocrx_word' id='word_1_102' title='bbox 369 1299 478 1351; x_wconf 71' lang='grc' dir='ltr'>ἐπὶ</span> <span class='ocrx_word' id='word_1_103' title='bbox 525 1298 648 1367; x_wconf 78' lang='grc' dir='ltr'><strong><em>τὴν</em></strong></span> <span class='ocrx_word' id='word_1_104' title='bbox 681 1299 937 1368; x_wconf 75' lang='grc' dir='ltr'><strong><em>,βουλὴν</em></strong></span> <span class='ocrx_word' id='word_1_105' title='bbox 967 1300 1188 1356; x_wconf 79' lang='grc' dir='ltr'><strong><em>αὐτῶν.</em></strong></span> 
     </span>
    </p>
   </div>
   <div class='ocr_carea' id='block_1_16' title="bbox 296 1390 1831 1466">
    <p class='ocr_par' dir='ltr' id='par_1_16' title="bbox 296 1390 1831 1466">
     <span class='ocr_line' id='line_1_16' title="bbox 296 1390 1831 1466; baseline 0.001 -22"><span class='ocrx_word' id='word_1_106' title='bbox 296 1391 529 1463; x_wconf 77' lang='grc' dir='ltr'>Ἐπειδὴ</span> <span class='ocrx_word' id='word_1_107' title='bbox 570 1391 682 1462; x_wconf 77' lang='grc' dir='ltr'>γὰρ</span> <span class='ocrx_word' id='word_1_108' title='bbox 733 1393 858 1464; x_wconf 70' lang='grc' dir='ltr'>όσίᾳ</span> <span class='ocrx_word' id='word_1_109' title='bbox 909 1393 1075 1464; x_wconf 72' lang='grc' dir='ltr'>ψήφῳ</span> <span class='ocrx_word' id='word_1_110' title='bbox 1108 1393 1206 1446; x_wconf 76' lang='grc' dir='ltr'>καὶ</span> <span class='ocrx_word' id='word_1_111' title='bbox 1249 1393 1316 1465; x_wconf 84' lang='grc' dir='ltr'><strong><em>τῇ</em></strong></span> <span class='ocrx_word' id='word_1_112' title='bbox 1356 1390 1508 1460; x_wconf 83' lang='grc' dir='ltr'>αὐτῷ</span> <span class='ocrx_word' id='word_1_113' title='bbox 1544 1391 1831 1466; x_wconf 78' lang='grc' dir='ltr'><strong><em>πρεπούσῃ</em></strong></span> 
     </span>
    </p>
   </div>
   <div class='ocr_carea' id='block_1_17' title="bbox 216 1484 1828 1557">
    <p class='ocr_par' dir='ltr' id='par_1_17' title="bbox 216 1484 1828 1557">
     <span class='ocr_line' id='line_1_17' title="bbox 216 1484 1828 1557; baseline 0.002 -22"><span class='ocrx_word' id='word_1_114' title='bbox 216 1485 573 1554; x_wconf 76' lang='grc' dir='ltr'><strong><em>κεχρημένος</em></strong></span> <span class='ocrx_word' id='word_1_115' title='bbox 617 1485 943 1557; x_wconf 83' lang='grc' dir='ltr'>ήμερότητι,</span> <span class='ocrx_word' id='word_1_116' title='bbox 1004 1484 1167 1550; x_wconf 80' lang='grc' dir='ltr'>σώζει</span> <span class='ocrx_word' id='word_1_117' title='bbox 1221 1484 1322 1556; x_wconf 83' lang='grc' dir='ltr'>μὲν</span> <span class='ocrx_word' id='word_1_118' title='bbox 1379 1486 1505 1549; x_wconf 79' lang='grc' dir='ltr'>τοὺς</span> <span class='ocrx_word' id='word_1_119' title='bbox 1549 1485 1828 1557; x_wconf 86' lang='grc' dir='ltr'>γνησίους,</span> 
     </span>
    </p>
   </div>
   <div class='ocr_carea' id='block_1_18' title="bbox 218 1576 1830 1649">
    <p class='ocr_par' dir='ltr' id='par_1_18' title="bbox 218 1576 1830 1649">
     <span class='ocr_line' id='line_1_18' title="bbox 218 1576 1830 1649; baseline 0.002 -20"><span class='ocrx_word' id='word_1_120' title='bbox 218 1577 572 1648; x_wconf 78' lang='grc' dir='ltr'>παραδίδωσι</span> <span class='ocrx_word' id='word_1_121' title='bbox 615 1577 674 1630; x_wconf 87' lang='grc' dir='ltr'>δὲ</span> <span class='ocrx_word' id='word_1_122' title='bbox 717 1577 844 1641; x_wconf 81' lang='grc' dir='ltr'>τοὺς</span> <span class='ocrx_word' id='word_1_123' title='bbox 879 1577 1258 1649; x_wconf 88' lang='grc' dir='ltr'>λελυπηκότας</span> <span class='ocrx_word' id='word_1_124' title='bbox 1288 1577 1453 1631; x_wconf 78' lang='grc' dir='ltr'>αὐτὸν</span> <span class='ocrx_word' id='word_1_125' title='bbox 1485 1577 1514 1630; x_wconf 82' lang='grc' dir='ltr'><strong><em>ό</em></strong></span> <span class='ocrx_word' id='word_1_126' title='bbox 1555 1576 1664 1631; x_wconf 87' lang='grc' dir='ltr'>τῶν</span> <span class='ocrx_word' id='word_1_127' title='bbox 1693 1577 1830 1632; x_wconf 85' lang='grc' dir='ltr'>ὅλων</span> 
     </span>
    </p>
   </div>
   <div class='ocr_carea' id='block_1_19' title="bbox 216 1667 1829 1740">
    <p class='ocr_par' dir='ltr' id='par_1_19' title="bbox 216 1667 1829 1740">
     <span class='ocr_line' id='line_1_19' title="bbox 216 1667 1829 1740; baseline 0 -20"><span class='ocrx_word' id='word_1_128' title='bbox 216 1667 370 1730; x_wconf 71' lang='grc' dir='ltr'>Θεόςο</span> <span class='ocrx_word' id='word_1_129' title='bbox 401 1668 503 1739; x_wconf 81' lang='grc' dir='ltr'><strong><em>Μὴ</em></strong></span> <span class='ocrx_word' id='word_1_130' title='bbox 539 1667 734 1737; x_wconf 90' lang='grc' dir='ltr'>φοϐοῦ,</span> <span class='ocrx_word' id='word_1_131' title='bbox 762 1669 949 1738; x_wconf 72' lang='grc' dir='ltr'>φησιν,</span> <span class='ocrx_word' id='word_1_132' title='bbox 981 1668 1010 1721; x_wconf 88' lang='grc' dir='ltr'>ὁ</span> <span class='ocrx_word' id='word_1_133' title='bbox 1038 1667 1168 1731; x_wconf 86' lang='grc' dir='ltr'>λαός</span> <span class='ocrx_word' id='word_1_134' title='bbox 1205 1686 1329 1740; x_wconf 87' lang='grc' dir='ltr'>μου,</span> <span class='ocrx_word' id='word_1_135' title='bbox 1352 1669 1400 1722; x_wconf 82' lang='grc' dir='ltr'>οἱ</span> <span class='ocrx_word' id='word_1_136' title='bbox 1446 1667 1829 1733; x_wconf 87' lang='grc' dir='ltr'>κατοικοῦντες</span> 
     </span>
    </p>
   </div>
   <div class='ocr_carea' id='block_1_20' title="bbox 222 1760 1828 1834">
    <p class='ocr_par' dir='ltr' id='par_1_20' title="bbox 222 1760 1828 1834">
     <span class='ocr_line' id='line_1_20' title="bbox 222 1760 1828 1834; baseline 0.003 -22"><span class='ocrx_word' id='word_1_137' title='bbox 222 1762 277 1813; x_wconf 80' lang='grc' dir='ltr'><strong><em>ἐν</em></strong></span> <span class='ocrx_word' id='word_1_138' title='bbox 306 1761 475 1821; x_wconf 80' lang='grc' dir='ltr'>Σιὼν.</span> <span class='ocrx_word' id='word_1_139' title='bbox 515 1760 629 1814; x_wconf 81' lang='grc' dir='ltr'>ἀπὸ</span> <span class='ocrx_word' id='word_1_140' title='bbox 678 1761 1004 1832; x_wconf 81' lang='grc' dir='ltr'>Ἀσσυρίων.</span> <span class='ocrx_word' id='word_1_141' title='bbox 1052 1761 1305 1832; x_wconf 84' lang='grc' dir='ltr'>Ἀφίκετο</span> <span class='ocrx_word' id='word_1_142' title='bbox 1341 1763 1440 1834; x_wconf 83' lang='grc' dir='ltr'>μὲν</span> <span class='ocrx_word' id='word_1_143' title='bbox 1483 1763 1592 1833; x_wconf 88' lang='grc' dir='ltr'>γὰρ</span> <span class='ocrx_word' id='word_1_144' title='bbox 1624 1765 1653 1816; x_wconf 88' lang='grc' dir='ltr'><strong><em>ό</em></strong></span> <span class='ocrx_word' id='word_1_145' title='bbox 1702 1763 1828 1817; x_wconf 84' lang='grc' dir='ltr'><strong><em>Ῥα-</em></strong></span> 
     </span>
    </p>
   </div>
   <div class='ocr_carea' id='block_1_21' title="bbox 220 1853 1827 1928">
    <p class='ocr_par' dir='ltr' id='par_1_21' title="bbox 220 1853 1827 1928">
     <span class='ocr_line' id='line_1_21' title="bbox 220 1853 1827 1928; baseline 0.001 -22"><span class='ocrx_word' id='word_1_146' title='bbox 220 1855 402 1925; x_wconf 73' lang='grc' dir='ltr'>ψάκης</span> <span class='ocrx_word' id='word_1_147' title='bbox 445 1855 534 1917; x_wconf 84' lang='grc' dir='ltr'>εἰς</span> <span class='ocrx_word' id='word_1_148' title='bbox 591 1853 970 1925; x_wconf 80' lang='grc' dir='ltr'>Ἰερουσαλὴμ,</span> <span class='ocrx_word' id='word_1_149' title='bbox 1020 1853 1116 1908; x_wconf 74' lang='grc' dir='ltr'>καὶ</span> <span class='ocrx_word' id='word_1_150' title='bbox 1162 1854 1600 1928; x_wconf 81' lang='grc' dir='ltr'>πεπολιόρκηκεν</span> <span class='ocrx_word' id='word_1_151' title='bbox 1636 1855 1827 1926; x_wconf 78' lang='grc' dir='ltr'>αὐτὴν,</span> 
     </span>
    </p>
   </div>
   <div class='ocr_carea' id='block_1_22' title="bbox 214 1943 1829 2020">
    <p class='ocr_par' dir='ltr' id='par_1_22' title="bbox 214 1943 1829 2020">
     <span class='ocr_line' id='line_1_22' title="bbox 214 1943 1829 2020; baseline 0.002 -22"><span class='ocrx_word' id='word_1_152' title='bbox 214 1945 493 2016; x_wconf 72' lang='grc' dir='ltr'>ἠπείλησε</span> <span class='ocrx_word' id='word_1_153' title='bbox 521 1943 582 1997; x_wconf 82' lang='grc' dir='ltr'>δὲ</span> <span class='ocrx_word' id='word_1_154' title='bbox 613 1947 911 2018; x_wconf 85' lang='grc' dir='ltr'>κατεμπρή</span> <span class='ocrx_word' id='word_1_155' title='bbox 923 1963 1035 2013; x_wconf 75' lang='grc' dir='ltr'>σειν</span> <span class='ocrx_word' id='word_1_156' title='bbox 1065 1945 1161 2000; x_wconf 76' lang='grc' dir='ltr'>καὶ</span> <span class='ocrx_word' id='word_1_157' title='bbox 1194 1947 1537 2020; x_wconf 84' lang='grc' dir='ltr'>ὀλοθρεύσειν</span> <span class='ocrx_word' id='word_1_158' title='bbox 1562 1947 1829 2011; x_wconf 75' lang='grc' dir='ltr'>ἅπαντας.</span> 
     </span>
    </p>
   </div>
   <div class='ocr_carea' id='block_1_23' title="bbox 223 2037 1829 2114">
    <p class='ocr_par' dir='ltr' id='par_1_23' title="bbox 223 2037 1829 2114">
     <span class='ocr_line' id='line_1_23' title="bbox 223 2037 1829 2114; baseline -0.002 -23"><span class='ocrx_word' id='word_1_159' title='bbox 223 2038 500 2108; x_wconf 81' lang='grc' dir='ltr'>Ἢδίκησε</span> <span class='ocrx_word' id='word_1_160' title='bbox 535 2037 594 2090; x_wconf 82' lang='grc' dir='ltr'>δὲ</span> <span class='ocrx_word' id='word_1_161' title='bbox 649 2037 933 2103; x_wconf 85' lang='grc' dir='ltr'>παντελῶς</span> <span class='ocrx_word' id='word_1_162' title='bbox 991 2039 1167 2095; x_wconf 79' lang='grc' dir='ltr'>οὐδέν.</span> <span class='ocrx_word' id='word_1_163' title='bbox 1224 2042 1415 2114; x_wconf 81' lang='grc' dir='ltr'>ᾬχετο</span> <span class='ocrx_word' id='word_1_164' title='bbox 1469 2039 1579 2112; x_wconf 85' lang='grc' dir='ltr'><strong><em>γὰρ</em></strong></span> <span class='ocrx_word' id='word_1_165' title='bbox 1631 2040 1829 2110; x_wconf 81' lang='grc' dir='ltr'>φυγὰς,</span> 
     </span>
    </p>
   </div>
   <div class='ocr_carea' id='block_1_24' title="bbox 208 2128 1836 2204">
    <p class='ocr_par' dir='ltr' id='par_1_24' title="bbox 208 2128 1836 2204">
     <span class='ocr_line' id='line_1_24' title="bbox 208 2128 1836 2204; baseline 0.002 -23"><span class='ocrx_word' id='word_1_166' title='bbox 208 2128 507 2199; x_wconf 72' lang='grc' dir='ltr'><strong><em>πεσούσης</em></strong></span> <span class='ocrx_word' id='word_1_167' title='bbox 538 2128 693 2199; x_wconf 81' lang='grc' dir='ltr'><strong><em>αὒτῷ</em></strong></span> <span class='ocrx_word' id='word_1_168' title='bbox 739 2129 871 2202; x_wconf 88' lang='grc' dir='ltr'>παρ’</span> <span class='ocrx_word' id='word_1_169' title='bbox 908 2130 1103 2185; x_wconf 82' lang='grc' dir='ltr'>ἐλπίδα</span> <span class='ocrx_word' id='word_1_170' title='bbox 1139 2133 1239 2204; x_wconf 82' lang='grc' dir='ltr'><strong><em>τῆς</em></strong></span> <span class='ocrx_word' id='word_1_171' title='bbox 1271 2134 1551 2204; x_wconf 85' lang='grc' dir='ltr'>στρατιᾶς,</span> <span class='ocrx_word' id='word_1_172' title='bbox 1599 2133 1694 2186; x_wconf 79' lang='grc' dir='ltr'>καὶ</span> <span class='ocrx_word' id='word_1_173' title='bbox 1727 2134 1836 2188; x_wconf 77' lang='grc' dir='ltr'>ἀπ-</span> 
     </span>
    </p>
   </div>
   <div class='ocr_carea' id='block_1_25' title="bbox 213 2218 1836 2294">
    <p class='ocr_par' dir='ltr' id='par_1_25' title="bbox 213 2218 1836 2294">
     <span class='ocr_line' id='line_1_25' title="bbox 213 2218 1836 2294; baseline 0.002 -23"><span class='ocrx_word' id='word_1_174' title='bbox 213 2219 501 2288; x_wconf 80' lang='grc' dir='ltr'>ο“ομένης</span> <span class='ocrx_word' id='word_1_175' title='bbox 545 2220 605 2271; x_wconf 89' lang='grc' dir='ltr'><strong><em>ἐν</em></strong></span> <span class='ocrx_word' id='word_1_176' title='bbox 643 2220 744 2290; x_wconf 84' lang='grc' dir='ltr'><strong><em>μιᾷ</em></strong></span> <span class='ocrx_word' id='word_1_177' title='bbox 779 2218 957 2274; x_wconf 86' lang='grc' dir='ltr'>νυκτί.</span> <span class='ocrx_word' id='word_1_178' title='bbox 1009 2220 1221 2276; x_wconf 81' lang='grc' dir='ltr'>Οὐκοῦν</span> <span class='ocrx_word' id='word_1_179' title='bbox 1251 2221 1556 2294; x_wconf 83' lang='grc' dir='ltr'>ὡλόθρευσε</span> <span class='ocrx_word' id='word_1_180' title='bbox 1595 2222 1694 2292; x_wconf 85' lang='grc' dir='ltr'>μὲν</span> <span class='ocrx_word' id='word_1_181' title='bbox 1733 2239 1836 2292; x_wconf 87' lang='grc' dir='ltr'>μα-</span> 
     </span>
    </p>
   </div>
   <div class='ocr_carea' id='block_1_26' title="bbox 211 2311 1834 2388">
    <p class='ocr_par' dir='ltr' id='par_1_26' title="bbox 211 2311 1834 2388">
     <span class='ocr_line' id='line_1_26' title="bbox 211 2311 1834 2388; baseline 0.002 -23"><span class='ocrx_word' id='word_1_182' title='bbox 211 2312 390 2382; x_wconf 71' lang='grc' dir='ltr'>χαίρᾳ</span> <span class='ocrx_word' id='word_1_183' title='bbox 441 2312 576 2372; x_wconf 78' lang='grc' dir='ltr'>τοὺς</span> <span class='ocrx_word' id='word_1_184' title='bbox 623 2312 683 2365; x_wconf 88' lang='grc' dir='ltr'><strong><em>ἐν</em></strong></span> <span class='ocrx_word' id='word_1_185' title='bbox 726 2311 888 2368; x_wconf 87' lang='grc' dir='ltr'>Σιών.</span> <span class='ocrx_word' id='word_1_186' title='bbox 937 2314 1155 2387; x_wconf 81' lang='grc' dir='ltr'>Ἐπειδὴ</span> <span class='ocrx_word' id='word_1_187' title='bbox 1198 2315 1254 2370; x_wconf 77' lang='grc' dir='ltr'>δὲ</span> <span class='ocrx_word' id='word_1_188' title='bbox 1297 2314 1446 2383; x_wconf 75' lang='grc' dir='ltr'>ἅπαξ</span> <span class='ocrx_word' id='word_1_189' title='bbox 1490 2316 1834 2388; x_wconf 88' lang='grc' dir='ltr'>κατεπτόησε</span> 
     </span>
    </p>
   </div>
   <div class='ocr_carea' id='block_1_27' title="bbox 212 2402 1836 2477">
    <p class='ocr_par' dir='ltr' id='par_1_27' title="bbox 212 2402 1836 2477">
     <span class='ocr_line' id='line_1_27' title="bbox 212 2402 1836 2477; baseline 0.005 -24"><span class='ocrx_word' id='word_1_190' title='bbox 212 2405 337 2465; x_wconf 78' lang='grc' dir='ltr'>ταῖς</span> <span class='ocrx_word' id='word_1_191' title='bbox 403 2402 652 2471; x_wconf 85' lang='grc' dir='ltr'>ἐφόδοις,</span> <span class='ocrx_word' id='word_1_192' title='bbox 713 2403 810 2457; x_wconf 72' lang='grc' dir='ltr'>καὶ</span> <span class='ocrx_word' id='word_1_193' title='bbox 864 2405 924 2457; x_wconf 79' lang='grc' dir='ltr'><strong><em>ἐν</em></strong></span> <span class='ocrx_word' id='word_1_194' title='bbox 975 2404 1128 2477; x_wconf 87' lang='grc' dir='ltr'>φόϐῳ</span> <span class='ocrx_word' id='word_1_195' title='bbox 1178 2406 1273 2460; x_wconf 88' lang='grc' dir='ltr'><strong><em>τοῦ</em></strong></span> <span class='ocrx_word' id='word_1_196' title='bbox 1330 2406 1524 2462; x_wconf 83' lang='grc' dir='ltr'>παθεῖν</span> <span class='ocrx_word' id='word_1_197' title='bbox 1581 2407 1836 2477; x_wconf 82' lang='grc' dir='ltr'>γενέσθαι</span> 
     </span>
    </p>
   </div>
   <div class='ocr_carea' id='block_1_28' title="bbox 213 2494 1837 2570">
    <p class='ocr_par' dir='ltr' id='par_1_28' title="bbox 213 2494 1837 2570">
     <span class='ocr_line' id='line_1_28' title="bbox 213 2494 1837 2570; baseline 0.006 -25"><span class='ocrx_word' id='word_1_198' title='bbox 213 2494 644 2564; x_wconf 80' lang='grc' dir='ltr'>παρεσκεύασε,</span> <span class='ocrx_word' id='word_1_199' title='bbox 683 2497 968 2567; x_wconf 79' lang='grc' dir='ltr'>μονονουχὶ</span> <span class='ocrx_word' id='word_1_200' title='bbox 985 2496 1184 2570; x_wconf 77' lang='grc' dir='ltr'>ῥάϐδον</span> <span class='ocrx_word' id='word_1_201' title='bbox 1203 2499 1491 2564; x_wconf 79' lang='grc' dir='ltr'>ἀνατείνας</span> <span class='ocrx_word' id='word_1_202' title='bbox 1513 2501 1600 2553; x_wconf 83' lang='grc' dir='ltr'><strong><em>ἐπ’</em></strong></span> <span class='ocrx_word' id='word_1_203' title='bbox 1638 2501 1837 2563; x_wconf 81' lang='grc' dir='ltr'>αὐτοὺς</span> 
     </span>
    </p>
   </div>
   <div class='ocr_carea' id='block_1_29' title="bbox 212 2587 1838 2666">
    <p class='ocr_par' dir='ltr' id='par_1_29' title="bbox 212 2587 1838 2666">
     <span class='ocr_line' id='line_1_29' title="bbox 212 2587 1838 2666; baseline 0.005 -27"><span class='ocrx_word' id='word_1_204' title='bbox 212 2589 416 2657; x_wconf 77' lang='grc' dir='ltr'>ὁρᾶται</span> <span class='ocrx_word' id='word_1_205' title='bbox 447 2587 648 2659; x_wconf 80' lang='grc' dir='ltr'>μόνην.</span> <span class='ocrx_word' id='word_1_206' title='bbox 682 2589 776 2660; x_wconf 81' lang='grc' dir='ltr'><strong><em>Μὴ</em></strong></span> <span class='ocrx_word' id='word_1_207' title='bbox 809 2588 1011 2658; x_wconf 87' lang='grc' dir='ltr'>τοίνυν,</span> <span class='ocrx_word' id='word_1_208' title='bbox 1046 2592 1201 2662; x_wconf 71' lang='grc' dir='ltr'>φησι,</span> <span class='ocrx_word' id='word_1_209' title='bbox 1231 2593 1558 2666; x_wconf 82' lang='grc' dir='ltr'>καταδείσῃς</span> <span class='ocrx_word' id='word_1_210' title='bbox 1593 2594 1701 2648; x_wconf 78' lang='grc' dir='ltr'>ἀπὸ</span> <span class='ocrx_word' id='word_1_211' title='bbox 1727 2594 1838 2647; x_wconf 84' lang='grc' dir='ltr'>τῶν</span> 
     </span>
    </p>
   </div>
   <div class='ocr_carea' id='block_1_30' title="bbox 226 2679 1837 2757">
    <p class='ocr_par' dir='ltr' id='par_1_30' title="bbox 226 2679 1837 2757">
     <span class='ocr_line' id='line_1_30' title="bbox 226 2679 1837 2757; baseline 0.005 -25"><span class='ocrx_word' id='word_1_212' title='bbox 226 2679 574 2751; x_wconf 75' lang='grc' dir='ltr'>Ἀσσυρίων,</span> <span class='ocrx_word' id='word_1_213' title='bbox 635 2680 820 2752; x_wconf 80' lang='grc' dir='ltr'>ῥάϐδῳ</span> <span class='ocrx_word' id='word_1_214' title='bbox 864 2683 976 2754; x_wconf 83' lang='grc' dir='ltr'><strong><em>γάρ</em></strong></span> <span class='ocrx_word' id='word_1_215' title='bbox 1033 2700 1093 2736; x_wconf 91' lang='grc' dir='ltr'>σε</span> <span class='ocrx_word' id='word_1_216' title='bbox 1141 2685 1394 2751; x_wconf 81' lang='grc' dir='ltr'>πατάξει,</span> <span class='ocrx_word' id='word_1_217' title='bbox 1437 2687 1531 2739; x_wconf 80' lang='grc' dir='ltr'>καὶ</span> <span class='ocrx_word' id='word_1_218' title='bbox 1580 2685 1837 2757; x_wconf 86' lang='grc' dir='ltr'>βραχεῖαν</span> 
     </span>
    </p>
   </div>
   <div class='ocr_carea' id='block_1_31' title="bbox 209 2771 1830 2847">
    <p class='ocr_par' dir='ltr' id='par_1_31' title="bbox 209 2771 1830 2847">
     <span class='ocr_line' id='line_1_31' title="bbox 209 2771 1830 2847; baseline 0.004 -23"><span class='ocrx_word' id='word_1_219' title='bbox 209 2771 417 2840; x_wconf 82' lang='grc' dir='ltr'>ὥσπερ</span> <span class='ocrx_word' id='word_1_220' title='bbox 457 2772 677 2826; x_wconf 77' lang='grc' dir='ltr'>ἐποίσει</span> <span class='ocrx_word' id='word_1_221' title='bbox 711 2772 810 2845; x_wconf 81' lang='grc' dir='ltr'><strong><em>τὴν</em></strong></span> <span class='ocrx_word' id='word_1_222' title='bbox 840 2773 1080 2846; x_wconf 84' lang='grc' dir='ltr'>πληγὴν,</span> <span class='ocrx_word' id='word_1_223' title='bbox 1107 2775 1205 2847; x_wconf 81' lang='grc' dir='ltr'><strong><em>τὴν</em></strong></span> <span class='ocrx_word' id='word_1_224' title='bbox 1241 2777 1318 2842; x_wconf 85' lang='grc' dir='ltr'><strong><em>ὡς</em></strong></span> <span class='ocrx_word' id='word_1_225' title='bbox 1363 2777 1473 2831; x_wconf 86' lang='grc' dir='ltr'><strong><em>ἀπό</em></strong></span> <span class='ocrx_word' id='word_1_226' title='bbox 1507 2794 1571 2846; x_wconf 88' lang='grc' dir='ltr'><strong><em>γε</em></strong></span> <span class='ocrx_word' id='word_1_227' title='bbox 1605 2777 1699 2831; x_wconf 92' lang='grc' dir='ltr'><strong><em>τοῦ</em></strong></span> <span class='ocrx_word' id='word_1_228' title='bbox 1726 2777 1830 2830; x_wconf 89' lang='grc' dir='ltr'>δεί-</span> 
     </span>
    </p>
   </div>
   <div class='ocr_carea' id='block_1_32' title="bbox 217 2867 1842 2942">
    <p class='ocr_par' dir='ltr' id='par_1_32' title="bbox 217 2867 1842 2942">
     <span class='ocr_line' id='line_1_32' title="bbox 217 2867 1842 2942; baseline 0.003 -22"><span class='ocrx_word' id='word_1_229' title='bbox 217 2884 417 2938; x_wconf 84' lang='grc' dir='ltr'>ματος,</span> <span class='ocrx_word' id='word_1_230' title='bbox 451 2867 714 2934; x_wconf 73' lang='grc' dir='ltr'>ἐφιέντος</span> <span class='ocrx_word' id='word_1_231' title='bbox 765 2867 902 2938; x_wconf 87' lang='grc' dir='ltr'>ἐμοῦ</span> <span class='ocrx_word' id='word_1_232' title='bbox 946 2869 1042 2922; x_wconf 73' lang='grc' dir='ltr'>καὶ</span> <span class='ocrx_word' id='word_1_233' title='bbox 1088 2869 1248 2922; x_wconf 89' lang='grc' dir='ltr'>τοῦτο</span> <span class='ocrx_word' id='word_1_234' title='bbox 1311 2869 1649 2942; x_wconf 85' lang='grc' dir='ltr'>πράττεσθαι</span> <span class='ocrx_word' id='word_1_235' title='bbox 1697 2869 1842 2925; x_wconf 81' lang='grc' dir='ltr'>κατὰ</span> 
     </span>
    </p>
   </div>
   <div class='ocr_carea' id='block_1_33' title="bbox 216 2958 1842 3033">
    <p class='ocr_par' dir='ltr' id='par_1_33' title="bbox 216 2958 1842 3033">
     <span class='ocr_line' id='line_1_33' title="bbox 216 2958 1842 3033; baseline 0.004 -22"><span class='ocrx_word' id='word_1_236' title='bbox 216 2959 341 3025; x_wconf 85' lang='grc' dir='ltr'>σοῦ,</span> <span class='ocrx_word' id='word_1_237' title='bbox 407 2958 509 3012; x_wconf 88' lang='grc' dir='ltr'><strong><em>τοῦ</em></strong></span> <span class='ocrx_word' id='word_1_238' title='bbox 541 2959 675 3012; x_wconf 86' lang='grc' dir='ltr'><strong><em>ίδείν</em></strong></span> <span class='ocrx_word' id='word_1_239' title='bbox 714 2958 834 3013; x_wconf 71' lang='grc' dir='ltr'>ὁδὸν</span> <span class='ocrx_word' id='word_1_240' title='bbox 879 2959 1180 3029; x_wconf 78' lang='grc' dir='ltr'>Αἰγύπτου,</span> <span class='ocrx_word' id='word_1_241' title='bbox 1217 2961 1361 3014; x_wconf 76' lang='grc' dir='ltr'>τοῦτ’</span> <span class='ocrx_word' id='word_1_242' title='bbox 1389 2962 1556 3028; x_wconf 80' lang='grc' dir='ltr'>ἔστιν,</span> <span class='ocrx_word' id='word_1_243' title='bbox 1607 2963 1695 3016; x_wconf 84' lang='grc' dir='ltr'>ἵνα</span> <span class='ocrx_word' id='word_1_244' title='bbox 1738 2962 1842 3033; x_wconf 79' lang='grc' dir='ltr'>μάο</span> 
     </span>
    </p>
   </div>
   <div class='ocr_carea' id='block_1_34' title="bbox 217 3051 1836 3126">
    <p class='ocr_par' dir='ltr' id='par_1_34' title="bbox 217 3051 1836 3126">
     <span class='ocr_line' id='line_1_34' title="bbox 217 3051 1836 3126; baseline 0.002 -20"><span class='ocrx_word' id='word_1_245' title='bbox 217 3053 338 3126; x_wconf 74' lang='grc' dir='ltr'>θῃς,</span> <span class='ocrx_word' id='word_1_246' title='bbox 382 3053 517 3106; x_wconf 79' lang='grc' dir='ltr'>ὅσον</span> <span class='ocrx_word' id='word_1_247' title='bbox 560 3051 762 3106; x_wconf 80' lang='grc' dir='ltr'>σαυτὸν</span> <span class='ocrx_word' id='word_1_248' title='bbox 791 3051 1082 3124; x_wconf 68' lang='grc' dir='ltr'>ἠδίκησας,</span> <span class='ocrx_word' id='word_1_249' title='bbox 1126 3053 1379 3108; x_wconf 85' lang='grc' dir='ltr'>ἀπελθὼν</span> <span class='ocrx_word' id='word_1_250' title='bbox 1421 3057 1501 3120; x_wconf 87' lang='grc' dir='ltr'><strong><em>είς</em></strong></span> <span class='ocrx_word' id='word_1_251' title='bbox 1537 3055 1836 3124; x_wconf 79' lang='grc' dir='ltr'>Αἴγυπτον,</span> 
     </span>
    </p>
   </div>
   <div class='ocr_carea' id='block_1_35' title="bbox 2003 833 3516 906">
    <p class='ocr_par' dir='ltr' id='par_1_35' title="bbox 2003 833 3516 906">
     <span class='ocr_line' id='line_1_35' title="bbox 2003 833 3516 906; baseline 0.001 -17"><span class='ocrx_word' id='word_1_252' title='bbox 2003 834 2166 891; x_wconf 72' lang='lat' dir='ltr'><strong><em>Vsus.</em></strong></span> <span class='ocrx_word' id='word_1_253' title='bbox 2217 837 2310 902; x_wconf 73' lang='grc'><strong><em>24,</em></strong></span> <span class='ocrx_word' id='word_1_254' title='bbox 2376 835 2470 891; x_wconf 74' lang='grc'><strong><em>25.</em></strong></span> <span class='ocrx_word' id='word_1_255' title='bbox 2521 833 2810 906; x_wconf 75' lang='lat' dir='ltr'><strong><em>Propterea</em></strong></span> <span class='ocrx_word' id='word_1_256' title='bbox 2874 836 2987 890; x_wconf 74' lang='grc' dir='ltr'>Ιιιεσ</span> <span class='ocrx_word' id='word_1_257' title='bbox 3045 835 3176 900; x_wconf 72' lang='lat' dir='ltr'><strong><em>dicit</em></strong></span> <span class='ocrx_word' id='word_1_258' title='bbox 3254 835 3516 892; x_wconf 78' lang='lat' dir='ltr'><strong><em>Dominus</em></strong></span> 
     </span>
    </p>
   </div>
   <div class='ocr_carea' id='block_1_36' title="bbox 1929 927 3515 998">
    <p class='ocr_par' dir='ltr' id='par_1_36' title="bbox 1929 927 3515 998">
     <span class='ocr_line' id='line_1_36' title="bbox 1929 927 3515 998; baseline -0.001 -14"><span class='ocrx_word' id='word_1_259' title='bbox 1929 927 2200 984; x_wconf 83' lang='lat' dir='ltr'><strong><em>Sabaoth:</em></strong></span> <span class='ocrx_word' id='word_1_260' title='bbox 2227 929 2310 984; x_wconf 87' lang='lat' dir='ltr'><strong><em>Ne</em></strong></span> <span class='ocrx_word' id='word_1_261' title='bbox 2341 938 2532 996; x_wconf 85' lang='lat' dir='ltr'><strong><em>metue,</em></strong></span> <span class='ocrx_word' id='word_1_262' title='bbox 2553 927 2742 998; x_wconf 85' lang='lat' dir='ltr'><strong><em>popule</em></strong></span> <span class='ocrx_word' id='word_1_263' title='bbox 2769 927 2863 994; x_wconf 90' lang='lat' dir='ltr'><strong><em>mi,</em></strong></span> <span class='ocrx_word' id='word_1_264' title='bbox 2893 928 2982 998; x_wconf 88' lang='lat' dir='ltr'><strong><em>qui</em></strong></span> <span class='ocrx_word' id='word_1_265' title='bbox 3007 928 3214 983; x_wconf 75' lang='lat' dir='ltr'><strong><em>habitas</em></strong></span> <span class='ocrx_word' id='word_1_266' title='bbox 3245 929 3301 983; x_wconf 87' lang='lat' dir='ltr'><strong><em>in</em></strong></span> <span class='ocrx_word' id='word_1_267' title='bbox 3363 929 3515 993; x_wconf 86' lang='lat' dir='ltr'><strong><em>Sion,</em></strong></span> 
     </span>
    </p>
   </div>
   <div class='ocr_carea' id='block_1_37' title="bbox 1929 1020 3518 1093">
    <p class='ocr_par' dir='ltr' id='par_1_37' title="bbox 1929 1020 3518 1093">
     <span class='ocr_line' id='line_1_37' title="bbox 1929 1020 3518 1093; baseline -0.001 -18"><span class='ocrx_word' id='word_1_268' title='bbox 1929 1022 2196 1093; x_wconf 76' lang='lat' dir='ltr'><strong><em>Assyrios,</em></strong></span> <span class='ocrx_word' id='word_1_269' title='bbox 2253 1022 2378 1093; x_wconf 87' lang='lat' dir='ltr'><strong><em>quia</em></strong></span> <span class='ocrx_word' id='word_1_270' title='bbox 2418 1022 2561 1092; x_wconf 83' lang='lat' dir='ltr'><strong><em>virga</em></strong></span> <span class='ocrx_word' id='word_1_271' title='bbox 2631 1020 2887 1089; x_wconf 73' lang='lat' dir='ltr'><strong><em>percutiet</em></strong></span> <span class='ocrx_word' id='word_1_272' title='bbox 2955 1030 3025 1076; x_wconf 87' lang='lat' dir='ltr'><strong><em>te.</em></strong></span> <span class='ocrx_word' id='word_1_273' title='bbox 3081 1020 3308 1090; x_wconf 85' lang='lat' dir='ltr'><strong><em>Plagam</em></strong></span> <span class='ocrx_word' id='word_1_274' title='bbox 3377 1023 3518 1075; x_wconf 87' lang='lat' dir='ltr'><strong><em>enim</em></strong></span> 
     </span>
    </p>
   </div>
   <div class='ocr_carea' id='block_1_38' title="bbox 1931 1111 3520 1185">
    <p class='ocr_par' dir='ltr' id='par_1_38' title="bbox 1931 1111 3520 1185">
     <span class='ocr_line' id='line_1_38' title="bbox 1931 1111 3520 1185; baseline -0.001 -17"><span class='ocrx_word' id='word_1_275' title='bbox 1931 1131 2022 1185; x_wconf 77' lang='lat' dir='ltr'><strong><em>ego</em></strong></span> <span class='ocrx_word' id='word_1_276' title='bbox 2065 1116 2308 1185; x_wconf 76' lang='lat' dir='ltr'><strong><em>inﬂigunt</em></strong></span> <span class='ocrx_word' id='word_1_277' title='bbox 2359 1114 2474 1180; x_wconf 88' lang='lat' dir='ltr'><strong><em>tibi,</em></strong></span> <span class='ocrx_word' id='word_1_278' title='bbox 2525 1123 2581 1167; x_wconf 86' lang='lat' dir='ltr'><strong><em>ut</em></strong></span> <span class='ocrx_word' id='word_1_279' title='bbox 2636 1113 2816 1168; x_wconf 79' lang='lat' dir='ltr'><strong><em>uideas</em></strong></span> <span class='ocrx_word' id='word_1_280' title='bbox 2877 1113 3016 1166; x_wconf 81' lang='lat' dir='ltr'><strong><em>uiam</em></strong></span> <span class='ocrx_word' id='word_1_281' title='bbox 3071 1111 3318 1183; x_wconf 67' lang='lat' dir='ltr'><strong><em>Egypti.</em></strong></span> <span class='ocrx_word' id='word_1_282' title='bbox 3364 1111 3520 1167; x_wconf 81' lang='lat' dir='ltr'><strong><em>Brevi</em></strong></span> 
     </span>
    </p>
   </div>
   <div class='ocr_carea' id='block_1_39' title="bbox 1929 1205 3524 1276">
    <p class='ocr_par' dir='ltr' id='par_1_39' title="bbox 1929 1205 3524 1276">
     <span class='ocr_line' id='line_1_39' title="bbox 1929 1205 3524 1276; baseline -0.003 -16"><span class='ocrx_word' id='word_1_283' title='bbox 1929 1207 2068 1260; x_wconf 86' lang='lat' dir='ltr'><strong><em>enim</em></strong></span> <span class='ocrx_word' id='word_1_284' title='bbox 2120 1217 2352 1276; x_wconf 83' lang='lat' dir='ltr'><strong><em>tempore</em></strong></span> <span class='ocrx_word' id='word_1_285' title='bbox 2380 1205 2604 1260; x_wconf 81' lang='lat' dir='ltr'><strong><em>cessabit</em></strong></span> <span class='ocrx_word' id='word_1_286' title='bbox 2634 1206 2737 1272; x_wconf 88' lang='lat' dir='ltr'><strong><em>ira,</em></strong></span> <span class='ocrx_word' id='word_1_287' title='bbox 2770 1205 2922 1275; x_wconf 82' lang='lat' dir='ltr'><strong><em>[uror</em></strong></span> <span class='ocrx_word' id='word_1_288' title='bbox 2961 1214 3136 1259; x_wconf 87' lang='lat' dir='ltr'><strong><em>autem</em></strong></span> <span class='ocrx_word' id='word_1_289' title='bbox 3165 1220 3310 1259; x_wconf 76' lang='lat' dir='ltr'><strong><em>meus</em></strong></span> <span class='ocrx_word' id='word_1_290' title='bbox 3364 1221 3524 1272; x_wconf 78' lang='lat' dir='ltr'><strong><em>super</em></strong></span> 
     </span>
    </p>
   </div>
   <div class='ocr_carea' id='block_1_40' title="bbox 1929 1301 2442 1357">
    <p class='ocr_par' dir='ltr' id='par_1_40' title="bbox 1929 1301 2442 1357">
     <span class='ocr_line' id='line_1_40' title="bbox 1929 1301 2442 1357; baseline 0 -1"><span class='ocrx_word' id='word_1_291' title='bbox 1929 1301 2207 1357; x_wconf 75' lang='lat' dir='ltr'><strong><em>consilium</em></strong></span> <span class='ocrx_word' id='word_1_292' title='bbox 2239 1317 2442 1356; x_wconf 84' lang='lat' dir='ltr'><strong><em>eorum.</em></strong></span> 
     </span>
    </p>
   </div>
   <div class='ocr_carea' id='block_1_41' title="bbox 1999 1391 3526 1464">
    <p class='ocr_par' dir='ltr' id='par_1_41' title="bbox 1999 1391 3526 1464">
     <span class='ocr_line' id='line_1_41' title="bbox 1999 1391 3526 1464; baseline 0.001 -19"><span class='ocrx_word' id='word_1_293' title='bbox 1999 1393 2446 1464; x_wconf 88' lang='lat' dir='ltr'><strong><em>Quandoquidem</em></strong></span> <span class='ocrx_word' id='word_1_294' title='bbox 2496 1392 2641 1447; x_wconf 90' lang='lat' dir='ltr'><strong><em>enim</em></strong></span> <span class='ocrx_word' id='word_1_295' title='bbox 2697 1400 2886 1448; x_wconf 87' lang='lat' dir='ltr'><strong><em>sancta</em></strong></span> <span class='ocrx_word' id='word_1_296' title='bbox 2938 1391 3212 1448; x_wconf 78' lang='lat' dir='ltr'><strong><em>sententia</em></strong></span> <span class='ocrx_word' id='word_1_297' title='bbox 3265 1399 3322 1448; x_wconf 90' lang='lat' dir='ltr'><strong><em>et</em></strong></span> <span class='ocrx_word' id='word_1_298' title='bbox 3371 1407 3526 1446; x_wconf 90' lang='lat' dir='ltr'><strong><em>man-</em></strong></span> 
     </span>
    </p>
   </div>
   <div class='ocr_carea' id='block_1_42' title="bbox 1931 1483 3527 1556">
    <p class='ocr_par' dir='ltr' id='par_1_42' title="bbox 1931 1483 3527 1556">
     <span class='ocr_line' id='line_1_42' title="bbox 1931 1483 3527 1556; baseline -0.001 -16"><span class='ocrx_word' id='word_1_299' title='bbox 1931 1485 2215 1540; x_wconf 90' lang='lat' dir='ltr'><strong><em>suetudine</em></strong></span> <span class='ocrx_word' id='word_1_300' title='bbox 2243 1499 2304 1540; x_wconf 87' lang='lat' dir='ltr'><strong><em>se</em></strong></span> <span class='ocrx_word' id='word_1_301' title='bbox 2356 1485 2516 1556; x_wconf 89' lang='lat' dir='ltr'><strong><em>digna</em></strong></span> <span class='ocrx_word' id='word_1_302' title='bbox 2577 1483 2850 1553; x_wconf 90' lang='lat' dir='ltr'><strong><em>adhibita,</em></strong></span> <span class='ocrx_word' id='word_1_303' title='bbox 2906 1492 3092 1540; x_wconf 86' lang='lat' dir='ltr'><strong><em>servat</em></strong></span> <span class='ocrx_word' id='word_1_304' title='bbox 3119 1499 3270 1552; x_wconf 90' lang='lat' dir='ltr'><strong><em>suos,</em></strong></span> <span class='ocrx_word' id='word_1_305' title='bbox 3320 1498 3527 1553; x_wconf 84' lang='lat' dir='ltr'><strong><em>eosque</em></strong></span> 
     </span>
    </p>
   </div>
   <div class='ocr_carea' id='block_1_43' title="bbox 1935 1575 3522 1647">
    <p class='ocr_par' dir='ltr' id='par_1_43' title="bbox 1935 1575 3522 1647">
     <span class='ocr_line' id='line_1_43' title="bbox 1935 1575 3522 1647; baseline 0 -16"><span class='ocrx_word' id='word_1_306' title='bbox 1935 1576 2101 1631; x_wconf 88' lang='lat' dir='ltr'><strong><em>tradit</em></strong></span> <span class='ocrx_word' id='word_1_307' title='bbox 2158 1591 2188 1630; x_wconf 88' lang='lat' dir='ltr'><strong><em>a</em></strong></span> <span class='ocrx_word' id='word_1_308' title='bbox 2232 1576 2432 1647; x_wconf 82' lang='lat' dir='ltr'><strong><em>quibus</em></strong></span> <span class='ocrx_word' id='word_1_309' title='bbox 2505 1575 2824 1641; x_wconf 80' lang='lat' dir='ltr'><strong><em>oﬂ‘enditur,</em></strong></span> <span class='ocrx_word' id='word_1_310' title='bbox 2892 1576 3269 1631; x_wconf 89' lang='lat' dir='ltr'><strong><em>universitatis</em></strong></span> <span class='ocrx_word' id='word_1_311' title='bbox 3344 1576 3522 1631; x_wconf 87' lang='lat' dir='ltr'><strong><em>Deus:</em></strong></span> 
     </span>
    </p>
   </div>
   <div class='ocr_carea' id='block_1_44' title="bbox 1936 1668 3525 1740">
    <p class='ocr_par' dir='ltr' id='par_1_44' title="bbox 1936 1668 3525 1740">
     <span class='ocr_line' id='line_1_44' title="bbox 1936 1668 3525 1740; baseline -0.001 -17"><span class='ocrx_word' id='word_1_312' title='bbox 1936 1668 2035 1735; x_wconf 81' lang='lat' dir='ltr'><strong><em>Ne,</em></strong></span> <span class='ocrx_word' id='word_1_313' title='bbox 2076 1668 2272 1739; x_wconf 91' lang='lat' dir='ltr'><strong><em>inquit,</em></strong></span> <span class='ocrx_word' id='word_1_314' title='bbox 2303 1677 2508 1737; x_wconf 80' lang='lat' dir='ltr'><strong><em>metue,</em></strong></span> <span class='ocrx_word' id='word_1_315' title='bbox 2559 1669 2756 1740; x_wconf 91' lang='lat' dir='ltr'><strong><em>popule</em></strong></span> <span class='ocrx_word' id='word_1_316' title='bbox 2781 1670 2875 1735; x_wconf 94' lang='lat' dir='ltr'><strong><em>mi,</em></strong></span> <span class='ocrx_word' id='word_1_317' title='bbox 2907 1669 2998 1739; x_wconf 93' lang='lat' dir='ltr'><strong><em>qui</em></strong></span> <span class='ocrx_word' id='word_1_318' title='bbox 3027 1668 3240 1723; x_wconf 89' lang='lat' dir='ltr'><strong><em>habitas</em></strong></span> <span class='ocrx_word' id='word_1_319' title='bbox 3287 1668 3340 1723; x_wconf 92' lang='lat' dir='ltr'><strong><em>in</em></strong></span> <span class='ocrx_word' id='word_1_320' title='bbox 3371 1669 3525 1737; x_wconf 84' lang='lat' dir='ltr'><strong><em>Sion,</em></strong></span> 
     </span>
    </p>
   </div>
   <div class='ocr_carea' id='block_1_45' title="bbox 1935 1759 3529 1832">
    <p class='ocr_par' dir='ltr' id='par_1_45' title="bbox 1935 1759 3529 1832">
     <span class='ocr_line' id='line_1_45' title="bbox 1935 1759 3529 1832; baseline -0.001 -17"><span class='ocrx_word' id='word_1_321' title='bbox 1935 1761 2210 1832; x_wconf 80' lang='lat' dir='ltr'><strong><em>Assyrios.</em></strong></span> <span class='ocrx_word' id='word_1_322' title='bbox 2236 1761 2491 1817; x_wconf 84' lang='lat' dir='ltr'><strong><em>Pervenit</em></strong></span> <span class='ocrx_word' id='word_1_323' title='bbox 2513 1762 2658 1816; x_wconf 89' lang='lat' dir='ltr'><strong><em>enim</em></strong></span> <span class='ocrx_word' id='word_1_324' title='bbox 2683 1761 2999 1832; x_wconf 84' lang='lat' dir='ltr'><strong><em>Rhapsaces</em></strong></span> <span class='ocrx_word' id='word_1_325' title='bbox 3020 1759 3343 1825; x_wconf 79' lang='lat' dir='ltr'><strong><em>Jerusalem,</em></strong></span> <span class='ocrx_word' id='word_1_326' title='bbox 3373 1776 3529 1815; x_wconf 88' lang='lat' dir='ltr'><strong><em>eam—</em></strong></span> 
     </span>
    </p>
   </div>
   <div class='ocr_carea' id='block_1_46' title="bbox 1933 1853 3526 1923">
    <p class='ocr_par' dir='ltr' id='par_1_46' title="bbox 1933 1853 3526 1923">
     <span class='ocr_line' id='line_1_46' title="bbox 1933 1853 3526 1923; baseline 0.001 -18"><span class='ocrx_word' id='word_1_327' title='bbox 1933 1868 2040 1923; x_wconf 88' lang='lat' dir='ltr'><strong><em>que</em></strong></span> <span class='ocrx_word' id='word_1_328' title='bbox 2099 1853 2314 1909; x_wconf 89' lang='lat' dir='ltr'><strong><em>obsedit</em></strong></span> <span class='ocrx_word' id='word_1_329' title='bbox 2373 1853 2720 1923; x_wconf 86' lang='lat' dir='ltr'><strong><em>minatusqne</em></strong></span> <span class='ocrx_word' id='word_1_330' title='bbox 2767 1863 2852 1910; x_wconf 90' lang='lat' dir='ltr'><strong><em>est</em></strong></span> <span class='ocrx_word' id='word_1_331' title='bbox 2927 1868 2988 1909; x_wconf 91' lang='lat' dir='ltr'><strong><em>se</em></strong></span> <span class='ocrx_word' id='word_1_332' title='bbox 3051 1862 3526 1910; x_wconf 82' lang='lat' dir='ltr'><strong><em>concrematurum</em></strong></span> 
     </span>
    </p>
   </div>
   <div class='ocr_carea' id='block_1_47' title="bbox 1935 1944 3524 2002">
    <p class='ocr_par' dir='ltr' id='par_1_47' title="bbox 1935 1944 3524 2002">
     <span class='ocr_line' id='line_1_47' title="bbox 1935 1944 3524 2002; baseline 0.001 -3"><span class='ocrx_word' id='word_1_333' title='bbox 1935 1958 2126 2000; x_wconf 86' lang='lat' dir='ltr'><strong><em>omnes</em></strong></span> <span class='ocrx_word' id='word_1_334' title='bbox 2192 1954 2247 2000; x_wconf 91' lang='lat' dir='ltr'><strong><em>et</em></strong></span> <span class='ocrx_word' id='word_1_335' title='bbox 2303 1944 2820 2001; x_wconf 80' lang='lat' dir='ltr'><strong><em>deleturum.L:esit</em></strong></span> <span class='ocrx_word' id='word_1_336' title='bbox 2864 1955 3046 2001; x_wconf 86' lang='lat' dir='ltr'><strong><em>autem</em></strong></span> <span class='ocrx_word' id='word_1_337' title='bbox 3095 1945 3318 2002; x_wconf 91' lang='lat' dir='ltr'><strong><em>omnino</em></strong></span> <span class='ocrx_word' id='word_1_338' title='bbox 3368 1947 3524 2002; x_wconf 90' lang='lat' dir='ltr'><strong><em>nihil.</em></strong></span> 
     </span>
    </p>
   </div>
   <div class='ocr_carea' id='block_1_48' title="bbox 1934 2031 3528 2105">
    <p class='ocr_par' dir='ltr' id='par_1_48' title="bbox 1934 2031 3528 2105">
     <span class='ocr_line' id='line_1_48' title="bbox 1934 2031 3528 2105; baseline -0.001 -17"><span class='ocrx_word' id='word_1_339' title='bbox 1934 2031 2069 2088; x_wconf 80' lang='lat' dir='ltr'><strong><em>Nam</em></strong></span> <span class='ocrx_word' id='word_1_340' title='bbox 2134 2034 2267 2090; x_wconf 89' lang='lat' dir='ltr'><strong><em>abiit</em></strong></span> <span class='ocrx_word' id='word_1_341' title='bbox 2315 2033 2598 2105; x_wconf 79' lang='lat' dir='ltr'><strong><em>fugitivus,</em></strong></span> <span class='ocrx_word' id='word_1_342' title='bbox 2653 2033 2897 2090; x_wconf 85' lang='lat' dir='ltr'><strong><em>exercitu</em></strong></span> <span class='ocrx_word' id='word_1_343' title='bbox 2965 2032 3083 2103; x_wconf 85' lang='lat' dir='ltr'><strong><em>ejus</em></strong></span> <span class='ocrx_word' id='word_1_344' title='bbox 3131 2043 3330 2103; x_wconf 64' lang='lat' dir='ltr'><strong><em>prater</em></strong></span> <span class='ocrx_word' id='word_1_345' title='bbox 3375 2049 3528 2104; x_wconf 87' lang='lat' dir='ltr'><strong><em>spem</em></strong></span> 
     </span>
    </p>
   </div>
   <div class='ocr_carea' id='block_1_49' title="bbox 1937 2125 3532 2197">
    <p class='ocr_par' dir='ltr' id='par_1_49' title="bbox 1937 2125 3532 2197">
     <span class='ocr_line' id='line_1_49' title="bbox 1937 2125 3532 2197; baseline -0.001 -16"><span class='ocrx_word' id='word_1_346' title='bbox 1937 2127 2277 2195; x_wconf 89' lang='lat' dir='ltr'><strong><em>concidente,</em></strong></span> <span class='ocrx_word' id='word_1_347' title='bbox 2312 2137 2366 2182; x_wconf 91' lang='lat' dir='ltr'><strong><em>et</em></strong></span> <span class='ocrx_word' id='word_1_348' title='bbox 2413 2142 2518 2182; x_wconf 89' lang='lat' dir='ltr'><strong><em>una</em></strong></span> <span class='ocrx_word' id='word_1_349' title='bbox 2544 2135 2705 2183; x_wconf 90' lang='lat' dir='ltr'><strong><em>nocte</em></strong></span> <span class='ocrx_word' id='word_1_350' title='bbox 2734 2126 3077 2197; x_wconf 88' lang='lat' dir='ltr'><strong><em>disperdito:</em></strong></span> <span class='ocrx_word' id='word_1_351' title='bbox 3113 2125 3297 2196; x_wconf 88' lang='lat' dir='ltr'><strong><em>itaque</em></strong></span> <span class='ocrx_word' id='word_1_352' title='bbox 3351 2125 3532 2197; x_wconf 87' lang='lat' dir='ltr'><strong><em>gladio</em></strong></span> 
     </span>
    </p>
   </div>
   <div class='ocr_carea' id='block_1_50' title="bbox 1937 2216 3533 2288">
    <p class='ocr_par' dir='ltr' id='par_1_50' title="bbox 1937 2216 3533 2288">
     <span class='ocr_line' id='line_1_50' title="bbox 1937 2216 3533 2288; baseline -0.001 -16"><span class='ocrx_word' id='word_1_353' title='bbox 1937 2232 2032 2274; x_wconf 92' lang='lat' dir='ltr'><strong><em>eos</em></strong></span> <span class='ocrx_word' id='word_1_354' title='bbox 2052 2218 2144 2288; x_wconf 90' lang='lat' dir='ltr'><strong><em>qui</em></strong></span> <span class='ocrx_word' id='word_1_355' title='bbox 2181 2219 2236 2273; x_wconf 92' lang='lat' dir='ltr'><strong><em>in</em></strong></span> <span class='ocrx_word' id='word_1_356' title='bbox 2264 2216 2396 2274; x_wconf 90' lang='lat' dir='ltr'><strong><em>Sion</em></strong></span> <span class='ocrx_word' id='word_1_357' title='bbox 2432 2219 2751 2275; x_wconf 87' lang='lat' dir='ltr'><strong><em>habitabant</em></strong></span> <span class='ocrx_word' id='word_1_358' title='bbox 2791 2217 3044 2288; x_wconf 89' lang='lat' dir='ltr'><strong><em>peremit.</em></strong></span> <span class='ocrx_word' id='word_1_359' title='bbox 3086 2218 3159 2273; x_wconf 83' lang='lat' dir='ltr'><strong><em>At</em></strong></span> <span class='ocrx_word' id='word_1_360' title='bbox 3211 2217 3302 2273; x_wconf 91' lang='lat' dir='ltr'><strong><em>ubi</em></strong></span> <span class='ocrx_word' id='word_1_361' title='bbox 3362 2217 3533 2274; x_wconf 83' lang='lat' dir='ltr'><strong><em>semel</em></strong></span> 
     </span>
    </p>
   </div>
   <div class='ocr_carea' id='block_1_51' title="bbox 1937 2311 3532 2382">
    <p class='ocr_par' dir='ltr' id='par_1_51' title="bbox 1937 2311 3532 2382">
     <span class='ocr_line' id='line_1_51' title="bbox 1937 2311 3532 2382; baseline -0.001 -16"><span class='ocrx_word' id='word_1_362' title='bbox 1937 2311 2055 2366; x_wconf 87' lang='lat' dir='ltr'><strong><em>suis</em></strong></span> <span class='ocrx_word' id='word_1_363' title='bbox 2119 2312 2431 2367; x_wconf 88' lang='lat' dir='ltr'><strong><em>incursibus</em></strong></span> <span class='ocrx_word' id='word_1_364' title='bbox 2455 2312 2870 2382; x_wconf 88' lang='lat' dir='ltr'><strong><em>perterruisset,</em></strong></span> <span class='ocrx_word' id='word_1_365' title='bbox 2928 2319 2985 2366; x_wconf 89' lang='lat' dir='ltr'><strong><em>et</em></strong></span> <span class='ocrx_word' id='word_1_366' title='bbox 3025 2319 3230 2366; x_wconf 91' lang='lat' dir='ltr'><strong><em>metum</em></strong></span> <span class='ocrx_word' id='word_1_367' title='bbox 3291 2311 3532 2382; x_wconf 88' lang='lat' dir='ltr'><strong><em>aliquem</em></strong></span> 
     </span>
    </p>
   </div>
   <div class='ocr_carea' id='block_1_52' title="bbox 1940 2406 3532 2480">
    <p class='ocr_par' dir='ltr' id='par_1_52' title="bbox 1940 2406 3532 2480">
     <span class='ocr_line' id='line_1_52' title="bbox 1940 2406 3532 2480; baseline 0.001 -18"><span class='ocrx_word' id='word_1_368' title='bbox 1940 2409 2209 2464; x_wconf 90' lang='lat' dir='ltr'><strong><em>malorum</em></strong></span> <span class='ocrx_word' id='word_1_369' title='bbox 2236 2409 2538 2478; x_wconf 76' lang='lat' dir='ltr'><strong><em>iniecisset,</em></strong></span> <span class='ocrx_word' id='word_1_370' title='bbox 2569 2408 2728 2480; x_wconf 89' lang='lat' dir='ltr'><strong><em>quasi</em></strong></span> <span class='ocrx_word' id='word_1_371' title='bbox 2760 2407 2972 2478; x_wconf 78' lang='lat' dir='ltr'><strong><em>virgam</em></strong></span> <span class='ocrx_word' id='word_1_372' title='bbox 3003 2407 3176 2463; x_wconf 85' lang='lat' dir='ltr'><strong><em>solam</em></strong></span> <span class='ocrx_word' id='word_1_373' title='bbox 3201 2406 3418 2463; x_wconf 88' lang='lat' dir='ltr'><strong><em>videtur</em></strong></span> <span class='ocrx_word' id='word_1_374' title='bbox 3477 2407 3532 2463; x_wconf 91' lang='lat' dir='ltr'><strong><em>in</em></strong></span> 
     </span>
    </p>
   </div>
   <div class='ocr_carea' id='block_1_53' title="bbox 1937 2499 3532 2572">
    <p class='ocr_par' dir='ltr' id='par_1_53' title="bbox 1937 2499 3532 2572">
     <span class='ocr_line' id='line_1_53' title="bbox 1937 2499 3532 2572; baseline 0 -16"><span class='ocrx_word' id='word_1_375' title='bbox 1937 2516 2032 2556; x_wconf 87' lang='lat' dir='ltr'><strong><em>eos</em></strong></span> <span class='ocrx_word' id='word_1_376' title='bbox 2056 2501 2387 2557; x_wconf 83' lang='lat' dir='ltr'><strong><em>extendisse.</em></strong></span> <span class='ocrx_word' id='word_1_377' title='bbox 2419 2499 2499 2557; x_wconf 89' lang='lat' dir='ltr'><strong><em>Ne</em></strong></span> <span class='ocrx_word' id='word_1_378' title='bbox 2527 2501 2712 2572; x_wconf 81' lang='lat' dir='ltr'><strong><em>igitur,</em></strong></span> <span class='ocrx_word' id='word_1_379' title='bbox 2741 2501 2938 2572; x_wconf 89' lang='lat' dir='ltr'><strong><em>inquit,</em></strong></span> <span class='ocrx_word' id='word_1_380' title='bbox 2977 2507 3160 2555; x_wconf 87' lang='lat' dir='ltr'><strong><em>metue</em></strong></span> <span class='ocrx_word' id='word_1_381' title='bbox 3187 2500 3255 2556; x_wconf 90' lang='lat' dir='ltr'><strong><em>ab</em></strong></span> <span class='ocrx_word' id='word_1_382' title='bbox 3268 2499 3532 2570; x_wconf 80' lang='lat' dir='ltr'><strong><em>Assyriis;</em></strong></span> 
     </span>
    </p>
   </div>
   <div class='ocr_carea' id='block_1_54' title="bbox 1941 2592 3533 2666">
    <p class='ocr_par' dir='ltr' id='par_1_54' title="bbox 1941 2592 3533 2666">
     <span class='ocr_line' id='line_1_54' title="bbox 1941 2592 3533 2666; baseline 0.002 -20"><span class='ocrx_word' id='word_1_383' title='bbox 1941 2594 2091 2663; x_wconf 82' lang='lat' dir='ltr'><strong><em>virga</em></strong></span> <span class='ocrx_word' id='word_1_384' title='bbox 2155 2593 2301 2648; x_wconf 91' lang='lat' dir='ltr'><strong><em>enim</em></strong></span> <span class='ocrx_word' id='word_1_385' title='bbox 2352 2603 2403 2649; x_wconf 92' lang='lat' dir='ltr'><strong><em>te</em></strong></span> <span class='ocrx_word' id='word_1_386' title='bbox 2475 2592 2655 2660; x_wconf 82' lang='lat' dir='ltr'><strong><em>feriet,</em></strong></span> <span class='ocrx_word' id='word_1_387' title='bbox 2716 2601 2772 2650; x_wconf 88' lang='lat' dir='ltr'><strong><em>et</em></strong></span> <span class='ocrx_word' id='word_1_388' title='bbox 2835 2594 3055 2650; x_wconf 84' lang='lat' dir='ltr'><strong><em>brevem</em></strong></span> <span class='ocrx_word' id='word_1_389' title='bbox 3091 2595 3256 2650; x_wconf 89' lang='lat' dir='ltr'><strong><em>veluti</em></strong></span> <span class='ocrx_word' id='word_1_390' title='bbox 3319 2596 3533 2666; x_wconf 80' lang='lat' dir='ltr'><strong><em>plagam</em></strong></span> 
     </span>
    </p>
   </div>
   <div class='ocr_carea' id='block_1_55' title="bbox 1943 2684 3536 2757">
    <p class='ocr_par' dir='ltr' id='par_1_55' title="bbox 1943 2684 3536 2757">
     <span class='ocr_line' id='line_1_55' title="bbox 1943 2684 3536 2757; baseline 0.004 -19"><span class='ocrx_word' id='word_1_391' title='bbox 1943 2684 2160 2752; x_wconf 78' lang='lat' dir='ltr'><strong><em>inferet,</em></strong></span> <span class='ocrx_word' id='word_1_392' title='bbox 2185 2685 2423 2756; x_wconf 88' lang='lat' dir='ltr'><strong><em>plagam,</em></strong></span> <span class='ocrx_word' id='word_1_393' title='bbox 2452 2685 2652 2757; x_wconf 90' lang='lat' dir='ltr'><strong><em>inquit,</em></strong></span> <span class='ocrx_word' id='word_1_394' title='bbox 2690 2686 2756 2742; x_wconf 88' lang='lat' dir='ltr'><strong><em>ad</em></strong></span> <span class='ocrx_word' id='word_1_395' title='bbox 2787 2696 3078 2756; x_wconf 89' lang='lat' dir='ltr'><strong><em>terrorem,</em></strong></span> <span class='ocrx_word' id='word_1_396' title='bbox 3099 2702 3186 2743; x_wconf 90' lang='lat' dir='ltr'><strong><em>me</em></strong></span> <span class='ocrx_word' id='word_1_397' title='bbox 3216 2688 3320 2744; x_wconf 83' lang='lat' dir='ltr'><strong><em>hoc</em></strong></span> <span class='ocrx_word' id='word_1_398' title='bbox 3343 2699 3536 2744; x_wconf 87' lang='lat' dir='ltr'><strong><em>contra</em></strong></span> 
     </span>
    </p>
   </div>
   <div class='ocr_carea' id='block_1_56' title="bbox 1944 2779 3534 2853">
    <p class='ocr_par' dir='ltr' id='par_1_56' title="bbox 1944 2779 3534 2853">
     <span class='ocr_line' id='line_1_56' title="bbox 1944 2779 3534 2853; baseline 0.003 -19"><span class='ocrx_word' id='word_1_399' title='bbox 1944 2791 1996 2835; x_wconf 88' lang='lat' dir='ltr'><strong><em>te</em></strong></span> <span class='ocrx_word' id='word_1_400' title='bbox 2053 2781 2167 2836; x_wconf 88' lang='lat' dir='ltr'><strong><em>lieri</em></strong></span> <span class='ocrx_word' id='word_1_401' title='bbox 2228 2781 2715 2852; x_wconf 90' lang='lat' dir='ltr'><strong><em>permittente,nt</em></strong></span> <span class='ocrx_word' id='word_1_402' title='bbox 2741 2781 2929 2837; x_wconf 89' lang='lat' dir='ltr'><strong><em>videas</em></strong></span> <span class='ocrx_word' id='word_1_403' title='bbox 2987 2781 3128 2835; x_wconf 87' lang='lat' dir='ltr'><strong><em>viam</em></strong></span> <span class='ocrx_word' id='word_1_404' title='bbox 3172 2779 3418 2853; x_wconf 67' lang='lat' dir='ltr'><strong><em>Egypti,</em></strong></span> <span class='ocrx_word' id='word_1_405' title='bbox 3480 2783 3534 2838; x_wconf 92' lang='lat' dir='ltr'><strong><em>id</em></strong></span> 
     </span>
    </p>
   </div>
   <div class='ocr_carea' id='block_1_57' title="bbox 1941 2878 3537 2950">
    <p class='ocr_par' dir='ltr' id='par_1_57' title="bbox 1941 2878 3537 2950">
     <span class='ocr_line' id='line_1_57' title="bbox 1941 2878 3537 2950; baseline -0.001 -16"><span class='ocrx_word' id='word_1_406' title='bbox 1941 2889 2048 2946; x_wconf 71' lang='lat' dir='ltr'><strong><em>est,</em></strong></span> <span class='ocrx_word' id='word_1_407' title='bbox 2081 2885 2140 2932; x_wconf 91' lang='lat' dir='ltr'><strong><em>ut</em></strong></span> <span class='ocrx_word' id='word_1_408' title='bbox 2179 2878 2361 2934; x_wconf 87' lang='lat' dir='ltr'><strong><em>discas</em></strong></span> <span class='ocrx_word' id='word_1_409' title='bbox 2408 2887 2673 2950; x_wconf 90' lang='lat' dir='ltr'><strong><em>quantum</em></strong></span> <span class='ocrx_word' id='word_1_410' title='bbox 2739 2880 2836 2934; x_wconf 90' lang='lat' dir='ltr'><strong><em>tibi</em></strong></span> <span class='ocrx_word' id='word_1_411' title='bbox 2880 2879 2978 2948; x_wconf 86' lang='lat' dir='ltr'><strong><em>ipsi</em></strong></span> <span class='ocrx_word' id='word_1_412' title='bbox 3023 2879 3537 2943; x_wconf 85' lang='lat' dir='ltr'><strong><em>inconimodaveris,</em></strong></span> 
     </span>
    </p>
   </div>
   <div class='ocr_carea' id='block_1_58' title="bbox 1944 2969 3540 3045">
    <p class='ocr_par' dir='ltr' id='par_1_58' title="bbox 1944 2969 3540 3045">
     <span class='ocr_line' id='line_1_58' title="bbox 1944 2969 3540 3045; baseline 0.001 -19"><span class='ocrx_word' id='word_1_413' title='bbox 1944 2972 2069 3026; x_wconf 90' lang='lat' dir='ltr'><strong><em>dum</em></strong></span> <span class='ocrx_word' id='word_1_414' title='bbox 2119 2969 2414 3042; x_wconf 66' lang='lat' dir='ltr'><strong><em>Egy&#39;ptum</em></strong></span> <span class='ocrx_word' id='word_1_415' title='bbox 2462 2973 2876 3044; x_wconf 84' lang='lat' dir='ltr'><strong><em>proﬁcisceris,</em></strong></span> <span class='ocrx_word' id='word_1_416' title='bbox 2911 2973 3038 3029; x_wconf 89' lang='lat' dir='ltr'><strong><em>inde</em></strong></span> <span class='ocrx_word' id='word_1_417' title='bbox 3070 2989 3324 3045; x_wconf 70' lang='lat' dir='ltr'><strong><em>qna-rens</em></strong></span> <span class='ocrx_word' id='word_1_418' title='bbox 3381 2975 3540 3029; x_wconf 85' lang='lat' dir='ltr'><strong><em>auxi-</em></strong></span> 
     </span>
    </p>
   </div>
   <div class='ocr_carea' id='block_1_59' title="bbox 1945 3063 3540 3137">
    <p class='ocr_par' dir='ltr' id='par_1_59' title="bbox 1945 3063 3540 3137">
     <span class='ocr_line' id='line_1_59' title="bbox 1945 3063 3540 3137; baseline 0.002 -19"><span class='ocrx_word' id='word_1_419' title='bbox 1945 3063 2096 3130; x_wconf 88' lang='lat' dir='ltr'><strong><em>lium,</em></strong></span> <span class='ocrx_word' id='word_1_420' title='bbox 2120 3063 2230 3118; x_wconf 90' lang='lat' dir='ltr'><strong><em>Deo</em></strong></span> <span class='ocrx_word' id='word_1_421' title='bbox 2254 3064 2446 3120; x_wconf 69' lang='lat' dir='ltr'><strong><em>salutis</em></strong></span> <span class='ocrx_word' id='word_1_422' title='bbox 2481 3074 2706 3120; x_wconf 85' lang='lat' dir='ltr'><strong><em>auctore</em></strong></span> <span class='ocrx_word' id='word_1_423' title='bbox 2727 3067 3008 3136; x_wconf 90' lang='lat' dir='ltr'><strong><em>despecto.</em></strong></span> <span class='ocrx_word' id='word_1_424' title='bbox 3027 3064 3298 3121; x_wconf 82' lang='lat' dir='ltr'><strong><em>Ezechias</em></strong></span> <span class='ocrx_word' id='word_1_425' title='bbox 3329 3065 3540 3137; x_wconf 85' lang='lat' dir='ltr'><strong><em>itaque,</em></strong></span> 
     </span>
    </p>
   </div>
   <div class='ocr_carea' id='block_1_60' title="bbox 216 3143 1839 3228">
    <p class='ocr_par' dir='ltr' id='par_1_60' title="bbox 216 3143 1835 3218">
     <span class='ocr_line' id='line_1_60' title="bbox 216 3143 1835 3218; baseline 0.001 -19"><span class='ocrx_word' id='word_1_426' title='bbox 216 3149 314 3199; x_wconf 74' lang='grc' dir='ltr'>καὶ</span> <span class='ocrx_word' id='word_1_427' title='bbox 350 3145 459 3214; x_wconf 75' lang='grc' dir='ltr'>τὴν</span> <span class='ocrx_word' id='word_1_428' title='bbox 491 3143 713 3197; x_wconf 83' lang='grc' dir='ltr'>ἐκεῖθεν</span> <span class='ocrx_word' id='word_1_429' title='bbox 742 3143 990 3216; x_wconf 73' lang='grc' dir='ltr'>ζητήσας</span> <span class='ocrx_word' id='word_1_430' title='bbox 1023 3145 1367 3215; x_wconf 79' lang='grc' dir='ltr'>ἐπικουρίαν,</span> <span class='ocrx_word' id='word_1_431' title='bbox 1402 3147 1835 3218; x_wconf 85' lang='grc' dir='ltr'>παρεωραμένου</span> 
     </span>
    </p>
   </div>
   <div class='ocr_carea' id='block_1_61' title="bbox 1946 3143 3543 3228">
    <p class='ocr_par' dir='ltr' id='par_1_61' title="bbox 1946 3155 3543 3228">
     <span class='ocr_line' id='line_1_61' title="bbox 1946 3155 3543 3228; baseline 0.004 -22"><span class='ocrx_word' id='word_1_432' title='bbox 1946 3171 2048 3224; x_wconf 86' lang='lat' dir='ltr'><strong><em>quo</em></strong></span> <span class='ocrx_word' id='word_1_433' title='bbox 2117 3170 2378 3224; x_wconf 79' lang='lat' dir='ltr'><strong><em>regnante</em></strong></span> <span class='ocrx_word' id='word_1_434' title='bbox 2429 3157 2688 3228; x_wconf 86' lang='lat' dir='ltr'><strong><em>Assyrius</em></strong></span> <span class='ocrx_word' id='word_1_435' title='bbox 2751 3158 2925 3212; x_wconf 80' lang='lat' dir='ltr'><strong><em>cinxit</em></strong></span> <span class='ocrx_word' id='word_1_436' title='bbox 2972 3155 3300 3224; x_wconf 77' lang='lat' dir='ltr'><strong><em>Jerusalem,</em></strong></span> <span class='ocrx_word' id='word_1_437' title='bbox 3361 3158 3543 3213; x_wconf 83' lang='lat' dir='ltr'><strong><em>subsi-</em></strong></span> 
     </span>
    </p>
   </div>
   <div class='ocr_carea' id='block_1_62' title="bbox 216 3231 1847 3310">
    <p class='ocr_par' dir='ltr' id='par_1_62' title="bbox 216 3231 1847 3310">
     <span class='ocr_line' id='line_1_62' title="bbox 216 3231 1847 3310; baseline 0.001 -20"><span class='ocrx_word' id='word_1_438' title='bbox 216 3237 356 3291; x_wconf 76' lang='grc' dir='ltr'>Θεοῦ</span> <span class='ocrx_word' id='word_1_439' title='bbox 395 3237 700 3302; x_wconf 79' lang='grc' dir='ltr'>σώζοντος.</span> <span class='ocrx_word' id='word_1_440' title='bbox 738 3235 997 3307; x_wconf 79' lang='grc' dir='ltr'>Ἐζεχίας</span> <span class='ocrx_word' id='word_1_441' title='bbox 1043 3236 1143 3308; x_wconf 86' lang='grc' dir='ltr'>μὲν</span> <span class='ocrx_word' id='word_1_442' title='bbox 1167 3233 1279 3302; x_wconf 82' lang='grc' dir='ltr'>οῦν,</span> <span class='ocrx_word' id='word_1_443' title='bbox 1304 3231 1365 3291; x_wconf 75' lang='grc' dir='ltr'>οὗ</span> <span class='ocrx_word' id='word_1_444' title='bbox 1397 3239 1491 3292; x_wconf 80' lang='grc' dir='ltr'>καὶ</span> <span class='ocrx_word' id='word_1_445' title='bbox 1538 3237 1847 3310; x_wconf 85' lang='grc' dir='ltr'>βασιλεύον-</span> 
     </span>
    </p>
   </div>
   <div class='ocr_carea' id='block_1_63' title="bbox 219 3329 1846 3404">
    <p class='ocr_par' dir='ltr' id='par_1_63' title="bbox 219 3329 1846 3404">
     <span class='ocr_line' id='line_1_63' title="bbox 219 3329 1846 3404; baseline 0.002 -21"><span class='ocrx_word' id='word_1_446' title='bbox 219 3347 312 3394; x_wconf 81' lang='grc' dir='ltr'><strong><em>τος</em></strong></span> <span class='ocrx_word' id='word_1_447' title='bbox 369 3329 790 3402; x_wconf 80' lang='grc' dir='ltr'>πεπολιόρκηκε</span> <span class='ocrx_word' id='word_1_448' title='bbox 833 3329 936 3400; x_wconf 79' lang='grc' dir='ltr'>τὴν</span> <span class='ocrx_word' id='word_1_449' title='bbox 965 3329 1324 3402; x_wconf 73' lang='grc' dir='ltr'>Ἰερουσαλὴμ</span> <span class='ocrx_word' id='word_1_450' title='bbox 1352 3333 1381 3385; x_wconf 86' lang='grc' dir='ltr'>ὁ</span> <span class='ocrx_word' id='word_1_451' title='bbox 1409 3332 1716 3404; x_wconf 83' lang='grc' dir='ltr'>Ἀσσύριος,</span> <span class='ocrx_word' id='word_1_452' title='bbox 1746 3333 1846 3386; x_wconf 86' lang='grc' dir='ltr'><strong><em>ούκ</em></strong></span> 
     </span>
    </p>
   </div>
   <div class='ocr_carea' id='block_1_64' title="bbox 227 3421 1846 3497">
    <p class='ocr_par' dir='ltr' id='par_1_64' title="bbox 227 3421 1846 3497">
     <span class='ocr_line' id='line_1_64' title="bbox 227 3421 1846 3497; baseline 0.004 -23"><span class='ocrx_word' id='word_1_453' title='bbox 227 3424 462 3496; x_wconf 72' lang='grc' dir='ltr'>ἐζῆτησε</span> <span class='ocrx_word' id='word_1_454' title='bbox 486 3423 592 3494; x_wconf 82' lang='grc' dir='ltr'>τὴν</span> <span class='ocrx_word' id='word_1_455' title='bbox 619 3421 732 3476; x_wconf 83' lang='grc' dir='ltr'><strong><em>τῶν</em></strong></span> <span class='ocrx_word' id='word_1_456' title='bbox 759 3421 1074 3492; x_wconf 78' lang='grc' dir='ltr'>Αἰγυπτίων</span> <span class='ocrx_word' id='word_1_457' title='bbox 1089 3423 1434 3495; x_wconf 83' lang='grc' dir='ltr'>ἐπικουρίαν.</span> <span class='ocrx_word' id='word_1_458' title='bbox 1453 3425 1612 3496; x_wconf 82' lang='grc' dir='ltr'>Ὠσηὲ</span> <span class='ocrx_word' id='word_1_459' title='bbox 1629 3425 1686 3479; x_wconf 82' lang='grc' dir='ltr'>δὲ</span> <span class='ocrx_word' id='word_1_460' title='bbox 1711 3426 1846 3497; x_wconf 80' lang='grc' dir='ltr'><strong><em>μᾶλ-</em></strong></span> 
     </span>
    </p>
   </div>
   <div class='ocr_carea' id='block_1_65' title="bbox 233 3515 1844 3591">
    <p class='ocr_par' dir='ltr' id='par_1_65' title="bbox 233 3515 1844 3591">
     <span class='ocr_line' id='line_1_65' title="bbox 233 3515 1844 3591; baseline 0.002 -23"><span class='ocrx_word' id='word_1_461' title='bbox 233 3516 327 3570; x_wconf 88' lang='grc' dir='ltr'><strong><em>λον</em></strong></span> <span class='ocrx_word' id='word_1_462' title='bbox 343 3515 436 3570; x_wconf 79' lang='grc' dir='ltr'><strong><em>τοῦ</em></strong></span> <span class='ocrx_word' id='word_1_463' title='bbox 459 3515 600 3570; x_wconf 79' lang='grc' dir='ltr'><strong><em>Ἦλὰ</em></strong></span> <span class='ocrx_word' id='word_1_464' title='bbox 622 3515 932 3586; x_wconf 84' lang='grc' dir='ltr'>βασιλεύων</span> <span class='ocrx_word' id='word_1_465' title='bbox 955 3515 1048 3570; x_wconf 77' lang='grc' dir='ltr'>ἐπὶ</span> <span class='ocrx_word' id='word_1_466' title='bbox 1077 3515 1170 3570; x_wconf 85' lang='grc' dir='ltr'><strong><em>τδν</em></strong></span> <span class='ocrx_word' id='word_1_467' title='bbox 1198 3516 1414 3590; x_wconf 79' lang='grc' dir='ltr'>Ἰσραὴλ</span> <span class='ocrx_word' id='word_1_468' title='bbox 1441 3517 1600 3572; x_wconf 80' lang='grc' dir='ltr'>τοῦτο</span> <span class='ocrx_word' id='word_1_469' title='bbox 1626 3535 1844 3591; x_wconf 89' lang='grc' dir='ltr'>πεπρα-</span> 
     </span>
    </p>
   </div>
   <div class='ocr_carea' id='block_1_66' title="bbox 237 3608 1844 3684">
    <p class='ocr_par' dir='ltr' id='par_1_66' title="bbox 237 3608 1844 3684">
     <span class='ocr_line' id='line_1_66' title="bbox 237 3608 1844 3684; baseline 0.002 -23"><span class='ocrx_word' id='word_1_470' title='bbox 237 3608 349 3678; x_wconf 78' lang='grc' dir='ltr'><strong><em>χὼς</em></strong></span> <span class='ocrx_word' id='word_1_471' title='bbox 374 3608 716 3681; x_wconf 81' lang='grc' dir='ltr'>εὑρίσκεται.</span> <span class='ocrx_word' id='word_1_472' title='bbox 763 3608 1082 3680; x_wconf 73' lang='grc' dir='ltr'>Γέγραπται</span> <span class='ocrx_word' id='word_1_473' title='bbox 1124 3608 1183 3662; x_wconf 84' lang='grc' dir='ltr'><strong><em>δέ</em></strong></span> <span class='ocrx_word' id='word_1_474' title='bbox 1213 3609 1388 3674; x_wconf 73' lang='grc' dir='ltr'>οὕτως</span> <span class='ocrx_word' id='word_1_475' title='bbox 1415 3609 1474 3664; x_wconf 87' lang='grc' dir='ltr'><strong><em>ἐν</em></strong></span> <span class='ocrx_word' id='word_1_476' title='bbox 1508 3613 1577 3683; x_wconf 77' lang='grc' dir='ltr'>τῇ</span> <span class='ocrx_word' id='word_1_477' title='bbox 1607 3613 1844 3684; x_wconf 78' lang='grc' dir='ltr'>τετάρτῃ</span> 
     </span>
    </p>
   </div>
   <div class='ocr_carea' id='block_1_67' title="bbox 233 3699 1848 3773">
    <p class='ocr_par' dir='ltr' id='par_1_67' title="bbox 233 3699 1848 3773">
     <span class='ocr_line' id='line_1_67' title="bbox 233 3699 1848 3773; baseline 0.004 -21"><span class='ocrx_word' id='word_1_478' title='bbox 233 3700 340 3752; x_wconf 86' lang='grc' dir='ltr'>τῶν</span> <span class='ocrx_word' id='word_1_479' title='bbox 367 3699 698 3754; x_wconf 82' lang='grc' dir='ltr'>Βασιλειῶν·</span> <span class='ocrx_word' id='word_1_480' title='bbox 723 3719 744 3752; x_wconf 75' lang='lat' dir='ltr'><strong><em>t</em></strong></span> <span class='ocrx_word' id='word_1_481' title='bbox 766 3701 879 3753; x_wconf 73' lang='grc' dir='ltr'><strong><em>Καὶ</em></strong></span> <span class='ocrx_word' id='word_1_482' title='bbox 906 3700 1177 3772; x_wconf 81' lang='grc' dir='ltr'>ἐκοιμήθη</span> <span class='ocrx_word' id='word_1_483' title='bbox 1197 3701 1376 3772; x_wconf 79' lang='grc' dir='ltr'>Ἀχαζ</span> <span class='ocrx_word' id='word_1_484' title='bbox 1396 3700 1537 3773; x_wconf 83' lang='grc' dir='ltr'>μετὰ</span> <span class='ocrx_word' id='word_1_485' title='bbox 1549 3701 1658 3757; x_wconf 84' lang='grc' dir='ltr'><strong><em>τῶν</em></strong></span> <span class='ocrx_word' id='word_1_486' title='bbox 1681 3705 1848 3758; x_wconf 88' lang='grc' dir='ltr'>πατέ-</span> 
     </span>
    </p>
   </div>
   <div class='ocr_carea' id='block_1_68' title="bbox 231 3792 1846 3864">
    <p class='ocr_par' dir='ltr' id='par_1_68' title="bbox 231 3792 1846 3864">
     <span class='ocr_line' id='line_1_68' title="bbox 231 3792 1846 3864; baseline 0.003 -18"><span class='ocrx_word' id='word_1_487' title='bbox 231 3810 340 3864; x_wconf 87' lang='grc' dir='ltr'><strong><em>ρων</em></strong></span> <span class='ocrx_word' id='word_1_488' title='bbox 359 3793 558 3860; x_wconf 84' lang='grc' dir='ltr'>αὑτοῦ,</span> <span class='ocrx_word' id='word_1_489' title='bbox 577 3794 679 3847; x_wconf 75' lang='grc' dir='ltr'>καὶ</span> <span class='ocrx_word' id='word_1_490' title='bbox 705 3793 881 3864; x_wconf 80' lang='grc' dir='ltr'>ἐτάφη</span> <span class='ocrx_word' id='word_1_491' title='bbox 900 3793 958 3846; x_wconf 83' lang='grc' dir='ltr'><strong><em>ἐν</em></strong></span> <span class='ocrx_word' id='word_1_492' title='bbox 983 3793 1139 3846; x_wconf 88' lang='grc' dir='ltr'>πόλει</span> <span class='ocrx_word' id='word_1_493' title='bbox 1157 3792 1340 3850; x_wconf 88' lang='grc' dir='ltr'>Δαϐίδ.</span> <span class='ocrx_word' id='word_1_494' title='bbox 1365 3795 1478 3849; x_wconf 73' lang='grc' dir='ltr'><strong><em>Καὶ</em></strong></span> <span class='ocrx_word' id='word_1_495' title='bbox 1492 3795 1846 3851; x_wconf 85' lang='grc' dir='ltr'>ἐϐασίλευσεν</span> 
     </span>
    </p>
   </div>
   <div class='ocr_carea' id='block_1_69' title="bbox 238 3885 1846 3962">
    <p class='ocr_par' dir='ltr' id='par_1_69' title="bbox 238 3885 1846 3962">
     <span class='ocr_line' id='line_1_69' title="bbox 238 3885 1846 3962; baseline 0.002 -21"><span class='ocrx_word' id='word_1_496' title='bbox 238 3888 496 3959; x_wconf 72' lang='grc' dir='ltr'>Ἐζεκίας</span> <span class='ocrx_word' id='word_1_497' title='bbox 541 3888 662 3951; x_wconf 77' lang='grc' dir='ltr'>υίὸς</span> <span class='ocrx_word' id='word_1_498' title='bbox 695 3886 863 3941; x_wconf 85' lang='grc' dir='ltr'>αὐτοῦ</span> <span class='ocrx_word' id='word_1_499' title='bbox 897 3885 1015 3940; x_wconf 85' lang='grc' dir='ltr'>ἀντ’</span> <span class='ocrx_word' id='word_1_500' title='bbox 1045 3885 1238 3941; x_wconf 82' lang='grc' dir='ltr'>αὐτοῦ.</span> <span class='ocrx_word' id='word_1_501' title='bbox 1284 3888 1375 3942; x_wconf 88' lang='grc' dir='ltr'>Ἐν</span> <span class='ocrx_word' id='word_1_502' title='bbox 1411 3888 1522 3944; x_wconf 83' lang='grc' dir='ltr'>έτει</span> <span class='ocrx_word' id='word_1_503' title='bbox 1554 3889 1846 3962; x_wconf 81' lang='grc' dir='ltr'>δωδεκάτῳ</span> 
     </span>
    </p>
   </div>
   <div class='ocr_carea' id='block_1_70' title="bbox 226 3979 1847 4056">
    <p class='ocr_par' dir='ltr' id='par_1_70' title="bbox 226 3979 1847 4056">
     <span class='ocr_line' id='line_1_70' title="bbox 226 3979 1847 4056; baseline 0.004 -22"><span class='ocrx_word' id='word_1_504' title='bbox 226 3982 414 4052; x_wconf 73' lang='grc' dir='ltr'>’Δχαζ</span> <span class='ocrx_word' id='word_1_505' title='bbox 440 3979 718 4052; x_wconf 86' lang='grc' dir='ltr'>βασιλέως</span> <span class='ocrx_word' id='word_1_506' title='bbox 733 3983 926 4047; x_wconf 84' lang='grc' dir='ltr'>Ἰούδα,</span> <span class='ocrx_word' id='word_1_507' title='bbox 945 3982 1300 4038; x_wconf 88' lang='grc' dir='ltr'>ἐϐασίλευσεν</span> <span class='ocrx_word' id='word_1_508' title='bbox 1315 3983 1476 4056; x_wconf 81' lang='grc' dir='ltr'><strong><em>Ὠσηὲ</em></strong></span> <span class='ocrx_word' id='word_1_509' title='bbox 1505 3985 1622 4049; x_wconf 83' lang='grc' dir='ltr'>υίὸς</span> <span class='ocrx_word' id='word_1_510' title='bbox 1637 3985 1769 4040; x_wconf 67' lang='lat' dir='ltr'><strong><em>ma</em></strong></span> <span class='ocrx_word' id='word_1_511' title='bbox 1789 3988 1847 4040; x_wconf 87' lang='grc' dir='ltr'><strong><em>ἐν</em></strong></span> 
     </span>
    </p>
   </div>
   <div class='ocr_carea' id='block_1_71' title="bbox 218 4061 1848 4152">
    <p class='ocr_par' dir='ltr' id='par_1_71' title="bbox 218 4061 1848 4152">
     <span class='ocr_line' id='line_1_71' title="bbox 218 4061 1848 4152; baseline 0.002 -22"><span class='ocrx_word' id='word_1_512' title='bbox 218 4076 524 4146; x_wconf 78' lang='grc' dir='ltr'>Σαμαρείᾳ</span> <span class='ocrx_word' id='word_1_513' title='bbox 547 4061 643 4128; x_wconf 60' lang='lat' dir='ltr'><strong><em>sui.</em></strong></span> <span class='ocrx_word' id='word_1_514' title='bbox 667 4074 888 4148; x_wconf 80' lang='grc' dir='ltr'>Ἰσραὴλ</span> <span class='ocrx_word' id='word_1_515' title='bbox 913 4075 1071 4130; x_wconf 87' lang='grc' dir='ltr'>ἐννέα</span> <span class='ocrx_word' id='word_1_516' title='bbox 1088 4075 1204 4148; x_wconf 76' lang='grc' dir='ltr'>ἔτη.</span> <span class='ocrx_word' id='word_1_517' title='bbox 1230 4076 1340 4131; x_wconf 76' lang='grc' dir='ltr'><strong><em>Καὶ</em></strong></span> <span class='ocrx_word' id='word_1_518' title='bbox 1363 4078 1588 4152; x_wconf 86' lang='grc' dir='ltr'>ἐποίησε</span> <span class='ocrx_word' id='word_1_519' title='bbox 1609 4079 1848 4152; x_wconf 83' lang='grc' dir='ltr'>πονηρὸν</span> 
     </span>
    </p>
   </div>
   <div class='ocr_carea' id='block_1_72' title="bbox 216 4166 1845 4244">
    <p class='ocr_par' dir='ltr' id='par_1_72' title="bbox 216 4166 1845 4244">
     <span class='ocr_line' id='line_1_72' title="bbox 216 4166 1845 4244; baseline 0.001 -22"><span class='ocrx_word' id='word_1_520' title='bbox 216 4171 280 4222; x_wconf 86' lang='grc' dir='ltr'><strong><em>ἐν</em></strong></span> <span class='ocrx_word' id='word_1_521' title='bbox 304 4166 622 4237; x_wconf 73' lang='grc' dir='ltr'>ὀφθαλμοῖς</span> <span class='ocrx_word' id='word_1_522' title='bbox 639 4167 873 4238; x_wconf 80' lang='grc' dir='ltr'>Κυρίου,</span> <span class='ocrx_word' id='word_1_523' title='bbox 893 4168 1034 4240; x_wconf 80' lang='grc' dir='ltr'>πλὴν</span> <span class='ocrx_word' id='word_1_524' title='bbox 1049 4170 1150 4241; x_wconf 78' lang='grc' dir='ltr'><strong><em>οὐχ</em></strong></span> <span class='ocrx_word' id='word_1_525' title='bbox 1173 4169 1250 4234; x_wconf 85' lang='grc' dir='ltr'>ὡς</span> <span class='ocrx_word' id='word_1_526' title='bbox 1273 4171 1323 4224; x_wconf 87' lang='grc' dir='ltr'><strong><em>οί</em></strong></span> <span class='ocrx_word' id='word_1_527' title='bbox 1352 4168 1591 4241; x_wconf 83' lang='grc' dir='ltr'>βασιλεῖς</span> <span class='ocrx_word' id='word_1_528' title='bbox 1605 4171 1845 4244; x_wconf 81' lang='grc' dir='ltr'>Ἰσραὴλ,</span> 
     </span>
    </p>
   </div>
   <div class='ocr_carea' id='block_1_73' title="bbox 217 4259 1848 4334">
    <p class='ocr_par' dir='ltr' id='par_1_73' title="bbox 217 4259 1848 4334">
     <span class='ocr_line' id='line_1_73' title="bbox 217 4259 1848 4334; baseline -0.001 -18"><span class='ocrx_word' id='word_1_529' title='bbox 217 4264 268 4316; x_wconf 76' lang='grc' dir='ltr'>οἳ</span> <span class='ocrx_word' id='word_1_530' title='bbox 303 4259 453 4334; x_wconf 78' lang='grc' dir='ltr'>ἦσαν</span> <span class='ocrx_word' id='word_1_531' title='bbox 497 4259 819 4332; x_wconf 77' lang='grc' dir='ltr'>ἔμπροσθεν</span> <span class='ocrx_word' id='word_1_532' title='bbox 849 4260 1040 4315; x_wconf 83' lang='grc' dir='ltr'>αὐτοῦ.</span> <span class='ocrx_word' id='word_1_533' title='bbox 1084 4280 1103 4314; x_wconf 75' lang='grc' dir='ltr'><strong><em>ι</em></strong></span> <span class='ocrx_word' id='word_1_534' title='bbox 1152 4263 1272 4315; x_wconf 85' lang='grc' dir='ltr'><strong><em>Ἐπ’</em></strong></span> <span class='ocrx_word' id='word_1_535' title='bbox 1301 4261 1466 4316; x_wconf 83' lang='grc' dir='ltr'>αὑτὸν</span> <span class='ocrx_word' id='word_1_536' title='bbox 1499 4261 1667 4333; x_wconf 88' lang='grc' dir='ltr'>ἀνέϐη</span> <span class='ocrx_word' id='word_1_537' title='bbox 1713 4261 1848 4315; x_wconf 91' lang='grc' dir='ltr'>Σαλ-</span> 
     </span>
    </p>
   </div>
   <div class='ocr_carea' id='block_1_74' title="bbox 221 4353 1847 4428">
    <p class='ocr_par' dir='ltr' id='par_1_74' title="bbox 221 4353 1847 4428">
     <span class='ocr_line' id='line_1_74' title="bbox 221 4353 1847 4428; baseline 0 -20"><span class='ocrx_word' id='word_1_538' title='bbox 221 4354 499 4426; x_wconf 79' lang='grc' dir='ltr'>μανασάρ</span> <span class='ocrx_word' id='word_1_539' title='bbox 556 4353 816 4424; x_wconf 80' lang='grc' dir='ltr'>βασιλεὺς</span> <span class='ocrx_word' id='word_1_540' title='bbox 881 4353 1207 4426; x_wconf 82' lang='grc' dir='ltr'>Ἀσσυρίων,</span> <span class='ocrx_word' id='word_1_541' title='bbox 1256 4353 1352 4408; x_wconf 77' lang='grc' dir='ltr'>καὶ</span> <span class='ocrx_word' id='word_1_542' title='bbox 1416 4355 1648 4428; x_wconf 80' lang='grc' dir='ltr'>ἐγενήθη</span> <span class='ocrx_word' id='word_1_543' title='bbox 1698 4355 1847 4427; x_wconf 87' lang='grc' dir='ltr'>αύτῷ</span> 
     </span>
    </p>
   </div>
   <div class='ocr_carea' id='block_1_75' title="bbox 1949 3247 3544 3320">
    <p class='ocr_par' dir='ltr' id='par_1_75' title="bbox 1949 3247 3544 3320">
     <span class='ocr_line' id='line_1_75' title="bbox 1949 3247 3544 3320; baseline 0.004 -20"><span class='ocrx_word' id='word_1_544' title='bbox 1949 3248 2096 3301; x_wconf 87' lang='lat' dir='ltr'><strong><em>diunt</em></strong></span> <span class='ocrx_word' id='word_1_545' title='bbox 2147 3247 2531 3318; x_wconf 65' lang='lat' dir='ltr'><strong><em>Egyptiorum</em></strong></span> <span class='ocrx_word' id='word_1_546' title='bbox 2577 3264 2682 3304; x_wconf 85' lang='lat' dir='ltr'><strong><em>non</em></strong></span> <span class='ocrx_word' id='word_1_547' title='bbox 2751 3248 3032 3320; x_wconf 80' lang='lat' dir='ltr'><strong><em>expetivit.</em></strong></span> <span class='ocrx_word' id='word_1_548' title='bbox 3090 3249 3162 3304; x_wconf 80' lang='lat' dir='ltr'><strong><em>At</em></strong></span> <span class='ocrx_word' id='word_1_549' title='bbox 3208 3249 3384 3308; x_wconf 87' lang='lat' dir='ltr'><strong><em>Oseas</em></strong></span> <span class='ocrx_word' id='word_1_550' title='bbox 3431 3249 3544 3306; x_wconf 85' lang='lat' dir='ltr'><strong><em>Ehe</em></strong></span> 
     </span>
    </p>
   </div>
   <div class='ocr_carea' id='block_1_76' title="bbox 1951 3340 3542 3411">
    <p class='ocr_par' dir='ltr' id='par_1_76' title="bbox 1951 3340 3542 3411">
     <span class='ocr_line' id='line_1_76' title="bbox 1951 3340 3542 3411; baseline 0.006 -19"><span class='ocrx_word' id='word_1_551' title='bbox 1951 3341 2092 3396; x_wconf 90' lang='lat' dir='ltr'><strong><em>lilius</em></strong></span> <span class='ocrx_word' id='word_1_552' title='bbox 2139 3355 2363 3410; x_wconf 81' lang='lat' dir='ltr'><strong><em>regnum</em></strong></span> <span class='ocrx_word' id='word_1_553' title='bbox 2414 3349 2604 3397; x_wconf 88' lang='lat' dir='ltr'><strong><em>tenens</em></strong></span> <span class='ocrx_word' id='word_1_554' title='bbox 2641 3340 2898 3411; x_wconf 91' lang='lat' dir='ltr'><strong><em>Israelis,</em></strong></span> <span class='ocrx_word' id='word_1_555' title='bbox 2951 3343 3092 3399; x_wconf 91' lang='lat' dir='ltr'><strong><em>istuc</em></strong></span> <span class='ocrx_word' id='word_1_556' title='bbox 3149 3343 3347 3401; x_wconf 80' lang='lat' dir='ltr'><strong><em>fecisse</em></strong></span> <span class='ocrx_word' id='word_1_557' title='bbox 3387 3345 3542 3402; x_wconf 80' lang='lat' dir='ltr'><strong><em>inve—</em></strong></span> 
     </span>
    </p>
   </div>
   <div class='ocr_carea' id='block_1_77' title="bbox 1948 3431 3540 3508">
    <p class='ocr_par' dir='ltr' id='par_1_77' title="bbox 1948 3431 3540 3508">
     <span class='ocr_line' id='line_1_77' title="bbox 1948 3431 3540 3508; baseline 0.006 -23"><span class='ocrx_word' id='word_1_558' title='bbox 1948 3433 2117 3487; x_wconf 87' lang='lat' dir='ltr'><strong><em>nitur.</em></strong></span> <span class='ocrx_word' id='word_1_559' title='bbox 2168 3431 2444 3504; x_wconf 87' lang='lat' dir='ltr'><strong><em>Scriptum</em></strong></span> <span class='ocrx_word' id='word_1_560' title='bbox 2489 3443 2571 3490; x_wconf 91' lang='lat' dir='ltr'><strong><em>est</em></strong></span> <span class='ocrx_word' id='word_1_561' title='bbox 2625 3435 2774 3490; x_wconf 90' lang='lat' dir='ltr'><strong><em>enim</em></strong></span> <span class='ocrx_word' id='word_1_562' title='bbox 2809 3436 2890 3491; x_wconf 91' lang='lat' dir='ltr'><strong><em>sic</em></strong></span> <span class='ocrx_word' id='word_1_563' title='bbox 2931 3446 3129 3508; x_wconf 88' lang='lat' dir='ltr'><strong><em>quarto</em></strong></span> <span class='ocrx_word' id='word_1_564' title='bbox 3179 3437 3540 3508; x_wconf 82' lang='lat' dir='ltr'><strong><em>Regnorum:</em></strong></span> 
     </span>
    </p>
   </div>
   <div class='ocr_carea' id='block_1_78' title="bbox 1953 3523 3546 3599">
    <p class='ocr_par' dir='ltr' id='par_1_78' title="bbox 1953 3523 3546 3599">
     <span class='ocr_line' id='line_1_78' title="bbox 1953 3523 3546 3599; baseline 0.006 -22"><span class='ocrx_word' id='word_1_565' title='bbox 1953 3543 1972 3577; x_wconf 81' lang='grc' dir='ltr'><strong><em>ι</em></strong></span> <span class='ocrx_word' id='word_1_566' title='bbox 2007 3523 2274 3580; x_wconf 90' lang='lat' dir='ltr'><strong><em>Dormivit</em></strong></span> <span class='ocrx_word' id='word_1_567' title='bbox 2305 3535 2488 3581; x_wconf 90' lang='lat' dir='ltr'><strong><em>autem</em></strong></span> <span class='ocrx_word' id='word_1_568' title='bbox 2523 3527 2778 3584; x_wconf 85' lang='lat' dir='ltr'><strong><em>Achazus</em></strong></span> <span class='ocrx_word' id='word_1_569' title='bbox 2834 3543 2959 3584; x_wconf 86' lang='lat' dir='ltr'><strong><em>cum</em></strong></span> <span class='ocrx_word' id='word_1_570' title='bbox 2984 3530 3236 3599; x_wconf 86' lang='lat' dir='ltr'><strong><em>patribus</em></strong></span> <span class='ocrx_word' id='word_1_571' title='bbox 3291 3531 3431 3596; x_wconf 90' lang='lat' dir='ltr'><strong><em>suis,</em></strong></span> <span class='ocrx_word' id='word_1_572' title='bbox 3489 3541 3546 3587; x_wconf 81' lang='lat' dir='ltr'><strong><em>et</em></strong></span> 
     </span>
    </p>
   </div>
   <div class='ocr_carea' id='block_1_79' title="bbox 1948 3616 3545 3694">
    <p class='ocr_par' dir='ltr' id='par_1_79' title="bbox 1948 3616 3545 3694">
     <span class='ocr_line' id='line_1_79' title="bbox 1948 3616 3545 3694; baseline 0.004 -20"><span class='ocrx_word' id='word_1_573' title='bbox 1948 3616 2190 3687; x_wconf 90' lang='lat' dir='ltr'><strong><em>sepultus</em></strong></span> <span class='ocrx_word' id='word_1_574' title='bbox 2217 3626 2304 3674; x_wconf 90' lang='lat' dir='ltr'><strong><em>est</em></strong></span> <span class='ocrx_word' id='word_1_575' title='bbox 2347 3619 2400 3674; x_wconf 92' lang='lat' dir='ltr'><strong><em>in</em></strong></span> <span class='ocrx_word' id='word_1_576' title='bbox 2439 3620 2661 3677; x_wconf 85' lang='lat' dir='ltr'><strong><em>civitate</em></strong></span> <span class='ocrx_word' id='word_1_577' title='bbox 2711 3619 2959 3687; x_wconf 86' lang='lat' dir='ltr'><strong><em>Davidis,</em></strong></span> <span class='ocrx_word' id='word_1_578' title='bbox 2995 3630 3053 3679; x_wconf 90' lang='lat' dir='ltr'><strong><em>et</em></strong></span> <span class='ocrx_word' id='word_1_579' title='bbox 3094 3624 3342 3694; x_wconf 89' lang='lat' dir='ltr'><strong><em>regnavit</em></strong></span> <span class='ocrx_word' id='word_1_580' title='bbox 3405 3625 3545 3681; x_wconf 87' lang='lat' dir='ltr'><strong><em>Eze-</em></strong></span> 
     </span>
    </p>
   </div>
   <div class='ocr_carea' id='block_1_80' title="bbox 1949 3709 3546 3782">
    <p class='ocr_par' dir='ltr' id='par_1_80' title="bbox 1949 3709 3546 3782">
     <span class='ocr_line' id='line_1_80' title="bbox 1949 3709 3546 3782; baseline 0.004 -16"><span class='ocrx_word' id='word_1_581' title='bbox 1949 3710 2103 3766; x_wconf 90' lang='lat' dir='ltr'><strong><em>chias</em></strong></span> <span class='ocrx_word' id='word_1_582' title='bbox 2128 3709 2272 3766; x_wconf 82' lang='lat' dir='ltr'><strong><em>ﬁlius</em></strong></span> <span class='ocrx_word' id='word_1_583' title='bbox 2302 3711 2417 3780; x_wconf 82' lang='lat' dir='ltr'><strong><em>ejus</em></strong></span> <span class='ocrx_word' id='word_1_584' title='bbox 2465 3727 2564 3782; x_wconf 89' lang='lat' dir='ltr'><strong><em>pro</em></strong></span> <span class='ocrx_word' id='word_1_585' title='bbox 2621 3728 2708 3769; x_wconf 89' lang='lat' dir='ltr'><strong><em>eo.</em></strong></span> <span class='ocrx_word' id='word_1_586' title='bbox 2756 3714 2916 3770; x_wconf 85' lang='lat' dir='ltr'><strong><em>Auno</em></strong></span> <span class='ocrx_word' id='word_1_587' title='bbox 2969 3724 3151 3771; x_wconf 84' lang='lat' dir='ltr'><strong><em>autem</em></strong></span> <span class='ocrx_word' id='word_1_588' title='bbox 3218 3716 3546 3772; x_wconf 90' lang='lat' dir='ltr'><strong><em>duodecimo</em></strong></span> 
     </span>
    </p>
   </div>
   <div class='ocr_carea' id='block_1_81' title="bbox 1947 3805 3544 3882">
    <p class='ocr_par' dir='ltr' id='par_1_81' title="bbox 1947 3805 3544 3882">
     <span class='ocr_line' id='line_1_81' title="bbox 1947 3805 3544 3882; baseline 0.003 -20"><span class='ocrx_word' id='word_1_589' title='bbox 1947 3805 2155 3862; x_wconf 85' lang='lat' dir='ltr'><strong><em>Acbazi</em></strong></span> <span class='ocrx_word' id='word_1_590' title='bbox 2219 3809 2363 3880; x_wconf 89' lang='lat' dir='ltr'><strong><em>regis</em></strong></span> <span class='ocrx_word' id='word_1_591' title='bbox 2413 3807 2575 3876; x_wconf 86' lang='lat' dir='ltr'><strong><em>Juda,</em></strong></span> <span class='ocrx_word' id='word_1_592' title='bbox 2633 3809 2886 3882; x_wconf 87' lang='lat' dir='ltr'><strong><em>regnavit</em></strong></span> <span class='ocrx_word' id='word_1_593' title='bbox 2931 3810 3104 3867; x_wconf 88' lang='lat' dir='ltr'><strong><em>Oseas</em></strong></span> <span class='ocrx_word' id='word_1_594' title='bbox 3156 3811 3300 3868; x_wconf 80' lang='lat' dir='ltr'><strong><em>illius</em></strong></span> <span class='ocrx_word' id='word_1_595' title='bbox 3358 3811 3467 3868; x_wconf 73' lang='lat' dir='ltr'><strong><em>Elte</em></strong></span> <span class='ocrx_word' id='word_1_596' title='bbox 3491 3812 3544 3867; x_wconf 94' lang='lat' dir='ltr'><strong><em>in</em></strong></span> 
     </span>
    </p>
   </div>
   <div class='ocr_carea' id='block_1_82' title="bbox 1951 3897 3544 3976">
    <p class='ocr_par' dir='ltr' id='par_1_82' title="bbox 1951 3897 3544 3976">
     <span class='ocr_line' id='line_1_82' title="bbox 1951 3897 3544 3976; baseline 0.003 -21"><span class='ocrx_word' id='word_1_597' title='bbox 1951 3897 2224 3967; x_wconf 77' lang='lat' dir='ltr'><strong><em>Samaria,</em></strong></span> <span class='ocrx_word' id='word_1_598' title='bbox 2253 3902 2396 3972; x_wconf 89' lang='lat' dir='ltr'><strong><em>apud</em></strong></span> <span class='ocrx_word' id='word_1_599' title='bbox 2428 3899 2706 3959; x_wconf 86' lang='lat' dir='ltr'><strong><em>Israelitas</em></strong></span> <span class='ocrx_word' id='word_1_600' title='bbox 2729 3919 2920 3960; x_wconf 87' lang='lat' dir='ltr'><strong><em>novem</em></strong></span> <span class='ocrx_word' id='word_1_601' title='bbox 2946 3919 3136 3974; x_wconf 90' lang='lat' dir='ltr'><strong><em>annos,</em></strong></span> <span class='ocrx_word' id='word_1_602' title='bbox 3174 3919 3239 3962; x_wconf 81' lang='lat' dir='ltr'><strong><em>ac</em></strong></span> <span class='ocrx_word' id='word_1_603' title='bbox 3289 3906 3544 3976; x_wconf 88' lang='lat' dir='ltr'><strong><em>designa-</em></strong></span> 
     </span>
    </p>
   </div>
   <div class='ocr_carea' id='block_1_83' title="bbox 1946 3993 3546 4067">
    <p class='ocr_par' dir='ltr' id='par_1_83' title="bbox 1946 3993 3546 4067">
     <span class='ocr_line' id='line_1_83' title="bbox 1946 3993 3546 4067; baseline 0.004 -21"><span class='ocrx_word' id='word_1_604' title='bbox 1946 3994 2027 4047; x_wconf 86' lang='lat' dir='ltr'><strong><em>vit</em></strong></span> <span class='ocrx_word' id='word_1_605' title='bbox 2057 3993 2260 4048; x_wconf 89' lang='lat' dir='ltr'><strong><em>malum</em></strong></span> <span class='ocrx_word' id='word_1_606' title='bbox 2299 3995 2354 4049; x_wconf 92' lang='lat' dir='ltr'><strong><em>in</em></strong></span> <span class='ocrx_word' id='word_1_607' title='bbox 2387 3995 2562 4050; x_wconf 91' lang='lat' dir='ltr'><strong><em>oculis</em></strong></span> <span class='ocrx_word' id='word_1_608' title='bbox 2634 3995 2872 4062; x_wconf 90' lang='lat' dir='ltr'><strong><em>Domini,</em></strong></span> <span class='ocrx_word' id='word_1_609' title='bbox 2904 4011 3092 4052; x_wconf 89' lang='lat' dir='ltr'><strong><em>verum</em></strong></span> <span class='ocrx_word' id='word_1_610' title='bbox 3119 4011 3228 4052; x_wconf 89' lang='lat' dir='ltr'><strong><em>non</em></strong></span> <span class='ocrx_word' id='word_1_611' title='bbox 3289 4003 3348 4050; x_wconf 86' lang='lat' dir='ltr'><strong><em>ut</em></strong></span> <span class='ocrx_word' id='word_1_612' title='bbox 3389 4011 3546 4067; x_wconf 85' lang='lat' dir='ltr'><strong><em>reges</em></strong></span> 
     </span>
    </p>
   </div>
   <div class='ocr_carea' id='block_1_84' title="bbox 1949 4083 3544 4158">
    <p class='ocr_par' dir='ltr' id='par_1_84' title="bbox 1949 4083 3544 4158">
     <span class='ocr_line' id='line_1_84' title="bbox 1949 4083 3544 4158; baseline 0.003 -19"><span class='ocrx_word' id='word_1_613' title='bbox 1949 4083 2116 4140; x_wconf 92' lang='lat' dir='ltr'><strong><em>Israel</em></strong></span> <span class='ocrx_word' id='word_1_614' title='bbox 2152 4085 2271 4156; x_wconf 85' lang='lat' dir='ltr'><strong><em>ejus</em></strong></span> <span class='ocrx_word' id='word_1_615' title='bbox 2329 4087 2564 4158; x_wconf 83' lang='lat' dir='ltr'><strong><em>majores</em></strong></span> <span class='ocrx_word' id='word_1_616' title='bbox 2618 4086 2685 4142; x_wconf 70' lang='lat'><strong><em>&quot;.</em></strong></span> <span class='ocrx_word' id='word_1_617' title='bbox 2722 4105 2742 4141; x_wconf 70' lang='grc' dir='ltr'><strong><em>ι</em></strong></span> <span class='ocrx_word' id='word_1_618' title='bbox 2809 4087 2967 4144; x_wconf 85' lang='lat' dir='ltr'><strong><em>Hunc</em></strong></span> <span class='ocrx_word' id='word_1_619' title='bbox 3017 4089 3216 4146; x_wconf 72' lang='lat' dir='ltr'><strong><em>Oscam</em></strong></span> <span class='ocrx_word' id='word_1_620' title='bbox 3257 4086 3544 4144; x_wconf 81' lang='lat' dir='ltr'><strong><em>Salmana-</em></strong></span> 
     </span>
    </p>
   </div>
   <div class='ocr_carea' id='block_1_85' title="bbox 1949 4171 3544 4250">
    <p class='ocr_par' dir='ltr' id='par_1_85' title="bbox 1949 4171 3544 4250">
     <span class='ocr_line' id='line_1_85' title="bbox 1949 4171 3544 4250; baseline 0.003 -17"><span class='ocrx_word' id='word_1_621' title='bbox 1949 4193 2114 4233; x_wconf 62' lang='lat' dir='ltr'><strong><em>sarus&#39;</em></strong></span> <span class='ocrx_word' id='word_1_622' title='bbox 2160 4193 2255 4233; x_wconf 88' lang='lat' dir='ltr'><strong><em>rex</em></strong></span> <span class='ocrx_word' id='word_1_623' title='bbox 2287 4177 2664 4250; x_wconf 84' lang='lat' dir='ltr'><strong><em>Assyriorum,</em></strong></span> <span class='ocrx_word' id='word_1_624' title='bbox 2724 4179 2866 4235; x_wconf 81' lang='lat' dir='ltr'><strong><em>facta</em></strong></span> <span class='ocrx_word' id='word_1_625' title='bbox 2924 4180 2977 4236; x_wconf 91' lang='lat' dir='ltr'><strong><em>in</em></strong></span> <span class='ocrx_word' id='word_1_626' title='bbox 3011 4195 3136 4235; x_wconf 91' lang='lat' dir='ltr'><strong><em>eum</em></strong></span> <span class='ocrx_word' id='word_1_627' title='bbox 3195 4171 3544 4250; x_wconf 75' lang='lat' dir='ltr'><strong><em>expeditione</em></strong></span> 
     </span>
    </p>
   </div>
   <div class='ocr_carea' id='block_1_86' title="bbox 1948 4271 3539 4343">
    <p class='ocr_par' dir='ltr' id='par_1_86' title="bbox 1948 4271 3539 4343">
     <span class='ocr_line' id='line_1_86' title="bbox 1948 4271 3539 4343; baseline 0.001 -16"><span class='ocrx_word' id='word_1_628' title='bbox 1948 4273 2188 4343; x_wconf 85' lang='lat' dir='ltr'><strong><em>subegit,</em></strong></span> <span class='ocrx_word' id='word_1_629' title='bbox 2222 4280 2278 4327; x_wconf 87' lang='lat' dir='ltr'><strong><em>et</em></strong></span> <span class='ocrx_word' id='word_1_630' title='bbox 2312 4273 2568 4326; x_wconf 85' lang='lat' dir='ltr'><strong><em>reddebat</em></strong></span> <span class='ocrx_word' id='word_1_631' title='bbox 2598 4273 2647 4328; x_wconf 87' lang='lat' dir='ltr'><strong><em>ei</em></strong></span> <span class='ocrx_word' id='word_1_632' title='bbox 2674 4271 2890 4326; x_wconf 80' lang='lat' dir='ltr'><strong><em>Manaa.</em></strong></span> <span class='ocrx_word' id='word_1_633' title='bbox 2911 4272 2975 4326; x_wconf 87' lang='lat' dir='ltr'><strong><em>Et</em></strong></span> <span class='ocrx_word' id='word_1_634' title='bbox 3012 4272 3172 4342; x_wconf 76' lang='lat'><strong><em>183</em></strong></span> <span class='ocrx_word' id='word_1_635' title='bbox 3209 4271 3416 4328; x_wconf 84' lang='lat' dir='ltr'><strong><em>invenit</em></strong></span> <span class='ocrx_word' id='word_1_636' title='bbox 3446 4288 3539 4329; x_wconf 73' lang='lat' dir='ltr'><strong><em>rex</em></strong></span> 
     </span>
    </p>
   </div>
   <div class='ocr_carea' id='block_1_87' title="bbox 1947 4361 3547 4435">
    <p class='ocr_par' dir='ltr' id='par_1_87' title="bbox 1947 4361 3547 4435">
     <span class='ocr_line' id='line_1_87' title="bbox 1947 4361 3547 4435; baseline 0.001 -17"><span class='ocrx_word' id='word_1_637' title='bbox 1947 4365 2302 4435; x_wconf 82' lang='lat' dir='ltr'><strong><em>Assyriorum</em></strong></span> <span class='ocrx_word' id='word_1_638' title='bbox 2330 4365 2384 4418; x_wconf 91' lang='lat' dir='ltr'><strong><em>in</em></strong></span> <span class='ocrx_word' id='word_1_639' title='bbox 2409 4361 2553 4419; x_wconf 89' lang='lat' dir='ltr'><strong><em>Osea</em></strong></span> <span class='ocrx_word' id='word_1_640' title='bbox 2589 4363 2943 4434; x_wconf 86' lang='lat' dir='ltr'><strong><em>injustitiam,</em></strong></span> <span class='ocrx_word' id='word_1_641' title='bbox 2982 4365 3108 4433; x_wconf 87' lang='lat' dir='ltr'><strong><em>quia</em></strong></span> <span class='ocrx_word' id='word_1_642' title='bbox 3150 4364 3295 4418; x_wconf 89' lang='lat' dir='ltr'><strong><em>misit</em></strong></span> <span class='ocrx_word' id='word_1_643' title='bbox 3326 4365 3547 4420; x_wconf 90' lang='lat' dir='ltr'><strong><em>nuntios</em></strong></span> 
     </span>
    </p>
   </div>
   <div class='ocr_carea' id='block_1_88' title="bbox 229 4444 1839 4530">
    <p class='ocr_par' dir='ltr' id='par_1_88' title="bbox 229 4444 1839 4518">
     <span class='ocr_line' id='line_1_88' title="bbox 229 4444 1839 4518; baseline 0.001 -19"><span class='ocrx_word' id='word_1_644' title='bbox 229 4445 406 4518; x_wconf 81' lang='grc' dir='ltr'><strong><em>Ὠσηέ</em></strong></span> <span class='ocrx_word' id='word_1_645' title='bbox 452 4444 681 4508; x_wconf 89' lang='grc' dir='ltr'>δοῦλος·</span> <span class='ocrx_word' id='word_1_646' title='bbox 726 4445 821 4498; x_wconf 77' lang='grc' dir='ltr'>καὶ</span> <span class='ocrx_word' id='word_1_647' title='bbox 862 4445 1203 4518; x_wconf 78' lang='grc' dir='ltr'>ἐπέστρεψεν</span> <span class='ocrx_word' id='word_1_648' title='bbox 1262 4446 1413 4518; x_wconf 82' lang='grc' dir='ltr'>αύτῷ</span> <span class='ocrx_word' id='word_1_649' title='bbox 1464 4447 1684 4518; x_wconf 82' lang='grc' dir='ltr'>Μαναῆ.</span> <span class='ocrx_word' id='word_1_650' title='bbox 1734 4447 1839 4501; x_wconf 70' lang='grc' dir='ltr'><strong><em>Καὶ</em></strong></span> 
     </span>
    </p>
   </div>
   <div class='ocr_carea' id='block_1_89' title="bbox 1946 4444 3545 4530">
    <p class='ocr_par' dir='ltr' id='par_1_89' title="bbox 1950 4455 3545 4530">
     <span class='ocr_line' id='line_1_89' title="bbox 1950 4455 3545 4530; baseline -0.001 -17"><span class='ocrx_word' id='word_1_651' title='bbox 1950 4458 2017 4513; x_wconf 90' lang='lat' dir='ltr'><strong><em>ad</em></strong></span> <span class='ocrx_word' id='word_1_652' title='bbox 2041 4457 2212 4530; x_wconf 87' lang='lat' dir='ltr'><strong><em>Segor</em></strong></span> <span class='ocrx_word' id='word_1_653' title='bbox 2248 4470 2430 4529; x_wconf 86' lang='lat' dir='ltr'><strong><em>regem</em></strong></span> <span class='ocrx_word' id='word_1_654' title='bbox 2447 4455 2703 4528; x_wconf 67' lang='lat' dir='ltr'><strong><em>Egypti;</em></strong></span> <span class='ocrx_word' id='word_1_655' title='bbox 2743 4464 2798 4512; x_wconf 92' lang='lat' dir='ltr'><strong><em>et</em></strong></span> <span class='ocrx_word' id='word_1_656' title='bbox 2835 4471 2943 4511; x_wconf 91' lang='lat' dir='ltr'><strong><em>non</em></strong></span> <span class='ocrx_word' id='word_1_657' title='bbox 2987 4456 3167 4511; x_wconf 90' lang='lat' dir='ltr'><strong><em>attulit</em></strong></span> <span class='ocrx_word' id='word_1_658' title='bbox 3193 4455 3384 4510; x_wconf 80' lang='lat' dir='ltr'><strong><em>Manaa</em></strong></span> <span class='ocrx_word' id='word_1_659' title='bbox 3430 4458 3545 4528; x_wconf 86' lang='lat' dir='ltr'><strong><em>regi</em></strong></span> 
     </span>
    </p>
   </div>
   <div class='ocr_carea' id='block_1_90' title="bbox 217 4532 1839 4622">
    <p class='ocr_par' dir='ltr' id='par_1_90' title="bbox 217 4532 1839 4611">
     <span class='ocr_line' id='line_1_90' title="bbox 217 4532 1839 4611; baseline 0.001 -19"><span class='ocrx_word' id='word_1_660' title='bbox 217 4532 354 4610; x_wconf 79' lang='grc' dir='ltr'>εὗρε</span> <span class='ocrx_word' id='word_1_661' title='bbox 399 4537 665 4607; x_wconf 81' lang='grc' dir='ltr'>βασιλεὺς</span> <span class='ocrx_word' id='word_1_662' title='bbox 713 4537 1024 4608; x_wconf 81' lang='grc' dir='ltr'>Ἀσσυρίων</span> <span class='ocrx_word' id='word_1_663' title='bbox 1067 4538 1126 4592; x_wconf 83' lang='grc' dir='ltr'><strong><em>ἐν</em></strong></span> <span class='ocrx_word' id='word_1_664' title='bbox 1156 4537 1234 4609; x_wconf 80' lang='grc' dir='ltr'>τῷ</span> <span class='ocrx_word' id='word_1_665' title='bbox 1275 4539 1436 4611; x_wconf 86' lang='grc' dir='ltr'><strong><em>Ὠσηέ</em></strong></span> <span class='ocrx_word' id='word_1_666' title='bbox 1479 4539 1716 4603; x_wconf 85' lang='grc' dir='ltr'>ἀδικίαν,</span> <span class='ocrx_word' id='word_1_667' title='bbox 1761 4540 1839 4593; x_wconf 83' lang='grc' dir='ltr'>ὅτι</span> 
     </span>
    </p>
   </div>
   <div class='ocr_carea' id='block_1_91' title="bbox 1946 4532 3545 4622">
    <p class='ocr_par' dir='ltr' id='par_1_91' title="bbox 1949 4549 3545 4622">
     <span class='ocr_line' id='line_1_91' title="bbox 1949 4549 3545 4622; baseline 0 -16"><span class='ocrx_word' id='word_1_668' title='bbox 1949 4552 2297 4622; x_wconf 80' lang='lat' dir='ltr'><strong><em>Assyriorum</em></strong></span> <span class='ocrx_word' id='word_1_669' title='bbox 2339 4567 2484 4609; x_wconf 91' lang='lat' dir='ltr'><strong><em>anno</em></strong></span> <span class='ocrx_word' id='word_1_670' title='bbox 2533 4551 2648 4608; x_wconf 91' lang='lat' dir='ltr'><strong><em>illo.</em></strong></span> <span class='ocrx_word' id='word_1_671' title='bbox 2697 4550 2932 4608; x_wconf 87' lang='lat' dir='ltr'><strong><em>Obsedit</em></strong></span> <span class='ocrx_word' id='word_1_672' title='bbox 2969 4565 3098 4608; x_wconf 83' lang='lat' dir='ltr'><strong><em>eum</em></strong></span> <span class='ocrx_word' id='word_1_673' title='bbox 3137 4564 3234 4606; x_wconf 84' lang='lat' dir='ltr'><strong><em>rex</em></strong></span> <span class='ocrx_word' id='word_1_674' title='bbox 3280 4549 3545 4622; x_wconf 86' lang='lat' dir='ltr'><strong><em>Assyrio-</em></strong></span> 
     </span>
    </p>
   </div>
   <div class='ocr_carea' id='block_1_92' title="bbox 217 4630 1842 4704">
    <p class='ocr_par' dir='ltr' id='par_1_92' title="bbox 217 4630 1842 4704">
     <span class='ocr_line' id='line_1_92' title="bbox 217 4630 1842 4704; baseline 0 -17"><span class='ocrx_word' id='word_1_675' title='bbox 217 4632 575 4687; x_wconf 83' lang='grc' dir='ltr'>ἀπέστειλεν</span> <span class='ocrx_word' id='word_1_676' title='bbox 619 4630 888 4700; x_wconf 84' lang='grc' dir='ltr'>ἀγγέλους</span> <span class='ocrx_word' id='word_1_677' title='bbox 943 4631 1084 4701; x_wconf 74' lang='grc' dir='ltr'>πρὸς</span> <span class='ocrx_word' id='word_1_678' title='bbox 1146 4631 1346 4704; x_wconf 86' lang='grc' dir='ltr'>Σηγὼρ</span> <span class='ocrx_word' id='word_1_679' title='bbox 1390 4632 1613 4703; x_wconf 84' lang='grc' dir='ltr'>βασιλέα</span> <span class='ocrx_word' id='word_1_680' title='bbox 1673 4634 1842 4704; x_wconf 81' lang='grc' dir='ltr'>Αἰγύ-</span> 
     </span>
    </p>
   </div>
   <div class='ocr_carea' id='block_1_93' title="bbox 216 4719 1845 4794">
    <p class='ocr_par' dir='ltr' id='par_1_93' title="bbox 216 4719 1845 4794">
     <span class='ocr_line' id='line_1_93' title="bbox 216 4719 1845 4794; baseline 0.001 -18"><span class='ocrx_word' id='word_1_681' title='bbox 216 4739 368 4776; x_wconf 83' lang='grc' dir='ltr'>πτου</span> <span class='ocrx_word' id='word_1_682' title='bbox 390 4736 403 4746; x_wconf 92' lang='grc'><strong>·</strong></span> <span class='ocrx_word' id='word_1_683' title='bbox 433 4721 536 4775; x_wconf 77' lang='grc' dir='ltr'>καὶ</span> <span class='ocrx_word' id='word_1_684' title='bbox 561 4723 666 4774; x_wconf 82' lang='grc' dir='ltr'>οὑκ</span> <span class='ocrx_word' id='word_1_685' title='bbox 691 4722 892 4791; x_wconf 71' lang='grc' dir='ltr'>ἧνεγκε</span> <span class='ocrx_word' id='word_1_686' title='bbox 910 4722 1112 4775; x_wconf 88' lang='grc' dir='ltr'>Μαναά</span> <span class='ocrx_word' id='word_1_687' title='bbox 1133 4719 1210 4792; x_wconf 83' lang='grc' dir='ltr'>τῷ</span> <span class='ocrx_word' id='word_1_688' title='bbox 1232 4721 1441 4791; x_wconf 86' lang='grc' dir='ltr'>βασιλεῖ</span> <span class='ocrx_word' id='word_1_689' title='bbox 1456 4723 1760 4794; x_wconf 83' lang='grc' dir='ltr'>Ἀσσυρίων</span> <span class='ocrx_word' id='word_1_690' title='bbox 1786 4724 1845 4777; x_wconf 85' lang='grc' dir='ltr'><strong><em>ἐν</em></strong></span> 
     </span>
    </p>
   </div>
   <div class='ocr_carea' id='block_1_94' title="bbox 216 4813 1845 4887">
    <p class='ocr_par' dir='ltr' id='par_1_94' title="bbox 216 4813 1845 4887">
     <span class='ocr_line' id='line_1_94' title="bbox 216 4813 1845 4887; baseline 0.001 -19"><span class='ocrx_word' id='word_1_691' title='bbox 216 4816 303 4887; x_wconf 81' lang='grc' dir='ltr'>τῷ</span> <span class='ocrx_word' id='word_1_692' title='bbox 336 4813 587 4885; x_wconf 85' lang='grc' dir='ltr'>ἐνιαυτῷ</span> <span class='ocrx_word' id='word_1_693' title='bbox 617 4813 834 4884; x_wconf 85' lang='grc' dir='ltr'>ἐκείνῳ.</span> <span class='ocrx_word' id='word_1_694' title='bbox 863 4813 975 4867; x_wconf 79' lang='grc' dir='ltr'><strong><em>Καὶ</em></strong></span> <span class='ocrx_word' id='word_1_695' title='bbox 1009 4814 1402 4887; x_wconf 82' lang='grc' dir='ltr'>ἐπολιόρκησεν</span> <span class='ocrx_word' id='word_1_696' title='bbox 1434 4815 1597 4870; x_wconf 71' lang='grc' dir='ltr'>αὑτὸν</span> <span class='ocrx_word' id='word_1_697' title='bbox 1630 4818 1658 4870; x_wconf 89' lang='grc' dir='ltr'><strong><em>ό</em></strong></span> <span class='ocrx_word' id='word_1_698' title='bbox 1689 4816 1845 4887; x_wconf 86' lang='grc' dir='ltr'>βασι-</span> 
     </span>
    </p>
   </div>
   <div class='ocr_carea' id='block_1_95' title="bbox 217 4905 1844 4980">
    <p class='ocr_par' dir='ltr' id='par_1_95' title="bbox 217 4905 1844 4980">
     <span class='ocr_line' id='line_1_95' title="bbox 217 4905 1844 4980; baseline 0.004 -21"><span class='ocrx_word' id='word_1_699' title='bbox 217 4907 355 4971; x_wconf 69' lang='grc' dir='ltr'>λεὺς</span> <span class='ocrx_word' id='word_1_700' title='bbox 403 4905 741 4976; x_wconf 81' lang='grc' dir='ltr'>Ἀσσυρίων,</span> <span class='ocrx_word' id='word_1_701' title='bbox 775 4905 872 4959; x_wconf 57' lang='grc' dir='ltr'><strong><em>καὶ¹</em></strong></span> <span class='ocrx_word' id='word_1_702' title='bbox 901 4905 1092 4977; x_wconf 75' lang='grc' dir='ltr'>ἔδησεν</span> <span class='ocrx_word' id='word_1_703' title='bbox 1125 4907 1289 4960; x_wconf 81' lang='grc' dir='ltr'>αὑτὸν</span> <span class='ocrx_word' id='word_1_704' title='bbox 1323 4909 1380 4960; x_wconf 90' lang='grc' dir='ltr'><strong><em>ἐν</em></strong></span> <span class='ocrx_word' id='word_1_705' title='bbox 1410 4907 1545 4980; x_wconf 83' lang='grc' dir='ltr'>οίκῳ</span> <span class='ocrx_word' id='word_1_706' title='bbox 1575 4908 1844 4980; x_wconf 82' lang='grc' dir='ltr'>φυλακῆς,</span> 
     </span>
    </p>
   </div>
   <div class='ocr_carea' id='block_1_96' title="bbox 220 4996 1849 5074">
    <p class='ocr_par' dir='ltr' id='par_1_96' title="bbox 220 4996 1849 5074">
     <span class='ocr_line' id='line_1_96' title="bbox 220 4996 1849 5074; baseline 0.002 -21"><span class='ocrx_word' id='word_1_707' title='bbox 220 4998 322 5054; x_wconf 72' lang='grc' dir='ltr'>καὶ</span> <span class='ocrx_word' id='word_1_708' title='bbox 362 4996 544 5069; x_wconf 86' lang='grc' dir='ltr'>ἀνέϐη</span> <span class='ocrx_word' id='word_1_709' title='bbox 583 4998 666 5060; x_wconf 84' lang='grc' dir='ltr'><strong><em>είς</em></strong></span> <span class='ocrx_word' id='word_1_710' title='bbox 705 4997 1062 5069; x_wconf 83' lang='grc' dir='ltr'>Σαμάρειαν,</span> <span class='ocrx_word' id='word_1_711' title='bbox 1097 4998 1195 5052; x_wconf 78' lang='grc' dir='ltr'>καὶ</span> <span class='ocrx_word' id='word_1_712' title='bbox 1236 4998 1633 5071; x_wconf 87' lang='grc' dir='ltr'>ἐπολιόρκησεν</span> <span class='ocrx_word' id='word_1_713' title='bbox 1676 5002 1849 5074; x_wconf 80' lang='grc' dir='ltr'>αὐτὴν</span> 
     </span>
    </p>
   </div>
   <div class='ocr_carea' id='block_1_97' title="bbox 219 5089 1844 5168">
    <p class='ocr_par' dir='ltr' id='par_1_97' title="bbox 219 5089 1844 5168">
     <span class='ocr_line' id='line_1_97' title="bbox 219 5089 1844 5168; baseline 0.02 -31"><span class='ocrx_word' id='word_1_714' title='bbox 219 5093 358 5165; x_wconf 77' lang='grc' dir='ltr'>τρία</span> <span class='ocrx_word' id='word_1_715' title='bbox 390 5091 518 5162; x_wconf 76' lang='grc' dir='ltr'>ετη.</span> <span class='ocrx_word' id='word_1_716' title='bbox 556 5090 757 5144; x_wconf 75' lang='grc' dir='ltr'>’ἰστέον</span> <span class='ocrx_word' id='word_1_717' title='bbox 781 5089 840 5144; x_wconf 89' lang='grc' dir='ltr'><strong><em>δέ</em></strong></span> <span class='ocrx_word' id='word_1_718' title='bbox 866 5090 1062 5145; x_wconf 76' lang='grc' dir='ltr'>ὄτικαὶ</span> <span class='ocrx_word' id='word_1_719' title='bbox 1093 5090 1270 5162; x_wconf 74' lang='grc' dir='ltr'>Ἀχαξ</span> <span class='ocrx_word' id='word_1_720' title='bbox 1297 5094 1326 5146; x_wconf 76' lang='grc' dir='ltr'>ὁ</span> <span class='ocrx_word' id='word_1_721' title='bbox 1367 5092 1610 5164; x_wconf 74' lang='grc' dir='ltr'>Ἐζεκίου</span> <span class='ocrx_word' id='word_1_722' title='bbox 1641 5095 1844 5168; x_wconf 70' lang='grc' dir='ltr'><strong><em>πατὴρο</em></strong></span> 
     </span>
    </p>
   </div>
   <div class='ocr_carea' id='block_1_98' title="bbox 218 5180 1850 5258">
    <p class='ocr_par' dir='ltr' id='par_1_98' title="bbox 218 5180 1850 5258">
     <span class='ocr_line' id='line_1_98' title="bbox 218 5180 1850 5258; baseline 0.003 -21"><span class='ocrx_word' id='word_1_723' title='bbox 218 5181 614 5254; x_wconf 79' lang='grc' dir='ltr'>πολεμοῦντος</span> <span class='ocrx_word' id='word_1_724' title='bbox 650 5180 805 5253; x_wconf 80' lang='grc' dir='ltr'>αὐτῷ</span> <span class='ocrx_word' id='word_1_725' title='bbox 835 5180 934 5237; x_wconf 88' lang='grc' dir='ltr'><strong><em>τοῦ</em></strong></span> <span class='ocrx_word' id='word_1_726' title='bbox 981 5185 1366 5256; x_wconf 84' lang='grc' dir='ltr'>Δαμασκηνῶν</span> <span class='ocrx_word' id='word_1_727' title='bbox 1417 5185 1722 5258; x_wconf 85' lang='grc' dir='ltr'>βασιλέως,</span> <span class='ocrx_word' id='word_1_728' title='bbox 1761 5186 1850 5255; x_wconf 80' lang='grc' dir='ltr'><strong><em>ἐξ·</em></strong></span> 
     </span>
    </p>
   </div>
   <div class='ocr_carea' id='block_1_99' title="bbox 216 5275 1847 5354">
    <p class='ocr_par' dir='ltr' id='par_1_99' title="bbox 216 5275 1847 5354">
     <span class='ocr_line' id='line_1_99' title="bbox 216 5275 1847 5354; baseline 0.004 -24"><span class='ocrx_word' id='word_1_729' title='bbox 216 5275 471 5347; x_wconf 68' lang='grc' dir='ltr'>ἐπρίατο</span> <span class='ocrx_word' id='word_1_730' title='bbox 490 5276 596 5346; x_wconf 80' lang='grc' dir='ltr'>τὴν</span> <span class='ocrx_word' id='word_1_731' title='bbox 623 5275 954 5348; x_wconf 87' lang='grc' dir='ltr'>ἐπικουρίαν</span> <span class='ocrx_word' id='word_1_732' title='bbox 980 5277 1081 5348; x_wconf 81' lang='grc' dir='ltr'>τὴν</span> <span class='ocrx_word' id='word_1_733' title='bbox 1115 5278 1270 5350; x_wconf 87' lang='grc' dir='ltr'>παρά</span> <span class='ocrx_word' id='word_1_734' title='bbox 1289 5295 1353 5348; x_wconf 84' lang='grc' dir='ltr'><strong><em>γε</em></strong></span> <span class='ocrx_word' id='word_1_735' title='bbox 1376 5278 1484 5334; x_wconf 82' lang='grc' dir='ltr'><strong><em>τῶν</em></strong></span> <span class='ocrx_word' id='word_1_736' title='bbox 1521 5281 1847 5354; x_wconf 82' lang='grc' dir='ltr'>Ἀσσυρίων,</span> 
     </span>
    </p>
   </div>
   <div class='ocr_carea' id='block_1_100' title="bbox 219 5363 1844 5443">
    <p class='ocr_par' dir='ltr' id='par_1_100' title="bbox 219 5363 1844 5443">
     <span class='ocr_line' id='line_1_100' title="bbox 219 5363 1844 5443; baseline 0.003 -19"><span class='ocrx_word' id='word_1_737' title='bbox 219 5372 314 5439; x_wconf 79' lang='grc' dir='ltr'>ἐφ’</span> <span class='ocrx_word' id='word_1_738' title='bbox 361 5363 409 5437; x_wconf 79' lang='grc' dir='ltr'>ᾧ</span> <span class='ocrx_word' id='word_1_739' title='bbox 457 5371 558 5424; x_wconf 74' lang='grc' dir='ltr'>καὶ</span> <span class='ocrx_word' id='word_1_740' title='bbox 599 5369 810 5440; x_wconf 83' lang='grc' dir='ltr'>σφόδρα</span> <span class='ocrx_word' id='word_1_741' title='bbox 851 5368 1150 5441; x_wconf 83' lang='grc' dir='ltr'>λελύπηται</span> <span class='ocrx_word' id='word_1_742' title='bbox 1182 5369 1336 5435; x_wconf 86' lang='grc' dir='ltr'>Θεός.</span> <span class='ocrx_word' id='word_1_743' title='bbox 1387 5371 1611 5442; x_wconf 83' lang='grc' dir='ltr'>Ἐπάγω</span> <span class='ocrx_word' id='word_1_744' title='bbox 1637 5374 1844 5443; x_wconf 90' lang='grc' dir='ltr'>τοίνυν,</span> 
     </span>
    </p>
   </div>
   <div class='ocr_carea' id='block_1_101' title="bbox 223 5461 1840 5536">
    <p class='ocr_par' dir='ltr' id='par_1_101' title="bbox 223 5461 1840 5536">
     <span class='ocr_line' id='line_1_101' title="bbox 223 5461 1840 5536; baseline 0.004 -21"><span class='ocrx_word' id='word_1_745' title='bbox 223 5463 420 5534; x_wconf 62' lang='grc' dir='ltr'>φησιν,</span> <span class='ocrx_word' id='word_1_746' title='bbox 479 5465 577 5517; x_wconf 73' lang='grc' dir='ltr'>ἐπὶ</span> <span class='ocrx_word' id='word_1_747' title='bbox 630 5463 692 5516; x_wconf 86' lang='grc' dir='ltr'><strong><em>σὲ</em></strong></span> <span class='ocrx_word' id='word_1_748' title='bbox 741 5462 982 5534; x_wconf 79' lang='grc' dir='ltr'>πληγὴν,</span> <span class='ocrx_word' id='word_1_749' title='bbox 1031 5461 1126 5516; x_wconf 84' lang='grc' dir='ltr'><strong><em>τοῦ</em></strong></span> <span class='ocrx_word' id='word_1_750' title='bbox 1179 5463 1309 5518; x_wconf 74' lang='grc' dir='ltr'>ἰδεῖν</span> <span class='ocrx_word' id='word_1_751' title='bbox 1357 5464 1476 5519; x_wconf 83' lang='grc' dir='ltr'>ὁδὸν</span> <span class='ocrx_word' id='word_1_752' title='bbox 1526 5466 1840 5536; x_wconf 82' lang='grc' dir='ltr'>Αίγύπτου·</span> 
     </span>
    </p>
   </div>
   <div class='ocr_carea' id='block_1_102' title="bbox 223 5553 1846 5633">
    <p class='ocr_par' dir='ltr' id='par_1_102' title="bbox 223 5553 1846 5633">
     <span class='ocr_line' id='line_1_102' title="bbox 223 5553 1846 5633; baseline 0.005 -25"><span class='ocrx_word' id='word_1_753' title='bbox 223 5555 370 5627; x_wconf 76' lang='grc' dir='ltr'>πλὴν</span> <span class='ocrx_word' id='word_1_754' title='bbox 404 5554 492 5609; x_wconf 84' lang='grc' dir='ltr'>ἔτι</span> <span class='ocrx_word' id='word_1_755' title='bbox 537 5554 761 5626; x_wconf 77' lang='grc' dir='ltr'>μικρὸν,</span> <span class='ocrx_word' id='word_1_756' title='bbox 801 5553 900 5608; x_wconf 79' lang='grc' dir='ltr'>καὶ</span> <span class='ocrx_word' id='word_1_757' title='bbox 932 5554 1204 5610; x_wconf 87' lang='grc' dir='ltr'>παύσεται</span> <span class='ocrx_word' id='word_1_758' title='bbox 1239 5558 1273 5629; x_wconf 81' lang='grc' dir='ltr'>ἡ</span> <span class='ocrx_word' id='word_1_759' title='bbox 1307 5557 1467 5630; x_wconf 82' lang='grc' dir='ltr'>ὀργὴ,</span> <span class='ocrx_word' id='word_1_760' title='bbox 1505 5560 1535 5613; x_wconf 84' lang='grc' dir='ltr'><strong><em>ό</em></strong></span> <span class='ocrx_word' id='word_1_761' title='bbox 1571 5559 1628 5613; x_wconf 81' lang='grc' dir='ltr'>δὲ</span> <span class='ocrx_word' id='word_1_762' title='bbox 1675 5558 1846 5633; x_wconf 84' lang='grc' dir='ltr'>θυμός</span> 
     </span>
    </p>
   </div>
   <div class='ocr_carea' id='block_1_103' title="bbox 231 5646 1844 5727">
    <p class='ocr_par' dir='ltr' id='par_1_103' title="bbox 231 5646 1844 5727">
     <span class='ocr_line' id='line_1_103' title="bbox 231 5646 1844 5727; baseline 0.006 -27"><span class='ocrx_word' id='word_1_763' title='bbox 231 5665 333 5718; x_wconf 85' lang='grc' dir='ltr'><strong><em>μου</em></strong></span> <span class='ocrx_word' id='word_1_764' title='bbox 363 5649 463 5702; x_wconf 75' lang='grc' dir='ltr'>ἐπὶ</span> <span class='ocrx_word' id='word_1_765' title='bbox 499 5648 604 5719; x_wconf 81' lang='grc' dir='ltr'>τὴν</span> <span class='ocrx_word' id='word_1_766' title='bbox 637 5646 837 5719; x_wconf 80' lang='grc' dir='ltr'>βουλὴν</span> <span class='ocrx_word' id='word_1_767' title='bbox 864 5647 1064 5701; x_wconf 76' lang='grc' dir='ltr'>αὐτῶν.</span> <span class='ocrx_word' id='word_1_768' title='bbox 1098 5647 1395 5706; x_wconf 85' lang='grc' dir='ltr'>Διολὼλασι</span> <span class='ocrx_word' id='word_1_769' title='bbox 1420 5653 1550 5724; x_wconf 84' lang='grc' dir='ltr'>γὰρ,</span> <span class='ocrx_word' id='word_1_770' title='bbox 1579 5652 1655 5718; x_wconf 80' lang='grc' dir='ltr'>ὼς</span> <span class='ocrx_word' id='word_1_771' title='bbox 1685 5653 1844 5727; x_wconf 79' lang='grc' dir='ltr'>ἔφην,</span> 
     </span>
    </p>
   </div>
   <div class='ocr_carea' id='block_1_104' title="bbox 295 5803 1281 5875">
    <p class='ocr_par' dir='ltr' id='par_1_104' title="bbox 295 5803 1281 5875">
     <span class='ocr_line' id='line_1_104' title="bbox 295 5803 1281 5875; baseline 0.005 -16"><span class='ocrx_word' id='word_1_772' title='bbox 295 5808 346 5840; x_wconf 74' lang='grc'>³⁸</span> <span class='ocrx_word' id='word_1_773' title='bbox 383 5806 449 5860; x_wconf 82' lang='grc' dir='ltr'>ιγ</span> <span class='ocrx_word' id='word_1_774' title='bbox 493 5805 634 5875; x_wconf 78' lang='lat' dir='ltr'><strong><em>Reg.</em></strong></span> <span class='ocrx_word' id='word_1_775' title='bbox 683 5821 800 5869; x_wconf 71' lang='grc' dir='ltr'><strong><em>ιη,</em></strong></span> <span class='ocrx_word' id='word_1_776' title='bbox 832 5803 938 5871; x_wconf 75' lang='lat'><strong><em>20;</em></strong></span> <span class='ocrx_word' id='word_1_777' title='bbox 976 5821 1112 5873; x_wconf 80' lang='lat' dir='ltr'><strong><em>xvii,</em></strong></span> <span class='ocrx_word' id='word_1_778' title='bbox 1145 5809 1196 5868; x_wconf 86' lang='lat' dir='ltr'><strong><em>l.</em></strong></span> <span class='ocrx_word' id='word_1_779' title='bbox 1226 5809 1281 5864; x_wconf 76' lang='lat'><strong><em>9..</em></strong></span> 
     </span>
    </p>
   </div>
   <div class='ocr_carea' id='block_1_105' title="bbox 562 5899 1263 5965">
    <p class='ocr_par' dir='ltr' id='par_1_105' title="bbox 562 5899 1263 5965">
     <span class='ocr_line' id='line_1_105' title="bbox 562 5899 1263 5965; baseline 0.007 -5"><span class='ocrx_word' id='word_1_780' title='bbox 562 5902 847 5960; x_wconf 70' lang='grc' dir='ltr'>Ρλτιιοι.</span> <span class='ocrx_word' id='word_1_781' title='bbox 895 5899 1014 5962; x_wconf 86' lang='lat' dir='ltr'><strong><em>Gn.</em></strong></span> <span class='ocrx_word' id='word_1_782' title='bbox 1068 5901 1263 5965; x_wconf 76' lang='lat' dir='ltr'><strong><em>LXX.</em></strong></span> 
     </span>
    </p>
   </div>
   <div class='ocr_carea' id='block_1_106' title="bbox 1952 4641 3545 4712">
    <p class='ocr_par' dir='ltr' id='par_1_106' title="bbox 1952 4641 3545 4712">
     <span class='ocr_line' id='line_1_106' title="bbox 1952 4641 3545 4712; baseline 0.001 -14"><span class='ocrx_word' id='word_1_783' title='bbox 1952 4659 2071 4698; x_wconf 89' lang='lat' dir='ltr'><strong><em>rum</em></strong></span> <span class='ocrx_word' id='word_1_784' title='bbox 2094 4685 2110 4710; x_wconf 92' lang='lat'><strong><em>,</em></strong></span> <span class='ocrx_word' id='word_1_785' title='bbox 2165 4652 2219 4699; x_wconf 91' lang='lat' dir='ltr'><strong><em>et</em></strong></span> <span class='ocrx_word' id='word_1_786' title='bbox 2255 4643 2443 4712; x_wconf 85' lang='lat' dir='ltr'><strong><em>ligavit</em></strong></span> <span class='ocrx_word' id='word_1_787' title='bbox 2479 4643 2531 4699; x_wconf 93' lang='lat' dir='ltr'><strong><em>in</em></strong></span> <span class='ocrx_word' id='word_1_788' title='bbox 2565 4643 2727 4700; x_wconf 88' lang='lat' dir='ltr'><strong><em>domo</em></strong></span> <span class='ocrx_word' id='word_1_789' title='bbox 2756 4643 3042 4710; x_wconf 72' lang='lat' dir='ltr'><strong><em>custodite,</em></strong></span> <span class='ocrx_word' id='word_1_790' title='bbox 3077 4651 3132 4700; x_wconf 89' lang='lat' dir='ltr'><strong><em>et</em></strong></span> <span class='ocrx_word' id='word_1_791' title='bbox 3176 4645 3400 4699; x_wconf 91' lang='lat' dir='ltr'><strong><em>adortus</em></strong></span> <span class='ocrx_word' id='word_1_792' title='bbox 3440 4641 3545 4699; x_wconf 89' lang='lat' dir='ltr'><strong><em>Sa-</em></strong></span> 
     </span>
    </p>
   </div>
   <div class='ocr_carea' id='block_1_107' title="bbox 1952 4735 3542 4799">
    <p class='ocr_par' dir='ltr' id='par_1_107' title="bbox 1952 4735 3542 4799">
     <span class='ocr_line' id='line_1_107' title="bbox 1952 4735 3542 4799; baseline 0.001 -11"><span class='ocrx_word' id='word_1_793' title='bbox 1952 4735 2205 4799; x_wconf 89' lang='lat' dir='ltr'><strong><em>mariam,</em></strong></span> <span class='ocrx_word' id='word_1_794' title='bbox 2241 4735 2536 4790; x_wconf 88' lang='lat' dir='ltr'><strong><em>triennium</em></strong></span> <span class='ocrx_word' id='word_1_795' title='bbox 2573 4736 2809 4792; x_wconf 89' lang='lat' dir='ltr'><strong><em>obsedit.</em></strong></span> <span class='ocrx_word' id='word_1_796' title='bbox 2858 4737 2992 4792; x_wconf 92' lang='lat' dir='ltr'><strong><em>Illud</em></strong></span> <span class='ocrx_word' id='word_1_797' title='bbox 3037 4744 3216 4793; x_wconf 88' lang='lat' dir='ltr'><strong><em>autem</em></strong></span> <span class='ocrx_word' id='word_1_798' title='bbox 3260 4736 3542 4793; x_wconf 89' lang='lat' dir='ltr'><strong><em>sciendum</em></strong></span> 
     </span>
    </p>
   </div>
   <div class='ocr_carea' id='block_1_108' title="bbox 1949 4827 3543 4902">
    <p class='ocr_par' dir='ltr' id='par_1_108' title="bbox 1949 4827 3543 4902">
     <span class='ocr_line' id='line_1_108' title="bbox 1949 4827 3543 4902; baseline 0.002 -21"><span class='ocrx_word' id='word_1_799' title='bbox 1949 4827 2228 4882; x_wconf 83' lang='lat' dir='ltr'><strong><em>Achazum</em></strong></span> <span class='ocrx_word' id='word_1_800' title='bbox 2244 4839 2453 4899; x_wconf 87' lang='lat' dir='ltr'><strong><em>patrem</em></strong></span> <span class='ocrx_word' id='word_1_801' title='bbox 2473 4827 2738 4894; x_wconf 64' lang='lat' dir='ltr'><strong><em>Ezeebim,</em></strong></span> <span class='ocrx_word' id='word_1_802' title='bbox 2764 4829 3231 4887; x_wconf 85' lang='lat' dir='ltr'><strong><em>Damascenorum</em></strong></span> <span class='ocrx_word' id='word_1_803' title='bbox 3251 4843 3379 4902; x_wconf 89' lang='lat' dir='ltr'><strong><em>rege</em></strong></span> <span class='ocrx_word' id='word_1_804' title='bbox 3419 4845 3543 4885; x_wconf 90' lang='lat' dir='ltr'><strong><em>cum</em></strong></span> 
     </span>
    </p>
   </div>
   <div class='ocr_carea' id='block_1_109' title="bbox 1950 4919 3544 4994">
    <p class='ocr_par' dir='ltr' id='par_1_109' title="bbox 1950 4919 3544 4994">
     <span class='ocr_line' id='line_1_109' title="bbox 1950 4919 3544 4994; baseline 0.004 -22"><span class='ocrx_word' id='word_1_805' title='bbox 1950 4919 2069 4990; x_wconf 89' lang='lat' dir='ltr'><strong><em>ipso</em></strong></span> <span class='ocrx_word' id='word_1_806' title='bbox 2099 4919 2294 4975; x_wconf 89' lang='lat' dir='ltr'><strong><em>bellum</em></strong></span> <span class='ocrx_word' id='word_1_807' title='bbox 2323 4931 2571 4993; x_wconf 88' lang='lat' dir='ltr'><strong><em>gerente,</em></strong></span> <span class='ocrx_word' id='word_1_808' title='bbox 2596 4922 2857 4978; x_wconf 80' lang='lat' dir='ltr'><strong><em>auxilium</em></strong></span> <span class='ocrx_word' id='word_1_809' title='bbox 2882 4922 2952 4978; x_wconf 90' lang='lat' dir='ltr'><strong><em>ab</em></strong></span> <span class='ocrx_word' id='word_1_810' title='bbox 2987 4922 3227 4994; x_wconf 85' lang='lat' dir='ltr'><strong><em>Assyriis</em></strong></span> <span class='ocrx_word' id='word_1_811' title='bbox 3252 4923 3544 4992; x_wconf 89' lang='lat' dir='ltr'><strong><em>coemisse,</em></strong></span> 
     </span>
    </p>
   </div>
   <div class='ocr_carea' id='block_1_110' title="bbox 1951 5011 3547 5086">
    <p class='ocr_par' dir='ltr' id='par_1_110' title="bbox 1951 5011 3547 5086">
     <span class='ocr_line' id='line_1_110' title="bbox 1951 5011 3547 5086; baseline 0.005 -22"><span class='ocrx_word' id='word_1_812' title='bbox 1951 5011 2456 5069; x_wconf 85' lang='lat' dir='ltr'><strong><em>nndevehemeuter</em></strong></span> <span class='ocrx_word' id='word_1_813' title='bbox 2466 5014 2612 5070; x_wconf 86' lang='lat' dir='ltr'><strong><em>Deus</em></strong></span> <span class='ocrx_word' id='word_1_814' title='bbox 2628 5025 2936 5072; x_wconf 90' lang='lat' dir='ltr'><strong><em>commotus</em></strong></span> <span class='ocrx_word' id='word_1_815' title='bbox 2948 5015 3256 5073; x_wconf 91' lang='lat' dir='ltr'><strong><em>est.lnduco</em></strong></span> <span class='ocrx_word' id='word_1_816' title='bbox 3271 5017 3455 5086; x_wconf 87' lang='lat' dir='ltr'><strong><em>igitur,</em></strong></span> <span class='ocrx_word' id='word_1_817' title='bbox 3471 5017 3547 5072; x_wconf 88' lang='lat' dir='ltr'><strong><em>in-</em></strong></span> 
     </span>
    </p>
   </div>
   <div class='ocr_carea' id='block_1_111' title="bbox 1951 5104 3544 5181">
    <p class='ocr_par' dir='ltr' id='par_1_111' title="bbox 1951 5104 3544 5181">
     <span class='ocr_line' id='line_1_111' title="bbox 1951 5104 3544 5181; baseline 0.006 -24"><span class='ocrx_word' id='word_1_818' title='bbox 1951 5105 2090 5174; x_wconf 89' lang='lat' dir='ltr'><strong><em>quit,</em></strong></span> <span class='ocrx_word' id='word_1_819' title='bbox 2108 5104 2320 5175; x_wconf 87' lang='lat' dir='ltr'><strong><em>plagam</em></strong></span> <span class='ocrx_word' id='word_1_820' title='bbox 2338 5121 2503 5177; x_wconf 89' lang='lat' dir='ltr'><strong><em>super</em></strong></span> <span class='ocrx_word' id='word_1_821' title='bbox 2527 5115 2602 5176; x_wconf 88' lang='lat' dir='ltr'><strong><em>te,</em></strong></span> <span class='ocrx_word' id='word_1_822' title='bbox 2621 5117 2680 5163; x_wconf 92' lang='lat' dir='ltr'><strong><em>ut</em></strong></span> <span class='ocrx_word' id='word_1_823' title='bbox 2705 5107 2892 5164; x_wconf 85' lang='lat' dir='ltr'><strong><em>videas</em></strong></span> <span class='ocrx_word' id='word_1_824' title='bbox 2912 5109 3054 5164; x_wconf 87' lang='lat' dir='ltr'><strong><em>viam</em></strong></span> <span class='ocrx_word' id='word_1_825' title='bbox 3073 5106 3295 5181; x_wconf 62' lang='lat' dir='ltr'><strong><em>Egypti</em></strong></span> <span class='ocrx_word' id='word_1_826' title='bbox 3317 5126 3332 5164; x_wconf 87' lang='lat'><strong>:</strong></span> <span class='ocrx_word' id='word_1_827' title='bbox 3353 5123 3544 5166; x_wconf 89' lang='lat' dir='ltr'><strong><em>verum</em></strong></span> 
     </span>
    </p>
   </div>
   <div class='ocr_carea' id='block_1_112' title="bbox 1950 5193 3547 5266">
    <p class='ocr_par' dir='ltr' id='par_1_112' title="bbox 1950 5193 3547 5266">
     <span class='ocr_line' id='line_1_112' title="bbox 1950 5193 3547 5266; baseline 0.005 -17"><span class='ocrx_word' id='word_1_828' title='bbox 1950 5193 2103 5250; x_wconf 85' lang='lat' dir='ltr'><strong><em>brevi</em></strong></span> <span class='ocrx_word' id='word_1_829' title='bbox 2129 5205 2252 5264; x_wconf 90' lang='lat' dir='ltr'><strong><em>post</em></strong></span> <span class='ocrx_word' id='word_1_830' title='bbox 2301 5203 2546 5266; x_wconf 88' lang='lat' dir='ltr'><strong><em>tempore</em></strong></span> <span class='ocrx_word' id='word_1_831' title='bbox 2575 5197 2815 5254; x_wconf 85' lang='lat' dir='ltr'><strong><em>cessabit</em></strong></span> <span class='ocrx_word' id='word_1_832' title='bbox 2872 5198 2952 5254; x_wconf 90' lang='lat' dir='ltr'><strong><em>ira</em></strong></span> <span class='ocrx_word' id='word_1_833' title='bbox 2976 5237 2994 5266; x_wconf 89' lang='lat'><strong><em>,</em></strong></span> <span class='ocrx_word' id='word_1_834' title='bbox 3043 5198 3196 5254; x_wconf 80' lang='lat' dir='ltr'><strong><em>[uror</em></strong></span> <span class='ocrx_word' id='word_1_835' title='bbox 3227 5213 3358 5256; x_wconf 88' lang='lat' dir='ltr'><strong><em>vero</em></strong></span> <span class='ocrx_word' id='word_1_836' title='bbox 3393 5215 3547 5257; x_wconf 88' lang='lat' dir='ltr'><strong><em>meus</em></strong></span> 
     </span>
    </p>
   </div>
   <div class='ocr_carea' id='block_1_113' title="bbox 1951 5287 3544 5362">
    <p class='ocr_par' dir='ltr' id='par_1_113' title="bbox 1951 5287 3544 5362">
     <span class='ocr_line' id='line_1_113' title="bbox 1951 5287 3544 5362; baseline 0.002 -18"><span class='ocrx_word' id='word_1_837' title='bbox 1951 5300 2117 5359; x_wconf 88' lang='lat' dir='ltr'><strong><em>super</em></strong></span> <span class='ocrx_word' id='word_1_838' title='bbox 2142 5287 2431 5344; x_wconf 87' lang='lat' dir='ltr'><strong><em>consilium</em></strong></span> <span class='ocrx_word' id='word_1_839' title='bbox 2462 5291 2729 5362; x_wconf 86' lang='lat' dir='ltr'><strong><em>ipsorum.</em></strong></span> <span class='ocrx_word' id='word_1_840' title='bbox 2765 5289 3249 5357; x_wconf 87' lang='lat' dir='ltr'><strong><em>Perieruntenim,</em></strong></span> <span class='ocrx_word' id='word_1_841' title='bbox 3289 5300 3349 5348; x_wconf 91' lang='lat' dir='ltr'><strong><em>ut</em></strong></span> <span class='ocrx_word' id='word_1_842' title='bbox 3407 5293 3544 5355; x_wconf 85' lang='lat' dir='ltr'><strong><em>dixi,</em></strong></span> 
     </span>
    </p>
   </div>
   <div class='ocr_carea' id='block_1_114' title="bbox 1955 5380 3546 5463">
    <p class='ocr_par' dir='ltr' id='par_1_114' title="bbox 1955 5380 3546 5463">
     <span class='ocr_line' id='line_1_114' title="bbox 1955 5380 3546 5463; baseline 0 -27"><span class='ocrx_word' id='word_1_843' title='bbox 1955 5395 2054 5450; x_wconf 88' lang='lat' dir='ltr'><strong><em>per</em></strong></span> <span class='ocrx_word' id='word_1_844' title='bbox 2075 5380 2212 5436; x_wconf 88' lang='lat' dir='ltr'><strong><em>iram</em></strong></span> <span class='ocrx_word' id='word_1_845' title='bbox 2243 5381 2505 5438; x_wconf 88' lang='lat' dir='ltr'><strong><em>divinam.</em></strong></span> <span class='ocrx_word' id='word_1_846' title='bbox 2530 5381 2776 5454; x_wconf 88' lang='lat' dir='ltr'><strong><em>Cumque</em></strong></span> <span class='ocrx_word' id='word_1_847' title='bbox 2805 5387 3308 5463; x_wconf 80' lang='lat' dir='ltr'><strong><em>statuisseutipsani</em></strong></span> <span class='ocrx_word' id='word_1_848' title='bbox 3327 5399 3546 5456; x_wconf 86' lang='lat' dir='ltr'><strong><em>quoque</em></strong></span> 
     </span>
    </p>
   </div>
   <div class='ocr_carea' id='block_1_115' title="bbox 1953 5469 3546 5548">
    <p class='ocr_par' dir='ltr' id='par_1_115' title="bbox 1953 5469 3546 5548">
     <span class='ocr_line' id='line_1_115' title="bbox 1953 5469 3546 5548; baseline -0.001 -21"><span class='ocrx_word' id='word_1_849' title='bbox 1953 5469 2254 5529; x_wconf 83' lang='lat' dir='ltr'><strong><em>Jerusalem</em></strong></span> <span class='ocrx_word' id='word_1_850' title='bbox 2308 5489 2524 5545; x_wconf 89' lang='lat' dir='ltr'><strong><em>capere,</em></strong></span> <span class='ocrx_word' id='word_1_851' title='bbox 2594 5489 2626 5530; x_wconf 90' lang='lat' dir='ltr'><strong><em>a</em></strong></span> <span class='ocrx_word' id='word_1_852' title='bbox 2677 5490 2843 5548; x_wconf 87' lang='lat' dir='ltr'><strong><em>scopo</em></strong></span> <span class='ocrx_word' id='word_1_853' title='bbox 2884 5479 3229 5542; x_wconf 86' lang='lat' dir='ltr'><strong><em>aberrarunt,</em></strong></span> <span class='ocrx_word' id='word_1_854' title='bbox 3291 5482 3346 5529; x_wconf 90' lang='lat' dir='ltr'><strong><em>et</em></strong></span> <span class='ocrx_word' id='word_1_855' title='bbox 3391 5473 3546 5528; x_wconf 87' lang='lat' dir='ltr'><strong><em>irrita</em></strong></span> 
     </span>
    </p>
   </div>
   <div class='ocr_carea' id='block_1_116' title="bbox 1955 5562 3546 5635">
    <p class='ocr_par' dir='ltr' id='par_1_116' title="bbox 1955 5562 3546 5635">
     <span class='ocr_line' id='line_1_116' title="bbox 1955 5562 3546 5635; baseline 0.001 -17"><span class='ocrx_word' id='word_1_856' title='bbox 1955 5562 2058 5620; x_wconf 82' lang='lat' dir='ltr'><strong><em>fuit</em></strong></span> <span class='ocrx_word' id='word_1_857' title='bbox 2095 5581 2286 5621; x_wconf 89' lang='lat' dir='ltr'><strong><em>eorum</em></strong></span> <span class='ocrx_word' id='word_1_858' title='bbox 2337 5568 2694 5635; x_wconf 87' lang='lat' dir='ltr'><strong><em>machinatio,</em></strong></span> <span class='ocrx_word' id='word_1_859' title='bbox 2721 5568 2831 5625; x_wconf 91' lang='lat' dir='ltr'><strong><em>Deo</em></strong></span> <span class='ocrx_word' id='word_1_860' title='bbox 2889 5571 3095 5626; x_wconf 81' lang='lat' dir='ltr'><strong><em>exitum</em></strong></span> <span class='ocrx_word' id='word_1_861' title='bbox 3136 5573 3380 5622; x_wconf 81' lang='lat' dir='ltr'><strong><em>vertente</em></strong></span> <span class='ocrx_word' id='word_1_862' title='bbox 3424 5577 3546 5620; x_wconf 87' lang='lat' dir='ltr'><strong><em>om-</em></strong></span> 
     </span>
    </p>
   </div>
   <div class='ocr_carea' id='block_1_117' title="bbox 1955 5659 3261 5736">
    <p class='ocr_par' dir='ltr' id='par_1_117' title="bbox 1955 5659 3261 5736">
     <span class='ocr_line' id='line_1_117' title="bbox 1955 5659 3261 5736; baseline -0.001 -21"><span class='ocrx_word' id='word_1_863' title='bbox 1955 5660 2086 5717; x_wconf 90' lang='lat' dir='ltr'><strong><em>nino</em></strong></span> <span class='ocrx_word' id='word_1_864' title='bbox 2105 5659 2159 5716; x_wconf 87' lang='lat' dir='ltr'><strong><em>iti</em></strong></span> <span class='ocrx_word' id='word_1_865' title='bbox 2183 5661 2522 5720; x_wconf 87' lang='lat' dir='ltr'><strong><em>contrarium</em></strong></span> <span class='ocrx_word' id='word_1_866' title='bbox 2545 5673 2744 5736; x_wconf 64' lang='lat' dir='ltr'><strong><em>praeter</em></strong></span> <span class='ocrx_word' id='word_1_867' title='bbox 2773 5663 3261 5734; x_wconf 82' lang='lat' dir='ltr'><strong><em>exspectationem.</em></strong></span> 
     </span>
    </p>
   </div>
   <div class='ocr_carea' id='block_1_118' title="bbox 3157 5909 3229 5969">
    <p class='ocr_par' dir='ltr' id='par_1_118' title="bbox 3157 5909 3229 5969">
     <span class='ocr_line' id='line_1_118' title="bbox 3157 5909 3229 5969; baseline 0.056 -4"><span class='ocrx_word' id='word_1_868' title='bbox 3157 5909 3229 5969; x_wconf 86' lang='grc'><strong><em>10</em></strong></span> 
     </span>
    </p>
   </div>
  </div>
