4016 6508
474 384 582 441 299

1462 376 1522 433 S.
1563 373 1846 430 CYBILLI
1882 372 2351 429 ALEXANDRINI
2394 372 2716 430 ARCHIEP.
2998 443 3007 449 .
3640 376 3747 429 ΜΟ

480 502 585 556 δπὸ
629 498 779 561 θείας
823 496 1012 570 ὀργῆς.
1057 494 1483 567 Βουλευσάμενοι
1511 493 1567 547 δὲ
1607 493 1703 548 καὶ
1755 493 1924 565 αὐτὴν
1962 493 2329 566 χειρώσασθαι
2369 495 2468 566 τὴν
2509 493 2888 567 Ἰερουσαλὴμ,
2941 495 3349 568 διημαρτήκασι
3385 496 3479 550 τοῦ
3518 497 3746 561 σκοποῦ,

478 598 573 651 καὶ
608 594 831 664 γέγονεν
858 594 1041 656 αὐτοῖς
1083 592 1362 663 ἄπρακτος
1394 591 1428 662 ἡ
1458 590 1670 659 σκέψις,
1689 587 1827 643 Θεοῦ
1866 587 2188 659 μεταθέντος
2210 592 2291 652 είς
2322 590 2430 644 πᾶν
2468 589 2777 644 τούναντίον
2812 590 2916 643 τῶν
2942 589 3424 660 προσδοκηθέντων
3446 592 3507 645 τὸ
3537 592 3737 663 πέρας.

453 733 461 743 .
554 687 715 743 Vsus.
772 686 861 742 ‘26.
918 683 985 737 Et
1045 684 1291 739 excitabit
1338 682 1476 737 Deus
1515 684 1570 736 in
1632 696 1721 736 eos
1773 682 2057 736 secundum

2228 683 2339 737 Καὶ
2393 683 2657 753 ἐπεγερεῖ
2705 687 2737 738 ό
2809 686 2951 751 Θεὸς
3007 684 3099 738 ἐπ’
3136 687 3363 752 αὐτοὺς
3418 687 3568 741 κατὰ
3630 688 3747 754 τὴν

480 782 691 848 plagam
756 776 997 841 Madian,
1046 775 1101 829 in
1126 775 1239 829 loco
1274 773 1603 843 afflictionis,
1645 782 1693 827 et
1730 774 1812 826 ira
1856 772 1970 841 ejus
2002 772 2058 826 in

485 874 571 924 ria
679 884 792 933 quae
824 884 917 938 per
947 883 1114 935 mare,
1148 868 1202 920 in
1242 866 1380 921 viam
1432 881 1553 937 quae
1602 874 1679 920 est
1732 866 1801 920 ad
1854 864 2059 937 Egyp-

480 971 612 1016 tum.

548 1051 846 1116 Corruent,
872 1049 1071 1117 inquit,
1105 1048 1186 1102 ira
1243 1062 1477 1118 superna
1527 1057 1582 1103 et
1635 1047 1817 1103 divina
1857 1050 1910 1102 in
1966 1064 2061 1105 eos

480 1145 693 1199 invecta
729 1160 743 1197 :
777 1157 880 1197 nec
909 1142 1020 1195 ullo
1042 1155 1262 1209 prorsus
1320 1140 1504 1193 labore
1537 1155 1671 1209 opus
1716 1139 1820 1194 erit
1876 1139 2053 1194 Israe-

482 1235 612 1288 litis.
658 1233 902 1287 Evadent
948 1233 1092 1285 enim
1125 1229 1384 1296 victores,
1416 1245 1519 1283 non
1546 1230 1896 1299 arcusjartu,
1952 1244 2057 1283 non

480 1342 737 1382 manuum
766 1325 839 1388 vi,
888 1339 993 1377 non
1048 1322 1242 1377 bellica
1292 1319 1506 1389 peritia,
1541 1328 1597 1373 at
1655 1322 1833 1390 potius
1896 1336 2057 1372 manu

484 1419 665 1473 divina
692 1416 1025 1485 percutiente
1061 1423 1116 1467 et
1156 1411 1447 1481 superbum
1482 1410 1734 1480 populum
1770 1412 2063 1465 conﬁcien-

485 1522 572 1577 te;
603 1509 1054 1580 quemadmodum
1086 1504 1328 1575 profecto
1378 1502 1577 1557 accidit
1617 1502 1943 1557 Madiauitis.
1982 1501 2058 1555 llli

483 1605 625 1659 enim
687 1599 944 1655 confertis
992 1597 1296 1668 agminibus
1357 1604 1520 1665 atque
1565 1595 1678 1665 ipsa
1738 1602 1849 1649 tota
1903 1605 2061 1665 gente

481 1693 814 1764 congregati,
854 1689 1164 1745 Iudaeorum
1204 1702 1418 1742 omnem
1467 1688 1741 1755 regionem
1772 1699 2062 1755 propemo-

481 1788 609 1842 dum
645 1784 998 1838 infesmbant:
1050 1789 1107 1835 et
1145 1780 1351 1850 ingenti
1418 1781 1615 1833 timore
1667 1777 1944 1847 perculsos
1996 1792 2057 1831 ex

481 1877 708 1932 urbibus
741 1886 796 1930 et
825 1876 958 1929 vicis
990 1873 1228 1943 migrare
1276 1871 1477 1925 invitos
1523 1872 1814 1940 cogebant,
1863 1879 1923 1923 ut
1972 1867 2063 1924 vix

481 1970 535 2024 iu
563 1968 826 2022 montium
879 1965 1184 2019 verticibus
1241 1962 1402 2032 idque
1448 1962 1640 2016 timide
1693 1960 2057 2017 considerent.

2160 774 2406 843 πληγὴν
2448 773 2683 842 Μαδιὰμ
2715 774 2785 827 ἐν
2816 776 2976 838 τόπῳ
3018 778 3300 846 θλίψεως,
3343 780 3440 832 καὶ
3487 783 3520 832 ό
3560 780 3753 847 θυμὸς

2160 863 2347 918 αὐτοῦ
2397 862 2473 933 τῇ
2510 862 2628 929 ὀδῷ
2659 864 2736 933 τῇ
2764 866 2913 920 κατὰ
2959 866 3302 935 θάλασσαν,
3342 870 3430 935 είς
3463 868 3580 937 τὴν
3604 870 3754 923 ὁδὸν

2161 953 2279 1023 τὴν
2307 954 2436 1008 κατ’
2468 955 2794 1025 Αἴγυπτον.

2229 1047 2548 1111 Πεσοῦνται,
2594 1048 2780 1118 φησιν,
2815 1049 2988 1124 ὀργῆς
3032 1051 3120 1103 ἐπ’
3160 1050 3343 1115 αὐτοῖς
3377 1051 3752 1123 ἐπενηνεγμέ-

2160 1151 2260 1207 νης
2317 1137 2415 1207 τῆς
2456 1137 2659 1193 ἄνωθεν
2696 1139 2790 1192 καὶ
2824 1141 2975 1212 παρὰ
3008 1141 3141 1195 Θεοῦ
3164 1158 3178 1174 ·
3223 1142 3319 1196 καὶ
3355 1143 3569 1206 οὐδενὸς
3611 1160 3751 1196 παν-

2158 1224 2327 1289 τελῶς
2354 1226 2533 1298 δεήσει
2564 1229 2724 1282 πόνου
2749 1232 2860 1293 τοῖς
2886 1230 2945 1297 ἐξ
2972 1231 3209 1303 Ἰσραήλ.
3231 1233 3589 1303 Περιέσονται
3611 1234 3748 1305 γάρ,

2161 1318 2221 1370 οὐ
2257 1318 2423 1382 τόξων
2457 1318 2660 1388 βολαῖς,
2704 1321 2804 1374 οὐκ
2838 1321 3123 1394 εὐσθενείᾳ
3158 1326 3380 1396 χειρῶν,
3423 1327 3482 1380 ού
3529 1330 3752 1396 πολεμι-

2161 1409 2282 1472 καῖς
2319 1409 2633 1480 ἐμπειρίαις
2659 1410 2949 1482 χρώμενοι,
2981 1416 3316 1485 κρατήσουσι
3343 1417 3399 1469 δὲ
3434 1417 3635 1487 μᾶλλον
3660 1417 3751 1469 διὰ

2160 1499 2344 1571 χειρὸς
2372 1500 2530 1566 Θεοῦ,
2563 1503 2907 1574 πληττούσης
2930 1522 2988 1557 τε
3023 1505 3118 1559 καὶ
3142 1505 3469 1577 δαπανώσης
3494 1507 3587 1559 τὸν
3615 1509 3747 1562 ἁλα-

2162 1592 2289 1657 ζόνα
2317 1591 2475 1646 λαόν
2510 1594 2765 1667 καθάπερ
2804 1595 2997 1667 ἀμέλει
3033 1597 3232 1670 συνέϐη
3274 1598 3468 1652 παθεῖν
3496 1601 3590 1652 καὶ
3622 1601 3749 1653 Μαι

2150 1684 2455 1756 ιδιηναίους.
2491 1687 2553 1738 Ol
2591 1687 2688 1756 μὲν
2715 1685 2823 1759 γὰρ
2855 1688 2998 1741 κατὰ
3029 1687 3236 1759 πληθὺν
3270 1690 3362 1742 καὶ
3395 1690 3539 1744 κατὰ
3593 1691 3749 1758 γένος

2163 1775 2564 1848 συνειλεγμένοι
2599 1777 2988 1847 κατεληίζοντο
3030 1779 3130 1850 μὲν
3156 1780 3355 1852 μικροῦ
3385 1781 3495 1834 δεῖν
3534 1783 3753 1835 ἃπασαν

2160 1870 2258 1942 τὴν
2289 1869 2397 1923 τῶν
2439 1869 2713 1924 Ἰουδαίων
2752 1869 2958 1942 χώραν,
3000 1872 3095 1926 καὶ
3128 1873 3403 1945 ἀφόρητον
3436 1874 3773 1945 αὑτοῖς,ὲμ--

2156 1960 2442 2024 ’ποιοῦντες
2472 1960 2531 2013 τὸ
2560 1959 2751 2030 δεῖμα,
2787 1960 2995 2015 πόλεων
3044 1962 3143 2033 μὲν
3184 1964 3279 2017 καὶ
3318 1964 3523 2036 κωμῶν
3569 1966 3753 2018 ἀπαν-

480 2065 550 2117 At
585 2057 858 2117 succurrit
896 2066 1007 2112 tum
1035 2067 1248 2126 quoque
1284 2055 1446 2120 Deus,
1470 2064 1525 2110 et
1578 2069 1738 2108 manu
1796 2052 2061 2108 Gedeouis

2171 2051 2419 2106 ίστασθαι
2448 2053 2543 2106 καὶ
2593 2053 2691 2122 οὐχ
2724 2053 2945 2117 ἑκόντας
2992 2055 3324 2124 ἠνάγκαζον,
3376 2057 3752 2122 ἐναυλίζεσθαι

482 2154 856 2226 periclitantes
917 2146 1277 2210 conservavit,
1322 2160 1487 2216 parva
1538 2147 1825 2200 admodum
1896 2160 2058 2198 manu

482 2243 806 2301 subsidiaria
864 2241 1163 2296 instructus
1218 2255 1234 2294 :
1287 2237 1380 2308 qui
1411 2251 1572 2292 noctu
1626 2237 1757 2291 etin
1797 2237 2059 2301 tenebris,

484 2336 692 2407 bydriis
719 2333 1032 2401 contractis,
1063 2330 1272 2386 facibus
1315 2330 1575 2395 ostensis,
1610 2330 1870 2385 cornibus
1930 2331 2062 2385 buc-

480 2426 816 2489 ciuantibua,
889 2422 1331 2479 adversariorum
1398 2422 1693 2493 phalanges
1751 2422 2057 2477 turbarunt.

483 2518 565 2574 Ex
591 2533 700 2586 quo
723 2516 852 2572 illud
871 2516 1085 2570 demum
1110 2512 1417 2569 Madiauitis
1443 2512 1659 2577 accidit,
1683 2521 1741 2569 ut
1761 2512 1895 2568 fusis
1916 2514 2063 2569 ordi-

480 2612 665 2674 nibus,
701 2609 809 2664 Deo
837 2606 1127 2663 collidente
1155 2621 1221 2661 ac
1273 2613 1612 2669 conterente,
1643 2614 1700 2659 et
1729 2613 1890 2659 noctu
1927 2604 2063 2658 ami-

480 2711 676 2759 cumet
697 2709 981 2772 cognatum
1013 2699 1082 2754 ab
1119 2697 1343 2753 inimico
1367 2712 1473 2752 nou
1493 2695 1945 2762 internoscentes,
1977 2696 2063 2751 in-

483 2804 567 2850 ter
601 2810 658 2850 se
704 2791 974 2849 commisti
1022 2807 1088 2845 ac
1129 2789 1405 2846 commissi
1454 2786 1673 2856 fuerint,
1711 2797 1767 2843 et
1799 2788 2066 2843 hostiliter

482 2886 712 2942 invicem
729 2880 1024 2942 smvierint.
1056 2892 1388 2948 suorumque
1420 2878 1673 2934 manibus
1710 2876 1873 2948 184
1899 2878 2067 2932 mise-

482 2974 727 3032 rabiliter
752 2969 1421 3040 disperieriut.luducetur
1448 2970 1651 3040 itaque,
1678 2968 1873 3037 inquit,
1909 2967 2059 3038 juxta

481 3072 692 3144 plagam
720 3066 947 3123 Mediam
1010 3064 1208 3119 inloco
1260 3063 1591 3121 alliictiouis.
1647 3061 1849 3116 Locum
1885 3073 2062 3115 autem

483 3161 790 3219 aﬂlictiouis
822 3175 918 3215 seu
979 3166 1189 3226 tempus
1257 3155 1523 3220 nominat,
1587 3167 1696 3225 quo
1744 3152 1860 3207 lucc
1923 3150 2067 3205 facta

483 3265 630 3315 smit.
664 3253 818 3323 Quod
867 3260 1046 3307 autem
1108 3249 1347 3306 furorem
1396 3248 1617 3305 barbari
1695 3257 1901 3302 tantum
1958 3261 2066 3301 non

483 3353 739 3405 aberrare
766 3348 966 3403 faceret
998 3345 1162 3411 Deus,
1189 3353 1244 3399 et
1270 3344 1323 3398 in
1388 3341 1709 3398 alios~illum
1766 3349 2061 3402 averteret,

483 3441 755 3513 signiﬁcat
807 3439 1035 3494 dicens:
1069 3434 1137 3491 Et
1184 3435 1263 3490 ira
1294 3435 1412 3503 ejus
1437 3435 1490 3488 in
1546 3433 1630 3488 via
1656 3446 1779 3503 quae
1822 3440 1906 3486 est
1965 3446 2064 3502 per

484 3549 659 3599 mare,
683 3533 736 3588 in
763 3532 901 3586 viam
927 3543 1047 3599 quas
1069 3527 1228 3583 estin
1268 3525 1586 3597 IEgyptum.
1626 3523 1741 3578 Rex
1771 3524 1913 3578 enim
1965 3524 2067 3578 As-

483 3624 755 3697 syriorum
811 3616 1340 3689 Tlieglapltalasat‘us
1375 3614 1454 3687 (is
1487 3623 1571 3670 est
1626 3613 1718 3682 qui
1762 3612 2067 3668 Samariam

485 3719 536 3772 vi
566 3711 989 3784 expugnaverat)
1022 3709 1280 3764 tributum
1344 3704 1742 3761 habitatoribus
1785 3705 2065 3774 imposuit,

484 3818 538 3865 et
569 3806 793 3878 vectigal
838 3804 908 3859 ab
961 3803 1045 3858 his
1089 3800 1184 3871 qui
1245 3798 1672 3856 succedentibus
1731 3797 2068 3867 temporibus

484 3906 776 3969 regnarent
809 3895 863 3949 in
910 3893 1100 3957 Israel,
1123 3891 1321 3962 exegit.
1364 3889 1499 3946 Cum
1546 3889 1654 3945 huc
1709 3889 1925 3945 demum
1980 3904 2069 3947 res

485 3991 744 4052 venisset,
777 3998 833 4044 et
853 3985 1155 4056 subegisset
1184 3982 1489 4039 Samariam
1527 3980 1696 4038 Oseas
1725 3981 1872 4037 ﬁlius
1932 3980 2063 4048 Elae,

484 4099 595 4141 una
626 4082 774 4139 misit
806 4079 919 4146 regi
953 4076 1305 4152 Assyriorum
1332 4073 1547 4142 Manaa,
1601 4075 1745 4131 sicut
1802 4075 2062 4145 scriptum

485 4187 590 4240 est,
615 4183 669 4231 et
697 4188 817 4228 cum
853 4185 977 4226 eum
1007 4168 1164 4223 valde
1202 4166 1467 4224 offensum
1492 4166 1863 4233 intellexisset,
1898 4167 2066 4240 Egy-

482 4270 720 4340 ptiorum
749 4276 966 4319 manum
1024 4260 1082 4316 in
1132 4260 1436 4316 subsidium
1477 4258 1761 4325 conduxit,
1795 4260 2064 4330 siquidem

480 4357 643 4413 vellet
670 4356 717 4411 is
754 4352 847 4424 qui
873 4350 1073 4406 tributa
1112 4357 1170 4404 et
1199 4346 1490 4420 vectigalia
1524 4348 1821 4415 indixerat,
1877 4350 1931 4404 in
1971 4363 2066 4406 eos

477 4450 600 4521 jure
635 4447 762 4503 belli
800 4442 1029 4499 armari.
1063 4439 1394 4498 Promittere
1423 4441 1497 4496 illi
1530 4442 1746 4512 quidem
1794 4442 2063 4499 lubentis—

482 4545 639 4605 sime,
684 4538 775 4608 qui
822 4545 935 4592 tum
990 4532 1262 4605 Egyptiia
1343 4532 1755 4604 imperitabant.
1806 4534 2065 4605 Assyrius

484 4641 669 4689 autem
712 4628 798 4684 his
851 4625 1117 4690 oll‘ensus,
1170 4639 1295 4680 cum
1361 4624 1511 4680 omni
1573 4626 1819 4680 exercitu
1874 4635 2064 4679 contra

2163 2144 2220 2198 δὲ
2266 2144 2443 2214 μόλις,
2473 2145 2567 2197 καὶ
2600 2145 2758 2198 τοῦτο
2797 2146 3058 2218 περιδεῶς
3100 2151 3217 2211 ταῖς
3258 2148 3367 2203 τῶν
3412 2150 3552 2221 ὀρῶν
3584 2169 3750 2222 κορυ-

2163 2239 2309 2305 φαῖς.
2359 2237 2499 2289 Ἀλλ’
2530 2239 2779 2310 ἐπήμυνε
2822 2240 2916 2291 καὶ
2954 2238 3072 2292 τότε
3106 2240 3259 2306 Θεὸς,
3298 2243 3391 2295 καὶ
3429 2243 3635 2297 σέσωκε
3664 2262 3754 2297 κε-

2164 2330 2579 2396 κινδυνευκότας
2636 2331 2726 2384 διὰ
2771 2333 2952 2404 χειρὸς
3009 2332 3219 2390 Γεδεὼν
3274 2334 3472 2408 κομιδῇ
3531 2335 3756 2408 βραχεῖς

2164 2421 2389 2493 ἔχοντας
2416 2426 2541 2487 τοὺς
2572 2426 2962 2493 συνασπιστὰς,
2992 2426 3040 2479 οἳ
3074 2430 3168 2479 καὶ
3211 2427 3312 2490 τὰς
3350 2427 3458 2480 τῶν
3493 2430 3757 2482 ἐναντίων

2163 2513 2565 2584 τεθορυϐήκασι
2608 2514 2918 2584 φάλαγγας,
2973 2518 3031 2569 ἐν
3087 2516 3243 2570 νυκτὶ
3289 2517 3385 2571 καὶ
3433 2517 3613 2588 σκότῳ
3656 2519 3758 2580 τὰς

2164 2601 2352 2672 ὑδρίας
2384 2602 2839 2675 συνθραύσαντες,
2870 2606 2964 2695 κα)
2983 2606 3146 2678 δᾷδας
3187 2606 3613 2678 ἐπιδειξάμενοι,
3658 2610 3757 2662 καὶ

2165 2695 2526 2761 σαλπίσαντες
2564 2699 2687 2761 ταῖς
2728 2700 3066 2769 κερατίναις,
3108 2699 3248 2753 ὥστε
3288 2701 3382 2754 καί
3429 2719 3481 2755 τι
3515 2701 3761 2755 τοιοῦτον

2167 2788 2371 2861 συνέδη-
2417 2788 2612 2844 παθεῖν
2650 2790 2764 2855 τοῖς
2805 2792 2869 2844 ὲκ
2912 2792 3159 2864 Μαδιάμ.
3223 2794 3440 2866 Ἐπειδὴ
3482 2794 3593 2867 γὰρ
3632 2812 3759 2848 συν-

2165 2882 2333 2956 εχύθη
2376 2883 2444 2936 τά
2483 2883 2767 2955 τάγματα,
2806 2884 3239 2950 καταπτοοῦντος
3272 2886 3429 2952 Θεοῦ,
3457 2887 3757 2958 διακρίνειν

2165 2975 2267 3029 οὐκ
2296 2974 2510 3046 ἔχοντες
2543 2976 2619 3041 ὠς
2662 2977 2720 3029 ὲν
2760 2977 2937 3047 σκότῳ
2968 2978 3061 3031 καὶ
3103 2979 3280 3044 νυκτὶ,
3312 2979 3397 3045 τίς
3445 2983 3474 3033 ὀ
3512 2981 3682 3049 φίλος,
3718 2980 3756 3052 ἢ

2169 3067 2463 3141 συγγενὴς,
2496 3068 2528 3139 ἤ
2563 3068 2642 3133 τίς
2676 3070 2703 3121 ὁ
2735 3070 3015 3143 πολέμιος,
3046 3071 3437 3126 συνεπλέκοντο
3467 3074 3567 3145 μὲν
3588 3075 3758 3146 ἀλλή-

2169 3158 2307 3223 λοις,
2358 3160 2527 3231 ἔδρων
2555 3159 2611 3213 δὲ
2644 3160 2713 3214 τὰ
2759 3161 2869 3215 τῶν
2917 3162 3164 3236 ὲχορῶν,
3201 3165 3294 3218 καὶ
3343 3167 3465 3229 ταῖς
3510 3165 3761 3235 ἀλλήλων

2168 3253 2357 3325 χερσὶν
2385 3252 2618 3325 οἰκτρῶς
2656 3252 2992 3310 διολώλασιν.
3060 3255 3514 3327 Ἐπενεχθήσεται
3553 3258 3760 3324 τοίνυν,

2170 3343 2357 3417 φησιν,
2391 3344 2535 3398 κατὰ
2572 3345 2670 3416 τὴν
2712 3344 2928 3416 πληγὴν
2960 3346 3061 3418 τὴν
3102 3346 3332 3417 Μαδιάμ
3368 3350 3427 3402 ἐν
3462 3348 3614 3420 τόπῳ
3645 3350 3763 3403 θλί-

2172 3438 2337 3508 ψεως.
2368 3437 2547 3491 Τόπον
2598 3437 2656 3491 δὲ
2699 3437 2952 3505 θλίψεως,
2987 3440 3106 3511 ἦτοι
3151 3440 3341 3512 καιρὸν
3374 3440 3637 3512 ὀνομάζει
3671 3442 3762 3495 τὸν

2170 3529 2229 3584 ἓν
2257 3523 2300 3600 ᾧ
2330 3531 2487 3585 ταυτὶ
2516 3531 2768 3600 γενέσθαι
2800 3530 3168 3602 συμϐέϐηκεν.
3204 3532 3327 3585 Ὅτι
3372 3532 3428 3584 δὲ
3476 3533 3764 3603 μονονουχὶ

2169 3623 2264 3676 καὶ
2285 3622 2657 3695 άποπλανήσει
2687 3623 2820 3687 Θεὸς
2850 3622 2941 3677 τὸν
2964 3622 3060 3676 τοῦ
3091 3622 3369 3696 βαρϐάρου
3417 3624 3620 3695 θυμὸν,
3667 3624 3764 3678 καὶ

2169 3712 2256 3782 ἐφ’
2281 3713 2507 3785 ἑτέρους
2547 3713 2710 3769 αὐτὸν
2745 3713 3110 3786 παρατρέψει,
3155 3714 3497 3787 καταμηνύει
3547 3715 3720 3785 λέγων
3743 3734 3760 3749 ι

2168 3811 2281 3865 Καὶ
2320 3811 2349 3864 ὁ
2389 3809 2560 3882 θυμὸς
2614 3809 2781 3865 αὐτοῦ
2808 3812 2875 3882 τῇ
2903 3809 3011 3881 6δῷ
3044 3813 3112 3882 τῇ
3167 3811 3309 3865 κατὰ
3343 3810 3647 3874 θάλασσαν,
3680 3813 3766 3875 εἰς

2167 3899 2266 3973 τὴν
2292 3899 2410 3956 ὁδὸν
2450 3901 2551 3973 τὴν
2599 3902 2718 3955 κατ’
2753 3900 3053 3970 Αἴγυπτον.
3109 3901 3169 3956 Ὀ
3206 3901 3303 3972 μὲν
3338 3900 3447 3973 γὰρ
3487 3902 3598 3956 τῶν
3632 3903 3763 3955 Ἀσ-

2170 3992 2374 4066 συρίων
2410 3992 2662 4064 βασιλεὺς
2684 3992 3142 4066 Θεγλαφαλασὰρ,
3173 3987 3330 4057 οὗτος
3354 3989 3421 4065 ἦν
3450 3992 3587 4048 ἑλὼν
3618 3994 3767 4048 κατὰ

2168 4084 2370 4155 κράτος
2422 4083 2522 4157 τὴν
2574 4085 2910 4156 Σαμάρειαν,
2961 4083 3204 4155 δασμοὺς
3261 4084 3497 4152 ἐπέθηκε
3540 4087 3654 4148 τοῖς
3684 4086 3766 4138 οἰ-

2168 4173 2356 4228 κοῦσιν
2385 4174 2575 4245 αὐτὴν,
2618 4174 2745 4246 τέλη
2778 4191 2837 4228 τε
2882 4175 2977 4227 καὶ
3017 4175 3219 4245 φόρους
3247 4175 3427 4246 ἐξῄτει
3459 4176 3587 4238 τοὺς
3621 4177 3767 4230 κατὰ

2166 4264 2360 4337 καιρὸν
2420 4264 2804 4337 βασιλεύοντας
2849 4265 2945 4320 ἐπὶ
2990 4266 3084 4320 τὸν
3139 4267 3380 4339 Ἰσραήλ.
3431 4267 3653 4338 Ἐπειδὴ
3706 4269 3766 4322 δὲ

2165 4352 2302 4430 ἧκεν
2362 4359 2442 4423 είς
2508 4357 2694 4423 τοῦτο,
2763 4358 2857 4412 καὶ
2915 4358 3230 4430 κεκράτηκε
3282 4359 3383 4428 τῆς
3444 4360 3766 4430 Σαμαρείας

2178 4449 2338 4520 Ὠσηὲ
2370 4450 2483 4512 υἱὸς
2529 4449 2683 4513 Ἦλὰ,
2709 4450 2809 4504 οὐκ
2840 4449 3054 4523 έπεμψε
3083 4451 3284 4506 Μαναὰ
3313 4451 3391 4522 τῷ
3420 4450 3634 4520 βασιλεῖ
3652 4451 3766 4504 τῶν

2179 4539 2501 4609 Ἀσσυρίων,
2538 4540 2683 4595 καθὰ
2709 4543 3041 4615 γέγραπται.
3083 4542 3303 4616 Ἐπειδὴ
3333 4543 3393 4597 δὲ
3426 4542 3541 4614 ᾔδει
3580 4544 3765 4614 πάντη

2164 4647 2226 4685 τε
2255 4630 2350 4684 καὶ
2384 4631 2602 4695 πάντως
2641 4634 2847 4687 ἐκεῖνον
2878 4635 3351 4706 ἀγανακτήσοντα,
3388 4636 3487 4705 τὴν
3524 4635 3638 4688 τῶν
3662 4637 3769 4689 Δί-

481 4720 768 4793 Αῖεγριίοε
814 4716 1213 4787 expeditionem
1275 4715 1569 4772 adornare:
1611 4714 2061 4785 gubernatoribus

2171 4738 2241 4790 γυ
2254 4721 2421 4777 πτίων
2451 4725 2846 4796 κατεμισθοῦτο
2875 4729 3031 4798 χεῖρα
3062 4727 3203 4800 πρὸς
3233 4727 3579 4798 ἐπικουρίαν,
3611 4730 3661 4781 εί
3697 4729 3764 4799 δὴ

485 4816 627 4870 illius
654 4814 758 4868 hoc
788 4808 1034 4867 criminis
1068 4808 1364 4874 intentare,
1408 4806 1553 4877 quod
1587 4806 1757 4862 Oseas
1787 4806 2065 4875 resilierit,

485 4906 750 4975 acjugum
780 4900 1108 4966 excusserit,
1156 4898 1461 4958 insolentiae
1488 4912 1620 4952 ansa
1652 4906 1894 4967 arrepta,
1920 4902 2064 4969 quod

482 4998 758 5069 suppetias
780 4993 1002 5067 polliciti
1037 4991 1289 5049 fuissent.
1320 4991 1508 5061 itaque
1557 4990 1772 5045 barbari
1802 4989 2063 5061 furorem,

484 5087 939 5161 quemadmodum
973 5086 1088 5157 jam
1128 5083 1262 5149 dixi,
1296 5081 1427 5137 hinc
1456 5080 1747 5151 significat,
1776 5080 2065 5152 inquiens:

482 5184 551 5239 Et
586 5184 663 5239 ira
696 5181 813 5250 ejus
842 5181 896 5235 in
919 5180 1006 5234 via
1036 5192 1134 5248 per
1163 5189 1335 5241 mare,
1370 5175 1423 5228 in
1458 5175 1599 5228 viam
1646 5176 1715 5229 ad
1748 5174 2060 5247 IEgyptum.

480 5274 743 5332 Accolunt
767 5271 912 5328 enim
940 5283 1092 5324 mare
1145 5254 1644 5337 Hierosolymitani,
1679 5266 1822 5320 viam
1880 5276 2061 5323 autem

482 5367 549 5423 ad
594 5374 796 5421 terram
854 5358 1237 5431 Egyptiorum
1289 5358 1595 5423 ducentem,
1648 5368 1705 5412 et
1750 5372 1883 5414 sane
1925 5361 2062 5416 citra

481 5456 750 5519 laborem,
781 5451 918 5507 mari
947 5449 1185 5504 vicinam
1214 5444 1381 5501 etiam
1405 5444 1582 5500 adhuc
1616 5445 1916 5515 appellant.

2164 4813 2410 4886 βούλοιτο
2436 4815 2526 4870 τὸν
2556 4817 2795 4889 πολέμου
2831 4819 2995 4890 νόμον
3023 4818 3343 4882 ὁπλίζεσθαι
3361 4821 3485 4872 κατ’
3522 4819 3707 4873 αὐτῶν
3733 4820 3762 4873 o'

2161 4905 2401 4979 δασμοὺς
2436 4909 2647 4973 ἐπιθεὶς
2682 4912 2777 4965 καὶ
2811 4911 2963 4983 τέλη.
2997 4911 3484 4981 Καθυπισχνοῦντο
3514 4911 3571 4964 δὲ
3601 4910 3787 4967 τοῦτο.

2164 5000 2258 5053 καὶ
2289 4998 2436 5071 μάλα
2476 5000 2711 5071 ἑτοίμως
2753 5004 2801 5055 oi
2837 5002 2949 5057 τῶν
2981 5003 3299 5074 Αἰγυπτίων
3337 5002 3673 5074 κρατοῦντες
3703 5003 3765 5056 τὸ

2162 5091 2440 5161 τηνικάδε.
2510 5094 2653 5166 Πρὸς
2716 5094 2877 5150 τοῦτο
2929 5094 3303 5167 λελυπημένος
3350 5098 3380 5150 ὁ
3442 5095 3752 5165 Ἀσσύριος,

2168 5183 2514 5254 πανστρατιᾷ
2567 5184 2785 5239 κατέοει
2838 5184 2939 5257 τὴν
2995 5187 3332 5255 Αἰγυπτίων,
3366 5186 3624 5258 ἔγκλημα
3650 5189 3766 5250 τοῖς

2166 5273 2464 5343 κρατοῦσιν
2492 5275 2661 5346 αὐτῆς
2693 5262 3088 5343 ἐκεῖνομτιθεὶς,
3130 5279 3191 5333 τὸ
3221 5278 3634 5350 ἁποσκιρτῆσαι
3671 5278 3763 5332 τὸν

2177 5363 2357 5435 Ὠσηὲ,
2390 5368 2484 5421 καὶ
2513 5369 2911 5425 ἀποσείσασοαι
2949 5371 3041 5424 τὸν
3075 5370 3241 5426 αὐτοῦ
3271 5371 3456 5439 ζυγὸν,
3494 5369 3762 5432 ἀπονοίας

2162 5453 2397 5512 λαϐόντα
2441 5458 2715 5530 πρόφασιν
2764 5462 2863 5531 τῆς
2911 5463 3041 5535 παρ’
3071 5462 3252 5516 αὐτῶν
3304 5461 3626 5531 ἐπικουρίας
3666 5459 3762 5528 τὴν

483 5548 799 5618 ὑπόσχεσιν.
858 5543 981 5597 Ὅτι
1036 5539 1214 5596 τοίνυν
1250 5539 1344 5594 τὸν
1392 5538 1487 5592 τοῦ
1541 5538 1816 5612 βαρϐάρου
1873 5540 2064 5613 θυμὸν,
2104 5546 2363 5622 καθάπερ
2428 5551 2565 5625 ἔφην
2609 5553 2834 5625 ἀρτίως,
2884 5556 3184 5627 μεταθήσει
3220 5554 3354 5621 Θεὸς
3389 5555 3474 5623 ἐφ’
3517 5553 3757 5623 ἑτέρους,

482 5641 893 5713 διαμεμήνυκεν
931 5636 1121 5692 εἰπών’
1153 5637 1262 5693 Καὶ
1298 5635 1528 5707 ὁηθυμὸς
1553 5634 1716 5690 αὑτοῦ
1736 5639 1802 5708 τῇ
1833 5636 1939 5708 ὁδῷ
1963 5641 2030 5710 τῇ
2064 5642 2209 5697 κατὰ
2243 5643 2543 5714 θάλασσαν,
2586 5649 2666 5713 είς
2692 5649 2791 5722 τὴν
2827 5650 2949 5705 ὁδὸν
2989 5652 3088 5723 τὴν
3134 5652 3257 5707 κατ’
3299 5652 3598 5720 Αἴγυπτον.
3641 5647 3760 5699 Ἀν-

482 5732 714 5809 ιῖκῖισται
757 5728 857 5800 μὲν
893 5728 1003 5800 γὰρ
1041 5727 1315 5800 θαλάσσης
1354 5727 1424 5783 τὰ
1457 5727 1825 5799 Ἱεροσόλυμα.
1873 5727 1991 5780 δδδν
2019 5728 2077 5782 δὲ
2113 5733 2213 5805 τὴν
2253 5737 2390 5808 πρὸς
2425 5737 2524 5810 τὴν
2566 5739 2677 5795 τῶν
2705 5742 3017 5810 Δίγυπτίων
3045 5744 3319 5816 φέρουσαν
3348 5744 3442 5796 καὶ
3484 5740 3607 5795 λίαν
3635 5737 3767 5808 ἀμαυ

488 5826 644 5901 τῖ’-εὶ,
686 5825 785 5903 τὴν
829 5823 1104 5897 θαλάσσης
1139 5828 1353 5896 γείτονα
1396 5825 1491 5881 καὶ
1539 5826 1617 5888 είς
1655 5823 1815 5895 δεῦρό
1854 5840 2035 5893 φασιν.

484 6196 515 6269 ὸ

484 6290 533 6335 ι
