4016 6470
246 354 361 413 sel
1382 343 1451 399 1N
1491 344 1727 400 ISAIAM
1769 343 1901 401 us.
1940 344 1978 400 ι.
2042 342 2252 402 οιιΑτ.
2295 346 2385 402 γι.
3459 346 3564 406 δοε

326 476 443 530 Καὶ
475 475 655 529 ἔσται
676 472 751 526 ἐν
775 469 853 541 τῇ
884 470 1077 541 ἡμέρᾳ
1103 469 1327 537 ἐκείνῃ,
1390 468 1870 539 Ἀεοαιρεθήσεται
1901 502 1912 533 Α

2048 469 2217 526 Vens.
2248 470 2338 524 27.
2370 468 2439 523 Et
2486 469 2586 523 erit
2615 469 2669 545 iu
2691 469 2777 523 die
2823 468 2941 537 illa,
2973 467 3208 525 Tolletur
3235 471 3395 525 timor
3450 471 3563 541 ejus

243 573 283 622 ὁ
319 568 524 636 φόϐος
552 563 759 620 αὐτῶν
806 563 928 619 ἀπὸ
954 560 1095 627 σοῦ,
1140 560 1238 615 καὶ
1264 563 1298 616 ό
1329 558 1504 632 ζυγὸς
1533 561 1721 616 αὐτοῦ
1750 562 1829 616 ἀπ

1977 562 2088 628 tibi,
2116 574 2163 618 et
2185 564 2372 634 jugum
2432 563 2546 632 ejus
2575 563 2640 619 ab
2695 562 2912 618 humero
2946 573 3058 629 tuo,
3097 572 3143 617 et
3193 576 3563 635 carrumpetur

242 658 365 713 τοῦ
393 657 570 728 ὤμου
606 671 749 720 σου,
781 654 883 709 καὶ
910 653 1436 724 καταφθαρήσεται
1469 655 1504 708 ὁ
1530 650 1705 724 ζυγὸς
1751 653 1828 707 ἁπ

1162 653 1436 723 ιρήσεται
1469 655 1504 708 ὁ
1530 650 1705 724 ζυγὸς
1751 652 1870 707 ἀπὸ
1964 646 2158 724 jugum
2187 654 2251 708 ab
2279 654 2514 708 humeris
2543 654 2748 708 vestris.

244 750 377 805 τῶν
408 748 597 818 ὤμων
632 747 827 818 ὑμῶν.

328 844 521 914 Ἔφην
562 842 647 896 ὅτι
680 840 928 911 δασμοὺς
972 838 1214 899 ἐπέθηκε
1261 841 1380 903 τοῖς
1412 836 1473 905 ἐξ
1519 836 1738 909 Ἰσραὴλ
1779 854 1873 892 κε-

2046 830 2164 885 Dixi
2196 830 2479 902 Assyrium
2516 839 2802 902 postquam
2832 832 3075 903 vicisset,
3106 834 3314 891 tributa
3342 835 3564 894 lsraeli-

250 932 565 1007 κρατηκὼς
597 934 628 987 6
676 931 986 1004 Ἀσσύριος,
1029 931 1127 986 καὶ
1182 931 1485 1003 σκήπτροις
1538 929 1691 993 ἰδίοις
1741 930 1836 984 ύπι

1977 923 2049 979 tis
2084 923 2430 993 imposuisse,
2454 931 2510 978 et
2532 924 2789 994 populum
2832 926 3184 983 sanctissimo
3233 926 3345 983 Deo
3395 944 3563 1000 pecu-

265 1029 446 1099 φέρειν
476 1025 645 1097 ἧθελε
674 1025 769 1079 τὸν
797 1024 1174 1095 ὲκνεμηθέντα
1195 1023 1326 1078 λαὸν
1349 1022 1428 1094 τῷ
1454 1023 1709 1094 παναγίῳ
1729 1022 1850 1094 Θεῷ

1979 1014 2182 1070 Iiariter
2244 1015 2507 1082 dicatum,
2560 1030 2662 1071 suo
2705 1025 2921 1086 sceptro
2968 1020 3206 1077 voluisse
3267 1020 3565 1091 subjicere,

266 1121 484 1190 Ταύτης
530 1136 597 1172 τε
644 1118 813 1173 ἕνεκα
858 1118 960 1190 τῆς
999 1116 1184 1182 αἰτίας
1230 1116 1373 1170 κατὰ
1407 1115 1518 1170 τῶν
1557 1114 1852 1185 Αἰγυπτίωε

1976 1121 2204 1177 eamque
2222 1108 2291 1163 ob
2307 1122 2530 1163 causam
2560 1116 2751 1164 contra
2773 1108 3063 1181 Egyptios
3076 1123 3344 1168 armatum
3369 1114 3562 1170 fuisse.

260 1211 555 1277 ὡπλίζετο.
594 1211 662 1265 Τί
696 1206 793 1267 οὖν
832 1212 939 1283 ἄρα
967 1210 1138 1281 φησί;
1178 1208 1502 1281 Νενικηκὼς
1541 1208 1842 1277 Αἰγυπτίου

1976 1197 2118 1270 Ergo
2143 1201 2271 1271 quid
2297 1200 2427 1256 dicit
2449 1200 2762 1273 lNunquid,
2787 1204 3017 1259 devictis
3035 1204 3332 1278 Egyptiis,
3365 1207 3562 1263 iterum

261 1304 517 1376 ἐπιθήσει
578 1303 745 1360 πάλιν
798 1302 893 1358 τὸν
944 1301 1143 1357 ἑαυτοῦ
1219 1300 1387 1370 ζυγὸν
1429 1303 1544 1365 τοῖς
1589 1299 1847 1374 ἐλεύθερο

1976 1307 2134 1349 suum
2159 1294 2350 1364 jugum
2383 1293 2628 1365 imponet
2664 1296 2750 1352 his
2781 1297 2875 1368 qui
2930 1297 3160 1353 liberum
3188 1299 3385 1354 collum
3414 1315 3562 1358 sem-

261 1397 566 1468 ἐσχηκόσιν
600 1396 692 1450 ἀεὶ
728 1396 824 1450 τὸν
854 1394 1083 1466 αὐχένα,
1113 1394 1209 1449 καὶ
1245 1392 1417 1465 μόνην
1446 1393 1614 1448 εἰδόσι
1648 1394 1747 1467 τὴν
1768 1393 1847 1448 ὑπι

1979 1403 2072 1458 per
2098 1388 2424 1454 habuerunt,
2456 1400 2512 1444 et
2535 1389 2714 1445 solum
2763 1389 2860 1445 Dei
2900 1404 3125 1460 regnum
3174 1393 3565 1460 agnoverunt?

258 1489 375 1559 Θεῷ
392 1487 724 1559 saeuam;
754 1485 1046 1558 Οὐδαμῶς,
1076 1486 1261 1557 φησίν.
1281 1484 1735 1558 ’Δφαιρεθήσεται
1763 1485 1844 1556 γὰι

1982 1478 2361 1551 Nequaquam,
2394 1481 2592 1552 inquit.
2623 1481 2867 1538 Tolletur
2889 1483 3034 1538 enim
3067 1482 3170 1539 sub
3215 1483 3270 1539 id
3308 1485 3567 1554 temporis

260 1581 379 1633 κατ’
411 1580 603 1632 ἐκεῖνο
630 1577 727 1631 τοῦ
754 1576 952 1650 καιροῦ
983 1579 1013 1631 6
1044 1577 1210 1646 φόϐος
1233 1576 1399 1631 αὐτοῦ
1438 1577 1547 1632 ἀπὸ
1566 1576 1684 1643 σοῦ,
1719 1578 1815 1631 καὶ
1844 1604 1846 1621 ι

1978 1573 2137 1629 timor
2160 1574 2278 1645 ejus
2309 1574 2428 1643 tibi,
2457 1583 2515 1630 et
2536 1575 2727 1644 iugum
2774 1573 2894 1645 ejus
2943 1576 3175 1632 humero
3219 1586 3334 1634 tuo.
3402 1577 3564 1649 185

260 1668 427 1739 ζυγὸς
457 1669 634 1724 αὐτοῦ
665 1670 778 1724 ἀπὺ
802 1668 896 1723 τοῦ
928 1667 1079 1741 ὤμου
1111 1685 1233 1724 σου.
1278 1669 1496 1742 Ἐπειδὴ
1525 1668 1635 1741 γὰρ
1663 1669 1846 1724 πέπτω

1976 1662 2111 1718 Nam
2142 1672 2431 1734 postquam
2462 1665 2695 1736 populus
2728 1664 2817 1721 ille
2840 1666 3256 1722 innumerabilis
3284 1669 3562 1722 concidis-

266 1780 360 1816 κεν
383 1764 413 1816 6
446 1761 698 1835 ἀριθμοῦ
733 1761 1004 1834 κρείττων
1035 1762 1245 1824 ἐκεῖνος
1275 1760 1434 1827 λεὼς,
1472 1761 1569 1816 καὶ
1593 1761 1852 1817 ἀπόλωλε

1977 1765 2081 1825 set,
2114 1764 2169 1811 et
2196 1770 2301 1811 uua
2352 1765 2511 1812 nocte
2564 1757 2759 1829 angelo
2822 1766 3178 1813 consumente
3226 1759 3561 1824 interiisset.

259 1856 320 1908 έν
354 1855 461 1925 μιᾷ
483 1853 672 1923 νυκτὶ,
704 1851 1058 1917 δαπανῶντος
1079 1852 1339 1922 ἀγγέλου,
1358 1852 1477 1917 πῶς
1489 1853 1591 1907 οὐκ
1613 1852 1845 1926 ἐξῄρητο

1979 1861 2155 1903 annon
2182 1847 2359 1903 omnis
2386 1846 2624 1904 formido
2655 1859 2905 1919 exempta
2951 1850 3073 1905 est?
3118 1865 3297 1906 annon
3352 1852 3565 1907 cunctis

250 1945 368 2007 πᾶς
410 1943 626 2014 φόϐοςς
670 1944 744 1997 Ἦ
793 1942 914 2007 πῶς
944 1944 973 1997 6
1011 1942 1172 2013 ζυγὸς
1210 1944 1241 1998 6
1281 1942 1425 2000 κατὰ
1460 1943 1665 2008 παντὸς
1692 1944 1836 2016 ὦμοι

1979 1937 2427 2011 bumerisjugum
2455 1939 2575 2010 ejus
2600 1948 2811 1995 tantum
2842 1955 2947 1995 non
2978 1954 3296 2007 excussum,
3335 1955 3395 1997 ac
3421 1956 3564 2010 prae-

250 2036 562 2108 μονονουχὶ
597 2036 698 2090 καὶ
740 2035 1106 2108 ἁπετινάχθη,
1142 2036 1239 2090 καὶ
1272 2039 1411 2109 πρός
1456 2054 1522 2107 γε
1568 2037 1745 2109 τούτῳ
1779 2054 1836 2093 κο

1979 2039 2125 2087 terea
2158 2040 2476 2100 corruptum
2513 2039 2615 2098 est,
2650 2030 2703 2084 id
2752 2038 2872 2094 est,
2901 2030 3127 2086 omnino
3162 2030 3345 2102 periit.
3400 2032 3565 2100 quue

245 2127 616 2199 κατεφθάρη,
648 2125 800 2181 τοῦτ’
829 2126 1000 2192 ἐστιν,
1033 2128 1113 2193 εἰς
1157 2127 1306 2185 ἅπαν
1343 2127 1549 2200 ᾧχετο;
1577 2129 1831 2200 Ζητοῡντε

1984 2124 2163 2179 solum
2201 2123 2399 2194 quaerit
2435 2123 2550 2190 ille,
2584 2133 2644 2178 ut
2677 2132 2928 2179 servetur
2950 2132 3008 2178 et
3050 2124 3268 2178 domum
3294 2135 3562 2192 recurrat,

244 2218 442 2271 έκεῖνο
487 2216 555 2270 τὸ
595 2214 872 2282 σώζεσθαι
920 2216 1104 2288 μόνον,
1163 2217 1262 2273 καὶ
1299 2218 1438 2272 οῐκοι
1473 2219 1727 2291 δραμεῖν,
1776 2237 1830 2273 xc

1977 2230 2077 2272 nec
2100 2216 2360 2285 deinceps
2393 2223 2581 2271 contra
2605 2214 2872 2283 Iudaeam,
2908 2225 2968 2270 ut
2997 2216 3179 2287 prius,
3210 2218 3563 2287 supercilium

240 2312 357 2363 οὐκ
391 2308 726 2382 ἐπαίροντες
772 2308 857 2364 ἐτι
887 2308 1032 2364 κατὰ
1069 2309 1170 2381 τῆς
1220 2310 1483 2376 Ἰουδαίας
1516 2310 1615 2383 τὴν
1649 2310 1826 2382 πρὼττ

1978 2309 2191 2365 attollit.
2227 2310 2440 2365 Etenim
2477 2309 2756 2381 Cogitavit,
2806 2310 2881 2363 uti
2938 2309 3073 2376 dixi,
3132 2325 3233 2366 suo
3265 2325 3386 2367 eam
3434 2310 3564 2381 iugo

240 2401 458 2474 ὀφρύν.
530 2402 870 2457 Ἐσκέπτετο
916 2401 1048 2475 γὰρ,
1086 2402 1165 2467 ὡς
1216 2401 1377 2476 ἔφην,
1422 2406 1537 2468 τοῖς
1597 2405 1820 2460 Ἰουδαίο

1978 2415 2279 2472 supponere
2320 2418 2337 2457 :
2394 2410 2451 2457 at
2501 2416 2598 2471 spe
2634 2416 2733 2457 sua
2791 2401 3087 2458 frustratus
3138 2414 3243 2470 est,
3310 2402 3564 2473 aliudque

242 2495 437 2567 αὐτὴν
487 2494 782 2550 ὑποθεῖναι
837 2494 1047 2565 ζυγοῖς.
1099 2494 1494 2566 Μεματαίωται
1541 2495 1600 2551 δὲ
1652 2496 1723 2552 τὰ
1772 2498 1828 2551 τί

1978 2494 2176 2551 accidit
2200 2495 2591 2565 exspectationi
2616 2494 2777 2566 longe
2808 2496 3169 2552 contrarium.
3192 2496 3564 2554 Conservatus

240 2589 485 2653 ἐλπίδος
513 2588 693 2659 αὐτῷ,
723 2589 823 2644 καὶ
852 2588 992 2661 πρὸς
1029 2589 1140 2643 πᾶν
1182 2588 1496 2644 τούναντίον
1549 2588 1613 2643 τὸ
1643 2588 1826 2661 προσδι

1976 2593 2056 2643 est
2082 2586 2227 2641 enim
2256 2583 2586 2642 sulﬁcienter
2622 2601 2732 2642 non
2766 2587 2935 2641 armis
2957 2586 3224 2652 devictus,
3254 2589 3351 2645 sed
3373 2589 3562 2645 divino

240 2683 432 2755 κηθὲν
489 2681 825 2755 ἐκϐέϐηκεν.
899 2680 1169 2746 Ἐσὼζετο
1221 2679 1334 2753 γὰρ
1407 2679 1714 2754 ἀγαπητῶς
1774 2680 1826 2734 oi

1971 2677 2155 2748 potius
2183 2686 2316 2734 nutu
2358 2686 2415 2734 et
2472 2693 2634 2733 manu
2693 2678 2894 2751 angeli,
2937 2679 3101 2750 idque
3135 2680 3552 2737 admirabiliter.

238 2776 448 2839 ὅπλοις
482 2775 870 2845 νενικημένος,
917 2773 1085 2840 θείοις
1126 2774 1183 2829 δὲ
1234 2774 1437 2847 μᾶλλον
1470 2773 1736 2846 νεύμασιν
1778 2791 1824 2828 ut

1976 2766 2047 2824 Ut
2078 2768 2224 2824 enim
2251 2776 2514 2839 appareat
2557 2767 2729 2823 Deum
2781 2768 2967 2825 omnia
3032 2783 3216 2837 nosse,
3268 2779 3327 2826 et
3376 2784 3560 2826 rerum

241 2867 503 2937 ἀγγέλου
546 2868 727 2939 χειρί·
763 2869 863 2922 καὶ
897 2868 959 2922 τό
990 2883 1056 2937 γε
1083 2865 1408 2940 παράδοξον.
1450 2865 1566 2921 Ἰνα
1593 2865 1705 2939 γὰρ
1747 2884 1824 2937 φα

1973 2863 2203 2930 exitum,
2238 2862 2488 2933 quamvis
2519 2862 2763 2919 nondum
2820 2861 2940 2931 ﬁat,
2969 2863 3041 2919 ob
3107 2863 3298 2919 oculos
3326 2863 3559 2931 habere,

245 2977 421 3033 νηται
461 2959 650 3014 πάντα
697 2957 877 3025 εἰδὼς,
911 2959 1008 3014 καὶ
1037 2960 1148 3014 τῶν
1185 2959 1530 3032 πραγμάτων
1571 2958 1635 3014 τὸ
1672 2959 1831 3032 πέρας

1979 2954 2114 3027 rugae
2139 2955 2309 3026 ipsius
2350 2954 2590 3022 modum,
2640 2964 2695 3011 et
2730 2954 2877 3012 locos
2909 2965 2965 3012 et
3020 2956 3342 3025 diversoria,
3389 2958 3565 3012 mani-

243 3052 363 3109 κᾶν
393 3052 445 3105 εἰ
492 3052 570 3124 μή
614 3067 705 3105 πω
730 3050 978 3119 γέγονεν,
1009 3051 1068 3105 ὲν
1096 3050 1398 3122 ὀφθαλμοῖς
1441 3049 1580 3121 ἔχων
1608 3051 1686 3115 ὡς
1713 3050 1829 3114 Θεδι

1977 3048 2270 3106 festissima
2315 3058 2372 3105 et
2400 3049 2546 3104 clare
2575 3049 2769 3118 aperit,
2801 3058 2859 3106 et
2891 3050 3035 3120 quod
3059 3048 3258 3107 Judteae
3296 3049 3563 3121 plurimas

246 3149 352 3201 καὶ
380 3145 489 3217 τῆς
522 3144 742 3199 ἐκείνου
786 3145 970 3217 φυγῆς
1010 3145 1352 3215 σαφέστατόν
1393 3162 1455 3199 τε
1477 3146 1573 3201 καὶ
1614 3146 1832 3219 ὲναργῶ

1978 3140 2140 3196 urbes
2192 3140 2388 3196 timore
2436 3140 2760 3213 impleturus
2814 3142 2907 3209 sit,
2962 3143 3215 3214 quamvis
3270 3144 3440 3199 miser
3500 3159 3564 3199 ac

248 3205 605 3308 ἀπαγγέλλει
650 3237 745 3291 τὸν
773 3205 998 3309 τρόπον,
1027 3205 1228 3304 τόπους
1261 3255 1323 3292 τε
1362 3238 1457 3294 καὶ
1485 3237 1691 3293 καταλύ
1699 3205 1834 3308 ματα

1976 3233 2259 3305 profugus.
2306 3205 2687 3300 Venietenim,
2717 3205 2913 3306 inquit,
2967 3205 3022 3292 in
3069 3236 3345 3293 civitatem
3387 3238 3561 3307 Ange,

262 3332 365 3387 καὶ
389 3331 477 3384 ὅτι
509 3327 776 3392 πλείστας
802 3325 1205 3399 ὲκδειματώσει
1230 3328 1332 3401 τῆς
1374 3328 1636 3393 Ἰουδαίας
1665 3328 1848 3393 πόλεις

1974 3335 2032 3383 et
2059 3326 2315 3383 transibit
2354 3342 2452 3398 per
2481 3326 2760 3399 Mageddo.
2808 3328 3038 3386 Urbium
3083 3337 3141 3384 et
3187 3329 3434 3386 vicorum
3495 3344 3560 3386 ac

265 3424 445 3480 καίτοι
475 3422 666 3494 φυγὰς
690 3419 1029 3494 ὰποδραμὼν
1066 3423 1095 3476 6
1117 3421 1377 3487 δείλαιος.
1409 3420 1570 3487 Ἥξει
1597 3421 1729 3494 γὰρ,
1768 3439 1851 3493 φηι

1981 3419 2221 3476 locorum
2266 3419 2384 3475 haec
2436 3429 2563 3475 sunt
2611 3421 2852 3478 nomina.
2919 3420 2987 3476 Et
3033 3422 3099 3477 ad
3153 3420 3431 3479 Machmas
3467 3424 3563 3478 de-

270 3519 376 3575 σιν,
400 3516 479 3578 εἰς
507 3512 671 3568 πόλιν
705 3511 924 3582 Ἀγγαὶ,
951 3512 1047 3566 καὶ
1073 3511 1475 3584 παρελεύσεται
1501 3511 1584 3576 εἰς
1608 3511 1856 3581 Μαγεδώ.

1977 3521 2139 3584 ponet
2190 3527 2316 3567 vasa
2370 3526 2491 3569 sua.
2545 3512 2742 3569 Dicunt
2796 3514 2941 3570 enim
2994 3513 3229 3583 Hebrtei,
3279 3515 3563 3587 Assyrium

266 3607 483 3660 Πόλεων
514 3606 575 3661 δὲ
619 3605 724 3660 καὶ
767 3605 996 3677 κωμῶν,
1027 3605 1147 3678 ἦτοι
1193 3604 1380 3659 τόπων
1419 3603 1661 3675 ὀνόματα
1687 3605 1848 3658 ταυτί

1980 3604 2043 3659 ad
2072 3602 2357 3660 Macbmas
2389 3605 2574 3660 omnia
2636 3620 2734 3661 sua
2793 3605 3181 3676 impedimenta
3224 3606 3566 3677 deposuisse,

259 3699 373 3752 Καὶ
426 3700 487 3751 ὲν
538 3698 790 3773 Μαχμᾶς
836 3695 994 3769 θήσει
1034 3695 1104 3750 τὰ
1142 3696 1313 3768 σκεύη
1360 3696 1548 3751 αὐτοῦ.
1593 3697 1731 3751 Φασὶ
1760 3696 1845 3770 γὰι

1981 3701 2242 3771 impetum
2273 3701 2640 3759 lsraelitarum
2676 3700 3148 3770 rel'ormidantem,
3173 3701 3438 3773 siquidem
3470 3716 3567 3756 eos

269 3788 524 3863 Ἑϐραῖοι
547 3788 818 3859 γεγονότα
854 3788 948 3843 τὸν
993 3788 1279 3861 Ἀσσύριον
1325 3791 1387 3844 ὲν
1424 3788 1686 3861 Μαχμᾶς,
1725 3789 1855 3846 ἄπα·

1978 3792 2045 3850 ad
2096 3794 2529 3867 persequendum
2575 3809 2938 3866 procursuros
2985 3794 3213 3880 putavit.
3267 3795 3401 3850 Dein
3441 3793 3564 3849 ait:

251 3900 357 3938 σαν
387 3882 563 3936 αὐτοῦ
610 3881 712 3954 τὴν
752 3880 1068 3954 ἀποσκευὴν
1124 3883 1245 3937 ἐκεῖ
1289 3881 1642 3954 καταλείψαι,
1684 3883 1895 3940 δεδιότα
1930 3885 2041 3942 τῶν
2091 3887 2154 3955 ὲξ
2190 3887 2410 3962 Ἰσοαὴλ
2434 3887 2533 3962 τὴν
2567 3887 2778 3959 ἔφοδον.
2824 3887 2989 3960 ’ῼετο
3018 3887 3130 3960 γὰρ
3161 3888 3249 3942 ὅτι
3289 3885 3568 3961 δραμοῦν-

245 3992 344 4031 ται
388 3973 711 4038 διὼκοντες.
745 3969 884 4028 Εἶτά
912 3990 1083 4046 φησιο

318 4071 437 4124 Καὶ
463 4070 909 4138 παρελεύσεται
928 4069 1225 4140 φάραγγα,
1247 4068 1346 4125 καί
1368 4070 1503 4141 ἣξει
1527 4075 1614 4141 εἰς
1643 4075 1867 4145 Ἀγταί.

2052 4074 2219 4131 Vsus.
2259 4074 2351 4130 29.
2396 4071 2466 4127 Et
2498 4074 2745 4129 transibit
2773 4073 2982 4141 vallem,
3013 4083 3063 4130 et
3096 4076 3263 4131 ueniet
3294 4076 3351 4130 in
3395 4076 3558 4149 Auge.

242 4164 451 4229 Φόϐος
486 4158 755 4230 λήψεται
799 4160 979 4231 Ῥάμοι
1021 4162 1206 4216 πόλιν
1244 4163 1466 4232 Σξαούλ.
1513 4165 1799 4231 Φεύξεται

1980 4165 2046 4221 In
2071 4170 2254 4222 timore
2293 4167 2393 4223 erit
2436 4166 2683 4234 Rhama,
2729 4167 2916 4222 ciuitas
2968 4165 3143 4222 Sauli.
3218 4166 3409 4239 Fugiet
3449 4172 3566 4239 [ilia

241 4251 528 4323 θυγάτηρ
556 4251 838 4321 Pauly,
883 4251 1291 4306 ἐπακούσεται
1329 4252 1401 4308 ἐν
1439 4253 1701 4312 Ἀναθὼθ
1725 4274 1738 4289 ο
1769 4256 1827 4322 ἐξ

1980 4256 2194 4325 Gallim,
2227 4260 2476 4313 audietur
2497 4260 2551 4312 iu
2586 4258 2895 4323 Anatltotlz;
2922 4259 3285 4329 obstupefacta
3322 4269 3402 4315 est
3443 4261 3566 4316 Ha-

239 4347 406 4413 ἐστη
450 4341 801 4410 Μαδεϐηνᾶ,
835 4342 939 4397 καί
966 4345 1022 4398 οι
1054 4344 1480 4412 κατοικοῦντες
1498 4348 1757 4418 Γιϐϐετρ.

1120 4344 1480 4412 ιτοικοῦντες
1498 4348 1757 4418 Γιϐϐετρ.
1970 4349 2172 4406 debena
2215 4359 2266 4405 et
2280 4350 2478 4405 incolae
2506 4349 2706 4405 Gibbir.

325 4439 489 4507 Ἔχει
522 4435 583 4489 δέ
629 4453 681 4490 τι
724 4435 970 4490 τοιοῦτον
1004 4436 1038 4508 ἡ
1078 4435 1188 4490 τῶν
1226 4435 1496 4508 Ἐϐραίων
1540 4440 1862 4511 παράδοσις.
1898 4493 1911 4514 ,

2045 4442 2219 4499 liabet
2248 4442 2556 4512 bujusmodi
2592 4442 2851 4514 quiddam
2900 4441 3254 4498 Hebraeorum
3319 4444 3561 4501 traditio.

238 4529 391 4584 Φασὶ
419 4526 534 4600 γὰρ
574 4528 658 4582 ὅτι
694 4526 876 4601 [δέκα]
910 4526 1271 4593 διασωθέντες
1313 4529 1466 4601 μόνοι
1516 4530 1655 4600 πρὸς
1699 4533 1824 4587 αὐτὶ

1974 4533 2110 4590 Nam
2138 4536 2322 4591 decem
2349 4533 2524 4591 solum
2568 4534 2634 4589 ad
2669 4534 2845 4606 ipsum
2874 4549 2937 4592 ex
2955 4532 3352 4608 Hierosolymis
3374 4552 3550 4609 supcr-

241 4618 644 4690 ὑπενόστησαν
674 4621 740 4673 ὲκ
775 4618 886 4675 τῶν
933 4618 1330 4693 Ἱεροσολύμων
1390 4623 1486 4677 καὶ
1527 4624 1589 4677 τὸ
1627 4626 1822 4694 γεγονὺ

1980 4629 2129 4685 stites
2169 4642 2418 4685 reversos
2467 4642 2592 4684 esse
2639 4628 2849 4696 dicunt,
2901 4636 2962 4683 ut
3007 4629 3151 4698 quod
3224 4629 3427 4685 factum
3481 4641 3566 4687 est

252 4711 715 4782 ἀπηγγέλκασιν.
756 4707 891 4767 Εἶτα
930 4713 1030 4769 σὺν
1082 4714 1292 4783 ὀλίγοις
1341 4716 1541 4789 κομιδῇ
1590 4718 1728 4789 πρὸς
1762 4719 1838 4792 τὴε

1980 4719 2378 4776 renuntiarent.
2397 4719 2536 4774 Tum
2562 4736 2685 4776 cum
2722 4719 2915 4791 paucis
2939 4720 3228 4777 admodum
3261 4722 3314 4778 in
3335 4725 3566 4794 patriam

176 4858 183 4865 ,
240 4800 597 4872 ὲνεγκοῦσαν
614 4803 994 4874 ἀνεκομίζετο,
1015 4805 1113 4859 καὶ
1128 4806 1312 4870 πάσας
1333 4806 1671 4879 τεθορύϐηκε
1689 4809 1762 4865 τά.

1976 4820 2060 4867 est
2094 4812 2371 4877 reductus,
2423 4819 2762 4881 cunctasque
2804 4813 2990 4880 urbes,
3042 4827 3116 4883 ac
3168 4814 3340 4879 vicos,
3407 4830 3562 4870 suam

239 4892 454 4965 κώμας
482 4893 580 4946 καὶ
611 4893 821 4959 πόλεις,
853 4894 949 4948 καὶ
978 4894 1148 4969 μόνην
1178 4896 1347 4950 αὐτοῦ
1375 4898 1476 4971 τὴν
1520 4900 1598 4965 ὡς
1624 4901 1684 4954 έν
1718 4918 1825 4972 φυγ

1981 4903 2146 4974 ipsius
2183 4911 2384 4959 terram
2411 4903 2668 4976 fugiendo
2703 4903 2961 4973 turbavit;
2989 4919 3055 4960 ac
3084 4905 3350 4963 timiditas
3381 4904 3567 4963 eﬂ‘ecit

240 4985 343 5039 καὶ
380 4982 568 5055 δειλίᾳ
616 4983 854 5057 πάροδον
899 4985 1176 5060 ἀφόρητον
1221 4990 1568 5061 ἐποιήσαντο.
1612 4991 1782 5047 Ἔνθα
1820 5001 1826 5044 4

1979 4997 2268 5053 transitum
2310 4996 2731 5053 intolerabilem.
2763 4995 2868 5053 Ubi
2899 5009 3082 5054 autem
3121 4997 3263 5057 Deus
3287 5001 3565 5057 succurrit

235 5076 311 5131 ἂν
349 5074 623 5150 ὲπαμύνῃ
662 5075 795 5142 Θεὸς
826 5077 924 5132 καὶ
968 5075 1167 5142 σώζειν
1202 5078 1384 5151 ἐθέλῃ,
1417 5081 1538 5135 ἐκεῖ
1560 5080 1620 5135 τὸ
1661 5080 1821 5138 λυποῖ

1979 5096 2032 5141 et
2075 5101 2301 5144 servare
2337 5087 2475 5155 vult,
2525 5088 2599 5145 ibi
2641 5091 2786 5160 quod
2813 5087 3016 5145 oliiciat
3042 5090 3178 5146 nihil
3205 5100 3313 5159 est,
3344 5091 3440 5149 sed
3468 5093 3565 5149 de-

235 5170 426 5236 ούδὲν,
458 5167 599 5223 ἀλλὰ
632 5170 787 5226 πᾶσα
817 5169 920 5241 μὲν
958 5170 1214 5243 ἁτονήσει
1260 5169 1374 5226 τῶν
1406 5172 1793 5244 πολεμούντων

1976 5177 2101 5235 bilis
2127 5180 2233 5235 erit
2255 5179 2439 5236 omnis
2469 5195 2663 5235 manus
2694 5180 3038 5241 bellantium.
3063 5197 3127 5238 ac
3161 5183 3327 5240 robur
3348 5192 3401 5240 et
3420 5185 3561 5256 peri.

237 5262 395 5334 χεὶρ,
443 5261 794 5334 ἀπρακτήσει
839 5261 899 5316 δὲ
948 5260 1103 5332 ἰσχὺς
1143 5261 1242 5317 καὶ
1295 5261 1549 5333 πολέμων
1579 5263 1823 5336 ὲμπειρίι

1979 5269 2054 5325 tia
2083 5270 2454 5339 inimicorum,
2489 5279 2546 5328 et
2573 5286 2667 5330 ars
2694 5272 2930 5330 militum
2960 5275 3018 5331 in
3058 5275 3273 5333 irritum
3296 5277 3562 5334 recident.

238 5352 345 5405 καὶ
375 5350 550 5423 τέχνη
579 5349 694 5404 τῶν
714 5352 1021 5406 τακτικῶν.

312 5443 737 5512 Παρακαλεῒτε
785 5442 1058 5515 σήμερον
1099 5445 1171 5500 ἐν
1213 5443 1332 5511 ὁδῷ
1394 5443 1504 5500 τοῦ
1545 5446 1749 5516 μεῖναι
1791 5445 1867 5516 τῇ

2047 5449 2212 5506 Vens.
2243 5448 2333 5506 32.
2366 5448 2730 5506 Consolamini
2753 5450 2910 5507 hodie
2959 5452 3016 5509 in
3081 5455 3184 5520 ria,
3252 5463 3306 5508 ut
3355 5462 3563 5506 manent

238 5537 423 5605 χεερί.
462 5534 881 5605 Παρακαλεῒτε
923 5538 994 5590 τὸ
1034 5536 1177 5606 ὄρος
1204 5536 1322 5606 τὴν
1350 5536 1646 5607 θυγατέρα
1687 5539 1824 5594 Σιὼν

1976 5557 2173 5596 manu:
2212 5541 2565 5596 consolamiui
2597 5553 2824 5599 montem
2860 5544 3031 5613 [illam
3092 5543 3244 5608 Sion,
3293 5553 3342 5597 et
3404 5542 3562 5596 colles

238 5628 339 5680 καὶ
377 5628 439 5681 οι
470 5627 697 5692 ,ϐουνοί
728 5629 785 5682 οί
813 5627 885 5681 ἐν
921 5625 1344 5697 Ἰερουσαλήμ.

777 5629 785 5680 ί
813 5627 885 5681 ἐν
921 5625 1344 5697 Ἰερουσαλήμ.
1976 5635 2029 5687 in
2061 5632 2363 5690 Jerusalem

314 5719 620 5783 Συνθέντες
649 5719 752 5791 τὴν
788 5719 939 5787 λέξιν
971 5720 1272 5791 ἐποίσομεν
1297 5719 1617 5789 ἀναγκαίως
1641 5720 1741 5794 τὴν
1769 5720 1864 5775 τοῦ

2045 5725 2181 5781 Cum
2212 5727 2478 5784 orationis
2504 5738 2778 5784 structura
2821 5728 3068 5784 ordinata
3112 5725 3274 5782 fuerit
3306 5771 3321 5793 ,
3375 5727 3566 5797 expla~

243 5812 527 5885 νοήματος
560 5812 919 5886 διασάφησιν.
945 5808 1017 5867 Ὦ
1054 5814 1236 5869 τοίνυν
1292 5812 1489 5884 βουνοὶ,
1525 5815 1680 5886 φησί,
1720 5815 1829 5869 τοῦπ

1977 5818 2255 5874 nationem
2284 5819 2570 5876 sententia:
2596 5820 2853 5877 inducere
2869 5834 3152 5876 necessum
3181 5830 3279 5877 est.
3301 5819 3346 5877 Ο
3370 5820 3553 5892 igitur,
