4016 6474
487 329 592 384 305

1482 326 1537 380 S.
1582 323 1853 383 CYﬂILLI
1898 323 2360 383 ALEXANDRINI
2405 330 2721 386 ARCHIEP.

3642 337 3747 391 3’34

488 447 683 516 inquit,
719 445 880 516 186
907 442 1089 512 colles,
1117 443 1167 497 id
1215 452 1318 508 est,
1356 458 1388 498 ο
1433 459 1526 497 vos
1557 447 1646 512 qui
1711 444 1975 499 cxcellitis
2012 454 2057 497 et

2165 446 2331 512 ἐστιν,
2372 451 2420 502 οἱ
2461 450 2787 520 προύχοντές
2827 468 2883 504 τε
2916 451 3007 504 καὶ
3055 453 3459 523 ὑπερκείμενοι,
3505 454 3597 506 καὶ
3641 455 3749 508 τῶν

486 539 759 602 entinetis,
832 539 1059 607 aliisque
1133 536 1414 590 antestalis
1475 535 1526 588 in
1571 535 1889 589 Jerusalem.
1944 536 2058 601 Qua

486 646 619 685 voce
648 631 939 699 signiﬁcat,
990 629 1072 682 vel
1115 627 1404 698 prophetas
1455 636 1695 693 Sanctus,
1754 627 1838 680 vel
1896 628 2058 680 etiam

487 726 662 788 ipsum
703 721 1044 776 sacerdotum
1086 722 1334 775 chorum.
1366 718 1732 773 Consolamiui
1800 727 2057 783 montem,

486 817 536 868 id
570 824 670 875 est,
727 827 899 867 meam
932 812 1094 866 ﬁliam
1141 809 1295 866 Sion.
1330 810 1694 864 Consolamiui
1737 819 1915 863 autem
1947 825 2055 862 ma-

401 967 411 972 _
485 927 552 961 uu
589 917 792 962 tantum
822 923 928 961 non
957 907 1354 977 contingentes,
1391 914 1445 958 et
1471 913 1878 959 Contreclantes
1900 911 2062 973 caput

484 1013 536 1054 ut
567 1010 780 1054 maneat
807 1003 859 1053 in
897 1001 1000 1054 hac
1032 1000 1139 1052 via.
1173 999 1300 1062 Qua:
1337 1005 1422 1050 est
1480 1007 1657 1050 autem
1695 996 1829 1049 illa?
1905 995 2060 1047 Vide-

483 1091 604 1145 licet
641 1093 740 1145 hac
795 1091 986 1145 liducia
1019 1090 1072 1144 in
1111 1089 1296 1144 Deum.
1334 1086 1588 1140 Promisit
1636 1089 1778 1140 enim
1840 1101 1898 1140 se
1942 1101 2060 1140 ere-

483 1193 698 1252 pturum
727 1191 780 1236 et
801 1190 1243 1236 conservaturum
1276 1177 1452 1242 facile,
1486 1187 1540 1231 et
1565 1175 1898 1244 dejectnrum
1961 1179 2062 1229 As-

483 1289 542 1343 sy
560 1275 720 1336 rium,
753 1283 808 1328 et
841 1281 1104 1328 terrorem
1143 1271 1257 1341 ejus
1282 1269 1648 1336 amoliturum,
1682 1278 2059 1337 corrupturum

479 1366 690 1436 jngum,
714 1374 768 1418 et
809 1366 876 1420 ab
904 1364 1050 1418 omni
1071 1377 1164 1417 eos
1225 1360 1506 1432 tyrannide
1536 1361 1907 1413 liberaturum.
1934 1357 2060 1424 Sed,

486 1459 678 1525 inquit,
717 1457 828 1510 liam
855 1464 1014 1510 erunt
1063 1454 1318 1524 quoniam
1372 1452 1425 1506 in
1458 1452 1555 1505 hac
1584 1452 1668 1504 via
1702 1451 2060 1520 perrexeriul,

483 1551 736 1604 nimirum
801 1549 990 1602 ﬁducia
1034 1547 1086 1600 in
1131 1547 1318 1600 Deum.
1353 1545 1534 1610 Quare
1573 1543 1924 1597 consolamini
1975 1543 2066 1596 lto-

2164 537 2339 592 ἄλλων
2367 540 2416 592 οι
2465 540 2965 612 ὑπερανεστηκότες
3005 541 3063 594 ὲν
3107 543 3175 611 τῇ
3219 539 3592 612 Ἰερουσαλήμ.
3642 543 3750 612 Ση-

2166 629 2346 698 μαίνιι
2371 629 2426 682 δὲ
2446 629 2533 682 διὰ
2569 630 2772 683 τούτων
2816 632 2848 702 ἦ
2891 631 3174 702 προφήτας
3208 631 3416 699 ἁγίους,
3452 631 3484 702 ἢ
3513 633 3607 686 καὶ
3649 633 3750 684 αύ-

2162 719 2253 773 τδν
2278 720 2369 772 τὸν
2387 718 2495 771 τῶν
2521 719 2708 790 ἱερέων
2731 721 2908 790 χορόν.
2943 719 3318 789 Παρακαλεῖτε
3344 719 3407 773 τὸ
3430 719 3575 790 ὅρος,
3598 721 3750 775 τοῦτ⁹

2163 812 2300 873 ἔστι,
2343 811 2441 882 τὴν
2471 812 2609 884 ἐμὴν
2647 812 2925 883 θυγατέρα
2961 811 3119 865 Σιών.
3158 811 3529 883 Παρακαλεῖτε
3562 813 3619 866 δὲ
3651 832 3750 884 μοσ-

2163 905 2372 975 νονοιιχὶ
2407 905 2501 957 καὶ
2548 904 2692 976 χειρὶ
2735 905 3102 972 καταψῶντες,
3142 904 3237 956 καὶ
3277 903 3626 974 ὲπαφώμενοι
3658 924 3751 958 κε-

2165 995 2360 1066 φαλῆς,
2399 995 2539 1048 ὥστε
2569 997 2827 1066 ἐμμεῖναι
2852 995 3024 1068 ταύτῃ
3047 999 3110 1065 τῇ
3147 994 3269 1065 ὁδῷ.
3302 996 3439 1067 Ποεᾳ
3464 995 3518 1048 δὲ
3539 997 3746 1068 ταύτῃς

2164 1089 2242 1160 Τῇ
2290 1091 2371 1151 εἰς
2403 1089 2534 1142 Θεὸν
2572 1088 2893 1159 πεποιθήσει
2934 1089 3194 1158 δηλονότι.
3232 1088 3600 1158 Ἐπήγγελται
3645 1090 3748 1158 μὲν

2162 1181 2290 1252 γὰρ.
2315 1182 2396 1234 ὅτι
2427 1182 2522 1234 καὶ
2555 1181 2835 1246 ὲξελεῖται,
2868 1182 2963 1234 καὶ
2987 1179 3243 1234 διασώσει
3271 1180 3487 1252 ῥᾳδίως,
3522 1181 3613 1233 καὶ
3641 1198 3748 1233 κα-

2160 1273 2417 1326 ταϐάλλει
2478 1272 2574 1345 (al.
2619 1272 2940 1345 καταϐαλεῖ]
2985 1273 3075 1326 τὸν
3114 1273 3418 1344 Ἀσσύριον,
3467 1274 3558 1324 καὶ
3607 1274 3750 1326 ἀπο-

2163 1367 2350 1436 στήσει
2384 1366 2475 1419 τὸν
2505 1365 2668 1433 φόϐον
2693 1364 2882 1430 αύτοῦ,
2917 1365 3011 1419 καὶ
3047 1365 3388 1436 καταφθείρῃ
3430 1363 3520 1416 τὸν
3557 1363 3745 1432 ζυγὸν,

2164 1461 2258 1513 καὶ
2281 1459 2500 1530 ἁπάσης
2521 1459 2716 1521 αὐτοὺς
2740 1458 3040 1524 ἀπαλλάξει
3060 1457 3391 1523 πλεονεξίας.
3427 1457 3568 1508 Ἀλλ’
3595 1457 3747 1508 ἔσται

2161 1550 2356 1613 ταῦτα,
2389 1551 2572 1622 φησιν,
2611 1551 2738 1603 ὅταν
2779 1551 3080 1620 ὲμμείνωσι
3119 1549 3292 1622 ταύτῃ
3331 1551 3396 1619 τῇ
3432 1547 3556 1618 ὁδῷ,
3587 1548 3748 1616 δῆλον

483 1641 592 1704 die,
625 1639 674 1693 id
710 1648 812 1704 est,
853 1648 1091 1707 tempore
1127 1636 1200 1690 rei
1225 1636 1473 1707 gerendae
1533 1643 1855 1704 opportuno,
1914 1641 1967 1685 et
1997 1641 2057 1686 ut

2163 1642 2219 1695 δὲ
2251 1641 2332 1694 ὅτι
2363 1644 2428 1712 τῇ
2467 1643 2545 1704 είς
2586 1642 2718 1694 Θεὸν
2763 1641 3104 1712 πεποιθήσει.
3151 1641 3242 1693 Διὸ
3277 1640 3340 1711 δὴ
3378 1639 3745 1708 παρακαλεῖτε

483 1735 750 1789 constanti
783 1749 846 1788 ac
893 1733 1048 1786 firmo
1095 1731 1277 1786 animo
1324 1731 1544 1801 pradita
1577 1731 1668 1794 sit,
1701 1729 1914 1784 cllicite.
1945 1729 2057 1785 Non

2166 1731 2423 1801 σήμερον,
2455 1731 2718 1796 τουτέστι,
2742 1731 2885 1784 κατά
2908 1747 2972 1799 γε
2997 1731 3086 1783 τὸν
3114 1730 3328 1784 ἐοικότα
3359 1729 3435 1799 τῷ
3457 1730 3747 1800 πράγματι

480 1827 625 1880 enim
658 1833 834 1896 potest
865 1823 1080 1878 mentiri
1112 1823 1336 1887 veritas,
1371 1837 1469 1878 nec
1500 1822 1749 1892 loquetur
1779 1824 2057 1878 mendacia

2163 1823 2370 1894 καιρὸν,
2404 1823 2498 1876 καὶ
2529 1823 2811 1893 ἱδρυμένον
2837 1822 3196 1894 ὲνεργάζεσθε
3219 1821 3278 1875 τὸ
3306 1821 3558 1892 φρόνημα
3583 1821 3743 1889 αὐτῇ.

482 1917 646 1972 Deus.
679 1915 735 1970 Si
797 1917 941 1970 enim
970 1914 1170 1984 aliquid
1197 1913 1470 1977 annuerit,
1524 1913 1577 1968 id
1633 1915 1817 1983 utique
1871 1929 2059 1984 perve-

483 2010 596 2062 niet
629 2009 694 2060 ad
727 2008 928 2061 exitum
950 2044 966 2070 ,
1010 2007 1055 2060 si
1087 2019 1187 2060 nos
1231 2003 1336 2060 lide
1393 2003 1740 2068 coluerimus,
1771 2013 1825 2059 et
1851 2007 2060 2060 sincera

483 2107 663 2152 mente
694 2111 817 2151 eum
867 2095 954 2164 qui
989 2095 1215 2151 salutem
1267 2094 1514 2164 promisit
1557 2095 2058 2151 exliilaraverimus.

486 2189 606 2244 Patri
641 2191 846 2244 ratione
891 2203 988 2243 nos
1015 2189 1175 2243 etiam
1229 2188 1579 2243 consolantur
1633 2189 1828 2254 sancti,
1880 2190 2063 2245 dicen-

486 2291 604 2336 tes:
649 2280 904 2335 Resistite
955 2279 1192 2343 diabolo,
1235 2287 1290 2334 et
1334 2278 1499 2349 fugiet
1537 2294 1568 2334 a
1621 2280 1794 2336 vobis.
1836 2281 1900 2336 Et
1960 2296 2056 2336 ca-

483 2371 891 2428 strametabitur
923 2369 1150 2440 angelus
1180 2369 1390 2424 Domini
1463 2369 1515 2424 in
1583 2371 1814 2425 circuitu
1872 2371 2063 2426 timen-

488 2466 617 2519 tium
660 2479 804 2530 eum,
844 2474 898 2518 et
923 2461 1310 2518 liberabiteos.
1353 2461 1499 2517 Dixit
1563 2461 1723 2517 etiam
1756 2462 1870 2533 ipse
1931 2478 2062 2519 voce

486 2556 712 2611 Davidis
738 2555 805 2610 de
858 2554 1004 2610 omni
1050 2553 1266 2609 homine
1287 2554 1378 2624 qui
1411 2553 1603 2620 credit,
1635 2563 1686 2608 et
1716 2570 1866 2626 spem
1920 2555 2064 2610 loeat

482 2647 628 2703 ineo
663 2665 678 2702 :
735 2664 756 2699 ι
796 2643 852 2700 Ιιι
894 2660 980 2700 me
1007 2645 1263 2715 speravit,
1319 2653 1376 2700 et
1403 2645 1642 2700 liberabo
1669 2661 1794 2700 eum
1825 2647 2062 2714 ;clama-

477 2740 559 2793 hit
591 2741 658 2794 ad
689 2753 794 2804 me,
827 2747 883 2794 et
909 2738 1190 2793 exaudiam
1229 2751 1351 2793 eum
1377 2736 1519 2791 'M“.
1549 2739 1683 2793 Cum
1711 2739 1828 2808 ipso
1857 2754 1975 2794 sum
2004 2739 2061 2794 in

483 2832 796 2898 aﬂlictione,
826 2839 883 2885 et
912 2829 1162 2898 eripiam,
1229 2837 1284 2884 et
1328 2827 1642 2899 gloriﬁcabo
1683 2845 1829 2884 eum.
1875 2849 1894 2882 ι
1924 2828 2058 2884 Nam

479 2926 572 2994 qui
606 2925 779 2992 ipsum
816 2922 1142 2992 gloriﬁcant,
1190 2933 1286 2976 eos
1319 2921 1644 2991 gloriﬁcabit
1675 2922 1915 2976 omnium
1959 2937 2058 2977 no-

480 3029 654 3072 strum
689 3015 944 3070 Servatur
973 3025 1026 3068 et
1045 3013 1300 3068 Dominus
1321 3010 1477 3068 Jesus
1493 3013 1763 3078 Christus,
1782 3027 1876 3081 per
1897 3028 2056 3083 quem

480 3118 535 3161 ct
574 3123 696 3162 cum
738 3121 845 3175 quo
887 3105 1029 3160 Patri
1067 3122 1171 3162 una
1215 3121 1338 3162 cum
1386 3112 1578 3162 sancto
1628 3103 1839 3176 Spiritu
1885 3107 2054 3176 gloria

480 3203 546 3253 sit
583 3198 636 3253 in
667 3213 827 3253 oume
856 3214 1049 3252 aevum.
1082 3199 1277 3254 Amen.

2163 1915 2239 1971 Οὔ
2275 1915 2382 1987 γὰρ
2429 1914 2544 1970 ἐστι
2576 1914 2953 1986 διαψεύδεσθαι
2989 1915 3089 1985 τὴν
3129 1913 3406 1986 ἀλήθειαν,
3443 1914 3504 1965 ού
3551 1911 3748 1982 ψευδο-

2162 2007 2524 2078 ιπήσειΘεός.
2551 2008 2614 2060 Εἰ
2637 2008 2744 2079 γάρ
2771 2006 2835 2078 δὴ
2866 2005 3215 2060 κατανεύσειέ
3243 2022 3317 2069 τι,
3341 2004 3497 2057 τοῦτο
3523 2003 3586 2073 δὴ
3613 2003 3747 2055 πάν-

2160 2115 2267 2161 τως
2290 2098 2410 2168 ἥξει
2437 2097 2574 2168 πρὸς
2602 2100 2795 2170 πέρας,
2827 2097 2955 2151 ὅταν
2979 2098 3137 2166 ἡμεῖς
3162 2097 3228 2166 τῇ
3266 2094 3444 2147 πίστει
3471 2092 3744 2162 τιμῶμεν,

2162 2191 2256 2244 καὶ
2288 2190 2498 2260 γνησίῳ
2527 2190 2834 2261 φρονήματι
2880 2187 3369 2258 κατευφραίνωμεν
3427 2185 3519 2240 τὸν
3547 2185 3746 2240 διασώ-

2163 2281 2276 2346 ζειν
2304 2279 2734 2352 ἐπηγγελμένον.
2771 2279 2928 2334 Κατὰ
2954 2280 3103 2333 τόνδε
3136 2279 3224 2332 τὸν
3268 2277 3380 2331 ἴσον
3421 2277 3622 2347 τρόπον
3650 2279 3747 2332 καὶ

2159 2374 2310 2444 ἡμᾶς
2338 2372 2536 2436 αὐτοὺς
2561 2371 2968 2444 παρακαλοῦσιν
2997 2372 3048 2425 οἱ
3084 2372 3228 2440 ἆγιοι
3257 2369 3528 2437 λέγοντες,
3569 2368 3747 2420 Ἀντί-

2163 2482 2326 2535 στητε
2353 2464 2432 2535 τῷ
2458 2465 2710 2536 διαϐόλῳ,
2751 2466 2843 2519 καὶ
2881 2462 3147 2533 ’φεύξεται
3173 2462 3268 2533 ἀφ’
3296 2461 3474 2532 ἡμῶν,
3509 2461 3625 2524 καὶ,
3659 2462 3748 2513 ὅτι

2162 2555 2521 2628 Παρεμϐαλεῖ
2541 2555 2770 2625 ἄγγελος
2799 2555 3002 2627 Κυρίου
3047 2553 3233 2624 κύκλῳ
3262 2553 3370 2606 τῶν
3395 2551 3750 2620 φοϐουμένων

2160 2648 2346 2714 αὐτὸν,
2382 2648 2477 2701 καὶ
2525 2647 2747 2718 ῥύσεται
2783 2645 3002 2709 αύτούς.
3035 2646 3180 2716 Ἔφη
3213 2645 3270 2699 δὲ
3321 2645 3415 2697 καὶ
3457 2642 3618 2705 αὐτὸς
3656 2641 3750 2694 διὰ

2161 2742 2347 2811 φωνῆς
2378 2739 2470 2793 τοῦ
2518 2740 2683 2793 Δαϐὶδ
2705 2781 2720 2808 ,
2751 2739 2882 2811 περὶ
2913 2739 3118 2802 παντὸς
3162 2736 3452 2810 ἀνθρώπου
3485 2734 3750 2789 πεποιθό-

2160 2847 2250 2893 τος
2285 2830 2372 2882 ἐπ’
2409 2828 2592 2894 αὑτὸν,
2637 2831 2730 2884 καὶ
2768 2828 2868 2900 τὴν
2895 2828 3086 2881 ἐλπίδα
3131 2827 3393 2898 θεμένου·
3433 2843 3452 2877 ι
3493 2825 3617 2879 Ὀτι
3656 2823 3750 2876 ἐπ’

2161 2921 2264 2991 ἐμὲ
2295 2920 2511 2990 ἤλπισε,
2568 2920 2664 2973 καὶ
2712 2919 2948 2992 ῥύσομαι
2999 2917 3182 2971 αὐτόν.
3219 2914 3564 2986 Κεκράξεται
3606 2913 3750 2984 πρὸς

2161 3013 2252 3084 μὲ,
2284 3013 2379 3065 καὶ
2408 3013 2781 3082 ἐπακούσομαι
2809 3009 2994 3070 αὑτοῦ,
3035 3009 3152 3081 μετ’
3189 3007 3352 3062 αὑτοῦ
3380 3009 3496 3078 εἰμι
3535 3007 3592 3058 ὲν
3626 3004 3746 3057 θλίο

2159 3105 2270 3175 ψει,
2302 3107 2397 3160 καὶ
2422 3103 2730 3174 ὲξελοῦμαι,
2765 3105 2862 3158 καὶ
2883 3103 3091 3170 δοξάσω
3113 3100 3294 3156 αὐτόν.
3332 3117 3351 3152 ι
3386 3097 3610 3162 Δοξάσει
3636 3097 3753 3166 γὰρ

2082 3191 2126 3249 C
2157 3200 2284 3263 τοὺς
2331 3199 2652 3266 δοξάζοντας
2698 3200 2861 3254 αὐτὸν
2900 3202 2928 3254 ό
2970 3199 3187 3254 πάντων
3217 3196 3375 3269 ἡμῶν
3407 3193 3602 3265 Σωτὴρ
3647 3192 3751 3244 καὶ

397 3367 400 3370 _
480 3293 707 3365 Κύριος.
751 3291 958 3366 Ἰησοῦς
987 3293 1243 3366 Χριστὸς,
1276 3293 1344 3348 δι’
1379 3285 1462 3358 οὗ,
1491 3293 1586 3348 καὶ
1619 3293 1738 3364 μεθ’
1763 3285 1825 3348 οὗ
1850 3293 1928 3367 τῷ
1952 3296 2130 3370 Πατρὶ
2163 3296 2280 3369 ἅμα
2316 3297 2395 3368 τῷ
2459 3297 2600 3370 ἁγίῳ
2640 3297 2976 3368 Πνεύματιὴ
3008 3294 3137 3361 δόξα
3209 3295 3290 3358 εἰς
3353 3291 3482 3355 τοὺς
3519 3289 3748 3350 αἰῶνας.

491 3387 546 3438 Ἀ
557 3389 685 3458 μήν.

548 3541 669 3574 ³⁸³⁸
705 3541 852 3602 Psal.
881 3559 968 3612 xc,
1004 3543 1190 3600 14-15.

487 3745 641 3766 ’.γ’

1407 3937 1566 4011 187
1616 3929 2056 4020 ΒΙΒΛΙΟΝ
2121 3933 2230 4027 Β’,
2279 3931 2641 4019 ΤΟΜΟΙ
2702 3931 2815 4018 E'.

1044 4299 1396 4391 LIBER
1465 4298 2122 4424 SECUNDUS,
2196 4293 2498 4392 TOMI
2578 4295 3176 4406 QUINQUE.

1089 4690 1324 4750 TOMUS
1388 4695 1428 4750 Ι.

541 4807 669 4861 Car.
727 4803 795 4860 Χ.
856 4805 1018 4860 Vens.
1071 4803 1163 4869 35,
1217 4805 1309 4860 '55.
1371 4803 1503 4858 Ecce
1566 4802 1881 4858 Dominator
1946 4797 2052 4851 Do-

2777 4688 3013 4744 ΤΟΜΟΣ
3049 4690 3128 4744 Δ’.

2244 4796 2397 4853 ἰδοὺ
2440 4797 2516 4867 δὴ
2553 4801 2585 4854 ό
2623 4799 2929 4867 Δεσπότης
2958 4800 3171 4867 Κύριος
3203 4798 3464 4862 Σαϐαὼθ,
3515 4816 3748 4857 συντα-

473 4899 644 4953 minus
693 4896 962 4962 Sabaoth,
998 4896 1328 4950 conturbabit
1372 4896 1628 4964 gloriosos
1674 4890 2056 4960 cum'fortilu-

2163 4891 2324 4959 βάξει
2355 4891 2494 4957 τοὺς
2523 4891 2814 4958 ἐνδόξους
2846 4891 2996 4960 μετὰ
3035 4894 3268 4961 ἰσχύος,
3299 4893 3398 4946 καὶ
3431 4895 3486 4946 οι
3512 4895 3745 4962 ὑψηλοὶ

469 4991 614 5053 diue,
649 4997 696 5043 cl
732 4988 856 5041 elati
887 4987 1128 5056 superbia
1155 4993 1513 5048 conterentur,
1539 4992 1587 5036 et
1633 4981 1966 5048 dejicientur,
2007 4989 2054 5034 et

470 5081 653 5135 cadent
688 5080 813 5134 elati
883 5080 1080 5148 gladio,
1125 5095 1186 5131 ac
1243 5077 1474 5130 Libanus
1533 5091 1648 5128 cum
1683 5075 1898 5129 excelsis
1929 5090 2055 5128 con-

469 5175 623 5228 ridet.

537 5287 593 5340 lu
654 5285 790 5340 libro
815 5281 926 5353 jam
955 5281 1200 5338 absoluto
1234 5295 1413 5336 sermo
1445 5291 1562 5336 erat
1598 5279 1665 5334 de
1714 5279 1974 5349 Assyriis,
1997 5290 2051 5335 et

467 5377 535 5431 de
571 5392 695 5447 rege
726 5375 1038 5436 Persarum,
1067 5386 1189 5425 cum
1223 5371 1403 5425 Judaea
1439 5381 1493 5425 et
1518 5368 1906 5438 Hierosolymis
1939 5370 2050 5424 bel-

467 5467 762 5537 ligeraute,
796 5481 860 5519 ac
899 5466 993 5518 ira:
1028 5462 1222 5516 divina:
1261 5462 1602 5518 severitatem
1631 5477 1697 5516 ex
1760 5462 2053 5532 improviso

468 5559 760 5612 sentiente.
796 5554 930 5609 Nam
960 5553 1144 5614 Israel,
1181 5569 1285 5606 non
1316 5568 1498 5607 arcum
1531 5555 1777 5618 tendens,
1797 5569 1901 5608 non
1923 5569 2044 5608 scu-

471 5656 582 5702 tum
615 5648 900 5716 arripiens,
933 5660 1040 5699 non
1073 5646 1336 5714 equitatur,
1358 5661 1460 5700 non
1519 5656 1636 5701 arte
1692 5646 2052 5717 plialungibus

470 5739 585 5810 ejus
651 5740 934 5806 resistens,
996 5753 1102 5794 non
1157 5739 1271 5808 lege
1325 5739 1544 5794 militari
1616 5737 2048 5794 adversariorum

2156 4983 2232 5052 τῇ
2282 4983 2443 5050 ὕϐρει
2483 4983 3009 5050 συντριϐιξσονται,
3045 4983 3142 5036 καὶ
3170 4985 3744 5052 ταπεινωθήσονται,

2155 5074 2258 5129 καὶ
2298 5074 2627 5127 πεσοῦνται
2657 5075 2710 5127 οἱ
2742 5073 2970 5142 ὑψηλοὶ
2997 5075 3279 5143 μαχαήοᾳ,
3321 5079 3355 5129 ὀ
3389 5075 3456 5128 δὲ
3485 5078 3747 5144 Λίϐανος

2155 5167 2279 5221 σὺν
2305 5167 2424 5232 τοῖς
2453 5166 2714 5235 ὑψηλοῖς
2749 5166 3038 5220 πεσεῖται.

2239 5281 2326 5333 Ἐν
2355 5280 2451 5350 μὲν
2479 5279 2554 5350 τῷ
2600 5280 2972 5351 τετελεσμένῳ
3016 5279 3203 5351 βιϐλίῳ
3241 5280 3369 5352 περὶ
3397 5281 3507 5334 τῶν
3535 5299 3593 5333 τε
3636 5282 3746 5334 τῶν

2169 5371 2472 5442 Ἀσσυρίων
2501 5372 2530 5424 δ
2564 5371 2719 5438 λόγος
2754 5367 2842 5442 ἦν,
2877 5373 2971 5425 καὶ⁸
3000 5371 3092 5425 τοῦ
3123 5372 3192 5425 τὰ
3223 5373 3447 5444 Περσῶν
3474 5373 3746 5426 διοικοῦν-

2159 5479 2251 5525 τος
2279 5462 2477 5533 κράτη,
2511 5463 3043 5533 καταστρατεύοντος
3080 5465 3179 5532 μὲν
3206 5464 3307 5533 τῆς
3355 5464 3612 5526 Ἰουδαίας
3649 5463 3744 5516 καὶ

2157 5552 2266 5606 τῶν
2310 5553 2570 5622 Ἰεροσολύ
2581 5571 2716 5622 μων,
2750 5553 3011 5618 παθόντος
3039 5555 3094 5608 δὲ
3120 5555 3394 5626 ἀδοκήτως
3416 5557 3482 5608 τὰ
3509 5559 3574 5610 ἐκ
3595 5555 3744 5618 θείας

2158 5646 2349 5717 ὀργῆς.
2385 5647 2661 5701 Σέσωσται
2695 5648 2804 5720 γὰρ
2831 5649 3147 5720 παραδόξως
3173 5654 3202 5704 ό
3233 5651 3468 5722 Ἰσραὴλ,
3495 5653 3557 5705 ού
3589 5651 3742 5716 τόξον

2157 5736 2418 5802 ἐντείνας.
2454 5740 2514 5792 ού
2538 5738 2730 5810 θυρεὸν
2764 5740 3038 5813 ἁρπάσας,
3065 5742 3162 5810 ούχ
3204 5743 3461 5811 ἱππότην,
3489 5742 3551 5794 ού
3576 5741 3742 5812 τέχνῃ
