4016 6464
508 369 629 451 ἐυ-ι

1512 391 1571 446 S.
1612 390 1884 449 CYRILLI
1925 391 2392 446 ALEXANDRINI
2438 393 2752 450 ARCHIEP.

2685 187 2699 215 Ι

3678 393 3782 448 508

528 509 790 565 Dominus
819 507 1080 572 Sabaoth,
1121 507 1469 563 conturbabit
1505 509 1772 579 gloriosos
1795 525 1918 566 cum
1953 510 2099 564 forti-

2207 511 2385 562 ἐκεῖνα
2418 512 2504 563 καὶ
2542 511 2637 564 νῦν
2669 512 2698 564 ό
2729 511 2836 562 τῶν
2876 509 3011 562 ὅλων
3043 509 3199 576 Θεὸς,
3225 509 3318 565 τὸν
3344 511 3470 580 περὶ
3512 509 3612 580 τῆς
3643 511 3787 563 κατὰ

529 602 739 656 tudine.
773 620 792 654 ι
827 600 906 654 Ad
945 601 1238 656 novitatem
1273 601 1396 656 vita
1426 602 1774 672 evangelicae,
1801 617 1865 657 ac
1894 602 2096 657 Christi

529 693 871 764 mysterium,
897 702 1185 748 revocatet
1209 692 1474 749 rel‘ormat
1499 701 1656 749 terra:
1693 693 1919 760 incolas,
1947 708 2102 749 ever-

525 786 600 841 sis
627 785 879 839 nimirum
903 785 1140 854 antiquis
1160 785 1377 848 ritibus,
1413 785 1762 854 moribusque
1781 785 2102 840 umbraticis

525 885 578 930 et
609 876 804 945 typicis
823 875 1070 932 obtinere
1107 877 1214 930 vim
1243 891 1396 930 suam
1448 876 1680 946 amplius
1721 892 1824 932 non
1876 875 2102 930 valenti-

523 971 642 1024 bus.
697 968 802 1023 Sed
836 969 1101 1024 adventus
1137 968 1220 1024 sui
1258 970 1309 1023 in
1352 970 1497 1024 hunc
1544 970 1803 1024 mundum
1848 970 1937 1024 hic
1980 985 2103 1025 sco-

523 1075 622 1128 pns
659 1059 778 1125 fuit,
807 1062 1064 1131 venitque
1095 1060 1506 1130 prmdicaturus,
1545 1071 1599 1116 et
1636 1072 1765 1117 ante
1793 1062 1927 1116 alios
1960 1061 2102 1116 Isra-

522 1150 686 1215 (ιιῐιίδ,
713 1151 855 1220 quod
897 1167 1020 1221 qute
1070 1166 1241 1220 usque
1291 1149 1358 1205 ad
1424 1152 1834 1208 restaurationis
1889 1163 2102 1226 tempus

523 1241 768 1296 instituta
799 1252 988 1310 erant,
1030 1241 1081 1296 id
1114 1251 1216 1305 est,
1255 1243 1335 1297 lex
1374 1243 1428 1297 in
1470 1243 1646 1298 littera
1685 1245 1880 1316 posita,
1931 1262 1995 1302 ea
2035 1249 2102 1306 de

523 1341 722 1388 caetero
747 1333 904 1401 tollit,
937 1335 1118 1389 animo
1142 1333 1401 1399 ﬁdelium,
1429 1335 1506 1390 uti
1566 1335 1830 1402 dixeram,
1862 1337 1928 1392 ad
1981 1353 2099 1394 mc-

522 1421 712 1477 liorem
752 1434 803 1479 et
833 1424 1130 1493 spiritalem
1162 1425 1283 1479 vitae
1314 1423 1707 1480 institutionem
1737 1427 2097 1483 transforma-

527 1517 599 1560 ιο.
634 1507 779 1562 Nova
808 1510 949 1563 enim
981 1509 1032 1562 in
1060 1507 1277 1564 Christo
1325 1512 1528 1564 omnia.
1561 1511 1627 1565 Et
1676 1512 1721 1568 si
1755 1528 1883 1568 vero
1940 1516 2099 1570 dece-

521 1602 612 1653 hat
642 1599 691 1653 ei
715 1601 1085 1670 obtemperare
1126 1616 1234 1670 prie
1277 1602 1489 1660 caneris
1537 1601 1774 1660 Judaicze
1815 1621 2100 1678 synagoga:

523 1692 808 1756 primores,
846 1699 900 1745 et
935 1691 1025 1760 qui
1052 1692 1342 1748 sacerdotii
1375 1694 1674 1750 honoribus
1720 1695 1862 1751 haud
1890 1699 2097 1754 medio-

522 1782 686 1834 criter
726 1781 1160 1838 insolescebant:
1197 1783 1251 1838 bi
1306 1793 1482 1839 tamen
1510 1800 1542 1842 ο
1600 1789 1873 1844 contrario
1924 1805 2099 1860 repu-

2207 600 2383 669 σάρκα
2412 601 2716 668 γεννήσεως
2754 599 2845 650 τοῦ
2877 598 3214 665 Μονογενοῦς
3253 599 3555 668 εἰσκομίζει
3603 599 3784 667 λόγον,

2203 692 2297 744 καὶ
2326 691 2718 761 προαναφαίνει
2743 690 2805 743 τὸ
2827 691 3122 761 μυστήριον
3141 689 3230 743 διὰ
3257 694 3438 762 φωνῆς
3466 691 3786 762 προφητῶν,

2203 781 2290 835 ἵνα
2317 782 2426 834 τῶν
2457 781 2798 857 πραγμάτων
2837 782 2918 844 είς
2948 779 3119 851 πέρας
3163 780 3564 850 ὲκϐεϐηκότων,
3605 782 3787 852 ἀναμ-

2204 875 2422 944 φίλογον
2452 875 2660 944 δέχοιτο
2705 875 2856 946 παρά
2886 875 3102 928 πάντων
3126 872 3224 944 τὴν
3265 875 3466 929 πίστιν.
3501 875 3566 929 Τί
3608 875 3790 928 τοίνυν

2204 967 2368 1034 φησίν
2389 983 2401 995 ·
2443 985 2461 1016 ι
2483 983 2490 988 ·
2509 965 2640 1019 Ἰδοὺ
2669 965 2732 1035 δὴ
2765 968 2793 1018 ὁ
2831 964 3108 1036 Δεσπότης
3134 964 3338 1035 Κύριος
3367 965 3618 1028 Σαϐαὼθ,
3659 983 3791 1019 συν-

2201 1058 2425 1128 ταράξει
2446 1058 2572 1122 τοὺς
2606 1057 2848 1122 ἐνδόξους
2873 1057 3010 1127 μετά
3048 1056 3266 1126 ἰσχύοςς
3312 1075 3330 1109 ι
3371 1057 3464 1120 Εἰς
3491 1058 3794 1124 καινότητα

2203 1149 2349 1219 ζωῆς
2382 1149 2744 1220 εὐαγγελικῆς
2791 1148 2854 1202 τὸ
2885 1147 2980 1201 τοῦ
3021 1149 3259 1220 Χριστοῦ
3310 1150 3610 1221 μυστήριον
3655 1150 3795 1202 ἀνα-

2206 1243 2407 1314 μορφοῖ
2435 1241 2561 1305 τοὺς
2591 1241 2684 1294 ἐπὶ
2715 1243 2813 1312 τῆς
2842 1240 2966 1310 γῆς,
3012 1239 3508 1312 ἀνατετραμμένων
3544 1239 3792 1311 δηλονότι

2161 1362 2169 1369 ·
2204 1335 2311 1388 τῶν
2339 1334 2708 1405 ἀρχαιοτέρων
2737 1332 2895 1396 ἐθῶν,
2931 1334 3024 1386 καὶ
3059 1333 3169 1387 τῶν
3213 1335 3271 1388 έν
3319 1335 3500 1396 σκιαῖς
3555 1334 3648 1386 καὶ
3689 1332 3790 1386 τύ-

2207 1443 2349 1490 ποις,
2383 1427 2484 1480 οὐκ
2518 1426 2749 1496 ἐχόντων
2781 1426 2861 1478 ἔτι
2902 1424 2964 1477 τὸ
2999 1423 3262 1478 δύνασθαι
3301 1427 3541 1495 κρατεῖν.
3587 1423 3725 1478 Ἀλλ’
3759 1425 3792 1477 ό

2208 1519 2306 1590 μὲν
2333 1520 2431 1590 τῆς
2457 1519 2692 1588 ἀφίξεως
2713 1519 2812 1588 τῆς
2835 1519 2913 1582 εἰς
2942 1519 3090 1572 τόνδε
3119 1518 3209 1572 τὸν
3240 1519 3445 1590 κόσμον
3470 1517 3621 1587 αὐτῷ
3671 1535 3793 1570 σκο-

2205 1611 2304 1673 πὸς
2336 1610 2558 1678 γέγονεν
2607 1609 2812 1674 οὑτοσὶ,
2869 1610 2965 1662 καὶ
3000 1609 3346 1680 διακηρύξων
3400 1610 3646 1677 ἀφῖκται,
3696 1608 3792 1662 καὶ

2205 1701 2309 1773 πρό
2337 1717 2400 1770 γε
2432 1700 2541 1754 τῶν
2568 1699 2744 1755 ἄλλων
2765 1702 2877 1764 τοῖς
2899 1699 2958 1764 ἐξ
2993 1700 3232 1771 Ἰσραὴλ,
3264 1701 3346 1753 ὄτι
3373 1699 3441 1752 τά
3480 1699 3644 1770 μέχρι
3667 1715 3794 1752 και-

2210 1790 2302 1862 ροῦ
2337 1789 2678 1862 διορθώσεως
2717 1789 3059 1859 ἐπικείμενα,
3101 1790 3400 1855 τουτέστιν,
3441 1791 3470 1844 ό
3501 1790 3559 1843 ὲν
3606 1788 3796 1860 γράμ-

522 1877 756 1941 gnabant
777 1874 1091 1944 juveniliter
1111 1891 1174 1930 ac
1199 1877 1522 1946 petulanter,
1560 1881 1882 1936 resistebant
1910 1883 2097 1954 impie,

2207 1897 2338 1952 μασι
2361 1880 2545 1950 νόμος,
2589 1880 2842 1952 καταίρει
2872 1877 3056 1932 λοιπὸν
3090 1880 3172 1940 είς
3208 1878 3380 1944 τέλος,
3419 1877 3798 1949 μεταπλαττο-

523 1976 575 2018 ct
604 1965 776 2035 legem
827 1982 857 2022 a
904 1966 1052 2024 Mose
1086 1969 1484 2039 sapientissimo
1523 1972 1915 2044 promulgatam
1953 1991 2100 2031 sem-

525 2059 688 2126 periti
727 2074 821 2113 ore
841 2059 1103 2115 habentes
1123 2099 1138 2127 ,
1176 2063 1496 2132 mysterium
1525 2064 1942 2133 dispensationis
1973 2066 2101 2123 Uni-

523 2151 688 2218 κοιιίιί
726 2151 778 2204 in
806 2167 992 2219 carne,
1019 2163 1281 2224 quantum
1331 2158 1468 2212 inse
1494 2165 1614 2213 erat
1650 2159 1864 2214 irritum
1920 2159 2101 2218 facere

524 2243 814 2299 volebant:
849 2246 941 2301 sed
980 2261 1142 2318 penes
1170 2263 1263 2303 eos
1287 2264 1394 2304 non
1430 2258 1547 2305 erat
1577 2251 1682 2306 hoc
1715 2260 1994 2322 praestare,
2047 2263 2101 2308 at

525 2336 764 2390 omnium
801 2335 1073 2392 Servatori
1103 2347 1156 2392 et
1184 2338 1294 2394 Deo
1330 2353 1489 2394 suum
1535 2341 1887 2410 supercilium
1929 2357 2099 2414 Oppo-

525 2439 737 2492 nentes,
772 2430 894 2484 mali
931 2430 1070 2485 male
1099 2431 1397 2502 perierunt,
1429 2433 1626 2502 partim
1663 2433 1804 2490 alter
1862 2436 1915 2490 in
1973 2437 2103 2491 alte-

525 2521 1009 2592 rtnnassultantes,
1043 2533 1096 2578 et
1130 2523 1248 2596 lege
1293 2524 1422 2580 belli
1482 2526 1800 2584 insidiantes
1827 2567 1842 2593 ,
1900 2528 2096 2598 partim

525 2612 575 2665 in
614 2611 979 2668 Romanorum
1031 2629 1224 2671 manus
1254 2615 1573 2684 incidentes,
1609 2618 1701 2689 qui
1731 2618 1907 2690 ipsum
1964 2621 2097 2675 adeo

527 2706 781 2774 templum
809 2709 1183 2763 incenderunt.
1214 2709 1354 2766 Ecce
1403 2711 1564 2782 igitur
1619 2711 1936 2767 Dominator
1994 2713 2098 2766 Dn-

524 2799 701 2852 minus
731 2798 970 2855 Sabaoth
1005 2802 1350 2856 conturbabit
1404 2802 1669 2873 gloriosos
1700 2819 1822 2859 cum
1881 2802 2100 2857 fortitu.

523 2891 668 2944 dine.
720 2891 1000 2947 Dominum
1069 2893 1307 2948 Sabaoth
1356 2899 1767 2950 couturbantem
1819 2895 2096 2962 nominat;

524 2982 863 3047 auditoribus
907 2994 1170 3040 terrorem
1210 2986 1514 3054 incutiens,
1549 3001 1617 3042 ne
1663 2986 1786 3057 quis
1816 2985 1952 3041 forte
1985 2987 2102 3041 exi-

525 3075 709 3127 stimet
736 3075 1050 3131 debiliorem
1074 3076 1192 3132 fore
1223 3076 1418 3145 ipsum,
1452 3077 1535 3132 vel
1563 3079 1725 3133 etiam
1755 3079 1929 3133 minas
1951 3079 2104 3134 adhi-

2212 1972 2402 2045 μένης,
2457 1972 2533 2036 ὼς
2581 1972 2740 2044 ἔφην,
2785 1973 2864 2034 είς
2905 1970 2971 2024 τὰ
3017 1971 3226 2041 ἀμείνω
3269 1971 3364 2024 καὶ
3411 1970 3794 2041 πνευματικὴν

2203 2067 2478 2123 πολιτείαν
2510 2067 2610 2137 τῆς
2641 2065 2749 2119 τῶν
2789 2063 3153 2117 πιστευόντων
3189 2063 3448 2127 διανοίας.
3477 2063 3654 2118 Καινά
3680 2064 3794 2136 γὰρ

2201 2160 2378 2214 πάντα
2418 2159 2486 2212 τά
2533 2159 2591 2211 ὲν
2633 2157 2874 2228 Χριστῷ.
2935 2155 3097 2209 Ἀλλά
3137 2157 3315 2210 καίτοι
3359 2157 3793 2210 καταπείθεσθαι

2200 2248 2317 2303 δέον
2339 2245 2504 2318 αὐτῷ,
2541 2247 2636 2301 καὶ
2661 2247 2766 2316 πρό
2807 2263 2871 2315 γε
2899 2245 3006 2300 τῶν
3045 2245 3220 2301 ἄλλων
3249 2246 3348 2318 τῆς
3364 2247 3632 2302 Ἰουδαίων
3663 2265 3792 2302 συν-

2202 2341 2425 2410 αγωγῆς
2456 2339 2583 2402 τοὺς
2619 2337 3048 2410 προεστηκότας,
3083 2339 3178 2390 καὶ
3209 2341 3320 2401 τοῖς
3360 2339 3460 2408 τῆς
3491 2338 3793 2410 ἱερωσύνης

2203 2435 2515 2503 αὐχήμασιν
2551 2432 2612 2484 οῦ
2649 2430 2888 2503 μετρίως
2938 2430 3356 2501 κομπάζοντας,
3390 2432 3455 2483 ὲκ
3481 2430 3593 2484 τῶν
3630 2433 3789 2485 ἐναν-

2203 2523 2334 2577 τίων
2373 2521 2734 2593 ἀντεφέροντο
2785 2519 3072 2584 νεανικῶς,
3121 2520 3487 2591 ἀντέπραττον
3527 2520 3789 2590 ἀφοσίως,

2205 2613 2300 2667 καὶ
2328 2613 2418 2666 τὸν
2445 2612 2533 2667 διὰ
2564 2612 2658 2667 τοῦ
2695 2611 2975 2681 πανσόφου
3009 2612 3252 2676 Μωσέως
3275 2613 3362 2666 ἀεὶ
3387 2612 3674 2678 λαλοῦντες
3707 2615 3794 2667 νό-

2207 2731 2327 2785 μον,
2355 2711 2636 2784 ἄπρακτον
2672 2711 2992 2780 ἀποφαίνειν
3027 2709 3218 2781 ἡθελον
3246 2711 3308 2764 τό
3337 2728 3402 2780 γε
3424 2707 3561 2784 ⁴ἧκον
3589 2713 3669 2775 είς
3693 2712 3794 2765 αῦ-

2202 2807 2328 2869 τοὺς
2356 2805 2454 2876 τῆς
2494 2803 2630 2876 μετά
2655 2802 2857 2875 σαρκὸς
2885 2803 3197 2874 οἰκονομίας
3231 2803 3323 2858 τοῦ
3356 2804 3692 2873 Μονογενοῦς
3733 2805 3795 2858 τὸ

2205 2899 2526 2969 μυστήριον.
2544 2896 2685 2949 Ἀλλ’
2702 2891 2770 2966 ἦν
2791 2895 3082 2966 ἀνέφικτον
3102 2896 3284 2960 αὐτοῖς
3305 2895 3465 2949 τοῦτο
3485 2896 3640 2967 δρᾷν,
3665 2898 3794 2950 ἀντ-

2203 2990 2488 3058 εξάγοντες
2513 2988 2566 3041 δὲ
2610 2987 2688 3058 τῷ
2741 2987 2959 3041 πάντων
2993 2987 3206 3061 Σωτῆρι
3241 2989 3334 3042 καὶ
3365 2987 3486 3058 Θεῷ
3506 2989 3566 3042 τὸ
3593 2990 3797 3041 οἰκεῖον

2206 3081 2439 3152 θέλημα,
2470 3079 2629 3134 κακοὶ
2664 3079 2851 3144 κακῶς
2883 3079 3189 3147 διολώλασι,
3223 3081 3381 3135 τοῦτο
3415 3081 3510 3151 μὲν
3543 3080 3798 3152 ἀλληλοις

524 3165 708 3220 Ιηιῖεδο
739 3165 1067 3236 ineliicaces,
1095 3178 1149 3224 et
1181 3184 1300 3238 quae
1329 3170 1549 3225 omnino
1580 3171 1646 3226 ad
1677 3171 1838 3226 linem
1877 3187 1982 3228 non
2014 3188 2102 3228 es-

2207 3176 2580 3248 ὲπιφυόμενοι,
2609 3175 2703 3230 καὶ
2729 3173 2822 3228 τὸν
2861 3174 3099 3244 πολέμου
3132 3175 3295 3245 νόμον
3327 3173 3794 3239 ἐπιϐουλεύοντες,

527 3266 646 3310 sent
674 3268 1034 3328 perventum.
1071 3261 1208 3329 Quid
1253 3262 1398 3317 enim
1451 3260 1692 3317 ineliicax
1735 3279 1830 3319 seu
1899 3264 2101 3336 imper-

527 3349 728 3405 fectum
760 3353 1083 3410 erit'eorum
1130 3369 1251 3425 quae
1278 3371 1306 3408 a
1337 3355 1566 3411 Domino
1597 3357 1858 3422 Sabaoth,
1887 3357 1990 3414 hoc
2023 3367 2107 3414 est

527 3444 893 3509 exercituum,
922 3445 1293 3514 suscipiuntur
1317 3445 1340 3498 ?
1368 3445 1864 3518 Conquassaturum
1893 3464 1951 3504 se
1976 3449 2108 3505 dicit

527 3535 698 3590 i-latos
722 3537 998 3605 superbia.
1026 3534 1169 3592 Celsi
1218 3537 1360 3592 enim
1398 3547 1454 3593 et
1517 3537 1641 3594 elati
1687 3553 1812 3594 vere
1854 3539 2104 3608 superbia

528 3639 702 3691 erant,
727 3629 818 3698 qui
857 3645 964 3683 non
988 3631 1150 3686 modo
1177 3631 1466 3702 prophetas
1497 3639 1714 3687 sanctos
1737 3631 2097 3694 trucidarunt.

529 3733 583 3775 et
643 3722 804 3794 190
850 3722 1149 3779 rectissime
1197 3724 1603 3781 consulenti-bus
1653 3725 1992 3796 impudenter
2024 3725 2110 3780 di-

530 3823 692 3870 cunt:
734 3833 753 3866 ι
791 3815 912 3870 Alia
947 3816 1103 3871 nobis
1150 3815 1454 3886 loquimini,
1492 3827 1546 3873 et
1585 3818 1928 3872 annuntiate"
1954 3817 2110 3874 nobis

532 3907 695 3960 alium
743 3911 1230 3975 errorem";ised
1264 3910 1428 3964 etiam
1500 3909 1553 3963 in
1604 3909 1778 3978 ipsum
1827 3907 2108 3964 Christum

533 4001 767 4070 linguam
801 4011 1089 4070 exacuunt,
1131 4012 1186 4058 et
1211 4017 1415 4058 cornua
1447 4003 1499 4056 in
1523 4001 1755 4057 sublime
1784 4001 1995 4069 tollunt,
2030 4013 2108 4070 et,

535 4104 591 4146 nt
622 4095 882 4164 scriptum
933 4105 1034 4162 est,
1089 4104 1278 4151 contra
1332 4093 1499 4150 Deum
1550 4093 1842 4164 loquuntur
1893 4093 2108 4164 injusti-

533 4189 661 4243 tiam
699 4190 762 4245 ³².
797 4193 865 4245 At
894 4191 972 4255 hi,
1007 4192 1207 4262 inquit,
1236 4189 1528 4244 reddentur
1560 4189 1810 4255 humiles,
1839 4199 1892 4246 et
1917 4191 2111 4247 cadent

530 4283 727 4350 gladio.
791 4283 1116 4339 lntericrunt
1173 4283 1398 4350 ctenim,
1454 4291 1514 4336 ut
1548 4282 1814 4346 dicebam,
1861 4283 1944 4339 vel
1984 4297 2106 4338 cum

533 4375 671 4431 Deus
741 4375 1214 4431 vehementissima
1303 4375 1382 4428 ira
1459 4373 1682 4442 inﬂicta,
1743 4375 1889 4430 velut
1947 4388 2110 4432 acuto

529 4468 712 4536 gladio
743 4482 836 4522 cos
863 4475 1228 4530 consumeret,
1270 4466 1538 4522 sacerdoti
1576 4467 1807 4538 insignia
1835 4465 2108 4532 auferret,

2205 3267 2364 3322 τοῦτο
2390 3268 2446 3321 δὲ
2477 3270 2596 3331 ταῖς
2635 3265 2922 3336 Ῥωμαίων
2969 3265 3358 3337 περιπεσόντες
3387 3263 3592 3336 χερσὶν,
3619 3263 3670 3316 οἳ
3698 3264 3799 3316 καὶ

2208 3361 2370 3416 αὐτὸν
2410 3359 2716 3431 ἐνέπρησαν
2753 3359 2844 3412 τὸν
2890 3359 3035 3413 ναόν.
3075 3357 3206 3411 Ἰδοὺ
3234 3357 3413 3411 τοίνυν
3451 3359 3478 3410 ό
3514 3356 3797 3426 Δεσπότης

2208 3453 2413 3524 Κύριος
2477 3450 2706 3506 Σαϐαὼθ
2773 3447 3100 3522 συνταράξει
3168 3449 3294 3514 τοὺς
3345 3448 3590 3516 ἐνδόξους
3655 3447 3802 3518 μετά

2212 3544 2413 3616 ἰσχύος.
2455 3543 2660 3614 Κύριον
2684 3541 2910 3596 Σαϐαὼθ
2939 3541 3193 3612 ὀνομάζει
3217 3539 3306 3594 τὸν
3333 3540 3799 3612 συνταράσσοντα,

2209 3633 2534 3689 καταπτοῶν
2579 3636 2693 3698 τοῖς
2716 3633 2935 3704 δείμασι
2978 3635 3105 3698 τοὺς
3154 3633 3560 3704 ἀκροωμένους,
3596 3632 3684 3685 ἴνα
3716 3634 3800 3704 μή

2209 3743 2294 3790 τις
2323 3726 2504 3796 οἴηται
2549 3726 2688 3796 τάχα
2733 3741 2859 3790 που,
2906 3725 3002 3780 καὶ
3034 3724 3352 3797 ἀσθενήσειν
3403 3725 3648 3796 α’ὑτὺν,ἣ
3698 3728 3803 3780 καὶ

2209 3818 2494 3889 ἀνηνύτοις
2529 3819 2786 3883 ἀπειλαῖς
2831 3819 3136 3890 κεχρῆσθαι
3181 3818 3400 3890 μᾶλλον,
3434 3819 3529 3873 καὶ¹
3577 3819 3698 3889 οὐχὶ
3731 3819 3800 3890 δὴ

2211 3910 2429 3974 πάντως
2475 3909 2878 3981 ὲκϐησομέναις
2921 3911 3002 3973 είς
3035 3909 3232 3983 πέρας.
3272 3910 3337 3964 Τί
3377 3908 3488 3981 γὰρ
3533 3910 3802 3980 ἀνήνυτον

2211 4003 2366 4058 ἔσται
2412 4003 2521 4057 τῶν
2575 4003 3014 4074 ἐγχειρουμένων
3066 4002 3220 4074 παρά
3271 4005 3481 4075 Κυρίου
3531 4003 3800 4070 Σαϐαώθς

2211 4095 2680 4169 Συντριϐήσεσθαι
2731 4096 2788 4150 δέ
2823 4113 2957 4168 φησι
3012 4095 3142 4159 τοὺς
3197 4095 3437 4167 ὑψηλοὺς
3486 4098 3553 4166 τῇ
3613 4095 3799 4168 ὓϐρει.

2223 4189 2449 4260 ’Υψηλοὶ
2466 4189 2575 4260 γὰρ
2607 4188 2775 4252 ὅντως
2803 4191 2867 4260 τῇ
2894 4187 3050 4258 ὕϐρει
3077 4188 3384 4256 γεγόνασιν,
3414 4189 3474 4242 οὐ
3510 4191 3804 4260 προφήτας

2213 4278 2401 4348 ἀγίους
2424 4279 2846 4342 ἀποκτείναντες
2881 4279 3063 4350 μόνον,
3093 4281 3186 4334 καὶ
3211 4283 3325 4343 τοῖς
3363 4279 3629 4334 κάλλιστα
3656 4297 3803 4350 συμ-

2212 4371 2556 4425 ϐουλεύουσιν
2586 4370 2781 4442 ἀνέδην
2804 4371 3055 4440 λέγοντες
3076 4389 3088 4402 ·
3127 4391 3145 4425 ι
3195 4372 3363 4426 Ἀλλα
3401 4374 3534 4445 ἡμῖν
3563 4371 3802 4442 λαλεῖτε,

2213 4464 2308 4517 καὶ
2339 4463 2700 4532 ἀναγγέλλετε
2733 4465 2862 4532 ἡμῖν
2888 4464 3082 4535 ἑτέραν
3115 4464 3402 4536 πλάνησιν,
3444 4483 3464 4516 ι
3513 4462 3654 4517 ἀλλά
3690 4464 3803 4533 γὰρ

529 4559 709 4615 olIicio
749 4560 1082 4628 gubernandi
1144 4559 1401 4628 populum
1460 4560 1760 4623 abdicaret,
1807 4559 1891 4613 vel
1943 4559 2105 4614 etiam

2211 4557 2302 4608 καὶ
2329 4553 2479 4624 αύτῷ
2508 4555 2608 4624 τὴν
2641 4555 2888 4623 γλῶτταν
2925 4556 3283 4628 έπιθήγοντες
3311 4556 3390 4627 τῷ
3427 4556 3672 4627 Χριστῷ,
3708 4559 3805 4610 καὶ

529 4653 635 4707 alio
666 4653 826 4706 modo
853 4651 971 4706 illos
996 4666 1224 4706 casuros
1239 4651 1415 4720 gladio
1439 4654 1535 4716 ait,
1555 4652 1812 4706 nimirum
1847 4649 2110 4716 hostium,

530 4746 982 4816 quemadmodum
1019 4746 1178 4802 modo
1199 4745 1328 4802 dixi.
1387 4745 1493 4800 Sed
1527 4755 1579 4799 et
1617 4743 1878 4808 Libanus,
1910 4742 2104 4813 inquit,

530 4855 654 4892 cum
706 4838 936 4893 excelsis
965 4847 1202 4895 corruet.
1243 4839 1508 4893 Libanum
1570 4835 1623 4888 itt
1670 4835 1780 4899 bis,
1837 4834 1996 4889 sicuti
2028 4842 2110 4889 est

532 4928 833 4996 probabile,
869 4929 1104 4998 appellat
1142 4928 1422 4998 templum,
1457 4927 1600 4995 quod
1635 4926 1957 4980 subversum
2025 4935 2108 4981 est

531 5030 583 5074 et
615 5021 915 5086 incensum,
942 5020 1243 5090 ceciditque
1271 5018 1432 5074 simul
1460 5033 1582 5072 cum
1609 5017 1692 5072 his
1717 5016 1807 5086 qui
1842 5017 1948 5072 alto
1981 5026 2110 5073 sunt

532 5115 840 5182 supercilio.
870 5113 1132 5169 Fastuosa
1173 5112 1318 5166 enim
1375 5119 1532 5166 erant
1578 5125 1705 5165 vere
1766 5111 2110 5166 sacerdotum

534 5209 810 5272 examina,
851 5219 906 5262 et
937 5207 1052 5276 ipse
1082 5220 1204 5260 cum
1245 5203 1351 5258 illis
1384 5202 1569 5268 Israel,
1610 5202 1701 5272 qui
1728 5202 2109 5257 universorum

533 5300 877 5356 Servatorem
911 5307 965 5352 et
989 5297 1401 5366 Iledemptorem
1425 5296 1688 5351 dedecore
1709 5296 2108 5364 conspurcavit.

534 5393 878 5446 Inveniemus
907 5388 1070 5444 etiam
1105 5388 1279 5457 ipsam
1325 5385 1626 5442 Jerusalem
1658 5386 1912 5455 appellari
1945 5385 2108 5447 Liba-

532 5499 679 5537 num.
714 5481 926 5537 Etenim
962 5479 1220 5550 propheta
1271 5477 1565 5534 Zacharias
1618 5477 2111 5534 alicubidixitei”:

537 5595 553 5624 ο
585 5573 765 5642 Aperi,
797 5572 1021 5637 Libane,
1049 5579 1234 5641 portas
1263 5580 1402 5637 tuas,
1423 5580 1477 5626 et
1507 5573 1727 5626 devoret
1761 5570 1900 5640 ignis
1924 5571 2115 5624 cedrus

534 5683 668 5729 ωας-
725 5670 909 5725 Ploret
956 5666 1138 5738 pinus,
1193 5662 1391 5734 quippe
1416 5660 1610 5718 cecidit
1633 5659 2114 5730 cedrus;plorate,

546 5822 583 5853 ³¹
616 5821 716 5875 lsa.
756 5837 879 5888 xxx,
912 5821 990 5875 l0.
1073 5821 1114 5854 ³²
1144 5819 1285 5876 Psal.
1322 5835 1504 5885 valv,
1535 5819 1589 5872 6.
1669 5817 1711 5848 ⁸³
1747 5817 1973 5873 Ζιςιιον.
2013 5832 2084 5883 χι,
2117 5816 2163 5869 l.

2210 4645 2270 4705 τὸ
2298 4646 2464 4716 κέρας
2500 4647 2598 4716 μὲν
2645 4649 2726 4709 είς
2777 4646 2912 4716 ὕψος
2950 4647 3294 4716 ἐπαίροντες,
3330 4648 3547 4703 ἀδικίαν
3593 4649 3655 4702 δὲ
3709 4648 3804 4701 λα-

2211 4736 2428 4801 λοῦντες
2462 4737 2601 4792 κατά
2633 4738 2728 4791 τοῦ
2760 4738 2917 4804 Θεοῦ,
2945 4738 3088 4793 κατά
3122 4740 3182 4793 τ’)
3205 4740 3616 4811 γεγραμμένον.
3657 4740 3799 4792 Ἀλλ’

2209 4824 2353 4882 οὗτοι
2375 4829 2892 4900 ταπεινωθήσονται,
2919 4830 3076 4900 φησὶ,
3097 4830 3193 4884 καὶ
3215 4830 3508 4884 πεσοῦνται
3529 4831 3798 4903 μαχαίρᾳ.

2208 4922 2503 4975 Διολὼλασι
2529 4921 2658 4992 γὰρ,
2695 4923 2769 4985 ὡς
2803 4922 2960 4993 ἔφην,
3005 4921 3162 4976 τοῦτο
3201 4923 3298 4993 μὲν
3326 4924 3650 4995 τομωτάτην
3684 4925 3804 4976 ἑπι-

2210 5015 2466 5086 φέροντος
2513 5015 2695 5078 αὐτοῖς
2721 5014 2819 5087 τὴν
2863 5014 3054 5086 ὀργὴν,
3088 5016 3184 5068 καὶ
3219 5009 3331 5069 οἷον
3371 5015 3519 5087 ὀξείᾳ
3554 5017 3805 5088 μαχαίρᾳ
3860 5073 3869 5095 ,

2207 5106 2552 5170 δαπανῶντος
2584 5107 2783 5170 αὐτοὺς
2817 5107 2911 5160 τοῦ
2939 5106 3098 5173 Θεοῦ,
3135 5108 3231 5161 καὶ
3257 5107 3364 5162 τῶν
3391 5108 3493 5178 τῆς
3524 5107 3805 5162 δικαιοσύ-

2209 5217 2307 5270 νης
2348 5199 2738 5270 ἀποκείροντος
2764 5199 3120 5270 αὐχημάτων,
3164 5201 3260 5253 καὶ
3305 5200 3402 5254 τοῦ
3436 5200 3802 5272 καθηγεῖσθαι

2210 5291 2354 5345 λαῶν
2387 5291 2830 5362 ἅποπέμποντος,
2871 5292 3039 5362 ἤγουν
3073 5293 3168 5346 καὶ
3204 5294 3328 5346 καθ’
3356 5293 3545 5364 ἕτερον
3573 5293 3799 5364 τρόπον,
3848 5295 3857 5300 ’

2221 5386 2465 5456 μαχαίρᾳ
2499 5375 2782 5438 πεσεῖσθαι
2815 5401 2982 5455 φησιν
3012 5385 3232 5449 αὐτοὺς,
3268 5387 3332 5456 τῇ
3373 5384 3482 5437 τῶν
3527 5384 3804 5456 πολεμίοιν

2216 5477 2480 5548 δηλονότι,
2513 5475 2765 5547 καθάπερ
2799 5476 2934 5547 ἔφην
2980 5476 3204 5547 ἀρτίως.
3250 5477 3410 5530 Ἀλλά
3443 5477 3540 5530 καὶ
3575 5478 3605 5530 ὀ
3642 5477 3803 5530 Λίϐα-

2219 5587 2346 5633 νος,
2401 5569 2574 5640 φησὶ,
2639 5571 2736 5622 σὺν
2795 5570 2907 5631 τοῖς
2962 5568 3188 5639 ὑψηλοῖς
3236 5572 3510 5622 πεσεῖται.
3567 5569 3799 5624 Λίϐανον

2223 5665 2279 5715 ὲν
2327 5661 2533 5723 τοῦτοις
2589 5661 2726 5714 κατά
2779 5677 2840 5727 γε
2896 5660 2954 5714 τὸ
3001 5660 3146 5725 εἰκὸς
3201 5660 3455 5732 ὀνομάζει
3497 5661 3589 5715 τὸν
3640 5661 3795 5725 νεὼν,
