4016 6480
239 378 359 461 sos

1404 385 1469 440 IN
1509 386 1749 446 ISMABA
1791 391 1919 452 LIB.
1966 394 2031 454 ll.
2076 397 2319 456 TOMUS
2360 399 2398 455 Ι.

3444 405 3549 460 510

231 494 298 557 ὃς
336 494 683 566 καθῄρηται,
721 500 816 553 καὶ
859 500 1274 573 ἐμπέπρησται,
1308 505 1567 562 πέπτωκέ
1609 527 1669 563 τε
1718 509 1855 583 ὁμοῦ

1969 528 2200 583 quercus
2238 518 2436 584 Basan,
2467 522 2671 590 quippe
2709 520 2956 578 succisus
2973 522 3554 584 estsaltuscousitus.»

229 591 354 650 τοῖς
386 588 608 661 ὑψηλὴν
640 590 823 661 ἔχουσι
850 593 949 665 τὴν
989 593 1184 667 ὀφρύν.
1220 596 1563 670 ’Υπέροπτος
1589 603 1697 676 γὰρ
1728 606 1860 677 άλη-

232 682 349 749 Θῶς
384 684 417 737 ὅ
449 702 511 737 τε
549 683 660 738 τῶν
690 687 882 758 ίερέων
912 688 1101 760 ἐσμὸς.
1135 690 1231 745 καὶ
1263 692 1426 758 αὐτὸς
1462 695 1520 749 δὲ
1553 698 1651 751 σὺν
1673 700 1858 765 αὐτοῖς

232 778 263 829 ὀ
304 776 561 849 Ἰσραὴλ,
607 777 705 831 τὸν
734 778 845 833 τῶν
868 779 1006 834 ὅλων
1052 781 1281 856 Σωτῆρα
1309 786 1402 838 καὶ
1425 787 1709 860 λυτρωτὴν
1738 791 1857 845 ἀτι-

238 871 452 939 μάσας.
499 871 830 944 Εὑρήσομεν
864 873 923 927 δὲ
979 874 1073 929 καὶ
1112 876 1284 947 αὐτὴν
1343 878 1441 950 τὴν
1491 880 1859 956 Ἰερουσαλὴμ

239 961 484 1016 Λίϐανον
530 962 961 1036 ὠνομασμένην.
986 966 1098 1020 Καὶ
1138 966 1270 1036 γοῦν
1299 970 1328 1022 6
1356 974 1646 1043 προφήτης
1680 976 1859 1045 Ζαχα-

249 1056 362 1126 ρίας
395 1053 506 1126 ἔφη
554 1073 657 1109 που
694 1056 831 1128 πρδς
876 1059 1077 1131 αὐτὴν·
1119 1076 1141 1111 ι
1168 1060 1464 1128 Διάνοιξον,
1516 1065 1547 1117 6
1596 1065 1853 1134 Λίϐανος,

247 1148 340 1209 τὰς
374 1146 557 1218 θύρας
611 1165 731 1214 σου,
776 1149 872 1203 καὶ
919 1153 1289 1222 καταφαγέτω
1332 1153 1445 1226 πῦρ
1484 1156 1584 1219 τὰς
1632 1158 1858 1229 κέδρους

246 1255 357 1290 σον.
420 1257 440 1289 ι
488 1239 836 1307 Ὀλολυξάτω
882 1243 1062 1309 πίτυς,
1121 1244 1256 1298 διότι
1308 1247 1564 1302 πέπτωκε
1623 1250 1851 1320 κέδροςο

243 1330 568 1396 ὀλολύξατε,
597 1332 763 1405 δρῦες
799 1338 900 1406 τῆς
933 1337 1309 1403 Βασανίτιδος,
1330 1340 1412 1393 ὅτι
1446 1342 1802 1413 κατεσπάσθη
1826 1345 1857 1398 6

240 1422 453 1493 δρυμός
482 1441 583 1477 σου
621 1427 649 1478 ὀ
684 1426 988 1499 σύμφυτος.
1039 1430 1258 1503 Ἐπειδὴ
1284 1432 1392 1505 γάρ
1432 1434 1548 1506 ὄρει
1586 1434 1664 1507 τῷ
1686 1437 1857 1492 Λιϐά-

241 1532 329 1566 νου
365 1517 737 1586 παρεικάζων
784 1520 883 1592 τὴν
934 1522 1312 1597 Ἰερουσαλὴμ,
1352 1526 1526 1591 οὕτως
1569 1528 1854 1600 ὠνόμαζεν

241 1606 443 1675 αὐτὴν,
494 1609 821 1677 ἀναγκαίως
877 1614 977 1683 τῆς
1012 1613 1107 1668 τοῦ
1146 1615 1305 1684 λόγου
1353 1618 1565 1692 τροπῆς
1611 1620 1855 1687 πιθανῶς

243 1697 530 1768 ἐχόμενος,
566 1700 784 1774 κέδροις
834 1705 929 1758 καὶ
964 1704 1156 1778 δρυμῷ
1213 1709 1499 1782 συμφύτῳ,
1529 1711 1657 1776 τούς
1688 1730 1749 1767 τε
1795 1716 1854 1768 ἐν

248 1789 379 1859 αὐτῇ
406 1789 602 1856 λαοὺς,
653 1794 748 1845 καὶ
783 1794 885 1864 μέν
930 1811 1013 1848 τοι
1046 1796 1173 1861 τοὺς
1214 1800 1553 1871 ἡγουμένους
1595 1801 1851 1874 ὀνομάζει

241 1882 562 1952 χρησίμως,
601 1878 685 1947 οἷς
712 1884 807 1940 καὶ
832 1885 1110 1950 ὀλολύζειν
1164 1887 1555 1959 διακελεύεται,
1589 1873 1764 1949 διάτοι
1794 1897 1856 1951 τὸ
1888 1873 1930 1928 Β

235 1974 467 2045 δρυμῶν
499 1976 665 2049 δίκην
700 1978 975 2051 ἐπιπηδᾷν
1010 1980 1196 2046 αὐτοῖς
1248 1985 1374 2049 τοὺς
1422 1984 1852 2060 ὠλοθρευκότας.

232 2068 301 2119 Ei
331 2067 390 2119 δὲ
429 2067 498 2139 δή
535 2086 625 2133 τις
657 2069 831 2125 ἕλοιτο
877 2073 1271 2146 κεκρυμμένης
1311 2075 1555 2148 ἅψασθαι
1598 2081 1851 2155 θεωρίας,

1963 606 2254 679 Postquam
2280 611 2426 666 enim
2463 614 2635 669 monti
2670 611 2863 669 Libani
2897 613 3198 670 Jerusalem
3226 629 3554 685 comparans

1960 702 2034 757 itu
2063 702 2397 760 nominasset
2426 719 2572 769 eam,
2625 708 2939 764 necessario
2969 709 3023 763 in
3076 710 3346 765 sermonis
3398 717 3556 779 tropo

1959 793 2164 849 diserte
2192 794 2515 860 immorans,
2564 796 2853 853 cedrorum
2878 786 3147 870 silvaeque?
3167 801 3393 857 consitae
3460 815 3554 868 ap-

1959 884 2249 956 pellatione
2292 887 2517 957 populos
2568 888 2621 943 in
2664 904 2726 945 ea
2761 900 2818 945 et
2847 893 3120 963 principes
3185 902 3343 950 vocat
3399 909 3554 949 com-

1961 976 2139 1042 mode,
2169 993 2308 1048 quas
2350 978 2533 1050 lugere
2558 978 2737 1055 jubet,
2772 992 3059 1052 propterea
3085 986 3230 1055 quod
3286 984 3556 1040 insultent

1958 1068 2067 1124 illis
2104 1079 2363 1139 tanquam
2392 1071 2565 1137 silvis.
2600 1072 2655 1127 bi
2680 1073 2773 1142 qui
2810 1073 3280 1144 disperdiderunt.
3340 1075 3397 1131 Si
3433 1075 3555 1145 quis

1958 1170 2138 1215 autem
2173 1161 2305 1217 velit
2333 1170 2534 1219 tectam
2562 1172 2618 1219 et
2660 1163 3001 1219 reconditam
3037 1165 3361 1220 sententiam
3391 1165 3555 1221 attin-

1958 1266 2104 1318 gere,
2137 1260 2191 1307 et
2222 1267 2444 1309 sensum
2470 1255 2692 1327 vimque
2747 1254 2944 1310 horum
2998 1255 3289 1310 verborum
3339 1253 3557 1311 Satanas

1956 1344 2297 1417 subditisque
2325 1346 2425 1417 ipsi
2457 1348 2816 1418 potestatibus
2871 1348 3097 1404 nefariis
3122 1349 3553 1413 accommodare,

1958 1434 2047 1489 hic
2077 1450 2108 1490 a
2147 1451 2313 1507 scopo
2371 1437 2574 1494 decoro
2637 1455 2983 1510 nequaquam
3049 1440 3358 1496 recesserit.
3409 1440 3556 1495 Con-

1959 1527 2088 1583 trita
2121 1536 2210 1585 est
2237 1530 2404 1595 enim,
2435 1539 2491 1585 et
2527 1531 2708 1598 periit,
2740 1532 2810 1587 ad
2862 1547 3080 1587 omnem
3147 1530 3409 1586 malitiam
3430 1546 3556 1601 pro-

1949 1621 2094 1691 jecta
2125 1632 2180 1677 et
2206 1620 2494 1693 proﬂigata
2538 1624 2848 1679 daemonum
2897 1626 3117 1689 cohors,
3154 1634 3209 1680 et
3252 1611 3388 1694 ipse
3432 1638 3558 1677 cum

1959 1714 2064 1770 illis
2091 1717 2257 1769 draco
2295 1724 2570 1786 apustata,
2595 1715 2773 1774 elatus
2796 1726 2849 1773 et
2872 1717 3287 1788 superciliosus,
3310 1725 3364 1770 et
3383 1714 3549 1770 veluti

1958 1805 2165 1862 Libano
2200 1807 2368 1862 monti
2425 1808 2710 1864 assimilis.
2750 1809 2886 1863 Nam
2914 1820 3043 1864 ante
3103 1807 3408 1864 Servatoris
3462 1820 3557 1861 uo.

1961 1900 2060 1955 stri
2109 1900 2402 1955 adventum
2442 1899 2668 1955 illustris
2696 1909 2821 1955 erat
2878 1902 3152 1967 omnibus,
3201 1911 3257 1956 et
3294 1898 3557 1961 insolens,

1963 1992 2165 2063 ubique
2185 1992 2432 2049 locorum
2463 1994 2753 2061 adoratus,
2798 2001 2855 2048 et
2895 1993 3127 2064 gloriam
3160 1992 3382 2048 deitatis
3404 1990 3471 2046 ad
3499 2003 3567 2044 se

1967 2086 2168 2152 rapuit.
3473 2087 3479 2092 ’

233 2160 336 2212 καὶ
365 2161 472 2232 τὴν
518 2160 633 2215 τῶν
669 2165 1051 2236 προκειμένων
1092 2169 1403 2240 ἐφαρμόσαι
1455 2170 1687 2242 δύναμιν
1740 2174 1891 2247 αὐτῷ
1920 2192 1982 2230 τε
2022 2176 2101 2249 τῷ
2150 2177 2405 2248 Σατανᾷ,
2453 2175 2552 2232 καὶ
2597 2178 2724 2241 ταῖς
2757 2177 2850 2231 ὑπ’
2904 2176 3070 2232 αὐτὸν
3122 2174 3388 2245 δυνάμεσι
3439 2173 3562 2234 ταῖς

232 2254 582 2329 ἁλιτηρίαις,
612 2258 735 2313 οὐδὲ
772 2253 930 2325 οὗτος
959 2261 1063 2329 ἔξω
1089 2262 1184 2317 τοῦ
1211 2266 1423 2331 εἰκότος
1453 2266 1714 2338 βαδιεῖται
1755 2270 1984 2331 σκοποῦ.
2014 2272 2311 2345 Συνετρίὸη
2338 2273 2397 2328 δὲ
2440 2272 2538 2327 καὶ
2566 2271 2818 2326 ἀπόλωλε
2857 2270 2970 2326 τῶν
2998 2268 3295 2342 δαιμονίων
3318 2266 3380 2321 τὸ
3406 2265 3560 2338 φιλοῖ

236 2351 562 2425 κακοῦργον
606 2359 819 2426 στῖφος,
869 2359 964 2413 καὶ
1020 2359 1185 2425 αὐτὸς
1217 2360 1273 2415 δὲ
1313 2364 1413 2418 σὺν
1464 2363 1651 2429 αὐτοῖς
1678 2367 1708 2420 6
1737 2366 1956 2439 δράκων
1989 2371 2018 2424 6
2054 2369 2394 2442 ἀποστάτης,
2428 2372 2459 2424 6
2488 2368 2732 2441 ὑψηλὸς,
2772 2370 2872 2424 καὶ
2921 2369 3264 2440 ὑπέροφρυς,
3303 2366 3399 2420 καὶ
3447 2357 3563 2417 οἷον

236 2448 358 2518 ὄρει
397 2449 481 2521 τῷ
514 2450 745 2523 Λιϐάνῳ
799 2455 1265 2528 παρεικασμένος.
1308 2459 1423 2529 Πρὸ
1458 2460 1567 2531 γὰρ
1598 2461 1698 2534 τῆς
1734 2461 1832 2517 τοῦ
1896 2466 2150 2537 Σωτῆρος
2204 2466 2367 2538 ἡμῶν
2407 2466 2705 2539 ἐπιδημίας
2747 2466 3062 2540 περιφανής
3111 2481 3198 2529 τις
3236 2457 3308 2535 ἦν
3356 2461 3555 2525 ἅπασι.»

238 2541 335 2595 καὶ
376 2540 589 2606 ἄτοπος
618 2546 872 2620 πανταχῆ
917 2550 1417 2623 προσκυνούμενος,
1458 2556 1553 2611 καὶ
1605 2554 1706 2627 τὴν
1732 2557 1835 2628 τῆς
1872 2558 2128 2633 θεότητος
2156 2560 2316 2627 δόξαν
2343 2561 2601 2631 ἁρπάσας
2630 2561 2717 2631 ἐφ’
2751 2559 2954 2631 ἐαυτῷ.

311 2637 430 2693 Καὶ
466 2638 868 2704 ἐξελεύσεται
903 2643 1132 2714 ῥάϐδος
1159 2648 1230 2702 ἐκ
1257 2646 1367 2717 τῆς
1389 2649 1559 2719 ῥίζης
1599 2652 1855 2720 Ἰεσσαὶ,

238 2731 339 2785 καὶ
367 2729 563 2803 ἀνθος
591 2733 663 2787 ἐκ
689 2732 804 2803 τῆς
827 2735 999 2806 ῥίζης
1046 2739 1439 2809 ἀναϐήσεται,
1463 2744 1565 2799 καί
1579 2744 1855 2802 ἀναπαύ-

236 2840 418 2880 σεται
466 2824 566 2879 ἐπ’
614 2826 807 2882 αὐτὸν
844 2831 1085 2902 πνεῦμα
1109 2833 1220 2889 τοῦ
1250 2836 1422 2901 Θεοῦ,
1465 2836 1707 2908 πνεῦμα
1747 2855 1857 2894 σο-

237 2920 388 2988 φίας
411 2920 519 2974 καὶ
548 2920 894 2991 συνέσεως,
919 2923 1160 2996 πνεῦμα
1188 2927 1436 2999 βουλῆς
1471 2931 1572 2985 καὶ
1613 2933 1857 3001 ἰσχύος,

237 3013 491 3083 ,πνεῦμα
516 3013 804 3086 γνώσεως
848 3018 952 3073 καὶ
980 3020 1310 3091 εὐσεϐείας,
1322 3023 1626 3095 ἐμπλήσει
1642 3027 1837 3081 αὑτὸν

237 3105 491 3177 πνεῦμα
518 3108 718 3177 φόϐου
743 3110 920 3168 Θεοῦ.

2037 2657 2167 2711 Car.
2210 2656 2303 2712 XI.
2341 2656 2638 2712 VsusJ-i’i.
2683 2656 2840 2727 191
2881 2652 2949 2708 Et
2984 2650 3286 2723 egredietur
3317 2664 3466 2719 virga
3497 2649 3571 2703 de

1964 2748 2143 2802 radice
2190 2747 2378 2815 δείδιε,
2412 2758 2461 2804 et
2499 2750 2599 2818 ﬂos
2642 2750 2705 2803 de
2746 2747 2926 2801 radice
2967 2744 3237 2801 ascendet.
3278 2742 3349 2796 Et
3389 2743 3566 2811 requi-

1962 2849 2099 2894 escet
2126 2854 2282 2909 super
2302 2857 2423 2895 eum
2451 2840 2674 2911 spiritus
2700 2838 2815 2905 Dei,
2846 2838 3065 2907 spiritus
3097 2835 3372 2905 sapientia:
3396 2843 3446 2889 et
3476 2834 3564 2888 in»

1964 2930 2232 3000 (allectus,
2289 2932 2508 3002 spiritus
2558 2932 2769 2987 consilii
2816 2940 2865 2986 et
2921 2928 3291 2999 fortitudinis,
3344 2927 3564 2996 spiritus

1964 3022 2199 3079 scientiis
2229 3032 2278 3077 et
2308 3023 2828 3095 pietatigcomplebit
2858 3023 3031 3093 ipsum
3092 3021 3312 3092 spiritus
3358 3019 3564 3080 timoris

1968 3114 2087 3169 Dei.

312 3198 707 3269 Προεγνωκὼς
748 3205 777 3258 6
813 3207 1103 3277 προφήτης
1150 3206 1242 3261 διὰ
1280 3207 1385 3280 τῆς
1435 3210 1642 3265 ἄνωθεν
1680 3210 1862 3283 64600-

2046 3206 2314 3265 Prtesctus
2370 3224 2556 3267 rerum
2614 3208 2926 3267 futurarum
2989 3208 3290 3281 prepheta,
3353 3206 3471 3264 face
3533 3224 3566 3264 e

242 3291 371 3361 χίας
407 3292 481 3346 τὰ
518 3293 764 3365 ἐσόμενα
800 3298 949 3370 σαφῆ
992 3303 1231 3355 ποιεῖται
1281 3303 1383 3375 τὴν
1431 3304 1856 3376 προαγόρευσιν.

246 3387 485 3457 Εἴρηται
523 3387 637 3459 γὰρ
683 3389 784 3459 μὲν
816 3392 875 3444 ἐν
906 3391 1157 3465 ὑστέροις
1198 3396 1413 3466 καιροῖς
1459 3395 1598 3468 πρὸς
1629 3397 1720 3451 τὸν
1764 3415 1864 3467 μα-

253 3480 447 3548 κάριον
499 3479 674 3535 Δαϐὶδ
721 3481 878 3552 παρὰ
913 3482 1010 3536 τοῦ
1058 3483 1280 3540 πάντων
1323 3486 1659 3559 κρατοῦντος
1687 3489 1824 3544 Θεοῦ
1843 3505 1858 3520 ·

262 3592 284 3625 ι
333 3573 431 3626 Ἐκ
454 3574 678 3645 καρποῦ
706 3576 811 3647 τῆς
844 3576 1048 3647 ὀσφύος
1088 3596 1184 3633 σου
1211 3578 1455 3653 ϐήσομαι
1483 3582 1579 3636 ἐπὶ
1613 3581 1704 3637 τὸν
1735 3582 1864 3655 θρό-

258 3681 349 3720 νον
378 3683 495 3721 σου.
536 3688 556 3721 ι
602 3668 830 3742 Ἐπειδὴ
875 3668 935 3725 δὲ
975 3666 1045 3742 ἦν
1072 3672 1102 3726 6
1141 3673 1322 3728 πάντα
1354 3672 1511 3738 εἰδὼς
1539 3678 1654 3740 τοῖς
1688 3677 1866 3745 ἁγίοις

250 3762 569 3833 προφήταις
606 3763 712 3837 τὴν
760 3762 872 3818 τῶν
918 3764 1198 3836 ἐσομένων
1244 3766 1561 3838 πρόγνωσιν
1605 3769 1858 3837 ἐντιθεὶς,

248 3853 749 3923 προαναϐεὸόηται
791 3855 892 3909 καὶ
919 3854 1082 3911 τοῦτο
1121 3857 1253 3929 παρ’
1285 3856 1492 3924 αὐτῶν,
1526 3858 1615 3914 ἵνα
1653 3877 1865 3915 πάντας

244 3944 417 4013 χόθεν
477 3946 838 4017 μαρτυρῖῃαι
890 3947 956 4002 τὺ
1003 3949 1330 4020 μυστήριον,
1394 3952 1490 4005 καὶ
1538 3952 1868 4024 πιστεύηται

242 4035 504 4102 γεγονός.
539 4035 769 4090 Ῥάϐδον
797 4038 980 4093 τοίνυν
1006 4040 1070 4093 ὲκ
1099 4042 1200 4111 τῆς
1230 4040 1390 4113 ῥίζης
1419 4042 1625 4105 Ἰεσσαὶ
1649 4044 1869 4109 ἐξελεύ-

248 4128 458 4182 σεσθαί
492 4146 689 4199 φησιν,
736 4129 1112 4201 ἀναϐήσεσθαι
1160 4131 1220 4186 δὲ
1268 4132 1367 4187 καὶ
1415 4134 1609 4200 ἄνθος,
1669 4138 1765 4191 καὶ
1806 4139 1870 4191 οὐ

244 4222 400 4294 μετά
439 4238 508 4290 γε
556 4220 621 4275 τὸ
651 4224 999 4296 ταραχθῆναι
1024 4226 1153 4289 τοὺς
1183 4225 1433 4292 ἐνδόξους
1472 4228 1614 4299 μετὰ
1658 4229 1867 4300 ἰσχύος,

246 4315 682 4387 ταπεινωθῆναι
730 4316 790 4371 δὲ
820 4319 916 4372 καὶ
946 4319 1076 4384 τοὺς
1108 4319 1374 4391 ὑψηλοὺς,
1418 4324 1513 4377 καὶ
1542 4324 1641 4377 σὺν
1687 4325 1876 4387 αὐτοῖς

242 4409 561 4464 πεσεῖσθαι
610 4410 706 4464 τὸν
735 4410 1000 4479 Λίϐανον,
1057 4414 1186 4468 τότε
1240 4414 1343 4485 τὴν
1396 4415 1595 4486 ῥάϐδον
1658 4416 1727 4470 ἐκ
1773 4416 1878 4488 τῆς

259 4505 479 4558 Ἰεσσαὶ
529 4504 693 4576 ῥίζης
739 4505 1051 4579 ἀναφυῆναι
1098 4524 1290 4579 φησιν.
1328 4506 1470 4561 Ἀλλ’
1518 4508 1579 4560 ἐν
1630 4507 1730 4577 μὲν
1761 4509 1877 4571 τοῖς

1960 3301 2213 3368 supernis
2234 3317 2491 3370 accensa,
2527 3302 2732 3359 claram
2763 3302 3172 3374 pradictioncm
3204 3301 3357 3356 facit.
3384 3299 3570 3356 Poste-

1966 3388 2202 3446 rioribus
2253 3392 2401 3447 enim
2463 3392 2802 3464 temporibus
2842 3391 3048 3448 dictum
3091 3399 3177 3447 est
3235 3391 3300 3446 ad
3349 3392 3568 3445 beatum

1965 3481 2223 3539 Davidem
2263 3500 2292 3539 a
2331 3492 2667 3555 praepotente
2718 3486 2829 3542 Deo
2863 3501 2881 3542 :
2916 3505 2935 3539 ι
2958 3486 3033 3541 De
3052 3484 3231 3541 l‘ructu
3264 3482 3436 3557 lumbi
3489 3486 3569 3540 tui

1968 3593 2167 3649 ponam
2220 3592 2387 3648 super
2434 3578 2620 3635 sedem
2674 3586 2823 3634 tuam
2851 3577 2919 3634 “.
2958 3596 2978 3632 ι
3016 3578 3152 3635 Cum
3201 3592 3334 3645 vero
3384 3579 3573 3634 omnia

1968 3670 2158 3737 sciret,
2211 3669 2525 3725 futurorum.
2562 3669 3007 3740 perspicientiam
3052 3670 3259 3727 sanctis
3290 3669 3574 3740 prophetis

1970 3760 2238 3818 inseruit:
2270 3769 2327 3818 et
2371 3761 2477 3817 hoc
2520 3761 2589 3816 ab
2621 3760 2728 3816 illis
2756 3775 2977 3832 quoque
3007 3770 3137 3817 ante
3178 3761 3572 3833 proclamatum

1972 3860 2088 3919 est,
2119 3860 2179 3907 ut
2225 3852 2590 3922 undecunque
2624 3860 2879 3907 testatum
2929 3850 3082 3907 ﬁeret
3132 3852 3485 3923 mysterium,
3519 3859 3571 3906 et

1971 3960 2097 4002 eum
2155 3946 2360 4001 factum
2414 3956 2563 4002 esset
2615 3946 2953 4001 crederetur.
3004 3945 3197 4015 Itaque
3245 3944 3457 4014 virgam
3507 3945 3576 3998 de

1974 4040 2159 4095 radice
2183 4037 2350 4095 Jessae
2376 4054 2720 4107 egressuram
2748 4039 2845 4105 ait,
2872 4038 3171 4108 ﬂoremque
3195 4049 3574 4092 ascensurum.

1975 4129 2093 4186 Non
2124 4141 2306 4186 autem
2335 4130 2590 4202 gloriosis
2627 4131 2682 4186 in
2711 4130 3030 4187 fortitudine
3059 4127 3426 4193 conturbatis,
3456 4125 3576 4181 ela~

1960 4226 2048 4281 tis
2091 4224 2352 4294 dejectis,
2401 4224 2718 4296 Libanoque
2779 4239 2902 4279 cum
2966 4222 3075 4279 illis
3131 4221 3406 4290 collapsa,
3461 4226 3573 4272 tum

1962 4319 2187 4388 virgam
2220 4318 2355 4373 dicit
2384 4320 2451 4373 de
2475 4320 2647 4388 stirpe
2665 4317 2834 4373 Jessae
2874 4315 3301 4388 germinaturam
3332 4329 3346 4367 :
3376 4313 3470 4366 sed
3519 4310 3575 4365 iu

1978 4411 2354 4483 superioribus
2377 4411 2548 4466 totius
2573 4410 2771 4483 negotii
2803 4424 3016 4465 summa
3049 4408 3102 4463 in
3135 4419 3333 4475 genere
3357 4404 3578 4467 demon;

1982 4507 2279 4562 strabatur.
2315 4506 2445 4573 Quae
2493 4519 2731 4575 namque
2773 4510 3032 4559 eventura
3060 4508 3243 4556 essent
3292 4494 3571 4560 lsraelitis,

242 4595 505 4669 πρώτοις
533 4597 1080 4671 κεφαλαιωδέστερω
1127 4602 1161 4669 ἡ
1183 4598 1280 4653 τοῦ
1315 4600 1520 4664 παντὸς
1546 4590 1862 4672 πράγματος

1982 4600 2146 4670 impie
2172 4599 2228 4654 iu
2261 4599 2551 4654 Dominum
2578 4609 2826 4655 nostrum
2859 4593 3044 4651 Iesum
3070 4591 3352 4648 Christum
3378 4588 3576 4645 debet»

243 4689 526 4761 ὲδηλοῦτο
552 4689 811 4762 δύναμις.
838 4691 977 4747 Τίνα
996 4692 1105 4764 γάρ
1124 4692 1323 4764 ἔμελλε
1356 4694 1740 4767 συμϐήσεσθαι
1762 4698 1862 4760 τοῖς

1979 4693 2178 4758 chatis,
2213 4691 2363 4747 brevi
2393 4703 2647 4748 sermone
2686 4688 3012 4753 didicimus;
3043 4699 3187 4741 nunc
3218 4690 3413 4744 autem.
3446 4696 3577 4737 nar-

242 4786 315 4851 ἐξ
354 4784 583 4856 Ἰσραὴλ
627 4786 1091 4857 πεπαρῳνηκόσιν
1136 4788 1371 4853 ἀνοσίως
1419 4790 1503 4854 εἰς
1534 4789 1625 4844 τὸν
1670 4789 1862 4862 Κύριοι

1980 4784 2122 4839 ratio
2154 4785 2221 4838 ad
2253 4796 2524 4838 summum
2567 4779 2736 4836 veluti
2776 4779 2856 4834 rei
2889 4776 3213 4849 principium
3236 4772 3575 4846 regreditur,

207 4879 423 4949 ξὴμῶν
466 4877 682 4949 Ἰησοῦν
725 4878 817 4931 τὸν
846 4878 1106 4951 Χριστὸν,
1138 4882 1197 4935 ἐν
1225 4881 1419 4954 βραχεί
1450 4883 1595 4955 λόγῳ
1625 4884 1862 4956 μεμαθή-

1985 4875 2053 4929 ad
2082 4874 2480 4929 humanitatem
2508 4873 2729 4943 inquam
2759 4870 3051 4942 Unigente,
3063 4878 3120 4924 et
3144 4868 3212 4925 ad
3240 4865 3576 4923 nativitatem

212 4984 229 5021 '.
247 4988 466 5042 καμεν·
515 4973 792 5042 ἀναφοιτᾷ
815 4971 874 5026 δὲ
905 4971 1001 5026 νῦν
1026 4974 1059 5045 η
1087 4974 1341 5046 διήγησις
1369 4976 1458 5029 ἐπ’
1484 4976 1658 5047 αὐτὴν
1690 4975 1862 5048 ὥσπεε

1983 4967 2281 5021 secundum
2300 4979 2545 5029 carnem,
2569 4979 2637 5020 ex
2664 4962 2893 5018 muliere
2919 4961 3131 5017 ratione
3157 4956 3581 5029 dispensationis

243 5066 358 5137 τὴν
412 5065 689 5119 ἀνωτάτω
730 5063 825 5119 τοῦ
871 5065 1201 5136 πράγματος
1240 5067 1442 5141 ἀρχὴν,
1493 5069 1640 5141 φημὶ
1676 5067 1741 5139 δὴ
1777 5066 1879 5139 τὴν

243 5156 692 5229 ἐνανθρὼπησιν
722 5156 818 5211 τοῦ
855 5158 1229 5225 Μονογενοῦς,
1255 5161 1354 5214 καὶ
1375 5159 1477 5232 τὴν
1506 5159 1877 5232 οἰκονομικῶς

247 5252 541 5323 ἐσομένην
576 5251 645 5304 ἐκ
671 5250 936 5320 γυναικὸς
966 5251 1112 5306 κατὰ
1142 5252 1325 5323 σάρκα
1359 5253 1637 5323 γέννησιν.
1656 5254 1880 5309 Ῥάὸδον

247 5344 325 5413 δὴ
370 5338 473 5396 οὖν
518 5340 779 5411 ὠνόμαζε
821 5340 915 5396 τὸν
957 5343 1023 5394 ἐκ
1070 5340 1227 5412 ῥίζης
1268 5342 1471 5395 Ἰεσσαὶ
1522 5342 1666 5396 κατὰ
1697 5345 1879 5415 σάρκα

248 5433 544 5506 Χριστόν·
593 5435 691 5486 καὶ
743 5431 852 5505 μὴν
897 5433 1038 5505 πρὸς
1068 5432 1245 5503 τούτῳ
1300 5433 1396 5487 καὶ
1422 5433 1606 5500 ἄνθος,
1647 5435 1744 5489 καὶ
1788 5434 1880 5490 διὰ

258 5528 368 5598 μὲν
389 5528 497 5598 τῆς
524 5526 753 5600 ῥάϐδου,
785 5527 932 5580 κατά
958 5542 1025 5595 γε
1045 5524 1108 5579 τὸ
1138 5524 1308 5589 εἰκὸς,
1337 5526 1399 5579 τὸ
1427 5526 1710 5597 βασιλικὸν
1725 5527 1867 5599 ἔχων

252 5621 491 5691 ἀξίωμα
554 5620 806 5688 πλαγίως
854 5616 1318 5689 ὑποσημαίνεται.
1353 5618 1614 5692 Σύνθημα
1639 5622 1751 5693 γὰρ
1781 5621 1881 5694 βα-

256 5710 479 5774 σιλείας
507 5712 542 5780 ἡ
580 5709 801 5780 ῥάϐδος.
835 5708 948 5763 Καὶ
986 5706 1119 5779 γοῦν
1140 5709 1170 5762 6
1200 5707 1491 5774 θεσπέσιος
1533 5710 1701 5766 Δαὸὶδ
1743 5712 1881 5782 πρὸς

335 5868 382 5901 ιι
411 5867 565 5925 Psal.
594 5851 785 5934 cmi,
817 5865 904 5921 ll.
974 5845 1028 5897 ἐυ
1062 5845 1207 5921 risui.
1237 5882 1386 5933 utr,
1421 5864 1479 5920 7.

1982 5059 2245 5115 futuram.
2292 5058 2528 5113 Proinde
2578 5058 2787 5126 virgam
2835 5053 3138 5112 nominavit
3185 5050 3467 5107 Christum
3514 5050 3584 5106 de

1982 5153 2168 5207 radice
2180 5150 2347 5209 lassae
2364 5149 2519 5221 juxta
2543 5163 2794 5216 carnem,
2810 5156 2866 5204 et
2888 5155 3153 5218 praeterea
3176 5144 3338 5200 etiam
3358 5141 3580 5199 ﬂorem:

1982 5255 2040 5303 et
2096 5261 2193 5316 per
2242 5244 2485 5315 virgam,
2543 5257 2667 5299 eum
2722 5241 2928 5312 regiam
2974 5238 3295 5310 dignitatem
3343 5235 3583 5300 habere,

1980 5339 2208 5409 oblique
2230 5335 2566 5396 subindicati
2598 5334 2834 5390 videtur.
2867 5330 3005 5388 Nam
3039 5340 3251 5387 tessera
3277 5334 3333 5383 et
3366 5327 3583 5398 signum
3657 5374 3661 5379 ,

1991 5434 2147 5505 regni
2193 5434 2366 5502 virga.
2409 5428 2549 5489 Hinc
2593 5430 2807 5485 divinus
2857 5426 3029 5483 David
3072 5425 3175 5498 ipsi
3219 5423 3363 5480 Filio
3408 5419 3584 5476 dicit:

1999 5545 2017 5578 ι
2057 5524 2314 5581 Thronus
2348 5533 2496 5588 tuus,
2548 5522 2716 5586 Deus,
2751 5519 2806 5575 in
2861 5517 3119 5575 saeclum
3164 5510 3383 5580 saeculi,
3432 5508 3584 5579 virga

1993 5617 2342 5675 rectitudinis
2371 5617 2523 5686 virga
2556 5614 2709 5687 regni
2744 5612 2821 5668 tui
2845 5611 2912 5668 ³⁸.
2942 5630 2971 5665 ι-
2999 5610 3141 5679 Quin
3162 5616 3218 5663 et
3242 5604 3401 5659 aliter
3432 5599 3583 5671 virga

1993 5713 2099 5771 dici
2132 5720 2333 5786 potest,
2361 5712 2622 5784 quoniam
2658 5710 2821 5768 habet
2853 5704 3063 5770 omnia,
3085 5700 3220 5759 etin
3256 5703 3410 5754 recto
3439 5701 3583 5753 statu.
