4016 6472
503 383 608 440 3H

1493 377 1551 438 Β.
1596 379 1871 437 CYHILLI
1909 377 2384 435 ALEXANDRINI
2420 379 2742 439 ARCHIEP.

3678 385 3782 440 5l2

504 505 753 563 continet
787 519 851 562 ac
886 512 1198 570 conservat,
1238 510 1293 559 et
1332 501 1475 572 quod
1505 502 1781 558 inllrmum
1816 514 1922 567 est,
1953 503 2080 557 facit

2190 499 2352 554 αὐτόν
2379 499 2480 554 πού
2519 518 2652 571 φησι
2681 502 2772 555 τὸν
2798 501 2950 556 Υίόνο
2991 521 3009 554 ι
3054 501 3114 556 ὀ
3139 501 3331 573 θρόνος
3360 519 3455 557 σου
3479 504 3508 558 6
3530 503 3665 569 Θεὸς
3701 506 3782 568 είς

504 599 847 653 consistere:
885 597 998 652 sive
1047 598 1334 652 humanam
1385 603 1675 658 naturam,
1721 609 1838 664 quae
1890 603 2098 648 tantum

2197 591 2290 645 τὸν
2322 591 2512 657 αἰῶνα,
2551 593 2745 663 ῥάϐδος
2773 593 3066 666 εὐθύτητος
3092 595 3125 666 ἡ
3155 595 3350 666 ῥάϐδος
3378 599 3478 667 τῆς
3503 597 3783 666 βασιλείας

506 704 618 745 non
663 697 1024 758 conquassata
1065 696 1173 756 est,
1215 696 1271 742 et
1329 687 1590 742 aerumnis
1631 693 1687 741 et
1719 684 2080 742 atllictionibu:

2199 699 2314 736 σου.
2357 701 2375 734 ι
2393 682 2618 746 Ῥάϐδος
2650 683 2705 737 δὲ
2735 685 2830 738 καὶ
2859 685 3083 756 ἑτέρως,
3123 684 3200 748 ὡς
3223 683 3290 738 ἂν
3320 684 3457 755 έχων
3486 684 3556 738 τά
3579 687 3776 750 πάντα,

505 783 729 845 obruta,
781 789 838 835 et
887 777 1286 849 quodammodo
1337 777 1627 833 inebriata.
1685 777 1882 832 Cantat
1937 777 2080 846 igitul

2196 774 2289 828 καὶ
2320 776 2402 839 είς
2433 775 2494 828 τὸ
2521 770 2581 828 εὖ
2610 769 2749 830 εἶναι
2784 775 3046 846 συνέχων,
3079 776 3402 829 συνεστᾶναί
3430 793 3488 829 τε
3518 776 3690 830 ποιῶν
3720 778 3785 831 τὸ

506 873 694 926 beatus
727 873 916 936 David,
945 871 1219 926 communi
1249 870 1492 925 omnium
1526 885 1758 940 persona
1787 870 1890 924 sibi
1924 869 2098 938 impo-

504 967 605 1018 sita
637 980 650 1016 :
681 981 700 1015 r
734 964 896 1033 Virga
919 972 1030 1028 tua,
1055 971 1111 1018 et
1139 961 1362 1025 baculus
1383 970 1528 1026 tuus,
1556 961 1667 1029 ipsa
1699 977 1785 1016 me
1817 960 2094 1017 consolata

503 1065 629 1109 sunt
653 1055 720 1110 ³⁸.
761 1073 780 1107 ι
817 1053 1117 1110 Conﬁrmat
1145 1055 1290 1108 enim
1331 1053 1508 1124 justos
1541 1053 1701 1114 Deus,
1736 1053 2092 1123 quemadmo-

387 1190 397 1197 .
501 1144 628 1198 dum
658 1144 921 1214 scriptum
950 1155 1035 1199 est
1056 1154 1145 1200 :et
1175 1153 1399 1199 vocatus
1420 1151 1505 1198 est
1533 1156 1664 1197 voce
1685 1143 2088 1212 prophetarum,

503 1237 739 1292 baCUIus
796 1237 1109 1308 gloriosus,
1161 1238 1312 1307 virga
1365 1237 1521 1308 192
1575 1235 1990 1306 magniﬁcentiae
2022 1238 2087 1293 ³⁷.

379 1371 392 1376 -
503 1324 667 1395 Virga
697 1329 864 1381 etiam
893 1327 1072 1392 aliter,
1101 1327 1225 1396 quia
1273 1326 1444 1382 bonus
1483 1336 1670 1396 pastor
1695 1335 1810 1392 est,
1850 1327 2086 1382 animam

501 1431 656 1468 suam
689 1430 896 1484 ponens
938 1430 1036 1487 pro
1059 1417 1251 1470 ovibus
1277 1415 1342 1469 ³⁸.
1373 1414 1586 1469 Dictum
1628 1426 1711 1471 est
1749 1416 1916 1485 igitur
1960 1417 2008 1472 ei
2060 1433 2089 1472 a

501 1503 755 1572 qu0piam
805 1518 1121 1560 sanctorum
1168 1505 1604 1574 prophetarum:
1648 1522 1668 1558 ι
1703 1503 1872 1562 Pasce
1922 1523 2091 1577 popu-

499 1595 611 1648 lum
651 1605 800 1649 tuum
842 1596 895 1650 in
929 1596 1112 1666 virga,
1147 1597 1347 1650 tribum
1379 1603 1550 1662 tuam,
1576 1611 1710 1653 oves
1757 1598 2090 1656 haereditatis

500 1688 681 1743 tuae".
703 1705 720 1738 ι
739 1683 833 1741 Sin
851 1696 1028 1742 autem
1055 1687 1312 1758 cuiquam
1348 1687 1580 1756 videtur,
1609 1690 1737 1760 quia
1775 1690 1940 1761 judex
1985 1701 2087 1758 est,

497 1785 551 1829 et
606 1776 784 1831 reddit
831 1776 1060 1848 singulis
1113 1794 1211 1848 pro
1269 1779 1481 1833 ratione
1535 1793 1760 1848 operum
1822 1795 2079 1845 suorum,

2201 866 2526 937 ἠσθενηκὸς,
2568 867 2687 938 ἦτοι
2741 866 2840 938 τὴν
2898 866 3187 938 ἀνθρώπου
3246 867 3426 937 φύσιν,
3491 872 3782 942 μονονουχὶ

2193 961 2653 1031 κατασειομένην,
2699 961 2794 1014 καὶ
2829 959 3134 1030 μεθύουσαν
3176 961 3282 1015 ὑπὸ
3328 961 3536 1018 παθῶν.
3569 964 3781 1019 Ψάλλει

2191 1050 2323 1120 γοῦν
2353 1053 2380 1106 6
2409 1053 2682 1124 μακάριος
2718 1052 2915 1118 Δαϐὶδ,
2963 1052 3024 1106 τὸ
3062 1053 3241 1107 κοινὸν
3298 1054 3557 1109 ἁπάντων
3605 1054 3780 1124 πρόσο

2191 1161 2339 1197 ωπον
2357 1143 2538 1215 ἑαυτῷ
2554 1145 2820 1216 περιθεὶς,
2845 1166 2862 1197 ι
2885 1146 2950 1199 Ἥ
2967 1146 3160 1216 ῥάϐδος
3185 1164 3300 1212 σου,
3325 1147 3420 1200 καὶ
3442 1149 3475 1218 ἡ
3502 1147 3777 1217 βακτηρία

2193 1253 2309 1302 σου,
2331 1231 2490 1291 αὗταί
2520 1255 2588 1308 με
2615 1237 3018 1308 παρεκάλεσαν.
3055 1257 3073 1290 ι
3094 1238 3483 1310 Ὑποστηρίζει
3507 1238 3620 1308 γάρ
3646 1241 3778 1304 τοὺς

2189 1328 2436 1392 δικαίους
2454 1329 2482 1381 6
2513 1329 2720 1402 Κύριος
2750 1330 2890 1384 κατὰ
2919 1331 2978 1384 τὸ
3003 1331 3388 1403 γεγραμμένον
3409 1349 3422 1361 ·
3456 1330 3774 1402 ὠνόμασται

2189 1422 2245 1476 δὲ
2285 1421 2372 1474 διὰ
2411 1421 2595 1494 φωνῆς
2623 1421 2919 1493 προφητῶν
2965 1422 3238 1493 βακτηρία
3293 1422 3545 1493 εὐκλεὴς,
3577 1423 3774 1495 ῥάϐδος

2194 1513 2589 1586 μεγαλοσύνηςο
2639 1514 2834 1586 ῥάϐδος
2876 1513 2935 1568 δὲ
2973 1514 3070 1570 καὶ
3112 1514 3337 1585 ἑτέρως,
3383 1516 3613 1585 ἐπείπερ
3654 1515 3774 1568 ἐστὶ

2191 1605 2399 1678 ποιμὴν
2437 1605 2660 1675 ἀγαθὸς,
2689 1607 2790 1676 τὴν
2828 1605 3007 1677 ψυχὴν
3039 1605 3235 1661 ἑαυτοῦ
3269 1607 3442 1670 τιθεὶς
3480 1605 3622 1676 ὑπὲρ
3653 1605 3762 1659 τῶν

2191 1695 2501 1767 προϐάτων.
2548 1695 2778 1768 Εἴρηται
2807 1696 2941 1766 γοῦν
2990 1698 3129 1769 πρὸς
3173 1697 3339 1752 αὐτὸν
3378 1697 3447 1752 δι’
3497 1697 3617 1761 ἐνὸς
3661 1697 3772 1750 τῶν

2192 1787 2363 1854 ἁγίων
2411 1785 2740 1858 προφητῶνο
2782 1805 2801 1839 t
2834 1786 3098 1857 Ποίμαινε
3127 1786 3257 1842 λαόν
3306 1805 3401 1841 σου
3446 1787 3505 1840 ὲν
3561 1787 3768 1860 ῥάϐδῳ,

497 1865 700 1922 idcirco
738 1882 860 1922 eum
903 1846 959 1922 et
1006 1846 1358 1924 meritissimo
1388 1846 1654 1925 nominari
1699 1870 1940 1941 virgam,
1978 1873 2080 1928 rite

2188 1846 2362 1950 φυλήν
2413 1846 2544 1947 σὸυξ
2583 1846 2831 1951 πρόϐατα
2876 1846 3246 1951 κληρονομίας
3292 1897 3408 1933 σου.
3444 1897 3464 1931 ›
3504 1846 3572 1934 El
3608 1846 3773 1948 δέ

495 1959 780 2029 intelliget.
811 1960 946 2015 Nam
977 1961 1178 2016 dictum
1209 1970 1292 2016 est
1317 1960 1389 2027 ei,
1418 1958 1618 2018 lsraele
1650 1962 1702 2016 in
1735 1962 1882 2018 illum
1901 1963 2095 2021 debac-

495 2050 720 2116 chante,
758 2059 813 2106 et
852 2051 1180 2120 impotenter
1219 2051 1284 2106 ad
1329 2051 1747 2109 inobedientiam
1781 2055 2076 2128 prolapso:

502 2162 521 2195 ι
557 2142 756 2198 Pasces
777 2159 870 2200 eos
902 2145 954 2198 in
993 2144 1144 2215 virga
1182 2144 1384 2210 ferrea,
1411 2154 1466 2200 et
1499 2155 1706 2202 utvasa
1747 2148 1892 2217 [lguli
1930 2165 2081 2205 com-

498 2235 707 2289 minues
733 2249 828 2291 eos
849 2235 918 2290 “.
949 2253 969 2288 ι
995 2235 1086 2292 Sic
1114 2235 1273 2291 nobis
1297 2235 1443 2291 illum
1463 2237 1850 2304 sapientissimi
1879 2239 2081 2312 Moysis

495 2329 582 2381 lex
638 2327 909 2397 designat.
967 2328 1279 2383 Assumitur
1339 2329 1484 2385 enim
1539 2332 1594 2385 in
1645 2340 1830 2402 typum
1877 2332 2080 2388 Christi

494 2419 661 2474 etiam
687 2420 836 2490 virga
858 2420 1089 2476 Aarouis
1111 2435 1230 2490 qua}
1251 2419 1454 2486 lloruit,
1476 2430 1532 2476 et
1559 2422 1614 2478 in
1639 2422 1840 2480 Sancta
1863 2432 2082 2480 saneto-

495 2526 613 2566 rum
655 2511 800 2567 illata
837 2521 940 2568 est.
977 2511 1340 2568 Eﬂlorueruut
1385 2515 1530 2569 enim
1575 2514 1899 2584 juglandes:
1950 2517 2079 2586 quid

491 2615 671 2657 autem
741 2619 920 2659 causa:
942 2605 1047 2670 sit,
1105 2613 1160 2659 et
1213 2619 1337 2674 qua:
1391 2607 1707 2661 umbrarum
1769 2609 2078 2675 sententia,

488 2696 776 2752 dicendum
795 2697 1141 2763 est.Quidam
1163 2697 1307 2754 enim
1325 2697 1715 2768 physiologiam
1735 2700 2080 2771 rationesque

489 2791 773 2846 naturales
805 2792 1107 2860 attingunt,
1139 2801 1194 2845 et
1225 2790 1493 2845 aﬂirmant
1523 2791 1726 2862 virgam
1757 2807 1824 2848 ex
1859 2791 2078 2863 juglan-

488 2884 687 2950 tlibus,
745 2884 791 2942 si
841 2885 1002 2952 capiti
1059 2883 1288 2954 alicujus
1352 2895 1688 2954 apponatur,
1746 2886 2077 2956 vigilantiam

489 2975 813 3029 naturaliter
834 2974 1062 3031 ellicere.
1102 2976 1286 3046 Itaque
1306 2991 1429 3032 cum
1453 2975 1725 3042 Christus,
1755 2978 1916 3033 sicuti
1950 2979 2080 3034 dicit

489 3067 551 3120 Β.
583 3066 784 3122 Paulus
810 3067 878 3134 “,
909 3069 1082 3138 gratia
1114 3068 1208 3123 Dei
1239 3082 1336 3138 pro
1364 3069 1621 3124 omnibus
1643 3079 1873 3124 mortem
1896 3079 2080 3139 gusta-

489 3168 645 3212 turus
673 3166 838 3224 esset,
864 3167 919 3214 et
949 3159 1226 3230 paulisper
1265 3160 1429 3216 veluti
1467 3160 1677 3217 nietans
1711 3169 1970 3232 tanquam
2007 3177 2069 3216 ex
2099 3191 2142 3250 α

489 3264 680 3307 somno
713 3249 977 3305 excitatus
1011 3259 1157 3306 esset
1183 3251 1399 3318 iterum,
1444 3259 1501 3306 et
1533 3260 1709 3307 morte
1755 3253 2072 3309 conculcata

488 3340 746 3395 divinitus
777 3342 1082 3410 revixisset,
1118 3343 1244 3399 hinc
1285 3343 1454 3411 virgze
1491 3343 1826 3414 juglandium
1857 3361 2076 3416 compa-

489 3441 666 3485 ratur.
699 3429 809 3486 llac
835 3432 1019 3487 divina
1052 3443 1107 3489 et
1150 3433 1475 3502 intelligibili
1516 3436 1661 3506 virga
1694 3435 1906 3507 Moyses
1946 3453 2073 3507 ope-

491 3534 641 3577 ratus
667 3533 749 3578 est
785 3525 1044 3580 miracula
1071 3568 1086 3590 ,
1135 3527 1259 3580 dum
1298 3524 1554 3582 lsraelem
1601 3529 1866 3582 servitute
1909 3527 2076 3600 Egy-

487 3616 660 3684 ptiaca
685 3616 893 3683 eximit,
929 3617 1159 3686 ideoque
1203 3632 1322 3672 eam
1373 3619 1575 3684 virgam
1609 3619 1705 3674 Dei
1753 3622 2072 3678 nominavit.

490 3707 617 3761 Erat
641 3707 840 3778 quippe
882 3709 930 3764 ei
962 3711 1108 3779 virga
1135 3710 1374 3777 virtutis,
1421 3712 1562 3766 sicut
1601 3711 1864 3782 scriptum
1896 3725 1979 3769 est
2003 3714 2072 3770 ".

487 3802 620 3855 Cum
661 3802 826 3872 igitur
853 3804 1116 3872 propheta
1157 3803 1499 3873 amigmatice
1555 3813 1608 3859 et
1643 3806 1839 3861 tectius
1869 3817 2075 3877 myste-

489 3891 624 3944 rium
648 3890 851 3947 Christi
878 3893 1232 3959 subinnueus,
1252 3907 1285 3948 e
1308 3894 1478 3962 stirpe
1499 3892 1668 3950 Jessac
1686 3895 1890 3966 virgam
1916 3898 2073 3954 nobis

487 3984 691 4040 exoriri
726 3985 878 4050 dicit,
931 3995 1056 4040 tunc
1087 3986 1326 4055 quidem,
1360 3995 1486 4042 tunc
1522 3988 1688 4041 animi
1719 3989 1890 4045 oculis
1924 3990 2072 4045 illmn

489 4077 825 4145 unigenitum
850 4077 943 4131 Dci
967 4076 1306 4144 Sermonem,
1326 4079 1474 4134 illum
1497 4095 1595 4150 per
1614 4095 1772 4150 quem
1794 4083 1994 4148 omnia,
2016 4091 2074 4139 et

485 4172 540 4224 in
553 4185 660 4240 quo
679 4180 808 4225 sunt
825 4172 1028 4237 omnia,
1045 4181 1098 4226 et
1116 4171 1472 4239 incarnatum,
1488 4181 1542 4227 et
1558 4173 1826 4228 hominem
1845 4174 2070 4242 laetum,

483 4271 538 4317 et
581 4264 646 4317 ad
683 4263 1044 4319 voluntariam
1077 4264 1498 4319 exinanitioncm
1546 4279 1606 4320 se
1655 4265 2072 4335 demitteutem,

484 4365 538 4409 ct
565 4365 782 4424 propter
805 4372 905 4411 nos
936 4356 1276 4411 nativitatem
1307 4357 1727 4425 dispensationis
1771 4374 1882 4414 suae
1908 4374 2071 4415 causa

484 4450 836 4514 subeuntem,
884 4448 1041 4514 juxta
1075 4463 1317 4514 carnem,
1350 4449 1569 4520 inquam
1591 4492 1606 4517 ,
1642 4461 1697 4506 et
1727 4467 1795 4505 ex
1843 4453 2072 4506 muliere

2179 1969 2360 2036 δοκεῖ,
2411 1969 2508 2023 καὶ
2571 1970 2803 2042 ἐπείπερ
2866 1969 2984 2023 ἐστὶ
3037 1970 3264 2043 κριτὴς,
3323 1969 3419 2024 καὶ
3481 1970 3774 2034 ἀποδιδοὺς

2181 2060 2396 2133 ἑκάστῳ
2432 2059 2572 2115 κατά
2599 2061 2667 2116 τά
2713 2061 2848 2132 ἔργα
2891 2059 3079 2125 αὐτοῦ,
3107 2059 3280 2132 ταύτῃ
3327 2079 3430 2125 τοι,
3485 2060 3579 2115 καὶ
3622 2060 3772 2132 μάλα

2183 2153 2412 2216 εἰκότως
2454 2151 2814 2223 ὀνομάζεσθαι
2841 2153 3058 2224 ῥάϐδον,
3083 2153 3267 2224 νοήσει
3301 2151 3505 2216 καλῶς.
3536 2152 3769 2224 Εἴρηται

2180 2243 2290 2314 γάρ
2347 2242 2484 2312 πρὸς
2540 2243 2740 2310 αὑτὸν,
2795 2243 3303 2314 ἐμπαροινήσαντός
3351 2260 3409 2296 τε
3469 2241 3619 2314 αὐτῷ
3674 2240 3767 2296 τοῦ

2201 2333 2438 2406 Ἰσραὴλ,
2467 2335 2562 2388 καὶ
2593 2335 2850 2406 ἀκρατῶς
2878 2335 3304 2400 άπονενευκότος
3331 2336 3412 2399 εἰς
3438 2333 3729 2388 ἀπείθειαν
3749 2351 3764 2364 ·

2188 2446 2208 2478 ι
2244 2428 2538 2499 Ποιμανεῖς
2565 2427 2762 2490 αὐτοὺς
2789 2428 2846 2480 ὲν
2885 2427 3066 2499 ῥάϐδῳ
3101 2426 3298 2498 σιδηρᾷ
3317 2467 3330 2492 ,
3359 2427 3456 2480 καὶ
3483 2426 3560 2490 ὡς
3595 2425 3768 2496 σκεύη

2179 2517 2469 2589 κεραμέως
2518 2517 2832 2590 συντρίψεις
2883 2518 3105 2584 αὐτούς.
3144 2537 3161 2570 ι
3199 2518 3388 2582 Οὕτως
3425 2520 3559 2589 ἡμῖν
3600 2517 3767 2572 αὐτὸν

2180 2610 2277 2664 καὶ
2324 2612 2352 2664 ό
2397 2608 2492 2662 τοῦ
2541 2609 2824 2679 πανσόφου
2866 2610 3113 2674 Μωσέως
3139 2608 3545 2681 κατασημαίνει
3579 2609 3767 2679 νόμος·

2179 2702 2669 2774 παραλαμϐάνεται
2723 2703 2831 2775 γὰρ
2896 2705 2979 2767 εἰς
3036 2702 3209 2756 τύπον
3281 2701 3520 2774 Χριστοῦ
3569 2702 3667 2756 καὶ
3732 2703 3770 2772 ἡ

2179 2798 2376 2871 ῥάϐδος
2416 2796 2625 2868 Ἀαρὼν
2655 2798 2688 2868 ή
2722 2797 3102 2869 βλαστήσασα,
3137 2799 3232 2852 καὶ
3261 2800 3342 2862 είς
3365 2797 3436 2852 τά
3460 2797 3634 2867 Ἅγια
3661 2798 3772 2852 τῶν

2182 2889 2352 2958 ἁγίων
2385 2887 2872 2959 είσκεκομισμένη.
2916 2888 3212 2960 Ἐξήνθησε
3260 2889 3370 2961 γάρ
3418 2888 3626 2960 κάρυα,
3670 2889 3773 2942 καὶ

2179 2981 2234 3036 τί
2266 2981 2328 3054 δὴ
2354 2980 2418 3033 τὸ
2446 2981 2636 3052 χρῆμα
2663 2980 2774 3033 τῶν
2800 2983 2857 3034 έν
2893 2982 3072 3044 σκιαῖς
3103 2981 3346 3044 ἐννοιῶν,
3374 2982 3552 3033 εἰπεῖν
3592 2981 3768 3048 ἀναγ-

2183 3074 2354 3126 καῖον.
2386 3071 2684 3123 ’Ἀπτονται
2719 3070 2817 3140 μὲν
2842 3068 2951 3141 γὰρ
3003 3069 3354 3139 φυσιολογίας
3382 3069 3546 3134 τινὲς,
3574 3069 3671 3121 καὶ
3702 3069 3771 3139 δὴ

2181 3163 2275 3218 καί
2320 3179 2451 3232 φησι
2484 3160 2582 3231 τὴν
2628 3161 2891 3232 καρυῒνην
2922 3161 3138 3232 ῥάϐδον,
3184 3162 3239 3213 εί
3285 3163 3422 3232 πρὸς
3454 3162 3522 3230 τῇ
3553 3159 3769 3230 κεφαλῇ

2178 3253 2356 3310 κέοιτό
2381 3270 2563 3326 τινων.
2599 3252 2869 3315 άνυπνίας
2905 3248 3044 3306 εἶναι
3091 3251 3338 3322 φυσικῶς
3369 3251 3767 3322 ὲμποιητικήν.

2173 3343 2384 3398 Οὐκοῦν
2427 3343 2724 3413 ἐπειδήπερ
2770 3341 2996 3412 έμελλεν
3041 3345 3069 3396 6
3113 3342 3389 3413 Χριστὸς,
3425 3341 3610 3412 χάριτι
3668 3341 3770 3412 μὲν

2171 3433 2330 3499 Θεοῦ,
2367 3433 2510 3488 καθά
2540 3449 2708 3504 φησιν
2753 3434 2780 3485 6
2833 3435 3104 3504 μακάριος
3134 3433 3367 3498 Παῦλος,
3398 3435 3540 3506 ὑπὲρ
3565 3433 3773 3496 παντὸς

2173 3526 2472 3596 γεύσασθαι
2505 3527 2758 3593 θανάτου,
2794 3526 2971 3598 βραχὺ
3019 3528 3075 3580 δὲ
3123 3527 3314 3599 ὥσπερ
3361 3525 3770 3592 άπονυστάξας,

2173 3619 2427 3691 καθάπερ
2458 3618 2518 3684 ἐξ
2547 3618 2718 3672 ὕπνου
2763 3619 3112 3690 διεγερθῆναι
3149 3620 3332 3683 πάλιν,
3377 3618 3676 3694 ἀναϐιῶναί
3707 3635 3773 3671 τε

2174 3712 2512 3785 θεοπρεπῶς,
2547 3713 2932 3784 πεπατημένου
2962 3713 3217 3768 θανάτου.
3253 3712 3440 3786 Ταύτῃ
3473 3729 3554 3766 τοι
3584 3710 3772 3782 ῥάϐδῳ

2174 3809 2408 3878 καρυῖνῃ
2439 3806 2857 3877 παρεικάζεται.
2902 3804 3000 3859 Διὰ
3031 3805 3237 3878 ταύτης
3277 3822 3335 3858 τε
3379 3805 3476 3875 τῆς
3512 3803 3664 3867 θείας
3706 3819 3770 3856 τε

2172 3901 2270 3953 καὶ
2288 3898 2487 3971 νοητῆς
2521 3897 2717 3968 ῥάϐδου
2774 3897 3337 3969 τεθαυματούργηκεν
3366 3898 3395 3950 6
3421 3896 3651 3966 Μωσῆς,
3669 3895 3773 3966 τῆς

2173 3995 2230 4045 ὲν
2295 3990 2557 4062 Αίγύπτῳ
2614 3990 2862 4054 δουλείας
2933 3990 3294 4044 ἀπαλλάττων
3366 3987 3458 4042 τὸν
3521 3987 3768 4058 Ἰσραήλ.

2185 4082 2406 4137 Ῥάϐδον
2428 4081 2557 4151 γοῦν
2582 4082 2752 4152 αὐτὴν
2777 4081 3030 4152 ὠνόμαζε
3058 4080 3216 4137 Θεοῦ.
3247 4076 3441 4149 Γέγονε
3473 4082 3584 4148 γὰρ
3613 4079 3768 4150 αύτῷ

2176 4173 2376 4243 ῥάϐδος
2405 4172 2708 4244 δυνάμεως,
2736 4172 2878 4228 κατὰ
2909 4172 2970 4225 τὸ
2996 4172 3408 4242 γεγραμμένον.
3446 4169 3623 4224 Ὀταν
3660 4171 3772 4222 τοίο

2173 4282 2267 4318 νυν
2295 4267 2324 4319 6
2351 4266 2640 4336 προφήτης
2661 4264 3081 4333 αίνιγματωδῶς
3107 4263 3168 4318 τὸ
3185 4263 3424 4334 Χριστοῦ
3457 4264 3764 4333 μυστήριον

2173 4357 2510 4427 ὑποφαίνων,
2551 4359 2617 4410 ὲκ
2659 4357 2761 4427 τῆς
2802 4356 2999 4409 Ἰεσσαὶ¹
3049 4357 3205 4428 ῥίζης
3248 4355 3346 4427 τὴν
3391 4355 3589 4428 ῥάϐδον
3637 4357 3770 4426 ἡμῖν

2172 4449 2514 4520 ἀναφανῆναι
2559 4449 2716 4520 λέγῃ,
2764 4448 2888 4501 τότε
2933 4449 3018 4518 δὴ,
3071 4449 3193 4501 τότε
3227 4451 3338 4511 τοῖς
3381 4450 3481 4519 τῆς
3527 4447 3769 4510 διανοίας

483 4542 877 4610 contemplans,
923 4541 1052 4597 dicit
1083 4555 1205 4595 cum
1231 4542 1489 4610 propheta
1518 4560 1532 4596 :
1563 4561 1582 4594 ι
1618 4543 1862 4609 Domine,
1889 4543 2066 4598 audivi

2179 4541 2417 4611 ὗμμασιν
2475 4539 2640 4594 αὐτὸν
2677 4540 2943 4610 μονογενῆ
2969 4540 3063 4594 τοῦ
3089 4539 3224 4593 Θεοῦ
3260 4539 3461 4608 Λόγου,
3489 4539 3583 4592 τὸν
3614 4539 3684 4592 δι’
3707 4532 3768 4594 οὗ

485 4647 671 4685 vocem
721 4641 902 4696 tuam,
945 4639 1000 4685 et
1047 4632 1333 4698 pertimui,
1386 4632 1611 4701 cognovi
1659 4646 1824 4701 opera
1872 4643 1984 4696 tua,
2018 4641 2073 4687 et

483 4722 759 4790 obstupui.
795 4739 812 4773 ι
854 4719 1009 4791 Virga
1039 4721 1221 4792 itaque
1248 4729 1468 4792 propter
1505 4735 1699 4776 causas
1731 4735 1867 4789 quas
1908 4722 2070 4775 modo

482 4814 1054 4880 commemoravimus,
1099 4825 1324 4870 vocatus
1350 4821 1453 4869 est.
1489 4811 1617 4867 Flos
1663 4827 1794 4867 vero
1829 4827 2066 4880 rursum,

484 4907 741 4978 quoniam
772 4907 1006 4962 hominis
1044 4917 1236 4962 natura
1281 4907 1332 4960 in
1384 4905 1474 4959 illo
1501 4904 1568 4958 ad
1603 4903 2064 4972 incorruptionem

483 5013 540 5052 et
565 4998 630 5052 ad
661 5000 950 5054 novitatem
982 4996 1415 5055 conversationis
1443 4995 1769 5065 evangelica:
1797 4994 2062 5052 relluruit.

409 5123 413 5126 ~
484 5092 654 5145 Aliter
680 5093 843 5146 etiam
883 5091 985 5147 llos
1022 5102 1240 5161 propter
1287 5103 1509 5143 suavem
1565 5089 1914 5159 ﬂagrantiam
1965 5092 2065 5146 sub

486 5183 894 5253 intelligentiam
945 5183 1234 5237 cadentem
1293 5179 1617 5247 appellatur.
1675 5197 1695 5234 ι
1732 5179 1842 5247 Ego
1883 5181 2063 5248 enim,

483 5276 686 5344 inquit,
731 5274 830 5329 llos
877 5273 1090 5342 campi,
1147 5271 1304 5341 193
1348 5270 1518 5323 lilium
1564 5270 1888 5325 convallium
1929 5271 1997 5326 δ’.
2040 5291 2060 5326 ι

482 5370 610 5422 Ισίι-ιιι
636 5381 769 5423 sane
803 5373 857 5422 et
902 5365 1059 5419 nobis
1097 5364 1260 5418 veluti
1306 5363 1443 5418 odor
1476 5361 1693 5432 quidam
1736 5364 2064 5434 cognitionis

464 5455 576 5513 Dei
618 5463 675 5512 ct
722 5452 926 5507 Patris.
974 5449 1242 5506 Nimirum
1274 5450 1489 5506 divinus
1517 5450 1718 5507 Paulus
1751 5453 1802 5506 in
1829 5454 2059 5522 epistola

462 5546 654 5600 nit-it:
689 5562 708 5596 ι
745 5543 855 5600 Deo
906 5552 1088 5601 autem
1127 5543 1298 5615 gratia
1325 5583 1342 5609 ,
1388 5543 1481 5615 qui
1517 5559 1730 5615 semper
1769 5547 2065 5619 triumphat

556 5725 598 5796 ’f‘
631 5724 767 5778 l‘sal.
803 5740 935 5796 “ll,
963 5724 1041 5796 4.7
1093 5725 1134 5796 ἕ⁷
1171 5723 1368 5779 Jcrcm.
1407 5742 1590 5793 xum,
1628 5727 1712 5783 l7.
1791 5731 1832 5762 ³⁸
1858 5729 2012 5786 Juan.
2043 5749 2092 5796 ιι,
2128 5731 2208 5786 ιδ.

486 5800 529 5840 ⁸³
564 5795 701 5854 I‘sal.
729 5810 842 5866 cur,
871 5795 926 5850 2.
1003 5795 1046 5828 ⁸³
1075 5795 1228 5852 Cant.
1268 5812 1323 5863 tt,
1360 5798 1406 5851 l.

2167 4632 2237 4686 τά
2263 4631 2465 4696 πάντα,
2495 4631 2589 4685 καὶ
2619 4633 2676 4685 ὲν
2705 4625 2750 4700 ᾦ
2779 4633 2849 4686 τά
2879 4633 3080 4698 πάντα,
3128 4630 3551 4702 σεσαρκωμένον
3580 4647 3642 4683 τε
3675 4631 3768 4683 καὶ

2168 4725 2670 4797 ὲνανθρωπήσαντα
2704 4723 2948 4796 θεωρῶν,
3007 4724 3102 4778 καὶ
3154 4725 3235 4788 είς
3285 4723 3534 4777 ἑκούσιον
3573 4723 3767 4776 ἑαυτὸν

2167 4818 2407 4871 καθέντα
2477 4818 2731 4882 κένωσιν,
2780 4818 2878 4871 καὶ
2933 4818 3032 4891 τὴν
3087 4818 3156 4872 δι’
3203 4819 3350 4888 ἡμᾶς
3409 4817 3767 4886 οἰκονομικὴν

2172 4910 2480 4964 ἁνατλάντα
2531 4910 2810 4982 γέννησιν,
2847 4911 2991 4981 φημὶ
3022 4909 3086 4980 δὴ
3119 4908 3218 4979 τὴν
3249 4907 3394 4962 κατὰ
3430 4909 3616 4978 σάρκα
3671 4907 3766 4961 καὶ

2169 5003 2233 5054 ἐκ
2262 5003 2540 5071 γυναικὸς,
2571 5003 2708 5073 ὁμοῦ
2737 5002 2817 5073 τῷ
2845 5002 3100 5074 προφήτῃ
3138 5001 3316 5070 λέγει’
3359 5019 3378 5051 ι
3427 5001 3624 5071 Κύριε,
3661 5003 3762 5052 εἰσ-

2171 5095 2387 5164 ακήκοα
2409 5094 2508 5166 τὴν
2533 5096 2704 5166 ἀκοήν
2734 5111 2850 5155 σου,
2885 5094 2978 5146 καί⁵
3006 5092 3309 5164 ἐφοϐήθην·
3347 5093 3656 5162 κατενόησα
3695 5091 3762 5144 τά
3809 5080 3818 5103 ’

2167 5183 2325 5255 ἔργα,
2354 5185 2446 5237 καὶ
2473 5184 2716 5254 ἐξέστην.
2756 5202 2774 5235 ι
2816 5183 3038 5246 Ῥάϐδος
3071 5182 3136 5253 δὴ
3182 5179 3274 5235 οὖν
3305 5183 3620 5251 ὠνόμασται
3650 5181 3761 5244 διάτ

2169 5293 2251 5330 τοι
2301 5277 2400 5340 τὰς
2439 5277 2643 5348 ἀρτίως
2694 5279 2826 5347 ἡμῖν
2869 5275 3170 5347 εἰρημένας
3212 5274 3410 5335 αίτίας.
3464 5271 3662 5336 Ἀνθος
3705 5271 3758 5324 δὲ

2169 5367 2336 5420 πάλιν
2355 5381 2368 5395 ·
2400 5367 2629 5420 άνέθαλε
2651 5367 2760 5438 γάρ
2784 5369 2817 5437 ἡ
2840 5365 3130 5436 ἀνθρώπου
3162 5365 3323 5432 φύσις
3351 5366 3408 5417 ἐν
3445 5362 3598 5432 αὐτῷ
3625 5361 3756 5432 πρὸς

2168 5458 2502 5530 ἀφθαρσίαν,
2553 5461 2648 5513 καὶ
2681 5461 2762 5522 είς
2797 5459 2964 5529 ζωὴν,
3011 5459 3106 5512 καὶ
3138 5460 3218 5520 εἰς
3249 5457 3550 5526 καινότητα
3605 5455 3753 5507 πολι-

2167 5551 2320 5615 τείας
2355 5549 2719 5621 εύαγγελικῆς
2747 5566 2760 5580 ·
2811 5549 2973 5612 ἄνθος
3015 5548 3072 5601 δὲ
3113 5547 3208 5601 καὶ
3255 5547 3478 5616 ἑτέρως,
3523 5545 3613 5599 διὰ
3660 5545 3751 5614 τὴν

2290 5733 2330 5765 ³³
2363 5731 2522 5786 Mich.
2553 5747 2646 5798 vtt,
2685 5732 2767 5788 ll.
2835 5731 2874 5764 "°
2907 5731 3049 5796 Psal.
3079 5747 3138 5796 ιι,
3174 5731 3224 5788 9.
3295 5731 3329 5762 δ’
3373 5729 3534 5787 Hebr.
3568 5744 3627 5792 ιι,
3668 5726 3744 5780 ιιι.
3788 5729 3793 5732 ’
