4016 6502
291 395 415 456 313

1457 404 1527 461 IN
1566 405 1809 463 ISAIAM
1845 407 1980 465 LIB.
2024 409 2093 467 ll.
2136 409 2381 469 TOMUS
2420 412 2461 468 Ι.

3503 411 3609 469 5H

285 517 512 591 νοητὴν
542 520 830 593 εὐοσμίαν.
880 541 903 577 σ
937 524 1081 595 Ἐγὼ
1109 525 1239 601 γάρ,
1276 545 1296 582 ι
1335 528 1524 601 φησὶν,
1559 547 1579 582 t
1608 529 1771 596 ἄνθος
1801 529 1891 584 τοῦ

2006 547 2105 587 nos
2143 533 2196 587 in
2229 533 2471 600 Christo,
2510 543 2567 590 et
2596 534 2821 591 odorem
2874 534 3082 590 notitia:
3134 548 3247 590 sua:
3294 534 3612 590 manifestat

286 609 520 677 πεδίου,
556 614 750 687 κρίνον
775 615 885 670 τῶν
913 617 1199 677 κοιλάδων.
1240 640 1260 675 ι
1308 622 1508 693 Γέγονε
1541 622 1599 677 δὲ
1639 623 1737 679 καὶ
1768 627 1905 696 ἡμῖν

285 704 444 777 ὀσμή
479 723 570 771 τις
595 707 787 782 ὥσπερ
813 710 918 782 τῆς
947 712 1203 781 γνώσεως
1225 712 1321 768 τοῦ
1353 713 1491 768 Θεοῦ
1521 714 1623 769 καὶ
1659 716 1902 789 Πατρός.

288 796 411 851 Καὶ
445 797 589 868 γοῦν
629 802 659 854 ό
688 799 983 868 θεσπέσιος
1008 803 1222 869 Παῦλος
1256 802 1585 873 ἐπιστέλλει,
1615 805 1711 861 καί
1738 823 1904 878 φησιο

306 910 328 943 ι
357 888 449 960 Τῷ
484 890 617 962 Θεῷ
645 892 830 963 χάρις,
865 895 945 966 τῷ
976 896 1207 951 πάντοτε
1245 896 1637 970 θριαμϐεύοντι
1671 900 1822 971 ήμᾶς
1847 899 1907 955 ὲν

309 981 381 1052 τῷ
402 983 660 1055 Χριστῷ,
695 986 793 1039 καὶ
840 987 945 1059 τήν
977 988 1153 1061 ὀσμὴν
1193 989 1293 1060 τῆς
1322 989 1581 1061 γνώσεως
1606 992 1772 1046 αὐτοῦ
1801 1011 1908 1063 φα-

310 1073 550 1143 νεροῦντι
593 1077 664 1131 δι’
696 1078 858 1149 ήμῶν
890 1081 951 1134 ὲν
993 1084 1158 1137 παντὶ
1185 1083 1358 1155 τόπῳ,
1382 1085 1464 1139 δτι
1494 1084 1737 1158 Χριστοῦ
1768 1086 1904 1140 εὐω-

306 1167 385 1221 δία
411 1168 615 1239 ἐσμὲν,
659 1170 740 1243 τῷ
780 1171 902 1244 Θεῷ
943 1175 1004 1229 ὲν
1043 1179 1158 1239 τοῖς
1183 1176 1535 1249 σωζομένοις,
1566 1178 1663 1232 καὶ
1693 1180 1753 1232 ἐν
1789 1180 1904 1244 τοῖς

301 1259 706 1332 ἀπολλυμένοις
729 1279 743 1296 ο
783 1259 868 1330 οἷς
912 1268 1015 1338 μὲν
1058 1267 1203 1341 ὀσμὴ
1243 1268 1478 1324 θανάτου
1516 1271 1598 1334 είς
1642 1269 1898 1339 θάνατον,

297 1344 371 1414 οἷς
404 1351 465 1404 δὲ
497 1353 651 1425 ὀσμὴ
679 1356 831 1426 ζωῆς
879 1360 961 1422 εἰς
994 1358 1160 1432 ζωήν.
1196 1379 1216 1412 ι
1254 1360 1440 1436 Ταύτῃ
1471 1363 1539 1432 τῇ
1582 1361 1765 1435 ρἀδφ
1796 1381 1903 1436 φη·

297 1443 396 1506 civ,
422 1443 551 1514 ήτοι
590 1445 674 1517 τῷ
698 1447 850 1503 ἄνθει
877 1450 961 1522 τῷ
985 1454 1049 1507 ὲκ
1077 1453 1179 1526 τῆς
1202 1453 1362 1527 ῥίζης
1398 1456 1596 1509 Ἰεσσαὶ
1633 1457 1902 1530 τεχθησο-

296 1533 465 1605 μένῳ,
506 1538 658 1591 κατά
693 1542 923 1612 καιροὺς
954 1544 1440 1601 ὲπαναπαύσεσθαι
1471 1548 1703 1621 Πνεῦμα
1751 1548 1890 1603 Θεοῦ

294 1626 496 1691 πολλάς
528 1628 659 1701 ἔχον
681 1630 782 1695 τάς
808 1634 1113 1705 ἐνεργείας.
1137 1638 1364 1709 Πνεῦμα
1385 1639 1496 1712 γάρ
1526 1639 1660 1695 αὐτὸ
1701 1640 1900 1715 βουλῆς

295 1721 384 1773 καὶ
414 1723 703 1789 συνέσεως
736 1727 1017 1798 ὀνομάζει,
1044 1729 1304 1800 γνώσεώς
1333 1751 1395 1788 τε
1435 1735 1530 1789 καὶ
1562 1735 1777 1805 σοφίας,
1810 1737 1899 1790 εὑ-

295 1814 514 1877 σεόεέας
546 1817 648 1870 καὶ
685 1819 856 1891 φόϐου
884 1821 1044 1877 Θεοῦ.
1077 1825 1263 1897 Φαμὲν
1289 1826 1367 1892 δὲ,
1394 1829 1477 1882 ὅτι
1502 1829 1604 1901 τῆς
1629 1847 1899 1901 προφητι-

2012 639 2110 694 per
2141 640 2238 680 nos
2263 625 2317 680 in
2340 630 2486 681 omni
2512 626 2650 693 loco,
2675 628 2805 697 quia
2830 628 3034 683 Christi
3059 627 3237 683 bonus
3261 626 3398 682 odor
3419 642 3613 682 sumus

2008 717 2122 772 Deo
2149 718 2204 773 in
2233 718 2302 772 iis
2324 719 2416 789 qui
2452 718 2585 774 salvi
2619 719 2776 785 ﬁunt,
2810 728 2863 775 et
2898 719 2953 775 in
2979 720 3047 776 iis
3068 719 3162 790 qui
3183 728 3449 791 pereunt;
3488 718 3611 774 aliis

2009 810 2226 881 quidem
2276 812 2413 867 odor
2460 812 2651 867 mortis
2674 812 2729 866 in
2778 821 3054 877 mortem,
3111 811 3238 867 aliis
3285 825 3419 866 vero
3473 809 3611 865 odor

2009 902 2135 958 vitae
2160 903 2213 957 iu
2243 902 2411 958 vitam
2437 902 2504 956 δι.
2536 923 2556 955 ι
2596 901 2808 958 Idcirco
2838 901 2891 957 in
2916 900 3022 958 hac
3055 902 3234 973 virga,
3273 916 3369 956 seu
3412 902 3466 956 in
3503 901 3609 956 hoc

2009 995 2260 1067 germine
2291 1010 2357 1052 ex
2389 996 2559 1065 stirpe
2584 992 2776 1060 .lesste,
2808 994 2923 1049 suis
2958 994 3291 1065 temporibus
3320 994 3606 1064 acquietu-

2007 1102 2127 1143 rum
2151 1086 2229 1142 ait
2258 1086 2524 1157 Spiritum
2558 1086 2677 1153 Dei,
2714 1086 2899 1143 multis
2934 1087 3229 1144 virtutibus
3284 1095 3341 1141 et
3397 1086 3607 1142 viribus

2007 1179 2322 1252 pollentem.
2363 1179 2629 1250 Spiritum
2669 1179 2815 1236 enim
2854 1180 3035 1249 ipsum
3083 1179 3333 1234 nominat
3363 1176 3603 1243 consilii,

2005 1282 2061 1328 et
2111 1273 2515 1343 intelligentiae,
2568 1282 2625 1328 et
2674 1271 3035 1343 cognitionis,
3087 1282 3142 1327 et
3195 1271 3510 1341 sapientiae,
3553 1281 3609 1324 et

2006 1364 2364 1430 fortitudinis,
2387 1373 2442 1418 et
2472 1363 2770 1436 religionis,
2801 1372 2858 1419 et
2889 1362 3102 1418 timoris
3128 1362 3223 1418 Dei
3254 1362 3326 1415 “.
3363 1361 3605 1416 Dicimus

2002 1464 2184 1509 autem
2219 1454 2541 1525 prophetam
2590 1454 2642 1515 in
2694 1454 2800 1510 hoc
2844 1452 3119 1524 praeconio
3159 1466 3262 1509 suo
3310 1450 3603 1505 artiﬁcium

2003 1547 2083 1603 sic
2137 1555 2509 1616 temperasse,
2557 1556 2616 1601 ut
2674 1562 2779 1602 non
2844 1545 3123 1601 hominem
3180 1558 3392 1599 merum
3447 1541 3606 1596 nobis

2009 1640 2233 1695 inducat
2261 1639 2473 1701 Jesum,
2502 1640 2626 1694 dein
2654 1638 2860 1710 Spiritu
2884 1637 3148 1702 adlatum,
3174 1647 3229 1692 et
3248 1637 3403 1708 quasi
3433 1633 3603 1690 nostri

2001 1730 2211 1786 ordinis
2254 1744 2318 1785 ac
2362 1728 2698 1785 conditionis
2741 1734 2922 1794 esset,
2968 1725 3361 1782 charismatum
3390 1722 3606 1778 divino-

2003 1837 2121 1878 rum
2174 1821 2496 1893 participem
2542 1819 2780 1888 factum,
2825 1817 2925 1876 sed
2975 1817 3157 1888 potius
3213 1815 3307 1872 Dei
3358 1812 3602 1869 Verbum

286 1906 389 1975 κῆς
416 1908 722 1981 εὐτεχνίας
758 1910 821 1965 τὸ
849 1914 1116 1987 κήρυγμα
1137 1892 1238 1972 οῦκ
1267 1892 1718 1993 ἄνθρωπονήμίν
1740 1892 1891 1992 ψιλὸν

2003 1892 2298 1973 humanam
2343 1923 2595 1970 naturam
2632 1911 2996 1984 assumpsisse
3041 1910 3309 1975 declarat,
3349 1907 3602 1965 cumula-

279 1999 601 2070 εἰσκομίζει
647 2001 742 2056 τὸν
800 2004 1014 2072 Ἰησοῦν
1038 2047 1054 2073 ,
1104 2007 1223 2063 εἶτα
1271 2012 1538 2082 γεγονότα
1585 2031 1898 2087 πνευματο-

276 2088 476 2157 φόρον,
526 2089 629 2143 καὶ
665 2089 745 2156 ὡς
795 2094 854 2146 ὲν
906 2093 1059 2162 τάξει
1088 2098 1155 2171 τῇ
1190 2098 1315 2155 καθ’
1355 2101 1502 2176 ἡμᾶς
1534 2104 1897 2175 χαρισμάτων

272 2179 390 2230 τῶν
418 2180 582 2251 παρὰ
617 2181 756 2240 Θεοῦ
784 2188 1051 2256 γεγονότα
1099 2190 1351 2263 μέτοχον,
1393 2194 1897 2268 ενανθρωπήσαντα

361 2273 577 2342 μᾶλλον
623 2276 719 2330 τὸν
744 2278 840 2331 τοῦ
866 2279 1005 2334 Θεοῦ
1032 2283 1208 2353 Λόγον
1231 2285 1542 2357 καταδηλοῐ,
1574 2288 1758 2362 πλήρη
1796 2290 1895 2361 μὲν

272 2361 411 2418 Eata.
439 2366 659 2432 παντὸς
678 2369 917 2437 ἀγαθοῦ,
937 2372 1001 2426 τό
1023 2390 1089 2444 γε
1118 2370 1255 2448 ἧκον
1275 2378 1357 2442 είς
1383 2377 1485 2451 τὴν
1508 2361 1676 2434 αὐτοῦ
1707 2381 1892 2451 φύσιν,

271 2459 673 2530 οἰκειουμένου
711 2462 770 2517 δὲ
798 2464 942 2534 μετὰ
968 2466 1069 2539 τῆς
1098 2467 1524 2543 ἀνθρωπότητος
1573 2473 1670 2527 καὶ
1697 2473 1767 2528 τά
1794 2476 1895 2528 αὐ-

269 2553 403 2622 τῆς.
436 2554 608 2609 Ἰδιον
644 2554 754 2628 γὰρ
782 2556 1227 2632 ἀνθρωπὰτητος,
1259 2563 1320 2617 τὸ
1350 2564 1562 2621 οἴκοθεν
1588 2566 1690 2637 μὲν
1722 2566 1891 2638 ἔχειν,

268 2648 374 2700 καὶ
423 2647 506 2711 ὡς
562 2647 627 2714 ἐξ
679 2649 819 2715 ιδίας
869 2652 1088 2720 φύσεως
1122 2654 1234 2709 τῶν
1275 2655 1484 2710 ἀνωθεν
1533 2658 1892 2730 χαρισμάτων

264 2738 458 2792 οὐδέν·
491 2759 511 2791 t
548 2740 618 2794 Τί
653 2740 765 2814 γὰρ
798 2741 969 2813 ἔχεις,
1003 2743 1032 2797 ὃ
1059 2746 1161 2800 οὐκ
1185 2745 1415 2816 ἔλαϐες
1452 2768 1470 2801 ι
1498 2749 1717 2821 εἴρηται
1753 2751 1892 2822 πρὸς

266 2832 475 2904 αὐτὴν,
521 2834 934 2890 καταπλουτείν
975 2836 1033 2890 δὲ
1061 2838 1266 2907 μᾶλλον
1296 2838 1498 2908 ἔξωθέν
1545 2859 1605 2895 τε
1648 2844 1744 2896 καὶ
1785 2845 1891 2897 ἐπ-

264 2923 486 2988 ακτῶς,
537 2923 696 2997 παρὰ
729 2924 867 2981 Θεοῦ
906 2927 1185 3000 δηλονότι,
1227 2929 1298 2984 τὰ
1336 2930 1478 3003 ὑπὲρ
1514 2931 1677 3003 φύσιν
1728 2932 1889 2989 ἰδίαν.

265 3014 429 3067 Ἔδει
491 3014 683 3071 τοίνυν
746 3017 986 3076 καθέντα
1046 3021 1187 3095 πρὸς
1248 3023 1481 3078 κένωσιν
1547 3025 1742 3081 ἑαυτὸν
1797 3026 1890 3083 τὸν

266 3108 552 3180 μονογενῆ
592 3108 692 3166 τοῦ
732 3110 870 3167 Θεοῦ
907 3113 1104 3184 Λόγον,
1150 3114 1211 3170 τὸ
1243 3116 1310 3171 ὲκ
1340 3117 1442 3189 τῆς
1487 3118 1777 3183 κενώσεως
1812 3097 1888 3192 μὴ

264 3200 677 3271 παραιτεῖσθαι
713 3206 1153 3279 σμικροπρεπὲς,
1185 3209 1284 3263 καὶ
1327 3209 1510 3282 πλήρη
1543 3211 1688 3266 κατά
1723 3213 1887 3281 φύσιν

264 3293 402 3347 ὂντα
435 3294 702 3366 δέχεσθαι
727 3297 819 3352 διά
844 3299 905 3353 τὸ
932 3299 1300 3373 ἀνθρώπινον,
1320 3303 1420 3375 οὐχ
1448 3303 1631 3376 ἐαυτῷ
1656 3305 1878 3376 μᾶλλον,

272 3385 389 3440 ἀλλ’
417 3388 563 3458 ἡμῖν
600 3391 720 3453 τοῖς
756 3391 818 3444 ὲν
851 3391 1032 3466 ἐνδείᾳ
1075 3393 1282 3459 παντὸς
1309 3394 1539 3464 ἀγαθοῦ.
1581 3397 1746 3451 Ὥστε
1776 3397 1885 3454 κᾶν

279 3480 330 3530 ει
349 3479 568 3548 λέγοιτό
596 3498 732 3535 ποτε
757 3482 821 3536 τὸ
845 3483 1075 3554 Πνεῦμα
1104 3485 1312 3552 λαϐεῖν,
1342 3487 1520 3542 καίτοι
1545 3488 1779 3560 χορηγὸς
1807 3488 1882 3543 ὢν

278 3571 442 3634 αὐτὸς
474 3574 576 3629 τοῦ
613 3575 775 3644 άγίου
810 3576 1147 3649 Πνεῦματος,
1184 3580 1281 3634 καὶ
1323 3581 1425 3635 οὐκ
1472 3582 1537 3635 ἐκ
1570 3582 1773 3654 μέτρου
1803 3583 1883 3638 δι-

275 3663 422 3730 δοὺς,
463 3666 586 3720 ἀλλ’
617 3668 697 3733 ὡς
725 3666 786 3733 ἐξ
838 3670 971 3724 ἰδίου
1011 3671 1385 3744 πληρώματος
1424 3673 1701 3745 διανέμων
1750 3675 1884 3730 αὐτὸ

270 3760 388 3821 τοῖς
430 3759 638 3828 ἀξίοις,
690 3761 804 3814 τῶν
846 3762 949 3833 τῆς
981 3763 1271 3830 κενώσεως
1316 3766 1534 3839 μέτρων
1573 3767 1800 3822 νοείσθω
1824 3768 1884 3823 τὸ

270 3847 489 3915 λαϐεῖν,
515 3850 761 3905 κατευθὺ
787 3852 899 3925 γάρ
927 3852 1071 3909 οὕτω
1086 3857 1185 3928 τῆς
1205 3856 1466 3928 ἀληθείας
1485 3844 1714 3930 ἥξομεν.
1736 3859 1883 3932 Πλὴν

268 3939 458 3994 ἐκεῖνο
509 3941 673 4015 ἄθρει
697 3957 715 3974 ο
753 3962 773 3995 t
814 3945 1218 4000 ’Δναπαύσεται
1246 3946 1358 4020 γὰρ
1381 3947 1469 4003 ἐπ’
1491 3948 1656 4004 αὑτὸν
1675 3991 1690 4019 ,
1723 3952 1880 4022 φησι,

267 4031 515 4104 Πνεῦμα
542 4034 642 4089 τοῦ
676 4034 836 4092 Θεοῦ.
883 4054 902 4088 ι
943 4037 1166 4093 Δέδοται
1197 4038 1310 4111 γὰρ
1365 4040 1425 4111 ἐν
1458 4041 1656 4113 ἀρχαῖς
1686 4046 1755 4115 τῇ
1790 4042 1885 4097 τοῦ

266 4128 482 4194 γένους
518 4127 683 4198 ἡμῶν
712 4130 966 4202 άπαρχῇ,
997 4130 1267 4198 τουτέστι,
1287 4129 1365 4203 τῷ
1399 4133 1591 4204 Ἀδὰμ,
1624 4134 1762 4189 ἀλλά
1792 4135 1886 4204 γέ-

263 4236 404 4288 γονε
452 4219 709 4291 ῥᾴθυμος
755 4223 886 4294 περὶ
910 4223 1011 4294 τὴν
1049 4225 1286 4296 τήρησιν
1310 4224 1413 4296 τῆς
1441 4224 1690 4298 δοθείσης
1733 4226 1885 4299 αὐτῷ

265 4313 529 4385 ἐντολῆς,
546 4331 617 4368 κα
628 4332 688 4386 τη
697 4316 834 4389 μέλη
843 4333 903 4369 σε
924 4318 1032 4371 τῶν
1051 4319 1567 4389 προστεταγμένων,
1586 4320 1759 4374 κατεσ
1766 4320 1884 4376 :61-

267 4406 380 4478 σθη
401 4409 549 4479 ’πρὸς
566 4409 867 4480 ἁμαρτίαν,
884 4411 984 4482 οὐχ
999 4405 1156 4481 εὗρεν
1173 4411 1481 4466 ἀνάπαυσιν
1498 4413 1555 4465 ὲν
1571 4410 1884 4483 ἀνθρώποις

268 4502 334 4556 τὸ
376 4502 629 4572 πνεῦμα.
665 4521 684 4553 ι
716 4502 926 4568 Πάντες
956 4503 1067 4584 γὰρ
1097 4502 1399 4570 ἐξέκλιναν,
1433 4503 1549 4575 ἅμα
1581 4503 1887 4576 ὴχρειὼθη-

2006 2018 2124 2064 tum
2176 2007 2337 2063 bonis
2381 2004 2636 2063 omnibus
2676 2005 2985 2077 (quatenus
3027 2003 3096 2059 ad
3131 2003 3301 2074 ipsius
3346 2010 3599 2056 naturam

1995 2100 2301 2173 pertinent)
2321 2115 2386 2156 ac
2406 2099 2572 2156 etiam
2589 2112 2697 2153 una
2719 2112 2844 2153 cum
2864 2096 3207 2152 humanitate
3232 2110 3354 2166 quae
3385 2092 3453 2149 ad
3476 2106 3602 2148 eam

1996 2202 2269 2267 spectant,
2306 2192 2453 2248 velut
2474 2205 2573 2247 sua
2596 2205 2662 2246 ac
2684 2189 2906 2261 propria
2954 2189 3061 2245 sibi
3110 2186 3420 2243 vindicans.
3455 2183 3600 2240 Pro-

1996 2287 2173 2358 prium
2208 2300 2446 2356 namque
2469 2283 2825 2340 humanitatis
2857 2291 2959 2346 est,
2996 2296 3062 2338 ex
3102 2296 3162 2338 se
3198 2289 3256 2335 et
3282 2294 3348 2335 ex
3375 2276 3601 2350 propria

1995 2377 2149 2448 quasi
2196 2386 2389 2432 natura
2444 2374 2584 2431 nihil
2633 2389 3000 2446 supernorum
3059 2374 3329 2429 donorum
3388 2369 3594 2426 habere

1995 2468 2242 2541 (dictum
2273 2467 2418 2523 enim
2451 2477 2538 2524 est
2570 2466 2620 2522 ei
2657 2483 2672 2522 :
2703 2484 2725 2521 ι
2756 2465 2895 2534 Quid
2925 2466 3070 2520 enim
3114 2465 3283 2520 habes
3311 2462 3454 2534 quod
3488 2476 3598 2516 non

1994 2559 2297 2630 accepisti?
2336 2577 2356 2612 ι
2377 2557 2421 2630 ),
2452 2569 2507 2614 at
2543 2558 2788 2614 exterius
2821 2557 2995 2627 magis
3021 2565 3077 2612 et
3102 2554 3322 2611 aliunde
3364 2550 3598 2609 adsciti-

1996 2652 2111 2720 tiis,
2139 2651 2393 2706 nimirum
2413 2665 2444 2706 a
2468 2650 2599 2715 Deo,
2627 2647 2950 2719 locupletari
2974 2648 3153 2712 donis,
3176 2662 3296 2716 quae
3320 2645 3594 2716 propriam

1993 2755 2246 2803 naturam
2277 2753 2560 2816 superant.
2584 2742 2887 2814 Oportebat
2929 2742 3100 2810 igitur
3123 2738 3463 2809 unigenitum
3499 2737 3592 2794 Dei

1995 2839 2314 2897 Sermonem
2345 2837 2438 2909 qui
2480 2852 2543 2894 se
2575 2834 2881 2892 exiuanivit
2919 2843 2975 2889 et
3017 2831 3259 2895 demisit,
3311 2830 3455 2885 illius
3494 2844 3595 2885 ex-

1996 2932 2323 2989 inanitionis
2359 2929 2722 2986 humilitatem
2768 2942 2876 2983 non
2915 2940 3205 2990 recusare,
3239 2923 3333 2980 sed
3374 2931 3598 2994 propter

1993 3021 2389 3078 humanitatem
2430 3020 2747 3090 suscipere,
2784 3034 2891 3073 non
2924 3032 3023 3073 sua
3056 3030 3244 3083 causa,
3282 3015 3376 3071 sed
3409 3024 3594 3069 nostra

1991 3115 2194 3185 potius,
2227 3113 2320 3185 qui
2351 3114 2593 3169 omnium
2622 3113 2888 3168 bonorum
2918 3111 3231 3165 laboramus
3265 3107 3590 3176 indigentia.

1994 3206 2181 3277 Itaque
2227 3205 2360 3262 licet
2409 3206 2680 3261 interdum
2735 3204 2950 3260 dicatur
2999 3202 3259 3273 Spiritum
3318 3200 3595 3270 accipere,

1991 3313 2114 3354 cum
2145 3298 2216 3355 sit
2260 3307 2436 3353 tamen
2472 3297 2591 3369 ipse
2639 3295 3084 3351 subministrator
3128 3291 3305 3347 sancti
3337 3291 3595 3362 Spiritus,

1987 3400 2044 3447 et
2074 3406 2180 3447 non
2217 3407 2288 3449 ex
2335 3403 2593 3446 mensura
2636 3387 2746 3454 det,
2779 3388 2874 3442 sed
2921 3384 3088 3440 veluti
3127 3384 3195 3440 de
3229 3381 3449 3454 propria
3481 3380 3598 3452 ple-

1988 3483 2239 3538 nitudine
2267 3480 2397 3537 illud
2440 3479 2619 3550 dignis
2651 3476 2965 3547 impartiat,
3027 3475 3133 3530 hoc
3181 3488 3282 3543 pro
3328 3484 3585 3527 mensura

1989 3577 2046 3633 e't
2079 3574 2301 3631 modulo
2358 3571 2751 3629 exinanitiouis
2792 3568 3138 3639 intelligatur
3181 3564 3429 3635 accipere
3464 3580 3480 3619 :
3514 3563 3596 3618 sic

1989 3665 2136 3723 enim
2190 3671 2341 3720 recta
2393 3662 2461 3719 ad
2520 3677 2708 3718 verum
2758 3658 3165 3732 perveniemus.
3220 3655 3420 3711 Verum
3465 3654 3594 3710 illud

1990 3759 2125 3815 mihi
2155 3768 2379 3828 specta:
2413 3772 2432 3808 ι
2458 3755 2787 3826 Requiescet
2817 3752 2964 3810 enim
2986 3765 3150 3823 super
3173 3749 3375 3821 ipsum,
3395 3746 3594 3818 inquit,

1988 3851 2233 3922 Spiritus
2285 3849 2403 3905 Dei.
2438 3866 2460 3901 ι
2488 3848 2531 3903 Α
2560 3845 2829 3918 principio
2876 3844 3025 3899 enim
3074 3842 3259 3896 datum
3304 3847 3391 3894 est
3418 3837 3594 3895 nostri

1991 3943 2209 4014 generis
2241 3941 2525 4012 primitiis,
2546 3938 2600 3994 id
2621 3947 2723 4001 est,
2754 3936 2987 4002 Adamo,
3023 3948 3214 3990 verum
3250 3932 3304 4001 in
3334 3931 3597 3987 observa-

1994 4036 2140 4091 tione
2168 4033 2431 4099 mandati,
2460 4031 2605 4103 quod
2635 4030 2895 4087 traditum
2919 4036 3039 4082 erat
3089 4025 3243 4096 piger
3293 4031 3350 4077 et
3393 4021 3595 4077 remis-

1991 4144 2105 4197 sus,
2131 4128 2284 4198 jussa
2312 4124 2652 4196 posthabuit,
2675 4138 2740 4178 ac
2772 4124 3054 4179 demersus
3074 4126 3160 4173 est
3182 4116 3236 4172 in
3262 4123 3549 4187 peccatum
3571 4152 3590 4180 ,

1993 4235 2094 4276 nec
2119 4220 2328 4274 invenit
2358 4219 2412 4272 in
2447 4215 2761 4272 hominibus
2788 4211 3094 4281 requietem
3126 4207 3371 4278 spiritus.
3406 4223 3427 4258 ι
3463 4202 3596 4259 0m-

1993 4327 2090 4368 nes
2119 4330 2138 4366 ι
2171 4311 2371 4366 etenim
2417 4326 2437 4360 ι
2487 4306 2919 4371 declinaverunt,
2969 4298 3134 4355 simul
3186 4293 3407 4353 inutiles
3460 4294 3592 4351 tacti

1993 4419 2143 4472 sunt,
2178 4421 2284 4461 non
2320 4412 2440 4459 erat
2486 4403 2577 4473 qui
2616 4398 2778 4472 195
2814 4397 3020 4451 faceret
3062 4395 3286 4455 bonum,
3320 4405 3425 4445 non
3471 4398 3597 4444 erat

1993 4518 2169 4588 usque
2194 4501 2261 4556 ad
2282 4514 2447 4554 unum
2469 4497 2536 4552 “.
2564 4515 2585 4550 ι
2620 4496 2747 4551 Post
2774 4493 2948 4548 factus
2968 4497 3052 4545 est
3068 4488 3230 4543 homo
3252 4482 3593 4555 unigenitum

269 4609 402 4656 σαν,
437 4592 545 4645 οὐκ
568 4588 640 4664 ἧν
666 4593 694 4645 ό
731 4593 902 4646 ποιῶν
930 4581 1295 4669 χρηστότητα,
1331 4593 1432 4647 οὐκ
1458 4589 1529 4665 ἦν
1548 4592 1653 4657 ἕως
1689 4593 1830 4658 ἑνός.
1858 4614 1878 4647 ι

1995 4581 2096 4651 Βιιῖ
2114 4593 2376 4659 Verbum,
2409 4591 2538 4647 licet
2583 4587 2730 4644 Deus
2755 4600 2880 4641 esse
2929 4599 3037 4640 non
3084 4581 3402 4637 desineret:
3431 4592 3592 4633 cum-

268 4682 416 4740 Εἶτα
446 4687 676 4756 γέγονεν
699 4687 991 4759 ἅνθρωπος
1018 4686 1047 4738 ὁ
1077 4687 1375 4758 μονογενὴς
1396 4685 1491 4740 τοῦ
1523 4685 1659 4740 Θεοῦ
1686 4686 1880 4755 Λόγος,

270 4780 464 4833 καίτοι
515 4778 580 4832 τὺ
613 4774 753 4833 εἶναι
801 4779 937 4843 Θεὸς
977 4779 1038 4832 οὐ
1087 4779 1293 4850 μεθείς.
1335 4778 1556 4850 Ἐπειδὴ
1599 4779 1659 4833 δὲ
1702 4781 1884 4835 καίτοι

266 4869 531 4939 γεγονὼς
568 4868 693 4922 καθ’
736 4870 917 4940 ἡμᾶς,
949 4868 1223 4938 ἀνάλωτος
1254 4862 1324 4939 ἦν
1358 4867 1677 4938 ἁμαρτίαις,
1715 4868 1885 4922 ἐπαν-

266 4961 567 5016 επαύσατο
591 4961 656 5031 τῇ
682 4960 974 5032 ἀνθρώπου
1004 4958 1164 5029 φύσει
1191 4960 1251 5012 τὸ
1275 4959 1502 5028 Πνεῦμα
1530 4959 1591 5012 τὸ
1615 4960 1788 5029 ἆγιον,
1813 4957 1890 5024 ὡς

268 5057 332 5107 ἐν
366 5052 527 5124 αὑτῷ
569 5054 665 5106 καὶ
712 5049 940 5123 πρώτῳ,
988 5053 1082 5105 καὶ
1107 5050 1184 5117 ὡς
1216 5052 1276 5105 ὲν
1305 5051 1529 5123 άπαρχῇ
1568 5050 1663 5105 τοῦ
1693 5051 1889 5121 γένους

265 5148 539 5219 δευτέρᾳ,
573 5147 662 5200 ἵνα
693 5145 790 5199 καὶ
817 5148 951 5217 ἡμῖν
991 5144 1438 5217 ὲπαναπαύηται,
1471 5144 1566 5199 καὶ
1606 5145 1747 5217 μένῃ
1772 5144 1884 5198 λοι-

273 5241 387 5294 πὸν
437 5240 565 5298 ταῖς
605 5237 718 5292 τῶν
758 5238 1131 5293 πιστευόντων
1153 5238 1419 5302 διανοίαις
1446 5236 1881 5310 ἐμφιλοχωροῦν.

272 5330 446 5385 Οὕτω
488 5330 601 5402 γάρ
638 5347 746 5384 που
779 5328 877 5384 καὶ
915 5330 944 5382 ὁ
989 5329 1277 5395 θεσπέσιος
1314 5328 1567 5400 Ἰωάννης
1593 5328 1887 5385 τεθεᾶσθαί

275 5442 454 5495 φησιν
500 5424 563 5491 ἐξ
620 5421 857 5495 οὐρανοῦ
918 5424 1333 5495 καταφοιτῆσαν
1391 5422 1452 5476 τὸ
1513 5422 1741 5495 Πνεῦμα
1790 5424 1885 5477 ἐπὶ

274 5516 548 5588 Χριστόν.
615 5516 833 5588 "nemp
902 5514 1340 5588 συγκληρονόμοι
1402 5514 1711 5586 γεγόναμεν
1778 5514 1891 5569 τῶν

277 5602 723 5675 συμϐεϐηκότων
758 5603 838 5675 τῷ
872 5604 1285 5675 πρωτοπλάστῳ
1322 5605 1538 5666 κακῶν,
1564 5605 1737 5670 οὕτως
1770 5607 1889 5660 ἐσό-

279 5698 433 5769 μεθα
508 5696 728 5771 μέτοχοι
783 5696 895 5752 τῶν
956 5696 1348 5771 ὑπαρχθέντων
1408 5698 1768 5769 οἰκονομικῶς
1821 5702 1885 5770 τῇ

363 5856 413 5892 ⁵⁸
441 5854 483 5911 ll
527 5857 652 5912 Cor.
685 5873 742 5920 ll,
780 5855 862 5922 Η,
902 5856 983 5910 iii.

1068 5856 1104 5887 ’³
1145 5853 1247 5910 lett.
1286 5872 1359 5925 XI,
1388 5857 1440 5909 ’2.

1988 4704 2097 4762 que
2135 4686 2328 4743 similis
2376 4684 2537 4741 nobis
2591 4688 2776 4747 esset,
2818 4677 3065 4733 irretitus
3117 4683 3297 4730 tamen
3356 4670 3596 4743 peccatis

1988 4796 2097 4837 non
2143 4786 2260 4845 est,
2320 4777 2671 4848 Spiritusque
2718 4782 2944 4829 sanctus
2991 4771 3047 4824 in
3106 4765 3342 4823 hominis
3397 4774 3595 4820 natura

1988 4873 2213 4940 insedit,
2243 4873 2393 4927 velut
2427 4872 2479 4926 in
2531 4871 2648 4941 ipso
2700 4867 2878 4938 primo
2925 4874 2985 4920 et
3029 4862 3187 4934 quasi
3237 4860 3292 4916 in
3337 4857 3596 4916 secundis

1999 4965 2258 5036 primitiis
2309 4963 2548 5035 generis,
2582 4970 2638 5015 ut
2668 4968 2721 5015 et
2750 4959 2803 5014 in
2847 4956 3007 5011 nobis
3040 4954 3297 5022 deinceps
3326 4950 3592 5021 conquie-

1993 5066 2172 5113 sceret
2201 5071 2267 5112 ac
2296 5063 2564 5121 maneret,
2598 5062 2653 5107 ct
2688 5051 2742 5107 in
2795 5047 3136 5106 credentium
3166 5043 3435 5099 mentibus
3468 5057 3593 5098 cum

1993 5147 2269 5218 voluptate
2316 5148 2608 5202 habitaret.
2657 5140 2748 5197 Sic
2797 5139 2941 5195 enim
2988 5146 3045 5192 et
3093 5135 3312 5192 divinus
3355 5132 3593 5189 Joannes

1994 5241 2195 5297 vidisse
2231 5241 2310 5296 ait
2356 5254 2419 5295 se
2462 5235 2879 5293 descendentem
2939 5233 3007 5288 de
3051 5229 3189 5287 ccelo
3237 5226 3501 5298 Spiritum
3536 5225 3589 5279 in

1990 5330 2292 5388 Christum.
2345 5329 2415 5387 Ut
2455 5329 2600 5386 enim
2644 5334 2928 5393 consortes
2966 5335 3210 5387 eramus,
3242 5327 3300 5374 et
3345 5316 3590 5373 haeretica

1942 5409 1950 5412 ⁴
1996 5424 2255 5479 malorum
2288 5438 2409 5494 quae
2468 5419 2807 5493 protoplasto
2848 5416 3197 5489 primumque
3230 5411 3449 5468 condito
3489 5407 3589 5462 ho-

1989 5516 2122 5570 nuni
2163 5515 2521 5572 acciderunt:
2554 5514 2634 5568 sic
2666 5511 2832 5567 etiam
2873 5522 3066 5564 eorum
3090 5519 3211 5576 quae
3238 5518 3336 5573 per
3366 5501 3588 5569 dispen-

1988 5610 2255 5664 sationem
2282 5608 2616 5663 exstiterunt
2675 5602 2930 5661 secundis
2962 5597 3133 5655 nostri
3162 5593 3375 5667 generis
3405 5587 3585 5663 primi-

1991 5701 2101 5766 tiis,
2143 5701 2194 5756 id
2229 5711 2331 5768 est,
2361 5701 2603 5761 Christo.
2636 5698 2842 5754 erimus
2872 5691 3185 5764 participes.
3219 5685 3373 5754 Quod
3402 5691 3583 5741 autem

1518 5858 1562 5885 "‘
1594 5856 1752 5915 lions.
1792 5873 1872 5926 Iit,
1911 5858 1993 5912 l2.
