4016 6484
444 370 555 429 515

1439 367 1495 423 S.
1538 367 1813 425 CYlllLLl
1852 364 2319 421 ALEXANDRINI
2363 364 2684 424 ARCHIEP.

3604 361 3715 421 316

443 503 556 541 non
614 486 990 556 particularem
1042 484 1273 552 aliquam
1330 483 1378 537 ei
1439 484 1668 554 gratiam
1728 482 2022 547 addiderit,

2135 480 2358 552 δευτέρᾳ
2387 481 2479 535 τοῦ
2510 481 2701 550 γένους
2724 484 2757 552 ἡ
2767 480 2885 551 μῶν
2917 480 3164 551 ἀπαρχῇ,
3187 476 3432 532 τουτέστι
3463 476 3711 549 Χριστῷ.

447 579 901 646 quemadmodum
941 578 993 629 in
1022 575 1227 628 sanctis
1258 576 1645 643 conquiescere
1673 574 1872 629 dicitur
1905 572 2028 641 Spi-

450 674 611 732 ritus,
671 668 764 722 sed
807 667 947 736 quod
989 665 1264 735 plenitudo
1301 666 1519 720 deitatis
1576 668 1629 719 in
1678 675 2028 720 sacrosancta

451 775 615 813 carne
648 759 792 812 velut
822 758 873 811 in
903 772 1000 811 suo
1031 757 1232 825 templo
1260 766 1593 811 commorata
1636 755 1817 819 fuerit,
1845 767 1897 811 et
1923 773 2028 821 non

452 852 505 904 in
540 860 761 919 experte
788 848 973 911 animi,
1015 848 1110 903 sed
1143 847 1320 916 potius
1354 848 1593 902 animato
1618 849 1798 902 anima
1838 849 2032 903 intelli-

451 942 616 1010 genti,
654 940 872 1008 planum
901 939 1064 993 faciet
1095 940 1379 1006 propheta,
1405 939 1592 993 dicens
1624 954 1638 990 :
1679 957 1698 990 ι
1728 938 2031 1008 Contplebit

451 1045 569 1083 eum
613 1030 837 1098 spiritus
883 1029 1092 1083 timoris
1128 1028 1361 1082 Domini.
1397 1047 1416 1081 ι
1459 1028 1561 1085 Uni
1593 1041 1770 1085 autem
1806 1029 2029 1098 Spiritui

455 1122 806 1188 multiplicem
855 1121 1043 1174 tribuit
1096 1118 1468 1174 etlicacitatetn
1508 1140 1521 1175 :
1565 1136 1664 1175 nec
1714 1121 1858 1176 enim
1892 1122 2030 1177 alius

455 1222 536 1264 e:-t
605 1212 839 1279 Spiritus
905 1210 1220 1276 sapientiae,
1284 1208 1421 1264 alius
1486 1209 1883 1280 intelligentiaa,
1946 1207 2032 1263 vel

455 1304 691 1366 ειιιιειιιί,
718 1312 771 1357 et
802 1301 1158 1367 fortitudinis,
1196 1316 1259 1354 ac
1289 1303 1616 1370 reliquorum
1648 1318 1662 1354 :
1699 1312 1750 1356 at
1775 1304 2032 1371 quemad-

454 1395 671 1448 modum
706 1409 843 1447 unus
881 1404 962 1449 est
990 1409 1057 1449 ex
1088 1393 1199 1448 Deo
1245 1393 1406 1448 Patre
1434 1392 1651 1459 Seruio,
1679 1396 1897 1464 encrgia
1930 1410 2029 1448 au-

457 1494 563 1537 tem
630 1496 686 1538 et
735 1484 1021 1540 etIicientia
1104 1485 1417 1540 nominatur
1477 1485 1828 1541 multifariam
1877 1487 2031 1556 (vita

456 1591 686 1643 namque
710 1586 812 1639 est,
837 1585 889 1629 et
919 1576 1030 1643 lux,
1053 1584 1109 1631 et
1142 1576 1311 1633 virtus
1333 1578 1352 1645 )
1378 1594 1392 1631 :
1425 1579 1506 1635 sic
1537 1580 1699 1634 etiam
1745 1579 1799 1633 in
1842 1590 2031 1634 sancto

456 1668 658 1734 Spiritu
712 1667 1024 1737 intelliges:
1062 1684 1201 1725 unus
1248 1670 1504 1724 nimirum
1532 1686 1653 1725 cum
1682 1671 1784 1737 sit,
1825 1672 2030 1725 intelli-

453 1762 596 1827 gitur
653 1760 1056 1828 multipliciter,
1098 1771 1153 1816 et
1195 1761 1275 1815 sic
1305 1762 1468 1814 etiam
1502 1775 1781 1831 operatur.
1821 1762 2031 1833 Quippe

454 1849 652 1904 Paulus
681 1850 1119 1919 sapientissimus
1145 1850 1235 1904 ubi
1275 1851 1613 1907 diversorum
1643 1853 2031 1910 charismatum

451 1943 660 2010 species
700 1940 858 1998 nobis
902 1942 1283 1997 enumeravit:
1325 1959 1346 1991 ι
1389 1942 1515 1999 llam
1559 1946 1742 2001 omnia
1767 1984 1783 2011 ,
1819 1946 2030 2016 inquit,

450 2042 706 2099 operatur
751 2048 890 2089 unus
934 2041 991 2089 et
1042 2032 1182 2088 idem
1245 2033 1509 2104 Spiritus,
1551 2036 1741 2092 dividit
1804 2037 2033 2109 singulis

454 2131 613 2193 prout
642 2122 753 2177 vult
776 2123 844 2176 ".
873 2137 895 2173 ι

532 2213 692 2268 Vsus.
730 2215 784 2280 ι,
816 2213 871 2270 5.
917 2213 1038 2270 Non
1060 2215 1345 2270 secundum
1372 2217 1600 2287 gloriam
1612 2220 1900 2289 judicabt't,
1935 2237 2030 2276 ne-

452 2310 754 2379 que‘jua'ta
796 2323 1085 2362 sermonem
1129 2320 1341 2379 arguet,
1393 2312 1484 2364 sed
1526 2312 1792 2380 judicabt’t
1844 2312 2032 2367 humili

445 2398 734 2466 judicium,
777 2411 826 2453 et
856 2409 1041 2470 arguet
1071 2400 1299 2457 humiles
1331 2412 1506 2469 terra,
1542 2413 1590 2457 et
1630 2406 1884 2474 percutiet
1928 2415 2033 2460 ter-

455 2505 568 2541 ram
600 2492 747 2544 verba
780 2492 886 2545 oris
919 2493 1033 2556 sui,
1074 2500 1122 2546 et
1150 2493 1342 2562 spiritu
1366 2510 1460 2561 per
1490 2494 1632 2548 labia
1680 2495 1882 2550 necabit
1931 2497 2032 2550 im-

450 2580 615 2646 pium.
653 2580 725 2635 Et
757 2584 857 2635 erit
877 2584 1090 2652 justilia
1118 2585 1322 2640 cinctus
1353 2585 1587 2641 lumbum
1615 2602 1791 2655 suum,
1819 2598 1868 2642 et
1902 2589 2035 2643 veri-

452 2680 558 2724 tate
584 2673 848 2728 involutus
872 2684 1067 2730 costas.

523 2849 932 2904 Emmanuelem
997 2865 1098 2906 suo
1176 2857 1418 2920 tempore
1496 2853 1834 2909 nasciturum
1907 2868 2031 2910 cum

452 2943 655 3010 ortime
687 2943 1045 3012 praedixisset,
1090 2942 1305 2999 adducit
1333 2958 1497 3013 porro
1538 2955 1941 3016 peropportune
1963 2960 2033 3002 ex

455 3034 649 3103 quibus
693 3036 859 3089 rebus
890 3045 1074 3104 posset
1103 3033 1502 3102 inclarescere,
1536 3052 1568 3090 a
1596 3036 1794 3092 virtute
1822 3037 2033 3093 scilicet

454 3142 573 3195 quae
597 3125 694 3194 ipsi
720 3127 861 3181 inest
880 3127 1081 3192 divina,
1109 3142 1446 3199 operumque
1483 3130 1790 3200 splendore.
1807 3133 2033 3200 Oporte-

455 3219 545 3272 bat
567 3217 734 3282 enim,
764 3220 1070 3289 oportebat,
1106 3219 1352 3289 inquam,
1377 3236 1493 3290 eos,
1518 3223 1615 3291 qui
1649 3224 2031 3292 praedictiones

455 3312 795 3379 propheticus
827 3310 1064 3376 habent,
1094 3311 1381 3382 diligenter
1413 3324 1541 3370 ante
1575 3317 1923 3385 persuadere
1945 3317 2031 3374 his

452 3403 544 3470 qui
596 3404 754 3457 tidem
796 3403 849 3458 itt
907 3418 1029 3458 eum
1064 3403 1367 3472 amplexuri
1397 3416 1587 3473 erant,
1626 3406 1789 3478 195
1827 3408 1952 3478 quis
1978 3417 2033 3464 et

453 3493 630 3561 qualis
653 3494 745 3560 sit,
769 3503 823 3548 et
850 3495 901 3548 iu
928 3495 1124 3564 quibus
1149 3496 1406 3564 praeclare
1428 3498 1503 3552 sit
1522 3508 1799 3554 venturus.
1825 3499 2029 3568 Quem-

457 3585 747 3638 admodum
788 3587 935 3640 euim
975 3587 1021 3641 si
1069 3588 1190 3658 quis
1237 3597 1485 3644 nostrum
1525 3590 1761 3660 aliquem
1795 3592 2033 3647 homini-

457 3680 578 3737 bus.
603 3679 690 3746 qui
725 3697 846 3733 eum
882 3697 986 3734 non
1023 3693 1221 3735 norunt
1258 3690 1677 3749 monstraturus,
1710 3699 1777 3740 ex
1801 3686 1886 3740 his
1915 3701 2036 3756 quas

459 3774 605 3824 novit
648 3774 827 3827 verbis
875 3776 1137 3844 depingit,
1183 3785 1235 3827 et
1263 3776 1330 3830 de
1358 3791 1424 3831 eo
1462 3778 1741 3844 praedicat,
1774 3795 1880 3834 non
1912 3795 2034 3836 esse

457 3864 715 3931 capillitio
770 3864 959 3927 denso,
1020 3866 1113 3919 sed
1162 3866 1508 3920 mediOcriter
1543 3869 1687 3922 tenui
1718 3879 1772 3924 et
1800 3886 1946 3937 raro,
1979 3880 2035 3926 et

457 3955 697 4021 gratioso
728 3970 847 4009 esse
878 3956 1056 4021 oculo,
1090 3965 1145 4010 et
1193 3957 1496 4012 subridenti
1546 3962 1772 4027 obtutu,
1817 3970 1872 4016 et
1898 3962 2036 4017 mire

458 4048 643 4117 gracili
665 4064 726 4102 ac
742 4049 927 4104 subtili
948 4058 1435 4119 naso,c:eterasque
1451 4053 1697 4121 corporis
1716 4062 1896 4122 partes
1911 4069 2037 4123 per-

458 4141 702 4209 sequitur
735 4161 748 4194 :
784 4141 896 4210 pari
927 4182 941 4205 ,
988 4143 1173 4206 credo,
1216 4141 1426 4196 ratione
1479 4143 1646 4196 etiam
1680 4145 1869 4200 beatus
1904 4160 2036 4214 pro-

436 4236 654 4302 pheta,
680 4235 933 4301 quoniatn
959 4234 1007 4287 ei
1042 4235 1107 4289 de
1156 4230 1333 4289 Verbo
1375 4235 1770 4292 humanitatem
1810 4249 2036 4308 propter

426 4340 556 4379 tuos
575 4337 881 4380 assumente
895 4342 1075 4383 sermo
1091 4336 1191 4394 est,
1214 4329 1330 4383 ideo
1366 4329 1520 4399 signa
1553 4329 1748 4385 divinae
1769 4338 2030 4399 praestan-

459 4420 545 4471 tiae
577 4429 630 4471 et
663 4418 997 4473 excellentiae
1043 4430 1347 4485 enumerat,
1383 4421 1558 4490 deque
1584 4436 1651 4476 eo
1675 4422 1804 4476 dicit
1832 4437 1885 4474 ιι
1919 4421 2035 4476 Non

2109 562 2253 627 ’Ὅτι
2283 573 2339 626 δὲ
2364 574 2425 627 οὐ
2456 574 2689 645 μερικὴν
2710 573 2858 645 αὐτῷ
2884 573 2984 644 τὴν
3023 572 3183 643 χάριν
3205 569 3510 642 εἰργάξετο,
3542 568 3717 623 καθά-

2130 680 2236 735 περ
2294 666 2352 717 ὲν
2405 668 2519 728 τοῖς
2567 664 2742 734 ἁγίοις
2796 664 2858 717 τὸ
2907 661 3360 717 ὲπαναπαύεσθαι
3418 661 3716 731 λεγόμενον

2132 751 2380 824 Πνεῦμα.
2414 754 2528 808 ἀλλ’
2574 750 2642 825 ἦν
2690 754 2964 825 πλήρωμα
2994 754 3093 824 τῆς
3125 752 3400 823 θεότητος.
3432 750 3494 804 τὸ
3534 751 3611 813 ὡς
3652 753 3715 805 ὲν

2134 845 2250 915 ἰδίῳ
2281 846 2394 917 ναῷ
2438 849 2505 918 τῇ
2559 832 2664 918 ἰδίξι.
2709 846 2876 917 σαρκὶ
2912 842 3201 909 καταλύον,
3236 844 3330 897 καὶ
3372 842 3474 896 οὐκ
3515 840 3714 911 ἀψύχῳ

2130 937 2314 1003 ποθὲν,
2345 938 2704 1009 ὲ·,ιυχωμέκιην
2732 938 2788 991 δὲ
2827 937 3028 1008 μᾶλλον
3056 935 3202 1007 ψυχῇ
3230 935 3411 1006 νοερᾷ,
3461 936 3717 1004 σαφηνιεῖ
3749 928 3773 949 ’⁸

2130 1029 2304 1098 λέγων
2339 1031 2367 1082 ὁ
2414 1031 2729 1102 προφήτης·
2774 1048 2794 1081 ι
2841 1028 3145 1101 Ἐμπλήσει
3174 1026 3334 1080 αὑτὸν
3366 1024 3583 1095 πνεῦμα
3617 1025 3715 1094 φό-

2130 1121 2225 1175 ϐου
2264 1119 2420 1173 Θεοῦ.
2457 1139 2475 1171 ι
2526 1120 2637 1174 Ἑνὶ
2673 1119 2729 1173 δὲ
2756 1120 2835 1188 τῷ
2882 1118 3162 1190 Πνεύματι
3205 1115 3456 1186 πολυειδῆ
3510 1114 3713 1168 δέδωκε

2130 1212 2227 1282 τὴν
2269 1212 2570 1284 ἐνέργειαν.
2623 1214 2696 1267 Οὐ
2744 1213 2853 1284 γάρ
2901 1230 2985 1265 τοι
3024 1208 3250 1279 Πνεῦμα
3303 1209 3402 1279 μὲν
3437 1208 3567 1262 ἄλλο
3612 1207 3713 1276 τῆς

2133 1306 2344 1373 σοφίας,
2382 1305 2566 1375 ἕτερον
2599 1305 2656 1358 δὲ
2704 1305 2766 1358 τὸ
2813 1304 3106 1365 συνέσεως,
3152 1302 3272 1372 ἦτοι
3336 1299 3567 1370 βουλῆς,
3616 1298 3714 1352 καὶ

2135 1395 2335 1467 ἰσχύος,
2377 1396 2472 1450 καὶ
2501 1396 2609 1451 τῶν
2632 1396 2855 1461 λοιπῶν,
2887 1397 3001 1451 ἀλλ’
3033 1397 3224 1464 ὥσπερ
3255 1388 3337 1457 εἷς
3380 1391 3477 1463 μέν
3509 1394 3656 1445 ἔστιν
3683 1390 3715 1444 ό

2133 1491 2199 1542 ἐκ
2234 1486 2329 1542 τοῦ
2372 1487 2508 1541 Θεοῦ
2558 1488 2772 1561 Πατρὸς
2823 1488 3019 1557 Λόγος,
3053 1486 3382 1559 ὀνομάζεται
3408 1483 3465 1537 δὲ
3496 1482 3590 1536 καὶ
3622 1483 3712 1535 ὲν-

2133 1581 2325 1653 έργεια
2355 1579 2731 1651 πολυτρόπωςο
2781 1580 2898 1651 ζωὴ
2941 1580 3052 1651 γάρ
3097 1580 3238 1640 ἐστι,
3287 1575 3383 1630 καὶ
3427 1574 3568 1643 φῶς.
3619 1571 3714 1625 καὶ

2132 1673 2387 1743 δύναμις·
2420 1671 2562 1727 οὕτω
2594 1673 2689 1726 καί
2714 1672 2809 1725 ἐπὶ
2839 1671 2934 1725 τοῦ
2975 1671 3132 1742 ἁγίου
3178 1670 3433 1739 συνήσεις
3464 1663 3715 1734 Πνεῦμα-

2133 1782 2243 1829 τος’
2280 1764 2338 1818 ἓν
2362 1765 2472 1836 γὰρ
2500 1765 2760 1836 ὑπάρχων
2804 1766 3006 1819 νοεῖται
3050 1760 3366 1827 πολυειδῶς,
3414 1758 3630 1832 ἐνεργεῖ
3657 1754 3716 1808 δὲ

2062 1832 2107 1889 Β
2139 1859 2233 1912 καὶ
2273 1832 2464 1922 οὕτως.
2496 1832 2764 1928 Καὶ-γοῦν
2790 1860 2818 1914 ὁ
2848 1857 3160 1929 σοφώτατος
3190 1853 3402 1917 Παῦλος
3443 1850 3718 1919 διαφόρων

2137 1951 2271 2021 ἡμῖν
2315 1949 2672 2021 χαρισμάτων
2727 1949 2871 2014 ἰδέας
2921 1946 3433 2019 ἀπαριθμούμενος·
3475 1960 3494 1993 ι
3531 1938 3718 1994 Ταῦτα

2139 2042 2337 2106 πάντα,
2366 2059 2386 2093 ι
2424 2041 2610 2111 φησὶν,
2638 2059 2657 2093 ι
2681 2041 2897 2113 ἐνεργεῖ
2922 2038 2984 2092 τὸ
3011 2036 3071 2091 ἓν
3098 2037 3194 2091 καὶ
3215 2036 3277 2089 τὸ
3310 2032 3443 2089 αὐτὸ
3468 2029 3716 2103 Πνεῦμα,

2136 2133 2337 2204 διαιρεῖ
2363 2132 2579 2204 ἑκάστῳ
2608 2131 2735 2204 ἰδίᾳ,
2767 2130 2953 2194 καθὼς
2983 2129 3256 2202 βούλεται.
3291 2146 3311 2181 ι

2212 2226 2295 2279 Οὐ
2338 2225 2489 2278 κατὰ
2528 2223 2645 2292 τὴν
2698 2222 2891 2289 δόξαν
2938 2221 3156 2291 κρινεῖ,
3208 2218 3353 2274 οὐδὲ
3404 2215 3555 2271 κατὰ
3606 2211 3722 2280 τὴν

2136 2317 2360 2372 λαλιὰν
2395 2314 2722 2385 ἐξελέγξει,
2770 2313 2934 2370 ἀλλὰ
2969 2310 3165 2381 κρινεῖ
3201 2305 3461 2372 ταπεινῷ
3494 2304 3719 2375 κρίσιν,

2138 2408 2237 2463 καί
2267 2406 2499 2479 ἐλέγξει
2529 2405 2672 2473 τοὺς
2697 2405 3019 2471 ταπεινοὺς
3044 2402 3157 2472 τῆς
3176 2401 3309 2473 γῆς,
3339 2399 3436 2454 καί
3466 2393 3722 2457 πατάξει

2137 2500 2256 2573 γῆν
2279 2499 2362 2566 τῷ
2384 2501 2546 2570 λόγῳ
2578 2497 2686 2553 τοῦ
2718 2498 3018 2567 στόματος
3044 2493 3255 2555 αὑτοῦ,
3289 2489 3388 2546 καί
3422 2489 3494 2542 ἐν
3535 2486 3720 2539 πνεύ-

2134 2610 2276 2665 ματι
2301 2590 2402 2646 διὰ
2427 2589 2679 2662 χειλέων
2698 2587 2907 2645 ἀνελεῖ
2928 2584 3140 2654 ἀσεϐῆ.
3169 2582 3274 2640 Καὶ
3304 2577 3718 2635 ἕσταιδικαιο-

2136 2685 2299 2753 σύν-ῃ
2344 2681 2678 2753 ἐζωσμένος
2705 2679 2822 2749 τὴν
2850 2678 3054 2749 ὀσφὺν
3081 2674 3291 2740 αὐτοῦ,
3327 2672 3427 2727 καὶ
3470 2670 3725 2738 ἀληθείᾳ

2136 2775 2456 2847 εἰλημένος
2488 2773 2598 2841 τὰς
2622 2770 2912 2842 πλευράς.

2212 2845 2335 2919 Ὅτι
2368 2863 2693 2936 τεχθήσεται
2739 2861 2882 2919 κατὰ
2925 2860 3152 2933 καιροὺς
3195 2859 3225 2911 ό
3258 2852 3610 2927 Ἐμμανουὴλ
3659 2845 3716 2906 εὖ

2140 2957 2290 3029 μάλα
2321 2953 2707 3029 προειρηκὼς,
2755 2952 3098 3025 προσεπάγει
3147 2948 3467 3023 χρησίμως,
3512 2946 3609 3000 καί
3655 2946 3723 2998 τὰ

2137 3052 2205 3107 δι’
2251 3042 2327 3106 ὧν
2386 3049 2453 3103 ἂν
2514 3046 2601 3120 εἴη
2660 3045 2938 3119 γνώριμος
2981 3045 3058 3107 ὼς
3110 3041 3219 3096 ἀπό
3283 3056 3348 3108 γε
3408 3040 3509 3109 τῆς
3573 3036 3723 3091 ἐνού-

2060 3176 2104 3235 C
2141 3160 2241 3215 σης
2290 3140 2440 3213 αὕτῷ
2487 3137 2832 3235 θεοπρεποῦς.
2875 3136 3114 3235 ἀρετῆς,
3159 3134 3253 3188 καὶ
3305 3132 3421 3235 τῆς
3442 3131 3500 3183 ὲν
3544 3128 3724 3235 ἔργοις

2135 3232 2546 3305 λαμπρότητος.
2591 3230 2740 3284 Ἔδει
2774 3228 2906 3300 γὰρ,
2932 3227 3039 3281 ἔδει
3086 3223 3510 3297 προαναπείθειν
3563 3222 3723 3291 ἀκρι-

2133 3323 2245 3388 ϐῶς
2293 3321 2641 3394 προφητικὴν
2709 3319 2934 3392 ἔχοντας
3000 3317 3434 3390 προαγόρευσιν,
3489 3312 3618 3377 τοὺς
3677 3310 3727 3366 οἰ

2132 3433 2198 3487 γε
2255 3415 2356 3487 τὴν
2413 3415 2501 3468 ἐπ’
2553 3414 2718 3469 αὐτὸν
2770 3413 2995 3485 ἔμελλον
3051 3408 3455 3481 παραδέχεσθαι
3520 3408 3725 3465 πίστιν.

2132 3509 2217 3571 τίς
2248 3505 2306 3560 δέ
2335 3521 2420 3575 γε,
2447 3504 2544 3559 καὶ
2568 3507 2741 3568 ποῖος,
2767 3504 2863 3557 καὶ
2884 3503 2972 3556 διὰ
3001 3500 3170 3555 ποίων
3204 3499 3325 3570 ἥξει
3364 3494 3726 3567 κατορθωμά-

2131 3616 2262 3655 των.
2290 3598 2504 3670 Ὦσπερ
2526 3596 2637 3667 γὰρ
2664 3595 2716 3649 εἰ
2737 3612 2821 3659 τις
2845 3594 2941 3648 ἕνα
2975 3594 3086 3646 τῶν
3131 3592 3254 3645 καεν
3291 3591 3463 3661 ἡμᾶς,
3493 3588 3607 3650 τοῖς
3631 3587 3730 3639 οὸκ

2135 3688 2332 3743 εἰδόσιν
2386 3687 2552 3741 αὐτὸν
2596 3684 3028 3756 κατασημαίνειν
3075 3681 3493 3753 βεΰουλημένος,
3543 3679 3604 3743 ἐξ
3654 3669 3729 3729 ὧν

2135 3776 2274 3834 οἶδεν
2294 3778 2424 3833 ὄντα
2456 3778 2600 3848 λόγῳ
2630 3777 2929 3848 ζωγραφεῖ,
2975 3774 3122 3842 λέγει
3148 3774 3204 3826 δὲ
3253 3772 3381 3843 περὶ
3429 3769 3618 3831 αὐτοῦ,
3656 3769 3732 3830 ὡς

2136 3872 2222 3942 εἴη
2255 3871 2355 3943 μὲν
2373 3871 2473 3942 τὴν
2517 3871 2694 3945 κόμην
2726 3871 2786 3923 οὐ
2827 3868 3016 3939 βαθὺς,
3069 3866 3398 3937 συμμέτρως
3446 3864 3503 3917 δὲ
3552 3862 3731 3931 ψιλὸς,

2137 3966 2231 4019 καὶ
2254 3963 2494 4036 χαροπὺν
2521 3962 2621 4033 μὲν
2658 3960 2820 4014 ὅτιτὸ
2852 3960 3006 4029 ὄμμα
3048 3957 3218 4027 αὐτῷ,
3248 3957 3343 4010 καὶ
3379 3952 3734 4022 ὑπογελῶσαν
3768 3992 3789 4005 .

2139 4058 2261 4128 ἔχον
2289 4056 2385 4127 τὴν
2409 4055 2589 4126 βολήν,
2624 4054 2802 4124 ἰσχνὸς
2830 4053 2887 4106 δὲ
2912 4053 3011 4122 τὴν
3046 4054 3188 4122 ῥῖνα,
3234 4047 3329 4103 καιί
3374 4046 3440 4099 τὰ
3484 4041 3737 4116 ἕτεραδὲ

2136 4149 2232 4204 τοῦ
2260 4148 2513 4220 σώματος
2535 4145 2720 4211 διεξίοι
2757 4145 2927 4216 μέρη,
2972 4143 3064 4196 τὸν
3093 4140 3279 4206 αὐτὸν,
3321 4133 3501 4208 οἶμαι,
3534 4136 3737 4206 τρόπον

2139 4244 2233 4297 καὶ
2276 4245 2305 4295 ὀ
2351 4241 2619 4311 μακάριος
2672 4240 2999 4307 προφήτης,
3048 4231 3278 4303 ἐπείπερ
3329 4228 3476 4281 ἐστὶν
3513 4229 3542 4280 ό
3581 4225 3742 4294 λόγος

2138 4330 2305 4387 αὐτοῦ
2350 4331 2480 4400 περὶ
2536 4327 2630 4382 τοῦ
2677 4327 2744 4380 δι’
2787 4325 2936 4397 ἡμᾶς
2983 4322 3504 4394 ὲνανθρωπήσαντος
3530 4317 3740 4384 Λόγου,

2139 4423 2312 4494 ταύτῃ
2357 4438 2437 4475 τοι
2483 4420 2554 4475 τὰ
2577 4419 2676 4490 τῆς
2710 4413 3047 4488 Θεοπρεποῦς
3092 4411 3367 4484 ὑπεροχῆς
3413 4408 3509 4461 καί
3556 4406 3746 4477 μέντοι

458 4510 754 4565 Secundum
814 4509 1041 4577 gloriam
1096 4511 1400 4579 iudicabit,
1439 4527 1617 4581 neque
1661 4528 1729 4566 ex
1784 4514 2034 4568 sermone

2148 4513 2398 4578 ἐξουσίας
2462 4510 2858 4582 άπαριθμεῖται
2925 4508 3149 4579 σημεῖα,
3198 4503 3293 4557 καὶ
3344 4500 3407 4572 δὴ
3465 4499 3558 4553 καί
3606 4515 3747 4570 φησι

460 4610 668 4669 arguet.
707 4618 727 4651 ι
760 4600 927 4669 Digna
963 4615 1053 4655 res
1082 4601 1191 4657 Deo
1214 4617 1551 4673 summaeque
1578 4613 1787 4658 natura:
1807 4618 2040 4658 consen-

464 4703 640 4746 tant'tt.
701 4692 912 4746 Etenim
964 4706 1068 4745 non
1116 4694 1168 4746 in
1217 4693 1444 4762 gloriant
1478 4695 1757 4749 hominum
1798 4694 2038 4759 intueri,

463 4786 556 4837 sed
588 4794 819 4848 rectum,
854 4791 909 4837 et
938 4782 1222 4837 immotum
1248 4783 1300 4837 itt
1336 4799 1394 4838 re
1422 4800 1658 4855 quoque,
1710 4794 1767 4839 et
1818 4787 2039 4842 omnino

463 4877 939 4945 irreprehensibile
974 4876 1548 4946 exercerejudicium,
1585 4893 1765 4933 nonne
1792 4879 2037 4934 omnium

466 4982 647 5020 rerum
685 4967 927 5038 reginam
971 4978 1219 5023 naturam
1269 4968 1471 5024 decet?
1523 4970 1642 5025 Non
1696 4972 1842 5024 cnim
1891 4970 2043 5025 novit

468 5072 750 5125 personam
785 5061 1055 5128 respicere
1079 5100 1095 5123 ,
1127 5075 1227 5115 nec
1275 5059 1481 5117 divitiis
1508 5060 1590 5115 vel
1624 5060 1890 5130 elegantia
1926 5060 2042 5115 cul-

468 5159 592 5213 tus,
637 5148 718 5203 vel
771 5151 1098 5204 auctoritate
1156 5150 1468 5205 decoratum
1518 5165 1792 5221 quemque
1839 5151 2049 5206 honore

467 5253 558 5295 aut
587 5242 944 5295 asstimatione
971 5242 1058 5296 ille
1086 5242 1364 5312 dignatur,
1406 5243 1545 5299 alios
1588 5244 1823 5312 spoliare
1857 5242 2047 5299 volen-

430 5354 435 5357 ·
469 5343 600 5398 tem,
633 5333 730 5387 sed
779 5332 1085 5402 Operarium
1119 5334 1424 5402 iniquitatis
1457 5334 1790 5391 condemnat
1818 5351 2045 5405 prorsus

467 5437 521 5480 et
540 5425 912 5479 detestandum
933 5425 1128 5480 reddit.
1147 5425 1263 5480 Non
1286 5436 1471 5496 arguet
1489 5436 1669 5482 autem
1690 5442 1756 5483 ex
1776 5444 2045 5495 sermone,

469 5517 923 5584 quemadmodum
953 5518 1146 5574 debeat
1202 5519 1450 5591 intelligi,
1492 5521 1766 5576 disserere
1817 5535 2043 5575 necesse

472 5620 575 5663 est.
635 5608 886 5680 Plerique
928 5612 1076 5667 enim
1131 5622 1372 5668 nostrum
1414 5612 1507 5682 qui
1561 5612 1784 5670 laudare
1818 5613 2047 5681 volunt,

552 5765 595 5796 ιτ
633 5762 650 5817 1
691 5763 815 5822 Cor.
852 5781 949 5834 χιι,
990 5766 1073 5822 ll.

2146 4605 2275 4677 περί
2299 4603 2465 4658 αὑτοῦ
2486 4620 2500 4633 ο
2540 4621 2559 4654 ι
2598 4603 2673 4655 Οὐ
2718 4599 2862 4655 κατὰ
2889 4601 2988 4669 τὴν
3018 4596 3177 4663 δόξαν
3213 4597 3408 4667 κρινεῖ,
3449 4593 3571 4646 οὐδὲ
3602 4592 3748 4645 κατὰ

2144 4698 2243 4769 τὴν
2299 4695 2497 4749 λαλιὰν
2534 4694 2766 4762 ἐλέγξει.
2801 4713 2820 4744 ι
2855 4690 3168 4763 Θεοπρεπὲς
3211 4688 3272 4741 τὸ
3321 4688 3529 4759 χρῆμα,
3565 4684 3748 4747 ἐοικός

2143 4807 2205 4843 τε
2236 4787 2397 4858 φύσει
2426 4790 2492 4859 τῇ
2513 4786 2792 4841 ἀνωτάτω.
2818 4784 2892 4838 Τὸ
2922 4783 3032 4854 γὰρ
3071 4783 3209 4853 μήτε
3238 4782 3317 4844 εἰς
3342 4780 3499 4845 δόξαν
3543 4777 3646 4846 τὴν
3685 4777 3748 4829 ὲν

2145 4879 2459 4952 ἀνθρώποις
2482 4880 2654 4950 όρᾷν,
2674 4878 2841 4949 ὀρθήν
2870 4894 2931 4930 τε
2989 4876 3086 4930 καὶ
3138 4873 3498 4943 ἀδιάστροφον
3527 4868 3627 4939 τὴν
3658 4869 3747 4936 ἐφ’

2142 4973 2360 5043 ἑκάστῳ
2392 4970 2664 5024 ποιεῖσθαι
2713 4970 2896 5041 κρίσιν
2951 4969 3045 5021 καὶ
3091 4964 3391 5036 ἀμώμητον
3439 4958 3749 5025 παντελῶς,

2143 5061 2263 5126 πῶς
2293 5062 2393 5115 οὐκ
2440 5058 2507 5113 ἂν
2557 5059 2759 5130 πρέποι
2798 5059 2865 5128 τῇ
2917 5056 3030 5109 τῶν
3078 5054 3215 5108 ὅλων
3269 5050 3501 5122 βασιλίδι
3541 5047 3745 5118 φύσεις

2145 5155 2221 5208 υὺ
2245 5154 2356 5225 γὰρ
2384 5148 2527 5206 οἶδεν
2564 5152 2697 5223 ὁρᾷν
2736 5153 2815 5215 εἰς
2856 5147 3169 5220 πρόσωπον,
3195 5143 3320 5199 οὔτε
3355 5143 3463 5214 μὴν
3499 5140 3592 5194 τὸν
3624 5143 3751 5204 ταῖς

2146 5246 2213 5300 ὲκ
2238 5244 2485 5299 πλούτων
2519 5242 2856 5315 περιϐολαῖς,
2887 5238 3011 5294 οὔτε
3043 5238 3151 5310 μὴν
3180 5234 3485 5304 ἀξιώμασιν
3512 5233 3748 5303 ἐξωραῖ-

2157 5337 2354 5407 σμένον
2397 5334 2539 5400 ἀξιοῖ
2573 5335 2737 5404 τιμῆς
2782 5332 2815 5404 ἢ
2854 5330 3039 5400 λόγου,
3094 5327 3437 5381 πλεονεκτεῖν
3492 5321 3749 5377 ἐθέλοντά

2154 5446 2328 5495 τινας,
2355 5427 2677 5499 κατακρίνει
2707 5424 2765 5479 δὲ
2802 5425 3038 5490 πάντως,
3072 5422 3167 5475 καὶ
3206 5420 3478 5490 ἐπάρατον
3509 5415 3748 5499 ἀποφαί-

2156 5540 2234 5577 νει
2257 5522 2348 5575 τὸν
2379 5521 2476 5592 τῆς
2527 5519 2755 5590 ἀνομίας
2787 5519 3047 5591 ἐργάτην.
3088 5516 3204 5571 Οὐκ
3237 5511 3445 5581 ἐλέγξει
3496 5511 3555 5565 δὲ
3604 5509 3746 5564 κατὰ

2156 5615 2257 5687 τὴν
2303 5613 2510 5668 λαλιάνο
2574 5612 2668 5667 καὶ
2713 5612 2837 5665 τίνα
2884 5609 3082 5684 τρόπον
3133 5606 3239 5680 χρὴ
3290 5601 3614 5669 ἐννοεῖσθαι,
3651 5599 3747 5656 καὶ
