4016 6518
292 413 415 467 317
1457 414 1525 470 ΙΝ
1565 415 1802 472 ιδΑιΑιι
1843 417 1907 473 LI

2019 418 2082 477 ll.
2127 423 2370 481 TUMUS
2411 426 2449 482 Ι.
3512 421 3615 479 518

291 530 469 587 τοῦτο
497 530 733 588 διειπεῖν
758 533 1082 602 ἀναγκαῖον.
1115 531 1366 586 Πλεῖστοι
1394 533 1496 605 μὲν
1522 533 1633 607 γὰρ
1672 536 1789 590 ὅσοι
1821 536 1908 589 τῶ·

2041 531 2313 593 honorem
2362 542 2685 612 impertiunt
2740 544 2866 602 licet
2918 547 3100 603 minus
3169 545 3327 604 bonis
3384 548 3629 605 morilms

292 626 430 682 καθ’
463 627 623 699 ἡμᾶς
643 627 772 690 τοὺς
800 628 1049 681 ἐπαινεῖν
1074 626 1361 691 ἐθέλοντας
1381 628 1593 695 ἀξιοῦσι
1619 629 1806 701 τιμῆς,
1832 631 1908 684 κα¹

2030 631 2303 698 praeditis.
2350 634 2542 704 eisque
2601 640 2909 694 mercedem
2968 638 3116 693 velut
3157 638 3491 694 adulationis
3531 641 3629 694 tri-

294 721 347 774 εί
399 720 480 791 μή
542 734 695 782 τινες
739 712 853 771 εἷεν
902 715 1101 786 ἀγαθοὶ
1143 718 1272 781 τοὺς
1310 715 1571 790 τρόπους,
1632 719 1824 791 μισθὸν
1867 720 1908 774 δὲ

2028 722 2222 788 buunt,
2255 732 2313 778 ut
2354 724 2623 781 interdum
2658 729 2824 784 etiam
2859 729 3043 785 colant
3097 745 3196 787 eos
3221 740 3276 787 et
3306 730 3623 795 observent,

298 810 501 883 ὥσπερ
534 811 641 883 τῆς
684 809 978 871 κολακείας
1004 810 1192 874 αὐτοῖς
1221 810 1560 881 ἀπονέμουσι
1608 811 1673 866 τὸ
1715 813 1808 866 καὶ
1838 813 1908 867 63-

2027 828 2093 867 ac
2122 816 2577 884 reprehensiones
2599 823 2967 891 supprimunt.
2996 820 3199 878 Verum
3232 824 3522 879 Dominum
3562 840 3627 879 ac

312 882 741 976 ρσπεύεινίέσίν
769 904 881 969 ὅτε,
925 902 1023 957 καὶ
1073 901 1205 967 τοὺς
1255 903 1349 956 ὑπ’
1397 904 1599 969 αὐτοὺς
1664 904 1908 975 ἐλέγχους

2027 903 2194 961 Deum
2222 921 2465 964 nostrum
2495 910 2682 967 Jesum
2722 912 2998 969 Christum
3032 916 3135 971 hoc
3183 915 3436 972 factitare
3461 929 3624 971 nemo
3680 904 3687 913 ’

316 998 724 1053 συστέλλουσιν.
788 995 935 1051 Ἀλλ’
959 996 1021 1050 ού
1042 994 1203 1050 τοῦτο
1234 994 1537 1066 δεδρακότα
1591 996 1798 1051 κατίδοι
1839 1015 1908 1061 τι,

2026 999 2242 1056 viderit.
2267 1000 2367 1069 Qui
2395 1004 2540 1058 enim
2583 1005 2780 1061 blande
2826 1006 3015 1063 volunt
3064 1008 3249 1080 loqui,
3282 1023 3461 1080 neque
3492 1023 3623 1064 vere
3685 1065 3692 1075 ,

312 1093 376 1146 ἂν
428 1091 527 1145 τὸν
573 1089 785 1162 Κύριον
843 1089 939 1143 καί⁵
986 1088 1120 1143 Θεὸν
1172 1087 1334 1160 ἡμῶν
1389 1087 1601 1161 Ἰησοῦν
1661 1090 1908 1161 Χριστόν.

2023 1089 2150 1146 boni
2179 1104 2328 1159 sunt,
2380 1095 2480 1151 hos
2507 1096 2884 1156 acerbissimis
2912 1101 3435 1168 reprehensionibus
3480 1115 3616 1156 con-
3684 1092 3690 1098 ’

303 1186 606 1258 Τοιγάρτοι
650 1183 745 1238 καὶ
774 1177 903 1247 τοὺς
938 1185 1301 1254 χρηστοεπεϊν
1353 1183 1688 1255 ᾑρημένους,
1717 1183 1777 1237 ού
1812 1184 1908 1254 μὴη

2026 1185 2189 1239 vertit
2212 1202 2383 1255 saepe,
2425 1196 2484 1244 ut
2511 1189 2677 1244 vitam
2710 1189 2881 1245 velint
2931 1191 3221 1247 instituere
3253 1192 3616 1246 moderatius.

298 1279 510 1332 έτικαὶ
550 1277 798 1348 ἀγαθοὺς
853 1276 1019 1339 ὄντας
1065 1275 1212 1331 κατά
1277 1275 1563 1349 ἀλήθειαν,
1621 1277 1908 1349 ἀποτόμοις

2021 1277 2388 1333 Accesseruut
2432 1279 2578 1333 enim
2610 1280 2912 1350 aliquando
2938 1281 3160 1352 quidam
3205 1279 3523 1350 Herodiaui,
3559 1288 3619 1336 ut

294 1373 558 1445 ἐλέγχοις
580 1371 813 1442 μεθίστη
860 1368 1127 1433 πολλάκις
1171 1368 1265 1423 ἐπί
1306 1384 1373 1439 γε
1423 1371 1487 1424 τὸ
1518 1369 1668 1441 βιοῦν
1702 1369 1908 1425 ἑλέσθαι

2022 1380 2286 1424 vocantur
2318 1383 2334 1423 :
2360 1379 2517 1425 erant
2542 1382 2722 1427 autem
2748 1373 2800 1428 hi
2838 1373 3255 1444 publicanorum
3284 1386 3571 1430 exactores
3598 1391 3614 1430 :

295 1464 781 1537 σωφρονέστερον.
818 1461 1140 1535 Προσῄεσαν
1177 1460 1277 1533 μὲν
1298 1461 1408 1534 γάρ
1434 1479 1566 1515 ποτε
1600 1461 1701 1516 τῶν
1729 1463 1908 1517 καλου·

2020 1476 2086 1517 ac
2109 1462 2232 1518 dolo
2254 1463 2306 1517 in
2342 1463 2490 1518 illum
2521 1466 2738 1536 egregie
2785 1466 3064 1522 instructo
3097 1465 3358 1522 dicebant
3389 1485 3402 1521 :
3442 1485 3462 1520 ι
3500 1465 3619 1521 Ma-

294 1557 490 1629 μένων
553 1554 906 1628 Ἦρωδιανῶν
957 1572 1124 1618 τινες,
1169 1553 1483 1627 πράκτορες
1519 1554 1577 1608 δὲ
1622 1546 1769 1609 οὗτοι
1822 1573 1908 1610 τε·

2019 1556 2206 1627 gismr,
2235 1556 2439 1612 scimus
2470 1566 2522 1611 te
2552 1558 2691 1611 viam
2727 1558 2820 1612 Dei
2864 1559 2916 1614 iu
2942 1558 3175 1614 veritate
3213 1559 3412 1616 docere
3433 1570 3489 1616 et
3507 1576 3615 1616 non

291 1649 517 1713 λωνῶν,
558 1645 683 1703 εἶτα
706 1647 859 1702 δόλον
886 1647 1038 1719 αὐτῷ
1072 1646 1270 1719 πικρὸν
1301 1646 1604 1718 ἀρτίοντες,
1632 1648 1873 1717 ἔφασκον
1897 1663 1908 1678 ·

2017 1661 2140 1704 esse
2174 1647 2271 1702 tibi
2314 1662 2504 1702 curam
2544 1648 2611 1703 de
2641 1646 2856 1717 aliquo;
2897 1664 3005 1704 non
3036 1648 3186 1703 enim
3223 1648 3453 1721 respicis
3499 1663 3620 1718 per-

298 1762 316 1793 ι
388 1741 724 1804 Διδάσκαλε,
786 1735 1013 1810 οἴδαμεν
1058 1739 1141 1794 ὅτι
1189 1738 1288 1812 τὴν
1333 1740 1454 1794 ὁδὸν
1505 1739 1603 1794 τοῦ
1663 1740 1800 1795 Θεοῦ
1855 1742 1908 1795 ἐν

2018 1754 2207 1796 sonam
2259 1739 2595 1795 hominum:
2642 1740 2841 1796 licetne
2891 1756 3119 1798 censum
3171 1741 3303 1798 dare
3366 1740 3613 1810 Caesari,

291 1834 537 1906 ἀληθείᾳ
568 1834 866 1898 διδάσκεις,
900 1833 997 1887 καὶ
1022 1832 1085 1887 οὐ
1113 1832 1267 1904 μέλει
1295 1850 1379 1887 σοι
1407 1833 1537 1906 περὶ
1564 1832 1799 1898 ούδενός.
1836 1834 1908 1888 Οὐ

2017 1832 2239 1888 annon?
2268 1832 2478 1899 Quibus
2507 1830 2638 1889 ille:
2676 1832 2820 1900 Quid
2858 1848 2944 1888 me
2989 1833 3231 1901 teutatis,
3268 1834 3615 1905 hypocrita?

294 1895 411 2000 γὰρ
463 1895 692 1999 βλέπεις
719 1928 800 1991 είς
823 1895 1130 1998 ⁷πρόσωπον
1160 1895 1493 1997 ἀνθρώπων..
1536 1895 1908 1993 Ἔξεστι-δοῦ-

2015 1925 2291 1981 ostendite
2317 1924 2447 1980 mihi
2472 1925 2740 1981 numisma
2775 1940 2973 1983 census
2996 1926 3067 1980 ⁸⁸.
3110 1944 3130 1979 i
3167 1895 3414 1983 Observa
3442 1929 3614 1999 igitur

295 2038 388 2075 ναι
439 2021 649 2092 φόρους
682 2019 953 2090 Καίσαρι,
984 2017 1018 2091 ἦ
1044 2015 1139 2084 οὓς
1178 2017 1357 2084 Αὐτός
1415 2019 1473 2073 δὲ
1528 2020 1667 2093 πρὸς
1711 2020 1911 2089 ταῦτα,

302 2114 362 2167 l’i
402 2130 472 2185 με
502 2112 820 2186 πειράζετε,
845 2102 1142 2182 ὑποκριταί
1170 2127 1185 2179 ;
1218 2111 1524 2177 ἐπιδείξατέ
1556 2131 1647 2185 μοι
1678 2113 1739 2167 τὸ
1757 2113 1913 2186 νόμι-

292 2223 416 2277 σμα
454 2204 556 2259 τοῦ
603 2203 830 2276 κήνσου.
873 2222 894 2257 ›
950 2203 1144 2275 ΙἈθρει
1191 2203 1257 2277 δὴ
1302 2203 1398 2260 οὖν
1437 2207 1587 2271 ὅπως
1647 2206 1913 2279 διελέγχει

290 2295 730 2360 κολακεύοντας,
776 2295 872 2349 καὶ
897 2296 1405 2367 χρηστολογοῦντας
1437 2297 1775 2353 ἀποσείεται.
1821 2301 1913 2353 At-

290 2391 498 2464 ήλεγξε
528 2389 610 2454 δέ,
640 2389 736 2443 καὶ
759 2388 821 2442 οὐ
850 2389 994 2443 κατά
1022 2405 1086 2458 γε
1110 2386 1210 2461 τὴν
1238 2389 1431 2444 λαλιὰν
1461 2389 1643 2444 αὐτῶν
1663 2406 1678 2421 ·
1716 2391 1769 2444 οί
1809 2390 1911 2462 μὲν

288 2487 407 2558 γάρ
454 2483 814 2554 προσεδόκων
854 2480 1351 2554 ἐπαινεθήσεσθαι,
1385 2482 1526 2554 τάχα
1574 2498 1679 2536 που
1726 2500 1912 2538 κατει-

290 2579 671 2651 ρωνευόμενοι
705 2577 827 2649 μὲν,
880 2573 1023 2647 πλὴν
1072 2574 1252 2645 εὐφυᾶ
1292 2575 1387 2629 κα)⁵
1446 2575 1911 2649 στωμυλεστάτην

287 2668 722 2739 ἐπιτηδεύοντες
772 2665 874 2739 τὴν
933 2664 1346 2737 κομψολογίαν,
1412 2669 1442 2721 ὁ
1499 2667 1559 2721 δὲ
1625 2667 1910 2740 ἀδοκήτως

287 2760 672 2835 πειράζοντας
730 2760 826 2813 καὶ
861 2756 1167 2831 ὑποκριτὰς
1199 2757 1405 2813 ἐκάλει.
1443 2757 1656 2814 Οὐκοῦν
1680 2760 1743 2813 οὐ
1767 2759 1913 2815 κατά

284 2856 389 2928 τὴν
422 2855 587 2921 δόξαν
612 2854 812 2927 κρινεῖ,
833 2852 1139 2917 τουτέστιν,
1159 2852 1221 2906 ού
1252 2852 1730 2925 προσωπολήπτης
1756 2852 1911 2908 ἔσται

282 2949 581 3021 δικαστὴς,
619 2946 747 3001 οὔτε
773 2944 882 3018 μὴν
911 2942 1125 3013 ἐλέγξει
1150 2944 1294 2999 κατὰ
1325 2944 1425 3018 τὴν
1447 2945 1662 3001 λαλιάν.
1692 2947 1771 3000 Οὐ
1800 2945 1913 3018 γὰρ

2014 2036 2124 2092 quo
2153 2031 2313 2092 pacto
2343 2022 2639 2093 redarguunt
2677 2021 2963 2093 palpantes
2984 2061 2999 2088 ,
3049 2031 3106 2078 et
3130 2022 3484 2080 blandientes
3524 2039 3616 2080 re~

2013 2114 2196 2181 pellat.
2254 2114 2516 2184 Cearguit
2581 2126 2763 2171 autem
2794 2153 2810 2180 ,
2875 2115 3042 2186 idque
3072 2130 3181 2172 non
3228 2131 3294 2172 ex
3356 2133 3614 2176 sermone

2013 2206 2252 2277 ipsorum
2288 2224 2304 2262 :
2346 2206 2509 2279 196
2536 2223 2662 2263 nam
2698 2208 2751 2263 hi
2787 2209 3079 2278 sperabant
3110 2223 3173 2266 se
3204 2208 3482 2265 laudatum
3521 2210 3610 2277 iri,

2013 2314 2137 2354 cum
2180 2300 2574 2357 cavillarentur
2618 2302 2862 2372 quidem,
2901 2300 2995 2359 sed
3033 2302 3328 2374 ingenuum
3363 2313 3419 2358 et
3453 2302 3613 2359 blanc

2012 2394 2138 2449 dum
2175 2394 2442 2450 orationis
2495 2394 2734 2466 leporem
2768 2394 3093 2451 adhibentes
3117 2435 3133 2461 ,
3166 2394 3256 2452 hie
3298 2404 3482 2452 autem
3512 2409 3611 2452 eos

2018 2495 2320 2545 tentatores
2362 2496 2418 2544 et
2451 2489 2770 2561 hypocritas
2826 2487 2896 2546 de
2941 2486 3242 2559 improviso
3283 2489 3607 2544 nominavit.

2008 2579 2197 2650 Itaque
2222 2595 2329 2636 non
2367 2580 2637 2650 judicabit
2673 2596 2740 2637 ex
2761 2580 3039 2653 opinione,
3077 2580 3134 2636 id
3165 2588 3271 2649 est,
3308 2596 3416 2636 non
3448 2595 3613 2636 acce-

2009 2683 2192 2746 ptator
2224 2674 2329 2730 erit
2362 2687 2724 2745 personarum
2751 2673 2943 2743 judex,
2979 2686 3160 2743 neque
3197 2673 3492 2743 redarguet
3541 2688 3611 2729 ex

2009 2779 2262 2822 sermone
2302 2783 2318 2821 :
2358 2764 2474 2821 Non
2511 2763 2683 2830 enim,
2736 2764 2960 2834 inquit,
3019 2762 3326 2820 adhaerebit
3374 2763 3463 2819 his
3516 2763 3610 2835 qui

2012 2857 2179 2928 impie
2233 2856 2418 2913 aﬂ'eeti
2459 2865 2609 2922 sunt,
2644 2857 2849 2928 quique
2883 2856 3126 2927 leporem
3176 2856 3447 2912 orationis
3490 2865 3614 2912 tan-

2010 2964 2176 3022 quam
2219 2947 2604 3005 fraudulentize
2647 2963 2713 3004 ac
2759 2948 3016 3005 versutia:
3047 2962 3337 3019 personam
3371 2947 3477 3004 sibi
3518 2963 3611 3003 as-

281 3043 571 3110 ἀνέξεται,
604 3040 762 3111 φησι,
799 3038 912 3092 τῶν
958 3037 1152 3092 ἀνόσια
1200 3038 1302 3109 μὲν
1335 3040 1553 3110 φρονεῖν
1590 3039 1907 3111 ᾑρημένων,

2011 3049 2253 3098 sumunt.
2285 3039 2442 3108 Quod
2471 3039 2677 3096 diserte
2704 3038 2836 3095 dicit
2866 3058 2881 3096 :
2918 3058 2938 3091 ι
2983 3038 3099 3093 Νοιι
3126 3039 3308 3095 omnis
3348 3038 3441 3108 qui
3480 3037 3615 3093 dicit

283 3139 650 3210 προσωπεῖον
678 3134 738 3188 δέ
768 3132 961 3204 ὥσπερ
1016 3132 1233 3204 ἀπάτης
1282 3132 1378 3187 καὶ
1410 3130 1564 3187 δόλου
1598 3133 1908 3202 περιτιθέν-

2011 3129 2170 3195 mihi,
2199 3128 2450 3194 Domine.
2503 3128 2733 3184 Domine
2760 3167 2778 3194 ,
2828 3128 3060 3183 intrabit
3095 3127 3148 3182 in
3182 3142 3410 3198 regnum
3443 3126 3613 3183 ctelo-

281 3250 396 3285 των
422 3230 649 3293 ἑαυτοῖς
676 3228 780 3300 τὴν
809 3223 1200 3297 κομψολογίαν.
1233 3223 1407 3279 Τοῦτό
1432 3224 1516 3278 τοί
1553 3241 1719 3297 φησιν
1748 3226 1908 3298 ἐναρ-

2012 3238 2160 3289 rum,
2185 3222 2280 3279 sed
2309 3225 2404 3293 qui
2437 3222 2572 3278 facit
2594 3222 2929 3278 voluntatem
2963 3220 3143 3279 Patris
3178 3220 3283 3275 mei
3319 3217 3410 3288 qui
3447 3229 3528 3274 est
3558 3219 3612 3274 in

280 3326 400 3393 γὼς
420 3341 435 3355 ·
478 3342 499 3375 ι
538 3322 615 3377 Οὖ
652 3322 764 3385 πὶς
788 3322 817 3374 ὁ
848 3317 1027 3388 λέγων
1059 3335 1178 3388 μοι,
1214 3316 1411 3389 Κύριε,
1442 3314 1641 3389 Κύριε,
1667 3317 1908 3372 εἰσελεύ-

2010 3315 2167 3377 coelis
2195 3314 2297 3368 δ’.»
2326 3313 2396 3369 Ει
2419 3328 2612 3370 rursus
2644 3331 2658 3370 :
2699 3330 2720 3366 ι
2757 3312 2910 3369 Multi
2941 3312 3124 3368 dicent
3152 3309 3285 3364 mihi
3318 3308 3409 3364 illo
3437 3309 3546 3373 die,
3586 3328 3608 3363 ι

284 3436 446 3472 σεται
478 3417 562 3479 εἰς
591 3413 694 3487 τὴν
717 3410 1000 3485 βασιλείαν
1041 3409 1159 3464 τῶν
1200 3410 1474 3482 οὐρανῶν,
1524 3410 1640 3465 ἀλλ’
1675 3412 1704 3464 ὁ
1732 3409 1908 3466 ποιῶν

2011 3406 2195 3478 iudicii
2243 3406 2529 3473 nimirum,
2564 3425 2585 3460 ι
2632 3404 2887 3472 Domine,
2915 3404 3165 3468 Domine,
3203 3416 3387 3459 nonne
3420 3401 3476 3457 in
3517 3417 3616 3457 no-

284 3511 353 3566 τδ
379 3510 595 3581 θέλημα
626 3506 725 3561 τοῦ
755 3505 978 3577 Πατρός
1024 3522 1127 3578 μου
1167 3502 1263 3558 τοῦ
1313 3505 1373 3558 ἐν
1401 3505 1517 3567 τοῖς
1562 3503 1832 3575 οὐρανοῖς.
1880 3521 1901 3557 ι

294 3606 416 3661 Καὶ
448 3604 608 3657 πάλιν
628 3620 644 3636 ο
683 3622 703 3655 ι
733 3601 932 3656 Πολλοὶ
965 3596 1148 3672 ἐροῦσί
1177 3616 1268 3669 μοι
1292 3599 1351 3653 ἐν
1385 3597 1569 3670 ἐκείνη
1596 3600 1664 3668 τῇ
1700 3598 1906 3671 ἡμέρᾳ,

296 3700 365 3768 τῇ
394 3697 494 3764 τῆς
529 3695 771 3768 κρίσεως
791 3690 1041 3765 δηλονότι
1066 3704 1080 3720 ·
1114 3689 1309 3762 Κύριε,
1334 3689 1532 3761 Κύριε,
1587 3690 1649 3743 οὐ
1694 3688 1774 3761 τῷ
1828 3688 1908 3761 σῷ

290 3791 525 3863 ὀνόματι
594 3784 1118 3861 προεφητεύσαμεν,
1198 3784 1295 3836 καὶ
1375 3782 1643 3851 δυνάμεις
1705 3782 1909 3848 πολλὰς

284 3884 679 3955 ἐποιήσαμενς
727 3879 891 3935 Ἀλλά
917 3879 1061 3945 τότε,
1087 3880 1275 3950 φησιν,
1308 3877 1423 3950 ἐρῶ
1446 3878 1630 3941 αὐτοῖς
1649 3895 1664 3909 ο
1708 3876 1767 3930 ’Λ
1778 3875 1905 3948 μὴν,

282 3981 440 4049 λέγω
469 3980 626 4049 ὑμῖν,
680 3975 943 4029 οὐδέποτε
998 3973 1173 4041 ἔγνων
1216 3972 1383 4043 ὑμᾶς.
1419 3969 1544 4023 νΤί
1586 3969 1642 4024 δὲ
1688 3969 1753 4040 δὴ
1796 3971 1908 4042 ἄρα

282 4068 434 4141 προς
451 4066 667 4130 τούτοις
693 4067 722 4118 ό
750 4060 1259 4133 ἀπροσωπόληπτος
1286 4059 1578 4132 ἐργάζεται
1608 4058 1907 4130 δικαστής;

279 4161 497 4232 Κρινεῖ
527 4154 774 4227 ταπεινῷ
801 4154 1008 4227 κρίσιν,
1030 4153 1332 4215 τουτέστιν,
1357 4151 1419 4205 ού
1444 4149 1763 4222 περιόψεταί
1785 4166 1908 4203 τινα

278 4255 403 4309 τῶν
419 4249 718 4315 ταπεινῶν,
739 4248 855 4304 ἀλλ’
891 4245 1061 4320 ὀρθὴν
1091 4245 1188 4301 καὶ
1208 4243 1513 4317 ἀμώμητον
1530 4245 1616 4298 ἐπ’
1633 4242 1785 4314 αὐτῷ
1806 4243 1908 4315 τὴν

258 4328 484 4421 ,κρίσιν
510 4345 730 4412 ἐξοίσει.
785 4338 1099 4411 Ἑξελέγξει
1124 4338 1182 4393 δὲ
1216 4336 1424 4409 ὁμοίως
1452 4338 1581 4400 τοὺς
1614 4335 1908 4399 ταπεινοὺς

280 4441 392 4512 τῆς
422 4439 529 4510 γῆς
552 4456 563 4467 ·
594 4435 787 4508 ὥσπερ
813 4433 925 4506 γὰρ
957 4433 1018 4486 ού
1051 4431 1115 4485 τὸ
1143 4428 1240 4484 τοῦ
1270 4428 1530 4483 πλουσίου
1561 4427 1908 4481 πλεονεκτεῖν

283 4532 578 4594 ἐθέλοντος
632 4526 955 4602 ἐρυθριάσει
1001 4524 1319 4598 πρόσωπον,
1366 4521 1506 4577 ἀλλά
1549 4519 1767 4576 δικαίαν
1813 4520 1907 4574 ἐπὶ

2010 3502 2157 3558 mine
2213 3509 2307 3556 tuo
2366 3499 2840 3571 prophetavimus,
2876 3506 2934 3554 et
2966 3496 3197 3551 virtutes
3234 3492 3436 3550 multas
3470 3508 3615 3564 prae-

2008 3591 2423 3652 stitimus?Sed
2481 3601 2655 3658 tune,
2712 3589 2938 3661 inquit,
2988 3586 3169 3643 dicam
3218 3586 3377 3642 illis:
3438 3586 3613 3641 Amen

2010 3690 2133 3744 dico
2180 3687 2385 3743 vobis:
2425 3699 2702 3756 nunquam
2753 3683 2878 3739 novi
2924 3697 3022 3738 vos
3046 3680 3116 3736 '°.
3174 3699 3195 3735 ›
3258 3679 3402 3748 Quid
3446 3694 3616 3749 porro

2011 3780 2124 3850 agit
2153 3779 2321 3850 judex
2354 3779 2444 3835 hic
2491 3793 2523 3832 a
2559 3790 2918 3849 personarum
2952 3771 3327 3844 acceptatione
3353 3769 3618 3827 alienus?

2008 3871 2289 3929 Judicabit
2353 3871 2546 3927 humili
2596 3870 2904 3942 judicium,
2952 3868 3006 3924 id
3038 3877 3152 3934 est,
3195 3882 3300 3922 non
3341 3865 3613 3933 despiciet

2010 3980 2342 4037 quemquam
2400 3965 2694 4031 humilem,
2726 3970 2784 4020 at
2814 3970 3026 4019 rectum
3069 3967 3125 4017 et
3179 3959 3523 4037 inculpatum,
3549 3957 3617 4013 de

2008 4036 2075 4117 eo
2107 4058 2373 4128 judicium
2426 4059 2691 4127 proferet.
2737 4055 3008 4111 Similiter
3058 4055 3226 4110 etiam
3267 4060 3462 4124 arguet
3498 4036 3615 4107 hu-

2013 4154 2169 4209 miles
2187 4162 2349 4207 terra:
2373 4169 2387 4205 :
2424 4149 2890 4222 quemadmodum
2905 4147 3055 4205 enim
3084 4161 3377 4218 personam
3396 4143 3609 4211 divitis,

2010 4260 2207 4316 rapere
2252 4260 2317 4301 ac
2369 4244 2614 4316 spoliare
2672 4242 2949 4308 volentis,
3000 4255 3108 4297 non
3157 4240 3464 4305 verebitur,
3519 4238 3615 4294 sed

2007 4338 2217 4410 justum
2251 4338 2320 4394 de
2348 4337 2542 4393 humili
2582 4335 2864 4392 exercebit
2906 4333 3175 4403 judicium
3209 4349 3224 4388 :
3255 4332 3355 4398 ita,
3399 4331 3612 4400 inquit,

2008 4432 2056 4487 si
2087 4431 2212 4501 quis
2271 4444 2465 4486 eorum
2538 4428 2632 4498 qui
2682 4428 2737 4482 in
2783 4426 2934 4483 tenui
2987 4423 3210 4480 fortuna
3255 4431 3311 4479 et
3350 4423 3618 4493 angustiis

2013 4538 2196 4579 rerum
2232 4521 2301 4577 ad
2330 4520 2498 4575 vitam
2531 4517 2970 4575 necessariarum
3009 4514 3342 4571 constitutus
3371 4523 3477 4578 est,
3509 4527 3610 4568 ex-

282 4626 368 4697 τῷ
425 4621 674 4692 ταπεινῷ
715 4622 1006 4691 ποιήσεται
1057 4616 1245 4690 κρίσιν
1276 4632 1291 4646 ·
1329 4613 1476 4669 οὕτω
1530 4611 1634 4668 κᾶν
1676 4613 1730 4666 εἴ
1770 4630 1856 4676 τις
1884 4654 1899 4679 ,

2011 4623 2095 4669 tra
2146 4613 2294 4684 leges
2331 4610 2549 4669 divinas
2598 4614 2885 4680 evagetur,
2921 4615 2979 4662 et
3028 4604 3314 4676 injustitiaa
3380 4603 3617 4660 crimine

284 4718 451 4791 φησι,
482 4715 595 4770 τῶν
625 4716 683 4768 ἐν
710 4712 902 4784 ὑφέσει
934 4710 1030 4765 καὶ
1053 4708 1502 4783 σμικροπρεπείᾳ
1530 4711 1599 4781 τῇ
1627 4706 1771 4764 κατά
1805 4708 1899 4762 τὸν

2011 4706 2280 4765 :onvictus
2322 4720 2388 4762 ac
2437 4704 2769 4761 constrictus
2813 4709 3089 4767 teneatur,
3131 4700 3300 4755 etiam
3361 4698 3408 4753 is
3450 4712 3612 4753 coar-

284 4789 429 4885 βίον.
473 4809 584 4877 ἔξω
629 4806 740 4861 τῶν
792 4806 955 4860 θείων
998 4803 1219 4875 φέροιτο
1263 4802 1466 4874 νόμων,
1518 4802 1616 4856 καὶ
1658 4803 1771 4865 τοῖς
1799 4799 1901 4870 τῆς

2011 4811 2218 4875 guetur.
2253 4799 2535 4871 Scriptum
2566 4796 2712 4853 enim
2741 4803 2824 4852 est
2860 4810 2873 4849 :
2923 4811 2942 4846 ι
2986 4791 3291 4863 Pauperem
3325 4806 3434 4846 non
3498 4789 3607 4844 mi-

282 4880 515 4967 ἀδικίας
561 4901 911 4973 ἐγκλήμασιν
935 4897 1130 4951 ἐαυτὸν
1158 4895 1331 4960 ἀνιεὶς
1361 4894 1665 4961 ἁλίσκοιτο,
1712 4893 1903 4965 φησιν,

2011 4894 2273 4951 sereberis
2329 4892 2383 4948 in
2429 4889 2637 4962 judicio
2664 4888 2733 4943 ".
2795 4905 2817 4941 ι
2881 4886 3356 4955 Quemadmodum
3408 4880 3618 4936 etenim

280 4996 688 5068 ἐλεγχθήσεται
774 4992 872 5045 καὶ
948 4982 1126 5053 οὗτος.
1193 4989 1517 5061 Γέγραπται
1585 4987 1740 5059 γὰρ,
1824 4985 1908 5038 ὅτι

2011 4987 2250 5053 divitiis,
2280 4996 2339 5041 et
2384 4983 2675 5055 dignitate,
2721 4990 2778 5038 et
2840 4980 3152 5052 principatu
3188 4986 3409 5033 auctum
3449 4988 3614 5030 orna-

292 5113 311 5144 ς
346 5092 577 5162 Πένητα
600 5088 702 5142 οὐκ
727 5086 973 5156 ἐλεήσεις
1008 5085 1066 5138 ἐν
1090 5082 1294 5155 κρίσει.
1322 5102 1340 5134 ι
1364 5081 1580 5153 ’Ὠσπερ
1599 5080 1710 5151 γὰρ
1728 5079 1821 5133 τὸν
1847 5079 1907 5132 ἐν

280 5184 539 5253 πλούτῳ,
593 5180 689 5235 καὶ
724 5180 994 5250 ὑπεροχῇ.
1025 5176 1124 5232 καὶ
1175 5175 1363 5248 μέντοι
1415 5176 1512 5228 καὶ
1561 5171 1904 5236 δυναστείαις

279 5282 392 5336 οὐκ
422 5274 735 5342 ἀπαλλάξει
763 5273 876 5328 τῶν
919 5270 1266 5344 αἰτιαμάτων
1285 5270 1346 5324 τὸ
1375 5268 1700 5341 περιφανὲς,
1730 5267 1780 5321 ei
1813 5266 1906 5319 ἐπί

246 5436 253 5439 _
282 5391 405 5428 τισι
430 5370 546 5424 τῶν
579 5368 830 5423 ἐκτόπων
867 5363 1339 5434 καταγινώσκοιτο
1357 5403 1374 5429 ,
1418 5360 1596 5426 οὕτως
1621 5360 1724 5415 οὐκ
1753 5359 1908 5413 ἐλευ-

286 5464 534 5540 θερώσει
571 5461 670 5517 τοῦ
699 5456 844 5515 εἶναι
885 5457 1122 5531 πονηρὸν
1150 5457 1214 5511 τὸ
1244 5459 1303 5510 ἐν
1348 5455 1540 5525 ὑφέσει
1570 5453 1666 5509 καὶ
1705 5468 1907 5506 ταπει-

282 5563 482 5632 νότητι
507 5551 955 5629 σμικροπρεπὲς,
978 5549 1105 5605 οὔτε
1133 5548 1249 5622 μὴν
1272 5545 1578 5614 ἀπαλλάξει
1610 5544 1708 5599 τοῦ
1740 5541 1903 5598 κολά-

285 5652 487 5722 ζεσθαι
531 5649 643 5704 δεῖν
694 5645 788 5702 τὸν
812 5646 880 5716 τῇ
915 5643 1159 5714 πτωχείᾳ
1195 5638 1657 5711 κατηχθισμένον,
1689 5638 1786 5691 καὶ
1814 5636 1906 5722 τὸν

288 5714 582 5805 ἀπευκτὸν
622 5740 725 5796 καὶ
756 5714 1071 5811 τρισάθλιον
1130 5733 1437 5807 ἀμείϐοντο.
1480 5732 1616 5805 βίον.
1655 5714 1907 5802 Ποοσεπλ

2011 5090 2237 5151 ιιιιιλιῳιο
2314 5076 2540 5135 claritas
2610 5083 2666 5132 et
2738 5071 3039 5142 amplitudo
3108 5068 3433 5126 criminibus
3503 5081 3615 5121 non

2011 5172 2294 5239 absolvet,
2348 5170 2396 5226 si
2426 5182 2553 5224 reus
2581 5175 2839 5239 peractus
2875 5166 2948 5221 sit
2992 5161 3266 5220 fmdorum
3295 5160 3568 5218 scelerum
3597 5177 3610 5213 :

2010 5266 2091 5321 sic
2124 5265 2354 5336 abjectte
2386 5263 2624 5319 fortunae
2656 5269 2711 5317 et
2767 5258 2989 5315 humilis
3035 5255 3313 5313 hominem
3371 5253 3619 5326 parvitas

2011 5358 2130 5414 haec
2159 5373 2190 5413 a
2221 5356 2367 5413 malo
2393 5370 2506 5412 non
2549 5353 2875 5420 vindicabit,
2913 5365 3016 5408 nec
3049 5367 3079 5405 a
3110 5349 3382 5422 supplicio
3428 5345 3618 5418 prohi-

2014 5450 2163 5507 bebit
2212 5448 2539 5505 defendetve
2567 5463 2692 5504 eum
2720 5447 2812 5519 qui
2849 5444 3207 5501 mendicitate
3239 5447 3503 5514 gravatur
3554 5445 3607 5492 et

2014 5540 2365 5613 opprimitur,
2400 5548 2457 5596 et
2484 5540 2879 5611 quisordidam
2936 5552 3001 5595 ac
3033 5548 3115 5592 ter
3146 5534 3405 5591 miseram
3440 5527 3612 5584 vitam

2018 5634 2362 5691 transmittit.
2390 5635 2658 5707 Adjungit
2687 5641 2953 5706 praeterea
3005 5629 3090 5686 his
3121 5636 3179 5683 et
3211 5625 3318 5681 alia
3359 5621 3610 5692 quaedam

2018 5728 2213 5784 divina:
2262 5728 2601 5786 excellentiae
2634 5742 2873 5800 genera,
2914 5738 3037 5796 qua:
3076 5720 3208 5777 dicit
3264 5716 3320 5774 in
3363 5712 3610 5773 omnium

308 5856 321 5863 ‘
368 5907 416 5937 “
447 5900 648 5960 Matth.
679 5914 816 5968 χχιι,
856 5896 1044 5954 ιθοσιι.
1124 5895 1167 5929 δ’
1210 5892 1404 5950 Matth.
1434 5906 1530 5961 vn,
1571 5886 1661 5946 “ll.
1739 5889 1784 5922 ⁵³
1821 5886 1908 5945 lbi!

2011 5903 2119 5956 λιιι,
2154 5886 2246 5942 25.
2327 5885 2370 5919 ⁵³
2400 5883 2571 5942 Exod.
2606 5896 2762 5948 χχιιι,
2794 5881 2849 5937 5.

3522 5976 3583 5985 ιο...
