4016 6480
489 387 595 444 319

1485 389 1544 443 S.
1585 385 1856 444 CYBlLLl
1895 380 2365 439 ALEXANDRINI
2410 380 2726 439 ARCIIIEP.

3653 387 3744 456 320

488 498 782 557 Servalore
815 500 1031 556 Christo
1059 516 1199 567 esse,
1238 500 1363 571 quia
1401 518 1505 555 non
1544 503 1721 558 nudus
1751 484 2059 571 et'simplcx

2171 517 2294 569 αγει
2333 499 2388 553 δὲ
2446 500 2657 562 τούτοις
2716 497 2813 552 καὶ
2857 496 3024 569 ἕτερά
3057 511 3179 550 τινα
3229 496 3338 551 τῶν
3397 498 3477 555 ὅτι
3525 501 3739 572 μάλιστα

491 589 654 642 homo
693 597 892 644 nostrae
919 590 1244 645 conditionis
1279 590 1462 653 fuerit,
1511 593 1628 657 sed,
1660 592 1735 646 uti
1763 593 1899 657 dixi,
1945 592 2071 647 Ver-

490 680 614 732 bum
650 679 744 734 Dei
759 681 1092 751 unigenitum
1116 681 1480 749 incarnatum,
1507 694 1561 738 et
1583 685 1837 739 humana:
1859 693 2070 739 naturae

488 771 779 839 particeps.
799 773 936 837 Quid
969 789 1100 843 ergo
1131 772 1367 830 elﬁciet?
1402 776 1598 843 inquit.
1656 774 1930 831 Percutiet
1958 786 2069 831 ter-

488 876 601 913 ram
633 865 798 916 verbo
827 864 938 918 oris
962 865 1067 919 sui.
1095 862 1162 919 Et
1180 880 1340 935 quam
1376 865 1535 936 197
1565 868 1809 921 terram?
1836 867 2068 924 Maxime

488 966 649 1016 qnam
679 965 997 1009 exsecratus
1026 963 1129 1010 est.
1166 957 1261 1011 Est
1310 957 1525 1025 quidem
1567 958 1668 1015 hoc
1702 974 1919 1023 verum,
1955 960 2066 1014 imo

487 1041 551 1093 de
572 1043 718 1095 omni
748 1052 889 1099 terra
905 1044 1276 1099 verissimum.
1316 1045 1595 1102 Maledixit
1623 1049 1767 1103 enim
1792 1047 2065 1103 universa:

487 1140 664 1197 terrae,
700 1150 794 1187 seu
855 1135 1091 1191 hominis
1137 1145 1346 1191 natura
1394 1137 1449 1193 in
1498 1139 1741 1205 Adamo,
1773 1139 2058 1210 inquiens:

489 1242 508 1274 ι
552 1221 717 1279 Terra
743 1240 803 1281 es
825 1269 840 1293 ,
871 1235 927 1283 et
958 1226 1011 1281 in
1052 1236 1251 1281 terram
1276 1228 1380 1283 ibis
1403 1230 1471 1283 ⁸³.
1495 1248 1516 1283 ι
1553 1230 1833 1287 Maledixit
1863 1232 2064 1287 nihilo-

485 1319 662 1371 minus
706 1318 871 1388 impio
907 1322 1110 1375 mundo
1137 1364 1152 1388 ,
1195 1337 1354 1391 quem
1408 1339 1548 1394 aqua
1603 1326 1894 1393 oppressit.
1946 1326 2061 1381 bla-

482 1407 669 1462 ledixit
714 1412 875 1465 etiam
921 1414 1105 1467 adliaac
1156 1412 1367 1478 Iudaeis,
1429 1431 1555 1470 cum
1603 1416 1795 1471 incolae
1822 1417 1941 1487 ejus
1978 1426 2062 1473 te-

481 1499 720 1554 mulento
747 1502 798 1555 in
834 1502 982 1556 illum
1011 1504 1428 1562 deblaterareut.
1467 1508 1777 1564 Dixitenim
1805 1527 1820 1566 :
1850 1527 1870 1562 ι
1896 1508 2060 1566 Jeru-

479 1589 670 1654 salem,
706 1590 1027 1657 Jerusalem,
1057 1610 1175 1663 qua:
1197 1597 1402 1652 occidis
1441 1600 1765 1668 prephetas,
1814 1612 1873 1657 ct
1912 1602 1981 1656 ad
2008 1612 2060 1658 te

480 1682 676 1738 missos
715 1684 941 1754 lapidas,
971 1689 1185 1755 quoties
1212 1690 1359 1745 volui
1391 1706 1724 1761 congregare
1748 1692 1890 1749 lilios
1916 1701 2056 1762 tuos,

476 1773 929 1836 quemadmodum
979 1776 1176 1845 gallina
1218 1787 1521 1850 congregat
1572 1779 1748 1848 pullos
1785 1795 1914 1837 suos
1958 1784 2060 1839 sub

474 1867 616 1931 alas,
671 1876 727 1921 et
773 1867 1077 1923 noluistis?
1111 1869 1257 1925 Ecce
1313 1869 1644 1939 relinquitur
1682 1870 1840 1927 vobis
1864 1871 2061 1928 domus
2091 1857 2134 1913 Β

475 1968 651 2011 vestra
681 1958 805 2000 ἐδδ
853 1978 872 2013 ι
896 1959 952 2014 In
971 1960 1064 2015 illo
1086 1962 1256 2030 enim,
1293 1961 1622 2032 relinquitur
1642 1962 1834 2019 domus
1856 1972 2060 2032 vestra,

474 2051 840 2107 derelictionis
888 2053 941 2107 in
984 2067 1048 2108 ea
1085 2052 1243 2109 facta
1272 2054 1556 2111 calamitas
1595 2055 1921 2126 explicatur.
1954 2054 2058 2111 De-

477 2144 661 2197 relicta
692 2158 825 2198 vero
873 2146 941 2199 ab
972 2160 1074 2211 eo,
1111 2144 1251 2200 bello
1274 2184 1292 2211 ,
1354 2145 1478 2216 igne
1524 2154 1579 2202 et
1618 2147 2058 2203 adversariorum

477 2237 726 2290 manibus
745 2245 1066 2307 consumpta
1089 2245 1195 2294 est.
1219 2237 1317 2293 Est
1339 2238 1468 2294 item
1500 2239 1630 2294 illud
1653 2238 1801 2294 aliud
1846 2239 2060 2311 signum

474 2335 529 2379 et
580 2326 1034 2398 complementum
1084 2344 1310 2386 summa
1356 2330 1643 2400 potestatis
1678 2348 1695 2386 :
1726 2331 1935 2402 Spiritu
1982 2332 2064 2388 la-

474 2420 686 2472 ltiorum
718 2417 931 2475 auferet
960 2420 1204 2490 impium.
1236 2419 1546 2492 lncrepavit
1571 2422 1717 2478 enim
1745 2421 2061 2483 immundos

473 2511 694 2579 spiritus
720 2550 735 2576 ,
786 2520 843 2566 ct
891 2523 1153 2582 quantum
1189 2514 1481 2569 humanam
1513 2524 1767 2570 naturam
1799 2516 2056 2587 attingit,

472 2619 574 2657 vox
626 2605 907 2673 personuit
953 2618 1022 2659 ex
1081 2621 1179 2661 ore
1232 2614 1290 2662 et
1340 2605 1542 2671 labiis,
1612 2608 1777 2678 vique
1830 2609 2060 2678 spiritus

472 2699 837 2770 ineXpIicabili
887 2701 1278 2758 daemoniorum
1343 2699 1635 2756 multitudo
1704 2700 1881 2757 fracta
1949 2710 2056 2759 est.

471 2792 641 2846 Erunt
681 2800 883 2858 autem,
926 2792 1023 2860 ait,
1062 2801 1116 2849 et
1157 2790 1366 2862 iustitia
1394 2793 1559 2849 cincti
1601 2793 1770 2849 lumbi
1808 2793 1965 2864 ejus,
2005 2803 2063 2852 et

472 2882 704 2936 veritate
742 2882 985 2937 involuta
1038 2883 1232 2940 latera.
1280 2883 1517 2940 Perinde
1553 2884 1703 2941 enim
1759 2892 1846 2942 est
1875 2925 1893 2947 .
1922 2900 1990 2943 ac
2013 2886 2061 2944 si

467 2976 594 3042 quis
633 2973 817 3040 dicat,
878 2972 1209 3031 Potestatem
1260 2986 1317 3032 et
1375 2977 1753 3033 auctoritatem
1796 2978 1852 3034 in
1896 2979 2061 3035 rebus

471 3066 758 3122 mundanis
789 3068 949 3122 habet
979 3068 1204 3124 omnino
1243 3068 1473 3136 nullam,
1505 3084 1570 3126 ac
1612 3070 1844 3140 gloriam
1874 3071 2059 3129 verius

468 3156 730 3222 divinam,
752 3166 807 3213 et
835 3159 992 3228 quasi
1038 3159 1350 3216 succinctus
1372 3172 1457 3219 est
1480 3161 1695 3231 justitia
1722 3172 1779 3220 et
1805 3165 2051 3222 veritate.
2081 3195 2127 3255 α

468 3247 613 3301 Zona
643 3259 824 3304 autem
859 3251 1075 3322 signum
1103 3260 1188 3308 est
1218 3254 1593 3325 principatus,
1623 3266 1679 3313 et
1725 3270 1849 3314 cum
1878 3259 2053 3329 dicat,

465 3342 514 3394 ei
552 3340 791 3395 involuta
816 3340 1012 3409 latera,
1051 3342 1186 3398 nihil
1214 3344 1358 3400 aliud
1389 3356 1473 3401 cst
1495 3361 1659 3417 quam
1688 3348 1735 3405 si
1768 3348 2052 3418 declaret,

468 3444 726 3501 tanquam
757 3432 994 3490 balteum
1024 3438 1335 3506 quempiam
1383 3438 1908 3510 circumpositurum
1948 3443 2053 3501 sibi

460 3524 768 3593 justitiam,
830 3535 885 3581 et
932 3535 1197 3598 praeterea
1248 3530 1554 3587 veritatem.
1609 3531 1922 3593 Verisimile
1967 3546 2056 3594 est

465 3630 667 3681 autem,
692 3632 814 3672 eum
852 3618 1119 3687 justitiam
1147 3631 1199 3676 et
1224 3623 1511 3679 veritatem
1546 3627 1823 3696 appellare
1852 3645 2051 3685 novam

464 3722 517 3767 et
549 3715 912 3783 evangelicum
942 3715 1404 3784 praedicationem,
1443 3721 1904 3787 quemadmodum
1967 3723 2051 3778 di-

462 3815 609 3858 etum
637 3812 721 3858 est
767 3803 817 3859 ei
856 3805 1141 3874 psallentis
1169 3822 1301 3863 voce
1335 3826 1349 3863 :
1387 3826 1408 3861 ι
1435 3808 1654 3865 Iustitia
1688 3821 1811 3879 tua,
1837 3812 2050 3880 iustitia

463 3895 516 3947 in
549 3910 764 3949 onmem
800 3897 1183 3964 aeternitatem,
1220 3907 1276 3955 et
1316 3900 1403 3956 lex
1451 3909 1541 3956 tua
1578 3903 1782 3959 veritas
1804 3904 1871 3959 ⁸⁵.
1903 3924 1922 3959 ι
1951 3904 2050 3961 ιιι-

462 3988 625 4042 stitia:
654 3987 798 4043 enim
829 3990 1090 4061 magistra
1117 4000 1235 4047 erat
1271 4002 1325 4047 et
1355 3992 1461 4059 lex,
1491 3994 1588 4049 sed
1625 4008 1734 4049 non
1769 3997 1969 4053 mansit
1996 3998 2050 4054 in

460 4090 745 4147 anei-num,
779 4081 1004 4137 meliore
1036 4091 1091 4136 et
1117 4082 1444 4153 perfectiore
1472 4083 1806 4151 introducta,
1840 4089 2052 4145 scilicet

460 4190 580 4242 qua:
615 4189 710 4243 per
754 4174 1030 4229 Clu-istum
1074 4175 1178 4230 lata
1227 4185 1330 4231 est.
1394 4176 1607 4233 Rursus
1655 4178 1739 4234 lex
1774 4195 1879 4235 non
1930 4190 2051 4237 erat

458 4265 681 4333 vt-ritas,
713 4267 806 4322 sed
841 4277 997 4339 typus
1030 4268 1209 4337 potius
1244 4279 1298 4321 et
1325 4269 1539 4322 umbra.
1583 4268 1833 4326 Christus
1859 4281 2044 4329 autem

458 4368 511 4411 et
547 4357 665 4427 ejus
700 4358 844 4429 leges
894 4373 1026 4429 pure
1084 4368 1137 4414 et
1170 4358 1489 4429 simpliciter
1509 4372 1668 4417 erant
1701 4365 1924 4420 veritas.
1961 4366 2049 4422 Si-

459 4451 675 4517 quidem
706 4452 842 4506 dixit
874 4470 887 4506 :
919 4471 937 4504 ι
977 4453 1084 4522 Ego
1108 4467 1228 4506 sum
1267 4454 1469 4509 veritas
1500 4454 1567 4509 “.
1595 4473 1614 4507 ι

2172 589 2656 661 θεοπρεπεστάτων
2701 586 3051 657 ἀξιωμάτων,
3081 588 3118 641 ἃ
3144 590 3239 642 καὶ
3290 592 3567 660 προσεῖναί
3615 611 3738 666 φησι

2167 679 2247 751 τῷ
2287 683 2501 737 πάντων
2531 682 2745 754 Σωτῆρι
2772 679 3014 753 Χριστῷ,
3036 680 3121 733 ὄτι
3150 678 3228 751 μὴ
3268 679 3424 750 ψιλὸς
3471 682 3739 756 ἄνθρωπος

2168 772 2293 825 καθ’
2336 775 2513 844 ἡμᾶς,
2568 773 2684 827 ἀλλ’
2740 767 2846 845 ἦν,
2910 772 2987 836 ὡς
3054 770 3213 841 ἔφην,
3293 774 3593 844 σαρκωθεὶς
3657 778 3744 834 καὶ

2166 866 2594 938 ὲνανθρωπήσας
2614 868 2643 920 6
2672 865 2966 938 μονογενὴς
2994 864 3091 919 τοῦ
3119 863 3256 919 Θεοῦ
3273 866 3464 935 Λόγος.
3493 868 3557 922 Τί
3578 868 3740 924 τοίνυν

2165 957 2493 1030 ὲργάσεταις
2525 960 2708 1030 φησίν.
2744 957 2982 1024 Πατάξει
3007 958 3113 1030 γῆν
3140 957 3217 1029 τῷ
3246 958 3390 1030 λόγῳ
3416 959 3510 1013 τοῦ
3556 962 3746 1032 στόμα-

2170 1065 2262 1112 τος
2303 1048 2489 1104 αὐτοῦ.
2521 1050 2633 1104 Καὶ
2667 1049 2830 1103 ποίαν
2858 1050 2969 1120 ἄρα
2989 1049 3132 1119 γῆν;
3162 1049 3415 1104 Μάλιστα
3471 1050 3568 1121 μὲν
3591 1051 3655 1124 ἢν
3686 1053 3742 1109 ἃν
3772 1096 3793 1123 ,

2165 1138 2562 1211 καταράσαιτο.
2623 1139 2850 1212 Ἀληθές
2880 1140 2925 1195 δ’
2954 1138 3022 1194 ἃν
3053 1139 3141 1211 εἴη
3188 1140 3284 1195 καὶ
3327 1141 3423 1194 ἐπὶ
3462 1142 3638 1212 πάσης
3689 1144 3746 1200 τδ

2162 1231 2474 1303 εἰρημένον.
2533 1235 2903 1305 Κατηράσατο
2947 1232 3056 1304 γάρ
3110 1231 3408 1302 σύμπασαν
3470 1234 3594 1304 γῆν,
3636 1234 3748 1305 ἦτοι

2161 1322 2261 1396 τὴν
2288 1323 2579 1396 ἀνθρώπου
2607 1322 2792 1394 φύσιν,
2822 1321 2994 1377 εἰπὼν
3020 1325 3079 1377 ὲν
3126 1322 3300 1394 Ἀδάμ
3319 1340 3333 1354 ο
3394 1341 3414 1375 ι
3459 1324 3534 1394 Γῆ
3562 1320 3628 1387 εἶ,
3657 1325 3744 1377 καὶ

2163 1417 2245 1480 εἰς
2272 1416 2378 1487 γῆν
2413 1417 2715 1489 άπελεύσῃ.
2758 1436 2778 1470 ι
2826 1415 3196 1487 Κατηράσατο
3254 1416 3365 1487 γὰρ
3406 1413 3557 1468 οὐδὲν
3594 1410 3743 1488 ἦττον

2162 1519 2369 1580 κόσμον
2410 1509 2627 1564 ἀσεϐῶν
2652 1508 2810 1564 ὕδατι
2869 1507 3232 1574 καταπνίξας,
3290 1508 3653 1578 Κατηράσατο
3692 1507 3743 1561 δὲ

2162 1602 2301 1673 πρὸς
2348 1598 2564 1664 τούτοις
2603 1598 2710 1672 τὴν
2771 1599 3058 1666 Ἰουδαίαν,
3089 1598 3609 1670 ὲμπαροινησάντων
3657 1599 3743 1651 αὐ-

2159 1693 2239 1766 τῷ
2260 1693 2369 1747 τῶν
2409 1691 2702 1748 οἰκούντων
2738 1693 2931 1764 αὐτήν.
2999 1693 3147 1762 Ἔφη
3189 1691 3302 1765 γάρ
3332 1707 3348 1722 °
3403 1709 3421 1743 ι
3492 1690 3744 1762 Ἰερουσα-

2161 1786 2293 1859 λὴμ,
2322 1787 2355 1858 ἡ
2382 1786 2787 1841 ἀποκτείνουσα
2813 1786 2943 1850 τοὺς
2967 1786 3275 1857 προφήτας,
3297 1783 3396 1839 καὶ
3411 1781 3744 1838 λιθοϐολοῦσα

2160 1880 2290 1943 τοὺς
2320 1879 2771 1951 ἀπεσταλμένους
2806 1877 2943 1948 πρὸς
2972 1879 3145 1948 αὑτήν
3172 1892 3187 1907 ⁸
3229 1876 3466 1939 ποσάκις
3517 1873 3742 1946 ἠθέλησα

2161 1973 2585 2041 ἐπισυναγαγεῖν
2621 1970 2690 2025 τὰ
2728 1971 2895 2025 τέκνα
2948 1986 3070 2033 σου,
3131 1968 3192 2023 ὃν
3231 1968 3436 2041 τρόπον
3462 1967 3606 2039 ὅρνις
3634 1966 3743 2019 ἐπι-

2162 2063 2385 2132 συνάγει
2411 2064 2480 2118 τὰ
2520 2064 2709 2118 νοσσία
2753 2062 2955 2134 ἑαυτῆς
3002 2061 3109 2116 ὑπὸ
3161 2061 3262 2126 τὰς
3319 2059 3617 2133 πτέρυγας,
3659 2059 3743 2113 καὶ

2159 2155 2261 2209 οὐκ
2296 2154 2636 2226 ὴθελήσατες
2698 2153 2808 2208 ἰδοὺ
2839 2153 3063 2221 ἀφίεται
3102 2153 3232 2224 ύμῖν
3271 2154 3300 2207 6
3332 2148 3485 2216 οἶκος
3511 2150 3675 2221 ὑμῶν.
3715 2168 3733 2201 ι

2174 2246 2263 2301 Ἐν
2292 2246 2401 2318 γὰρ
2451 2245 2550 2318 τῷ,
2583 2246 2805 2315 ἀφίεται
2826 2244 2953 2316 ὑμῖν
2988 2245 3017 2297 6
3057 2241 3205 2309 οἶκος
3233 2243 3414 2316 ὑμῶν,
3444 2242 3504 2296 τὸ
3535 2242 3629 2312 τῆς
3661 2242 3740 2309 ἐγ-

2160 2339 2534 2410 καταλείψεως
2579 2339 2682 2410 τῆς
2732 2340 2821 2393 ἐπ’
2877 2339 3016 2409 αὐτῇ
3056 2336 3367 2409 γενομένης
3421 2335 3739 2404 διαφαίνεται

2161 2431 2354 2496 πάθος.
2410 2430 2939 2503 Ἐγκαταλειφθεῖσαῦ
2970 2430 3031 2484 δὲ
3081 2431 3212 2500 παρ’
3256 2427 3429 2483 αὐτοῦ
3459 2424 3739 2495 δεδαπάνηο

2160 2538 2251 2576 ται
2279 2521 2373 2576 καὶ
2405 2522 2629 2594 πολέμῳ
2660 2522 2755 2576 καὶ
2804 2521 2958 2593 πυρὶ,
2990 2521 3086 2575 καλ⁸
3102 2523 3225 2585 ταῖς
3250 2518 3365 2574 τῶν
3404 2517 3737 2593 ἀνῃρηκότων

2160 2616 2382 2689 χερσίν.
2419 2617 2650 2689 Ἕτερον
2690 2615 2749 2669 δὲ
2800 2614 2935 2686 πρὸς
2980 2613 3157 2685 τούτῳ
3207 2615 3467 2685 σημεῖον,
3526 2610 3616 2665 καί
3653 2609 3739 2678 τῆς

2160 2706 2424 2762 ἀνωτάτω
2467 2706 2751 2778 δυνάμεως
2779 2705 3156 2777 ἀποτέλεσμα,
3187 2703 3248 2758 τὸ
3270 2706 3335 2759 έν
3371 2702 3635 2774 πνεύματι
3665 2698 3742 2753 διὰ

2161 2798 2386 2871 χειλέων
2416 2798 2628 2853 ἀνελεῖν
2650 2798 2845 2870 ἀσεϐῆ.
2893 2796 3165 2868 Ἐπετίμα
3199 2795 3310 2868 γὰρ
3352 2797 3465 2859 τοίς
3515 2791 3739 2862 ἀκαθάρ-

2159 2909 2276 2957 τοις
2304 2891 2603 2963 πνεύμασι,
2658 2891 2753 2946 καὶ
2785 2892 2911 2945 ὅσον
2947 2890 3047 2962 μὲν
3078 2883 3214 2961 ἦκεν
3245 2887 3336 2953 εἷς
3377 2905 3443 2958 γε
3470 2886 3530 2941 τὺ
3556 2881 3742 2955 ἀνθρώ-

2160 3000 2333 3051 πινον,
2390 2986 2424 3056 ἡ
2467 2983 2557 3038 διὰ
2613 2983 2882 3054 πόματος
2938 2982 3035 3036 καὶ
3096 2979 3327 3052 χειλέων
3393 2978 3739 3035 ἀπεκτυπεῖτο

2162 3075 2335 3148 φωνὴ,
2387 3078 2455 3149 τῇ
2492 3076 2552 3129 δὲ
2580 3076 2807 3148 ἀρρήτῳ
2834 3073 3064 3144 δυνάμει
3111 3070 3208 3126 τοῦ
3240 3071 3616 3143 πνεύματοςή
3651 3065 3743 3121 τῶν

2158 3168 2456 3240 δαιμονίων
2479 3167 2691 3240 πληθὺς
2729 3165 3108 3239 συνεθραύετο.
3144 3166 3351 3220 Ἔσται
3381 3165 3457 3231 δὲ,
3482 3161 3628 3234 φησὶ,
3660 3158 3738 3213 καὶ

2156 3260 2470 3334 δικαιοσύνῃ
2498 3258 2810 3332 ὲξωσμένος
2838 3259 2938 3332 τὴν
2978 3258 3151 3327 ὀσφὺν
3178 3257 3371 3327 αὑτοῦ,
3404 3256 3497 3312 καὶ
3529 3250 3737 3325 ἀληθείᾳ

2156 3352 2445 3424 εἰλημένος
2496 3351 2595 3415 τὰς
2647 3348 2915 3422 πλευράς.
2964 3349 3193 3420 Ὅμοιον
3235 3349 3352 3421 γάρ
3402 3349 3479 3412 ὼς
3506 3348 3554 3401 εἰ
3583 3344 3734 3412 λέγοι,

2161 3445 2406 3516 Δύναμις
2432 3443 2606 3516 αὐτῷ,
2637 3443 2732 3497 καὶ
2757 3441 2977 3513 ἀξίωμα
3028 3440 3140 3495 τῶν
3198 3440 3301 3511 μὲν
3358 3442 3419 3495 ὲν
3461 3438 3643 3509 κόσμῳ
3682 3431 3735 3486 τὸ

2156 3537 2378 3606 σύμπαν
2411 3534 2582 3602 οὐδὲν,
2607 3535 2734 3599 δόξα
2754 3535 2810 3589 δὲ
2840 3534 3041 3606 μᾶλλον
3069 3536 3103 3606 ἠ
3132 3532 3468 3605 θεοπρεπὴς,
3491 3530 3585 3585 καὶ
3633 3522 3734 3582 οἷον

2155 3625 2392 3693 ὲζῶσθαι
2443 3624 2764 3699 δικαιοσύνῃ
2798 3625 2893 3679 καὶ
2930 3623 3181 3696 ἀληθείᾳ.
3231 3623 3392 3695 Ζώνη
3436 3624 3495 3678 δὲ
3530 3616 3738 3691 σημεῖον

2153 3718 2353 3789 ἀρχῆς,
2388 3717 2483 3772 καὶ
2522 3716 2584 3771 τὸ
2629 3716 2878 3788 εἰλῆσθαι
2930 3715 3113 3785 λέγειν
3159 3714 3328 3770 αὑτὸν
3353 3714 3453 3780 τὰς
3494 3709 3734 3782 πλευρὰς,

2153 3809 2342 3882 ἓτερον
2373 3809 2528 3862 οὐδέν
2555 3806 2642 3877 εἴη
2667 3806 2734 3861 ἂν
2765 3806 2798 3879 ἢ
2846 3805 2981 3860 αὐτὸ
3016 3805 3082 3875 δὴ
3122 3802 3282 3859 τοῦτο
3321 3800 3738 3874 κατασημαίνον·

2153 3918 2269 3966 τος,
2309 3903 2393 3955 ὅτι
2426 3900 2679 3971 καθάπερ
2722 3899 2847 3953 τινὰ
2908 3897 3172 3969 ζωστῆρα
3233 3897 3604 3969 περικείσεται
3650 3888 3740 3960 τὴν

2151 3994 2526 4064 δικαιοσύνην,
2557 3992 2654 4046 καὶ
2685 3990 2824 4063 πρὸς
2856 3991 2992 4063 αὐτῇ
3031 3989 3130 4063 τὴν
3165 3989 3448 4062 ἀλήθειαν.
3489 3985 3642 4049 Εἰκὸς
3689 3982 3739 4036 δὲ

2151 4087 2216 4158 δὴ
2248 4088 2330 4140 ὅτι
2365 4085 2461 4139 καὶ
2487 4082 2837 4153 δικαιοσύνην
2868 4082 2962 4136 καὶ
2993 4080 3260 4153 ἀλήθειαν
3325 4081 3386 4135 τὸ
3421 4080 3539 4135 νέον
3566 4094 3623 4133 τε
3658 4072 3741 4129 καὶ

2152 4178 2514 4251 εὐαγγελικδν
2555 4177 2866 4231 ἀπεκάλεσε
2923 4177 3212 4247 κήρυγμα,
3267 4176 3416 4229 κατά
3441 4192 3499 4227 τε
3557 4172 3616 4225 τὸ
3663 4166 3742 4221 διά

2149 4271 2251 4340 τῆς
2310 4267 2404 4323 τοῦ
2447 4265 2743 4337 ψάλλοντος
2783 4266 2970 4335 φωνῆς
3021 4263 3159 4333 πρὸς
3202 4262 3373 4316 αὐτὸν
3425 4259 3739 4337 εἰρημένον’

2156 4387 2176 4419 ι
2213 4364 2279 4417 Ἠ
2314 4359 2632 4430 δικαιοσύνη
2668 4375 2762 4412 σου
2792 4356 3106 4427 δικαιοσύνη
3138 4358 3219 4420 εἰς
3249 4355 3345 4411 τὸν
3374 4356 3545 4410 αἰῶνα
3564 4370 3577 4383 ·
3608 4349 3694 4405 καὶ
3717 4347 3742 4399 6

2151 4459 2318 4529 νόμος
2365 4472 2459 4508 σου
2491 4451 2740 4523 ἀλήθεια.
2792 4469 2812 4503 ι
2852 4450 3216 4521 Δικαιοσύνης
3248 4449 3352 4519 μὲν
3378 4448 3489 4520 γὰρ
3514 4446 3743 4501 διδάσκαι

455 4544 549 4609 λος
575 4547 666 4599 καὶ
686 4548 714 4601 6
743 4548 904 4618 νόμος
928 4545 1016 4620 ἦν.
1048 4549 1163 4602 ἀλλ’
1191 4550 1251 4603 οὗ
1283 4549 1592 4622 μεμένηκεν
1625 4552 1704 4616 εἰς
1770 4553 1863 4606 τὸν
1911 4555 2108 4623 αἰῶνα,
2183 4555 2283 4623 τῆς
2344 4547 2653 4620 κρείττονος
2711 4545 2807 4599 καὶ
2852 4543 3187 4616 τελεωτέρας
3239 4537 3740 4612 εἰσκεκομισμένηςο

457 4638 615 4709 δῆλον
646 4638 702 4693 δὲ
735 4641 816 4693 ὃτι
843 4640 943 4711 τῆς
976 4641 1063 4696 διὰ
1104 4641 1362 4713 Χριστοῦ.
1425 4638 1536 4697 Ἦν
1587 4643 1644 4696 δὲ
1696 4645 1793 4698 καὶ
1848 4648 1876 4700 6
1919 4647 2087 4701 πάλαι
2120 4646 2286 4715 νόμος
2346 4641 2448 4693 οἰκ
2493 4637 2722 4709 ἀλήθεια
2777 4636 2998 4709 μᾶλλον,
3042 4635 3180 4691 ἀλλὰ
3247 4635 3422 4700 τύπος
3465 4634 3561 4688 καὶ
3606 4625 3740 4684 σκιάο

457 4734 691 4806 Χριστὸς
727 4735 782 4789 δὲ
814 4738 908 4790 καὶ
936 4737 1003 4790 τὰ
1030 4736 1195 4791 αὑτοῦ
1235 4737 1493 4811 καθαρῶς
1525 4741 1559 4811 ἡ
1610 4739 1860 4812 ἀλήθεια.
1916 4743 2207 4815 Τοιγάρτοι
2242 4738 2338 4793 καὶ
2368 4738 2639 4807 ἔφασκενο
2681 4753 2700 4786 ι
2744 4733 2887 4802 Ἐγώ
2916 4735 3034 4806 εἰμι
3070 4732 3373 4805 ήάλήθεια.
3422 4751 3442 4785 ι

531 4830 694 4900 198
741 4830 900 4885 \‘Ens.
946 4830 1066 4885 6-9.
1121 4829 1189 4884 Et
1236 4810 1396 4886 simul
1439 4810 1879 4901 pascelurvlupus
1924 4810 2041 4890 cuin

2222 4830 2332 4887 Καὶ
2375 4826 2949 4899 συμϐοσκηθήσεται
2992 4826 3184 4890 λύκος
3227 4825 3382 4895 μετὰ
3416 4821 3618 4893 ἀρνὸς,
3652 4810 3741 4868 καὶ

456 4938 611 4991 agno,
636 4934 684 4976 et
709 4922 905 4992 pardus
935 4923 1209 4978 occultabit
1234 4924 1407 4988 hteda,
1433 4933 1481 4976 et
1513 4923 1725 4988 vitulus,
1756 4936 1805 4978 et
1835 4934 2044 4993 taurus,

455 5024 503 5066 et
531 5014 609 5068 leo
643 5015 802 5069 simul
833 5025 1131 5084 pascentur,
1156 5026 1202 5070 et
1230 5032 1362 5086 puer
1408 5015 1657 5084 parvulus
1685 5025 1802 5086 aget
1828 5034 1913 5072 eos
1949 5036 1966 5073 :
1997 5030 2045 5074 et

456 5107 576 5173 bos,
611 5117 658 5160 et
708 5124 860 5162 ursus
906 5117 1322 5176 compascentur,
1359 5119 1408 5162 et
1452 5107 1611 5162 simul
1655 5111 1817 5162 catuli
1865 5127 2045 5166 eorum

455 5209 637 5263 erunt;
665 5208 712 5252 cl
745 5200 852 5260 (eo,
882 5208 928 5251 et
962 5201 1051 5253 bos
1080 5197 1241 5253 simul
1300 5207 1571 5253 vescantur
1603 5200 1786 5265 paleis.
1821 5198 1884 5255 Et
1918 5218 2048 5269 puer

452 5288 702 5357 parvulus
742 5288 796 5341 in
840 5287 1079 5357 foramen
1122 5289 1398 5358 aspidum,
1429 5297 1475 5341 et
1515 5291 1570 5341 in
1613 5288 1785 5342 cubile
1826 5290 2045 5358 [mtuum

455 5379 697 5448 aspidum
723 5395 937 5433 manum
962 5379 1228 5444 immittet,
1257 5396 1349 5434 nec
1375 5381 1588 5446 lwdenl,
1615 5396 1777 5451 neque
1803 5388 2045 5449 poterunt

452 5487 763 5540 quemquam
789 5470 1005 5538 perdere
1028 5470 1081 5522 in
1107 5481 1281 5525 monte
1309 5480 1493 5524 sancto
1518 5487 1652 5536 meo,
1677 5472 1806 5536 quia
1832 5472 2048 5541 impleta

453 5572 527 5618 est
551 5564 790 5617 universa
814 5570 956 5616 terra
979 5563 1270 5634 cognitione
1295 5563 1530 5630 Domini,
1549 5564 1702 5635 quasi
1725 5580 1862 5631 aqua
1885 5565 2046 5619 malm

454 5657 717 5723 cooperiat
739 5672 905 5712 mare.

2152 4923 2451 4993 πάρδαλις
2471 4920 3017 4976 συναναπαύσεται
3047 4918 3250 4987 ἐρίφῳ,
3274 4915 3376 4971 καὶ
3396 4910 3737 4985 μοσχάριον.

2150 5019 2254 5073 καὶ
2280 5015 2519 5083 ταῦρος,
2558 5012 2659 5066 καὶ
2696 5010 2855 5066 λέων
2904 5010 3026 5081 ἅμα
3070 5007 3591 5077 βοσκηθήσονται,
3647 4994 3737 5052 καὶ

2151 5108 2396 5164 παιδίον
2417 5105 2639 5178 μικρὸν
2667 5105 2799 5170 ἄξει
2836 5104 3079 5169 αὐτούς.
3116 5101 3228 5157 Καὶ
3257 5099 3418 5166 ,ϐοῦς
3446 5097 3541 5151 καὶ
3572 5093 3739 5189 ἄρκος

2151 5202 2274 5272 ἅμα
2299 5196 2821 5268 βοσκηθιξσονται,
2870 5193 2973 5249 καὶ
3013 5193 3134 5263 ἅμα
3185 5190 3258 5247 τὰ
3311 5189 3521 5245 παιδία
3556 5185 3740 5239 αὐτῶν

2151 5294 2398 5348 ἔσονται
2419 5302 2433 5319 ³
2467 5289 2567 5344 καὶ
2586 5289 2747 5344 λέων
2766 5291 2867 5342 καὶ
2890 5287 3048 5353 ,ϐοῦς
3074 5286 3196 5355 ἅμα
3224 5283 3517 5355 φάγονται
3533 5278 3737 5346 ἄχυρα,

2154 5385 2259 5439 παὶ
2307 5382 2552 5438 παιδίον
2593 5382 2816 5448 νήπιον
2869 5381 2969 5435 ἐπὶ
3013 5379 3287 5449 τρώγλην
3333 5373 3608 5466 ἀσπίδων
3637 5361 3736 5466 ⁸καὶ

2153 5477 2252 5531 ἐπὶ
2288 5475 2498 5541 κοίτην
2528 5473 2794 5543 ἐγγόνων
2824 5470 3100 5527 ἀσπίδων
3130 5471 3244 5539 τὴν
3267 5472 3434 5538 χεῖρα
3447 5462 3734 5520 ἐπιϐαλεΡ

2155 5568 2249 5622 καὶ
2285 5570 2357 5621 οὐ
2381 5565 2468 5637 μὴ
2501 5563 3018 5630 κακοποιήσωσιν,
3053 5564 3181 5618 οὐδ’
3218 5564 3291 5617 οὐ
3333 5560 3421 5631 μὴ
3457 5558 3734 5613 δύνωνται

2154 5657 2457 5714 ἀπολέσαι
2486 5659 2708 5713 οὐδένα
2744 5658 2843 5713 ἐπὶ
2873 5657 2941 5712 τὸ
2974 5657 3109 5726 ὄρος
3143 5659 3208 5712 τὸ
3233 5656 3406 5726 ἅγιόν
3434 5670 3553 5725 μου
3584 5664 3598 5677 ·
3653 5641 3734 5698 ὅτι

453 5746 804 5816 ἐνεπλήσθη
838 5749 875 5817 ἡ
904 5751 1201 5820 σύμπασα
1246 5752 1352 5805 τοῦ
1397 5752 1609 5827 γνῶναι
1645 5756 1752 5809 τὸν
1784 5755 2025 5822 Κύριον,
2053 5755 2133 5821 ὡς
2172 5755 2323 5823 ὕδωρ
2354 5752 2512 5808 πολὺ
2541 5755 2810 5822 καλύψαι
2851 5754 3196 5809 θάλασσαν.

529 5865 571 5896 δ’
597 5865 732 5923 Gen.
769 5881 849 5934 ιιι,
888 5868 969 5923 l9.

1047 5870 1171 5911 δδ-εη
1196 5870 1384 5928 Matth.
1422 5888 1570 5939 xxiii,
1598 5874 1686 5943 37,
1717 5872 1805 5929 58.
1882 5873 1928 5904 "
1954 5871 2097 5929 ΡΜ.
2130 5888 2315 5940 CXVIII,
2360 5871 2476 5926 li2.
2555 5868 2778 5931 “Joan.
2817 5886 2929 5939 XIV,
2958 5871 3013 5927 6.
