4016 6484
267 388 380 445 521

1432 376 1502 435 IN
1542 376 1782 434 lSAlAM
1821 373 1950 433 LIB.
1989 376 2059 437 ll.
2102 376 2345 437 TOMUS
2386 377 2430 438 1.

3488 385 3596 441 τρε

342 506 497 578 Πρὸς
536 506 650 570 τοῖς
676 504 780 578 ἥδη
820 496 1265 576 προειρημένοις,
1315 500 1457 573 μέγα
1485 501 1581 555 καὶ
1611 500 1891 572 ἐξαίρετον

2065 501 2147 557 Ad
2177 516 2242 557 ea
2271 518 2391 572 (piae
2416 502 2529 573 jam
2561 503 2712 573 prius
2746 513 3178 560 commemorata
3207 513 3365 571 sunt,
3397 506 3596 560 addere

258 600 368 655 καὶ
395 597 566 653 τοῦτο
592 601 843 670 σημεῖον,
876 597 973 651 καὶ
1004 597 1106 669 τῆς
1146 596 1241 649 τοῦ
1286 596 1540 666 Σωτπρος
1560 592 1719 664 ἡμῶν
1766 593 1891 646 ὲπι-

259 691 483 762 δημίοις
558 690 663 744 οὐκ
743 689 1098 760 ἀθαύμαστον
1147 686 1497 757 ἀποτέλεσμα
1541 685 1659 757 δοίη
1696 702 1778 749 τις
1825 683 1893 738 ἂν

265 777 438 845 εἶναι,
472 782 570 836 καὶ
596 780 745 853 μάλα
771 781 1020 845 εἰκότως.
1055 781 1193 852 Πρὶν
1227 778 1328 851 μὲν
1354 778 1465 849 γὰρ
1483 777 1743 847 γενέσθαι
1765 776 1889 831 καθ’

270 876 425 947 ἡμᾶς
456 875 756 947 ἄνθρωπον
776 874 872 928 τὸν
908 874 1173 945 μονογενῆ
1209 871 1307 926 τοῦ
1333 870 1470 925 Θεοῦ
1502 871 1707 940 Λόγον·
1764 871 1895 942 πρὶν

208 1020 221 1039 ,
280 966 644 1022 ἐπιλαϐέσθαι
696 966 1017 1037 σπέρματος
1090 964 1366 1036 Ἀϐραὰμ,
1429 961 1764 1034 ὁμοιωθῆναί
1831 978 1896 1017 τε

286 1059 422 1115 κατά
447 1058 635 1112 πάντα
662 1060 780 1123 τοῖς
814 1057 1087 1128 ἀδελφοῖς,
1123 1056 1269 1111 καθά
1297 1056 1634 1127 γέγραπται,
1664 1055 1895 1127 σύμπαν

278 1152 340 1205 τὸ
360 1150 456 1205 ἐπὶ
482 1151 591 1222 γῆς
614 1150 797 1219 γένος,
841 1151 988 1221 φημὶ
1036 1150 1102 1220 δὴ
1142 1148 1205 1202 τὸ
1251 1148 1613 1221 ἀνθρώπινον,
1645 1148 1727 1211 είς
1766 1147 1895 1219 ἔθνη

272 1244 507 1316 διῄρητο
544 1243 664 1306 δύο,
712 1241 795 1306 εἷς
827 1259 888 1295 τε
912 1241 1026 1295 τῶν
1070 1240 1362 1305 Ἰουδαίων,
1395 1233 1492 1294 καὶ
1531 1239 1641 1292 τῶν
1674 1240 1741 1309 τῇ
1782 1238 1898 1291 κτίο

272 1355 363 1392 σει
387 1335 845 1412 λελατρευκότων
873 1334 1028 1407 παρὰ
1063 1333 1156 1388 τὸν
1198 1333 1483 1388 κτίσαντα.
1514 1333 1625 1386 Καὶ
1655 1331 1898 1401 γνωστὸς

274 1432 381 1501 μὲν
409 1425 483 1502 ἧν
517 1430 580 1483 ὲν
609 1432 679 1501 τῇ
719 1427 954 1499 Ἰουδαίᾳ
988 1427 1018 1480 6
1045 1425 1178 1489 Θεός
1204 1441 1219 1456 ο
1251 1425 1422 1490 πολὺς
1451 1423 1508 1478 δὲ
1540 1424 1636 1478 καὶ
1668 1423 1901 1488 ἄπλετος

1995 594 2202 664 poteris
2240 604 2292 650 et
2333 596 2464 649 illud
2510 612 2767 665 maguum
2831 608 2889 652 et
2931 598 3192 652 eximium
3236 598 3483 667 signum,
3540 608 3598 654 ct
3634 669 3637 673 _

1997 687 2289 743 mirificum
2348 687 2663 744 Servatoris
2715 690 2887 744 nostri
2939 692 3207 745 adventus
3268 689 3519 744 echctum
3578 706 3593 743 :

1999 780 2164 851 idque
2208 781 2365 837 valde
2412 782 2630 836 merito.
2662 780 2987 853 Priusquam
3039 782 3185 836 enim
3235 781 3397 836 homo
3441 781 3597 836 lieret

1997 873 2195 929 similis
2225 874 2380 930 nobis
2409 874 2745 942 unigenitum
2778 875 2873 930 Dei
2905 874 3165 941 Verbum,
3193 875 3509 945 priusquam
3538 889 3599 930 se

2000 966 2300 1022 Abrahami
2339 966 2533 1021 semini
2572 967 2870 1032 insereret,
2903 977 2958 1023 et
2992 984 3089 1037 per
3120 968 3301 1021 omnia
3336 968 3596 1021 fratribus

1999 1058 2196 1114 similis
2229 1052 2404 1122 esset,
2437 1057 2895 1127 quemadmodum
2935 1059 3199 1128 scriptum
3232 1068 3344 1118 est.
3376 1060 3597 1112 univer-

2000 1165 2118 1206 sum
2149 1167 2324 1221 genus
2352 1152 2407 1205 in
2441 1159 2607 1216 terra,
2643 1151 2942 1205 humanum
2978 1152 3122 1217 dico,
3155 1152 3207 1204 in
3240 1152 3376 1205 duas
3405 1160 3597 1219 gentes

2002 1244 2235 1299 divisum
2286 1254 2400 1307 est,
2443 1253 2554 1297 tum
2612 1243 2665 1297 in
2710 1241 3056 1307 Judteorum,
3096 1253 3209 1296 tum
3259 1257 3447 1298 eorum
3504 1247 3596 1311 qui

2001 1345 2309 1393 creaturam
2341 1351 2507 1406 supra
2535 1335 2854 1390 Creatorem
2884 1336 3190 1393 coluerunt.
3218 1335 3387 1391 Notus
3413 1346 3596 1390 autem

2003 1438 2124 1485 erat
2150 1430 2201 1483 in
2224 1427 2411 1484 Judzra
2439 1430 2598 1497 Deus,
2618 1429 3008 1497 copiosumque
3031 1435 3086 1482 et
3109 1428 3300 1499 ingens
3324 1426 3593 1481 idolorum

231 4994 279 5065 ἦ-

271 1523 522 1579 εἰδώλων
557 1521 728 1593 ἐσμὸς
774 1519 931 1592 παρὰ
957 1518 1068 1574 τῶν
1112 1517 1321 1590 ἑτέρων
1361 1516 1764 1591 ιὶθρηοκεύετο⁹
1806 1520 1904 1573 καὶ

2013 1537 2195 1593 agmen
2242 1521 2310 1575 ab
2353 1520 2479 1575 aliis
2521 1521 2875 1587 adorabatur,
2908 1521 3113 1590 Deique
3164 1521 3440 1591 majestati
3502 1537 3600 1592 pro

286 1615 359 1669 τὸ
421 1614 647 1685 ἑκάστῳ
688 1612 889 1668 δοκοῦν
959 1613 1026 1683 τῇ
1076 1609 1173 1664 τοῦ
1223 1609 1360 1664 Θεοῦ
1424 1610 1551 1682 δόξῃ
1608 1610 1902 1681 τετίμητο·

2013 1616 2266 1685 cujusque
2297 1614 2559 1668 arbitratu
2584 1615 3142 1684 houortribuebatur.
3171 1634 3190 1667 ι
3220 1613 3424 1672 Omnes
3452 1616 3599 1670 enim

281 1726 305 1759 ι
348 1707 569 1770 Πάντες
598 1704 710 1776 γὰρ
745 1702 1047 1768 ἐξέκλιναν,
1083 1700 1200 1771 ἅμα
1228 1699 1634 1774 ἠχρειώθησαν,
1679 1700 1776 1753 καὶ
1804 1699 1906 1752 οὐκ

2013 1707 2375 1771 declinarunt,
2408 1706 2570 1761 simul
2603 1707 2823 1762 inutiles
2853 1706 2982 1763 facti
3021 1717 3166 1773 sunt,
3196 1724 3299 1764 nec
3334 1719 3476 1773 erat,
3507 1709 3601 1779 qui

273 1795 351 1872 ἦν
381 1801 412 1853 6
441 1797 619 1852 ποιῶν
659 1794 1031 1867 χρηστότητα,
1081 1793 1184 1846 οὐκ
1237 1787 1306 1864 ἦν
1359 1790 1465 1856 ἓως
1499 1791 1638 1855 ένός.
1693 1809 1714 1844 ι
1766 1788 1905 1842 Ἀλλ’

2013 1798 2212 1855 faceret
2244 1800 2563 1865 bonitatem,
2584 1813 2692 1853 non
2720 1810 2841 1853 erat
2873 1815 3043 1869 usque
3074 1801 3142 1855 ad
3174 1798 3424 1854 unum".
3453 1820 3470 1851 ι
3494 1799 3601 1855 Sed

290 1891 547 1947 Ἰουδαῖοι
571 1888 673 1961 μὲν
709 1887 799 1941 διὰ
819 1888 920 1958 τῆς
947 1884 1043 1939 τοῦ
1069 1886 1238 1956 νόμου
1283 1882 1683 1952 παιδαγωγίας,
1739 1881 1903 1936 οἱονεί

2013 1887 2175 1947 Judaei
2208 1890 2341 1960 legis
2367 1888 2678 1960 paedagOgia
2707 1888 2858 1944 velut
2889 1888 3268 1959 mansuefacti,
3300 1902 3354 1944 et
3376 1889 3605 1960 iustitiae

279 2000 409 2046 πως
439 1977 880 2052 ὲξημερούμενοι
919 1978 1016 2031 καὶ
1043 1979 1154 2041 τοῖς
1179 1976 1278 2046 τῆς
1301 1973 1650 2044 δικαιοσύνης
1679 1973 1902 2045 τρόποις

2013 1984 2249 2040 moribus
2269 1981 2689 2046 cieurati,vitam
2708 1981 2995 2036 coluerunt
3014 1982 3324 2037 hominibus
3343 1984 3560 2051 dignam
3585 2000 3600 2038 :

276 2072 765 2142 τιθασσευόμενοι,
831 2068 949 2141 βίον
993 2069 1360 2140 τετιμήκασιν
1429 2066 1902 2137 ἀνθρωποπρεπῆο

2013 2076 2087 2132 illi
2114 2090 2243 2132 vero
2270 2075 2395 2141 alii,
2430 2074 2483 2130 id
2509 2082 2626 2142 est,
2653 2073 2746 2144 qui
2777 2072 3035 2129 inanimis
3064 2070 3374 2129 siumlacris
3403 2075 3608 2130 εει-νῆες-

276 2168 336 2223 οἵ
368 2183 436 2236 γε
481 2155 591 2237 μὴν
623 2162 824 2236 ἕτεροι,
873 2161 1022 2215 τοῦτ’
1067 2160 1238 2224 ἐστιν,
1273 2161 1325 2213 οἱ
1357 2160 1470 2223 τοίς
1499 2157 1727 2230 ἀψύχοις
1755 2155 1907 2210 εἰδώ-

2013 2178 2162 2233 runt,
2201 2169 2486 2224 rectricem
2538 2165 2713 2239 legem
2754 2182 2862 2221 non
2909 2166 3204 2232 habentes,
3239 2178 3420 2222 mente
3463 2182 3606 2223 saeva

278 2261 401 2326 λοις
423 2256 812 2331 λατρεύοντες,
858 2255 952 2310 τὸν
997 2252 1264 2324 ἰθυντῆρα
1325 2252 1492 2324 νόμον
1542 2251 1642 2304 οὐκ
1690 2248 1907 2321 ἔχοντες

2013 2261 2218 2333 praediti
2249 2259 2597 2325 exstiterunt,
2626 2271 2682 2315 et
2708 2268 2974 2330 agrestes,
3006 2269 3059 2314 et
3087 2274 3335 2329 rapaces,
3366 2259 3610 2314 avaritia;

278 2351 454 2409 δεινοί
486 2367 551 2404 τε
574 2345 720 2421 ἦσαν
746 2347 848 2412 τὰς
881 2346 1133 2417 γνώμας,
1162 2343 1351 2416 ἀγριοί
1378 2361 1441 2398 τε
1491 2343 1588 2397 καὶ
1626 2342 1906 2415 ἁρπακτι-

2013 2354 2239 2421 addicti,
2273 2353 2593 2424 impetuosi,
2623 2360 2678 2407 et
2722 2351 2878 2422 proni
2925 2354 2990 2407 ad
3041 2352 3377 2423 voluptates,
3404 2368 3611 2425 easque

280 2448 376 2504 κοὶ
427 2447 646 2516 ἕτοιμοι
687 2442 828 2513 πρὸς
856 2439 1197 2506 πλεονεξίας,
1232 2437 1496 2511 ὁρμητίαι
1544 2436 1680 2507 πρὸς
1714 2432 1908 2508 ἡδονὰς

2013 2446 2381 2517 turpissimus,
2408 2456 2460 2501 et
2488 2447 2555 2501 ad
2582 2445 2768 2501 omnia
2798 2438 3098 2501 fmdissima
3126 2449 3455 2518 praecipites,
3480 2464 3611 2518 quo-

279 2538 382 2595 καὶ
416 2538 522 2602 τὰς
551 2535 697 2606 ἀγαν
722 2533 1017 2600 ἐκτύπους,
1072 2532 1170 2586 καὶ
1216 2530 1357 2603 πρὸς
1397 2530 1507 2583 πᾶν
1567 2528 1679 2582 τῶν
1726 2527 1907 2599 αίσχί-

2013 2555 2133 2596 rum
2170 2539 2315 2597 alius
2350 2543 2475 2610 lupo
2505 2541 2764 2598 assimilis
2800 2549 2951 2607 erat,
2995 2541 3133 2596 alius
3168 2543 3350 2611 pardis
3400 2544 3612 2599 vicinus

282 2650 434 2688 στων
484 2628 669 2685 ὁτιοῦν
726 2626 1168 2701 προαλέστατοι·
1219 2619 1297 2679 ὧν
1337 2625 1366 2678 6
1418 2622 1520 2695 μέν
1552 2638 1637 2685 τις
1666 2616 1734 2692 ἦν
1760 2619 1910 2692 λύκῳ

280 2723 664 2801 προσεοικὼς,
698 2724 728 2776 6
760 2721 819 2775 δὲ
844 2718 1150 2793 παρδάλεσι
1187 2716 1596 2790 παραπλήσιος,
1626 2715 1719 2768 διά
1760 2731 1819 2767 τε
1850 2713 1912 2767 τὸ

280 2820 582 2883 πλείσταις
628 2817 785 2880 ὅσαις
811 2815 910 2869 καὶ
953 2811 1265 2868 πολυειδέσι
1292 2807 1485 2864 παθῶν
1514 2807 1797 2880 διαφοραῖς
1818 2822 1915 2876 μο-

281 2911 510 2981 νονουχὶ¹
537 2905 900 2978 κατεστίχθαι
916 2904 1018 2968 τὰς
1042 2901 1248 2977 φρένας
1272 2916 1287 2930 ·
1312 2899 1412 2954 όδὲ
1432 2898 1525 2952 ὲπί
1547 2914 1631 2952 τοι
1648 2898 1748 2970 τὴν
1768 2894 1909 2966 γνὼ-

2013 2644 2069 2691 et
2099 2635 2400 2691 conformis
2422 2675 2437 2699 ,
2472 2644 2759 2705 propterea
2789 2635 2930 2705 quod
2977 2646 3212 2691 mentem
3266 2636 3515 2701 plurimis
3558 2644 3615 2691 et

2016 2728 2186 2782 variis
2216 2727 2742 2798 perturbationibus,
2769 2737 2825 2782 et
2853 2724 3138 2784 all'cctibus
3166 2738 3405 2782 notatam
3442 2729 3614 2784 habe-

2010 2830 2100 2876 ret
2127 2839 2139 2874 :
2170 2820 2308 2893 alius
2328 2833 2458 2876 vero
2480 2821 2663 2875 animo
2686 2819 2958 2891 impotens
3001 2829 3057 2876 et
3076 2818 3298 2876 eﬂ‘renis
3321 2824 3616 2887 rapacitate

2016 2912 2183 2970 facile
2213 2928 2569 2984 persequens,
2599 2914 2651 2967 in
2684 2913 2792 2968 vita
2823 2913 3072 2968 leonibus
3096 2913 3350 2968 assimilis
3381 2915 3612 2969 exstitit.

285 3024 403 3080 μην
424 3006 664 3076 ἄσχετος
678 2996 774 3074 ἦν,
793 3000 894 3071 τὴν
918 2997 1042 3054 καθ’
1062 2990 1140 3052 ὧν
1155 2996 1331 3051 ἕλοιτο
1345 2991 1662 3057 πλεονεξίαν
1677 2989 1911 3064 ἀμογητὶ

2020 3004 2227 3063 Verum
2255 3008 2308 3062 hi
2334 3007 2471 3063 adeo
2514 3005 2756 3063 ell'eratis
2776 3016 2833 3061 et
2853 3006 3094 3061 moribus
3116 3016 3167 3062 et
3192 3007 3429 3061 motibus
3455 3006 3619 3061 innu.

281 3097 606 3172 κατορθῶν,
635 3096 751 3160 τοῖς
774 3092 991 3147 λέουσιν
1026 3089 1358 3159 εἰκασμένος
1388 3087 1617 3142 διετέλει
1649 3087 1792 3141 κατά
1821 3086 1911 3141 τὸν

2022 3099 2164 3165 triti,
2187 3098 2411 3155 Christo
2437 3114 2533 3155 eos
2562 3099 2629 3153 ad
2659 3096 3156 3154 mansuetissimam
3207 3113 3272 3153 ac
3302 3097 3464 3168 199
3487 3113 3616 3153 sau-

284 3192 432 3265 βίον.
477 3188 649 3244 Ἀλλά
670 3190 788 3252 τοίς
817 3187 994 3249 οὕτως
1016 3183 1232 3255 ἀγρίοις
1267 3181 1424 3255 ῆθεσί
1467 3197 1527 3234 τε
1564 3180 1662 3234 καὶ
1690 3180 1911 3253 τρόποις

2022 3203 2165 3250 ctam
2190 3193 2357 3249 vitam
2393 3193 2840 3258 transformante,
2861 3192 3189 3248 crudelitate
3218 3196 3315 3248 sua
3345 3193 3533 3247 relicta
3562 3201 3620 3248 et

282 3282 766 3356 ὲντεθραμμένοι,
821 3277 1066 3351 Χριστοῦ
1128 3275 1602 3347 μεταπλάττοντος
1644 3274 1726 3338 είς
1776 3274 1918 3345 ἡμε-

287 3379 552 3453 ρωτάτην
599 3392 664 3429 τε
721 3374 822 3427 καὶ
884 3371 1050 3442 ἁγίαν
1109 3368 1281 3441 ζωὴν,
1328 3366 1633 3438 κατέληξαν
1666 3364 1765 3436 μὲν
1817 3364 1920 3435 τῆς

291 3472 533 3547 Evocant;
582 3470 779 3533 αὐτοῖς
810 3466 1121 3540 ὠμότητος·
1147 3462 1485 3535 τετιμήκασι
1527 3459 1586 3513 δὲ
1637 3459 1733 3513 καὶ
1766 3457 1924 3513 αὐτοὶ

297 3565 398 3623 τὴν
418 3561 735 3637 ἀνθρώποις
767 3559 1054 3634 πρέποντα
1081 3557 1196 3629 βίον
1215 3556 1308 3611 τὸν
1336 3557 1397 3611 έν
1427 3555 1699 3628 πραότητι
1727 3554 1924 3628 δηλον-

299 3646 851 3717 «cnnamum
879 3653 991 3725 γὰρ
1030 3650 1246 3720 λέγοντι
1280 3648 1358 3721 τῷ
1395 3647 1638 3720 Χριστῷ·
1671 3664 1690 3698 ι
1717 3647 1923 3717 ’Ἄρατε

297 3754 394 3808 τὸν
420 3750 590 3822 ζυγόν
620 3766 729 3822 μου
761 3746 849 3818 ἐφ’
896 3747 1068 3818 ὑμᾶς,
1125 3741 1224 3798 καὶ
1250 3741 1462 3814 μάθετε
1513 3742 1608 3795 ἀπ’
1643 3739 1802 3813 ἐμοῦ,
1840 3741 1924 3795 ὅτι

293 3845 481 3919 πρᾶός
508 3845 634 3916 ειμι
664 3842 765 3897 καὶ
796 3838 1057 3902 ταπεινὸς
1103 3839 1175 3909 τῇ
1231 3835 1454 3909 καρδίᾳ,
1515 3834 1612 3889 καὶ⁸
1657 3834 1924 3907 εὑρήσετε

292 3924 623 3995 ἀνάπαυσιν
645 3937 771 4000 ταῖς
795 3933 1001 4005 ψυχαῖς
1055 3929 1233 4002 ὑμῶν.
1265 3949 1284 3983 ι
1338 3926 1506 4003 Ὁμοῦ
1541 3927 1833 4000 τοιγαροῦν
1856 3929 1924 4000 τῇ

293 4031 493 4086 πίστει
548 4028 927 4101 κεκερδήκασι
965 4022 1192 4095 καὶτῆς
1223 4024 1462 4095 ἀρχαίας
1508 4022 1794 4095 ὠμότητος
1824 4022 1926 4093 τὴν

290 4122 677 4196 ἀπεμπολὴν,
710 4122 810 4176 καὶ
837 4121 901 4175 τὸ
939 4114 1081 4174 εἶναι
1118 4117 1350 4192 χρηστοί
1382 4134 1441 4170 τε
1476 4117 1574 4172 καὶ
1618 4118 1805 4190 πρᾶοι,
1832 4114 1927 4170 καὶ

291 4218 363 4273 τὸ
394 4220 518 4281 τοῖς
540 4214 725 4286 ἁγίοις
787 4213 995 4286 ἀναμὶξ
1027 4210 1431 4267 πολιτεύεσθαι.
1465 4209 1928 4282 Κεχρηματίκασι

292 4311 417 4381 γὰρ
453 4308 555 4362 καὶ
586 4307 749 4361 αὐτοὶ
776 4305 1113 4377 συμπολῖται
1133 4304 1243 4357 τῶν
1267 4303 1438 4373 ἁγίων
1473 4302 1570 4356 καὶ
1618 4303 1809 4356 οἰκεῖοι
1830 4299 1928 4355 τοῦ

293 4400 471 4455 Geo-3'
493 4391 668 4454 ’τοῦτο
697 4393 857 4470 οἶμαι
883 4397 1241 4469 πολυτρόπως
1278 4397 1415 4468 ἡμῖν
1450 4394 1546 4448 τὸν
1591 4392 1911 4467 προφητικδη

2032 4407 2136 4465 est,
2164 4400 2418 4471 contigua
2450 4407 2611 4455 erunt
2656 4408 2710 4455 et
2738 4396 3026 4467 conjuncta
3055 4411 3150 4467 per
3180 4395 3460 4451 Christum
3491 4410 3633 4450 saeva

293 4498 361 4552 ὲν
415 4494 641 4559 τούτοις
701 4489 1122 4547 ὕπαινίττεσθαι
1173 4489 1353 4560 λόγον.
1400 4485 1906 4559 Συμὸοσκηθήσετα

2033 4505 2157 4546 cum
2190 4489 2525 4556 mansuetis,
2549 4497 2606 4545 et
2637 4505 2760 4562 qua:
2795 4488 2946 4544 nullo
2978 4488 3139 4544 modo
3174 4501 3365 4552 sacra,
3390 4501 3513 4541 cum
3547 4502 3637 4541 sa-

293 4588 439 4661 γὰρ,
475 4587 637 4658 φησὶ,
662 4584 828 4650 λύκος
864 4583 1007 4656 μετά
1033 4582 1215 4654 ἀρνὸς,
1246 4580 1343 4636 καὶ
1391 4578 1660 4652 πάρδαλις
1685 4593 1911 4632 συνανα-

2028 4582 2141 4639 eris
2166 4590 2222 4638 et
2264 4584 2490 4639 sanctis.
2520 4582 2653 4638 Nam
2684 4579 2854 4638 Israel
2909 4589 3179 4652 quatenus
3208 4579 3325 4651 lege
3354 4580 3637 4634 institutus

297 4679 588 4735 παύσεται
620 4677 835 4750 έρίφῳ,,
846 4675 995 4731 τοῦτ’
1018 4673 1263 4739 ἔστι,διὰ
1280 4671 1521 4745 Χριστοῦ
1549 4668 1911 4741 συναφθήσον-

2033 4682 2200 4744 esset,
2219 4684 2273 4731 et
2290 4674 2617 4747 probitatem
2646 4689 2858 4730 morum
2892 4672 3166 4744 cognitam
3185 4680 3638 4743 perspectamque

294 4790 397 4829 ται
424 4772 498 4826 τὰ
527 4772 703 4843 ἄγρια
750 4772 866 4833 τοῖς
922 4766 1175 4840 ἡμέροις,
1223 4763 1293 4819 τὰ
1329 4766 1451 4820 κατ’
1489 4762 1680 4818 οὐδένα
1723 4752 1911 4835 τρόπος

2034 4767 2296 4833 haberet,
2321 4768 2566 4839 placidus
2588 4776 2740 4834 erat,
2765 4775 2821 4822 et
2849 4766 2996 4822 mitis
3025 4764 3189 4821 simul
3219 4772 3276 4819 et
3305 4773 3559 4830 sanctus,
3584 4772 3640 4821 et

300 4865 433 4939 ιερὰ
457 4867 578 4927 τοῖς
618 4862 787 4934 ἱεροῖς
830 4859 931 4915 xui.
977 4860 1177 4929 ἁγίοις.
1214 4858 1383 4913 Ὀσον
1408 4856 1520 4928 γὰρ
1570 4851 1708 4931 ἦκεν
1756 4856 1836 4919 εἰς
1864 4854 1911 4909 τί

2033 4859 2189 4931 quasi
2211 4858 2300 4915 ovi
2333 4866 2390 4915 et
2412 4873 2590 4930 capra
2619 4856 2921 4915 consimilis
2948 4875 2963 4912 :
2997 4855 3160 4912 ambo
3183 4852 3449 4926 siquidem
3478 4869 3637 4910 saera

297 4956 725 5015 πεπαιδεῦσθαι
760 4955 914 5026 νόμῳ
946 4951 1041 5007 τὸν
1088 4950 1309 5024 Ἰσραὴλ
1343 4951 1437 5005 καὶ
1467 4950 1595 5015 τοὺς
1626 4948 1728 5020 τῆς
1754 4949 1911 5003 ἐπιει-

2035 4961 2163 5008 sunt
2206 4960 2264 5007 et
2288 4950 2487 5007 munda
2519 4949 2803 5016 animalia,
2826 4959 2882 5005 et
2913 4957 3176 5020 pransi-ea
3203 4947 3274 5004 ab
3305 4947 3418 5017 ipsa
3447 4955 3637 5002 natura

297 5052 468 5115 κείας
499 5048 706 5103 ειδέναι
729 5046 995 5120 τρόπους,
1025 5044 1240 5117 ἥμερός
1258 5060 1319 5097 τε
1338 5042 1430 5098 καὶ
1472 5043 1651 5115 πρᾶος
1680 5036 1911 5112 ἦνλὸμοὶ

2037 5046 2105 5101 ad
2153 5044 2625 5100 mansuetudinem
2657 5043 2854 5100 ellieta.
2884 5040 3069 5114 Lupus
3102 5050 3317 5107 autem,
3347 5038 3548 5109 pardus
3585 5047 3642 5093 et

296 5162 365 5201 τε
394 5143 501 5198 καὶ
546 5140 718 5213 ίερδς,
752 5140 852 5193 καὶ
909 5131 1023 5191 οἷον
1074 5135 1337 5207 προϐάτῳ
1369 5134 1466 5190 καὶ
1495 5135 1613 5205 αἰγὶ
1640 5133 1911 5205 παραπλήι

2039 5138 2156 5206 leo,
2191 5136 2452 5192 immania
2482 5147 2609 5192 sunt
2641 5133 3118 5213 naturaliter,_nee
3149 5130 3294 5186 inter
3320 5144 3381 5185 se
3411 5143 3642 5200 cengre-

298 5253 450 5302 σιος’
491 5234 617 5304 ιερὰ
641 5231 701 5285 δὲ
733 5231 905 5302 ἄμφω
939 5229 1034 5283 καὶ
1065 5227 1285 5300 καθαρά
1310 5225 1381 5281 τά
1412 5225 1550 5291 ζῶα,
1577 5224 1673 5281 καὶ
1704 5224 1844 5298 πρός
1867 5241 1911 5295 γε

2041 5229 2241 5301 gabilia
2286 5247 2300 5285 :
2338 5238 2395 5284 at
2428 5229 2482 5285 in
2518 5228 2741 5284 Christo
2785 5223 2890 5283 hoc
2929 5238 3147 5296 quoque
3187 5221 3491 5295 perlectum
3535 5230 3637 5276 cst.

296 5327 492 5398 τούτῳ
517 5325 583 5379 τὸ
604 5321 871 5378 τιθασσὸν
896 5321 1032 5394 παρ’
1061 5320 1233 5392 αὐτῆς
1277 5318 1514 5390 λαχόντα
1541 5318 1641 5390 τῆς
1684 5317 1911 5388 φύσεως.

2029 5321 2341 5378 Consociati
2423 5331 2554 5378 sunt
2605 5323 2752 5378 enim
2806 5322 2951 5377 inter
3002 5335 3064 5376 se
3120 5330 3311 5374 mutuo
3360 5313 3531 5370 Judaei
3585 5324 3643 5371 et
3700 5304 3701 5311 “

298 5419 491 5481 Λύκος
517 5415 576 5471 δὲ
600 5414 700 5470 καὶ
733 5411 1028 5484 πάρδαλις,
1080 5412 1175 5466 καὶ
1229 5410 1414 5483 μέντοι
1438 5410 1534 5465 καὶ
1571 5409 1733 5473 λέων,
1759 5411 1911 5482 ἀγριέ

2032 5413 2242 5482 Gnaei,
2273 5429 2620 5471 comnmnem
2648 5414 2810 5471 veluti
2843 5415 3125 5486 capientes
3157 5413 3374 5475 cibum,
3403 5420 3640 5475 evange-

300 5530 365 5569 τε
396 5508 677 5583 φυσικῶς,
694 5506 801 5562 ἀσύ
811 5504 996 5578 μόατά
1014 5521 1073 5557 τε
1095 5506 1211 5568 τοῖς
1232 5503 1437 5568 ἄλλοις·
1458 5503 1576 5558 ἀλλ’
1620 5504 1680 5557 έν
1708 5503 1911 5576 Χριστι]

2039 5504 2200 5562 licam
2241 5514 2296 5562 et
2325 5506 2681 5578 apostolicam
2711 5507 2926 5565 scilicet
2955 5504 3423 5578 prmdicationem,
3461 5509 3515 5552 et
3547 5498 3640 5553 uni

300 5608 406 5661 καὶ
430 5603 597 5658 τοῦτο
627 5598 1017 5672 κατώρθωται.
1046 5596 1464 5669 Συνηνέχθησαν
1505 5596 1616 5668 γὰρ
1649 5594 1911 5666 ἀλλήλοις

2035 5598 2244 5669 pastori
2282 5599 2527 5655 omnium
2568 5599 2802 5671 principi
2839 5599 3041 5659 subditi
3077 5597 3170 5667 qui
3207 5607 3433 5665 pascere
3465 5590 3642 5658 novit,

316 5696 578 5754 ⁹ἰουδιιῖοί
605 5712 669 5749 τε
694 5695 794 5749 καὶ
829 5690 1118 5764 Ἕλληνες,
1156 5691 1349 5762 κοινὴν
1390 5688 1582 5762 ὥσπερ
1610 5686 1911 5761 ποιούμενοι

2035 5691 2177 5747 sicut
2221 5690 2354 5748 dicit
2395 5691 2693 5765 propheta,
2731 5690 2785 5749 iu
2830 5690 3048 5763 pascuis
3091 5685 3280 5753 bonis,
3314 5691 3377 5744 et.
3417 5683 3473 5739 in
3519 5681 3643 5739 loco

2022 3395 2145 3451 quae
2192 3394 2316 3434 cum
2371 3377 2790 3434 mansuetudine
2834 3374 3125 3447 conjuncta
3173 3376 3624 3443 esset,excolue—

2024 3484 2172 3531 runt.
2200 3471 2563 3529 Crediderunt
2603 3473 2746 3527 enim
2794 3470 3017 3527 Christo
3060 3470 3257 3526 dicenti
3302 3487 3319 3525 :
3367 3487 3387 3521 ι
3426 3469 3625 3525 Tollite

2019 3567 2209 3642 jugum
2247 3582 2427 3623 meum
2461 3581 2626 3637 super
2651 3581 2782 3633 vos,
2811 3576 2868 3621 et
2901 3565 3091 3622 discite
3126 3580 3156 3618 a
3192 3580 3278 3620 me
3311 3563 3438 3635 quia
3476 3564 3626 3620 mitis

2025 3675 2145 3718 sum
2185 3668 2242 3716 et
2296 3659 2519 3715 humilis
2559 3659 2753 3726 corde,
2821 3667 2876 3714 et
2911 3657 3197 3715 invenietis
3228 3656 3468 3727 requiem
3508 3657 3627 3711 ani-

2026 3754 2218 3810 mabus
2248 3753 2447 3809 vestris
2469 3751 2539 3807 ⁸⁸.
2574 3770 2594 3805 ι
2642 3750 2829 3821 Itaque
2873 3766 2981 3806 una
3025 3766 3150 3807 eum
3199 3751 3302 3806 [ide
3344 3749 3629 3805 lucrifece-

2026 3853 2245 3915 runtlet
2278 3845 2481 3901 veteris
2517 3843 2875 3920 immanitatis
2913 3841 3297 3908 abolitionem,
3326 3853 3380 3897 et
3415 3851 3473 3896 ut
3498 3841 3629 3897 boui

2027 3951 2250 4005 essent,
2282 3948 2336 3996 et
2366 3928 2431 3992 ut
2465 3953 2570 3993 una
2603 3953 2729 3994 cum
2764 3938 2972 3994 sanctis
2999 3946 3376 3993 versarentur.
3410 3934 3631 3991 Nunca-

2028 4033 2139 4105 pati
2188 4041 2319 4088 sunt
2362 4032 2509 4087 enim
2561 4033 2816 4089 concives
2862 4040 3214 4097 sanctorum,
3244 4039 3299 4086 et
3347 4028 3629 4085 domestici

2029 4123 2148 4179 Dei.
2205 4124 2318 4181 Hoc
2377 4125 2532 4181 nobis
2589 4125 2833 4180 arbitror
2887 4124 3265 4194 propheticum
3322 4137 3632 4178 sermonem

2029 4218 2181 4274 hisce
2214 4217 2398 4274 verbis
2434 4218 2586 4272 varie
2620 4219 2938 4273 subnotare.
2969 4215 3301 4284 Compascet
3334 4214 3512 4279 enim,
3545 4212 3633 4266 in-

2031 4311 2170 4380 quit,
2200 4310 2359 4380 lupus
2390 4326 2515 4365 cum
2550 4324 2711 4380 agno,
2742 4319 2796 4363 et
2825 4307 3025 4378 pardus
3054 4306 3343 4362 aceuhabit
3372 4305 3549 4369 haedo,
3579 4304 3635 4360 id

376 5855 425 5887 "'
461 5853 607 5912 Psal.
651 5869 774 5920 xm,
810 5850 870 5907 3.
949 5849 995 5882 "
1026 5847 1216 5905 Ilatth.
1252 5862 1332 5915 xi,
1364 5845 1458 5901 29.

2023 3286 2262 3357 rt-jecta,
2295 3285 2464 3340 vitam
2508 3284 2823 3341 hominibus
2866 3285 3322 3350 convenientem,
3358 3285 3620 3341 nimirum
3707 3332 3709 3335 ,
