4016 6514
439 376 548 432 323

1433 365 1491 420 S.
1535 359 1806 419 CYRILLI
1850 356 2319 414 ALEXANDRINI
2361 357 2674 414 ARClllEP.

3625 356 3726 411 52$

442 489 758 561 pra‘pingui.
805 486 915 543 Sed
966 483 1198 551 vitulus,
1238 480 1443 551 inquit,
1483 490 1540 536 et
1586 489 1804 544 taurus,
1839 487 1892 532 et
1941 476 2025 531 leo

2143 477 2350 546 τροφὴν,
2390 476 2448 527 τὸ
2469 474 2820 543 εύαγγελικόν
2851 490 2910 526 τε
2961 475 3054 527 καὶ
3084 472 3461 527 άποστολικὸν
3482 471 3722 542 δηλονότι

441 583 603 638 simul
651 589 957 652 pascentur.
996 577 1218 632 Videtur
1261 584 1441 628 autem
1484 573 1709 626 vitulum
1751 570 2020 640 appellare

443 672 704 726 novilium
760 679 814 723 et
878 675 1148 722 recentem
1212 663 1552 719 credentium
1619 662 1895 732 populum,
1967 660 2021 714 in

444 765 660 817 Christo
701 760 905 814 scilicet
937 766 1351 828 puerascentem
1398 773 1413 810 :
1451 764 1666 808 taurum
1703 763 1881 808 autem
1916 753 2023 806 for-

447 853 606 906 tassis
641 850 924 918 Israelem,
953 849 1098 902 velut
1130 856 1475 903 veteranum.
1506 845 1640 899 Cum
1684 845 1828 899 enim
1870 851 2024 897 tener

445 942 513 993 sit
558 939 790 1003 vitulus,
822 947 1013 994 taurus
1058 938 1206 1008 prior
1251 946 1334 990 est
1371 944 1421 989 et
1464 935 1727 989 maturior
1765 944 2020 1004 tempore.

446 1031 541 1084 Vel
591 1047 687 1099 per
735 1030 960 1084 vitulum
1012 1030 1258 1100 designat
1300 1043 1422 1083 eum
1474 1028 1564 1098 qui
1615 1027 1918 1097 cognitione
1969 1033 2025 1078 et

443 1121 643 1175 virtute
689 1124 912 1175 eminet.
946 1118 1114 1185 Quale
1163 1126 1246 1172 est
1293 1119 1434 1186 quod
1486 1117 1683 1172 dicitur
1737 1134 1749 1169 :
1797 1113 2025 1169 Pusillos

444 1230 566 1268 cum
606 1213 842 1284 magnis,
871 1222 925 1266 et
955 1211 1198 1266 seniores
1234 1225 1354 1265 cum
1383 1210 1673 1278 juvenibus
1707 1207 2027 1263 benedicen-

445 1307 577 1369 dos,
605 1304 759 1372 juxta
794 1318 984 1358 vocem
1022 1301 1321 1372 psallentis.
1357 1302 1515 1356 Novit
1549 1315 1678 1355 vero
1715 1309 1769 1354 et
1803 1301 2026 1368 sapien-

448 1395 696 1448 tissimus
752 1391 988 1448 Joannes
1039 1391 1234 1446 mentis
1271 1403 1325 1446 et
1359 1391 1524 1445 animi
1564 1400 1778 1445 mtatem
1843 1389 2023 1442 talem.

449 1487 652 1541 Scribit
693 1487 858 1556 igitur
893 1494 947 1538 et
980 1483 1252 1554 patribus,
1283 1492 1338 1537 et
1371 1482 1636 1552 parvulis,
1671 1490 1724 1537 et
1759 1490 2023 1551 prteterea

448 1577 612 1647 200
665 1575 1120 1638 adolescentibus,
1172 1587 1518 1641 comparans,
1567 1573 1824 1639 arbitror,
1878 1589 2029 1627 men-

448 1682 628 1719 suram
661 1665 923 1734 cujusque
957 1663 1187 1730 mentis,
1216 1670 1269 1717 et
1298 1663 1502 1716 notitia:
1537 1672 1593 1718 et
1621 1664 1814 1718 divina:
1845 1663 2029 1733 cogni-

351 1759 356 1763 ’
449 1758 610 1812 tionis
643 1772 932 1826 corporum
965 1756 1238 1810 aetatibus.
1265 1752 1569 1808 Pascentur
1598 1753 1798 1824 itaque,
1829 1754 2024 1823 inquit,

447 1849 604 1903 simul
651 1857 705 1901 et
733 1863 840 1901 uno
873 1849 925 1900 in
958 1846 1098 1911 loco,
1122 1845 1342 1909 vitulus,
1362 1859 1418 1900 et
1448 1853 1657 1912 taurus,
1679 1856 1737 1901 et
1763 1845 1864 1900 lco.
1891 1846 2028 1900 Tum

447 1939 727 1994 commode
761 1937 924 1992 vitulo
962 1947 1015 1992 et
1079 1946 1232 1992 tauro
1266 1937 1475 1992 leonem
1510 1937 1781 2009 adjungit,
1818 1949 1876 1993 ut
1913 1955 2033 1993 rur-

449 2047 543 2086 sus
576 2028 916 2100 aenigmatice
941 2035 995 2083 et
1023 2028 1255 2084 obscure
1289 2029 1658 2099 subintelligas
1690 2029 1793 2084 title
1825 2029 2028 2098 justiﬁ-

450 2129 621 2186 catos,
642 2127 696 2173 et
727 2131 944 2188 sceptro
967 2117 1168 2174 Christi
1192 2119 1433 2174 omnium
1458 2129 1700 2175 nostrum
1727 2119 2034 2177 Servatoris

449 2212 757 2281 subjectos,
830 2227 937 2266 non
989 2224 1056 2265 ex
1105 2209 1235 2265 solis
1286 2225 1409 2265 esse
1451 2210 1665 2265 mundis
1705 2221 1758 2266 et
1802 2212 2030 2279 sanctis,

451 2315 642 2370 nempe
657 2315 724 2356 ex
747 2299 969 2370 placidis
993 2310 1049 2356 et
1078 2299 1320 2365 mitibus,
1347 2299 1401 2355 id
1425 2307 1527 2366 est,
1553 2314 1617 2354 ex
1637 2301 1753 2371 lege
1777 2315 2033 2356 mansue-

453 2391 642 2458 factis,
675 2393 772 2447 sed
804 2392 968 2448 etiam
1002 2407 1069 2447 ex
1108 2392 1448 2463 agrestibus,
1479 2391 1731 2449 videlicet
1761 2409 1826 2450 ex
1860 2394 2034 2464 genti-

453 2483 582 2552 bus,
623 2484 1028 2556 conglutinante
1081 2493 1136 2541 et
1211 2484 1281 2540 ad
1333 2486 1678 2541 concordiam
1731 2486 2032 2541 animorum

448 2587 807 2647 eomponente
830 2592 925 2634 eos
949 2586 1192 2632 nostrum
1214 2576 1456 2631 omnium
1483 2576 1774 2632 Servatore
1795 2577 2033 2642 Christo,

449 2683 500 2724 et
539 2675 738 2724 bonum
789 2668 916 2725 inde
955 2669 1122 2723 etiam
1169 2669 1222 2723 in
1269 2667 1408 2723 ﬁlios
1452 2668 1707 2734 ﬁliorum,
1744 2669 1798 2723 id
1834 2678 1938 2734 est,
1970 2683 2034 2723 ex

455 2763 588 2832 ipsis
645 2771 801 2816 natos
863 2761 1284 2816 transmittente.
1333 2758 1467 2814 Nam
1499 2761 1604 2816 huc
1652 2761 1815 2816 etiam
1844 2777 2038 2832 propa-

448 2864 605 2920 gatur
628 2869 656 2907 a
683 2854 840 2908 nobis
862 2868 965 2922 pax
991 2851 1215 2919 Christi,
1234 2862 1288 2907 et
1311 2853 1690 2908 consensionis
1713 2855 2034 2921 animorum,

447 2956 504 3000 et
532 2945 653 3000 ﬁdei
686 2947 906 2999 bonum.
940 2943 1084 2997 Istuc
1115 2946 1282 3010 enim,
1311 2953 1460 3015 puto,
1488 2945 1723 2999 ostendit
1753 2959 1876 3000 cum
1905 2944 2038 3012 adji-

449 3038 523 3092 cit
557 3055 570 3091 :
609 3035 782 3090 Simul
813 3035 976 3090 catuli
1011 3050 1199 3090 eorum
1231 3044 1414 3100 erunt,
1446 3047 1501 3092 et
1529 3037 1635 3103 leo,
1664 3048 1718 3094 et
1748 3039 1846 3094 bos
1879 3037 2037 3094 simul

2122 569 2407 638 κήρυγμα,
2432 567 2525 620 καὶ
2558 567 2646 635 ὑφ’
2676 567 2758 620 ἐνὶ
2785 565 3068 634 γεγονότες
3092 563 3170 634 τῷ
3202 566 3434 618 πάντων
3464 564 3722 635 ἀρχιποι-

2125 658 2298 729 μένει,
2317 658 2394 728 τῷ
2418 658 2745 729 κατανέμειν
2774 657 2954 723 εἰδότι,
2979 655 3126 710 καθά
3150 673 3316 726 φησιν
3343 659 3374 709 ό
3405 657 3721 726 προφήτης,

2122 751 2180 804 ἐν
2210 753 2348 821 νομῇ
2379 749 2578 820 ἀγαθῇ,
2614 750 2706 802 καὶ
2727 751 2783 802 ὲν
2817 749 2967 817 τόπῳ
2993 747 3158 801 πίονι.
3183 747 3349 802 Ἀλλά
3380 747 3480 801 καὶ
3515 748 3725 817 μοσχά-

2125 859 2260 913 ριον,
2291 844 2444 912 φησὶ,
2485 842 2577 895 καὶ
2610 840 2807 912 ταῦρος
2829 841 2924 894 καὶ
2947 840 3082 893 λέων
3109 841 3222 910 ἅμα
3253 839 3722 910 βοσκηθήσονται.

2127 937 2311 988 Ἕοικε
2333 935 2389 988 δὲ
2413 935 2708 1006 μοσχάριον
2739 933 3052 997 ἀποκαλεῖν,
3083 932 3175 984 τὸν
3200 931 3453 1001 ἀρτιφυᾶ
3477 932 3577 983 καὶ
3608 931 3727 983 νέον

2123 1031 2234 1086 τῶν
2264 1030 2674 1083 πιστευσάντων
2698 1025 2843 1091 λαόν,
2879 1025 3024 1081 τοῦτ’
3075 1025 3211 1091 ἔστι,
3257 1025 3355 1078 τὸν
3411 1027 3472 1076 ὲν
3503 1023 3728 1094 Χριστῷ

2125 1123 2475 1194 νηπιάζονταο
2533 1119 2735 1190 ταῦρον
2784 1120 2840 1172 δὲ
2884 1119 3027 1190 τάχα
3081 1135 3182 1172 που
3233 1117 3330 1169 τὸν
3378 1116 3607 1187 Ἰσραὴλ
3654 1118 3728 1171 ὡς

2126 1214 2494 1288 πρεσϐυγενῆ.
2531 1211 2768 1280 Νεογνοῦ
2819 1211 2928 1283 γὰρ
2977 1212 3176 1282 μόσχου
3208 1208 3563 1279 πρωτερεύει
3591 1206 3723 1260 ταῦο

2128 1325 2221 1378 ρος
2248 1305 2388 1358 κατὰ
2431 1305 2524 1357 τὸν
2544 1303 2755 1374 χρόνον.
2791 1303 2996 1370 Ἦγουν
3036 1299 3124 1353 διὰ
3176 1300 3387 1370 μόσχου
3427 1297 3729 1368 καταδηλοῖ

2125 1399 2218 1450 τὸν
2249 1397 2325 1460 ὼς
2349 1397 2405 1448 ὲν
2426 1394 2624 1464 γνώσει
2653 1411 2711 1447 τε
2747 1393 2839 1447 καὶ
2862 1395 3003 1446 κατά
3059 1390 3258 1462 ἀρετὴν
3291 1388 3724 1460 ὑπερκείμενον.

2138 1489 2349 1543 Ὀστοῖόν
2378 1489 2493 1540 ἐστι
2527 1487 2588 1539 τὸ
2609 1484 3069 1556 εύλογηθήσεσθαι
3102 1483 3284 1552 λέγειν
3315 1481 3480 1551 παρά
3523 1479 3727 1550 Κυρίου

2125 1585 2254 1645 τοὺς
2286 1582 2550 1650 σμικροὺς
2583 1579 2721 1649 μετά
2777 1578 2884 1631 τῶν
2921 1577 3193 1649 μεγάλων,
3250 1575 3352 1628 καὶ
3410 1571 3726 1646 πρεσϐύτας

2133 1672 2274 1744 μετὰ
2304 1673 2413 1724 τῶν
2443 1671 2745 1742 νεωτέρων,
2785 1669 2924 1723 κατὰ
2971 1667 3070 1738 τὴν
3103 1665 3199 1720 τοῦ
3249 1664 3568 1735 ψάλλοντος
3617 1679 3726 1730 φω-

2129 1766 2248 1834 νήν.
2275 1760 2428 1817 Οἶδεν
2465 1763 2522 1816 δὲ
2549 1764 2643 1817 καὶ
2666 1763 2694 1814 ό
2730 1761 3037 1830 σοφώτατος
3070 1759 3328 1828 Ἰωάννης
3389 1755 3486 1810 νοῦ
3510 1755 3606 1808 καὶ
3632 1753 3728 1822 ψυ-

2132 1853 2232 1924 χῆς
2261 1853 2477 1923 ἡλικίαν
2506 1852 2781 1922 τοιαύτην.
2815 1849 3022 1921 Γράφει
3070 1845 3200 1916 γοῦν
3225 1846 3324 1898 καὶ
3354 1844 3606 1914 πατράσι
3639 1842 3730 1894 καὶ

2132 1944 2386 2007 παιδίοις,
2401 1945 2495 1997 καὶ
2520 1945 2657 2014 πρός
2668 1960 2732 2012 γε
2759 1942 2936 2012 τούτῳ
2957 1941 3053 1994 καὶ
3075 1938 3422 2000 νεανίσκοις,
3443 1936 3530 2000 τὸ,
3555 1930 3724 2003 οτμαιν

2130 2040 2230 2108 τῆς
2261 2036 2490 2090 ἑκάστου
2520 2035 2760 2098 διανοίας
2809 2034 2870 2087 τὸ
2921 2033 3137 2104 μέτρον,
3163 2031 3286 2101 ῆτοι
3332 2028 3610 2089 συνέσεως
3642 2026 3729 2078 καὶ

2134 2129 2483 2199 θεογνωσίας,
2525 2131 2643 2192 ταῖς
2674 2127 2782 2181 τῶν
2817 2127 3086 2197 σωμάτων
3135 2123 3384 2195 ἡλικίαις
3428 2120 3721 2190 ἀφομοιῶν.

2133 2221 2579 2293 Βοσκηθήσονται
2605 2219 2805 2282 τοίνυν,
2841 2225 3029 2290 φησὶν,
3049 2219 3166 2288 ἅμα
3195 2215 3296 2270 καὶ⁵
3326 2212 3478 2267 κατὰ
3509 2211 3725 2274 ταύτὸν,

2139 2311 2433 2384 μοσχάριον
2461 2311 2556 2365 καὶ
2574 2309 2794 2380 ταῦρος,
2823 2309 2916 2363 καὶ
2939 2309 3096 2363 λέων.
3128 2305 3460 2360 Ἀναπλέκει
3493 2304 3549 2356 δὲ
3574 2303 3726 2356 πάλιν

2135 2404 2422 2476 χρησίμως
2475 2401 2756 2474 μοσχαρίῳ
2809 2419 2870 2455 τε
2923 2401 3018 2454 καὶ¹
3052 2399 3238 2470 ταύρῳ
3263 2399 3362 2452 τὸν
3399 2397 3611 2459 λέοντα,
3646 2395 3726 2446 ἵνα

2137 2496 2299 2548 πάλιν
2357 2492 2770 2564 αἰνιγματωδῶς
2822 2494 3009 2563 ὲννοῇς
3059 2491 3182 2553 τοὺς
3238 2491 3304 2543 ὲν
3365 2489 3550 2540 πίστει
3600 2485 3726 2538 δεδι-

2137 2585 2496 2654 καιωμένους,
2529 2587 2624 2639 καὶ
2653 2584 2758 2638 ὑπὸ
2807 2585 3064 2654 σκῆπτρα
3112 2581 3421 2651 γεγονότας
3470 2578 3564 2632 τοῦ
3601 2578 3726 2631 πάν-

2137 2695 2245 2731 των
2275 2677 2432 2748 ἡμῶν
2462 2677 2715 2748 Σωτῆρος
2742 2674 2980 2747 Χριστοῦ
3024 2674 3125 2728 οὒκ
3157 2676 3222 2727 ἐκ
3263 2672 3457 2743 μόνων
3484 2668 3616 2724 εἶναι
3639 2685 3724 2721 κα-

2140 2769 2319 2839 θαρῶν
2343 2785 2403 2821 τε
2428 2769 2523 2823 καὶ
2554 2767 2736 2838 ἱερῶν,
2764 2767 2931 2837 ῆγουν
2964 2765 3024 2830 ἐξ
3046 2765 3267 2836 ἡμέρων
3310 2779 3371 2817 τε
3407 2761 3504 2814 καὶ
3526 2758 3724 2831 πράων,

2139 2859 2282 2913 τοῦτ’
2319 2858 2455 2922 ἐστι,
2511 2857 2619 2911 τῶν
2670 2855 2758 2910 διὰ
2811 2855 2905 2909 τοῦ
2964 2855 3131 2926 νόμου
3183 2851 3723 2922 τετιθασσευμένων,

2139 2952 2274 3005 ἀλλά
2298 2949 2405 3022 γὰρ
2433 2948 2527 3004 καὶ
2552 2951 2617 3002 ὲκ
2641 2948 2752 3002 τῶν
2774 2948 3000 3018 ἀγρίων,
3023 2947 3180 3018 δῆλον
3199 2946 3256 2999 δὲ
3283 2947 3380 2999 ὅτι
3407 2945 3518 2998 τῶν
3547 2941 3724 3004 ὲθνῶν,

2143 3042 2484 3113 συνείροντος
2519 3044 2600 3105 είς
2629 3041 2931 3112 όμοψυχίαν
2959 3040 3156 3102 αὐτοὺς
3187 3037 3282 3091 τοῦ
3338 3039 3560 3092 πάντων
3585 3033 3726 3106 ἡμῶν

450 3136 744 3182 vescentur
792 3125 991 3194 paleis,
1036 3124 1236 3194 inquit.
1279 3124 1521 3182 Observa
1570 3129 1712 3199 quod
1757 3128 1889 3184 dicit
1930 3145 2034 3184 non

2143 3137 2394 3206 Σωτῆρος
2425 3133 2684 3205 Χριστοῦ,
2737 3132 3203 3204 παραπέμποντος
3251 3147 3324 3184 τε
3372 3131 3435 3183 τὸ
3488 3125 3722 3183 ἐντεῦθεν

453 3220 585 3272 mite
616 3220 666 3272 in
696 3217 1010 3272 alimentum
1034 3217 1165 3273 leris
1191 3211 1472 3286 usitatum,
1492 3223 1586 3275 sed
1615 3221 1666 3275 in
1696 3222 1843 3277 mitis
1869 3225 2038 3278 nutri—

452 3313 652 3364 tionem
699 3311 872 3364 ferum
921 3310 1250 3379 demigrare.
1294 3310 1599 3368 Carnivora
1640 3315 1836 3386 quippe
1882 3317 2042 3386 plane

453 3412 582 3457 sunt
615 3417 777 3456 ursus
811 3410 866 3458 et
899 3401 980 3458 leo
1017 3419 1030 3456 :
1065 3402 1162 3458 bos
1197 3412 1376 3459 autem
1415 3415 1471 3460 et
1502 3405 1705 3462 vitulus
1726 3449 1742 3474 ,
1773 3416 1828 3461 et
1860 3409 2042 3463 haedus

453 3509 559 3547 non
603 3495 710 3560 ita,
745 3497 839 3548 sed
889 3493 1088 3550 herbas
1135 3507 1366 3567 carpunt
1406 3497 1674 3567 ejusmodi
1723 3501 2038 3554 animantia.

453 3585 618 3653 Atqui
659 3600 688 3638 a
723 3586 996 3640 consuetis
1027 3600 1091 3640 ac
1119 3586 1328 3653 solitis,
1356 3587 1558 3658 inquit,
1588 3589 1857 3646 silvestria
1891 3607 2042 3646 rece-

455 3677 606 3741 dent,
632 3686 686 3730 et
719 3676 898 3746 potius
929 3676 996 3732 ad
1025 3678 1232 3732 cibaria
1267 3690 1672 3736 mansuetorum
1709 3683 2040 3749 transibunt,

456 3778 512 3822 et
543 3769 629 3822 illa
663 3780 954 3824 vescentur
986 3771 1163 3839 palea.
1197 3769 1380 3841 Typus
1412 3781 1593 3826 autem
1630 3773 1888 3829 doctrina:
1922 3791 2044 3845 pos-

459 3861 534 3915 sit
584 3874 706 3916 esse
742 3861 859 3916 hac
901 3862 1098 3932 pastio.
1127 3860 1224 3917 Est
1258 3862 1422 3934 igitur
1456 3863 1892 3934 intelligendum,
1922 3876 2048 3922 ante

461 3954 617 4009 tidem
649 3953 704 4008 in
739 3953 1013 4009 Christum
1060 3963 1246 4026 gentes
1312 3955 1587 4025 improbos
1621 3957 1878 4013 habuisse
1912 3975 2048 4027 prae-

459 4055 744 4114 ceptores,
788 4046 1074 4116 pecuinam
1131 4045 1238 4101 illis
1292 4047 1571 4102 tradentes
1619 4050 1950 4117 doctrinam,
1995 4059 2050 4106 et

459 4153 624 4208 porro
687 4139 1015 4203 suadentes,
1086 4138 1494 4207 corruptissima
1562 4149 1616 4195 et
1685 4143 2050 4213 perditissima

461 4229 788 4284 consectari.
818 4229 891 4284 At
919 4226 1012 4283 ubi
1042 4225 1108 4281 ad
1136 4226 1463 4298 agnitionem
1497 4228 1609 4297 Dci,
1639 4230 1729 4299 qui
1761 4248 1886 4287 vere
1913 4223 2064 4288 Deus

462 4330 564 4385 est,
616 4320 791 4375 vocati
844 4329 999 4385 sunt,
1049 4328 1158 4374 tum
1212 4318 1371 4372 simul
1419 4334 1447 4372 a
1499 4321 1727 4390 pristino
1770 4339 1956 4378 errore
1999 4333 2055 4380 et

462 4411 725 4466 doctrinis
753 4411 808 4465 in
833 4412 1032 4480 quibus
1060 4411 1283 4466 enutriti
1315 4421 1370 4466 et
1412 4412 1624 4468 educati
1645 4423 1793 4481 sunt,
1815 4416 2058 4473 descive-

2143 3227 2347 3295 ἀγαθὸν
2381 3225 2476 3280 καὶ
2501 3227 2579 3289 εἰς
2636 3225 2843 3279 παίδων
2875 3223 3092 3287 παῖδας,
3133 3223 3254 3294 ῆτοι
3285 3223 3418 3286 τοὺς
3445 3220 3503 3286 ἐξ
3535 3217 3714 3273 αὐτῶν.

2155 3317 2486 3373 Ἐκτείνεται
2528 3317 2638 3387 γὰρ
2669 3319 2747 3380 είς
2780 3317 2939 3388 δεῦρο
2985 3316 3080 3370 καὶ
3133 3318 3265 3387 παρ’
3299 3319 3431 3388 ἡμῖν
3475 3316 3507 3385 ἡ
3543 3313 3716 3384 εἰρήνη

2144 3409 2406 3480 Χριστοῦ,
2439 3411 2533 3463 καὶ
2562 3409 2623 3463 τὸ
2652 3411 2716 3462 ἐκ
2734 3409 2833 3479 τῆς
2853 3407 3154 3478 ὀμοψυχίας
3186 3423 3245 3459 τε
3273 3407 3412 3477 ὁμοῦ
3459 3405 3550 3458 καὶ
3599 3405 3718 3470 όμο·

2147 3503 2362 3566 πιστίας
2389 3502 2615 3572 ἀγαθόν.
2639 3502 2809 3555 Τοῦτο
2834 3501 2942 3572 γὰρ
2961 3542 2977 3566 ,
3013 3497 3189 3570 οἶμαι,
3217 3499 3373 3570 δηλοῖ
3403 3494 3716 3570 προστιθεὶς,

2144 3597 2227 3650 ὅτι
2281 3594 2398 3666 ἅμα
2451 3595 2518 3649 τά
2560 3593 2748 3648 παιδία
2799 3592 2981 3647 αὐτῶν
3026 3593 3264 3656 ἔσονται,
3318 3593 3414 3646 καὶ
3461 3589 3594 3642 λέων
3637 3582 3718 3637 καὶ

2149 3686 2278 3757 βοῦς
2308 3685 2425 3756 ἅμα
2458 3685 2724 3754 φάγονται
2759 3685 2954 3756 ἄχυρα,
2988 3684 3174 3753 φησίν.
3240 3683 3604 3754 Ἐπιτήρησον
3646 3677 3718 3728 ὅτι

2148 3779 2208 3831 οὐ
2234 3777 2296 3830 τὸ
2321 3778 2529 3848 ἥμερον
2567 3778 2647 3839 εἰς
2667 3775 2766 3846 τὴν
2791 3777 2905 3839 τοῖς
2943 3776 3157 3847 ἀγρίοις
3190 3773 3610 3842 κατειθισμένην
3637 3782 3720 3836 με⁶

2147 3869 2466 3939 ταφοίτησιν
2500 3867 2602 3939 ἔφη
2631 3866 2840 3939 τροφὴν
2865 3909 2879 3932 ,
2927 3867 3041 3921 ἀλλ’
3072 3867 3149 3931 είς
3173 3866 3275 3937 τὴν
3319 3865 3414 3920 τοῦ
3446 3863 3644 3934 ἡμέρου
3667 3856 3720 3910 τὸ

2150 3959 2341 4028 ἄγριον
2372 3975 2386 3989 ·
2422 3957 2731 4030 σαρκοϐόρα
2781 3957 2879 4026 μὲν
2916 3957 3024 4028 γὰρ
3057 3955 3506 4027 ὁμολογουμένως
3537 3953 3720 4020 ἄρκτος

2151 4051 2246 4106 καὶ
2273 4050 2428 4114 λέων,
2465 4049 2590 4120 βοῦς
2611 4049 2666 4102 δὲ
2689 4050 2784 4104 καὶ
2816 4050 3038 4120 μόσχος,
3073 4049 3239 4117 ἤγουν
3291 4049 3479 4120 ἔριφος
3507 4040 3682 4096 οὐκέτι
3703 4050 3716 4067 ⁸

2157 4143 2420 4214 ποηφαγῆ
2443 4142 2498 4195 δὲ
2535 4141 2736 4213 μᾶλλον
2765 4141 2831 4195 τά
2857 4140 3032 4195 τοιάδε
3059 4140 3166 4194 τῶν
3193 4138 3370 4204 ζώων.
3418 4132 3576 4190 Ἀλλά
3625 4128 3720 4182 τῶν

2154 4236 2212 4288 ἐν
2243 4233 2378 4300 ἔθει,
2410 4234 2594 4304 φησὶν,
2626 4233 2686 4286 τὸ
2708 4233 2897 4305 ἄγριον
2917 4233 3310 4302 ἀποστήσεται.
3345 4223 3718 4296 Μεταχωρήσει

2155 4329 2212 4382 δὲ
2240 4328 2436 4398 μᾶλλον
2463 4327 2554 4380 ἐπὶ
2594 4325 2691 4398 τὴν
2718 4326 2826 4379 τῶν
2865 4325 3087 4396 ἡμέρων
3124 4321 3351 4394 τροφὴν,
3394 4310 3722 4389 ἀχυροφαγῆ·

2161 4437 2244 4471 σει
2273 4418 2382 4490 γὰρ
2416 4419 2511 4471 καὶ
2545 4416 2701 4470 αὑτά.
2757 4417 2866 4469 Καὶ
2905 4415 3074 4478 τύπος
3106 4414 3171 4468 ἂν
3201 4413 3287 4483 ειη
3330 4399 3719 4480 διδαγμάτωνή

464 4514 619 4568 runt,
642 4501 890 4557 ﬂoridum
921 4511 977 4558 et
1002 4503 1210 4559 deliciis
1238 4503 1542 4560 alIluentem
1572 4518 1785 4575 pastum
1820 4523 2040 4576 evange-

2160 4518 2354 4582 τροφή.
2383 4512 2538 4562 Ἐστι
2571 4509 2750 4563 τοίνυν
2776 4510 2996 4573 ἐννοεῖν,
3014 4508 3095 4560 ὅτι
3124 4505 3229 4576 πρὸ
3258 4506 3359 4576 μὲν
3385 4503 3483 4572 τῆς
3507 4497 3721 4552 πίστεως

466 4592 696 4644 licarum
725 4591 1133 4646 institutionum
1158 4593 1318 4647 simul
1343 4607 1464 4648 cum
1486 4593 1742 4651 lsraelitis
1761 4606 2050 4653 sectantes.

467 4681 756 4746 Cat-terum,
786 4681 982 4749 inquit,
1015 4681 1179 4735 etiam
1213 4697 1348 4752 puer
1375 4685 1634 4751 parvulus
1661 4686 1823 4741 ducet
1852 4701 1970 4754 eos,
2000 4687 2052 4743 id

469 4780 586 4837 est,
615 4773 891 4841 magistris
936 4773 1294 4843 Sillljll'lellllll'
1335 4789 1624 4844 puerorum
1669 4777 2054 4834 formatoribus

471 4881 578 4919 non
627 4866 823 4920 acerba
879 4874 1063 4919 mente
1113 4866 1369 4934 vitiisque
1418 4867 1596 4922 dedita
1641 4869 1912 4938 praeditis,
1958 4848 2053 4924 sed

471 4957 651 5026 potius
679 4955 1049 5027 simplicibus,
1080 4965 1134 5010 et
1165 4956 1216 5009 in
1254 4956 1460 5010 malitia
1493 4957 1818 5025 infantibus,
1845 4960 2068 5023 auimo—_

476 5063 582 5116 que
630 5047 996 5118 sapientibus,
1031 5047 1221 5118 quales
1273 5047 1500 5103 omnino
1549 5057 1674 5104 sunt
1722 5048 2052 5117 Christiani,

477 5141 715 5194 divinum
777 5139 1037 5194 habentes
1101 5139 1416 5194 thesaurum
1473 5141 1632 5212 201
1692 5144 1745 5196 in
1811 5146 2061 5199 testaceis

478 5228 739 5294 vasculis,
765 5237 819 5282 et
845 5231 1007 5283 corde
1036 5230 1393 5298 perversitate
1421 5245 1484 5287 ac
1517 5233 1863 5304 improbitate
1890 5237 2060 5291 libero

480 5319 722 5389 praediti,
750 5334 813 5374 ac
845 5335 1015 5389 nuper
1045 5321 1184 5374 natis
1212 5321 1454 5390 puerulis
1488 5326 1628 5379 nulla
1662 5328 1714 5381 in
1747 5343 1804 5381 re
1838 5329 2060 5383 inferio-

480 5429 587 5465 res.
617 5410 776 5465 Tales
810 5410 954 5464 enim
985 5410 1101 5480 ipse
1131 5412 1389 5468 Servator
1415 5415 1607 5486 dignos
1636 5433 1759 5474 esse
1789 5422 1865 5474 ait
1896 5437 2061 5493 regno

479 5503 739 5556 malorum
777 5520 790 5556 :
831 5521 850 5554 ι
885 5501 1059 5558 Sinite
1090 5504 1258 5570 enim,
1288 5506 1479 5575 inquit,
1510 5524 1730 5578 pueros,
1761 5522 1815 5567 et
1845 5529 1910 5567 ne
1937 5529 2063 5582 pro-

480 5593 666 5648 hibete
701 5595 819 5649 illos
848 5595 1038 5648 venire
1077 5595 1145 5650 ad
1181 5611 1299 5662 me,
1333 5597 1516 5651 talium
1549 5611 1631 5655 est
1654 5604 1797 5656 enim
1836 5621 2054 5674 regnum

482 5687 856 5756 caelorum".
905 5705 924 5739 ι
977 5687 1130 5754 Quod
1182 5699 1394 5756 autem,
1447 5692 1576 5748 licet
1628 5695 2056 5752 ll'lllOCCllllSslllll

555 5805 602 5835 "
635 5804 820 5860 Matth.
859 5822 974 5874 nx,
1006 5809 1088 5865 Η.

2159 4605 2258 4673 τῆς
2291 4603 2370 4665 είς
2396 4601 2632 4672 Χριστὸν
2685 4600 2753 4654 τὰ
2784 4599 2912 4669 ἔθνη
2945 4597 3216 4668 πονηροὺς
3241 4597 3342 4668 μὲν
3369 4594 3626 4664 ἐσχήκασι
3650 4583 3720 4673 5t-

2159 4671 2500 4757 δασκάλους,
2554 4691 2924 4764 θηριοπρεπὲς
2996 4690 3181 4752 αὐτοῖς
3232 4683 3625 4758 παρατιθέντας
3671 4671 3723 4725 τὺ

2163 4785 2414 4856 μάθημα,
2447 4783 2540 4838 καὶ
2571 4783 2638 4837 τά
2673 4782 2879 4854 φθορᾶς
2903 4798 2964 4834 τε
2993 4781 3090 4834 καὶ
3122 4778 3398 4840 ἀπωλείας
3419 4775 3552 4846 ἔργα
3573 4765 3723 4836 τιμᾷν

2159 4874 2572 4938 ἀναπείθοντας.
2613 4873 2830 4944 Ἐπειδὴ
2865 4873 2920 4926 δὲ
2948 4871 3242 4941 κέκληνται
3275 4867 3411 4939 πρὸς
3446 4863 3722 4929 ἐπίγνωσιν

2159 4967 2254 5020 τοῦ
2288 4968 2410 5020 κατ’
2437 4965 2694 5037 ἀλήθειαν
2722 4965 2874 5028 ὄντος
2898 4964 3056 5028 Θεοῦ,
3086 4961 3222 5033 ὁμοῦ
3243 4963 3309 5031 τῇ
3340 4955 3539 5031 ἀρχαίᾳ
3563 4948 3720 5014 πλάνῃ

2162 5059 2258 5114 καὶ
2277 5054 2387 5112 τῶν
2411 5058 2726 5129 συντρόφων
2749 5057 2932 5119 αὐτοῖς
2953 5053 3358 5125 ἀπηλλάττοντο
3385 5042 3719 5135 μαθημάτω-ν.

2163 5151 2262 5222 τὴν
2282 5149 2482 5220 εὐανθῆ
2540 5165 2602 5202 τε
2659 5148 2754 5201 καὶ
2811 5147 3204 5218 εὐδιάθρυπτον
3236 5143 3346 5196 τῶν
3376 5131 3722 5222 εύαγγελικιῖιν

2162 5220 2550 5314 παιδευμάτων
2575 5240 2711 5312 ὁμοῦ
2735 5243 2846 5304 τοῖς
2878 5239 2937 5304 ἐξ
2980 5237 3198 5310 Ἰσραὴλ
3227 5234 3492 5323 τιμῶντες
3514 5220 3720 5323 τροφῇνῖ

2177 5334 2338 5387 ’Λλλά
2374 5333 2468 5386 καί⁷
2496 5332 2729 5394 παιδίον,
2767 5330 2924 5401 φησὶ,
2960 5327 3157 5400 μικρὸν
3181 5327 3298 5392 ἄξει
3331 5321 3544 5382 αὐτοὺς,
3590 5323 3705 5365 τουτ

2162 5425 2330 5488 ἔστιν,
2356 5424 2461 5477 ὑπὸ
2507 5421 2849 5486 διδασκάλοις
2894 5421 3110 5473 ἔσονται
3149 5404 3610 5504 παιδιιγιιὶγθῖςᾳθξὒ
3639 5415 3719 5504 ﬁt:

2161 5517 2294 5588 κρόν
2318 5485 2383 5569 ’τε
2414 5517 2508 5570 καὶ
2531 5514 2958 5585 φιλοκάλουργον
3015 5511 3199 5582 ἔχουσι
3247 5505 3395 5572 νοῦν,
3451 5497 3627 5592 ἁπλοῖς
3671 5485 3720 5592 ξι

2168 5585 2366 5680 μάλλον
2392 5608 2487 5660 καὶ
2508 5606 2834 5678 νηπιάζουσι
2863 5607 2958 5676 μὲν
2998 5607 3057 5657 ὲν
3110 5601 3302 5672 κακίᾳ,
3335 5595 3520 5686 σοφοῖς-
3553 5585 3614 5686 δῖ

2169 5699 2394 5771 φρένας.
2433 5699 2680 5752 Τοιοῦτοι
2716 5698 2774 5752 δὲ
2808 5698 3008 5760 πάντες
3045 5696 3094 5748 οἱ
3131 5695 3187 5747 ὲν
3213 5687 3431 5762 Χριστῷ
3477 5681 3562 5734 τὸν
3592 5674 3716 5726 θειον
