4016 6468
285 378 403 435 σεε

1447 371 1514 428 ιιι
1556 371 1790 430 ιειιιιι
1829 373 1959 435 LIB.
2002 377 2064 433 ιι.
2106 377 2345 437 rencs
2382 382 2423 439 ι.
2530 352 2533 353 ί

3479 390 3584 446 596

280 494 515 563 ἔχοντες
557 486 835 560 θησαυρὸν
866 489 927 542 ἐν
970 485 1316 560 ὀστρακίνοις
1357 486 1629 555 σκεύεσιν,
1656 490 1748 542 καὶ
1771 489 1899 542 δυσ-

2009 492 2184 547 iorent
2213 502 2267 549 et
2296 496 2697 567 simplicissima
2730 508 2929 566 mente,
2952 498 3416 574 inexpugnabiles,
3439 507 3590 562 inde.

276 581 525 655 τροπίας
558 582 657 652 μὲν
681 579 777 634 καὶ
811 578 1155 651 φαυλότητος
1186 578 1478 651 ἐλευθέραν
1527 579 1747 650 ἔχοντες
1795 580 1894 651 τὴν

276 675 547 746 καρδίαν,
585 671 891 746 ἁρτιγενῶν
925 689 986 726 τε
1028 670 1258 727 παιδίων
1303 672 1422 727 κατ’
1451 673 1606 727 οὐδὲν
1631 673 1895 727 ἀποδέον-

276 787 398 832 τες.
463 770 608 833 Τοὺς
655 768 765 839 γάρ
794 768 1076 830 τοιούτους
1107 768 1205 820 καὶ
1249 767 1411 832 αὐτὸς
1438 768 1466 820 ό
1491 768 1685 840 Σωτὴρ
1711 768 1897 833 ἀξίους

281 854 432 913 εἷναί
468 874 607 927 φησι
643 857 746 926 τῆς
795 855 1075 927 βασιλείας
1122 857 1233 911 τῶν
1271 856 1535 929 ούρανῶνο
1569 876 1588 910 ι
1629 859 1843 927 Ἀφίετε
1870 878 1889 911 ι

282 951 418 1022 γὰρ,
458 951 619 1021 φησὶ,
658 967 678 1001 ι
705 950 773 1003 τὰ
794 950 1003 1015 παιδία,
1047 952 1142 1003 καὶ
1179 949 1256 1022 μὴ
1296 949 1535 1004 κωλύετε
1564 953 1704 1005 αύτά
1742 951 1896 1024 ἔρχε-

234 1086 249 1101 ,λ
294 1044 417 1097 σθαι
442 1044 589 1114 πρὸς
617 1043 709 1113 με’
741 1041 852 1095 τῶν
880 1041 991 1114 γὰρ
1012 1041 1220 1097 τούτων
1263 1043 1413 1097 ἐστὶν
1436 1046 1470 1116 ἡ
1505 1043 1754 1115 βασιλεία
1787 1046 1896 1099 τῶν
1950 1036 1961 1047 ’

289 1135 610 1208 οὐρανῶν.»
667 1134 793 1188 Ὅτι
824 1134 884 1189 δὲ
929 1136 1022 1188 καὶ
1073 1135 1167 1188 ἐπὶ
1227 1134 1493 1205 πλείστην
1556 1134 1734 1206 ἔχοιεν
1795 1136 1897 1205 τὴν

281 1228 534 1282 ἀκακίαν
579 1228 660 1290 είς
708 1224 877 1292 νοῦν,
928 1227 1223 1298 ἀχείρωτοι
1259 1244 1319 1283 τε
1368 1228 1465 1282 καὶ
1514 1227 1769 1299 ἄληπτοι,
1803 1229 1898 1283 καὶ

280 1322 557 1377 ἁπάντων
585 1319 800 1376 ἔσονται
832 1319 1109 1391 δειμάτων
1136 1320 1419 1392 ἀμείνους,
1452 1321 1788 1392 ύπεμφαίνει
1811 1321 1898 1375 λέ-

279 1431 424 1485 γων·
462 1433 482 1466 ι
517 1414 631 1468 Καὶ
658 1413 876 1468 παιδίον
901 1414 1094 1485 νήπιον
1122 1412 1216 1467 ἐπὶ
1243 1412 1495 1485 τρώγλην
1518 1414 1781 1478 ἀσπίδων,
1803 1415 1897 1468 καὶ

278 1511 383 1562 ἐπὶ
415 1509 614 1580 κοίτην
641 1508 888 1578 ἐγγόνων
916 1507 1160 1562 ἀσπίδων
1186 1509 1286 1580 τὴν
1318 1511 1476 1579 χεῖρα
1502 1508 1771 1572 ἐπιϐαλεῖ,
1802 1508 1898 1562 καὶ

278 1602 348 1655 οὐ
377 1601 960 1673 μὴκακοποιήσωσιν,
987 1598 1097 1654 οὐδ’
1123 1599 1185 1653 οὐ
1229 1599 1305 1672 μὴ
1333 1600 1598 1655 δύνωνται
1631 1599 1898 1655 ἀπολέσαι

278 1696 488 1750 οὐδένα
516 1696 610 1749 ἐπὶ
633 1694 695 1748 τὸ
723 1693 851 1765 ὅρος
884 1695 948 1748 τὸ
971 1693 1127 1764 ἅγιόν
1160 1711 1286 1767 μου.
1308 1713 1328 1748 ι
1356 1694 1619 1766 Τρώγλας
1651 1695 1708 1749 δὲ
1741 1689 1897 1765 οἶμαι

281 1791 381 1843 καὶ
419 1789 612 1852 κοίτας
670 1789 940 1853 ἀσπίδων,
994 1789 1028 1861 ἢ
1086 1788 1156 1843 τά
1203 1788 1420 1861 πονηρά
1467 1789 1578 1844 τῶν
1602 1789 1898 1861 δαιμονίων

1995 583 2427 650 prehensibiles,
2487 588 2850 657 omnibusque
2913 591 3215 649 terroribus
3278 596 3589 665 superiores
3639 612 3674 631 ὐ

1995 674 2167 730 futuri
2200 686 2345 742 sunt,
2381 677 2690 735 subindicat
2743 682 2930 739 dicens
2966 703 2979 738 :
3021 703 3038 737 ι
3079 684 3145 740 Ει
3169 703 3300 757 puer
3332 691 3590 758 parvulus
3626 692 3630 696 ’

1997 768 2050 823 in
2084 767 2349 823 foramina
2388 771 2658 841 aspidum,
2687 781 2742 828 et
2776 773 2827 827 in
2866 774 3042 830 cubile
3072 776 3299 833 luctuum
3338 780 3590 849 aspidum

1996 873 2219 913 manum
2250 860 2530 926 immittet,
2562 878 2662 919 nec
2692 864 2910 930 laedent,
2941 883 3115 940 neque
3133 881 3588 942 poteruntqumn-

1995 965 2158 1020 quam
2203 957 2432 1023 perdere
2479 954 2531 1031 in
2579 966 2763 1011 monte
2804 969 2996 1013 sancto
3048 978 3187 1016 meo.
3229 982 3247 1016 ι
3299 940 3585 1022 Foramina

1996 1051 2179 1097 autem
2207 1055 2263 1098 et
2294 1045 2490 1099 cubilia
2523 1048 2794 1117 aspidum,
2819 1051 3006 1115 credo,
3031 1054 3159 1108 dicit
3187 1056 3356 1112 malas
3388 1059 3590 1114 daemo.
3636 1045 3647 1101 ἷ

1996 1135 2210 1190 nierum
2255 1143 2495 1206 turmas,
2533 1140 2620 1195 vel
2663 1141 2952 1212 impiormn
2994 1144 3372 1203 haereticorum
3420 1152 3592 1206 lustra

1998 1241 2063 1281 ac
2091 1227 2336 1295 latibula,
2370 1231 2631 1286 ecclesias
2655 1235 2797 1287 enim
2827 1234 3013 1297 direre
3042 1252 3149 1291 non
3180 1239 3346 1307 lubet,
3376 1242 3427 1295 in
3455 1259 3590 1313 quas
3642 1232 3649 1259 ³

1996 1336 2372 1389 strpenumero
2427 1339 2618 1379 manus
2670 1326 3058 1394 immitteutes,
3110 1331 3201 1400 qui
3258 1333 3310 1385 in
3370 1333 3590 1390 Christo

1999 1411 2234 1468 infantes
2279 1423 2436 1479 sunt,
2476 1414 2636 1485 facile
2683 1429 2947 1489 superant
2997 1422 3133 1477 nihil
3178 1440 3405 1493 prorsus
3455 1428 3588 1483 laesi.

1994 1504 2244 1560 Christus
2274 1505 2540 1577 siquidem
2568 1524 2663 1565 eos
2698 1513 2966 1581 vindieat,
2999 1526 3054 1570 et
3087 1517 3323 1573 sinistrae
3373 1520 3591 1575 illorum

1998 1599 2380 1666 perversitatis
2431 1614 2647 1657 morsus
2703 1605 2981 1674 reprimit,
3025 1608 3285 1678 virusque
3341 1612 3591 1669 incliicax

1998 1692 2183 1747 elﬁcit.
2220 1693 2329 1747 Nec
2372 1697 2518 1748 enim
2564 1706 2852 1766 poterunt,
2890 1700 3100 1770 inquit,
3132 1704 3359 1771 perdere
3403 1721 3593 1775 quem-

1999 1800 2161 1854 quam
2194 1785 2246 1840 in
2280 1796 2463 1842 monte
2494 1798 2682 1844 sancto
2716 1805 2857 1845 meo.
2893 1790 3151 1848 Sanctum
3190 1802 3426 1851 montem
3462 1797 3593 1852 dicit

282 1882 555 1952 ὀνομάζει
594 1882 786 1954 στίφη,
827 1882 1001 1953 ἤγουν
1040 1881 1140 1946 τάς
1181 1880 1292 1936 τῶν
1328 1883 1559 1957 ἀνοσίων
1602 1881 1895 1955 αίρετικῶν

2009 1876 2332 1943 Ecclesiam,
2367 1888 2652 1950 prepterca
2698 1884 2841 1954 quod
2890 1885 2943 1939 in
2993 1887 3103 1940 alto
3147 1886 3332 1957 gloriw
3376 1887 3596 1961 fastigio

282 1973 403 2029 οἷον
435 1973 619 2037 οἰκίας
648 1990 708 2027 τε
740 1974 838 2028 καὶ
870 1973 1215 2039 καταδύσεις·
1257 1975 1348 2030 ἴνα
1397 1975 1473 2048 μὴ
1518 1976 1768 2049 λέγωμεν
1806 1979 1899 2030 ὲκ-

284 2069 550 2141 κλησίας·
602 2063 693 2131 αἶς
728 2068 832 2139 τὴν
883 2070 1042 2138 χεῖρα
1093 2068 1416 2134 πλειστάκις
1456 2070 1812 2142 ἐπιφέροντες
1847 2073 1898 2126 οἱ

285 2166 349 2218 ἐν
368 2162 600 2237 Χριστῷ
641 2161 1008 2234 νηπιάςοντες
1063 2162 1453 2235 περιγίνονται
1507 2164 1727 2236 ῥαδίως,
1774 2168 1896 2222 κατ’

284 2258 492 2312 οὐδένα
548 2255 753 2328 τρόπον
816 2253 1166 2325 ἀδικούμενοι
1194 2252 1210 2285 δ
1241 2254 1478 2327 Χριστὸς
1524 2257 1633 2329 γάρ
1687 2259 1835 2312 ἐστιν
1870 2258 1899 2314 ὁ

285 2349 601 2421 ἐπαμύνων
634 2349 841 2413 αὐτοῖς,
865 2347 960 2401 καὶ
982 2346 1082 2417 τῆς
1112 2346 1342 2402 ἐκείνων
1371 2349 1692 2420 σκαιότητος
1712 2351 1901 2419 ἀφανί-

287 2442 405 2507 ζων
454 2440 529 2494 τά
559 2440 857 2513 δήγματα,
906 2438 1192 2511 ἄπρακτόν
1213 2456 1276 2493 τε
1313 2440 1405 2494 τὸν
1450 2441 1527 2495 ίὸν
1559 2442 1894 2514 ἀποφαίνων.

287 2537 369 2589 Οὐ
402 2535 516 2605 γὰρ
542 2534 619 2606 μὴ
641 2533 932 2597 δύνωνται,
994 2533 1181 2604 φησὶν,
1240 2535 1508 2590 ἀπολέσαι
1549 2536 1671 2591 τινά
1716 2537 1809 2591 ἐπὶ
1840 2535 1901 2590 τδ

284 2625 419 2697 ὅρος
455 2625 520 2678 τὸ
547 2623 707 2693 ἅγιόν
739 2641 865 2696 μου.
896 2623 1088 2693 Ἀγιον
1116 2623 1174 2678 δὲ
1215 2623 1341 2696 δρος
1367 2626 1502 2698 φησὶ
1524 2627 1622 2697 τὴν
1666 2627 1893 2701 Ἐκκλη-

288 2722 442 2786 σίαν,
472 2718 568 2773 διὰ
595 2719 659 2773 τὸ
686 2716 827 2789 ὑψοῦ
855 2715 1136 2772 τεθεῖσθαι
1160 2716 1222 2771 τό
1254 2735 1318 2788 γε
1340 2713 1478 2790 ἧκον
1508 2721 1589 2784 είς
1607 2719 1787 2787 δόξαν,
1804 2719 1901 2775 καὶ

284 2811 401 2868 τῶν
430 2814 493 2865 ὲν
524 2810 665 2881 αὐτῇ
696 2808 991 2879 δογμάτων
1019 2808 1081 2861 τὸ
1103 2808 1437 2881 ἐπῃρμένον.
1479 2809 1774 2882 Χοαμαλδν
1791 2810 1901 2883 γὰρ

284 2904 449 2960 οὐδὲν
477 2907 537 2958 ἐν
567 2905 728 2975 ἡμῖν.
759 2903 837 2956 Οὐ
872 2901 980 2973 γὰρ
1032 2901 1164 2966 ἴσως
1201 2904 1268 2973 τῇ
1300 2902 1476 2957 κτίσει
1501 2902 1580 2974 τῷ
1607 2902 1813 2974 κτίστῃ
1840 2902 1903 2956 τὸ

288 2998 464 3062 σέϐας
526 2996 799 3051 ἀνάπτειν
843 2994 1124 3067 ὴθίσμεθα
1169 2994 1325 3067 παρά
1362 2995 1457 3050 τὸν
1508 2995 1752 3067 Κτίστην
1808 2996 1903 3049 καὶ

284 3092 563 3162 Ποιητήν·
592 3088 722 3143 οῦτε
755 3088 863 3161 μὴν
906 3090 998 3143 τὸν
1042 3088 1152 3142 τῶν
1203 3088 1344 3143 ὅλων
1385 3088 1721 3161 δημιουργὸν
1769 3088 1902 3143 Θεὸν

285 3186 467 3255 Λόγον
497 3183 606 3254 τῆς
649 3182 804 3255 αὐτῷ
860 3181 1182 3254 πρεπούσης
1233 3182 1676 3253 καταδιόάζομεν
1719 3182 1898 3252 δόξης,

2004 1969 2265 2025 collocata
2300 1972 2404 2036 sit,
2430 1982 2483 2028 et
2514 1981 2734 2045 propter
2764 1976 3074 2048 dogmatum
3110 1978 3161 2033 in
3196 1995 3258 2035 ea
3290 1981 3594 2037 sublimita-

2006 2070 2136 2117 tem.
2170 2062 2380 2120 llumile
2423 2066 2569 2121 enim
2616 2068 2748 2123 nihil
2792 2079 2875 2125 est
2919 2071 2973 2126 in
3022 2074 3198 2127 nobis.
3227 2071 3343 2128 Non
3393 2078 3593 2130 etenim

1998 2164 2271 2210 creaturae
2318 2171 2480 2227 supra
2533 2158 2849 2215 Creatorem
2915 2162 3318 2218 venerationem
3380 2162 3595 2220 deferre

2004 2248 2270 2314 'solemns,
2302 2266 2400 2305 nec
2443 2252 2686 2306 onmimn
2732 2253 2983 2323 opiﬁcem
3028 2252 3196 2310 Deum
3250 2253 3484 2312 Verbum
3531 2258 3596 2313 de

2005 2341 2175 2414 gloria
2211 2343 2393 2397 debita
2426 2344 2803 2413 deturbamus,
2838 2361 2936 2402 nec
2965 2362 3090 2402 eum
3123 2350 3395 2404 creaturis
3422 2365 3597 2404 anuu-

2007 2449 2302 2491 meramus.
2358 2435 2640 2507 Repletam
2701 2439 2824 2493 dein
2888 2438 2965 2494 ait
3020 2441 3327 2497 universam
3392 2451 3594 2497 terram

2005 2529 2315 2599 cognitione
2336 2528 2570 2595 Domini,
2590 2540 2739 2585 tanta
2769 2531 3030 2602 religione
3053 2547 3180 2603 erga
3205 2549 3328 2588 eum
3354 2535 3595 2604 plenam,

2005 2622 2225 2691 quantis
2271 2623 2487 2678 scilicet
2540 2624 2695 2694 aquis
2754 2626 3056 2694 spatiosum
3105 2635 3161 2682 et
3209 2626 3393 2682 laxum
3443 2645 3595 2684 mare

2005 2717 2271 2787 operitur.
2299 2716 2454 2784 Quod
2483 2732 2672 2774 verum
2704 2734 2826 2775 esse
2862 2735 2891 2774 a
2927 2720 3120 2790 quovis
3154 2722 3383 2790 perspici
3420 2732 3597 2792 potest

2007 2820 2063 2865 et
2098 2810 2346 2879 intelligi.
2399 2810 2502 2867 Ubi
2538 2812 2686 2867 enim
2726 2821 2783 2869 et
2830 2813 2970 2882 apud
3017 2828 3155 2883 quos
3195 2812 3450 2869 Christus
3489 2831 3594 2870 non

2010 2903 2361 2958 nominatur?
2389 2904 2455 2959 Et
2484 2904 2628 2974 quod
2658 2919 2828 2976 genus
2860 2904 3138 2959 hominum
3169 2904 3240 2960 illi
3272 2922 3378 2961 non
3414 2907 3600 2977 paret?

2007 2994 2217 3051 Flectet
2248 2996 2448 3053 etenim
2485 3012 2545 3053 se
2582 2996 2657 3052 illi
2694 3013 2856 3053 omne
2892 3012 3066 3068 genu,
3100 3007 3155 3054 et
3200 3001 3380 3055 omnis
3417 2992 3598 3073 lingua

2008 3089 2083 3145 illi
2113 3090 2490 3155 conﬁtebitur,
2521 3092 2978 3161 quemadmodum
3011 3092 3271 3163 scriptum
3302 3104 3385 3150 est
3414 3113 3427 3150 :
3463 3096 3597 3164 Quia

2010 3181 2274 3240 Dominus
2303 3181 2462 3239 Jesus
2485 3184 2736 3238 Christus
2762 3184 2815 3238 in
2848 3184 3019 3254 gloria
3051 3184 3146 3241 Dei
3182 3187 3358 3242 Patris
3382 3186 3452 3241 ".

289 3276 771 3351 συναριθμοῦντες
795 3275 962 3331 αὐτὸν
990 3278 1103 3340 τοῖς
1131 3275 1449 3347 κτίσμασιν.
1517 3275 1937 3348 Ἐμπεπλῆσθαί
1974 3277 2034 3332 τέ
2060 3295 2194 3349 φησι
2254 3277 2354 3349 τὴν
2387 3277 2683 3349 σύμπασαν
2722 3281 2818 3332 τοῦ
2845 3277 3051 3349 γνῶναι
3085 3278 3176 3334 τὸν
3204 3280 3431 3352 Κύριον,
3456 3281 3601 3336 οὕτω

289 3394 358 3432 τε
380 3372 523 3431 εἶναι
552 3374 744 3447 πλήρη
782 3373 887 3446 τῆς
944 3374 1027 3439 είς
1085 3373 1252 3429 αὐτὸν
1314 3374 1622 3440 εὐσεϐείας,
1688 3375 1942 3449 καθάπερ
2011 3377 2207 3446 ἀμέλει
2256 3374 2352 3429 καὶ
2393 3376 2427 3446 ὴ
2478 3375 2710 3430 πλατεῖά
2753 3394 2813 3431 τε
2857 3376 2953 3430 καὶ
2986 3374 3302 3449 εὐρύχωρος
3353 3376 3601 3433 Θάλασσα

302 3468 625 3543 τῶν
669 3467 821 3523 ἰδίων
868 3464 1080 3522 ὑδάτων
1133 3466 1306 3524 ἐστίν.
1362 3466 1494 3521 Ἷδοι
1537 3469 1583 3521 δ’
1606 3467 1671 3522 ἄν
1693 3484 1778 3531 τις
1801 3470 1897 3523 καὶ
1933 3467 2093 3523 τοῦτο
2118 3468 2341 3541 ἀληθές.
2401 3467 2510 3522 Ποῦ
2537 3467 2646 3541 γὰρ
2675 3469 2815 3533 ὅλως
2860 3469 2892 3541 ἢ
2936 3469 3088 3544 πο.ρά
3112 3471 3253 3524 τίσιν
3271 3471 3371 3524 οὐκ
3400 3472 3602 3544 ὀνομά-

297 3565 461 3633 ζεται
487 3564 727 3653 Χριστός
754 3582 770 3632 ;
810 3564 845 3637 ἢ
873 3566 1025 3618 ποῖον
1051 3562 1359 3635 ἀνθρώπων
1389 3564 1548 3634 γένος
1575 3565 1676 3637 οὐχ
1695 3565 2093 3621 ὑποπέπτωκεν
2116 3565 2375 3639 ;Κάμψει
2411 3566 2522 3639 γάρ
2542 3565 2692 3639 αὐτῷ
2728 3568 2839 3623 πᾶν
2875 3567 3030 3637 γόνυ,
3066 3570 3161 3623 καὶ
3206 3570 3356 3624 πᾶσα
3380 3570 3604 3640 γλῶσσα

289 3659 769 3734 ἐξομολογήσεται
832 3655 983 3728 αὐτῷ
1035 3656 1178 3711 κατά
1239 3656 1303 3711 τὸ
1345 3657 1757 3730 γεγραμμένον,
1811 3659 1901 3713 ὅτι
1934 3657 2141 3732 Κύριος
2188 3659 2395 3731 Ἰησοῦς
2418 3659 2653 3732 Χριστὸς
2679 3661 2760 3724 εἰς
2786 3660 2952 3727 δόξαν
2986 3659 3121 3714 Θεοῦ
3154 3661 3389 3733 Πατρός.
3586 3710 3589 3711 ν

367 3754 487 3811 Kal
535 3753 715 3809 ἔσται
774 3752 846 3808 ἐν
901 3750 983 3822 τῇ
1036 3751 1229 3822 ἡμέρᾳ
1284 3752 1491 3823 ἐκείνῃ
1540 3753 1581 3822 ἡ
1634 3752 1768 3823 ῥίζα
1802 3754 1905 3809 τοῦ

2088 3754 2251 3811 Vens.
2292 3755 2379 3811 10.
2411 3756 2479 3819 Et
2506 3759 2604 3811 erit
2635 3761 2689 3810 in
2721 3758 2805 3811 die
2843 3756 2938 3810 illa
2995 3756 3156 3810 radix
3183 3755 3370 3828 lesser,
3407 3767 3458 3813 et
3510 3761 3603 3830 qui

305 3846 549 3905 Ἰεσσαὶ
592 3844 697 3901 καὶ
748 3847 782 3900 ό
844 3843 1249 3913 ἀνιστάμενος
1294 3842 1504 3914 ἄρχειν
1551 3844 1773 3909 ἐθνῶν,
1813 3846 1906 3900 ἐπ’

293 3925 467 4003 αὐτῷ
491 3934 847 4004 ἐλπιοῦσιν,
884 3934 986 3991 καὶ
1028 3934 1204 3990 ἔσται
1250 3935 1290 4006 ὴ
1330 3933 1679 4005 ἀνάπαυσις
1722 3938 1910 3993 αὑτοῦ

294 4030 469 4102 τιμή.

389 4122 735 4194 Ἀναλάμπει
769 4120 911 4177 κατά
943 4120 1117 4195 βραχὺ
1154 4121 1265 4177 τῶν
1312 4121 1573 4196 ἀμυδρῶς
1605 4125 1916 4196 εἰρημένων

295 4218 335 4291 ἡ
367 4217 604 4292 θεωρία,
633 4219 731 4272 καὶ
786 4217 931 4288 ἆπερ
961 4216 1067 4288 ἔφη
1093 4217 1163 4270 δι’
1193 4216 1558 4286 αἰνιγμάτων,
1591 4216 1766 4271 ταῦτα
1798 4219 1914 4281 τοῖς

297 4310 755 4383 φιλακροάμοσιν
779 4305 841 4363 εὖ
868 4308 1015 4379 μάλα
1057 4310 1355 4380 διατρανοῖ.
1387 4308 1525 4364 Τίνα
1570 4307 1681 4381 γὰρ
1710 4308 1914 4381 τρόπον

300 4404 725 4478 βοσκηθήσεται
764 4402 864 4475 μὲν
899 4404 928 4455 ὁ
962 4399 1126 4465 λύκος
1168 4400 1308 4472 μετά
1336 4400 1523 4473 ἀρνὸς,
1565 4399 1915 4454 συναναπαύ-

302 4514 468 4553 σεται
489 4496 549 4550 δὲ
586 4495 762 4567 ἐρίφῳ
794 4492 1082 4567 πάρδαλις,
1127 4494 1223 4547 καὶ
1275 4492 1603 4565 μοσχάριον,
1634 4493 1730 4547 καὶ
1765 4490 1912 4564 βοῦς,

300 4593 406 4646 καὶ
443 4590 590 4644 λέων
645 4588 765 4661 ἅμα
793 4588 1063 4660 φάγονται
1099 4584 1307 4659 ἄχυρα,
1335 4587 1467 4641 πότε
1491 4586 1548 4641 δὲ
1588 4586 1726 4649 ὅλως
1760 4584 1915 4639 ἔσται

302 4684 492 4748 ταυτὶ,
524 4681 622 4737 καὶ
650 4682 797 4746 τίνες
824 4683 873 4735 οἱ
901 4680 1040 4735 ποτὲ
1075 4679 1176 4752 μὲν
1212 4680 1356 4750 ὠμοὶ
1380 4680 1476 4732 καὶ
1520 4681 1772 4749 ἀπηνεῖς,
1802 4676 1918 4732 ἐσόα

306 4792 469 4850 μενοι
502 4774 563 4829 δέ
603 4773 742 4846 μετὰ
772 4772 937 4828 τοῦτο
965 4770 1214 4827 τιθασσοί
1258 4787 1321 4825 τε
1351 4770 1446 4825 καὶ
1474 4773 1662 4844 πρᾶοι,
1704 4769 1917 4824 ἔσονται

301 4867 363 4921 δὲ
387 4866 546 4928 ὅπως
568 4862 775 4935 ἀναμὶξ
811 4864 928 4927 τοῖς
947 4861 1178 4934 ἡμέροις
1205 4878 1265 4915 τε
1293 4861 1387 4915 καὶ
1420 4862 1587 4932 ἱεροῖς
1618 4859 1707 4930 ὑφ’
1731 4861 1812 4913 ἐνὶ
1839 4859 1918 4932 τῷ

304 4957 538 5011 πάντων
592 4953 952 5027 ἀρχιποιμένι
1004 4951 1462 5025 νεμηθησόμενοι,
1502 4952 1919 5006 καταλευκαίνει

302 5050 514 5117 λέγων·
551 5047 664 5100 Καὶ
701 5045 858 5101 ἔσται
897 5047 933 5119 ή
972 5042 1099 5117 ρίζα
1128 5045 1225 5099 τοῦ
1261 5043 1487 5099 Ἰεσσαί.
1540 5044 1823 5099 Ἔσταιδέ
1865 5043 1919 5099 τί

2011 3848 2325 3920 consurgit,
2380 3859 2437 3903 ut
2471 3849 2539 3902 sit
2582 3850 2824 3918 princeps
2862 3849 3135 3920 gentium,
3183 3848 3236 3903 in
3270 3850 3383 3918 ipso
3423 3862 3603 3921 gemes

2011 3945 2319 4013 sperabunt,
2351 3943 2449 3998 erit
2475 3944 2675 4012 requies
2699 3943 2812 4015 ejus
2838 3945 3027 3998 honor.

2088 4124 2280 4180 Eiueet
2307 4124 2572 4205 paulatim
2632 4139 2822 4181 eorum
2880 4140 2999 4196 quae
3022 4125 3261 4181 obscure
3288 4127 3432 4182 dicta
3473 4139 3603 4183 sunt

2014 4214 2389 4286 intelligentia,
2425 4226 2479 4271 et
2504 4231 2627 4287 qua:
2649 4232 2748 4287 per
2776 4216 3071 4288 aenigmata
3105 4218 3268 4285 dixit,
3302 4218 3392 4275 hic
3418 4229 3600 4275 atten-

2016 4306 2087 4362 tis
2146 4307 2490 4362 auditoribus
2545 4308 2752 4376 Optime
2810 4307 3090 4376 explanat.
3135 4304 3269 4361 Nam
3329 4302 3628 4379 quomodo

2015 4404 2330 4467 compascet
2362 4397 2523 4467 lupus
2550 4414 2675 4453 cum
2715 4412 2878 4470 agno,
2908 4398 3074 4469 202
3105 4407 3162 4454 et
3197 4400 3400 4468 pardus
3446 4400 3604 4456 haedo

2016 4487 2326 4555 accubabit,
2362 4497 2415 4543 et
2442 4488 2642 4545 vitulus
2669 4528 2685 4556 ,
2715 4498 2774 4544 et
2809 4488 2928 4555 bos,
2961 4498 3018 4544 et
3055 4489 3142 4545 leo
3168 4488 3331 4544 simul
3370 4505 3603 4546 vescen-

2021 4592 2110 4636 tur
2143 4579 2334 4651 paleis,
2370 4583 2589 4652 quando
2626 4596 2753 4638 vere
2780 4582 2898 4638 haec
2928 4581 3156 4637 omnino
3192 4581 3344 4650 ﬁent,
3396 4593 3450 4639 et
3479 4584 3607 4652 qui-

2019 4684 2144 4728 nam
2193 4674 2322 4728 olim
2359 4673 2632 4739 crudeles,
2690 4675 2947 4745 deinceps
3001 4673 3236 4730 evadent
3290 4675 3508 4730 cicures
3551 4683 3608 4732 et

2020 4767 2206 4833 mites,
2240 4777 2296 4822 et
2328 4782 2436 4838 quo
2464 4774 2625 4838 pacto
2654 4766 2882 4837 placidis
2930 4774 2986 4821 et
3041 4766 3250 4821 sanctis
3306 4765 3608 4835 permisce-

2019 4860 2243 4928 buntur,
2280 4860 2384 4915 sub
2400 4874 2509 4915 uno
2533 4874 2750 4916 summo
2782 4859 3025 4914 omnium
3052 4868 3271 4927 pastore
3298 4870 3606 4929 pascentes,

2020 4951 2256 5007 candide
2288 4960 2341 5006 et
2368 4961 2556 5022 aperte
2583 4951 2845 5017 declarat,
2870 4965 2993 5006 cum
3026 4949 3106 5005 ait
3137 4964 3153 5003 :
3194 4950 3264 5005 Et
3288 4952 3399 5006 erit
3454 4951 3606 5006 radix
3681 4960 3686 4966 ’

2019 5040 2215 5099 Jéssae.
2268 5043 2337 5098 At
2371 5044 2502 5115 quid
2526 5043 2641 5100 erit
2672 5054 2726 5101 et
2757 5043 2811 5098 in
2848 5041 3093 5114 quibus?
3138 5040 3487 5114 Utprinceps
3513 5045 3607 5108 sit,

302 5142 406 5195 καὶ
439 5138 537 5193 ἐπὶ
562 5137 737 5202 τίσιν;
770 5137 937 5192 Ὥστε
966 5136 1259 5209 κατάρξαι,
1292 5135 1454 5210 φησὶ,
1476 5136 1584 5190 τῶν
1605 5137 1795 5203 ἐθνῶν,
1830 5154 1905 5207 γε

2030 5135 2225 5207 inquit,
2256 5137 2524 5206 gentium,
2541 5147 2596 5192 et
2624 5145 2681 5191 ut
2701 5152 2827 5206 spes
2852 5137 2922 5192 sit
2948 5151 3100 5207 spem
3123 5150 3230 5192 non
3255 5136 3607 5203 habentibus,

168 5248 186 5259 ‘
303 5230 506 5287 νέσθαι
543 5230 601 5284 δὲ
632 5230 731 5283 καὶ
759 5228 841 5291 εἰς
872 5228 1066 5283 ἐλπίδα
1109 5231 1225 5293 τοῖς
1279 5228 1382 5283 οὐκ
1432 5228 1647 5300 ἔχουσιν
1698 5225 1915 5294 ἐλπίδα,

305 5325 504 5388 αὐτοῖς
528 5321 586 5376 δὲ
614 5319 862 5393 δηλονότι
882 5322 1000 5385 τοῖς
1023 5319 1255 5389 ἔθνεσιν,
1295 5316 1379 5385 οἷς
1409 5322 1503 5375 καὶ
1530 5321 1560 5374 ό
1604 5321 1917 5391 σοφώτατος

305 5416 533 5478 Παῦλος
549 5411 880 5491 ,ἐπιστέλλει
905 5412 1104 5481 λέγων’
1167 5430 1187 5465 ι
1219 5413 1313 5467 Διδ
1366 5413 1736 5487 μνημονεύετε
1760 5415 1920 5486 ὑμεῖς

304 5510 378 5563 τὰ
405 5506 560 5577 ἔθνη,
591 5505 641 5559 oi
665 5503 956 5575 λεγόμενοι
978 5502 1317 5575 ἀκροϐυστία
1350 5502 1456 5558 ὑπὸ
1487 5505 1590 5575 τῆς
1616 5504 1919 5576 λεγομένης

305 5603 368 5654 ἐν
420 5599 592 5672 σαρκὶ
648 5597 960 5669 περιτομῆς
1006 5597 1426 5669 χειροποιήτου,
1477 5596 1559 5650 ὅτι
1594 5590 1692 5668 ἦτε
1738 5599 1796 5649 ἐν
1838 5597 1921 5668 τῷ

305 5689 494 5762 καιρῷ
529 5688 725 5760 ἐκείνῳ
751 5686 926 5759 χωρὶς
966 5685 1230 5760 Χριστοῦ,
1262 5685 1770 5759 ἀπηλλοτριωμένοι
1822 5686 1917 5742 τοῦ

274 5890 280 5897 ,
381 5845 431 5879 σο
461 5842 696 5919 Philipp.
726 5859 792 5911 ιι,
820 5841 910 5912 ιο,
935 5842 1021 5898 ιι.

2022 5227 2156 5297 ipsis
2207 5229 2465 5284 videlicet
2534 5229 2832 5302 gentibus,
2900 5229 3110 5300 quibus
3168 5228 3609 5299 sapientissimus

2022 5317 2228 5375 Paulus
2274 5319 2468 5375 scribit
2517 5320 2752 5376 dicens:
2797 5339 2817 5373 ι
2868 5319 3100 5392 Propter
3145 5322 3287 5392 quod
3339 5334 3610 5376 memores

2023 5421 2201 5468 estote
2244 5429 2342 5469 vos
2382 5424 2594 5485 gentes,
2651 5415 2744 5486 qui
2775 5416 3103 5471 dicebamiui
3162 5414 3485 5485 praeputium
3539 5412 3609 5465 ab

2022 5520 2084 5560 ea
2126 5520 2248 5576 qua:
2307 5507 2506 5562 dicitur
2549 5508 2898 5563 circumcisio
2932 5507 2985 5561 in
3021 5519 3204 5570 carne,
3242 5500 3552 5565 manufacta
3591 5516 3608 5553 :

2020 5597 2164 5665 quod
2195 5597 2365 5653 eratis
2394 5597 2447 5653 in
2478 5606 2723 5668 tempore
2754 5598 2848 5653 illo
2907 5598 3027 5653 sine
3069 5594 3323 5659 Christo,
3378 5589 3611 5645 alienati

2022 5687 2089 5744 ab
2111 5687 2302 5758 Israel,
2337 5701 2393 5747 et
2420 5692 2665 5764 hospites
2695 5699 3167 5753 testamentorum,
3216 5679 3616 5756 promissionis
