4016 6494
488 340 599 401 ΞΥ]

1398 406 1405 417 ⁸
1495 338 1552 393 S.
1594 336 1873 395 CYl‘JLLl
1913 335 2389 394 ALEXANDRINI
2430 338 2755 396 ARCHIEP.

3659 344 3754 401 528

492 483 642 537 spem
698 480 805 522 non
873 464 1158 531 habentes,
1185 472 1239 519 et
1273 460 1395 518 sine
1453 460 1564 518 Deo
1590 462 1645 517 in
1697 462 1817 533 hoc
1846 461 2065 517 mundo.

2176 461 2416 533 Ἰσραὴλ,
2459 464 2553 515 καὶ
2599 460 2737 526 ξένοι
2772 461 2880 515 τῶν
2926 459 3224 532 διαθηκῶν,
3284 460 3393 533 τῆς
3435 462 3751 530 ἐπαγγελίας

494 556 646 613 Nunc
671 568 851 615 autem
886 558 939 613 in
968 557 1189 613 Christo
1215 554 1343 611 Jesu
1361 570 1455 611 vos
1478 556 1569 627 qui
1595 556 1885 624 aliquando
1911 559 2075 612 eratis

496 648 673 721 Iunge,
714 650 843 706 facti
876 649 1010 705 estis
1062 664 1232 720 prope
1271 649 1323 704 in
1368 651 1634 719 sanguine
1677 650 1883 705 Christi
1926 651 1997 706 “.
2048 668 2069 703 ι

498 742 695 796 Verum
725 743 829 798 etsi
854 749 1014 799 erant
1060 742 1179 812 spei
1215 752 1492 813 expertes,
1522 751 1576 798 et
1631 740 1798 797 Deum
1832 758 1941 798 non
1971 743 2073 798 ha-

492 832 685 889 bentes
745 834 798 888 in
864 835 1068 890 mundo
1126 835 1558 904 (procubuerunt
1612 834 1755 889 enim
1816 834 2075 905 operibus

491 940 713 981 suarum
747 926 1056 994 manuum),
1086 934 1265 980 tamen
1312 926 1490 980 vocati
1521 934 1648 980 sunt
1680 941 1779 996 per
1814 926 1973 982 ﬁdem
2003 926 2073 983 ad

442 1023 452 1091 ξ
489 1017 822 1086 agnitionem
852 1017 1077 1083 Christi,
1131 1018 1268 1074 etei
1325 1017 1557 1089 subjecti
1591 1028 1739 1086 sunt,
1795 1029 1850 1075 et
1899 1018 2069 1074 Deum

444 1102 447 1105 ⁷
488 1109 796 1163 habuerunt
841 1108 1144 1163 naturalem
1168 1118 1226 1164 et
1255 1124 1465 1176 verum,
1513 1117 1569 1164 et
1603 1110 1717 1180 spei
1748 1121 2068 1167 sanctorum

488 1208 649 1253 erant
676 1210 981 1256 consortes.
1013 1199 1129 1254 Erit
1172 1210 1388 1267 autem,
1448 1200 1649 1270 inquit,
1693 1203 1910 1271 requies
1955 1201 2075 1271 ejus

489 1289 685 1345 honor.
723 1290 1022 1360 Dupliciter
1069 1291 1341 1362 intelliges
1396 1293 1537 1363 quod
1586 1293 1803 1348 dicitur.
1857 1291 1914 1349 Si
1948 1294 2074 1364 quis

486 1386 632 1438 enim
666 1383 852 1439 mallet
883 1385 1178 1454 requietem
1211 1385 1300 1439 hic
1319 1383 1525 1440 Christi
1552 1392 1783 1439 mortem
1819 1385 1872 1439 in
1901 1398 2072 1440 carne

488 1475 822 1544 signiﬁcare,
882 1490 1045 1544 quam
1092 1486 1315 1545 propter
1365 1490 1465 1530 nos
1521 1475 1785 1531 suStinuit
1838 1475 2068 1541 volens,

487 1580 596 1619 non
638 1573 896 1635 tanquam
951 1574 1181 1620 mortem
1237 1565 1518 1620 sustinens
1579 1563 1712 1635 (vita
1756 1567 1902 1620 enim
1951 1573 2071 1621 erat

488 1656 741 1722 natura),
784 1655 879 1710 sed
928 1655 1076 1710 velut
1126 1654 1419 1725 quiescere
1472 1669 1697 1711 carnem
1745 1655 1953 1712 faciens
1999 1656 2068 1712 ad

485 1754 736 1816 tempus:
781 1746 885 1801 hoc
939 1744 1018 1800 illi
1054 1743 1205 1799 aliud
1262 1744 1398 1799 nihil
1452 1754 1573 1800 erat
1639 1760 1803 1816 quam
1862 1746 2063 1803 honor.

483 1813 830 1892 Glorilicatus
885 1845 970 1891 est
1006 1836 1152 1890 enim
1184 1834 1429 1889 omnium
1466 1813 1718 1891 Salvator
1770 1844 1829 1890 et
1882 1836 2069 1892 Domi-
2098 1813 2141 1870 Β

482 1942 589 1982 nus
618 1937 805 1983 noster
826 1926 986 1983 Jesns
1020 1928 1293 1997 Christus,
1329 1943 1454 1985 cum
1493 1942 1682 1985 necem
1733 1943 1833 1999 pro
1864 1930 2065 1988 mundo

482 2019 762 2087 subiisset,
787 2030 844 2075 et
876 2035 976 2091 pro
1008 2020 1247 2075 omnium
1281 2020 1390 2076 vita
1424 2019 1798 2077 voluntariam
1831 2032 2064 2078 mortem

482 2118 629 2163 esset
668 2123 983 2180 perpessus.
1013 2108 1226 2166 Atratus
1263 2109 1522 2165 nimirum
1570 2117 1657 2167 est
1706 2111 1921 2167 Patrem
1950 2127 2067 2168 cte-

483 2202 680 2258 lestem
749 2203 817 2257 ad
879 2203 1326 2274 pretiosissimam
1382 2217 1601 2260 crucem
1664 2205 2063 2274 profecturus:

489 2312 508 2347 ι
548 2295 732 2364 Pater,
764 2295 1011 2366 gloriilca
1061 2306 1212 2352 tuum
1269 2294 1494 2364 Filium,
1546 2306 1608 2352 ut
1649 2307 1703 2354 et
1739 2298 1911 2354 Filius
1941 2307 2066 2355 tuus

483 2386 751 2457 'glorilicet
781 2397 831 2444 te
864 2389 909 2421 “
945 2407 961 2456 ;
994 2408 1014 2442 ι
1046 2399 1099 2445 et
1128 2405 1319 2447 rursus
1352 2408 1365 2446 :
1390 2407 1411 2443 ι
1437 2389 1594 2448 Nunc
1622 2391 1955 2463 gloriﬁcatus
1981 2404 2066 2449 est

489 2479 657 2535 Filius
686 2480 942 2545 hominis,
974 2491 1028 2538 et
1053 2482 1194 2538 Deus
1244 2482 1579 2554 gloriﬁcatns
1611 2492 1696 2540 est
1743 2486 1797 2539 in
1839 2500 1906 2540 eo
1931 2485 1997 2540 ⁸³.
2038 2505 2057 2539 ι

485 2568 765 2635 Quatenus
814 2570 960 2625 enim
1026 2572 1094 2626 ad
1141 2572 1578 2643 crueiﬁgentium
1623 2574 1954 2632 dementiam
2011 2585 2067 2633 et

483 2663 679 2732 impios
706 2671 762 2719 et
784 2663 1034 2721 crudeles
1062 2675 1292 2720 conatus
1325 2665 1593 2723 attinebat
1627 2707 1643 2734 ,
1679 2667 1859 2724 labem
1896 2669 1973 2724 illi
2009 2679 2065 2726 et

486 2749 848 2821 ignominiam
884 2752 1123 2821 aspersit
1152 2754 1374 2824 passio;
1430 2756 1694 2825 putabant
1745 2757 1891 2812 enim
1926 2758 2065 2816 forte

482 2840 717 2898 invitum
740 2859 865 2898 eum
892 2858 1015 2900 esse
1048 2861 1295 2916 passum.
1330 2849 1401 2902 At
1432 2849 1523 2904 ubi
1556 2849 1779 2916 revixit,
1825 2850 2063 2920 spoliato

482 2930 724 2998 inferno,
756 2941 816 2987 et
847 2942 1021 2989 morte
1048 2950 1108 2990 se
1144 2936 1485 3005 superiorem
1514 2938 1615 2994 hac
1645 2954 1706 2995 re
1738 2941 2064 3013 ostendens,

484 3021 678 3078 honori
706 3023 755 3078 ei
797 3032 851 3079 et
884 3025 1071 3096 gloria:
1095 3026 1256 3098 hujus
1291 3029 1371 3084 rei
1393 3040 1650 3086 eventum
1685 3031 1857 3090 fuisse
1901 3049 2058 3090 com-

483 3114 780 3185 periemus.
823 3115 942 3171 Erit
972 3117 1180 3189 itaque,
1223 3120 1433 3191 inquit,
1480 3123 1587 3179 hoc
1640 3125 1805 3182 modo
1846 3127 2064 3198 requies

482 3200 553 3264 ei,
600 3201 793 3256 honor.
833 3202 890 3258 Si
926 3219 1057 3260 vero
1089 3207 1212 3275 quis
1236 3208 1398 3280 203
1442 3209 1604 3267 aliter
1648 3213 1735 3270 bis
1779 3229 2065 3271 commen-

485 3294 779 3349 tationibus
809 3295 1047 3366 adjicere
1077 3297 1240 3364 velit,
1290 3302 1371 3356 sic
1397 3301 1667 3358 dictorum
1711 3319 1934 3362 sensum
1968 3323 2060 3363 ac-

485 3387 650 3456 cipiet
682 3405 695 3440 :
727 3387 838 3442 Non
871 3393 1015 3444 enim
1040 3391 1095 3446 in
1123 3392 1294 3449 solam
1333 3409 1484 3467 spem
1506 3398 1614 3453 erit
1640 3400 1892 3470 gentibus
1918 3401 2052 3456 Ser-

485 3485 666 3542 vator,
721 3479 816 3533 sed
868 3480 1308 3541 nranil'estabitur
1354 3488 1522 3544 etiam
1570 3499 1715 3548 stato
1760 3501 2063 3564 temporum

486 3565 782 3636 curriculo,
838 3569 958 3626 sive
1004 3584 1274 3646 resurget,
1338 3592 1448 3634 non
1505 3589 1566 3635 ut
1605 3579 1837 3651 imperet
1888 3584 2063 3641 solum

486 3657 618 3723 illis,
673 3659 770 3715 sed
836 3663 1001 3718 etiam
1057 3666 1356 3736 requietem
1418 3685 1539 3741 quae
1593 3671 1783 3744 gloriae.
1828 3675 1960 3746 ipsis
2010 3687 2066 3734 ct

486 3748 681 3805 bonori
727 3753 821 3821 sit,
867 3754 1116 3811 donabit.
1169 3756 1479 3830 Hospitium
1523 3764 1669 3819 enim
1720 3776 1937 3836 gratum
1988 3769 2064 3824 illi

484 3849 571 3894 est
606 3852 922 3899 sanctorum
947 3860 1126 3912 mens,
1183 3854 1241 3903 et
1289 3863 1666 3907 connnoratur
1696 3868 1821 3909 cum
1858 3854 2060 3926 dignis,

481 3941 537 3987 et
566 3935 1049 4003 conquiescitcum
1094 3937 1383 3997 animabus
1430 3943 1607 3999 sacris
1653 3944 1835 4015 ipsum
1870 3948 2058 4003 colen-

484 4023 643 4079 tium.
701 4024 856 4094 Quod
884 4028 977 4098 qui
1026 4033 1311 4088 consecuti
1342 4043 1491 4102 sunt,
1528 4035 1614 4092 his
1641 4036 1837 4094 honori
1882 4049 1969 4096 est
2008 4050 2065 4097 et

482 4116 689 4188 gloriae.
741 4119 884 4187 Quid
932 4123 1078 4180 enim
1120 4142 1242 4182 cum
1298 4130 1402 4186 hac
1455 4130 1737 4190 nobilitate
1781 4143 1838 4190 et
1888 4136 2063 4207 gloria

480 4211 872 4269 conferendum
924 4227 1030 4284 est,
1094 4216 1264 4276 Deum
1321 4223 1529 4281 habere
1572 4226 1943 4284 diversantem
2007 4237 2064 4286 et

482 4301 535 4356 in
574 4304 739 4359 corde
780 4305 1167 4367 habitantem?
1199 4313 1317 4369 Erit
1348 4314 1555 4387 itaque,
1604 4319 1765 4375 modo
1806 4320 2061 4388 velimus,

479 4395 646 4449 etiam
704 4397 807 4455 hac
857 4401 1070 4459 ratione
1119 4405 1173 4460 in
1226 4407 1385 4463 nobis
1432 4411 1652 4480 requies
1689 4412 1808 4481 ejus
1836 4413 2058 4471 honor:

2176 552 2367 607 ἐλπίδα
2421 553 2496 625 μή
2534 553 2757 624 ἔχοντες
2800 552 2893 608 καὶ
2921 552 3071 607 ἄθεοι
3101 554 3158 607 ἐν
3187 552 3266 622 τῷ
3293 554 3506 625 κόσμῳ.
3533 554 3665 607 Νυνὶ
3693 555 3747 608 δέ

2175 648 2224 698 οἱ
2249 644 2379 700 ποτὲ
2406 644 2560 708 ὄντες
2585 645 2825 717 μακράν,
2854 643 3153 715 ἐγενήθητε
3182 644 3348 714 ἐγγὺς
3379 646 3439 697 ἐν
3461 643 3540 715 τῷ
3565 645 3745 715 αἵματι

2175 735 2269 790 τοῦ
2302 736 2562 807 Χριστοῦ.
2590 755 2609 789 ι
2646 736 2790 790 Ἀλλ’
2837 738 2886 790 εί
2922 738 3017 791 καὶ
3057 732 3197 808 ἦσαν
3246 735 3459 800 ἐλπίδος
3488 735 3629 806 δίχα,
3660 737 3748 790 καὶ

2174 826 2309 880 Θεὸν
2342 828 2443 881 οὐκ
2463 828 2655 899 ἔχοντα
2686 830 2827 882 κατὰ
2876 828 2968 883 τὸν
3018 828 3246 900 κόσμονο
3281 830 3745 900 προσκεκυνήκασι

2174 918 2285 990 γάρ
2315 922 2427 983 τοῖς
2456 919 2641 992 ἔργοις
2669 919 2777 974 τῶν
2824 920 2970 974 ίδίων
3013 920 3233 991 χειρῶν·
3276 919 3391 974 ἀλλ’
3421 914 3513 973 οὖν
3554 917 3745 989 κεκλη-

2177 1011 2316 1081 μένα
2354 1010 2442 1064 διὰ
2496 1011 2598 1083 τῆς
2628 1012 2863 1076 πίστεως
2895 1014 2975 1075 είς
3017 1011 3313 1080 ἐπίγνωσιν
3358 1010 3454 1064 τοῦ
3496 1008 3744 1080 Χριστοῦ,

2174 1103 2269 1155 καὶ
2287 1102 2379 1155 ὑπ’
2406 1101 2555 1172 αὐτῷ
2581 1101 2869 1167 τέθεινται,
2901 1102 2995 1158 καὶ
3036 1101 3170 1154 Θεὸν
3198 1101 3466 1171 ἐσχήκασι
3488 1098 3575 1152 τὸν
3596 1096 3744 1165 φύσει
3792 1088 3801 1095 ’

2173 1194 2271 1247 καὶ
2315 1192 2560 1263 ἀληθῶς,
2616 1194 2712 1246 καὶ
2750 1192 2852 1263 τῆς
2877 1191 2985 1246 τῶν
3033 1191 3205 1261 ἁγίων
3243 1190 3459 1253 ἐλπίδος
3501 1188 3744 1257 γεγόνασι

2173 1284 2441 1339 κοινωνοί.
2470 1286 2666 1339 Ἔσται
2695 1284 2775 1349 δὲ,
2801 1284 2988 1356 φησὶν,
3017 1286 3050 1356 ἡ
3076 1284 3386 1345 ἀνάπαυσις
3412 1280 3577 1335 αὑτοῦ
3600 1280 3741 1350 τιμή.

2171 1377 2307 1449 Διχῆ
2343 1376 2559 1447 νοήσεις
2611 1376 2674 1430 τὸ
2726 1376 3035 1448 εἰρημένον.
3070 1375 3134 1430 Εί
3168 1374 3269 1446 μὲν
3313 1374 3426 1444 γάρ
3449 1390 3534 1437 τις
3582 1371 3744 1425 ἐλοιτο

2170 1469 2273 1541 τήν
2302 1469 2612 1525 ἀνάπαυσιν
2642 1470 2700 1523 ἐν
2725 1469 2937 1532 τούτοις
2978 1467 3282 1539 ὑποδηλοῦν
3339 1468 3433 1520 τὸν
3480 1468 3539 1520 ἐν
3592 1464 3744 1535 σαρκὶ

2172 1559 2402 1614 θάνατον
2430 1558 2525 1613 τοῦ
2572 1559 2833 1631 Χριστοῦ,
2866 1558 2926 1613 ὃν
2972 1558 3040 1612 δι’
3071 1559 3217 1630 ἡμᾶς
3268 1556 3562 1626 ὑπέμεινεν
3592 1552 3741 1619 ἐκὼν,

2170 1651 2268 1723 οὑχ
2289 1650 2365 1715 ὡς
2399 1651 2624 1706 θάνατον
2660 1650 2967 1722 ὑπομένων,
3016 1650 3129 1721 ζωὴ
3162 1649 3271 1722 γὰρ
3301 1645 3372 1720 ἦν
3395 1646 3538 1703 κατὰ
3570 1645 3739 1715 φύσιν,

2170 1743 2285 1798 ἀλλ’
2305 1738 2416 1797 οἷον
2444 1744 2719 1815 ἠρεμῆσαι
2749 1744 2921 1816 βραχὺ
2943 1743 3046 1815 τὴν
3073 1742 3251 1815 σάρκα
3275 1740 3469 1795 ποιῶν·
3514 1739 3646 1808 τιμὴ
3680 1736 3736 1789 τὸ

2169 1834 2379 1906 χρῆμα,
2409 1837 2503 1889 καὶ
2550 1835 2737 1906 ἕτερον
2759 1835 2932 1891 οὐδέν.
2952 1833 3276 1901 Δεδόξασται
3299 1832 3411 1904 γὰρ
3435 1833 3464 1885 6
3480 1829 3587 1884 τῶν
3611 1830 3736 1883 ὅλων

2168 1928 2360 1999 Σωτήρ
2408 1928 2501 1983 καὶ
2561 1927 2766 1999 Κύριος
2812 1928 2968 1999 ἡμῶν
3003 1925 3231 1999 Ἰησοῦς,
3272 1925 3303 1976 6
3348 1922 3600 1995 Χριστὸς,
3645 1920 3735 1989 τὴν

2167 2022 2308 2093 ὑπέρ
2331 2038 2395 2091 γε
2428 2020 2519 2075 τοῦ
2552 2022 2761 2093 κόσμου
2788 2021 3001 2093 σφαγὴν
3021 2019 3343 2091 ὑπομείνας,
3371 2016 3466 2072 καὶ
3495 2014 3628 2084 ὑπὲρ
3647 2013 3735 2082 τῆς

2165 2111 2422 2167 ἁπάντων
2452 2110 2599 2183 ζωῆς
2629 2111 2916 2183 ἐθελοντής
2964 2110 3202 2174 ἀνατλὰς
3231 2109 3328 2162 τὸν
3362 2107 3609 2162 θάνατον.
3643 2101 3740 2156 Καὶ

2165 2204 2296 2275 γοῦν
2316 2203 2517 2274 ἔφασκε
2550 2203 2689 2276 πρὸς
2729 2204 2822 2259 τὸν
2869 2205 2926 2258 ἐν
2968 2202 3219 2274 οὖρανοῖς
3268 2200 3514 2271 Πατέρα,
3553 2196 3742 2269 μέλλων

2165 2296 2259 2350 ἐπὶ
2286 2296 2377 2350 τὸν
2409 2294 2591 2367 τίμιον
2625 2295 2762 2350 ἰέναι
2830 2295 3083 2368 σταυρόνι
3122 2313 3142 2346 ε
3175 2296 3385 2367 Πάτερ,
3410 2288 3628 2359 δόξασόν
3657 2304 3739 2340 σου

2164 2388 2258 2443 τὸν
2290 2387 2442 2457 Υἱὸν,
2469 2389 2559 2444 ἵνα
2579 2388 2674 2444 καὶ
2702 2391 2731 2443 ὁ
2753 2388 2882 2454 Υἱός
2918 2406 3012 2444 σου
3043 2387 3245 2462 δοξάσῃ
3276 2404 3397 2442 σε.»
3437 2386 3545 2439 Καὶ
3572 2382 3735 2436 πάλιν·

2171 2498 2192 2531 ι
2218 2481 2334 2535 Νῦν
2367 2480 2631 2553 ἐδοξάσθη
2651 2482 2679 2535 6
2698 2482 2828 2547 Υἱὸς
2856 2482 2952 2536 τοῦ
2976 2479 3289 2553 ἀνθρώπου,
3318 2479 3413 2533 καὶ
3434 2480 3463 2531 ὁ
3486 2475 3613 2540 Θεὸς
3639 2473 3739 2526 ἐδο-

2165 2573 2335 2645 ξάσθη
2361 2575 2420 2628 ἐν
2448 2573 2618 2645 αὐτῷ.
2648 2593 2667 2627 ι
2701 2574 2867 2629 Ὅσον
2914 2573 3014 2646 μὲν
3045 2573 3156 2643 γὰρ
3203 2566 3347 2644 ἧκεν
3395 2571 3476 2634 είς
3508 2567 3602 2639 τὴν
3644 2564 3739 2619 τῶν

2166 2665 2599 2737 παυρωσάντων
2635 2665 2919 2731 ἀπόνοιαν,
2967 2663 3063 2718 καὶ
3089 2664 3151 2718 τὸ
3182 2662 3405 2719 ἀνόσιόν
3433 2678 3494 2714 τε
3526 2658 3616 2713 καὶ
3645 2658 3738 2712 ἀπ-

2165 2757 2330 2829 αχθὲς
2358 2758 2689 2831 ἐγχείρημα.
2726 2758 2917 2829 μῶμος
2945 2753 3014 2828 ἦν
3046 2756 3194 2829 αύτῷ
3226 2757 3332 2810 καὶ
3356 2753 3538 2819 ἀδοξία
3568 2752 3626 2804 τδ
3649 2748 3740 2802 πά-

2166 2848 2281 2913 θος.
2318 2851 2508 2921 ᾬοντο
2531 2850 2640 2921 γὰρ
2669 2848 2803 2914 ίσως
2832 2849 2928 2903 καὶ
2954 2850 3054 2921 οὑχ
3076 2848 3270 2903 ἐκόντα
3293 2847 3519 2902 παθεῖν.
3542 2838 3739 2909 Ἐπειδὴ

2163 2942 2222 2996 δὲ
2250 2942 2454 2997 ἀνεϐίω
2478 2943 2778 3007 σκυλεύσας
2797 2942 2890 2997 τὸν
2912 2942 3066 3015 ᾅδην,
3089 2943 3184 2998 καὶ
3202 2942 3285 2996 ὅτι
3310 2942 3552 2996 θανάτου
3578 2936 3739 3010 κρείτ-

2164 3051 2274 3089 των
2306 3035 2454 3089 ἐστὶν
2493 3034 2561 3088 δι’
2608 3033 2777 3089 αὑτοῦ
2807 3034 2901 3089 τοῦ
2933 3037 3262 3108 πράγματος
3315 3035 3629 3105 ἀποφήνας,
3672 3031 3740 3092 εἷς

2165 3127 2332 3197 τιμὴν
2361 3124 2512 3197 αὑτῷ
2538 3127 2634 3180 καὶ
2666 3126 2824 3192 δόξαν
2856 3127 3263 3182 ἐκτελευτῶσαν
3324 3128 3626 3200 εὑρήσομεν
3653 3123 3738 3191 τήν

2166 3216 2261 3271 τοῦ
2291 3217 2619 3289 πράγματος
2652 3218 3130 3273 ἔκϐασιν.ι”Εσται
3162 3218 3373 3285 τοίνυν,
3407 3218 3556 3290 φησι,
3610 3212 3733 3269 κατά

2166 3306 2357 3362 τοῦτον
2399 3308 2491 3362 τὸν
2519 3307 2721 3379 τρόπον
2748 3311 2782 3381 ή
2817 3309 3129 3373 ἀνάπαυσις
3173 3309 3345 3364 αὑτοῦ
3410 3308 3565 3380 τιμή.
3595 3308 3651 3360 El
3684 3303 3733 3356 δὲ

2165 3400 2230 3473 δὴ
2270 3401 2365 3454 καὶ
2391 3399 2593 3473 ἑτέρως
2621 3402 2735 3465 τοῖς
2766 3400 3090 3473 θεωρήμασι
3134 3401 3466 3473 προσϐαλεῖν
3515 3392 3732 3470 βούλοιτό

2166 3510 2273 3557 τις,
2317 3492 2593 3559 ἐκδέξεται
2621 3493 2856 3548 τοιῶσδε
2874 3492 2984 3549 τῶν
3037 3492 3351 3565 εἰρημένων
3382 3494 3480 3565 τὴν
3503 3490 3732 3558 δύναμιν.

2166 3585 2241 3638 Οὑ
2264 3584 2373 3658 γὰρ
2404 3587 2487 3649 εἰς
2521 3585 2710 3640 ἐλπίδα
2767 3585 2937 3657 μόνην
2991 3585 3143 3640 ἔσται
3170 3587 3288 3651 τοῖς
3332 3584 3586 3641 ἐθνεσινό
3612 3582 3730 3652 Χρι-

2167 3677 2786 3749 στὸς,ἀναδειχθήσεται
2836 3678 2895 3732 δὲ
2946 3676 3091 3731 κατὰ
3144 3679 3397 3749 καιροὺς,
3430 3677 3590 3746 ήγουν
3618 3673 3732 3726 ἀνα-

2167 3768 2428 3839 στήσεται
2465 3769 2525 3821 οὑ
2562 3768 2699 3840 πρὸς
2726 3767 2788 3820 τὸ
2848 3768 3119 3842 κατάρξαι
3151 3770 3319 3839 μόνον
3365 3767 3564 3832 αὐτῶν,
3612 3759 3731 3819 ἀλλὰ

2164 3860 2273 3930 γὰρ
2304 3860 2383 3923 είς
2411 3859 2580 3932 τιμὴν
2605 3860 2701 3914 καὶ
2728 3858 2888 3925 δόξαν
2925 3859 3109 3924 αὑτοῖς
3145 3863 3424 3931 χαριεῖται
3451 3859 3547 3929 τήν
3565 3860 3619 3911 ἐν
3646 3853 3735 3908 αύ-

2163 3955 2276 4017 τοῖς
2314 3951 2646 4008 ἀνάπαυσιν.
2699 3954 3060 4024 Ἐνδιαίτημα
3116 3954 3213 4025 μὲν
3247 3954 3363 4027 γάρ
3410 3952 3557 4024 αὐτῷ
3593 3949 3728 4019 φίλον

2161 4041 2271 4095 τῶν
2303 4043 2475 4112 ἁγίων
2517 4044 2547 4097 6
2592 4043 2740 4108 νοῦς,
2774 4043 3119 4110 ἐναυλίζεται
3163 4044 3221 4098 δὲ
3276 4049 3394 4109 τοῖς
3436 4042 3620 4109 ἀξίοις,
3649 4034 3732 4092 καὶ

2163 4130 2504 4185 ἀναπαύεται
2537 4131 2737 4203 ψυχαῖς
2769 4134 2946 4205 ἱεραῖς
2974 4133 3085 4188 τῶν
3121 4134 3434 4205 σεϐομένων
3459 4132 3730 4192 αὑτὸν,καῑ

2161 4223 2276 4287 τοῖς
2304 4221 2530 4299 λαϐοῦσι
2589 4224 2652 4278 τὸ
2691 4225 2881 4297 χρῆμα
2913 4228 3048 4298 τιμή
3091 4226 3151 4281 τέ
3193 4227 3313 4281 ἐστι
3364 4227 3458 4281 καὶ
3509 4217 3730 4290 δόξα.Τι

2160 4314 2270 4387 γὰρ
2295 4314 2362 4370 ἂν
2418 4315 2634 4385 γένοιτο
2682 4318 2996 4373 ίσοστατοῦν
3044 4320 3127 4384 εις
3172 4319 3424 4384 εὐκλείας
3467 4318 3618 4386 λόγον
3645 4309 3729 4365 τοῦ

2161 4406 2296 4461 Θεὸν
2350 4405 2496 4477 ἔχειν
2543 4408 2931 4480 ἐνηυλισμένον
2980 4409 3077 4464 καὶ
3126 4411 3441 4467 ἐνοικοῦντα
3466 4408 3728 4480 καρδίαιςῖ

488 4501 508 4535 ι
548 4486 604 4540 Si
633 4489 778 4543 enim
805 4494 953 4559 quis,
994 4493 1199 4565 inquit,
1257 4499 1440 4556 audiet
1487 4517 1800 4559 sermonem
1848 4519 2052 4570 meum,

2166 4497 2357 4552 Ἔσται
2389 4498 2570 4552 τοίνυν
2604 4501 2699 4554 καὶ
2747 4500 2893 4555 κατά
2928 4501 3117 4556 τοῦτον
3137 4502 3229 4556 τὸν
3257 4504 3513 4575 τρόπονή
3539 4504 3595 4555 ἐν
3614 4498 3730 4567 ἡμῖν

481 4575 671 4645 diliget
694 4591 817 4633 eum
848 4578 1013 4636 Pater
1044 4599 1222 4654 meus,
1252 4597 1310 4644 et
1369 4590 1438 4647 ad
1468 4605 1593 4648 eum
1642 4594 1957 4661 veniemus,
2004 4602 2063 4650 et

482 4661 537 4716 in
566 4676 631 4718 eo
665 4666 1010 4725 manebimus
1045 4671 1116 4728 “.
1150 4691 1169 4727 ι

556 4922 720 4980 Vsus.
766 4926 850 4982 ll.
885 4928 955 4984 Et
980 4932 1081 4989 erit
1110 4935 1196 4991 die
1216 4937 1336 5008 illa,
1374 4949 1551 5011 perget
1586 4940 1841 4998 Dominus
1879 4954 2055 5000 osten-

480 5013 603 5068 dere
633 5031 844 5072 manum
865 5037 1039 5091 suam,
1063 5026 1134 5081 ad
1156 5031 1518 5086 aemulandum
1545 5035 1818 5089 residuum
1844 5039 2049 5106 populi,

479 5107 618 5201 quod
644 5107 884 5201 relictum
916 5114 1079 5183 fuerit
1107 5123 1174 5172 ab
1229 5119 1487 5191 Assyriis,
1521 5133 1572 5178 et
1606 5124 1671 5179 ab
1713 5125 1970 5201 ngypto,
2004 5140 2056 5184 et

479 5194 799 5340 ξιιὸῖίοηὶα,
857 5204 1255 5277 ειιιΕιΙιὶορία,
1301 5222 1350 5266 et
1401 5214 1467 5268 ab
1526 5226 1648 5271 ortu
1686 5194 2056 5286 solisfetvab

531 5303 587 5340 ra
624 5305 697 5340 ta.

531 5303 697 5344 ruma.

552 5462 704 5561 Diem
735 5468 922 5561 itaque
952 5472 1195 5531 nominat
1237 5480 1501 5550 propheta
1553 5485 1641 5541 hic
1685 5497 1901 5559 tempus
1946 5507 2054 5561 quo

481 5551 681 5659 Christi
712 5560 978 5617 adventus
1015 5562 1139 5631 fuit,
1168 5579 1225 5624 et
1254 5570 1667 5643 dispensatione
1717 5551 1841 5636 cuin
1887 5551 2052 5639 carne

2161 4588 2467 4654 ἀνάπαυσις
2486 4590 2653 4645 αὑτοῦ
2674 4595 2786 4656 τοῖς
2808 4593 2955 4660 ἀπαξ
2976 4592 3218 4649 ἐθέλουσι
3248 4595 3408 4667 τιμή·
3445 4613 3464 4647 ι
3486 4593 3607 4648 Ἐὰν
3632 4588 3727 4659 γάρ

2160 4694 2242 4740 τις
2272 4679 2536 4754 ἀκούσῃ.»
2584 4686 2741 4755 φησὶ,
2799 4683 2954 4738 ι’τῶν
2995 4685 3168 4754 λόγων
3196 4704 3324 4757 μου,
3347 4688 3616 4756 ἀγαπήσει
3641 4681 3727 4735 αὑ-

2161 4768 2252 4823 τὸν
2289 4772 2318 4824 ό
2345 4773 2539 4846 Πατήρ
2574 4792 2698 4846 μου,
2735 4776 2831 4830 καὶ
2861 4777 3000 4849 πρὸς
3046 4779 3212 4833 αὐτὸν
3246 4777 3594 4851 ἐλευσόμεθα,
3645 4772 3727 4826 καὶ

2160 4858 2219 4911 ἐν
2246 4859 2397 4931 αὑτῷ
2422 4863 2817 4937 καταλύσομεν.
2848 4884 2868 4918 ι

2228 4951 2343 5007 Καὶ
2370 4953 2541 5008 ἔσται
2566 4955 2636 5009 ἐν
2668 4958 2860 5027 ἡμέρᾳ
2900 4958 3129 5030 ἐκείνῃ,
3168 4962 3505 5032 προσθήσει
3534 4958 3729 5023 Κύριος

2160 5043 2269 5099 τοῦ
2315 5043 2506 5111 δεῖξαι
2558 5047 2673 5117 τὴν
2724 5049 2895 5121 χεῖλοα
2943 5053 3131 5109 αὑτοῦ
3151 5094 3168 5119 ,
3220 5054 3328 5109 τοῦ
3376 5049 3629 5118 ζηλῶσαι
3666 5043 3725 5098 τὸ

2162 5139 2561 5208 καταλειφθὲν
2592 5143 2935 5198 ὑπόλοιπον
2960 5145 3068 5199 τοῦ
3089 5147 3264 5211 λαοῦ,
3296 5143 3329 5197 ὃ
3351 5144 3460 5198 ἐὰν
3476 5142 3729 5197 καταλει-

2159 5224 2288 5298 φθῇ
2319 5228 2439 5283 ἀπὸ
2480 5230 2598 5283 τῶν
2624 5232 2972 5302 Ἀσσυρίων,
3003 5234 3104 5288 καὶ
3143 5233 3263 5289 ἀπὸ
3303 5235 3617 5305 Αἰγύπτου,
3637 5226 3725 5282 καὶ

2164 5317 2550 5386 Βαϐυλωνίας
2592 5323 2692 5376 καὶ
2735 5324 3072 5392 Αἰθιοπίας,
3114 5326 3216 5379 καί
3248 5326 3368 5380 ἀπὸ
3400 5320 3718 5392 Ἐλαμιτῶιύ

2161 5406 2256 5458 καὶ
2288 5406 2408 5461 ἀπὸ
2437 5408 2618 5476 ἡλίου
2646 5412 2983 5479 ἀνατολῶν,
3012 5415 3111 5469 καὶ
3137 5415 3208 5481 ἐξ
3243 5408 3520 5484 Ἀρασίαέ·

2243 5495 2486 5569 Ἦμέραν
2516 5500 2613 5570 μὲν
2634 5495 2730 5556 οὖν
2758 5505 2788 5555 ὀ
2815 5507 3101 5577 προφήτης
3126 5506 3184 5560 ἐν
3206 5505 3413 5568 τούτοις
3441 5504 3530 5557 τὸν
3552 5498 3723 5571 καιρὸν

2156 5585 2435 5658 ὀνομάζει,
2469 5592 2589 5646 καθ’
2628 5593 2689 5648 ὃν
2739 5597 2772 5667 ή
2825 5597 3063 5667 Χριστοῦ
3092 5597 3283 5668 γέγονε
3324 5595 3615 5668 παρουσία,
3639 5592 3717 5644 καὶ

430 5768 451 5807 ί.
561 5702 600 5736 ⁸³
637 5707 829 5782 Ephes.
861 5733 923 5783 tt,
958 5718 1044 5785 Η,
1092 5720 1174 5778 12.
1252 5726 1296 5758 ⁶¹
1326 5726 1479 5788 Joan.
1512 5750 1642 5801 xv",
1686 5738 1735 5792 I.
1815 5737 1857 5770 ⁶⁸
1886 5737 2040 5795 Joan.

2166 5760 2194 5806 I,
2231 5743 2320 5800 ει.
2389 5747 2435 5778 εδ
2468 5746 2621 5803 .Ioan.
2663 5766 2771 5818 xiv,
2812 5753 2902 5809 23.
