4016 6488
396 388 501 444 555

1393 383 1448 436 ὃ.
1493 378 1765 436 CYRILLI
1802 376 2274 434 ALEXANDRINI
2311 375 2628 434 ABCHIEP.

3546 378 3642 432 566

397 503 801 572 intelligendum
834 504 1074 587 videtur,
1100 505 1262 572 Igitur
1307 503 1358 555 in
1395 502 1624 571 navigiis
1654 500 1970 568 alienigena-

2081 499 2209 562 τοὺς
2237 497 2613 570 Διοσκούρους,
2639 495 2811 566 ταύτῃ
2843 495 3022 546 τοίνυν
3043 490 3338 547 ἀκόλουθον
3362 492 3640 563 ἀλλόφυλον

399 611 515 649 rum
541 596 919 658 extendentur,
969 592 1160 662 inquit,
1205 593 1256 645 id
1307 601 1411 656 est,
1463 590 1670 644 celeres
1722 598 1777 642 et
1819 587 1974 657 quasi

399 687 644 741 volucres
670 685 1000 747 transibunt,
1030 693 1085 736 et
1129 684 1516 752 praedabantur
1555 697 1726 736 mare.
1759 679 1850 734 Est
1873 695 1974 732 au-

399 789 500 832 tem
542 777 808 830 familiare
857 774 1152 842 Scriptura:
1189 773 1450 829 divinitus
1487 773 1778 842 ittSpil‘altl',
1826 783 1976 824 mare

395 871 666 942 appellare
704 881 888 939 partes
933 869 1320 934 occidentales,
1360 883 1426 922 eo
1469 869 1614 936 quod
1652 865 1722 920 ibi
1767 864 1971 933 spatio-

395 982 514 1021 sum
571 965 859 1019 admodum
913 965 985 1018 sit
1038 977 1208 1017 mare.
1270 961 1482 1016 Etenim
1539 959 1727 1013 beatus
1781 954 1975 1020 David,

397 1059 561 1112 totius
614 1056 796 1110 mundi
844 1053 1202 1108 architectum
1255 1051 1536 1106 declarans
1604 1044 1986 1102 universitatis

396 1151 560 1204 Deum
605 1167 620 1204 :
660 1166 679 1200 ι
709 1145 1050 1217 Aquilonem.
1091 1162 1111 1195 ι
1148 1143 1342 1212 inquit,
1377 1161 1396 1194 ι
1431 1150 1486 1196 et
1516 1155 1666 1194 mare
1699 1148 1754 1193 tu
1785 1135 1973 1193 condi—

394 1240 518 1294 disti
545 1240 616 1294 ".
659 1259 680 1292 ι
716 1238 868 1305 Quod
894 1247 1076 1291 autem
1099 1245 1154 1289 et
1182 1235 1396 1289 divinus
1426 1233 1638 1298 Petrus,
1665 1241 1720 1285 et
1745 1230 1976 1298 ipsemet

397 1327 600 1381 Paulus
644 1326 1104 1395 sapientissimus,
1144 1321 1566 1377 occidentalibus
1605 1320 1848 1390 partibus
1881 1333 1975 1372 oc—

395 1418 626 1488 cupatis,
689 1416 965 1472 Christum
1027 1413 1488 1478 annuntiaverint,
1545 1425 1705 1465 nemo
1750 1420 1836 1464 est
1881 1408 1973 1479 qui

397 1511 658 1580 ambigat.
713 1507 1178 1578 Depratdabuntur
1228 1521 1375 1570 vero,
1427 1504 1622 1574 inquit,
1662 1513 1718 1558 et
1764 1503 1854 1574 qui
1903 1503 1974 1557 ab

394 1611 516 1656 ortu
539 1601 671 1657 solis
701 1609 849 1667 sunt,
874 1609 930 1656 et
967 1599 1274 1663 lduma'am,
1308 1607 1362 1652 et
1391 1597 1444 1651 in
1479 1595 1742 1652 Moabitas
1781 1610 1973 1650 manus

394 1696 657 1765 injicient.
690 1690 813 1748 Filii
852 1700 1034 1748 autem
1066 1693 1296 1745 Ammon
1328 1687 1486 1759 primi
1517 1686 1792 1742 obedient.
1837 1684 1970 1738 Nam

394 1795 508 1856 post
548 1779 859 1842 Iudaeorum
905 1782 1218 1853 regionem,
1277 1795 1466 1835 cantes
1513 1779 1767 1848 deinceps
1812 1778 1992 1832 ίίιιίιί-·

2080 585 2239 654 εἶναι,
2267 589 2408 642 τοῦτ’
2439 587 2609 654 ἔστιν,
2637 585 3030 654 είδωλολάτρην
3058 585 3158 654 τῆς
3188 583 3323 646 νεὼς
3349 583 3435 636 τὸν
3462 586 3642 640 δεσπό-

2077 701 2194 753 την.
2232 679 2442 735 Οὐκοῦν
2491 682 2548 733 ὲν
2595 679 2799 741 πλοίοις
2847 676 3156 746 ἀλλοφύλων
3202 676 3640 748 πετασθήσονται,

2077 773 2232 845 φησὶ,
2265 771 2410 825 τοῦτ’
2440 771 2578 836 ἔστι,
2611 771 2862 841 δρομαῖοι
2910 770 3004 822 καὶ
3049 769 3318 840 πρόθυμοι
3361 769 3453 826 καὶ
3493 770 3643 823 οἱονεὶ

2079 864 2274 933 πτηνοὶ
2317 862 2686 932 διαϐήσονται,
2716 861 2812 914 καὶ
2855 859 3284 932 προνομεύσουσι
3329 858 3427 930 τὴν
3461 859 3645 916 θάλασ-

2078 953 2371 1018 σαν.“Ἐθος
2410 955 2465 1008 δὲ
2497 956 2562 1024 τῇ
2605 953 2726 1024 θείᾳ
2758 953 2948 1023 Γραφῇ
2973 952 3245 1006 θάλασσαν
3273 951 3556 1004 ἀποκαλεῖν
3583 954 3646 1004 τά

2077 1047 2216 1118 πρὸς
2256 1049 2322 1118 τῇ
2367 1046 2577 1117 ἑσπέρᾳ
2606 1047 2768 1117 μέρη,
2799 1045 2970 1098 διάτοι
2997 1045 3059 1097 τὸ
3089 1044 3294 1114 σφόδρα
3321 1043 3518 1116 πολλὴν
3560 1046 3648 1098 καὶ

2075 1141 2292 1211 εὐρεῖαν
2331 1135 2470 1193 εῖναι
2501 1139 2600 1208 τὴν
2632 1138 2848 1207 ἐκείνης
2877 1137 3172 1190 θάλασσαν.
3203 1137 3312 1190 Καὶ
3339 1136 3468 1206 γοῦν
3499 1138 3527 1189 6
3553 1155 3648 1205 μα-

2075 1234 2266 1305 κάριος
2303 1232 2487 1296 Δαϐἰδ,
2517 1230 2720 1294 παντὸς
2751 1230 2846 1284 τοῦ
2895 1230 3104 1298 κόσμου
3151 1228 3483 1300 δημιουργὸν
3523 1231 3648 1282 ἀπο-

2075 1324 2279 1394 φαίνων
2323 1325 2413 1377 τὸν
2461 1323 2572 1378 τῶν
2615 1323 2753 1376 ὅλων
2787 1323 2948 1388 Θεὸν,
2989 1339 3008 1374 ι
3040 1321 3144 1374 Τὸν
3184 1321 3407 1393 βορρᾶν,
3438 1341 3458 1373 ι
3501 1324 3649 1392 φησὶ.

2080 1437 2099 1470 ι
2128 1419 2222 1471 καὶ
2273 1417 2551 1471 Θάλασσαν
2590 1415 2655 1470 σὺ
2689 1415 2930 1478 ἔκτισας.
2963 1433 2982 1466 s
3015 1413 3136 1468 ’Ότι
3179 1414 3237 1468 δὲ
3282 1414 3378 1468 καὶ
3405 1417 3434 1467 6
3462 1413 3650 1467 θεσπέ-

2077 1527 2188 1572 σιος
2227 1509 2452 1580 Πέτρος,
2488 1508 2582 1563 καὶ
2617 1508 2723 1580 μὴν
2755 1507 2851 1562 καὶ
2881 1507 3046 1571 αὐτὸς
3066 1509 3094 1561 6
3118 1507 3393 1576 πάνσοφος
3423 1507 3647 1571 Παῦλος,

2072 1601 2140 1654 τά
2185 1601 2288 1671 τῆς
2336 1599 2575 1672 ἑσπέρας
2601 1599 3000 1664 καταλαϐόντες
3051 1599 3214 1670 μέρη,
3253 1599 3649 1670 κατηγγέλκασι

2072 1693 2164 1746 τὸν
2198 1692 2430 1764 Ἰησοῦν,
2449 1693 2773 1748 ἐνδοιάσειεν
2797 1691 2862 1752 ἂν
2887 1692 3092 1754 οὐδείς.
3112 1691 3550 1762 Προνομεύσουσι
3575 1691 3649 1758 δὲ,

2077 1787 2230 1859 φησι,
2256 1787 2351 1839 καὶ
2391 1785 2520 1849 τοὺς
2567 1785 2660 1854 ἀφ’
2695 1784 2848 1855 ἡλίου
2878 1782 3175 1846 ἀνατολῶν,
3202 1783 3295 1836 καὶ
3334 1783 3649 1852 Ἰδουμαίαν,

395 1895 495 1932 ma:
551 1887 608 1933 et
656 1876 869 1942 vicinae,
922 1890 986 1930 ac
1041 1875 1206 1930 etiam
1262 1873 1472 1942 longius
1528 1871 1752 1935 dissitas,
1805 1870 1970 1940 plena:

2076 1879 2172 1932 καὶ
2218 1880 2310 1931 ἐπὶ
2359 1877 2535 1932 Ιίἱωάϐ
2579 1877 2678 1941 τὰς
2721 1879 2908 1947 χεῖρας
2954 1875 3329 1931 ἐπιϐαλοῦσιν.
3357 1877 3428 1932 .οί
3469 1875 3525 1928 δὲ
3555 1877 3653 1928 υίοί

392 1975 550 2022 erant
582 1964 906 2030 idololatris,
954 1980 1119 2020 sensu
1163 1973 1219 2020 et
1260 1963 1607 2034 opinionibus
1647 1962 1970 2018 dissidentes

393 2061 460 2114 ab
492 2059 598 2124 his,
629 2058 722 2128 qui
753 2073 922 2112 unum
960 2067 1017 2113 et
1058 2068 1252 2116 natura
1289 2067 1344 2112 et
1388 2071 1514 2112 vere
1565 2056 1732 2111 Deum
1771 2070 1969 2125 cogno-

391 2159 570 2206 scunt.
598 2147 818 2205 Idumaei
848 2149 972 2205 dein
1003 2157 1058 2204 et
1088 2147 1354 2216 Moabitae,
1383 2155 1438 2203 et
1463 2147 1560 2203 lilii
1606 2148 1857 2214 Ammon,
1900 2146 1966 2201 ll-

395 2243 570 2302 nitimi
599 2242 819 2314 quidem
853 2251 1010 2298 erant
1036 2241 1319 2306 lsraelitis,
1363 2249 1419 2297 et
1447 2239 1840 2319 conterminam
1883 2253 1968 2294 re-

393 2337 607 2405 gionem
638 2335 964 2401 incolebant,
999 2336 1371 2390 dissenserunt
1421 2342 1620 2398 tamen,
1669 2341 1725 2387 et
1771 2345 1968 2402 graves

393 2437 447 2484 et
467 2427 848 2500 pugnacissimi
880 2429 1062 2483 hostes
1090 2428 1438 2491 exstiterunt,
1469 2436 1615 2481 astra
1646 2426 1965 2491 adorarunt,

390 2521 650 2592 onmique
690 2521 946 2590 religione
975 2518 1285 2576 Luciferum
1329 2518 1598 2589 prosecuti
1647 2527 1794 2585 sunt,
1835 2518 1967 2572 alio.

395 2629 625 2685 rumque
655 2613 876 2667 deorum
919 2612 1218 2682 principem
1267 2622 1324 2666 et
1373 2611 1672 2666 antistitem
1722 2612 1967 2666 nornina-

395 2707 808 2774 runt.-Quorum
840 2705 1020 2761 animo
1049 2721 1114 2762 ac
1153 2705 1303 2760 cordi
1332 2703 1600 2776 imprimis
1632 2703 1808 2759 illuxit
1844 2717 1968 2759 vere

392 2800 628 2866 Lucifer,
656 2809 714 2854 et
747 2799 835 2853 lux
875 2798 982 2854 diei
1027 2798 1128 2854 sub
1164 2798 1572 2869 intelligentiam
1613 2797 1855 2852 cadentis
1885 2811 1970 2851 re-

390 2893 682 2964 splenduit.
718 2891 852 2946 Nam
899 2891 1127 2961 pristina
1177 2892 1371 2946 nebula
1425 2891 1655 2959 abiecta,
1713 2900 1766 2944 et
1819 2889 1968 2943 cultu

388 2993 658 3040 creatura:
673 2983 786 3052 jam
822 2983 1124 3052 repudiato,
1168 2982 1443 3037 Christum
1493 2982 1878 3048 adoraverunt,
1916 2990 1969 3036 et

382 3077 660 3150 quondam
722 3076 1137 3142 infensissimos,
1182 3075 1347 3146 208
1389 3076 1680 3140 lsraelitas,
1727 3076 1966 3145 inquam,

320 3235 328 3246 .
391 3177 852 3239 mystagogos,-et
903 3182 1180 3222 sacrorum
1237 3167 1542 3234 antistites,
1590 3176 1646 3220 et
1699 3179 1969 3235 praemon—

2083 1971 2140 2023 Ἀ
2150 1969 2312 2040 μμὼν
2345 1969 2552 2041 πρῶτοι
2581 1967 3004 2022 ὑπακούσονται.
3035 1967 3190 2022 Μετὰ
3204 1968 3316 2040 γάρ
3335 1985 3419 2022 τοι
3438 1968 3534 2040 τὴν
3551 1968 3653 2021 τῶν

2084 2061 2350 2116 Ἰουδαίων
2397 2060 2601 2134 χώραν,
2637 2061 2850 2116 ἅπασαι
2897 2059 3084 2113 λοιπὸν
3127 2061 3184 2113 αι
3221 2059 3416 2130 ὄμοροί
3464 2077 3521 2113 τε
3559 2061 3652 2114 καὶ

2071 2154 2329 2223 γείτονες,
2360 2154 2409 2206 εί
2441 2154 2534 2208 καὶ
2562 2151 2643 2206 ἔτι
2671 2152 3026 2224 πορρωτέρω,
3063 2153 3256 2223 μεσταὶ
3289 2153 3390 2223 μὶν
3411 2147 3552 2222 ἦσαν
3579 2153 3652 2205 εἰ·

2069 2245 2445 2318 δωλολατρῶν,
2477 2245 2785 2316 ἀσύμϐατοι
2815 2244 2872 2298 δὲ
2903 2247 3017 2309 τοῖς
3057 2248 3372 2317 φρονήμασι
3418 2249 3531 2308 τοῖς
3568 2245 3654 2298 τὸν

2069 2338 2167 2392 ἕνα
2217 2339 2311 2392 καὶ
2355 2337 2522 2408 φύσει·
2545 2339 2639 2393 καὶ
2672 2337 2886 2410 άληθῶς
2914 2322 3079 2392 είδόσι
3106 2337 3260 2392 Θεόν.
3281 2335 3562 2408 Ἰδουμαῖοί
3597 2353 3652 2399 τε

2071 2434 2167 2485 καί
2193 2433 2504 2496 Μωαϐῖται,
2539 2433 2634 2485 καὶ
2667 2431 2857 2503 μέντοι
2885 2431 3104 2486 καίυἰοὶ
3121 2429 3368 2501 Ἀμμὼν,
3391 2429 3577 2502 ὅμοροι
3597 2446 3652 2481 τε

2068 2518 2208 2593 ἦσαν
2247 2525 2362 2586 τοῖς
2403 2521 2463 2587 ἐξ
2501 2521 2737 2594 Ἰσραὴλ,
2771 2521 2865 2575 καί
2907 2521 3126 2590 γείτονα
3165 2521 3264 2592 μὲν
3307 2520 3657 2592 κατενέμοντο

2070 2614 2276 2686 χώραν,
2303 2614 2550 2685 διάφοροι
2587 2613 2644 2668 δὲ
2669 2613 2877 2676 δεινῶς,
2919 2613 3013 2667 καί
3041 2611 3150 2666 τῶν
3186 2613 3268 2666 ὅτι
3301 2612 3538 2684 μάλιστα
3563 2627 3652 2662 πο-

2068 2707 2439 2776 λεμιωτάτων.
2470 2706 2848 2778 Προσεκύνουν
2875 2705 2933 2758 δὲ
2962 2706 3075 2768 τοῖς
3095 2703 3344 2775 ἄστροις,
3378 2703 3473 2758 καὶ
3499 2704 3564 2758 δι’
3586 2703 3658 2756 αἱ·

2068 2799 2193 2864 δοῦς
2224 2800 2442 2870 ἀπάσης
2474 2797 2756 2853 ἐποιοῦντο
2784 2798 2876 2852 τὸν
2907 2797 3238 2869 Ἑωσφόρον,
3266 2797 3658 2871 πρού[σ]χοντα

2069 2891 2126 2944 δὲ
2163 2890 2272 2943 τῶν
2307 2890 2482 2945 ἄλλων
2513 2891 2822 2946 ἀπεκάλουν
2848 2891 3001 2947 Θεόν.
3020 2892 3162 2946 Ἀλλ’
3183 2893 3378 2957 αὐτοῖς
3403 2892 3499 2947 καὶ
3522 2887 3660 2962 πρώ-

2068 2997 2182 3044 τοις
2212 2980 2442 3044 είς·νοῠν
2475 2981 2569 3035 καί
2595 2982 2824 3054 καρδίαν
2850 2982 3160 3052 ἀνέλαμψεν
3182 2986 3212 3036 6
3237 2983 3466 3056 ἀληθῶς
3501 2984 3658 3036 Ἑωσ-

2071 3071 2271 3142 φόρος.
2328 3073 2423 3126 καὶ
2457 3072 2718 3144 διηύγασε
2768 3075 2866 3145 τῆς
2912 3075 3108 3146 νοητῆς
3151 3075 3382 3146 ἡμέρας
3429 3076 3489 3129 τὸ
3534 3073 3660 3145 φῶς.

2087 3163 2547 3235 Ἀποϐεϐληκότες
2590 3165 2646 3218 δὲ
2692 3164 2792 3236 τὴν
2833 3165 3069 3238 ἀρχαίαν
3095 3167 3323 3238 ἐκείνην
3351 3168 3540 3238 ἀχλὺν,
3574 3167 3660 3218 καὶ

386 3270 649 3314 stratores
686 3259 785 3313 vite
818 3257 890 3314 ad
919 3258 1145 3314 salutem
1184 3257 1527 3328 perducentis
1547 3256 1961 3312 constituerunt.

2075 3255 2128 3308 τὸ
2151 3255 2326 3309 κτίσει
2341 3255 2718 3328 λατρεύεινέτι
2740 3258 3149 3329 παρωσάμενοι,
3179 3261 3656 3332 προσκεκυνήκαστι

385 3350 466 3422 τῷ
492 3348 729 3422 Χριστῷ,
761 3349 856 3404 καί⁵
882 3350 1025 3414 τοὺς
1042 3348 1212 3402 πάλαι
1237 3348 1697 3419 πολεμιωτάτους,
1731 3347 1875 3418 φημὶ
1898 3347 1962 3417 δὴ
1988 3347 2113 3410 τοὺς
2137 3346 2198 3412 ἐξ
2223 3346 2460 3420 Ἰσραὴλ,
2486 3347 2764 3403 ἐποιοῦντο
2791 3351 3184 3420 μυσταγωγοὺς
3217 3352 3317 3407 καὶ
3349 3348 3658 3422 καθηγητὰς

387 3441 506 3496 ὀδοῦ
539 3442 638 3512 τῆς
667 3440 1050 3513 ἀποφερούσης
1082 3440 1484 3511 εἰςσωτηρίαν.

462 3534 622 3592 Vens.
653 3534 744 3600 15,
772 3535 858 3590 16.
904 3532 966 3588 Et
999 3534 1220 3589 vastabit
1249 3534 1509 3590 Dominus
1548 3551 1692 3591 mare
1720 3534 1964 3606 Egypti,

379 3638 432 3683 et
456 3626 770 3681 admovebit
809 3642 1025 3680 manum
1059 3626 1220 3695 ﬂuvio
1252 3627 1444 3696 spiritu
1479 3627 1724 3692 violento,
1755 3637 1803 3682 et
1845 3643 1966 3696 per-

388 3717 982 3787 cutist-septsm-valles,
1014 3729 1067 3770 ut
1091 3728 1324 3773 transeat
1356 3720 1464 3787 ipse
1492 3719 1546 3772 in
1573 3719 1959 3774 calceamentis.
1999 3781 2006 3788 l

391 3807 462 3863 Et
494 3810 595 3864 erit
641 3809 896 3862 transitus
939 3810 1118 3863 relicto
1159 3825 1271 3864 meo
1308 3809 1501 3881 popqu
1535 3813 1587 3865 in
1614 3809 1872 3881 Egypto,
1914 3820 1963 3866 et

387 3903 487 3955 erit
530 3898 744 3968 lsracli,
777 3899 932 3971 quasi
969 3897 1330 3972 όίεοιιιιιαιιὶιο
1363 3919 1598 3974 egressus
1643 3915 1719 3960 est
1759 3923 1787 3960 ο
1822 3915 1964 3959 terra

389 3991 634 4062 Egypti.

457 4166 712 4223 Inventor
746 4177 801 4224 et
841 4175 995 4238 pater
1039 4169 1274 4239 peccati,
1313 4183 1434 4225 cum
1479 4184 1534 4226 tn
1580 4183 1773 4228 omnes
1812 4169 1962 4228 orbis

384 4269 658 4317 terrarum
687 4258 894 4316 incolas
936 4259 1223 4332 imperium
1264 4261 1314 4317 vi
1360 4277 1425 4318 ac
1472 4264 1760 4334 tyrannide
1803 4279 1962 4320 usur-

379 4349 556 4420 pavit,
591 4349 976 4422 hominemque
1000 4359 1154 4408 extra
1185 4361 1340 4422 septa
1373 4353 1618 4410 veritatis
1654 4355 1961 4421 seductum,

376 4442 564 4511 gregis
588 4442 981 4500 daemoniorum
1011 4443 1272 4499 cultorem
1311 4445 1572 4509 reddidit,
1611 4460 1677 4501 ac
1712 4462 1812 4503 suo
1838 4461 1960 4502 eum

381 4532 510 4601 iugo
583 4533 816 4604 subjecit
878 4551 893 4590 :
966 4545 1077 4588 tum
1155 4549 1287 4589 vero
1352 4533 1599 4606 Egyptii
1658 4551 1768 4605 prae
1840 4537 1964 4592 aliis

387 4623 930 4693 superstitiosissimi,
987 4631 1043 4676 et
1087 4623 1140 4676 in
1197 4623 1301 4677 hoc
1358 4624 1609 4680 acerrimi
1657 4625 1964 4696 impigerri-

2142 3531 2253 3587 Καὶ
2289 3531 2652 3602 ἐξερημώσει
2701 3532 2917 3602 Κύριος
2954 3532 3071 3603 τὴν
3112 3534 3443 3591 θάλασσαν
3486 3535 3655 3606 Αἰγύ-

2070 3636 2247 3690 :t'tov,
2303 3623 2402 3678 καὶ
2449 3623 2724 3679 ἑπιϐαλεῖ
2768 3624 2884 3694 τὴν
2929 3625 3097 3696 χεῖρα
3153 3629 3348 3684 αὑτοῦ
3406 3628 3506 3683 ἐπὶ
3559 3625 3658 3681 τὸν

2071 3715 2342 3786 ποταμὸν
2392 3717 2684 3785 πνεύματι
2755 3718 2976 3783 βιαίῳ,
3035 3718 3136 3773 καὶ
3197 3719 3456 3786 aranist
3515 3718 3658 3772 ἑπτὰ

2070 3805 2402 3878 φάραγππς.
2426 3805 2583 3861 ὥστε
2611 3807 3070 3877 διαπορεύεσθαι
3107 3810 3301 3864 αὑτὸν
3337 3811 3409 3865 ἐν
3440 3806 3673 3875 ὑποδύο-

2022 3919 2032 3934 ι
2065 3913 2276 3969 μασιν.
2323 3899 2441 3954 Καὶ
2486 3899 2661 3955 ἔσται
2703 3899 2906 3967 δίοδος
2950 3899 3029 3966 τῷ
3063 3904 3522 3972 καταλειφθέντι
3545 3918 3656 3972 μου

2070 3993 2197 4059 λαῷ
2212 3993 2293 4050 λέν
2317 3994 2606 4063 Αἰγύπτῳ·
2649 3994 2747 4048 καί
2799 3993 2971 4049 ἔσται
3017 3993 3098 4060 τῷ
3136 3996 3389 4067 Ἰσραὴλ
3431 3997 3572 4052 ὠσεί
3617 3997 3656 4063 ή

2071 4083 2262 4153 ἡμέρα
2291 4083 2390 4138 ὅτε
2419 4083 2682 4153 ἐξῆλθεν
2697 4085 2768 4140 ἐκ
2791 4084 2904 4156 γῆς
2923 4087 3248 4157 Αἰγύπτου.

2141 4173 2469 4246 Κεκράτηκε
2501 4173 2598 4244 μὲν
2633 4175 2700 4228 ὲκ
2737 4173 3052 4240 πλεονεξίας
3075 4175 3186 4231 τῶν
3213 4176 3322 4233 ἀμνά
3349 4179 3532 4235 πᾶσαν
3565 4174 3658 4246 τὴν

2072 4264 2163 4317 ὑπ’
2183 4263 2412 4336 οὐρανὸν
2431 4267 2460 4319 6
2480 4265 2581 4336 τῆς
2605 4265 2876 4338 ἁμαρτίας
2899 4265 3126 4340 εὑρέτης
3151 4269 3248 4323 καὶ
3268 4272 3474 4343 πατήρ.
3515 4271 3658 4324 Ἀπο-

2070 4355 2406 4429 ϐουκολήσας
2431 4359 2530 4429 τῆς
2556 4357 2813 4429 ἀληθείας
2833 4357 2924 4411 τὸν
2945 4357 3252 4430 ἄνθρωπον,
3289 4361 3392 4432 τῆς
3414 4359 3523 4415 τῶν
3541 4359 3648 4413 δαι-

2073 4449 2272 4519 μονίων
2302 4450 2505 4522 ἀγέλης
2531 4448 2785 4504 ἀπετέλει
2816 4452 3216 4523 προσκυνητὴν,
3240 4453 3339 4506 καὶ
3365 4455 3481 4515 τοῖς
3514 4451 3655 4510 ἰδίοις

2072 4539 2319 4594 ὑπετίθει
2347 4541 2551 4610 ζυγοῖς
2588 4544 2876 4613 Αἰγύπτιοι
2901 4543 2958 4598 δὲ
2990 4543 3225 4615 μάλιστα
3262 4541 3655 4614 δεισιδαιμονέ-

2072 4647 2254 4686 στατοι
2280 4632 2434 4704 παρά
2454 4635 2581 4698 τοὺς
2613 4635 2805 4699 ἄλλους
2836 4637 2932 4690 καὶ
2953 4637 3116 4691 δεινοὶ
3153 4636 3290 4708 πρὸς
3317 4637 3482 4692 τοῦτο
3506 4632 3658 4704 7816—

387 4712 570 4781 mique
588 4713 946 4768 exstiterunt.
982 4709 1211 4767 Delubra
1233 4709 1378 4767 enim
1406 4711 1611 4779 passim
1639 4721 1693 4765 et
1720 4727 1845 4766 aras
1867 4727 1966 4783 per

2075 4739 2213 4780 νασι.
2250 4724 2464 4796 Τεμένη
2511 4725 2620 4799 γὰρ
2652 4723 2792 4798 ἦσαν
2837 4728 3113 4800 πανταχοῦ
3158 4729 3256 4782 καὶ
3294 4728 3476 4800 βωμοὶ
3521 4724 3658 4784 κατὰ

338 4819 344 4824 '
387 4803 693 4873 regionem,
725 4811 782 4857 et
813 4799 1106 4855 simulacra
1155 4799 1366 4857 inﬁnita
1410 4800 1715 4866 habebant,
1748 4811 1802 4857 et
1827 4815 1958 4856 exa-

2075 4813 2170 4884 τὴν
2211 4813 2394 4887 χώραν
2433 4817 2639 4884 αὐτοῖς,
2685 4819 2779 4890 ἕδη
2825 4836 2885 4872 τε
2931 4799 3120 4891 μυρία,
3173 4819 3270 4873 καὶ
3300 4799 3658 4890 ἀγαλμάτων

387 4898 530 4952 mina
561 4897 866 4968 signorum,
905 4910 1078 4964 eaque
1111 4895 1163 4950 in
1210 4894 1392 4966 adytis
1426 4893 1801 4949 multiformia.
1847 4894 1960 4953 Ad-

2075 4906 2258 4979 ἔσμὺς,
2301 4908 2627 4984 πολύμορφά
2655 4929 2714 4968 τε
2743 4911 2814 4966 τά
2842 4914 2902 4968 ὲν
2929 4915 3135 4984 σηκοῖς.
3166 4913 3656 4985 Προσκεκυνήκασι

383 4996 615 5045 orarunt
640 4987 785 5043 enim
815 4986 1050 5042 volatilia
1080 4995 1134 5040 et
1176 4986 1371 5055 pisces,
1417 4998 1634 5056 capram
1678 4993 1733 5041 et
1765 4999 1918 5044 ovem
1945 5005 1960 5042 :

2075 5000 2182 5071 γὰρ
2228 5005 2451 5074 πτηνοῖς
2497 5005 2592 5058 καὶ
2641 5005 2869 5076 ἰχθύσιν,
2919 5007 3036 5076 αἰγὶ
3084 5007 3181 5061 καὶ
3222 5007 3508 5078 προϐάτῳ,
3567 5002 3658 5057 καὶ

386 5087 445 5134 et
473 5078 674 5133 vitulus
702 5079 769 5134 ab
797 5078 904 5134 illis
937 5079 990 5134 in
1031 5079 1236 5134 honore
1271 5077 1488 5134 habitus
1520 5086 1625 5133 est.
1659 5076 1752 5133 Sic
1783 5089 1960 5134 tamen

2075 5094 2275 5165 μόσχος
2299 5091 2369 5168 ἦν
2391 5096 2453 5150 τὸ
2480 5096 2876 5164 σέϐας-αὐτοῖς.
2914 5099 3076 5154 Ἀλλά
3109 5099 3204 5154 καὶ
3233 5076 3414 5164 οὕτως
3440 5076 3657 5169 ἔχοντας

388 5170 611 5228 allectos
653 5171 837 5227 invisit
871 5171 1034 5238 Deus,
1063 5181 1118 5226 et
1150 5169 1310 5225 simul
1344 5185 1468 5226 cum
1506 5170 1626 5226 aliis
1652 5171 1863 5226 vocavit
1897 5170 1964 5224 ad

2075 5186 2439 5242 ιπεσκέπτετο
2474 5188 2630 5258 Θεὸς,
2670 5191 2768 5245 καὶ
2785 5191 2922 5264 ὁμοῦ
2951 5195 3064 5257 τοῖς
3091 5193 3275 5256 ἄλλοις
3309 5192 3500 5246 ἐκάλει
3527 5188 3658 5258 πρὸς

386 5262 560 5317 lucem
583 5271 638 5316 et
660 5262 728 5314 ad
761 5262 1089 5333 agnitionem
1115 5262 1382 5320 veritatis.
1409 5261 1784 5318 Praedicarunt
1813 5261 1958 5318 enim

2075 5276 2133 5331 τὸ
2173 5277 2308 5347 φῶς,
2350 5280 2445 5334 καὶ
2487 5281 2624 5354 πρὸς
2660 5261 2958 5352 ἐπίγνωσιν
2993 5283 3274 5356 ἀληθείας.
3319 5277 3657 5353 Διεκήρυξαν

386 5358 534 5410 inter
556 5354 678 5410 illos
705 5353 1057 5426 Evangelium
1090 5355 1316 5421 Christi,
1349 5371 1473 5410 cum
1515 5354 1731 5410 Marcus
1774 5358 1964 5411 beatus

2075 5368 2182 5440 γὰρ
2221 5371 2278 5423 ὲν
2311 5372 2449 5443 αὐτῇ
2484 5353 2544 5426 τδ
2577 5374 2906 5444 Εὑαγγέλιον
2937 5373 3032 5428 τοῦ
3070 5353 3308 5448 Χριστοῦ
3343 5373 3574 5444 Μάρκος
3601 5383 3656 5420 τε

385 5445 737 5516 evangelista,
777 5454 888 5500 tum
913 5446 1094 5500 caeteri
1121 5453 1242 5514 post
1277 5445 1426 5500 illum
1453 5445 1568 5500 suis
1602 5446 1958 5516 temporibus,

2075 5460 2100 5512 ὁ
2148 5460 2417 5533 μακάριος
2461 5464 2874 5537 εύαγγελιστὴς,
2919 5467 3011 5520 καὶ
3052 5445 3228 5538 ἕτεροι
3259 5464 3318 5518 δὲ
3350 5463 3471 5535 μετ’
3500 5449 3652 5509 αὐτὸν

381 5537 579 5606 partim
606 5539 696 5606 qui
724 5554 790 5594 ex
822 5537 1170 5593 Hebraeorum
1201 5538 1423 5607 regione
1451 5548 1737 5604 venerunt,
1761 5541 1957 5609 partim

2075 5551 2212 5606 κατά
2239 5555 2482 5622 καιρούς·
2523 5555 2681 5620 τοῦτο
2707 5559 2808 5629 μὲν
2833 5561 2896 5611 ὲκ
2917 5558 3015 5628 τῆς
3047 5537 3317 5629 Ἐϐραίων
3337 5545 3651 5620 ῠρμώμενοι

387 5643 450 5686 ετ
495 5627 622 5697 ipsis
663 5629 752 5698 qui
795 5630 1184 5699 crediderunt,
1223 5631 1391 5689 duces
1439 5632 1854 5703 mysteriorum,
1903 5649 1958 5694 et

2075 5639 2270 5714 χώρας.
2321 5641 2478 5701 τοῦτο
2517 5645 2574 5703 δὲ
2619 5627 2719 5706 καὶὴ
2754 5647 2815 5724 ἐξ
2849 5627 3032 5706 αὐτῶν
3065 5627 3175 5705 τῶν
3205 5637 3651 5704 πεπιστευκότων

451 5783 500 5816 ⁸⁸
531 5781 672 5847 Psal.
703 5799 963 5855 Lxxxvnt,
994 5787 1082 5844 l5.
