4016 6516
367 456 486 522 557
1449 485 1457 489 '
1544 460 1612 529 IN
1651 464 1886 531 ISAIAM
1926 464 2056 534 LIB.
2094 468 2159 533 li.
2199 468 2519 537 TOMUS'L'
3567 472 3673 534 358

367 584 742 658 μυσταγωγοὶ
787 586 882 640 καὶ
913 586 1227 643 διδάσκαλοι
1261 590 1406 646 κατὰ
1433 594 1664 665 καιροὺς
1710 594 1953 651 ἀναδεδει

2091 600 2342 655 doctores
2384 615 2450 656 ac
2492 600 2775 672 magistri,
2811 596 3146 671 temporib‘us
3176 597 3659 670 subsequentibus,

363 678 596 750 γμένοι.
624 680 763 733 Τίνα
802 680 875 751 δὴ
902 680 1108 752 τρόπον
1149 681 1432 738 καὶτοῦτο
1471 685 1857 759 κατώρθωται,
1906 688 1949 742 δε

2089 689 2484 748 efficiebantur.
2509 693 2629 760 Quo
2648 702 2826 750 autem
2851 694 3011 765 modo
3038 692 3143 749 hoc
3165 691 3473 764 perfectum
3488 690 3670 754 fuerit,

364 771 554 825 ειπεῖν
584 771 907 841 ἀναγκαῖον,
928 771 1021 826 τὸν
1043 773 1143 845 τῆς
1166 775 1413 847 ἱστορίας
1435 778 1873 852 κατευρύνοντας
1899 781 1950 836 λέ

2094 781 2375 839 historiam
2408 786 2702 856 aperiendo
2719 786 3007 842 dicendum
3032 795 3136 841 est.
3157 784 3314 842 Prius
3336 782 3481 841 enim
3510 796 3680 855 quam

367 883 488 935 γον.
521 866 669 937 Πρὶν
691 867 791 938 μὲν
807 867 921 939 γὰρ
941 867 1011 922 τὰ
1042 868 1494 941 Ῥωμαίων-κατὰ
1518 872 1740 928 πάντων
1766 873 1953 947 ἰσχῦσσ

2089 873 2321 956 Romani
2376 878 2667 949 imperium
2721 879 2775 934 in
2824 892 3015 935 omnes
3053 879 3395 944 obtinerent,
3444 875 3674 948 singulis

376 960 577 1031 κράτη,
611 957 803 1031 χώρας
829 974 892 1014 τε
922 962 1158 1034 ἑκάστης
1187 962 1321 1019 ῐδιον
1353 964 1588 1037 ἐχούσης
1618 966 1712 1021 τὸν
1739 968 1962 1040 ήγούμε¹

2088 968 2402 1039 regionibus
2439 984 2596 1025 suum
2632 970 2825 1026 ducem
2856 983 2920 1024 ac
2951 983 3132 1040 regem
3163 966 3513 1031 habentibus,
3556 981 3673 1022 ma-

374 1060 484 1116 νσν,
533 1052 663 1122 ἦτοι
696 1050 1076 1123 βασιλεύοντα,
1111 1054 1282 1127 πολλή
1326 1073 1415 1120 τις
1450 1052 1521 1130 ἦν
1552 1059 1666 1123 τοῖς
1702 1057 1918 1114 ἔθνεσιν
1947 1061 1960 1113 1‘

2089 1076 2191 1132 gna
2228 1070 2348 1117 erat
2394 1062 2537 1118 inter
2560 1073 2751 1135 gentes
2782 1063 3055 1119 dissensio
3086 1078 3101 1119 :
3140 1072 3252 1117 tum
3288 1061 3433 1133 quod
3464 1059 3675 1132 praedas

367 1144 645 1216 διἀφορά”
676 1145 845 1200 τοῦτο
865 1146 965 1217 μὲν
982 1148 1066 1201 ὅτι
1084 1147 1181 1203 καὶ
1212 1148 1274 1202 τὸ
1294 1148 1394 1220 τῆς
1426 1138 1727 1221 θρησκείας
1748 1152 1953 1223 ἑτεροῖο

2088 1166 2250 1224 agere
2290 1152 2481 1210 liceret
2515 1153 2715 1225 quibus
2751 1153 2996 1220 iubebat,
3023 1156 3079 1227 et
3110 1152 3247 1208 alios
3276 1152 3496 1208 aliunde
3527 1151 3674 1206 nullo

360 1234 745 1289 ἅνακαέεσθαι
774 1235 981 1308 μεταξὺ
1007 1235 1108 1309 τὴν
1128 1236 1333 1311 ἔχθραν
1350 1240 1610 1305 ἐποιεῖτο,
1636 1240 1797 1296 τοῦτο
1821 1241 1878 1297 δὲ
1903 1243 1946 1297 ὄπ

2089 1243 2524 1314 reprehendente
2560 1244 2821 1315 diripere.
2872 1242 3006 1300 Erat
3049 1244 3236 1314 itaque
3273 1244 3508 1299 maxima
3543 1256 3675 1314 gen-

358 1327 811 1399 ηταληῖζεσθαι
840 1333 956 1396 τοῖς
980 1329 1257 1385 ἐθέλουσιν
1284 1329 1416 1405 ἐξῆν
1440 1332 1531 1387 τὸν
1550 1335 1615 1387 ὲκ
1631 1334 1732 1406 τῆς
1759 1335 1851 1390 ἑτέ
1858 1353 1944 1408 ρας

2090 1332 2217 1389 lium
2254 1334 2401 1390 inter
2434 1350 2494 1392 se
2531 1335 2824 1405 disiunctio
2860 1345 2916 1392 et
2953 1335 3286 1400 dissociatio,
3316 1350 3417 1392 nec
3454 1336 3676 1406 impune

358 1419 743 1494 ἐπιτιμῶντος
799 1423 1035 1488 οὐδενός.
1074 1418 1184 1477 *Ην
1231 1420 1325 1479 οῦν
1368 1425 1566 1510 ἀμιξία
1611 1426 1751 1499 πρὸς
1779 1426 1944 1499 ἄλληλ

2084 1427 2446 1498 capiebantur
2509 1428 2655 1483 intra
2722 1428 2956 1485 aliorum
3017 1428 3297 1500 regionem
3367 1426 3670 1484 constituti.

359 1516 607 1588 πλείστη
633 1516 778 1581 τέως
800 1517 917 1581 τοῖς
942 1515 1142 1580 ἔθνεσι,
1167 1518 1262 1571 καὶ
1284 1518 1346 1571 τὸ
1369 1517 1573 1572 ἁλῶναί
1601 1537 1711 1573 τισι
1740 1520 1840 1591 τῆς
1862 1520 1945 1574 ἑτέ

2086 1518 2286 1576 Verum
2315 1534 2438 1575 cum
2481 1519 2538 1576 in
2562 1518 2754 1578 Omnes
2787 1520 3160 1578 Romanorum
3193 1521 3483 1593 imperium
3517 1521 3672 1576 inva-

362 1623 488 1676 ρων
521 1605 713 1678 χώρας
755 1606 892 1661 εἵσω
931 1606 1214 1677 γεγονόσιν
1242 1609 1343 1662 οὐκ
1377 1609 1633 1680 ἀζήμιον.
1670 1610 1892 1684 Ἐπειδὴ
1924 1611 1948 1665 δ

2088 1613 2297 1681 luisset,
2332 1623 2388 1669 et
2414 1614 2573 1670 unius
2605 1614 2841 1686 imperio
2877 1615 3081 1672 subditi
3113 1616 3181 1671 ad
3226 1614 3405 1688 legum
3429 1631 3568 1685 quas
3597 1614 3674 1671 illi

360 1699 568 1769 ἴσχυσε
615 1699 762 1754 κατὰ
804 1699 1025 1754 πάντων
1052 1701 1085 1771 ἡ
1115 1699 1408 1772 Ῥωμαίων
1440 1698 1605 1774 ἀρχὴ,
1634 1703 1731 1757 καὶ
1764 1703 1854 1774 ὑφ’
1883 1704 1945 1757 ἓν

2087 1706 2328 1764 tulerunt
2359 1723 2610 1764 normam
2639 1708 2825 1764 vivere
2859 1708 3004 1765 docti
3047 1717 3268 1776 essent,
3309 1711 3673 1767 commercia-

360 1792 639 1861 γεγόνασι
665 1794 758 1847 τὸν
787 1792 1121 1866 ἡγούμενον,
1144 1794 1336 1866 νόμοις
1352 1796 1470 1859 τοῖς
1493 1795 1628 1866 παρ’
1650 1796 1832 1852 αὐτῶν
1860 1796 1946 1851 δια

2083 1816 2193 1872 que
2234 1817 2299 1856 ac
2348 1801 2642 1858 societates
2685 1801 2928 1873 gentium
2966 1801 3223 1872 deinceps
3273 1802 3413 1859 citra
3463 1811 3668 1859 metum

362 1884 528 1939 ϐιοῦν
558 1885 942 1958 ἐδιδάχθησαν,
969 1885 1245 1958 ἐπιμιξίαι
1286 1903 1349 1940 τε
1393 1885 1582 1944 λοιπὸν
1620 1888 1679 1942 αί
1722 1889 1863 1962 πρὸς
1890 1890 1948 1943 ἄλ

2086 1892 2227 1951 ultro
2265 1894 2515 1966 citroque
2560 1893 2917 1964 haberentur,
2949 1902 3005 1950 et
3046 1909 3260 1952 summa
3308 1896 3672 1954 mansuetudo

360 1978 511 2051 ληλα
535 1979 648 2034 τῶν
677 1954 854 2035 ἑθνιῦν
884 1954 1176 2051 γεγόνασιν
1205 1982 1405 2051 ἀδεεῖς,
1440 1982 1537 2038 καὶ
1571 1982 1740 2058 πολλὴ
1770 1954 1946 2060 κεκρά

2086 1995 2142 2042 et
2179 1954 2467 2042 clementia
2497 1987 2707 2060 vigeret
2735 2005 2751 2042 :
2783 1954 2916 2043 tunc
2940 1987 3182 2057 quidem,
3217 1995 3348 2043 tunc
3391 1986 3672 2059 evangeli-

363 2083 543 2146 τηκεν
568 2074 873 2146 ἡμερότης·
904 2075 1027 2131 τότε
1055 2075 1143 2149 δὴ,
1171 2077 1291 2131 τότε
1319 2078 1436 2143 τοῖς
1468 2077 1949 2151 εὐαγγελιζομένοι

2085 2080 2339 2137 zantibus
2365 2078 2553 2137 Iesum
2585 2079 2871 2148 transitus,
2901 2093 2995 2136 seu
3030 2078 3118 2135 via
3157 2077 3432 2150 patefacta
3462 2086 3572 2146 est,
3614 2087 3671 2136 ut

360 2168 463 2224 τὸν
496 2167 714 2241 Ἰησοῦν
734 2170 931 2240 γέγονε
957 2170 1148 2239 δίοδος,
1173 2172 1292 2245 ἦτοι
1310 2173 1451 2237 ὁδὸς,
1474 2171 1571 2227 τοῦ
1600 2174 1696 2228 καὶ
1732 2175 1791 2227 ὲν
1817 2173 1946 2245 Αίγύ

2087 2173 2245 2230 etiam
2268 2172 2562 2245 Egyptum
2590 2172 2925 2244 pertransire
2954 2171 3254 2244 potuerint.
3272 2170 3561 2240 Quomodo
3579 2186 3673 2227 au-

364 2272 494 2336 πτῳ
530 2262 799 2319 δύνασθαι
838 2262 1149 2336 παρελθεῖν.
1195 2258 1357 2319 Εἷλεν
1394 2264 1454 2319 δὲ
1489 2265 1611 2320 τίνα
1639 2266 1852 2339 ’τρόπον
1884 2267 1950 2340 τη

2094 2275 2193 2322 tem
2209 2266 2417 2338 ceperit
2434 2264 2811 2339 Egyptiacam
2832 2263 3002 2337 209
3029 2272 3228 2321 terram
3248 2264 3524 2336 Augustus
3552 2262 3680 2320 Cae-

363 2356 696 2427 Αἰγυπτίων
732 2359 763 2414 ὁ
804 2355 1119 2428 Αὔγουστος
1144 2359 1385 2431 Καῖσαρ.
1421 2358 1452 2412 ό
1489 2359 1830 2435 προφητικὸς
1852 2361 1949 2434 ήμῖ

2088 2372 2194 2426 sar,
2228 2358 2547 2429 praphetica
2588 2357 2746 2413 nobis
2785 2356 3179 2427 interpretatur
3215 2355 3413 2412 oratio.
3452 2354 3674 2412 Fluvios

358 2450 725 2524 διερμηνεύει
745 2450 926 2521 λόγος.
965 2451 1025 2507 Ὃ
1056 2451 1157 2525 μὲν
1176 2451 1286 2523 γὰρ
1315 2452 1414 2524 τῆς
1438 2451 1718 2522 Αἰγύπτου
1740 2455 1944 2527 ποταμέ

2083 2451 2228 2506 enim
2249 2449 2493 2521 Egypti,
2516 2457 2570 2505 et
2587 2449 2728 2504 latus
2749 2457 2805 2505 et
2830 2462 3085 2519 magnus,
3109 2447 3384 2518 certisque
3401 2447 3666 2518 tempori-

362 2541 543 2613 εὐρύς
569 2559 633 2595 τε
677 2542 775 2597 καὶ
804 2543 996 2608 πολὺς,
1038 2543 1136 2599 καὶ
1172 2544 1527 2618 πλημμυρῶν
1563 2532 1706 2603 κατὰ
1732 2549 1948 2623 καιροὺς

2088 2541 2186 2596 bus
2207 2541 2499 2607 inundans,
2528 2548 2858 2612 perscptem
2880 2540 3021 2596 ostia
3047 2554 3258 2605 means,
3282 2538 3334 2595 in
3363 2538 3674 2595 mare’vicii

356 2633 437 2688 δι’
465 2634 616 2689 ἑπτὰ
650 2636 942 2705 στομάτων
968 2635 1211 2709 ἔρχεται,
1252 2638 1344 2692 ἁλὶ
1382 2641 1452 2713 τῇ
1492 2640 1705 2710 γείτονι
1737 2640 1801 2696 τὸ
1834 2642 1942 2715 νᾶμ

2084 2653 2212 2693 num
2235 2634 2442 2703 inﬂuit;
2467 2643 2843 2691 verumtamen
2868 2649 2991 2690 cum
3011 2633 3067 2689 in
3080 2633 3330 2704 partibus
3349 2632 3670 2705 paiustrium

360 2727 741 2801 δωρούμενος·
803 2729 1048 2800 γεγονώς
1105 2746 1169 2800 γε
1207 2730 1314 2804 μὴν
1351 2733 1412 2787 ὲν
1461 2735 1577 2799 τοῖς
1629 2735 1823 2808 μέρεσι
1873 2735 1946 2790 τῶ

2085 2729 2365 2784 hominum
2396 2727 2635 2797 exsistit,
2667 2725 2895 2797 paludes
2929 2725 3121 2799 longas
3148 2734 3205 2782 et
3236 2726 3377 2783 latas
3401 2724 3586 2792 eﬂicit,
3620 2735 3671 2782 et

360 2820 563 2875 ἑλείων
596 2821 834 2895 ἀνδρῶν,
862 2822 1063 2895 λίμνας
1082 2824 1344 2879 ἀποτελεῖ
1367 2826 1587 2898 μακρὰς
1619 2825 1716 2882 καὶ
1738 2814 1946 2901 εὐρείας

2083 2831 2337 2879 cunctam
2382 2835 2570 2877 eorum
2618 2831 2822 2878 terram
2871 2821 3128 2889 inundat,
3178 2820 3514 2892 ita-ut'quae
3556 2818 3669 2874 fru-

363 2913 466 2968 καὶ
495 2912 730 2968 ἃπασαν.
749 2913 935 2968 αὐτῶν
954 2912 1241 2981 ἐπικλύζει
1258 2914 1357 2988 τὴν
1376 2915 1501 2988 γῆν,
1539 2916 1686 2973 ὥστε
1722 2920 1819 2974 καὶ
1854 2937 1949 2976 ναυ

2086 2917 2253 2971 menti
2287 2913 2483 2971 fenilia
2505 2923 2649 2982 erat,
2682 2913 2773 2969 ﬂat
2804 2912 3149 2984 navigabilis.
3180 2911 3478 2984 P05lquam
3510 2913 3670 2985 igitur

361 3006 602 3079 σίπορον
644 3001 788 3060 εἶναι
828 3006 931 3078 τὴν
965 3006 1296 3079 πυροφόρον.
1336 3008 1427 3073 Ὧς
1470 3002 1563 3063 οῦν
1608 3009 1639 3062 ό
1669 3007 1947 3079 Αῦγουστο

2097 3008 2360 3078 ﬂugustus
2388 3005 2925 3075 CassarJudazorum
2964 3006 3177 3062 devicta
3209 3013 3378 3073 terra,
3406 3005 3460 3060 in
3501 3005 3683 3072 regio-

360 3100 597 3171 Καῖσαρ
626 3098 731 3170 τῆς
770 3097 1037 3162 ἰουδαίας
1077 3092 1442 3171 κεκρατηκὼς
1467 3094 1604 3172 ἧκεν
1636 3101 1719 3163 εἰς
1749 3101 1851 3173 τὴν
1883 3103 1946 3156 A-l

2085 3115 2206 3156 nem
2243 3100 2630 3172 Egyptiorum
2670 3098 2950 3166 venisset,
2991 3097 3384 3154 existimabant
3422 3098 3541 3170 ejus
3588 3097 3670 3151 in-

358 3190 643 3259 γυπτίων,
676 3190 846 3261 ᾤοντο
876 3190 977 3260 μὲν
1002 3190 1052 3243 oi
1081 3188 1288 3259 ταύτης
1326 3192 1631 3263 οἰκήτορες,
1671 3192 1756 3247 ὅτι
1799 3193 1902 3248 κᾶν
1931 3213 1944 3248 ε

2085 3193 2242 3261 colae,
2266 3194 2434 3249 etiam
2468 3193 2601 3265 ipsis
2625 3192 3059 3264 quiescentibus,
3083 3202 3139 3248 et
3170 3206 3201 3246 a
3227 3191 3371 3248 bello
3397 3191 3671 3261 armisque

357 3282 578 3335 ἕλοιντο
641 3283 1011 3353 κατηρεμεῖν,
1063 3280 1405 3352 ἀποσχέσθαι
1461 3299 1520 3337 τε
1582 3284 1827 3357 πολέμου
1886 3305 1943 3342 κο

2086 3286 2190 3342 sibi
2225 3285 2680 3358 tcmperantibus,
2713 3300 2822 3340 non
2850 3298 3011 3356 posse
3041 3285 3321 3355 regionem
3348 3284 3419 3340 ab
3440 3299 3507 3341 eo
3525 3283 3668 3355 capi,

360 3375 573 3441 ὃπλων,
609 3372 856 3445 ἄληπτον
902 3374 1098 3445 ἐκείνῳ
1122 3375 1225 3446 τὴν
1265 3373 1450 3448 χώραν
1487 3377 1782 3448 ἐργάσεται
1811 3379 1872 3433 τὸ
1898 3379 1946 3433 δι

2084 3378 2239 3451 quod
2288 3376 2518 3434 lacubus
2574 3388 2629 3433 et
2673 3376 2839 3433 ﬂuvio
2885 3376 3219 3450 cingeretur.
3271 3376 3342 3432 At
3384 3386 3670 3448 postquam

373 3465 613 3529 εζῶσθαι
636 3465 862 3537 λίμναις
888 3483 948 3519 τε
982 3468 1079 3520 καὶ
1103 3469 1389 3537 ποταμοῖς.
1428 3464 1647 3541 Ἐπειδὴ
1670 3469 1729 3523 δὲ
1765 3470 1845 3542 τῷ
1872 3469 1959 3523 τῶ⁴

2084 3470 2457 3527 universitatis
2505 3470 2855 3527 dominatori
2880 3468 2995 3525 Deo
3024 3468 3231 3540 placuit
3259 3484 3366 3525 una
3400 3484 3524 3525 eum
3551 3467 3670 3523 aliis

374 3558 518 3613 ὅλων
548 3557 846 3631 κρατοῦντι
881 3557 1003 3630 Θεῷ
1042 3561 1157 3623 τοῖς
1195 3555 1485 3630 Ῥωμαίων
1524 3561 1827 3633 σκήπτροις
1853 3563 1960 3615 ύπο

2085 3564 2246 3618 etiam
2299 3562 2487 3629 hanc,
2539 3560 2921 3632 Egyptiorum
2981 3560 3245 3631 inquam,
3301 3560 3671 3616 Romanorum

375 3650 560 3722 φέρειν
595 3651 777 3705 ἐδόκει
812 3652 908 3705 καὶ
940 3650 1113 3723 αὐτὴν
1155 3651 1296 3723 μετὰ
1332 3652 1441 3707 τῶν
1467 3653 1644 3708 ἄλλων
1677 3656 1779 3725 τὴν
1813 3654 1961 3725 Αἰγυι

2086 3655 2320 3724 sceptris
2341 3653 2881 3718 submiuere,.vento
2908 3651 3059 3710 Noto
3078 3653 3500 3718 violentissimo,
3527 3651 3672 3706 ﬂuvii

370 3745 572 3815 πτίων,
612 3743 807 3816 ἀνέμῳ
837 3743 978 3816 νότῳ
1009 3742 1303 3817 βιαιοτάτῳ
1337 3745 1399 3799 τι
1426 3743 1522 3799 τοῦ
1553 3745 1800 3818 ποταμοῦ
1849 3764 1956 3803 κατ

2102 3748 2222 3804 Inda
2261 3749 2313 3805 in
2350 3762 2502 3804 mare
2539 3746 2782 3819 depulsa,
2821 3746 3038 3819 planam
3091 3753 3260 3801 totam
3314 3744 3591 3813 regionem
3621 3749 3688 3797 et.

358 3840 601 3912 ωθὴσας
644 3838 794 3912 ὕδωρ
847 3837 955 3894 hri‘
987 3837 1104 3912 τὴνι
1127 3838 1406 3895 Θάλασσαν
1430 3880 1444 3906 ,
1484 3838 1720 3912 βάσιμον
1759 3841 1944 3896 ἅπασα

2086 3839 2372 3896 meabilem
2412 3838 2566 3908 i‘ecit,
2595 3847 2656 3893 ut
2684 3839 2775 3909 qui
2812 3837 2964 3895 lacus
2996 3845 3052 3893 et
3079 3836 3272 3902 valles,
3303 3836 3423 3917 sive
3463 3843 3672 3905 septem

363 3934 563 3989 ἐτίθει
638 3933 759 4006 τὴνε
818 3930 1062 4005 χώραν,
1124 3930 1271 3986 ὥστε
1338 3932 1467 3996 τοὺς
1520 3933 1949 4007 διαπεραιοῦσθα

2089 3929 2228 3986 ﬂuvii
2273 3944 2371 3985 ora
2412 3929 2670 3999 trajicere
2715 3927 2946 3995 vellent,
2992 3941 3063 3983 ne
3112 3925 3268 3996 pedis
3323 3924 3442 3990 sui,
3492 3930 3554 3976 ut
3598 3920 3675 3976 sic

361 4026 636 4090 θέλοντας
686 4024 887 4097 λίμνας
951 4041 1009 4078 τε
1053 4023 1167 4079 καὶ.
1194 4022 1366 4087 αὐτὰς
1414 4023 1474 4077 δὲ
1515 4024 1615 4089 τὰς
1661 4026 1947 4097 φάραγγας

2089 4022 2319 4079 dixerim
2342 4061 2385 4091 ,ι
2409 4021 2654 4077 calceum
2718 4020 3014 4077 solverent.
3061 4018 3458 4089 Compianante
3510 4014 3675 4087 igitur

358 4121 493 4192 ἦτοι
511 4118 741 4175 mecura
771 4118 1019 4189 στόματα
1038 4115 1434 4188 scim-cauet"),
1459 4118 1753 4188 μηδ’,ὄςον
1778 4119 1944 4174 simis

2088 4117 2215 4180 Deo,
2250 4123 2306 4170 et
2339 4113 2623 4185 aperiente
2653 4113 2947 4168 transitum
2979 4110 3351 4167 Romanorum
3380 4106 3674 4172 exercitui,

358 4211 652 4267 ἀπολῦσαι
676 4209 773 4265 τοῦ
797 4209 960 4274 ποδὸς
983 4209 1056 4263 τδ.
1069 4208 1348 4279 ὑπόδημα.
1368 4207 1855 4273 Καταλειαίνοντος
1875 4227 1944 4263 τοι

2088 4207 2272 4263 fractae
2300 4215 2431 4263 sunt
2454 4206 2602 4262 vires
2621 4203 3032 4277 Egyptiorum.
3058 4202 3175 4258 Hoc
3200 4215 3391 4257 rursus
3412 4197 3674 4270 propheta

355 4320 468 4361 Vw
499 4304 600 4360 τοῦ
638 4304 775 4360 Θεοῦ
804 4303 909 4372 τὴν
943 4303 1178 4377 πάροδον
1196 4305 1265 4374 τῇ
1296 4302 1587 4373 Ῥωμαίων
1625 4303 1876 4374 στρατιᾷ,
1894 4320 1941 4357 νε

2090 4300 2201 4371 ipse
2253 4313 2354 4354 nos
2404 4298 2596 4363 docet,
2645 4296 2949 4366 inquiens:
2985 4313 3005 4347 ι
3056 4291 3183 4348 Haec
3231 4290 3367 4347 dicit
3416 4289 3676 4363 Dominus

360 4399 631 4469 νίκηνται
655 4395 724 4450 τὰ
742 4394 1083 4466 Αἰγυπτίων.
1103 4392 1276 4449 Τοῦτο
1293 4393 1453 4449 πάλιν
1470 4394 1618 4465 ἡμᾶς
1638 4394 1667 4446 ὁ
1693 4394 1946 4467 προφήτῃ

2088 4392 2325 4449 Sabaoth
2353 4410 2370 4448 :
2398 4389 2467 4445 Et
2485 4391 2670 4447 bibent
2692 4387 2932 4461 Egyptii
2959 4401 3155 4457 aquam
3178 4400 3299 4456 qua:
3319 4383 3474 4454 juxta
3500 4394 3674 4446 mare,

360 4490 637 4546 διδάσκει.
666 4488 845 4559 λέγων
864 4505 880 4521 ο
927 4487 1131 4543 ι’-Τάόερ
1154 4487 1322 4556 λέγει’
1348 4485 1555 4557 Κύριος
1592 4485 1843 4551 Σαϐαὼθ,
1870 4491 1946 4545 Κο

2090 4487 2286 4545 ﬂuvius
2337 4496 2522 4542 autem
2571 4484 2790 4542 deﬁciet
2839 4490 2896 4539 et
2948 4487 3270 4547 exarescet,
3321 4487 3375 4533 et
3419 4474 3676 4531 deﬁcient

362 4584 589 4639 πίονται
615 4580 1150 4654 οίςΑιγύπτιοεῦδωρ
1165 4581 1226 4635 τὸ
1248 4581 1400 4652 παρὰ
1425 4578 1724 4634 θάλασσαν’
1752 4581 1781 4634 ὁ
1808 4579 1867 4634 δὲ
1889 4594 1948 4635 πι

2090 4579 2256 4646 ﬂuvii,
2307 4585 2362 4634 et
2410 4577 2511 4633 rivi
2563 4575 2737 4642 ﬂuvii,
2765 4581 2822 4630 et
2861 4578 3153 4645 exarescet
3199 4568 3379 4627 omnis
3412 4564 3676 4635 collectio

360 4676 551 4749 ταμὶς
577 4675 959 4747 ἐκλείψεῑεκαὶ·
980 4673 1403 4746 ξηρανθήσεται·
1439 4673 1534 4737 aeui.
1562 4671 1946 4743 ἐκλείψουσιν(

2091 4687 2262 4743 aqum,
2298 4671 2463 4727 etiam
2510 4671 2562 4725 in
2608 4667 2758 4723 omni
2798 4665 2992 4738 palude
3034 4661 3233 4718 calami
3278 4671 3333 4716 et
3371 4656 3584 4730 papyri,
3610 4664 3677 4733 et

366 4764 646 4838 ποταμοὶ,
675 4766 774 4819 καὶ
813 4764 871 4818 ai
898 4762 1173 4834 διώρυγες
1215 4762 1311 4817 τοῦ
1347 4760 1618 4834 ποταμοῦ·
1648 4762 1746 4817 καὶ
1784 4761 1952 4835 Εηραν

2095 4767 2219 4821 acbi
2251 4765 2424 4820 viride
2465 4778 2629 4819 omne
2675 4762 2882 4821 circum
2924 4758 3193 4822 ﬂuvium,
3223 4764 3281 4811 et
3321 4767 3483 4809 omne
3532 4752 3676 4822 quod

362 4860 623 4931 θήσεται⁹
656 4858 809 4912 πᾶσα
853 4854 1148 4928 συναγωγὴ
1176 4853 1395 4919 ὕδατος,
1434 4855 1531 4910 καὶ
1573 4855 1633 4908 ὲν
1671 4854 1839 4910 παντὶ
1865 4854 1948 4910 ἕλε

2092 4860 2385 4914 seminatur
2427 4857 2574 4912 circa
2619 4854 2845 4910 ﬂuvium
2878 4861 3092 4908 arescet
3119 4846 3335 4904 aventi
3365 4844 3678 4913 corruptio-

363 4952 629 5023 καλάμου
648 4950 745 5006 καὶ
760 4951 915 5007 παπύ
923 4966 1042 5023 ρου,
1064 4949 1238 5003 καὶτὸ
1258 4948 1350 5020 ἄχι
1369 4948 1433 5003 τὸ
1453 4947 1664 5021 χλωρὸν
1686 4949 1794 5003 πᾶν
1813 4949 1874 5002 τὸ
1891 4950 1949 5005 att'

2092 4963 2153 5004 ne
2173 4948 2240 5001 ⁷⁷.
2274 4967 2294 5001 ι
2323 4946 2574 5003 Vastabit
2602 4946 2787 5015 igitur,
2818 4943 3017 5014 inquit,
3038 4939 3308 4995 Dominus
3332 4951 3485 4992 mare
3505 4932 3678 5007 Egy-

360 5044 488 5117 κλῳ
507 5042 607 5098 τοῦ
639 5043 913 5114 ποταμοῦ,
937 5043 1033 5097 καὶ
1053 5043 1163 5097 πᾶν
1188 5041 1249 5096 τὸ
1280 5040 1641 5113 κειρόμενον
1662 5039 1752 5094 διὰ
1771 5039 1866 5095 τοῦ
1892 5059 1946 5096 πη

2087 5043 2185 5111 pti.
2209 5039 2365 5097 Solet
2393 5050 2574 5095 autem
2610 5033 3109 5108 Scripturadivina
3142 5032 3290 5102 ipsas
3317 5030 3468 5085 lacus
3501 5030 3673 5083 maria

358 5133 554 5208 ταμοῦ
586 5133 993 5206 ξηρανθήσεται
1014 5132 1596 5206 ἐν’ἀνεμοφθορίᾳε-ι-ι
1610 5130 1944 5206 Ἐξερημὼσε

2091 5133 2378 5205 appellare.
2410 5132 2478 5188 Et
2502 5129 2817 5188 admovebit
2844 5143 3065 5184 manum
3092 5123 3280 5189 ﬂuvio,
3315 5121 3513 5194 spiritu
3552 5121 3677 5176 vio-

360 5230 576 5295 τοίνυν,
605 5230 766 5301 φησι,
797 5227 1006 5301 Κύριος
1041 5227 1142 5299 τὴν
1174 5226 1452 5282 θάλασσαν
1483 5226 1784 5298 Αἰγύπτου.
1820 5227 1946 5282 Ἐθο

2092 5227 2253 5284 lento.
2300 5225 2495 5282 Manus
2544 5225 2689 5280 enim
2735 5231 2792 5278 et
2835 5218 3095 5293 potentia
3141 5216 3341 5273 divinae
3377 5230 3516 5288 opus
3553 5228 3678 5270 esse

362 5321 427 5375 δὲ
456 5323 528 5394 τῇ
570 5321 694 5394 θεία
734 5322 953 5393 Γραφῇ,
992 5320 1088 5374 καὶ
1116 5318 1288 5384 αὑτὰς
1314 5318 1416 5384 τὰς
1461 5317 1660 5391 λίμνας
1705 5319 1948 5375 θαλάσσα

2090 5322 2344 5385 dicimus,
2401 5314 2869 5374 vehementissimi
2912 5313 3140 5386 spiritus
3182 5311 3238 5368 in
3294 5323 3465 5381 aquas
3512 5306 3676 5362 indu-

322 5435 331 5443 '
364 5412 697 5468 ἀποκαλεῖν.
719 5413 833 5467 Καὶ
859 5412 1053 5478 ἐπάξει
1077 5412 1180 5484 τὴν
1203 5413 1367 5484 χεῖρα
1391 5410 1558 5466 αὐτοῦ
1588 5412 1682 5466 ἐπὶ
1700 5412 1792 5467 τὸν
1812 5430 1908 5469 ποτ

2093 5415 2349 5472 stionem.
2366 5408 2645 5468 Percussit
2669 5419 2852 5465 autem
2877 5418 3085 5479 septem
3115 5402 3412 5468 convalles,
3441 5400 3545 5473 hoc
3573 5407 3679 5458 est.

366 5501 477 5569 μὸν
502 5501 782 5574 πνεύματι
801 5501 982 5577 βιαίῳ.
1006 5501 1204 5574 Χειρὸς
1217 5503 1327 5573 γὰρ
1349 5501 1672 5575 ἔργονΛγτοι
1695 5502 1950 5574 δυνάμεω

2095 5503 2272 5560 fauces
2296 5510 2346 5559 et
2384 5502 2542 5563 ostia.
2588 5501 2835 5571 adeoque
2865 5495 3186 5559 exsiccavit,
3227 5500 3287 5546 ut
3320 5490 3440 5546 illas
3477 5486 3681 5541 calceis

365 5590 477 5662 τῆς
506 5591 679 5660 θείας,
701 5595 958 5663 γενέσθαι
992 5594 1176 5667 φαμὲν
1204 5594 1302 5650 τοῦ
1332 5594 1640 5666 βιαιοτάτου
1666 5594 1950 5667 πνεύματο

2093 5596 2506 5669 pertransirent.
2553 5591 2728 5661 Tunc,
2761 5591 2959 5664 inquit,
2997 5599 3127 5644 tunc
3168 5585 3276 5641 erit
3320 5578 3586 5657 transitus
3624 5579 3679 5634 in

365 5682 480 5756 τὴν
504 5680 651 5736 κατὰ
688 5686 801 5737 τῶν
839 5687 1050 5741 ὑδάτων
1090 5687 1407 5759 ὲπαγωγήν.
1445 5685 1717 5753 Ἐπάταξε
1743 5687 1852 5759 γὰρ
1881 5681 1951 5745 τὰ

2096 5686 2325 5760 Ευριο
2352 5685 2615 5743 derelicto
2647 5682 2848 5755 populo
2883 5696 3028 5755 meo.
3061 5678 3128 5734 Et
3155 5674 3334 5747 qualis
3366 5671 3584 5728 tandem
3625 5679 3682 5726 et

362 5774 519 5830 ἑπτὰ
549 5774 868 5851 φάραγγας,
903 5778 1047 5831 τοῦ-ἐ
1079 5777 1217 5848 ἔστι,
1250 5779 1321 5835 τὰ
1351 5778 1619 5852 στόματα,
1653 5780 1751 5835 καὶ
1774 5781 1947 5837 ἁποτε

2095 5782 2215 5855 quis
2245 5781 2373 5838 est?
2403 5779 2569 5851 210
2594 5777 2696 5846 Qui
2731 5777 2785 5834 in
2827 5772 2995 5833 israel
3019 5767 3337 5837 credebant,
3376 5766 3444 5824 de
3479 5762 3681 5837 quibus

444 5932 490 5970 ’⁷
512 5937 621 5995 lsa.
655 5953 771 6006 κη,
797 5938 832 5994 5
855 5955 1009 6010 seqq.
