4016 6536
381 403 492 463 3H

1519 410 1586 466 IN
1623 411 1857 468 ISAIAM
1895 411 2027 482 LIB.
2076 409 2138 466 ll.
2177 408 2415 467 TOMUS
2452 411 2494 468 l.

3587 414 3696 472 3&2

381 524 493 593 τῆς
519 519 768 589 διανοίας
804 523 1047 596 ὄμμασιν
1071 524 1384 600 ἀναϐλέψῃς
1428 526 1566 598 πρὸς
1594 528 1657 583 τὸ
1683 529 1832 599 φῶς·
1865 529 1994 583 ὃταν

2102 526 2366 598 spexeris,
2405 543 2527 583 cum
2550 527 2944 600 contemplatus
2971 528 3142 585 fueris
3168 539 3410 586 vocantis
3439 529 3692 600 gloriam.

381 618 510 691 ἴδῃς
542 617 643 672 τοῦ
674 617 1004 690 κεκληκότος
1042 619 1144 691 τὴν
1177 619 1359 687 δόξαν,
1391 624 1486 676 καὶ
1520 622 1600 688 εἰς
1628 623 1882 695 αἴσθησιν
1911 624 1998 677 ὲν-

383 711 580 782 εχθῇς,
619 710 680 778 ἐξ
711 709 841 764 οἴων
885 711 968 776 εἰς
1015 705 1104 765 οἷα
1153 713 1624 786 μτακεχιῦρηκας
1652 716 1955 787 πράγματα
1979 731 1993 746 ·

382 801 485 854 καὶ
519 801 605 854 ὅτι
636 799 823 872 πικρῷ
855 801 1107 875 τυράννῳ
1136 803 1598 876 κατεζευγμένας,
1633 805 1739 873 ἔξω
1778 805 1876 878 μὲν
1898 809 1998 880 τῆς

397 892 604 945 ἐκείνου
650 891 888 962 γέγονας
932 893 1249 961 πλεονεξίας
1269 935 1286 962 ,
1324 896 1638 970 ὑπέδραμες
1663 899 1719 953 δὲ
1749 897 1999 970 τὴνέπι-

400 985 618 1056 κουρίαν
671 984 771 1039 τοῦ
820 985 998 1041 πάντα
1040 988 1316 1061 ἰσχύοντος
1341 989 1477 1045 Θεοῦ
1508 992 1604 1046 καὶ
1639 990 1998 1058 διασώζοντος

395 1079 518 1141 τοὺς
554 1077 912 1144 ἀπολωλότας
937 1098 953 1113 ο
996 1082 1120 1135 τότε
1148 1081 1235 1153 δὴ,
1262 1083 1386 1137 τότε
1414 1083 1630 1156 σεαυτῷ
1661 1084 1726 1156 δὴ
1753 1083 1874 1138 λίαν
1902 1083 1998 1139 καὶ⁵

386 1169 536 1238 μάλα
582 1170 815 1237 είκότως
865 1174 1300 1247 ὲπιγαννύμενος
1353 1177 1734 1249 ἀναφωνήσεις
1777 1177 1954 1246 λέγων
1981 1193 1994 1210 ’

381 1265 693 1339 Εύλογήσω
718 1284 801 1333 σε,
823 1268 1020 1340 Κύριε,
1037 1270 1171 1324 διότι
1191 1271 1470 1344 ώργίσθης
1490 1290 1602 1345 μοι,
1617 1272 1710 1327 καὶ
1726 1271 1997 1345 ἀπέστρε-

374 1358 489 1427 rga;
520 1360 618 1414 τὸν
664 1360 838 1433 θυμόν
880 1380 976 1418 σου
1006 1361 1102 1418 ἀπ’
1131 1364 1289 1436 ἐμοῦ,
1321 1365 1418 1420 καὶ
1446 1365 1688 1439 ήλέησάς
1728 1383 1816 1438 με.
1835 1367 1994 1420 Ἀνα-

375 1451 678 1522 κομίζουσι
720 1454 776 1508 δὲ
823 1454 893 1509 τὰ
925 1458 1278 1530 χαριστήρια,
1312 1459 1406 1513 καὶ
1449 1459 1752 1513 ἀνάπτουσι
1783 1460 1880 1522 τάς
1911 1462 1998 1511 6o-

375 1543 660 1615 ξολογίας,
686 1549 785 1620 οὐχ
810 1549 892 1603 ὅτι
917 1551 1206 1620 γεγόνασιν
1238 1551 1345 1605 ὑπὸ
1375 1551 1527 1605 θείαν
1551 1552 1744 1623 ὀργὴν,
1777 1550 1892 1604 ἀλλ’
1913 1551 1995 1604 ὅτι

375 1640 674 1707 γεγονότες
707 1641 987 1711 ήλέηνται.
1005 1641 1286 1714 Ὠργίσθαι
1306 1643 1363 1696 δέ
1387 1660 1570 1714 φαμεν
1597 1645 1706 1707 τοῖς
1729 1642 1796 1696 τὰ
1817 1641 1995 1698 τοιάδε

373 1730 610 1801 λέγουσι
653 1733 747 1786 τὸν
784 1734 896 1788 τῶν
925 1734 1064 1789 ὅλων
1096 1735 1250 1801 Θεὸν,
1279 1735 1438 1807 δῆλον
1465 1737 1548 1791 ὅτι
1575 1737 1688 1800 τοῖς
1712 1734 1996 1790 εἰδωλολά,

377 1841 566 1896 τραις.
603 1825 705 1880 Διά
751 1827 913 1883 ποίαν
955 1828 1172 1896 αἰτίαν;
1221 1829 1434 1895 Παῦλος
1466 1831 1600 1903 ἡμῖν
1638 1831 1667 1884 6
1703 1829 1994 1894 Θεσπέσιος

2099 627 2153 675 et
2173 621 2240 673 ad
2271 620 2614 676 sentiendum
2644 621 2872 679 redieris
2891 637 2956 678 ex
2983 623 3232 692 qualibus
3265 624 3317 677 in
3347 636 3582 695 quantas
3605 640 3694 679 res

2102 712 2381 778 transisti,
2419 723 2586 783 atque
2629 724 2686 769 ut
2729 725 2784 771 et
2824 715 2892 772 ab
2933 719 3131 771 acerbo
3164 729 3397 788 tyranno
3437 718 3694 786 subjuga-

2101 813 2207 870 tus,
2240 807 2308 860 ab
2337 805 2455 877 ejus
2495 808 2781 878 tyrannide
2805 808 2942 865 liber
3003 808 3180 863 lactus
3208 825 3288 874 es,
3354 819 3411 865 et
3469 810 3539 864 ad
3595 810 3689 866 Dei

2099 906 2292 952 cuncta
2336 901 2591 968 potentis,
2615 900 2707 970 qui
2755 901 2994 969 perditos
3019 913 3330 969 conservat,
3361 918 3519 974 opem
3557 919 3692 958 con-

2100 988 2339 1060 fugeris:
2365 1000 2492 1046 tunc
2519 991 2761 1061 quidem,
2787 1001 2915 1049 tunc
2945 997 3084 1063 apud
3115 1007 3166 1050 te
3201 995 3427 1052 multum
3459 1005 3515 1051 et
3557 1011 3692 1051 sane

2099 1081 2448 1138 meritissime
2473 1082 2739 1154 glorians,
2769 1084 3098 1140 acclamabis
3117 1087 3341 1142 dicens:
3365 1087 3688 1142 Benedicam

2099 1185 2170 1240 te,
2197 1177 2325 1246 quia
2358 1177 2530 1231 iratus
2561 1190 2622 1232 es
2647 1177 2803 1243 mihi,
2841 1187 2896 1232 et
2921 1179 3168 1233 avertiin
3208 1179 3448 1236 furorem
3475 1189 3626 1235 tuum
3659 1197 3686 1234 a

2099 1282 2206 1333 me,
2234 1277 2290 1323 et
2336 1268 2591 1324 misertus
2615 1285 2676 1326 es
2728 1270 2852 1325 mei.
2887 1267 3135 1327 ()ﬂ'erunt
3161 1280 3341 1327 autem
3387 1273 3686 1343 gratiarum

2099 1359 2326 1426 hostias,
2357 1374 2420 1414 ac
2465 1359 2688 1429 gloriam
2729 1361 2992 1426 tribuunt,
3020 1379 3126 1418 non
3169 1363 3310 1434 quod
3363 1365 3457 1420 irae
3493 1365 3687 1419 divina:

2096 1447 2512 1516 subjicerentur,
2545 1452 2639 1506 sed
2673 1467 2796 1506 cum
2821 1452 3052 1521 subjecti
3080 1467 3136 1510 et
3167 1455 3388 1510 obnoxii
3423 1456 3677 1518 fuissent,

2097 1542 2529 1598 misericordiam
2569 1545 2848 1600 consecuti
2902 1556 3049 1601 sunt.
3095 1548 3258 1604 lrasci
3287 1548 3521 1606 dicimus
3560 1552 3686 1604 talia

2096 1633 2440 1705 loquentibus
2479 1636 2853 1692 universitatis
2904 1637 3098 1704 Deum,
3141 1640 3401 1696 videlicet
3461 1642 3685 1695 simula-

2096 1739 2312 1781 crorum
2351 1724 2676 1782 cultoribus.
2712 1729 2883 1794 Quam
2918 1731 2988 1786 ob
3023 1732 3290 1786 causam?
3325 1733 3527 1788 Paulus
3553 1734 3691 1786 divi-

2096 1829 2199 1871 nus
2227 1815 2382 1876 nobis
2411 1817 2640 1887 aperiet,
2659 1818 2881 1874 dicens:
2907 1837 2929 1870 ι
2959 1819 3091 1874 Cum
3113 1821 3440 1877 sedicerent
3466 1821 3686 1892 sapien-

375 1921 648 1990 σαφηνιεῖ
661 1919 983 1992 γεγραφώςο
1018 1941 1035 1972 ι
1055 1923 1361 1987 Φάσκοντες
1389 1917 1531 1978 εἶναι
1563 1925 1716 1994 σοφοὶ
1749 1923 1995 1995 ἐμωράν-

2102 1915 2182 1963 tes
2205 1923 2347 1972 esse,
2392 1908 2643 1964 inl‘atuati
2691 1919 2839 1978 sunt,
2884 1921 2940 1967 et
2984 1920 3270 1995 mutarunt
3315 1914 3548 1985 gloriam
3607 1915 3686 1968 in-

375 2009 584 2080 θησαν.
617 2011 731 2064 Καὶ
766 2011 1072 2082 ἠλλάξαντο
1100 2012 1198 2084 τὴν
1219 2013 1380 2081 δόξαν
1411 2013 1505 2067 τοῦ
1531 2013 1808 2085 ἀφθάρτου
1833 2012 1992 2079 Θεοῦ,

376 2099 442 2152 ὲν
468 2097 786 2170 ὁμοιώματι
819 2101 1030 2165 εἰκόνος
1060 2101 1305 2173 φθαρτοῦ
1335 2102 1648 2176 ἀνθρώπου,
1688 2104 1783 2157 καὶ
1811 2120 1995 2157 uerat.-

319 2211 353 2240 α
378 2189 494 2246 νῶν
519 2191 617 2246 καὶ
633 2193 908 2265 ἑρπετῶν,
926 2195 1019 2249 καὶ
1033 2195 1402 2268 τετραπόδων.
1435 2197 1623 2271 Ταύτῃ
1660 2213 1762 2263 τοι,
1797 2214 1814 2248 ι
1837 2197 1992 2267 φησὶ,

381 2300 408 2334 ο
433 2283 761 2356 παρέδωκεν
795 2287 1000 2351 αὐτοὺς
1021 2289 1051 2342 ὁ
1072 2287 1204 2353 Θεὸς
1231 2291 1313 2353 εἰς
1337 2288 1596 2360 ἀδόκιμον
1626 2287 1774 2354 νοῦν,
1797 2289 1894 2343 καὶ
1916 2288 1998 2353 εἰς

381 2375 537 2449 πάθη
573 2378 803 2450 ἀτιμίας
851 2383 1028 2436 ποιεῖν
1059 2382 1130 2438 τά
1179 2383 1254 2455 μὴ
1292 2383 1623 2455 καθήκοντα.
1655 2402 1674 2436 ι
1702 2384 1764 2438 Ol
1799 2383 1908 2455 γὰρ
1929 2382 1997 2454 δὴ

376 2466 486 2538 τὴν
529 2468 686 2524 θείαν
729 2473 1233 2543 παρασημάναντες
1261 2473 1442 2543 δόξαν,
1481 2475 1575 2529 καὶ
1609 2475 1706 2546 τῆς
1735 2473 1998 2528 ἀνωτάτω

377 2558 609 2628 φύσεως
637 2560 700 2614 τὸ
733 2561 1015 2636 ἐξαίρετον
1039 2564 1234 2630 κάλλος
1256 2569 1374 2631 τοῖς
1399 2566 1575 2631 οὕτως
1599 2569 1836 2639 οἰκτροῖς
1867 2569 1998 2622 ἀνα-

375 2648 576 2714 θέντες
622 2653 914 2724 κτίσμασι,
961 2656 1079 2722 πῶς
1127 2656 1188 2711 οὐ
1238 2658 1445 2730 σφόδρα
1494 2659 1722 2724 εἰκότως
1765 2661 1879 2723 τοῖς
1933 2659 1999 2712 ὲκ

370 2743 542 2808 θείας
586 2745 762 2819 ὀργῆς
801 2749 1103 2820 κινήμασιν
1150 2749 1495 2823 ύπενεχθεῖεν
1527 2752 1626 2819 bi;
1670 2751 1889 2826 Ἐπειδὴ
1916 2753 1997 2819 δὲ,

381 2836 580 2908 φησὶν,
617 2838 976 2912 ἀπέστρεψας
1005 2840 1100 2897 τὸν
1141 2843 1313 2916 θυμόν
1353 2860 1470 2910 σου,
1498 2844 1738 2918 ἡλέησάς
1784 2862 1852 2917 με
1885 2844 2000 2918 (κέ-

381 2927 606 3000 νλημαι
653 2931 765 3005 γάρ
812 2934 894 2999 εἰς
937 2934 1236 3006 ἐπίγνωσιν
1263 2935 1354 2991 διά
1383 2937 1640 3004 πίστεως,
1663 2939 1724 2992 ού
1766 2940 1908 2993 κατά
1931 2939 2000 2994 τά

374 3022 524 3095 ἔργα
546 3023 585 3079 ἀ
607 3026 954 3100 ἐποιήσαμεν
975 3030 1159 3100 ἡμεῖς,
1184 3031 1328 3085 καθά
1347 3031 1680 3103 γέγραπται,
1701 3032 1836 3087 ἀλλά
1861 3032 2002 3086 κατά

369 3117 442 3170 τὸ
485 3117 630 3172 πολὺ
658 3118 830 3173 αὑτοῦ
861 3119 1056 3194 ἐλεος)·
1088 3122 1260 3196 ταύτῃ
1289 3141 1394 3190 τοι,
1417 3124 1601 3196 φησὶν,
1635 3127 1718 3190 εἰς
1747 3125 2000 3197 αἴσθησιν

376 3209 484 3280 τῆς
526 3212 953 3285 μεγαλοδωρίας
985 3215 1373 3287 ὲνηνεγμένος,
1394 3217 1778 3289 ἀκατάληκτον
1824 3234 1997 3291 προσ·

369 3268 638 3358 ώσω-σοι
665 3305 770 3377 τὴν
804 3268 1139 3377 έοξολογίαν,
1160 3268 1264 3362 ’,ἐάὶ
1292 3268 1372 3380 ὲὲί
1389 3268 1795 3383 attgeris;
1817 3268 1999 3374 33.3.
2026 3268 2071 3330 C

387 3411 515 3465 μου,
549 3397 756 3470 Σωτήρ
783 3415 888 3469 μου
918 3400 1146 3472 Κύριος,
1185 3401 1464 3467 πεποιθὼς
1499 3402 1697 3474 ἔσομαι
1729 3403 1817 3456 ἔπ’
1849 3400 2000 3473 αύτῷ

389 3487 490 3542 καὶ
523 3489 848 3563 σωθήσομαι
897 3493 956 3546 ὲν
1010 3493 1183 3566 αὐτῷ.
1226 3493 1405 3549 Πάλαι
1445 3495 1546 3566 μὲν
1589 3494 1698 3566 γάρ
1727 3493 1908 3562 ξύλοις
1937 3511 1999 3548 τε

395 3579 494 3634 καὶ
525 3580 690 3647 λίθοις
719 3585 1180 3656 προσπίπτοντες,
1205 3589 1302 3644 καὶ
1323 3591 1438 3652 τοῖς
1458 3589 1807 3660 ἀναισθήτοις
1828 3588 1998 3658 ἀγάλ-

387 3689 526 3743 μασι
539 3677 1004 3750 προσκομίζοντες
1025 3678 1238 3749 θυσίας,
1261 3679 1534 3745 σώζεσθαι
1563 3680 1833 3736 διἀύτῶν
1863 3697 2000 3752 παρ-

381 3765 646 3823 εκάλουν.
682 3769 908 3843 Ἐπειδὴ
942 3771 1003 3826 δὲ
1046 3771 1180 3826 Θεὸν
1223 3770 1536 3843 ἐγνώκασιν
1576 3772 1669 3829 τὸν
1717 3773 1997 3846 ἀληθινὸν,

374 3861 513 3927 τοὺς
533 3861 930 3938 ψευδωνύμους
964 3865 1390 3938 παρωσάμενοι,
1417 3868 1583 3922 αὐτόν
1612 3883 1674 3922 τε
1706 3867 1802 3922 καὶ
1837 3868 1998 3939 μόνον

380 3957 848 4013 καταδεικνύουσι
895 3957 1174 4028 λέγοντες’
1216 3959 1348 4014 Ἰδοὺ
1395 3961 1424 4013 6
1471 3960 1606 4024 Θεός
1652 3977 1758 4031 μου
1802 3960 1998 4032 Σωτήρ

379 4069 497 4122 μου
549 4052 780 4124 Κύριος.
823 4052 939 4106 Οὐκ
972 4052 1068 4106 ἐπὶ
1101 4051 1283 4118 ξύλοις
1326 4051 1408 4107 ἔτι
1451 4053 1547 4110 καὶ
1592 4052 1762 4118 λίθοις
1801 4052 1998 4124 ἔσομαι

378 4144 696 4211 πεποιθὼς,
751 4144 938 4214 φησὶν,
973 4144 1090 4198 ἀλλ’
1129 4147 1216 4200 ἐπ’
1245 4145 1397 4218 αὐτῷ
1424 4147 1520 4202 καὶ
1569 4147 1739 4218 μόνῳ,
1788 4147 1884 4202 καὶ
1927 4145 1997 4201 δι’

375 4236 570 4292 αὑτοῦκ
614 4237 960 4310 σωθήσομαι.
993 4238 1115 4294 Κᾶν
1159 4240 1190 4293 6
1240 4238 1408 4294 πάλαι
1449 4239 1856 4311 πλεονεκτήσας
1903 4240 1998 4295 καὶ

377 4331 755 4402 συναρπάσας
797 4333 880 4395 εἰς
921 4330 1172 4401 πλάνην,
1207 4324 1579 4404 προσέρχεται
1607 4330 1770 4386 πάλιν
1798 4330 1996 4403 πειράο

379 4423 496 4492 ζων
528 4425 628 4478 καὶ
666 4425 995 4496 μαχόμενος,
1029 4425 1278 4496 Νικήσω,
1309 4425 1495 4495 φησιν,
1530 4426 1613 4480 ὅτι
1659 4426 1693 4496 ή
1739 4423 1868 4490 δόξα
1893 4440 1997 4496 μου

379 4519 484 4575 καὶ
513 4521 550 4590 ή
577 4520 784 4583 αῖνεσίς
814 4538 916 4590 μου
955 4519 1178 4591 Κύριος.
1197 4520 1362 4590 Ὁρᾷς
1391 4521 1542 4584 ὅπως
1572 4517 1882 4588 ἐγνώκασιν
1909 4519 1994 4573 ὅτι

381 4614 665 4684 σωτήριον
692 4617 884 4685 χρῆμα
920 4614 983 4667 τὸ
1007 4613 1337 4684 δοξολογείν;
1369 4632 1391 4666 t
1421 4613 1596 4667 Θῦσον
1625 4633 1644 4667 t
1675 4613 1807 4686 γὰρ,
1837 4614 1994 4685 φησὶ,

387 4725 407 4756 ι
438 4707 522 4776 τῷ
543 4706 664 4776 Θεῷ
687 4708 879 4761 θυσίαν
905 4707 1303 4774 αἰνέσεως,καὶ
1322 4708 1522 4772 ἀπόδος
1548 4707 1881 4779 τῷὟψίστῳ
1895 4708 1996 4774 τὰς

375 4800 558 4870 εὐχάς
588 4816 703 4853 σου.
729 4819 752 4851 ι
785 4801 918 4866 Καὶ,
948 4819 967 4852 ι
991 4799 1369 4864 Ἐπικαλέσεις
1393 4817 1460 4872 με
1478 4801 1535 4854 ἐν
1560 4801 1745 4873 ήμέρᾳ
1761 4800 1996 4872 θλίψεώο

380 4909 509 4956 σου,
536 4892 634 4946 καὶ
660 4892 953 4964 ὲξελοῦμαί
987 4909 1070 4957 σε,
1099 4893 1195 4947 καὶ
1224 4892 1472 4958 δοξάσεις
1503 4909 1592 4964 με.
1631 4911 1650 4945 ι

455 4984 575 5040 Kal
627 4986 978 5053 ἀντλήσατε
1011 4987 1170 5058 ὓδωρ
1197 4989 1326 5058 μετ’
1357 4986 1746 5056 εὐφροσύνης
1779 4987 1849 5042 ἐκ
1881 4985 2002 5042 τῶν·

380 5077 607 5149 πηγῶν
634 5080 742 5134 τοῦ
774 5073 1101 5149 Σωτηρίου.

457 5173 756 5246 Φιλότιμος
782 5178 809 5230 ὁ
836 5175 1142 5246 κεκλήκὼς,
1175 5175 1396 5246 ἕτοιμος
1425 5175 1505 5238 εἰς
1537 5173 1808 5229 ἀντίδοσιν
1831 5174 1860 5227 6
1887 5173 2002 5228 δια-

381 5268 580 5333 σώσας
612 5269 767 5335 Θεὸς,
800 5269 1087 5340 εὐεργετεῖ
1126 5269 1256 5332 τοὺς
1301 5267 1706 5338 ὲπεγνωκότας,
1742 5265 1910 5331 θείοις
1941 5283 2002 5320 τε

383 5361 487 5414 καὶ
521 5364 920 5430 πνευματικοῖς
961 5361 1356 5431 κατευφραίνει
1392 5359 1663 5422 πλουσίως
1690 5360 1817 5422 τοὺς
1851 5357 2001 5425 δοξο-

384 5451 694 5522 λογοῦντας
739 5453 1130 5526 αύτόν.Ἀθρει
1159 5452 1272 5524 γὰρ
1297 5454 1447 5517 ὅπως
1475 5453 1525 5506 οἱ
1559 5451 1657 5522 μὲν
1685 5449 2000 5522 ὡμολόγουν

383 5545 821 5616 λέγοντεςσΊδοὺ
862 5549 892 5600 6
935 5548 1069 5613 Θεός
1112 5551 1237 5619 μου,
1271 5548 1467 5621 Σωτήρ
1508 5564 1612 5618 μου
1643 5547 1872 5618 Κύριος,
1901 5561 2001 5599 πε-

387 5638 605 5702 ποιθὼς
636 5640 835 5712 ἔσομαι
878 5641 967 5696 ἐπ’
1014 5641 1184 5712 αὐτῷ·
1216 5643 1245 5695 6
1281 5642 1338 5695 δὲ
1369 5640 1738 5713 παραχρῆμα,
1769 5638 1865 5694 καὶ
1893 5655 2000 5708 πη-

390 5731 502 5800 γὰς
550 5730 736 5796 αὐτοῖς
791 5733 887 5786 καὶ
925 5731 1070 5804 ὕδωρ
1122 5733 1520 5804 ἐπαγγέλλεται
1549 5731 2000 5805 σωτήριον.Ἔδει

2096 2000 2464 2071 corruptibilis
2518 2002 2610 2058 Dei
2672 2002 2736 2057 in.
2780 2003 3195 2061 similitudinem
3229 1993 3505 2076 “imaginis
3566 2020 3688 2064 cor-

2099 2093 2372 2164 ruptibilis
2416 2093 2672 2162 hominis,
2704 2103 2760 2152 et
2792 2096 3118 2162 volatilium,
3155 2107 3212 2153 et
3253 2099 3685 2168 quadrupedum,

2107 2193 2164 2240 et
2207 2185 2500 2256 reptilium.
2554 2187 2872 2259 Propterea,
2932 2207 2953 2242 ι
3020 2190 3218 2259 inquit,
3270 2191 3538 2245 «tradidit
3592 2205 3687 2246 eos

2099 2277 2242 2334 Deus
2267 2278 2322 2333 in
2349 2280 2640 2350 reprobum
2672 2291 2983 2349 sensum,et
3013 2284 3066 2337 in
3088 2282 3418 2354 cupiditates
3449 2283 3686 2353 ignomi-
3744 2311 3750 2315 -

2099 2367 2306 2436 niosas,
2351 2380 2412 2426 ut
2455 2372 2660 2428 faciant
2699 2387 2823 2443 quae
2867 2389 2974 2430 non
3007 2375 3202 2431 decent
3225 2376 3291 2432 τ’.
3324 2394 3342 2430 ι
3389 2375 3490 2444 Qui
3541 2376 3689 2430 enim

2099 2461 2338 2517 divinam
2369 2463 2744 2520 adulterarum
2791 2466 3042 2539 gloriam,
3076 2476 3131 2524 et
3159 2483 3429 2538 supremae
3477 2481 3692 2523 naturas

2100 2554 2454 2612 excellentem
2481 2557 2942 2628 pulchritudinem
2987 2561 3129 2616 adeo
3170 2561 3387 2616 miseris
3419 2563 3689 2616 creaturis

2100 2649 2486 2717 attribuerunt,
2514 2667 2694 2706 annon
2715 2651 3025 2720 iustissime
3055 2652 3251 2710 divina:
3279 2654 3375 2710 ira:
3409 2654 3688 2719 severitati

2102 2739 2729 2810 subjicerenturLCum
2773 2753 2973 2810 autem,
2992 2745 3096 2811 ait,
3155 2746 3399 2801 avertisti
3450 2745 3688 2802 furorem

2104 2843 2276 2900 tuum,
2339 2834 2596 2892 misertus
2647 2851 2708 2893 es
2764 2837 2869 2893 mei
2926 2837 3124 2909 (vocati
3181 2838 3326 2893 enim
3371 2853 3561 2894 sanius
3617 2839 3686 2892 ad

2102 2925 2433 2993 agnitionem
2467 2941 2566 2998 per
2591 2927 2750 2983 ﬁdem
2787 2942 2803 2982 :
2856 2943 2963 2983 non
2994 2943 3061 2983 ex
3097 2929 3356 2996 operibus
3390 2943 3513 2998 qua:
3559 2929 3691 2984 feci-

2106 3033 2224 3074 mus
2246 3033 2368 3084 nos,
2401 3020 2544 3075 sicut
2576 3021 2838 3090 scriptum
2881 3029 2968 3076 est
2996 3019 3067 3086 ⁸⁸,
3097 3020 3260 3092 212
3292 3021 3386 3076 sed
3426 3035 3492 3076 ex
3523 3019 3688 3074 multa

2103 3107 2223 3178 ejus
2254 3109 2674 3182 misericordia),
2699 3109 2928 3179 idcirco,
2955 3110 3152 3181 inquit,
3185 3112 3252 3165 ad
3277 3110 3688 3181 intelligentiam

2107 3211 2211 3257 tua:
2249 3202 2686 3273 magniﬁcentia}
2710 3203 3028 3274 perductus,
3060 3203 3280 3258 assidue
3324 3203 3559 3257 tribuam
3595 3202 3688 3255 tibi

2100 3293 2328 3365 gloriam
2357 3304 2414 3350 et
2437 3293 2642 3362 laudes,
2668 3305 2721 3350 et
2753 3294 2932 3351 dicam
2963 3309 2978 3347 :
3010 3295 3150 3351 Ecce
3185 3293 3330 3350 Deus
3357 3308 3532 3359 meus,
3559 3293 3690 3348 Ser-

2102 3395 2258 3442 vator
2293 3401 2449 3443 meus
2501 3385 2785 3453 Dominus,
2820 3386 3086 3442 conﬁdam
3134 3385 3209 3453 ci,
3249 3395 3304 3440 et
3334 3385 3517 3440 salvus
3571 3400 3688 3439 ero.

2101 3477 2384 3546 Quondam
2430 3480 2576 3535 enim
2613 3478 2774 3550 lignis
2807 3479 3185 3550 lapidibusque
3220 3480 3602 3550 procidentes,
3639 3491 3686 3531 et

2101 3569 2432 3643 imaginibus
2491 3584 2658 3627 sensu
2703 3571 3020 3627 carentibus
3059 3571 3358 3627 offerentes
3397 3568 3691 3631 sacrificia,

2099 3660 2306 3716 servari
2357 3674 2456 3730 per
2503 3659 2594 3715 illa
2646 3661 2932 3732 rogabant.
2961 3661 3030 3716 At
3059 3672 3378 3734 postquam,
3406 3659 3518 3716 Deo
3550 3675 3681 3715 vero

2100 3753 2319 3826 agnito,
2345 3753 2483 3810 falso
2506 3753 2817 3811 nominatos
2844 3756 3230 3828 profligarunt,
3264 3755 3412 3811 illum
3430 3764 3486 3810 et
3508 3754 3686 3810 solum

2101 3849 2504 3915 demonstrant,
2539 3846 2825 3905 dicentes:
2860 3849 3002 3906 Ecce
3033 3849 3179 3906 Deus
3221 3864 3393 3915 meus,
3427 3846 3691 3903 Servator

2100 3953 2253 3994 meus
2284 3936 2704 3994 Dominus..Non
2737 3937 2849 4010 jam
2890 3937 3072 4008 lignis,
3099 3953 3203 3993 non
3232 3936 3502 4008 lapidibus
3530 3934 3691 3990 ﬁdam

2101 4029 2352 4101 amplius,
2391 4029 2587 4100 inquit,
2616 4029 2710 4086 sed
2761 4030 2814 4085 in
2863 4045 2951 4097 eo,
2983 4039 3040 4085 et
3064 4030 3284 4100 quidem
3323 4029 3460 4092 solo,
3503 4036 3557 4081 et
3595 4041 3694 4094 per

2101 4124 2281 4195 ipsum
2339 4124 2624 4178 servabor.
2659 4122 2726 4177 Et
2760 4121 2887 4178 licet
2943 4122 3037 4194 qui
3090 4124 3220 4178 olim
3269 4120 3522 4190 spoliavit
3552 4127 3608 4172 et
3639 4118 3691 4171 in

2099 4229 2342 4272 errorem
2379 4215 2637 4285 abripuit,
2655 4229 2844 4270 rursus
2867 4215 3078 4270 accedit
3106 4222 3319 4270 tentans
3337 4221 3392 4268 et
3412 4225 3658 4282 pugnans
3676 4249 3693 4274 ,

2103 4306 2332 4364 Vincam
2369 4318 2578 4376 tamen,
2603 4307 2803 4377 inquit,
2843 4307 2972 4378 quia
3008 4307 3185 4378 gloria
3215 4321 3335 4362 mea
3366 4315 3424 4360 et
3450 4302 3694 4358 laudatio

2102 4413 2223 4456 mea
2279 4400 2564 4457 Dominus.
2597 4397 2794 4454 Viden‘
2833 4399 3110 4470 quomodo
3161 4397 3414 4452 noverint
3451 4395 3694 4451 salutare

2100 4506 2244 4560 esse,
2269 4492 2454 4560 laudes
2477 4507 2674 4548 canere
2690 4504 2756 4547 ac
2782 4490 3122 4562 gloriﬁcare?
3149 4508 3168 4543 ι
3189 4488 3452 4544 Sacriﬁca
3476 4506 3498 4539 ι
3521 4486 3690 4552 enim,

2031 4615 2073 4672 υ
2103 4583 2300 4655 inquit,
2335 4601 2354 4637 ι
2395 4583 2505 4640 Deo
2540 4583 2871 4640 sacriﬁcium
2907 4582 3105 4650 laudis,
3131 4592 3188 4638 et
3221 4581 3386 4637 redde
3409 4579 3694 4634 Altissimo

2103 4687 2227 4734 vota
2260 4688 2350 4733 tua
2378 4677 2461 4743 ⁶¹;
2500 4697 2520 4732 ι
2558 4684 2614 4734 et
2645 4699 2656 4734 :
2690 4695 2708 4730 ι
2734 4675 3019 4732 lnvocabis
3065 4690 3153 4731 me
3180 4675 3232 4730 in
3268 4674 3359 4730 die
3388 4672 3696 4730 afllictionis

2108 4777 2234 4838 tute,
2271 4777 2329 4826 et
2358 4769 2592 4840 eripiam
2620 4777 2695 4834 te,
2727 4776 2785 4825 et
2811 4766 3144 4838 gloriﬁcabis
3169 4779 3259 4822 me
3286 4763 3355 4820 ⁸³.
3385 4781 3406 4815 ι

2171 4991 2337 5049 Vens.
2372 4992 2425 5048 3.
2459 4989 2526 5046 Et
2549 4991 2758 5047 haurite
2781 5006 2974 5063 aquam
2996 5006 3116 5044 cum
3145 4987 3335 5044 laetitia
3372 4987 3437 5042 de
3463 4985 3697 5057 fontibus

2103 5085 2400 5144 Saluturis.

2172 5176 2456 5234 Gloriosus
2496 5175 2583 5232 ille
2630 5175 2726 5246 qui
2757 5173 2994 5241 vocavit,
3049 5181 3336 5245 promptus
3385 5180 3444 5227 et
3479 5179 3701 5243 paratus

2101 5266 2170 5322 ad
2199 5265 2722 5334 remunerationem,
2740 5265 2834 5338 qui
2857 5265 3210 5323 conservavit
3235 5266 3400 5330 Deus,
3424 5263 3702 5320 benefarit

2107 5360 2552 5432 agnoscentibus,
2611 5368 2665 5414 et
2697 5358 2869 5431 gloria
2921 5359 3245 5415 decorantes
3278 5357 3456 5428 ipsum
3500 5355 3702 5410 divinis

2107 5463 2272 5525 atque
2304 5451 2639 5523 spiritalibus
2676 5453 2832 5508 donis
2877 5452 3086 5507 affatim
3115 5450 3404 5509 exbila’rat.
3443 5448 3700 5503 Contem-

2108 5546 2260 5616 plare
2312 5546 2538 5609 etenim,
2573 5558 2682 5614 quo
2732 5554 2894 5615 pacto
2948 5545 3269 5615 lti'quidem
3298 5538 3701 5596 confitebantur

2109 5640 2355 5695 dicentes
2388 5655 2401 5692 :
2433 5636 2573 5692 Ecce
2601 5637 2746 5692 Deus
2791 5653 2965 5704 meus,
2993 5636 3257 5693 Servator
3307 5643 3461 5685 meus
3520 5631 3700 5685 Domi-

2111 5747 2233 5800 nus,
2265 5731 2532 5786 confidam
2567 5729 2638 5784 ci.
2696 5729 2790 5787 Ille
2821 5729 3113 5787 confestim
3154 5735 3208 5782 et
3253 5722 3432 5782 fontes
3465 5722 3618 5795 ipsis.
3647 5731 3702 5776 et

471 5890 520 5922 "
544 5889 705 5949 Rom.
743 5907 781 5959 ι,
808 5890 879 5947 εξ
903 5908 1026 5964 sqq.
1106 5895 1151 5928 ⁸⁵
1177 5894 1285 5949 Tit.
1319 5910 1400 5962 ιιι,
1438 5894 1488 5952 5.
1569 5894 1611 5927 ⁸¹
1645 5891 1794 5949 Psal.
1824 5907 1974 5958 sur,

2102 5930 2107 5944 .
2185 5889 2227 5921 ⁸³
2256 5889 2387 5945 ibid.
2423 5888 2506 5943 l5.
