4016 6488
526 381 633 441 ειν

1519 385 1577 439 S.
1620 383 1894 443 CYRILLI
1934 385 2408 444 ALEXANDRINI
2448 386 2774 445 ARCillEP.

3692 407 3784 464 348

531 499 777 566 immisit,
843 498 1163 573 Babylonios
1221 498 1466 572 inquam,
1498 501 1590 575 qui
1655 507 1822 561 etiam
1875 506 2116 562 universa

2233 520 2375 569 ταις,
2407 505 2726 574 Αἰγυπτίοις
2749 507 2843 561 κιιιί⁵
2870 507 2987 571 τοῖς
3013 504 3078 561 ἐκ
3100 504 3439 581 Φυλιστιεὶμ,
3464 516 3587 569 ποτὲ
3618 518 3671 574 δὲ
3692 528 3769 581 και

526 589 835 647 ,Ιυὼεοι-ιιῐη
890 591 1114 663 regione
1167 591 1304 648 citra
1353 593 1596 651 laborem
1661 596 1963 663 devastata,
2019 614 2115 656 ca-

529 681 731 749 ptivam
775 681 1113 738 abduxerunt
1142 683 1193 739 in
1221 698 1374 738 suam
1408 686 1683 755 regionem
1711 691 2113 747 multitudinem

530 774 996 831 innumerabilem.
1026 774 1296 833 Caeterum
1334 778 1449 835 haec
1508 791 1769 840 eventura
1805 800 1927 842 esse
1985 786 2113 854 illis,

524 865 615 934 qui
682 865 850 920 Deum
926 868 1295 925 universitatis
1374 871 1443 926 ad
1510 872 1647 928 iram
1729 888 2112 946 provocarent,

524 955 898 1021 [indixerunt
926 957 1057 1013 olim
1091 960 1234 1016 beati
1267 963 1567 1032 prophetae.
1597 966 1669 1021 At
1702 966 1759 1021 bi
1780 1008 1796 1033 ,
1835 967 1957 1023 licet
1995 983 2116 1040 quae

522 1051 882 1113 praenuntiata
932 1051 1043 1125 jam
1119 1062 1285 1120 sunt,
1355 1056 1520 1113 etiam
1582 1061 1649 1113 ad
1701 1059 1860 1115 linem
1919 1076 2114 1132 perve-

527 1139 761 1206 nissent,
786 1141 955 1197 nihilo
996 1145 1178 1201 secius
1214 1146 1484 1214 praefracti
1526 1160 1681 1205 erant
1704 1160 1754 1206 et
1778 1153 2112 1222 pervicaces,

526 1234 915 1289 exsecrandam
970 1245 1025 1291 et
1060 1252 1089 1291 a
1117 1235 1247 1309 legis
1276 1240 1460 1309 regula
1504 1242 1896 1299 alienissimam
1946 1245 2112 1301 vitam

529 1324 894 1383 iustitueutes.
934 1326 1350 1397 Appositissime
1375 1346 1506 1404 ergo
1557 1336 1933 1393 universitatis
1968 1337 2115 1395 Deus

527 1421 652 1482 post
697 1414 905 1488 plagam
934 1428 988 1474 et
1023 1417 1256 1488 ﬂagella,
1288 1430 1342 1477 et
1366 1437 1487 1493 quae
1527 1425 1614 1483 his
1652 1426 1897 1486 deﬁnitis
1936 1438 2109 1487 rtem—

528 1505 750 1572 poribus
814 1508 884 1563 ab
927 1510 1173 1567 hostibus
1253 1520 1411 1568 erant
1488 1517 1808 1584 obventura,
1846 1520 2112 1576 suavissi-

530 1612 737 1652 marum
786 1614 990 1667 rerum,
1033 1617 1154 1671 quae
1181 1604 1454 1663 delectare
1500 1616 1773 1679 poterant,
1810 1610 1941 1668 facit
1971 1629 2112 1685 pra:-

472 1687 1012 1760 -signilicetionctu:
1107 1700 1483 1772 promittitque
1570 1702 1683 1771 jam
1766 1709 2114 1776 quantumvis

530 1779 686 1835 factis
724 1783 953 1853 captivis
986 1786 1219 1842 reditum
1247 1802 1308 1846 se
1340 1790 1755 1862 adornaturum,
1794 1804 1849 1851 et
1881 1796 2113 1854 miseriae

2216 594 2651 668 δυσαχθεστέραν
2687 597 2873 661 αὐτοῖς
2919 596 3202 667 ἐπιφέρων
3249 596 3494 674 πληγὴν,
3539 606 3660 670 τοὺς
3702 611 3775 665 ὅτι

2219 684 2457 754 μάλιστα
2512 684 2622 739 τῶν
2662 684 2757 739 ἐπὶ
2807 684 2912 756 γῆς
2958 685 3276 757 ὠμοτάτους
3318 689 3500 754 αὐτοῖς
3541 692 3774 765 έπηφίει,

2218 776 2363 847 φημὶ
2408 776 2473 849 δὴ
2521 775 2651 841 τοὺς
2694 776 3108 844 Βαϐυλωνίους,
3137 777 3188 832 οἳ
3227 778 3321 832 καὶ
3359 783 3537 836 πᾶσαν
3566 784 3781 859 ἀμογητὶ

2217 867 2317 940 τὴν
2345 867 2452 922 τῶν
2494 867 2765 923 Ἰουδαίων
2795 868 3251 942 καταδῃώσαντες
3285 870 3467 944 χώραν
3486 913 3500 934 ,
3527 878 3777 948 αἰχμάλω-

2218 976 2311 1012 τον
2345 959 2696 1031 άπεκόμισαν
2741 962 2822 1024 εἰς
2862 962 2962 1033 τὴν
3010 962 3221 1017 ἑαυτῶν
3246 963 3480 1035 ἀριθμοῦ
3525 968 3782 1038 κρείττονα

2218 1050 2449 1121 πληθύν.
2489 1051 2651 1105 ’Ᾱλλὰ
2676 1051 2834 1105 ταυτὶ
2879 1052 2979 1123 μὲν
3024 1053 3108 1106 ὅτι
3152 1052 3488 1125 συμϐήσεται
3536 1059 3781 1128 παροτρύ-

2218 1155 2398 1193 νουσιν
2429 1139 2614 1203 αὐτοῖς
2636 1139 2728 1193 τὸν
2759 1139 2868 1193 τῶν
2905 1140 3040 1193 ὅλων
3068 1139 3221 1207 Θεὸν,
3254 1140 3625 1211 προηγόρευον
3656 1144 3779 1196 κατὰ

2218 1232 2450 1303 καιροὺς
2492 1232 2540 1285 οἰ
2587 1231 2849 1303 μακάριοι
2882 1231 3180 1304 προφῆται.
3224 1233 3289 1285 Οἰ
3334 1232 3390 1287 δὲ
3445 1233 3616 1287 καίτοι
3662 1233 3781 1306 πρὸς

2222 1323 2399 1394 πέρας
2423 1322 2607 1388 αὐτοῖς
2638 1323 3021 1395 έκϐεϐηκότων
3051 1323 3160 1377 τῶν
3185 1324 3288 1396 ήδη
3317 1323 3776 1395 προηγγελμένων,

2214 1415 2366 1470 οὐδὲν
2394 1408 2558 1487 ἦττον
2588 1410 2729 1488 ἦσαν
2768 1415 2995 1489 σκληροί
3018 1433 3079 1470 τε
3120 1418 3216 1472 καὶ
3248 1416 3513 1479 ἀπειθεῖς,
3548 1415 3779 1487 βδελυρὰν

2215 1508 2311 1560 καὶ
2360 1507 2748 1579 ὲκνομωτάτην
2786 1507 3200 1580 ἐπιτηδεύοντες
3231 1506 3400 1579 ζωήν.
3437 1507 3777 1578 Οἰκονομικὼ-

2213 1615 2359 1654 τατα
2384 1599 2566 1653 τοίνυν
2608 1603 2636 1654 ὁ
2669 1598 2778 1654 τῶν
2807 1599 2945 1654 ὅλων
2970 1598 3104 1663 Θεὸς
3144 1597 3284 1670 μετὰ
3315 1595 3531 1668 πληγὴν
3567 1597 3655 1650 καὶ
3686 1596 3777 1667 μά·

2219 1709 2413 1761 στιγας
2443 1693 2538 1746 καὶ
2567 1691 2636 1747 τὰ
2667 1693 2732 1747 ὲκ
2776 1691 2884 1748 τῶν
2914 1691 3191 1763 πολεμίων
3241 1690 3625 1761 συμϐεϐηκότα
3658 1689 3778 1744 κατὰ

2212 1787 2437 1857 καιροὺς
2464 1786 2669 1850 αὐτοῖς,
2710 1785 2802 1840 καὶ
2850 1783 2959 1837 τῶν
3004 1782 3239 1855 ἡδίστων
3271 1784 3368 1839 καὶ
3393 1781 3778 1854 κατευφραίνειν

529 1885 699 1927 nexus
747 1873 1143 1944 relaxaturum,
1180 1879 1411 1953 illosque
1466 1883 1559 1954 qui
1597 1886 1723 1941 olim
1759 1887 2027 1954 vicerunt,
2059 1888 2114 1944 in

2219 1877 2435 1932 εἰδότων
2475 1880 2710 1932 ποιεῖται
2747 1875 2842 1949 τὴν
2887 1875 3329 1949 προαγόρευσιν’
3372 1876 3699 1945 ὑπισχνεῖται
3730 1873 3778 1927 δὲ

528 1976 720 2019 manus
767 1965 1003 2034 hostium
1060 1970 1411 2029 traditurum.
1443 1973 1680 2033 Maxime
1725 1979 1870 2035 enim
1921 1996 2119 2039 conve-

529 2056 715 2112 niebat
768 2060 982 2117 etiamsi
1054 2063 1382 2122 inemendati
1442 2080 1662 2142 propter
1724 2072 1814 2129 illa
1878 2075 2122 2145 fuerint,

528 2148 925 2214 posterioribus
966 2158 1146 2207 tamen
1208 2153 1358 2209 hisce
1387 2155 1629 2225 impense
1650 2157 1903 2231 deinceps
1926 2161 2125 2232 gaude—

530 2250 611 2303 re,
640 2247 697 2293 et
739 2238 793 2293 in
851 2254 1000 2308 spem
1065 2242 1496 2304 desideratarum
1557 2266 1737 2307 rerum
1800 2253 1942 2310 velut
2012 2256 2115 2313 alis

466 2390 469 2393 η
526 2332 1156 2400 evectos,gratissimum
1191 2334 1301 2393 Deo
1337 2338 1540 2394 cultum
1584 2341 1636 2396 in
1680 2345 1857 2413 pretio
1892 2345 2118 2415 habere,

525 2427 585 2475 et
643 2430 879 2476 mentem
950 2423 1025 2478 ilii
1090 2424 1308 2483 afﬁxam
1360 2444 1427 2486 ac
1483 2429 1765 2489 immotam
1823 2437 2120 2494 custodire.

528 2510 793 2577 Quoniam
850 2515 1033 2586 igitur,
1069 2516 1195 2572 licet
1238 2524 1552 2592 complures
1597 2524 1725 2579 olim
1800 2525 2111 2584 Judaeorum

527 2605 775 2675 regiones
839 2608 1075 2678 populati
1128 2610 1352 2677 fuerint,
1378 2614 1711 2674 crudeliores
1761 2626 1941 2676 tamen
1993 2622 2118 2679 aliis

522 2705 581 2752 et
623 2698 879 2755 saeviores
915 2700 1151 2768 fuerunt,
1174 2700 1412 2761 Chaldaei
1463 2709 1791 2775 Inanime,et
1831 2712 1922 2783 qui
1989 2722 2105 2769 tum

526 2790 790 2860 temporis
845 2792 1106 2866 Babyloni
1153 2796 1508 2871 mitterent,
1551 2801 1656 2860 illis
1716 2804 2115 2874 quodammodo

524 2882 760 2951 primum
812 2887 989 2941 oratio
1032 2891 1344 2960 prophetica
1410 2892 1658 2962 insultat,
1681 2910 1746 2950 ac
1791 2895 2005 2966 inquit:

2220 1971 2303 2026 ὅτι
2324 1972 2418 2025 καὶ
2438 1971 2565 2036 τοὺς
2590 1970 2692 2043 ἤδη
2718 1966 3017 2039 γεγονότας
3038 1966 3427 2039 αἰχμαλώτους
3447 1964 3777 2036 ὐπονοστῆσαι

2221 2068 2661 2140 παρασκευάσει,
2715 2067 2807 2121 καὶ
2863 2066 2972 2120 τῶν
3031 2067 3132 2139 τῆς
3189 2065 3564 2138 ταλαιπωρίας
3611 2063 3777 2134 ἀνήσει

2221 2160 2461 2232 δεσμῶν,
2486 2160 2799 2234 παραδώσει
2842 2159 2900 2215 δὲ
2950 2160 3046 2214 καὶ
3076 2161 3275 2225 αὐτοὺς
3299 2162 3427 2224 τοὺς
3462 2158 3621 2214 πάλαι
3646 2156 3777 2228 νικήο

2225 2270 2425 2318 σαντας
2454 2255 2536 2318 εἰς
2563 2256 2754 2325 χεῖρας
2785 2253 3015 2325 ἐχθρῶν.
3038 2248 3146 2308 Ἦν
3175 2253 3287 2324 γὰρ
3317 2253 3379 2324 δή
3408 2266 3509 2306 που
3542 2251 3630 2304 καὶ
3656 2248 3777 2319 μάλα

2225 2345 2394 2410 εἰκὸς,
2430 2346 2479 2398 εἰ
2503 2346 2598 2399 καὶ
2628 2344 2978 2418 άνουθέτητοι
3020 2346 3404 2417 μεμενήκασιν
3433 2342 3517 2396 ἐπ’
3548 2340 3774 2402 ἐκείνοις,

2188 2482 2199 2491 ,
2225 2435 2344 2491 ἀλλ’
2374 2431 2467 2490 οὖν
2497 2434 2717 2489 ἑλέσθαι
2743 2435 2930 2489 λοιπὸν
2978 2435 3040 2491 τὸ
3084 2433 3190 2490 κᾶν
3233 2433 3371 2504 γοῦν
3399 2435 3508 2497 τοῖς
3539 2430 3777 2500 δευτέροις

2224 2526 2530 2599 ἐφησθῆναί
2558 2545 2618 2582 τε
2657 2527 2809 2599 ἅμα,
2858 2526 2955 2583 καὶ
2986 2528 3069 2592 εἰς
3098 2526 3287 2581 ἐλπίδα
3325 2526 3433 2581 τῶν
3465 2522 3776 2595 ποθουμένων

2225 2620 2761 2693 ἀναπτερουμένους,
2799 2620 2899 2692 τὴν
2937 2619 3016 2691 τῷ
3055 2618 3177 2693 Θεῷ
3219 2618 3548 2692 φιλαιτάτην
3581 2613 3777 2685 τιμῆσαι

2224 2713 2509 2786 λατρείαν,
2541 2712 2639 2768 καὶ
2660 2712 2958 2784 ἀκλόνητον
2994 2712 3144 2785 αὐτῷ
3166 2711 3415 2784 τηρῆσαι
3443 2709 3503 2763 τὸ
3531 2706 3771 2778 φρόνημα-

2236 2804 2463 2877 Ἐπειδὴ
2508 2805 2710 2869 τοίνυν,
2767 2806 2817 2859 εἰ
2859 2804 2955 2859 καὶ
2996 2802 3181 2859 πολλοί
3218 2820 3374 2867 τινες
3404 2796 3542 2874 ἦσαν
3577 2799 3623 2851 οἰ
3658 2791 3777 2849 κατὰ

2221 2897 2446 2967 καιροὺς
2497 2894 2599 2967 τὴν
2641 2893 2754 2950 τῶν
2811 2894 3084 2950 Ἰουδαίων
3145 2894 3343 2967 χώραν
3392 2884 3776 2962 πεπορθηκότεςι

523 2975 640 3031 ἀλλ’
662 2977 718 3031 οἰ
740 2995 807 3047 γε
826 2979 938 3035 τῶν
967 2982 1143 3038 ἄλλων
1170 2985 1532 3058 ἁπηνέστεροί
1562 3005 1622 3042 τε
1656 2988 1752 3043 καὶ
1799 2988 2127 3062 ἀγριώτεροι
2159 2989 2418 3047 Χαλδαῖοι
2452 2989 2710 3061 μάλιστα,
2769 2988 2866 3042 καὶ
2899 2990 2949 3043 οἰ
2977 2988 3079 3060 τῆς
3142 2986 3477 3052 Βαϐυλῶνος
3508 2977 3780 3056 βεϐασιλευ·

526 3069 682 3134 κότες
707 3074 851 3127 κατὰ
876 3076 1103 3147 καιροὺς
1140 3078 1322 3144 αὐτοῖς
1352 3081 1518 3135 οἱονεὶ
1555 3080 1648 3135 καὶ
1677 3080 1915 3153 πρώτοις
1941 3083 1970 3137 ό
1994 3081 2097 3154 τῆς
2127 3081 2465 3155 προφητείας
2494 3081 2650 3151 λόγος
2683 3079 2925 3153 έπιπηδᾷ
2957 3079 3052 3136 καί
3082 3094 3271 3152 φησιν·

596 3165 760 3224 Vsus.
791 3168 848 3224 3.
882 3169 951 3225 Ιιι
988 3182 1161 3228 monte
1186 3176 1467 3245 campestri
1504 3176 1671 3232 tollite
1694 3181 1926 3248 signum.

596 3254 862 3329 Oportere
914 3269 1098 3316 autem
1150 3264 1406 3320 existimo
1465 3266 1558 3335 qui
1608 3267 1899 3338 diligenter
1950 3269 2118 3342 216

527 3349 694 3405 verba
754 3352 1032 3422 proposita
1083 3368 1348 3412 enarrare
1382 3356 1677 3425 voluerint,
1726 3360 1931 3431 aliquid
1973 3363 2118 3433 quod

531 3440 598 3495 ad
638 3456 753 3497 rem
788 3444 941 3510 iacit,
974 3448 1288 3504 necessarie
1320 3449 1565 3520 praefari.
1593 3450 1773 3525 Cyrus
1809 3467 1941 3524 ergo
1967 3464 2119 3523 patre

437 3592 443 3598 ,
532 3535 754 3605 quidem
782 3538 1074 3611 Cambyse,
1101 3551 1276 3598 matre
1301 3558 1430 3598 vero
1461 3544 1731 3601 Mandana
1765 3556 1948 3613 natus,
1979 3549 2111 3604 Per-

526 3629 624 3683 sia:
657 3644 722 3685 ac
745 3629 933 3688 Media:
961 3648 1077 3699 rex,
1108 3636 1441 3707 oppugnavit
1466 3636 1802 3710 Babylonem
1829 3650 1886 3696 et
1900 3655 2116 3697 omnem

526 3719 812 3790 regionem
849 3723 1248 3794 Clualdazorum,
1282 3728 1414 3783 licet
1438 3729 1613 3800 ampia
1658 3730 1728 3786 sit
1764 3740 1820 3786 et
1847 3732 2115 3801 maxima;

528 3820 591 3866 et
636 3827 772 3870 sane
806 3818 1141 3888 expugnavit
1172 3819 1427 3890 cepitque
1454 3835 1575 3876 eam
1606 3837 1712 3877 non
1741 3824 1950 3879 viribus
1978 3825 2116 3891 suis,

534 3917 711 3974 neque
747 3906 1043 3965 robustiori
1075 3925 1238 3965 manu
1263 3910 1489 3982 (invicta
1510 3912 1776 3983 siquidem
1805 3924 1862 3970 et
1886 3916 2115 3986 insupe-

531 3996 719 4053 rabilis
747 4010 866 4054 crat
899 4016 1034 4072 gens
1065 4001 1473 4071 Chaldaeorum,
1512 4013 1567 4059 et
1607 4013 1827 4075 propter
1873 4007 2118 4063 multitu-

525 4089 735 4157 dinem,
779 4102 836 4148 et
858 4104 1082 4165 propter
1123 4111 1374 4168 magnam
1416 4098 1493 4154 rei
1527 4097 1782 4157 militaris
1818 4102 2114 4170 peritiam),

527 4183 623 4236 sed
657 4185 837 4254 potius
875 4187 1021 4255 quod
1053 4187 1194 4242 Deus
1217 4189 1267 4244 ei
1297 4190 1640 4253 adversarios
1669 4193 1986 4264 subiiceret,
2017 4196 2117 4251 im.

530 4275 788 4349 piumque
852 4278 1273 4353 Babyloniorum
1328 4283 1616 4353 imperium
1684 4285 2043 4343 labefactaret
2099 4303 2114 4345 :

529 4367 728 4439 quippe
759 4372 904 4440 quod
934 4372 1074 4441 apud
1115 4373 1238 4430 illos
1264 4375 1551 4447 praestigiae
1584 4378 1821 4434 maxime
1853 4380 2115 4450 vigerent,

525 4471 585 4514 ct
631 4460 1047 4519 innumerabilia
1080 4464 1346 4521 idolorum
1389 4467 1642 4522 examina
1670 4475 1856 4525 essent
1893 4486 1905 4521 :
1954 4470 2113 4524 nimi.

534 4566 652 4605 rum
705 4562 850 4607 terra
888 4556 1233 4628 sculptilium
1275 4559 1561 4615 nominata
1612 4569 1716 4623 est,
1767 4560 1850 4616 vel
1891 4570 2113 4631 propter
2146 4542 2189 4598 θ

530 4642 748 4697 turbam
778 4644 1065 4712 idolorum,
1103 4648 1186 4703 vel
1214 4651 1383 4704 etiam
1427 4651 1571 4721 quod
1601 4652 1979 4720 unusquisque
2030 4652 2116 4706 in-

527 4736 773 4789 solarum
813 4736 960 4792 nullo
993 4741 1152 4796 modo
1177 4741 1244 4794 ab
1287 4741 1431 4796 idolo
1476 4742 1789 4811 discrepare
1817 4741 2122 4810 deprehen-

529 4827 774 4894 deretur,
803 4828 857 4883 in
896 4842 1158 4900 quantum
1192 4848 1389 4903 nempe
1424 4835 1753 4904 impotenter
1776 4844 1832 4890 et
1860 4832 2121 4892 effrenate

529 4920 586 4973 in
638 4935 879 4977 errorem
946 4926 1393 4994 prolabebantur.
1447 4928 1694 4991 Adhaec,
1747 4929 1874 4998 quia
1928 4941 2119 4987 sancta

528 5019 676 5069 terra
706 5025 759 5071 et
792 5016 903 5072 Deo
933 5018 1212 5088 deputata,
1264 5019 1314 5073 id
1353 5029 1458 5088 est,
1491 5017 1677 5075 Juda'a
1718 5022 2018 5089 devastata,
2052 5031 2109 5080 et

532 5106 925 5184 Hierosolymis
982 5114 1211 5183 ipsoque
1236 5114 1420 5169 divino
1469 5115 1672 5186 templo
1723 5115 1980 5184 incensis,
2015 5116 2115 5173 ab-

531 5210 806 5259 duxerunt
838 5206 892 5259 in
924 5220 1077 5260 suam
1114 5207 1389 5277 regionem
1421 5221 1551 5263 vasa
1596 5223 1779 5278 sacra,
1816 5218 1978 5279 atque
2015 5210 2117 5266 im-

526 5293 741 5360 potenti
776 5293 856 5348 ira
885 5293 1146 5350 concitati
1180 5293 1433 5351 lsraelem
1452 5298 1793 5363 occiderunt,
1827 5309 2117 5368 quantum-

528 5388 614 5441 vis
650 5394 878 5442 sanctus
904 5385 1155 5457 populus,
1197 5395 1251 5443 et
1280 5388 1459 5459 portio
1489 5396 1545 5446 et
1579 5402 1702 5445 sors
1739 5388 1832 5446 Dei
1867 5392 2115 5446 nomina-

528 5489 706 5534 retur.
741 5477 876 5533 Nam
909 5478 1047 5546 quod
1069 5476 1325 5534 lsraelem
1365 5479 1507 5535 idola
1533 5480 1801 5536 colentem
1827 5472 2114 5539 tradiderit

530 5569 673 5627 Deus
707 5572 760 5627 in
798 5586 989 5627 manus
1013 5572 1396 5639 liostium,non
1425 5576 1715 5629 obscurum
1732 5585 1813 5627 est
1835 5588 2116 5631 sacrarum

530 5661 862 5719 Litterarum
897 5663 1221 5730 scientibus,
1247 5664 1343 5719 sed
1375 5665 1468 5735 qui
1511 5664 1576 5718 ad
1613 5664 1718 5722 hoc
1753 5666 1930 5722 vocati
1966 5674 2113 5731 sunt,

526 5769 627 5810 eos
659 5770 764 5811 non
805 5757 904 5813 levi
950 5755 1213 5827 supplicio
1256 5756 1578 5815 allceerunt.
1613 5756 1935 5814 invenietur
1965 5759 2112 5815 enim

530 5845 730 5904 alicubi
768 5849 971 5905 dixisse
999 5849 1372 5908 universitatis
1410 5851 1551 5909 Deus
1599 5867 1731 5908 voce
1775 5851 2107 5925 Zachariae;

2137 3183 2189 3249 C

2299 3179 2428 3236 Ἐπ’
2462 3178 2643 3247 ὅρους
2672 3177 2920 3233 πεδινοῦ
2941 3177 3121 3246 ἄρατε
3151 3176 3440 3248 σημεῖον.

2291 3271 2414 3325 Δεῖν
2462 3269 2519 3323 δὲ
2562 3264 2717 3340 οἴμαι
2765 3268 2867 3339 τῆς
2926 3268 3226 3340 ἑρμηνείας
3274 3268 3384 3324 τῶν
3430 3259 3773 3337 προκειμένων

2216 3359 2420 3432 ἀκριϐῆ
2451 3358 2725 3413 ποιεῖσθαι
2761 3359 2862 3429 τὴν
2894 3357 3153 3412 ἀπόδοσιν
3207 3357 3540 3430 ᾑρημένους,
3591 3364 3767 3450 «pett?-

2220 3453 2536 3525 ηγήσασθαί
2571 3469 2621 3506 τι
2654 3451 2764 3506 τῶν
2790 3450 3259 3520 ἀναγκαιοτάτων.
3286 3449 3470 3522 Κύρος
3499 3449 3769 3515 τοιγαροῦν,

2218 3545 2248 3599 ό
2297 3544 2506 3617 πατρὸς
2549 3544 2649 3614 μὲν
2676 3542 2978 3615 Καμϐύσου
3014 3543 3258 3613 γεγονὼς
3279 3583 3294 3608 ,
3336 3538 3613 3615 μητρὸς-δὲ
3650 3535 3772 3590 Μαν-

2220 3637 2407 3709 δάνης,
2456 3635 2685 3707 Περσῶν
2732 3653 2789 3690 τε
2835 3637 2933 3690 καὶ
2974 3636 3176 3708 Μήδων
3210 3631 3624 3727 βεϐασιλευκὼς,
3665 3643 3767 3727 κατ·

2218 3729 2554 3801 εστράτευσε
2600 3729 2698 3799 τῆς
2724 3727 3068 3793 Βαϐυλῶνος,
3112 3727 3207 3781 καὶ
3241 3729 3422 3799 πάσης
3472 3725 3527 3780 δὲ
3562 3722 3656 3792 τῆς
3681 3722 3774 3770 τῶν

2217 3821 2501 3876 Χαλδαίων
2524 3819 2707 3892 χώρας
2737 3819 2959 3893 εὐρείας
2985 3836 3044 3874 τε
3077 3818 3245 3891 οὔσης
3286 3821 3381 3876 καὶ
3413 3815 3608 3887 πολλῆς
3627 3812 3771 3880 άγαν·

2218 3914 2313 3968 καὶ
2348 3912 2413 3985 δὴ
2449 3913 2544 3967 καὶ
2581 3893 2947 3985 κεκράτηκεν.
2987 3905 3149 3966 erm
3197 3912 3373 3985 αὐτὴν
3417 3912 3477 3965 οὺ
3516 3905 3774 3975 δυνάμεσιν

2222 4006 2404 4070 ἰδίαις,
2444 4004 2571 4059 οὔτε
2604 4005 2712 4078 μὴν
2745 4004 3101 4077 ἀλκιμωτέρᾳ
3138 4006 3285 4077 χειρὶ
3317 4001 3619 4078 χρήσασθαι
3637 3997 3770 4061 δυνη-

2219 4098 2334 4163 θεὶς
2365 4097 2599 4170 (ἄμαχον
2646 4099 2757 4170 γάρ
2808 4116 2862 4152 τι
2912 4098 3008 4152 καὶ
3053 4100 3528 4167 ἀνανταγώνιστον
3569 4090 3627 4145 τὸ
3650 4084 3772 4143 Χαλ-

2218 4188 2387 4244 δαίων
2416 4188 2571 4252 ἔθνος
2599 4183 2688 4261 ἦν,
2724 4188 2815 4243 διά
2853 4206 2914 4242 τε
2950 4188 3179 4259 πληθὺν,
3221 4191 3318 4245 καὶ
3355 4189 3416 4243 τὸ
3447 4180 3505 4241 εὖ
3541 4182 3674 4255 μάλα
3700 4192 3774 4246 γε·

2218 4281 2531 4354 γυμνάσθαι
2568 4281 2640 4336 τὰ
2674 4282 2960 4354 τακτικὰ),
3003 4281 3140 4335 Θεοῦ
3196 4283 3401 4353 μᾶλλον
3445 4276 3773 4346 ὑποφέροντος

2219 4370 2371 4445 αὑτῷ
2403 4372 2531 4435 τοὺς
2560 4369 2985 4441 ἀνθεστηκότας,
3009 4372 3103 4426 καὶ
3135 4372 3206 4427 τὰ
3229 4371 3466 4441 δυσσεϐῆ
3501 4366 3602 4421 τῶν
3624 4358 3768 4417 Βαϐυ-

2219 4464 2429 4521 λωνίων
2450 4464 2838 4526 κατασείοντος
2859 4465 3040 4536 κράτη
3060 4480 3074 4494 °
3118 4464 3296 4519 διάτοι
3325 4465 3384 4518 τὸ
3420 4450 3772 4553 ’πλείστηκίμξῖΙ

2217 4559 2349 4629 ὅσην
2395 4558 2525 4629 παρ’
2574 4557 2758 4621 αὐτοῖς
2807 4553 2946 4610 εἶναι
2993 4555 3091 4628 τὴν
3130 4555 3417 4627 γοητείανο
3468 4543 3687 4648 diligi?“
3718 4540 3773 4641 fg

2218 4650 2506 4720 κρείττονα
2536 4649 2630 4702 τὸν
2666 4647 2780 4702 τῶν
2814 4646 3050 4701 εἰδώλων
3075 4648 3243 4718 ἑσμόν
3263 4664 3279 4680 ο
3317 4645 3411 4700 καὶ
3435 4644 3562 4741 γοῦν

2219 4739 2477 4810 γλυπτῶν
2534 4740 2979 4810 κατωνόμασται,
3024 4739 3056 4811 ἢ
3119 4739 3210 4793 διὰ
3262 4739 3361 4810 τὴν
3414 4734 3522 4791 τῶν
3572 4724 3774 4784 εἰδώλων

2222 4831 2455 4903 πληθὺν,
2485 4833 2655 4903 ἤγουν
2683 4831 2767 4885 ὅτι
2800 4829 2897 4884 καὶ
2928 4829 3164 4893 ἕκαστος
3191 4828 3301 4883 τῶν
3328 4829 3507 4882 ἐκεῖσε
3546 4828 3772 4914 κ-ατῳξτξ-
3829 4852 3831 4857 ‹

2220 4902 2394 4977 κρότων
2442 4902 2565 4976 κατ’
2596 4921 2789 4976 οὐδένα
2820 4920 3026 4991 τρόπον
3075 4920 3298 4975 εἰδώλου
3351 4910 3635 4983 διενεγκὼν
3677 4902 3774 5004 ἠξί’

2216 5031 2394 5080 σκετο,
2438 5014 2581 5070 κατά
2625 5015 2690 5085 γέ
2737 5032 2882 5085 φημι
2939 5013 3001 5067 τὸ
3043 5013 3290 5084 ἀσχέτως
3312 5028 3373 5064 τε
3420 5004 3774 5099 καὶ-ἀκρατῗς

2220 5106 2521 5163 ἀπονεῦσαι
2567 5108 2704 5181 πρὸς
2761 5107 3050 5176 πλάνησιν.
3085 5102 3222 5161 Εἶτα
3270 5104 3410 5177 πρὸς
3452 5096 3671 5157 τούτοιςι
3703 5096 3774 5140 δτι

2219 5201 2321 5272 τὴν
2349 5200 2512 5270 ἁγίαν
2544 5201 2642 5255 καὶ
2664 5200 3064 5271 έκνεμηθείσαν
3091 5198 3171 5270 τῷ
3204 5197 3325 5268 Θεῷ
3350 5187 3772 5272 καταδῃώσαντες

2219 5268 2346 5363 γῆν,
2374 5268 2519 5346 τοῦτ’
2549 5292 2685 5359 ἔστι,
2713 5268 2811 5364 τὴν
2827 5268 3106 5357 Ἰουδαίαν,
3129 5268 3617 5361 κατεμπρήσαντές
3642 5290 3699 5364 τε
3718 5268 3772 5322 τὶ

2230 5383 2605 5457 Ἱεροσόλυμα,
2644 5384 2740 5438 καὶ
2770 5362 2933 5438 αὐτόν
2962 5401 3023 5438 τε
3069 5380 3163 5439 τὸν
3193 5381 3336 5436 θεῖον
3375 5377 3517 5440 ναὸν,

2223 5450 2325 5532 σαν
2359 5478 2456 5548 μὲν
2485 5450 2556 5531 τὰ
2587 5477 2755 5547 σκεύη
2786 5476 2855 5530 τὰ
2896 5475 3019 5549 ἱερά
3057 5477 3138 5541 εἰς
3160 5475 3262 5546 τὴν
3296 5467 3523 5532 ἑαυτῶν,
3552 5455 3693 5530 θυμῷ
3723 5450 3771 5504 δδ

2225 5569 2452 5641 ἀκράτῳ
2496 5568 2770 5641 χρώμενοι
2813 5569 2906 5623 τὸν
2949 5569 3168 5642 Ἰσραὴλ
3208 5564 3584 5622 ἀπεκτόνασιν,
3618 5549 3767 5650 agaith

2224 5663 2353 5718 λαὸν
2381 5663 2538 5732 άγιον
2558 5662 2979 5734 ὠνομασμένον,
3012 5663 3207 5735 μερίδα
3225 5679 3285 5715 τε
3305 5658 3401 5714 καὶ
3427 5654 3617 5747 κλῆρον
3629 5647 3765 5747 Θεῗιξο

2225 5759 2348 5811 Ὅτι
2387 5762 2498 5829 μὲν
2517 5756 2626 5828 γὰρ
2653 5733 3186 5828 εἰδωλολατρήσαντα
3218 5753 3305 5809 τὸν
3336 5745 3549 5821 Ἰσραὴλ
3578 5733 3764 5835 παρεξί-

2220 5851 2311 5904 δου
2344 5849 2476 5911 Θεὸς
2508 5851 2587 5914 εἰς
2616 5853 2802 5922 χεῖρας
2828 5848 3042 5922 ἐχθρῶν
3077 5850 3177 5905 οὐκ
3208 5841 3524 5918 ἀσυμφανὲς
3548 5836 3650 5895 τοῖς
3662 5836 3764 5882 πων
