4016 6474
575 343 680 397 355
1058 365 1073 378 ·
1565 347 1619 401 S.
1664 346 1939 402 CYlilLLi
1979 348 2450 406 ALEXANDRIM
2489 353 2808 411 ARCIIIEP.

576 457 717 528 Cyro
769 468 823 513 ct
888 459 1069 514 Persis
1139 469 1627 528 exspectarenlur,

3731 370 3835 422 556

1711 465 2122 522 vaticinabantu

2260 465 2423 538 μάγῳ
2473 468 2641 544 τέχνῃ
2684 471 3186 542 διαπρεπεστάτους
3231 478 3381 547 παρά
3424 482 3537 543 τοίς
3586 479 3841 537 Βαϐυλω-

575 550 734 616 bona,
780 559 840 605 et,
884 551 1081 603 auxilia
1127 553 1498 621 qnwrebanta
1528 555 1840 625 daemoniis,
1873 559 2149 628 Supplica-

2259 559 2416 627 νίοις,
2441 562 2568 625 τοὺς
2597 563 2708 618 τῶν
2733 563 3026 636 δαιμονίων
3059 564 3422 638 θεραπευτὰς,
3443 570 3494 623 οἳ
3516 574 3660 627 κατὰ
3690 591 3756 641 γε
3780 578 3836 632 τὲ

576 641 809 696 tionibus
842 642 1095 706 decretis,
1130 652 1186 696 et
1231 642 1453 698 donaria
1493 656 1632 701 stata
1686 647 1994 712 oli'erentes,
2061 666 2129 706 cm

2255 651 2403 715 εἰκὸς
2448 654 2548 725 τῆς
2596 655 2786 724 ἐφόδου
2826 657 3210 730 μελετωμὲνης
3262 659 3550 730 ἀφίξεσθαι
3577 663 3690 718 τῶν
3717 666 3842 735 Μή-

575 733 841 786 remonias
883 733 1131 788 videlicet
1177 744 1233 789 et
1281 738 1546 792 sacriﬁcia
1589 738 1759 810 impia
1815 743 2154 810 adhibentes,

568 832 622 872 et
657 836 751 890 pro
792 820 1045 877 universa
1062 825 1282 892 regione
1313 826 1696 893 deprecaturus
1723 843 1783 882 se
1809 828 2148 898 pollicentes.

569 912 630 966 Hi
663 913 911 984 proinde,
948 914 1144 983 inquit,
1172 915 1565 972 daemoniorum
1592 919 1831 975 cultores
1855 929 1908 974 et
1936 923 2145 992 suppli-

2252 745 2359 800 δων
2410 746 2580 818 Κύρῳ
2618 765 2678 802 τε
2730 748 2866 820 ὁμοῦ
2913 751 3007 804 καὶ
3061 751 3303 824 Πέρσαις
3349 755 3842 826 προσδοκωμένων,

2254 840 2722 909 κατεμαντεύοντο
2759 842 2829 895 τὰ
2860 845 3090 914 χρηστὰ,
3124 844 3220 906 καὶ
3249 843 3349 908 τὰς
3378 846 3527 917 παρὰ
3567 849 3680 908 τῶν
3721 849 3848 902 δαι-

2257 930 2457 1000 μονίων
2503 931 2734 986 ἐκάλουν
2767 934 3109 1008 ἐπικουρίας,
3153 935 3307 1000 λιτὰς
3338 937 3707 1003 ἀνατείνοντες
3743 940 3847 993 καὶ

569 1013 806 1068 ratores,
834 1003 1097 1059 sacriﬁcia
1123 1019 1218 1074 pro
1241 1006 1496 1062 omnibus
1515 1019 1904 1078 nuncupantes.
1939 1014 2129 1080 quandi

2254 1021 2392 1092 γέρα
2429 1025 2871 1095 προσεπάγοντες
2897 1003 2976 1081 τὰ.
3002 1029 3388 1099 νενομισμένα,
3428 1030 3652 1093 τελετὰς
3680 1031 3845 1101 δῆλον

568 1093 798 1148 viderint
839 1110 927 1148 res
961 1105 1155 1163 praeter
1185 1111 1335 1165 spem
1380 1107 1636 1167 mutatas,
1668 1103 2149 1172 perturbabantur,

2250 1109 2330 1163 ὅτι
2373 1113 2468 1168 καὶ
2508 1113 2909 1185 τάς.βε6ήλους
2952 1115 3164 1182 Θυσίας,
3211 1118 3536 1186 πρεσϐεύειν
3584 1137 3645 1172 τε
3696 1120 3845 1191 ὑπὲρ

564 1193 616 1235 et
647 1185 902 1251 gravibus
922 1183 1229 1256 aliiigentnr
1265 1187 1562 1256 doloribus,
1595 1202 1648 1246 et
1679 1193 1820 1247 alter
1835 1209 1956 1248 cum
1979 1195 2129 1251 alteri

2255 1202 2476 1275 ἀπάσης
2527 1183 2862 1280 τῆςνχώρᾳς
2911 1183 3355 1282 ὑπισχνούμενοι.
3413 1207 3576 1265 Οὗτοι
3630 1211 3841 1276 τοίνυν,

565 1273 950 1340 congemiscet,
999 1275 1048 1329 id
1083 1283 1186 1340 est,
1223 1291 1407 1331 secum
1446 1280 1845 1348 acclamabnnt,
1881 1285 2149 1355 velutpra:

2264 1294 2450 1364 φησὶν,
2483 1298 2531 1348 οἱ
2569 1297 2678 1350 τῶν
2706 1299 3000 1371 δαιμονίων
3044 1301 3382 1372 θεραπευταὶ
3413 1303 3510 1356 καὶ
3551 1303 3754 1365 ἱκέται,
3791 1305 3843 1355 οἱ

566 1361 728 1414 nimia
762 1363 997 1426 miseria,
1020 1363 1170 1428 illud,
1200 1366 1527 1428 vac,scilicet
1543 1378 1596 1421 et
1617 1369 1837 1424 similia.
1870 1371 1936 1425 Et
1955 1373 2129 1425 velut:

2248 1361 2348 1447 73‘s
2405 1386 2548 1459 ὑπὲρ
2592 1361 2811 1452 πάντων
2853 1361 3136 1457 τελοῦντες
3185 1393 3412 1461 θυσίας,
3469 1395 3600 1448 ὅταν
3653 1393 3842 1446 ἴδωσιν

565 1450 775 1507 ﬂamma
827 1455 1112 1509 mutabunt
1141 1457 1357 1511 facient.
1390 1458 1541 1513 Solet
1568 1461 1715 1513 enim
1743 1477 1934 1516 eorum
1971 1464 2129 1520 faeie:

2251 1450 2725 1552 ἀπεστραμμένα
2759 1485 2893 1556 πρὸς
2939 1487 3006 1540 τὰ
3051 1450 3180 1558 παρ’
3208 1450 3496 1540 ἐλπίδατά
3531 1485 3840 1562 πράγματα

562 1543 655 1611 qui
701 1543 882 1599 animo
913 1546 1121 1614 dejecto
1175 1557 1325 1612 sunt,
1379 1549 1676 1620 denigrari,
1723 1561 1780 1606 nt
1826 1554 1968 1609 aliud
2013 1557 2123 1612 nihi

2245 1570 2450 1637 αὐτοῖς,
2501 1577 2941 1650 ταραχθήσονταί
2985 1596 3044 1631 τε
3073 1581 3166 1632 καὶ
3193 1583 3250 1633 ὲν
3279 1579 3462 1632 ὠδῖσιν
3491 1579 3706 1632 ἔσονται.
3745 1595 3840 1638 πι-

561 1648 681 1688 esse
704 1634 968 1700 videatur,
1009 1652 1170 1705 quam
1205 1637 1389 1693 favilla
1438 1650 1493 1696 et
1516 1641 1718 1699 cineris
1773 1647 2002 1704 marcidi
2058 1665 2143 1703 re-

560 1723 758 1792 liquiae.

2248 1667 2430 1732 κραῖς,
2463 1669 2906 1738 συμφοράσουσίν
2946 1687 3007 1723 τε
3055 1671 3242 1742 ἕτερος
3291 1670 3430 1742 πρὸς
3476 1669 3570 1729 τόν
3618 1670 3836 1739 ἕτερον.

2237 1753 2383 1806 τοῦτ’
2419 1755 2592 1820 ¹ἐστιν,
2637 1759 2885 1832 ἀλλήλοις
2917 1763 3325 1835 ὲπιφωνήσουσι
3369 1763 3438 1817 τὰ
3469 1763 3546 1827 ὡς
3572 1761 3632 1826 ἐξ
3661 1761 3843 1832 ἀκράο

557 1835 650 1930 του
675 1821 985 1892 συμφορᾶς,
1018 1823 1097 1930 τό,
1130 1824 1272 1926 citati,
1305 1826 1550 1898 δηλονότι
1575 1830 1671 1883 καὶ
1728 1830 1798 1888 τὰ
1824 1836 2205 1910 παραπλήσια.
2251 1845 2461 1922 Ὥσπερ
2507 1853 2564 1906 δὲ
2609 1853 2714 1907 ὑπὸ
2758 1821 2954 1926 elavi);
3005 1821 3371 1930 μεταδαλοῦσι
3410 1857 3471 1911 τὺ
3515 1821 3838 1927 πρόσωπον.

559 1909 713 1963 Φιλεῖ
739 1912 847 1983 γάρ
884 1930 1001 1976 πως
1029 1913 1092 1967 τὸ
1121 1914 1230 1969 τῶν
1260 1917 1615 1989 ἀθυμούντων
1676 1909 2174 1996 καταμελαίνεσθαι
2214 1909 2525 2013 πρόσωπον,
2571 1947 2648 2011 ὡς
2723 1909 2882 2002 οόδὲᾷ
2921 1909 3304 2024 ἐτειροννεξναι-
3327 1909 3510 2010 δοκεῖν
3560 1909 3706 2021 πλὴν
3752 1947 3838 2004 ὅτι

513 2067 533 2085 Α.
557 2004 786 2058 σποδιὰν
810 2006 902 2058 καὶ
932 2008 1130 2062 σποδοῦ
1172 2013 1550 2088 μαρανθείσης
1579 2017 1854 2089 λείψανον.

586 2116 588 2118 '
629 2097 790 2155 Vens.
823 2100 966 2157 9-H.
1007 2102 1142 2158 Ecce
1175 2108 1315 2161 enim
1340 2111 1449 2165 dies
1491 2112 1706 2169 Domini
1739 2121 1874 2172 venit
1931 2121 2148 2178 insana-
2180 2139 2223 2194 Β

559 2191 698 2256 bilis,
726 2193 924 2262 furoris
948 2205 998 2252 et
1025 2197 1141 2263 iraz,
1175 2209 1230 2251 ut
1263 2201 1466 2271 redigat
1489 2205 1662 2260 orbem
1683 2218 1942 2264 terrarum
1965 2215 2019 2266 in
2053 2231 2144 2268 va-

557 2281 810 2347 nitatem,
842 2296 889 2337 et
911 2301 977 2338 ea:
1003 2303 1065 2341 ea
1085 2301 1382 2357 peccatores
1422 2294 1588 2350 tollat.
1629 2298 1787 2354 Astra
1819 2304 1955 2357 enim
1999 2309 2134 2374 caeli,

552 2385 599 2425 et
633 2371 818 2439 Orion,
855 2387 902 2430 et
929 2381 1097 2433 omnis
1131 2393 1351 2438 ornatus
1379 2386 1496 2441 caeli
1529 2388 1706 2444 lumen
1731 2409 1832 2448 non
1893 2371 2134 2454 dabunt;-

552 2473 601 2516 et
647 2466 804 2536 221
839 2471 1064 2526 tenebrat
1094 2473 1436 2542 oﬁ‘nndentur

551 2572 654 2611 non
681 2559 826 2612 dabit
857 2559 1026 2616 lucem
1059 2579 1233 2622 suam.
1282 2567 1352 2622 Et
1405 2571 1668 2628 mandabo
1728 2579 1973 2634 universo
2019 2584 2136 2638 orbi

549 2649 715 2715 mala,
745 2667 807 2706 ac
839 2651 1016 2720 impiis
1035 2667 1248 2725 peccata
1280 2677 1377 2716 sua
1408 2678 1430 2717 :
1451 2663 1632 2720 delebo
1661 2669 1997 2728 insolentiam
2026 2676 2132 2730 ini-

547 2755 791 2812 quorum,
827 2754 877 2799 et
903 2745 1239 2806 insolentiam
1264 2754 1606 2822 superborum
1637 2759 1947 2828 deprimam.

617 3042 911 3116 PerSptcue
939 3046 1025 3103 'n'is
1049 3050 1228 3107 verbis
1285 3065 1515 3112 conatur
1565 3059 1782 3126 docere,
1843 3064 1972 3134 quid
2012 3077 2132 3123 tan-

540 3135 666 3192 dem
708 3153 887 3194 eansm
915 3141 1009 3204 sit,
1053 3159 1151 3198 cur
1204 3145 1478 3218 principes
1527 3152 1667 3205 inter
1694 3169 1752 3210 se
1785 3159 2124 3227 condoleant,

546 3225 850 3298 faciemque
918 3231 1084 3286 veluti
1138 3250 1166 3286 a
1234 3234 1450 3291 ﬂamma
1509 3250 1736 3302 mutent.
1805 3243 1939 3300 Cum
1983 3225 2126 3304 enim

545 3319 992 3391 vaticinarentur,
1025 3331 1081 3376 nt
1117 3325 1250 3390 dixi,
1292 3327 1396 3382 illis
1426 3345 1490 3384 ex
1527 3334 1692 3387 animi
1721 3337 1957 3404 ipsorum
1997 3356 2122 3397 sen-

544 3412 736 3476 tentia,
775 3412 936 3483 idqne
975 3413 1288 3486 Babyloniis
1336 3423 1622 3490 omnibus,
1653 3442 1748 3496 spe
1771 3443 1897 3484 vero
1967 3433 2123 3488 exci-

2330 2129 2477 2184 Ἰδοὺ
2498 2132 2609 2201 γὰρ
2634 2135 2825 2204 ἡμέρα
2859 2138 3080 2207 Κυρίου
3111 2137 3356 2205 ἀνίατος
3376 2139 3611 2210 ἔρχεται
3635 2139 3835 2210 θυμοῦ

2245 2220 2345 2274 καὶ
2379 2223 2582 2294 ὀργῆς,
2614 2226 2800 2280 θεῖναι
2831 2229 2947 2298 τὴν
2975 2231 3342 2300 οἰκουμένην
3385 2230 3540 2299 ὅλην
3580 2233 3832 2303 ἔρημον,

2242 2313 2341 2366 καί
2367 2315 2510 2382 τοὺς
2531 2318 2919 2388 ἁμαρτωλοὺς
2968 2321 3401 2391 ἐξολοθρεῦσαι
3421 2323 3490 2388 ἐξ
3513 2325 3728 2394 αὐτῆς.
3761 2329 3834 2380 οι

2240 2401 2350 2471 γὰρ
2377 2404 2630 2474 ἀστέρες
2658 2408 2766 2463 τοῦ
2787 2411 3068 2478 οὐρανοῦ,
3105 2414 3201 2466 καὶ
3228 2416 3260 2467 ό
3293 2414 3502 2482 Ὠρίων
3524 2416 3625 2469 καὶ
3651 2415 3775 2483 πᾶς
3797 2419 3832 2469 ὁ

1488 2479 1600 2535 sole
1650 2484 1868 2551 oriente,
1894 2499 1942 2543 et
2007 2491 2129 2547 luna

2237 2496 2467 2565 κόσμος
2509 2499 2616 2553 τοῦ
2661 2503 2924 2570 οὐρανοῦ
2986 2503 3053 2558 τὸ
3098 2504 3223 2574 φῶς
3281 2479 3362 2561 οὐ*
3401 2506 3700 2563 δώσουσι·
3725 2513 3826 2565 καὶ

2235 2589 2711 2658 σκοτισθήσεται
2760 2593 2868 2647 τοῦ
2906 2594 3089 2668 ἡλίου
3123 2595 3601 2665 ἀνατέλλοντος,
3639 2600 3742 2654 καὶ
3784 2604 3826 2672 ἠ

2231 2679 2469 2748 σελήνη
2497 2683 2570 2736 οὐ
2598 2681 2778 2738 δώσει
2805 2685 2873 2739 τὸ
2891 2684 3020 2755 φῶς
3055 2687 3267 2756 αὐτῆς.
3320 2689 3430 2745 Kal
3464 2690 3824 2762 ἐντελοῦμαι

2232 2766 2309 2836 τῇ
2349 2770 2672 2842 οἰκουμένῃ
2721 2775 2836 2845 ὅλῃ
2889 2779 3063 2842 κακὰ,
3109 2779 3206 2834 καὶ
3247 2779 3374 2846 τοῖς
3413 2782 3664 2838 ἀσεϐέσι
3717 2786 3826 2852 τὰς

2232 2859 2523 2932 ἁμαρτίας
2555 2863 2756 2920 αὐτῶν
2776 2880 2788 2893 '
2831 2866 2931 2920 καὶ
2967 2867 3176 2930 ἀπολῶ
3204 2870 3378 2944 ὓϐριν
3427 2872 3690 2943 ἀνόμων,
3721 2876 3825 2932 καὶ

2231 2949 2404 3016 ὕϐριν
2427 2953 2834 3022 ὑπερηφάνων
2862 2958 3235 3016 ταπεινώσω.

2315 3043 2641 3114 Ἀναφανδὸν
2659 3049 2717 3109 ὲν
2737 3048 2947 3114 τούτοις
2965 3051 3236 3114 διδάσκειν
3267 3057 3544 3127 πειρᾶται,
3561 3059 3722 3114 ὁποία
3741 3059 3826 3124 τίς

2229 3134 2378 3188 ὲστιν
2408 3138 2440 3207 ἡ
2464 3138 2735 3209 πρόφασις
2770 3141 2862 3194 τοῦ
2895 3144 3246 3215 συμφοράσαί
3272 3146 3372 3218 μὲν
3391 3147 3532 3220 πρὸς
3559 3150 3822 3222 ἀλλήλους

2227 3229 2356 3292 τοὺς
2383 3227 2672 3300 ἄρχοντας,
2711 3233 3034 3310 μεταϐαλεῖν
3061 3235 3116 3289 δὲ
3171 3237 3234 3290 τὸ
3272 3240 3562 3310 πρόσωπον
3609 3243 3687 3307 ὡς
3714 3244 3822 3300 ἀπὸ

2229 3319 2443 3392 φλογός.
2491 3322 2708 3398 Ἐπειδὴ
2735 3324 2845 3396 γὰρ
2892 3328 3356 3396 κατεμαντεύοντο
3390 3332 3509 3401 μὲν,
3554 3332 3632 3397 ὡς
3662 3334 3817 3407 ἔφην.

2225 3410 2295 3464 τὰ
2325 3410 2446 3464 κατ’
2479 3412 2643 3483 εὐχὴν
2675 3415 2907 3480 ἑαυτοῖς,
2927 3418 3022 3470 καὶ
3054 3420 3186 3473 πᾶσι
3212 3420 3270 3480 δὲ
3298 3410 3409 3485 τοῖς
3435 3422 3818 3490 Βαϐυλωνίοις·

541 3503 762 3573 derint;
795 3515 1076 3576 propterea
1128 3510 1304 3567 dicit:
1337 3513 1570 3571 Mterore
1615 3531 1776 3574 erunt
1818 3522 1981 3590 pleni.
2033 3525 2122 3580 ln-

2232 3501 2630 3575 διημαρτήκασι
2660 3505 2717 3567 δὲ
2768 3507 2868 3575 τῆς
2898 3508 3134 3576 ἐλπίδος·
3183 3513 3358 3586 ταύτῃ
3384 3531 3486 3581 τοι,
3522 3518 3678 3586 φησὶ,
3729 3521 3824 3578 καὶ

541 3597 682 3652 vasit
729 3598 873 3652 enim
917 3615 1012 3656 eos
1043 3603 1360 3660 insanabilis
1387 3607 1524 3674 dies,
1556 3611 1924 3669 universitatis
1950 3615 2129 3672 Domi-

543 3702 613 3741 no
679 3703 800 3743 eam
858 3690 1170 3749 inducente.
1236 3693 1387 3751 Diem
1449 3714 1635 3754 rursus
1685 3713 1840 3758 vocat
1895 3716 2125 3778 tempus,

539 3795 648 3851 quo
673 3769 853 3836 divina
880 3784 995 3840 haec
1020 3796 1071 3841 et
1105 3788 1436 3844 inevitabilis
1468 3792 1546 3846 ira
1567 3795 1796 3861 exstitit,
1829 3806 1886 3851 nt
1928 3809 2126 3855 terram

538 3870 913 3928 Chaldaeorum
983 3875 1038 3930 in
1087 3878 1396 3933 vastitatem
1459 3882 1768 3952 redegerit,
1831 3895 1884 3940 et
1929 3905 2123 3958 pecea-

539 3974 685 4022 tores
726 3979 790 4022 ex
821 3983 883 4023 ea
913 3968 1228 4039 perdiderit.
1263 3967 1374 4027 Nec
1402 3977 1557 4046 quasi
1587 3977 1656 4032 ibi
1695 3981 1910 4048 quidam
1946 3993 2129 4038 essent

537 4057 606 4111 ab
647 4057 728 4113 ira
761 4059 1054 4127 immunes,
1106 4071 1393 4132 propterea
1425 4067 1564 4136 quod
1606 4080 1790 4126 essent
1830 4071 1955 4128 boni
1993 4074 2121 4141 viri,

534 4149 739 4205 idcirco
773 4151 901 4206 dicit
924 4155 1264 4222 perditurum
1315 4173 1374 4214 se
1441 4169 1797 4229 peccatores:
1839 4164 1965 4232 quin
2024 4167 2125 4222 hoc

537 4258 740 4300 nomen
793 4244 972 4315 potius
1033 4248 1286 4305 omnibus
1312 4247 1617 4306 Chaldaicm
1662 4253 1893 4332 regionis
1921 4255 2124 4312 habita-

534 4337 887 4407 toribusjure
920 4350 1230 4411 competere
1279 4343 1500 4411 poterit,
1546 4345 1742 4416 quippe
1794 4346 1886 4416 qui
1933 4363 2122 4406 onmes

535 4441 766 4496 nequam
797 4427 998 4484 fuerint
1053 4439 1108 4484 et
1153 4430 1466 4490 idololatrae.
1517 4433 1780 4505 Quoniam
1841 4451 1970 4492 vero
2017 4455 2125 4492 ma-

532 4519 760 4593 gnitudo
795 4521 1162 4578 calamitatum
1192 4526 1516 4597 quandoque
1550 4526 1846 4584 humanam
1874 4538 2113 4585 mentem

452 4655 460 4672 κ
533 4621 740 4670 tantum
775 4628 877 4666 non
914 4613 1145 4686 ealigine
1175 4625 1230 4671 et
1263 4619 1498 4674 tenebris
1560 4618 1764 4688 opplet,
1827 4628 1884 4673 ut
1954 4621 2117 4674 etiam

2232 3595 2536 3665 κατηφείας
2586 3595 2800 3651 ἔσονται
2853 3601 3061 3670 μεστοί.
3128 3603 3428 3682 Ἐφέστηκε
3479 3607 3588 3683 γάρ
3639 3609 3824 3673 αὐτοῖς

2230 3690 2448 3755 ἀνίατος
2473 3692 2675 3764 ἡμέρα,
2698 3694 2791 3748 τοῦ
2823 3696 3042 3751 πάντων
3066 3700 3269 3768 Κυρίου
3303 3703 3472 3773 αὐτὴν
3497 3705 3820 3773 ἐπάγοντος·

2228 3778 2445 3850 ἡμέραν
2463 3781 2521 3834 δὲ
2554 3783 2717 3840 πάλιν
2746 3783 3000 3856 ὀνομάζει
3028 3786 3118 3841 τὸν
3139 3788 3344 3863 καιρὸν,
3369 3791 3489 3850 καθ’
3512 3790 3571 3852 ὃν
3595 3793 3824 3862 γέγονεν

2293 3871 2414 3926 θεία
2448 3891 2508 3927 τε
2535 3875 2632 3930 καὶ
2679 3877 3036 3951 ἀνουθέτητος
3058 3882 3216 3954 ὀργὴ,
3241 3882 3316 3946 ὡς
3342 3883 3559 3956 τεθῆναι
3587 3886 3686 3959 τὴν
3709 3888 3821 3950 τῶν

2227 3963 2516 4024 Χαλδαίων
2541 3968 2767 4044 ἔρημον,
2795 3973 2889 4027 καὶ
2921 3973 3046 4037 τοὺς
3075 3975 3434 4047 ἁμαρτωλοὺς
3464 3978 3730 4034 ἀπολέσαι
3760 3983 3819 4048 ἐξ

2227 4055 2420 4126 αὐτῆς.
2455 4058 2570 4112 Καὶ
2599 4060 2658 4112 οὐ
2690 4061 2754 4136 δή
2785 4077 2886 4115 που
2917 4063 3134 4130 πάντως
3186 4067 3262 4130 ὼς
3295 4067 3466 4122 ὄντων
3519 4071 3701 4124 ἐκεῖσε
3727 4089 3816 4126 τι·

2225 4149 2355 4217 νῶν,
2382 4151 2430 4205 οἳ
2460 4153 2550 4204 καὶ
2577 4152 2682 4219 ἔξω
2706 4154 2942 4209 τίθενται
2970 4157 3072 4227 τῆς
3105 4157 3274 4230 ὀργῆς
3307 4161 3394 4214 διὰ
3423 4163 3484 4216 τὸ
3510 4158 3650 4217 εῖναι
3679 4184 3818 4243 χρηεν

2228 4243 2366 4303 στοὶ.
2408 4245 2536 4308 τοὺς
2579 4245 2942 4320 ἁμαρτωλοὺς
2993 4250 3292 4306 ἀπολέσθαι
3349 4255 3502 4324 φησί·
3546 4255 3721 4322 ᾇπασι
3756 4260 3814 4312 δὲ

2226 4335 2426 4410 μᾶλλον
2454 4340 2567 4400 τοῖς
2593 4341 2697 4411 τὴν
2718 4339 2998 4394 Χαλδαίων
3049 4343 3256 4396 οίκοῦσι
3303 4346 3486 4416 χώραν
3519 4347 3814 4419 ἁρμόσειεν

2225 4428 2293 4482 ἂν
2313 4430 2544 4494 εἰκότως
2581 4430 2844 4510 τοῦνομα,
2875 4433 3054 4488 διάτοι
3093 4434 3154 4488 τὸ
3205 4437 3415 4500 πάντας
3439 4441 3711 4510 πονηροὺς
3737 4438 3812 4506 εἴ,

2221 4533 2313 4575 ναι
2373 4521 2469 4572 καὶ
2519 4518 2938 4594 είδωλολάτρας’.
2994 4523 3211 4596 Ἐπειδὴ
3243 4525 3300 4586 δὲ
3346 4526 3417 4588 τὰ
3469 4529 3678 4606 μεγέθη
3700 4532 3812 4593 τῶν

2223 4608 2520 4681 συμφορῶν
2552 4609 2664 4662 ἔσθ’
2698 4611 2786 4665 ὅτε
2825 4615 3110 4688 μονονουχὶ
3135 4615 3334 4669 σκότου
3365 4618 3458 4671 καὶ
3495 4619 3692 4690 ἀχλύος
3717 4623 3811 4676 τὸν

528 4720 655 4759 eum
683 4706 798 4760 dies
829 4707 920 4772 sit,
957 4706 1046 4761 lux
1098 4710 1231 4764 solis
1290 4712 1486 4766 abesse
1533 4711 1895 4774 existimetur,
1950 4718 2006 4764 et
2051 4712 2118 4767 ad

2232 4695 2561 4769 ivOpu'mtvov
2611 4702 3033 4773 καταπιμπλᾶσι
3086 4705 3248 4774 νοῦν,
3304 4707 3380 4770 ὼς
3439 4708 3535 4762 καὶ
3597 4709 3810 4782 ἡμέρας

531 4797 712 4856 lutnen
749 4801 1096 4868 praebendum
1119 4801 1301 4858 omnis
1327 4802 1416 4858 ille
1443 4811 1674 4857 ornatus
1707 4801 1831 4857 coeli
1861 4809 1916 4856 et
1948 4802 2116 4871 ipsius

2232 4785 2386 4862 >βσης
2409 4793 2628 4857 ἀπεῖναι
2651 4793 2831 4853 δοκεῖν
2852 4794 2947 4849 τοῦ
2983 4796 3137 4867 ἡλίου
3163 4797 3225 4853 τὸ
3259 4797 3395 4872 φῶς,
3418 4799 3727 4871 ἀπρακτεῖν
3751 4803 3808 4855 δ

499 4870 673 4946 Ἰιιιιω
707 4889 863 4947 orbis
918 4890 1165 4948 inefﬁcax
1213 4908 1334 4948 esse
1399 4894 1669 4959 videatur,
1721 4892 1844 4948 ideo
1899 4893 2110 4964 inquit,

2232 4899 2358 4948 πως,
2388 4884 2471 4949 εἷς
2491 4902 2556 4954 γε
2578 4886 2639 4939 τὸ
2664 4886 2922 4941 δύνασθαι
2944 4870 3308 4959 κπαυγάσαι,
3326 4909 3399 4962 φη
3409 4893 3490 4962 μὶ,
3511 4870 3611 4952 καὶ
3628 4893 3804 4948 πάντα

528 4982 690 5036 Astra
718 4983 841 5038 coeli
873 4995 927 5040 et
956 4984 1147 5051 Orion,
1181 4995 1235 5041 et
1268 4988 1445 5042 omnis
1471 4995 1695 5042 ornatus
1753 4985 1876 5042 coeli
1931 4986 2112 5043 lumen

531 5090 634 5129 non
687 5076 910 5144 dabunt,
961 5086 1014 5131 et
1070 5080 1307 5134 tenebrae
1340 5078 1654 5150 Babyloniis
1680 5094 1772 5135 seu
1801 5079 1970 5138 menti
2011 5077 2115 5134 Ba.

528 5167 871 5238 byloniorum
903 5167 1267 5236 oﬂ'undentur,
1296 5171 1458 5226 etiam
1490 5171 1603 5225 sole
1626 5171 1857 5238 oriente,
1889 5180 1942 5227 et.
1986 5172 2111 5228 luna

527 5260 866 5330 splendente,
903 5261 1119 5316 etiamsi
1144 5262 1411 5318 elementa
1445 5263 1628 5319 lumen
1663 5278 1818 5318 suum
1843 5280 1948 5318 non
1979 5280 2110 5319 con-

531 5353 817 5418 traxerint,
841 5354 935 5408 sed
957 5357 1100 5422 quod
1123 5354 1196 5408 illi
1223 5355 1366 5408 velut
1392 5371 1501 5426 prae
1523 5370 1716 5426 magno
1741 5366 1884 5411 metu
1917 5357 2113 5413 divine

527 5446 623 5500 ira:
651 5445 876 5518 subjecti
919 5457 1123 5512 essent,
1158 5458 1214 5504 et
1238 5449 1418 5504 animo
1471 5459 1686 5504 noctem
1723 5457 1781 5504 et
1862 5450 2113 5505 tenebras

526 5535 1107 5592 haberent.Mandabo
1165 5547 1368 5604 autem,
1428 5539 1623 5608 inquit,
1675 5538 1929 5594 universo
1989 5538 2109 5595 orbi

431 5685 433 5687 _
527 5628 691 5682 mala.
742 5628 1027 5694 Mandabo,
1059 5629 1136 5685 ait
1177 5645 1300 5702 pro,
1331 5631 1596 5694 minabor,
1625 5631 1712 5686 vel
1745 5629 1931 5685 inferri
1966 5645 2107 5701 prae-

415 5731 430 5743 ‘
524 5719 724 5792 cipiam
764 5733 822 5776 ut
853 5723 1162 5793 superbiam
1195 5722 1503 5792 iniquorum
1534 5734 1799 5789 evertam,
1832 5731 1886 5777 et
1914 5736 2108 5794 super-

525 5808 626 5866 bos
661 5809 804 5878 illos,
829 5810 1086 5868 nimirum
1121 5820 1438 5883 arrogantes
1464 5812 1786 5884 deprimam.
1827 5809 2101 5872 Fastuosa

2217 4975 2312 5030 τὸν
2345 4976 2552 5049 κόσμον
2573 4979 2666 5032 τοῦ
2700 4979 2954 5052 ούρανοῦ,
2987 4981 3084 5034 καὶ
3133 4981 3304 5053 αὐτῆς
3355 4982 3413 5037 δὲ
3440 4983 3540 5060 τῆς
3572 4985 3804 5056 σελήνης

2217 5069 2310 5123 τὸν
2344 5069 2578 5125 κύκλον·
2620 5072 2792 5145 ταύτῃ
2824 5074 2906 5127 τοί
2939 5089 3126 5145 φησιν·
3189 5077 3252 5128 Ol
3288 5074 3398 5147 γὰρ
3437 5076 3669 5146 ἀστέρες
3711 5082 3804 5133 τοι

2217 5161 2470 5234 οὐρανοῦ,
2510 5165 2604 5216 καὶ
2633 5165 2662 5217 ὁ
2703 5165 2916 5236 Ὠρίων,
2949 5169 3043 5220 καὶ
3069 5169 3178 5231 πᾶς
3209 5169 3236 5221 ὁ
3270 5169 3475 5244 κόσμος
3502 5168 3600 5222 τοῦ
3637 5171 3790 5241 ούρα-

2218 5253 2310 5309 νοῦ
2339 5254 2401 5307 τὸ
2426 5255 2542 5324 φῶς
2567 5257 2628 5309 οὐ
2667 5256 2919 5312 δώσουσι·
2957 5258 3409 5332 σκοτισθήσεσθαι
3447 5260 3504 5314 δὲ
3533 5262 3663 5325 τοὺς
3698 5261 3776 5318 Ba

2219 5344 2535 5411 6υλωνίους,
2563 5347 2680 5419 ἦτοι
2705 5348 2815 5402 τῶν
2861 5348 3220 5409 Βαϐυλωνίων
3270 5350 3365 5404 τὸν
3395 5350 3542 5407 νοῦν·
3574 5354 3671 5406 καὶ
3711 5353 3806 5412 ἀν-

2222 5438 2461 5510 ίσχοντος
2477 5439 2569 5493 τοῦ
2593 5440 2766 5512 ἡλίου,
2790 5442 2884 5495 καὶ
2906 5442 3335 5514 ἀναλαμπούσης
3358 5434 3608 5515 σελήνης,
3627 5443 3802 5497 καίτοι

2215 5531 2324 5584 τῶν
2353 5533 2634 5604 στοιχείων
2660 5533 2720 5587 ού
2758 5534 3199 5589 συνεσταλκότων
3227 5536 3290 5588 τὸ
3325 5535 3464 5605 φῶς,
3493 5535 3612 5590 ἀλλ’
3641 5535 3719 5600 ὡς
3740 5537 3801 5596 ἐκ

2215 5623 2410 5677 πολλοῦ
2433 5623 2684 5698 δείματος
2715 5626 2812 5680 καὶ
2834 5629 2954 5691 ταῖς
2979 5626 3154 5690 θείαις
3193 5628 3387 5700 ὀργαῖς
3426 5626 3800 5699 ὑπενηνεγμέ-

2217 5732 2344 5777 νων,
2365 5715 2535 5769 νύκτα
2555 5733 2614 5768 τε
2641 5717 2734 5775 καὶ
2761 5716 2951 5780 σκότος
2975 5716 3209 5788 ἐχόντων
3240 5718 3320 5781 είς
3342 5716 3488 5771 νοῦν.
3529 5716 3798 5770 Ἐντελοῦν

2213 5825 2314 5880 μαι
2333 5808 2412 5875 δὲ,
2439 5809 2595 5884 φησὶ,
2616 5811 2683 5884 τῇ
2704 5809 2998 5885 οἰκουμένῃ
3027 5809 3123 5887 ὅλῃ
3149 5809 3318 5865 κακά.
3347 5809 3442 5878 To,
3473 5808 3792 5885 ὲντελοῦμαι
