4016 6524
247 371 358 428 357

1401 367 1467 423 IN
1510 367 1750 426 ISAIAM
1789 367 1921 423 LIB.
1965 367 2030 423 ll.
2070 369 2312 428 TOMUS
2351 371 2413 426 ll.

3467 379 3578 434 558

247 490 442 559 φησιν,
472 487 602 542 ἀντὶ
618 488 740 556 τοῦ,
764 489 1072 558 ἀπειλήσω,
1101 489 1270 560 ἧγουν
1299 489 1666 562 ἐπενεχθῆναι
1697 507 1870 563 προσ-

1999 491 2128 547 enim
2186 473 2405 562 semper
2444 501 2498 548 et
2559 492 2977 549 dissolutissima
3061 494 3163 550 fuit
3227 495 3575 567 Assyriorum

244 581 418 646 τάξω,
461 579 618 633 ὥστε
652 581 749 634 xui
797 580 957 653 ὕϐριν
987 581 1207 652 ἀνόμων
1239 581 1514 650 καθελεῖν,
1545 583 1882 638 ταπεινῶσαι

242 669 300 727 δὲ
329 671 470 733 τοὺς
529 670 954 744 ὑπερηφάνους,
1016 671 1219 736 αὐτοὺς
1252 673 1498 744 δηλονότι
1527 674 1656 738 τοὺς
1684 674 1883 738 άλαζό-

245 778 366 826 νας.
419 759 786 832 Ὑπέροπτον
810 762 919 834 γάρ
977 777 1095 826 πως
1125 763 1215 817 ἀεὶ
1268 762 1364 818 xui
1411 762 1788 834 ὲξιτηλότατον
1820 763 1882 820 τὸ

261 853 573 925 Ἀσσυρίων
610 853 844 923 γέγονεν
870 854 1047 920 ἔθνος,
1079 856 1174 909 καὶ
1212 855 1352 927 πρός
1380 873 1445 926 γε
1480 856 1657 927 τούτῳ
1691 855 1879 928 θεομι-

260 949 377 1013 σές.
401 947 687 1019 Τετίμητο
710 948 824 1021 γάρ
853 950 982 1022 παρ’
1005 951 1195 1014 αὐτοῖς
1221 951 1332 1006 τῶν
1379 952 1478 1022 μὲν
1513 951 1757 1024 ἀρίστων
1786 952 1879 1005 ού-

263 1040 373 1096 δέν·
402 1041 549 1096 ἅπαν
578 1040 640 1094 δὲ
677 1041 886 1111 μᾶλλον
915 1041 977 1096 τὸ
1012 1041 1354 1097 καταλυπεῖν
1381 1044 1630 1113 πεφυκὸς
1652 1044 1745 1099 τὸν
1773 1044 1884 1098 τῶν

252 1132 392 1186 ὅλων
412 1132 573 1188 Θεόν.
620 1134 828 1187 ’ἰστέον
857 1133 914 1188 δε
944 1135 1028 1188 ὅτι
1056 1135 1105 1188 οἱ
1135 1135 1237 1206 τὴν
1267 1135 1419 1189 θείαν
1451 1136 1885 1209 διερμηνεύσαν·

244 1239 342 1286 τες
373 1223 414 1276 Γ
421 1224 636 1295 ραφὴν,
693 1225 952 1296 Ὠρίωνος
1005 1226 1334 1298 πεποίηνται
1385 1229 1629 1304 μνήμην,
1667 1229 1726 1283 ἒν
1779 1231 1887 1284 τῶν

245 1318 510 1390 ἀστέρων
535 1319 603 1372 τὸ
633 1319 1050 1392 ἐπισημότατον
1076 1321 1144 1376 δι’
1177 1322 1344 1376 αὑτοῦ
1377 1324 1760 1396 σημαίνοντες,
1791 1325 1886 1380 καὶ

244 1411 305 1463 05
340 1411 401 1464 τί
432 1429 546 1466 που
585 1412 812 1476 πάντως
837 1416 962 1476 ταῖς
996 1413 1272 1486 Ἑλλήνων
1306 1415 1621 1488 τερθρείαις
1649 1434 1884 1472 κατακο-

247 1501 633 1573 λουθήσαντες
654 1502 725 1556 τὰ
758 1501 938 1556 τοιάδε
971 1504 1159 1572 φασὶν,
1193 1507 1608 1578 κατεχρήσαντο
1649 1507 1707 1561 δὲ
1743 1508 1884 1579 μᾶλ-

1989 583 2157 649 natio,
2187 592 2240 638 et
2271 598 2434 652 porro
2470 583 2580 641 Deo
2621 584 2814 640 invisa.
2851 584 3128 654 Quidquid
3186 587 3332 642 enim
3377 589 3580 642 bonum

1984 681 2088 739 est,
2112 671 2257 726 nullo
2282 673 2422 742 apud
2451 687 2547 729 eos
2577 672 2632 728 in
2655 673 2859 729 honore
2889 673 3225 731 habebatur:
3260 678 3446 732 omnia
3477 692 3578 732 an-

1985 773 2092 818 tem
2119 761 2338 819 luerunt
2400 765 2468 819 ad
2531 765 2898 822 universitatis
2963 766 3130 822 Deum
3198 767 3578 825 oﬂ'endendnni

1984 863 2320 924 comparata.
2375 853 2666 910 Sciendum
2713 869 2845 910 vero
2900 856 2992 925 qui
3064 857 3402 926 interpretati
3455 869 3583 912 sunt

1985 947 2225 1002 divinam
2275 945 2640 1017 Scripturam,
2697 945 2918 1004 Orionis
2981 946 3174 1004 fecisse
3224 949 3576 1008 mentionem,

1988 1049 2045 1096 ut
2075 1056 2240 1096 unum
2267 1039 2484 1110 aliquod
2533 1056 2602 1096 ex
2659 1041 2825 1096 astris
2885 1040 3319 1109 insignissimum
3366 1040 3579 1110 signiti-

1985 1147 2205 1203 carent;
2236 1151 2356 1203 nec,
2399 1137 2563 1207 222
2596 1139 2724 1192 dum
2775 1138 2874 1194 ista
2909 1137 3120 1202 dicunt,
3151 1137 3462 1195 Graecorum
3496 1139 3602 1194 in--

1985 1219 2329 1286 cantamenta
2366 1231 2540 1286 secuti
2579 1237 2728 1298 sunt,
2761 1230 2856 1286 sed
2892 1231 3073 1301 potius
3121 1231 3274 1286 abusi
3313 1241 3440 1288 sunt
3480 1248 3580 1286 no-

1987 1324 2135 1378 mine
2169 1324 2369 1380 usitato
2391 1334 2446 1380 et
2477 1324 2628 1390 trito,
2657 1325 3114 1395 quemadmodum
3140 1325 3392 1396 profecto
3417 1328 3580 1381 etiam

1990 1417 2046 1472 in
2075 1416 2179 1473 Job
2205 1417 2466 1489 scriptum
2515 1428 2627 1474 est:
2665 1437 2685 1470 ι
2744 1418 2843 1484 Qui
2871 1419 3000 1474 facit
3053 1419 3303 1476 Pleiadas
3366 1428 3420 1474 et
3477 1419 3582 1472 Ve-

1989 1522 2232 1578 sperum,
2275 1517 2329 1563 et
2367 1509 2684 1574 Arcturum,
2718 1519 2774 1563 et
2808 1511 3180 1580 promptuaria
3210 1509 3332 1566 Noli
3360 1511 3425 1565 9'.
3471 1530 3493 1564 ι

246 1596 340 1649 λον
361 1596 450 1668 τῷ
480 1597 634 1651 κατὰ
659 1597 954 1669 συνήθειαν
975 1598 1224 1671 ὀνόματι,
1260 1601 1516 1674 καθάπερ
1559 1603 1752 1674 ἀμέλει
1789 1603 1886 1659 xui
1924 1603 1984 1657 ὲν
2018 1602 2099 1675 τῷ
2138 1602 2260 1658 Ἰὼϐ
2293 1603 2630 1676 γέγραπταιο
2673 1622 2692 1657 ι
2734 1605 2793 1658 '0
2824 1604 2998 1660 ποιῶν
3044 1606 3284 1662 Πλειάδα
3323 1607 3419 1662 xui
3460 1608 3585 1662 "Ea-

249 1709 426 1764 περον
457 1693 560 1747 καὶ
605 1693 942 1766 Ἀρκτοῦρον
971 1697 1068 1749 καὶ
1098 1699 1324 1769 ταμιεῖα
1363 1699 1592 1754 Νότου.»

323 1791 442 1843 Καὶ
475 1789 735 1845 ἔσονται
764 1794 820 1846 οἱ
863 1794 1408 1864 καταλελειμμένοι
1463 1794 1693 1865 ἔντιμοι
1737 1795 1888 1866 μᾶλ-

2069 1793 2236 1849 νειιε.
2271 1791 2360 1847 12.
2391 1788 2460 1845 Ει
2485 1802 2638 1846 erunt
2682 1793 2990 1863 superstites
3053 1795 3391 1864 pretiosiores
3447 1791 3585 1853 auro

254 1887 375 1937 λον
425 1884 466 1951 ἣ
498 1882 572 1936 τὸ
604 1884 871 1952 χρυσίον
901 1884 970 1938 τὸ
1020 1883 1278 1954 ἄπυρον·
1319 1886 1422 1940 καὶ
1482 1890 1516 1942 ό
1570 1887 1883 1956 ἄνθρωπος

250 1975 510 2044 μᾶλλον
538 1973 786 2044 ἔντιμος
816 1975 1015 2040 ἔσται,
1044 1975 1086 2045 ἢ
1111 1979 1144 2030 d
1166 1976 1340 2043 λίθος
1367 1979 1401 2030 ὀ
1427 1977 1497 2031 ἐκ
1522 1978 1806 2047 Σουφείρ.

331 2067 608 2138 Ἔντιμον
642 2067 721 2139 (1)
751 2069 810 2122 ὲν
837 2067 1053 2132 τούτοις
1077 2067 1140 2123 τὸ
1193 2069 1478 2141 ζητητέον.
1533 2070 1885 2143 Ὀλιγανδρή·

258 2175 378 2212 σειν
407 2158 600 2212 τοίνυν
640 2159 812 2230 φησὶν
837 2158 982 2212 οὓτω
1003 2160 1105 2232 τὴν
1134 2159 1517 2228 Βαϐυλωνίων,
1541 2161 1635 2215 καὶ
1663 2161 1884 2218 ἅπασαν

254 2254 316 2308 δὲ
343 2251 450 2324 τὴν
489 2251 806 2322 Ἀσσυρίων
839 2251 1047 2324 χώραν,
1103 2251 1180 2317 ὡς
1237 2254 1598 2325 δυσευρέτους
1631 2254 1884 2323 γενέσθαι

256 2343 395 2407 τοὺς
434 2340 656 2408 ζῶντας
682 2345 741 2396 ἐν
768 2341 931 2414 αὐτῇ,
965 2342 1061 2397 xui
1099 2342 1372 2415 τοσαύτην
1396 2342 1505 2397 τῶν
1535 2327 1887 2415 περιλελειμ-

261 2435 451 2506 μένων
479 2433 585 2506 τὴν
621 2433 847 2502 σπάνιν,
870 2435 972 2506 ὅση
1000 2435 1096 2490 xui
1134 2435 1298 2490 λίθων
1333 2436 1593 2502 Ἰνδικῶν,
1622 2438 1717 2491 xui
1751 2454 1888 2509 χρυ-

260 2528 386 2582 σίου
447 2525 551 2581 τοῦ
602 2527 1008 2598 δοκιμωτάτου.
1066 2529 1230 2582 Δοκεῖ
1261 2528 1368 2600 γάρ
1429 2546 1550 2593 πως
1587 2529 1660 2584 τά
1707 2529 1887 2585 τοιάδε

259 2618 422 2690 παρά
450 2634 604 2674 τισιν
637 2615 782 2674 εἶναι
814 2619 1003 2689 τίμια,
1034 2619 1125 2673 διὰ
1154 2619 1216 2674 τὸ
1246 2619 1367 2676 λίαν
1395 2621 1777 2694 δυσπόριστον,
1793 2622 1890 2676 καὶ

263 2710 379 2782 μὴν
407 2711 497 2764 ὅτι
527 2709 714 2779 ὀλίγα,
747 2711 842 2764 xui
874 2709 1050 2781 μόλις.
1085 2711 1320 2778 Οὐκοῦν,
1369 2713 1446 2777 ὡς
1469 2711 1537 2768 ἂν
1565 2708 1696 2782 εἷεν,
1728 2715 1887 2786 φησὶ,

259 2805 618 2876 δυσπόριστα
668 2803 742 2858 τὰ
805 2803 1119 2878 ἀνθρώποις
1168 2806 1600 2878 τεθαυμασμένα
1657 2806 1796 2863 λίθοι
1827 2824 1890 2865 τε

261 2896 469 2972 τίμιοι,
501 2897 605 2952 καὶ
631 2897 695 2952 τὸ
715 2895 1014 2970 ἀπύρωτον
1043 2898 1290 2970 χρυσίον,
1319 2898 1465 2954 τοῦτ’
1490 2898 1627 2964 ἔστι,
1655 2900 1719 2955 τὸ
1744 2899 1892 2956 δοκι-

265 2989 552 3061 μώτατον,
585 2987 767 3054 οὕτως
787 2989 1007 3046 ισονται
1063 2989 1256 3061 ὀλίγοι,
1290 2990 1387 3046 xui
1426 2991 1582 3062 μόλις
1620 2992 1671 3046 οἱ
1699 2993 1765 3048 ἐκ
1792 3009 1888 3049 πο·

259 3082 437 3154 λέμου
488 3080 1006 3154 περιλελειμμένοι,
1066 3083 1162 3138 xui
1213 3081 1276 3136 τὸ
1319 3081 1429 3138 τῶν
1479 3084 1890 3156 μεμαχημένων

252 3172 643 3243 διαφυγόντες
675 3171 887 3242 στίφος.

345 3267 402 3319 '0
432 3266 553 3335 τὰρ
583 3263 851 3332 οὐρανὸς
883 3262 1327 3334 θυμωθήσεται,
1357 3265 1460 3320 καί
1482 3266 1522 3337 ἠ
1544 3265 1622 3344 γῆ
1640 3267 1892 3340 σεισθῆ-

263 3371 441 3412 aetas
473 3356 548 3412 ἐκ
589 3354 716 3410 τῶν
762 3356 1061 3426 θεμελίων
1098 3355 1314 3426 αὐτῆς,
1345 3356 1446 3412 διὰ
1473 3357 1670 3430 θυμὸν
1705 3359 1893 3433 ὀργῆς

271 3451 503 3517 Κυρίου
533 3446 789 3504 Σαϐαὼθ
816 3447 896 3518 τῇ
945 3447 1162 3521 ἡμέρᾳ,
1195 3448 1343 3504 ὅταν
1375 3449 1602 3522 ἐπέλθῃ
1635 3453 1670 3507 ό
1703 3453 1893 3524 θυμὸς

275 3539 497 3599 αὑτοῦ.
931 3561 944 3584 κ

358 3632 598 3687 Λαλοῠσι
643 3631 748 3703 μὲν
776 3629 1160 3703 ὑπερϐολικῶς
1196 3625 1248 3685 oi
1277 3631 1542 3705 μακάριοι
1573 3632 1889 3706 προφῆται,

278 3725 374 3778 xui
404 3723 505 3795 τὴν
535 3723 693 3778 θείαν
726 3740 787 3778 τε
810 3722 906 3778 xui
939 3721 1220 3796 ἄφραστον
1251 3722 1481 3796 δύναμιν
1514 3741 1573 3778 τε
1615 3725 1710 3780 καὶ
1735 3725 1894 3794 δόξαν

268 3818 568 3888 δεχόμενοι
598 3816 748 3872 κατὰ
774 3815 921 3884 νοῦν,
950 3815 1201 3888 αἴρουσιν
1240 3815 1377 3886 ὑψοῦ
1429 3816 1531 3881 τάς
1563 3817 1767 3888 φωνὰς,
1799 3819 1896 3874 καὶ

269 3908 492 3979 μεγέθη
559 3910 678 3972 τοῖς
751 3907 1090 3979 διηγήμασιν
1141 3907 1451 3965 ἐπινοοῦσιν
1498 3910 1568 3964 τὰ
1617 3909 1891 3985 ἐξαίρετα.

277 4001 402 4054 ’Δεὶ
440 4000 505 4053 δέ
535 4017 656 4063 πως
683 3997 1027 4071 ὀργιζομένῳ
1058 3999 1180 4071 Θεῷ
1241 4000 1717 4074 συγκαταθήγεται
1757 4003 1897 4077 πρὸς

263 4094 449 4166 ὀργὰς
480 4094 582 4147 xui
621 4095 654 4166 ἡ
684 4093 847 4166 δούλη
883 4095 1085 4158 κτίσις,
1115 4092 1490 4158 διανιστάντος
1543 4096 1762 4162 πάντως
1790 4113 1894 4152 που

265 4189 417 4260 πρὸς
447 4186 614 4240 τοῦτο
634 4185 806 4258 αὐτὴν
838 4184 935 4240 τοῦ
972 4186 1108 4240 πᾶσι
1140 4187 1590 4257 προστάττοντος.
1629 4181 1744 4243 Kui
1765 4187 1895 4259 γοῦν

265 4281 560 4353 ὠργίζετο
590 4281 690 4351 μὲν
716 4279 1064 4350 Αἰγυπτίοις,
1092 4281 1399 4354 ἀπρακτεῖν
1426 4281 1484 4336 δὲ
1524 4284 1558 4352 ἡ
1586 4282 1764 4347 κτίσις
1793 4283 1897 4338 οὐκ

268 4373 572 4443 ἠνέσχετο.
626 4371 940 4426 Μεθίστατο
983 4371 1082 4442 μὲν
1126 4372 1238 4444 γὰρ
1281 4373 1363 4436 είς
1424 4367 1564 4444 αἷμα
1616 4372 1680 4426 τὸ
1727 4373 1894 4448 ὕδωρ,

272 4466 452 4536 ἐξῆρε
476 4464 536 4520 δὲ
569 4464 726 4537 καὶὴ
756 4465 828 4537 γῆ
859 4465 1190 4537 βατράχους,
1251 4465 1397 4522 καθὰ
1437 4467 1774 4538 γέγραπται,
1803 4485 1900 4524 κα-

275 4558 390 4613 θίει
420 4559 482 4612 δὲ
515 4557 762 4628 χαλάζας
797 4560 826 4613 ὀ
853 4557 1104 4629 οὐρανός·
1141 4557 1236 4612 καὶ
1295 4558 1404 4630 μὴν
1433 4558 1529 4612 xui
1577 4557 1771 4631 βαθὺς,
1801 4559 1899 4615 xui

1988 1887 2190 1952 obriso,
2225 1893 2274 1941 et
2325 1886 2480 1940 homo
2512 1885 2796 1966 pretiosior
2839 1886 2938 1940 erit
2981 1886 3158 1953 lapide
3205 1904 3271 1944 ea:
3331 1887 3582 1956 Saphiro.

2059 2063 2366 2121 Pretiosum
2397 2062 2451 2117 in
2503 2063 2590 2117 his
2621 2062 2753 2133 quid
2783 2063 2876 2129 sit,
2927 2065 3281 2134 quaerendum
3319 2076 3421 2123 est.
3479 2066 3587 2123 Ita.

1987 2176 2094 2232 que
2127 2159 2262 2217 dicit
2295 2169 2497 2215 terram
2529 2156 2980 2230 Babyloniorum,
3007 2168 3064 2212 et
3086 2167 3252 2213 totam
3310 2160 3586 2229 regionem

1987 2253 2336 2325 Assyriorum
2384 2265 2448 2307 ea
2471 2251 2750 2323 paucitate
2787 2250 3030 2307 virorum
3099 2251 3498 2318 laboraturam,
3529 2265 3589 2309 ut

1989 2347 2142 2403 vivos
2170 2348 2222 2400 in
2260 2360 2324 2401 ea
2355 2344 2599 2415 reperire
2633 2343 2876 2400 futurum
2899 2344 2971 2400 sit
3005 2343 3247 2411 dillicile,
3271 2355 3590 2416 tantamque

1992 2439 2271 2496 raritatem
2322 2435 2674 2507 superstitum
2719 2443 2922 2506 quanta
2973 2443 3061 2492 est
3094 2435 3338 2505 lapidum
3373 2434 3591 2492 Indico-

1993 2546 2111 2586 rum
2135 2539 2192 2586 et
2219 2531 2336 2585 auri
2381 2529 2780 2600 probatissimi.
2836 2527 3067 2586 Videtur
3119 2530 3266 2585 enim
3318 2528 3586 2599 ejusmodi

1991 2623 2132 2692 apud
2159 2622 2425 2692 quosdam
2454 2621 2508 2676 in
2539 2622 2746 2677 honore
2804 2635 2928 2677 esse
2957 2631 3015 2676 et
3057 2622 3261 2693 pretio,
3325 2637 3393 2676 eo
3445 2624 3588 2691 quod

1993 2712 2277 2771 dilﬁculter
2309 2712 2598 2768 admodum
2648 2711 2910 2782 parabilia
2964 2710 3098 2777 sint,
3147 2710 3378 2781 etquod
3419 2725 3588 2781 pauca

1989 2808 2124 2875 sint,
2149 2815 2210 2862 et
2237 2821 2362 2862 raro
2382 2804 2751 2862 inveniantur.
2782 2801 2854 2860 Ut
2882 2803 3065 2874 igitur,
3105 2803 3435 2874 inquit,qua2
3449 2804 3592 2872 apud

1992 2900 2244 2958 homines
2275 2900 2328 2955 in
2357 2897 2720 2955 admiratione
2749 2906 2899 2965 sunt,
2936 2906 3130 2966 paratu
3158 2895 3398 2952 diliicilia
3430 2907 3589 2961 sunt,

1989 2993 2216 3065 pretiosi
2236 2991 2461 3062 lapides,
2491 3000 2547 3046 et
2599 2991 2794 3046 aurum
2823 2990 3094 3068 obrizum,
3121 2989 3175 3046 id
3211 3000 3320 3054 est,
3372 2999 3588 3061 specta-

1995 3087 2302 3144 tissimum:
2342 3085 2425 3141 sic
2453 3093 2617 3140 erunt
2658 3093 2716 3141 et
2741 3084 2896 3154 pauci
2919 3069 2981 3141 et
3044 3099 3191 3148 raro,
3247 3083 3339 3153 qui
3382 3097 3414 3141 e
3451 3083 3594 3140 bello

1919 3161 1963 3222 (ἶ
1992 3179 2240 3238 derelicti
2295 3189 2575 3235 catervam
2607 3176 2933 3234 bellatorum
2959 3175 3244 3248 effugient.

2069 3270 2238 3327 Vsus.
2277 3271 2366 3325 15.
2427 3268 2628 3324 (Icelum
2683 3269 2822 3324 enim
2857 3269 3135 3332 irascetur,
3181 3276 3228 3322 et
3283 3277 3424 3322 terra
3471 3281 3593 3321 con-

1987 3365 2284 3420 eutietura
2334 3362 2698 3432 fundamentis
2753 3361 2865 3416 suis
2928 3369 3143 3431 prapter
3199 3359 3434 3428 furorem
3494 3359 3597 3413 ira:

1993 3457 2212 3515 Domini
2243 3455 2506 3522 Sabaoth,
2529 3470 2592 3510 eo
2638 3453 2723 3509 die
2758 3469 2862 3524 quo
2888 3451 3080 3508 venerit
3102 3451 3256 3521 furor
3283 3451 3422 3521 ejus.

2066 3631 2386 3704 Loquuntur
2426 3627 2778 3702 hyperbolice
2801 3627 2948 3685 beati
3001 3633 3302 3698 propnetae,
3337 3633 3394 3681 et
3449 3625 3594 3680 divi-

1995 3722 2124 3785 nam
2161 3741 2226 3782 ac
2250 3723 2688 3795 inexplicabilem
2719 3721 3017 3794 potentiam
3038 3734 3104 3776 ac
3143 3718 3375 3790 gloriam
3408 3717 3596 3773 animo

1997 3823 2303 3892 capientes,
2339 3818 2447 3874 alte
2477 3831 2648 3873 voces
2683 3821 3038 3885 exaggerant,
3080 3822 3136 3868 et
3167 3811 3593 3881 magnitudinem

1997 3913 2258 3970 eximiam
2290 3911 2344 3967 in
2370 3908 2781 3966 narrationibus
2814 3906 2928 3962 suis
2959 3903 3330 3970 considerant,
3360 3917 3424 3958 ac
3453 3915 3597 3957 sern-

1997 4013 2093 4078 per
2118 4006 2257 4062 irato
2290 4004 2420 4070 Deo,
2453 4001 2792 4060 simuletiam
2849 3998 2918 4054 ad
2955 3998 3092 4053 iram
3128 3997 3415 4052 exacuitur
3437 4000 3595 4053 serva

2007 4108 2290 4164 creatura,
2317 4098 2546 4154 omnino
2563 4112 2685 4153 eam
2701 4097 2809 4152 huc
2823 4095 3096 4152 excitante
3130 4091 3317 4164 eo,qui
3346 4092 3599 4149 omnibus

1993 4196 2253 4268 imperat.
2281 4192 2605 4250 Succensuit
2629 4191 2828 4261 quippe
2859 4189 2947 4244 ille
2974 4185 3249 4259 Egyptiis
3279 4203 3294 4242 ι
3345 4195 3596 4241 creatura

2006 4298 2191 4344 autem
2222 4301 2444 4354 cessare
2513 4299 2622 4340 non
2674 4279 3250 4338 sustinuit.Tra‘nsi‘vit
3310 4276 3510 4348 quippe
3537 4275 3596 4330 in

1991 4379 2321 4450 sanguinem
2384 4391 2549 4446 aqua,
2596 4372 2880 4429 scaturivit
2951 4378 3097 4425 terra
3156 4382 3345 4432 ranas,
3397 4365 3594 4421 coelum

1999 4466 2218 4523 demisit
2245 4465 2588 4537 grandinem,
2605 4461 2887 4532 profundae
2913 4459 3154 4516 tenebras
3190 4457 3352 4512 trium
3382 4455 3594 4512 dierum

2001 4559 2179 4629 spatio
2245 4572 2342 4628 per
2401 4566 2568 4612 totam
2587 4568 2778 4611 eorum
2817 4552 3099 4621 regionem
3125 4549 3402 4619 dissipatae
3440 4557 3590 4614 sunt,

275 4651 595 4722 τριήμερος
622 4649 845 4719 ἀπάσης
888 4649 1072 4703 αὐτῶν
1129 4648 1231 4719 τῆς
1284 4649 1471 4721 χώρας
1504 4651 1888 4706 κατεσκίδνατι

1999 4655 2138 4710 sicut
2192 4652 2453 4722 scriptum
2487 4658 2591 4706 est.
2623 4648 2840 4720 Itaque,
2887 4645 3086 4716 inquit,
3124 4645 3392 4700 irascetur
3430 4641 3597 4697 etiam

279 4743 506 4805 σκότος.
533 4740 746 4795 Οὐκοῦν
777 4740 1188 4812 θυμωθήσεται,
1223 4740 1380 4812 φησὶ,
1415 4744 1513 4797 xui
1556 4742 1719 4808 αὐτὸς
1749 4744 1778 4796 ὀ
1806 4744 1898 4797 οὺ-

279 4833 475 4906 ρανὸς,
514 4831 611 4886 καὶ
661 4827 774 4885 οἷον
807 4831 874 4884 ὲκ
916 4830 1134 4904 βάθρων
1178 4833 1213 4904 η
1262 4832 1336 4905 γῆ
1385 4835 1774 4906 σεισθήσεται,
1809 4836 1899 4893 διὰ

279 4925 464 4999 θυμὸν
489 4925 663 4998 ὀργῆς
691 4923 925 4997 Κυρίου.
959 4924 1372 4996 Συνεκπολεμετ
1403 4927 1513 4999 γὰρ
1545 4928 1778 4998 ήκτίσις
1804 4929 1897 4983 ἐπὶ

1999 4745 2172 4815 ipsum
2223 4745 2446 4807 crelum,
2479 4751 2534 4797 et
2577 4740 2726 4796 velut
2764 4755 2795 4796 a
2823 4736 3195 4797 fundamentis
3214 4745 3364 4791 terra
3397 4748 3599 4789 concu-

1999 4835 2162 4888 tietur
2211 4843 2431 4901 propter
2460 4830 2699 4887 furorem
2731 4830 2826 4884 ire
2863 4823 3095 4886 Dotiiini.
3150 4824 3420 4897 Pugnahit
3450 4823 3596 4879 enim

1996 4939 2104 4980 una
2159 4925 2418 4980 adversus
2457 4923 2651 4979 stultos
2695 4922 2810 4993 ipsa
2885 4929 3134 4976 creatura
3163 4957 3178 4982 ,
3225 4927 3282 4973 et
3351 4927 3600 4970 commo~

278 5019 420 5083 τοὺς
463 5018 734 5090 ἄφρονας,
765 5020 881 5074 -καὶ
913 5017 1295 5088 λελυπημένου
1316 5018 1589 5072 Δεσπότου
1623 5037 1887 5092 μονονουχ

2011 5025 2068 5070 to
2096 5013 2346 5080 Domino,
2381 5013 2546 5068 etiam
2582 5012 2697 5082 ipsa
2726 5013 2792 5066 ad
2823 5012 2924 5067 hoc
2962 5008 3352 5080 propemodum
3394 5005 3601 5059 instru~

283 5109 738 5180 συγκαθίσταται
777 5111 873 5164 xui
919 5111 953 5181 ἡ
984 5108 1124 5180 αὑτὴ
1168 5109 1308 5180 πρὸς
1355 5108 1533 5164 τοῦτο.
1571 5111 1759 5165 Πάντα
1801 5110 1888 5184 γὰι

2008 5115 2096 5161 eta
2143 5115 2250 5161 est.
2283 5103 2478 5160 Omnia
2544 5102 2812 5172 siquidem
2877 5115 3002 5156 cum
3037 5111 3292 5168 suprema
3325 5093 3602 5149 voluntate

280 5205 354 5274 τῇ
413 5201 706 5274 ὑπερτάτη
759 5200 1046 5273 συντρέχει
1091 5198 1278 5272 βουλῇ,
1327 5200 1423 5254 xui
1464 5199 1616 5254 οὐδέν
1655 5202 1772 5254 ἐστι
1804 5201 1888 5256 τῶε

2008 5199 2322 5266 conspirant
2373 5206 2539 5265 atque
2588 5200 2944 5256 concurrunt,
2980 5201 3035 5246 et
3073 5188 3204 5244 nihil
3227 5197 3310 5243 est
3337 5187 3391 5242 in
3421 5201 3603 5242 rerum

280 5293 489 5356 ὅντων,
535 5292 564 5346 ὃ
617 5291 695 5364 μὴ
741 5293 858 5356 τοῖς
898 5290 1068 5354 θείοις
1115 5288 1385 5362 νεύμασι,
1437 5289 1533 5344 xui
1592 5287 1910 5362 ἀϐουλήτως

283 5401 610 5437 παραγωοη
621 5421 636 5437 ο

362 5401 372 5434 ι
415 5401 452 5436 α
493 5402 539 5437 ω
621 5421 636 5437 .

362 5400 490 5528 (is):
503 5385 752 5530 ἐὲἓνται
773 5473 1307 5545 καταλελειμμένα
1324 5474 1406 5540 ὡς
1429 5472 1752 5543 δορκάδων
1763 5472 1900 5544 φεῦ-

368 5637 417 5670 ”
442 5633 550 5692 Job
581 5651 816 5702 xxxvrn,
849 5635 944 5691 32.

2011 5300 2227 5358 natura,
2257 5289 2400 5361 quod
2420 5302 2524 5343 non
2558 5287 2743 5342 divino
2776 5284 2928 5340 nutui
2955 5285 3114 5339 cedat
3146 5281 3311 5337 etiam
3349 5280 3602 5336 invitum.

2079 5469 2242 5546 223
2263 5469 2424 5524 Vsus.
2458 5465 2638 5521 μοιϐ.
2665 5465 2897 5520 Eterunt
2928 5461 3093 5516 relicti
3111 5454 3494 5531 quasidamula
3511 5453 3598 5523 fu-

369 5795 453 5865 (I)
488 5793 727 5865 Tractus
746 5793 834 5849 hic
862 5791 1168 5865 EV‘HEOVAEV
1196 5790 1432 5856 τούτοις,
1474 5801 1647 5860 usque
1674 5788 1744 5843 ad
1774 5784 1888 5843 line:

1999 5785 2223 5845 ἐτείουίί
2265 5787 2544 5858 sequentis
2573 5788 2605 5839 ὁ
2635 5780 2822 5854 cuper;
2868 5780 3080 5844 αὑτοῦ,
3123 5781 3274 5837 deest
3318 5777 3376 5838 in
3420 5776 3613 5836 codice

289 5861 476 5939 Regio
498 5873 551 5920 ct
577 5863 860 5938 suppletur
888 5878 957 5920 ex
989 5861 1268 5918 Vaticano.
