4016 6508
531 372 635 428 35g)
1547 363 1606 417 S.
1645 359 1918 417 CYllILLI
1960 352 2424 414 ALEXANDRINI
2463 351 2780 412 ARCIIIEP.
3687 356 3780 419 360

531 488 694 556 giens,
716 487 930 555 etquasi
949 487 1054 540 ouis
1085 499 1287 548 errans,
1312 493 1472 535 etnon
1496 483 1592 535 erit
1621 483 1709 552 qui
1737 490 2032 551 congreget,
2052 480 2106 532 itt

2225 494 2354 546 γον,
2378 476 2478 529 καί
2507 476 2587 542 ὡς
2624 476 2922 543 πρόϐατον
2947 472 3361 543 πλανώμενον,
3380 475 3478 532 καὶ
3497 476 3606 529 οὐκ
3625 481 3782 534 ἔσται

531 592 585 633 ιιι
611 579 765 632 Ιιοιιιο
787 580 855 632 αιί
879 578 1122 648 populum
1147 593 1296 629 suum
1317 585 1624 642 revertatur,
1643 586 1689 628 ει
1701 575 1856 628 homo
1879 575 1931 627 in
1957 574 2106 642 regio-

2228 571 2262 622 ό
2297 567 2604 636 συνάγων,
2633 566 2790 620 ὥστε
2836 565 3152 634 ἄνθρωπον
3181 567 3268 629 είς
3305 565 3413 619 τὸν
3439 565 3591 619 λαὸν
3615 567 3783 621 αὑτοῦ

531 686 645 723 nem
670 687 820 724 suam
844 669 1154 736 expellatur.
1191 668 1295 733 Qui
1317 668 1454 721 enim
1485 677 1669 737 captus
1711 666 1909 736 fuerit,
1943 665 2106 734 appri-

2228 657 2689 727 ἀποστραφῆναι
2721 698 2736 724 ,
2796 657 2892 710 καί
2943 655 3257 724 ἄνθρωπον
3319 658 3409 721 εις
3461 654 3576 724 τὴν
3607 661 3786 724 χώραν

535 773 729 826 inetur,
754 771 800 814 et
823 760 1224 830 quicongregati
1251 759 1474 827 fuerint,
1498 757 1800 813 occumbant
1827 757 2024 827 gladio.
2051 755 2106 810 Et

2227 749 2416 804 αὑτοῦ
2442 748 2668 815 διῶξαι.
2700 751 2806 815 Ὃς
2834 747 2946 818 γὰρ
2974 747 3083 802 ἐὰν
3111 745 3238 813 ἁλῷ
3260 745 3677 816 ήττηθήσεται,
3700 749 3788 801 καί

535 851 675 918 filios
707 867 888 904 eorum
921 867 1100 904 coram
1141 852 1216 906 eis
1258 851 1509 917 allident,
1555 851 1736 906 domos
1761 851 2034 920 diripient,
2069 864 2106 904 et

2225 842 2443 909 οἵτινες
2490 841 2858 911 συνηγμένοι
2887 839 3008 894 είσί
3031 839 3296 909 μαχαίρᾳ
3326 838 3674 901 πεσοῦνται,
3700 841 3788 893 καὶ

528 956 715 998 uxores
740 941 1029 999 habebunt.

589 1203 803 1259 Paucos
829 1203 1047 1260 relictos
1069 1203 1184 1260 fore
1207 1204 1358 1270 dicit,
1392 1212 1768 1260 verumtamen
1804 1218 1900 1259 eos
1920 1219 2110 1274 parum

528 1295 736 1359 viriles,
775 1304 830 1351 et
877 1298 1112 1351 maxime
1162 1295 1435 1361 imbelles,
1471 1309 1645 1364 eoque
1695 1294 2004 1349 timiditatis
2046 1307 2111 1348 ac

528 1388 792 1443 vecordia:
821 1389 1081 1464 dejectos,
1109 1397 1168 1443 ut
1198 1389 1330 1443 nihil
1358 1387 1504 1443 aliud
1551 1387 1604 1441 in
1649 1387 1791 1442 votis
1840 1387 2110 1452 habeant,

527 1496 687 1548 quam
715 1491 771 1534 ut
801 1479 1008 1548 fugiam
1037 1479 1234 1543 solum,
1266 1478 1438 1533 instar
1463 1478 1635 1532 damas
1663 1495 1678 1531 :
1714 1485 1770 1531 et
1797 1484 1855 1530 ut
1883 1489 2111 1532 serven-

531 1582 647 1633 tur,
711 1572 913 1641 inquit,
972 1587 1094 1626 cum
1144 1571 1439 1636 dedecore,
1497 1583 1832 1640 prorsusque
1877 1576 2110 1623 renuant

528 1664 779 1719 hostilem
813 1664 1181 1718 incursionem
1218 1661 1558 1732 propulsare.
1591 1660 1746 1728 Quod
1781 1669 1965 1715 autem
1991 1661 2111 1716 sine

527 1754 781 1823 prafecte
814 1764 868 1809 et
895 1755 1012 1809 sine
1031 1754 1274 1825 principe
1300 1762 1575 1820 maneant,
1601 1751 1767 1808 etiam
1797 1751 1854 1806 hi
1882 1765 2109 1807 numero

2223 936 2297 989 τὰ
2326 933 2507 992 τέκνα
2525 934 2723 988 αὐτῶν
2742 933 2999 988 ἐνώπιον
3024 931 3224 987 αὐτῶν
3255 930 3542 999 ράξουσι,
3574 931 3668 984 καί
3696 932 3790 998 τὰς

2222 1025 2416 1090 οἰκίας
2466 1023 2666 1078 αὐτῶν
2707 1023 3191 1098 προνομεύσουσι
3257 1021 3356 1080 καί
3383 1021 3494 1098 τὰς
3517 1021 3790 1091 γυναῖκας

2232 1112 2433 1168 αὐτῶν
2456 1113 2725 1178 ἕξουσιν.
2754 1095 2758 1103 ’

2292 1203 2712 1275 Εὑαριθμήτους
2737 1202 2935 1274 κομιδῇ
2964 1203 3090 1266 τοὺς
3115 1200 3564 1274 περιλειφθέντας
3587 1199 3786 1259 ἔσεσθαί

2217 1311 2375 1365 φησι,
2412 1293 2553 1364 πλὴν
2587 1295 2682 1353 καὶ
2713 1293 2911 1357 αὐτοὺς
2955 1294 3248 1365 ἀνάνδρους
3307 1308 3369 1345 τε
3409 1291 3508 1346 καὶ
3544 1290 3787 1362 ἀφιλομα-

2217 1386 2514 1457 χωτάτους,
2541 1387 2634 1439 καί
2667 1385 2869 1449 δειλίας
2901 1386 2981 1449 είς
3009 1383 3168 1438 τοῦτο
3194 1383 3694 1455 κατερῤαγμένους,
3719 1383 3785 1445 ὡς

2221 1477 2377 1530 οὐδὲν
2395 1475 2582 1547 ἕτερον
2608 1475 2825 1531 ἑλέσθαι
2851 1475 3006 1548 δρᾷν,
3025 1474 3162 1547 πλὴν
3190 1475 3273 1528 ὅτι
3301 1473 3463 1545 μόνον
3481 1473 3544 1525 τὸ
3565 1472 3781 1541 φεύγειν,

2217 1569 2276 1622 ὲν
2303 1568 2403 1640 ίσῳ
2437 1568 2679 1639 δορκάδι,
2703 1568 2799 1622 καὶ
2837 1568 2902 1622 τδ
2942 1567 3151 1638 ἀτίμως
3192 1563 3465 1630 σώζεσθαί
3501 1581 3676 1634 φησιν,
3701 1565 3782 1617 καί

2215 1659 2473 1715 ἀπειπεῖν
2505 1662 2586 1723 είς
2618 1659 2764 1716 ἆπαν
2807 1659 2870 1712 τὸ
2898 1659 3004 1712 κᾶν
3037 1657 3170 1727 γοῦν
3201 1657 3603 1728 ἀνταναστῆναι
3634 1654 3776 1725 μόνον

2213 1755 2334 1815 ταῖς
2376 1752 2485 1806 τῶν
2515 1752 2791 1823 πολεμίων
2830 1751 3159 1822 συμφοραῖς.
3205 1750 3332 1804 Ὅτι
3363 1749 3420 1803 δὲ
3451 1747 3779 1816 ἀνεπιστάτη-

527 1845 705 1914 pauci,
749 1845 1076 1910 subindicat,
1105 1860 1227 1900 cum
1275 1844 1426 1910 dicit,
1481 1843 1628 1900 velut
1654 1857 1811 1898 ovem
1842 1851 2106 1898 errantem

2217 1845 2303 1899 τοί
2331 1863 2391 1898 τε
2434 1847 2529 1900 καὶ
2584 1846 2810 1916 ἄναρχοι
2854 1841 3094 1915 μενοῦσι,
3148 1841 3355 1913 καίπερ
3385 1841 3536 1906 δντες
3578 1837 3775 1910 ἀριθμῷ

529 1935 672 2002 fore,
699 1939 815 1992 sine
848 1938 1087 2007 pastoris
1122 1953 1290 2001 cura,
1333 1944 1388 1991 et
1439 1950 1471 1990 a
1511 1935 1728 2005 pascuis
1765 1933 1955 2004 procul
2019 1947 2114 2002 pa-

525 2027 746 2093 laniem,
796 2037 854 2083 ut
893 2037 948 2083 et
986 2027 1096 2098 jam
1128 2043 1158 2082 a
1197 2028 1363 2098 septis
1415 2011 1698 2082 ~consuetis
1729 2025 1915 2097 procul
1951 2025 2112 2082 absit.

524 2117 643 2172 Non
672 2119 817 2174 enim
852 2121 976 2186 eri-t,
1012 2119 1226 2189 inquit,
1274 2120 1363 2189 qui
1396 2129 1710 2190 congreget,
1743 2128 1806 2173 ut
1851 2118 2014 2173 homo
2046 2118 2113 2174 ad

527 2208 779 2277 populum
833 2224 989 2264 suum
1026 2219 1398 2276 convertatur,
1447 2220 1502 2265 et
1534 2209 1696 2264 homo
1724 2207 1790 2262 ad
1836 2210 2114 2279 regionem

523 2316 678 2356 suam
708 2301 1038 2371 impellatur.
1076 2301 1208 2356 Illud
1243 2311 1426 2356 autem
1455 2341 1470 2368 ,
1515 2300 1758 2372 impelli,
1818 2300 1956 2355 dixit
2014 2315 2114 2371 pro

525 2391 740 2455 abduci,
775 2390 989 2446 etiamsi
1030 2402 1180 2460 grata
1230 2391 1303 2447 sit
1338 2407 1434 2447 sua
1483 2391 1682 2462 cuique
1708 2391 1882 2462 regio,
1918 2399 1971 2448 et
2018 2406 2115 2462 pa.-

524 2486 634 2540 trio
665 2484 805 2538 victu
844 2483 978 2538 nihil
1007 2484 1356 2553 pnestantius
1385 2501 1400 2551 ;
1431 2498 1619 2538 verum
1641 2524 1656 2551 ,
1695 2483 1892 2554 inquit,
1931 2498 2112 2538 rerum

522 2574 978 2629 charissimarum
1047 2574 1283 2643 privatio
1330 2573 1568 2643 jucunda
1637 2574 1778 2640 erit,
1821 2581 2112 2644 prepterea

525 2668 667 2734 quod
708 2665 954 2735 quisquis
1005 2664 1377 2735 deprehensus
1421 2664 1618 2730 fuerit,
1657 2666 1841 2720 statim
1882 2674 2110 2735 pereat,

521 2759 726 2827 tialque
747 2758 975 2812 materia
1005 2758 1167 2828 gladii
1211 2757 1515 2813 Medorum.
1543 2757 1876 2812 Eventurum
1899 2772 2113 2828 quoque

523 2857 580 2902 et
632 2847 780 2902 aliud
832 2847 989 2919 longe
1040 2848 1442 2914 tristissimum,
1481 2849 1797 2918 prophetica
1827 2848 2114 2902 conﬁrmat

521 2937 721 2998 oratio.
763 2936 960 3008 Filios,
1009 2938 1222 3007 inquit,
1271 2953 1458 2993 eorum
1493 2952 1675 2992 coram
1709 2937 1842 3007 ipsis
1866 2939 2110 3003 allident,
2215 2987 2232 3004 ,
2310 2988 2324 3003 ,

521 3029 716 3083 deittos
759 3028 1042 3097 diripient,
1083 3039 1364 3087 etnxores
1416 3029 1711 3084 habebunt.
1753 3027 1894 3096 Quid
1927 3038 2108 3084 autem

527 3118 848 3189 parentibus
882 3120 1178 3177 liberarum
1223 3121 1372 3176 eaade
1414 3120 1588 3190 possit
1623 3136 1746 3176 esse
1792 3120 2111 3176 moleStius?

2223 1936 2470 2008 βραχεῖς,
2528 1935 2863 2006 ὕπεμφαίνει
2913 1934 3106 2003 λέγων,
3149 1934 3223 1998 ὡς
3261 1933 3535 2005 πρόϐατον
3583 1929 3776 1991 ἔσεσθαι

2217 2027 2598 2099 πλανώμενον,
2649 2028 2745 2081 καὶ
2792 2025 2892 2095 τῆς
2933 2023 3030 2078 τοῦ
3069 2023 3454 2096 ποιμαίνοντος
3503 2021 3777 2083 ἐπιεικείας

2216 2118 2601 2193 ἐστερημένον,
2634 2118 2728 2172 καὶ
2757 2117 2862 2184 ἔξω
2892 2134 2996 2172 που
3037 2116 3210 2188 νομῆς
3243 2117 3345 2180 ίὺν,
3379 2114 3453 2178 ὡς
3481 2114 3572 2168 καὶ
3615 2112 3773 2184 σηκῶν

2219 2213 2332 2267 τῶν
2367 2211 2794 2282 κατειθισμένων
2839 2209 3054 2264 ἑλέσθαι
3084 2207 3325 2281 μακράν.
3375 2207 3450 2262 Οὐ
3482 2207 3586 2277 γὰρ
3620 2205 3772 2269 ἔσται,

2216 2307 2402 2378 φησὶν,
2435 2307 2464 2359 ὁ
2499 2305 2771 2374 συνάγων,
2809 2303 2952 2357 ὥστε
2983 2302 3269 2374 ἄνθρωπον
3323 2303 3404 2364 είς
3428 2299 3520 2352 τὸν
3557 2297 3674 2351 λαὸν
3693 2297 3773 2351 ain

2214 2398 2311 2454 τοῦ
2343 2397 2784 2468 ἀποστραφῆναι,
2817 2396 2912 2450 καὶ
2941 2394 3227 2466 ἄνθρωπον
3260 2395 3346 2456 είς
3379 2392 3478 2464 τὴν
3499 2389 3668 2462 χώραν
3693 2389 3772 2442 αὺ-

2212 2489 2306 2543 τοῦ
2327 2488 2535 2555 διῶξαι.
2556 2487 2631 2540 Tib
2658 2487 2737 2551 δὲ,
2759 2485 2965 2552 διῶξαι,
2994 2485 3160 2556 φησὶν
3182 2483 3309 2537 ἀντὶ
3336 2481 3446 2536 τοῦ.
3463 2479 3768 2551 ἐπειχθῆναι,

2214 2584 2393 2639 καίτοι
2424 2581 2577 2652 φίλον
2606 2580 2814 2636 ἅπασιν
2841 2583 2874 2652 ἡ
2897 2577 3072 2651 χώρα,
3114 2579 3210 2632 καὶ
3238 2576 3516 2649 πατρῴων
3543 2575 3773 2643 ἐνδιαιτη-

2213 2676 2402 2748 μάτων
2434 2674 2658 2745 ᾶμεινον
2691 2671 2864 2726 οὐδέν.
2906 2670 3065 2726 Ἀλλὰ
3117 2670 3213 2725 καὶ
3255 2669 3373 2724 τῶν
3409 2668 3576 2731 οὕτως
3615 2666 3771 2730 αὐτοῖς

2214 2764 2547 2835 φιλαιτάτων
2579 2765 2612 2835 ἡ
2642 2762 2897 2836 στέρησις
2926 2761 3100 2833 ἡδεῖα,
3144 2762 3304 2831 φησὶ,
3336 2759 3503 2812 διάτοι
3537 2757 3595 2811 τὸ
3619 2755 3771 2810 πάντα

2211 2855 2304 2910 τὸν
2335 2855 2693 2927 ἁλισκόμενον
2732 2852 3076 2925 παραχρῆμά
3112 2868 3174 2905 τε
3213 2849 3524 2904 διόλλυσθαι
3593 2888 3609 2904 .
3677 2887 3692 2902 .
3753 2883 3765 2910 ρ

2405 2987 2420 3004 .
2499 2944 2875 3018 συμϐήσεσθαι
2912 2944 2968 2997 δέ
2993 2961 3046 2997 τι
3075 2943 3170 2998 καὶ
3221 2943 3420 3015 ἓτερον
3453 2941 3558 2995 τῶν
3593 2941 3667 2994 ὃτι
3692 2937 3769 3009 μά-

2210 3040 2368 3093 λιστα
2392 3039 2714 3109 πεφυκότων
2767 3037 2922 3108 ἀνιᾷν
2948 3037 2977 3089 ὁ
3021 3052 3297 3106 προφητικ
3313 3037 3371 3100 ὸς
3417 3031 3769 3106 διισχυρίζεται

2211 3132 2388 3199 λόγος.
2418 3131 2500 3184 Τὰ
2555 3131 2664 3202 γὰρ
2692 3129 2859 3184 τέκνα
2917 3123 3117 3194 αὐτῶν,
3145 3129 3342 3199 φησιν,
3367 3127 3590 3182 ἐνώπιον
3615 3123 3765 3180 αὐτῶν

524 3212 638 3267 Ιιιιο
665 3227 844 3267 nonne
871 3213 1016 3268 omni
1058 3211 1325 3282 supplicio
1350 3212 1571 3285 gravius
1599 3222 1654 3266 et
1685 3211 2106 3280 intolerabilius,

2214 3197 2456 3295 ράξθυσι,
2482 3197 2577 3279 καί
2627 3197 2726 3284 τὰς
2771 3219 2948 3283 οἰκίας
2999 3217 3180 3273 αὐτῶν
3208 3197 3648 3289 προνομεύσουσι,
3681 3212 3759 3275 καὶ

525 3306 715 3360 domos
742 3305 927 3359 videre
955 3303 1218 3375 direptas,
1244 3313 1297 3358 et
1320 3320 1548 3359 uxorum
1577 3303 1890 3372 pudicitiam
1937 3305 2110 3362 victo—

529 3406 649 3444 rum
687 3391 1120 3460 intemperantiae
1167 3391 1503 3446 obnoxiam?
1534 3390 1731 3446 Beatus
1764 3391 2109 3462 Psalmogra-

527 3480 666 3548 phus
694 3477 961 3548 ejusmodi
989 3480 1245 3550 quiddam
1279 3479 1476 3536 alicubi
1517 3492 1929 3538 commemorat.
1971 3481 2107 3538 Nam

525 3570 592 3624 de
618 3567 932 3641 Babyloniis
956 3570 1116 3625 verba
1148 3567 1354 3626 faciens
1378 3590 1392 3626 :
1426 3589 1445 3624 ι
1470 3570 1722 3640 Beatus,»
1748 3574 1942 3644 inquit,
1973 3593 1991 3626 ι
2015 3575 2106 3646 qui

521 3661 732 3716 tenebit
784 3671 841 3717 et
888 3662 1075 3718 allidet
1121 3663 1374 3732 parvulos
1431 3671 1554 3719 tuos
1583 3665 1650 3719 ad
1705 3665 1938 3736 lapidem
1975 3668 2041 3722 “.
2081 3687 2100 3720 ι

524 3753 792 3809 Cancrum
839 3755 954 3809 haec
1011 3754 1234 3824 quidem
1290 3755 1548 3812 historice
1592 3757 1832 3828 Assyriae
1883 3759 2108 3828 ejusque

526 3845 754 3899 urbibus
778 3853 834 3898 et
857 3843 1167 3914 regionibus
1184 3845 1545 3915 contigerunt,
1571 3847 1696 3915 quia
1727 3860 1918 3901 omnes
1943 3847 2104 3900 etiam

527 3935 830 3991 idololatria
881 3943 935 3991 et
983 3935 1282 3993 insolentes
1332 3953 1440 3992 non
1498 3937 1877 4002 tolerabiliter,
1909 3947 1964 3992 et
2010 3937 2105 3993 Dei

524 4029 712 4084 hostes
739 4031 938 4086 acerbe
971 4038 1026 4084 et
1053 4030 1244 4101 magia
1281 4031 1443 4102 periti
1478 4032 1722 4087 artiﬁces
1745 4032 2104 4088 exstiterunt.

527 4115 638 4186 ipsi
677 4130 800 4172 vero
850 4127 1093 4182 sanctam
1159 4119 1433 4181 civitatem
1477 4122 1787 4191 depopulati
1843 4132 2012 4190 sunt,
2051 4132 2106 4178 et

524 4207 622 4263 Del
655 4219 879 4275 sortem,
919 4210 972 4266 id
1003 4211 1166 4284 224
1192 4225 1302 4278 est,
1333 4214 1586 4270 lsraelem
1637 4225 1947 4283 vastarunt,
2006 4231 2103 4272 ca-

524 4302 798 4368 ptivorum
831 4303 950 4358 loco
970 4318 1032 4359 ac
1058 4319 1284 4360 numero
1301 4306 1581 4372 habentes,
1603 4322 1800 4362 novum
1829 4322 1894 4364 ac
1917 4308 2105 4364 incon-

521 4402 738 4447 suetum
779 4393 885 4450 illis
919 4393 1109 4465 iugum
1156 4397 1440 4453 servitutis
1494 4397 1897 4467 imposuerunt.
1951 4400 2099 4456 Lon-

2210 3314 2310 3378 τὰς
2356 3315 2624 3383 γυναῖκας
2675 3312 2856 3366 αὐτῶν
2907 3311 3112 3378 ἕξουσι.
3143 3311 3208 3364 Τί
3255 3311 3303 3364 δ’
3347 3311 3413 3365 ἂν
3443 3311 3642 3380 γένοιτο
3667 3308 3760 3368 soi;

2210 3406 2563 3478 γεγεννηκόσι
2588 3403 3014 3475 δυσαχθέστερον
3035 3404 3133 3474 τῆς
3160 3401 3270 3458 τῶν
3297 3403 3501 3456 τέκνων
3533 3399 3757 3471 σφαγῆςς

2209 3501 2242 3570 ἢ
2279 3500 2394 3564 πῶς
2432 3500 2530 3570 οὐχ
2563 3497 2780 3569 ἀπάσης
2812 3497 2992 3561 αἰκίας
3037 3497 3524 3569 δυσφορητότερον,
3559 3493 3615 3548 τὸ
3653 3491 3759 3544 ἰδεῖν

2213 3593 2310 3664 μὲν
2357 3592 2540 3656 οἴκους
2578 3590 3040 3662 διηρπασμένους,
3103 3589 3412 3661 σεμνότητα.
3455 3589 3509 3642 δὲ
3553 3583 3759 3656 γυναίων

2208 3682 2591 3753 ἀδικουμένην,
2629 3682 2722 3736 καὶ
2744 3684 2866 3745 ταῖς
2884 3681 2993 3738 τῶν
3036 3681 3461 3754 κεκρατηκότων
3484 3676 3758 3752 ἀσελγείαις

2209 3773 2653 3846 ὑπενηνεγμένην
2675 3790 2688 3840 ;
2709 3772 3000 3844 Μέμνηται
3020 3789 3123 3826 που
3148 3773 3241 3826 καὶ
3264 3774 3294 3826 ὁ
3320 3771 3582 3843 μακάριος
3601 3766 3756 3838 ψαλμμ

2208 3867 2342 3937 ῳδὸς
2392 3850 2638 3920 τοιούτου
2691 3867 2858 3930 τινός.
2895 3852 3241 3936 ’Ποιούμενος
3276 3851 3384 3935 γὰρ
3423 3866 3546 3926 τοὺς
3594 3850 3758 3928 λόγους

2203 3959 2337 4029 περὶ
2384 3959 2486 4030 τῆς
2535 3958 2910 4012 Βαϐυλωνίων·
2966 3975 2985 4010 ι
3025 3943 3386 4028 Μακάριος»
3439 3955 3612 4026 φησιν,
3658 3969 3675 4003 ι

2206 4051 2487 4122 κρατήσει,
2535 4051 2629 4103 καὶ
2679 4049 2889 4120 ὲδαφιεῖ
2915 4048 2987 4102 τὰ
3027 4048 3196 4121 νήπιά
3234 4066 3330 4102 σου
3373 4047 3505 4118 πρὸς
3547 4044 3636 4115 τὴν
3671 4039 3753 4093 cti-

2204 4157 2356 4212 τραν.
2395 4159 2412 4192 ι
2447 4140 2607 4194 Ἀλλὰ
2631 4143 2789 4195 ταυτὶ
2816 4142 2913 4213 μὲν
2945 4143 3232 4215 ίστορικῶς
3263 4147 3330 4215 τῇ
3359 4142 3463 4196 τῶν
3491 4135 3754 4208 Ἀσσυρίων

2207 4232 2522 4304 συμϐέϐηκε
2570 4232 2745 4304 χώρᾳ,
2798 4234 2894 4287 καὶ
2947 4236 3063 4298 ταῖς
3099 4236 3157 4288 ἐν
3206 4234 3343 4306 αὐτῇ
3390 4231 3568 4286 πόλεσί
3593 4245 3645 4282 τε
3680 4223 3755 4278 καὶ

2202 4324 2430 4396 χώραις,
2455 4325 2536 4378 ὅτι
2564 4324 2660 4378 καὶ
2686 4323 2889 4388 πάντες
2910 4324 3291 4397 εἰδωλολάτραι
3323 4327 3414 4380 καὶ
3445 4322 3679 4388 ἀλαζόνες
3701 4315 3751 4368 οὗ

2204 4415 2474 4488 φορητῶς,
2500 4415 2596 4469 καὶ
2614 4415 2872 4487 θεομάχοι
2895 4415 3102 4482 δεινῶς,
3133 4418 3226 4471 καὶ
3251 4419 3429 4488 μάγου
3447 4415 3628 4486 τέχνης
3651 4413 3752 4475 ἐπί·

516 4485 680 4541 sistet
722 4495 902 4542 autem
951 4489 1065 4542 haec
1093 4489 1163 4544 de
1193 4489 1300 4545 illis
1327 4489 1538 4556 oratio,
1572 4506 1680 4546 non
1710 4492 1884 4546 solum
1920 4492 1973 4547 in
2014 4493 2102 4550 bis

2208 4485 2306 4577 στί]
2316 4485 2494 4576 μονες.
2517 4507 2681 4558 Αὐτοὶ
2788 4485 2996 4577 καὶτὴν
3012 4507 3169 4576 ἁγίαν
3199 4485 3570 4580 πεπορθήκασι
3598 4501 3747 4560 πόλιν»

519 4590 642 4643 qua:
663 4574 931 4632 historice
945 4584 999 4631 et
1025 4577 1320 4647 conspicue
1346 4586 1497 4646 gesta
1523 4589 1670 4642 sunt,
1695 4579 1790 4634 sed
1817 4581 1980 4636 etiam
2007 4581 2102 4651 qui

2208 4597 2302 4650 καὶ
2332 4595 2424 4648 τὸν
2451 4594 2548 4666 nos}
2578 4596 2713 4650 Θεοῦ
2749 4597 2949 4670 κλῆρον
2983 4582 3451 4670 καταδῃώσαντες,
3474 4596 3608 4651 τοῦτ’
3633 4591 3748 4650 ἔστι.

521 4664 709 4720 volunt
732 4705 749 4732 ,
798 4675 1056 4737 poterunt
1089 4668 1399 4739 intelligere
1426 4669 1802 4738 spiritualiter,
1835 4673 1879 4725 si
1917 4687 2098 4729 rerum

521 4765 794 4826 geSIarum
838 4759 947 4814 vim
984 4759 1052 4814 ad
1087 4759 1263 4829 ipsum
1291 4759 1474 4815 munis
1504 4760 1817 4818 vitiositatis
1850 4762 2098 4818 invento-

523 4862 662 4915 rem,
693 4847 785 4904 Dei
820 4849 1032 4905 hostem
1056 4851 1539 4918 immanissimum,
1558 4851 1822 4908 Satanam
1853 4854 2097 4924 inquam,

520 4940 821 5018 prudenter
861 4943 1181 5010 traducant,
1213 4944 1449 5000 maxime
1495 4946 1749 5015 quoniam
1784 4947 2098 5017 prophetica

517 5031 721 5096 oratio,
749 5032 951 5088 Christi
973 5035 1233 5104 mysterio
1251 5037 1500 5105 prtBSCilO
1519 5076 1536 5104 ,
1571 5047 1629 5092 et
1656 5039 2005 5107 praedictione
2033 5039 2100 5094 de

515 5133 588 5175 eo
608 5123 816 5199 optime
837 5124 949 5199 jam
974 5127 1242 5194 adhibita,
1278 5129 1513 5184 vicinam
1540 5139 1731 5186 contra
1767 5129 2097 5200 Babylonem

521 5210 785 5265 visionem
819 5214 1146 5281 introduxit,
1178 5226 1386 5273 tantum
1412 5235 1517 5273 non
1549 5219 1858 5274 auditorum
1892 5231 2100 5276 mentes

516 5301 787 5370 excitans,
818 5313 878 5359 ut
903 5319 1022 5374 quae
1057 5307 1320 5374 historice
1347 5319 1402 5366 et
1447 5321 1636 5366 contra
1663 5310 2012 5382 Babylonem,
2045 5318 2100 5365 et

519 5401 708 5449 contra
756 5396 1066 5451 universam
1108 5408 1306 5454 terram
1343 5403 1692 5472 Assyriorum
1740 5402 1881 5458 facta
1932 5411 2095 5468 sunt,

519 5485 877 5554 Spiritualiter
911 5487 1303 5562 intelligantur.
1337 5492 1524 5563 Itaque
1539 5496 1704 5552 draco
1729 5496 1828 5551 iste
1847 5504 2092 5564 apostata

520 5578 705 5641 ntultis
737 5579 908 5636 modis
950 5581 1041 5636 Dei
1091 5582 1390 5648 cultoribus
1429 5586 1656 5651 insidias
1702 5598 1915 5644 struere
1948 5603 2090 5643 nun-

596 5752 644 5793 ⁸⁸
668 5752 812 5809 Psal.
839 5770 1064 5822 CXIM‘t,
1098 5759 1155 5824 9,.

2197 4686 2291 4740 τὸν
2320 4687 2558 4758 Ἰσραὴλ,
2600 4690 2658 4741 ὲν
2678 4692 2742 4760 τῇ
2771 4690 2881 4743 τῶν
2909 4691 3254 4761 δορυκτήτων
3286 4690 3450 4761 μοίρᾳ
3481 4679 3750 4752 πεποιημέ-

2194 4795 2302 4843 νοι,
2337 4778 2429 4832 τὸν
2469 4779 2712 4852 ἀσυνήθη
2745 4781 2847 4850 τῆς
2883 4770 3132 4846 δουλείας
3173 4782 3355 4843 αὐτοῖς
3385 4779 3646 4849 ἐπέθηκαν
3673 4773 3750 4836 ξυμ

2197 4870 2315 4941 γόν.
2341 4871 2453 4925 Καὶ
2484 4875 2746 4944 στήσεται
2795 4873 2894 4944 μὲν
2923 4874 2952 4926 ὁ
2994 4875 3126 4945 περὶ
3162 4873 3366 4928 τούτων
3385 4872 3554 4940 λόγος,
3591 4867 3678 4920 οὐκ
3701 4861 3743 4920 ἐκ

2197 4912 2262 5035 γε
2297 4968 2408 5030 τοῖς
2432 4912 2583 5021 me:
2601 4967 2770 5037 μόνην
2795 4912 2895 5038 ζῆν
2953 4923 3214 5038 ἱστορίαν,
3259 4971 3353 5019 καὶ
3377 4912 3488 5027 “rei;
3517 4954 3744 5043 ἐμφανῶς
3767 4912 3781 4984 ί

2196 5055 2499 5126 γεγονόσινο
2545 5054 2723 5120 ἔξεστι
2767 5054 2824 5108 δὲ
2867 5054 3066 5126 μᾶλλον
3107 5058 3218 5119 τοῖς
3252 5053 3489 5107 ἐθέλουσι
3512 5040 3639 5101 νοεῖν
3669 5040 3748 5096 καὶ

2195 5147 2600 5218 πνευματικῶς,
2632 5148 2680 5199 εί
2705 5145 2770 5217 δὴ
2829 5133 3208 5216 μετατάττοιεν
3249 5143 3463 5216 εὐφυῶς
3489 5140 3595 5194 τῶν
3608 5147 3745 5204 γεγο-
3855 5213 3858 5218 _

2193 5238 2362 5292 νότων
2409 5237 2508 5310 τὴν
2562 5238 2811 5308 δύναμιν,
2857 5237 2948 5290 ἐπί
3001 5255 3060 5291 τε
3109 5238 3272 5292 αὐτὸν
3313 5237 3402 5290 τὸν
3430 5231 3635 5298 ἁπάσης
3662 5222 3744 5288 τῆς

2196 5330 2533 5401 φαυλότητος
2556 5331 2808 5416 εὑρέτην,
2837 5329 2929 5382 τὸν
2961 5329 3225 5401 θεοστυγῆ
3257 5347 3317 5384 τε
3351 5329 3442 5382 καὶ
3470 5319 3740 5392 ἁπηνέστςῑ·

2200 5439 2313 5489 τον,
2347 5422 2491 5492 φημὶ
2535 5421 2601 5493 δὴ
2642 5421 2734 5474 τὸν
2771 5421 3034 5486 Σατανᾶν,
3080 5421 3293 5492 μάλισθ’
3321 5421 3401 5474 ὅτι
3431 5417 3525 5487 τῆς
3552 5420 3738 5480 προφη·

2200 5515 2350 5578 τείας
2375 5516 2405 5567 ό
2454 5513 2612 5581 λόγος
2643 5512 2706 5566 τὸ
2761 5512 2996 5582 Χριστοῦ
3029 5515 3323 5586 μυστήριον
3365 5497 3734 5580 προσενεγκὼνι

2201 5608 2295 5675 καὶ
2320 5607 2419 5674 τὴν
2441 5608 2526 5661 ἐπ’
2550 5605 2696 5678 αὑτῷ
2725 5607 3151 5678 προσαγόρευσιν
3202 5603 3258 5662 εὖ
3293 5591 3432 5678 μάλα
3481 5587 3737 5674 πεποιημέε
