4016 6532
477 342 585 400 563

1486 339 1545 393 3.
1585 338 1863 393 CYRILLI
1900 336 2373 395 ALEXANDRLVI
2409 336 2729 394 ARCIIIEP.

3636 345 3728 404 lbi

480 468 643 513 crnnt
672 458 811 514 velut
857 466 1180 528 opportune,
1212 455 1468 511 omnibus
1506 458 1751 514 maximo
1782 457 1963 513 studio
1990 458 2060 512 ab

2167 455 2408 529 νηκότες,
2431 456 2690 527 ἀμείνους
2720 458 2791 520 δεῖ
2821 458 3023 529 μᾶλλον
3041 459 3118 523 ὡς
3143 459 3202 513 ιν
3231 457 3410 530 καιρῷ
3447 462 3729 532 γεγονότες,

485 553 593 608 illis
621 563 675 607 ct
697 550 1072 606 elaboratione
1103 548 1437 617 comparatis
1458 588 1477 613 .
1514 560 1574 603 ut
1616 566 1778 605 arcus
1802 551 2064 621 iuvenum

484 654 790 701 conterant.
838 642 897 697 Si
943 643 1065 711 quis
1096 641 1241 695 enim
1291 640 1657 697 Barbarorum
1690 642 2068 697 infestationes

483 748 538 793 et
580 736 953 805 expeditiones
1018 743 1209 789 contra
1267 734 1518 803 regiones
1570 743 1625 789 et
1676 734 1844 790 urbes
1898 735 2069 789 factas

484 829 826 892 consideret,
884 840 991 881 non
1044 826 1208 879 aliam
1268 828 1338 880 oh
1376 841 1597 880 causam
1640 824 1755 880 ﬁeri
1796 828 2063 896 reperiet,

484 936 648 991 quam
684 929 742 972 ut
767 918 1001 987 spolient
1028 927 1085 972 et
1122 919 1357 987 rapiant,
1388 928 1442 973 et
1464 932 1597 987 opes
1621 918 1863 986 undique
1896 918 2066 972 obve-

483 1012 701 1065 nientes
765 1018 1115 1065 coacervent.
1174 1010 1478 1072 Caeterum,
1530 1011 1739 1077 inquit,
1787 1009 1923 1063 Medi
1962 1026 2065 1063 non

482 1103 767 1172 capientur
812 1112 1048 1171 quaestu,
1078 1110 1134 1155 et
1162 1100 1371 1155 lucrum
1401 1102 1726 1169 despicient,
1754 1113 1812 1154 ut
1836 1099 2068 1172 Babylo-

485 1194 668 1248 nicum
696 1193 1049 1261 supercilium
1081 1192 1408 1259 deprimant.
1435 1190 1569 1244 Nam
1605 1192 1895 1261 sagittandi
1928 1192 2063 1245 dex-

482 1285 702 1338 teritate
727 1282 1020 1351 plurimum
1052 1282 1381 1351 gloriantur,
1414 1290 1468 1336 et
1501 1282 1636 1336 artis
1664 1280 1783 1348 ejus
1812 1282 2065 1352 peritiam

484 1377 707 1430 maximi
755 1375 981 1429 faciunt.
1035 1374 1327 1429 Inferiores
1369 1382 1550 1429 tamen
1601 1382 1763 1428 erunt
1798 1373 2064 1427 hostibus.

483 1467 677 1534 Asperi
733 1475 913 1520 autem
948 1474 1004 1520 et
1056 1465 1291 1519 immites
1324 1465 1460 1519 adeo
1505 1473 1667 1519 erunt
1714 1465 1976 1529 victores,
2009 1473 2070 1519 nt

485 1558 805 1613 tniseraudJ:
836 1558 999 1611 etiam
1058 1556 1235 1610 anatis
1285 1556 1432 1609 nulla
1478 1555 1598 1624 capi
1652 1555 1820 1610 velint
1857 1556 2065 1609 miseri-

483 1649 691 1709 cordia,
730 1660 905 1715 neque
936 1645 1290 1715 pereuntibus
1316 1644 1704 1699 miserabiliter
1745 1643 2064 1711 inlanlibns,

2168 550 2265 602 καὶ
2283 548 2395 602 τῶν
2414 550 2499 602 ὃτι
2535 550 2769 619 μάλιστα
2795 549 2885 603 διὰ
2920 551 3159 621 σπουδῆς
3187 551 3375 615 αὐτοῖς
3402 553 3731 625 τεθειμένων,

2170 641 2260 694 ἵνα
2283 637 2597 709 τοξεύματα
2626 640 2926 695 νεανίσκων
2953 641 3358 711 συντρίψουσιν.
3393 641 3455 695 Εἰ
3496 643 3593 712 μὲν
3637 648 3734 718 γάρ

2166 746 2251 794 τις
2281 730 2559 800 λογίσαιτο
2587 732 2685 794 τὰς
2717 732 2825 784 τῶν
2849 732 3149 804 Βαρϐάρων
3203 733 3446 801 ἐφόδους,
3480 735 3640 806 αἴπερ
3675 737 3735 791 ἂν

2167 822 2412 888 γένοιντο
2462 822 2603 875 κατὰ
2652 822 2845 893 χωρῶν
2893 823 2927 893 ἢ
2962 824 3190 886 πόλεων,
3240 824 3340 893 οὐχ
3395 825 3579 896 ἑτέρου
3605 829 3734 894 τινος

2166 914 2331 969 ἕνεκα
2360 914 2646 987 δρωμένας
2699 917 2945 986 εὑρήσει,
2979 915 3118 986 πλὴν
3163 917 3248 969 ὅτι
3285 916 3447 986 μόνου
3476 917 3567 971 τοῦ
3607 918 3735 989 διαρ-

2168 1006 2341 1060 πάσαι.
2380 1009 2562 1078 χάριν,
2612 1007 2858 1078 ἄθροισιν
2896 1007 2953 1060 δὲ
2993 1012 3291 1079 χρημάτων
3346 1008 3610 1063 ποιεῖσθαι
3648 1010 3734 1079 τὴν

2167 1100 2689 1171 παρεμπίπτουσαν.
2736 1100 2876 1153 Ἀλλ’
2910 1100 3151 1162 ἔσονται,
3180 1100 3337 1170 φησι,
3390 1100 3487 1155 καὶ
3536 1099 3735 1170 λημμάς

2165 1205 2277 1241 των
2323 1189 2579 1260 ἀμείνους
2629 1190 2680 1242 οἱ
2735 1190 2930 1260 Μῆδοι,
2960 1192 3056 1244 καὶ
3101 1190 3310 1260 κερδῶν
3355 1190 3731 1261 ἀφειδήσουσιν,

2169 1279 2257 1334 ῐνα
2279 1277 2377 1350 τὴν
2404 1280 2514 1331 τῶν
2540 1280 2896 1333 Βαϐυλωνίων
2924 1282 3099 1351 ὀφρὺν
3128 1281 3552 1334 κατασπὰσωσι.
3586 1282 3730 1351 Μέγα

2171 1370 2270 1440 μὲν
2296 1370 2406 1441 γὰρ
2434 1370 2522 1423 ἀεί
2564 1388 2680 1435 πως
2716 1372 2899 1435 αὐτοῖς
2929 1373 3023 1425 ἐπὶ
3051 1376 3173 1436 ταῖς
3206 1374 3441 1438 τοξείαις
3500 1373 3729 1444 φύσημα,

2167 1462 2264 1514 καὶ
2300 1461 2364 1513 τὸ
2394 1462 2620 1531 εὐτυχὲς
2665 1464 2724 1515 ἐν
2768 1463 2982 1526 τούτοις
3030 1463 3312 1516 ποιοῦνται
3363 1464 3492 1533 περὶ
3536 1464 3728 1517 πολλοῦ.

2181 1553 2320 1605 Ἀλλ’
2348 1554 2545 1623 ἥττους
2568 1553 2783 1607 ἔσονται
2827 1556 2937 1609 τῶν
2982 1554 3214 1625 ἐχθρῶν.
3251 1554 3486 1625 Σκληροὶ
3520 1554 3576 1607 δὲ
3608 1553 3731 1613 οὕτω

2167 1645 2263 1697 καὶ
2286 1642 2793 1713 ἀφιλοικτείρμονες
2838 1645 2889 1697 οἱ
2929 1644 3295 1712 νενικηκότες,
3340 1644 3417 1705 ὡς
3476 1643 3604 1712 μηδὲ
3648 1642 3731 1711 τῆς

484 1740 648 1793 ullam
684 1738 1041 1791 humanitatis
1084 1736 1380 1806 Iacrymam
1415 1735 1766 1806 profundere.
1803 1736 1911 1790 Sed
1963 1734 2064 1790 Ba-

2168 1737 2407 1807 ὲλεεινῆς
2464 1737 2679 1807 ἡλικίας
2725 1736 2891 1805 φειδῶ
2951 1716 3225 1789 ποιεῖσθαί
3264 1752 3404 1800 τινα,
3452 1736 3585 1805 μήτε
3643 1733 3732 1805 μὴν

480 1832 665 1905 bylon,
693 1847 815 1900 qua:
840 1828 1046 1900 Inclyta
1073 1841 1301 1883 vocatur
1335 1845 1364 1882 ιι
1401 1843 1528 1899 rege
1561 1828 1962 1893 Chaldaeorum,
1997 1830 2064 1883 ad

2167 1828 2400 1900 οἰκτρῶς
2459 1828 2851 1898 ἀπολλυμένων
2903 1827 3134 1897 νηπίων,
3197 1811 3260 1879 τδ
3313 1827 3373 1892 ἐξ
3425 1826 3731 1896 ἡμερότητος

480 1941 601 1981 eam
643 1925 917 1993 redigetur
967 1922 1318 1984 vastitatem,
1365 1921 1577 1991 inquit,
1617 1930 1736 1975 uta
1763 1922 2066 1977 combustis

482 2015 736 2073 Sodomis
774 2024 830 2069 et
872 2014 1197 2072 Gomorrhis
1225 2014 1377 2068 nullo
1407 2014 1569 2070 modo
1603 2014 1817 2069 diﬂ'erat
1845 2032 1859 2069 :
1891 2029 2067 2085 neque

484 2110 788 2164 incoletur:
828 2122 994 2177 quam
1064 2104 1277 2176 fugient
1333 2106 1557 2176 perinde
1618 2107 1869 2175 ﬁnitimi,
1905 2119 2068 2179 atque

482 2199 652 2271 226
682 2199 773 2269 qui
808 2214 841 2253 e
867 2196 1160 2268 longinqua
1209 2206 1371 2267 gente
1423 2212 1543 2252 eam
1576 2208 1887 2267 peragrant,
1917 2207 2067 2252 utne

483 2292 693 2346 Arabes
736 2290 954 2360 quidem
1013 2297 1264 2357 pastores
1310 2289 1363 2341 in
1396 2302 1463 2343 ea
1510 2302 1704 2358 pecora
1764 2302 1861 2343 sua
1900 2287 2068 2343 velint

483 2397 728 2452 pascere,
759 2382 904 2453 quod
927 2381 1152 2437 omnino
1171 2380 1410 2436 desolata
1442 2381 1514 2436 sit
1538 2389 1595 2435 et
1621 2382 1857 2437 deserta.
1880 2380 2069 2437 Scien-

482 2478 611 2530 dum
647 2483 851 2539 autem,
886 2487 1009 2529 eum
1047 2483 1240 2543 gentes
1294 2472 1724 2537 Saracenorum,
1766 2481 1824 2527 et
1851 2488 1973 2542 qua:
1998 2474 2065 2527 ad

486 2567 656 2636 ipsam
713 2576 912 2621 terram
966 2565 1316 2636 Assyriorum
1349 2564 1693 2635 pertingunt,
1722 2571 1779 2618 et
1818 2565 2064 2621 intimam

482 2674 726 2713 eremnm
754 2657 1020 2720 incolunt,
1056 2656 1343 2710 nominare
1372 2655 1602 2711 Arabas.
1641 2656 1883 2711 Vicinam
1914 2672 2066 2711 nam-

481 2765 587 2819 que
621 2749 823 2806 habent
866 2759 1067 2805 terram
1099 2747 1361 2803 Arabum.
1395 2745 1462 2802 Et
1497 2746 1776 2818 probabile
1818 2757 1901 2802 est
1945 2748 2067 2804 illos

482 2857 550 2897 ex
608 2841 806 2897 Arabia
860 2839 1163 2896 Saracenos
1211 2840 1517 2911 promiscuo
1579 2841 1931 2912 Assyriorum
1966 2842 2063 2898 de-

482 2939 631 2989 serta
662 2929 1039 2987 obambulare.

562 3196 720 3255 Vnus.
752 3198 846 3263 21,
878 3198 970 3253 22.
1024 3196 1089 3252 Et
1118 3197 1437 3269 requiescant
1469 3197 1541 3250 ibi
1563 3196 1762 3262 bestia,
1807 3205 1855 3251 et
1885 3197 2068 3264 imple-

485 3292 678 3347 bantur
722 3292 907 3345 domus
965 3290 1177 3355 sonitu;
1223 3290 1294 3344 ibi
1339 3290 1660 3359 requiescant
1712 3292 1949 3351 sirenas,
1997 3289 2071 3344 ibi

482 3383 749 3438 saltabant
796 3382 1091 3447 damonia,
1146 3392 1193 3437 et
1238 3382 1580 3436 onocentauri
1623 3380 1699 3433 ibi
1736 3381 2069 3445 habitabant,

484 3474 634 3528 nidos
672 3482 974 3529 construent
1028 3473 1083 3529 in
1130 3472 1373 3528 domibus
1439 3488 1623 3528 eorum
1663 3473 1918 3527 erinacei.
1952 3471 2069 3527 Cito

485 3564 642 3629 τειιὶι,
665 3574 711 3618 et
738 3579 842 3618 ηυη
873 3564 1127 3622 tardabit.

554 3738 706 3796 Fere
751 3740 805 3795 in
845 3739 979 3795 locis
1018 3738 1253 3795 desertis
1280 3738 1475 3809 degere
1518 3749 1741 3804 amant,
1786 3749 1842 3796 et
1895 3754 2067 3796 vacua

483 3832 616 3887 urbs
660 3830 968 3900 complures
1011 3831 1079 3885 iis
1126 3830 1413 3900 speluncas
1458 3845 1519 3887 se
1563 3841 1949 3902 contegentes,
2002 3846 2069 3888 ac

484 3923 648 3979 rudes
675 3932 731 3979 et
762 3924 909 3977 velut
944 3922 1173 3979 fortuitu
1204 3939 1270 3978 ac
1291 3932 1498 3979 temere
1533 3923 1782 3979 inventas
1810 3926 2068 3996 suppedi-

486 4023 591 4071 tat.
625 4014 679 4070 In
720 4014 953 4071 desertis
969 4025 1149 4069 autem
1180 4025 1234 4071 et
1256 4018 1457 4085 quietis
1492 4016 1623 4073 locis
1659 4018 1834 4073 tenuis
1851 4019 2064 4087 quidam

482 4106 694 4161 sonitus
749 4121 861 4176 pra:
925 4122 1119 4179 magno
1177 4108 1579 4175 silentio,haud
1622 4111 1738 4166 scio
1771 4112 2064 4180 quornodo,

481 4198 744 4265 exoritur,
776 4209 828 4254 et
861 4198 914 4253 in
940 4215 1101 4255 aures
1126 4215 1311 4256 eorum
1339 4202 1483 4257 subit
1511 4203 1601 4272 qui
1638 4217 1881 4258 eremum
1912 4204 2065 4260 inco-

482 4288 616 4345 lunt.
649 4289 868 4361 Itaque,
918 4291 1128 4361 inquit,
1161 4293 1347 4349 bestia:
1378 4295 1752 4364 requiescent,
1787 4304 1842 4351 et
1885 4296 2065 4350 sonitu

2168 1920 2457 1985 ἑπιστάξαι
2499 1920 2755 1990 δάκρυον.
2821 1917 3078 1971 Βαϐυλὼν
3115 1918 3198 1985 δὲ,
3251 1918 3288 1986 ἢ
3336 1917 3578 1970 καλεῖται
3625 1916 3730 1968 Ἐν⁸

2163 2012 2317 2082 δοξος
2363 2012 2470 2067 ὑπὸ
2520 2012 2783 2083 βασιλέως
2828 2010 3133 2077 Χαλδαίων,
3173 2010 3314 2080 προς
3359 2008 3536 2073 τοῦτο,
3567 2006 3730 2077 φησὶν,

2165 2105 2407 2179 ἐρημίας
2460 2105 2868 2175 κατοιχήσεται,
2899 2103 2977 2166 ὡς
3028 2103 3146 2156 κατ’
3195 2102 3392 2155 οὐδένα
3441 2100 3631 2170 τρόπον
3671 2099 3730 2155 δι·

2162 2200 2412 2267 ενεγκεῐν
2450 2196 2560 2251 τῶν
2601 2194 3087 2269 ἐμπεπρησμένων
3132 2192 3385 2263 Σοδόμων
3422 2209 3478 2245 τε
3519 2192 3607 2244 καὶ
3649 2189 3684 2242 Γ
3683 2205 3730 2244 ον

2170 2291 2375 2370 μόρρας
2393 2306 2410 2325 ο
2436 2289 2588 2344 ἔσται
2610 2289 2668 2344 δὲ
2697 2290 2789 2343 καὶ
2819 2289 3073 2359 ἀοίκητος
3094 2305 3108 2319 ·
3147 2286 3363 2357 φευκτὴ
3389 2285 3446 2340 δὲ
3475 2282 3636 2347 οὕτως
3652 2283 3729 2339 καὶ

2160 2387 2279 2448 τοῖς
2329 2384 2572 2456 ὁμόροις,
2613 2382 2690 2444 ὡς
2717 2382 2905 2445 ἔθνους
2949 2378 3164 2451 μακροῦ
3203 2378 3612 2451 περινοστοῦσιν
3648 2375 3729 2429 αὒ-

2160 2476 2289 2546 τὴν,
2330 2477 2412 2539 ὡς
2443 2475 2579 2547 μηδὲ
2609 2474 2875 2544 ποιμένας
2904 2475 3031 2537 τοὺς
3071 2471 3133 2537 ἐξ
3176 2472 3428 2543 ’Λράεων
3449 2469 3727 2540 κατανεμῆ·

2167 2569 2261 2625 σαί
2294 2587 2348 2622 τι
2395 2568 2505 2626 τῶν
2556 2569 2706 2623 ίδίων
2758 2566 3089 2637 θρεμμάτων
3142 2566 3202 2618 ὲν
3263 2565 3437 2635 αὐτῇ·
3492 2562 3647 2615 διατοι
3676 2557 3728 2611 τὺ

2166 2658 2496 2731 ἠρημῶσθαι
2526 2657 2831 2721 παντελῶς.
2890 2657 3087 2715 ’ἰστέον
3108 2656 3166 2709 δὲ
3199 2657 3287 2710 ὅτι
3320 2655 3392 2709 τὰ
3429 2648 3725 2725 Σαρακηνῶν

2164 2750 2315 2824 ἔθνη,
2353 2751 2449 2806 καὶ
2510 2750 2703 2823 μέχρις
2749 2749 2919 2820 αὐτῆς
2963 2750 3221 2820 διήκοντα
3272 2747 3385 2802 τῶν
3437 2743 3723 2817 Ἀσσυρίων,

2166 2848 2263 2900 καὶ
2300 2846 2401 2917 τὴν
2430 2844 2691 2900 ἐσωτάτω
2718 2843 3053 2914 νεμομένους
3087 2841 3320 2914 ἔρημον,
3361 2839 3599 2913 ’Ἄραϐας
3629 2835 3726 2888 ὀνο-

2168 2934 2350 3008 μάζει.
2389 2936 2609 2991 Γείτονα
2642 2933 2754 3004 γὰρ
2792 2934 2977 3003 ἔχουσι
3026 2932 3128 3003 τὴν
3189 2930 3459 3004 Ἀράϐων.
3509 2927 3651 2988 Εἰκὸς
3681 2923 3725 2979 δὲ

2164 3026 2228 3097 δὴ
2256 3027 2348 3079 καὶ
2379 3026 2575 3089 αὐτοὺς
2624 3011 2750 3088 τοὺς
2777 3024 2837 3089 ἐξ
2878 3023 3140 3095 ’Δραδίας
3170 3022 3526 3094 Σαρακηνοὺς
3557 3015 3726 3089 ἀναμὶξ

2169 3121 2269 3184 τὰς
2308 3119 2608 3190 Ἀσσυρίων
2649 3121 2894 3192 ἐρήμους
2916 3121 3271 3191 περιφοιτᾷν.

2241 3208 2351 3262 Kal
2395 3208 2848 3261 ἀναπαύσονται
2872 3208 3000 3261 ἐκεῖ
3029 3209 3228 3277 θηρία,
3279 3206 3379 3263 καί
3415 3199 3727 3277 ἐμπλησθήο

2170 3310 2384 3351 vortat
2437 3300 2496 3352 αί
2547 3298 2728 3351 οἰκίαι
2784 3297 2962 3367 ἤχου.
2995 3298 3104 3351 Kal
3137 3298 3589 3354 ἀναπαύσονται
3626 3288 3730 3347 ἑνοῖ

2170 3387 2342 3457 σειρῆ
2352 3405 2469 3454 νες,
2488 3390 2586 3442 καί
2618 3388 2894 3457 δαιμόνια
2913 3388 3044 3443 ἐκεῖ
3068 3388 3463 3458 ὀρχήσονται.
3492 3384 3594 3442 Καὶ
3617 3384 3728 3437 ὀνο·

2170 3477 2484 3549 κένταυροι
2527 3479 2655 3533 ἐκεῖ
2693 3478 3190 3546 κατοικήσουσιν,
3251 3480 3355 3534 καί
3390 3471 3727 3541 νοσσοποιή-

2169 3586 2395 3626 σουσιν
2418 3572 2608 3640 ἐχῖνοι
2634 3573 2705 3627 ἐν
2716 3572 2845 3641 τοῖς
2868 3572 3058 3637 οἴκοις
3072 3570 3297 3630 αὐτῶν.
3321 3570 3481 3640 Ταχὺ
3499 3571 3723 3639 ἔρχεται,

2168 3661 2271 3715 καὶ
2300 3665 2374 3716 οὐ
2404 3661 2652 3731 χρονιεῖ.

2240 3748 2394 3803 ⁴Ιθίλον
2442 3766 2561 3814 πως
2601 3750 2688 3804 ἀεὶ
2718 3754 2832 3814 τοῖς
2860 3749 3160 3824 ἀνημέροις
3210 3751 3323 3806 τῶν
3381 3748 3528 3816 ζώων
3555 3743 3724 3801 ἐνδιαί-

2168 3855 2318 3911 τημα
2362 3841 2632 3897 ποιεῖσθαι
2683 3842 2752 3898 τὰ
2803 3840 2911 3894 τῶν
2962 3843 3177 3913 χωρίων
3248 3842 3601 3915 ἠρημωμένα,
3646 3834 3724 3891 καὶ

2168 3932 2323 3995 πόλις
2368 3932 2698 4004 ἑρειπομένη
2734 3932 2992 3997 πλείστας
3013 3951 3073 3987 τε
3103 3936 3237 3998 ὅσας
3277 3936 3479 3998 αὐτοῖς,
3522 3925 3723 3999 καὶμὴν

2168 4024 2262 4079 καὶ
2292 4025 2472 4095 εὐρεϊς
2527 4023 2628 4087 τὰς
2661 4025 2985 4090 καταδύσεις
3014 4026 3275 4084 ἀποτελεῖ
3321 4025 3638 4098 αὐτορόφους
3673 4034 3724 4075 τι

2167 4118 2262 4172 καὶ
2296 4115 2745 4190 ἐσχεδιασμένας,
2782 4118 2876 4171 καὶ
2906 4118 2983 4181 ὼς
3015 4118 3124 4171 ἀπό
3150 4134 3214 4187 γε
3234 4119 3330 4174 τοῦ
3357 4113 3726 4189 συμδεδηκότος

2166 4205 2493 4276 αὐτομάτως
2542 4202 2946 4276 ὲξηυρημέναςο
3006 4208 3065 4263 ὲν
3110 4208 3341 4279 ἐρήμοις
3383 4225 3441 4261 τε
3491 4205 3578 4259 καὶ
3629 4201 3723 4262 τοῖς

2168 4298 2414 4353 σιωπῶσι
2445 4298 2555 4354 τῶν
2587 4299 2787 4362 τόπων,
2837 4298 2956 4370 ἠχώ
3000 4318 3084 4365 τις
3139 4303 3318 4373 ἰσχνὴ,
3364 4303 3457 4355 καὶ
3492 4294 3596 4353 οἷον
3631 4290 3722 4350 ἀπὸ

481 4382 673 4438 domus
705 4383 877 4453 plenae
899 4390 1083 4451 erunt,
1116 4385 1166 4438 id
1192 4396 1308 4451 est,
1345 4386 1550 4440 nullum
1581 4387 1804 4443 omnino
1829 4387 2061 4443 incolam

2169 4391 2325 4463 σιγῆς
2346 4394 2445 4462 τῆς
2459 4391 2621 4461 ἄγαν,
2640 4392 2740 4444 οὐκ
2764 4387 2860 4444 οἷδ’
2876 4394 3046 4457 ὅπως,
3069 4393 3280 4463 ἀνίσχει
3311 4410 3370 4446 τε
3399 4392 3489 4445 καὶ
3510 4391 3616 4451 ταῖς
3632 4384 3722 4437 τῶν

480 4471 783 4539 habentes,
846 4488 1039 4529 sonum
1108 4475 1274 4530 edent
1330 4476 1562 4534 desertis
1622 4480 2059 4535 convenientem.

2167 4482 2520 4553 ἠρεμούντων
2561 4485 2755 4547 ἀκοαῖς
2799 4470 3153 4554 εἰσκρίνεται.
3190 4484 3402 4539 Οὐκοῦν
3441 4481 3598 4554 Θηρία
3639 4476 3722 4555 μὲν

481 4561 814 4629 Saltabunt,
857 4562 1054 4631 inquit,
1106 4564 1215 4622 illic
1255 4574 1311 4621 et
1356 4566 1641 4622 daemonia.
1689 4568 1887 4625 Dicunt
1914 4572 2058 4625 enim

2167 4574 2557 4641 ἀναπαύσεται,
2594 4577 2780 4647 φησιν,
2815 4577 2948 4648 ἤχου
2973 4577 3029 4630 δὲ
3050 4578 3106 4631 oti
3137 4578 3305 4632 οἰκίαι
3334 4576 3719 4646 πλησθήσονταν

481 4650 589 4706 illis
620 4665 836 4721 quoque
867 4653 1143 4723 proprium
1172 4670 1293 4710 esse
1320 4656 1370 4710 in
1395 4655 1629 4715 desertis
1657 4659 1795 4716 locis
1828 4661 2063 4717 libenter

2167 4667 2309 4722 τοῦτ’
2336 4669 2503 4731 ἐστιν,
2534 4670 2727 4724 οὐδένα
2761 4671 3042 4736 παντελῶς
3081 4671 3171 4726 τὸν
3219 4671 3474 4726 οἰκοῦντα
3507 4669 3719 4740 ἔχουσαι.

478 4743 833 4807 commorari,
864 4751 918 4796 et
964 4744 1118 4813 quasi
1171 4747 1533 4803 diversorium
1583 4750 1826 4820 quietum
1866 4752 2064 4807 consti-

2168 4762 2271 4831 τὴν
2300 4764 2423 4826 ταῖς
2471 4763 2732 4834 ἐρημίαις
2774 4764 3092 4835 πρέπουσαν
3136 4764 3254 4836 ὴχῶ
3296 4763 3718 4831 κατακτήσονται.

484 4844 653 4891 tuere.
694 4834 917 4890 Sirenes
954 4846 1134 4893 autem
1163 4840 1295 4895 dicit
1322 4842 1570 4899 volucres
1596 4845 1844 4899 suaviter
1862 4858 2066 4901 canen-

481 4938 585 4994 tes,
618 4928 725 4994 vel,
754 4929 1050 4984 secundum
1109 4928 1462 4989 Hebraeorum
1513 4936 1932 5005 expositionem,
1964 4954 2064 4993 no-

479 5029 682 5074 ctuam.
723 5019 981 5089 Agrestes
1030 5022 1215 5079 asinos
1257 5035 1660 5082 onocentauros
1713 5029 1977 5093 nominat,
2007 5039 2064 5085 et

478 5108 724 5174 echinos,
759 5110 811 5162 id
841 5116 943 5178 est,
976 5112 1282 5176 erinaeeos,
1304 5130 1486 5171 mures
1507 5117 1683 5171 acutis
1711 5118 1883 5186 spinis
1916 5121 2063 5175 velut

481 5200 653 5255 hirtos
700 5212 754 5256 et
788 5201 1096 5258 horrentes.
1149 5204 1275 5260 "an
1335 5210 1517 5263 omnia
1559 5211 1753 5266 merito
1795 5214 2058 5278 vastatis,

479 5294 559 5348 vel
597 5295 844 5359 urbibus,
893 5295 977 5351 vel
1027 5298 1279 5352 domibus
1323 5300 1617 5355 convenire
1668 5313 1906 5371 possent.
1962 5303 2060 5361 Ilis

478 5397 654 5443 autent
712 5389 895 5443 subdit
933 5408 947 5443 :
993 5387 1115 5443 Cito
1167 5389 1344 5455 venit,
1377 5399 1433 5445 et
1462 5407 1566 5447 non
1624 5394 1856 5449 tardabit
1902 5413 1915 5450 :
1968 5407 2062 5451 aut

477 5478 715 5551 Assyriis
746 5479 1013 5534 acriorem
1039 5494 1225 5532 curam
1256 5483 1524 5548 excitans,
1558 5494 1651 5539 aut
1701 5485 1787 5542 his
1814 5489 1904 5557 qui
1934 5498 2061 5544 sunt

478 5586 542 5624 ex
571 5575 777 5626 semine
804 5570 983 5641 {Israel
1018 5571 1445 5653 consolationem
1496 5578 1635 5632 haud
1661 5581 1909 5650 exiguam
1961 5598 2057 5636 ea-

479 5662 597 5717 dem
625 5679 788 5732 Opera
824 5663 1245 5721 all‘ereus.‘Cum
1285 5668 1429 5721 enim
1475 5669 1529 5724 in
1567 5672 1882 5738 captivitate
1928 5687 2048 5725 vcr-

477 5764 752 5818 sarenlur,
787 5765 841 5810 et
877 5756 1016 5830 Cyro
1044 5773 1168 5814 cum
1212 5756 1395 5815 Persis
1426 5770 1482 5817 et
1527 5760 1696 5818 Medis
1729 5762 2055 5834 Babylonio-

2176 4852 2527 4924 Ὀρχήσονται
2560 4853 2636 4918 δὲ,
2682 4856 2867 4924 φησιν,
2896 4856 3013 4908 ἐκεῖ
3054 4854 3149 4907 καὶ
3179 4854 3449 4924 δαιμόνια.
3482 4846 3607 4902 Φασὶ
3630 4841 3721 4911 γάρ

2167 4960 2288 5008 πως
2340 4946 2439 5002 καὶ
2466 4945 2610 5003 αὐτὰ
2635 4948 2750 5009 τοῖς
2789 4946 3060 5017 ἠρεμοῦσι
3089 4946 3198 4999 τῶν
3230 4946 3411 4998 τόπων
3433 4942 3556 4995 ῐδιον
3580 4939 3718 5006 ἐμφι-

2168 5037 2453 5108 λοχωρείν,
2506 5039 2604 5094 καὶ
2655 5033 2767 5092 οἷον
2813 5037 3117 5108 ὲναῦλισμα
3157 5035 3428 5091 ποιεῖσθαι
3483 5028 3718 5102 σχολαῖον.

2164 5127 2433 5200 Σειρῆνας
2448 5128 2533 5193 δὲ,
2571 5126 2746 5200 οἶμαι,
2784 5130 2919 5200 φησι
2943 5131 3011 5184 τὰ
3033 5129 3317 5199 εὐστομεῖν
3347 5125 3519 5181 εἰδότα
3544 5122 3717 5187 πτηνὰ.

2165 5216 2224 5288 ἢ,
2254 5218 2398 5277 κατά
2417 5235 2480 5286 γε
2506 5218 2606 5290 τὴν
2652 5218 2918 5291 Ἐϐραίων
2953 5219 3188 5286 ἔκδοσιν,
3222 5221 3323 5288 τὴν
3349 5214 3570 5287 γλαῦκα.
3601 5207 3718 5266 Τοὺς

2162 5310 2221 5364 δέ
2258 5328 2322 5377 γε
2358 5310 2469 5364 τῶν
2503 5312 2642 5365 δνων
2680 5311 2911 5383 ἀγρίους
2962 5313 3386 5385 ὀνοκενταύρους
3434 5308 3715 5377 ὠνόμασεν·

2167 5402 2263 5455 καὶ
2297 5403 2404 5473 μὴν
2450 5405 2544 5456 καὶ
2590 5403 2804 5473 ἐχίνους
2862 5406 2990 5468 τοὺς
3037 5403 3301 5466 ἀκάνθαις
3349 5402 3540 5470 ὀξείαις
3582 5389 3716 5448 οἱονεὶ

2169 5493 2490 5564 φρίττοντας
2513 5494 2624 5547 τῶν
2651 5494 2824 5565 μυῶν.
2859 5496 3031 5553 Ταυτὶ
3052 5498 3110 5551 δὲ
3141 5500 3431 5569 σύμπαντα
3455 5487 3635 5561 πρέποι
3659 5478 3716 5531 ἂν

2167 5584 2392 5648 εἰκότως
2416 5589 2536 5648 ταῖς
2569 5586 2801 5640 είσάπαν
2840 5568 3296 5659 ήρημωμέναιςῆ
3344 5584 3548 5639 πόλεσιν
3584 5576 3613 5645 ἦ
3646 5571 3711 5659 σίζ’

2165 5673 2332 5738 κίαις.
2384 5676 2741 5745 Ἐπιλέγειδὲ
2773 5678 2999 5742 τούτοις,
3054 5681 3135 5732 ὅτι
3181 5679 3317 5749 ταχὺ
3366 5675 3588 5744 ἔρχεται,
3632 5656 3707 5715 καὶ

2162 5763 2224 5817 οὐ
2259 5771 2482 5838 Χρονιεῖ·
2563 5770 2634 5823 Ἦ
2685 5772 2798 5834 τοῖς
2854 5771 3158 5842 Ἀσσυρίοις
3215 5765 3531 5837 πικροτέραν
3572 5749 3708 5812 ἐνιεὶς
