4060 6492
454 370 552 431 371

1444 380 1502 438 S.
1544 381 1822 438 CYBILLI
1862 383 2332 443 ALEXANDRIN
2373 389 2692 448 ARCHIEP.

3607 398 3702 454 37!

459 496 675 548 modum
706 495 985 568 intelliget.
1020 499 1253 556 Libanus
1294 516 1448 556 mons
1479 505 1668 573 ingens
1691 516 1773 560 est
1808 507 1858 560 in
1889 516 2030 562 terra

2139 509 2196 574 ἐξ
2242 513 2477 584 Ἰσραὴλ,
2507 517 2842 588 περινοήσιι-
2878 517 3121 571 rotasse.
3158 517 3390 581 Λίϐανος
3435 517 3554 588 δ’ρος
3603 522 3710 576 ἐστὶ

459 584 800 651 l’hccnicum.
843 591 1022 646 cedris
1076 603 1132 646 et
1187 594 1439 650 thuribus
1487 597 1640 664 quasi
1709 610 1954 654 comatus
1989 610 2042 654 et

459 673 765 739 deceratus,
814 685 868 730 et
928 678 1130 733 densus
1177 697 1240 736 ac
1294 684 1502 751 spissus
1551 685 1855 742 arboribus.
1889 688 2043 758 Saepe

460 765 641 832 itaque
658 766 803 819 illum
820 767 1096 838 Scriptura
1116 772 1639 846 divinitusinspirata
1659 787 1814 834 terra:
1831 779 2044 836 iudico-

463 869 578 906 rum
619 869 920 925 comparat,
958 874 1249 933 prepterea
1305 871 1448 937 quod
1489 871 1798 939 complures
1852 884 2042 929 essent

458 944 510 997 lu
551 958 612 999 ea
662 956 717 1001 et
769 954 1010 1018 potentia
1065 966 1117 1010 et
1152 960 1320 1026 gloria
1371 962 1682 1028 clarissimi,
1754 977 2043 1034 essentque

457 1036 618 1091 ctiam
667 1037 756 1093 alii
811 1046 1104 1100 sacerdotii
1155 1049 1457 1119 insignibus
1509 1056 1617 1110 alte
1667 1056 1933 1124 subvecti,
1987 1067 2043 1113 et

455 1127 603 1184 velut
648 1133 814 1188 odore
845 1133 1285 1207 lragrantissimi.
1319 1144 1385 1198 Et
1425 1161 1558 1201 sane
1594 1145 1886 1204 Zacharias
1916 1165 2044 1219 pro-

459 1220 619 1286 pheta
668 1239 792 1278 cum
854 1227 1067 1285 Libano
1127 1234 1340 1289 conti-rt
1395 1236 1636 1292 Jutlieam
1683 1257 1698 1293 :
1743 1241 1834 1310 qui
1887 1242 1939 1296 in
1977 1257 2043 1296 ea

459 1323 640 1381 erant,
674 1317 850 1372 cedris
880 1331 932 1375 et
964 1327 1274 1391 quercubus
1312 1338 1367 1381 et
1405 1331 1643 1399 pinubus
1667 1333 1817 1402 :.igni
1860 1343 2040 1389 autem

455 1406 774 1463 cunctivoro
803 1409 1102 1477 Romanum
1147 1419 1608 1491 exercitum,.qui
1666 1433 1788 1492 post
1837 1425 2040 1482 Christi

454 1511 672 1553 crucem
741 1501 900 1572 231
958 1513 1120 1560 totam
1184 1523 1370 1564 eorum
1436 1514 1713 1582 regionem
1763 1516 2037 1587 incendit;

455 1589 643 1657 sicque
673 1592 749 1644 ait
784 1612 798 1646 :
846 1594 1078 1665 r-Aperi,
1113 1597 1333 1663 Libane,
1379 1615 1563 1673 portas
1594 1616 1733 1672 tuas,
1765 1617 1820 1662 et
1847 1613 2042 1664 exedat

457 1680 595 1748 ignis
611 1685 976 1742 cedrostuas:
1014 1696 1184 1756 ploret
1205 1693 1386 1762 pinus,
1421 1697 1548 1766 quia
1579 1699 1779 1754 cecidit
1818 1703 2034 1768 cedrus,

2144 606 2500 673 παμμεγεθές
2528 609 2670 662 κατὰ
2695 609 2796 678 τὴν
2822 608 3086 663 Φοινίκων
3116 607 3243 678 γῆν,
3272 607 3482 679 κέδροις
3518 623 3575 664 τι
3623 615 3713 666 καὶ

2143 691 2380 758 λιϐανοις
2427 698 2756 768 κατάκομον,
2784 699 2916 752 δασύ
2946 715 3006 752 τε
3049 701 3143 752 καὶ
3177 697 3488 770 εὔδενδρον·
3533 715 3712 772 παρειο

2145 783 2302 847 κάξει
2336 788 2516 840 τοίνυν
2558 790 2690 843 αὐτὸ
2715 789 3033 853 πλειστάκις
3069 792 3102 860 ἡ
3153 788 3505 854 θεόπνευστος
3535 791 3716 864 Γραφῇ

2142 879 2210 946 τῇ
2251 877 2362 929 τῶν
2403 879 2668 933 Ἰουδαίων
2703 882 2880 953 χώρα,
2904 881 3160 936 διάτοιιτδ
3197 882 3480 946 πλείστους
3505 885 3560 936 ἐν
3588 886 3713 955 αὐτῇ

2142 964 2645 1038 διαπρεπεστάτους
2674 969 2986 1026 εἷναι-κατά
3011 991 3070 1026 τε
3091 971 3410 1027 δυναστείαν
3433 973 3525 1026 καὶ
3547 973 3714 1040 δόξαν,

2144 1053 2284 1110 εἷναί
2309 1076 2370 1126 γε
2402 1061 2510 1132 μὴν
2539 1064 2632 1116 καὶ
2663 1064 2884 1135 ἐτέρους
2909 1067 3022 1128 τοῖς
3045 1067 3146 1135 τῆς
3180 1065 3464 1136 ἱεροσύνης
3486 1065 3719 1136 αὐχήμα-

2145 1163 2229 1202 σιν
2281 1151 2415 1219 ὑψοῦ
2467 1171 2525 1206 τε
2572 1155 2844 1226 ἠρμένους
2884 1155 2976 1210 καὶ
3018 1150 3130 1208 οἷον
3163 1157 3577 1224 εὐοσμοτάτους.
3618 1157 3716 1210 Καὶ

2143 1240 2275 1310 γοῦν
2305 1243 2334 1296 6
2372 1246 2655 1316 προφήτης
2682 1249 2978 1319 Ζαχαρίας,
3008 1248 3227 1318 Λιϐάνῳ
3257 1247 3355 1318 μὲν
3382 1247 3717 1318 παρεικάζων

2141 1335 2243 1404 τὴν
2280 1337 2798 1410 Ἰουδαίαν··κέδροις
2842 1356 2899 1392 τε
2948 1339 3104 1412 δρυσί
3143 1356 3202 1393 τε
3255 1335 3352 1390 καὶ
3399 1337 3578 1392 πίτυσι
3603 1340 3717 1402 τοὺς

2144 1424 2363 1498 ἐνιαῦτῇ
2381 1439 2396 1455 ⁸
2419 1429 2551 1498 rupi.
2575 1428 2631 1482 δὲ
2661 1429 2944 1500 παμοράγῳ
2971 1429 3071 1500 τὴν
3099 1429 3390 1499 Ῥωμαίων
3420 1427 3718 1499 στρατείαν,

2143 1517 2242 1587 τὴν
2275 1517 2410 1586 μετὰ
2449 1518 2538 1572 τὸν
2567 1519 2660 1573 τοῦ
2689 1522 2840 1591 Σωτῆ
2852 1537 2941 1592 ρος
2967 1520 3202 1592 σταυρὸν
3235 1521 3365 1584 ὃλην
3389 1518 3564 1574 αὐτῶν
3595 1537 3719 1573 κατ-

2145 1611 2506 1681 εμπρήσασαν
2522 1610 2618 1682 τὴν
2641 1611 2824 1684 χώραν
2840 1654 2855 1679 ,
2882 1613 3026 1668 οὕτω
3051 1612 3215 1684 φησί’
3243 1632 3260 1664 ι
3281 1610 3572 1677 Διάνοιξον,
3591 1613 3617 1664 6
3638 1611 3723 1665 Λί-

2146 1703 2329 1768 ϐανος,
2358 1703 2456 1766 τὰς
2477 1703 2648 1774 θύρας
2683 1721 2798 1759 σου.
2833 1707 2942 1760 Καὶ
2971 1705 3340 1775 καταφαγέτω
3371 1704 3484 1775 πῦρ
3515 1703 3610 1766 τὰς
3637 1703 3722 1756 κέ-

457 1772 683 1840 plorate,
713 1791 950 1844 quercus
1008 1781 1204 1850 Busan,
1257 1788 1383 1856 quia
1443 1789 1664 1844 evulsus
1727 1800 1814 1846 est
1864 1793 2035 1850 saltus

2146 1793 2305 1864 δρους
2341 1772 2806 1862 σου.ὐλολυξάτω
2843 1797 3024 1861 πίτυς,
3063 1772 3488 1850 διϐτιήπέπτωκε
3521 1795 3719 1863 κέδρος.

456 1867 806 1924 ι·οιιείιιιε⁹⁶·.
836 1891 860 1924 ›
895 1871 977 1928 Sit
1009 1875 1170 1944 igitur
1190 1877 1497 1936 Judzeorum
1531 1883 1644 1938 [me
1672 1885 1865 1948 oratio,
1897 1887 2039 1942 velut

2161 1884 2498 1951 Ὀλολύξατε,
2521 1885 2680 1958 δρύες
2706 1887 2803 1957 τῆς
2833 1887 3202 1949 Βασανίτιδος,
3224 1887 3307 1940 ὃτι
3329 1883 3676 1952 κατεσπάσθη
3697 1885 3722 1936 6

457 1972 486 2007 a
530 1954 691 2026 lignis
719 1957 912 2016 Libani
956 1978 1343 2037 sumpta,.qua:
1380 1971 1612 2039 gaudent
1649 1982 1703 2026 et
1737 1973 1917 2028 dicunt
1944 1973 2039 2029 Ba-

2144 1977 2346 2048 δρυμὸς
2369 1979 2397 2030 6
2420 1977 2482 2030 σύ
2491 1954 2719 2048 μιρυτος.
2744 1954 2771 2030 »ν
2793 1980 2972 2032 Ἔστω
2991 1978 3278 2050 τοιγαροῦν
3315 1977 3580 2032 Ἰουδαίων
3599 1977 3626 2029 6
3644 1973 3723 2027 λό-

464 2051 704 2121 bylonio-
737 2055 1014 2128 ipsiusque
1059 2063 1279 2118 servis:
1322 2063 1401 2118 Ex
1453 2080 1560 2134 quo
1610 2075 1663 2119 tu
1715 2067 2038 2132 dormivisti,

2143 2087 2239 2138 γος
2264 2069 2338 2134 ὡς
2364 2071 2475 2124 ἀπὸ
2511 2071 2682 2136 ξύλων
2703 2070 2798 2124 τοῦ
2822 2071 3054 2126 Λιϐάνου
3084 2069 3536 2141 εὐφραινομένων
3557 2084 3613 2120 τε
3637 2067 3722 2120 καὶ

458 2160 563 2197 ιιοιι
595 2149 836 2202 asc-endit
864 2151 956 2218 qui
1005 2154 1246 2209 succidat
1303 2170 1422 2211 nos.
1478 2157 1890 2224 Elegantissime
1913 2175 2039 2213 vero

2142 2163 2411 2232 λεγόντων
2438 2165 2514 2236 τῷ
2545 2166 2870 2236 Βαϐυλωνίῳ
2898 2167 2992 2220 καὶ
3019 2169 3133 2230 τοῖς
3159 2167 3296 2238 ἀμφ’
3333 2163 3520 2219 αὐτόν·
3538 2163 3649 2229 Ἀφ’
3668 2148 3722 2213 οὗ

459 2231 512 2285 in
540 2232 639 2288 hac
667 2238 936 2292 sermonis
972 2242 1336 2299 translatione
1386 2246 1706 2302 immoratus
1752 2257 1854 2302 est.
1905 2248 2039 2304 Nam

2144 2231 2595 2330 σὺκεκοίμησαι,
2626 2261 2726 2313 οὐκ
2766 2231 2932 2331 ἀνέϐη
2971 2261 3000 2312 6
3038 2231 3264 2313 κόπτων⁷
3303 2252 3724 2330 ήμίίςᾙᾼστειό⁴¹

463 2329 591 2394 quia
626 2325 771 2385 velut
809 2343 844 2387 a
887 2331 1045 2404 lignis
1104 2334 1292 2392 Libani
1342 2337 1482 2393 l‘acta
1515 2349 1746 2407 estvox,
1789 2342 1910 2397 ideo
1956 2343 2040 2397 in-

454 2421 660 2488 quiuut-
690 2441 704 2477 :
750 2424 866 2479 Non
919 2430 1161 2482 ascendit
1189 2429 1280 2499 qui
1313 2431 1560 2486 succidat
1596 2449 1715 2488 nos.
1747 2433 1884 2488 Nam
1914 2445 2046 2505 post-

455 2513 688 2568 reditum
775 2516 1143 2574 lsraelitarum
1213 2535 1277 2575 ex
1334 2523 1626 2594 Babylone,
1697 2541 2036 2596 nequaquam

457 2613 645 2658 contra
682 2605 800 2661 illos
826 2608 1024 2664 bellum
1055 2627 1121 2665 ex
1168 2621 1313 2666 terra
1345 2615 1692 2686 Assyriorum
1739 2619 2036 2674 ciuitatum

457 2703 577 2748 εει..
613 2696 863 2754 Dicemus
914 2711 969 2756 et
1029 2718 1128 2757 nos
1165 2706 1371 2759 merito-
1399 2706 1634 2772 Satauze,
1686 2711 1774 2779 qui
1802 2712 1930 2767 olim
1969 2714 2038 2768 ab

458 2783 1059 2851 illo'eversi,.stabilem
1102 2793 1356 2863 deinceps
1417 2807 1650 2852 mentem
1698 2800 1782 2853 in'
1817 2802 2036 2857 Christo

459 2875 748 2944 habemus,
788 2881 1136 2952 animumque
1162 2885 1213 2938 in
1248 2887 1448 2954 pietate
1494 2888 1707 2944 ﬁrmum
1734 2901 1790 2945 et
1825 2893 2036 2949 radices

456 2979 728 3036 agentem,
769 2981 822 3025 et
884 2984 1072 3042 pectus
1141 2975 1578 3034 ﬂorentissimum
1621 3001 1636 3037 :
1695 2983 1766 3037 Ex
1816 3001 1924 3055 quo
1978 2995 2035 3040 tu

458 3061 988 3132 obdormivisti,.non
1018 3069 1262 3126 ascendit
1300 3070 1392 3141 qui
1421 3087 1522 3128 nos
1550 3075 1822 3130 succidat.

2139 2363 2276 2399 τατα
2325 2347 2383 2400 δὲ
2435 2348 2642 2419 σφόδρα
2705 2349 2980 2419 μεμένηκε
3046 2351 3116 2418 τῇ·
3164 2346 3260 2400 τοῦ
3320 2346 3488 2414 λόγου
3535 2345 3723 2414 τροπῇ.

2153 2434 2372 2491 Ἐπειδὴ
2421 2436 2528 2507 γὰρ
2572 2435 2650 2500 ὼς
2693 2436 2800 2490 ἀπὸ
2848 2434 3026 2500 ξύλων
3051 2435 3152 2489 τοῦ
3177 2434 3421 2488 Λιϐάνου
3448 2431 3722 2502 γέγονενή

2141 2525 2311 2597 φωνὴ,
2346 2525 2604 2600 ταύτῃτοί
2632 2545 2763 2597 φασι
2789 2527 2872 2589 τδ,
2905 2528 3021 2580 Οὐκ
3055 2526 3227 2596 ἀνέθη
3254 2528 3287 2578 6
3316 2527 3546 2580 κόπτων
3565 2524 3722 2595 ἡμᾶς.

2138 2617 2292 2671 Μετὰ
2343 2615 2450 2686 γάρ
2498 2633 2581 2669 τοι
2617 2618 2716 2687 τὴν
2760 2617 2822 2669 ἐκ
2855 2615 3176 2679 Βαϐυλῶνος
3218 2615 3489 2668 ἐπάνοδον
3542 2612 3646 2666 τῶν
3671 2611 3725 2676 ἐξ

2151 2706 2384 2776 Ἰσραὴλ,
2411 2707 2593 2760 οὐκέτι
2634 2707 2783 2777 πρὸς·
2806 2707 2999 2769 αὐτοὺς
3023 2708 3052 2759 6
3075 2706 3140 2759 ὲκ
3169 2706 3268 2775 τῆς
3314 2704 3616 2775 Ἀσσυρίων
3642 2719 3726 2756 κε-

2136 2799 2356 2869 κίνηται
2403 2798 2658 2868 πόλεμος.
2678 2797 2950 2868 Ἐροῦμενμ
2985 2797 3043 2850 δὲ
3085 2798 3180 2850 κα)⁸
3205 2798 3377 2868 ἡμεῖς
3407 2797 3632 2858 εἰκότως
3655 2791 3726 2862 τῷ

2138 2889 2373 2958 Σατανᾷ,
2415 2891 2463 2942 oi
2515 2888 2682 2941 πάλαι
2729 2888 2830 2958 μὲν
2877 2889 3005 2960 παρ’
3031 2888 3242 2941 ἐκείνου
3299 2885 3725 2958 πεπορθημένοι,

2136 2984 2346 3055 ἑδραῖον
2375 2983 2431 3037 δὲ
2458 2984 2642 3038 λοιπὸν
2671 2984 2965 3055 ἐσχηκότες
2996 2987 3054 3038 ἐν
3084 2983 3313 3054 Χριστῷ
3357 2984 3420 3036 τὸ
3461 2982 3725 3053 φρόνημα,

2135 3077 2230 3130 καὶ
2259 3065 2485 3140 νοῦνέίς
2515 3077 2797 3130 εὐσέϐειαν
2823 3077 3062 3145 ἀσφαλῆ,
3095 3076 3188 3129 καὶ
3215 3073 3618 3147 ἐρριζωμένον,
3644 3069 3730 3123 καὶ

2064 3202 2108 3262 c
2140 3168 2366 3239 καρδίαν
2406 3168 2824 3240 εὐθαλεστάτην·
2860 3168 2976 3237 Ἀφ’
3006 3161 3068 3223 οὗ
3109 3168 3173 3220 σὺ
3218 3167 3587 3238 κεκοίμησαι,
3638 3161 3730 3215 οὐκ

533 3347 692 3406 Vens.
726 3351 881 3408 9-‘ll.
943 3353 1194 3423 infernus
1226 3355 1409 3412 subtus
1451 3357 1791 3411 exacerbatus
1823 3365 1900 3412 est
1937 3358 2036 3412 tibi

459 3455 769 3508 Occurrens,’
792 3448 1010 3499 excitati
1035 3457 1153 3500 sunt
1179 3447 1337 3500 simul
1363 3449 1458 3501 tibi
1480 3466 1656 3503 omnes
1680 3451 1915 3519 gigantes
1944 3452 2036 3518 qui

459 3535 870 3589 dominabantur
913 3547 1086 3601 terra',
1133 3539 1222 3606 qui
1251 3540 1546 3592 excitabant
1584 3541 1648 3593 de
1694 3541 1895 3593 throni:
1930 3541 2037 3594 suis

462 3641 641 3680 omnes
680 3643 823 3696 reges
859 3631 1108 3697 gentium.
1147 3629 1341 3684 Omnes
1391 3630 1792 3696 respondebunt,
1844 3631 2039 3698 tibique

465 3717 640 3771 dicent
673 3736 693 3772 :
728 3717 795 3772 Et
827 3730 883 3773 tu
914 3731 1097 3788 captus
1119 3738 1173 3775 es
1199 3721 1634 3786 quenmdmodum
1659 3730 1708 3774 et
1741 3738 1854 3777 nos.
1890 3722 2040 3777 Inter

461 3825 555 3862 nos
600 3821 772 3864 autem
805 3822 1075 3880 reputatus
1103 3831 1178 3868 es.
1233 3813 1506 3866 Descendit
1542 3817 1611 3866 ad
1645 3814 1844 3882 inferos
1867 3817 2038 3884 gloria

461 3902 761 3966 summatm
788 3905 972 3958 (tetitia
995 3916 1106 3960 tua.
1157 3905 1272 3959 Tibi
1319 3905 1645 3960 substernent
1685 3907 2036 3977 putredinem,

460 3999 510 4042 et
535 3992 818 4061 hospitium
849 4004 994 4048 tuum
1017 3996 1226 4050 vermis.

528 4164 587 4220 In
619 4183 770 4223 more
803 4178 885 4224 est
919 4167 1212 4240 Scriptura:
1229 4171 1413 4227 divino
1431 4171 1609 4227 alliam
1631 4176 2040 4243 prteditze,per-

459 4265 852 4332 Ionas-lingere
898 4263 1207 4332 alittuando,
1235 4274 1290 4319 et
1314 4267 1478 4321 veluti
1524 4269 1652 4338 ipsis
1686 4270 1847 4325 rebus
1877 4286 2038 4328 voces

460 4357 906 4411 accommodare:
938 4356 1097 4425 quale
1139 4357 1268 4412 illud
1301 4368 1422 4414 est:
1459 4376 1478 4410 ι
1516 4360 1811 4427 Erubesce,
1847 4364 2035 4432 Sidon,

459 4446 596 4500 dixit
623 4461 803 4514 mare;
822 4457 875 4501 et
895 4447 1156 4504 fortitudo
1179 4450 1346 4505 maris
1370 4450 1479 4505 ait:
1501 4451 1620 4506 Non
1641 4455 2038 4521 parturivi,ne-

461 4549 567 4603 que
601 4535 804 4604 peperi,
859 4553 1031 4606 neque
1077 4539 1311 4594 enutrivi
1361 4541 1816 4608 adolescentulos,
1853 4560 2029 4615 neque

2139 4549 2253 4602 οὑδέ
2301 4547 2506 4610 ἔτεκον,
2554 4546 2675 4599 οὐδὲ
2726 4543 2932 4616 ἔθρεψα
2972 4541 3332 4606 νεανίσκους,

460 4628 615 4683 cvcx-i
646 4627 884 4697 virgines
905 4629 976 4685 ".
1005 4631 1286 4700 rApplicat
1316 4648 1444 4688 vero
1478 4638 1620 4688 hunc
1651 4650 1956 4690 sermonem
1983 4639 2035 4692 in

461 4721 566 4776 hoc
619 4719 905 4792 Tyriorum
949 4722 1178 4788 civitati,
1210 4739 1328 4794 quin
1354 4725 1481 4779 olim
1530 4742 1558 4780 a
1589 4725 1900 4798 Babyloniis
1932 4743 2032 4784 ex-

461 4813 572 4868 cisa
606 4822 723 4880 est;
756 4814 1093 4885 dicimusque
1117 4817 1256 4873 hanc
1281 4819 1583 4873 orationem
1617 4829 1824 4874 natura:
1856 4835 2034 4875 rerum

461 4905 755 4974 quadrare.
789 4906 881 4962 Sic
901 4917 956 4962 et
980 4907 1232 4965 Micbzeas
1268 4911 1532 4980 propheta
1572 4909 1784 4964 induxit
1820 4909 2068 4990 Jerusa-.

462 4996 597 5064 ium,
629 4997 958 5070 Babylonem
989 5002 1349 5071 alloquentem
1382 5019 1394 5054 :
1427 5021 1446 5054 ι
1491 5001 1568 5056 Ne
1603 5003 1828 5058 insultes
1875 5005 2036 5072 mihi,

461 5089 680 5145 inimica
711 5106 849 5156 mea,
884 5093 1026 5161 quod
1057 5093 1430 5152 ceciderim.et
1455 5107 1754 5162 resurgam.
1779 5094 2036 5165 Pr0pter-

460 5195 523 5232 ea
586 5181 630 5235 si
672 5183 863 5236 sedero
896 5182 948 5237 lu
986 5181 1243 5248 tenebris,
1274 5183 1532 5237 Dominus
1575 5183 2037 5254 illucescetmibi;

463 5271 596 5325 iram
625 5271 836 5327 Domini
865 5273 1171 5337 sustinebo,
1205 5274 1337 5342 quia
1365 5275 1581 5343 peccavi
1615 5275 1710 5342 illi,
1742 5276 1914 5332 (Ιοιιθο
1952 5277 2042 5346 ju-

461 5374 597 5416 stam
627 5365 933 5432 pronuntiet
949 5365 1059 5433 ipse
1073 5379 1288 5418 causam
1309 5381 1481 5420 meam
1505 5385 1520 5432 ;
1541 5368 1766 5422 etl'aciet
1778 5367 2039 5436 judicium

463 5472 666 5521 meum,
702 5465 757 5510 et
792 5457 984 5512 educet
1041 5471 1125 5512 me
1166 5457 1218 5512 in
1274 5457 1467 5514 lucem.
1509 5459 1711 5514 Videbo
1770 5461 2038 5530 justitiam

461 5547 601 5615 ejus.
631 5557 686 5604 et
722 5548 926 5603 videbit
972 5549 1189 5603 inimica
1235 5565 1375 5614 mea,
1407 5560 1461 5605 et
1495 5553 1756 5609 vestietur
1809 5555 2040 5626 ignomi-

462 5639 574 5702 nia,
605 5654 723 5710 qua:
741 5640 875 5696 dicit
907 5639 1068 5712 232
1100 5641 1228 5696 mihi
1251 5657 1264 5696 :
1290 5641 1384 5698 Ubi
1421 5644 1678 5702 Dominus
1705 5647 1844 5705 Deus
1887 5648 2043 5704 tuus?

537 5798 602 5830 ’δ’
635 5795 798 5853 Zach.
834 5815 909 5866 ιιι,
945 5801 994 5865 l,
1033 5799 1085 5853 Ξ.
1167 5803 1208 5832 ’⁷
1252 5801 1349 5858 lsa.
1405 5819 1563 5872 χχιιι,
1616 5805 1666 5858 ι.

2139 3263 2309 3333 ἀνέϐη
2338 3264 2367 3316 6
2402 3264 2619 3316 κόπτων
2648 3265 2679 3332 η
2690 3264 2816 3332 μᾶς.

2220 3357 2282 3409 '0
2320 3355 2472 3423 ᾅδης
2502 3354 2768 3409 κάτωθεν
2794 3353 3124 3423 ἐπικράνθη
3164 3351 3578 3422 συναντήσας
3605 3363 3730 3404 σοι’

2137 3445 2606 3517 συνηγέρθησάν
2632 3462 2730 3500 σοι
2754 3447 2976 3510 πάντες
2995 3448 3047 3499 οἱ
3070 3447 3356 3514 γίγαντες
3379 3449 3433 3498 οι
3455 3443 3737 3512 ἄρξαντες

2137 3541 2249 3609 τῆς
2272 3539 2402 3610 γῆς,
2421 3542 2475 3594 οὶ
2503 3539 2838 3608 ἐγείραντες
2859 3539 2926 3591 ἐκ
2946 3537 3064 3591 τῶν
3098 3538 3343 3604 θρόνων
3363 3536 3567 3591 αὐτῶν
3592 3532 3736 3587 πάν-ι

2137 3649 2244 3696 τας
2263 3629 2548 3696 ,βασιλεῖς
2569 3627 2778 3682 ἐθνῶν.
2804 3627 3033 3693 Πάντες
3062 3627 3280 3694 ἀποκρι
3295 3628 3615 3695 θήσονται,
3644 3619 3737 3676 καί

2137 3722 2350 3790 ἐροῦσί
2385 3739 2484 3776 σοι
2508 3738 2520 3752 ·
2552 3719 2663 3776 Kal
2693 3719 2775 3774 σὺ
2818 3718 3010 3784 ἑάλως
3041 3719 3244 3786 ὥσπερ
3275 3721 3386 3773 καί
3428 3718 3634 3788 ἡμεῖς·
3674 3715 3740 3768 ἐν

2137 3813 2283 3882 ἡμῖν
2316 3812 2384 3865 δὲ
2413 3812 2880 3882 κατελογίσθης·
2927 3809 3145 3877 κατέϐη
3186 3812 3276 3876 είς
3318 3811 3476 3879 ᾅδου
3521 3811 3560 3878 ἡ
3593 3805 3735 3870 δόξα

2138 3921 2255 3958 σου
2279 3943 2295 3968 ,
2343 3906 2382 3972 ἠ
2423 3902 2624 3970 πολλὴ
2667 3903 3015 3971 εὐφροσύνη
3072 3915 3190 3956 σου
3213 3919 3225 3933 ο
3275 3901 3570 3956 ὑποκάτω
3626 3914 3736 3953 σου

2138 3996 2481 4066 στρώσουσι
2514 3995 2733 4065 σῆψιν,
2761 3993 2857 4048 καὶ
2882 3993 2947 4048 τὸ
2979 3993 3427 4064 κατακάλυμμὰ
3446 4009 3567 4048 σου
3589 3987 3736 4046 σκώ-

2137 4089 2282 4157 ληξ.

2212 4181 2377 4246 Ἕθος
2420 4183 2488 4252 τῇ
2525 4177 2868 4250 Θεοπνεύστῳ
2901 4179 3094 4249 Γραφῇ
3141 4176 3598 4249 προσωποποιεῖν
3629 4168 3736 4224 ἔσθ’

2139 4276 2248 4340 ὅτε,
2282 4275 2377 4329 καὶ
2410 4269 2519 4328 οἷον
2543 4275 2728 4337 αὐτοῖς
2755 4275 2866 4336 τοῖς
2895 4271 3215 4342 πράγμασιν
3249 4269 3604 4344 ἐφαρμόζειν
3628 4283 3737 4336 φω-

2139 4364 2474 4430 νὰς,.ὁποίόν
2512 4364 2629 4416 ἐστι
2669 4362 2730 4415 τὸ
2757 4403 2774 4428 ,
2809 4378 2828 4412 ι
2870 4359 3201 4430 Δίσχιῖνθητι
3253 4359 3459 4424 Σιδὼν,
3509 4355 3660 4410 εἶπεν
3704 4353 3740 4423 ἡ

2140 4457 2457 4526 θάλασσα’-ὴ
2485 4455 2546 4508 δὲ
2571 4455 2722 4524 ἰσχὺς
2744 4453 2840 4522 τῆς
2871 4452 3148 4521 Θαλάσσης
3168 4446 3354 4504 εἶπεν·
3384 4451 3506 4505 Οὐκ
3534 4449 3741 4509 ὥδινον,

3384 4541 3513 4596 οὐδὲ
3557 4538 3741 4605 ὕψωσα

2136 4638 2457 4708 παρθένους.
2494 4656 2512 4688 ι
2572 4636 2890 4709 Περιτίθησι
2933 4633 3176 4706 μὲνγὰρ
3218 4633 3324 4687 τὸν-
3352 4634 3453 4686 ἐπὶ
3486 4631 3628 4702 τῷδε
3657 4626 3742 4680 λό-

2141 4747 2232 4799 γον
2281 4732 2347 4800 τῇ
2405 4729 2617 4800 Τυρίων
2668 4728 2820 4782 πόλει
2869 4726 3262 4798 πεπορθημένῃ
3317 4724 3472 4778 κατὰ
3523 4719 3746 4792 καιροὺς·

2138 4821 2290 4892 παρὰ
2333 4820 2441 4875 τῶν
2490 4819 2877 4874 Βαϐυλωνίων·
2927 4819 3106 4890 φαμὲν
3139 4818 3196 4870 δὲ
3229 4817 3482 4888 πρέπειν
3522 4817 3591 4884 τῇ
3639 4808 3743 4864 τῶν

2136 4913 2475 4984 πραγμάτων
2507 4912 2665 4982 φύσει
2702 4913 2793 4965 τὸν
2825 4911 3002 4980 λόγον.
3034 4909 3192 4966 Οὕτω
3227 4910 3332 4962 καὶ
3380 4911 3412 4962 6
3459 4906 3742 4979 προφήτης

2135 5003 2376 5074 Μιχαίας
2409 5002 2760 5075 είσκεκόμικέ
2796 5019 2899 5056 που
2936 5002 3035 5073 τὴν
3074 5000 3451 5073 Ἰερουσαλὴμ
3481 4996 3624 5070 πρὸς
3649 4992 3744 5064 τὴν

2137 5093 2431 5160 Βαϐυλῶνα
2461 5093 2724 5164 λέγουσαν
2749 5111 2763 5127 ο
2800 5113 2818 5145 ι
2853 5093 2946 5164 Μὴ
2972 5091 3223 5162 ἐπίχαιρέ
3255 5108 3378 5161 μοι,
3412 5087 3592 5160 ἐχθρά
3623 5100 3742 5155 μου,

2136 5190 2220 5242 δτι
2247 5189 2511 5242 πέπτωκα
2541 5188 2634 5242 καὶ
2665 5188 3060 5257 ἀναστήσομαι.
3101 5185 3248 5237 Διότι
3286 5183 3394 5237 ἐὰν
3442 5181 3660 5237 καθίσω
3690 5177 3746 5229 ἐν

2137 5277 2216 5348 τῷ
2241 5278 2445 5341 σκότει,
2481 5279 2508 5331 6
2539 5275 2742 5347 Κύριος
2793 5275 2990 5344 φωτιεῖ
3037 5287 3156 5342 μοι·
3190 5270 3372 5341 ὀργὴν
3406 5267 3623 5336 Κυρίου
3649 5263 3746 5315 ὁπ-

2141 5372 2293 5437 οίσω,
2320 5372 2400 5423 ὅτι
2431 5370 2676 5440 ἥμαρτον
2707 5365 2875 5437 αὐτῷ.
2899 5366 3004 5429 ἕως
3024 5364 3116 5417 τοῦ
3141 5361 3444 5416 δικαιῶσαι
3463 5357 3630 5413 αὐτὸν
3652 5352 3746 5422 τὴν

2137 5465 2292 5536 δίκην
2324 5482 2451 5535 μου·
2484 5464 2579 5517 καὶ
2606 5463 2822 5533 ποιήσει
2862 5460 2922 5514 τὸ
2952 5460 3125 5532 κρίμα
3162 5474 3290 5528 μου,
3326 5457 3430 5508 καὶ
3468 5449 3652 5518 ἐξάξει
3679 5463 3742 5517 με

2135 5556 2216 5618 είς
2233 5555 2292 5608 τὺ
2310 5553 2698 5623 φῶ;.“⁹οψομαι
2720 5551 2816 5623 τὴν
2837 5549 3185 5620 δικαιοσύνην
3207 5545 3414 5611 αὐτου,
3436 5553 3535 5599 και.
3555 5541 3744 5605 ﬂent

2141 5647 2374 5720 ήὶχορά
2408 5663 2532 5719 μου,
2575 5646 2669 5700 καὶ
2715 5643 3089 5716 περιϐαλεῖται
3135 5638 3375 5712 αἰσχύνη
3423 5639 3460 5709 ἡ
3511 5633 3745 5704 λέγουσα
