4060 6460
298 317 416 375 559

1459 318 1528 378 IN
1571 319 1806 378 ISAIAM
1851 317 1980 376 LIB.
2022 316 2091 375 ll.
2133 315 2372 376 TOMUS
2408 315 2475 374 ιι.

3509 327 3620 387 590

311 432 593 505 Ἀζώτου,
646 436 743 492 καὶ.
774 434 1100 512 ᾠκοδόμησε
1155 436 1344 501 πόλεις
1409 435 1672 502 ’Δζώτου,
1716 434 1812 490 καὶ
1858 435 1912 490 ὲν

2022 439 2076 489 et
2098 432 2151 487 in
2172 430 2418 489 Miuaeos.
2455 431 2524 488 Et
2551 430 2820 489 dederunt
2854 432 3034 492 Minaal
3072 434 3220 496 Ozize
3259 439 3427 507 dona,
3454 446 3619 500 etin-

291 530 422 592 τοτς
449 528 801 599 ἀλλοφύλοις.
827 531 1176 604 Κατίσχυσεν
1210 530 1375 586 αὐτὸν
1400 527 1631 602 Κύριος,
1661 528 1757 585 ἐπὶ
1792 527 1921 591 τοὺς

289 619 651 691 ἀλλοφύλους
684 623 781 679 καὶ
810 622 1078 693 Ἄραϐας.
1102 625 1230 687 τοὺς
1265 621 1658 686 κατοικοῦντας
1685 620 1776 675 ἐπὶ
1819 619 1922 691 τῆς

291 710 550 783 Πέτρας,
588 713 686 767 καὶ
717 713 812 767 ἐπὶ
842 712 969 779 τοὺς
1005 713 1291 778 Μιναίους.
1334 712 1444 766 Καὶ
1489 711 1697 770 ἔδωκαν
1724 711 1774 767 οἱ
1815 712 1922 767 Μι-

289 805 449 858 ναῖοι
474 802 562 874 τῷ
606 802 765 877 Ὀζίᾳ
797 804 971 877 δῶρα,
1009 807 1106 863 καὶ
1151 801 1221 878 ἦν
1278 804 1340 862 τὸ
1383 804 1556 877 ὄνομα
1596 802 1765 859 αὐτοῦ
1814 804 1922 869 ἓως

294 895 522 950 εἰσόδου
553 897 861 966 Δίγύπτου,
892 898 976 955 ὃτι
1008 898 1338 970 κατίσχυσεν
1371 896 1478 962 ἓως
1504 897 1637 953 ἄνω.
1657 958 1670 966 ,
1698 897 1918 969 Ἐπειδὴ

300 988 361 1043 δὲ
407 989 657 1057 ἁπεὸίω,
713 991 1018 1062 διαδέχεται
1073 991 1173 1062 τὴν
1231 990 1511 1063 βασιλείαν
1562 989 1732 1046 αὑτοῦ
1782 992 1812 1046 ὁ
1857 990 1919 1056 ἐξ

298 1080 470 1135 αὑτοῦ
507 1080 760 1151 γεγονὼς
823 1084 1087 1155 Ἰωάθαμ.
1143 1078 1281 1141 Εἶτα
1329 1083 1471 1156 μετὰ
1499 1082 1688 1138 τοῦτον
1719 1080 1919 1155 Ἀχαζ,

290 1174 550 1246 πονηρός
576 1193 638 1229 τε
671 1176 766 1232 καὶ
807 1177 1124 1250 ἀποστάτης
1166 1177 1478 1249 ἄνθρωπος,
1510 1176 1607 1232 καὶ
1655 1178 1770 1241 τοῖς
1816 1174 1919 1249 τῆς

285 1267 526 1337 ἀπάτης
554 1268 822 1339 τέλμασιν
857 1268 1208 1342 ἐμϐεϐηκώς.
1232 1270 1579 1344 Λελάτρευκε
1606 1271 1714 1344 γὰρ
1739 1270 1918 1337 ξύλοις
1959 1309 1969 1320 .

283 1377 351 1414 τε
386 1360 494 1413 καὶ
523 1360 718 1425 λίθοις.
756 1363 852 1419 καὶ
893 1364 1083 1439 ἁπάσῃ
1122 1367 1189 1436 τῇ
1237 1366 1471 1438 στρατιᾷ
1509 1363 1603 1421 τοῦ
1646 1364 1913 1436 ούρανοῦ’

283 1450 538 1522 διήγαγε
580 1453 763 1511 anan
791 1455 887 1510 τὸν
937 1456 1053 1511 υἱὸν
1087 1456 1253 1512 αὑτοῦ
1290 1459 1349 1512 ὲν
1386 1458 1542 1531 πυρὶ,
1571 1457 1765 1511 τέθυκε
1805 1456 1915 1529 γὰρ

283 1546 407 1608 τοῖς
475 1545 780 1617 δαιμονίοις
824 1548 1012 1608 αὐτόν.
1075 1569 1095 1604 ι
1154 1550 1474 1621 Γέγραπται
1516 1550 1574 1603 δὲ
1620 1549 1765 1606 οὕτω
1817 1551 1915 1605 καὶ

283 1639 431 1709 περὶ
484 1639 658 1694 αὐτοῦ
706 1641 766 1694 ὲν
812 1643 879 1712 τῇ
925 1640 1164 1715 τετάρτῃ
1207 1640 1320 1697 τῶν
1367 1641 1702 1697 Βασιλειῶν·
1740 1660 1759 1696 ι
1799 1643 1913 1701 Kal

284 1733 398 1787 οὐκ
450 1732 715 1803 εποίησεν
753 1734 910 1797 εὐθὲς
941 1737 1000 1789 ὲν
1036 1733 1341 1807 ὀφθαλμοῖς
1390 1735 1596 1808 Κυρίου
1630 1733 1724 1789 τοῦ
1770 1733 1908 1789 Θεοῦ

2023 523 2223 579 claruit
2259 538 2463 580 nomen
2496 523 2614 594 ejus
2665 539 2837 595 usque
2898 526 2965 581 ad
3024 528 3329 600 ingressum
3370 533 3614 608 Egypti,

2022 616 2147 685 quia
2176 616 2412 672 obtinuit
2442 617 2608 672 etiam
2643 631 2833 688 supra.
2883 618 3019 674 Cum
3053 631 3234 678 autem
3269 639 3301 680 e
3336 625 3479 682 vivis
3504 628 3618 684 dis-

2021 706 2229 773 cessit,
2304 707 2543 777 capessit
2602 722 2827 778 regnum
2881 708 3001 780 ejus
3058 722 3223 769 natus
3268 712 3617 773 Joatbamus.

2024 796 2162 854 Dein
2188 809 2309 866 post
2345 812 2470 853 eum
2507 796 2783 866 Achazus,
2827 816 3059 870 nequam
3087 814 3143 857 et
3171 815 3441 874 apostata,
3471 815 3527 862 et
3557 808 3618 863 in

2020 888 2228 943 erroris
2258 900 2420 944 coeno
2451 887 2747 943 volutatus.
2784 888 2964 944 Coluit
3009 892 3153 947 enim
3195 893 3337 965 ligna
3385 906 3442 951 et
3477 896 3617 965 lapi-

2021 976 2139 1043 des,
2172 985 2230 1032 et
2260 992 2479 1033 omnem
2524 976 2774 1032 militiam
2817 980 2942 1034 caeli
2978 998 2995 1035 :
3034 985 3381 1055 traduxitque
3440 986 3614 1043 ﬁlium

2020 1085 2176 1126 suum
2203 1086 2300 1142 per
2324 1070 2524 1142 ignem,
2544 1070 2815 1139 siquidem
2841 1086 2964 1126 eum
2980 1071 3266 1130 daemoniis
3285 1075 3479 1132 obtulit
3497 1077 3564 1131 “.
3586 1095 3609 1131 ι

2018 1162 2292 1233 Scriptum
2320 1173 2405 1221 est
2432 1166 2577 1219 enim
2614 1164 2683 1220 de
2708 1179 2775 1219 eo
2803 1165 2883 1219 sic
2907 1173 3109 1235 quarto
3137 1165 3340 1235 Regum
3385 1185 3400 1222 :
3439 1185 3463 1220 ι
3504 1167 3613 1225 Ne-

2018 1271 2125 1328 que
2155 1257 2283 1313 fecit
2314 1267 2522 1312 rectum
2558 1258 2611 1312 in
2637 1256 2811 1312 oculis
2836 1256 3053 1313 Domini
3090 1256 3184 1311 Dei
3234 1258 3315 1312 sui
3357 1257 3615 1318 fideliter.

2017 1346 2472 1418 quemadmodum
2500 1346 2668 1401 David
2707 1356 2862 1417 pater
2896 1345 3087 1416 ipsius,
3121 1347 3528 1416 amlmlavitque
3562 1347 3618 1402 in

2016 1432 2103 1489 via
2129 1450 2315 1507 regum
2347 1434 2536 1499 Israel,
2559 1444 2615 1490 et
2641 1435 2806 1489 lilium
2827 1451 2986 1491 suum
3013 1436 3256 1492 traduxit
3282 1453 3378 1507 per
3409 1439 3617 1510 ignem,

2018 1530 2318 1584 secundum
2349 1528 2782 1585 abominationes
2816 1532 3084 1600 gentium,
3121 1547 3260 1602 quas
3288 1533 3614 1588 evertitDo-

2016 1618 2199 1673 minus
2234 1628 2359 1675 ante
2385 1617 2580 1673 faciem
2627 1618 2862 1676 ﬁliorum
2911 1621 3103 1676 Israel.
3156 1621 3222 1676 Et
3271 1621 3510 1677 adolevit
3557 1622 3613 1677 iu

2015 1709 2248 1766 excelsis
2277 1719 2332 1765 et
2369 1711 2421 1764 in
2452 1710 2703 1777 collibus,
2734 1721 2789 1766 et
2830 1713 2933 1768 sub
2970 1712 3117 1767 υιιιιιί
3155 1712 3301 1784 ligno
3348 1714 3611 1769 silvestri.

285 1823 471 1877 αὐτοῦ
506 1800 719 1888 πιστῶς
855 1825 1060 1882 Δαὸὶδὸ
1083 1800 1267 1898 πατηρ
1294 1824 1458 1880 αὑτοῦ
1479 1800 1494 1857 ί
1517 1824 1609 1879 καὶ
1638 1823 1909 1899 ἐπορεύθη

2016 1800 2171 1857 Tunc
2230 1802 2478 1858 ascendit
2534 1800 2823 1858 Rliaasson
2875 1818 2970 1858 rex
3025 1805 3220 1878 Syriae,
3289 1813 3345 1860 et
3402 1804 3614 1861 Phaeca

286 1916 353 1969 ὲν
380 1913 496 1985 ὀδῷ
523 1913 793 1986 βασιλέων
853 1917 1093 1989 Ἰσραὴλ,
1128 1916 1223 1971 καί
1252 1932 1316 1985 γε
1360 1916 1450 1970 τὸν
1481 1916 1597 1973 υἱὸν
1628 1917 1797 1974 αὑτοῦ
1829 1916 1911 1972 δι-

285 2008 519 2081 ήγαγεν
564 2009 623 2061 ὲν
655 2009 812 2083 πυρὶ,
844 2009 987 2064 κατὰ
1015 2010 1084 2065 τὰ
1115 2008 1465 2081 βδελύγματα
1495 2010 1605 2065 τῶν
1636 2009 1808 2063 ἐθνῶν
1836 2002 1913 2064 ὧν

285 2105 502 2174 ἐξῆρεν
556 2101 767 2174 Κύριος
818 2104 930 2158 ἀπὸ
974 2102 1274 2175 προσώπου
1321 2103 1433 2158 τῶν
1476 2103 1610 2159 υίῶν
1670 2102 1908 2177 Ἰσραήλ.

286 2194 406 2248 Kal
438 2192 746 2264 ὲθυμίασεν
773 2195 833 2248 ὲν
860 2195 977 2259 τοῖς
1007 2193 1256 2264 ὑψηλοῖς,
1287 2192 1383 2247 καὶ
1416 2194 1511 2248 ἐπὶ
1541 2193 1650 2248 τῶν
1680 2192 1909 2265 βουνῶν,

283 2286 390 2341 καὶ
447 2285 720 2341 ὑποκάτω
769 2286 973 2349 παντὸς
1007 2285 1168 2352 ξύλου
1213 2284 1507 2350 ἀλσώδους.
1558 2285 1694 2339 Τότε
1741 2284 1910 2357 ἁνὲὁη

295 2375 604 2431 Ῥαασσὼν
636 2375 893 2446 βασιλεὺς
928 2376 1127 2449 Συρίας
1148 2393 1161 2407 ο
1192 2360 1288 2430 καὶ
1331 2375 1506 2431 Φακεὲ
1547 2376 1660 2442 υίὸς
1701 2377 1911 2447 Ῥωμα-

286 2470 413 2524 λίου
448 2470 553 2524 καὶ
599 2468 856 2541 βασιλεὺς
898 2469 1115 2543 Ἰσραὴλ
1156 2469 1253 2525 ἐπὶ
1301 2468 1662 2541 Ἰερουσαλὴμ
1694 2467 1775 2533 είς
1804 2469 1904 2522 πό·

285 2562 463 2635 λεμον
488 2581 502 2592 ·
540 2563 640 2617 καὶ
669 2561 1026 2633 ἐπολιόρκουν
1056 2563 1150 2616 ἐπὶ
1173 2561 1371 2640 Ἄχας,
1397 2562 1491 2616 καὶ
1525 2562 1625 2616 οὐκ
1646 2560 1910 2631 ἠδύναντο

286 2656 565 2726 πολεμεῖν
593 2671 607 2682 ·
636 2673 656 2707 ι
690 2654 788 2709 καί
814 2654 935 2725 μεθ’
964 2655 1148 2727 ἕτερα*
1189 2672 1209 2706 ι
1239 2653 1351 2708 Καὶ
1382 2651 1704 2710 ἀπέστειλεν
1731 2651 1910 2725 ’Δχαζ

284 2748 570 2817 ἀγγέλους
617 2745 756 2818 πρὸς
810 2745 1292 2819 Θεγλαφαλαασὰρ
1341 2743 1565 2817 βασιλέα
1592 2742 1910 2815 ῒΑσσυρίων

284 2845 471 2915 λέγων
492 2859 505 2875 ·
556 2841 760 2906 Δοῦλος
808 2857 926 2906 σου,
980 2839 1075 2895 καὶ
1117 2840 1233 2905 υἱός
1284 2855 1379 2893 σου
1434 2834 1568 2909 ἐγώ.
1618 2832 1907 2907 Ἀνάόηθι,

287 2937 470 2993 σῶσόν
508 2952 581 3006 με
621 2936 687 2990 ὲκ
717 2932 904 3006 χειρὸς
946 2930 1214 3002 βασιλέως
1247 2930 1467 3005 Συρῖας,
1502 2930 1597 2986 καὶ
1625 2931 1691 2984 ὲκ
1724 2926 1910 3003 χειρὸς

293 3026 577 3101 βασιλέως
619 3022 842 3096 Ἰσραὴλ
885 3021 996 3076 τῶν
1030 3023 1485 3095 ἐπανισταμένων
1523 3019 1613 3076 ἐπ’
1638 3019 1762 3093 ἐμὲ.
1798 3018 1912 3075 Καὶ

283 3118 489 3177 ἐλαϐεν
524 3114 710 3187 Ἀχαζ
754 3113 1022 3188 ἀργύριον
1066 3114 1162 3168 καὶ
1209 3114 1434 3187 χρυσίον
1465 3111 1802 3206 τὸῗεύρεθεν
1847 3111 1907 3167 ἐν
1935 3142 1984 3206 c

284 3211 603 3283 θησαυροῖς
643 3209 799 3265 οἴκου
855 3206 1090 3284 Κυρίου,
1126 3206 1223 3266 καὶ
1269 3208 1420 3266 οἴκου
1470 3205 1565 3264 τοῦ
1621 3205 1907 3276 βασιλέως,

284 3306 383 3359 καὶ
410 3303 719 3359 ἀπέστειλε
748 3301 827 3372 τῷ
876 3298 1092 3370 βασιλεῖ
1121 3299 1294 3373 δῶρα.
1339 3299 1448 3353 Kal
1473 3298 1707 3369 ἤκουσεν
1740 3297 1908 3357 αὑτοῦ

293 3397 558 3473 βασιλεὺς
612 3394 946 3466 Ἀσσυρίων,
978 3394 1075 3448 καὶ
1115 3392 1449 3466 παρεγένετο
1471 3394 1552 3456 είς
1594 3389 1907 3462 Δαμασκὸν,

298 3489 400 3547 καὶ
430 3487 728 3544 συνέλαϐεν
765 3485 941 3558 αὐτὴν
975 3485 1071 3540 καὶ
1108 3485 1406 3557 ἀπῴκησεν
1445 3483 1638 3555 αὐτὴν,
1683 3482 1778 3537 καὶ
1817 3481 1911 3537 τδν

316 3579 606 3638 Ῥαασσὼν
637 3580 1009 3635 ἐθανάτωσεν.
1044 3577 1259 3639 Οὐκοῦν
1287 3576 1507 3650 πρῶτον
1536 3576 1636 3647 μὲν
1673 3574 1857 3641 Ὀζίας
1879 3576 1911 3628 ὁ

306 3674 399 3727 καὶ
433 3671 696 3745 ’Δζαρίας
737 3670 1126 3744 ἐκπεπόρθηκε
1166 3668 1292 3734 τοὺς
1326 3667 1680 3739 ἀλλοφύλους,
1728 3666 1910 3721 πᾶσαν

300 3784 356 3825 τε
378 3764 568 3821 αὐτῶν
616 3763 985 3837 καταδηὼσας
1026 3764 1126 3835 τὴν
1156 3761 1283 3833 γῆν,
1328 3760 1571 3830 δασμοὺς
1616 3759 1910 3831 ἐκομίζετο

295 3861 387 3914 καὶ
426 3858 589 3931 τέλη.
638 3856 904 3927 Δεύτερος
951 3855 1008 3910 δὲ
1062 3856 1203 3927 μετὰ
1255 3852 1444 3908 τοῦτον
1480 3853 1510 3904 ὁ
1552 3850 1728 3922 ’Ἄχας
1774 3867 1908 3910 κατ’

292 3951 600 4024 εμισθοῦτο
640 3950 736 4003 τὸν
784 3950 1095 4022 Ἀσσιςιον,
1125 3946 1222 4003 καὶ
1269 3944 1554 4015 ἐπαφῆκεν
1582 3944 1800 4006 αὐτοῖς’
1849 3941 1910 4006 ὃς

293 4046 388 4102 καὶ
450 4046 645 4102 πᾶσαν
696 4040 1077 4111 ἐξαναστήσας
1130 4036 1230 4108 τὴν
1280 4032 1655 4097 Παλςιιστινῶν
1700 4031 1907 4107 χώραν,

291 4138 500 4201 αὐτοὺς
527 4136 643 4212 γὰρ
677 4129 822 4196 εἶναί
853 4148 988 4203 φησι
1016 4130 1144 4199 τους
1183 4127 1534 4197 ἀλλοφύλους.
1568 4126 1909 4197 ἀπεκόμισεν

291 4227 693 4302 αἰχμαλώτους
730 4229 812 4291 εἰς
840 4225 937 4304 τὴν
987 4222 1207 4289 ἑαυτοῦ,
1241 4222 1370 4286 τοὺς
1416 4223 1484 4279 ὲκ
1523 4219 1620 4274 τοῦ
1668 4218 1907 4291 πολέμου

293 4318 853 4395 περιλελειμμένους.
944 4314 1170 4386 Ἐπειδὴ
1250 4313 1310 4369 δὲ
1396 4310 1787 4381 τετελεύτηκεν
1877 4308 1909 4365 ὁ

296 4412 510 4484 Ἀχαζ,
552 4409 965 4480 ἀνεσκίρτησαν
1014 4407 1109 4461 ἐπὶ
1144 4404 1318 4474 τούτῳ
1343 4402 1453 4457 τῶν
1490 4400 1806 4471 ἀλλοφύλων
1850 4400 1908 4454 αί

291 4507 513 4571 πόλεις,
566 4502 644 4567 ὡς
693 4503 759 4561 ἐκ
809 4499 988 4554 ποδῶν
1031 4497 1317 4568 γεγονότος
1366 4495 1461 4550 τοῦ

294 4599 504 4661 αὐτοὺς
527 4633 543 4659 ,
593 4594 692 4651 καὶ.
732 4592 1074 4663 δυσφὸρητον
1105 4589 1296 4662 ὥσπερ
1323 4589 1416 4642 τὸν
1449 4588 1549 4660 τῆς
1595 4585 1911 4654 πλεονεξίας

295 4690 649 4751 ἐπιτιθέντος
712 4686 901 4756 ζυγόν.
965 4683 1358 4757 Ἢσθενηκότες
1419 4680 1530 4760 γὰρ
1585 4678 1765 4747 ἅπαξ,
1815 4680 1912 4740 καὶ

296 4779 723 4853 πεπορθημένοι
776 4778 871 4839 διὰ
911 4777 1013 4847 τῆς
1072 4775 1376 4846 ’Δσσυρίων
1434 4773 1640 4846 χειρὸς,
1687 4789 1914 4826 κατεπι-

295 4873 597 4946 κραίνοντο
647 4867 747 4939 μὲν
811 4865 904 4920 ἐπὶ
955 4864 1036 4937 τῷ
1081 4862 1282 4934 Ἄχας,
1336 4859 1646 4933 ἀμύνασθαί
1695 4875 1757 4911 τε
1805 4857 1912 4929 μὴν

297 4968 402 5020 οὐκ
432 4960 584 5035 ἦσαν
614 4958 816 5017 ίκανοί.
833 4977 852 5011 ι
874 4952 947 5009 Ὦ
975 4953 1484 5025 τοίνυνδάλλόφυλοι,
1512 4952 1700 5022 φησὶν,
1722 4948 1911 5020 ἐπειδὴ

298 5058 448 5113 καθὰ
482 5069 627 5125 φατε
661 5051 758 5106 καὶ
784 5047 1060 5121 νομίζετε,
1087 5045 1540 5115 τετελευτηκότος
1562 5042 1659 5096 τοῦ
1708 5039 1908 5114 Ἄχας,

298 5147 605 5220 συνετρίϐη
641 5143 832 5203 λοιπὸν
863 5143 893 5200 ὀ
926 5139 1092 5210 ζυγὸς
1133 5138 1227 5193 τοῦ
1271 5138 1525 5201 ’καίοντος
1551 5136 1718 5206 ὑμᾶς,
1762 5132 1910 5191 τοῦτ’

295 5243 443 5305 εστι,
474 5237 576 5294 τοῦ
608 5233 1010 5311 συντρίϐοντος,
1045 5231 1139 5286 ἐπὶ
1161 5229 1339 5301 τούτῳ
1372 5228 1449 5299 μὴ
1484 5225 1904 5306 εὐφρανθείητε.

294 5335 505 5392 Καίτοι
543 5330 682 5403 φαίη
729 5345 815 5392 τις
861 5327 959 5391 ἂν,
1011 5323 1088 5387 ὡς
1134 5322 1530 5392 εἰδωλολάτρης
1575 5318 1811 5390 ῤ”Δχαζ
1840 5315 1909 5389 ἦν

297 5410 541 5500 βέϐηλος
570 5441 632 5478 τε
661 5422 757 5483 καὶ
803 5418 1067 5490 θεομισής
1087 5434 1103 5448 υ
1146 5411 1269 5471 εἶτα
1301 5415 1420 5478 πῶς
1448 5413 1742 5468 ἀνακόπτει
1775 5411 1911 5475 Θεὸς

291 5519 393 5572 τὸν
427 5516 519 5569 ἐπ’
562 5511 714 5583 αὐτῷ
745 5509 965 5580 γέλωτα
1002 5507 1113 5560 τῶν
1157 5505 1223 5559 δι’
1271 5506 1555 5569 ὲναντίαςς
1591 5501 1804 5557 Οὐκοῦν
1847 5501 1909 5555 ού

293 5610 425 5665 κατ’
459 5606 677 5667 ἐκείνου
709 5620 813 5658 που
845 5592 1065 5662 παντως
1093 5593 1161 5669 ἦν
1187 5600 1216 5653 ὁ
1247 5597 1424 5668 γέλως
1446 5610 1463 5628 ’
1504 5594 1620 5650 ἀλλ’
1664 5595 1821 5659 εζπου
1855 5611 1910 5650 τι

2018 1892 2162 1948 [ilius
2190 1889 2491 1947 Rhomeliae
2518 1908 2611 1946 rex
2644 1892 2809 1948 Israel
2859 1893 2912 1948 in
2957 1891 3259 1948 Jerusalem
3288 1894 3355 1949 ad
3384 1894 3609 1962 bellum,

2014 1984 2412 2040 etobsederunt
2434 1983 2737 2047 Acbazuin,
2762 1994 2817 2038 et
2836 1998 2941 2038 non
2958 1992 3252 2052 potuerunt
3274 1999 3609 2055 expugnare,

2015 2087 2120 2133 etc.
2167 2074 2235 2131 Et
2270 2075 2451 2132 emisit
2480 2076 2732 2131 Achazus
2757 2077 2979 2131 nuntios
3013 2077 3079 2130 ad
3120 2076 3612 2147 Theglaphalassa-

2014 2184 2135 2223 rum
2170 2182 2350 2238 regem
2386 2168 2766 2240 Assyriorum,
2812 2167 3000 2223 dicens
3047 2184 3061 2222 :
3125 2165 3327 2223 Servus
3380 2176 3506 2223 tuus
3556 2179 3614 2223 et

2016 2260 2159 2315 illius
2204 2271 2327 2315 tuus
2353 2275 2475 2330 ego,
2508 2260 2763 2327 ascende,
2813 2274 2970 2314 serva
3021 2276 3109 2314 me
3153 2275 3220 2314 ex
3263 2276 3426 2314 manu
3467 2261 3614 2331 regis

2016 2348 2211 2423 Syrim,
2237 2359 2291 2407 et
2322 2365 2386 2405 ex
2435 2366 2596 2405 manu
2628 2349 2773 2417 regis
2811 2347 2999 2414 lsrael,
3033 2349 3124 2418 qui
3163 2349 3452 2419 insurgunt
3477 2363 3613 2405 σου·

2014 2436 2099 2496 tra
2130 2455 2237 2496 mc.
2271 2439 2334 2497 Et
2368 2440 2511 2509 cepit
2549 2439 2804 2494 Achazus
2838 2448 3125 2507 argentum
3173 2444 3230 2492 et
3278 2453 3472 2492 aurum
3524 2438 3614 2494 in-

2013 2539 2231 2584 ventum
2258 2529 2309 2584 in
2342 2529 2619 2583 thesauris
2648 2528 2838 2582 domus
2870 2526 3108 2594 Domini,
3139 2533 3194 2581 et
3222 2529 3416 2582 domus
3444 2527 3613 2595 regis,

2017 2630 2074 2676 et
2106 2620 2256 2677 misit
2284 2620 2397 2690 regi
2437 2636 2688 2675 munera.
2730 2620 2796 2673 Et
2836 2619 3043 2674 audivit
3073 2634 3197 2674 eum
3235 2634 3327 2674 rex
3358 2618 3629 2691 Assyriu.

2015 2727 2157 2781 rum,
2191 2728 2257 2770 ac
2304 2713 2453 2768 venit
2508 2712 2873 2776 Damascum,
2911 2719 2968 2767 et
3025 2725 3147 2766 eam
3175 2721 3390 2781 captam
3437 2721 3614 2768 trans

2016 2805 2168 2872 tulit,
2205 2812 2260 2861 et
2294 2801 2583 2860 thaasson
2616 2802 2909 2859 interfecit.
2939 2801 3109 2873 Igitur
3131 2801 3364 2872 primum
3390 2802 3613 2874 quidem

2019 2898 2185 2956 Ozias
2206 2898 2297 2969 qui
2331 2906 2385 2952 et
2410 2896 2641 2951 Azarias
2661 2904 2766 2958 est,
2797 2894 3041 2965 captivos
3075 2894 3229 2950 duxit
3251 2894 3610 2967 alienigenas,

2021 2993 2281 3064 omnique
2315 3006 2505 3046 eorum
2564 2999 2708 3044 terra
2753 3000 2990 3051 vastata,
3048 2987 3249 3043 tributa
3300 2988 3510 3061 accepit
3558 2997 3616 3044 ct

2016 3082 2325 3155 vectigalia.
2352 3080 2637 3136 Secundus
2663 3095 2792 3136 vero
2825 3088 2949 3151 post
2981 3079 3157 3148 ipsum
3185 3079 3436 3135 Achazus
3466 3095 3614 3134 mer-

2017 3177 2150 3232 cede
2173 3175 2434 3231 condnxit
2465 3175 2771 3246 Assyrium,
2802 3181 2857 3227 et
2896 3172 3097 3228 invasit
3120 3187 3238 3239 eos,
3276 3174 3365 3243 qui
3398 3180 3453 3229 et
3493 3172 3616 3227 uni-

2015 3283 2230 3324 versam
2254 3269 2450 3323 evertit
2490 3268 2768 3337 regionem
2825 3262 3241 3320 Palaestinorum
3293 3266 3411 3338 (eos
3464 3266 3611 3322 enim

2014 3365 2146 3421 dicit
2172 3377 2295 3419 esse
2317 3358 2677 3431 alienigenas)
2724 3359 3059 3429 abduxitque
3092 3359 3337 3429 captivos
3373 3356 3427 3413 in
3454 3374 3612 3413 suam

2016 3467 2239 3519 terram,
2265 3469 2359 3508 eos
2383 3453 2473 3523 qui
2509 3467 2540 3506 e
2582 3452 2723 3506 bello
2749 3461 2909 3507 erant
2945 3452 3141 3506 relicti.
3176 3448 3390 3506 Mortuo
3427 3459 3610 3508 autent

2012 3549 2253 3609 Acltazo,
2285 3546 2355 3600 ob
2405 3545 2459 3600 id
2500 3543 2814 3600 resilierunt
2842 3542 3271 3615 alienigenarum
3334 3543 3608 3612 civitates,

2011 3638 2174 3722 243
2198 3638 2341 3692 velut
2378 3650 2409 3691 e
2451 3636 2631 3691 medio
2662 3636 2874 3691 sublato
2904 3650 2972 3691 eo
2993 3636 3084 3706 qui
3118 3644 3490 3706 percusserat,
3533 3650 3600 3691 ac

2015 3732 2356 3789 intolerabile
2393 3729 2540 3786 velut
2591 3729 2783 3801 jngum
2827 3730 3133 3802 tyrannidis
3165 3730 3473 3787 induxerat.
3508 3726 3614 3789 De~

2011 3826 2206 3882 bilitati
2240 3825 2386 3880 enim
2428 3825 2597 3879 semel
2628 3830 2683 3878 et
2706 3822 2875 3878 excisi
2926 3838 3089 3877 manu
3131 3822 3504 3896 Assyriorum,
3530 3824 3610 3879 ira

2012 3916 2483 3973 cxacerbabanlur
2521 3916 2739 3987 quidem
2801 3914 2853 3970 in
2907 3914 3211 3981 Achazum,
3239 3925 3295 3970 at
3321 3913 3509 3972 ulcisci
3539 3928 3602 3973 se

2012 4028 2118 4068 non
2142 4011 2398 4069 valebant
2422 4011 2487 4065 ’⁸.
2520 4029 2541 4064 ι
2579 4008 2624 4066 Ο
2659 4009 2823 4080 igitur
2848 4022 2970 4073 vos,
3009 4009 3219 4078 inquit,-
3250 4008 3608 4080 alienigenae:

2006 4096 2455 4175 ruaudoquidem
2502 4103 2647 4159 sicut
2710 4099 2892 4156 dicitis
2942 4109 2997 4155 et
3046 4101 3298 4167 creditis,
3353 4102 3612 4160 defuncto

2000 4197 2249 4265 ,Achazo,
2285 4197 2580 4253 contritum
2632 4204 2716 4250 cst
2772 4194 3125 4260 imposterum
3158 4191 3348 4264 iugum
3408 4209 3610 4264 percu-

2013 4289 2197 4345 tientis
2222 4302 2339 4357 vos,
2390 4288 2445 4343 id
2480 4297 2586 4353 eSI,
2611 4285 2968 4346 conterentis,
3004 4294 3292 4353 propterea
3357 4299 3426 4339 ne
3477 4300 3607 4355 gau-

2012 4386 2155 4441 dete.
2185 4384 2505 4452 Quanquam
2548 4369 2750 4435 dixerit
2788 4379 3083 4450 quispiam,
3124 4378 3399 4436 Aehazum
3438 4377 3610 4434 idolo...

1505 4492 1905 4557 καταπαίοντος

2015 4492 2132 4531 rum
2159 4474 2418 4530 cultorem
2460 4470 2646 4538 fuisse,
2684 4481 2738 4525 et
2767 4469 3080 4542 profanum,
3109 4477 3165 4525 et
3201 4469 3290 4525 Dei
3329 4471 3541 4523 hostem
3585 4486 3604 4538 ;

2009 4569 2101 4640 qui
2132 4570 2190 4623 lit
2237 4582 2367 4638 ergo
2402 4576 2461 4620 ut
2506 4574 2730 4636 prepter
2774 4566 2918 4619 hunc
2957 4562 3218 4634 impediat
3245 4560 3387 4616 Deus
3433 4562 3605 4621 risum

2011 4657 2492 4716 adversariorum?
2521 4657 2638 4712 Non
2676 4666 2866 4712 contra
2904 4655 3049 4710 illum
3081 4655 3306 4710 oruuino
3345 4653 3434 4709 hic
3467 4654 3611 4710 risus

2009 4764 2151 4819 erat,
2179 4752 2275 4808 sed
2298 4751 2344 4807 si
2373 4750 2503 4823 quid
2533 4750 2746 4804 adversi
2779 4748 2978 4804 Judaem
3001 4750 3340 4819 contigisset,
3364 4762 3470 4802 non
3497 4755 3607 4806 tam

2009 4848 2304 4918 patientes,
2360 4860 2525 4914 quam
2575 4842 2669 4897 Dei
2709 4855 2928 4896 manum
2957 4854 3081 4911 qua:
3129 4838 3387 4896 lsraelem
3445 4839 3605 4912 quasi

2018 4948 2173 4994 scuto
2197 4935 2463 5000 defendit,
2499 4933 2687 4989 sauuis
2719 4929 3092 5001 conviciisque
3152 4933 3492 4986 conabantur
3522 4931 3611 4985 in-

2015 5036 2211 5091 sectari
2265 5032 2585 5089 adversarii.
2636 5030 2910 5085 Putabant
2958 5025 3227 5092 siquidem
3272 5031 3609 5077 attenuatam

2015 5137 2070 5184 et
2110 5126 2443 5183 infirmatam
2466 5138 2590 5179 esse
2606 5119 3042 5191 potentissimam
3084 5116 3462 5179 dexteram,et
3487 5128 3615 5171 suos

2019 5226 2155 5282 deos
2176 5224 2404 5279 custode
2437 5220 2654 5283 lsraelis
2677 5218 2847 5277 fuisse
2870 5213 3146 5271 meliores.
3167 5208 3410 5267 Proinde
3444 5222 3594 5281 quan

2019 5331 2182 5387 quam
2219 5312 2483 5389 profanus
2527 5311 2693 5367 fuerit
2732 5308 3006 5372 Acbazus,
3042 5312 3223 5359 tamen
3252 5301 3379 5372 quia
3426 5298 3618 5363 alieni,

2019 5423 2192 5479 genae,
2223 5418 2282 5462 ut
2316 5406 2426 5479 jam
2460 5405 2734 5472 dicebam,
2769 5400 3007 5456 ludibrio
3046 5398 3354 5457 habuerunt
3394 5389 3612 5446 Israeli—

2021 5510 2129 5568 tas,
2167 5500 2476 5569 comprimit
2509 5498 2777 5564 laetitiam,
2797 5504 2854 5549 et
2886 5490 3041 5564 quasi
3072 5487 3307 5545 retrahit
3341 5497 3405 5538 ac
3439 5480 3615 5541 τρίτον

2021 5601 2116 5647 nat
2167 5590 2449 5660 gaudium,
2489 5590 2677 5646 dicens
2706 5608 2723 5647 ς
2758 5603 2866 5649 non
2912 5586 3173 5643 liberatos
3203 5594 3323 5643 esse
3356 5591 3452 5638 cos
3478 5574 3614 5654 jugo

370 5768 422 5808 ⁸⁸
452 5765 501 5827 ll
536 5763 718 5820 Paral.
754 5774 907 5828 sxw,
934 5756 1065 5827 6—8;
1090 5769 1270 5824 sunt,
1304 5753 1364 5820 l;
1404 5766 1590 5814 xxvm,
1625 5749 1751 5817 l4.
1820 5749 1861 5782 ιι
1888 5745 1954 5806 ιγ
1988 5747 2124 5819 Reg,
2149 5760 2264 5812 xvr,
2294 5742 2320 5799 l
2361 5756 2519 5819 seqq,
