  <div class='ocr_page' id='page_1' title='image "/cluster/home/n/w/nwhite01/storage/ocr_20150623/70:no.3/coo.31924054869726/204.png"; bbox 0 0 4060 6466; ppageno 0'>
   <div class='ocr_carea' id='block_1_1' title="bbox 309 323 433 378">
    <p class='ocr_par' dir='ltr' id='par_1_1' title="bbox 309 323 433 378">
     <span class='ocr_line' id='line_1_1' title="bbox 309 323 433 378; baseline 0.016 -2"><span class='ocrx_word' id='word_1_1' title='bbox 309 323 433 378; x_wconf 78' lang='grc'><strong>593</strong></span> 
     </span>
    </p>
   </div>
   <div class='ocr_carea' id='block_1_2' title="bbox 1485 319 2486 378">
    <p class='ocr_par' dir='ltr' id='par_1_2' title="bbox 1485 319 2486 378">
     <span class='ocr_line' id='line_1_2' title="bbox 1485 319 2486 378; baseline 0.004 -4"><span class='ocrx_word' id='word_1_2' title='bbox 1485 319 1550 374; x_wconf 81' lang='grc' dir='ltr'><strong>ΙΝ</strong></span> <span class='ocrx_word' id='word_1_3' title='bbox 1595 319 1828 376; x_wconf 75' lang='lat' dir='ltr'><strong>lSAlAM</strong></span> <span class='ocrx_word' id='word_1_4' title='bbox 1867 321 1997 376; x_wconf 60' lang='grc' dir='ltr'><strong>[ΑΒ.</strong></span> <span class='ocrx_word' id='word_1_5' title='bbox 2034 321 2100 377; x_wconf 90' lang='lat' dir='ltr'><strong>ll.</strong></span> <span class='ocrx_word' id='word_1_6' title='bbox 2144 322 2384 378; x_wconf 77' lang='lat' dir='ltr'><strong>TOMUS</strong></span> <span class='ocrx_word' id='word_1_7' title='bbox 2424 321 2486 378; x_wconf 88' lang='lat' dir='ltr'><strong>ll.</strong></span> 
     </span>
    </p>
   </div>
   <div class='ocr_carea' id='block_1_3' title="bbox 3527 334 3630 388">
    <p class='ocr_par' dir='ltr' id='par_1_3' title="bbox 3527 334 3630 388">
     <span class='ocr_line' id='line_1_3' title="bbox 3527 334 3630 388; baseline 0.019 -2"><span class='ocrx_word' id='word_1_8' title='bbox 3527 334 3630 388; x_wconf 64' lang='grc' dir='ltr'><strong>σοι</strong></span> 
     </span>
    </p>
   </div>
   <div class='ocr_carea' id='block_1_4' title="bbox 391 433 1930 506">
    <p class='ocr_par' dir='ltr' id='par_1_4' title="bbox 391 433 1930 506">
     <span class='ocr_line' id='line_1_4' title="bbox 391 433 1930 506; baseline -0.002 -17"><span class='ocrx_word' id='word_1_9' title='bbox 391 435 627 499; x_wconf 74' lang='grc' dir='ltr'>Φθάσας</span> <span class='ocrx_word' id='word_1_10' title='bbox 657 435 811 506; x_wconf 76' lang='grc' dir='ltr'>ἔφην,</span> <span class='ocrx_word' id='word_1_11' title='bbox 847 434 929 488; x_wconf 87' lang='grc' dir='ltr'>ὅτι</span> <span class='ocrx_word' id='word_1_12' title='bbox 957 435 1254 499; x_wconf 80' lang='grc' dir='ltr'>τεθνεῶτος</span> <span class='ocrx_word' id='word_1_13' title='bbox 1295 434 1390 488; x_wconf 77' lang='grc' dir='ltr'>τοῦ</span> <span class='ocrx_word' id='word_1_14' title='bbox 1425 433 1624 505; x_wconf 80' lang='grc' dir='ltr'>Ἀχαζ,</span> <span class='ocrx_word' id='word_1_15' title='bbox 1661 434 1930 488; x_wconf 84' lang='grc' dir='ltr'>κατεπλα-</span> 
     </span>
    </p>
   </div>
   <div class='ocr_carea' id='block_1_5' title="bbox 2033 433 3627 506">
    <p class='ocr_par' dir='ltr' id='par_1_5' title="bbox 2115 435 3627 502">
     <span class='ocr_line' id='line_1_5' title="bbox 2115 435 3627 502; baseline 0.006 -13"><span class='ocrx_word' id='word_1_16' title='bbox 2115 435 2288 502; x_wconf 82' lang='lat' dir='ltr'><strong>Supra</strong></span> <span class='ocrx_word' id='word_1_17' title='bbox 2342 437 2474 501; x_wconf 93' lang='lat' dir='ltr'><strong>dixi,</strong></span> <span class='ocrx_word' id='word_1_18' title='bbox 2520 447 2734 492; x_wconf 90' lang='lat' dir='ltr'><strong>mortuo</strong></span> <span class='ocrx_word' id='word_1_19' title='bbox 2771 439 3008 502; x_wconf 83' lang='lat' dir='ltr'><strong>Acltazo,</strong></span> <span class='ocrx_word' id='word_1_20' title='bbox 3053 440 3252 498; x_wconf 81' lang='lat' dir='ltr'><strong>eﬂ‘usos</strong></span> <span class='ocrx_word' id='word_1_21' title='bbox 3288 445 3340 498; x_wconf 92' lang='lat' dir='ltr'><strong>in</strong></span> <span class='ocrx_word' id='word_1_22' title='bbox 3387 445 3627 502; x_wconf 73' lang='grc' dir='ltr'>Ιωιὶιὶιιιιι</span> 
     </span>
    </p>
   </div>
   <div class='ocr_carea' id='block_1_6' title="bbox 303 526 1935 599">
    <p class='ocr_par' dir='ltr' id='par_1_6' title="bbox 303 526 1935 599">
     <span class='ocr_line' id='line_1_6' title="bbox 303 526 1935 599; baseline -0.002 -17"><span class='ocrx_word' id='word_1_23' title='bbox 303 530 559 582; x_wconf 82' lang='grc' dir='ltr'>τύνοντο</span> <span class='ocrx_word' id='word_1_24' title='bbox 603 529 704 599; x_wconf 84' lang='grc' dir='ltr'>μὲν</span> <span class='ocrx_word' id='word_1_25' title='bbox 737 530 818 592; x_wconf 87' lang='grc' dir='ltr'><strong>είς</strong></span> <span class='ocrx_word' id='word_1_26' title='bbox 840 527 1107 598; x_wconf 75' lang='grc' dir='ltr'>εὐθυμίαν</span> <span class='ocrx_word' id='word_1_27' title='bbox 1133 530 1183 581; x_wconf 79' lang='grc' dir='ltr'>οἱ</span> <span class='ocrx_word' id='word_1_28' title='bbox 1215 526 1535 596; x_wconf 77' lang='grc' dir='ltr'>ἀλλόφυλοι·</span> <span class='ocrx_word' id='word_1_29' title='bbox 1571 527 1935 597; x_wconf 83' lang='grc' dir='ltr'>κατεμειδίων</span> 
     </span>
    </p>
   </div>
   <div class='ocr_carea' id='block_1_7' title="bbox 303 620 1938 694">
    <p class='ocr_par' dir='ltr' id='par_1_7' title="bbox 303 620 1938 694">
     <span class='ocr_line' id='line_1_7' title="bbox 303 620 1938 694; baseline 0.001 -20"><span class='ocrx_word' id='word_1_30' title='bbox 303 638 378 690; x_wconf 88' lang='grc' dir='ltr'><strong>γε</strong></span> <span class='ocrx_word' id='word_1_31' title='bbox 427 620 547 692; x_wconf 79' lang='grc' dir='ltr'><strong>μὴν</strong></span> <span class='ocrx_word' id='word_1_32' title='bbox 597 621 700 674; x_wconf 78' lang='grc' dir='ltr'><strong>οὐκ</strong></span> <span class='ocrx_word' id='word_1_33' title='bbox 749 621 962 674; x_wconf 86' lang='grc' dir='ltr'>ἐκείνου</span> <span class='ocrx_word' id='word_1_34' title='bbox 1001 622 1225 691; x_wconf 81' lang='grc' dir='ltr'>μᾶλλον,</span> <span class='ocrx_word' id='word_1_35' title='bbox 1276 622 1415 676; x_wconf 82' lang='grc' dir='ltr'><strong>ἀλλά</strong></span> <span class='ocrx_word' id='word_1_36' title='bbox 1450 623 1552 694; x_wconf 79' lang='grc' dir='ltr'>τῆς</span> <span class='ocrx_word' id='word_1_37' title='bbox 1603 622 1938 685; x_wconf 79' lang='grc' dir='ltr'>πανσθενοῦς</span> 
     </span>
    </p>
   </div>
   <div class='ocr_carea' id='block_1_8' title="bbox 303 713 1931 789">
    <p class='ocr_par' dir='ltr' id='par_1_8' title="bbox 303 713 1931 789">
     <span class='ocr_line' id='line_1_8' title="bbox 303 713 1931 789; baseline 0.002 -23"><span class='ocrx_word' id='word_1_38' title='bbox 303 714 508 781; x_wconf 77' lang='grc' dir='ltr'>δεξιᾶς</span> <span class='ocrx_word' id='word_1_39' title='bbox 541 715 644 784; x_wconf 81' lang='grc' dir='ltr'><strong>τῆς</strong></span> <span class='ocrx_word' id='word_1_40' title='bbox 669 714 764 768; x_wconf 75' lang='grc' dir='ltr'><strong>τοῦ</strong></span> <span class='ocrx_word' id='word_1_41' title='bbox 795 713 1062 779; x_wconf 79' lang='grc' dir='ltr'><strong>σώζοντος</strong></span> <span class='ocrx_word' id='word_1_42' title='bbox 1097 715 1188 769; x_wconf 75' lang='grc' dir='ltr'><strong>τὸν</strong></span> <span class='ocrx_word' id='word_1_43' title='bbox 1230 716 1468 789; x_wconf 84' lang='grc' dir='ltr'>Ἰσραὴλ,</span> <span class='ocrx_word' id='word_1_44' title='bbox 1511 717 1656 788; x_wconf 73' lang='grc' dir='ltr'>φημὶ</span> <span class='ocrx_word' id='word_1_45' title='bbox 1687 716 1752 788; x_wconf 83' lang='grc' dir='ltr'>δὴ</span> <span class='ocrx_word' id='word_1_46' title='bbox 1775 716 1931 770; x_wconf 83' lang='grc' dir='ltr'>Θεοῦ.</span> 
     </span>
    </p>
   </div>
   <div class='ocr_carea' id='block_1_9' title="bbox 323 806 1935 880">
    <p class='ocr_par' dir='ltr' id='par_1_9' title="bbox 323 806 1935 880">
     <span class='ocr_line' id='line_1_9' title="bbox 323 806 1935 880; baseline 0.003 -22"><span class='ocrx_word' id='word_1_47' title='bbox 323 806 477 858; x_wconf 76' lang='grc' dir='ltr'>Ἀλλ’</span> <span class='ocrx_word' id='word_1_48' title='bbox 525 807 612 859; x_wconf 84' lang='grc' dir='ltr'><strong>ὅτι</strong></span> <span class='ocrx_word' id='word_1_49' title='bbox 664 808 763 878; x_wconf 85' lang='grc' dir='ltr'>μὲν</span> <span class='ocrx_word' id='word_1_50' title='bbox 818 808 919 860; x_wconf 77' lang='grc' dir='ltr'><strong>οὐκ</strong></span> <span class='ocrx_word' id='word_1_51' title='bbox 966 808 1341 878; x_wconf 67' lang='grc' dir='ltr'>ἐπιλείψουσιν</span> <span class='ocrx_word' id='word_1_52' title='bbox 1399 811 1444 862; x_wconf 78' lang='grc' dir='ltr'>οἱ</span> <span class='ocrx_word' id='word_1_53' title='bbox 1494 811 1793 880; x_wconf 88' lang='grc' dir='ltr'>μαχόμενοι</span> <span class='ocrx_word' id='word_1_54' title='bbox 1843 812 1935 863; x_wconf 81' lang='grc' dir='ltr'><strong>καὶ</strong></span> 
     </span>
    </p>
   </div>
   <div class='ocr_carea' id='block_1_10' title="bbox 327 894 1936 971">
    <p class='ocr_par' dir='ltr' id='par_1_10' title="bbox 327 894 1936 971">
     <span class='ocr_line' id='line_1_10' title="bbox 327 894 1936 971; baseline 0.014 -5"><span class='ocrx_word' id='word_1_55' title='bbox 327 898 479 966; x_wconf 74' lang='grc' dir='ltr'><strong>μετά</strong></span> <span class='ocrx_word' id='word_1_56' title='bbox 497 896 586 949; x_wconf 58' lang='lat' dir='ltr'><strong>etv</strong></span> <span class='ocrx_word' id='word_1_57' title='bbox 629 896 837 963; x_wconf 75' lang='grc' dir='ltr'>ὀζίαν.</span> <span class='ocrx_word' id='word_1_58' title='bbox 873 894 933 950; x_wconf 79' lang='grc' dir='ltr'><strong>εὖ</strong></span> <span class='ocrx_word' id='word_1_59' title='bbox 961 897 1109 968; x_wconf 81' lang='grc' dir='ltr'>μάλα</span> <span class='ocrx_word' id='word_1_60' title='bbox 1130 898 1566 970; x_wconf 73' lang='grc' dir='ltr'>διαμεμήνυκενν</span> <span class='ocrx_word' id='word_1_61' title='bbox 1599 900 1664 953; x_wconf 66' lang='grc' dir='ltr'><strong>ἐκ</strong></span> <span class='ocrx_word' id='word_1_62' title='bbox 1691 900 1936 971; x_wconf 74' lang='grc' dir='ltr'><strong>σπέρμα’</strong></span> 
     </span>
    </p>
   </div>
   <div class='ocr_carea' id='block_1_11' title="bbox 327 988 1929 1060">
    <p class='ocr_par' dir='ltr' id='par_1_11' title="bbox 327 988 1929 1060">
     <span class='ocr_line' id='line_1_11' title="bbox 327 988 1929 1060; baseline 0.005 -21"><span class='ocrx_word' id='word_1_63' title='bbox 327 1005 431 1051; x_wconf 86' lang='grc' dir='ltr'><strong>τος</strong></span> <span class='ocrx_word' id='word_1_64' title='bbox 483 988 661 1057; x_wconf 62' lang='grc' dir='ltr'>ὄφεως</span> <span class='ocrx_word' id='word_1_65' title='bbox 713 989 1098 1056; x_wconf 75' lang='grc' dir='ltr'>ἐξελεύσεσθαι</span> <span class='ocrx_word' id='word_1_66' title='bbox 1157 990 1336 1060; x_wconf 83' lang='grc' dir='ltr'>λέγων</span> <span class='ocrx_word' id='word_1_67' title='bbox 1401 991 1604 1059; x_wconf 78' lang='grc' dir='ltr'>ἔκγονα</span> <span class='ocrx_word' id='word_1_68' title='bbox 1666 993 1929 1047; x_wconf 82' lang='grc' dir='ltr'><strong>ἀσπίδων.</strong></span> 
     </span>
    </p>
   </div>
   <div class='ocr_carea' id='block_1_12' title="bbox 343 1080 1932 1155">
    <p class='ocr_par' dir='ltr' id='par_1_12' title="bbox 343 1080 1932 1155">
     <span class='ocr_line' id='line_1_12' title="bbox 343 1080 1932 1155; baseline 0.003 -21"><span class='ocrx_word' id='word_1_69' title='bbox 343 1081 562 1151; x_wconf 79' lang='grc' dir='ltr'>Ἐπειδὴ</span> <span class='ocrx_word' id='word_1_70' title='bbox 585 1080 644 1133; x_wconf 86' lang='grc' dir='ltr'><strong>δὲ</strong></span> <span class='ocrx_word' id='word_1_71' title='bbox 664 1083 766 1152; x_wconf 84' lang='grc' dir='ltr'>τῆς</span> <span class='ocrx_word' id='word_1_72' title='bbox 781 1082 934 1146; x_wconf 85' lang='grc' dir='ltr'><strong>θείας</strong></span> <span class='ocrx_word' id='word_1_73' title='bbox 962 1083 1394 1155; x_wconf 83' lang='grc' dir='ltr'>κατωρχήσαντο</span> <span class='ocrx_word' id='word_1_74' title='bbox 1411 1084 1591 1154; x_wconf 79' lang='grc' dir='ltr'>δόξης,</span> <span class='ocrx_word' id='word_1_75' title='bbox 1613 1085 1932 1152; x_wconf 82' lang='grc' dir='ltr'>ἀναγκαίως</span> 
     </span>
    </p>
   </div>
   <div class='ocr_carea' id='block_1_13' title="bbox 321 1174 1932 1248">
    <p class='ocr_par' dir='ltr' id='par_1_13' title="bbox 321 1174 1932 1248">
     <span class='ocr_line' id='line_1_13' title="bbox 321 1174 1932 1248; baseline 0.002 -21"><span class='ocrx_word' id='word_1_76' title='bbox 321 1174 606 1228; x_wconf 82' lang='grc' dir='ltr'>δείκνυσιν</span> <span class='ocrx_word' id='word_1_77' title='bbox 641 1177 778 1248; x_wconf 81' lang='grc' dir='ltr'>ἡμῖν</span> <span class='ocrx_word' id='word_1_78' title='bbox 811 1179 840 1230; x_wconf 89' lang='grc' dir='ltr'><strong>ό</strong></span> <span class='ocrx_word' id='word_1_79' title='bbox 871 1178 1166 1248; x_wconf 75' lang='grc' dir='ltr'><strong>προφήτης</strong></span> <span class='ocrx_word' id='word_1_80' title='bbox 1202 1181 1260 1231; x_wconf 86' lang='grc' dir='ltr'><strong>ἐν</strong></span> <span class='ocrx_word' id='word_1_81' title='bbox 1289 1176 1524 1243; x_wconf 77' lang='grc' dir='ltr'><strong>τούτοις,</strong></span> <span class='ocrx_word' id='word_1_82' title='bbox 1557 1177 1640 1230; x_wconf 83' lang='grc' dir='ltr'>ὅτι</span> <span class='ocrx_word' id='word_1_83' title='bbox 1681 1179 1777 1231; x_wconf 72' lang='grc' dir='ltr'><strong>καὶ</strong></span> <span class='ocrx_word' id='word_1_84' title='bbox 1815 1178 1932 1231; x_wconf 83' lang='grc' dir='ltr'>δια-</span> 
     </span>
    </p>
   </div>
   <div class='ocr_carea' id='block_1_14' title="bbox 319 1267 1930 1340">
    <p class='ocr_par' dir='ltr' id='par_1_14' title="bbox 319 1267 1930 1340">
     <span class='ocr_line' id='line_1_14' title="bbox 319 1267 1930 1340; baseline 0.002 -21"><span class='ocrx_word' id='word_1_85' title='bbox 319 1267 487 1320; x_wconf 86' lang='grc' dir='ltr'>σώσει</span> <span class='ocrx_word' id='word_1_86' title='bbox 533 1267 632 1320; x_wconf 80' lang='grc' dir='ltr'><strong>τὸν</strong></span> <span class='ocrx_word' id='word_1_87' title='bbox 693 1268 918 1340; x_wconf 84' lang='grc' dir='ltr'>Ἰσραὴλ</span> <span class='ocrx_word' id='word_1_88' title='bbox 977 1271 1006 1323; x_wconf 85' lang='grc' dir='ltr'><strong>ὁ</strong></span> <span class='ocrx_word' id='word_1_89' title='bbox 1056 1269 1417 1340; x_wconf 75' lang='grc' dir='ltr'>προασπίζων</span> <span class='ocrx_word' id='word_1_90' title='bbox 1467 1269 1659 1336; x_wconf 81' lang='grc' dir='ltr'>αὑτοῦ,</span> <span class='ocrx_word' id='word_1_91' title='bbox 1706 1271 1801 1323; x_wconf 68' lang='grc' dir='ltr'><strong>καὶ</strong></span> <span class='ocrx_word' id='word_1_92' title='bbox 1847 1273 1930 1324; x_wconf 77' lang='grc' dir='ltr'>ὅτι</span> 
     </span>
    </p>
   </div>
   <div class='ocr_carea' id='block_1_15' title="bbox 309 1361 1931 1435">
    <p class='ocr_par' dir='ltr' id='par_1_15' title="bbox 309 1361 1931 1435">
     <span class='ocr_line' id='line_1_15' title="bbox 309 1361 1931 1435; baseline 0.004 -23"><span class='ocrx_word' id='word_1_93' title='bbox 309 1365 431 1424; x_wconf 72' lang='grc' dir='ltr'>τοῖς</span> <span class='ocrx_word' id='word_1_94' title='bbox 463 1361 539 1414; x_wconf 88' lang='grc' dir='ltr'>δι’</span> <span class='ocrx_word' id='word_1_95' title='bbox 589 1363 845 1428; x_wconf 81' lang='grc' dir='ltr'>ἐναντίας</span> <span class='ocrx_word' id='word_1_96' title='bbox 878 1363 1056 1435; x_wconf 85' lang='grc' dir='ltr'>πάντη</span> <span class='ocrx_word' id='word_1_97' title='bbox 1096 1381 1155 1417; x_wconf 90' lang='grc' dir='ltr'><strong>τε</strong></span> <span class='ocrx_word' id='word_1_98' title='bbox 1187 1363 1280 1417; x_wconf 72' lang='grc' dir='ltr'><strong>καὶ</strong></span> <span class='ocrx_word' id='word_1_99' title='bbox 1327 1365 1549 1427; x_wconf 83' lang='grc' dir='ltr'>πάντως</span> <span class='ocrx_word' id='word_1_100' title='bbox 1591 1364 1802 1418; x_wconf 81' lang='grc' dir='ltr'>ἐποίσει</span> <span class='ocrx_word' id='word_1_101' title='bbox 1837 1365 1931 1418; x_wconf 82' lang='grc' dir='ltr'><strong>τὸν</strong></span> 
     </span>
    </p>
   </div>
   <div class='ocr_carea' id='block_1_16' title="bbox 305 1454 1930 1530">
    <p class='ocr_par' dir='ltr' id='par_1_16' title="bbox 305 1454 1930 1530">
     <span class='ocr_line' id='line_1_16' title="bbox 305 1454 1930 1530; baseline 0.001 -22"><span class='ocrx_word' id='word_1_102' title='bbox 305 1455 567 1526; x_wconf 77' lang='grc' dir='ltr'>ὀλεθρον.</span> <span class='ocrx_word' id='word_1_103' title='bbox 607 1454 1030 1530; x_wconf 86' lang='grc' dir='ltr'>Πεπολιόρκηκε</span> <span class='ocrx_word' id='word_1_104' title='bbox 1071 1458 1170 1528; x_wconf 80' lang='grc' dir='ltr'><strong>μὲν</strong></span> <span class='ocrx_word' id='word_1_105' title='bbox 1201 1457 1311 1528; x_wconf 84' lang='grc' dir='ltr'><strong>γὰρ</strong></span> <span class='ocrx_word' id='word_1_106' title='bbox 1345 1457 1444 1528; x_wconf 81' lang='grc' dir='ltr'>τὴν</span> <span class='ocrx_word' id='word_1_107' title='bbox 1487 1457 1864 1528; x_wconf 74' lang='grc' dir='ltr'>Ἰερουσαλὴμ</span> <span class='ocrx_word' id='word_1_108' title='bbox 1902 1460 1930 1510; x_wconf 88' lang='grc' dir='ltr'><strong>ὁ</strong></span> 
     </span>
    </p>
   </div>
   <div class='ocr_carea' id='block_1_17' title="bbox 305 1548 1925 1622">
    <p class='ocr_par' dir='ltr' id='par_1_17' title="bbox 305 1548 1925 1622">
     <span class='ocr_line' id='line_1_17' title="bbox 305 1548 1925 1622; baseline 0.004 -22"><span class='ocrx_word' id='word_1_109' title='bbox 305 1548 737 1621; x_wconf 79' lang='grc' dir='ltr'>Σαλαμανασάρ</span> <span class='ocrx_word' id='word_1_110' title='bbox 777 1549 918 1622; x_wconf 86' lang='grc' dir='ltr'><strong>μετά</strong></span> <span class='ocrx_word' id='word_1_111' title='bbox 942 1551 1004 1603; x_wconf 88' lang='grc' dir='ltr'><strong>τὸ</strong></span> <span class='ocrx_word' id='word_1_112' title='bbox 1032 1551 1215 1604; x_wconf 85' lang='grc' dir='ltr'>πᾶσαν</span> <span class='ocrx_word' id='word_1_113' title='bbox 1239 1550 1383 1604; x_wconf 80' lang='grc' dir='ltr'>ἑλεῖν</span> <span class='ocrx_word' id='word_1_114' title='bbox 1415 1549 1513 1622; x_wconf 80' lang='grc' dir='ltr'><strong>τὴν</strong></span> <span class='ocrx_word' id='word_1_115' title='bbox 1541 1552 1925 1622; x_wconf 73' lang='grc' dir='ltr'>Σαμαρειτῶν.</span> 
     </span>
    </p>
   </div>
   <div class='ocr_carea' id='block_1_18' title="bbox 304 1639 1924 1714">
    <p class='ocr_par' dir='ltr' id='par_1_18' title="bbox 304 1639 1924 1714">
     <span class='ocr_line' id='line_1_18' title="bbox 304 1639 1924 1714; baseline 0.002 -22"><span class='ocrx_word' id='word_1_116' title='bbox 304 1639 752 1712; x_wconf 84' lang='grc' dir='ltr'>Πεπολιόρκηκε</span> <span class='ocrx_word' id='word_1_117' title='bbox 796 1642 854 1695; x_wconf 81' lang='grc' dir='ltr'>δὲ</span> <span class='ocrx_word' id='word_1_118' title='bbox 895 1640 1178 1712; x_wconf 73' lang='grc' dir='ltr'>Ῥαψάκην</span> <span class='ocrx_word' id='word_1_119' title='bbox 1216 1642 1547 1706; x_wconf 77' lang='grc' dir='ltr'>ἀποστείλας</span> <span class='ocrx_word' id='word_1_120' title='bbox 1599 1644 1660 1695; x_wconf 87' lang='grc' dir='ltr'><strong>ἐκ</strong></span> <span class='ocrx_word' id='word_1_121' title='bbox 1703 1644 1924 1714; x_wconf 88' lang='grc' dir='ltr'>Λαχείς,</span> 
     </span>
    </p>
   </div>
   <div class='ocr_carea' id='block_1_19' title="bbox 302 1732 1929 1804">
    <p class='ocr_par' dir='ltr' id='par_1_19' title="bbox 302 1732 1929 1804">
     <span class='ocr_line' id='line_1_19' title="bbox 302 1732 1929 1804; baseline 0.001 -20"><span class='ocrx_word' id='word_1_122' title='bbox 302 1732 467 1785; x_wconf 75' lang='grc' dir='ltr'>καθὰ</span> <span class='ocrx_word' id='word_1_123' title='bbox 513 1733 859 1804; x_wconf 82' lang='grc' dir='ltr'>γέγραπται,</span> <span class='ocrx_word' id='word_1_124' title='bbox 910 1734 1050 1788; x_wconf 86' lang='grc' dir='ltr'><strong>ἀλλά</strong></span> <span class='ocrx_word' id='word_1_125' title='bbox 1084 1735 1328 1788; x_wconf 83' lang='grc' dir='ltr'>σέσωκεν</span> <span class='ocrx_word' id='word_1_126' title='bbox 1374 1734 1656 1804; x_wconf 84' lang='grc' dir='ltr'>ἀδοκήτως</span> <span class='ocrx_word' id='word_1_127' title='bbox 1695 1735 1825 1798; x_wconf 78' lang='grc' dir='ltr'>τοὺς</span> <span class='ocrx_word' id='word_1_128' title='bbox 1869 1733 1929 1799; x_wconf 76' lang='grc' dir='ltr'>ἐξ</span> 
     </span>
    </p>
   </div>
   <div class='ocr_carea' id='block_1_20' title="bbox 315 1825 1929 1898">
    <p class='ocr_par' dir='ltr' id='par_1_20' title="bbox 315 1825 1929 1898">
     <span class='ocr_line' id='line_1_20' title="bbox 315 1825 1929 1898; baseline 0.002 -21"><span class='ocrx_word' id='word_1_129' title='bbox 315 1825 557 1897; x_wconf 82' lang='grc' dir='ltr'>Ἰσραὴλ</span> <span class='ocrx_word' id='word_1_130' title='bbox 587 1827 616 1878; x_wconf 80' lang='grc' dir='ltr'>ὁ</span> <span class='ocrx_word' id='word_1_131' title='bbox 643 1826 754 1880; x_wconf 82' lang='grc' dir='ltr'><strong>τῶν</strong></span> <span class='ocrx_word' id='word_1_132' title='bbox 782 1826 921 1881; x_wconf 83' lang='grc' dir='ltr'>ὅλων</span> <span class='ocrx_word' id='word_1_133' title='bbox 963 1828 1118 1891; x_wconf 85' lang='grc' dir='ltr'>Θεός.</span> <span class='ocrx_word' id='word_1_134' title='bbox 1164 1825 1528 1881; x_wconf 84' lang='grc' dir='ltr'>Πεπτώκασιν</span> <span class='ocrx_word' id='word_1_135' title='bbox 1573 1827 1684 1898; x_wconf 86' lang='grc' dir='ltr'>γὰρ</span> <span class='ocrx_word' id='word_1_136' title='bbox 1717 1828 1768 1880; x_wconf 79' lang='lat' dir='ltr'><strong>oi</strong></span> <span class='ocrx_word' id='word_1_137' title='bbox 1807 1827 1929 1880; x_wconf 77' lang='grc' dir='ltr'><strong>Ἀσ-</strong></span> 
     </span>
    </p>
   </div>
   <div class='ocr_carea' id='block_1_21' title="bbox 301 1917 1928 1990">
    <p class='ocr_par' dir='ltr' id='par_1_21' title="bbox 301 1917 1928 1990">
     <span class='ocr_line' id='line_1_21' title="bbox 301 1917 1928 1990; baseline 0.001 -21"><span class='ocrx_word' id='word_1_138' title='bbox 301 1917 502 1988; x_wconf 76' lang='grc' dir='ltr'>σύριοι</span> <span class='ocrx_word' id='word_1_139' title='bbox 525 1958 541 1981; x_wconf 94' lang='grc'><strong>,</strong></span> <span class='ocrx_word' id='word_1_140' title='bbox 577 1918 936 1983; x_wconf 85' lang='grc' dir='ltr'>δαπανῶντος</span> <span class='ocrx_word' id='word_1_141' title='bbox 975 1921 1176 1984; x_wconf 72' lang='grc' dir='ltr'>αὐτοὺς</span> <span class='ocrx_word' id='word_1_142' title='bbox 1217 1919 1453 1988; x_wconf 76' lang='grc' dir='ltr'><strong>ἀγγέλου</strong></span> <span class='ocrx_word' id='word_1_143' title='bbox 1485 1918 1695 1990; x_wconf 82' lang='grc' dir='ltr'>Κυρίου</span> <span class='ocrx_word' id='word_1_144' title='bbox 1717 1934 1730 1948; x_wconf 88' lang='grc'>·</span> <span class='ocrx_word' id='word_1_145' title='bbox 1780 1919 1841 1972; x_wconf 82' lang='grc' dir='ltr'><strong>τὸ</strong></span> <span class='ocrx_word' id='word_1_146' title='bbox 1870 1919 1928 1972; x_wconf 78' lang='grc' dir='ltr'>δὲ</span> 
     </span>
    </p>
   </div>
   <div class='ocr_carea' id='block_1_22' title="bbox 297 2009 1929 2085">
    <p class='ocr_par' dir='ltr' id='par_1_22' title="bbox 297 2009 1929 2085">
     <span class='ocr_line' id='line_1_22' title="bbox 297 2009 1929 2085; baseline 0.003 -22"><span class='ocrx_word' id='word_1_147' title='bbox 297 2009 422 2063; x_wconf 82' lang='grc' dir='ltr'><strong>τῶν</strong></span> <span class='ocrx_word' id='word_1_148' title='bbox 458 2011 789 2082; x_wconf 76' lang='grc' dir='ltr'>ἀλλοφύλων</span> <span class='ocrx_word' id='word_1_149' title='bbox 817 2013 1062 2085; x_wconf 78' lang='grc' dir='ltr'>σπέρμα,</span> <span class='ocrx_word' id='word_1_150' title='bbox 1100 2015 1194 2068; x_wconf 73' lang='grc' dir='ltr'><strong>καὶ</strong></span> <span class='ocrx_word' id='word_1_151' title='bbox 1226 2015 1336 2068; x_wconf 83' lang='grc' dir='ltr'>πᾶν</span> <span class='ocrx_word' id='word_1_152' title='bbox 1371 2014 1433 2067; x_wconf 85' lang='grc' dir='ltr'><strong>τὸ</strong></span> <span class='ocrx_word' id='word_1_153' title='bbox 1475 2013 1831 2085; x_wconf 85' lang='grc' dir='ltr'>κατάλειμμα</span> <span class='ocrx_word' id='word_1_154' title='bbox 1868 2015 1929 2068; x_wconf 88' lang='grc' dir='ltr'><strong>τὸ</strong></span> 
     </span>
    </p>
   </div>
   <div class='ocr_carea' id='block_1_23' title="bbox 306 2101 1928 2176">
    <p class='ocr_par' dir='ltr' id='par_1_23' title="bbox 306 2101 1928 2176">
     <span class='ocr_line' id='line_1_23' title="bbox 306 2101 1928 2176; baseline 0.002 -22"><span class='ocrx_word' id='word_1_155' title='bbox 306 2103 380 2154; x_wconf 84' lang='grc' dir='ltr'><strong>ἐκ</strong></span> <span class='ocrx_word' id='word_1_156' title='bbox 413 2102 522 2172; x_wconf 82' lang='grc' dir='ltr'>τῆς</span> <span class='ocrx_word' id='word_1_157' title='bbox 564 2101 792 2174; x_wconf 84' lang='grc' dir='ltr'>πρώτης</span> <span class='ocrx_word' id='word_1_158' title='bbox 821 2103 1146 2176; x_wconf 82' lang='grc' dir='ltr'>πολιορκίας</span> <span class='ocrx_word' id='word_1_159' title='bbox 1171 2105 1272 2175; x_wconf 78' lang='grc' dir='ltr'><strong>τῆς</strong></span> <span class='ocrx_word' id='word_1_160' title='bbox 1299 2106 1358 2158; x_wconf 85' lang='grc' dir='ltr'><strong>ἐν</strong></span> <span class='ocrx_word' id='word_1_161' title='bbox 1390 2106 1602 2176; x_wconf 85' lang='grc' dir='ltr'>καιροῖς</span> <span class='ocrx_word' id='word_1_162' title='bbox 1624 2105 1928 2176; x_wconf 78' lang='grc' dir='ltr'>γενομένης</span> 
     </span>
    </p>
   </div>
   <div class='ocr_carea' id='block_1_24' title="bbox 298 2193 1929 2269">
    <p class='ocr_par' dir='ltr' id='par_1_24' title="bbox 298 2193 1929 2269">
     <span class='ocr_line' id='line_1_24' title="bbox 298 2193 1929 2269; baseline 0.004 -24"><span class='ocrx_word' id='word_1_163' title='bbox 298 2193 405 2246; x_wconf 81' lang='grc' dir='ltr'><strong>τοῦ</strong></span> <span class='ocrx_word' id='word_1_164' title='bbox 462 2194 954 2267; x_wconf 79' lang='grc' dir='ltr'>Θεγλαφαλαασάρ</span> <span class='ocrx_word' id='word_1_165' title='bbox 1001 2197 1276 2269; x_wconf 79' lang='grc' dir='ltr'>ἀνῄρηται</span> <span class='ocrx_word' id='word_1_166' title='bbox 1329 2196 1614 2260; x_wconf 82' lang='grc' dir='ltr'>παντελῶς</span> <span class='ocrx_word' id='word_1_167' title='bbox 1666 2197 1759 2250; x_wconf 77' lang='grc' dir='ltr'><strong>καὶ</strong></span> <span class='ocrx_word' id='word_1_168' title='bbox 1820 2198 1929 2251; x_wconf 85' lang='grc' dir='ltr'>ἀπ-</span> 
     </span>
    </p>
   </div>
   <div class='ocr_carea' id='block_1_25' title="bbox 299 2286 1922 2360">
    <p class='ocr_par' dir='ltr' id='par_1_25' title="bbox 299 2286 1922 2360">
     <span class='ocr_line' id='line_1_25' title="bbox 299 2286 1922 2360; baseline 0.002 -22"><span class='ocrx_word' id='word_1_169' title='bbox 299 2286 521 2339; x_wconf 83' lang='grc' dir='ltr'>όλωλεν</span> <span class='ocrx_word' id='word_1_170' title='bbox 539 2288 623 2350; x_wconf 86' lang='grc' dir='ltr'><strong>είς</strong></span> <span class='ocrx_word' id='word_1_171' title='bbox 649 2286 798 2341; x_wconf 71' lang='grc' dir='ltr'>ἅπαν</span> <span class='ocrx_word' id='word_1_172' title='bbox 828 2286 972 2360; x_wconf 81' lang='grc' dir='ltr'>λιμῷ</span> <span class='ocrx_word' id='word_1_173' title='bbox 990 2289 1132 2360; x_wconf 87' lang='grc' dir='ltr'>τάχα</span> <span class='ocrx_word' id='word_1_174' title='bbox 1155 2306 1259 2342; x_wconf 88' lang='grc' dir='ltr'><strong>που</strong></span> <span class='ocrx_word' id='word_1_175' title='bbox 1284 2288 1672 2360; x_wconf 83' lang='grc' dir='ltr'>πεπιεσμένον.</span> <span class='ocrx_word' id='word_1_176' title='bbox 1690 2289 1922 2343; x_wconf 83' lang='grc' dir='ltr'>’Ἐπεται</span> 
     </span>
    </p>
   </div>
   <div class='ocr_carea' id='block_1_26' title="bbox 301 2376 1923 2452">
    <p class='ocr_par' dir='ltr' id='par_1_26' title="bbox 301 2376 1923 2452">
     <span class='ocr_line' id='line_1_26' title="bbox 301 2376 1923 2452; baseline 0.004 -24"><span class='ocrx_word' id='word_1_177' title='bbox 301 2376 422 2446; x_wconf 74' lang='grc' dir='ltr'><strong>γὰρ</strong></span> <span class='ocrx_word' id='word_1_178' title='bbox 454 2376 546 2429; x_wconf 87' lang='grc' dir='ltr'><strong>ἀεί</strong></span> <span class='ocrx_word' id='word_1_179' title='bbox 593 2394 713 2440; x_wconf 88' lang='grc' dir='ltr'><strong>πως</strong></span> <span class='ocrx_word' id='word_1_180' title='bbox 745 2377 824 2448; x_wconf 82' lang='grc' dir='ltr'>τῷ</span> <span class='ocrx_word' id='word_1_181' title='bbox 868 2377 1280 2448; x_wconf 83' lang='grc' dir='ltr'>πολιορκεῖσθαι</span> <span class='ocrx_word' id='word_1_182' title='bbox 1315 2378 1500 2442; x_wconf 88' lang='grc' dir='ltr'>πόλεις</span> <span class='ocrx_word' id='word_1_183' title='bbox 1531 2379 1625 2432; x_wconf 75' lang='grc' dir='ltr'>καὶ</span> <span class='ocrx_word' id='word_1_184' title='bbox 1654 2379 1720 2432; x_wconf 76' lang='grc' dir='ltr'>τὰ</span> <span class='ocrx_word' id='word_1_185' title='bbox 1758 2379 1923 2452; x_wconf 73' lang='grc' dir='ltr'>ἕτερα</span> 
     </span>
    </p>
   </div>
   <div class='ocr_carea' id='block_1_27' title="bbox 306 2471 1922 2544">
    <p class='ocr_par' dir='ltr' id='par_1_27' title="bbox 306 2471 1922 2544">
     <span class='ocr_line' id='line_1_27' title="bbox 306 2471 1922 2544; baseline 0.002 -20"><span class='ocrx_word' id='word_1_186' title='bbox 306 2471 522 2543; x_wconf 78' lang='grc' dir='ltr'>βλάϐη.</span> <span class='ocrx_word' id='word_1_187' title='bbox 558 2472 775 2526; x_wconf 76' lang='grc' dir='ltr'>Οὐκοῦν</span> <span class='ocrx_word' id='word_1_188' title='bbox 806 2471 1249 2544; x_wconf 83' lang='grc' dir='ltr'>βοσκηθήσονται</span> <span class='ocrx_word' id='word_1_189' title='bbox 1279 2473 1379 2544; x_wconf 83' lang='grc' dir='ltr'><strong>μὲν</strong></span> <span class='ocrx_word' id='word_1_190' title='bbox 1407 2472 1498 2526; x_wconf 87' lang='grc' dir='ltr'><strong>διά</strong></span> <span class='ocrx_word' id='word_1_191' title='bbox 1527 2472 1665 2526; x_wconf 74' lang='grc' dir='ltr'>Θεοῦ</span> <span class='ocrx_word' id='word_1_192' title='bbox 1692 2476 1922 2544; x_wconf 68' lang='grc' dir='ltr'>πτωχοὶ,</span> 
     </span>
    </p>
   </div>
   <div class='ocr_carea' id='block_1_28' title="bbox 305 2565 1924 2639">
    <p class='ocr_par' dir='ltr' id='par_1_28' title="bbox 305 2565 1924 2639">
     <span class='ocr_line' id='line_1_28' title="bbox 305 2565 1924 2639; baseline 0.001 -20"><span class='ocrx_word' id='word_1_193' title='bbox 305 2567 408 2622; x_wconf 74' lang='grc' dir='ltr'><strong>καὶ</strong></span> <span class='ocrx_word' id='word_1_194' title='bbox 465 2567 869 2638; x_wconf 73' lang='grc' dir='ltr'>μετριόςρρονες</span> <span class='ocrx_word' id='word_1_195' title='bbox 907 2567 1122 2639; x_wconf 81' lang='grc' dir='ltr'>ἄνδρες,</span> <span class='ocrx_word' id='word_1_196' title='bbox 1161 2567 1308 2620; x_wconf 78' lang='grc' dir='ltr'>τοῦτ’</span> <span class='ocrx_word' id='word_1_197' title='bbox 1340 2565 1478 2632; x_wconf 77' lang='grc' dir='ltr'>ἔστι,</span> <span class='ocrx_word' id='word_1_198' title='bbox 1520 2567 1924 2639; x_wconf 88' lang='grc' dir='ltr'>νεμηθήσονται</span> 
     </span>
    </p>
   </div>
   <div class='ocr_carea' id='block_1_29' title="bbox 303 2659 1927 2732">
    <p class='ocr_par' dir='ltr' id='par_1_29' title="bbox 303 2659 1927 2732">
     <span class='ocr_line' id='line_1_29' title="bbox 303 2659 1927 2732; baseline 0.001 -19"><span class='ocrx_word' id='word_1_199' title='bbox 303 2659 411 2730; x_wconf 80' lang='grc' dir='ltr'>τὴν</span> <span class='ocrx_word' id='word_1_200' title='bbox 462 2659 707 2722; x_wconf 74' lang='grc' dir='ltr'>ἔαυτῶν,</span> <span class='ocrx_word' id='word_1_201' title='bbox 752 2660 847 2712; x_wconf 78' lang='grc' dir='ltr'><strong>καὶ</strong></span> <span class='ocrx_word' id='word_1_202' title='bbox 893 2661 981 2713; x_wconf 80' lang='grc' dir='ltr'>ἐπ’</span> <span class='ocrx_word' id='word_1_203' title='bbox 1022 2660 1249 2732; x_wconf 85' lang='grc' dir='ltr'>εἰρήνης</span> <span class='ocrx_word' id='word_1_204' title='bbox 1281 2660 1715 2715; x_wconf 83' lang='grc' dir='ltr'>ἀναπαύσονται.</span> <span class='ocrx_word' id='word_1_205' title='bbox 1759 2659 1832 2712; x_wconf 84' lang='grc' dir='ltr'><strong>Τὸ</strong></span> <span class='ocrx_word' id='word_1_206' title='bbox 1870 2660 1927 2714; x_wconf 81' lang='grc' dir='ltr'>δὲ</span> 
     </span>
    </p>
   </div>
   <div class='ocr_carea' id='block_1_30' title="bbox 309 2749 1924 2822">
    <p class='ocr_par' dir='ltr' id='par_1_30' title="bbox 309 2749 1924 2822">
     <span class='ocr_line' id='line_1_30' title="bbox 309 2749 1924 2822; baseline 0.001 -20"><span class='ocrx_word' id='word_1_207' title='bbox 309 2749 408 2803; x_wconf 83' lang='grc' dir='ltr'><strong>σὸν</strong></span> <span class='ocrx_word' id='word_1_208' title='bbox 438 2749 697 2820; x_wconf 74' lang='grc' dir='ltr'>σπέρμα,</span> <span class='ocrx_word' id='word_1_209' title='bbox 745 2749 935 2803; x_wconf 76' lang='grc' dir='ltr'>καὶτὸ</span> <span class='ocrx_word' id='word_1_210' title='bbox 986 2750 1343 2822; x_wconf 84' lang='grc' dir='ltr'>κατάλειμμα</span> <span class='ocrx_word' id='word_1_211' title='bbox 1379 2750 1716 2819; x_wconf 70' lang='grc' dir='ltr'>καταφθερεῖ</span> <span class='ocrx_word' id='word_1_212' title='bbox 1759 2749 1924 2820; x_wconf 80' lang='grc' dir='ltr'>λιμῶ.</span> 
     </span>
    </p>
   </div>
   <div class='ocr_carea' id='block_1_31' title="bbox 304 2838 1925 2916">
    <p class='ocr_par' dir='ltr' id='par_1_31' title="bbox 304 2838 1925 2916">
     <span class='ocr_line' id='line_1_31' title="bbox 304 2838 1925 2916; baseline -0.001 -18"><span class='ocrx_word' id='word_1_213' title='bbox 304 2843 558 2914; x_wconf 74' lang='grc' dir='ltr'>Φοὸερὸν</span> <span class='ocrx_word' id='word_1_214' title='bbox 589 2838 684 2899; x_wconf 82' lang='grc' dir='ltr'><strong>οὖν</strong></span> <span class='ocrx_word' id='word_1_215' title='bbox 707 2843 769 2896; x_wconf 86' lang='grc' dir='ltr'><strong>τὸ</strong></span> <span class='ocrx_word' id='word_1_216' title='bbox 797 2842 1166 2908; x_wconf 80' lang='grc' dir='ltr'>ὲπιτωθάζειν</span> <span class='ocrx_word' id='word_1_217' title='bbox 1195 2847 1309 2906; x_wconf 84' lang='grc' dir='ltr'>τοῖς</span> <span class='ocrx_word' id='word_1_218' title='bbox 1338 2844 1444 2898; x_wconf 86' lang='grc' dir='ltr'><strong>ὑπὸ</strong></span> <span class='ocrx_word' id='word_1_219' title='bbox 1463 2846 1624 2916; x_wconf 88' lang='grc' dir='ltr'>χεῖρα</span> <span class='ocrx_word' id='word_1_220' title='bbox 1647 2843 1742 2897; x_wconf 81' lang='grc' dir='ltr'>τοῦ</span> <span class='ocrx_word' id='word_1_221' title='bbox 1765 2842 1925 2910; x_wconf 80' lang='grc' dir='ltr'>Θεοῦ,</span> 
     </span>
    </p>
   </div>
   <div class='ocr_carea' id='block_1_32' title="bbox 309 2934 1926 3008">
    <p class='ocr_par' dir='ltr' id='par_1_32' title="bbox 309 2934 1926 3008">
     <span class='ocr_line' id='line_1_32' title="bbox 309 2934 1926 3008; baseline -0.002 -18"><span class='ocrx_word' id='word_1_222' title='bbox 309 2935 408 2990; x_wconf 80' lang='grc' dir='ltr'><strong>καὶ</strong></span> <span class='ocrx_word' id='word_1_223' title='bbox 463 2934 910 3006; x_wconf 87' lang='grc' dir='ltr'>κατεπαίρεσθαι</span> <span class='ocrx_word' id='word_1_224' title='bbox 956 2935 1065 2988; x_wconf 87' lang='grc' dir='ltr'><strong>τῶν</strong></span> <span class='ocrx_word' id='word_1_225' title='bbox 1137 2935 1244 2988; x_wconf 79' lang='grc' dir='ltr'>ὑπὸ</span> <span class='ocrx_word' id='word_1_226' title='bbox 1302 2935 1563 3008; x_wconf 74' lang='grc' dir='ltr'>φροντίδα</span> <span class='ocrx_word' id='word_1_227' title='bbox 1619 2935 1926 3004; x_wconf 81' lang='grc' dir='ltr'>γεγονότων</span> 
     </span>
    </p>
   </div>
   <div class='ocr_carea' id='block_1_33' title="bbox 307 3015 1980 3099">
    <p class='ocr_par' dir='ltr' id='par_1_33' title="bbox 307 3015 1980 3099">
     <span class='ocr_line' id='line_1_33' title="bbox 307 3015 1980 3099; baseline -0.001 -19"><span class='ocrx_word' id='word_1_228' title='bbox 307 3027 407 3099; x_wconf 84' lang='grc' dir='ltr'><strong>τὴν</strong></span> <span class='ocrx_word' id='word_1_229' title='bbox 481 3029 621 3099; x_wconf 79' lang='grc' dir='ltr'>παρ’</span> <span class='ocrx_word' id='word_1_230' title='bbox 675 3025 868 3080; x_wconf 77' lang='grc' dir='ltr'>αὐτοῦ.</span> <span class='ocrx_word' id='word_1_231' title='bbox 927 3025 1262 3098; x_wconf 71' lang='grc' dir='ltr'>Περιόψεται</span> <span class='ocrx_word' id='word_1_232' title='bbox 1320 3026 1429 3099; x_wconf 81' lang='grc' dir='ltr'>γὰρ</span> <span class='ocrx_word' id='word_1_233' title='bbox 1486 3025 1768 3098; x_wconf 78' lang='grc' dir='ltr'>οὐδαμῶς,</span> <span class='ocrx_word' id='word_1_234' title='bbox 1829 3027 1926 3078; x_wconf 77' lang='grc' dir='ltr'>ἐπο</span> <span class='ocrx_word' id='word_1_235' title='bbox 1977 3015 1980 3018; x_wconf 43' lang='grc'><em>’</em></span> 
     </span>
    </p>
   </div>
   <div class='ocr_carea' id='block_1_34' title="bbox 1749 3140 1964 3194">
    <p class='ocr_par' dir='ltr' id='par_1_34' title="bbox 1749 3140 1964 3194">
     <span class='ocr_line' id='line_1_34' title="bbox 1749 3140 1964 3194; baseline 0.009 -20"><span class='ocrx_word' id='word_1_236' title='bbox 1749 3140 1835 3176; x_wconf 90' lang='grc' dir='ltr'><strong>ινα</strong></span> <span class='ocrx_word' id='word_1_237' title='bbox 1891 3140 1964 3194; x_wconf 90' lang='grc' dir='ltr'><strong>μη</strong></span> 
     </span>
    </p>
   </div>
   <div class='ocr_carea' id='block_1_35' title="bbox 307 3121 1670 3197">
    <p class='ocr_par' dir='ltr' id='par_1_35' title="bbox 307 3121 1670 3197">
     <span class='ocr_line' id='line_1_35' title="bbox 307 3121 1670 3197; baseline -0.001 -19"><span class='ocrx_word' id='word_1_238' title='bbox 307 3127 520 3194; x_wconf 72' lang='grc' dir='ltr'>ἀμυνεῖ</span> <span class='ocrx_word' id='word_1_239' title='bbox 560 3123 622 3177; x_wconf 89' lang='grc' dir='ltr'>δὲ</span> <span class='ocrx_word' id='word_1_240' title='bbox 669 3123 894 3187; x_wconf 88' lang='grc' dir='ltr'>πάντως</span> <span class='ocrx_word' id='word_1_241' title='bbox 943 3126 1056 3188; x_wconf 84' lang='grc' dir='ltr'>τοῖς</span> <span class='ocrx_word' id='word_1_242' title='bbox 1100 3121 1296 3178; x_wconf 79' lang='grc' dir='ltr'>ἑαυτοῦ</span> <span class='ocrx_word' id='word_1_243' title='bbox 1335 3123 1670 3197; x_wconf 79' lang='grc' dir='ltr'>γνωρίμοις,</span> 
     </span>
    </p>
   </div>
   <div class='ocr_carea' id='block_1_36' title="bbox 2045 527 3630 603">
    <p class='ocr_par' dir='ltr' id='par_1_36' title="bbox 2045 527 3630 603">
     <span class='ocr_line' id='line_1_36' title="bbox 2045 527 3630 603; baseline 0.01 -22"><span class='ocrx_word' id='word_1_244' title='bbox 2045 527 2213 584; x_wconf 80' lang='lat' dir='ltr'><strong>fuisse</strong></span> <span class='ocrx_word' id='word_1_245' title='bbox 2242 530 2596 600; x_wconf 79' lang='lat' dir='ltr'><strong>alienigenas,</strong></span> <span class='ocrx_word' id='word_1_246' title='bbox 2621 541 2674 585; x_wconf 93' lang='lat' dir='ltr'><strong>et</strong></span> <span class='ocrx_word' id='word_1_247' title='bbox 2701 534 2961 589; x_wconf 84' lang='lat' dir='ltr'><strong>derisisse</strong></span> <span class='ocrx_word' id='word_1_248' title='bbox 2991 550 3096 589; x_wconf 87' lang='lat' dir='ltr'><strong>non</strong></span> <span class='ocrx_word' id='word_1_249' title='bbox 3140 536 3288 590; x_wconf 91' lang='lat' dir='ltr'><strong>illum</strong></span> <span class='ocrx_word' id='word_1_250' title='bbox 3323 541 3503 603; x_wconf 91' lang='lat' dir='ltr'><strong>modo,</strong></span> <span class='ocrx_word' id='word_1_251' title='bbox 3534 546 3630 597; x_wconf 83' lang='lat' dir='ltr'><strong>sed</strong></span> 
     </span>
    </p>
   </div>
   <div class='ocr_carea' id='block_1_37' title="bbox 2042 619 3634 699">
    <p class='ocr_par' dir='ltr' id='par_1_37' title="bbox 2042 619 3634 699">
     <span class='ocr_line' id='line_1_37' title="bbox 2042 619 3634 699; baseline 0.01 -28"><span class='ocrx_word' id='word_1_252' title='bbox 2042 619 2396 673; x_wconf 77' lang='lat' dir='ltr'><strong>fortissimam</strong></span> <span class='ocrx_word' id='word_1_253' title='bbox 2427 621 3180 688; x_wconf 90' lang='lat' dir='ltr'><strong>dextram,conservatricem</strong></span> <span class='ocrx_word' id='word_1_254' title='bbox 3217 629 3438 699; x_wconf 88' lang='lat' dir='ltr'><strong>inquam</strong></span> <span class='ocrx_word' id='word_1_255' title='bbox 3467 632 3634 687; x_wconf 80' lang='lat' dir='ltr'><strong>Israe-</strong></span> 
     </span>
    </p>
   </div>
   <div class='ocr_carea' id='block_1_38' title="bbox 2040 709 3631 795">
    <p class='ocr_par' dir='ltr' id='par_1_38' title="bbox 2040 709 3631 795">
     <span class='ocr_line' id='line_1_38' title="bbox 2040 709 3631 795; baseline 0.011 -32"><span class='ocrx_word' id='word_1_256' title='bbox 2040 709 2127 766; x_wconf 89' lang='lat' dir='ltr'><strong>lis.</strong></span> <span class='ocrx_word' id='word_1_257' title='bbox 2163 711 2429 767; x_wconf 59' lang='lat' dir='ltr'><strong>Cancrum</strong></span> <span class='ocrx_word' id='word_1_258' title='bbox 2473 730 2580 768; x_wconf 90' lang='lat' dir='ltr'><strong>non</strong></span> <span class='ocrx_word' id='word_1_259' title='bbox 2638 716 2932 773; x_wconf 77' lang='lat' dir='ltr'><strong>destitnros</strong></span> <span class='ocrx_word' id='word_1_260' title='bbox 2985 735 3226 790; x_wconf 85' lang='lat' dir='ltr'><strong>pugnare</strong></span> <span class='ocrx_word' id='word_1_261' title='bbox 3289 724 3452 777; x_wconf 90' lang='lat' dir='ltr'><strong>etiam</strong></span> <span class='ocrx_word' id='word_1_262' title='bbox 3511 737 3631 795; x_wconf 88' lang='lat' dir='ltr'><strong>post</strong></span> 
     </span>
    </p>
   </div>
   <div class='ocr_carea' id='block_1_39' title="bbox 2036 799 3630 875">
    <p class='ocr_par' dir='ltr' id='par_1_39' title="bbox 2036 799 3630 875">
     <span class='ocr_line' id='line_1_39' title="bbox 2036 799 3630 875; baseline 0.008 -20"><span class='ocrx_word' id='word_1_263' title='bbox 2036 799 2250 865; x_wconf 85' lang='lat' dir='ltr'><strong>Oziam,</strong></span> <span class='ocrx_word' id='word_1_264' title='bbox 2298 802 2596 857; x_wconf 82' lang='lat' dir='ltr'><strong>declaravit</strong></span> <span class='ocrx_word' id='word_1_265' title='bbox 2643 806 2879 872; x_wconf 87' lang='lat' dir='ltr'><strong>optime,</strong></span> <span class='ocrx_word' id='word_1_266' title='bbox 2931 823 3056 862; x_wconf 89' lang='lat' dir='ltr'><strong>cum</strong></span> <span class='ocrx_word' id='word_1_267' title='bbox 3101 811 3254 875; x_wconf 83' lang='lat' dir='ltr'><strong>dicit,</strong></span> <span class='ocrx_word' id='word_1_268' title='bbox 3309 826 3376 866; x_wconf 80' lang='lat' dir='ltr'><strong>ex</strong></span> <span class='ocrx_word' id='word_1_269' title='bbox 3421 816 3630 868; x_wconf 85' lang='lat' dir='ltr'><strong>semine</strong></span> 
     </span>
    </p>
   </div>
   <div class='ocr_carea' id='block_1_40' title="bbox 2037 894 3627 968">
    <p class='ocr_par' dir='ltr' id='par_1_40' title="bbox 2037 894 3627 968">
     <span class='ocr_line' id='line_1_40' title="bbox 2037 894 3627 968; baseline 0.012 -25"><span class='ocrx_word' id='word_1_270' title='bbox 2037 904 2350 960; x_wconf 89' lang='lat' dir='ltr'><strong>serpentum</strong></span> <span class='ocrx_word' id='word_1_271' title='bbox 2386 894 2630 949; x_wconf 89' lang='lat' dir='ltr'><strong>orituros</strong></span> <span class='ocrx_word' id='word_1_272' title='bbox 2657 896 2802 950; x_wconf 71' lang='lat' dir='ltr'><strong>fetus</strong></span> <span class='ocrx_word' id='word_1_273' title='bbox 2833 899 3104 965; x_wconf 83' lang='lat' dir='ltr'><strong>aspidum.</strong></span> <span class='ocrx_word' id='word_1_274' title='bbox 3139 903 3403 968; x_wconf 78' lang='lat' dir='ltr'><strong>Quoniam</strong></span> <span class='ocrx_word' id='word_1_275' title='bbox 3446 918 3627 962; x_wconf 90' lang='lat' dir='ltr'><strong>autem</strong></span> 
     </span>
    </p>
   </div>
   <div class='ocr_carea' id='block_1_41' title="bbox 2040 984 3630 1054">
    <p class='ocr_par' dir='ltr' id='par_1_41' title="bbox 2040 984 3630 1054">
     <span class='ocr_line' id='line_1_41' title="bbox 2040 984 3630 1054; baseline 0.012 -18"><span class='ocrx_word' id='word_1_276' title='bbox 2040 984 2235 1039; x_wconf 60' lang='lat' dir='ltr'><strong>:‘livinae</strong></span> <span class='ocrx_word' id='word_1_277' title='bbox 2289 986 2556 1054; x_wconf 86' lang='lat' dir='ltr'><strong>majestati</strong></span> <span class='ocrx_word' id='word_1_278' title='bbox 2621 987 2985 1054; x_wconf 89' lang='lat' dir='ltr'><strong>insultabant,</strong></span> <span class='ocrx_word' id='word_1_279' title='bbox 3036 996 3347 1052; x_wconf 87' lang='lat' dir='ltr'><strong>necessario</strong></span> <span class='ocrx_word' id='word_1_280' title='bbox 3391 1002 3630 1054; x_wconf 78' lang='lat' dir='ltr'><strong>ostendit</strong></span> 
     </span>
    </p>
   </div>
   <div class='ocr_carea' id='block_1_42' title="bbox 2037 1077 3632 1149">
    <p class='ocr_par' dir='ltr' id='par_1_42' title="bbox 2037 1077 3632 1149">
     <span class='ocr_line' id='line_1_42' title="bbox 2037 1077 3632 1149; baseline 0.009 -19"><span class='ocrx_word' id='word_1_281' title='bbox 2037 1078 2197 1131; x_wconf 89' lang='lat' dir='ltr'><strong>nobis</strong></span> <span class='ocrx_word' id='word_1_282' title='bbox 2228 1077 2312 1132; x_wconf 87' lang='lat' dir='ltr'><strong>bis</strong></span> <span class='ocrx_word' id='word_1_283' title='bbox 2352 1079 2538 1134; x_wconf 92' lang='lat' dir='ltr'><strong>verbis</strong></span> <span class='ocrx_word' id='word_1_284' title='bbox 2582 1081 2847 1149; x_wconf 84' lang='lat' dir='ltr'><strong>propheta</strong></span> <span class='ocrx_word' id='word_1_285' title='bbox 2871 1121 2888 1147; x_wconf 92' lang='lat'><strong>,</strong></span> <span class='ocrx_word' id='word_1_286' title='bbox 2923 1094 3268 1140; x_wconf 88' lang='lat' dir='ltr'><strong>servaturum</strong></span> <span class='ocrx_word' id='word_1_287' title='bbox 3299 1104 3422 1144; x_wconf 88' lang='lat' dir='ltr'><strong>esse</strong></span> <span class='ocrx_word' id='word_1_288' title='bbox 3464 1090 3632 1146; x_wconf 77' lang='lat' dir='ltr'><strong>Israe-</strong></span> 
     </span>
    </p>
   </div>
   <div class='ocr_carea' id='block_1_43' title="bbox 2037 1170 3628 1244">
    <p class='ocr_par' dir='ltr' id='par_1_43' title="bbox 2037 1170 3628 1244">
     <span class='ocr_line' id='line_1_43' title="bbox 2037 1170 3628 1244; baseline 0.01 -20"><span class='ocrx_word' id='word_1_289' title='bbox 2037 1170 2163 1237; x_wconf 92' lang='lat' dir='ltr'><strong>lem,</strong></span> <span class='ocrx_word' id='word_1_290' title='bbox 2195 1173 2284 1240; x_wconf 92' lang='lat' dir='ltr'><strong>qui</strong></span> <span class='ocrx_word' id='word_1_291' title='bbox 2335 1183 2613 1241; x_wconf 85' lang='lat' dir='ltr'><strong>protector</strong></span> <span class='ocrx_word' id='word_1_292' title='bbox 2638 1174 2756 1241; x_wconf 94' lang='lat' dir='ltr'><strong>ejus</strong></span> <span class='ocrx_word' id='word_1_293' title='bbox 2799 1186 2904 1244; x_wconf 86' lang='lat' dir='ltr'><strong>est,</strong></span> <span class='ocrx_word' id='word_1_294' title='bbox 2937 1189 2992 1232; x_wconf 93' lang='lat' dir='ltr'><strong>ct</strong></span> <span class='ocrx_word' id='word_1_295' title='bbox 3025 1181 3354 1236; x_wconf 86' lang='lat' dir='ltr'><strong>adversariis</strong></span> <span class='ocrx_word' id='word_1_296' title='bbox 3385 1184 3628 1240; x_wconf 88' lang='lat' dir='ltr'><strong>interne-</strong></span> 
     </span>
    </p>
   </div>
   <div class='ocr_carea' id='block_1_44' title="bbox 2036 1265 3626 1338">
    <p class='ocr_par' dir='ltr' id='par_1_44' title="bbox 2036 1265 3626 1338">
     <span class='ocr_line' id='line_1_44' title="bbox 2036 1265 3626 1338; baseline 0.008 -20"><span class='ocrx_word' id='word_1_297' title='bbox 2036 1265 2246 1319; x_wconf 87' lang='lat' dir='ltr'><strong>cionem</strong></span> <span class='ocrx_word' id='word_1_298' title='bbox 2275 1279 2498 1334; x_wconf 83' lang='lat' dir='ltr'><strong>prorsus</strong></span> <span class='ocrx_word' id='word_1_299' title='bbox 2536 1269 2860 1338; x_wconf 85' lang='lat' dir='ltr'><strong>penitusque</strong></span> <span class='ocrx_word' id='word_1_300' title='bbox 2889 1270 3186 1328; x_wconf 87' lang='lat' dir='ltr'><strong>illaturum.</strong></span> <span class='ocrx_word' id='word_1_301' title='bbox 3216 1271 3436 1330; x_wconf 89' lang='lat' dir='ltr'><strong>Obsedit</strong></span> <span class='ocrx_word' id='word_1_302' title='bbox 3469 1291 3626 1330; x_wconf 90' lang='lat' dir='ltr'><strong>nam-</strong></span> 
     </span>
    </p>
   </div>
   <div class='ocr_carea' id='block_1_45' title="bbox 2035 1355 3621 1438">
    <p class='ocr_par' dir='ltr' id='par_1_45' title="bbox 2035 1355 3621 1438">
     <span class='ocr_line' id='line_1_45' title="bbox 2035 1355 3621 1438; baseline 0.009 -29"><span class='ocrx_word' id='word_1_303' title='bbox 2035 1372 2140 1425; x_wconf 90' lang='lat' dir='ltr'><strong>que</strong></span> <span class='ocrx_word' id='word_1_304' title='bbox 2168 1355 2470 1412; x_wconf 81' lang='lat' dir='ltr'><strong>Jerusalem</strong></span> <span class='ocrx_word' id='word_1_305' title='bbox 2508 1358 2952 1426; x_wconf 86' lang='lat' dir='ltr'><strong>Salmanasarus,</strong></span> <span class='ocrx_word' id='word_1_306' title='bbox 2991 1373 3104 1418; x_wconf 88' lang='lat' dir='ltr'><strong>tota</strong></span> <span class='ocrx_word' id='word_1_307' title='bbox 3139 1363 3386 1420; x_wconf 83' lang='lat' dir='ltr'><strong>Samaria</strong></span> <span class='ocrx_word' id='word_1_308' title='bbox 3424 1376 3621 1438; x_wconf 87' lang='lat' dir='ltr'><strong>capta:</strong></span> 
     </span>
    </p>
   </div>
   <div class='ocr_carea' id='block_1_46' title="bbox 2034 1449 3630 1524">
    <p class='ocr_par' dir='ltr' id='par_1_46' title="bbox 2034 1449 3630 1524">
     <span class='ocr_line' id='line_1_46' title="bbox 2034 1449 3630 1524; baseline 0.006 -19"><span class='ocrx_word' id='word_1_309' title='bbox 2034 1449 2256 1505; x_wconf 90' lang='lat' dir='ltr'><strong>obsedit</strong></span> <span class='ocrx_word' id='word_1_310' title='bbox 2292 1450 2421 1506; x_wconf 90' lang='lat' dir='ltr'><strong>item</strong></span> <span class='ocrx_word' id='word_1_311' title='bbox 2455 1449 2789 1520; x_wconf 77' lang='lat' dir='ltr'><strong>ltbapsaces,</strong></span> <span class='ocrx_word' id='word_1_312' title='bbox 2840 1457 3189 1524; x_wconf 80' lang='lat' dir='ltr'><strong>expeditione</strong></span> <span class='ocrx_word' id='word_1_313' title='bbox 3221 1459 3385 1514; x_wconf 84' lang='lat' dir='ltr'><strong>missa</strong></span> <span class='ocrx_word' id='word_1_314' title='bbox 3431 1475 3496 1514; x_wconf 88' lang='lat' dir='ltr'><strong>ex</strong></span> <span class='ocrx_word' id='word_1_315' title='bbox 3527 1460 3630 1515; x_wconf 86' lang='lat' dir='ltr'><strong>La-</strong></span> 
     </span>
    </p>
   </div>
   <div class='ocr_carea' id='block_1_47' title="bbox 2035 1543 3630 1622">
    <p class='ocr_par' dir='ltr' id='par_1_47' title="bbox 2035 1543 3630 1622">
     <span class='ocr_line' id='line_1_47' title="bbox 2035 1543 3630 1622; baseline 0.006 -25"><span class='ocrx_word' id='word_1_316' title='bbox 2035 1544 2187 1607; x_wconf 80' lang='lat' dir='ltr'><strong>ches,</strong></span> <span class='ocrx_word' id='word_1_317' title='bbox 2243 1543 2320 1596; x_wconf 90' lang='lat' dir='ltr'><strong>uti</strong></span> <span class='ocrx_word' id='word_1_318' title='bbox 2375 1543 2638 1612; x_wconf 86' lang='lat' dir='ltr'><strong>scriptum</strong></span> <span class='ocrx_word' id='word_1_319' title='bbox 2674 1543 2838 1616; x_wconf 66' lang='grc'><strong>245</strong></span> <span class='ocrx_word' id='word_1_320' title='bbox 2881 1558 2961 1601; x_wconf 89' lang='lat' dir='ltr'><strong>est</strong></span> <span class='ocrx_word' id='word_1_321' title='bbox 2998 1565 3011 1601; x_wconf 93' lang='lat'><strong>:</strong></span> <span class='ocrx_word' id='word_1_322' title='bbox 3045 1557 3101 1602; x_wconf 85' lang='lat' dir='ltr'><strong>at</strong></span> <span class='ocrx_word' id='word_1_323' title='bbox 3151 1553 3390 1614; x_wconf 77' lang='lat' dir='ltr'><strong>servavit</strong></span> <span class='ocrx_word' id='word_1_324' title='bbox 3431 1563 3630 1622; x_wconf 68' lang='lat' dir='ltr'><strong>pratter</strong></span> 
     </span>
    </p>
   </div>
   <div class='ocr_carea' id='block_1_48' title="bbox 2033 1637 3627 1705">
    <p class='ocr_par' dir='ltr' id='par_1_48' title="bbox 2033 1637 3627 1705">
     <span class='ocr_line' id='line_1_48' title="bbox 2033 1637 3627 1705; baseline 0.006 -14"><span class='ocrx_word' id='word_1_325' title='bbox 2033 1637 2342 1705; x_wconf 86' lang='lat' dir='ltr'><strong>opinionem</strong></span> <span class='ocrx_word' id='word_1_326' title='bbox 2361 1637 2636 1692; x_wconf 84' lang='lat' dir='ltr'><strong>lsraelitas</strong></span> <span class='ocrx_word' id='word_1_327' title='bbox 2660 1640 3032 1695; x_wconf 86' lang='lat' dir='ltr'><strong>universitatis</strong></span> <span class='ocrx_word' id='word_1_328' title='bbox 3067 1641 3232 1698; x_wconf 87' lang='lat' dir='ltr'><strong>Deus.</strong></span> <span class='ocrx_word' id='word_1_329' title='bbox 3256 1642 3627 1701; x_wconf 86' lang='lat' dir='ltr'><strong>Conciderunt</strong></span> 
     </span>
    </p>
   </div>
   <div class='ocr_carea' id='block_1_49' title="bbox 2040 1726 3628 1802">
    <p class='ocr_par' dir='ltr' id='par_1_49' title="bbox 2040 1726 3628 1802">
     <span class='ocr_line' id='line_1_49' title="bbox 2040 1726 3628 1802; baseline 0.009 -22"><span class='ocrx_word' id='word_1_330' title='bbox 2040 1726 2184 1781; x_wconf 90' lang='lat' dir='ltr'><strong>enim</strong></span> <span class='ocrx_word' id='word_1_331' title='bbox 2245 1728 2479 1799; x_wconf 83' lang='lat' dir='ltr'><strong>Assyrii,</strong></span> <span class='ocrx_word' id='word_1_332' title='bbox 2514 1745 2871 1785; x_wconf 85' lang='lat' dir='ltr'><strong>consumente</strong></span> <span class='ocrx_word' id='word_1_333' title='bbox 2921 1746 3017 1788; x_wconf 92' lang='lat' dir='ltr'><strong>eos</strong></span> <span class='ocrx_word' id='word_1_334' title='bbox 3053 1736 3246 1802; x_wconf 80' lang='lat' dir='ltr'><strong>angelo</strong></span> <span class='ocrx_word' id='word_1_335' title='bbox 3278 1736 3492 1792; x_wconf 77' lang='lat' dir='ltr'><strong>Domini</strong></span> <span class='ocrx_word' id='word_1_336' title='bbox 3523 1756 3540 1796; x_wconf 88' lang='lat'><strong>:</strong></span> <span class='ocrx_word' id='word_1_337' title='bbox 3571 1753 3628 1795; x_wconf 88' lang='lat' dir='ltr'><strong>et</strong></span> 
     </span>
    </p>
   </div>
   <div class='ocr_carea' id='block_1_50' title="bbox 1962 1819 3622 1903">
    <p class='ocr_par' dir='ltr' id='par_1_50' title="bbox 1962 1819 3622 1903">
     <span class='ocr_line' id='line_1_50' title="bbox 1962 1819 3622 1903; baseline 0.009 -31"><span class='ocrx_word' id='word_1_338' title='bbox 1962 1841 2004 1895; x_wconf 71' lang='grc' dir='ltr'>Β</span> <span class='ocrx_word' id='word_1_339' title='bbox 2034 1834 2220 1874; x_wconf 85' lang='lat' dir='ltr'><strong>semen</strong></span> <span class='ocrx_word' id='word_1_340' title='bbox 2244 1819 2691 1892; x_wconf 81' lang='lat' dir='ltr'><strong>alienigenarum,</strong></span> <span class='ocrx_word' id='word_1_341' title='bbox 2717 1835 2770 1877; x_wconf 90' lang='lat' dir='ltr'><strong>et</strong></span> <span class='ocrx_word' id='word_1_342' title='bbox 2793 1825 3060 1882; x_wconf 77' lang='lat' dir='ltr'><strong>universa:</strong></span> <span class='ocrx_word' id='word_1_343' title='bbox 3091 1829 3330 1898; x_wconf 72' lang='lat' dir='ltr'><strong>reliquiae</strong></span> <span class='ocrx_word' id='word_1_344' title='bbox 3359 1847 3421 1886; x_wconf 85' lang='lat' dir='ltr'><strong>ex</strong></span> <span class='ocrx_word' id='word_1_345' title='bbox 3446 1833 3622 1903; x_wconf 79' lang='lat' dir='ltr'><strong>prima</strong></span> 
     </span>
    </p>
   </div>
   <div class='ocr_carea' id='block_1_51' title="bbox 2031 1910 3622 1990">
    <p class='ocr_par' dir='ltr' id='par_1_51' title="bbox 2031 1910 3622 1990">
     <span class='ocr_line' id='line_1_51' title="bbox 2031 1910 3622 1990; baseline 0.01 -26"><span class='ocrx_word' id='word_1_346' title='bbox 2031 1910 2317 1967; x_wconf 85' lang='lat' dir='ltr'><strong>obsidione</strong></span> <span class='ocrx_word' id='word_1_347' title='bbox 2355 1915 2690 1984; x_wconf 80' lang='lat' dir='ltr'><strong>temporibus</strong></span> <span class='ocrx_word' id='word_1_348' title='bbox 2736 1915 3243 1988; x_wconf 81' lang='lat' dir='ltr'><strong>Tlieglaphalassari</strong></span> <span class='ocrx_word' id='word_1_349' title='bbox 3283 1923 3447 1990; x_wconf 75' lang='lat' dir='ltr'><strong>facta,</strong></span> <span class='ocrx_word' id='word_1_350' title='bbox 3499 1942 3622 1980; x_wconf 81' lang='lat' dir='ltr'><strong>om-</strong></span> 
     </span>
    </p>
   </div>
   <div class='ocr_carea' id='block_1_52' title="bbox 2030 2004 3623 2084">
    <p class='ocr_par' dir='ltr' id='par_1_52' title="bbox 2030 2004 3623 2084">
     <span class='ocr_line' id='line_1_52' title="bbox 2030 2004 3623 2084; baseline 0.013 -29"><span class='ocrx_word' id='word_1_351' title='bbox 2030 2004 2162 2059; x_wconf 89' lang='lat' dir='ltr'><strong>nino</strong></span> <span class='ocrx_word' id='word_1_352' title='bbox 2196 2004 2421 2060; x_wconf 75' lang='lat' dir='ltr'><strong>sublata:</strong></span> <span class='ocrx_word' id='word_1_353' title='bbox 2447 2018 2595 2074; x_wconf 89' lang='lat' dir='ltr'><strong>sunt,</strong></span> <span class='ocrx_word' id='word_1_354' title='bbox 2628 2020 2682 2064; x_wconf 89' lang='lat' dir='ltr'><strong>et</strong></span> <span class='ocrx_word' id='word_1_355' title='bbox 2723 2012 2778 2064; x_wconf 88' lang='lat' dir='ltr'><strong>in</strong></span> <span class='ocrx_word' id='word_1_356' title='bbox 2808 2022 2979 2066; x_wconf 88' lang='lat' dir='ltr'><strong>totum</strong></span> <span class='ocrx_word' id='word_1_357' title='bbox 3011 2015 3313 2084; x_wconf 89' lang='lat' dir='ltr'><strong>perierunt,</strong></span> <span class='ocrx_word' id='word_1_358' title='bbox 3340 2018 3481 2074; x_wconf 82' lang='lat' dir='ltr'><strong>fame</strong></span> <span class='ocrx_word' id='word_1_359' title='bbox 3507 2020 3623 2075; x_wconf 80' lang='lat' dir='ltr'><strong>for-</strong></span> 
     </span>
    </p>
   </div>
   <div class='ocr_carea' id='block_1_53' title="bbox 2031 2097 3628 2183">
    <p class='ocr_par' dir='ltr' id='par_1_53' title="bbox 2031 2097 3628 2183">
     <span class='ocr_line' id='line_1_53' title="bbox 2031 2097 3628 2183; baseline 0.013 -33"><span class='ocrx_word' id='word_1_360' title='bbox 2031 2097 2192 2151; x_wconf 88' lang='lat' dir='ltr'><strong>tassis</strong></span> <span class='ocrx_word' id='word_1_361' title='bbox 2222 2101 2490 2168; x_wconf 90' lang='lat' dir='ltr'><strong>oppressi.</strong></span> <span class='ocrx_word' id='word_1_362' title='bbox 2523 2099 2657 2156; x_wconf 82' lang='lat' dir='ltr'><strong>Nam</strong></span> <span class='ocrx_word' id='word_1_363' title='bbox 2703 2104 3045 2160; x_wconf 88' lang='lat' dir='ltr'><strong>obsidionem</strong></span> <span class='ocrx_word' id='word_1_364' title='bbox 3081 2108 3296 2163; x_wconf 90' lang='lat' dir='ltr'><strong>urbium</strong></span> <span class='ocrx_word' id='word_1_365' title='bbox 3330 2127 3545 2183; x_wconf 78' lang='lat' dir='ltr'><strong>semper</strong></span> <span class='ocrx_word' id='word_1_366' title='bbox 3571 2125 3628 2170; x_wconf 88' lang='lat' dir='ltr'><strong>et</strong></span> 
     </span>
    </p>
   </div>
   <div class='ocr_carea' id='block_1_54' title="bbox 2029 2189 3626 2272">
    <p class='ocr_par' dir='ltr' id='par_1_54' title="bbox 2029 2189 3626 2272">
     <span class='ocr_line' id='line_1_54' title="bbox 2029 2189 3626 2272; baseline 0.013 -31"><span class='ocrx_word' id='word_1_367' title='bbox 2029 2189 2133 2242; x_wconf 84' lang='lat' dir='ltr'><strong>alia</strong></span> <span class='ocrx_word' id='word_1_368' title='bbox 2161 2191 2302 2245; x_wconf 87' lang='lat' dir='ltr'><strong>mala</strong></span> <span class='ocrx_word' id='word_1_369' title='bbox 2331 2205 2760 2263; x_wconf 87' lang='lat' dir='ltr'><strong>consequuntur.</strong></span> <span class='ocrx_word' id='word_1_370' title='bbox 2805 2195 2972 2268; x_wconf 81' lang='lat' dir='ltr'><strong>Igitur</strong></span> <span class='ocrx_word' id='word_1_371' title='bbox 3005 2212 3299 2268; x_wconf 87' lang='lat' dir='ltr'><strong>pascentur</strong></span> <span class='ocrx_word' id='word_1_372' title='bbox 3333 2219 3427 2272; x_wconf 90' lang='lat' dir='ltr'><strong>per</strong></span> <span class='ocrx_word' id='word_1_373' title='bbox 3454 2206 3626 2262; x_wconf 87' lang='lat' dir='ltr'><strong>Deum</strong></span> 
     </span>
    </p>
   </div>
   <div class='ocr_carea' id='block_1_55' title="bbox 2035 2283 3627 2367">
    <p class='ocr_par' dir='ltr' id='par_1_55' title="bbox 2035 2283 3627 2367">
     <span class='ocr_line' id='line_1_55' title="bbox 2035 2283 3627 2367; baseline 0.011 -31"><span class='ocrx_word' id='word_1_374' title='bbox 2035 2283 2294 2349; x_wconf 88' lang='lat' dir='ltr'><strong>mendici,</strong></span> <span class='ocrx_word' id='word_1_375' title='bbox 2325 2294 2380 2340; x_wconf 91' lang='lat' dir='ltr'><strong>et</strong></span> <span class='ocrx_word' id='word_1_376' title='bbox 2425 2289 2692 2342; x_wconf 88' lang='lat' dir='ltr'><strong>mansueti</strong></span> <span class='ocrx_word' id='word_1_377' title='bbox 2735 2288 3006 2354; x_wconf 85' lang='lat' dir='ltr'><strong>homines,</strong></span> <span class='ocrx_word' id='word_1_378' title='bbox 3044 2293 3095 2346; x_wconf 89' lang='lat' dir='ltr'><strong>id</strong></span> <span class='ocrx_word' id='word_1_379' title='bbox 3143 2303 3247 2358; x_wconf 90' lang='lat' dir='ltr'><strong>est,</strong></span> <span class='ocrx_word' id='word_1_380' title='bbox 3288 2310 3440 2350; x_wconf 89' lang='lat' dir='ltr'><strong>suam</strong></span> <span class='ocrx_word' id='word_1_381' title='bbox 3483 2297 3627 2367; x_wconf 88' lang='lat' dir='ltr'><strong>ipsu-</strong></span> 
     </span>
    </p>
   </div>
   <div class='ocr_carea' id='block_1_56' title="bbox 2033 2377 3622 2453">
    <p class='ocr_par' dir='ltr' id='par_1_56' title="bbox 2033 2377 3622 2453">
     <span class='ocr_line' id='line_1_56' title="bbox 2033 2377 3622 2453; baseline 0.009 -26"><span class='ocrx_word' id='word_1_382' title='bbox 2033 2389 2154 2428; x_wconf 89' lang='lat' dir='ltr'><strong>rum</strong></span> <span class='ocrx_word' id='word_1_383' title='bbox 2187 2384 2390 2430; x_wconf 88' lang='lat' dir='ltr'><strong>tcrram</strong></span> <span class='ocrx_word' id='word_1_384' title='bbox 2423 2377 2680 2444; x_wconf 89' lang='lat' dir='ltr'><strong>incolent,</strong></span> <span class='ocrx_word' id='word_1_385' title='bbox 2709 2389 2763 2434; x_wconf 90' lang='lat' dir='ltr'><strong>et</strong></span> <span class='ocrx_word' id='word_1_386' title='bbox 2792 2381 2842 2434; x_wconf 88' lang='lat' dir='ltr'><strong>in</strong></span> <span class='ocrx_word' id='word_1_387' title='bbox 2871 2395 3004 2450; x_wconf 88' lang='lat' dir='ltr'><strong>pace</strong></span> <span class='ocrx_word' id='word_1_388' title='bbox 3040 2383 3403 2453; x_wconf 89' lang='lat' dir='ltr'><strong>requiescent.</strong></span> <span class='ocrx_word' id='word_1_389' title='bbox 3448 2387 3622 2443; x_wconf 89' lang='lat' dir='ltr'><strong>Tuum</strong></span> 
     </span>
    </p>
   </div>
   <div class='ocr_carea' id='block_1_57' title="bbox 2035 2472 3624 2543">
    <p class='ocr_par' dir='ltr' id='par_1_57' title="bbox 2035 2472 3624 2543">
     <span class='ocr_line' id='line_1_57' title="bbox 2035 2472 3624 2543; baseline 0.011 -24"><span class='ocrx_word' id='word_1_390' title='bbox 2035 2482 2164 2522; x_wconf 88' lang='lat' dir='ltr'><strong>vero</strong></span> <span class='ocrx_word' id='word_1_391' title='bbox 2204 2484 2390 2524; x_wconf 81' lang='lat' dir='ltr'><strong>semen</strong></span> <span class='ocrx_word' id='word_1_392' title='bbox 2434 2482 2488 2525; x_wconf 85' lang='lat' dir='ltr'><strong>et</strong></span> <span class='ocrx_word' id='word_1_393' title='bbox 2517 2472 2780 2542; x_wconf 81' lang='lat' dir='ltr'><strong>reliquias</strong></span> <span class='ocrx_word' id='word_1_394' title='bbox 2823 2476 3015 2543; x_wconf 89' lang='lat' dir='ltr'><strong>perdet</strong></span> <span class='ocrx_word' id='word_1_395' title='bbox 3054 2476 3213 2531; x_wconf 81' lang='lat' dir='ltr'><strong>fame.</strong></span> <span class='ocrx_word' id='word_1_396' title='bbox 3279 2477 3624 2536; x_wconf 84' lang='lat' dir='ltr'><strong>llorrendum</strong></span> 
     </span>
    </p>
   </div>
   <div class='ocr_carea' id='block_1_58' title="bbox 2036 2560 3628 2643">
    <p class='ocr_par' dir='ltr' id='par_1_58' title="bbox 2036 2560 3628 2643">
     <span class='ocr_line' id='line_1_58' title="bbox 2036 2560 3628 2643; baseline 0.009 -30"><span class='ocrx_word' id='word_1_397' title='bbox 2036 2560 2204 2632; x_wconf 80' lang='lat' dir='ltr'><strong>igitur</strong></span> <span class='ocrx_word' id='word_1_398' title='bbox 2235 2575 2320 2616; x_wconf 89' lang='lat' dir='ltr'><strong>est</strong></span> <span class='ocrx_word' id='word_1_399' title='bbox 2351 2565 2537 2618; x_wconf 88' lang='lat' dir='ltr'><strong>sannis</strong></span> <span class='ocrx_word' id='word_1_400' title='bbox 2563 2567 2817 2635; x_wconf 88' lang='lat' dir='ltr'><strong>excipere</strong></span> <span class='ocrx_word' id='word_1_401' title='bbox 2846 2568 2935 2622; x_wconf 84' lang='lat' dir='ltr'><strong>Dei</strong></span> <span class='ocrx_word' id='word_1_402' title='bbox 2963 2570 3231 2635; x_wconf 85' lang='lat' dir='ltr'><strong>subditos,</strong></span> <span class='ocrx_word' id='word_1_403' title='bbox 3251 2587 3418 2643; x_wconf 82' lang='lat' dir='ltr'><strong>seque</strong></span> <span class='ocrx_word' id='word_1_404' title='bbox 3437 2584 3628 2629; x_wconf 84' lang='lat' dir='ltr'><strong>contra</strong></span> 
     </span>
    </p>
   </div>
   <div class='ocr_carea' id='block_1_59' title="bbox 2026 2655 3630 2728">
    <p class='ocr_par' dir='ltr' id='par_1_59' title="bbox 2026 2655 3630 2728">
     <span class='ocr_line' id='line_1_59' title="bbox 2026 2655 3630 2728; baseline 0.01 -21"><span class='ocrx_word' id='word_1_405' title='bbox 2026 2668 2120 2708; x_wconf 87' lang='lat' dir='ltr'><strong>eos</strong></span> <span class='ocrx_word' id='word_1_406' title='bbox 2152 2655 2244 2723; x_wconf 88' lang='lat' dir='ltr'><strong>qui</strong></span> <span class='ocrx_word' id='word_1_407' title='bbox 2271 2672 2415 2710; x_wconf 80' lang='lat' dir='ltr'><strong>cura:</strong></span> <span class='ocrx_word' id='word_1_408' title='bbox 2447 2657 2566 2728; x_wconf 87' lang='lat' dir='ltr'><strong>ejus</strong></span> <span class='ocrx_word' id='word_1_409' title='bbox 2598 2661 2876 2716; x_wconf 87' lang='lat' dir='ltr'><strong>commissi</strong></span> <span class='ocrx_word' id='word_1_410' title='bbox 2923 2674 3053 2717; x_wconf 90' lang='lat' dir='ltr'><strong>sunt</strong></span> <span class='ocrx_word' id='word_1_411' title='bbox 3102 2667 3370 2721; x_wconf 83' lang='lat' dir='ltr'><strong>attollere.</strong></span> <span class='ocrx_word' id='word_1_412' title='bbox 3407 2666 3630 2723; x_wconf 82' lang='lat' dir='ltr'><strong>Minime</strong></span> 
     </span>
    </p>
   </div>
   <div class='ocr_carea' id='block_1_60' title="bbox 2026 2747 3632 2820">
    <p class='ocr_par' dir='ltr' id='par_1_60' title="bbox 2026 2747 3632 2820">
     <span class='ocr_line' id='line_1_60' title="bbox 2026 2747 3632 2820; baseline 0.011 -21"><span class='ocrx_word' id='word_1_413' title='bbox 2026 2747 2171 2802; x_wconf 87' lang='lat' dir='ltr'><strong>enim</strong></span> <span class='ocrx_word' id='word_1_414' title='bbox 2208 2750 2497 2820; x_wconf 87' lang='lat' dir='ltr'><strong>despiciet,</strong></span> <span class='ocrx_word' id='word_1_415' title='bbox 2529 2755 2625 2808; x_wconf 91' lang='lat' dir='ltr'><strong>sed</strong></span> <span class='ocrx_word' id='word_1_416' title='bbox 2660 2755 2882 2810; x_wconf 90' lang='lat' dir='ltr'><strong>omnino</strong></span> <span class='ocrx_word' id='word_1_417' title='bbox 2919 2759 3033 2812; x_wconf 88' lang='lat' dir='ltr'><strong>suis</strong></span> <span class='ocrx_word' id='word_1_418' title='bbox 3067 2759 3208 2813; x_wconf 86' lang='lat' dir='ltr'><strong>notis</strong></span> <span class='ocrx_word' id='word_1_419' title='bbox 3243 2769 3298 2814; x_wconf 90' lang='lat' dir='ltr'><strong>et</strong></span> <span class='ocrx_word' id='word_1_420' title='bbox 3349 2760 3632 2816; x_wconf 78' lang='lat' dir='ltr'><strong>fatiiiliari-</strong></span> 
     </span>
    </p>
   </div>
   <div class='ocr_carea' id='block_1_61' title="bbox 2028 2841 3630 2910">
    <p class='ocr_par' dir='ltr' id='par_1_61' title="bbox 2028 2841 3630 2910">
     <span class='ocr_line' id='line_1_61' title="bbox 2028 2841 3630 2910; baseline 0.01 -18"><span class='ocrx_word' id='word_1_421' title='bbox 2028 2841 2129 2894; x_wconf 86' lang='lat' dir='ltr'><strong>bus</strong></span> <span class='ocrx_word' id='word_1_422' title='bbox 2160 2853 2465 2910; x_wconf 80' lang='lat' dir='ltr'><strong>succurret,</strong></span> <span class='ocrx_word' id='word_1_423' title='bbox 2499 2860 2568 2898; x_wconf 91' lang='lat' dir='ltr'><strong>ne</strong></span> <span class='ocrx_word' id='word_1_424' title='bbox 2595 2844 2766 2901; x_wconf 77' lang='lat' dir='ltr'><strong>eli‘use</strong></span> <span class='ocrx_word' id='word_1_425' title='bbox 2797 2863 2861 2902; x_wconf 89' lang='lat' dir='ltr'><strong>ae</strong></span> <span class='ocrx_word' id='word_1_426' title='bbox 2889 2864 2984 2904; x_wconf 88' lang='lat' dir='ltr'><strong>ore</strong></span> <span class='ocrx_word' id='word_1_427' title='bbox 3019 2850 3237 2906; x_wconf 83' lang='lat' dir='ltr'><strong>diducto</strong></span> <span class='ocrx_word' id='word_1_428' title='bbox 3285 2852 3500 2907; x_wconf 86' lang='lat' dir='ltr'><strong>rideant</strong></span> <span class='ocrx_word' id='word_1_429' title='bbox 3532 2855 3630 2908; x_wconf 84' lang='lat' dir='ltr'><strong>ad-</strong></span> 
     </span>
    </p>
   </div>
   <div class='ocr_carea' id='block_1_62' title="bbox 2036 2931 3631 3014">
    <p class='ocr_par' dir='ltr' id='par_1_62' title="bbox 2036 2931 3631 3014">
     <span class='ocr_line' id='line_1_62' title="bbox 2036 2931 3631 3014; baseline 0.01 -30"><span class='ocrx_word' id='word_1_430' title='bbox 2036 2931 2293 2996; x_wconf 87' lang='lat' dir='ltr'><strong>versarii,</strong></span> <span class='ocrx_word' id='word_1_431' title='bbox 2329 2932 2609 3003; x_wconf 85' lang='lat' dir='ltr'><strong>Deumque</strong></span> <span class='ocrx_word' id='word_1_432' title='bbox 2635 2937 2913 2992; x_wconf 82' lang='lat' dir='ltr'><strong>iucessant</strong></span> <span class='ocrx_word' id='word_1_433' title='bbox 2939 2940 3224 3006; x_wconf 81' lang='lat' dir='ltr'><strong>conviciis,</strong></span> <span class='ocrx_word' id='word_1_434' title='bbox 3249 2941 3340 3010; x_wconf 90' lang='lat' dir='ltr'><strong>qui</strong></span> <span class='ocrx_word' id='word_1_435' title='bbox 3370 2958 3475 2997; x_wconf 85' lang='lat' dir='ltr'><strong>non</strong></span> <span class='ocrx_word' id='word_1_436' title='bbox 3506 2957 3631 3014; x_wconf 85' lang='lat' dir='ltr'><strong>pos-</strong></span> 
     </span>
    </p>
   </div>
   <div class='ocr_carea' id='block_1_63' title="bbox 2035 3025 3356 3089">
    <p class='ocr_par' dir='ltr' id='par_1_63' title="bbox 2035 3025 3356 3089">
     <span class='ocr_line' id='line_1_63' title="bbox 2035 3025 3356 3089; baseline 0.007 -9"><span class='ocrx_word' id='word_1_437' title='bbox 2035 3035 2120 3080; x_wconf 86' lang='lat' dir='ltr'><strong>set</strong></span> <span class='ocrx_word' id='word_1_438' title='bbox 2151 3025 2402 3080; x_wconf 88' lang='lat' dir='ltr'><strong>subditos</strong></span> <span class='ocrx_word' id='word_1_439' title='bbox 2431 3042 2560 3081; x_wconf 87' lang='lat' dir='ltr'><strong>suos</strong></span> <span class='ocrx_word' id='word_1_440' title='bbox 2595 3028 2733 3082; x_wconf 90' lang='lat' dir='ltr'><strong>tueri</strong></span> <span class='ocrx_word' id='word_1_441' title='bbox 2765 3030 2898 3084; x_wconf 84' lang='lat' dir='ltr'><strong>satis</strong></span> <span class='ocrx_word' id='word_1_442' title='bbox 2929 3041 2981 3084; x_wconf 93' lang='lat' dir='ltr'><strong>et</strong></span> <span class='ocrx_word' id='word_1_443' title='bbox 3010 3047 3356 3089; x_wconf 80' lang='lat' dir='ltr'><strong>conservare.</strong></span> 
     </span>
    </p>
   </div>
   <div class='ocr_carea' id='block_1_64' title="bbox 2041 3121 3629 3196">
    <p class='ocr_par' dir='ltr' id='par_1_64' title="bbox 2041 3121 3629 3196">
     <span class='ocr_line' id='line_1_64' title="bbox 2041 3121 3629 3196; baseline 0.007 -23"><span class='ocrx_word' id='word_1_444' title='bbox 2041 3123 2220 3177; x_wconf 82' lang='grc' dir='ltr'>πλατὺ</span> <span class='ocrx_word' id='word_1_445' title='bbox 2266 3121 2473 3193; x_wconf 82' lang='grc' dir='ltr'>γελῷεν</span> <span class='ocrx_word' id='word_1_446' title='bbox 2531 3125 2579 3176; x_wconf 89' lang='grc' dir='ltr'>οἱ</span> <span class='ocrx_word' id='word_1_447' title='bbox 2628 3123 2696 3177; x_wconf 86' lang='grc' dir='ltr'>δι’</span> <span class='ocrx_word' id='word_1_448' title='bbox 2746 3127 3021 3191; x_wconf 79' lang='grc' dir='ltr'>ἐναντίας,</span> <span class='ocrx_word' id='word_1_449' title='bbox 3071 3131 3164 3184; x_wconf 70' lang='grc' dir='ltr'><strong>καὶ</strong></span> <span class='ocrx_word' id='word_1_450' title='bbox 3218 3132 3629 3196; x_wconf 77' lang='grc' dir='ltr'>κατονειδίζωσι</span> 
     </span>
    </p>
   </div>
   <div class='ocr_carea' id='block_1_65' title="bbox 307 3213 3449 3291">
    <p class='ocr_par' dir='ltr' id='par_1_65' title="bbox 307 3213 3449 3291">
     <span class='ocr_line' id='line_1_65' title="bbox 307 3213 3449 3291; baseline 0.003 -23"><span class='ocrx_word' id='word_1_451' title='bbox 307 3216 484 3283; x_wconf 70' lang='grc' dir='ltr'>Θεὸν,</span> <span class='ocrx_word' id='word_1_452' title='bbox 538 3214 620 3279; x_wconf 82' lang='grc' dir='ltr'>ὡς</span> <span class='ocrx_word' id='word_1_453' title='bbox 673 3215 776 3268; x_wconf 87' lang='grc' dir='ltr'><strong>ούκ</strong></span> <span class='ocrx_word' id='word_1_454' title='bbox 825 3214 1021 3286; x_wconf 73' lang='grc' dir='ltr'>ἔχοντα</span> <span class='ocrx_word' id='word_1_455' title='bbox 1079 3215 1320 3290; x_wconf 89' lang='grc' dir='ltr'>διαρκῶς</span> <span class='ocrx_word' id='word_1_456' title='bbox 1375 3217 1457 3280; x_wconf 86' lang='grc' dir='ltr'><strong>εἰς</strong></span> <span class='ocrx_word' id='word_1_457' title='bbox 1513 3215 1574 3269; x_wconf 80' lang='grc' dir='ltr'><strong>τὸ</strong></span> <span class='ocrx_word' id='word_1_458' title='bbox 1635 3213 1923 3278; x_wconf 77' lang='grc' dir='ltr'>διασώζειν</span> <span class='ocrx_word' id='word_1_459' title='bbox 1962 3214 2226 3269; x_wconf 85' lang='grc' dir='ltr'>δύνασθαι</span> <span class='ocrx_word' id='word_1_460' title='bbox 2294 3215 2422 3278; x_wconf 74' lang='grc' dir='ltr'>τοὺς</span> <span class='ocrx_word' id='word_1_461' title='bbox 2483 3217 2643 3290; x_wconf 78' lang='grc' dir='ltr'>οἵπερ</span> <span class='ocrx_word' id='word_1_462' title='bbox 2671 3213 2779 3271; x_wconf 87' lang='grc' dir='ltr'>εἷεν</span> <span class='ocrx_word' id='word_1_463' title='bbox 2806 3221 3074 3291; x_wconf 79' lang='grc' dir='ltr'>ἐπάύτῷ</span> <span class='ocrx_word' id='word_1_464' title='bbox 3105 3223 3449 3287; x_wconf 83' lang='grc' dir='ltr'>πεποιθότες.</span> 
     </span>
    </p>
   </div>
   <div class='ocr_carea' id='block_1_66' title="bbox 395 3305 1930 3381">
    <p class='ocr_par' dir='ltr' id='par_1_66' title="bbox 395 3305 1930 3378">
     <span class='ocr_line' id='line_1_66' title="bbox 395 3305 1930 3378; baseline 0.001 -19"><span class='ocrx_word' id='word_1_465' title='bbox 395 3305 802 3371; x_wconf 76' lang='grc' dir='ltr'>Ὀλολ-ὐξατε,</span> <span class='ocrx_word' id='word_1_466' title='bbox 834 3306 1026 3361; x_wconf 67' lang='grc' dir='ltr'>πύλαι</span> <span class='ocrx_word' id='word_1_467' title='bbox 1055 3309 1313 3374; x_wconf 74' lang='grc' dir='ltr'>πόλεων,</span> <span class='ocrx_word' id='word_1_468' title='bbox 1335 3305 1796 3378; x_wconf 79' lang='grc' dir='ltr'>κεκραγέτωσαν</span> <span class='ocrx_word' id='word_1_469' title='bbox 1825 3309 1930 3360; x_wconf 82' lang='grc' dir='ltr'>πό-</span> 
     </span>
    </p>
   </div>
   <div class='ocr_carea' id='block_1_67' title="bbox 2033 3305 3628 3381">
    <p class='ocr_par' dir='ltr' id='par_1_67' title="bbox 2116 3307 3628 3381">
     <span class='ocr_line' id='line_1_67' title="bbox 2116 3307 3628 3381; baseline 0.009 -19"><span class='ocrx_word' id='word_1_470' title='bbox 2116 3307 2282 3362; x_wconf 74' lang='lat' dir='ltr'><strong>VEns.</strong></span> <span class='ocrx_word' id='word_1_471' title='bbox 2309 3307 2400 3361; x_wconf 79' lang='grc'><strong>51.</strong></span> <span class='ocrx_word' id='word_1_472' title='bbox 2451 3307 2688 3375; x_wconf 69' lang='lat' dir='ltr'><strong>L’lttlate,</strong></span> <span class='ocrx_word' id='word_1_473' title='bbox 2717 3321 2883 3380; x_wconf 82' lang='lat' dir='ltr'><strong>porta:</strong></span> <span class='ocrx_word' id='word_1_474' title='bbox 2933 3315 3161 3381; x_wconf 83' lang='lat' dir='ltr'><strong>urbium,</strong></span> <span class='ocrx_word' id='word_1_475' title='bbox 3203 3317 3427 3372; x_wconf 83' lang='lat' dir='ltr'><strong>clamem</strong></span> <span class='ocrx_word' id='word_1_476' title='bbox 3474 3323 3628 3376; x_wconf 79' lang='lat' dir='ltr'><strong>urbes</strong></span> 
     </span>
    </p>
   </div>
   <div class='ocr_carea' id='block_1_68' title="bbox 308 3397 1930 3469">
    <p class='ocr_par' dir='ltr' id='par_1_68' title="bbox 308 3397 1930 3469">
     <span class='ocr_line' id='line_1_68' title="bbox 308 3397 1930 3469; baseline -0.001 -16"><span class='ocrx_word' id='word_1_477' title='bbox 308 3404 446 3464; x_wconf 76' lang='lat' dir='ltr'><strong>.lsu;</strong></span> <span class='ocrx_word' id='word_1_478' title='bbox 506 3398 966 3468; x_wconf 78' lang='grc' dir='ltr'>τεταραγμέναι,</span> <span class='ocrx_word' id='word_1_479' title='bbox 1019 3402 1073 3454; x_wconf 80' lang='grc' dir='ltr'>οἱ</span> <span class='ocrx_word' id='word_1_480' title='bbox 1131 3400 1480 3469; x_wconf 59' lang='grc' dir='ltr'>ἀλλόφυλοι</span> <span class='ocrx_word' id='word_1_481' title='bbox 1537 3397 1782 3466; x_wconf 79' lang='grc' dir='ltr'>πάντες,</span> <span class='ocrx_word' id='word_1_482' title='bbox 1840 3399 1930 3452; x_wconf 83' lang='grc' dir='ltr'>ὅτι</span> 
     </span>
    </p>
   </div>
   <div class='ocr_carea' id='block_1_69' title="bbox 316 3489 1930 3560">
    <p class='ocr_par' dir='ltr' id='par_1_69' title="bbox 316 3489 1930 3560">
     <span class='ocr_line' id='line_1_69' title="bbox 316 3489 1930 3560; baseline 0.001 -16"><span class='ocrx_word' id='word_1_483' title='bbox 316 3489 557 3555; x_wconf 72' lang='grc' dir='ltr'>καπνὸς</span> <span class='ocrx_word' id='word_1_484' title='bbox 611 3489 734 3544; x_wconf 81' lang='grc' dir='ltr'>ἀπὸ</span> <span class='ocrx_word' id='word_1_485' title='bbox 779 3489 979 3560; x_wconf 68' lang='grc' dir='ltr'><strong>βοῤῥᾱ</strong></span> <span class='ocrx_word' id='word_1_486' title='bbox 1012 3490 1276 3560; x_wconf 82' lang='grc' dir='ltr'>ἔρχεται,</span> <span class='ocrx_word' id='word_1_487' title='bbox 1327 3493 1428 3546; x_wconf 79' lang='grc' dir='ltr'>καὶ</span> <span class='ocrx_word' id='word_1_488' title='bbox 1486 3493 1598 3545; x_wconf 80' lang='grc' dir='ltr'>οὐκ</span> <span class='ocrx_word' id='word_1_489' title='bbox 1653 3493 1784 3544; x_wconf 81' lang='grc' dir='ltr'>ἐστι</span> <span class='ocrx_word' id='word_1_490' title='bbox 1822 3491 1930 3545; x_wconf 77' lang='grc' dir='ltr'>τοῦ</span> 
     </span>
    </p>
   </div>
   <div class='ocr_carea' id='block_1_70' title="bbox 321 3581 504 3637">
    <p class='ocr_par' dir='ltr' id='par_1_70' title="bbox 321 3581 504 3637">
     <span class='ocr_line' id='line_1_70' title="bbox 321 3581 504 3637; baseline -0.016 0"><span class='ocrx_word' id='word_1_491' title='bbox 321 3581 504 3637; x_wconf 76' lang='grc' dir='ltr'>εἶναι.</span> 
     </span>
    </p>
   </div>
   <div class='ocr_carea' id='block_1_71' title="bbox 393 3675 1931 3750">
    <p class='ocr_par' dir='ltr' id='par_1_71' title="bbox 393 3675 1931 3750">
     <span class='ocr_line' id='line_1_71' title="bbox 393 3675 1931 3750; baseline -0.003 -18"><span class='ocrx_word' id='word_1_492' title='bbox 393 3677 485 3742; x_wconf 85' lang='grc' dir='ltr'>Τὸ,</span> <span class='ocrx_word' id='word_1_493' title='bbox 519 3679 617 3732; x_wconf 90' lang='grc' dir='ltr'>Ἐκ</span> <span class='ocrx_word' id='word_1_494' title='bbox 637 3677 960 3750; x_wconf 81' lang='grc' dir='ltr'>σπέρματος</span> <span class='ocrx_word' id='word_1_495' title='bbox 975 3677 1152 3748; x_wconf 71' lang='grc' dir='ltr'>ὄφεως</span> <span class='ocrx_word' id='word_1_496' title='bbox 1178 3676 1521 3742; x_wconf 80' lang='grc' dir='ltr'>ἐξελεύσεται</span> <span class='ocrx_word' id='word_1_497' title='bbox 1540 3675 1740 3745; x_wconf 76' lang='grc' dir='ltr'>ἔκγονα</span> <span class='ocrx_word' id='word_1_498' title='bbox 1766 3675 1931 3730; x_wconf 80' lang='grc' dir='ltr'>ἀσπί-</span> 
     </span>
    </p>
   </div>
   <div class='ocr_carea' id='block_1_72' title="bbox 321 3770 1930 3844">
    <p class='ocr_par' dir='ltr' id='par_1_72' title="bbox 321 3770 1930 3844">
     <span class='ocr_line' id='line_1_72' title="bbox 321 3770 1930 3844; baseline -0.001 -20"><span class='ocrx_word' id='word_1_499' title='bbox 321 3770 452 3837; x_wconf 84' lang='grc' dir='ltr'>δων,</span> <span class='ocrx_word' id='word_1_500' title='bbox 498 3771 678 3838; x_wconf 75' lang='grc' dir='ltr'>οὕτως</span> <span class='ocrx_word' id='word_1_501' title='bbox 707 3773 774 3826; x_wconf 84' lang='grc' dir='ltr'>ἂν</span> <span class='ocrx_word' id='word_1_502' title='bbox 805 3772 1048 3825; x_wconf 88' lang='grc' dir='ltr'>νοεῖσθαι</span> <span class='ocrx_word' id='word_1_503' title='bbox 1099 3772 1321 3844; x_wconf 82' lang='grc' dir='ltr'>πρέποι,</span> <span class='ocrx_word' id='word_1_504' title='bbox 1365 3771 1442 3836; x_wconf 88' lang='grc' dir='ltr'><strong>ώς</strong></span> <span class='ocrx_word' id='word_1_505' title='bbox 1477 3770 1930 3843; x_wconf 81' lang='grc' dir='ltr'>διερμηνεύοντες</span> 
     </span>
    </p>
   </div>
   <div class='ocr_carea' id='block_1_73' title="bbox 315 3865 1929 3938">
    <p class='ocr_par' dir='ltr' id='par_1_73' title="bbox 315 3865 1929 3938">
     <span class='ocr_line' id='line_1_73' title="bbox 315 3865 1929 3938; baseline 0 -20"><span class='ocrx_word' id='word_1_506' title='bbox 315 3866 613 3936; x_wconf 81' lang='grc' dir='ltr'>ἐλέγομεν.</span> <span class='ocrx_word' id='word_1_507' title='bbox 669 3867 753 3920; x_wconf 85' lang='grc' dir='ltr'>ὅτι</span> <span class='ocrx_word' id='word_1_508' title='bbox 814 3865 1131 3938; x_wconf 87' lang='grc' dir='ltr'>πεπόρθηκε</span> <span class='ocrx_word' id='word_1_509' title='bbox 1191 3867 1290 3938; x_wconf 83' lang='grc' dir='ltr'><strong>μὲν</strong></span> <span class='ocrx_word' id='word_1_510' title='bbox 1328 3865 1428 3930; x_wconf 77' lang='grc' dir='ltr'>τὰς</span> <span class='ocrx_word' id='word_1_511' title='bbox 1465 3866 1574 3919; x_wconf 87' lang='grc' dir='ltr'><strong>τῶν</strong></span> <span class='ocrx_word' id='word_1_512' title='bbox 1607 3865 1929 3936; x_wconf 82' lang='grc' dir='ltr'>ἀλλοφύλων</span> 
     </span>
    </p>
   </div>
   <div class='ocr_carea' id='block_1_74' title="bbox 311 3953 1928 4031">
    <p class='ocr_par' dir='ltr' id='par_1_74' title="bbox 311 3953 1928 4031">
     <span class='ocr_line' id='line_1_74' title="bbox 311 3953 1928 4031; baseline 0.001 -21"><span class='ocrx_word' id='word_1_513' title='bbox 311 3959 534 4024; x_wconf 81' lang='grc' dir='ltr'>πόλεις,</span> <span class='ocrx_word' id='word_1_514' title='bbox 586 3953 703 4012; x_wconf 81' lang='grc' dir='ltr'>εἷλε</span> <span class='ocrx_word' id='word_1_515' title='bbox 732 3958 792 4013; x_wconf 78' lang='grc' dir='ltr'>δὲ</span> <span class='ocrx_word' id='word_1_516' title='bbox 813 3959 909 4013; x_wconf 72' lang='grc' dir='ltr'><strong>καὶ</strong></span> <span class='ocrx_word' id='word_1_517' title='bbox 930 3958 1027 4030; x_wconf 77' lang='grc' dir='ltr'><strong>τὴν</strong></span> <span class='ocrx_word' id='word_1_518' title='bbox 1047 3959 1340 4031; x_wconf 77' lang='grc' dir='ltr'>Δαμασκὸν</span> <span class='ocrx_word' id='word_1_519' title='bbox 1368 3961 1396 4013; x_wconf 86' lang='grc' dir='ltr'>ὁ</span> <span class='ocrx_word' id='word_1_520' title='bbox 1434 3957 1928 4029; x_wconf 81' lang='grc' dir='ltr'>Θεγλαφαλαασάρ,</span> 
     </span>
    </p>
   </div>
   <div class='ocr_carea' id='block_1_75' title="bbox 308 4049 1930 4124">
    <p class='ocr_par' dir='ltr' id='par_1_75' title="bbox 308 4049 1930 4124">
     <span class='ocr_line' id='line_1_75' title="bbox 308 4049 1930 4124; baseline -0.002 -17"><span class='ocrx_word' id='word_1_521' title='bbox 308 4049 440 4107; x_wconf 84' lang='grc' dir='ltr'>εἷτα</span> <span class='ocrx_word' id='word_1_522' title='bbox 473 4051 600 4124; x_wconf 79' lang='grc' dir='ltr'>μετ’</span> <span class='ocrx_word' id='word_1_523' title='bbox 629 4053 861 4118; x_wconf 83' lang='grc' dir='ltr'>ἐκεῖνον,</span> <span class='ocrx_word' id='word_1_524' title='bbox 894 4056 1016 4116; x_wconf 88' lang='grc' dir='ltr'>ταῖς</span> <span class='ocrx_word' id='word_1_525' title='bbox 1048 4053 1127 4106; x_wconf 76' lang='grc' dir='ltr'><strong>ἔτι</strong></span> <span class='ocrx_word' id='word_1_526' title='bbox 1155 4051 1588 4124; x_wconf 74' lang='grc' dir='ltr'>φορτικωτέραις</span> <span class='ocrx_word' id='word_1_527' title='bbox 1608 4053 1800 4124; x_wconf 78' lang='grc' dir='ltr'>ἐνῆκεν</span> <span class='ocrx_word' id='word_1_528' title='bbox 1827 4053 1930 4104; x_wconf 77' lang='grc' dir='ltr'>αὑ-</span> 
     </span>
    </p>
   </div>
   <div class='ocr_carea' id='block_1_76' title="bbox 305 4143 1931 4218">
    <p class='ocr_par' dir='ltr' id='par_1_76' title="bbox 305 4143 1931 4218">
     <span class='ocr_line' id='line_1_76' title="bbox 305 4143 1931 4218; baseline -0.002 -20"><span class='ocrx_word' id='word_1_529' title='bbox 305 4146 444 4209; x_wconf 73' lang='grc' dir='ltr'>τοὺς</span> <span class='ocrx_word' id='word_1_530' title='bbox 520 4147 835 4218; x_wconf 78' lang='grc' dir='ltr'>συμφοραῖς</span> <span class='ocrx_word' id='word_1_531' title='bbox 889 4145 918 4198; x_wconf 91' lang='grc' dir='ltr'>ὁ</span> <span class='ocrx_word' id='word_1_532' title='bbox 985 4143 1396 4216; x_wconf 78' lang='grc' dir='ltr'>Σαλαμανασὰρ</span> <span class='ocrx_word' id='word_1_533' title='bbox 1457 4143 1516 4197; x_wconf 85' lang='grc' dir='ltr'><strong>ἐν</strong></span> <span class='ocrx_word' id='word_1_534' title='bbox 1564 4146 1776 4215; x_wconf 80' lang='grc' dir='ltr'>καιροῖς</span> <span class='ocrx_word' id='word_1_535' title='bbox 1832 4145 1931 4215; x_wconf 79' lang='grc' dir='ltr'>τῆς</span> 
     </span>
    </p>
   </div>
   <div class='ocr_carea' id='block_1_77' title="bbox 323 4235 1931 4309">
    <p class='ocr_par' dir='ltr' id='par_1_77' title="bbox 323 4235 1931 4309">
     <span class='ocr_line' id='line_1_77' title="bbox 323 4235 1931 4309; baseline -0.002 -18"><span class='ocrx_word' id='word_1_536' title='bbox 323 4237 586 4308; x_wconf 82' lang='grc' dir='ltr'>Ἐζεχίου</span> <span class='ocrx_word' id='word_1_537' title='bbox 618 4237 920 4309; x_wconf 84' lang='grc' dir='ltr'>βασιλείας,</span> <span class='ocrx_word' id='word_1_538' title='bbox 952 4238 1050 4302; x_wconf 83' lang='grc' dir='ltr'><strong>τὰς</strong></span> <span class='ocrx_word' id='word_1_539' title='bbox 1099 4236 1458 4308; x_wconf 83' lang='grc' dir='ltr'>Σαμαρειτῶν</span> <span class='ocrx_word' id='word_1_540' title='bbox 1489 4235 1931 4307; x_wconf 82' lang='grc' dir='ltr'>ἐκπολιορκήσας</span> 
     </span>
    </p>
   </div>
   <div class='ocr_carea' id='block_1_78' title="bbox 309 4327 1928 4404">
    <p class='ocr_par' dir='ltr' id='par_1_78' title="bbox 309 4327 1928 4404">
     <span class='ocr_line' id='line_1_78' title="bbox 309 4327 1928 4404; baseline 0.001 -21"><span class='ocrx_word' id='word_1_541' title='bbox 309 4331 536 4396; x_wconf 84' lang='grc' dir='ltr'>πόλεις.</span> <span class='ocrx_word' id='word_1_542' title='bbox 577 4331 666 4395; x_wconf 86' lang='grc' dir='ltr'>Ὠς</span> <span class='ocrx_word' id='word_1_543' title='bbox 692 4327 786 4385; x_wconf 81' lang='grc' dir='ltr'><strong>οὖν</strong></span> <span class='ocrx_word' id='word_1_544' title='bbox 838 4332 940 4404; x_wconf 78' lang='grc' dir='ltr'><strong>ήδη</strong></span> <span class='ocrx_word' id='word_1_545' title='bbox 982 4333 1082 4403; x_wconf 79' lang='grc' dir='ltr'>τῆς</span> <span class='ocrx_word' id='word_1_546' title='bbox 1142 4331 1334 4401; x_wconf 66' lang='grc' dir='ltr'>ἐφόδου</span> <span class='ocrx_word' id='word_1_547' title='bbox 1381 4329 1928 4404; x_wconf 81' lang='grc' dir='ltr'>συγκεκροτημένης,</span> 
     </span>
    </p>
   </div>
   <div class='ocr_carea' id='block_1_79' title="bbox 310 4422 1932 4498">
    <p class='ocr_par' dir='ltr' id='par_1_79' title="bbox 310 4422 1932 4498">
     <span class='ocr_line' id='line_1_79' title="bbox 310 4422 1932 4498; baseline -0.004 -18"><span class='ocrx_word' id='word_1_548' title='bbox 310 4426 415 4480; x_wconf 75' lang='grc' dir='ltr'><strong>καὶ</strong></span> <span class='ocrx_word' id='word_1_549' title='bbox 449 4425 744 4497; x_wconf 85' lang='grc' dir='ltr'>παρούσης</span> <span class='ocrx_word' id='word_1_550' title='bbox 767 4424 870 4496; x_wconf 78' lang='grc' dir='ltr'>τῆς</span> <span class='ocrx_word' id='word_1_551' title='bbox 909 4423 1210 4494; x_wconf 82' lang='grc' dir='ltr'>Ἀσσυρίων</span> <span class='ocrx_word' id='word_1_552' title='bbox 1242 4425 1522 4498; x_wconf 80' lang='grc' dir='ltr'>στρατιᾶς,</span> <span class='ocrx_word' id='word_1_553' title='bbox 1558 4423 1633 4484; x_wconf 85' lang='grc' dir='ltr'>ὼς</span> <span class='ocrx_word' id='word_1_554' title='bbox 1662 4422 1764 4492; x_wconf 72' lang='grc' dir='ltr'><strong>ήδη</strong></span> <span class='ocrx_word' id='word_1_555' title='bbox 1811 4424 1932 4486; x_wconf 87' lang='grc' dir='ltr'>ταῖς</span> 
     </span>
    </p>
   </div>
   <div class='ocr_carea' id='block_1_80' title="bbox 310 4515 1930 4590">
    <p class='ocr_par' dir='ltr' id='par_1_80' title="bbox 310 4515 1930 4590">
     <span class='ocr_line' id='line_1_80' title="bbox 310 4515 1930 4590; baseline -0.001 -21"><span class='ocrx_word' id='word_1_556' title='bbox 310 4517 530 4580; x_wconf 78' lang='grc' dir='ltr'>πύλαις</span> <span class='ocrx_word' id='word_1_557' title='bbox 562 4519 684 4580; x_wconf 87' lang='grc' dir='ltr'>ταῖς</span> <span class='ocrx_word' id='word_1_558' title='bbox 706 4517 764 4570; x_wconf 83' lang='grc' dir='ltr'><strong>ἐν</strong></span> <span class='ocrx_word' id='word_1_559' title='bbox 793 4516 1002 4590; x_wconf 79' lang='grc' dir='ltr'>ἑκάστῃ</span> <span class='ocrx_word' id='word_1_560' title='bbox 1028 4515 1182 4570; x_wconf 87' lang='grc' dir='ltr'>πόλει</span> <span class='ocrx_word' id='word_1_561' title='bbox 1206 4517 1316 4571; x_wconf 89' lang='grc' dir='ltr'><strong>τῶν</strong></span> <span class='ocrx_word' id='word_1_562' title='bbox 1354 4516 1654 4570; x_wconf 87' lang='grc' dir='ltr'>ἐλεπόλεων</span> <span class='ocrx_word' id='word_1_563' title='bbox 1691 4532 1930 4586; x_wconf 84' lang='grc' dir='ltr'>προσκε-</span> 
     </span>
    </p>
   </div>
   <div class='ocr_carea' id='block_1_81' title="bbox 309 4608 1930 4682">
    <p class='ocr_par' dir='ltr' id='par_1_81' title="bbox 309 4608 1930 4682">
     <span class='ocr_line' id='line_1_81' title="bbox 309 4608 1930 4682; baseline -0.002 -19"><span class='ocrx_word' id='word_1_564' title='bbox 309 4609 700 4682; x_wconf 79' lang='grc' dir='ltr'>κομισμένων,</span> <span class='ocrx_word' id='word_1_565' title='bbox 751 4609 1056 4680; x_wconf 88' lang='grc' dir='ltr'>μελλόντων</span> <span class='ocrx_word' id='word_1_566' title='bbox 1096 4608 1153 4664; x_wconf 82' lang='grc' dir='ltr'>δὲ</span> <span class='ocrx_word' id='word_1_567' title='bbox 1200 4609 1304 4682; x_wconf 72' lang='grc' dir='ltr'>ἤδη</span> <span class='ocrx_word' id='word_1_568' title='bbox 1346 4608 1770 4664; x_wconf 84' lang='grc' dir='ltr'>κατασείσεσθαι</span> <span class='ocrx_word' id='word_1_569' title='bbox 1821 4608 1930 4660; x_wconf 85' lang='grc' dir='ltr'><strong>τῶν</strong></span> 
     </span>
    </p>
   </div>
   <div class='ocr_carea' id='block_1_82' title="bbox 2035 3398 3628 3480">
    <p class='ocr_par' dir='ltr' id='par_1_82' title="bbox 2035 3398 3628 3480">
     <span class='ocr_line' id='line_1_82' title="bbox 2035 3398 3628 3480; baseline 0.009 -30"><span class='ocrx_word' id='word_1_570' title='bbox 2035 3398 2282 3463; x_wconf 73' lang='lat' dir='ltr'><strong>(urbane,</strong></span> <span class='ocrx_word' id='word_1_571' title='bbox 2312 3399 2622 3468; x_wconf 79' lang='lat' dir='ltr'><strong>alienigena:</strong></span> <span class='ocrx_word' id='word_1_572' title='bbox 2664 3417 2863 3470; x_wconf 78' lang='lat' dir='ltr'><strong>omnes,</strong></span> <span class='ocrx_word' id='word_1_573' title='bbox 2894 3407 3018 3473; x_wconf 84' lang='lat' dir='ltr'><strong>quia</strong></span> <span class='ocrx_word' id='word_1_574' title='bbox 3049 3406 3229 3474; x_wconf 79' lang='lat' dir='ltr'><strong>fumus</strong></span> <span class='ocrx_word' id='word_1_575' title='bbox 3263 3411 3328 3462; x_wconf 86' lang='lat' dir='ltr'><strong>ab</strong></span> <span class='ocrx_word' id='word_1_576' title='bbox 3369 3413 3628 3480; x_wconf 84' lang='lat' dir='ltr'><strong>Aquilone</strong></span> 
     </span>
    </p>
   </div>
   <div class='ocr_carea' id='block_1_83' title="bbox 2034 3493 2711 3558">
    <p class='ocr_par' dir='ltr' id='par_1_83' title="bbox 2034 3493 2711 3558">
     <span class='ocr_line' id='line_1_83' title="bbox 2034 3493 2711 3558; baseline 0.006 -12"><span class='ocrx_word' id='word_1_577' title='bbox 2034 3493 2192 3558; x_wconf 73' lang='lat' dir='ltr'><strong>venit,</strong></span> <span class='ocrx_word' id='word_1_578' title='bbox 2219 3502 2266 3546; x_wconf 80' lang='lat' dir='ltr'><strong>et</strong></span> <span class='ocrx_word' id='word_1_579' title='bbox 2303 3509 2406 3547; x_wconf 82' lang='lat' dir='ltr'><strong>non</strong></span> <span class='ocrx_word' id='word_1_580' title='bbox 2433 3504 2510 3547; x_wconf 79' lang='lat' dir='ltr'><strong>es:</strong></span> <span class='ocrx_word' id='word_1_581' title='bbox 2547 3505 2598 3547; x_wconf 83' lang='lat' dir='ltr'><strong>ut</strong></span> <span class='ocrx_word' id='word_1_582' title='bbox 2623 3495 2711 3550; x_wconf 83' lang='lat' dir='ltr'><strong>sil.</strong></span> 
     </span>
    </p>
   </div>
   <div class='ocr_carea' id='block_1_84' title="bbox 2112 3675 3628 3759">
    <p class='ocr_par' dir='ltr' id='par_1_84' title="bbox 2112 3675 3628 3759">
     <span class='ocr_line' id='line_1_84' title="bbox 2112 3675 3628 3759; baseline 0.01 -30"><span class='ocrx_word' id='word_1_583' title='bbox 2112 3675 2269 3744; x_wconf 88' lang='lat' dir='ltr'><strong>lllnd,</strong></span> <span class='ocrx_word' id='word_1_584' title='bbox 2286 3676 2369 3731; x_wconf 88' lang='lat' dir='ltr'><strong>Ex</strong></span> <span class='ocrx_word' id='word_1_585' title='bbox 2391 3680 2602 3736; x_wconf 89' lang='lat' dir='ltr'><strong>semine</strong></span> <span class='ocrx_word' id='word_1_586' title='bbox 2619 3684 2950 3752; x_wconf 86' lang='lat' dir='ltr'><strong>serpentium</strong></span> <span class='ocrx_word' id='word_1_587' title='bbox 2977 3685 3327 3754; x_wconf 86' lang='lat' dir='ltr'><strong>egredientur</strong></span> <span class='ocrx_word' id='word_1_588' title='bbox 3339 3691 3628 3759; x_wconf 81' lang='lat' dir='ltr'><strong>progenies</strong></span> 
     </span>
    </p>
   </div>
   <div class='ocr_carea' id='block_1_85' title="bbox 2036 3771 3626 3850">
    <p class='ocr_par' dir='ltr' id='par_1_85' title="bbox 2036 3771 3626 3850">
     <span class='ocr_line' id='line_1_85' title="bbox 2036 3771 3626 3850; baseline 0.008 -27"><span class='ocrx_word' id='word_1_589' title='bbox 2036 3771 2308 3841; x_wconf 86' lang='lat' dir='ltr'><strong>aspidum,</strong></span> <span class='ocrx_word' id='word_1_590' title='bbox 2341 3773 2614 3842; x_wconf 90' lang='lat' dir='ltr'><strong>quomodo</strong></span> <span class='ocrx_word' id='word_1_591' title='bbox 2641 3775 3050 3844; x_wconf 83' lang='lat' dir='ltr'><strong>intelligendum</strong></span> <span class='ocrx_word' id='word_1_592' title='bbox 3084 3791 3234 3835; x_wconf 86' lang='lat' dir='ltr'><strong>esset</strong></span> <span class='ocrx_word' id='word_1_593' title='bbox 3265 3792 3626 3850; x_wconf 84' lang='lat' dir='ltr'><strong>exponentes,</strong></span> 
     </span>
    </p>
   </div>
   <div class='ocr_carea' id='block_1_86' title="bbox 2034 3866 3626 3946">
    <p class='ocr_par' dir='ltr' id='par_1_86' title="bbox 2034 3866 3626 3946">
     <span class='ocr_line' id='line_1_86' title="bbox 2034 3866 3626 3946; baseline 0.009 -28"><span class='ocrx_word' id='word_1_594' title='bbox 2034 3866 2271 3922; x_wconf 85' lang='lat' dir='ltr'><strong>diximus</strong></span> <span class='ocrx_word' id='word_1_595' title='bbox 2334 3867 2918 3939; x_wconf 82' lang='lat' dir='ltr'><strong>Tlieglapbalassarum</strong></span> <span class='ocrx_word' id='word_1_596' title='bbox 2974 3873 3402 3946; x_wconf 80' lang='lat' dir='ltr'><strong>alienigenarum</strong></span> <span class='ocrx_word' id='word_1_597' title='bbox 3465 3878 3626 3933; x_wconf 89' lang='lat' dir='ltr'><strong>urbes</strong></span> 
     </span>
    </p>
   </div>
   <div class='ocr_carea' id='block_1_87' title="bbox 2037 3959 3627 4036">
    <p class='ocr_par' dir='ltr' id='par_1_87' title="bbox 2037 3959 3627 4036">
     <span class='ocr_line' id='line_1_87' title="bbox 2037 3959 3627 4036; baseline 0.008 -28"><span class='ocrx_word' id='word_1_598' title='bbox 2037 3964 2303 4025; x_wconf 81' lang='lat' dir='ltr'><strong>vastasse,</strong></span> <span class='ocrx_word' id='word_1_599' title='bbox 2335 3968 2391 4013; x_wconf 90' lang='lat' dir='ltr'><strong>et</strong></span> <span class='ocrx_word' id='word_1_600' title='bbox 2423 3959 2748 4016; x_wconf 82' lang='lat' dir='ltr'><strong>Damascum</strong></span> <span class='ocrx_word' id='word_1_601' title='bbox 2783 3964 2997 4033; x_wconf 87' lang='lat' dir='ltr'><strong>cepisse</strong></span> <span class='ocrx_word' id='word_1_602' title='bbox 3029 3983 3044 4018; x_wconf 89' lang='lat'><strong>:</strong></span> <span class='ocrx_word' id='word_1_603' title='bbox 3075 3967 3198 4020; x_wconf 89' lang='lat' dir='ltr'><strong>dein</strong></span> <span class='ocrx_word' id='word_1_604' title='bbox 3231 3977 3352 4036; x_wconf 92' lang='lat' dir='ltr'><strong>post</strong></span> <span class='ocrx_word' id='word_1_605' title='bbox 3386 3967 3537 4023; x_wconf 90' lang='lat' dir='ltr'><strong>illum</strong></span> <span class='ocrx_word' id='word_1_606' title='bbox 3576 3971 3627 4022; x_wconf 84' lang='lat' dir='ltr'><strong>in</strong></span> 
     </span>
    </p>
   </div>
   <div class='ocr_carea' id='block_1_88' title="bbox 2034 4052 3630 4130">
    <p class='ocr_par' dir='ltr' id='par_1_88' title="bbox 2034 4052 3630 4130">
     <span class='ocr_line' id='line_1_88' title="bbox 2034 4052 3630 4130; baseline 0.006 -24"><span class='ocrx_word' id='word_1_607' title='bbox 2034 4052 2318 4122; x_wconf 80' lang='lat' dir='ltr'><strong>graviores</strong></span> <span class='ocrx_word' id='word_1_608' title='bbox 2340 4069 2436 4108; x_wconf 90' lang='lat' dir='ltr'><strong>eos</strong></span> <span class='ocrx_word' id='word_1_609' title='bbox 2469 4055 2810 4112; x_wconf 86' lang='lat' dir='ltr'><strong>calamitates</strong></span> <span class='ocrx_word' id='word_1_610' title='bbox 2849 4055 3294 4114; x_wconf 85' lang='lat' dir='ltr'><strong>Salmanasarum</strong></span> <span class='ocrx_word' id='word_1_611' title='bbox 3328 4061 3630 4130; x_wconf 82' lang='lat' dir='ltr'><strong>conjecisse</strong></span> 
     </span>
    </p>
   </div>
   <div class='ocr_carea' id='block_1_89' title="bbox 2038 4145 3631 4214">
    <p class='ocr_par' dir='ltr' id='par_1_89' title="bbox 2038 4145 3631 4214">
     <span class='ocr_line' id='line_1_89' title="bbox 2038 4145 3631 4214; baseline 0.006 -18"><span class='ocrx_word' id='word_1_612' title='bbox 2038 4145 2370 4213; x_wconf 81' lang='lat' dir='ltr'><strong>temporibus</strong></span> <span class='ocrx_word' id='word_1_613' title='bbox 2397 4146 2545 4214; x_wconf 80' lang='lat' dir='ltr'><strong>regni</strong></span> <span class='ocrx_word' id='word_1_614' title='bbox 2579 4145 2850 4214; x_wconf 66' lang='lat' dir='ltr'><strong>Ezechiae,</strong></span> <span class='ocrx_word' id='word_1_615' title='bbox 2885 4163 3007 4201; x_wconf 91' lang='lat' dir='ltr'><strong>cum</strong></span> <span class='ocrx_word' id='word_1_616' title='bbox 3031 4150 3506 4206; x_wconf 87' lang='lat' dir='ltr'><strong>Samaritanorum</strong></span> <span class='ocrx_word' id='word_1_617' title='bbox 3535 4169 3631 4206; x_wconf 79' lang='lat' dir='ltr'><strong>ur-</strong></span> 
     </span>
    </p>
   </div>
   <div class='ocr_carea' id='block_1_90' title="bbox 2035 4235 3628 4310">
    <p class='ocr_par' dir='ltr' id='par_1_90' title="bbox 2035 4235 3628 4310">
     <span class='ocr_line' id='line_1_90' title="bbox 2035 4235 3628 4310; baseline 0.006 -21"><span class='ocrx_word' id='word_1_618' title='bbox 2035 4235 2131 4290; x_wconf 84' lang='lat' dir='ltr'><strong>bes</strong></span> <span class='ocrx_word' id='word_1_619' title='bbox 2155 4235 2446 4291; x_wconf 85' lang='lat' dir='ltr'><strong>obsideret.</strong></span> <span class='ocrx_word' id='word_1_620' title='bbox 2469 4237 2634 4303; x_wconf 81' lang='lat' dir='ltr'><strong>Quasi</strong></span> <span class='ocrx_word' id='word_1_621' title='bbox 2669 4239 2812 4294; x_wconf 90' lang='lat' dir='ltr'><strong>enim</strong></span> <span class='ocrx_word' id='word_1_622' title='bbox 2840 4239 2951 4306; x_wconf 89' lang='lat' dir='ltr'><strong>jam</strong></span> <span class='ocrx_word' id='word_1_623' title='bbox 2983 4241 3130 4296; x_wconf 87' lang='lat' dir='ltr'><strong>acies</strong></span> <span class='ocrx_word' id='word_1_624' title='bbox 3162 4242 3433 4298; x_wconf 86' lang='lat' dir='ltr'><strong>instrueta</strong></span> <span class='ocrx_word' id='word_1_625' title='bbox 3457 4256 3628 4310; x_wconf 84' lang='lat' dir='ltr'><strong>esset,</strong></span> 
     </span>
    </p>
   </div>
   <div class='ocr_carea' id='block_1_91' title="bbox 2034 4328 3628 4403">
    <p class='ocr_par' dir='ltr' id='par_1_91' title="bbox 2034 4328 3628 4403">
     <span class='ocr_line' id='line_1_91' title="bbox 2034 4328 3628 4403; baseline 0.005 -21"><span class='ocrx_word' id='word_1_626' title='bbox 2034 4337 2091 4382; x_wconf 93' lang='lat' dir='ltr'><strong>et</strong></span> <span class='ocrx_word' id='word_1_627' title='bbox 2117 4328 2462 4400; x_wconf 88' lang='lat' dir='ltr'><strong>Assyriorum</strong></span> <span class='ocrx_word' id='word_1_628' title='bbox 2513 4331 2729 4386; x_wconf 85' lang='lat' dir='ltr'><strong>adesset</strong></span> <span class='ocrx_word' id='word_1_629' title='bbox 2762 4333 3056 4398; x_wconf 86' lang='lat' dir='ltr'><strong>exercitus,</strong></span> <span class='ocrx_word' id='word_1_630' title='bbox 3084 4335 3240 4403; x_wconf 87' lang='lat' dir='ltr'><strong>quasi</strong></span> <span class='ocrx_word' id='word_1_631' title='bbox 3277 4333 3389 4403; x_wconf 86' lang='lat' dir='ltr'><strong>jam</strong></span> <span class='ocrx_word' id='word_1_632' title='bbox 3417 4335 3628 4400; x_wconf 85' lang='lat' dir='ltr'><strong>hostes,</strong></span> 
     </span>
    </p>
   </div>
   <div class='ocr_carea' id='block_1_92' title="bbox 2036 4421 3629 4496">
    <p class='ocr_par' dir='ltr' id='par_1_92' title="bbox 2036 4421 3629 4496">
     <span class='ocr_line' id='line_1_92' title="bbox 2036 4421 3629 4496; baseline 0.004 -22"><span class='ocrx_word' id='word_1_633' title='bbox 2036 4421 2104 4474; x_wconf 89' lang='lat' dir='ltr'><strong>ad</strong></span> <span class='ocrx_word' id='word_1_634' title='bbox 2135 4432 2321 4491; x_wconf 87' lang='lat' dir='ltr'><strong>portas</strong></span> <span class='ocrx_word' id='word_1_635' title='bbox 2372 4422 2640 4493; x_wconf 86' lang='lat' dir='ltr'><strong>cujusque</strong></span> <span class='ocrx_word' id='word_1_636' title='bbox 2683 4424 2832 4478; x_wconf 89' lang='lat' dir='ltr'><strong>urbis</strong></span> <span class='ocrx_word' id='word_1_637' title='bbox 2881 4423 3128 4490; x_wconf 88' lang='lat' dir='ltr'><strong>adducti,</strong></span> <span class='ocrx_word' id='word_1_638' title='bbox 3155 4425 3386 4496; x_wconf 87' lang='lat' dir='ltr'><strong>jamjam</strong></span> <span class='ocrx_word' id='word_1_639' title='bbox 3429 4427 3629 4482; x_wconf 88' lang='lat' dir='ltr'><strong>intole-</strong></span> 
     </span>
    </p>
   </div>
   <div class='ocr_carea' id='block_1_93' title="bbox 2035 4513 3625 4587">
    <p class='ocr_par' dir='ltr' id='par_1_93' title="bbox 2035 4513 3625 4587">
     <span class='ocr_line' id='line_1_93' title="bbox 2035 4513 3625 4587; baseline 0.006 -23"><span class='ocrx_word' id='word_1_640' title='bbox 2035 4513 2225 4567; x_wconf 87' lang='lat' dir='ltr'><strong>ramlis</strong></span> <span class='ocrx_word' id='word_1_641' title='bbox 2279 4513 2394 4568; x_wconf 87' lang='lat' dir='ltr'><strong>suis</strong></span> <span class='ocrx_word' id='word_1_642' title='bbox 2428 4515 2714 4571; x_wconf 89' lang='lat' dir='ltr'><strong>tormentis</strong></span> <span class='ocrx_word' id='word_1_643' title='bbox 2761 4529 2948 4570; x_wconf 90' lang='lat' dir='ltr'><strong>muros</strong></span> <span class='ocrx_word' id='word_1_644' title='bbox 2993 4527 3278 4584; x_wconf 90' lang='lat' dir='ltr'><strong>percutere</strong></span> <span class='ocrx_word' id='word_1_645' title='bbox 3319 4529 3625 4587; x_wconf 78' lang='lat' dir='ltr'><strong>pararent:</strong></span> 
     </span>
    </p>
   </div>
   <div class='ocr_carea' id='block_1_94' title="bbox 2037 4605 3630 4677">
    <p class='ocr_par' dir='ltr' id='par_1_94' title="bbox 2037 4605 3630 4677">
     <span class='ocr_line' id='line_1_94' title="bbox 2037 4605 3630 4677; baseline 0.004 -17"><span class='ocrx_word' id='word_1_646' title='bbox 2037 4606 2254 4676; x_wconf 87' lang='lat' dir='ltr'><strong>plorare</strong></span> <span class='ocrx_word' id='word_1_647' title='bbox 2291 4605 2446 4675; x_wconf 89' lang='lat' dir='ltr'><strong>jubet</strong></span> <span class='ocrx_word' id='word_1_648' title='bbox 2483 4618 2692 4677; x_wconf 87' lang='lat' dir='ltr'><strong>portas,</strong></span> <span class='ocrx_word' id='word_1_649' title='bbox 2722 4618 2776 4663; x_wconf 92' lang='lat' dir='ltr'><strong>et</strong></span> <span class='ocrx_word' id='word_1_650' title='bbox 2817 4608 3062 4664; x_wconf 89' lang='lat' dir='ltr'><strong>clamare</strong></span> <span class='ocrx_word' id='word_1_651' title='bbox 3126 4610 3310 4676; x_wconf 87' lang='lat' dir='ltr'><strong>urbes,</strong></span> <span class='ocrx_word' id='word_1_652' title='bbox 3352 4627 3457 4665; x_wconf 89' lang='lat' dir='ltr'><strong>non</strong></span> <span class='ocrx_word' id='word_1_653' title='bbox 3518 4629 3630 4666; x_wconf 85' lang='lat' dir='ltr'><strong>am-</strong></span> 
     </span>
    </p>
   </div>
   <div class='ocr_carea' id='block_1_95' title="bbox 309 4686 1930 4775">
    <p class='ocr_par' dir='ltr' id='par_1_95' title="bbox 309 4699 1930 4774">
     <span class='ocr_line' id='line_1_95' title="bbox 309 4699 1930 4774; baseline -0.002 -18"><span class='ocrx_word' id='word_1_654' title='bbox 309 4701 544 4773; x_wconf 82' lang='grc' dir='ltr'>τειχῶν,</span> <span class='ocrx_word' id='word_1_655' title='bbox 577 4743 594 4768; x_wconf 94' lang='grc'><strong>,</strong></span> <span class='ocrx_word' id='word_1_656' title='bbox 625 4704 746 4767; x_wconf 77' lang='grc' dir='ltr'>ταῖς</span> <span class='ocrx_word' id='word_1_657' title='bbox 776 4703 1078 4774; x_wconf 81' lang='grc' dir='ltr'>ὰφορήτοις</span> <span class='ocrx_word' id='word_1_658' title='bbox 1107 4703 1288 4756; x_wconf 79' lang='grc' dir='ltr'>αὐτῶν</span> <span class='ocrx_word' id='word_1_659' title='bbox 1323 4702 1655 4773; x_wconf 79' lang='grc' dir='ltr'>προσϐολαῖς</span> <span class='ocrx_word' id='word_1_660' title='bbox 1681 4717 1694 4732; x_wconf 77' lang='grc' dir='ltr'><strong><em>ο</em></strong></span> <span class='ocrx_word' id='word_1_661' title='bbox 1740 4699 1930 4755; x_wconf 83' lang='grc' dir='ltr'>ὀλολύ-</span> 
     </span>
    </p>
   </div>
   <div class='ocr_carea' id='block_1_96' title="bbox 2033 4686 3627 4775">
    <p class='ocr_par' dir='ltr' id='par_1_96' title="bbox 2036 4698 3627 4775">
     <span class='ocr_line' id='line_1_96' title="bbox 2036 4698 3627 4775; baseline 0.007 -23"><span class='ocrx_word' id='word_1_662' title='bbox 2036 4698 2201 4769; x_wconf 87' lang='lat' dir='ltr'><strong>plins,</strong></span> <span class='ocrx_word' id='word_1_663' title='bbox 2232 4711 2424 4755; x_wconf 90' lang='lat' dir='ltr'><strong>contra</strong></span> <span class='ocrx_word' id='word_1_664' title='bbox 2463 4702 2724 4771; x_wconf 79' lang='lat' dir='ltr'><strong>sanguine</strong></span> <span class='ocrx_word' id='word_1_665' title='bbox 2748 4703 3044 4759; x_wconf 88' lang='lat' dir='ltr'><strong>Israelitico</strong></span> <span class='ocrx_word' id='word_1_666' title='bbox 3070 4715 3271 4772; x_wconf 89' lang='lat' dir='ltr'><strong>cretos,</strong></span> <span class='ocrx_word' id='word_1_667' title='bbox 3307 4705 3627 4775; x_wconf 80' lang='lat' dir='ltr'><strong>gloriantes.</strong></span> 
     </span>
    </p>
   </div>
   <div class='ocr_carea' id='block_1_97' title="bbox 313 4792 1932 4868">
    <p class='ocr_par' dir='ltr' id='par_1_97' title="bbox 313 4792 1932 4868">
     <span class='ocr_line' id='line_1_97' title="bbox 313 4792 1932 4868; baseline -0.001 -20"><span class='ocrx_word' id='word_1_668' title='bbox 313 4796 434 4862; x_wconf 74' lang='grc' dir='ltr'>ζειν</span> <span class='ocrx_word' id='word_1_669' title='bbox 496 4795 600 4868; x_wconf 79' lang='grc' dir='ltr'><strong>μὲν</strong></span> <span class='ocrx_word' id='word_1_670' title='bbox 655 4795 872 4850; x_wconf 86' lang='grc' dir='ltr'>κελεύει</span> <span class='ocrx_word' id='word_1_671' title='bbox 929 4795 1031 4859; x_wconf 83' lang='grc' dir='ltr'>τὰς</span> <span class='ocrx_word' id='word_1_672' title='bbox 1080 4795 1279 4860; x_wconf 85' lang='grc' dir='ltr'>πύλας,</span> <span class='ocrx_word' id='word_1_673' title='bbox 1311 4795 1711 4867; x_wconf 86' lang='grc' dir='ltr'>ἀνακεκράγειν</span> <span class='ocrx_word' id='word_1_674' title='bbox 1743 4794 1800 4847; x_wconf 86' lang='grc' dir='ltr'><strong>δὲ</strong></span> <span class='ocrx_word' id='word_1_675' title='bbox 1833 4792 1932 4857; x_wconf 74' lang='grc' dir='ltr'><strong>τὰς</strong></span> 
     </span>
    </p>
   </div>
   <div class='ocr_carea' id='block_1_98' title="bbox 317 4888 1933 4963">
    <p class='ocr_par' dir='ltr' id='par_1_98' title="bbox 317 4888 1933 4963">
     <span class='ocr_line' id='line_1_98' title="bbox 317 4888 1933 4963; baseline -0.002 -19"><span class='ocrx_word' id='word_1_676' title='bbox 317 4891 537 4955; x_wconf 87' lang='grc' dir='ltr'>πόλεις,</span> <span class='ocrx_word' id='word_1_677' title='bbox 596 4890 698 4944; x_wconf 76' lang='grc' dir='ltr'><strong>οὐκ</strong></span> <span class='ocrx_word' id='word_1_678' title='bbox 763 4889 1179 4963; x_wconf 82' lang='grc' dir='ltr'>ἐπιγαυριώσας</span> <span class='ocrx_word' id='word_1_679' title='bbox 1242 4890 1323 4944; x_wconf 75' lang='grc' dir='ltr'>ἔτι</span> <span class='ocrx_word' id='word_1_680' title='bbox 1387 4893 1502 4954; x_wconf 86' lang='grc' dir='ltr'>τοῖς</span> <span class='ocrx_word' id='word_1_681' title='bbox 1579 4888 1640 4954; x_wconf 78' lang='grc' dir='ltr'>ἐξ</span> <span class='ocrx_word' id='word_1_682' title='bbox 1701 4889 1933 4959; x_wconf 85' lang='grc' dir='ltr'>αἵματος</span> 
     </span>
    </p>
   </div>
   <div class='ocr_carea' id='block_1_99' title="bbox 332 4977 1932 5054">
    <p class='ocr_par' dir='ltr' id='par_1_99' title="bbox 332 4977 1932 5054">
     <span class='ocr_line' id='line_1_99' title="bbox 332 4977 1932 5054; baseline -0.003 -20"><span class='ocrx_word' id='word_1_683' title='bbox 332 4981 579 5054; x_wconf 74' lang='grc' dir='ltr'>Ἰσραὴλ,</span> <span class='ocrx_word' id='word_1_684' title='bbox 623 4981 745 5053; x_wconf 79' lang='grc' dir='ltr'>οὐχὶ</span> <span class='ocrx_word' id='word_1_685' title='bbox 782 4983 883 5053; x_wconf 79' lang='grc' dir='ltr'>τὴν</span> <span class='ocrx_word' id='word_1_686' title='bbox 926 4981 1022 5036; x_wconf 82' lang='grc' dir='ltr'>τοῦ</span> <span class='ocrx_word' id='word_1_687' title='bbox 1058 4982 1238 5035; x_wconf 84' lang='grc' dir='ltr'>πάντα</span> <span class='ocrx_word' id='word_1_688' title='bbox 1282 4979 1560 5052; x_wconf 83' lang='grc' dir='ltr'>ἰσχύοντος</span> <span class='ocrx_word' id='word_1_689' title='bbox 1588 4977 1725 5034; x_wconf 87' lang='grc' dir='ltr'><strong>Θεοῦ</strong></span> <span class='ocrx_word' id='word_1_690' title='bbox 1760 4995 1932 5032; x_wconf 81' lang='grc' dir='ltr'>κατα·</span> 
     </span>
    </p>
   </div>
   <div class='ocr_carea' id='block_1_100' title="bbox 320 5071 1934 5146">
    <p class='ocr_par' dir='ltr' id='par_1_100' title="bbox 320 5071 1934 5146">
     <span class='ocr_line' id='line_1_100' title="bbox 320 5071 1934 5146; baseline -0.005 -18"><span class='ocrx_word' id='word_1_691' title='bbox 320 5072 707 5146; x_wconf 85' lang='grc' dir='ltr'>κερτομούσας</span> <span class='ocrx_word' id='word_1_692' title='bbox 732 5073 914 5138; x_wconf 79' lang='grc' dir='ltr'>δόξαν,</span> <span class='ocrx_word' id='word_1_693' title='bbox 946 5073 1008 5127; x_wconf 85' lang='grc' dir='ltr'><strong>ού</strong></span> <span class='ocrx_word' id='word_1_694' title='bbox 1046 5073 1304 5128; x_wconf 87' lang='grc' dir='ltr'>τεθνεῶτι</span> <span class='ocrx_word' id='word_1_695' title='bbox 1331 5071 1410 5143; x_wconf 79' lang='grc' dir='ltr'><strong>τῷ</strong></span> <span class='ocrx_word' id='word_1_696' title='bbox 1443 5071 1620 5143; x_wconf 80' lang='grc' dir='ltr'>Ἀχαζ</span> <span class='ocrx_word' id='word_1_697' title='bbox 1667 5071 1934 5141; x_wconf 79' lang='grc' dir='ltr'>ἐπορχού-</span> 
     </span>
    </p>
   </div>
   <div class='ocr_carea' id='block_1_101' title="bbox 313 5163 1928 5242">
    <p class='ocr_par' dir='ltr' id='par_1_101' title="bbox 313 5163 1928 5242">
     <span class='ocr_line' id='line_1_101' title="bbox 313 5163 1928 5242; baseline -0.004 -19"><span class='ocrx_word' id='word_1_698' title='bbox 313 5172 520 5242; x_wconf 81' lang='grc' dir='ltr'>μένας,</span> <span class='ocrx_word' id='word_1_699' title='bbox 550 5167 871 5240; x_wconf 85' lang='grc' dir='ltr'>μελετώσας</span> <span class='ocrx_word' id='word_1_700' title='bbox 889 5168 947 5221; x_wconf 84' lang='grc' dir='ltr'><strong>δὲ</strong></span> <span class='ocrx_word' id='word_1_701' title='bbox 977 5168 1180 5240; x_wconf 81' lang='grc' dir='ltr'>μᾶλλον</span> <span class='ocrx_word' id='word_1_702' title='bbox 1211 5167 1427 5240; x_wconf 84' lang='grc' dir='ltr'>κομμόν</span> <span class='ocrx_word' id='word_1_703' title='bbox 1449 5183 1510 5218; x_wconf 88' lang='grc' dir='ltr'><strong>τε</strong></span> <span class='ocrx_word' id='word_1_704' title='bbox 1543 5165 1641 5219; x_wconf 72' lang='grc' dir='ltr'>καὶ</span> <span class='ocrx_word' id='word_1_705' title='bbox 1671 5163 1928 5236; x_wconf 89' lang='grc' dir='ltr'>θρήνους,</span> 
     </span>
    </p>
   </div>
   <div class='ocr_carea' id='block_1_102' title="bbox 309 5255 1928 5332">
    <p class='ocr_par' dir='ltr' id='par_1_102' title="bbox 309 5255 1928 5332">
     <span class='ocr_line' id='line_1_102' title="bbox 309 5255 1928 5332; baseline -0.005 -18"><span class='ocrx_word' id='word_1_706' title='bbox 309 5261 416 5314; x_wconf 71' lang='grc' dir='ltr'><strong>καὶ</strong></span> <span class='ocrx_word' id='word_1_707' title='bbox 460 5263 586 5325; x_wconf 89' lang='grc' dir='ltr'>ταῖς</span> <span class='ocrx_word' id='word_1_708' title='bbox 634 5260 759 5314; x_wconf 83' lang='grc' dir='ltr'>ὅσον</span> <span class='ocrx_word' id='word_1_709' title='bbox 814 5259 1029 5314; x_wconf 82' lang='grc' dir='ltr'>οὐδέπω</span> <span class='ocrx_word' id='word_1_710' title='bbox 1083 5259 1491 5332; x_wconf 77' lang='grc' dir='ltr'>παρεσομέναις</span> <span class='ocrx_word' id='word_1_711' title='bbox 1537 5257 1841 5328; x_wconf 81' lang='grc' dir='ltr'>συμφοραῖς</span> <span class='ocrx_word' id='word_1_712' title='bbox 1869 5255 1928 5307; x_wconf 79' lang='grc' dir='ltr'><strong>ού</strong></span> 
     </span>
    </p>
   </div>
   <div class='ocr_carea' id='block_1_103' title="bbox 314 5348 1933 5425">
    <p class='ocr_par' dir='ltr' id='par_1_103' title="bbox 314 5348 1933 5425">
     <span class='ocr_line' id='line_1_103' title="bbox 314 5348 1933 5425; baseline -0.004 -20"><span class='ocrx_word' id='word_1_713' title='bbox 314 5353 566 5425; x_wconf 86' lang='grc' dir='ltr'>μετρίως</span> <span class='ocrx_word' id='word_1_714' title='bbox 591 5352 1122 5422; x_wconf 81' lang='grc' dir='ltr'>ἐπιστυγναζούσας.</span> <span class='ocrx_word' id='word_1_715' title='bbox 1165 5352 1306 5406; x_wconf 81' lang='grc' dir='ltr'>Ἀνθ’</span> <span class='ocrx_word' id='word_1_716' title='bbox 1343 5353 1465 5405; x_wconf 83' lang='grc' dir='ltr'>ὅτου</span> <span class='ocrx_word' id='word_1_717' title='bbox 1501 5349 1610 5420; x_wconf 82' lang='grc' dir='ltr'>γὰρ</span> <span class='ocrx_word' id='word_1_718' title='bbox 1653 5348 1720 5420; x_wconf 79' lang='grc' dir='ltr'>δὴ</span> <span class='ocrx_word' id='word_1_719' title='bbox 1761 5363 1933 5418; x_wconf 83' lang='grc' dir='ltr'>προσ-</span> 
     </span>
    </p>
   </div>
   <div class='ocr_carea' id='block_1_104' title="bbox 309 5438 1933 5516">
    <p class='ocr_par' dir='ltr' id='par_1_104' title="bbox 309 5438 1933 5516">
     <span class='ocr_line' id='line_1_104' title="bbox 309 5438 1933 5516; baseline -0.004 -20"><span class='ocrx_word' id='word_1_720' title='bbox 309 5444 554 5514; x_wconf 77' lang='grc' dir='ltr'>τέταχα,</span> <span class='ocrx_word' id='word_1_721' title='bbox 587 5444 779 5516; x_wconf 76' lang='grc' dir='ltr'>φησὶν,</span> <span class='ocrx_word' id='word_1_722' title='bbox 815 5443 1148 5516; x_wconf 75' lang='grc' dir='ltr'>ἀνοιμώζειν</span> <span class='ocrx_word' id='word_1_723' title='bbox 1200 5445 1301 5508; x_wconf 83' lang='grc' dir='ltr'><strong>τὰς</strong></span> <span class='ocrx_word' id='word_1_724' title='bbox 1355 5443 1561 5506; x_wconf 86' lang='grc' dir='ltr'>πόλεις,</span> <span class='ocrx_word' id='word_1_725' title='bbox 1608 5441 1690 5494; x_wconf 80' lang='grc' dir='ltr'>ὅτι</span> <span class='ocrx_word' id='word_1_726' title='bbox 1726 5438 1933 5501; x_wconf 82' lang='grc' dir='ltr'>καπνὸς</span> 
     </span>
    </p>
   </div>
   <div class='ocr_carea' id='block_1_105' title="bbox 311 5531 1928 5609">
    <p class='ocr_par' dir='ltr' id='par_1_105' title="bbox 311 5531 1928 5609">
     <span class='ocr_line' id='line_1_105' title="bbox 311 5531 1928 5609; baseline -0.007 -13"><span class='ocrx_word' id='word_1_727' title='bbox 311 5537 431 5592; x_wconf 80' lang='grc' dir='ltr'>ἀπὸ</span> <span class='ocrx_word' id='word_1_728' title='bbox 460 5536 640 5609; x_wconf 79' lang='grc' dir='ltr'><strong>βορρᾶ</strong></span> <span class='ocrx_word' id='word_1_729' title='bbox 672 5537 917 5609; x_wconf 71' lang='grc' dir='ltr'>ἔρχεται,</span> <span class='ocrx_word' id='word_1_730' title='bbox 945 5540 1038 5592; x_wconf 71' lang='grc' dir='ltr'><strong>καὶ</strong></span> <span class='ocrx_word' id='word_1_731' title='bbox 1065 5540 1168 5592; x_wconf 85' lang='grc' dir='ltr'><strong>οὐκ</strong></span> <span class='ocrx_word' id='word_1_732' title='bbox 1235 5538 1350 5592; x_wconf 78' lang='grc' dir='ltr'>ἐστι</span> <span class='ocrx_word' id='word_1_733' title='bbox 1383 5536 1477 5590; x_wconf 77' lang='grc' dir='ltr'>τοῦ</span> <span class='ocrx_word' id='word_1_734' title='bbox 1516 5531 1676 5588; x_wconf 85' lang='grc' dir='ltr'>εἷναι.</span> <span class='ocrx_word' id='word_1_735' title='bbox 1707 5533 1928 5588; x_wconf 79' lang='grc' dir='ltr'>Καπνὸν</span> 
     </span>
    </p>
   </div>
   <div class='ocr_carea' id='block_1_106' title="bbox 310 5624 1926 5702">
    <p class='ocr_par' dir='ltr' id='par_1_106' title="bbox 310 5624 1926 5702">
     <span class='ocr_line' id='line_1_106' title="bbox 310 5624 1926 5702; baseline -0.004 -21"><span class='ocrx_word' id='word_1_736' title='bbox 310 5630 378 5681; x_wconf 79' lang='grc' dir='ltr'><strong>ἐν</strong></span> <span class='ocrx_word' id='word_1_737' title='bbox 414 5625 632 5691; x_wconf 87' lang='grc' dir='ltr'>τούτοις</span> <span class='ocrx_word' id='word_1_738' title='bbox 660 5629 751 5681; x_wconf 82' lang='grc' dir='ltr'><strong>τὸν</strong></span> <span class='ocrx_word' id='word_1_739' title='bbox 775 5630 884 5682; x_wconf 80' lang='grc' dir='ltr'><strong>ἀπὸ</strong></span> <span class='ocrx_word' id='word_1_740' title='bbox 915 5628 1112 5702; x_wconf 61' lang='grc' dir='ltr'>βορρᾶ,</span> <span class='ocrx_word' id='word_1_741' title='bbox 1141 5630 1234 5684; x_wconf 84' lang='grc' dir='ltr'><strong>τὸν</strong></span> <span class='ocrx_word' id='word_1_742' title='bbox 1256 5632 1318 5683; x_wconf 82' lang='grc' dir='ltr'><strong>ἐκ</strong></span> <span class='ocrx_word' id='word_1_743' title='bbox 1338 5633 1438 5701; x_wconf 77' lang='grc' dir='ltr'><strong>τῆς</strong></span> <span class='ocrx_word' id='word_1_744' title='bbox 1489 5624 1792 5698; x_wconf 82' lang='grc' dir='ltr'>Ἀσσυρίων</span> <span class='ocrx_word' id='word_1_745' title='bbox 1822 5624 1926 5695; x_wconf 82' lang='grc' dir='ltr'><strong>γῆς</strong></span> 
     </span>
    </p>
   </div>
   <div class='ocr_carea' id='block_1_107' title="bbox 313 5717 1926 5795">
    <p class='ocr_par' dir='ltr' id='par_1_107' title="bbox 313 5717 1926 5795">
     <span class='ocr_line' id='line_1_107' title="bbox 313 5717 1926 5795; baseline -0.002 -22"><span class='ocrx_word' id='word_1_746' title='bbox 313 5718 651 5791; x_wconf 71' lang='grc' dir='ltr'>ὁρμώμενον</span> <span class='ocrx_word' id='word_1_747' title='bbox 672 5721 950 5793; x_wconf 78' lang='grc' dir='ltr'>ὀνομάζει,</span> <span class='ocrx_word' id='word_1_748' title='bbox 998 5723 1032 5795; x_wconf 84' lang='grc' dir='ltr'><strong>ἧ</strong></span> <span class='ocrx_word' id='word_1_749' title='bbox 1088 5723 1253 5778; x_wconf 72' lang='grc' dir='ltr'>αὑτὸν</span> <span class='ocrx_word' id='word_1_750' title='bbox 1283 5723 1374 5777; x_wconf 75' lang='grc' dir='ltr'>τὸν</span> <span class='ocrx_word' id='word_1_751' title='bbox 1407 5719 1834 5792; x_wconf 70' lang='grc' dir='ltr'>Σαλαμανασὰρ,</span> <span class='ocrx_word' id='word_1_752' title='bbox 1893 5717 1926 5786; x_wconf 79' lang='grc' dir='ltr'><strong>ἦ</strong></span> 
     </span>
    </p>
   </div>
   <div class='ocr_carea' id='block_1_108' title="bbox 313 5812 1928 5890">
    <p class='ocr_par' dir='ltr' id='par_1_108' title="bbox 313 5812 1928 5890">
     <span class='ocr_line' id='line_1_108' title="bbox 313 5812 1928 5890; baseline -0.002 -22"><span class='ocrx_word' id='word_1_753' title='bbox 313 5815 424 5888; x_wconf 75' lang='grc' dir='ltr'><strong>τὴν</strong></span> <span class='ocrx_word' id='word_1_754' title='bbox 477 5813 752 5870; x_wconf 83' lang='grc' dir='ltr'>συνοῦσαν</span> <span class='ocrx_word' id='word_1_755' title='bbox 806 5816 958 5888; x_wconf 81' lang='grc' dir='ltr'>αὐτῷ</span> <span class='ocrx_word' id='word_1_756' title='bbox 1004 5817 1286 5890; x_wconf 81' lang='grc' dir='ltr'>στρατιάν.</span> <span class='ocrx_word' id='word_1_757' title='bbox 1331 5814 1649 5884; x_wconf 75' lang='grc' dir='ltr'>Νοτιωτάτη</span> <span class='ocrx_word' id='word_1_758' title='bbox 1684 5813 1783 5884; x_wconf 79' lang='grc' dir='ltr'><strong>μὲν</strong></span> <span class='ocrx_word' id='word_1_759' title='bbox 1820 5812 1928 5883; x_wconf 79' lang='grc' dir='ltr'><strong>γάρ</strong></span> 
     </span>
    </p>
   </div>
   <div class='ocr_carea' id='block_1_109' title="bbox 657 5911 1333 5977">
    <p class='ocr_par' dir='ltr' id='par_1_109' title="bbox 657 5911 1333 5977">
     <span class='ocr_line' id='line_1_109' title="bbox 657 5911 1333 5977; baseline 0.009 -6"><span class='ocrx_word' id='word_1_760' title='bbox 657 5911 924 5974; x_wconf 64' lang='grc' dir='ltr'>Ριτιιοι..</span> <span class='ocrx_word' id='word_1_761' title='bbox 977 5913 1098 5973; x_wconf 81' lang='lat' dir='ltr'><strong>Gn.</strong></span> <span class='ocrx_word' id='word_1_762' title='bbox 1139 5912 1333 5977; x_wconf 78' lang='lat' dir='ltr'><strong>LXX.</strong></span> 
     </span>
    </p>
   </div>
   <div class='ocr_carea' id='block_1_110' title="bbox 2033 4793 3629 4866">
    <p class='ocr_par' dir='ltr' id='par_1_110' title="bbox 2033 4793 3629 4866">
     <span class='ocr_line' id='line_1_110' title="bbox 2033 4793 3629 4866; baseline 0.005 -20"><span class='ocrx_word' id='word_1_763' title='bbox 2033 4808 2140 4846; x_wconf 85' lang='lat' dir='ltr'><strong>non</strong></span> <span class='ocrx_word' id='word_1_764' title='bbox 2169 4793 2557 4864; x_wconf 87' lang='lat' dir='ltr'><strong>oumiputcntis</strong></span> <span class='ocrx_word' id='word_1_765' title='bbox 2586 4796 2680 4850; x_wconf 91' lang='lat' dir='ltr'><strong>Dei</strong></span> <span class='ocrx_word' id='word_1_766' title='bbox 2716 4795 3053 4866; x_wconf 87' lang='lat' dir='ltr'><strong>majestatem</strong></span> <span class='ocrx_word' id='word_1_767' title='bbox 3083 4799 3347 4853; x_wconf 86' lang='lat' dir='ltr'><strong>conviciis</strong></span> <span class='ocrx_word' id='word_1_768' title='bbox 3373 4809 3428 4852; x_wconf 87' lang='lat' dir='ltr'><strong>et</strong></span> <span class='ocrx_word' id='word_1_769' title='bbox 3457 4798 3629 4854; x_wconf 88' lang='lat' dir='ltr'><strong>dicte-</strong></span> 
     </span>
    </p>
   </div>
   <div class='ocr_carea' id='block_1_111' title="bbox 2037 4885 3628 4956">
    <p class='ocr_par' dir='ltr' id='par_1_111' title="bbox 2037 4885 3628 4956">
     <span class='ocr_line' id='line_1_111' title="bbox 2037 4885 3628 4956; baseline 0.005 -16"><span class='ocrx_word' id='word_1_770' title='bbox 2037 4886 2132 4941; x_wconf 93' lang='lat' dir='ltr'><strong>riis</strong></span> <span class='ocrx_word' id='word_1_771' title='bbox 2169 4885 2607 4956; x_wconf 88' lang='lat' dir='ltr'><strong>proscindentes,</strong></span> <span class='ocrx_word' id='word_1_772' title='bbox 2642 4903 2753 4943; x_wconf 90' lang='lat' dir='ltr'><strong>non</strong></span> <span class='ocrx_word' id='word_1_773' title='bbox 2804 4890 2870 4943; x_wconf 91' lang='lat' dir='ltr'><strong>de</strong></span> <span class='ocrx_word' id='word_1_774' title='bbox 2907 4899 3122 4946; x_wconf 89' lang='lat' dir='ltr'><strong>mortuo</strong></span> <span class='ocrx_word' id='word_1_775' title='bbox 3167 4891 3392 4951; x_wconf 85' lang='lat' dir='ltr'><strong>Aehazo</strong></span> <span class='ocrx_word' id='word_1_776' title='bbox 3453 4893 3628 4948; x_wconf 83' lang='lat' dir='ltr'><strong>insul-</strong></span> 
     </span>
    </p>
   </div>
   <div class='ocr_carea' id='block_1_112' title="bbox 2035 4975 3631 5048">
    <p class='ocr_par' dir='ltr' id='par_1_112' title="bbox 2035 4975 3631 5048">
     <span class='ocr_line' id='line_1_112' title="bbox 2035 4975 3631 5048; baseline 0.006 -19"><span class='ocrx_word' id='word_1_777' title='bbox 2035 4984 2236 5040; x_wconf 88' lang='lat' dir='ltr'><strong>tantes,</strong></span> <span class='ocrx_word' id='word_1_778' title='bbox 2266 4975 2360 5030; x_wconf 86' lang='lat' dir='ltr'><strong>sed</strong></span> <span class='ocrx_word' id='word_1_779' title='bbox 2390 4976 2653 5047; x_wconf 81' lang='lat' dir='ltr'><strong>tragicum</strong></span> <span class='ocrx_word' id='word_1_780' title='bbox 2702 4979 2883 5048; x_wconf 88' lang='lat' dir='ltr'><strong>potius</strong></span> <span class='ocrx_word' id='word_1_781' title='bbox 2922 4978 3126 5035; x_wconf 91' lang='lat' dir='ltr'><strong>luctum</strong></span> <span class='ocrx_word' id='word_1_782' title='bbox 3159 4991 3214 5036; x_wconf 90' lang='lat' dir='ltr'><strong>et</strong></span> <span class='ocrx_word' id='word_1_783' title='bbox 3238 4981 3474 5038; x_wconf 90' lang='lat' dir='ltr'><strong>lamenta</strong></span> <span class='ocrx_word' id='word_1_784' title='bbox 3517 5000 3631 5038; x_wconf 88' lang='lat' dir='ltr'><strong>me-</strong></span> 
     </span>
    </p>
   </div>
   <div class='ocr_carea' id='block_1_113' title="bbox 2037 5068 3632 5143">
    <p class='ocr_par' dir='ltr' id='par_1_113' title="bbox 2037 5068 3632 5143">
     <span class='ocr_line' id='line_1_113' title="bbox 2037 5068 3632 5143; baseline 0.005 -21"><span class='ocrx_word' id='word_1_785' title='bbox 2037 5069 2297 5133; x_wconf 83' lang='lat' dir='ltr'><strong>ditantes,</strong></span> <span class='ocrx_word' id='word_1_786' title='bbox 2325 5076 2381 5122; x_wconf 90' lang='lat' dir='ltr'><strong>et</strong></span> <span class='ocrx_word' id='word_1_787' title='bbox 2427 5083 2494 5123; x_wconf 81' lang='lat' dir='ltr'><strong>ex</strong></span> <span class='ocrx_word' id='word_1_788' title='bbox 2535 5068 2770 5125; x_wconf 87' lang='lat' dir='ltr'><strong>miseriis</strong></span> <span class='ocrx_word' id='word_1_789' title='bbox 2807 5070 3034 5140; x_wconf 87' lang='lat' dir='ltr'><strong>jamjam</strong></span> <span class='ocrx_word' id='word_1_790' title='bbox 3079 5075 3438 5143; x_wconf 64' lang='lat' dir='ltr'><strong>praesentibus</strong></span> <span class='ocrx_word' id='word_1_791' title='bbox 3483 5075 3632 5130; x_wconf 88' lang='lat' dir='ltr'><strong>haud</strong></span> 
     </span>
    </p>
   </div>
   <div class='ocr_carea' id='block_1_114' title="bbox 2031 5159 3632 5240">
    <p class='ocr_par' dir='ltr' id='par_1_114' title="bbox 2031 5159 3632 5240">
     <span class='ocr_line' id='line_1_114' title="bbox 2031 5159 3632 5240; baseline 0.006 -26"><span class='ocrx_word' id='word_1_792' title='bbox 2031 5159 2136 5215; x_wconf 88' lang='lat' dir='ltr'><strong>levi</strong></span> <span class='ocrx_word' id='word_1_793' title='bbox 2177 5159 2362 5215; x_wconf 89' lang='lat' dir='ltr'><strong>dolore</strong></span> <span class='ocrx_word' id='word_1_794' title='bbox 2406 5160 2704 5217; x_wconf 85' lang='lat' dir='ltr'><strong>confectas.</strong></span> <span class='ocrx_word' id='word_1_795' title='bbox 2744 5162 3038 5234; x_wconf 86' lang='lat' dir='ltr'><strong>Propterea</strong></span> <span class='ocrx_word' id='word_1_796' title='bbox 3079 5166 3250 5232; x_wconf 88' lang='lat' dir='ltr'><strong>enim,</strong></span> <span class='ocrx_word' id='word_1_797' title='bbox 3293 5166 3488 5238; x_wconf 90' lang='lat' dir='ltr'><strong>inquit,</strong></span> <span class='ocrx_word' id='word_1_798' title='bbox 3520 5169 3632 5240; x_wconf 89' lang='lat' dir='ltr'><strong>plo-</strong></span> 
     </span>
    </p>
   </div>
   <div class='ocr_carea' id='block_1_115' title="bbox 2035 5251 3633 5329">
    <p class='ocr_par' dir='ltr' id='par_1_115' title="bbox 2035 5251 3633 5329">
     <span class='ocr_line' id='line_1_115' title="bbox 2035 5251 3633 5329; baseline 0.006 -21"><span class='ocrx_word' id='word_1_799' title='bbox 2035 5270 2158 5308; x_wconf 89' lang='lat' dir='ltr'><strong>rare</strong></span> <span class='ocrx_word' id='word_1_800' title='bbox 2187 5255 2352 5310; x_wconf 87' lang='lat' dir='ltr'><strong>urbes</strong></span> <span class='ocrx_word' id='word_1_801' title='bbox 2379 5251 2540 5322; x_wconf 90' lang='lat' dir='ltr'><strong>jussi,</strong></span> <span class='ocrx_word' id='word_1_802' title='bbox 2563 5257 2694 5325; x_wconf 87' lang='lat' dir='ltr'><strong>quia</strong></span> <span class='ocrx_word' id='word_1_803' title='bbox 2738 5255 2922 5312; x_wconf 82' lang='lat' dir='ltr'><strong>fumus</strong></span> <span class='ocrx_word' id='word_1_804' title='bbox 2948 5259 3017 5314; x_wconf 89' lang='lat' dir='ltr'><strong>ab</strong></span> <span class='ocrx_word' id='word_1_805' title='bbox 3068 5259 3337 5329; x_wconf 82' lang='lat' dir='ltr'><strong>Aquilone</strong></span> <span class='ocrx_word' id='word_1_806' title='bbox 3375 5262 3544 5327; x_wconf 85' lang='lat' dir='ltr'><strong>venit,</strong></span> <span class='ocrx_word' id='word_1_807' title='bbox 3577 5273 3633 5317; x_wconf 89' lang='lat' dir='ltr'><strong>et</strong></span> 
     </span>
    </p>
   </div>
   <div class='ocr_carea' id='block_1_116' title="bbox 2035 5347 3631 5424">
    <p class='ocr_par' dir='ltr' id='par_1_116' title="bbox 2035 5347 3631 5424">
     <span class='ocr_line' id='line_1_116' title="bbox 2035 5347 3631 5424; baseline 0.003 -22"><span class='ocrx_word' id='word_1_808' title='bbox 2035 5363 2142 5402; x_wconf 91' lang='lat' dir='ltr'><strong>non</strong></span> <span class='ocrx_word' id='word_1_809' title='bbox 2171 5356 2256 5402; x_wconf 90' lang='lat' dir='ltr'><strong>est</strong></span> <span class='ocrx_word' id='word_1_810' title='bbox 2302 5357 2362 5400; x_wconf 92' lang='lat' dir='ltr'><strong>ut</strong></span> <span class='ocrx_word' id='word_1_811' title='bbox 2395 5347 2487 5401; x_wconf 93' lang='lat' dir='ltr'><strong>sit.</strong></span> <span class='ocrx_word' id='word_1_812' title='bbox 2519 5348 2750 5403; x_wconf 86' lang='lat' dir='ltr'><strong>Fumum</strong></span> <span class='ocrx_word' id='word_1_813' title='bbox 2786 5351 2840 5405; x_wconf 93' lang='lat' dir='ltr'><strong>in</strong></span> <span class='ocrx_word' id='word_1_814' title='bbox 2879 5351 2964 5406; x_wconf 81' lang='lat' dir='ltr'><strong>liis</strong></span> <span class='ocrx_word' id='word_1_815' title='bbox 2995 5354 3063 5407; x_wconf 90' lang='lat' dir='ltr'><strong>ab</strong></span> <span class='ocrx_word' id='word_1_816' title='bbox 3094 5353 3366 5424; x_wconf 81' lang='lat' dir='ltr'><strong>Aquilone</strong></span> <span class='ocrx_word' id='word_1_817' title='bbox 3404 5355 3631 5407; x_wconf 88' lang='lat' dir='ltr'><strong>venien—</strong></span> 
     </span>
    </p>
   </div>
   <div class='ocr_carea' id='block_1_117' title="bbox 2036 5440 3630 5515">
    <p class='ocr_par' dir='ltr' id='par_1_117' title="bbox 2036 5440 3630 5515">
     <span class='ocr_line' id='line_1_117' title="bbox 2036 5440 3630 5515; baseline 0.003 -21"><span class='ocrx_word' id='word_1_818' title='bbox 2036 5450 2144 5494; x_wconf 91' lang='lat' dir='ltr'><strong>tem</strong></span> <span class='ocrx_word' id='word_1_819' title='bbox 2199 5441 2351 5509; x_wconf 91' lang='lat' dir='ltr'><strong>dicit,</strong></span> <span class='ocrx_word' id='word_1_820' title='bbox 2376 5440 2459 5495; x_wconf 87' lang='lat' dir='ltr'><strong>vel</strong></span> <span class='ocrx_word' id='word_1_821' title='bbox 2488 5441 2665 5511; x_wconf 91' lang='lat' dir='ltr'><strong>ipsum</strong></span> <span class='ocrx_word' id='word_1_822' title='bbox 2712 5443 3160 5502; x_wconf 87' lang='lat' dir='ltr'><strong>Salmanasarum</strong></span> <span class='ocrx_word' id='word_1_823' title='bbox 3190 5464 3257 5503; x_wconf 83' lang='lat' dir='ltr'><strong>ex</strong></span> <span class='ocrx_word' id='word_1_824' title='bbox 3285 5459 3427 5502; x_wconf 89' lang='lat' dir='ltr'><strong>terra</strong></span> <span class='ocrx_word' id='word_1_825' title='bbox 3457 5448 3630 5515; x_wconf 78' lang='lat' dir='ltr'><strong>Assy-</strong></span> 
     </span>
    </p>
   </div>
   <div class='ocr_carea' id='block_1_118' title="bbox 2038 5536 3632 5611">
    <p class='ocr_par' dir='ltr' id='par_1_118' title="bbox 2038 5536 3632 5611">
     <span class='ocr_line' id='line_1_118' title="bbox 2038 5536 3632 5611; baseline 0.001 -23"><span class='ocrx_word' id='word_1_826' title='bbox 2038 5536 2242 5588; x_wconf 89' lang='lat' dir='ltr'><strong>riormn</strong></span> <span class='ocrx_word' id='word_1_827' title='bbox 2289 5546 2756 5604; x_wconf 88' lang='lat' dir='ltr'><strong>prornmpentem,</strong></span> <span class='ocrx_word' id='word_1_828' title='bbox 2797 5539 2880 5592; x_wconf 90' lang='lat' dir='ltr'><strong>vel</strong></span> <span class='ocrx_word' id='word_1_829' title='bbox 2918 5537 3084 5611; x_wconf 71' lang='grc'><strong>246</strong></span> <span class='ocrx_word' id='word_1_830' title='bbox 3116 5541 3358 5610; x_wconf 88' lang='lat' dir='ltr'><strong>quicum</strong></span> <span class='ocrx_word' id='word_1_831' title='bbox 3409 5551 3475 5592; x_wconf 87' lang='lat' dir='ltr'><strong>eo</strong></span> <span class='ocrx_word' id='word_1_832' title='bbox 3512 5549 3632 5592; x_wconf 84' lang='lat' dir='ltr'><strong>erat</strong></span> 
     </span>
    </p>
   </div>
   <div class='ocr_carea' id='block_1_119' title="bbox 2035 5625 3631 5684">
    <p class='ocr_par' dir='ltr' id='par_1_119' title="bbox 2035 5625 3631 5684">
     <span class='ocr_line' id='line_1_119' title="bbox 2035 5625 3631 5684; baseline 0.003 -7"><span class='ocrx_word' id='word_1_833' title='bbox 2035 5625 2358 5680; x_wconf 76' lang='lat' dir='ltr'><strong>exercitum.</strong></span> <span class='ocrx_word' id='word_1_834' title='bbox 2393 5626 2662 5682; x_wconf 89' lang='lat' dir='ltr'><strong>Australis</strong></span> <span class='ocrx_word' id='word_1_835' title='bbox 2703 5629 2850 5683; x_wconf 83' lang='lat' dir='ltr'><strong>enim</strong></span> <span class='ocrx_word' id='word_1_836' title='bbox 2903 5635 3138 5683; x_wconf 84' lang='lat' dir='ltr'><strong>maxime</strong></span> <span class='ocrx_word' id='word_1_837' title='bbox 3195 5638 3280 5684; x_wconf 91' lang='lat' dir='ltr'><strong>est</strong></span> <span class='ocrx_word' id='word_1_838' title='bbox 3321 5625 3631 5682; x_wconf 70' lang='lat' dir='ltr'><strong>Judarorum</strong></span> 
     </span>
    </p>
   </div>
   <div class='ocr_carea' id='block_1_120' title="bbox 2041 5718 3633 5792">
    <p class='ocr_par' dir='ltr' id='par_1_120' title="bbox 2041 5718 3633 5792">
     <span class='ocr_line' id='line_1_120' title="bbox 2041 5718 3633 5792; baseline 0.001 -23"><span class='ocrx_word' id='word_1_839' title='bbox 2041 5720 2210 5786; x_wconf 83' lang='lat' dir='ltr'><strong>regio,</strong></span> <span class='ocrx_word' id='word_1_840' title='bbox 2246 5718 2416 5789; x_wconf 76' lang='lat' dir='ltr'><strong>magis</strong></span> <span class='ocrx_word' id='word_1_841' title='bbox 2444 5729 2625 5773; x_wconf 89' lang='lat' dir='ltr'><strong>autem</strong></span> <span class='ocrx_word' id='word_1_842' title='bbox 2657 5721 3009 5788; x_wconf 88' lang='lat' dir='ltr'><strong>Aquilonaris</strong></span> <span class='ocrx_word' id='word_1_843' title='bbox 3049 5721 3414 5792; x_wconf 81' lang='lat' dir='ltr'><strong>Assyriorum.</strong></span> <span class='ocrx_word' id='word_1_844' title='bbox 3461 5719 3633 5775; x_wconf 85' lang='lat' dir='ltr'><strong>Fumo</strong></span> 
     </span>
    </p>
   </div>
   <div class='ocr_carea' id='block_1_121' title="bbox 2042 5812 3632 5885">
    <p class='ocr_par' dir='ltr' id='par_1_121' title="bbox 2042 5812 3632 5885">
     <span class='ocr_line' id='line_1_121' title="bbox 2042 5812 3632 5885; baseline 0.004 -21"><span class='ocrx_word' id='word_1_845' title='bbox 2042 5825 2223 5867; x_wconf 87' lang='lat' dir='ltr'><strong>autem</strong></span> <span class='ocrx_word' id='word_1_846' title='bbox 2267 5812 2525 5869; x_wconf 88' lang='lat' dir='ltr'><strong>bellacem</strong></span> <span class='ocrx_word' id='word_1_847' title='bbox 2565 5816 2864 5870; x_wconf 78' lang='lat' dir='ltr'><strong>exercitum</strong></span> <span class='ocrx_word' id='word_1_848' title='bbox 2902 5825 3201 5885; x_wconf 87' lang='lat' dir='ltr'><strong>comparat,</strong></span> <span class='ocrx_word' id='word_1_849' title='bbox 3243 5816 3424 5885; x_wconf 88' lang='lat' dir='ltr'><strong>utqui</strong></span> <span class='ocrx_word' id='word_1_850' title='bbox 3487 5816 3632 5870; x_wconf 86' lang='lat' dir='ltr'><strong>velut</strong></span> 
     </span>
    </p>
   </div>
   <div class='ocr_carea' id='block_1_122' title="bbox 3237 5909 3307 5969">
    <p class='ocr_par' dir='ltr' id='par_1_122' title="bbox 3237 5909 3307 5969">
     <span class='ocr_line' id='line_1_122' title="bbox 3237 5909 3307 5969; baseline 0.014 -1"><span class='ocrx_word' id='word_1_851' title='bbox 3237 5909 3307 5969; x_wconf 80' lang='grc'><strong>13</strong></span> 
     </span>
    </p>
   </div>
  </div>
