4060 6460
342 348 464 403 597

1512 339 1580 394 ΙΝ
1617 336 1851 394 ISAIAM
1892 336 2020 390 LIB.
2049 337 2115 393 11.
2160 338 2396 396 TOMUS
2436 339 2525 397 III.

3548 340 3649 396 598

338 464 453 532 τῆς
482 461 599 517 τῶν
626 457 941 517 Μωαϐιτῶν
976 457 1363 531 μητροπόλεως
1402 456 1584 531 χώρας
1638 475 1697 511 τε
1740 456 1960 526 ἀπάσης

2089 471 2174 524 lue
2218 457 2355 514 adeo
2398 472 2620 529 regnum
2666 457 2926 513 transfert
2962 458 3299 514 vaticinium.
3334 457 3481 514 Gens
3525 474 3653 515 vero

339 557 448 609 καὶ
498 554 680 624 αὐτῆς
724 551 826 623 τῆς
858 551 1157 621 βασιλείας.
1205 549 1399 614 ’Έθνος
1430 550 1527 604 καὶ
1566 551 1722 605 αὐτοὶ
1759 547 1966 621 βάρϐα-

2068 549 2351 606 barbarica
2384 552 2606 607 fuerunt
2632 552 2796 607 etiam
2834 553 2911 620 hi,
2944 552 3053 607 Deo
3087 567 3274 618 exosa,
3304 554 3448 621 quod
3481 553 3655 611 idolo-

340 663 466 719 pov,
530 644 928 716 ἀπτιχθημένον
969 645 1119 716 παρὰ
1182 641 1324 714 Θεῷ,
1375 643 1548 698 διάτοι
1588 642 1650 697 τὸ
1686 641 1966 709 ἐγκεῖσθαι

2089 659 2190 699 ἰιηι
2247 643 2415 700 cultui
2482 647 2575 700 toti
2631 646 3102 712 adhaerescerent,
3164 646 3494 717 magicaeque
3553 650 3657 702 arti

345 737 451 808 μὲν
479 736 805 807 ὀλοτρόπως
833 737 953 798 ταῖς
976 735 1085 787 τῶν
1109 733 1347 789 εἰδώλων
1393 734 1696 805 λατρείαις,
1741 732 1968 804 ἐπιθαρ-

350 831 468 884 σεῖν
496 829 559 882 δὲ
594 828 839 899 μάλιστα
882 831 949 900 τῇ
984 828 1146 900 μάγῳ
1195 826 1386 900 τέχνῃ.
1432 827 1655 899 καὶτῆς
1701 826 1797 881 τοῦ
1830 824 1966 880 Θεοῦ

359 915 803 988 κατεπαίρεσθαι
869 917 1048 989 δόξης,
1122 912 1263 972 εἷναί
1325 934 1385 971 τε
1433 916 1544 971 τῶν
1604 919 1687 970 δτι
1738 916 1972 987 μάλιστα

370 1011 800 1081 πολεμιωτάτων
828 1014 941 1075 τοῖς
993 1011 1053 1076 ἐξ
1115 1010 1356 1084 Ἰσραήλ.
1394 1011 1507 1064 Καὶ
1541 1009 1673 1078 γοῦν
1719 1009 1809 1062 ὅτε
1860 1006 1971 1060 τῶν

362 1103 687 1170 Αἰγυπτίων
733 1103 1151 1175 ἀπηλλαγμένοι
1205 1101 1542 1167 πλεονεξίας,
1601 1101 1695 1154 ἐπὶ
1740 1100 1841 1173 τὴν
1874 1100 1973 1170 τῆἶ

358 1195 706 1264 ἐπαγγελίας
741 1195 993 1267 ἀπῄεσαν
1037 1195 1164 1267 γῆν,
1219 1194 1420 1266 μικροῦ
1459 1195 1569 1248 δεῖν
1612 1194 1853 1257 ἅπαντες
1898 1191 1974 1244 δι-

355 1284 626 1352 ολώλασι,
654 1287 719 1341 τό
756 1304 822 1357 γε
845 1281 981 1360 ἧκον
1015 1289 1097 1352 είς
1129 1288 1190 1341 τὸ
1219 1288 1530 1359 ἐγχείρημα
1573 1286 1781 1351 Βαλὰκ,
1819 1285 1877 1349 ὃς
1905 1279 1973 1355 ἦν

352 1376 626 1446 βασιλεὺς
654 1378 716 1433 τὸ
737 1379 995 1452 τηνικάδε
1024 1378 1131 1433 τῶν
1179 1377 1513 1434 Μωαϐιτῶν.
1564 1378 1886 1449 Γέγραπται
1912 1376 1970 1429 δέ

347 1465 538 1531 οὕτως
573 1470 632 1521 ἐν
662 1471 777 1533 τοῖς
814 1468 1122 1540 Ἀριθμοῖς·
1152 1486 1171 1520 ι
1202 1470 1313 1523 Καὶ
1335 1469 1578 1532 ἅπαντες
1612 1467 1718 1521 υἱοὶ
1757 1465 1975 1538 Ἰσραὴλ

348 1561 750 1633 παρενέϐαλον
779 1564 872 1617 ἐπὶ
902 1561 1125 1635 δυσμῶν
1154 1562 1354 1629 Μωὰϐ,
1377 1562 1531 1637 παρὰ
1557 1561 1648 1616 τὸν
1695 1562 1975 1632 Ἰορδάνην

348 1655 508 1708 κατὰ
547 1655 786 1728 Ἱεριχώ.
825 1656 938 1711 Καὶ
974 1655 1099 1710 ἰδὼν
1133 1656 1321 1710 Βαλὰκ
1352 1657 1469 1721 υίὸς
1505 1653 1767 1728 Σεπφὼρ,
1795 1655 1974 1710 πάντα

345 1749 464 1802 ὅσα
505 1749 772 1820 ἐποίησεν
809 1749 1032 1821 Ἰσραὴλ
1056 1748 1134 1820 τῷ
1186 1750 1503 1823 Ἀμορραίῳ
1526 1767 1537 1781 ι
1599 1748 1694 1803 καὶ
1733 1748 1973 1822 ἐφοϐήθη

2072 735 2306 790 maxime
2336 736 2698 800 c0ufiderent,
2731 752 2793 792 ac
2819 737 3015 793 divinae
3045 737 3316 809 maiestati
3343 752 3465 793 sese
3492 753 3662 808 oppo-

2073 834 2286 892 nerent,
2315 838 2368 881 et
2398 827 2660 884 lsraelilis
2689 839 2877 884 essent
2904 845 3065 900 quam
3101 830 3464 885 infestissimi.
3493 829 3665 886 Cum-

2072 931 2177 987 que
2204 916 2526 990 Egyptiaca
2556 920 2845 989 tyrannide
2875 920 3122 987 liberati,
3151 922 3219 976 ad
3252 932 3454 977 terram
3484 923 3663 976 venis-

2073 1019 2197 1066 sent
2219 1011 2621 1081 promissionis,
2663 1028 2854 1083 parum
2882 1014 3076 1068 aberat
3108 1015 3238 1082 quin
3270 1030 3459 1072 omnes
3484 1016 3663 1087 perie—

2076 1103 2212 1170 rint,
2245 1114 2507 1173 quantnm
2552 1105 2771 1175 quidem
2819 1118 3045 1163 conatus
3085 1107 3304 1163 Balacbi
3351 1122 3480 1166 tunc
3523 1111 3666 1181 regis

2078 1193 2439 1252 Moabitarum
2471 1198 2648 1269 potuit
2678 1198 2915 1255 eﬂicere.
2946 1199 3226 1270 Scriptum
3261 1210 3346 1255 est
3376 1212 3553 1257 autem
3587 1203 3668 1256 sic

2078 1286 2130 1341 in
2164 1286 2414 1343 Numeris
2451 1303 2466 1342 :
2512 1308 2531 1342 ι
2574 1292 2639 1345 Et
2673 1289 3068 1347 descendentes
3112 1291 3205 1345 lilii
3252 1290 3417 1347 Israel
3457 1302 3668 1348 castra-

2079 1377 2264 1432 metati
2306 1387 2436 1434 sunt
2476 1380 2542 1434 ad
2589 1379 2927 1435 occidentem
2971 1381 3159 1448 Moab,
3192 1382 3335 1452 apud
3374 1381 3665 1439 Iordanem

2072 1471 2227 1539 juxta
2273 1468 2518 1537 Jericbo,
2554 1480 2609 1527 et
2659 1472 2850 1529 videns
2897 1473 3166 1529 Balacbus
3212 1474 3355 1531 [ilius
3402 1475 3667 1546 Sephori,

2077 1578 2417 1635 qumcunque
2475 1563 2602 1620 fecit
2657 1564 2824 1622 Israel
2875 1566 3233 1627 Amori-haee.
3284 1579 3341 1623 et
3390 1569 3672 1641 pertimuit

2080 1655 2235 1711 Moab
2275 1656 2534 1726 populum
2572 1656 2757 1724 valde,
2790 1659 2915 1728 quia
2952 1659 3103 1714 multi
3149 1668 3307 1715 erant
3344 1678 3359 1714 :
3401 1670 3452 1715 et
3490 1661 3673 1715 timuit

2082 1748 2239 1803 Moab
2272 1763 2303 1803 a
2338 1746 2477 1803 facie
2510 1748 2749 1805 filiorum
2785 1750 2952 1806 Israel
2981 1750 3044 1803 ¹⁸.
3087 1770 3106 1804 ι
3149 1749 3356 1809 Deinde
3391 1767 3510 1822 quae
3547 1762 3669 1806 tan-

347 1840 546 1896 Μωὰϐ
583 1843 675 1894 τὸν
692 1841 819 1895 λαὸν
852 1841 1079 1914 σφόδρα,
1112 1843 1195 1897 ὅτι
1218 1841 1402 1896 πολλοὶ
1433 1837 1594 1912 ἦσαν.
1651 1839 1764 1895 Καὶ
1807 1856 1976 1912 προσ-

2089 1840 2205 1895 dem
2234 1840 2353 1910 ejus
2379 1841 2479 1896 fuit
2504 1842 2869 1898 machinatio?
2895 1843 3236 1899 Conductum
3262 1844 3575 1900 Balaamnm
3603 1861 3671 1899 ex

349 1933 576 2004 ώχθισε
630 1934 809 1989 Mde
857 1936 923 1988 ἐκ
966 1933 1262 2007 προσώπου
1324 1935 1456 1989 υἱῶν
1508 1934 1745 2007 Ἰσραήλ.
1783 1954 1801 1987 ι
1842 1930 1976 1988 Εἶτα

352 2032 528 2082 ποῖον
575 2030 725 2100 αύτῴ
773 2028 967 2098 γέγονε
999 2028 1061 2082 τὸ
1110 2026 1513 2101 κακούργημα;
1559 2026 1977 2101 Κατεμισθοῢτο

350 2121 458 2174 τὸν
521 2119 758 2191 Βαλαὰμ
790 2121 854 2173 ἐκ
885 2121 985 2191 τῆς
1018 2119 1485 2190 Μεσοποταμίας·
1521 2118 1883 2191 ψευδόμαντις
1921 2118 1975 2171 δὲ

354 2211 527 2278 οὗτος
581 2215 678 2267 καὶ
732 2212 1132 2275 οίωνοσκόπος·
1179 2208 1301 2265 εἶτα
1364 2211 1698 2285 παρακαλεῖ,
1750 2212 1925 2282 λέγων
1958 2228 1973 2243 ⁶

370 2307 699 2380 Ἐπὰρασαί
741 2324 832 2378 μοι
859 2306 953 2360 τὸν
996 2303 1234 2377 Ἰσραήλ.
1294 2300 1428 2358 Οἶδα
1461 2303 1593 2376 γὰρ,
1651 2304 1839 2377 φησὶν,
1896 2304 1977 2359 ὅτι

357 2402 463 2464 οὓς
517 2401 588 2455 ἂν
629 2403 694 2454 σὺ
746 2399 1069 2471 είιλογπίλσῃςι
1131 2397 1485 2470 ηὑλόγηνται,
1528 2398 1625 2452 καὶ
1658 2396 1751 2462 οὓς
1806 2397 1873 2451 ἂν
1913 2399 1977 2451 σὺ

360 2494 691 2568 καταράσῃ,
733 2494 1167 2566 κεκατήρανται.
1215 2493 1329 2553 Καὶ
1356 2493 1407 2546 οί
1440 2492 1541 2565 μὲν
1578 2492 1681 2565 τῆς
1725 2493 1979 2564 γοητείας

359 2589 715 2661 ἐπράττοντο
754 2588 882 2659 παρ’
930 2586 1142 2640 ἐκείνου
1181 2586 1397 2659 τρόποι,
1429 2585 1631 2658 βωμῶν
1657 2604 1718 2640 τε
1754 2589 1982 2659 ἐγηγερ-

364 2684 581 2753 μένων,
613 2683 707 2734 καὶ
750 2678 954 2734 θυσιῶν
1009 2680 1598 2752 προσκεκομισμένων.
1652 2680 1981 2750 Ἐσφάλλετο

360 2778 425 2834 δὲ
449 2779 558 2848 τῆς
578 2773 800 2836 ἐλπίδος
828 2774 857 2826 6
879 2772 1087 2839 Βαλὰκ,
1114 2772 1212 2827 καὶ
1241 2772 1351 2827 τῶν
1382 2771 1525 2826 κατὰ
1543 2771 1770 2845 γνώμην
1800 2773 1982 2845 ἡμάρ-

358 2887 569 2942 τηκεν,
603 2866 957 2936 εὐλογοῦντσς
986 2866 1265 2938 ἀδοκήτως
1303 2865 1395 2920 τὸν
1425 2866 1638 2939 Ἰσραὴλ
1664 2867 1758 2920 τοῦ
1806 2883 1983 2938 παρα-

366 2961 701 3031 λειφθέντος
733 2962 812 3023 είς
836 2959 899 3014 τὸ
938 2957 1366 3029 παραράσασθαι
1396 2957 1528 3013 δεῖν.
1575 2959 1796 3031 Ἐπειδὴ
1823 2958 1880 3012 δὲ
1900 2961 1983 3023 εἰς

364 3056 432 3111 τὸ
469 3056 613 3126 παρ’
665 3053 891 3116 ἐλπίδας
951 3050 1256 3122 ἐκϐέϐηκεν
1327 3050 1477 3121 αὑτῷ
1531 3051 1592 3104 τὸ
1648 3052 1980 3125 ἐγχείρημα,

364 3147 541 3202 πάλιν
578 3142 758 3214 ἑτέρῳ
796 3141 1010 3213 μέτεισι
1043 3139 1231 3212 τρόπῳ
1266 3139 1365 3212 τῆς
1393 3142 1512 3194 κατ’
1535 3139 1716 3195 αὐτῶν
1755 3140 1982 3212 δυστρο·

363 3238 507 3303 πίας
537 3237 605 3290 τὸ
648 3238 864 3308 χρῆμα.
917 3233 1299 3304 Σεσαγήνευκε
1327 3235 1436 3303 γὰρ
1476 3233 1604 3297 τοὺς
1650 3233 1710 3299 ἐξ
1744 3233 1984 3306 Ἰσραὴλ,

364 3335 493 3397 ταῖς
522 3329 639 3383 τῶν
679 3325 960 3398 γυναικῶν
990 3324 1164 3399 ὥραις
1191 3325 1684 3400 συνηρπασμένους
1714 3326 1808 3379 ἐπί
1837 3343 1901 3396 γε
1929 3328 1990 3380 τὸ

371 3422 696 3497 υῆναιτῆς
718 3421 856 3493 πρὸς
884 3418 1018 3474 Θεὸν
1035 3418 1256 3490 ἀγάπης
1290 3420 1615 3491 ὰποφοιτᾷν,
1645 3418 1742 3473 καὶ
1757 3436 1993 3492 προσκυ.

381 3525 496 3576 νεῖν
517 3521 734 3575 ἑλέσθαι
752 3517 829 3590 τῷ
844 3515 1189 3589 Βεελφεγώρο
1205 3514 1425 3569 εἴδωλον
1456 3514 1513 3568 δὲ
1530 3514 1688 3568 τοῦτο
1708 3514 1817 3569 τῶν
1828 3516 1990 3569 Μωα-

387 3613 571 3668 ϐιτῶν.
589 3613 910 3683 Γέγραπται
928 3608 984 3663 δέ
995 3607 1138 3662 οὕτω
1154 3607 1315 3661 πάλιν
1331 3607 1391 3660 ἐν
1407 3609 1517 3670 τοῖς
1534 3606 1829 3678 Ἀριθμοῖςο
1850 3624 1869 3658 ι
1886 3609 1992 3662 Καὶ

384 3705 681 3759 κατέλυσεν
704 3705 733 3757 ὁ
760 3701 979 3775 Ἰσραὴλ
994 3703 1051 3754 ἐν
1067 3700 1328 3771 Σαττεὶμ,
1349 3699 1444 3753 καὶ⁸
1460 3697 1772 3770 ἐϐεὸηλώθη
1793 3702 1820 3752 ό
1840 3700 1988 3767 λαὸς,

378 3795 760 3871 ἐκτωρνεῦσαι
792 3796 888 3847 ἐπὶ
907 3793 1006 3857 τὰς
1036 3791 1347 3863 θυγατέρας
1368 3787 1569 3853 Μωὰὅ,
1596 3788 1693 3844 καὶ
1726 3789 1992 3845 ἐκάλεσαν

373 3892 583 3954 αὐτοὺς
603 3888 699 3943 ἐπὶ
722 3890 846 3951 ταῖς
877 3886 1094 3949 θυσίαις
1112 3883 1221 3938 τῶν
1244 3881 1480 3937 εἰδώλων
1509 3881 1712 3947 αὐτῶν,
1743 3883 1840 3936 καὶ
1861 3882 1992 3954 ἔφα-

370 4002 474 4057 γεν
506 3982 685 4046 ὀλαὸς
712 3980 823 4034 τῶν
839 3978 1042 4033 θυσιῶν
1063 3976 1246 4033 αὐτῶν
1264 3994 1279 4009 ’
1309 3976 1402 4031 καὶ
1423 3975 1849 4047 προσεκύνησαν
1877 3979 1993 4040 τοῖς

370 4078 631 4141 εἰδώλοις
648 4074 852 4129 αὐτῶν
880 4072 975 4128 καλ⁹
1000 4071 1259 4144 ἐτελέσθη
1296 4071 1515 4144 Ἰσραὴλ
1544 4072 1623 4143 τῷ
1646 4070 1991 4142 Βεελφεγὼρ,

371 4174 477 4228 καὶ
494 4168 752 4241 ὠργίσθη
776 4165 937 4238 θυμῷ
960 4165 1167 4238 Κύριος
1185 4160 1501 4236 τῷἸσραὴλ.
1516 4161 1755 4232 »Ἐπειδὴ
1773 4163 2010 4233 γὰρΘεοῦ

372 4264 774 4337 ἐπαμύνοντος
816 4258 990 4322 δεινὸς
1034 4256 1133 4311 καὶ
1185 4256 1515 4329 δυσάντητος
1572 4252 1642 4329 ἦν
1682 4258 1711 4310 ὁ
1753 4256 1991 4328 Ἰσραὴλ,

370 4359 564 4430 ταύτῖι
583 4373 670 4410 τοι
693 4355 790 4409 καὶ
819 4352 973 4424 μάλα
994 4351 1210 4424 πικρῶς
1237 4351 1331 4404 καὶ
1359 4349 1828 4423 φιλοκακούργως’
1861 4351 1993 4420 ἀφ’

2084 1932 2474 2004 Mesopotamia
2510 1936 2529 2008 (
2543 1948 2662 1992 erat
2703 1948 2885 1993 autem
2921 1937 2966 1992 is
2997 1937 3166 1993 falsus
3195 1948 3343 1994 vates
3377 1949 3432 1992 et
3462 1942 3672 2010 augur)

2086 2029 2295 2097 rogavit
2317 2029 2501 2084 dicens
2532 2047 2545 2082 :
2576 2029 2878 2086 Exsecrare
2908 2031 3037 2085 mihi
3068 2030 3341 2087 lsraelem.
3364 2030 3500 2087 Novi
3526 2033 3672 2088 enim

2084 2120 2230 2191 quod
2272 2120 2473 2192 quibus
2512 2130 2566 2177 tu
2602 2124 2970 2188 benedixeris,
3004 2124 3424 2191 benedicuntur,
3453 2136 3507 2180 et
3538 2139 3677 2193 quos

2089 2223 2146 2281 tu
2212 2225 2533 2271 exsccratus
2594 2213 2804 2280 fueris,
2861 2217 3227 2272 exsecrationi
3288 2217 3673 2287 subjiciuntur.

2086 2303 2482 2363 Incant'ationis
2513 2318 2694 2362 autem
2725 2308 2918 2364 modus
2948 2308 3039 2364 hic
3062 2310 3131 2364 ab
3156 2323 3220 2364 eo
3252 2309 3529 2365 adhibitus
3554 2307 3676 2369 fuit.

2087 2400 2200 2456 aris
2232 2401 2515 2470 excitatis,
2547 2401 2849 2472 hostiisque
2881 2401 3101 2459 oblatis.
3134 2401 3405 2458 Caeterum
3442 2417 3539 2474 spe
3571 2400 3680 2457 fal-

2087 2509 2181 2551 sus
2215 2505 2299 2550 est
2331 2493 2517 2563 Baiae,
2542 2503 2598 2551 et
2629 2494 2801 2551 animi
2836 2496 3105 2552 sententia
3141 2496 3368 2563 excidit,
3405 2496 3675 2567 benepre-

2088 2594 2247 2640 caute
2284 2594 2484 2656 pra-ter
2513 2585 2824 2655 opinionem
2871 2584 3055 2641 Israeli
3101 2601 3167 2641 eo
3211 2587 3301 2657 qui
3348 2587 3553 2643 ascitus
3596 2597 3680 2642 est

2089 2676 2257 2750 248
2297 2677 2365 2733 ad
2406 2677 2839 2749 imprecandum.
2874 2677 3008 2734 Cum
3053 2689 3233 2734 autem
3278 2679 3379 2735 hoc
3422 2680 3678 2735 molimen

2095 2771 2143 2825 ei
2201 2780 2401 2841 praeter
2434 2784 2586 2840 spem
2624 2771 2930 2839 evenisset,
2977 2787 3167 2829 rursus
3201 2772 3309 2828 alio
3345 2775 3502 2831 modo
3542 2775 3683 2829 hanc

2094 2877 2209 2918 rem
2240 2862 2502 2917 nefariam
2530 2875 2720 2919 contra
2754 2879 2848 2921 eos
2876 2866 3205 2937 aggreditur.
3232 2865 3506 2923 lsraelitas
3535 2869 3682 2924 enim

2094 2956 2409 3027 illaqueavit
2466 2966 2523 3012 ut
2556 2957 2808 3014 muliebri
2842 2957 3017 3014 forma
3053 2959 3311 3031 correpti,
3344 2975 3375 3014 a
3415 2960 3505 3017 Dei
3543 2961 3684 3016 dile-

2093 3050 2270 3105 ctione
2303 3050 2705 3118 exorbitarcnt,
2737 3058 2791 3106 et
2823 3049 3128 3124 Beelphego
3142 3068 3188 3117 r,
3234 3052 3436 3107 idolum
3473 3052 3685 3109 scilicet

2097 3140 2477 3208 Moabilarum,
2507 3143 2816 3199 adorarent.
2852 3142 3128 3215 Scriptum
3164 3154 3247 3202 est
3281 3146 3476 3201 iterum
3514 3147 3595 3203 sic
3631 3148 3683 3201 in

2091 3222 2386 3285 Numeris‘:
2434 3247 2454 3281 ι
2504 3222 2885 3287 Commoratus
2913 3241 2998 3288 est
3051 3234 3215 3290 Israel
3276 3235 3328 3290 in
3382 3235 3593 3300 Sattin,
3634 3247 3688 3292 et

2091 3320 2495 3378 contaminatus
2528 3332 2611 3377 cst
2642 3324 2872 3394 populus
2904 3334 2962 3380 ut
2994 3326 3357 3384 fornicaretur
3386 3344 3509 3383 cum
3541 3328 3683 3384 lilia-

2092 3416 2195 3471 bus
2235 3414 2415 3482 Moab,
2448 3426 2816 3489 vocaruntqne
2859 3433 2955 3474 eos
2996 3421 3062 3475 ad
3102 3421 3371 3477 sacrificia
3419 3423 3683 3479 idolorum

2094 3524 2347 3578 suorum,
2376 3525 2441 3565 ac
2481 3512 2717 3565 comedit
2759 3515 2989 3583 populus
3029 3515 3096 3570 de
3139 3515 3423 3575 sacriﬁciis
3463 3534 3681 3582 eorum,

2093 3615 2149 3658 et
2185 3604 2553 3659 adoraverunt
2587 3605 2729 3661 idola
2773 3622 2997 3675 eorum,
3032 3617 3086 3664 et
3121 3610 3363 3666 initiatus
3407 3622 3489 3668 cst
3522 3613 3688 3668 Israel

2094 3698 2450 3771 Beelphegor,
2475 3709 2529 3754 et
2558 3700 2728 3757 iratus
2756 3710 2838 3756 est
2866 3702 3050 3758 animo
3078 3701 3341 3761 Dominus
3370 3705 3542 3763 Israel
3566 3706 3629 3762 ‘9.
3663 3728 3683 3758 ι

2098 3790 2230 3845 Nam
2278 3806 2401 3847 cum
2455 3791 2563 3845 Deo
2606 3792 2866 3862 iuvante,
2898 3803 3090 3864 potens
3141 3803 3197 3849 et
3239 3796 3498 3853 terribilis
3541 3808 3692 3853 essu

2094 3884 2282 3952 Israel,
2314 3886 2442 3940 hinc
2477 3884 2849 3941 fraudulenter
2880 3896 2936 3942 et
2972 3888 3244 3944 malitiose
3277 3887 3396 3958 ejus
3435 3891 3691 3945 submoto

2095 3976 2366 4046 praesidio,
2392 3977 2561 4032 Deum
2585 3977 2959 4034 universitatis
2979 3976 3256 4036 oll‘endere
3280 3995 3688 4051 persuaserunt,

2096 4079 2151 4126 et
2176 4085 2389 4142 semper
2418 4072 2472 4126 in
2503 4081 2757 4142 suscepto
2794 4071 3025 4127 consilio
3058 4074 3432 4142 perstiterunt.
3459 4075 3611 4142 Quod
3642 4076 3690 4131 si

2096 4163 2150 4217 in
2201 4162 2572 4218 calamitatum
2610 4163 2929 4219 societatem
2964 4167 3149 4222 venire
3184 4167 3436 4222 Israelem
3472 4169 3692 4223 contin-

2093 4263 2269 4325 geret,
2282 4258 2426 4327 quod
2453 4253 2623 4312 Deum
2654 4257 3012 4314 oli‘endissent
3043 4277 3056 4312 :
3090 4273 3150 4314 se
3176 4270 3366 4314 contra
3393 4259 3692 4316 ell'erebant

2098 4348 2194 4414 illi,
2224 4362 2289 4401 ac
2321 4347 2763 4404 convitiabantur
2786 4361 3078 4406 causantes
3116 4352 3309 4416 Deum,
3343 4353 3432 4423 qui
3469 4368 3692 4410 servare

375 4454 622 4515 στάντες
649 4447 816 4503 αὐτοῦ
843 4444 941 4518 τὴν
967 4444 1313 4515 ἐπικουρίαν,
1344 4442 1708 4515 προσκρούειν
1738 4443 1985 4502 ἀνέπειθε

2097 4440 2339 4496 cultores
2388 4455 2515 4496 suos
2561 4442 2920 4513 promiserat,
2975 4442 3106 4497 nihil
3155 4443 3378 4499 omnino
3425 4447 3688 4515 potuisse.

371 4547 460 4619 τῷ
497 4547 597 4601 ἐπὶ
654 4543 866 4606 πάντας
907 4539 1050 4611 Θεῷ.
1100 4537 1521 4594 Διατετελέκασι
1583 4535 1641 4590 δέ
1680 4536 1778 4590 καὶ
1832 4536 1985 4610 μέχρι

2104 4530 2379 4603 llujusque
2420 4533 2573 4588 testis
2608 4543 2694 4589 est
2730 4533 2921 4590 beatus
2950 4533 3219 4591 Jcremias
3259 4536 3313 4591 in
3357 4552 3453 4591 sua
3496 4537 3564 4593 de
3603 4538 3693 4593 illo

375 4638 599 4702 παντὸς
640 4634 902 4707 τοιαύτην
968 4632 1186 4705 ἔχοντες
1247 4629 1497 4702 γνώμην,
1555 4629 1659 4687 κᾶν
1700 4631 1750 4683 εί
1800 4630 2000 4700 συνέϐη

374 4735 478 4791 τὸν
526 4731 756 4803 Ἰσραὴλ
784 4725 1465 4798 κοινωνῆσαιρσυμφοραῖς
1516 4722 2004 4795 προσκεκρουκότα

378 4827 535 4897 Θεῷ,
594 4819 1099 4894 κατηλαζονεύοντο
1142 4820 1238 4873 καὶ
1283 4819 1726 4891 κατεκερτόμουν
1778 4820 2001 4885 ἐκεῖνοι,

380 4925 449 4980 τὸ
491 4921 669 4995 μηδὲν
704 4918 845 4982 ὅλως
893 4912 1159 4971 δύνασθαι
1218 4910 1659 4985 κατηγοροῦντες
1707 4909 1866 4975 Θεοῦ,
1907 4910 2003 4964 τοῦ

386 5017 592 5083 σώζειν
648 5010 1084 5082 ὑπισχνουμένου
1141 5009 1272 5071 τοὺς
1325 5004 1773 5078 προσκυνοῦντας
1825 5003 1999 5074 αὐτῷ.

382 5113 505 5168 Καὶ
523 5107 726 5163 τούτου
757 5107 969 5179 μάρτυς
998 5106 1027 5159 ὁ
1058 5102 1333 5177 μακάριος
1389 5100 1661 5172 Ἱερεμίας
1680 5101 1739 5153 ἐν
1766 5101 1834 5171 τῇ
1873 5101 2000 5154 κατ’

380 5203 579 5259 αὐτῶν
610 5193 803 5272 ὁράσει
836 5199 1013 5267 λέγων
1044 5215 1053 5226 σ
1088 5216 1107 5248 ι
1141 5194 1440 5266 Κατεόιχθη
1484 5195 1656 5266 κέρας
1684 5192 1884 5256 Μωὰϐ,
1906 5192 2001 5248 καὶ

380 5299 451 5353 τὸ
496 5295 808 5368 ἐπιχείριον
845 5291 1012 5347 αὑτοῦ
1046 5289 1359 5362 συνετρίϐη.
1392 5287 1684 5343 Μεθύσατε
1713 5286 1879 5341 αὐτὸν
1917 5286 1999 5341 ὅτι

385 5392 490 5447 ἐπὶ
516 5391 726 5462 Κύριον
760 5386 1131 5460 ἐμεγαλύνθη.
1171 5404 1189 5437 ι
1231 5383 1338 5438 Καὶ
1371 5382 1535 5437 πάλιν
1563 5397 1576 5412 ο
1615 5399 1636 5432 ι
1681 5378 1797 5435 Ὅτι
1822 5378 1996 5442 οὕτως

384 5481 573 5539 εἷπεὸ
620 5481 849 5552 Κύριος.
921 5477 1162 5549 Ἐλήφθη
1231 5473 1465 5548 Ἀριώθ’
1502 5474 1599 5529 καὶ
1657 5471 1996 5546 ὀχυρώματα

388 5574 736 5647 συνελήφθη.
771 5574 884 5629 Καὶ
913 5570 1201 5627 ἀπολεῖται
1240 5566 1415 5623 Μωάὸ
1442 5567 1552 5621 ἀπὸ
1577 5565 1731 5634 λαοῦ,
1782 5567 1865 5620 ὃτι
1903 5568 1997 5619 ἐπὶ

385 5669 607 5741 Κύριον
639 5664 1008 5740 ἐμεγαλύνθη.
1055 5684 1072 5717 ι
1100 5654 1245 5717 Ἧκε
1273 5659 1374 5731 μὲν
1407 5658 1517 5731 γὰρ
1546 5658 1689 5714 κατὰ
1716 5658 1938 5730 καιροὺς
1970 5659 1997 5710 ὁ

469 5826 519 5861 ⁸⁸
548 5823 710 5885 Num.
744 5839 881 5887 un,
926 5824 949 5877 l
986 5823 1039 5878 5.

2103 4621 2335 4688 visione,
2372 4624 2560 4680 dicens
2599 4642 2614 4679 :
2654 4643 2672 4675 ι
2716 4623 3075 4697 Confractum
3109 4636 3194 4682 est
3226 4643 3395 4683 cornu
3430 4628 3608 4695 Moab,
3639 4639 3696 4684 et

2103 4716 2384 4785 praemium
2426 4717 2544 4788 ejus
2589 4717 2908 4773 contritum.
2942 4718 3212 4774 Inebriate
3259 4720 3431 4788 illum,
3468 4721 3593 4790 quia
3640 4722 3692 4775 in

2104 4809 2392 4865 Dominum
2430 4824 2661 4882 magnus
2691 4811 2869 4869 factus
2896 4824 2982 4870 est
3001 4814 3069 4868 ’°.
3111 4833 3129 4866 ι
3166 4813 3235 4869 Ει
3260 4829 3452 4870 rursus
3485 4832 3499 4869 :
3540 4833 3560 4866 ι
3602 4812 3697 4869 Sic

2105 4903 2236 4959 dicit
2292 4902 2600 4961 Dominus:
2647 4903 2816 4975 Capta
2880 4914 2959 4961 est
3009 4907 3230 4973 Ariotb,
3260 4917 3316 4963 et
3366 4910 3694 4966 munitiones

2104 4999 2267 5054 simul
2298 5011 2469 5070 capta:
2496 5008 2644 5056 sunt.
2674 5000 2738 5054 Et
2765 5001 2964 5070 peribit
2991 5000 3147 5056 Moab
3174 5018 3204 5057 a
3237 5002 3454 5074 populo,
3478 5004 3604 5074 quia
3638 5005 3691 5059 in

2101 5092 2391 5151 Dominum
2440 5094 2826 5165 magniﬁcatus
2873 5096 3046 5150 cat“.
3093 5116 3121 5149 ι,
3163 5094 3325 5153 Venit
3370 5097 3516 5153 enim
3562 5099 3690 5153 olim

2100 5187 2455 5260 Assyriorum
2488 5199 2543 5243 et
2577 5186 2994 5259 Babyloniorum
3033 5202 3319 5261 tyrannus,
3351 5192 3418 5247 ad
3451 5190 3692 5249 Judaeum

2099 5283 2429 5354 perdendam
2487 5301 2500 5335 :
2555 5283 2807 5354 cepitque
2852 5285 3016 5339 urbes
3068 5284 3334 5342 Samaria:
3382 5303 3396 5341 :
3446 5284 3695 5341 Moabitae

2102 5386 2282 5433 autem
2314 5376 2383 5431 de
2412 5376 2623 5443 integro
2656 5375 2884 5430 irrident
2913 5390 3007 5433 eos
3040 5375 3134 5447 qui
3162 5378 3456 5447 perierant,
3480 5376 3694 5431 suauis-

2104 5483 2208 5539 que
2242 5484 2307 5523 ac
2341 5467 2590 5524 ludibriis
2622 5477 2907 5534 vexarunt,
2936 5479 2992 5523 et
3025 5484 3131 5525 non
3171 5467 3517 5525 mediocriter
3551 5468 3693 5522 divi-
3748 5526 3757 5533 ί

2106 5580 2229 5618 nam
2265 5563 2602 5633 maiestatem
2635 5561 2852 5633 probris
2887 5560 3106 5617 assidue
3139 5567 3508 5631 asperserunt.
3542 5556 3695 5615 Hanc
3800 5579 3807 5585 ·

2102 5657 2175 5712 ob
2203 5670 2424 5712 causam
2459 5648 2643 5712 traditi
2677 5665 2805 5713 sunt
2849 5664 2903 5709 et
2932 5654 3029 5723 ipsi
3069 5649 3450 5720 internecioni,
3480 5662 3538 5708 et
3565 5667 3695 5709 cum

1116 5822 1158 5853 "
1198 5818 1353 5875 Num.
1402 5833 1527 5883 xxv,
1574 5818 1685 5883 1-5.
1766 5817 1811 5847 ²⁰
1841 5812 2041 5870 Jerem.
2078 5830 2265 5883 xum,
2298 5815 2389 5884 25,
2417 5814 2507 5872 9.6.
2584 5816 2624 5848 ²¹
2659 5814 2789 5871 ibid.
2826 5815 2903 5879 il,
2946 5811 3034 5867 ιιι.
