4060 6518
433 369 536 424 399
1418 351 1473 404 s.
1515 345 1790 404 CYltll.Ll
1833 337 2302 397 ALl-ZXA‘NDINNI
2343 334 2666 390 ARClllEP.
3591 325 3693 378 400

435 486 657 539 urbibus
685 491 738 536 ct
764 481 1041 545 domilms,
1075 487 1290 545 totoque
1328 473 1524 543 populo
1560 468 1800 522 funditus
1835 466 2012 535 perie-

2147 461 2432 532 Λσσυρίων
2475 459 2567 511 καὶ
2622 455 2981 509 Βαϐυλωνίων
3027 451 3285 524 τύραννος
3328 447 3695 522 καταδῃὼσων

436 588 591 642 runt,
620 588 678 631 ut
701 575 811 640 jam
847 569 1240 642 quodammodo
1275 583 1342 620 ne
1377 541 1498 618 esse
1532 565 1747 634 quidem
1785 561 2004 614 videan-

2147 555 2209 628 ὴν
2256 553 2536 607 Ἰουδαίαν.
2576 549 2701 604 Eii:
2749 549 2806 602 δὲ
2851 547 2949 611 τὰς
2989 546 3088 616 τῆς
3139 544 3453 615 Σαμαρείας
3493 541 3696 607 πόλεις.

436 681 541 722 tur.
575 666 816 720 Meminit
848 666 1028 733 itaque
1060 662 1195 715 visio
1229 659 1504 729 pr0posita
1542 671 1752 717 eorum,
1784 669 1906 724 quae
1940 653 2008 706 ab

2147 646 2404 699 1ωα6ἶται
2426 644 2483 697 δὲ
2518 644 2681 696 πάλιν
2712 639 3172 712 καταμειδιῶντες
3200 637 3309 690 τῶν
3343 633 3700 689 ἀπολωλότων

435 758 586 811 initio
603 755 854 810 nimirum
886 752 1163 822 superiore
1185 748 1444 804 memoria
1467 747 1570 800 illis
1593 745 1929 807 acciderunt,
1959 751 2014 796 et

2151 737 2462 803 πετώθαζον
2488 738 2549 789 οὐ
2588 734 2844 806 μετρίως,
2883 734 2979 786 καὶ
3031 727 3497 794 κατονειδίζοντες
3536 725 3704 780 διετέ-

435 851 608 918 iuquit
633 865 649 902 :
2123 831 2249 883 λουν
2273 828 2372 899 τὴν
2388 828 2482 881 τοῦ
2495 827 2630 881 Θεοῦ
2659 827 2835 893 δόξαν.
2856 823 3042 895 Ταύτῃ
3057 840 3140 876 τοι
3165 822 3406 874 δέδονται
3431 819 3528 872 καὶ
3553 818 3705 870 αὐτοὶ

433 910 566 1012 πρδς
597 939 694 1012 ὲρή
705 955 898 1009 μωσιν,
927 937 1098 1009 ἄρδην
1129 952 1188 990 τε
1215 932 1558 988 ἀπολώλασιν
1578 929 1715 1001 ὁμοῦ
1750 926 1938 982 πόλεσί
1966 941 2024 978 τε
2054 923 2149 978 καὶ
2187 921 2340 993 δήμῳ
2369 920 2464 972 καὶ
2484 919 2617 989 οίκῳ
2637 918 2824 981 παντὶ,
2849 916 2989 970 ὥστε
3020 915 3118 985 ἤδη
3153 931 3268 976 πως
3299 910 3438 983 μηδὲ
3467 910 3704 980 ὑπάρξαι

431 1007 1061 1112 δοκεῖνίάιαμεμνηταιν
1097 1033 1279 1088 τοίνυν
1306 1034 1341 1104 ἡ
1390 1030 1642 1104 ὃρασιςὴ
1708 1023 2047 1100 προκειμένη
2119 1021 2229 1076 τῶν
2265 1017 2692 1091 συμϐεϐηκότων
2731 1016 2952 1079 αὐτοῖς·
2999 1010 3059 1078 ἐξ
3103 1011 3274 1083 ὀργῆς
3321 1009 3569 1081 δηλονότι
3611 1007 3705 1078 τῆς

433 1137 660 1203 ἄνωθεν,
694 1138 788 1190 καί
824 1151 987 1205 φησιν
1012 1151 1026 1164 ·

507 1235 673 1288 Vens.
705 1235 756 1285 1.
791 1231 958 1284 Nocte
986 1226 1171 1297 peribit
1200 1223 1477 1288 Moabites,
1502 1230 1648 1275 nocte
1672 1221 1808 1272 enim
1835 1213 2018 1286 peribit

438 1344 616 1381 murus
645 1323 976 1379 Moabitidis.

507 1418 735 1484 Quidam
772 1429 958 1468 corum
992 1411 1084 1481 qui
1119 1411 1232 1464 lucc
1267 1413 1672 1479 pertractaruut
1701 1403 2012 1472 diligenter,

441 1507 808 1570 tradiderunt,
842 1503 1037 1556 bellqu
1082 1500 1134 1553 in
1178 1499 1297 1553 illos
1341 1495 1749 1566 capessentibus
1789 1492 2020 1563 Babylo-

439 1602 572 1667 niis,
611 1611 758 1654 motu
799 1599 941 1650 l'acto
977 1595 1112 1648 adeo
1150 1605 1467 1647 concussam
1502 1603 1624 1642 esse
1654 1586 2014 1641 Moabitarum

2147 1572 2346 1636 .ωνίων,
2419 1570 2642 1642 σεισμοῦ
2710 1569 2998 1639 γεγονότος
3060 1565 3400 1637 κατεδονήθη
3458 1564 3710 1619 τοσοῦτον

439 1690 800 1760 metropoiim,
829 1696 887 1742 ut
923 1695 1064 1740 totus
1101 1683 1217 1752 ejus
1254 1695 1442 1736 murus
1477 1679 1644 1752 249
1679 1688 1838 1733 noctu
1871 1685 1927 1730 et
1961 1677 2015 1730 in

2147 1663 2431 1720 Ᾱωαὸιτῶν
2486 1661 2840 1734 μητρόπολις,
2892 1660 2966 1724 ὡς
3012 1659 3134 1712 ὅλον
3185 1659 3358 1729 αὐτῆς
3391 1657 3711 1728 αὐτομάτως

439 1783 694 1850 tenebris,
723 1797 819 1836 sua
854 1790 1045 1850 sponte
1077 1773 1426 1833 tremefactus
1460 1774 1625 1829 fuerit
1663 1791 1676 1826 :
1713 1786 1818 1840 quo
1854 1769 2018 1834 facto,

2147 1756 2555 1828 ιατασεισθῆναι
2597 1755 2660 1808 τὸ
2698 1757 2878 1825 τεῖχος
2900 1755 2958 1808 έν
2988 1754 3142 1806 νυκτὶ
3173 1753 3266 1806 καὶ
3300 1751 3483 1822 σκότῳ
3508 1769 3520 1782 ·
3551 1745 3610 1803 οἶδ
3649 1749 3709 1821 δὴ

437 1887 563 1931 ante
612 1872 1027 1945 impressionem
1088 1868 1324 1924 hostium
1385 1865 1774 1937 propemodum
1836 1876 2024 1916 eorum

2147 1847 2432 1918 γεγονότος,
2465 1845 2571 1917 πρὸ
2598 1848 2699 1918 τῆς
2735 1846 2845 1899 τῶν
2876 1845 3151 1916 πολεμίων
3185 1844 3406 1914 ἐφόδου,
3439 1843 3712 1915 μονονουχὶ

437 1969 617 2024 munis
640 1981 765 2038 spes
786 1965 979 2021 salutis
1006 1962 1264 2034 perierat.
1288 1935 1415 2014 Ideo
1439 1958 1592 2025 dicit,
1616 1964 1774 2012 noctu
1801 1955 2029 2025 periisse

2147 1943 2224 1995 tat
2261 1937 2539 1994 ἀπόλωλεν
2567 1939 2748 2003 αὐτοῖς
2787 1939 2820 2009 ή
2853 1937 2954 2007 τῆς
3002 1937 3276 2009 σωτηρίας
3319 1936 3495 1999 ἐλπίς.
3532 1935 3708 2008 Ταύτῃ

2188 1200 2422 1269 Νυκτὸς
2457 1199 2776 1256 ἀπολεῖται
2830 1197 2861 1252 ὁ
2908 1197 3255 1264 Μωαϐίτης·
3319 1194 3550 1262 νυκτὸς
3602 1213 3707 1268 γαρ

2118 1295 2431 1353 ἀπολεῖται
2458 1293 2525 1348 τὸ
2555 1292 2751 1362 τεῖχος
2787 1290 2897 1360 τῆς
2950 1287 3338 1350 Μωαϐίτιδος.

2191 1389 2348 1454 Τινὲς
2396 1388 2506 1440 τῶν
2569 1385 2744 1440 ταῦτα
2802 1383 3192 1456 ἡκριϐωκότων
3255 1380 3570 1452 παρέδοσαν
3631 1383 3710 1435 ὅτι

2123 1482 2424 1555 μελλόντων
2452 1478 2560 1532 τῶν
2585 1477 2670 1531 ἐπ’
2702 1477 2885 1540 αὐτοῖς
2907 1476 3080 1547 αἴρειν
3109 1473 3350 1544 πόλεμον
3385 1473 3499 1526 τῶν
3534 1474 3710 1525 Βαϐυ-

438 2063 615 2118 Moab.

516 2156 679 2209 Vens.
713 2152 766 2206 2.
799 2151 924 2217 Sed,
955 2153 1147 2220 inquit,
1172 2144 1558 2205 contristamini
1601 2143 1658 2198 in
1700 2141 1842 2197 vobis
1879 2139 2025 2208 ipsis.

512 2247 705 2304 Simile
747 2256 832 2302 est
869 2261 931 2300 ac
975 2249 1021 2299 si
1065 2246 1209 2300 dicat
1253 2264 1268 2299 :
1317 2244 1474 2312 Saepe
1516 2245 1700 2293 erecto
1742 2232 2029 2305 supercilio

443 2343 572 2407 alto,
603 2341 799 2395 alienis
826 2337 1122 2393 insnltastis
1151 2333 1570 2393 calamitatibus,
1598 2341 1656 2382 at
1683 2337 1808 2380 tunc
1837 2326 1903 2379 ad
1936 2337 2030 2377 vos

443 2436 594 2504 ipsos
625 2431 825 2486 bellum
857 2429 1116 2497 erumpit,
1145 2428 1211 2481 ad
1241 2440 1336 2480 vos
1370 2430 1641 2493 properat,
1672 2429 1728 2474 et
1755 2432 1877 2486 qua:
1907 2415 2031 2469 hinc

443 2536 570 2579 sunt
606 2523 978 2588 incommoda,
1017 2520 1215 2575 vestris
1258 2517 1437 2587 impiis
1476 2512 1791 2583 impendent
1834 2506 2031 2576 capiti-

447 2621 562 2673 bus.
595 2615 1005 2672 Contristamini
1047 2615 1232 2685 igitur,
1271 2625 1375 2666 non
1418 2606 1679 2670 aliorum,
1713 2601 1808 2658 sed
1849 2611 2030 2655 vestra

443 2727 629 2768 Causa.

516 2803 720 2857 Pet-ibit
738 2802 878 2856 enim
898 2797 1139 2854 Lebedon
1161 2791 1492 2869 [al.Debon],
1509 2790 1596 2844 ubi
1619 2801 1690 2844 est
1718 2798 1813 2842 ara
1839 2799 2031 2842 vestra.

524 2892 644 2948 Dixi
681 2907 857 2947 saevos
886 2901 939 2945 et
970 2889 1234 2959 superbos
1261 2886 1427 2940 fuisse
1450 2881 1743 2948 Moabitas,
1774 2887 1830 2934 et
1856 2879 2033 2950 impo—

448 2987 616 3042 sturis
657 2984 962 3038 dmmonnm
1007 2980 1176 3036 fretos
1220 2993 1286 3033 ac
1332 2977 1537 3048 magica
1579 2983 1728 3038 arte,
1763 2980 1942 3038 ratos,
1977 2984 2036 3024 se

446 3079 695 3134 omnium
759 3074 1052 3147 potentiam
1119 3082 1499 3142 superaturos,
1557 3068 1845 3138 ipsumque
1901 3065 2036 3117 adeo

448 3170 736 3235 lsraclem,
769 3166 981 3222 etiamsi
1026 3165 1168 3220 Deus
1211 3168 1553 3218 succurreret
1600 3176 1616 3214 :

2127 2051 2211 2088 τοι
2241 2033 2377 2104 φησὶ
2402 2032 2598 2096 νυκτὸς
2637 2029 2956 2086 ἀπολεῖσθαι
2977 2031 3076 2101 τὴν
3110 2029 3458 2084 Μωαϐίτιδα.

2217 2125 2394 2182 Ἀλλά
2424 2122 2736 2188 λυπεῖσθε,
2767 2121 2976 2192 φησὶν,
3005 2120 3095 2190 ἐφ’
3124 2119 3386 2186 ἑαυτοῖς.

2203 2219 2429 2288 Ὅμοιον
2456 2215 2532 2280 ὡς
2555 2217 2604 2268 εί
2637 2214 2807 2283 λέγοι,
2841 2212 3160 2277 Πλειστάκις
3188 2212 3365 2283 ὀφρὺν
3404 2210 3708 2282 ἐπαίροντες

2131 2310 2340 2383 ὑψηλὴν
2373 2311 2494 2372 ταῖς
2517 2309 2718 2378 ἐτέρων
2749 2306 3155 2377 ὲνετρυφήσατε
3200 2306 3549 2376 συμφυραίςο
3585 2302 3707 2357 ἀλλά

2131 2402 2226 2456 νῦν
2255 2402 2340 2471 ἐφ’
2370 2403 2515 2472 ὑμᾶς
2538 2400 2736 2462 αὐτοὺς
2763 2401 2790 2453 ό
2820 2400 3056 2470 πόλεμος
3083 2397 3290 2468 τρέχει,
3329 2396 3514 2450 καὶτὰ
3541 2395 3710 2449 ἐντεῦ-

2133 2492 2225 2547 Θεν
2266 2493 2438 2564 βλάϐη
2465 2495 2586 2555 ταῖς
2628 2489 2872 2552 ἀνοσίαις
2913 2488 3068 2558 ὑμῶν
3122 2487 3503 2560 ἐπικρέμαται
3557 2506 3708 2559 usua-

2133 2583 2272 2649 λαῖς.
2314 2582 2585 2637 Λυπεῖσθε
2624 2582 2799 2634 τοίνυν
2817 2581 2920 2637 οὐκ
2945 2580 3032 2650 ἐφ’
3058 2579 3267 2652 ἑτέροις
3298 2581 3466 2646 τισὶν,
3499 2581 3608 2641 ἀλλ’
3636 2581 3710 2649 ἐφ’

2135 2679 2369 2740 ἑαυτοῖς.

2221 2768 2546 2824 Ἀπολεῖται
2583 2769 2692 2838 γὰρ
2719 2763 3019 2833 Λεσηδὼν,
3059 2757 3133 2820 οὗ
3165 2763 3437 2836 όβωμὸς
3469 2763 3643 2834 ὑμῶν.

2210 2863 2388 2934 Ἔφην
2419 2862 2501 2916 ὅτι
2527 2860 2689 2914 δεινοὶ
2717 2860 2808 2913 καὶ
2827 2859 3099 2931 ἀγέρωχοι
3127 2858 3430 2913 Μωαϐῖται
3449 2857 3704 2928 γεγόνασι,

2137 2957 2234 3011 καὶ
2252 2957 2373 3020 ταῖς
2396 2954 2507 3009 τῶν
2533 2952 2827 3024 δαιμονίων
2848 2952 3084 3016 ἀπάταις
3109 2951 3602 3025 ὲπιθαρσήσαντες,
3627 2949 3709 3003 καὶ

2137 3050 2227 3104 διὰ
2244 3047 2420 3120 μάγου
2439 3047 2636 3117 τέχνης
2657 3044 3154 3116 κατευμεγεθήσειν
3175 3046 3427 3116 οίόμιενοι
3445 3045 3543 3116 τῆς
3565 3042 3714 3097 ἀπάν-

1667 3156 1832 3228 igitur
1872 3155 1927 3210 in
1973 3169 2035 3210 ea

2147 3157 2249 3195 των
2292 3137 2497 3212 χειρὸς,
2558 3136 2654 3190 καὶ
2701 3135 2865 3190 αὐτοῦ
2891 3134 2947 3188 δὲ
2983 3133 3078 3188 τοῦ
3124 3134 3352 3207 Ἰσραὴλ
3397 3135 3498 3190 κᾶν
3544 3137 3589 3188 εί
3628 3135 3713 3186 ἐπ-

442 3224 572 3334 tona:
598 3224 823 3316 vocatur
855 3258 1138 3324 Lebedon,
1169 3271 1320 3310 aram
1363 3253 1634 3309 habebant
1756 3250 2038 3306 delubrum

2147 3231 2339 3334 αμύνοι
2360 3231 2492 3294 Θεός
2517 3246 2531 3262 ·
2561 3228 2757 3283 οὐκοῦν
2785 3230 2847 3282 έν
2868 3230 2933 3298 τῇ
2965 3227 3282 3300 καλουμένῃ
3317 3225 3587 3298 Λεσηδὼν,
3615 3224 3709 3294 βω-

449 3353 808 3419 admirabile,
854 3361 1120 3423 quantum
1167 3350 1233 3403 ad
1283 3357 1617 3402 structuram
1667 3343 1926 3414 pertinet,
1967 3340 2042 3395 ibi

451 3447 808 3503 ceiebrabant
837 3443 1118 3508 vaticinia,
1147 3455 1211 3496 ac
1239 3455 1297 3494 se
1329 3438 1623 3509 plurimum
1647 3433 1962 3497 eﬂerebant,
1989 3441 2044 3486 et

457 3555 569 3609 pra:
604 3534 822 3591 czctcris
850 3535 1000 3589 hunc
1032 3532 1210 3587 locum
1243 3527 1612 3584 venerabilem
1647 3535 2045 3594 angustumque

459 3629 779 3684 reddebant.
807 3624 912 3680 Sed
946 3623 1164 3694 peribit.
1193 3620 1388 3690 inquit,
1413 3620 1576 3673 etiam
1608 3615 1849 3672 vaticinii
1884 3616 2045 3685 Inuus

455 3722 689 3777 ollicina.

531 3814 670 3868 Illuc
706 3811 993 3867 ascendetis
1027 3812 1094 3864 ad
1132 3805 1448 3878 plorandum
1481 3818 1638 3872 super
1671 3799 1863 3871 Nabay
1897 3798 2049 3854 Moa-

458 3907 662 3962 bitidis.

530 3997 739 4052 Civitas
765 4002 947 4049 autem
983 3990 1097 4045 haac
1119 3987 1486 4042 munitissima
1518 3995 1621 4040 est.

532 4088 772 4154 Βίου-ατε,
801 4083 969 4156 inquit
1003 4097 1198 4151 :super
1231 4095 1383 4134 omne
1419 4077 1555 4132 enim
1583 4083 1736 4146 caput
1756 4070 2046 4128 cui-uitium.

523 4269 592 4326 ἰὰ
618 4277 721 4334 est,
749 4279 856 4321 una
877 4263 1139 4336 pervadet
1167 4275 1362 4316 omnes
1399 4254 1695 4329 Ignominia
1726 4269 1741 4308 :
1771 4251 2052 4310 catvitium

461 4365 664 4436 quippe
692 4358 1006 4432 ignominia!
1032 4351 1360 4426 symbolum.

537 4455 709 4510 Erunt
729 4462 787 4506 et
811 4451 988 4504 omnia
1018 4447 1230 4502 brachia
1257 4445 1490 4500 concisa.

2146 3323 2245 3395 μδς
2263 3318 2333 3395 ἦν
2356 3321 2537 3385 αὐτοῖς
2569 3321 2664 3374 καὶ
2687 3319 2911 3389 τέμενος
2938 3318 3038 3372 οὐκ
3055 3315 3430 3389 ἀθαύμαστον,
3454 3319 3572 3386 τόγε
3590 3311 3709 3387 ἧκον

2143 3415 2224 3478 είς
2253 3413 2619 3482 κατασκευήν.
2651 3413 2798 3465 Ἑκεῖ
2812 3411 2914 3475 τὰς
2942 3410 3200 3481 μαντείας
3226 3410 3533 3477 ἐπετέλουν,
3563 3407 3708 3479 ἐφρό-

2143 3523 2272 3563 νουν
2318 3522 2380 3560 τε
2417 3506 2581 3579 μέγα,
2629 3504 2724 3558 καὶ
2774 3501 2968 3556 σεπτὸν
3016 3504 3099 3557 ὅτι
3147 3503 3384 3574 μάλιστα
3428 3503 3572 3576 παρά
3600 3503 3710 3561 τοὺς

2140 3597 2340 3662 ἄλλους
2373 3596 2654 3651 ἐποιοῦντο
2683 3595 2776 3649 τὸν
2813 3594 3010 3667 χῶρον.
3073 3594 3210 3648 Ἀλλ’
3241 3595 3540 3662 ἀπολεῖται,
3572 3592 3709 3664 φησὶ,

2143 3691 2244 3745 καὶ
2267 3687 2330 3741 τὸ
2349 3689 2450 3758 τῆς
2473 3684 2731 3757 μαντείας
2758 3683 2910 3755 ὑμῶν
2943 3685 3330 3756 ἐργαστήριον.

2228 3778 2391 3835 Ἐκεῖ
2408 3776 2789 3846 ἀναϐήσεσθε
2809 3777 3042 3830 κλαίειν
3076 3774 3176 3829 ἐπί
3203 3777 3411 3832 Nadab
3439 3774 3542 3845 τῆς
3564 3777 3708 3829 Muta-

2148 3869 2392 3936 σίτιδος.

2223 3962 2386 4026 Πόλις
2417 3960 2475 4014 δὲ
2502 3957 2643 4030 αὕτη
2674 3957 2785 4012 τῶν
2817 3957 3236 4028 ἀλκιμωτάτων.

2165 4051 2565 4116 Ὀλολύξατε,
2614 4051 2838 4121 φησιν·
2879 4049 2979 4102 ἐπὶ
3043 4048 3156 4121 γὰρ
3205 4049 3413 4118 πάσης
3465 4041 3716 4117 κεφαλῆς

2155 4142 2545 4215 φαλάκρωμα.

2226 4235 2385 4290 Τοῦτ’
2421 4233 2592 4299 ἔστιν,
2633 4231 2826 4302 ἀτιμία
2863 4229 3006 4284 κατά
3041 4231 3260 4284 πάντων
3309 4229 3588 4303 δραμεῖται
3611 4223 3714 4295 μία.

2153 4327 2506 4401 Φαλάκρωμα
2542 4324 2653 4397 γὰρ
2677 4323 2901 4394 ἀτιμίας
2933 4322 3225 4394 σύμϐολον.

2230 4423 2513 4475 Ἔσονται
2568 4416 2638 4471 δὲ
2683 4415 2781 4470 καί
2845 4413 3069 4482 πάντες
3114 4415 3444 4484 ,ϐραχίονες
3498 4420 3719 4465 κατατε-

2085 4517 2127 4572 ι)
2155 4513 2463 4584 τμημένοι.

2240 4602 2375 4657 Ἀπὸ
2399 4600 2494 4654 τοῦ
2523 4598 2819 4654 κόπτεσθαι
2847 4600 2944 4654 καὶ
2965 4598 3204 4672 Θρηνεῖν.
3241 4597 3314 4650 Ἢ
3339 4597 3420 4649 ὅτι
3445 4595 3553 4656 τοῖς
3582 4587 3720 4640 εἰδω-

2157 4693 2508 4767 λολατροῦσιν
2534 4693 2655 4758 ἔθος
2689 4693 2790 4756 τὰς
2829 4692 3169 4764 καλουμένας
3199 4688 3483 4760 ἐντομίδας
3513 4685 3626 4745 ταῖς
3669 4693 3721 4767 τε

2159 4765 2411 4862 παρειαῖς
2443 4787 2536 4840 καὶ
2576 4788 2690 4850 τοῖς
2725 4783 3004 4858 βραχίοσιν
3049 4783 3353 4854 ἐπιφέρειν.
3407 4777 3592 4845 Μάτην
3638 4765 3720 4823 οὖν

2155 4881 2272 4954 ἄρα
2286 4879 2554 4934 καὶτοῦτο
2578 4878 2827 4950 δράσετε,
2850 4876 3040 4949 φησὶν,
3065 4876 3324 4947 ἀνόνητον
3340 4872 3446 4944 γὰρ
3465 4870 3525 4923 τὸ
3547 4866 3717 4939 χρῆμα

2167 4971 2471 5035 παντελῶς.

538 4631 852 4704 Plangende
876 4638 934 4684 et
957 4626 1301 4683 lamentando
1331 4641 1346 4679 :
1376 4621 1463 4678 vel
1494 4620 1637 4691 quod
1659 4617 1926 4673 idolorum
1947 4614 2062 4668 cul-

468 4728 684 4782 toribus
725 4723 967 4778 solemne
1007 4721 1172 4775 i'ncrit
1214 4715 1509 4773 incisiones
1553 4721 1668 4764 tum
1715 4707 1906 4777 genis,
1946 4714 2060 4758 tum

474 4816 714 4872 brachiis
745 4809 1211 4867 inferre.Frustra
1240 4807 1406 4877 igitur
1431 4810 1485 4857 et
1509 4803 1613 4857 hoc
1638 4797 1836 4869 agetis,
1855 4795 2054 4866 inquit,

471 4907 855 4978 siquidem-res
880 4912 962 4960 cst
983 4902 1206 4958 omnino
1232 4895 1461 4953 inutilis.

2233 5064 2471 5120 Οὐκοῦν
2490 5063 2569 5117 ὲν
2605 5061 2736 5128 ταῖς
2769 5060 3080 5126 πλατείαις
3117 5058 3306 5127 αὐτῆς
3346 5047 3718 5124 περιζώσασθε

2168 5157 2444 5224 σάκκοις,
2487 5155 2584 5210 καί
2615 5155 2910 5208 κόπτεσθε
2940 5151 3042 5206 ἐπὶ
3075 5150 3194 5205 τῶν
3221 5148 3498 5220 δωμάτων
3527 5137 3716 5205 αὐτῆς,

2170 5250 2270 5306 καὶ
2299 5250 2368 5304 ἐν
2396 5248 2525 5315 ταῖς
2548 5247 2859 5312 πλατείαις
2881 5243 3089 5312 αὐτῆς,
3133 5244 3230 5297 καί
3268 5244 3338 5296 ἐν
3368 5238 3492 5304 ταῖς
3522 5234 3719 5304 ῥύμαις

2165 5341 2381 5411 αὐτῆς,
2434 5338 2658 5404 πάντες
2709 5335 3024 5397 ὀλολύζετε
3073 5337 3224 5405 μετὰ
3281 5325 3593 5400 κλαυθμοῦ,
3641 5320 3718 5372 ὅτι

2168 5435 2460 5505 κέκραγεν
2511 5429 2788 5498 Ἠσεϐὼν,
2831 5432 2928 5485 καί
2963 5430 3272 5499 ἐλάλησεν
3309 5427 3418 5492 ἕως
3471 5411 3715 5489 ἠκούσθη

2166 5528 2206 5596 νῆ
2237 5523 2405 5596 φωνὴ
2432 5523 2642 5592 αὐτῆς.

2240 5594 2456 5673 Πόλεὼν
2507 5617 2639 5688 ἡμῖν
2673 5617 2734 5672 οὐ
2783 5617 3024 5691 μετρίοις
3074 5617 3321 5689 δείμασιν
3365 5594 3714 5678 ἐνησχημένων

549 5089 716 5143 Vsus.
744 5087 800 5154 3,
829 5084 1095 5155 Ltlgitur
1130 5081 1185 5135 in
1224 5077 1409 5146 plateis
1443 5073 1557 5142 ejus
1591 5065 2060 5136 circumcingimini

476 5196 694 5245 saccos,
727 5188 776 5234 et
812 5177 1043 5247 plangite
1087 5174 1142 5226 in
1177 5169 1454 5228 domibus,
1487 5173 1534 5218 et
1575 5163 1630 5214 in
1674 5158 1890 5230 plateis,
1923 5165 1970 5210 et
2007 5157 2061 5208 in

473 5273 602 5329 vicis
633 5271 767 5342 ejus.
797 5268 990 5325 Omnes
1018 5264 1218 5318 utulate
1247 5274 1364 5314 cum
1399 5256 1634 5326 planctu,
1663 5251 1788 5322 quia
1819 5247 2062 5302 clamavit

475 5363 712 5430 Esebon,
758 5373 806 5418 et
838 5361 1124 5414 locutae“
1172 5353 1272 5424 (Ι),
1315 5351 1478 5404 donec
1535 5345 1783 5401 exaudita
1839 5351 1913 5396 est
1963 5355 2064 5395 voa:

477 5459 618 5527 ejus.

547 5637 794 5710 .Elligient
822 5634 1054 5690 urbium
1095 5646 1204 5687 non
1248 5627 1507 5683 mediocri
1551 5633 1760 5677 terrore
1798 5619 2064 5675 ﬂuctuan-

551 5800 638 5871 (ι)
673 5798 822 5866 Sept.
847 5795 1030 5865 legunt
1059 5808 1156 5864 pro
1187 5788 1465 5859 ῖΕλάλησε,
1494 5787 1668 5842 locuta
1695 5793 1790 5851 est,
1841 5780 2044 5840 Ἑλεαλπ

2147 5787 2191 5835 tt
2220 5788 2300 5835 cst
2326 5776 2385 5834 in
2419 5776 2583 5834 Hebr.

447 5928 492 5943 νο
