4060 6462
381 392 496 451 UH

1548 393 1617 450 IN
1659 392 1897 449 lSAlAitl
1940 391 2066 447 LIB.
2109 392 2172 448 ιι.
2217 371 2451 448 rouus
2492 391 2575 448 ιιι.

3592 382 3717 436 ιοιι

380 510 751 580 καταγράφει
783 511 969 584 σχῆμα
989 513 1089 585 τῆς
1119 515 1457 587 προφητείας
1488 515 1521 585 ἡ
1551 514 1805 586 δύναμις.
1834 512 2003 567 Πολέ-

2126 513 2274 580 .ium,
2324 513 2480 569 nobis
2525 510 2842 583 prophetica
2898 510 3169 567 sententia
3219 506 3501 564 describit.
3555 504 3704 561 Bello

380 619 501 672 μου
550 601 667 675 γάρ
720 604 1098 676 περισχόντος,
1158 609 1254 661 καὶ
1293 610 1580 679 συμφορᾶς
1623 607 1725 678 τῆς
1768 607 2006 678 ἐσχάτης

374 696 850 770 ἐπενηνεγμένης
878 697 1068 754 πόλεσί
1093 717 1153 755 τε
1172 700 1270 755 καὶ
1297 701 1491 766 οἴκοις,
1515 702 1565 755 oi
1596 701 1696 772 μὲν
1722 699 2007 764 πλατείαις

380 787 487 841 καὶ
520 793 833 854 στενωποῖς
857 791 1191 863 οἰμώζοντες
1218 794 1513 852 διαθέουσι.
1541 794 1616 847 Τό
1650 810 1716 863 γε
1746 794 1855 866 μὴν
1883 794 2006 848 ὅσον

394 882 549 934 ἔστὶν
589 880 828 948 ἀσθενές
854 903 915 939 τε
952 887 1047 940 καὶ
1074 887 1308 959 ἄμαχον,
1354 882 1466 942 οἷον
1494 887 1555 941 τὸ
1581 886 1797 960 θηλύων
1827 886 2005 957 γένος,

406 973 583 1029 καὶτὸ
602 975 821 1046 νηπίων
860 979 949 1032 ἐπ’
977 978 1160 1032 αὐτῶν
1198 981 1509 1052 ἀνεπήδησε
1544 980 1832 1051 δωμάτων,
1868 996 2007 1050 κομ-

403 1065 509 1136 μὸν
542 1070 790 1123 ποιεῖται
838 1072 937 1125 καὶ
991 1071 1276 1144 ὀλολυγὴν,
1311 1075 1433 1138 ταῖς
1474 1073 1585 1127 τῶν
1612 1073 1887 1144 πολεμίων
1916 1073 2007 1126 ἐν·

397 1159 544 1230 ορῶν
591 1160 858 1232 φάλαγξι,
912 1163 1007 1217 καὶ
1041 1164 1144 1237 τὴν
1185 1166 1311 1219 ὅσον
1359 1164 1575 1220 οὐδέπω
1628 1165 2008 1238 παρεσομένην

392 1252 768 1324 ὲννοήσαντες
799 1256 1038 1328 σφαγήν.
1071 1255 1380 1322 Ὀλολύξετε
1408 1256 1610 1311 τοίνυν·
1635 1257 1877 1330 κέκραγε
1901 1257 2008 1330 γάρ

402 1343 686 1408 Ἐσεόὼν.
717 1348 812 1402 καὶ
841 1346 1107 1421 ἐλάλησεν
1136 1350 1244 1413 ἕως
1278 1350 1525 1425 ἠκούσθη
1551 1354 1586 1423 ἠ
1620 1351 1773 1424 φωνὴ
1815 1351 2005 1423 αὐτῆς.

386 1437 601 1503 Πόλεις
649 1439 711 1494 δὲ
760 1438 969 1505 ταύτας
1000 1438 1139 1496 εἷναί
1188 1460 1327 1515 φησι
1387 1443 1488 1509 τάς
1530 1444 1877 1510 Μωαϐίτιδος
1909 1446 2010 1509 τάς

388 1531 832 1601 μαχιμωτάτας.
898 1532 1040 1587 Ἀλλ’
1096 1535 1148 1587 εἰ
1197 1535 1294 1588 καὶ
1346 1534 1523 1601 οὕτως
1568 1535 1765 1608 ἔχοιεν,
1839 1537 1972 1608 φησὶ
1991 1577 2008 1602 ,

391 1622 690 1696 τοσαύτην
720 1625 1047 1697 ποιήσονται
1060 1626 1161 1699 τὴν
1179 1627 1464 1702 ὀλολυγὴν,
1485 1629 1562 1694 ὡς
1586 1629 1664 1702 μὴ
1682 1629 2008 1702 λεληθότως,

389 1713 545 1784 μηδὲ
609 1716 672 1769 ἐν
733 1717 1073 1792 παραϐύστῳ
1119 1719 1351 1788 κλαίειν,
1393 1722 1669 1793 ἀκουστὴν
1706 1722 1765 1777 δὲ
1809 1722 2011 1794 μᾶλλον

385 1809 668 1878 γενέσθαι
722 1812 826 1884 τὴν
869 1813 1076 1887 φωνὴν,
1126 1816 1222 1870 καὶ⁵
1263 1815 1570 1886 ἀναφανδὸν
1622 1814 2007 1889 ὀλοφύρεσθαι,

388 1903 883 1975 κατημεληκότων
923 1905 1036 1961 τῶν
1086 1907 1146 1961 ἐν
1196 1908 1391 1974 αὐταῖς
1418 1908 1518 1980 τῆς
1542 1911 1714 1980 αὐτῆς
1744 1907 2010 1979 συνήθους

387 1995 686 2067 ἀνδρείας,
727 1996 1253 2071 συντεθραυσμένων
1288 2001 1346 2054 δὲ
1375 1999 1572 2066 οὕτως,
1603 2002 1680 2066 ὡς
1708 2001 2013 2074 άμοιρῆσαι

390 2090 699 2157 παντελῶς
751 2092 1070 2161 εύσθενείας
1105 2113 1166 2150 τε
1201 2096 1297 2150 καὶ
1349 2095 1607 2168 θράσους,
1642 2098 1739 2150 καὶ
1769 2096 1880 2150 τῶν
1930 2096 2011 2161 είς

390 2184 586 2257 ἀλκὴν
615 2187 841 2242 ἐννοιῶν
870 2189 967 2244 καὶ
999 2190 1450 2264 ἐγχειρημάτων.

487 2322 567 2376 Ἦ
588 2322 791 2392 ὀσφὺς
826 2323 938 2393 τῆς
963 2325 1334 2392 Μωαϐίτιδος
1347 2323 1472 2395 ,ϐοᾷ
1498 2340 1512 2355 ’
1543 2325 1582 2396 ἡ
1622 2324 1796 2395 ψυχὴ
1825 2323 2019 2395 αὐτῆς

394 2415 731 2486 γνώσεται,
775 2419 877 2472 καὶ
928 2419 1145 2488 καρδία
1208 2419 1323 2486 τῆς
1370 2421 1744 2487 Μωαϐίτιδος
1783 2418 1909 2489 ,βοᾷ
1949 2422 2020 2474 ἐν

396 2506 591 2578 αὐτῇ,
658 2508 772 2577 ἕως
822 2511 1064 2581 Σηγώρο
1113 2513 1372 2585 δάμαλις
1415 2514 1527 2586 γάρ
1589 2516 1723 2571 ἐστι
1762 2519 2015 2586 τριέτης.

409 2601 555 2657 Ἐπί
587 2601 661 2656 δὲ
688 2602 800 2673 τῆς
819 2604 1175 2674 ἀναϐάσεως
1208 2608 1319 2678 τῆς
1355 2609 1508 2679 πρὸς
1547 2609 1644 2675 σὲ,
1699 2612 2020 2679 κλαίοντες

396 2695 829 2765 ἀναϐήσονται
865 2698 944 2772 τῇ
973 2701 1094 2768 ὀδῷ
1140 2703 1477 2774 Ἀρωνιείμ·
1508 2703 1633 2773 ,ϐοᾷ
1674 2707 2021 2778 σύντριμμα

398 2788 509 2844 καὶ
544 2791 829 2860 σεισμός.
1188 2792 1191 2795 ’

478 2905 933 2975 Προσϐάλλουσιν
961 2907 1053 2962 ἀεὶ
1082 2907 1194 2963 τῶν
1219 2909 1544 2982 ἀνηκέστων
1569 2913 1868 2987 συμφορῶν
1906 2915 2022 2988 δρι-

402 2997 569 3070 μεῖαί
593 3015 658 3051 τε
682 2997 874 3063 λύπαι,
916 3000 1013 3055 καὶ
1029 3000 1259 3073 ἀθυμίαι
1295 3004 1662 3076 παγχάλεποι,
1705 3008 1801 3061 καὶ
1828 3007 2022 3080 δειμάο

396 3110 521 3145 των
574 3089 805 3159 ἔφοδος,
857 3093 961 3147 οὐκ
1012 3093 1286 3158 ἀνικάνως
1336 3094 1539 3166 ἔχουσα
1589 3099 1686 3152 καὶ
1733 3099 1833 3171 τὴν
1879 3100 2022 3171 άγαν

398 3184 821 3256 εὐτολμοτάτην
854 3184 1236 3258 καταθραῦσαι
1265 3189 1519 3261 καρδίαν.
1561 3190 1845 3246 Ἐντεῦθεν
1866 3188 2023 3265 οἶμαι

398 3294 520 3330 τισι
548 3276 828 3346 πρόσωπα
857 3277 958 3348 μὲν
1014 3279 1270 3348 γενέσθαι
1314 3280 1638 3353 σκυθρωπά,
1675 3283 1772 3337 καὶ
1819 3278 1932 3339 οἷον
1959 3287 2025 3340 ὲκ

402 3368 617 3440 βάθους
651 3370 1051 3443 ἀναπηδῶντας
1077 3373 1441 3443 στεναγμοὺς,
1461 3375 1677 3447 καὶτῆς
1698 3375 1808 3431 ἔσω
1826 3378 2024 3448 φλογὸς

406 3463 515 3532 τὴν
564 3461 719 3527 ζέσιν
751 3462 1200 3536 διερμηνεύοντα.
1263 3466 1328 3519 Ἡ
1373 3466 1548 3538 ὀσφὺς
1586 3470 1881 3543 τοιγαροῦν
1922 3471 2026 3542 τῆς

415 3553 767 3620 Μωαϐίτιδος
806 3556 907 3629 βοᾷ
934 3574 947 3587 θ
989 3557 1137 3613 τοῦτ’
1173 3558 1343 3620 ἐστιν.
1390 3562 1450 3614 ἐν
1487 3560 1674 3618 ὠδῖσίν
1711 3564 1879 3629 ἐστιν,
1928 3566 2026 3620 καὶ

421 3649 842 3721 κεκρυμμένους
885 3649 1000 3722 ἔχει
1042 3653 1169 3716 τοὺς
1211 3653 1428 3718 πόνους,
1463 3657 2024 3730 προκαταπτοουμὲνη

413 3739 659 3811 δηλονότι
687 3744 814 3806 ταῖς
840 3744 1079 3814 φήμαις,
1129 3747 1225 3800 καὶ
1268 3744 1361 3800 τὸν
1388 3746 1604 3801 οὐδέπω
1648 3748 2025 3819 παρεσόμενον

408 3834 680 3889 ιννοοῦσα
704 3835 964 3907 πόλεμον.
1004 3838 1188 3906 Ἔγνω
1226 3838 1336 3910 γὰρ
1380 3838 1539 3893 τοῦτο
1572 3842 1604 3910 ἡ
1650 3840 1799 3912 ψυχὴ
1830 3842 2020 3913 αὐτῆς.

408 3926 642 3996 Ταύτης
707 3944 769 3980 τε
821 3927 986 3981 ἕνεκα
1047 3929 1149 4000 τῆς
1191 3930 1395 3994 αἰτίας,
1441 3930 1770 4001 ὀλοφύρεται
1822 3950 1882 3986 τε
1931 3933 2028 3986 καὶ

407 4020 699 4093 κέκραγεν
740 4022 799 4074 ὲν
838 4023 977 4093 αὐτῇ
1009 4023 1115 4087 ἓως
1151 4021 1370 4095 Σηγὼρ,
1401 4021 1546 4076 τοῦτ’
1576 4023 1714 4090 ἔστι,
1746 4025 2029 4089 Μωαϐῖτις

404 4112 608 4168 ἅπασα
635 4113 816 4184 χώρα,
853 4114 1016 4185 μέχρι
1047 4114 1144 4168 καὶ
1170 4114 1351 4168 αὐτῶν
1374 4115 1685 4186 τερμάτων.
1731 4116 1870 4169 Φασὶ
1918 4119 2027 4187 γάρ

406 4209 502 4261 ἐπ’
546 4208 737 4271 αὐτοῖς
774 4210 890 4271 τοῖς
913 4208 1065 4279 ὅροις
1109 4208 1221 4262 τῶν
1269 4208 1584 4263 Μωαϐιτῶν
1614 4207 1890 4264 τεθεῖσθαι
1927 4208 2029 4280 τὴν

406 4298 643 4370 Σηγὼρ.
697 4297 859 4361 Τίνος
910 4293 1004 4351 οὖν
1038 4299 1202 4352 ἕνεκα
1249 4298 1426 4352 ταῦτα
1458 4297 1805 4370 συμϐήσεται
1833 4296 2029 4350 παθεῖν

406 4392 593 4463 αὐτήν
618 4406 635 4457 ;
669 4387 912 4459 Δάμαλίς
937 4389 1055 4442 ἐστι
1076 4389 1320 4461 τριέτης.
1355 4390 1413 4442 ὐ
1439 4388 1621 4462 τρίτος
1645 4385 1891 4450 ἐνιαυτὸς
1918 4388 2029 4451 τοῖς

407 4484 646 4552 ἀλόγοις
693 4480 803 4536 τῶν
853 4480 1012 4547 ζώων
1051 4482 1216 4553 ἀρκεῖ
1255 4480 1394 4554 πρὸς
1440 4478 1646 4551 ἀκμὴν,
1708 4478 1804 4533 καὶ
1845 4479 1925 4542 εἰς
1967 4478 2031 4532 τὸ

2107 602 2254 659 enim
2301 601 2766 668 circumsistente,
2802 608 2857 656 et
2902 599 3090 655 ultima
3139 595 3306 668 250
3349 592 3702 658 calamitate;

2111 705 2224 751 tam
2252 692 2477 750 urbibus
2505 709 2671 764 quam
2692 693 2943 749 domibus
2972 693 3208 756 invecta,
3234 688 3311 743 illi
3342 688 3399 742 in
3429 685 3622 757 plateis
3648 693 3707 740 et

2108 789 2410 862 angiportis
2446 787 2722 858 ejulantes
2752 786 3097 849 discurrunt,
3129 783 3494 854 quodcunque
3527 776 3694 833 nimia-

2111 897 2231 938 rum
2252 880 2582 938 imbecillum
2604 887 2687 934 est
2711 892 2776 932 ac
2805 876 3044 940 imbelle,
3076 875 3241 931 veluti
3272 873 3621 936 feminarum,
3652 877 3713 923 et

2111 972 2396 1029 infantium
2423 986 2618 1045 genus,
2644 970 2788 1025 domi
2818 968 3099 1032 exsilieus,
3129 967 3333 1022 luctum
3362 965 3475 1020 edit
3499 972 3555 1018 et
3588 960 3708 1031 eju-

2110 1067 2305 1133 latum,
2331 1080 2456 1122 cum
2490 1064 2714 1121 hostiles
2746 1062 3046 1134 phalanges
3080 1060 3293 1127 aspicit,
3320 1073 3446 1115 cum
3478 1056 3707 1131 jamjam

2109 1160 2280 1216 afore
2333 1158 2541 1215 caedem
2594 1155 2856 1228 cogitant.
2912 1153 3128 1208 Plorate
3207 1151 3406 1221 igitur,
3451 1148 3713 1204 clamavit

2111 1253 2257 1310 enim
2288 1252 2527 1319 Esebon,
2551 1259 2607 1307 et
2636 1249 2813 1305 locuta
2847 1257 2954 1311 est,
2980 1248 3153 1301 donec
3187 1241 3451 1299 exaudita
3484 1248 3570 1295 est
3605 1253 3708 1292 vox

2111 1347 2252 1416 ejus.
2275 1345 2453 1403 Urbes
2480 1345 2579 1401 has
2607 1352 2834 1398 narrant
2859 1356 2981 1397 esse
3011 1338 3368 1396 Moabitarum
3398 1332 3705 1389 bellicosis-

2112 1441 2303 1497 simas.
2332 1440 2407 1494 Δι
2436 1436 2680 1498 tametsi,
2714 1435 2914 1507 inquit,
2946 1435 3020 1489 ita
3056 1433 3186 1497 sint,
3217 1438 3431 1486 tantum
3468 1436 3713 1482 attamen

2115 1533 2318 1587 luctum
2351 1529 2696 1593 excitabunt,
2729 1536 2789 1582 ut
2815 1539 2922 1581 non
2949 1523 3209 1588 obscure,
3244 1534 3353 1575 non
3389 1518 3443 1572 in
3479 1515 3711 1570 abscon-

2110 1622 2227 1678 dito
2256 1622 2492 1694 plorent,
2521 1621 2631 1676 imo
2667 1620 2739 1675 ita
2776 1629 2836 1673 ut
2867 1615 3072 1687 percipi
3108 1613 3337 1668 auribus
3370 1625 3475 1667 vox
3512 1607 3713 1678 possit,

2111 1721 2171 1769 et
2203 1712 2351 1770 clare
2382 1711 2625 1782 ejuleut,
2652 1709 2848 1766 incolis
2882 1721 3040 1764 suam
3076 1704 3454 1762 fortitudinem
3495 1701 3715 1756 solitam

2115 1805 2546 1880 negligentibus,
2579 1814 2634 1861 et
2669 1804 2739 1859 ita
2775 1802 3020 1859 contrusis
3053 1806 3110 1855 et
3139 1798 3367 1859 accisis.
3401 1806 3459 1850 ιιι
3491 1808 3719 1863 prorsus

2120 1897 2258 1955 nihil
2284 1897 2505 1965 virium,
2526 1894 2659 1952 nihil
2686 1908 2973 1950 nervorum
3006 1891 3262 1957 habeant,
3288 1887 3534 1958 nihilque
3564 1884 3720 1941 forti-

2119 2002 2203 2049 ter
2226 2003 2325 2048 aut
2354 1990 2599 2052 coaitcut
2629 1997 2723 2045 aut
2746 1987 3076 2057 suscipiant.

2193 2323 2360 2381 Vsus.
2393 2323 2448 2378 5.
2479 2321 2714 2378 Lumbns
2759 2320 3074 2377 Moabitidis
3107 2320 3302 2374 clamat
3335 2335 3353 2372 :
3387 2319 3568 2372 anima
3605 2315 3723 2387 ejus

2120 2426 2420 2488 cognoscet,
2444 2425 2492 2470 et
2523 2427 2613 2469 cor
2640 2412 2950 2468 Moabitidis
2986 2414 3181 2467 clamat
3216 2413 3269 2465 in
3301 2411 3415 2479 ipsa
3455 2425 3617 2480 usque
3651 2408 3722 2462 ad

2123 2510 2288 2581 Segor
2307 2525 2327 2563 :
2346 2507 2511 2565 vitulo
2538 2507 2677 2562 enim
2694 2517 2768 2561 est
2787 2506 3029 2562 tricnm's.
3053 2505 3225 2574 Super
3243 2514 3420 2559 autem
3445 2517 3725 2557 ascensum

2121 2603 2190 2657 ad
2221 2611 2270 2656 te
2294 2602 2479 2672 ﬂentes
2505 2598 2783 2656 ascendant
2812 2599 2897 2655 via
2918 2596 3159 2654 Arom’im
3184 2613 3203 2652 .°
3230 2595 3429 2652 clamat
3451 2595 3723 2660 contritio,

2120 2706 2169 2753 ct
2199 2694 2492 2753 concussio.

2198 2902 2503 2960 lmmittunt
2532 2916 2592 2957 se
2617 2909 2676 2957 et
2700 2899 2955 2972 ingemat
2987 2911 3202 2967 semper
3235 2905 3362 2950 ante
3395 2891 3725 2949 iucurabiles

2123 2998 2497 3060 calamitates,
2523 2994 2628 3051 diri
2672 2993 2950 3050 cruciatus
2990 2997 3048 3046 et
3085 2985 3523 3044 exanimationes
3566 2999 3725 3039 acer-

2127 3094 2313 3157 rimae,
2337 3101 2711 3161 pavorumque
2744 3084 2986 3141 incursio
3006 3125 3021 3148 ,
3047 3097 3168 3154 quae
3206 3079 3343 3137 satis
3381 3088 3467 3134 est
3500 3076 3568 3133 ad
3602 3076 3725 3131 ani-

2129 3202 2277 3240 mum
2319 3181 2735 3239 tidentissimum
2778 3176 3243 3235 labefactandam.
3281 3171 3419 3227 Hinc
3453 3170 3540 3238 iit,
3575 3170 3727 3223 arbi-

2131 3289 2272 3342 tror,
2307 3286 2367 3331 ut
2398 3274 2725 3345 quibusdam
2761 3272 2934 3329 facies
2974 3271 3185 3326 tetrica:
3217 3268 3362 3332 sint,
3393 3273 3451 3320 et
3486 3263 3724 3334 suspiria

2126 3369 2293 3425 veluti
2325 3382 2392 3424 ex
2428 3363 2704 3437 profundo
2737 3362 3049 3426 trahantur,
3082 3358 3311 3413 internae
3346 3353 3581 3409 flaturum
3613 3353 3724 3407 fer-

2125 3477 2312 3518 vorem
2335 3456 2718 3527 exprimentia.
2736 3452 2952 3510 Clamat
2972 3450 3135 3523 igitur
3158 3448 3372 3502 lumbus
3394 3442 3726 3507 Moabitidis,

2126 3557 2180 3615 id
2214 3565 2317 3618 est,
2352 3556 2406 3609 in
2439 3549 2722 3609 doloribus
2753 3555 2858 3611 est,
2885 3544 3104 3601 labores
3137 3552 3482 3611 auguresque
3515 3536 3725 3589 habens

2127 3646 2416 3702 intestinos
2475 3640 2786 3697 rumoribus
2842 3645 2973 3692 ante
3037 3632 3357 3706 perculsus,
3416 3628 3728 3697 bellumque

2129 3738 2371 3795 nondum
2419 3736 2745 3791 intentatum
2796 3727 3224 3800 persentiscens.
3258 3722 3525 3794 Cognovit
3579 3719 3727 3775 enim

2129 3832 2235 3887 hoc
2267 3830 2458 3885 anima
2487 3825 2626 3896 ejus.
2666 3823 2818 3879 Hanc
2865 3822 2937 3878 ob
2976 3835 3198 3877 causam
3237 3815 3643 3872 lamentabatur
3672 3821 3730 3867 et

2129 3921 2404 3979 clamabat
2432 3920 2485 3974 in
2515 3933 2576 3974 se
2606 3931 2776 3985 usque
2805 3914 2873 3970 ad
2908 3912 3103 3983 Segor.
3132 3908 3389 3965 nimirum
3426 3914 3536 3961 tota
3574 3903 3728 3974 regio

2130 4013 2442 4079 Moabitica,
2465 4021 2521 4066 et
2545 4023 2719 4079 usque
2742 4011 2811 4063 ad
2840 4007 2985 4077 ipsos
3012 4003 3293 4061 terminos.
3320 3999 3557 4055 Narrant
3580 3994 3730 4051 vide-

2132 4110 2260 4164 licet
2292 4107 2346 4162 in
2380 4105 2514 4175 ipsis
2546 4102 2749 4159 ﬁnibus
2777 4097 3138 4155 Moabitarum
3176 4093 3336 4149 sitam
3375 4103 3498 4146 esse
3532 4088 3730 4160 Segor.

2130 4198 2299 4268 Cujus
2332 4197 2496 4267 igitur
2536 4194 2615 4250 rei
2653 4192 2828 4264 gratia
2864 4191 2981 4246 hac
3013 4188 3062 4243 ei
3099 4184 3386 4242 accident?
3424 4183 3604 4238 V‘itula
3642 4190 3729 4236 est

2134 4287 2383 4343 triennis.
2407 4283 2627 4339 Tertius
2655 4296 2830 4337 annus
2854 4277 3225 4334 animantibus
3252 4275 3466 4330 ratione
3494 4272 3729 4327 carenti-

2131 4382 2258 4445 bus,
2275 4378 2342 4433 ad
2369 4375 2549 4431 mtatis
2570 4374 2784 4438 ﬂorem,
2805 4382 2860 4428 et
2883 4372 2950 4426 ad
2979 4381 3220 4424 maturas
3250 4367 3393 4422 vires
3418 4363 3729 4420 etiicieudas

2133 4470 2351 4528 sufﬁcit.
2383 4466 2572 4538 Itaque
2611 4476 2666 4521 et
2692 4480 2758 4521 eo
2791 4475 3035 4533 tempore
3066 4459 3274 4515 domari
3301 4458 3520 4515 debent.
3543 4455 3727 4525 Quan-

410 4572 749 4649 σφριγῶσαν
771 4574 958 4636 αὐτοῖς
980 4571 1382 4645 ὲνεργήσασθαι
1428 4569 1681 4641 δύναμιν.
1735 4567 2022 4638 Τοιγάρτοι

2136 4565 2230 4619 diu
2277 4575 2411 4633 ergo
2459 4557 2629 4613 vitula
2684 4565 2770 4611 est
2814 4552 2928 4625 jugi
2972 4551 3293 4621 inexperta,
3338 4547 3630 4603 lasciviens
3675 4554 3727 4599 et

411 4671 513 4727 καὶ
565 4668 665 4723 τοῦ
699 4668 901 4742 χρῆναι
927 4665 1269 4739 δαμάζεσθαι
1323 4666 1515 4738 καιρὸς
1565 4665 1753 4729 αὐτοῖς
1815 4661 2028 4727 ἐκεῖνός

410 4766 596 4818 ἐστιν.
650 4758 800 4825 Ἕως
854 4759 1038 4815 τοίνυν
1088 4758 1239 4813 ἐστὶν
1293 4758 1328 4830 ή
1366 4756 1602 4829 δάμαλις
1640 4754 2027 4829 ἀπειρόζυγος,

416 4852 726 4928 σφριγῶσά
789 4870 850 4907 τε
900 4854 999 4907 καὶ
1052 4852 1171 4917 νέα,
1225 4851 1321 4905 καὶ
1378 4849 1647 4922 ἀρτιφυὲς
1695 4848 2008 4920 ἐκφέρουσα

414 4953 478 5007 κέ
490 4968 620 5024 ρας,
664 4945 1091 5017 κατασκιρτῶσα
1111 4945 1221 4998 τῶν
1254 4943 1436 4997 αὐλῶν
1464 4943 1558 4997 καὶ
1586 4942 1698 4997 τῶν
1744 4940 2032 4996 ἐπαύλεων

414 5044 783 5112 κατορχεῖται
813 5038 1135 5102 πλειστάκις
1152 5053 1168 5069 ο
1196 5036 1422 5108 τοιαύτη
1451 5053 1534 5100 τις
1563 5035 1783 5105 γέγονεν
1804 5036 1838 5105 ἡ
1867 5035 2036 5088 Muta-

410 5134 621 5196 σιτῶν,
671 5130 1000 5202 ὲπιπηδῶσα
1037 5132 1153 5193 τοῖς
1206 5129 1398 5193 πέλας,
1459 5127 1551 5181 καὶ
1605 5123 2032 5197 ωτασκιρτῶσα

407 5230 529 5284 τῶν
566 5224 1001 5295 ἀσθενεστέρων.
1046 5221 1290 5296 ’Υψηλὴν
1337 5222 1394 5276 δὲ
1441 5215 1582 5276 εἶναί
1629 5238 1797 5292 φασιν
1835 5219 2031 5292 αὐτὴν,

411 5324 517 5379 καὶ⁵
539 5318 827 5393 λεωφόρον
850 5318 976 5372 τινά
1000 5316 1100 5388 τὴν
1140 5316 1433 5388 Ἀρωνιεὶμ
1466 5314 1610 5369 οὕτω
1662 5312 2031 5387 κεκλημένη-ι,

412 5411 789 5487 ἀνακομίζειν
815 5428 876 5464 τε
912 5413 993 5476 εἰς
1022 5409 1194 5480 αὐτὴν
1228 5409 1356 5473 τοὺς
1379 5407 1439 5472 ἐξ
1470 5406 1676 5478 ἐτέρων
1724 5406 1958 5477 ἥκοντας
1996 5403 2030 5474 ἢ

411 5510 641 5565 πόλεων
671 5504 940 5578 ἧχωρῶν.
972 5503 1091 5557 Ἐπ’
1118 5501 1290 5571 αὐτῆς
1312 5501 1514 5565 τοίνυν,
1545 5499 1701 5569 φησι,
1721 5496 2038 5570 τῆς·άνα6ά-

415 5618 569 5665 σεως
610 5600 713 5671 τῆς
760 5599 1084 5668 Ἀρωνιεὶμ,
1125 5594 1410 5657 κλαίοντες
1456 5592 1842 5665 ἀναϐήσονται.
1877 5589 2036 5658 Φωνὴ

2129 4649 2456 4726 juvencula,
2487 4657 2542 4705 et
2578 4659 2827 4703 tenerqu
2865 4659 2932 4700 ac
2966 4657 3166 4698 novum
3202 4655 3374 4697 cornu
3413 4637 3729 4708 proferens,

2131 4745 2413 4801 exsultans
2443 4758 2508 4798 ex
2535 4739 2706 4810 septis
2733 4747 2788 4792 ct
2819 4735 3103 4794 vestibulis
3132 4749 3198 4790 ac
3236 4729 3492 4795 stabulis,
3523 4729 3733 4786 saltitat

2132 4837 2293 4910 251
2342 4835 2659 4891 identidem.
2697 4830 2846 4886 Talis
2890 4828 3101 4884 exstitit
3145 4825 3431 4890 Moabitis,
3466 4824 3729 4879 insultans

2137 4928 2353 4994 vicinis,
2378 4935 2435 4982 et
2468 4927 2521 4981 in
2559 4923 2893 4979 inﬁrmiores
2926 4920 3192 4978 insiliens.
3230 4917 3513 4973 Excelsam
3549 4924 3729 4970 autem

2135 5023 2324 5076 dicunt
2352 5033 2496 5086 esse,
2521 5024 2576 5072 et
2605 5014 2925 5086 popularem
2953 5011 3200 5068 Aroniiut
3231 5021 3292 5065 ut
3323 5018 3570 5076 vocatur,
3596 5007 3729 5063 rcci-

2133 5128 2371 5186 pereque
2401 5117 2666 5182 quotquot
2699 5107 2766 5162 ad
2802 5121 2923 5160 eam
2959 5121 3026 5160 ex
3064 5105 3190 5160 aliis
3225 5120 3320 5159 seu
3357 5102 3606 5168 urbibus,
3634 5115 3730 5155 seu

2134 5207 2447 5280 regionibus
2472 5203 2760 5259 ventitant.
2787 5201 2977 5273 Igitur,
3003 5200 3102 5265 ait,
3128 5214 3197 5253 ex
3222 5211 3454 5252 ascensu
3481 5192 3729 5249 Aroniim

2131 5302 2324 5358 ﬂetttes
2349 5298 2666 5356 ascenderit.
2705 5296 2822 5351 Vox
2847 5307 3027 5349 autem
3051 5289 3297 5345 ﬂentium
3323 5300 3427 5352 est,
3473 5283 3729 5341 ουιιιι·ἱιίο

2132 5407 2188 5452 et
2233 5392 2541 5451 concussio.
2593 5389 2874 5460 Siquidem
2919 5388 3230 5443 clamaruut
3281 5383 3352 5439 oh
3404 5379 3729 5434 acerbitates

2135 5501 2429 5545 eventuras
2458 5502 2525 5540 ex
2558 5484 2720 5547 bello,
2749 5483 2890 5553 quod
2926 5478 3136 5536 scilicet
3167 5489 3358 5530 omnes
3394 5483 3501 5525 tam
3540 5469 3729 5531 urbes,

2137 5599 2300 5654 quam
2332 5583 2524 5637 domos
2555 5576 2821 5638 concutit,
2850 5584 2905 5630 et
2932 5573 3023 5644 qui
3055 5573 3107 5624 in
3142 5569 3207 5623 iis
3233 5577 3358 5621 sunt
3390 5561 3643 5619 conterit.

412 5701 621 5763 ὃὲτοίς
654 5695 927 5759 κλαίουσι,
980 5693 1302 5766 σύντριμμα
1357 5691 1453 5745 καὶ
1521 5688 1875 5760 συσσεισμὸς.
1907 5682 2441 5758 Προανακεκράγασι
2497 5675 2606 5750 γὰρ
2652 5675 2726 5729 τά
2784 5675 2851 5726 ἐκ
2895 5668 2992 5725 τοῦ
3045 5665 3284 5736 πολέμου
3336 5658 3733 5733 συμδησόμενα

416 5790 603 5862 πάθη,
638 5788 927 5863 μονονουχὶ
956 5784 1300 5847 συσσείοντος
1331 5781 1572 5848 ἅπαντα,
1615 5780 1800 5844 πόλεις
1835 5797 1897 5832 τε
1939 5777 2032 5832 καὶ
2069 5775 2277 5838 οἴκους,
2317 5772 2414 5826 καλ⁸
2451 5771 2576 5833 τοὺς
2603 5771 2660 5822 ἐν
2692 5767 2875 5829 αὐτοῖς
2906 5759 3305 5832 συντρίϐοντος.

504 5906 580 5963 Τὸ
623 5904 781 5976 ὕδωρ
816 5901 927 5973 τῆς
957 5897 1206 5971 Νεϐρεὶμ
1231 5898 1456 5970 ἔρημον
1490 5897 1686 5965 ἔσται,
1709 5897 1804 5954 καί
1833 5899 1865 5952 ὁ
1904 5898 2037 5967 χφ-
2128 5974 2133 5977 ν

2229 5892 2392 5952 Vens.
2432 5892 2486 5944 υ.
2521 5887 2669 5959 Aqua
2707 5882 2943 5939 Nemrim
2979 5880 3187 5934 deserta
3217 5874 3339 5945 erit,
3361 5885 3407 5931 et
3434 5869 3591 5928 hctba
3616 5866 3728 5939 ejus
