4060 6524
420 406 523 461 433

1410 402 1467 454 S.
1507 396 1783 455 CYRlLLI
1823 394 2295 452 ALEXANDRINI
2334 394 2656 451 ARCIIIEP.

3566 392 3663 447 4ῦῶ

422 520 623 591 deﬁciet
647 533 660 572 :
681 518 840 572 Iterba
870 519 1006 572 enim
1037 514 1220 571 uiridis
1254 529 1358 569 non
1392 516 1533 579 erit;
1563 514 1797 583 nunquid
1825 520 1871 564 et
1912 511 1988 563 sic

2120 527 2192 576 ὀς
2248 507 2437 577 αὐτῆς
2488 508 2788 575 ἐκλείψει·
2847 505 3062 575 χόρτος
3110 507 3218 575 γὰρ
3277 505 3507 573 χλωρὸς
3562 507 3666 563 οὐκ

422 614 566 669 debet
594 613 793 667 seruari
807 613 834 667 .’

499 706 693 761 Urbem
723 702 941 758 Nebrim
970 702 1066 776 [aL
1100 698 1367 773 Nemi-im]
1386 698 1612 767 positam
1632 712 1753 753 esse
1769 696 1921 751 aiunt
1945 698 1998 751 in

421 806 659 853 extrema
692 812 788 852 ora
817 797 1074 867 regionis,
1108 796 1241 871 mari
1264 794 1449 848 Rubro
1471 793 1725 854 vicinam,
1759 791 2003 858 adeoque

422 904 677 957 aquosam
697 899 751 944 et
770 887 1025 954 feracem,
1044 897 1102 942 ut
1130 886 1285 955 eq'uis
1309 885 1489 939 multis
1508 883 1784 937 abundare
1810 879 2017 949 possit,

423 982 650 1048 ideoque
679 994 801 1035 esse
827 981 991 1035 etiam
1023 977 1455 1049 pugnacissimos
1482 975 1752 1037 homines,
1773 972 2002 1026 trahere-

420 1085 525 1138 que
556 1073 860 1141 equitatum
912 1068 1146 1127 bellandi
1192 1069 1445 1138 peritum.
1510 1066 1589 1120 Ex
1636 1065 1817 1120 divina
1848 1076 1999 1132 ergo,

425 1163 615 1231 inquit,
668 1164 772 1227 ira,
797 1176 865 1217 ex
905 1163 1144 1216 hostium
1182 1161 1560 1230 impressione,
1592 1158 1850 1213 destituta
1896 1156 2003 1209 erit

423 1256 599 1321 aquis,
621 1255 888 1322 viridique
909 1254 1093 1310 herba.
1115 1254 1229 1320 Quo
1240 1268 1370 1309 sane
1388 1250 1764 1322 iacto,jacebit
1781 1249 2003 1304 utnnino

426 1350 501 1401 lci
531 1347 788 1402 militaris
814 1347 1068 1411 scientia,
1102 1345 1333 1401 sublatis
1361 1354 1487 1399 ante
1517 1342 1696 1411 equis,
1724 1355 1791 1395 ac
1820 1338 2003 1394 inedia

426 1440 844 1497 intereuntibus.
898 1440 967 1493 At
1009 1439 1054 1494 si
1107 1440 1242 1501 hoc,
1278 1436 1476 1507 inquit,
1523 1434 1792 1499 ﬁat,num
1838 1432 2006 1501 igitur

426 1530 534 1584 alto
557 1530 624 1583 de
659 1545 720 1585 se
757 1546 819 1585 ac
867 1541 977 1585 tam
1017 1529 1305 1599 magniﬁce
1349 1526 1588 1581 sentiet?
1617 1523 1757 1579 Num
1802 1524 1849 1579 si
1902 1522 2006 1577 hoc

425 1623 737 1690 contigeris,
769 1623 1096 1687 servabitur,
1144 1632 1200 1676 et
1238 1621 1582 1675 inimicorum
1629 1632 1823 1672 manus
1866 1615 2005 1671 eﬂ'u-

427 1716 571 1784 εἰοιῖ
601 1714 789 1769 Fracta
816 1716 959 1769 enim
990 1724 1045 1769 et
1066 1715 1338 1768 exstincta
1372 1727 1563 1768 eorum
1591 1711 1857 1781 potentia.
1885 1723 2005 1778 qua!

427 1811 639 1862 demum
671 1809 776 1862 erit
801 1821 927 1877 spes
954 1807 1190 1862 salutis?

504 2073 667 2127 Vnus.
704 2071 820 2127 7-9.
865 2071 1125 2127 Iudaeam
1172 2072 1310 2125 enim
1346 2071 1400 2123 in
1450 2070 1635 2123 vallem
1680 2068 1910 2135 Arabes,
1961 2076 2009 2121 et

427 2169 639 2235 capient
691 2184 827 2220 eam.
890 2164 1108 2236 Pertigit
1163 2167 1301 2219 enim
1358 2164 1559 2218 clamor
1607 2164 1676 2216 ad
1729 2164 2009 2217 terminum

432 2259 737 2312 Moabitidis
767 2258 1020 2328 Agallim;
1052 2267 1102 2312 et
1128 2256 1352 2327 ejulatio
1378 2257 1492 2326 ejus
1524 2273 1682 2326 usque
1702 2256 1770 2309 ad
1794 2264 2009 2323 puteum

432 2349 593 2404 Elim.
612 2351 760 2419 Aqua
783 2349 1049 2404 Rhembon
1077 2348 1172 2422 [ιιι.
1197 2347 1407 2421 Dimou]
1428 2348 1709 2416 replebitur
1730 2348 2008 2416 sanguine.

434 2442 692 2496 inducam
739 2444 877 2497 enim
929 2459 1085 2507 super
1141 2441 1406 2495 Iibembon
1457 2442 1677 2494 Arabes.
1723 2437 1791 2493 Et
1827 2441 2010 2493 toltam

426 2547 599 2585 srmen
646 2530 804 2586 Moab
846 2543 892 2585 et
927 2532 1091 2586 Ariel.
1131 2529 1198 2584 Et
1252 2532 1519 2589 residuum
1560 2529 1764 2585 Atlanta
1804 2531 2009 2583 mittam

433 2639 685 2693 tanquam
726 2624 934 2692 repttlia
967 2641 1124 2692 super
1159 2633 1375 2679 terram.

501 2808 690 2863 Partes
721 2807 1184 2862 Damascenorum
1217 2808 1285 2861 ad
1316 2808 1578 2860 Austrum
1619 2806 1858 2863 maxime
1888 2822 2013 2861 vcr-

429 2909 639 2969 gentes,
674 2900 1096 2955 innumerabilia
1141 2913 1344 2969 genera
1386 2913 1575 2953 eorum
1609 2899 1701 2967 qui
1750 2898 2014 2954 Saraceni

432 3001 714 3053 vocantur,
772 2988 1011 3043 incolere
1057 2989 1278 3052 dicunt,
1327 2998 1381 3043 et
1429 2989 1495 3042 ad
1544 2988 1787 3043 Persium
1841 3002 2015 3057 usque

433 3077 659 3145 porrigi.
705 3078 769 3132 lli
798 3093 948 3132 arma
985 3075 1353 3141 contulerunt,
1392 3078 1689 3147 copiasque
1714 3077 2015 3146 junxerunt

432 3184 557 3223 cum
593 3168 922 3241 Babyloniis,
956 3178 1011 3224 et
1055 3168 1296 3238 populati
1330 3179 1455 3223 sunt
1494 3167 1842 3227 Moabitidem
1875 3188 1890 3226 :
1923 3186 2012 3226 se-

432 3262 744 3330 quebantur
782 3264 983 3334 quippe
1011 3273 1067 3318 et
1095 3262 1221 3334 ipsi,
1258 3263 1385 3318 licet
1414 3278 1482 3319 ex
1512 3278 1576 3318 ea
1610 3274 1771 3333 gente
1803 3276 2012 3331 essent,

439 3353 908 3426 Moabitarumque
940 3357 1129 3412 vicini.
1170 3355 1361 3412 Vocati
1392 3367 1521 3412 sunt
1548 3359 1692 3412 enim
1722 3358 1775 3413 hi
1799 3374 2019 3429 quoque

435 3446 661 3500 Arabes.
689 3444 1020 3516 Capiendum
1068 3448 1250 3517 itaque
1281 3448 1413 3502 dicit
1439 3445 1663 3503 Neurim
1701 3466 1714 3503 :
1764 3450 2016 3504 inducam

434 3537 578 3588 enim
608 3550 775 3604 super
825 3537 1013 3591 vallem
1059 3537 1291 3602 Arabes,
1323 3547 1378 3592 et
1407 3540 1624 3607 capient
1659 3538 1821 3611 252
1866 3555 2011 3595 eam.

446 3626 673 3692 Vallem,
712 3637 772 3681 ut
799 3628 1030 3689 videtur,
1055 3629 1278 3683 Neurim
1306 3629 1570 3696 nominat,
1590 3634 1787 3700 quippe
1813 3647 1937 3701 qua:
1966 3635 2017 3686 in

436 3734 679 3774 turicavo
715 3718 833 3774 loco
868 3720 971 3774 sita
1015 3721 1105 3783 sit,
1145 3720 1399 3775 nimirum
1443 3736 1567 3776 cum
1613 3722 1733 3778 alite
1773 3724 1935 3780 urbes
1969 3725 2020 3779 in

438 3812 606 3868 altum
637 3821 861 3877 evectae,
890 3822 945 3866 et
976 3812 1030 3866 in
1065 3812 1341 3867 montibus
1377 3815 1567 3883 positae
1595 3816 1722 3869 sint.
1752 3814 2020 3883 Quoniam

438 3920 568 3960 vero
593 3918 698 3958 non
730 3919 854 3974 pars
884 3903 1243 3959 Hoabitarum
1278 3905 1420 3960 bello
1449 3910 1632 3963 attrita
1657 3919 1760 3971 est,
1790 3910 1883 3963 sed
1911 3920 2021 3963 tota

437 3996 665 4052 nitiuino
693 4011 757 4050 ac
787 3996 841 4051 in
876 4007 1045 4051 totum
1078 4010 1444 4067 conquassata
1475 4013 1580 4067 est,
1616 4011 1671 4056 et
1713 4003 1766 4056 iu
1815 4016 2021 4057 morem

439 4088 577 4143 ebrii
617 4090 855 4158 jactata;
910 4089 1031 4143 ideo
1080 4091 1255 4160 inquit
1298 4106 1329 4145 a
1366 4091 1563 4147 linibus
1602 4095 1668 4148 ad
1723 4094 1859 4148 ﬂues
1897 4109 2022 4164 per-

443 4192 728 4236 venturum
756 4183 1072 4247 clamorem,
1101 4183 1425 4237 ululantium
1453 4185 1704 4241 videlicet
1732 4194 1786 4241 cl
1809 4202 2021 4253 eorum,

442 4275 532 4343 qui
558 4290 744 4329 casum
768 4275 1111 4345 pereuntium
1145 4276 1288 4330 soliti
1313 4287 1440 4331 sunt
1468 4278 1770 4348 deplorare.
1800 4278 2027 4349 Pertigit

439 4370 586 4424 enim
610 4370 835 4435 clamor,
866 4370 1058 4439 inquit,
1087 4371 1376 4424 terminum
1409 4369 1737 4435 Moabitidis,
1772 4372 2024 4439 Agallim,

443 4471 497 4515 et
543 4461 764 4530 eiulatio
810 4461 930 4529 ejus
977 4476 1149 4530 usque
1195 4463 1262 4516 ad
1309 4474 1527 4530 puteum
1576 4464 1735 4517 Elim.
1782 4462 2027 4517 Extimas

2099 601 2291 664 ἔσται,
2324 600 2412 670 μὴ
2446 599 2546 653 καὶ
2572 599 2760 664 οὕτως
2807 597 3022 666 μέλλει
3054 595 3363 664 σωθῆναι;

2170 693 2332 746 Πόλιν
2371 687 2509 745 εἷναί
2549 707 2681 761 φασι
2735 689 2835 762 τὴν
2884 688 3129 761 Νεϐρεὶμ
3164 688 3423 759 κειμένην
3470 688 3563 758 μὲν
3615 689 3669 742 ὲν

2100 785 2381 854 ἐσχατιαῖς
2393 784 2491 854 τῆς
2510 781 2714 855 χώρας,
2730 780 3053 852 γειτνιῶσαν
3075 779 3318 850 θαλάσσῃ
3346 781 3411 849 τῇ
3445 777 3693 851 Ἐρυθρᾷ,

2102 874 2322 945 εὔυδρον
2350 874 2407 928 δὲ
2436 872 2609 937 οὕτως
2632 873 2726 926 καὶ
2751 872 2991 936 εὔϐοτον,
3014 872 3087 936 ὡς
3118 870 3213 924 καὶ
3235 871 3399 923 ἵππον
3423 868 3670 922 δύνασθαι

2111 966 2413 1037 κεκτῆσθαι
2448 965 2650 1035 πολλὴν
2681 966 2810 1028 τοὺς
2839 965 2897 1016 ὲν
2927 964 3085 1034 αὐτῇ·
3121 962 3290 1033 ταύτῃ
3312 979 3392 1015 τοι
3422 962 3514 1014 καλ¹
3541 954 3670 1013 εἶναι

2107 1055 2547 1127 μαχιμωτάτους,
2583 1055 2727 1125 ἔχειν
2752 1071 2811 1106 τε
2842 1053 2940 1124 τὴν
2993 1052 3158 1106 ἵππον
3191 1050 3671 1123 ὲμπειροπὸλεμον.

2116 1149 2211 1202 Ἐκ
2256 1147 2407 1211 θείας
2431 1147 2631 1210 τοίνυν,
2670 1146 2856 1217 φησὶν,
2883 1145 3073 1218 ὀργῆς,
3117 1146 3182 1198 ὲκ
3220 1144 3321 1214 τῆς
3372 1143 3482 1198 τῶν
3526 1143 3675 1196 πολε-

2106 1240 2244 1309 μίων
2269 1239 2482 1308 ἐφόδου,
2536 1238 2741 1310 ἔρημος
2784 1237 2937 1303 ἔσται
2966 1238 3060 1290 καὶ
3084 1237 3295 1291 ὑδάτων
3343 1237 3438 1289 καὶ
3488 1237 3674 1306 χόρτου

2104 1331 2338 1404 χλωροῦ.
2370 1325 2448 1388 Ob
2471 1330 2536 1403 δὴ
2563 1330 2869 1401 γεγονότος,
2912 1331 3167 1399 ὰτονήσει
3216 1330 3439 1392 πάντως
3492 1330 3523 1400 ἡ
3576 1329 3675 1380 τῶν

2102 1424 2376 1479 τακτικῶν
2414 1424 2674 1495 ἐμπειρία
2708 1422 3178 1494 προανῃρημένων
3209 1421 3321 1474 τῶν
3355 1422 3557 1485 ἵππων,
3595 1422 3678 1474 καὶ

2104 1516 2431 1570 διολωλότων
2456 1515 2561 1569 ὑπὸ
2590 1515 2768 1587 λιμοῦ.
2816 1514 2957 1568 Ἀλλ’
2988 1517 3036 1567 εἰ
3082 1513 3239 1567 τοῦτο
3268 1516 3497 1583 γένοιτο,
3532 1514 3677 1583 φησὶ,

2108 1607 2183 1680 μὴ
2210 1609 2319 1679 ἄρα
2355 1609 2613 1679 φρονήσει
2645 1608 2791 1678 μέγα
2842 1609 2935 1661 καὶ
2971 1606 3145 1668 οὕτως
3197 1608 3282 1676 ἐφ’
3332 1607 3571 1677 ὲαυτῆςς
3612 1608 3678 1678 μὴ

2106 1702 2296 1756 τούτου
2334 1701 2742 1771 συμϐεϐηκότος
2793 1700 2975 1772 μέλλει
3021 1699 3283 1777 σωθῆναι,
3322 1698 3416 1753 καὶ
3460 1698 3555 1762 τὰς
3580 1697 3681 1752 τῶν

2108 1794 2383 1865 πολεμίων
2440 1792 2723 1864 διαδράναι
2774 1795 2999 1863 χεῖρας;
3062 1790 3526 1863 προανῃρημένης
3582 1789 3682 1862 γὰρ

2042 1878 2082 1935 Β
2112 1886 2290 1941 αὐτῶν
2322 1885 2420 1955 τῆς
2455 1884 2656 1955 ἰσχύος,
2679 1882 2807 1937 ποία
2828 1900 2908 1945 τις
2932 1881 3084 1936 ἔσται
3107 1881 3296 1934 λοιπὸν
3323 1881 3357 1951 ἡ
3384 1880 3485 1950 τῆς
3522 1897 3682 1951 σωτη-

2112 1980 2235 2050 ρίας
2274 1977 2427 2042 ἐλπίς
2444 1996 2459 2045 ;

2196 2069 2428 2136 Ἔπάξω
2475 2072 2586 2141 γὰρ
2643 2069 2745 2124 ἐπὶ
2789 2069 2907 2137 τὴν
2943 2068 3218 2139 φάραγγα
3273 2070 3541 2138 Ἄραϐας,
3594 2067 3683 2121 καὶ

2111 2162 2415 2233 λήψονται
2460 2163 2677 2232 αὐτὴν.
2728 2161 2976 2232 Συνῆψε
3014 2162 3053 2231 ἡ
3090 2162 3214 2230 ,ϐοὴ
3261 2161 3331 2216 τὸ
3389 2161 3551 2232 ὄριον
3585 2160 3685 2226 τῆς

2112 2254 2474 2322 Μωαϐίτιδος
2496 2255 2608 2324 τῆς
2635 2256 2970 2325 Ἄγαλλεὶμ,
3003 2255 3103 2309 καὶ
3130 2254 3480 2326 ὀλολυγμὸς
3510 2251 3685 2321 αὐτῆς

2111 2349 2222 2417 ἕως
2246 2350 2352 2405 τοῦ
2373 2347 2627 2419 φρέατος
2642 2348 2750 2403 τοῦ
2790 2348 3008 2418 Ἐλείμ.
3050 2348 3117 2403 Τὸ
3141 2348 3209 2402 δὲ
3239 2347 3404 2416 ὕδωρ
3430 2346 3495 2400 τὸ
3534 2346 3682 2415 Ῥεμ-

2106 2442 2234 2513 μὼρ
2250 2443 2669 2512 πλησθήσεται
2693 2442 2960 2512 αἵματοςο
2980 2440 3181 2506 ἐπάξω
3203 2440 3322 2511 γὰρ
3333 2440 3432 2495 ἐπὶ
3452 2438 3684 2509 Ῥεμμὼρ

2117 2537 2388 2604 Ἄραϐας.
2420 2535 2528 2590 Καὶ
2553 2532 2674 2603 ἀρῶ
2712 2534 2775 2588 τὸ
2799 2531 3043 2603 σπέρμα
3084 2533 3289 2597 Μωὰϐ,
3340 2532 3441 2586 καὶ
3483 2530 3684 2599 Ἀριὴλ,

2115 2627 2211 2681 καὶ
2244 2626 2310 2680 τὸ
2340 2625 2713 2681 κατάλοιπον
2752 2623 2986 2695 Ἀδαμα
3014 2624 3345 2680 ἀποστελῶ
3377 2625 3456 2691 ὡς
3483 2620 3687 2694 ἑρπετὰ

2114 2720 2213 2773 ἐπὶ
2239 2719 2351 2790 τῆς
2382 2718 2517 2789 γῆς.

2186 2812 2269 2867 Τὰ
2324 2810 2626 2866 νοτιώτατα
2671 2810 2812 2882 μέρη
2884 2809 2991 2865 τῶν
3049 2809 3438 2880 Δαμασκηνῶν
3483 2806 3693 2863 κατανέ-

2120 2905 2314 2979 μεσθαί
2339 2922 2472 2974 φασι
2509 2903 2581 2957 τὰ
2626 2900 2736 2956 τῶν
2765 2901 3115 2972 καλουμένων
3153 2900 3497 2973 Σαρακηνῶν
3526 2897 3695 2970 ἀναρί-

2118 2998 2302 3071 θμητα
2321 2998 2477 3066 γένη,
2508 2995 2603 3050 καὶ
2632 2993 2792 3065 μέχρι
2829 2994 2996 3064 αὐτῆς
3017 2993 3429 3065 παρατείνοντα
3453 2994 3545 3066 τῆς
3569 2993 3695 3062 Περ-

2120 3094 2249 3146 σῶν.
2304 3089 2470 3144 Αὐτοὶ
2532 3086 2932 3151 συνωπλίζοντο
2983 3088 3095 3150 τοῖς
3153 3085 3542 3150 Βαϐυλωνίοις,
3613 3083 3695 3137 καὶ

2120 3183 2414 3254 κατεδῄουν
2453 3182 2552 3252 τὴν
2592 3178 2901 3234 Μωαϐιτῶν
2928 3195 2940 3208 ·
3002 3178 3218 3232 εἵποντο
3266 3179 3381 3251 γᾶρ
3431 3177 3522 3231 καὶ
3553 3175 3690 3230 αὐτοὶ

2120 3277 2298 3331 καίτοι
2329 3275 2470 3345 τάχα
2518 3290 2620 3326 που
2664 3271 2760 3325 καὶ
2789 3272 2945 3340 γένος
2986 3270 3158 3336 ὄντες,
3211 3273 3311 3324 καὶ
3358 3270 3588 3340 γείτονες
3630 3268 3687 3338 τῇ

2119 3368 2446 3425 Μωαϐιτῶν.
2498 3363 2779 3436 Κέκληντο
2823 3363 2932 3436 γὰρ
2972 3364 3067 3417 καὶ
3118 3364 3364 3436 ’Ἄραϐες
3398 3364 3488 3417 καὶ
3532 3358 3687 3416 αὐτοί.

2120 3459 2507 3533 Ληφοήσεσοαι
2534 3460 2714 3513 τοίνυν
2745 3460 2877 3530 φησὶ
2906 3456 3005 3530 τὴν
3031 3456 3283 3528 Νεϐρείμ
3307 3477 3319 3488 ·
3359 3455 3569 3521 Ἐπάξω
3596 3453 3691 3524 γὰρ

2120 3555 2215 3609 ἐπὶ
2243 3554 2342 3626 τὴν
2384 3554 2666 3623 φάραγγα.
2726 3548 2997 3622 Ἄραϐας,
3058 3549 3153 3602 καὶ
3203 3548 3467 3619 λήψονται
3517 3546 3687 3615 αὐτήν.

2119 3649 2406 3720 Φάραγγα,
2451 3646 2508 3699 δὲ
2552 3644 2692 3698 κατὰ
2726 3643 2786 3698 τδ
2831 3644 3000 3707 εἰκὸς,
3036 3642 3297 3713 ὀνομάζει
3320 3643 3415 3715 τὴν
3446 3640 3686 3713 Νεϐρεὶμ,

2121 3740 2211 3796 διὰ
2244 3740 2305 3792 τὸ
2344 3740 2403 3793 ἐν
2450 3737 2616 3809 κοίλῳ
2658 3736 2870 3790 κεῖσθαι
2901 3736 3071 3807 τόπῳ.
3117 3735 3317 3789 Καίτοι
3366 3735 3472 3788 τῶν
3510 3733 3687 3804 ἑτέρων

2124 3833 2332 3888 πόλεων
2356 3831 2610 3903 ῄρμένων
2641 3827 2799 3898 ὑψοῦ,
2838 3828 2932 3882 καὶ
2962 3829 3019 3881 ἐν
3053 3826 3237 3900 ὄρεσιν
3271 3827 3467 3882 οὐσῶν.
3498 3821 3694 3890 Ἐπειδὴ

2124 3926 2180 3979 δὲ
2212 3927 2274 3979 οὐ
2300 3924 2467 3995 μέρος
2502 3916 2571 3993 ἦν
2600 3922 2698 3993 τῆς
2726 3920 3034 3976 Μωαϐιτῶν
3074 3919 3135 3973 τὸ
3158 3918 3236 3990 τῷ
3274 3920 3494 3990 πολέμῳ
3526 3930 3692 3970 συντε-

2123 4036 2211 4088 τρι
2222 4017 2446 4089 μμένον,
2470 4014 2585 4069 ἀλλ’
2610 4014 2705 4087 ὅλη
2742 4014 2808 4068 δι’
2835 4013 2956 4067 ὅλου
2983 4011 3319 4084 κατεδονήοη
3344 4030 3402 4065 τε
3428 4011 3519 4064 καὶ
3553 4003 3698 4061 σεσά-

2126 4110 2314 4164 λευται
2349 4108 2640 4181 μεθύοντος
2667 4108 2851 4172 δίκην·
2904 4104 3079 4177 ταύτῃ
3128 4121 3209 4156 τοι
3252 4104 3419 4173 φησιν
3454 4096 3698 4169 ὲκἿτερά-

2126 4219 2235 4256 των
2275 4203 2356 4264 εἰς
2387 4200 2599 4271 πέρατα
2632 4195 3072 4269 συναφῦήσεσθαι
3132 4198 3231 4265 τήν
3269 4195 3420 4265 βοὴν,
3468 4191 3570 4245 τῶν
3595 4187 3700 4241 ὀλο-

2127 4295 2397 4361 λυζὸντων
2426 4291 2689 4364 δηλονότι,
2727 4290 2822 4344 καὶ
2842 4289 2933 4342 τὶν
2967 4290 3079 4351 τοῖς
3104 4286 3430 4340 ἀπολεῖσθαι
3461 4283 3699 4355 μέλλουσι

2129 4389 2326 4462 θρῆνον
2387 4386 2687 4457 ἐκμελετᾷν
2747 4383 3035 4436 εἰωθότων.
3077 4379 3291 4450 Συνῆψε
3320 4378 3429 4451 γὰρ
3456 4379 3489 4447 ἡ
3525 4373 3616 4446 βοὴ
3649 4369 3704 4423 τὸ

2130 4483 2276 4552 ὅριον
2306 4481 2404 4550 τῆς
2436 4477 2799 4540 Μωαϐίτιοος,
2833 4476 2988 4547 φησὶ,
3011 4475 3110 4545 τῆς
3146 4472 3462 4543 “Tanain,
3491 4466 3704 4523 29.167.0-

445 4564 626 4608 antem
667 4558 852 4617 urbes,
878 4565 936 4608 et
987 4554 1039 4606 in
1071 4555 1202 4622 ipsis
1234 4554 1436 4609 locatas
1467 4555 1713 4611 terminis
1745 4557 2018 4611 nominat:

2135 4569 2341 4639 λυγμὸς
2374 4568 2542 4638 αὐτῆς
2573 4568 2678 4629 ἓως
2708 4565 2801 4619 τοῦ⁹
2835 4566 3071 4637 φρέατος
3103 4564 3194 4619 τοῦ
3240 4563 3450 4634 Ἐλείμ.
3504 4559 3611 4621 Τὰς
3653 4552 3705 4608 δὲ

444 4646 699 4716 Agallim,
751 4647 996 4721 inquam,
1037 4656 1092 4699 et
1142 4657 1362 4714 puteum
1416 4646 1576 4702 Elim.
1641 4647 1891 4716 Cumque
1941 4646 2028 4701 la-

449 4750 690 4794 tneutum
728 4754 825 4807 per
868 4753 1062 4792 omnes
1109 4738 1419 4807 provincias
1470 4739 1762 4795 tollendum
1808 4754 2029 4793 assere-

450 4840 659 4897 rasset,
717 4832 793 4886 uti
846 4830 1126 4893 dicebam,
1185 4831 1307 4885 inde
1357 4831 1432 4884 ait
1478 4848 1493 4887 :
1534 4833 1685 4901 Aqua
1742 4829 2029 4885 Rhembon

450 4925 761 4995 implebitur
785 4926 1069 4994 sanguine.
1088 4923 1320 4979 Maxime
1344 4934 1525 4978 autem
1547 4926 1809 4995 irriguam
1829 4922 2033 4980 Rhem-

450 5023 554 5073 hon
600 5032 724 5073 esse
773 5018 1081 5086 perhibent.
1128 5020 1236 5073 Sed
1284 5018 1581 5088 replebitur
1620 5018 1906 5087 sanguine,
1950 5019 2031 5072 in-

454 5112 592 5180 quit,
617 5111 722 5164 hoc
748 5111 956 5165 scilicet
980 5112 1188 5177 dicens,
1213 5115 1356 5181 quod
1384 5112 1604 5179 sanguis
1637 5110 1758 5164 belli
1790 5121 2034 5181 tempore

451 5208 926 5272 occumbentium,
980 5222 1102 5262 cum
1153 5207 1406 5278 largitate
1455 5215 1510 5260 et
1563 5205 1717 5273 copia
1769 5220 2033 5274 aquarum

451 5301 765 5366 contendet,
802 5309 855 5354 et
904 5299 1173 5354 rubefacti
1223 5298 1564 5368 apparebunt
1616 5295 1786 5362 ﬂuvii,
1836 5297 2035 5353 diﬂ'un-

454 5398 719 5466 deturque
769 5410 908 5463 aqua
963 5402 1152 5459 [οτι-αδ,
1201 5408 1304 5445 non
1342 5390 1455 5458 jam
1502 5407 1674 5458 pura,
1729 5407 1833 5445 non
1885 5408 2037 5457 aqua:

455 5489 693 5557 speciem
729 5489 958 5553 habens,
994 5486 1089 5541 sed
1128 5484 1327 5540 diversi
1372 5483 1588 5550 coloris,
1620 5495 1673 5540 et
1719 5486 2030 5555 sanguinea.

454 5581 893 5651 Capieudamque
935 5595 1055 5633 eam
1103 5578 1176 5632 ait
1214 5576 1280 5631 ab
1327 5577 1618 5641 Arabibus,
1652 5588 1709 5631 ut
1746 5588 1914 5632 totum
1952 5595 2036 5632 se-

456 5688 581 5728 men
614 5672 799 5741 Muab,
849 5684 903 5730 et
949 5672 1114 5740 Aricl,
1154 5671 1392 5733 tollatur,
1444 5671 1494 5725 id
1534 5681 1637 5734 est,
1683 5671 1941 5742 perdatur
1985 5680 2038 5725 et

457 5766 797 5822 conﬁciatur.
836 5765 904 5820 Et
940 5766 1212 5821 residuum
1252 5763 1493 5829 mittam,
1536 5764 1730 5834 inquit,
1761 5763 1906 5818 velut
1948 5778 2032 5817 re-

459 5859 611 5932 ptilia
640 5873 804 5930 super
839 5870 1061 5916 terram.
1101 5855 1203 5924 Qui
1233 5856 1376 5914 enim
1410 5866 1536 5917 sunt
1565 5873 1716 5917 acres
1747 5866 1800 5915 et
1833 5856 2035 5923 acerbi,

1248 5988 1251 5991 ‹
1303 5985 1310 5991 -
1354 5986 1360 5993 ο
1405 5990 1410 5995 ν
1456 5987 1463 5994 ο

2135 4660 2237 4725 ἔξω
2270 4659 2471 4722 πόλεις,
2525 4658 2620 4712 καὶ
2656 4657 2741 4711 ἐπ’
2779 4660 2962 4721 αὐτοῖς
3014 4659 3125 4720 τοῖς
3174 4657 3413 4727 τέρμασι
3463 4651 3707 4721 κειμένας

2134 4748 2409 4822 ὀνομάζει,
2445 4749 2545 4820 τήν
2569 4766 2629 4801 τε
2668 4748 2961 4819 ’Λγαλλεὶμ
2996 4767 3159 4820 φημι,
3203 4748 3299 4801 καὶ
3329 4747 3388 4799 τὸ
3422 4745 3595 4817 φρέαρ
3621 4736 3705 4793 τοῦ

2149 4830 2353 4911 Ἑλείμ.
2395 4837 2680 4892 Τεθεῖσθαι
2712 4837 2768 4891 δὲ
2809 4838 2899 4890 τὸν
2948 4837 3145 4908 Θρῆνον
3185 4837 3264 4899 εἰς
3316 4837 3493 4889 πᾶσαν
3542 4827 3707 4884 αὐτῶν

2135 4935 2234 5007 τὴν
2259 4933 2441 5005 χώραν
2476 4931 2976 5002 διαϐεϐαιούμενος,
3017 4931 3092 4995 ὡς
3145 4930 3302 5001 ἔφην,
3347 4926 3465 4982 εἶτά
3516 4940 3703 4995 φησιν,

2137 5028 2217 5080 ὅτι
2267 5024 2341 5077 Τὸ
2391 5024 2535 5095 ὕδωρ
2583 5023 2646 5077 τὸ
2707 5021 2965 5093 Ῥεμμὼν
3025 5021 3402 5092 πλησθήσεται
3466 5020 3703 5087 αἵματος.

2149 5116 2537 5189 Ἐνυδροτὰτην
2588 5114 2644 5168 δὲ
2703 5110 2840 5168 εἶναι
2883 5113 3040 5182 λόγος
3090 5115 3186 5185 τὴν
3222 5111 3496 5185 Ῥεμμὼν.
3560 5101 3707 5159 ’Λλλὰ

2140 5210 2529 5282 πλησθήσεται,
2565 5209 2751 5280 φησὶν,
2783 5208 3033 5278 αἵματος,
3078 5209 3254 5265 ἐκεῖνό
3286 5226 3387 5260 που
3417 5205 3603 5273 λέγων,
3633 5199 3704 5251 ὅτι

2139 5306 2257 5367 ταῖς
2306 5302 2413 5355 τῶν
2457 5303 2666 5355 ὑδάτων
2710 5300 3008 5370 δαψιλείαις
3040 5301 3409 5371 φιλονεικήσει
3457 5295 3592 5350 κατὰ
3624 5288 3705 5342 τὸν

2140 5393 2236 5448 τοῦ
2280 5392 2518 5463 πολέμου
2564 5391 2754 5463 καιρὸν
2798 5393 2906 5444 τῶν
2939 5392 3249 5445 πιπτόντων
3298 5390 3361 5442 τὸ
3412 5382 3577 5456 αἷμα·
3619 5375 3702 5431 καὶ

2143 5484 2551 5555 πεφοινιγμένοι
2608 5482 2706 5552 μὲν
2758 5482 3085 5553 ὀφΟὴσονται
3133 5479 3388 5550 ποταμοὶ,
3453 5484 3703 5529 κατασκε-

2140 5580 2472 5651 δασθήσεται
2515 5580 2572 5633 δὲ
2622 5579 2722 5648 τῆς
2752 5579 2856 5648 γῆς
2895 5578 2954 5630 τδ
2992 5575 3159 5645 ὕδωρ,
3211 5571 3396 5624 οὐκέτι
3458 5557 3699 5651 καθαρὸν,

2142 5669 2261 5722 οὔτε
2295 5669 2400 5741 μὴν
2432 5668 2623 5731 ὓδατος
2650 5668 2771 5738 ὄψιν
2793 5668 2933 5738 ἕχον,
2958 5664 3072 5719 ἀλλ’
3094 5662 3415 5734 έτερόχρουν
3439 5655 3528 5707 καὶ
3552 5649 3702 5741 αἱμα·

2145 5762 2362 5827 τοειδές.
2384 5761 2771 5833 Ληφθὴσεσθαι
2793 5759 2849 5813 δὲ
2872 5759 2967 5813 καὶ
2989 5756 3159 5827 αὐτὴν
3180 5755 3237 5822 ἐξ
3268 5752 3323 5804 Ἀ
3336 5748 3511 5820 ρὰὅων
3530 5738 3701 5811 φησῖνο

2146 5856 2282 5911 (bat:
2314 5856 2457 5911 ἅπαν
2482 5857 2579 5925 μὲν
2614 5854 2833 5926 σπέρμα
2861 5852 3050 5920 Marsi},
3074 5854 3163 5906 mi.
3205 5844 3385 5919 Ἀριῆλ
3410 5834 3699 5910 tauriita"
