4060 6460
353 364 479 418 405

1529 373 1590 426 ΙΝ
1638 373 1871 427 ιδλιριδι
1906 374 2031 428 LIB.
2077 375 2136 430 Il.
2176 375 2411 433 TOMUS
2451 376 2537 434 Ill.

3558 375 3661 428 406

349 481 514 535 τοῦτ’
568 483 735 550 ἔστιν,
771 490 1068 547 ἀπολέσθαι
1103 513 1162 548 τε
1196 497 1290 549 καὶ
1343 496 1740 567 δαπανηθῆναι.
1793 497 1868 549 Τὸ
1909 512 1972 564 γε

2093 511 2293 567 semper
2333 498 2486 552 ibunt
2521 498 2574 550 in
2606 497 2999 566 captivitatem,
3040 496 3185 550 velut
3229 501 3510 563 serpentes
3544 493 3663 560 qui-

351 571 474 642 μὴν
513 575 985 651 ὑπολελειμμένον
1036 586 1340 653 ἀποστελῶ,
1397 589 1603 659 φησὶν,
1653 588 1728 651 ὼς
1769 586 1974 656 ἑρπετὰ

347 669 454 720 ἐπὶ
502 669 613 740 τῆς
643 672 769 744 γῆς.
801 676 996 749 Πικροὶ
1023 679 1132 752 ¹ίάρ
1161 681 1315 746 ὄντες
1345 682 1434 736 ἀεὶ
1481 682 1788 753 βαδιοῦνται
1837 681 1974 754 πρὸς

352 762 782 831 αἰχμαλωσίαν,
829 771 1083 845 καθάπερ
1124 775 1270 839 τινὲς
1302 777 1456 846 ὄφεις
1503 779 1626 842 ταῖς
1667 778 1832 832 τινῶν
1870 780 1974 832 έπ-

360 854 532 924 ῳὸαἶς
559 861 1019 930 γεγοητευμένοι,
1049 867 1141 918 καὶ
1163 860 1273 920 οἷον
1293 867 1792 934 ἀπονυστάξαντες,
1820 870 1898 930 είς
1914 869 1976 921 τὸ

372 949 663 1020 ἀσυνήθως
691 953 924 1026 ἥμερον.
965 957 1038 1010 Τὸ
1082 959 1276 1030 γάρτοι
1306 962 1484 1029 λέγειν
1527 961 1858 1025 Ἀποστελῶ,
1913 962 1976 1014 τὸ

378 1042 656 1113 ἐκπέμψαι
687 1045 860 1118 δηλοῖ.
889 1049 1050 1115 Ἐθος
1071 1052 1182 1124 γὰρ
1197 1055 1308 1116 τοῖς
1325 1054 1506 1108 ἑλοῦσι
1533 1053 1767 1126 χώρανῆ
1799 1055 1972 1120 πόλιν,

369 1135 487 1205 031l-
519 1138 734 1202 πάντας
764 1141 936 1212 ἄρδην
967 1145 1226 1200 ἀπολύειν
1260 1146 1375 1200 ἔσθ’
1395 1149 1505 1214 ὅτε,
1526 1148 1976 1220 δεδαπανημένης

365 1225 420 1277 δὲ
433 1227 532 1297 τῆς
552 1232 965 1305 μαχιμωτάτης
982 1235 1242 1308 πληθύος,
1259 1239 1316 1292 ἐν
1330 1238 1685 1312 δορυλήπτων
1704 1241 1975 1296 ποιεῖσθαι

358 1320 515 1384 τάξει
545 1324 681 1386 τοὺς
712 1325 1251 1399 περιλελειμμένους.
1285 1332 1347 1384 El
1375 1332 1433 1386 δὲ
1457 1334 1560 1404 χρή
1585 1351 1708 1388 τινα
1733 1334 1826 1388 καὶ
1857 1337 1975 1399 ταῖς

358 1413 643 1484 ἱστορίαις
702 1419 1012 1490 ἐφαρμόσαι
1067 1420 1222 1490 λόγον
1273 1425 1592 1493 ἀναγκαῖον,
1642 1427 1839 1489 ἰστέον,
1895 1429 1977 1481 ὅτι

351 1502 512 1575 ψυχὴ
557 1505 663 1576 μὲν
720 1507 799 1578 τῷ
839 1508 970 1577 θείῳ
1020 1512 1170 1582 φόϐῳ
1215 1517 1620 1587 τετειχισμένη,
1667 1517 1864 1590 ίσχυρά
1916 1519 1976 1571 τέ

354 1599 482 1648 ἐστι
521 1598 625 1650 καὶ
655 1599 990 1666 δυσάλωτος,
1049 1605 1143 1657 καὶ
1194 1606 1292 1676 τῆς
1325 1608 1435 1660 τῶν
1482 1609 1805 1680 μαχομένων
1839 1610 1975 1680 αὐτῇ

355 1694 870 1761 κατευμ-εγεθοῦσα
901 1698 1103 1767 χειρός.
1131 1698 1276 1771 Νικᾷ
1294 1700 1404 1772 γὰρ
1433 1702 1606 1772 ἀρχάς
1632 1719 1691 1755 τε
1715 1702 1807 1756 καὶ
1831 1701 1980 1767 ἐξου-

2077 590 2198 642 datn
2229 588 2535 658 aliquorum
2579 588 3049 644 incantationibus
3076 586 3470 657 prmstigiisqne
3503 583 3662 638 fasci-

2078 681 2218 745 nati,
2270 692 2326 737 et
2391 691 2590 752 prazter
2642 682 2864 737 solitum
2927 679 3236 744 mansueti,
3287 678 3660 733 conniventes.

2079 771 2316 829 Dicendo
2344 773 2513 839 enim,
2547 771 2776 839 Mittam,
2816 772 3113 827 amandare
3145 772 3384 827 denotat.
3423 766 3480 821 ln
3514 781 3664 820 more

2077 866 2222 919 enim
2257 875 2344 920 est
2377 865 2462 920 bis
2489 865 2580 935 qui
2616 874 2882 936 ceperunt
2911 865 3213 935 regionem,
3243 863 3329 918 vel
3361 863 3660 922 civitatem,

2079 959 2410 1028 quandoque
2438 973 2630 1014 omnes
2657 957 2839 1012 delere
2887 957 3148 1023 funditus,
3192 958 3287 1010 sed
3321 953 3664 1008 multitudine

2079 1055 2487 1125 pugnacissima
2517 1063 2864 1124 censumpta,
2898 1053 3135 1123 reliquos
3177 1054 3228 1106 in
3265 1052 3442 1108 classe
3474 1064 3664 1104 nume-

2081 1161 2249 1216 roque
2296 1148 2636 1217 captivorum
2673 1162 2895 1217 ponere.
2944 1145 3002 1201 Si
3038 1161 3164 1201 vero
3209 1145 3454 1201 historiis
3501 1142 3665 1196 alium

2078 1241 2388 1311 quempiam
2417 1255 2730 1296 sermonem
2762 1241 3133 1296 necessarium
3172 1241 3415 1295 inserere
3461 1238 3622 1292 liceat
3651 1254 3664 1286 :

2081 1329 2374 1384 tenendum
2425 1341 2546 1394 est,
2599 1329 2836 1385 animam
2891 1330 2986 1386 Dei
3037 1333 3256 1395 timore,
3312 1327 3458 1383 velut
3516 1342 3670 1381 muro

2079 1422 2383 1491 obseptum,
2435 1423 2630 1478 fortem
2682 1437 2806 1478 esse
2849 1431 2905 1478 et
2943 1421 3343 1492 quodammodo
3391 1421 3668 1482 invictam,

2079 1521 2134 1568 et
2167 1529 2387 1568 manum
2415 1530 2627 1579 eorum,
2657 1515 2750 1584 qui
2787 1530 2908 1570 cum
2941 1515 3055 1585 ipsa
3091 1525 3353 1584 pugnant,
3385 1526 3668 1582 superare.

2086 1606 2262 1661 Vincit
2301 1606 2444 1661 enim
2490 1605 2825 1677 principatus
2849 1647 2865 1672 ,
2898 1618 2952 1661 et
2989 1615 3304 1676 potestates,
3351 1605 3538 1659 mundi
3579 1606 3674 1658 do-

2087 1699 2288 1763 minos,
2329 1709 2571 1754 rectores
2601 1701 2793 1753 barum
2832 1699 3206 1766 tenebrarum,
3240 1697 3544 1764 spiritualia
3578 1711 3675 1750 ne—

355 1787 491 1849 σίας
531 1787 634 1840 καὶ
662 1789 791 1852 τούς
821 1791 1276 1864 κοσμοκράτορας
1298 1794 1392 1847 τοῦ
1429 1795 1656 1858 σκότους
1677 1795 1888 1857 τούτου,
1911 1796 1981 1850 τὰ

2093 1791 2273 1862 quitiae
2309 1791 2361 1846 in
2412 1790 2914 1861 supercmlestibus.
2957 1791 3052 1846 Sin
3101 1791 3329 1846 divertat
3365 1791 3431 1842 ad
3462 1804 3526 1844 ea
3554 1804 3674 1858 qua:

355 1881 738 1951 πνευματικὰ
774 1884 874 1955 τῆς
921 1887 1191 1957 πονηρίας
1236 1888 1295 1940 ἐν
1346 1889 1459 1952 τοῖς
1499 1889 1862 1962 ἐπουρανίοις.
1917 1891 1980 1944 El

2093 1900 2194 1941 non
2232 1885 2507 1947 convenit,
2541 1892 2593 1938 et
2641 1895 2795 1940 extra
2850 1891 3057 1938 rectum
3109 1882 3304 1937 callem
3355 1880 3589 1943 feratur,
3621 1890 3675 1934 et

353 1973 416 2026 δὲ
446 1973 520 2045 δὴ
549 1977 971 2046 παρατρέποιτο
993 1977 1131 2050 πρὸς
1159 1978 1196 2032 ὃ.
1215 1979 1289 2050 μὴ
1318 1981 1618 2051 προσῆκεν,
1646 1982 1753 2048 ἔξω
1799 2000 1858 2038 τε
1881 1985 1980 2053 τῆς

357 2068 596 2134 εὐθείας
626 2069 852 2138 φέροιτο
879 2071 1094 2143 τρίϐου,
1128 2073 1300 2126 καὶτὸ
1329 2073 1448 2145 Θεῴ
1472 2074 1666 2130 δοκοῦν
1706 2079 1982 2150 παρατρέ-

357 2177 568 2229 χουσα,
597 2161 736 2232 πρὸς
762 2161 829 2214 τὰ
855 2164 913 2215 ἐν
939 2161 1072 2233 τῷδε
1092 2161 1170 2234 τῷ
1201 2163 1392 2236 κόσμῳ
1413 2166 1778 2238 καταφέροιτο
1808 2165 1979 2237 πάθη,

359 2252 463 2304 καὶ
500 2251 598 2304 τὸν
628 2253 726 2322 τῆς
761 2254 1075 2319 εὐπειθείας
1109 2256 1466 2310 ἀποσείσαιτο
1516 2257 1701 2326 ζυγὸν,
1746 2259 1983 2330 ἀγυμνοῖ

362 2345 562 2416 πάσης
599 2346 770 2418 αὐτὴν
794 2347 1140 2419 ἐπικουρίας,
1168 2349 1262 2402 καὶ
1292 2345 1403 2403 οἷον
1449 2349 1759 2421 ἀτείχιστον
1807 2352 1980 2423 αὐτὴν

362 2437 700 2506 ἀποφαίνει,
758 2441 854 2492 καὶ
887 2439 1194 2509 ἀνασφαλεῖ
1226 2443 1338 2504 τοῖς
1375 2440 1708 2514 πολεμοῦσιν
1747 2443 1980 2514 ἐργάζε-

357 2549 484 2594 ται,
514 2530 892 2585 καταλειαίνει
922 2549 982 2585 τε
1013 2533 1112 2598 τὰς
1153 2534 1380 2604 ἐφόδους
1425 2536 1526 2599 τὰς
1561 2535 1649 2589 ἐπ’
1688 2536 1826 2608 αὐτῇ
1869 2538 1982 2601 τοῖς

363 2627 635 2692 πάθεσιν,
669 2625 744 2690 ὡς
771 2627 912 2680 κατά
943 2627 1149 2699 μηδένα
1184 2629 1389 2701 τρόπον
1419 2627 1636 2700 ἰσχῦσαι
1677 2629 1978 2700 διαφυγεῖν.

361 2719 535 2773 υύτω
567 2719 958 2791 παραδίδονται
987 2719 1086 2791 μὲν
1120 2721 1202 2784 είς
1231 2720 1492 2792 ἀδόκιμον
1525 2720 1671 2787 νοῦν,
1700 2721 1796 2775 καὶ
1825 2719 1983 2790 γεγό-

361 2833 532 2868 νασιν
575 2814 843 2868 εὐάλωτοι
890 2816 1011 2877 ταῖς
1059 2815 1312 2879 ἐκτόποις
1342 2814 1686 2887 ἐπιθυμίαις,
1727 2815 1890 2878 σώζει
1927 2814 1983 2868 δὲ

360 2907 548 2970 αὐτὰς
575 2907 754 2971 οὐδὲν,
783 2906 897 2962 ἀλλ’
933 2908 1072 2961 εἰσιν
1102 2908 1208 2963 ὑπὸ
1244 2908 1414 2973 πόδας
1439 2908 1672 2980 ἐχθρῶν,
1705 2909 1982 2979 ἀνάνδρως

359 3000 785 3073 διερῲμμέναι.
829 3000 954 3053 Ἐὰν
979 3001 1078 3070 μὲν
1101 3002 1209 3072 γὰρ
1231 3002 1424 3074 κλείσῃ
1449 3001 1593 3056 κατά
1621 3002 1747 3065 τοὺς
1773 3002 1984 3074 ἀνθρὼ-

362 3113 535 3160 πους,
572 3099 765 3166 φησιν,
790 3097 818 3150 ὁ
857 3094 965 3150 τῶν
998 3097 1135 3149 ὅλων
1165 3097 1321 3161 Θεὸς,
1351 3099 1436 3162 τίς
1480 3097 1717 3164 ἀνοίξει,
1766 3097 1863 3150 καὶ
1885 3095 1984 3167 τὴν

2083 1977 2182 2033 Dei
2210 1977 2410 2048 placita
2443 1975 2769 2046 praeteriens
2802 1989 2866 2030 ac
2902 1984 3350 2046 prretercurrens,
3391 1972 3458 2026 ad
3513 1986 3674 2024 mun-

2083 2070 2256 2125 danas
2311 2069 2643 2140 cupiditates
2697 2067 3041 2132 devolvatur,
3101 2079 3268 2136 atque
3306 2066 3496 2136 jngum
3540 2062 3673 2119 obe-

2083 2165 2300 2221 dientiaa
2324 2177 2547 2236 respuat
2577 2164 2763 2222 :omni
2789 2179 2911 2220 eam
2947 2162 3184 2219 denudat
3217 2159 3380 2230 253
3409 2156 3671 2218 subsidio.

2083 2268 2136 2312 et
2174 2259 2320 2314 velut
2354 2259 2474 2315 sine
2510 2259 2752 2314 maceria
2791 2266 3068 2326 patentem
3102 2253 3283 2317 eiiicit,
3313 2250 3675 2316 hostibusque

2084 2352 2262 2406 reddit
2315 2353 2727 2417 incustoditam,
2765 2352 2912 2406 viam
2966 2349 3241 2419 prtestruit
3279 2355 3334 2401 et
3365 2342 3678 2412 eomplanat

2089 2444 2392 2500 assultibus
2443 2444 2805 2514 cupiditatum
2852 2451 3047 2498 contra
3095 2455 3256 2504 eam,
3302 2439 3375 2492 ita
3422 2445 3481 2490 ut
3530 2433 3677 2488 nullo

2085 2536 2246 2590 modo
2293 2537 2469 2606 possit
2499 2535 2762 2606 eﬂ‘ugere.
2798 2533 2891 2589 Sic
2922 2532 3216 2589 traduntur
3240 2531 3465 2600 quidam
3498 2529 3551 2580 in
3586 2541 3674 2579 rc-

2085 2630 2314 2701 probam
2339 2639 2607 2696 mentem,
2631 2629 2876 2699 ﬁuntque
2901 2626 3315 2699 expugnabiles,
3335 2620 3677 2693 expositique

2085 2725 2414 2781 monstrosis
2459 2722 2888 2794 cupiditatibus,
2937 2735 3039 2776 nec
3083 2718 3378 2789 quidquam
3435 2712 3678 2769 defendit

2085 2834 2202 2884 eos,
2221 2819 2315 2874 sed
2343 2817 2570 2886 pedibus
2596 2814 2942 2870 inimicorum
2967 2811 3196 2884 projecti
3225 2820 3353 2865 sunt
3384 2805 3672 2878 ignaviter.

2087 2913 2146 2969 Si
2175 2911 2347 2972 enim.
2375 2909 2574 2981 inquit,
2606 2908 2868 2964 clauserit
2896 2915 3090 2963 contra
3117 2905 3394 2960 hominem
3452 2899 3676 2956 univer-

2085 3005 2264 3060 sitatis
2305 3003 2479 3068 Deus,
2518 3002 2642 3072 quis
2683 2999 2893 3073 aperiet
2917 3000 3004 3055 “?
3031 3008 3088 3056 et
3123 3005 3512 3068 praepotentem
3569 3002 3681 3046 tra-

2087 3097 2264 3152 dentis
2293 3095 2574 3153 dexteram
2601 3095 2727 3165 quis
2773 3092 3094 3164 superabit?
3123 3089 3544 3146 Permaneamns
3581 3086 3682 3138 ita-

366 3189 639 3260 παναλκῆ
683 3188 780 3242 τοῦ
833 3190 1286 3261 παραδεδωκότος
1326 3190 1720 3263 πλεονεκτήσει
1761 3190 1981 3260 δεξιάν;

2093 3203 2195 3258 que
2220 3189 2273 3242 in
2310 3189 2507 3244 timore
2540 3185 2656 3242 Dei.
2701 3185 2795 3242 Sic
2827 3184 2977 3240 enim
3008 3197 3261 3254 supernae
3291 3177 3684 3235 misericordiae

363 3281 651 3352 Μένωμεν
682 3281 865 3334 τοίνυν
891 3283 948 3334 ἐν
978 3282 1058 3353 τῷ
1085 3281 1218 3352 θείῳ
1256 3282 1429 3355 φόϐῳ.
1468 3281 1853 3356 Κερδανοῦμεν
1877 3282 1986 3354 γὰρ

365 3375 520 3428 οὕτω
552 3375 659 3446 τῆς
694 3373 906 3428 ἀνωθεν
930 3375 1222 3446 εὐμενείας
1249 3377 1348 3447 τὴν
1382 3377 1543 3448 χάριν
1564 3393 1578 3408 ο
1603 3376 1698 3431 καὶ
1722 3393 1989 3430 κατανεαο

371 3467 717 3538 νιευσόμεθα
745 3467 1160 3538 πνευματικῶς,
1185 3468 1284 3522 καὶ
1315 3469 1615 3539 ἁμαρτίας,
1649 3471 1745 3523 καὶ
1776 3467 1986 3533 παθῶν,

383 3561 484 3612 καὶ
506 3561 599 3631 τῆς
628 3560 727 3614 τοῦ
751 3561 1006 3615 διαϐόλου
1030 3561 1350 3629 πλεονεξίας
1377 3561 1531 3630 ὀλίγα
1555 3562 1755 3634 κομιδῆ
1778 3563 1992 3634 φροντί-

388 3651 589 3720 ζοντες,
613 3655 756 3726 πρὸς
776 3655 838 3708 τὸ
856 3654 1109 3726 βραϐεῖον
1142 3655 1242 3726 τῆς
1277 3655 1392 3709 ἄνω
1425 3654 1675 3727 κλήσεως
1710 3657 1989 3728 καταντή-

385 3762 589 3816 σομεν,
625 3745 728 3818 τὴν
775 3745 977 3800 εὐκλεᾶ
1029 3747 1124 3802 καὶ
1173 3746 1555 3818 δοκιμωτὰτην
1598 3747 1991 3818 κατορθοῦντες

377 3841 549 3913 ζωήν.

449 3941 514 3991 Μ
518 3936 553 4003 ὴ
599 3937 793 4006 πέτρα
817 3936 1039 4008 ἔρημός
1063 3938 1195 3993 ἐστι
1223 3938 1290 3993 τὸ
1314 3938 1450 4008 ὅρος
1479 3939 1631 3993 Σιών
1655 3959 1673 4006 ;
1699 3942 1856 4010 Ἕσῃ
1883 3941 1994 4012 γὰρ

370 4033 457 4098 ὠς
513 4031 758 4100 πτηνοῦ
810 4032 1224 4103 ἀνιπταμένου
1276 4031 1538 4096 νεοσσὸς
1582 4031 1990 4104 ἀφῃρημένος,

370 4124 657 4197 θυγάτηρ
685 4125 885 4180 Μωάϐ.

449 4219 922 4291 Κατεστρατευσε
948 4220 1049 4291 τῆς
1076 4219 1396 4292 Σαμαρείας
1421 4220 1566 4274 κατά
1604 4221 1830 4291 καιροὺς
1855 4220 1992 4273 Σαλ-

376 4312 652 4383 μανασάρ
697 4314 726 4365 ὁ
763 4310 1072 4384 Ἀσσύριος,
1116 4309 1264 4366 εἷλέν
1295 4330 1357 4366 τε
1385 4312 1488 4378 τὰς
1519 4313 1577 4366 ὲν
1611 4313 1751 4383 αὐτῇ
1783 4311 1992 4376 πόλεις·

375 4408 478 4460 καὶ
523 4405 758 4477 προσέτι
797 4405 908 4459 τῶν
934 4406 1032 4476 τῆς
1068 4404 1330 4470 Ἰουδαίας
1360 4404 1733 4476 προσηδίκησε
1768 4403 1992 4469 πολλὰς,

374 4501 478 4555 καὶ
520 4499 872 4572 ὣρύληπτον
911 4497 1219 4569 ἀπεκόμισε
1262 4498 1474 4569 πληθὺν
1513 4500 1593 4563 είς
1636 4498 1736 4570 τὴν
1775 4497 1992 4551 ἐαυτοῦ.

2091 3281 2328 3353 gratiam
2391 3279 2834 3341 lucrifaciemus,
2893 3285 3176 3348 peccatum
3230 3287 3296 3329 ac
3359 3269 3684 3340 cupiditates

2091 3374 2456 3445 spiritualiter
2504 3382 2761 3443 tanquam
2790 3371 3024 3443 juvenes
3054 3369 3362 3432 vincemus,
3398 3373 3452 3419 et
3486 3361 3686 3416 diaboli

2095 3468 2441 3540 tyrannidem
2475 3467 2630 3537 parvi
2677 3463 2970 3520 admodum
3008 3463 3296 3526 ducentes,
3329 3457 3601 3511 laudatam
3635 3460 3690 3508 et

2094 3559 2535 3631 probatissimam
2561 3557 2727 3612 vitam
2753 3563 2900 3610 recte
2924 3552 3297 3616 instituentes,
3318 3546 3384 3600 ad
3407 3540 3688 3616 praemium

2095 3666 2346 3723 Supeer
2381 3651 2690 3705 vocationis
2721 3646 3124 3719 perveniemus.

2167 3943 2296 3999 CAP.
2350 3939 2488 3995 XVI.
2531 3937 2692 3993 Vens.
2738 3938 2789 4001 1,
2839 3935 2895 3991 2.
2958 3933 3106 3990 Num
3162 3941 3314 3997 petra
3358 3929 3564 3983 deserta
3616 3931 3694 3978 est

2097 4051 2248 4088 mons
2305 4031 2482 4088 Sion?
2539 4031 2662 4086 Eri:
2697 4030 2838 4085 enim
2884 4027 3042 4082 veluti
3091 4025 3204 4079 avis
3252 4020 3474 4077 uolantis
3520 4017 3694 4087 pullus

2103 4128 2334 4194 ablatus,
2367 4126 2484 4194 ﬁlia
2513 4124 2694 4179 Moab.

2173 4216 2518 4289 Oppugnavit
2539 4215 2846 4271 Samariam
2869 4222 3027 4281 capta
3053 4207 3462 4280 opportunitate
3487 4203 3696 4259 Salma-

2099 4327 2327 4369 nasarus
2370 4310 2671 4380 Assyrius,
2726 4307 2982 4376 cepitque
3031 4303 3152 4372 ejus
3199 4301 3482 4365 civitates,
3531 4311 3696 4367 porro

2095 4406 2262 4462 etiam
2317 4401 2518 4458 Iudaeae
2566 4401 2766 4456 multas
2819 4399 2962 4455 male
3008 4397 3282 4461 tractavit,
3325 4404 3380 4450 et
3422 4392 3694 4462 captivam

2100 4500 2504 4556 multitudinem
2551 4499 2604 4553 in
2649 4511 2803 4554 suam
2836 4495 3114 4568 regionem
3147 4492 3395 4548 abduxit.
3437 4489 3592 4544 Hanc
3626 4487 3699 4543 ob

376 4593 612 4663 Ταύτης
658 4609 717 4644 τε
769 4591 935 4646 ἕνεκα
978 4591 1074 4663 τῆς
1110 4592 1324 4659 αἰτίας,
1367 4590 1712 4658 ἐπετώθαζον
1749 4594 1814 4664 τῇ
1855 4591 1985 4646 Σιὼν

2102 4608 2324 4650 causam
2390 4592 2683 4647 illuserunt
2747 4589 2901 4646 Sioni
2975 4603 3070 4645 seu
3139 4584 3441 4642 Jerusalem
3507 4590 3698 4654 gentes

377 4687 504 4758 ἢτοι
538 4689 608 4757 τῇ
645 4685 1002 4758 Ἰερουσαλὴμ
1051 4685 1119 4741 τὰ
1143 4685 1453 4742 Μωαϐιτῶν
1486 4686 1637 4756 ἔθνη,
1663 4686 1756 4740 καὶ
1787 4685 1997 4756 πέτραν

377 4781 564 4850 αὐτὴν
603 4777 990 4849 ἠρημωμένην
1032 4777 1336 4848 ὠνόμαζον,
1368 4777 1469 4830 οὐκ
1499 4777 1670 4847 αὐτῆς
1707 4794 1814 4830 που
1854 4775 1998 4845 τάχα

377 4873 864 4946 καταμειδιῶντες
919 4873 970 4925 οἱ
1023 4871 1272 4936 τάλανες,
1325 4870 1462 4924 ἀλλὰ
1503 4871 1600 4924 τοῦ
1650 4871 1742 4924 ἐπὶ
1791 4871 2001 4934 πάντας

379 4966 546 5020 Θεοῦ’
604 4963 703 5017 καὶ
753 4959 886 5031 γοῦν
931 4962 1025 5014 καὶ
1071 4959 1310 5031 ἔφασκον
1348 4959 1447 5032 τὴν
1479 4957 1760 5022 σώζουσαν
1803 4957 2000 5020 αὐτοὺς

385 5055 657 5126 ἀτονῆσαι
685 5055 866 5124 χεῖρα,
895 5051 1101 5121 ταύτης
1130 5069 1188 5103 τε
1222 5050 1386 5104 ἕνεκα
1415 5049 1518 5121 τῆς
1549 5050 1730 5114 αἰτίας
1761 5049 1869 5128 ὐπὸ
1901 5049 2000 5102 πό-

374 5150 477 5214 δας
530 5146 713 5201 ἐλθεῖν
757 5145 866 5198 τῶν
907 5143 1140 5216 ἐχθρῶν.
1180 5139 1248 5196 Ὦ
1298 5143 1478 5197 τοίνυν
1519 5142 1770 5214 θυγάτηρ
1799 5141 1996 5208 Μωάϐ,

373 5244 581 5314 φησὶν,
613 5239 798 5310 ἐνήθει
835 5238 892 5291 δὲ
936 5239 1156 5301 παντως
1191 5239 1219 5291 ὁ
1251 5237 1431 5304 λόγος,
1467 5236 1542 5309 μὴ
1581 5237 1758 5308 πέτρα
1791 5236 1999 5310 ἔρημός

373 5339 504 5389 ἐστι
553 5332 616 5386 τὸ
659 5331 787 5404 ὅρος
829 5331 1004 5396 Σιών;
1036 5325 1185 5401 *Αρα
1228 5330 1388 5400 μόνη,
1427 5329 1585 5398 φησὶ,
1629 5329 1913 5399 κέκμηκεν
1961 5330 1996 5400 ἡ

374 5426 527 5482 Σιών
556 5443 572 5492 ;
613 5419 727 5496 ἄρα
763 5424 904 5494 μόνη
943 5421 1235 5476 πέπτωκεν
1271 5421 1377 5474 ὑπὸ
1409 5421 1578 5484 πόδας
1609 5419 1862 5493 ἐχθρῶν;
1897 5422 1996 5474 καὶ

371 5519 483 5593 τὴν
526 5518 639 5572 τῶν
679 5517 1039 5572 ἐνοικούντων
1089 5515 1262 5587 αὐτὴν
1305 5516 1595 5588 νενόσηκεν
1635 5514 1908 5586 ἐρημίανς
1959 5516 1992 5586 ἦ

371 5616 500 5676 τοῖς
552 5611 632 5667 ἔτι
683 5613 926 5684 χείροσιν
971 5611 1146 5676 αὐτῆς
1193 5611 1664 5683 περιπέπτωκαςς
1727 5609 1993 5682 Ληφθήιτῃ

375 5708 496 5778 γὰρ
531 5709 664 5778 παρ’
696 5706 930 5777 ἐχθρῶν,
966 5707 1056 5759 καὶ
1083 5700 1193 5758 οἷον
1310 5703 1504 5768 καλιᾶς
1529 5704 1743 5767 νεοσσός
1779 5705 1995 5777 denm-

458 5869 504 5899 "
532 5864 632 5922 Job
662 5884 754 5931 xtl,
800 5867 879 5919 li.

2100 4687 2494 4752 Moabitarnm,
2525 4695 2580 4741 et
2613 4693 2822 4756 petram
2860 4683 3135 4740 desertam
3167 4695 3284 4735 eam
3317 4677 3694 4748 appellarunt:

2100 4798 2207 4839 non
2237 4792 2344 4837 tam
2379 4780 2678 4836 irridentes
2705 4793 2824 4833 eam
2860 4775 3045 4832 miseri
3076 4775 3350 4840 homines,
3376 4787 3539 4843 quam
3569 4785 3693 4824 eum

2099 4874 2191 4945 qui
2229 4881 2314 4928 est
2349 4886 2512 4942 super
2543 4883 2736 4926 omnes
2780 4867 2947 4933 Deus,
2979 4865 3180 4936 quippe
3230 4864 3543 4918 dictitantes
3581 4861 3699 4930 ejus

2103 4981 2323 5022 manum
2348 4963 2752 5034 opitulatricem
2781 4960 3192 5030 elanguescere,
3225 4965 3280 5011 et
3316 4955 3459 5010 hanc
3481 4955 3550 5008 ob
3578 4969 3692 5008 rem

2106 5058 2270 5114 etiam
2297 5055 2398 5112 sub
2426 5055 2592 5126 pedes
2618 5053 2803 5109 venire
2833 5051 3089 5106 hostium.
3114 5047 3160 5104 Ο
3185 5047 3350 5118 igitur
3378 5046 3486 5101 lilia
3517 5043 3695 5107 Moab,

2109 5150 2286 5218 inquit
2313 5165 2327 5203 :
2358 5149 2557 5204 usitata
2586 5147 2805 5216 quidem
2830 5155 2914 5200 est
2943 5157 3158 5212 semper
3183 5144 3298 5196 bare
3322 5139 3499 5195 oratio
3527 5157 3544 5194 :
3573 5155 3699 5194 num

2108 5253 2264 5314 petra
2327 5243 2544 5297 deserta
2593 5249 2678 5295 est
2739 5253 2896 5292 mons
2958 5234 3127 5292 Sion?
3162 5235 3278 5299 An,
3330 5233 3537 5300 inquit,
3585 5231 3698 5286 sola

2105 5336 2377 5391 laboravit
2423 5350 2486 5390 ac
2527 5333 2819 5389 succubuit
2871 5329 3046 5398 Sion;
3084 5344 3151 5384 an
3188 5328 3302 5383 sola
3344 5327 3554 5382 corruit
3601 5323 3701 5379 sub

2105 5427 2332 5499 pedibus
2378 5425 2766 5483 inimicorum?
2806 5425 2870 5480 Et
2909 5425 3090 5496 inopia
3130 5422 3432 5478 incolarum
3471 5416 3698 5482 amicta-

2108 5521 2225 5575 tur?
2264 5520 2356 5576 Vel
2413 5529 2466 5575 tu
2514 5520 2567 5576 in
2619 5520 2891 5575 deteriora
2920 5534 3088 5590 quam
3138 5533 3200 5572 ea
3251 5516 3360 5577 sit,
3420 5506 3698 5566 int‘itlisti'

2107 5615 2341 5685 capieris
2368 5614 2515 5669 enim
2550 5614 2618 5670 ab
2645 5613 2912 5680 hostibus,
2934 5622 2989 5667 et
3019 5622 3276 5680 tanquam
3304 5622 3334 5661 e
3368 5605 3494 5659 nido
3521 5601 3699 5672 pullus

2108 5719 2328 5776 crel‘tns
2376 5708 2427 5762 in
2467 5707 2699 5764 alienam
2735 5705 2994 5776 migrabis
3031 5702 3326 5772 regionem,
3368 5708 3417 5753 et
3458 5695 3700 5752 inimicis
