4060 6526
467 403 571 456 ὂθἹ

1457 405 1515 461 S.
1557 404 1834 461 CYRILLI
1873 402 2344 462 ALEXANDRINI
2385 400 2702 461 ARCHIEP.

3668 398 3765 456 £08

464 516 694 581 servies;
729 516 948 585 erisque
996 517 1133 586 apud
1186 517 1305 571 illos
1341 517 1576 586 captiva,
1623 517 1952 573 miserabilis
1987 528 2044 570 et

2159 517 2329 585 μένος,
2402 516 2483 577 εἰς
2546 515 2741 585 ἑτέραν
2789 514 2981 585 οἰχήσῃ
3036 512 3241 585 χώραν,
3291 512 3395 565 καὶ
3451 510 3768 577 δουλεύσεις

466 606 772 676 proﬂigata,
799 617 854 662 et
892 608 1138 663 servituti
1175 611 1445 679 subjecta.
1477 607 1619 665 Utile
1665 610 1833 680 igitur
1858 620 1914 664 et
1945 624 2042 663 ne—

466 702 767 757 cessarium
795 709 1122 770 przcceptum
1156 701 1284 757 illud
1318 723 1332 758 :
1363 721 1383 755 ι
1415 701 1470 758 Si
1498 704 1758 757 ceciderit
1788 703 2043 758 inimicus

469 806 614 855 tuus,
642 807 710 849 ne
736 794 973 863 gaudeas
1001 809 1167 864 super
1195 811 1340 860 cum,
1368 796 1493 864 quia
1523 795 1726 850 videbit
1762 795 2043 859 Dominus,

466 895 521 940 et
567 900 672 940 non
715 884 948 954 placebit
979 886 1053 954 ei,
1102 895 1161 943 et
1210 895 1420 942 avertet
1472 886 1711 944 furorem
1767 903 1925 943 suum
1979 889 2047 942 ab

471 978 586 1045 ipso
609 976 675 1029 '7.
716 994 737 1028 s
778 976 893 1033 Non
930 979 1073 1033 enim
1111 981 1365 1033 convenit
1397 979 1592 1035 alienis
1622 981 1789 1036 lauari
1823 981 2046 1037 calami-

469 1066 689 1134 tatibus,
730 1083 832 1122 nec
865 1068 921 1122 id
970 1070 1114 1139 quod
1160 1070 1335 1125 vicino
1381 1072 1601 1134 accidit,
1652 1081 1851 1127 nostrae
1901 1073 2050 1128 volu-

470 1160 631 1229 ptatis
684 1162 1027 1217 occasionem
1086 1178 1386 1233 ansamque
1448 1164 1630 1218 facere
1675 1183 1690 1220 :
1736 1173 1793 1220 at
1838 1167 1883 1220 si
1927 1167 2049 1237 quis

470 1253 608 1309 forte
657 1255 727 1310 sit
779 1271 1015 1312 maerore
1061 1256 1379 1323 conlectus,
1427 1257 1593 1330 254
1636 1258 1925 1314 condolere
1974 1259 2048 1313 illi

471 1346 679 1413 potius,
721 1360 777 1401 et
820 1349 888 1403 ad
937 1359 1121 1404 nostra
1167 1361 1386 1418 peccata
1433 1352 1590 1405 oculo
1630 1352 1867 1416 intento,
1913 1355 2051 1407 mul-

479 1453 587 1494 tum
632 1439 1019 1496 reformidare.
1066 1456 1132 1497 ne
1186 1453 1243 1497 et
1290 1443 1343 1496 in
1392 1457 1492 1497 nos
1531 1444 1788 1499 caedentis
1829 1445 1909 1499 ira
1951 1445 2047 1501 de-

480 1529 675 1583 veniat.

548 1712 709 1771 Vsus.
745 1716 800 1780 5,
832 1717 884 1771 4.
925 1716 1121 1771 Deinde
1160 1735 1302 1784 vero,
1330 1718 1530 1785 Arno»,
1564 1696 1717 1787 plura
1740 1721 1973 1780 consule.
2004 1730 2053 1773 et

485 1808 569 1875 [ac
595 1816 797 1877 tegmen
827 1809 1070 1875 planctus
1097 1811 1201 1877 ipsi
1228 1827 1436 1881 semper
1467 1827 1486 1865 :
1512 1812 1566 1864 in
1584 1812 1892 1866 meridianis
1916 1824 2054 1866 tene-

472 1898 578 1951 bris
628 1898 897 1969 fugitant,
938 1898 1339 1968 obstupuerunt.
1383 1899 1508 1955 Non
1546 1901 1612 1955 ab
1642 1901 1796 1956 initio
1839 1902 2053 1958 Itabita-
2086 1889 2127 1940 Β

473 1988 843 2059 bunt(l)apud
865 2002 913 2045 te
938 1991 1150 2061 fugitivi
1178 1990 1360 2047 Moab.
1395 1992 1564 2046 Erunt
1587 2003 1886 2063 tegumenta
1912 1996 2051 2049 vobis

473 2099 506 2133 n
553 2081 692 2150 [acie
740 2085 1130 2153 persequentis,
1181 2086 1309 2157 quia
1355 2086 1621 2140 sublatum
1667 2096 1745 2141 est
1792 2089 2053 2143 auxilium

476 2184 648 2242 mum,
677 2185 725 2228 et
752 2176 993 2245 princeps
1028 2178 1180 2246 periit
1211 2177 1524 2232 conculcans
1554 2195 1713 2248 super
1747 2189 1907 2233 terra.

547 2356 626 2410 Ad
683 2356 1151 2424 interpretandum
1203 2358 1437 2413 dillicilis
1498 2369 1581 2415 est
1645 2375 1802 2416 mens
1858 2362 2052 2417 borum

477 2448 787 2515 verborum,
818 2436 1039 2520 pr0pter
1069 2466 1425 2519 personarum
1470 2453 1521 2505 in
1554 2468 1818 2522 personas
1853 2454 2052 2509 transi-

479 2543 676 2606 tiones,
719 2549 774 2598 et
807 2544 1213 2612 compositionis
1246 2546 1618 2613 asperitatem,
1667 2562 1768 2601 nec
1810 2548 2052 2603 omnium

474 2633 842 2705 intelligentiae
886 2635 1122 2690 obviam.
1175 2635 1553 2693 Verumtamen
1606 2642 1783 2708 quoad
1836 2648 2050 2710 potero,

475 2725 654 2782 enitar
677 2727 969 2795 explicare.
1010 2728 1186 2784 Deleta
1220 2730 1400 2800 itaque
1430 2741 1538 2786 tota
1565 2731 1874 2799 Moabitide,
1899 2747 2056 2787 ever-

469 2821 554 2901 .sis
587 2820 833 2887 urbibus,
867 2821 1104 2877 incensis
1150 2824 1419 2888 domibus,
1463 2835 1520 2880 et
1565 2841 1789 2895 prorsus
1842 2827 2056 2882 rabioso

475 2912 828 2967 szcvientiltus
869 2910 1213 2981 Babyloniis,
1245 2916 1337 2984 qui
1372 2917 1512 2972 elabi
1557 2926 1831 2986 poterant,
1868 2917 2052 2973 Arnon

476 3018 533 3055 se
566 3011 905 3072 receperunt.
954 3004 1096 3060 Urbs
1126 3017 1306 3062 autem
1342 3009 1458 3063 lucc
1485 3010 1846 3065 munitissima
1873 3019 1976 3075 est,
2003 3023 2057 3066 et

480 3093 756 3149 bloabitidi
778 3097 1139 3153 contermina.
1159 3097 1400 3154 Habctur
1426 3100 1589 3170 igitur
1614 3101 1681 3156 ad
1704 3117 1824 3157 eam
1853 3117 2051 3160 sermo.

2151 610 2386 679 ἐχθροῖς,
2420 607 2520 679 ἔσῃ
2552 623 2612 659 τε
2645 606 2774 676 παρ’
2805 606 2987 669 αὐτοῖς
3020 604 3375 676 αἰχμάλωτος
3412 603 3641 674 οἰκτρὰ,
3676 606 3771 657 καὶ

2152 700 2592 772 κατερριμμένη,
2624 698 2718 751 καὶ
2749 698 2852 751 ὑπὸ
2876 697 3014 766 ζυγὰ
3036 697 3307 759 δουλείας.
3344 696 3653 767 Χρήσιμον
3678 692 3772 750 οὖν

2151 791 2261 863 ἄρα
2307 793 2401 844 καὶ
2446 792 2741 856 ἀναγκαῖον
2789 788 3158 861 παράγγελμα
3207 788 3270 842 τό
3292 803 3308 817 ⁸
3350 805 3371 839 ι
3423 789 3526 840 Ἂν
3561 788 3705 860 πέσῃ
3742 790 3771 842 ὁ

2153 883 2348 955 ἐχθρός
2391 899 2504 948 σου,
2545 882 2619 953 μὴ
2649 881 2917 954 ὲπιχάρῃς
2957 880 3129 952 αὐτῷ,
3161 881 3243 935 ὅτι
3280 880 3490 950 ὄψεται
3538 879 3769 950 Κύριος,

2154 977 2250 1029 καὶ
2281 975 2381 1029 οὐκ
2408 974 2595 1045 ἀρέσει
2624 974 2797 1045 αὐτῷ·
2827 976 2923 1028 καὶ
2948 974 3283 1047 ἀποστρέψει
3314 973 3413 1028 τὸν
3440 972 3622 1044 θυμὸν
3658 974 3771 1026 αὖ-

2153 1066 2248 1120 τοῦ
2272 1066 2564 1120 ἁπάὐτοῦ.
2583 1086 2601 1119 s
2630 1067 2704 1120 Οὐ
2731 1067 2840 1136 γάρ
2856 1083 2938 1119 τοι
2963 1068 3235 1137 προσήκει
3261 1069 3395 1129 ταῖς
3413 1065 3630 1135 ἑτέρων
3653 1067 3771 1118 ἑπι-

2154 1159 2450 1229 γάννυσθαι
2472 1161 2798 1231 συμφοραῖς,
2828 1157 2949 1212 οὐδὲ
2973 1157 3275 1230 θυμηδείας
3308 1155 3604 1210 ποιεῖσθαι
3637 1156 3769 1229 πρό-

2158 1269 2321 1323 φασιν
2344 1253 2408 1305 τὸ
2434 1251 2512 1323 τῷ
2539 1251 2712 1316 πέλας
2741 1250 3108 1323 συμϐεϐηκὸς,
3144 1250 3248 1305 κᾶν
3278 1252 3339 1304 εἷ
3362 1268 3456 1314 τις
3480 1249 3571 1321 εἴη
3604 1249 3767 1320 τυχὸν

2156 1344 2266 1397 τῶν
2297 1343 2629 1397 καταλυπείν
2658 1343 2946 1401 εἰωθότων,
2985 1341 3419 1410 ὲπιστυγνάζειν
3465 1338 3529 1393 δὲ
3567 1338 3765 1410 μᾶλλον

2157 1436 2328 1506 αὐτῷ,
2364 1433 2590 1498 καὶτοῖς
2617 1433 2767 1497 ἰδίοις
2787 1433 3119 1505 πταίσμασιν
3148 1433 3406 1495 ἐνιέντας
3440 1431 3539 1485 τὸν
3568 1429 3764 1499 ὀφθαλ-

2162 1526 2283 1598 μὸν,
2327 1525 2555 1580 δεδιέναι
2604 1524 2827 1596 σφόδρα,
2868 1524 2941 1595 μὴ
2987 1523 3094 1597 ἄρα
3134 1541 3253 1587 πως
3291 1523 3397 1577 καὶ
3442 1521 3536 1592 ἐφ’
3562 1522 3762 1593 ἡμᾶςό

2159 1618 2254 1672 τοῦ
2276 1617 2670 1680 καταπαίοντος
2697 1617 2913 1670 ἐπέλθοι
2937 1616 3129 1684 θυμός.

2236 1716 2482 1768 Ἔπειτα
2510 1713 2600 1777 δὲ,
2623 1710 2856 1782 Ἀρνῶν.
2876 1711 3129 1764 πλείονα
3146 1708 3501 1774 βουλεύου,
3524 1707 3681 1760 ποιέι
3705 1723 3761 1760 τε

2161 1807 2405 1873 σκέπην
2423 1805 2682 1871 πένθους
2702 1802 2858 1872 αὐτῇ
2877 1802 2974 1856 διὰ
3002 1802 3250 1867 παντός’
3283 1801 3361 1855 ἐν
3374 1797 3762 1869 μεσημϐρινῇ

2155 1897 2370 1967 ακοτιᾷ
2395 1899 2747 1969 φεύγουσιν,
2769 1897 3138 1964 ἐξέστησαν.
3173 1893 3273 1962 Μὴ
3302 1891 3601 1963 ἁπαρχῆς
3623 1906 3761 1960 παρ-

2156 1991 2519 2061 οικήσουσιν
2533 1992 2587 2045 ol
2602 1988 2864 2058 φυγάδες
2880 1985 3059 2041 Mde
3073 2001 3088 2015 ·
3114 1985 3371 2040 ἔσονται
3396 1982 3600 2052 σκέπη
3620 1985 3761 2050 ὑμῖν

2155 2082 2276 2137 ἀπὸ
2311 2080 2636 2150 προσώπου
2663 2077 3003 2144 διώκοντος,
3042 2078 3131 2131 ὅτι
3175 2077 3339 2147 ῇρθη
3373 2076 3415 2145 ἠ
3450 2075 3758 2144 συμμαχία

2155 2190 2294 2239 σου,
2336 2175 2434 2229 καὶ
2474 2177 2507 2228 ό
2546 2173 2748 2243 ἄρχων
2771 2171 3043 2225 ἀπώλετο
3068 2174 3100 2225 ὁ
3124 2167 3503 2225 eratuerat-(3r
3523 2168 3622 2222 ἐπὶ
3650 2165 3756 2236 τῆς

2157 2266 2294 2338 γῆς.
2324 2346 2329 2351 δ
3000 2354 3022 2356 _
3365 2351 3378 2356 _
3549 2350 3563 2356 _
3673 2344 3698 2356 _

2228 2346 2668 2433 Δυσερμήνευτος
2715 2356 2914 2428 κομιδῆ
2957 2354 3066 2408 τῶν
3100 2351 3496 2424 προκειμένων
3539 2350 3570 2403 ὁ
3613 2346 3743 2407 νοῦς,

2155 2454 2244 2507 διὰ
2278 2469 2358 2505 τοι
2394 2452 2492 2514 τάς
2530 2467 2591 2504 τε
2620 2449 2729 2504 τῶν
2761 2446 3068 2520 προσώπων
3095 2449 3176 2512 εἰς
3206 2449 3492 2518 πρόσωπα
3526 2440 3745 2514 μεταϐά-

2157 2562 2293 2608 σεις,
2318 2544 2413 2597 καὶ
2441 2543 2503 2596 τὸ
2538 2542 2637 2609 τῆς
2668 2542 2943 2613 συνθήκης
2968 2540 3140 2611 τραχὺ
3173 2539 3271 2592 καὶ
3312 2538 3377 2591 οὐ
3415 2536 3647 2606 βάσιμον
3674 2530 3741 2601 νῷ

2159 2638 2341 2690 παντί.
2376 2636 2522 2708 Πλὴν
2555 2636 2630 2698 ὡς
2665 2634 2730 2688 ἂν
2763 2629 2874 2697 οἷός
2914 2651 2974 2686 τε
3022 2627 3088 2696 ὦ,
3124 2630 3473 2703 πειράσομαι
3510 2626 3743 2681 διειπείν.

2160 2729 2587 2801 Πεπορθημένης
2605 2730 2781 2783 τοίνυν
2805 2731 3023 2795 ἁπάσης
3050 2729 3148 2799 τῆς
3176 2724 3518 2789 Μωαϐιτῶν,
3552 2720 3744 2775 πόλεών

2156 2840 2215 2875 τε
2246 2823 2747 2894 κατηρειπομένων,
2780 2824 2875 2877 καὶ
2910 2823 3074 2875 οἴκων
3121 2815 3632 2892 ἐμπεπρησμένων,
3658 2810 3744 2865 καὶ

2157 2914 2491 2982 ἁπαξαπλῶς
2546 2914 3017 2984 ἐκλελυττηκὸτων
3063 2910 3274 2983 ἀγρίως
3333 2908 3447 2962 τῶν
3498 2903 3740 2959 Βαϐυλω-

2155 3008 2307 3072 νίων,
2325 3009 2374 3061 οἱ
2397 3008 2679 3076 διαφυγεῖν
2702 3006 3016 3077 ἰσχύσαντες
3046 3002 3378 3076 μετῴκησαν
3399 3003 3482 3063 εἰς
3507 2997 3601 3068 τὴν
3634 2996 3742 3064 Ἀρ-

2156 3099 2282 3153 νῶν.
2338 3099 2500 3163 Πόλις
2536 3100 2593 3152 δὲ
2640 3097 2778 3169 αὕτη
2831 3097 2940 3151 τῶν
2987 3095 3363 3167 ὀχυροτάτων,
3410 3090 3609 3162 ὅμορός
3648 3103 3739 3139 που

478 3185 556 3240 'l‘u
585 3196 787 3255 autem,
813 3186 1007 3257 inquit,
1037 3189 1284 3259 posthac,
1322 3206 1354 3246 o
1376 3193 1582 3255 Arnon,
1611 3193 1765 3261 plura
1807 3195 2046 3253 consule.

2159 3193 2298 3263 τάχα
2327 3195 2396 3263 τῇ
2436 3191 2766 3246 Μωαϐιτῶν.
2794 3191 2952 3243 Ἐστι
2987 3188 3167 3242 τοίνυν
3200 3186 3346 3258 πρὸς
3389 3182 3560 3253 αὐτὴν
3595 3177 3740 3284 6⁸λὸ-

478 3276 740 3345 tlbserva,
776 3279 971 3350 inquit,
1007 3295 1116 3351 quo
1148 3291 1309 3352 pacto
1345 3298 1578 3339 scrvare
1620 3287 1824 3353 poteris
1866 3302 2054 3358 super-

477 3367 658 3431 stites,
693 3380 895 3436 eosque
924 3370 1016 3439 qui
1056 3370 1453 3426 immanitatem
1498 3383 1829 3427 vustatormn
1866 3384 2055 3443 potue-

481 3466 606 3513 runt
653 3460 905 3516 evadere.
956 3459 1069 3517 Fac
1122 3462 1287 3517 etiam
1357 3473 1569 3533 tegmen
1639 3465 1892 3532 planctus
1956 3467 2053 3535 ipsi

478 3565 715 3619 semper.
763 3548 829 3604 Et
870 3549 978 3615 fac,
1012 3553 1204 3623 inquit,
1238 3555 1658 3611 comminiscere
1701 3556 1905 3626 aliquid
1952 3558 2055 3611 ltu-

480 3656 731 3707 manutn,
780 3642 989 3697 latebra
1034 3654 1153 3699 esto
1198 3644 1524 3701 intolerabili
1575 3647 1719 3703 luctu
1766 3648 2054 3705 confectis.

479 3731 737 3802 Fugitant
777 3733 922 3788 enim
962 3732 1014 3789 in
1062 3734 1380 3791 meridianis
1412 3736 1671 3805 tenebris,
1706 3740 1757 3794 id
1788 3750 1892 3805 est,
1932 3756 2055 3795 cum

479 3824 594 3879 dies
632 3834 738 3893 est,
763 3835 819 3880 et
859 3825 942 3881 sol
984 3826 1037 3879 in
1079 3826 1306 3880 meridie
1348 3827 1513 3894 lucet,
1550 3830 1650 3900 ipsi
1687 3833 1886 3887 mentis
1921 3832 2057 3888 cali-

479 3918 663 3987 ginem
692 3916 1109 3974 circumferunt.
1159 3918 1305 3975 Satis
1342 3932 1424 3976 est
1451 3923 1596 3977 enim
1633 3924 1699 3978 ad
1730 3924 2054 3979 turbandam

478 4012 718 4064 animum
775 4012 970 4068 mortis
1020 4023 1196 4067 melus
1236 4030 1253 4068 :
1296 4021 1351 4068 et
1397 4030 1622 4071 summa:
1666 4016 2059 4086 desperationis

476 4100 741 4157 assultum
775 4111 1034 4173 tanquam
1076 4115 1290 4160 noctem
1321 4110 1616 4176 quamdam
1649 4110 1851 4165 mentis
1879 4109 2059 4168 oll'nn-

477 4194 577 4250 dit.
608 4193 748 4249 Hinc
781 4195 947 4248 etiam
984 4194 1062 4249 ait
1097 4213 1112 4249 :
1149 4195 1215 4250 Et
1257 4199 1675 4268 obstupuerunt.
1740 4202 1873 4257 Nam
1930 4203 2055 4259 belli

476 4285 780 4343 terroribus
828 4286 1096 4356 perculsi,
1149 4295 1355 4343 tantum
1405 4305 1509 4344 non
1560 4300 1741 4348 mente
1783 4308 2057 4364 sensuque

475 4387 669 4454 privati
702 4397 846 4443 sunt.
878 4387 947 4442 At
966 4388 1011 4442 si
1040 4387 1341 4456 acceperis,
1372 4385 1566 4456 inquit,
1594 4385 1885 4450 Moabitas,
1918 4388 2057 4441 scito

477 4489 657 4535 tamen
702 4480 1047 4549 planissime,
1085 4483 1229 4551 quod
1270 4479 1500 4535 servasti
1553 4495 1657 4533 non
1703 4494 1924 4544 omnes,
1961 4481 2055 4534 sed

2160 3303 2274 3354 γος.
2306 3286 2380 3338 Σὺ
2402 3285 2483 3351 δὲ,
2508 3285 2662 3356 φησι,
2691 3283 2827 3357 μετὰ
2853 3282 3029 3345 τοῦτο,
3061 3280 3107 3334 ὧ
3138 3279 3368 3351 Ἀρνῶν,
3398 3276 3614 3330 πλείονα
3637 3273 3738 3342 βου-

2159 3374 2337 3430 λεύου.
2367 3376 2783 3441 Κατασκέπτου,
2812 3375 2967 3445 φησὶ,
2997 3373 3116 3427 τίνα
3147 3371 3353 3444 τρόπον
3376 3368 3637 3424 διασῶσαι
3668 3364 3733 3416 δυ·
3794 3433 3807 3451 θ

2158 3473 2294 3543 νήσῃ
2324 3470 2451 3535 τοὺς
2484 3468 3002 3541 περιλελειμμένους
3041 3466 3135 3520 καὶ
3172 3465 3461 3535 διαφυγεῖν
3500 3459 3732 3531 ἰσχύσαν-

2160 3584 2257 3628 τας
2283 3564 2393 3618 τῶν
2420 3561 2844 3633 πεπορθηκότων
2872 3559 2972 3632 τὴν
2998 3557 3326 3630 ἀγριότητα.
3354 3554 3507 3609 Ποίει
3534 3569 3593 3605 τε
3619 3548 3727 3601 σκέ-

2161 3674 2271 3728 πην
2314 3654 2546 3718 πένθους
2588 3655 2726 3723 αὐτῇ
2776 3652 2864 3706 διὰ
2896 3651 3117 3715 παντός.
3151 3649 3285 3713 Ναὶ,
3314 3647 3504 3719 φησιν,
3536 3641 3729 3709 ἐσκέψω

2159 3765 2212 3800 τι
2251 3744 2652 3815 φιλάνθρωπον,
2699 3743 2874 3815 σκέπη
2915 3743 3075 3812 γένου
3111 3743 3224 3804 τοῖς
3261 3740 3530 3811 ἀερορήτῳ
3565 3732 3725 3788 πένθει

2160 3837 2634 3908 κατειλημμένοις.
2675 3834 2942 3904 Φεύγουσι
2980 3835 3089 3907 γὰρ
3122 3834 3181 3887 ὲν
3230 3830 3578 3902 μεσημϐρινῇ
3620 3839 3728 3877 σκο-

2161 3931 2270 4002 τιᾷ,
2290 3928 2435 3983 τοῦτ’
2463 3928 2634 3995 ἐστιν,
2668 3928 2881 4000 ἡμέρας
2913 3926 3101 3999 οὔσης,
3129 3926 3224 3980 καὶ
3258 3925 3415 3996 ἡλίου
3442 3915 3731 3995 μεσημϐρί-

2160 4024 2343 4087 ζοντος
2375 4022 2558 4085 αὐτοῖς
2583 4020 2805 4075 σκοτιὰν
2835 4020 3016 4092 ἔχουσι
3052 4019 3197 4074 κατὰ
3225 4018 3375 4072 νοῦν.
3412 4011 3608 4075 Ἱκανὸς
3631 4009 3730 4077 γὰρ

2159 4114 2278 4167 λίαν
2322 4114 2351 4166 ὁ
2389 4112 2485 4166 τοῦ
2533 4112 2762 4167 θανάτου
2796 4111 2955 4180 φόϐος
2991 4110 3373 4165 καταθολῶσαι
3411 4106 3601 4179 ψυχὴν.
3648 4098 3731 4154 καὶ

2159 4200 2269 4259 οἷόν
2301 4221 2423 4258 τινα
2459 4204 2628 4258 νύκτα
2654 4206 2920 4275 καταχέαι
2945 4204 3039 4258 τοῦ
3073 4203 3166 4257 νοῦ
3192 4203 3292 4273 τῆς
3319 4203 3400 4266 εἰς
3424 4201 3588 4270 ἄκρου
3613 4194 3721 4248 δυσ·

2160 4296 2360 4368 θυμίας
2392 4297 2489 4367 τὴν
2506 4295 2711 4366 ἔφοδον.
2738 4295 2923 4366 Ταύτῃ
2957 4295 3038 4349 τοί
3070 4311 3256 4365 φησιν,
3290 4293 3372 4347 ὅτι
3398 4290 3503 4345 Καὶ
3530 4286 3729 4353 ἐξέστη·

2160 4407 2281 4445 σαν.
2312 4389 2491 4443 Μόνον
2528 4390 2638 4459 γὰρ
2669 4388 2790 4459 οὐχὶ
2824 4388 2917 4440 καὶ
2949 4387 3044 4441 τοῦ
3077 4387 3264 4456 φοϐεῖν
3299 4384 3404 4450 ἔξω
3437 4380 3722 4451 γεγόνασιν,

2159 4486 2273 4546 τοῖς
2309 4484 2375 4535 ὲκ
2404 4481 2497 4536 τοῦ
2530 4482 2767 4553 πολέμου
2799 4480 3264 4551 καταπτοοὺμενοι
3301 4478 3567 4549 δείμασιν.
3604 4466 3724 4522 Ἀλλ’

475 4571 701 4639 exiguas
734 4579 940 4624 tantum
968 4581 1023 4625 et
1055 4585 1256 4641 paucas
1293 4584 1481 4624 eorum
1523 4570 1614 4638 qui
1649 4570 1902 4625 exstincti
1928 4577 2055 4623 sunt

2162 4575 2211 4624 εἰ
2257 4573 2352 4625 καὶ
2398 4572 2596 4639 δέξαιο,
2645 4571 2798 4643 φησὶ,
2846 4573 2974 4636 τοὺς
3014 4573 3122 4626 ἀπό
3166 4587 3228 4640 γε
3273 4572 3373 4641 τῆς
3417 4557 3721 4622 Μωαϐιτῶν.

477 4661 756 4730 reliquias.
793 4659 906 4716 Hoc
936 4671 1066 4729 puto
1098 4663 1388 4718 ostendere
1414 4662 1569 4727 velle,
1594 4677 1719 4715 cum
1746 4663 1878 4716 dicit
1902 4680 1916 4716 :
1939 4659 2058 4716 Non

477 4767 505 4803 a
534 4750 796 4821 principio
835 4751 1156 4807 babitabunt
1183 4752 1342 4821 juxta
1379 4763 1429 4807 te
1457 4752 1666 4823 fugitivi
1700 4750 1878 4806 Moab.
1912 4750 2057 4815 Non,

480 4858 600 4896 cum
637 4843 875 4913 primum
908 4846 1224 4901 movebatur
1275 4845 1497 4909 bellum,
1540 4843 1734 4912 inquit,
1765 4842 2058 4912 suscepisti

484 4933 781 5006 profugos:
812 4949 993 4992 nonne
1031 4936 1320 4991 admodum
1349 4935 1505 5006 pauci
1545 4945 1600 4987 et
1635 4934 1745 4989 rari
1790 4935 1883 5003 qui
1926 4933 2060 4989 ellu-

480 5041 606 5093 gere
636 5028 964 5097 potuerunt?
998 5028 1181 5099 Itaque
1218 5029 1482 5097 producta
1526 5034 1653 5081 sunt
1691 5027 1758 5080 ad
1794 5027 1955 5081 linem
1994 5042 2057 5083 ea

477 5132 599 5184 qum
622 5133 652 5172 a
681 5118 791 5175 Deo
814 5131 1004 5174 contra
1037 5119 1305 5175 Moabitas
1336 5121 1478 5174 dicta
1507 5127 1653 5172 sunt.
1688 5117 1854 5174 Periit
1889 5121 2058 5185 enim,

478 5212 605 5264 licet
628 5211 900 5283 cxigua,et
928 5211 1011 5265 vix
1037 5211 1257 5281 quidem
1284 5219 1617 5264 conservata:
1644 5221 1769 5264 sunt
1799 5212 2056 5281 reliquiae.

478 5300 604 5364 Sed,
633 5317 686 5366 ο,
708 5303 904 5372 inquit,
923 5301 1132 5364 Arnon,
1152 5300 1437 5368 suscepisti
1456 5298 1738 5367 Moabitas,
1766 5302 1926 5374 255
1942 5319 2062 5374 spc-

481 5405 606 5445 rans
620 5390 871 5447 fortassis
895 5406 991 5445 eos
1018 5403 1238 5458 quoque
1260 5388 1387 5442 olim
1412 5389 1526 5443 fore
1547 5389 1828 5445 latibulum
1856 5393 2010 5449 vobis
2028 5409 2059 5446 a

477 5481 615 5536 facie
641 5482 1039 5552 persequentis.
1069 5481 1190 5535 Erit
1219 5488 1398 5533 autem
1436 5480 1537 5536 hoc
1565 5479 1804 5537 minime.
1848 5482 2054 5541 Unde?

548 5638 592 5667 "'
618 5637 784 5696 Prov.
817 5652 968 5705 xstv,
1001 5636 1089 5705 l7,
1121 5636 1206 5691 18.

549 5815 622 5888 (ι)
661 5814 784 5872 Sec.
819 5812 969 5887 Sept.
1009 5815 1203 5890 ἁχθῇς,
1241 5833 1301 5874 ne
1328 5816 1562 5887 ducaris,
1594 5818 1923 5890 habitabant,
1954 5831 2056 5879 etc.

2156 4660 2274 4713 ἀλλ’
2313 4656 2407 4714 οὖν
2467 4660 2575 4713 ἴσθι
2631 4676 2714 4713 τοι
2775 4662 2869 4716 καὶ
2911 4661 3056 4732 μάλα
3115 4659 3324 4729 σαφῶς,
3384 4657 3464 4710 ὅτι
3500 4652 3723 4707 σέσωκας

2157 4752 2219 4805 οὐ
2272 4751 2502 4816 πάντας,
2546 4752 2682 4806 ἀλλὰ
2721 4754 2895 4825 βραχὺ
2943 4753 3036 4806 καὶ
3079 4751 3444 4823 εὐαρίθμητον
3490 4743 3594 4798 τῶν
3630 4741 3722 4794 ἀπ-

2156 4844 2435 4898 ολωλότων
2476 4844 2747 4915 λείψανον.
2781 4845 2952 4899 Τοῦτο
2995 4841 3149 4916 οἶμαι
3185 4842 3378 4915 δηλοῦν
3413 4837 3607 4893 ἐθέλειν
3647 4827 3719 4881 λέ-

2158 4954 2345 5007 γοντασ
2372 4938 2464 5008 Μὴ
2487 4937 2746 5009 ἀπαρχῆς
2769 4940 3195 5009 παροικήσουσιν
3219 4936 3268 4989 οἱ
3293 4918 3717 5022 φυγάδεςῌΜωάιδο

2161 5028 2253 5100 Μὴ
2280 5030 2335 5081 ὲν
2356 5029 2550 5100 ἀρχαῖς
2571 5029 2722 5092 ὄντος
2746 5029 2839 5083 τοῦ
2870 5029 3108 5100 πολέμου
3122 5071 3135 5091 ,
3156 5029 3340 5099 φησὶν,
3362 5019 3591 5084 ὑπεδέξω
3608 5019 3719 5069 τους

2161 5119 2428 5190 “iis”
2479 5122 2579 5175 οὐκ
2626 5121 2983 5192 εὺαρίθμητοι
3036 5120 3232 5191 κομιδῆ
3267 5119 3359 5171 καὶ
3393 5113 3554 5180 ὀλίγοι
3601 5115 3716 5156 παν-

2158 5212 2330 5275 τελῶς
2377 5215 2426 5266 οἱ
2474 5213 2759 5282 διαφυγεῖν
2809 5212 3161 5284 ἰσχύσαντεςς
3213 5207 3418 5264 οὐκοῦν
3460 5204 3533 5264 εἰς
3556 5196 3713 5293 ῥέξας

2159 5303 2543 5374 ἐνήνεκταιλτὰ
2572 5303 2839 5373 εἰρημένα
2868 5302 3021 5374 παρὰ
3051 5301 3188 5356 Θεοῦ
3230 5298 3369 5355 κατὰ
3411 5288 3708 5349 Μωαϐιτῶν.

2173 5394 2443 5447 Ἀπόλωλε
2477 5394 2586 5466 γὰρ
2618 5396 2666 5447 εἰ
2698 5396 2795 5448 καὶ
2825 5395 3021 5469 βραχὺ,
3061 5394 3158 5448 καὶ
3190 5393 3342 5465 μόλις
3384 5382 3707 5477 διασέσωστμι

2160 5487 2431 5557 λείψανον.
2478 5488 2641 5553 Ἀλλ’,
2669 5483 2735 5558 ὦ,
2770 5490 2952 5561 φησὶν,
2989 5488 3212 5561 Ἀρνῶν,
3244 5481 3479 5547 ὑπεδέξω
3507 5471 3621 5532 τοὺς
3652 5477 3707 5515 εκ

2113 5942 2182 5955 Ι..-
