4060 6462
316 367 440 424 409

1499 374 1565 430 IN
1605 375 1840 433 lSAlAM
1880 378 2010 436 LIB.
2053 382 2119 439 11.
2162 383 2398 440 Τωιυδ
2424 385 2511 441 Ill.

3542 400 3648 455 410

314 494 430 564 τῆς
466 493 815 557 Μωαϐιτῶν,
851 497 1274 569 προσδοκήσασα
1301 500 1442 571 τάχα
1470 520 1595 566 που,
1629 504 1714 557 ὅτι
1739 506 1835 559 καὶ⁸
1859 507 1959 560 αὐ-

2073 510 2347 566 Sublatum
2369 523 2454 568 est
2473 514 2617 568 enim
2645 514 2908 570 auxilium
2934 525 3108 585 tuum,
3138 527 3191 574 et
3212 535 3466 591 princeps
3491 522 3653 591 periit

314 588 410 640 τοὶ
441 589 601 642 κατά
636 589 868 661 καιροὺς
895 590 1114 647 ἕπονται
1150 592 1328 665 σκέπη
1358 595 1487 665 ὑμῖν
1518 596 1629 649 ἀπὸ
1659 597 1958 668 προσώπου

308 679 660 746 διώκοντος.
701 683 896 737 Ἔσται
931 683 988 738 δὲ
1020 685 1141 757 οὐχὶ
1166 686 1348 743 τοῦτο.
1381 688 1586 755 Πόθεν;
1627 688 1806 764 ’ᾘρθη
1851 693 1962 766 γάρ

313 777 354 843 ἡ
396 774 711 843 συμμαχία
749 792 863 828 σου·
900 778 992 831 καὶ
1019 779 1047 829 ὀ
1071 778 1256 851 ἄρχων
1292 780 1544 837 ἀπώλετο
1574 786 1602 838 ὁ
1626 788 1963 843 καταπατῶν

328 868 433 921 ἐπὶ
462 868 564 938 τῆς
599 869 736 940 γῆς.
768 869 828 923 Ὀ
865 872 974 943 γὰρ
1017 871 1105 925 ἀεί
1152 889 1232 926 σοι
1273 876 1635 943 συνασπίσας,
1670 880 1829 949 φησι,
1859 882 1961 952 τῆς

340 959 664 1015 Μωαϐιτῶν
713 961 1039 1034 ἡγούμενος,
1072 966 1102 1018 ό
1142 965 1316 1029 δεινὸς
1362 968 1455 1021 καὶ
1485 970 1811 1041 ὑπέροπτος,
1856 974 1952 1027 καὶ

346 1053 535 1124 ῶσπερ
578 1052 714 1108 τινὰ
757 1054 888 1125 χοῦν
922 1060 1258 1113 καταπατεῖν
1290 1059 1498 1124 εἰωθὼς
1525 1063 1654 1127 τοὺς
1685 1063 1951 1136 ἀνθεστη-

343 1147 527 1210 κότας,
563 1146 750 1220 ᾤχετο
792 1151 887 1204 καὶ
915 1151 1215 1207 ἀπόλωλεν.
1244 1152 1426 1227 ’ῌρθη
1463 1154 1595 1225 γὰρ,
1624 1157 1719 1211 καὶ
1757 1160 1822 1212 ἐκ
1854 1159 1948 1230 μὲο

339 1259 432 1294 σου
464 1243 727 1311 γέγονεν.
757 1244 1011 1298 Διδάσκει
1039 1246 1096 1300 δὲ
1124 1247 1212 1301 διά
1233 1246 1460 1314 τούτων,
1487 1251 1569 1304 ὅτι
1602 1252 1953 1325 προσανῄρη-

330 1353 423 1390 ται
488 1341 617 1402 τοῖς
687 1339 1047 1406 Μωαϐίταις,
1102 1344 1198 1397 καὶ
1259 1344 1293 1415 ή
1350 1343 1447 1398 τοῦ
1504 1344 1768 1403 δύνασθαί
1823 1366 1956 1404 ποτε

327 1432 628 1503 κρατῆσαι
660 1432 827 1488 πάλιν
858 1435 1056 1499 αὐτοὺς
1081 1435 1256 1502 ἐλπίς.
1286 1438 1349 1492 Oi
1373 1438 1484 1511 γὰρ
1513 1440 1734 1507 ἀσεϐεῖς
1761 1444 1826 1497 ἐκ
1851 1444 1956 1517 γῆς

322 1523 657 1596 ὁλόρριζοι,
714 1526 914 1597 φησὶν,
969 1527 1253 1585 ὁλοῦνται’
1315 1530 1462 1586 θείου
1519 1532 1577 1587 δὲ
1633 1535 1772 1600 ὅλως
1824 1539 1952 1592 ἐπι-

2059 605 2390 661 conculcans
2415 621 2581 676 super
2620 619 2846 663 terram.
2878 610 2978 678 Qui
3008 612 3177 680 enim,
3209 614 3410 684 inquit,
3442 629 3647 684 suppe-

2060 698 2165 753 tias
2209 698 2303 753 tibi
2338 712 2557 767 semper
2596 700 2741 765 tulit,
2773 701 3076 759 Moabitica:
3122 715 3279 760 terra:
3328 709 3641 776 praefectus,

2062 806 2192 846 acer
2212 801 2268 846 et
2288 792 2485 857 elatus,
2507 794 2597 863 qui
2625 803 2881 863 tauquam
2907 798 3183 867 pulverem
3215 800 3429 855 calcare
3455 801 3651 856 solitus

2058 896 2141 939 est
2164 899 2259 941 eos
2290 885 2382 956 qui
2430 887 2787 951 rebellarunt,
2822 889 2985 957 periit
3010 900 3065 945 et
3097 890 3330 947 interiit.
3369 892 3648 948 Extermi-

2061 988 2221 1034 natus
2254 987 2340 1035 est
2365 978 2513 1034 enim
2564 989 2621 1034 et
2670 981 2915 1036 sublatus
2953 996 2985 1037 c
3035 983 3233 1038 medio.
3290 986 3456 1040 Docet
3500 986 3647 1040 enim

2061 1071 2242 1140 hisee,
2286 1072 2430 1142 quod
2470 1074 2637 1128 etiam
2687 1074 2757 1128 sit
2804 1073 2985 1128 ablata
3029 1084 3085 1130 et
3128 1077 3353 1144 praecisa
3396 1075 3652 1133 Moabitis

2059 1178 2186 1235 spes
2222 1179 2384 1234 posse
2427 1165 2719 1237 aliquando
2774 1183 2964 1223 rursus
3010 1170 3320 1237 superiores
3367 1171 3637 1225 obtinere.

2057 1255 2217 1328 lmpii
2256 1259 2430 1327 enim,
2475 1260 2671 1331 inquit,
2713 1263 2975 1317 radicitus
3016 1262 3084 1316 de
3124 1272 3269 1316 terra
3315 1263 3649 1333 perdentur;

2063 1351 2246 1408 divina
2270 1361 2450 1407 autem
2475 1352 2553 1407 ira
2577 1353 2802 1409 omnino
2826 1355 3122 1419 insiliente,
3143 1356 3445 1425 cuiusmodi
3468 1366 3655 1423 erunt,

2062 1460 2253 1501 eorum
2276 1446 2369 1516 qui
2393 1443 2589 1502 amicti
2606 1456 2737 1503 sunt
2763 1447 3044 1520 reliquim?
3072 1449 3168 1506 Vel
3194 1449 3320 1521 quis
3346 1458 3656 1506 restaurare

2063 1549 2265 1609 potest,
2294 1539 2646 1596 subvertente
2673 1542 2820 1597 Deo?

323 1619 631 1691 πηδῶντος
662 1620 864 1693 θυμοῦ,
917 1624 1070 1678 ποῖον
1100 1622 1256 1680 ἔσται
1313 1626 1425 1682 τῶν
1485 1629 1833 1686 πεπονθότων
1895 1633 2185 1707 λείψανονς
2224 1634 2297 1687 Ἦ
2350 1633 2433 1699 τίς
2483 1635 2514 1689 ό
2559 1634 2866 1706 ἀναστῆσαι
2920 1635 3239 1708 δυνάμενος,
3290 1635 3429 1690 Θεοῦ
3488 1653 3662 1690 κατα-ι
3720 1650 3723 1651 ⁷

324 1718 682 1789 στρέφοντος
696 1737 711 1785 ς

397 1813 523 1866 Καὶ
601 1812 1070 1882 διορθωθήσεται
1120 1816 1252 1886 μετ’
1294 1818 1507 1887 ἐλέους
1551 1823 1787 1890 θρόνος,
1855 1823 1953 1879 καὶ

2131 1822 2296 1877 Vens.
2322 1823 2377 1878 5.
2411 1821 2478 1878 Et
2534 1823 2799 1892 dirigetur
2854 1840 2974 1877 cum
3039 1823 3410 1877 misericordia
3440 1824 3655 1888 solium,

323 1905 640 1960 καθιεῖται
692 1906 788 1959 ἐπ’
827 1907 1020 1962 αὑτοῦ
1079 1910 1231 1980 μετὰ
1279 1912 1569 1981 ἀληθείας
1627 1916 1699 1970 ἐν
1748 1917 1953 1988 σκηνῇ

322 2000 472 2053 Δαόἓ
483 1998 545 2063 δ,
590 1999 820 2069 κρίνων
862 2002 960 2056 καί
996 2002 1256 2072 ἐκζητῶν
1299 2005 1497 2076 κρῖμα,
1530 2007 1630 2063 καί
1671 2010 1956 2066 σπεύδων

323 2092 777 2163 δικαιοσύνην.

414 2185 519 2238 Ἐν
561 2185 784 2250 τούτοις
825 2187 1016 2258 σαφῶς
1057 2188 1457 2259 ἐπαγγέλλεται
1514 2192 1576 2247 τὸ
1605 2194 1959 2268 ἀπαλλαχθήο

332 2276 541 2332 σεσθαι
597 2277 745 2331 κατά
796 2282 1025 2350 καιροὺς
1079 2281 1170 2335 τὸν
1222 2282 1439 2356 Ἰσραὴλ
1522 2286 1623 2357 τῆς
1678 2289 1955 2361 ἀφορήτου

331 2370 754 2443 ταλαιπωρίας,
803 2372 902 2426 καὶ
944 2373 1055 2427 τῶν
1098 2376 1162 2428 ἐκ
1186 2374 1289 2444 τῆς
1331 2377 1712 2447 αἰχμαλωσίας
1745 2381 1954 2436 κακῶν.

332 2465 535 2538 Κύρου
596 2464 710 2537 γὰρ
756 2465 972 2530 ἑλόντος
1022 2465 1123 2540 τὴν
1172 2467 1530 2525 Βαϐυλωνίων
1571 2472 1739 2545 ἀνέθη
1783 2473 1884 2545 μὲν
1930 2477 1960 2530 ό

343 2559 602 2632 Ἰσραὴλ,
632 2560 974 2632 ἀνεκομίσθη
999 2560 1057 2614 δὲ
1079 2561 1552 2634 κατοικτείροντος
1586 2562 1722 2618 Θεοῦ
1750 2568 1832 2629 είς
1858 2568 1959 2639 τὴν

330 2652 510 2719 ἁγίαν
541 2651 725 2715 πόλιν,
755 2653 1081 2723 ἡγουμένων
1114 2653 1437 2725 Ζωροϐἀϐελ
1463 2655 1558 2709 τοῦ
1580 2657 1874 2729 Σαλαθιὴλ,
1900 2658 1959 2724 ὃς

328 2742 402 2818 ἦν
430 2748 505 2800 ἐκ
535 2745 719 2816 φυλῆς
749 2745 923 2800 Ἰούδα
952 2745 1047 2799 καὶ
1072 2746 1257 2813 Δαϐὶδ,
1289 2748 1385 2801 καὶ
1411 2748 1510 2819 μέν
1538 2766 1618 2803 τοι
1646 2750 1741 2805 καὶ
1784 2751 1959 2822 Ἰησοῦ

326 2840 430 2891 10-3
462 2837 727 2892 Ἰωσεδὲκ
758 2839 854 2892 τοῦ
893 2839 1086 2912 ἱερέως
1117 2839 1212 2893 τοῦ
1247 2841 1507 2911 μεγάλου.
1540 2844 1598 2896 '0
1627 2844 1808 2898 τοίνυν
1832 2844 1960 2917 θρό-

325 2949 450 2994 νος,
493 2932 658 3003 φησὶ,
690 2930 838 2984 τοῦτ’
868 2931 1039 2995 ἐστιν,
1070 2934 1104 3004 ἠ
1137 2934 1289 3005 παρά
1326 2937 1440 2998 τοῖς
1484 2936 1760 3002 Ἰουδαίοις
1807 2937 1963 3009 βασι-

325 3027 485 3091 λεία,
514 3025 955 3098 διορθωθήσεται
991 3026 1131 3097 μετὰ
1151 3026 1355 3092 ἐλέους,
1379 3029 1526 3082 τοῦτ’
1556 3029 1725 3096 ἔστιν,
1757 3034 1837 3096 εἰς
1863 3032 1962 3104 τὴν

326 3120 558 3173 οἰκείαν
592 3119 861 3191 ἐπανήξει
902 3119 1078 3186 τάξιν,
1121 3121 1592 3194 κατοικτείροντος
1621 3123 1782 3178 Θεοῦ.
1813 3125 1964 3179 Καθ-

327 3217 509 3267 ιεῐται
530 3213 592 3267 δὲ
621 3212 789 3266 πάλιν
818 3214 906 3266 ἐπ’
935 3212 1102 3266 αὐτοῦ
1136 3215 1255 3283 μετ’
1278 3193 1540 3287 ἀληθείας
1571 3219 1630 3271 ἐν
1659 3220 1832 3290 σκηνῇ
1864 3220 1967 3273 Δα-
1991 3193 2036 3250 C

325 3311 457 3377 ϐὶδ,
506 3308 721 3382 κρίνων
772 3308 868 3362 καὶ⁸
909 3306 1188 3378 ἐπιζητῶν
1223 3310 1419 3379 κρῖμα.
1463 3310 1574 3363 Καὶ
1622 3309 1849 3383 σκηνὴν,
1888 3311 1965 3376 ὡς

328 3402 548 3467 ἔοικεν,
581 3400 850 3472 ὀνομάζει
883 3400 955 3454 τὰ
989 3399 1260 3471 βασίλεια,
1297 3402 1354 3453 ἐν
1387 3395 1470 3464 οἷς
1511 3401 1828 3473 ποιούμενοι
1864 3402 1967 3467 τὰς

335 3494 639 3567 διατριϐὰς
654 3492 932 3558 ἐδίκαζον,
952 3493 1191 3564 ἐννόμως
1210 3492 1409 3555 αὐτοὺς
1429 3492 1555 3556 τοὺς
1573 3493 1673 3562 τῆς
1689 3492 1967 3562 βασιλείας

344 3589 641 3652 διέποντας
671 3587 899 3650 θάκους.
929 3586 1039 3640 Καὶ
1068 3586 1129 3639 τό
1162 3602 1225 3655 γε
1254 3580 1392 3659 ἧκον
1415 3587 1496 3648 εἰς
1516 3584 1578 3638 τὸ
1603 3584 1724 3655 Θεῷ
1749 3584 1963 3650 δοκοῦν,

352 3680 691 3752 ἐπιμεληταὶ
724 3678 1077 3751 δικαιοσύνης
1105 3678 1417 3747 γεγόνασιν,
1446 3679 1494 3731 εί
1522 3679 1618 3732 καὶ
1639 3677 1741 3748 τῆς
1764 3677 1968 3750 ἀρετῆς

345 3773 774 3847 διημαρτήκασι
814 3788 981 3836 τινες,
1038 3771 1465 3834 ἀπονενευκότες
1520 3771 1613 3824 ἐπὶ
1652 3772 1720 3825 τὰ
1779 3773 1965 3843 χείρω.

355 3868 565 3922 ’ἰστέον
607 3867 667 3920 δὲ
706 3867 791 3920 ὅτι
826 3865 963 3937 μετά
993 3864 1094 3936 τὴν
1124 3865 1190 3917 ἐκ
1216 3865 1314 3935 τῆς
1336 3863 1657 3925 Βαϐυλῶνος
1685 3863 1966 3930 ἐπάνοδον,

331 3961 544 4015 οὐκέτι
574 3959 933 4031 διῃρημένως
981 3957 1372 4028 κατῳκήκασιν
1422 3958 1472 4010 οἱ
1512 3954 1571 4022 ἐξ
1616 3955 1857 4027 Ἰσραὴλ,
1893 3956 1970 4020 ὡς

327 4052 493 4110 εἶναι
541 4055 648 4125 μέν
693 4055 753 4106 ἐν
798 4054 866 4123 τῇ
906 4050 1195 4124 Σαμαρείᾳ
1236 4050 1337 4114 τὰς
1375 4049 1510 4104 δέκα
1542 4048 1734 4119 φυλὰς,
1778 4049 1873 4102 καὶ
1909 4048 1970 4102 τὸ

324 4152 530 4221 ἣμισυ
562 4146 744 4216 φυλῆς
777 4144 1042 4217 Ἑφραῒμ,
1072 4143 1451 4216 βασιλεύοντος
1480 4144 1567 4197 ἐπ’
1590 4143 1778 4207 αὐτοῖς
1801 4159 1967 4207 τινος,

332 4246 401 4298 ἐν
457 4243 526 4297 δὲ
580 4242 700 4304 τοῖς
746 4238 1143 4312 Ἱεροσολύμοις
1177 4238 1279 4310 τὴν
1324 4237 1496 4293 Ἰούδα
1541 4236 1734 4308 φυλὴν,
1782 4236 1971 4290 καὶτὸ

329 4338 534 4409 ἣμισυ
562 4335 743 4405 φυλῆς
778 4334 1072 4404 Μανασσῆ,
1102 4332 1265 4387 πάλιν
1298 4332 1490 4404 ἐτέρου
1521 4331 1616 4385 καὶ
1647 4328 1832 4393 ἰδικῶς
1873 4329 1970 4401 βα-

335 4428 676 4492 σιλεύοντός
704 4444 850 4491 τινος
878 4427 966 4480 ἐπ’
988 4426 1192 4488 αὐτῶν,
1223 4424 1338 4479 ἀλλ’
1361 4427 1442 4490 είς
1468 4425 1598 4496 μίαν
1631 4422 1972 4494 συνενεχθέν-

333 4540 439 4587 τες
473 4521 749 4584 διάνοιαν,
776 4518 1169 4590 κατῳκήκασιν
1201 4515 1338 4587 ὁμοῦ
1364 4515 1435 4570 τά
1464 4515 1834 4587 Ἰεροσόλυμα,
1871 4513 1970 4567 ἕνα

334 4572 847 4685 ﬂammans;
895 4572 1143 4682 βασιλέα.
1183 4572 1293 4664 Κέιι
1329 4608 1490 4663 τοῦτο
1526 4572 1595 4680 ἣν
1637 4572 1748 4679 ἀρα
1791 4572 1852 4661 τδ
1883 4606 1973 4660 διὰ
2004 4572 2047 4628 D

343 4707 553 4777 φωνῆς
596 4702 885 4774 προφήτου
912 4701 1042 4771 περὶ
1068 4700 1252 4755 αὐτῶν
1279 4698 1588 4772 εἰρημένον·
1629 4697 1743 4752 Καὶ
1773 4696 1979 4769 ἀναϐήν

348 4816 549 4855 σονται
582 4799 652 4850 ἐκ
693 4796 795 4867 τῆς
819 4794 946 4866 γῆς,
979 4794 1073 4847 καὶ
1102 4794 1404 4848 κοπάσουσι
1442 4791 1639 4863 μικρὸν
1681 4789 1775 4845 τοῦ
1802 4791 1980 4863 χρίειν

353 4892 594 4965 βασιλέα
655 4889 754 4943 καὶ
806 4886 1066 4959 ἄρχοντα.
1115 4886 1262 4956 Πλὴν
1319 4885 1663 4957 ὑπισχνεῖται
1700 4883 1834 4948 Θεὸς
1883 4882 1979 4937 τοῦ

361 4989 517 5061 παρά
554 4987 676 5048 τοῖς
707 4966 1203 5053 Ἰουδαίοιςθρόνου
1229 4981 1328 5052 τὴν
1355 4979 1755 5051 ἐπανόρθωσιν,
1795 4995 1983 5051 μονον-

360 5082 478 5152 ουχὶ
503 5074 902 5142 κατονειδίζων
923 5076 1023 5145 τὴν
1049 5073 1246 5129 Μωάὂ.
1262 5068 1641 5143 ’Πεφλυὰρηκε
1670 5071 1767 5144 μὲν
1791 5070 1982 5140 λέγου-

358 5191 452 5240 σα,
484 5174 576 5227 ὅτι
620 5170 809 5242 Πέτρα
838 5166 1046 5241 ἔρημός
1074 5169 1192 5220 ἐστι
1230 5165 1290 5220 τὸ
1335 5167 1461 5235 ὄρος
1495 5163 1653 5218 Σιών.
1695 5163 1858 5217 Ἀλλά
1901 5181 1983 5217 σοι

358 5267 487 5338 μὲν,
524 5264 692 5336 φησὶ,
730 5262 894 5315 τοῦτο
922 5262 1149 5314 κάκεῖ-κο
1184 5259 1527 5331 συμϐήσεται
1561 5256 1738 5311 πλατὺ
1765 5255 1983 5329 γελώσῃ

356 5358 513 5415 κατά
555 5357 672 5411 τῶν
712 5355 773 5421 ἐξ
816 5354 1056 5427 Ἰσραήλ.
1090 5353 1229 5417 Τοὺς
1256 5352 1314 5406 δὲ
1340 5353 1518 5423 πάντη
1548 5367 1609 5404 τε
1639 5350 1736 5403 καὶ
1767 5350 1985 5414 πάντως

248 5504 255 5521 ,
360 5452 591 5524 ελεὴσει
643 5448 800 5515 Θεὸς,
845 5449 942 5501 καὶ
987 5447 1179 5520 ἀνήσει
1228 5443 1328 5517 μὲν
1370 5443 1478 5497 τῶν
1533 5441 1983 5513 συμϐεϐηκότων·

359 5543 828 5613 ἀποκαταστήσει
858 5541 915 5595 δὲ
939 5540 1075 5614 πρὸς
1105 5539 1167 5593 τὸ
1201 5538 1259 5591 ἐν
1283 5538 1484 5611 ἀρχαῖς
1514 5535 1615 5608 τὴν
1641 5536 1771 5608 παρ’
1805 5537 1989 5600 αὐτοῖς

364 5638 659 5712 βασιλείαν
703 5634 1113 5708 ἐπανορθῶσαι.

452 5732 842 5803 Ἠκούσαμεν
882 5730 1000 5800 τὴν
1041 5729 1215 5799 ὕϐριν
1260 5725 1458 5796 Μωὰϐ,
1511 5722 1805 5795 ὑϐριστὴς
1836 5726 1991 5794 σφό-

367 5831 508 5901 δρα.

442 5920 942 5998 ιΙροαναφωνήσας
971 5914 1030 5974 εὗ
1063 5917 1208 5992 μάλα
1248 5914 1345 5987 τὴν
1378 5914 1442 5969 ἐκ
1474 5911 1574 5985 τῆς
1612 5911 1990 5985 αἰχμαλωσίας

2057 1925 2105 1971 et
2164 1915 2361 1971 sedebit
2409 1917 2464 1971 in
2487 1933 2547 1972 eo
2583 1933 2701 1970 cum
2738 1918 2956 1971 veritate
2994 1917 3049 1970 in
3094 1917 3443 1970 tabernaculo
3488 1915 3655 1970 Davi-

2057 2010 2140 2064 dis
2185 2009 2438 2081 judicans
2497 2021 2545 2066 et
2605 2010 2884 2082 exquirens
2930 2009 3223 2081 judicium,
3260 2019 3307 2063 et
3355 2008 3656 2063 accelcruus

2050 2103 2323 2174 justitiam

2130 2194 2187 2250 In
2220 2196 2341 2252 istis
2381 2195 2565 2251 verbis
2610 2203 2797 2265 aperte
2839 2194 3204 2264 promittitur,
3232 2194 3487 2251 lsraclem
3540 2195 3657 2250 suis

2061 2286 2399 2355 temporibus
2446 2302 2477 2340 a
2544 2301 2649 2339 nou
2704 2283 2927 2340 ferenda
2997 2285 3316 2341 infelicitate
3392 2284 3662 2354 malisque

2062 2380 2261 2449 quibus
2318 2380 2372 2433 in
2426 2379 2746 2450 captivitate
2807 2394 3100 2447 oppressus
3150 2390 3291 2442 erat,
3353 2393 3474 2434 esse
3522 2379 3662 2435 libe-

2063 2473 2314 2529 randum.
2344 2473 2481 2529 Cum
2553 2473 2699 2529 enim
2753 2472 2929 2543 Cyrus
2983 2472 3336 2544 Babyloniam
3398 2472 3659 2545 cepisset,

2062 2567 2324 2624 liberatus
2379 2575 2465 2623 est
2518 2565 2685 2622 Israel
2726 2567 3093 2635 reductusque
3142 2575 3224 2622 est
3268 2567 3379 2621 Deo
3431 2570 3661 2622 commi-

2063 2669 2283 2717 serante
2334 2661 2387 2715 in
2433 2669 2677 2715 sanctam
2710 2659 3014 2723 civitatem,
3053 2661 3282 2716 ducibus
3321 2660 3665 2717 Zorobabelo

2065 2754 2177 2810 tilio
2227 2753 2514 2817 Salathiel,
2551 2753 2643 2823 qui
2683 2762 2800 2810 erat
2840 2769 2906 2809 cx
2981 2752 3122 2807 tribu
3158 2749 3299 2807 Jnda
3352 2763 3406 2809 et
3463 2754 3658 2820 David,

2063 2856 2119 2904 et
2171 2846 2300 2905 Iesu
2357 2847 2467 2903 lilio
2524 2846 2795 2903 Iosedech
2854 2862 3046 2916 magno
3093 2847 3402 2902 sacerdote.
3447 2847 3656 2902 Solium

2065 2942 2255 3013 igitur,
2278 2940 2477 3011 inquit,
2502 2940 2555 2995 id
2603 2949 2707 3007 est,
2740 2937 3027 2994 Judaicum
3097 2954 3324 3011 regnum
3394 2941 3668 2996 instaura-

2064 3032 2216 3088 bitur
2239 3048 2364 3089 cum
2404 3032 2801 3097 misericordia,
2833 3031 2885 3086 id
2917 3041 3021 3097 est,
3059 3030 3114 3086 in
3145 3048 3300 3086 suum
3340 3033 3493 3102 quasi
3536 3048 3664 3101 prn-

2066 3125 2244 3194 prium
2297 3132 2498 3179 statum
2540 3139 2605 3178 ac
2637 3122 2954 3194 dignitatem
2998 3123 3315 3178 restituetur
3369 3124 3672 3181 miserante

2069 3218 2223 3273 Deo:
2255 3227 2310 3273 et
2336 3216 2596 3272 residebit
2633 3217 2813 3272 denuo
2848 3215 2900 3270 in
2948 3230 3016 3271 eo
3057 3230 3183 3270 cum
3235 3217 3487 3281 veritate,
3530 3230 3585 3272 et
3614 3218 3667 3272 in

2068 3309 2418 3367 tabernaculo
2466 3308 2658 3377 David,
2678 3308 2930 3379 judicans
2958 3317 3014 3364 et
3059 3308 3340 3377 vestigans
3372 3308 3669 3379 judicium.

2067 3404 2134 3460 Et
2183 3402 2597 3460 tabernaculum
2626 3410 2685 3456 ut
2716 3401 2932 3457 videtur
2983 3402 3233 3457 nominat
3277 3400 3540 3456 basilicas
3569 3412 3666 3456 s’eu

2068 3497 2270 3568 regias,
2312 3494 2366 3549 in
2406 3495 2604 3564 quibus
2643 3495 3128 3549 commorabantnr
3175 3492 3478 3564 judicantes
3533 3492 3671 3565 legi-

2069 3590 2198 3645 time
2243 3603 2337 3643 eos
2362 3587 2453 3658 qui
2493 3586 2677 3643 sedem
2709 3586 2860 3657 regni
2894 3586 3370 3644 administrabant.
3405 3585 3472 3642 Et
3525 3587 3676 3658 quod

2068 3684 2135 3739 ad
2173 3682 2265 3740 Dei
2308 3682 2643 3738 voluntatem
2693 3680 2910 3748 attinet,
2947 3678 3177 3748 iustitiae
3215 3679 3457 3736 cultores
3503 3680 3676 3735 exsti-

2070 3786 2254 3832 terunt
2306 3774 2522 3830 etiamsi
2565 3789 2596 3829 a
2638 3774 2840 3829 virtute
2882 3773 3263 3829 aberraverint
3322 3773 3571 3845 quidam,
3604 3772 3671 3826 ad

2071 3868 2347 3924 deteriora
2422 3866 2782 3923 declinantes.
2829 3863 3125 3922 Sciendum
3175 3877 3358 3920 autem
3399 3873 3487 3922 est
3553 3869 3679 3934 post

2072 3960 2308 4015 reditum
2350 3973 2381 4013 e
2433 3956 2729 4030 Babylone,
2782 3973 2889 4013 non
2947 3957 3060 4028 jam
3121 3956 3337 4012 divisim
3400 3957 3677 4011 habitasse

2072 4050 2369 4116 Israelitas,
2414 4059 2474 4104 ut
2522 4049 2789 4105 Samaria:
2854 4049 3045 4104 decem
3106 4046 3284 4104 tribus
3346 4056 3403 4104 et
3450 4048 3677 4103 dimidia

2073 4146 2246 4200 tribus
2330 4143 2591 4213 Epliraim
2674 4151 2881 4208 essent,
2945 4141 3295 4211 imperitante
3368 4140 3476 4196 illis
3544 4154 3675 4204 uno.

2073 4233 2468 4306 Hierosolymis
2500 4241 2684 4291 autem
2714 4235 2892 4289 tribus
2917 4233 3078 4302 Juda,
3098 4242 3150 4289 et
3177 4232 3465 4287 dimidium
3500 4232 3678 4287 tribus

2072 4329 2556 4395 Manassis,rursus
2567 4327 2819 4399 privatim
2840 4337 3098 4397 regnante
3113 4325 3283 4380 altero
3303 4343 3317 4380 :
3336 4325 3429 4379 sed
3444 4325 3497 4379 in
3512 4341 3675 4379 llllam

2072 4431 2306 4479 mentem
2351 4420 2567 4477 conﬂati
2612 4436 2676 4477 ac
2721 4421 3120 4491 conspirantes,
3155 4418 3463 4474 incolebant
3517 4419 3680 4475 simul

2076 4514 2472 4588 Hierosolyma,
2493 4531 2659 4569 unum
2677 4529 2838 4586 porro
2862 4528 3044 4585 regem
3065 4513 3410 4583 innngcntes.
3430 4511 3541 4569 lloc
3561 4522 3681 4568 erat

2088 4609 2344 4664 videlicet
2397 4608 2566 4680 256
2615 4621 2748 4663 voce
2806 4602 3083 4677 prophetae
3138 4605 3207 4660 de
3271 4604 3380 4660 illis
3436 4605 3678 4660 dictum:

2085 4699 2152 4754 Et
2212 4701 2514 4754 ascenderit
2576 4697 2643 4752 de
2694 4707 2863 4761 terra,
2894 4703 2950 4750 et
2991 4693 3318 4751 laborabunt
3376 4694 3679 4765 paululum,

2086 4797 2337 4862 tingendo
2382 4805 2565 4862 regem
2598 4797 2654 4844 et
2683 4788 3006 4861 principem.
3033 4786 3234 4843 Verum
3282 4787 3554 4859 pollicitus
3597 4799 3685 4843 est

2088 4886 2233 4941 Deus
2293 4882 2505 4940 Judaici
2557 4882 2742 4938 throni
2792 4881 3264 4948 instaurationem,
3305 4890 3515 4936 tantum
3575 4895 3684 4934 non

2087 4980 2284 5050 probra
2313 4979 2367 5034 in
2402 4976 2561 5032 Moab
2584 4975 2816 5048 jacicns.
2865 4975 3177 5030 Scommata
3209 4975 3354 5029 enim
3386 4974 3474 5028 illa
3501 4975 3683 5042 torsit,

2087 5076 2308 5130 dicens:
2358 5071 2517 5128 Petra
2576 5072 2793 5127 deserta
2835 5080 2923 5125 est
2984 5084 3140 5124 mons
3206 5068 3360 5125 Sion.
3417 5068 3531 5125 lmo
3564 5070 3686 5137 tibi,

2088 5169 2268 5239 inquit
2295 5167 2406 5229 ille,
2470 5165 2614 5222 istud
2668 5164 2967 5236 continget,
3013 5179 3134 5233 quae
3170 5163 3344 5219 biauti
3394 5178 3461 5220 ac
3532 5163 3689 5235 largo

2087 5278 2183 5318 ore
2243 5262 2391 5318 rides
2425 5260 2701 5316 lsraelitas
2733 5276 2748 5315 :
2783 5257 2978 5313 borum
3022 5273 3152 5314 vero
3186 5273 3411 5330 prorsus
3448 5259 3691 5330 penitus-

2089 5371 2196 5426 que
2231 5354 2578 5409 miserebitur
2634 5352 2800 5419 Deus,
2820 5358 2876 5407 et
2921 5367 2990 5407 ex
3039 5350 3128 5407 bis
3181 5368 3303 5425 qua:
3368 5351 3690 5407 acciderunt

2090 5449 2362 5505 recreabit
2403 5463 2468 5503 ac
2494 5445 2785 5515 relaxabit,
2826 5453 2883 5502 ct
2922 5445 2975 5500 in
3009 5446 3291 5515 antiquam
3320 5442 3689 5500 conditionem

2093 5541 2320 5612 rediget,
2364 5555 2589 5613 regnum
2637 5555 2831 5596 eorum
2880 5538 3255 5596 reformando.

2177 5719 2343 5775 Vsus.
2405 5718 2460 5777 6.
2521 5716 2839 5775 Audiuimus
2913 5717 3212 5787 superbiam
3306 5712 3494 5782 Moab,
3540 5713 3693 5769 valde

2093 5811 2503 5870 contumeliosus
2541 5821 2641 5866 est.

2166 5908 2301 5966 Cum
2343 5904 2702 5964 declaraverit
2741 5903 2995 5976 superius
3040 5901 3272 5960 reditum
3325 5901 3692 5960 Israelitarutn
