4060 6512
526 379 617 435 Ui
1522 380 1579 434 S.
1628 378 1905 435 CYRlLLI
1943 374 2412 434 ALEXANDRINI
2454 370 2774 429 ARCHIEP.
3660 372 3749 423 ΗΞ).

525 509 556 548 e
604 496 1103 566 captivitate,juxta
1164 495 1311 565 prius
1369 497 1670 564 expositam
1726 497 2013 559 rationem,
2044 505 2101 549 et

2214 492 2461 546 ἐπάνοδον
2495 491 2605 544 τῶν
2642 490 2701 556 ἐξ
2732 488 2970 561 Ἰσραὴλ,
3007 489 3103 541 καὶ
3134 488 3219 541 δτι
3244 489 3402 549 πάλιν
3427 490 3749 560 ἀναφοίτησις

525 591 667 656 quod
746 589 939 643 iterum
1010 588 1075 640 ad
1134 596 1369 641 veterem
1447 586 1675 642 formam
1746 588 2098 657 principatus,

527 681 778 733 nimirum
829 680 976 744 regni
1030 679 1293 748 ipsorum,
1347 678 1530 734 futura
1589 680 1663 734 sit
1712 679 1928 745 reditio,
1960 680 2099 733 reci-

526 770 601 834 pit
664 784 722 825 se
766 771 830 824 de
876 772 1082 840 integro
1137 773 1203 825 ad
1248 771 1423 838 Moab,
1453 772 1518 825 ad
1564 786 1766 841 eosque
1796 786 2101 827 sermonem

527 861 805 915 transfert.
851 862 1061 916 Dictum
1138 872 1222 917 est
1274 874 1455 917 autem
1518 862 1664 917 velut
1744 878 1810 918 ex
1870 877 2102 932 persona

527 962 836 1005 sanctorum
908 953 1293 1022 prophetarum
1348 953 1519 1008 illud:
1575 955 1893 1009 Audivimus
1957 955 2104 1008 inso«

528 1044 743 1099 tentiam
800 1044 979 1106 Moab,
1020 1046 1174 1100 valde
1214 1046 1452 1102 insolens
1478 1056 1579 1102 est.
1609 1046 1932 1103 Collaudant
1958 1048 2103 1101 enim

528 1151 623 1203 per
658 1137 772 1191 haec
804 1137 967 1191 veluti
1013 1137 1066 1191 iu
1116 1138 1321 1205 judicio
1377 1138 1684 1208 punientem
1740 1137 2105 1202 Deum,debi-

531 1240 752 1298 tumque
820 1245 884 1283 ac
920 1231 1138 1300 dignum
1214 1231 1325 1285 illis
1381 1229 1701 1286 inferentem
1760 1232 2102 1300 supplicium.

529 1319 761 1374 Audisse
785 1335 845 1375 se
880 1322 1064 1375 dicunt
1100 1323 1438 1378 insolentiam
1477 1322 1653 1388 Moab,
1684 1325 1917 1393 primum
1962 1324 2106 1378 illam

534 1411 953 1467 vetustissimam
1039 1413 1319 1468 historiam
1383 1429 1489 1468 non
1552 1414 1887 1484 ignorantes,
1937 1430 2101 1484 quam

532 1505 747 1558 divinus
816 1504 989 1558 Moses
1047 1508 1286 1575 exponit.
1339 1506 1410 1562 Ut
1449 1506 1593 1561 enim
1638 1522 1799 1576 supra
1849 1508 2105 1575 diximus,

528 1597 787 1650 conduxit
824 1598 1131 1650 Balaamum
1180 1597 1468 1663 Balacbus,
1511 1600 1677 1663 Ades,
1704 1600 1977 1670 inquiens,
2008 1616 2106 1655 ex-

531 1704 746 1743 secrare
798 1690 927 1743 mihi
983 1688 1260 1756 lsraelem,
1290 1701 1347 1746 et
1391 1703 1651 1762 praeterea
1711 1695 2108 1763 quamplurima

529 1780 672 1837 facta
726 1793 850 1837 sunt
904 1783 1049 1847 olim,
1070 1797 1136 1837 ex
1165 1783 1304 1839 fastu
1343 1800 1406 1839 ac
1436 1786 1689 1851 superbia
1721 1785 2105 1849 Moabitarum,

530 1889 651 1931 cum
705 1875 883 1930 divina
921 1876 1199 1942 majestate
1244 1880 1554 1948 pugnantia.

601 1963 911 2029 Superbiam
968 1965 1181 2019 sustuli.

634 2054 846 2112 Sanctis
944 2058 1219 2127 prophetis
1302 2058 1657 2114 disertissime
1732 2059 2113 2118 conﬁtentibus

532 2145 802 2200 audivisse
854 2161 912 2200 se
963 2146 1305 2202 insolentiam
1363 2147 1685 2212 Moabitidis,
1734 2158 1790 2205 et
1860 2152 2002 2206 seire
2051 2167 2110 2206 se

533 2237 690 2291 valde
747 2238 1061 2292 insolentem
1113 2240 1284 2309 ipsam
1339 2255 1480 2304 esse,
1517 2256 1581 2296 ex
1612 2242 1842 2297 adverso
1880 2258 2109 2313 respon-

533 2328 624 2381 det
676 2326 833 2392 Deus,
867 2337 923 2382 et
962 2330 1074 2383 ait:
1118 2329 1435 2399 Superbiam
1475 2333 1690 2400 sustuli,
1724 2335 1827 2389 hoc
1858 2345 1962 2401 est,
2005 2351 2110 2389 non

536 2419 752 2489 quidem
812 2421 1128 2491 simpliciter
1192 2423 1481 2478 fastuosam
1544 2424 1732 2490 Moab,
1785 2427 1880 2482 sed
1946 2427 2111 2481 veluti

535 2512 709 2581 reipsa
768 2512 963 2566 fastum
1022 2524 1076 2567 et
1110 2516 1280 2583 ipsam
1332 2515 1675 2570 insolentiam
1717 2516 1952 2571 emedio
2005 2517 2113 2571 tol-

534 2605 744 2659 lendam
787 2609 991 2661 curavi.
1035 2606 1236 2660 Bellum
1275 2609 1419 2662 enim
1472 2623 1602 2678 gero
1658 2623 1779 2664 cum
1840 2609 2111 2678 superbis,

531 2707 584 2750 et
626 2714 801 2767 pugno
858 2715 980 2754 cum
1026 2700 1109 2754 his
1143 2700 1231 2769 qui
1288 2700 1354 2754 de
1383 2714 1443 2754 se
1496 2700 1740 2757 modeste
1774 2702 1979 2757 sentire
2024 2715 2115 2755 no-

535 2789 670 2852 lunt,
700 2793 806 2844 imo
841 2790 1039 2846 frustra
1075 2793 1461 2858 intumescunt,
1491 2804 1544 2847 et
1569 2793 1678 2848 alte
1710 2793 1901 2847 tollunt
1923 2808 2114 2862 super-

534 2881 743 2945 cilium,
799 2897 1015 2951 suaeque
1090 2893 1297 2937 naturae
1364 2883 1610 2954 ignorant
1668 2884 2111 2940 imbecillitatem.

537 2972 809 3041 Scriptum
859 2986 941 3028 est
978 2983 1155 3030 autem
1189 2976 1330 3044 ἰ’-η,
1374 2978 1515 3047 quod
1564 2977 1821 3033 Dominus
1864 2978 2115 3047 superbis

537 3063 762 3116 resistit.
815 3064 1014 3119 Deinde
1060 3066 1260 3122 docens
1290 3069 1432 3136 quod
1470 3067 1616 3135 juste
1648 3068 1853 3139 puniat,
1893 3080 1950 3123 et
1984 3069 2115 3123 sim-

2202 589 2352 643 ἔσται
2386 588 2526 659 πρὸς
2556 587 2617 640 τὸ
2640 588 2865 656 ἀρχαῖον
2893 583 2993 653 τῆς
3026 585 3157 654 παρ’
3186 584 3368 647 αὑτοῖς
3396 584 3583 654 ἀρχῆς,
3608 585 3756 655 ηγουν

2206 680 2505 752 βασιλείας,
2545 681 2794 733 ἐπάνεισι
2825 676 2984 731 πάλιν
3030 676 3123 730 ἐπὶ
3160 676 3259 747 τὴν
3291 675 3483 737 Μωὰϐ.
3524 676 3614 728 καὶ
3647 676 3759 745 μεθ-

2207 774 2417 843 ίστησιν
2456 772 2540 825 ἐπ’
2574 771 2772 833 αὐτοὺς
2795 769 2886 822 τὸν
2916 769 3092 839 λόγον.
3120 766 3348 838 Εἴρηται
3397 766 3452 820 δέ
3498 765 3677 837 ῶσπερ
3705 769 3762 819 ἐκ

2204 864 2495 935 προσώπου
2520 864 2629 917 τῶν
2664 861 2832 930 ἁγίων
2859 858 3173 934 προφητῶν,
3212 858 3295 920 τὸ.
3330 858 3659 927 Ἠκοὺσαμεν
3675 859 3763 930 τὴν

2206 958 2364 1029 ὑϐριν
2408 955 2603 1020 Μωὰϐ,
2646 953 2904 1025 ὑϐριστὴς
2947 954 3166 1024 σφόδρα.
3200 951 3513 1005 Συναινοῦσι
3556 950 3657 1021 γὰρ
3690 951 3767 1006 διὰ

2203 1052 2430 1109 τούτων,
2460 1050 2537 1113 ὼς
2575 1049 2633 1100 ἐν
2677 1047 2802 1117 δίκῃ
2846 1045 3129 1108 κολάζοντι
3163 1043 3241 1116 τῷ
3271 1041 3413 1113 Θεῷ,
3436 1041 3765 1112 ὀφειλομένην

2206 1160 2266 1195 τε
2296 1143 2388 1194 καὶ
2428 1141 2745 1209 πρέπουσαν
2781 1136 2961 1200 αὐτοῖς
2995 1135 3342 1204 ἐπενεγκόντι
3367 1133 3464 1203 τὴν
3498 1135 3765 1202 τιμωρίαν.

2225 1231 2549 1302 ’Δκηκοέναι
2594 1229 2653 1284 δέ
2687 1246 2820 1298 φασι
2862 1227 2961 1299 τὴν
3005 1226 3161 1295 ὓϐριν
3194 1223 3394 1287 Μωὰϐ,
3439 1223 3646 1294 πρῶτον
3684 1224 3767 1293 μὲν

2208 1324 2308 1395 τὴν
2342 1320 2712 1394 ἀρχαιοτάτην
2760 1320 2976 1387 ἐκείνην
3019 1319 3259 1387 ἱστορίαν
3305 1316 3407 1369 οὑκ
3443 1316 3765 1384 ἠγνοηκότες,

2210 1417 2277 1487 ῆν
2323 1418 2352 1470 ὁ
2384 1413 2673 1477 θεσπέσιος
2705 1413 2998 1482 ἀφηγεῖται
3020 1409 3247 1479 Μωσῆς.
3289 1407 3380 1470 Ὠς
3411 1405 3521 1475 γὰρ
3557 1404 3765 1473 φθάσαν.

2208 1525 2301 1571 τες
2343 1506 2592 1576 εἴπομεν,
2635 1502 3031 1575 ητεμισοοῦτο
3076 1501 3165 1554 τὸν
3217 1498 3450 1568 Βαλαὰμ
3501 1500 3529 1550 ὁ
3569 1497 3765 1549 Βαλὰκ·

2210 1600 2406 1672 Δεῦρο,
2450 1599 2646 1666 λέγων,
2687 1596 2963 1669 ἐπάρασαί
3011 1612 3102 1665 μοι
3140 1593 3231 1646 τὸν
3285 1590 3522 1662 Ἰσραήλ.
3566 1588 3763 1642 Πλεῖστα

2211 1693 2268 1746 δὲ
2312 1693 2412 1745 ὅσα
2450 1690 2587 1761 πρὸς
2636 1688 2794 1742 τοῦτο
2833 1686 3147 1755 πέπρακται
3193 1680 3339 1735 κατὰ
3385 1679 3604 1751 καιροὺς
3643 1676 3768 1747 παρὰ.

2212 1785 2313 1855 τῆς
2362 1780 2673 1838 Μωαϐιτῶν
2730 1776 3034 1851 ὑπεροψίας
3079 1776 3146 1846 τῇ
3198 1773 3296 1828 τοῦ
3340 1771 3476 1826 Θεοῦ
3519 1770 3770 1842 μαχόμενα

2139 1842 2183 1897 Β
2211 1842 2358 1946 δόξη.

2289 1966 2409 2030 Τὴν
2437 1964 2856 2034 ὑπερηφανίαν
2881 1960 3090 2031 ἐξῆρα.

2283 2060 2403 2113 Τῶν
2447 2058 2618 2127 ἁγίων
2652 2054 2947 2128 προφητῶν
2983 2051 3366 2124 ἐναργέστατα
3404 2044 3772 2117 διωμολογηκό·

2211 2170 2341 2216 των,
2383 2150 2679 2221 ἀκηκοέναι
2717 2165 2776 2200 τε
2822 2147 2922 2217 τὴν
2960 2145 3118 2216 ὓϐριν
3160 2142 3372 2206 Μωὰϐ,
3404 2140 3598 2194 εἰδέναι
3626 2155 3676 2191 τε
3701 2139 3768 2190 ὅτι
3827 2181 3832 2189 .

2214 2245 2308 2297 καὶ
2340 2243 2545 2314 σφόδρα
2571 2241 2718 2294 ἐστὶν
2743 2239 3029 2312 ὑϐριστὴς,
3058 2236 3519 2307 άνταποκρίνεται
3548 2231 3668 2294 Θεὸς
3693 2227 3768 2282 καί

2214 2353 2367 2407 φησι·
2398 2334 2507 2405 Τὴν
2530 2332 2911 2403 ὑπερηφανίαν
2937 2330 3127 2402 ἐξῆρα·
3154 2327 3301 2382 τοῦτ’
3332 2326 3498 2391 ἐστιν,
3525 2325 3618 2395 οὐχ
3637 2324 3769 2391 ὑπέρ-

2213 2444 2375 2481 οπτον
2430 2424 2618 2489 ἁπλῶς
2675 2420 2841 2477 οὖσαν
2900 2422 3000 2494 τὴν
3067 2419 3266 2484 Μωὰϐ,
3333 2418 3448 2473 ἀλλ’
3510 2412 3614 2471 οἷον
3659 2413 3764 2468 αὐτὸ

2215 2522 2407 2592 χρῆμα
2441 2517 2740 2589 γενομένην
2766 2514 3064 2587 ὑπεροψίαν
3090 2515 3154 2567 ἐκ
3181 2513 3353 2584 μέσου
3384 2508 3628 2580 γενέσθαι
3652 2522 3764 2577 παρ-

2215 2611 2508 2666 εσκεύασα.
2554 2608 2784 2681 Πολεμῶ
2814 2608 2923 2681 γὰρ
2968 2606 3363 2678 ὑπερηφάνοις,
3413 2605 3505 2659 καὶ
3565 2600 3768 2671 μάχομαι

2216 2708 2328 2769 τοῖς
2351 2706 2411 2758 οὑ
2446 2703 2644 2775 μέτρια
2668 2704 2885 2775 φρονεῖν
2910 2701 3229 2773 ᾑρημένοις,
3255 2698 3384 2767 είκῆ
3412 2696 3470 2751 δὲ
3499 2695 3680 2766 μᾶλλον
3700 2689 3768 2755 ἐξ·

2217 2798 2592 2865 ογκουμένοις,
2625 2793 2722 2849 xui.
2766 2791 2902 2863 ὑψοῦ
2957 2791 3054 2863 τὴν
3095 2791 3270 2862 ὀφρὺν
3312 2787 3654 2848 ἀνατείνουσι,
3695 2781 3769 2834 καὶ

2214 2886 2317 2957 τῆς
2352 2886 2558 2941 ἑαυτῶν
2609 2886 2825 2956 φύσεως
2882 2883 3176 2955 ὴγνοηκόσι
3216 2881 3323 2954 τὴν
3364 2880 3651 2936 ἀσθένειαν.
3691 2874 3764 2925 Γέ-

2225 2997 2466 3051 γραπται
2516 2980 2604 3045 δὲν
2644 2981 2725 3034 δτι
2790 2978 2994 3049 Κύριος
3050 2974 3435 3046 ὑπερηφάνοις
3492 2968 3767 3025 ἀντιτάσσε-

2215 3089 2327 3129 ται.
2388 3072 2666 3126 Διδάσκων
2729 3071 2786 3124 δὲ
2839 3071 2922 3124 ὅτι
2984 3066 3202 3131 κολάζει
3265 3065 3515 3128 δικαίως,
3583 3060 3668 3115 καὶ
3720 3056 3767 3108 οὐ

537 3153 751 3222 pliciter
786 3170 973 3225 pinnas
1021 3174 1126 3211 non
1171 3159 1270 3214 abs
1320 3174 1376 3214 re
1428 3159 1667 3224 inducat,
1715 3161 2110 3216 accusationem

2221 3164 2399 3235 μάτην
2451 3163 2638 3227 ἁπλῶς
2696 3162 2889 3231 ἐπάγει
2937 3159 3035 3223 τὰς
3080 3159 3257 3220 δίκας,
3317 3152 3664 3226 καταγορεύει
3693 3148 3770 3217 τῆς

536 3246 763 3299 intendit
825 3260 1010 3301 contra
1068 3248 1242 3315 Moab,
1278 3250 1532 3320 superbia
1577 3249 1743 3306 veluti
1790 3253 1980 3307 morbo
2026 3252 2114 3307 itt-

536 3334 885 3391 tolerabiliter
916 3338 1275 3399 laborantem.

605 3426 769 3499 257
810 3428 933 3483 Non
969 3432 1044 3483 sic
1078 3432 1334 3487 divinatio
1366 3441 1476 3498 tua,
1504 3452 1608 3489 non
1647 3450 1744 3489 sic.

609 3518 834 3585 Snstuli,
868 3521 1061 3590 inquit,
1099 3522 1263 3591 igitur
1307 3538 1408 3592 ego
1474 3526 1802 3591 superbiam,
1833 3522 1934 3578 boc
1993 3531 2114 3586 est,

534 3610 711 3665 excidi
767 3610 945 3678 Moab,
985 3614 1078 3667 sed
1158 3616 1271 3670 haec
1344 3616 1439 3670 tibi
1514 3632 1620 3670 non
1691 3616 2119 3686 przenuntiarunt

536 3702 783 3755 vaticinia
818 3712 925 3756 tua.
963 3705 1371 3761 Aununtiaruut
1423 3708 1565 3762 enim
1640 3708 1872 3763 falsidici
1942 3717 2112 3775 vates,

535 3797 676 3862 quod
706 3795 929 3852 bellicas
959 3798 1295 3854 incursiones
1320 3801 1623 3868 superabis,
1644 3816 1707 3854 ac
1739 3799 1897 3856 facile
1932 3802 2119 3856 vinces

536 3885 898 3951 adversarios,
937 3904 1109 3956 neque
1135 3893 1249 3958 capi
1292 3890 1493 3960 poteris
1524 3893 1590 3946 ab
1622 3891 1892 3958 hostibus,
1930 3892 2115 3947 victis-

536 3993 642 4047 que
714 3978 922 4034 illudes.
963 3980 1159 4036 Verum
1236 3986 1349 4039 haec
1399 3984 1473 4037 ita
1534 4000 1594 4039 se
1637 4000 1741 4046 non
1802 3984 2019 4049 habent,
2064 3993 2120 4038 at

538 4070 825 4140 plurimum
872 4074 1044 4137 abest,
1079 4075 1185 4128 imo
1236 4075 1286 4128 iu
1350 4076 1621 4132 diversum
1677 4078 1873 4137 evenit,
1906 4086 1960 4131 et
2011 4092 2114 4130 non

536 4178 634 4233 pro
677 4172 800 4219 voto
842 4180 903 4220 ac
947 4181 1064 4235 spe,
1101 4184 1277 4222 rerum
1326 4169 1432 4224 erit
1478 4170 1675 4225 exitus.
1706 4166 2119 4235 Dimcileigitur

533 4265 589 4309 et
641 4270 775 4324 vere
825 4259 1043 4313 noxium
1081 4260 1417 4315 irridentiqu
1466 4277 1745 4317 sermones
1807 4261 2115 4324 attendere,

533 4360 586 4402 et
629 4351 1078 4419 praestigiatorum
1108 4353 1330 4408 vocibus
1381 4353 1574 4424 abripi,
1602 4368 1723 4425 qua:
1764 4352 1920 4423 juxta
1968 4367 2115 4422 spem

536 4455 804 4510 nunquam
857 4444 1124 4498 evenient.

606 4708 769 4764 Vens.
817 4707 870 4758 ’7.
946 4704 1178 4760 Clu/abit
1246 4707 1536 4763 Maelmin
1611 4708 1900 4762 Moabitide
1979 4710 2116 4762 enim

539 4816 717 4853 omnes
803 4800 1107 4867 plorabant,
1169 4799 1582 4854 inhabitantibus
1644 4799 1833 4853 Desellt
1892 4802 2114 4855 medita-

537 4893 701 4944 tioucs
711 4933 723 4945 .

607 4982 758 5048 Quod
815 4998 920 5034 non
963 4981 1033 5033 ita
1088 4990 1144 5035 ut
1172 4990 1551 5051 exspccmraut
1590 4982 1786 5037 cecidit
1830 4966 2116 5053 divinatio,

2221 3253 2397 3308 Μωὰϐ
2429 3255 2504 3318 ὡς
2532 3254 2821 3325 άφορήτως
2853 3250 3115 3321 νοσούσης
3142 3248 3239 3319 τὴν
3265 3247 3588 3319 ὑπεροψίαν.
3770 3260 3777 3313 ί

2297 3437 2418 3503 Οὐχ
2447 3434 2634 3501 οὕτως
2669 3434 2704 3503 ἡ
2728 3432 2977 3502 μαντεία
3000 3445 3138 3495 σου,
3167 3431 3283 3499 οὐχ
3313 3429 3513 3493 οὕτως.

2306 3526 2506 3597 Ἐξῆρα
2537 3524 2637 3596 μὲν
2675 3526 2776 3577 οὑκ
2810 3522 2919 3591 ἐγὼ
2950 3523 3048 3593 τὴν
3077 3519 3466 3592 ὑπερηφανίαν
3506 3534 3613 3580 σου,
3647 3508 3768 3582 φησιν

2225 3617 2371 3673 τοῦτ’
2403 3618 2571 3681 ἐστιν,
2622 3614 2858 3685 ἐξέκοψα
2893 3616 2991 3685 τὴν
3032 3612 3207 3667 Μωὰϐ
3232 3655 3247 3679 ,
3275 3611 3400 3665 ἀλλ’
3436 3610 3497 3663 οὑ
3540 3602 3693 3661 ταῦτά
3709 3616 3773 3653 σοι

2225 3708 2595 3783 προὴγγελ).ον
2622 3710 2677 3762 αἱ
2704 3707 2854 3778 παρὰ
2875 3706 2967 3760 σοῦ
2992 3710 3007 3726 ‘
3044 3705 3349 3776 ἁμαρτίαι.
3396 3696 3773 3772 Ἐπηγγέλλοντο

2224 3802 2333 3873 γὰρ
2363 3798 2790 3871 ψευδοεποῦντες
2813 3799 2863 3851 oi
2889 3798 3132 3868 μάντεις,
3159 3798 3245 3849 ὅτι
3278 3797 3383 3850 καὶ
3420 3794 3663 3866 κρείττων
3691 3786 3776 3853 ἔσῃ

2223 3895 2322 3964 τῆς
2356 3892 2448 3947 τοῦ
2482 3891 2720 3963 πολέμου
2766 3890 3095 3961 προσϐολῆς,
3136 3888 3232 3942 καὶ
3263 3890 3514 3960 νικήσεις
3568 3877 3777 3938 εὐπετῶς

2224 3986 2349 4050 τοὺς
2402 3983 2822 4055 ἀνθεστηκότας,
2858 3983 2953 4036 καὶ
2990 3981 3264 4044 ἀνάλωτος
3300 3981 3399 4053 ἔσῃ
3436 3982 3545 4042 τοῖς
3574 3973 3775 4046 ἐχθροῖς,

2226 4080 2319 4132 καὶ
2358 4078 2693 4151 ἡττωμένοις
2734 4076 3113 4138 ἐπιτωθάσεις.
3174 4075 3315 4128 Ἀλλ’
3356 4076 3454 4144 οὑχ
3488 4072 3648 4130 οὕτως
3680 4061 3776 4118 αὖτ’

2225 4173 2358 4244 ἔχει,
2394 4169 2591 4225 πολλοῦ
2630 4187 2693 4238 γε
2721 4170 2818 4222 καὶ
2848 4169 2946 4223 δεῖ.
2996 4167 3214 4222 Μᾶλλον
3250 4167 3360 4239 γὰρ
3393 4164 3548 4234 ἐξέϐη
3578 4159 3699 4229 πρὸς
3729 4153 3777 4206 τὸ

2225 4264 2487 4327 ἐναντίον,
2522 4262 2615 4316 καὶ
2630 4263 2690 4316 οὑ
2715 4261 2834 4315 κατ’
2858 4261 3049 4314 ἐλπίδα
3068 4260 3187 4331 σὴν,
3218 4260 3330 4313 τῶν
3381 4255 3704 4331 πραγμάτων
3731 4245 3778 4301 τὸ

2227 4357 2423 4430 πέρας.
2466 4356 2826 4427 Παγχάλεπον
2865 4348 2957 4407 οὖν
3011 4354 3105 4407 καὶ
3131 4351 3424 4422 ἐπιζήμιον
3476 4345 3694 4417 άληθῶς,
3727 4338 3777 4441 τὸ

2224 4453 2335 4512 τοῖς
2361 4448 2467 4502 τῶν
2491 4446 2886 4511 διαπαιζόντων
2905 4445 3192 4516 προσέχειν
3229 4443 3435 4513 λόγοις,
3459 4440 3550 4495 καὶ
3568 4439 3677 4498 ταῖς
3692 4439 3778 4485 τῶν

2153 4542 2198 4596 D
2225 4538 2440 4611 γοητῶν
2469 4538 2901 4608 ἀποκομίζεσθαι
2921 4539 3144 4606 φωναῖς,
3169 4536 3250 4601 εἰς
3280 4534 3500 4597 ἐλπίδας
3525 4531 3620 4584 οὑκ
3648 4524 3779 4591 ἐκὸίτ

2220 4629 2473 4683 σομένας.

2289 4648 2298 4664 '
2329 4648 2473 4682 ενα··.

2288 4648 2606 4784 ἐυλοῖίύξει
2631 4719 2830 4774 Monii}.
2869 4719 2966 4772 Ἐν
3001 4717 3111 4789 γὰρ
3132 4716 3205 4786 τῇ
3241 4714 3553 4772 Μωαϐίτιδι
3587 4708 3779 4767 πάντες

2218 4812 2593 4877 ὀλολύξουσι
2614 4829 2626 4843 ·
2660 4812 2783 4878 τοῖς
2814 4810 3163 4865 κατοικοῦσι
3192 4808 3379 4863 Δεσὲθ
3398 4803 3753 4878 μελετήσειςο

2305 4991 2427 5044 Ὅτι
2459 4990 2536 5061 μὴ
2566 4988 2740 5053 οὕτως
2768 4987 3068 5059 ἐκϐέϐηκεν
3099 4988 3132 5059 ἡ
3166 4986 3396 5058 μαντεία
3418 5025 3433 5047 ,
3470 4980 3608 5037 καθά
3633 4987 3778 5045 προτ-

537 5078 628 5128 sed
683 5075 840 5130 aliter
890 5078 1216 5145 omninoque
1243 5075 1477 5143 diverse,
1515 5076 1854 5131 demonstrat
1891 5075 2110 5147 liquido,

2216 5081 2505 5152 εδόκησαν,
2535 5080 2650 5134 ἀλλ’
2681 5081 3077 5152 ἐτεροτρόπως,
3127 5078 3221 5132 καὶ
3256 5079 3336 5140 είς
3362 5077 3469 5129 πᾶν
3496 5062 3797 5126 τούναντίον,

537 5182 653 5219 eum
694 5166 805 5220 ait:
847 5165 1087 5221 Plorabit
1142 5168 1324 5229 Moab.
1357 5169 1457 5222 etsi
1492 5170 1582 5237 qui
1638 5169 2027 5226 divinationem
2065 5181 2110 5225 el

2215 5173 2543 5227 διαδείκνυσι
2576 5171 2786 5243 σαφῶς,
2837 5171 3010 5241 λέγων
3030 5190 3044 5204 ο
3100 5168 3370 5233 Ὀλολὺξει
3401 5163 3593 5225 Μωὰϐ,
3622 5154 3778 5243 καίτοι

539 5258 798 5327 magicam
855 5270 1024 5313 artem
1079 5263 1426 5324 exercebant,
1455 5262 1787 5331 ploraturam
1841 5278 1961 5317 eam
2020 5265 2110 5318 mi-

2214 5263 2312 5334 τῆς
2346 5262 2624 5335 μαντείας,
2656 5241 2825 5332 ἤγουν
2854 5262 2920 5332 τῇ
2959 5260 3067 5314 τῶν
3105 5260 3295 5332 μάγων
3320 5257 3484 5328 τέχνῃ
3505 5241 3776 5321 κεχρῆσθαι

539 5352 683 5405 nime
728 5350 1125 5421 praedicebant,
1178 5352 1285 5405 imo
1350 5352 1540 5406 deletis
1595 5351 1859 5418 hostibus,
1893 5355 2117 5425 applau-

538 5459 695 5499 suros
750 5454 802 5499 et
859 5444 1217 5499 insultaturos
1287 5442 1617 5512 jacentibus.
1662 5444 1827 5517 Igitur
1895 5463 2109 5514 omnes,

540 5537 735 5605 inquit,
767 5536 820 5589 in
882 5535 1166 5591 Maabitide
1219 5536 1676 5597 lamentabuutur.
1735 5539 1803 5594 Et
1836 5540 2115 5596 meditatio

539 5626 641 5679 erit
683 5625 1048 5682 habitantibus
1081 5627 1298 5683 Desetb.
1332 5626 1536 5686 Civitas
1568 5639 1750 5688 autem
1780 5630 1896 5689 btec
1935 5629 2112 5697 Moab,

616 5783 735 5814 ⁸⁸·²⁹
767 5783 878 5838 Jue.
923 5801 994 5851 tv,
1026 5785 1077 5841 G.

2217 5355 2673 5428 μεμελετηκότων
2690 5356 2790 5408 οὑκ
2812 5352 3081 5418 ὀλολύξειν
3107 5352 3277 5422 αὐτὴν
3300 5340 3773 5421 προηγορευκότων»

2219 5449 2355 5503 ἀλλὰ
2375 5449 2482 5518 γὰρ
2517 5448 2875 5513 ἐπαλαλάξειν
2905 5446 3240 5501 ἀπολωλόσιν
3270 5443 3487 5530 ἐχθροῖς
3521 5433 3775 5530 xui-93.73%:

2220 5538 2491 5610 χήσασθαι
2518 5539 2813 5609 κειμένοις.
2842 5535 3052 5591 Οὑκοῦν
3078 5535 3335 5594 ἅπαντες,
3369 5527 3548 5598 φησὶν,
3578 5520 3623 5573 οἱ
3650 5534 3698 5568 εν
3718 5526 3770 5622 εἰη

2222 5630 2526 5686 Μωαϐίτιδι
2554 5629 3003 5695 γ.ατολο).ὑξουσιο
3045 5628 3136 5683 καὶ
3178 5625 3464 5699 μελέτησις
3510 5617 3649 5671 ἔσται
3678 5616 3773 5664 tu;
