4060 6526
569 399 673 454 ιιδ

1560 389 1616 442 S.
1660 386 1933 442 CYlllLLI
1978 380 2450 442 ALEXANDBlNl
2498 376 2818 434 ABClliEP.
3707 376 3795 430 illi

565 513 726 568 uineis
749 511 872 575 tuis,
891 519 937 562 et
968 511 1024 561 in
1046 506 1204 561 vineis
1224 504 1331 557 tuis
1355 519 1457 556 non
1486 501 1824 563 (relabuntur,
1852 517 1942 554 nec
1962 498 2141 552 calca-

2254 493 2351 546 καὶ
2391 489 2717 559 ἀρθήσεται
2774 486 3120 553 εὐφροσύνη
3182 484 3279 536 καὶ
3325 485 3654 556 (nautam
3694 491 3794 544 ἀπὸ

567 609 691 656 bunt
723 603 899 656 uinum
933 600 987 652 in
1022 595 1392 656 torcularibus,
1420 608 1541 644 nam
1569 591 1805 644 cessavit.

638 860 1214 932 Eilingitpropheticus
1247 872 1424 910 sermo
1453 870 1736 926 personam
1785 850 2142 906 Moabitarum

564 955 965 1009 calamitatibus
1021 952 1466 1021 illacrymantem,
1486 955 1536 1000 et
1580 945 1744 1000 etiam
1774 940 1953 1006 laser,
1977 956 2142 1010 supra

570 1047 808 1114 reliquas
872 1045 1187 1100 devastata.
1220 1039 1308 1096 Sic
1341 1050 1397 1094 et
1429 1039 1563 1093 alias
1632 1037 1813 1105 lugere
1859 1035 1954 1097 ait,
1977 1034 2047 1086 ita
2089 1041 2146 1086 ut

565 1150 663 1203 ιιςιι·
735 1133 858 1196 fuit,
891 1133 1061 1201 ipsam
1140 1127 1314 1184 Jaser.
1377 1127 1525 1182 Vites
1578 1137 1756 1180 autem
1819 1135 1874 1178 et
1924 1125 2146 1178 arbores

565 1225 800 1295 appellat
857 1239 950 1279 eos
983 1223 1072 1294 qui
1125 1222 1498 1276 inhabitarunt
1531 1219 1804 1282 civitates,
1829 1227 2145 1272 enumerat-

565 1331 670 1383 que
707 1313 872 1384 259
917 1315 1206 1368 subversas
1259 1311 1420 1364 urbes
1476 1309 1708 1363 Subama
1777 1315 1832 1360 et
1903 1305 2141 1361 Esebon.

569 1405 788 1460 llostilis
823 1414 1000 1459 autem
1057 1403 1280 1473 populus
1334 1401 1591 1470 loquitur.
1643 1399 1697 1453 ln
1757 1413 1935 1452 messe
1985 1408 2040 1452 et
2091 1401 2144 1452 in

571 1497 835 1550 vindemia
910 1505 1022 1560 tua,
1060 1495 1252 1564 inquit;
1306 1503 1362 1547 at
1404 1493 1536 1560 quid
1586 1489 1860 1560 loquitur?
1912 1488 2148 1547 Calcabo

569 1588 832 1652 videlicet,
858 1597 912 1642 et
953 1588 1134 1642 omnia
1184 1587 1398 1642 cadent.
1440 1583 1505 1638 Et
1556 1583 1623 1637 ad
1671 1582 1819 1638 hac:
1853 1581 2146 1637 Auferetur

567 1694 727 1748 porro
767 1678 947 1731 laetitia
987 1688 1039 1732 et
1065 1675 1350 1730 exsultatio
1378 1690 1445 1728 ex
1475 1673 1647 1727 vineis
1697 1673 1824 1728 tuis.
1855 1671 1950 1727 Est
1996 1674 2141 1728 enim

565 1769 872 1824 festivitatis
943 1785 1132 1823 amans
1199 1766 1456 1832 Moabita,
1508 1764 1757 1835 plurimis
1810 1764 2148 1818 caeremoniis

2244 581 2365 635 uim
2389 579 2674 649 ἀμπέλων
2703 592 2819 630 σου
2842 593 2855 606 ·
2891 576 2986 628 καὶ
3024 576 3094 628 ἐν
3116 573 3240 640 τοῖς
3263 575 3572 641 ἀμπελῶσι
3605 594 3712 633 σου
3736 585 3796 636 οὐ

2239 675 2327 744 μὴ
2357 669 2880 742 εὐφρανθήσονται
2899 685 2912 697 ·
2948 667 3044 722 καὶ
3066 669 3138 720 οὐ
3155 665 3241 736 μὴ
3264 667 3640 733 πατήσουσιν
3653 666 3798 726 οἶνον

2247 768 2333 830 εἰς
2355 763 2427 817 τὰ
2449 762 2770 828 ﬁrmatur-ra,
2799 761 3097 814 πέπαυται
3133 757 3244 828 γάρ

2332 854 2692 910 Ἀναπλάττει
2731 854 3020 923 πρόσωπον
3059 852 3087 904 ό
3121 849 3455 922 προφητικδς
3485 851 3611 921 ἡμῖν
3641 853 3799 921 λόγος,

2244 949 2340 1002 ἐπὶ
2367 951 2487 1010 ταῖς
2518 947 2626 1000 τῶν
2656 944 2966 1000 Μωαϐιτῶν
2989 941 3361 1014 δακρυῤῥοοῦν
3384 947 3696 1012 συμφοραῖς,
3719 947 3800 998 καὶ

2243 1041 2384 1110 τάχα
2411 1056 2514 1092 που
2543 1041 2637 1109 τῆς
2669 1037 2854 1108 Ἰαξὴρ
2875 1038 3014 1107 ὑπὲρ
3041 1035 3138 1099 τὰς
3167 1033 3357 1105 ἐτέρας
3388 1033 3799 1106 πεπορθημένης·

2245 1130 2386 1184 οῦτω
2409 1131 2502 1184 καὶ
2523 1130 2620 1194 τὰς
2642 1129 2807 1192 ἄλλας
2829 1126 3294 1199 κατολοφύρεσθαί
3324 1143 3507 1196 φησιν,
3537 1127 3714 1199 ὥσπερ
3745 1129 3799 1182 ἇν

2247 1224 2447 1294 πρέποι
2473 1223 2567 1275 καὶ
2595 1223 2692 1292 τὴν
2729 1221 2933 1292 Ἰαζήρ.
2973 1218 3275 1290 Ἀμπέλους
3295 1217 3351 1271 δὲ
3377 1217 3470 1271 καὶ
3497 1218 3678 1289 δένδρα
3696 1220 3801 1282 τοὺς

2246 1313 2592 1377 ἐνοικοῦντας
2627 1315 2744 1376 ταῖς
2773 1312 2993 1365 πόλεσιν
3024 1311 3302 1382 ὀνομάζει.
3339 1308 3798 1380 Ἀπαριθμεῖταιδὲ

2247 1408 2342 1460 καὶ
2373 1406 2472 1470 τὰς
2506 1403 2929 1476 πεπορθημένας
2951 1403 3048 1474 τῆς
3079 1403 3286 1466 πόλεως
3316 1400 3546 1472 Σαϐαμὰ
3569 1401 3655 1453 καὶ
3673 1400 3798 1454 Ἐσε-

2248 1499 2379 1552 ϐὦν.
2422 1499 2481 1553 ὐ
2515 1499 2572 1552 δέ
2603 1517 2666 1568 γε
2687 1499 2794 1552 τῶν
2825 1497 3099 1567 πολεμίων
3134 1497 3305 1567 δῆμος
3338 1486 3806 1565 ἐλάλησεν.Ἐπὶτῷ

2251 1591 2495 1664 θερισμῷ
2522 1609 2614 1645 σου
2636 1592 2728 1645 καὶ
2746 1593 2836 1644 ἐπὶ
2854 1589 2932 1661 τῷ
2950 1589 3206 1661 τρυγητῷ
3235 1605 3353 1654 σου,
3381 1587 3543 1658 φησίν
3566 1605 3578 1617 ·
3603 1587 3788 1655 ἑλάλησε

2247 1684 2306 1737 δὲ
2328 1685 2415 1749 τίς
2441 1684 2534 1749 Τὸ,
2559 1684 2946 1754 Καταπατήσω
2967 1681 3230 1752 δηλονότι,
3254 1680 3349 1734 καὶ
3374 1679 3584 1733 ἅπαντα
3605 1677 3793 1732 πεσοῦν-

2246 1795 2358 1832 ται.
2389 1778 2500 1832 Καὶ
2538 1777 2676 1849 πρὸς
2725 1777 2938 1840 τούτοις
2992 1776 3104 1830 ἔτι·
3163 1775 3489 1847 Ἀρθήσεται
3527 1772 3794 1844 εὐφροσύνη

563 1879 895 1932 prosequens
947 1863 1257 1926 daemonas,
1295 1865 1616 1927 pernoctaus
1669 1857 1720 1910 in
1779 1857 1911 1919 aris,
1956 1866 2010 1910 et
2045 1873 2145 1909 an-

2251 1870 2348 1924 καὶ
2378 1869 2692 1940 ἁγαλλίαμα
2715 1871 2778 1923 ἐκ
2805 1868 2913 1923 τῶν
2929 1867 3190 1938 ἀμπέλων
3216 1883 3334 1920 σου·
3363 1868 3392 1919 ό
3421 1865 3526 1936 γὰρ
3557 1863 3797 1935 φιλέορτος

564 1972 672 2010 sam
739 1955 936 2008 lzeiitia:
996 1954 1222 2016 habens,
1267 1965 1479 2018 semper
1541 1947 1871 2004 sacriﬁcare.
1910 1947 2148 2001 Plorabit

564 2058 615 2100 et
653 2045 820 2107 ﬂebit,
869 2045 1126 2114 omnique
1171 2043 1442 2112 voluptate
1537 2043 1724 2110 procul
1777 2043 1973 2096 aberit.
2030 2042 2144 2096 Non

565 2141 712 2194 enim
781 2137 963 2194 laetitia
1021 2137 1342 2200 allicieutur,
1382 2151 1486 2190 non
1541 2134 1826 2190 calcabunt
1873 2136 2054 2190 vinum
2095 2137 2146 2190 in

569 2231 929 2287 torcularibus
963 2245 976 2282 :
1035 2244 1157 2284 nam
1189 2228 1440 2284 cessavit.
1478 2227 1592 2284 Non
1645 2228 1769 2293 erit,
1799 2227 1994 2297 inquit,
2036 2229 2149 2282 fru-

566 2337 686 2378 ctus
735 2323 972 2385 vitibus;
1005 2323 1257 2392 peribunt
1301 2321 1445 2375 enim
1477 2337 1598 2374 cum
1645 2321 1776 2391 ipsis
1809 2338 1927 2391 qua;
1981 2323 2047 2374 ab
2079 2321 2146 2376 iis

569 2425 693 2470 nata
741 2423 890 2468 sunt.
924 2413 992 2468 Et
1032 2412 1098 2468 de
1154 2413 1369 2474 vitibus,
1393 2413 1436 2466 si
1468 2412 1854 2467 exsciudautur
1908 2413 2144 2484 penitus,

567 2522 691 2560 vera
723 2506 836 2559 ιιωο
873 2505 1065 2559 oratio.
1097 2505 1192 2557 Sin
1225 2504 1490 2573 pertineat
1519 2505 1584 2557 ad
1613 2520 1708 2558 nos
1737 2547 1753 2572 ,
1788 2505 1932 2559 velut
1962 2521 2146 2559 exem-

568 2598 636 2664 pli
667 2601 838 2667 gratia
871 2598 936 2651 de
966 2597 1123 2650 rebus
1155 2595 1434 2659 humanis,
1467 2595 1620 2650 docet
1667 2611 1854 2650 rursus
1894 2597 1979 2650 hic
2030 2612 2146 2649 ser-

567 2706 674 2751 mo,
721 2690 864 2758 quod
916 2704 1036 2742 cum
1104 2686 1450 2757 gignentibus
1507 2701 1572 2740 ea
1625 2703 1746 2757 qua:
1801 2689 1978 2758 genita
2020 2698 2147 2742 sunt

563 2781 890 2843 exolesceut,
917 2789 974 2832 ut
1028 2793 1201 2848 neque
1265 2779 1394 2848 ipsis
1442 2780 1844 2848 praegnantibus
1909 2779 2012 2834 ulla
2078 2781 2146 2834 ab

567 2873 808 2927 hostibus
841 2871 1106 2926 tribuatur
1153 2871 1548 2929 misericordia.
1587 2869 1811 2924 Passam
1844 2870 1948 2925 hoc
1979 2871 2147 2928 fuisse

565 2963 859 3018 Jerusalem
919 2964 1147 3018 dicimus
1201 2964 1251 3016 in
1313 2961 1450 3015 bello
1521 2963 1780 3017 adversus
1853 2963 2142 3020 Rnntauns.

567 3054 826 3108 Servator
897 3057 1149 3108 nimirum
1234 3055 1402 3121 dixit,
1464 3057 1831 3123 prmuuntiaus
1897 3073 1960 3111 ea
2027 3075 2147 3125 qua:

567 3146 639 3198 illi
673 3157 935 3200 eventura
972 3156 1154 3208 erant,
1209 3147 1349 3214 quod
1403 3144 1744 3198 obsideretur
1775 3150 1842 3202 ab
1872 3152 2140 3216 exercitu,

2247 1962 2564 2032 Μωαϐίτης,
2591 1965 2620 2016 ό
2648 1961 2906 2024 πλείστας
2938 1963 3050 2022 τοῖς
3076 1958 3332 2028 δαίμοσιν
3367 1955 3630 2017 ἀνατιθεὶς
3670 1955 3794 2007 τελε-

2247 2052 2366 2117 τὰς.
2398 2054 2426 2107 ὁ
2455 2050 2887 2122 διανυκτερεύων
2921 2050 3014 2104 ἐπὶ
3059 2050 3288 2121 βωμοῖς.
3322 2048 3417 2102 καὶ
3447 2045 3703 2118 πρόφασιν
3727 2044 3798 2096 sti-

2250 2144 2523 2217 φροσύνης
2546 2145 2608 2198 τὸ
2635 2144 2783 2198 θύειν
2815 2145 2955 2216 ἔχων
2975 2144 3084 2198 ἀεὶ.
3122 2139 3471 2212 Κατοιμὼξει
3493 2139 3581 2192 καὶ
3611 2136 3797 2191 κλαύσε-

2247 2255 2358 2300 ται,
2397 2237 2493 2290 καὶ
2539 2235 2758 2306 ἀπάσης
2801 2234 3099 2306 θυμηδείας
3144 2231 3304 2286 ἔσται
3356 2230 3589 2302 μακράν.
3617 2229 3684 2281 Οὐ
3710 2227 3796 2297 γὰρ

2251 2329 2326 2399 μὴ
2356 2327 2854 2400 εὐφρανθήσονται·
2886 2325 2992 2379 οὐδ’
3032 2325 3094 2378 ού
3125 2324 3200 2396 μὴ
3233 2324 3570 2394 πατήσουσιν
3600 2315 3720 2373 οἶνον
3733 2319 3795 2380 εἰς

2246 2421 2316 2474 τὰ
2337 2421 2620 2493 ύπολήνια,
2645 2421 2918 2475 πέπαυται
2946 2419 3075 2490 γάρ.
3105 2418 3219 2472 Οὐκ
3241 2416 3419 2479 ἔσται,
3445 2413 3619 2487 φησὶν,
3645 2413 3694 2465 ὲν
3710 2412 3796 2479 ἁμ-

2250 2513 2432 2578 πέλοις
2458 2514 2670 2585 καρπός
2689 2529 2701 2542 ·
2732 2512 2954 2582 συνοιχή
2965 2527 3116 2563 σεται
3143 2509 3250 2580 γὰρ
3274 2509 3466 2572 αὑταῖς
3497 2505 3559 2560 τὰ
3574 2505 3628 2569 ἐξ
3649 2502 3794 2557 αὐτῶν

2246 2609 2564 2679 τικτόμενα.
2601 2609 2711 2662 Kal.
2730 2607 2822 2660 ἐπὶ
2848 2607 2946 2676 μὲν
2988 2607 3108 2669 ταῖς
3150 2604 3424 2674 ἀμπέλοις
3471 2603 3518 2654 εἰ
3558 2598 3794 2653 ἐκκόποιεν

2247 2699 2418 2763 ὅλως,
2468 2698 2674 2770 ἀληθὴς
2720 2700 2903 2752 οὐτοσὶ
2952 2697 3128 2765 λόγος.
3166 2696 3230 2748 Εἰ
3279 2695 3340 2748 δὲ
3387 2693 3452 2764 δὴ
3479 2693 3669 2761 γένοιτο
3691 2688 3791 2758 πρὸς

2247 2793 2279 2858 ὴ
2291 2790 2428 2859 μῶν,
2447 2790 2521 2853 ὼς
2542 2791 2600 2842 ὲν
2613 2789 2842 2860 δυνάμει
2859 2786 3329 2858 παραδειγμάτων
3351 2785 3518 2838 ὲπὶτὰ
3532 2781 3620 2836 ἀνθ
3628 2781 3796 2852 ρὼπινα

2247 2881 2490 2935 διδάσκει
2523 2882 2682 2935 πάλιν
2715 2885 2744 2936 ὁ
2779 2881 2959 2950 λόγος,
2987 2880 3062 2943 ὠς
3085 2878 3223 2949 ὁμοῦ
3251 2877 3475 2946 γονεῦσι
3503 2876 3568 2929 τὰ
3591 2869 3796 2938 ἐξαύτῶν

2247 2975 2548 3043 οἰχήσεται,
2581 2973 2656 3036 ὼς
2683 2973 2818 3044 μηδὲ
2853 2973 3044 3036 αὐταῖς
3067 2973 3188 3034 ταῖς
3210 2970 3602 3041 κυοφορούσαις
3620 2960 3797 3031 δοθῆναί

2249 3081 2370 3116 τινα
2397 3063 2547 3135 παρὰ
2602 3064 2710 3118 τῶν
2745 3064 3018 3133 πολεμίων
3069 3063 3159 3116 τὸν
3205 3062 3384 3118 ἔλεον.
3425 3057 3728 3116 Πεπονθέναι
3755 3051 3797 3104 δὲ

2247 3155 2404 3209 τοῦτο
2433 3155 2572 3208 κατὰ
2595 3154 2692 3226 τὴν
2733 3154 3086 3226 Ἰερουσαλήμ
3125 3171 3315 3224 φαμεν
3356 3155 3411 3206 ἐν
3434 3151 3510 3222 τῷ
3551 3148 3670 3220 πρὸς
3703 3144 3798 3196 Ῥω·

564 3239 939 3307 accideretque
990 3253 1066 3292 vae
1095 3238 1430 3306 parientibus
1477 3247 1535 3292 et
1565 3248 1776 3293 uterqu
1805 3245 2139 3312 gerentibus,

2251 3249 2443 3319 μαίους
2466 3247 2708 3319 πολέμῳ.
2731 3249 2840 3302 Καὶ
2857 3247 2985 3317 γοῦν
3005 3247 3242 3315 ἔφασκεν
3257 3250 3294 3300 ὁ
3312 3245 3501 3316 Σωτὴρ
3527 3251 3794 3313 amcam?

566 3329 671 3382 illis
727 3331 916 3387 diclms
967 3333 1220 3384 maxime.

2259 3341 2463 3408 γέλλων
2497 3341 2566 3394 τὰ
2597 3340 2990 3411 συμϐησόμενα
3017 3339 3174 3410 αὐτῇ,
3198 3339 3291 3391 ὅτε
3320 3336 3707 3404 κυκλωθήσεται
3729 3325 3798 3395 μὲν

563 3422 670 3475 ὑπὸ
713 3425 1123 3494 στρατοπέδων·
1177 3427 1514 3499 συμϐήσεται
1555 3430 1612 3483 δὲ
1653 3431 1711 3483 τὸ
1745 3432 1867 3485 οὐαὶ
1911 3432 2147 3503 μάλιστα
2187 3439 2302 3499 ταῖς
2366 3435 2680 3499 τικτούσαις
2715 3437 2812 3488 καὶ
2878 3437 2997 3498 ταῖς
3021 3436 3077 3487 ἐν
3111 3435 3320 3504 γαστρὶ
3343 3427 3588 3504 ἐχούσαις
3617 3429 3667 3481 ἐν
3693 3417 3801 3476 ὲκεί-

566 3535 685 3582 ναις
707 3521 826 3582 ταῖς
863 3518 1123 3590 ἡμέραις.

641 3616 772 3670 Vm.
844 3615 930 3666 ll.
993 3612 1279 3680 Propterea
1344 3628 1517 3670 renter
1581 3634 1724 3671 meus
1777 3635 1934 3687 super
1993 3619 2149 3674 Moab

563 3708 700 3763 velut
723 3708 927 3760 cithara
978 3707 1206 3772 souubit,
1247 3717 1293 3760 et
1323 3709 1574 3763 interiora
1625 3727 1740 3763 mea
1780 3712 1918 3764 velut
1967 3727 2150 3766 murus

564 3813 717 3863 quem
751 3807 1034 3850 renovas“.

640 3889 939 3951 Submotis,
1012 3887 1208 3957 inquit,
1279 3891 1477 3958 gaudio
1507 3900 1561 3945 et
1619 3891 1806 3946 lmtitia
1859 3894 1928 3949 de
1981 3895 2153 3956 vineis

568 3981 698 4046 tuis,
723 3993 777 4033 et
807 3980 950 4033 nullo
983 3981 1035 4034 in
1056 3981 1159 4035 illis
1200 3981 1438 4046 lutaute,
1463 3997 1585 4036 cum
1630 3985 1732 4038 hoc
1762 4001 1858 4038 usu
1911 3990 2147 4051 venerit,

569 4074 701 4129 ﬁent
729 4073 990 4128 interiora
1021 4090 1138 4128 mea
1170 4075 1378 4129 cithara
1409 4085 1462 4128 ct
1493 4077 1760 4130 cantilena
1792 4080 2152 4133 etmoJulatio

567 4181 731 4235 super
763 4175 834 4222 te.
876 4165 986 4220 Tua
1036 4167 1179 4221 enim
1223 4166 1447 4222 enuntio
1507 4166 1668 4233 mala,
1727 4179 1781 4223 et
1834 4174 2152 4238 percelebro

569 4255 826 4312 iullictam
890 4257 986 4311 tibi
1030 4257 1416 4312 calamitatem.
1462 4256 1529 4312 Et
1555 4259 1699 4313 velut
1747 4261 1957 4316 cithara
2003 4279 2152 4332 qure-

564 4353 687 4407 dam
716 4353 978 4406 concinna
1037 4355 1320 4419 resonabo,
1356 4361 1411 4406 et
1462 4353 1542 4408 sic
1569 4352 1916 4425 percutiam,
1951 4369 2002 4410 et
2059 4374 2154 4412 ex-

566 4445 801 4498 audibile
832 4443 1026 4497 faciam
1069 4461 1312 4509 carmen,
1346 4445 1489 4498 velut
1526 4463 1738 4502 murum
1790 4465 1948 4518 quem
1997 4467 2155 4504 reuo-

565 4536 725 4590 vasti.
761 4535 906 4589 Dixit
937 4535 1081 4588 enim
1112 4536 1162 4588 in
1202 4539 1467 4608 principio
1513 4540 1736 4594 visionis
1785 4541 1974 4595 beatus
2028 4558 2155 4610 pro-

569 4627 778 4697 pheta:
829 4626 998 4679 Noctu
1059 4629 1259 4696 peribit
1321 4631 1601 4700 Moabitis;
1653 4643 1812 4687 noctu
1859 4634 2003 4686 euim
2057 4635 2148 4686 de-

567 4728 812 4773 struetur
836 4735 1022 4772 murrus
1051 4717 1372 4778 Moabitidis.
1409 4725 1540 4780 Cum
1571 4737 1752 4780 autem
1785 4741 1881 4777 nos
1934 4741 2152 4779 sensum

569 4813 760 4865 horum
801 4813 1068 4865 dictorum
1118 4813 1621 4884 interpretarentur,
1661 4818 1920 4881 diximus,
1971 4827 2155 4872 terra:-

2325 3619 2430 3674 Διὰ
2465 3618 2642 3672 τοῦτο
2670 3619 2708 3686 ὴ
2746 3617 2944 3670 κοιλία
2984 3634 3104 3685 μου
3142 3615 3242 3668 ἐπὶ
3309 3615 3488 3670 Μωὰϐ
3515 3615 3590 3680 ὠς
3636 3609 3805 3678 κιθάρα

2254 3711 2496 3780 ἠχήσει,
2530 3710 2626 3765 καὶ
2660 3710 2731 3764 τὰ
2762 3709 2936 3776 ἐντός
2961 3725 3080 3778 μου
3108 3708 3190 3773 ὡς
3231 3707 3456 3776 τεῖχος,
3489 3705 3520 3760 ὃ
3560 3701 3800 3758 ἐνεκαίνι-

2253 3821 2390 3870 σας.

2338 3895 2757 3968 ’Λφῃρημένων,
2783 3893 2966 3962 φησὶν,
2996 3893 3409 3964 ἀγαλλιάματός
3433 3909 3486 3946 τε
3520 3892 3605 3944 καὶ
3639 3888 3797 3957 suppa.

2257 3990 2421 4058 σύνης
2449 3990 2514 4040 ἐκ
2541 3987 2648 4040 τῶν
2673 3987 2938 4058 ἀμπέλων
2965 4003 3080 4052 σου,
3113 3986 3206 4039 καὶ⁵
3228 3987 3443 4050 οὐδενὸς
3471 3988 3526 4038 ἐν
3549 3983 3710 4044 αὐτοῖς
3737 3976 3795 4030 sti-

2255 4079 2702 4153 φρανοησομένου
2729 4120 2744 4144 ,
2789 4078 3201 4150 συμϐεϐηκότος
3231 4079 3292 4132 δὲ
3343 4079 3531 4132 τούτου
3567 4073 3799 4131 κάκείνου,

2254 4176 2542 4242 γενήσεται
2570 4172 2638 4225 τά
2671 4171 2822 4235 ἐντός
2859 4188 2959 4242 μου
2985 4172 3080 4225 καὶ
3101 4171 3303 4242 κιθάρα
3327 4173 3418 4226 καὶ
3439 4171 3548 4242 ᾠδὴ
3573 4167 3658 4222 καὶ
3679 4163 3801 4236 μέλος

2256 4267 2346 4319 ἐπί
2372 4283 2476 4319 σοι.
2504 4265 2584 4318 Τὰ
2612 4265 2680 4318 σὰ
2707 4264 2816 4336 γὰρ
2850 4261 3163 4332 ἐξαγγέλλω
3208 4263 3384 4333 πάθη,
3435 4264 3526 4315 καὶ
3564 4257 3802 4325 διαϐόητον

2255 4358 2541 4428 ἀποφαίνω
2560 4356 2657 4428 τὴν
2675 4354 3058 4425 ἐπενεχθεῖσαν
3089 4371 3169 4406 σοι
3195 4371 3260 4406 συ
3269 4353 3509 4425 μφορὰν.
3529 4351 3632 4404 Καὶ
3649 4347 3804 4411 ὥσπερ

2254 4469 2338 4512 τις
2361 4449 2632 4521 εὔρυθμος
2655 4447 2945 4518 ἀναϐοήσω
2968 4445 3126 4518 λύρα.
3152 4447 3562 4516 κατακτυπήσω
3577 4442 3628 4495 δὲ
3647 4438 3804 4496 οῦτωῖν

2257 4544 2349 4597 καὶ
2378 4543 2702 4608 ἐξάκουστον
2729 4543 3040 4612 ἐργάσομαι
3065 4540 3164 4610 τὴν
3186 4540 3354 4612 ᾠδὴν,
3391 4539 3466 4602 ὡς
3488 4539 3655 4606 τεῖχος
3679 4532 3806 4585 ὃὲνε·

2257 4635 2529 4700 καίνισας.
2556 4637 2698 4705 Ἔφη
2725 4635 2824 4704 μὲν
2861 4634 2967 4706 γὰρ
2998 4635 3054 4687 ὲν
3075 4635 3272 4705 ἀρχαῖς
3297 4633 3398 4701 τῆς
3420 4631 3653 4702 ὁράσεως
3679 4628 3702 4678 ὀ
3725 4638 3805 4692 μα-

2262 4729 2452 4798 κάριος
2505 4729 2824 4799 προφήτης’
2866 4727 3078 4790 Νυκτὸς
3129 4726 3412 4780 ἀπολεῖται
3463 4727 3494 4794 ἡ
3536 4717 3804 4778 Μωαϐῖτις⁹

2259 4820 2451 4882 νυκτὸς
2470 4819 2578 4891 γὰρ
2605 4818 2886 4873 ἀπολεῖται
2905 4819 2966 4871 τὸ
2989 4820 3166 4888 τεῖχος
3191 4819 3291 4888 τῆς
3315 4815 3668 4874 Μωαϐίτιδος.
3685 4812 3808 4874 Διερ·

569 4915 717 4960 motu
745 4904 907 4970 facto,
937 4923 1148 4963 murum
1215 4911 1519 4982 disruptum
1579 4910 1749 4964 fuisse
1817 4909 2148 4977 Moabitidis,

2259 4910 2584 4982 μηνεύοντες
2599 4911 2654 4965 δὲ
2682 4912 2842 4981 ἡμεῖς
2867 4909 2976 4964 τῶν
3009 4909 3318 4980 εἰρημένων
3345 4908 3442 4980 τὴν
3469 4907 3703 4975 δύναμιν,
3719 4895 3809 4950 ἑλέ·

568 5009 625 5051 et
658 5009 784 5054 aute
813 4999 1045 5056 hostium
1077 5002 1406 5069 conﬂictum,
1456 5013 1664 5058 tantum
1699 5019 1802 5056 non
1858 5004 1923 5058 de
1958 5004 2150 5058 lurida-

572 5091 770 5143 tuentis
806 5102 1161 5160 commotum,
1187 5110 1249 5148 ac
1273 5093 1616 5148 llloabiticam
1677 5094 1953 5164 regionem
1998 5095 2152 5163 quasi

574 5182 773 5238 tonitru
826 5186 1294 5254 perterrelecisse.
1364 5185 1533 5252 Quum
1601 5185 1763 5238 etiam
1829 5185 2153 5251 refecerunt,

571 5276 663 5329 sed
697 5277 909 5332 irritum
937 5277 1345 5348 planelaborem
1374 5279 1426 5331 in
1467 5279 1566 5331 hoc
1589 5278 1752 5350 260
1797 5279 2152 5332 insumentes.

2252 5021 2455 5075 γομεν,
2499 5005 2580 5058 ὅτι
2627 5001 2852 5074 σεισμοῦ
2896 5003 3202 5072 γεγονότος,
3251 5000 3314 5053 τὸ
3349 5002 3448 5072 τῆς
3507 4991 3809 5053 Μωαϐίτιδος

2255 5096 2580 5168 κατηρῤάγη
2616 5098 2816 5166 τεῖχος,
2860 5096 2954 5148 καὶ
2986 5095 3092 5166 πρὸ
3121 5094 3220 5164 τῆς
3249 5092 3359 5146 τῶν
3390 5089 3655 5160 πολεμίων
3680 5079 3810 5135 ἐκϐο-

2252 5189 2349 5261 λῆς
2375 5184 2656 5260 μονονουχὶ
2686 5188 2780 5241 καὶ
2807 5187 2871 5240 ἐκ
2890 5188 3107 5258 βάθρων
3129 5188 3229 5240 ἀνα
3237 5184 3530 5256 μοχλευθὲν
3552 5172 3809 5244 κατεϐρόνσ

2253 5300 2385 5352 τησε
2415 5283 2516 5350 τῆς
2543 5280 2870 5343 Μωαϐιτῶν,
2896 5280 2925 5333 ὃ
2958 5280 3022 5351 δὴ
3056 5281 3150 5333 καὶ
3181 5278 3549 5336 ἁνεκαίνισαν,
3585 5269 3808 5334 ἀνόνητῡν

571 5368 841 5438 Ceperunt
867 5387 1098 5440 namque
1121 5371 1278 5425 facile
1303 5373 1434 5425 citra
1456 5372 1696 5426 laborem
1731 5389 1943 5427 mortem
1963 5383 2148 5427 tcrrarr

2250 5373 2530 5438 παντελῶς
2554 5374 2644 5427 τὸν
2668 5374 2760 5426 ἐπε
2777 5390 2840 5441 γε
2861 5374 3037 5442 τούτῳ
3056 5371 3466 5440 δαπανήσαντες
3487 5367 3656 5419 πόνον.
3678 5352 3808 5412 Elim

572 5465 782 5538 Assyrii
862 5473 918 5519 et
972 5465 1274 5536 Babylonii.
1343 5466 1627 5520 Sonabunt
1673 5467 1836 5537 igitur
1894 5467 2152 5521 interiora

572 5577 713 5621 mea.
747 5561 941 5630 inquit,
999 5561 1050 5613 in
1105 5561 1212 5615 tuis
1268 5562 1671 5617 calamitatibus
1713 5563 1868 5632 quasi
1922 5563 2154 5625 cithara,

570 5663 626 5707 et
663 5653 865 5705 luctum
924 5653 1058 5707 adeo
1114 5653 1380 5708 celebrem
1435 5655 1638 5710 edam:
1695 5657 2155 5725 quemadmodum

571 5743 778 5796 scilicet
814 5758 1029 5808 murus,
1061 5745 1152 5814 qui
1207 5742 1446 5813 deiectus
1522 5759 1626 5812 est,
1688 5763 1848 5817 quem
1917 5745 2154 5800 refecisti

573 5834 811 5906 quidem,
856 5848 1040 5892 verum
1093 5837 1378 5895 inutiliter.
1445 5839 1654 5898 Etenim
1725 5852 2013 5898 corrucute
2063 5853 2160 5894 sua

2253 5469 2362 5538 γὰρ
2391 5468 2629 5538 ἀμογητὶ
2661 5465 2759 5535 τὴν
2787 5465 3080 5536 σύμπασαν
3101 5465 3204 5534 γῆν
3235 5460 3510 5532 Ἀσσύριοί
3533 5473 3587 5510 τε
3611 5453 3693 5507 καὶ
3717 5449 3806 5538 Ba:

2257 5559 2528 5612 ϐυλὼνιοι.
2569 5559 2798 5628 Ἦχήσει
2843 5557 3023 5611 τοίνυν
3061 5556 3132 5608 τὰ
3169 5553 3323 5616 ἐντός
3353 5569 3475 5623 μου,
3513 5546 3683 5617 φησὶν.
3732 5533 3806 5588 ἐπὶ

2257 5653 2379 5714 ταῖς
2405 5653 2521 5714 σαῖς
2546 5649 2952 5722 συμφοραῖς-ὡς
2981 5648 3202 5718 κιθάρα,
3227 5646 3320 5698 καὶ
3354 5642 3625 5709 διαϐόητον
3655 5631 3804 5685 οὕτως

2258 5745 2319 5797 τδ
2350 5744 2440 5796 σδν
2468 5744 2770 5814 ἐργάτομαι
2789 5741 2958 5804 πάθος
2982 5759 2996 5772 ·
3024 5739 3278 5806 καθάπερ
3300 5733 3489 5806 ἀμέλει
3510 5729 3564 5781 τὸ
3587 5725 3668 5778 σὺν
3689 5731 3799 5814 an:

2263 5835 2460 5908 τινέχθη
2496 5838 2692 5906 τεῖχος,
2734 5834 2762 5887 ὃ
2801 5834 3145 5896 ἐνεκαίνισας
3197 5828 3316 5900 μὲν,
3360 5824 3496 5895 πλὴν
3544 5817 3622 5872 ἐπ’
3653 5806 3801 5866 οὐδενὶ
