4060 6466
215 324 328 380 617

1387 311 1450 366 IN
1492 311 1728 366 [SAIAM
1770 310 1900 368 LIB.
1942 313 2007 368 ll.
2051 310 2289 369 TOMUS
2327 311 2415 366 111.

3429 315 3537 372 418

218 439 326 492 τῶν
355 436 682 510 χρησίμων.
721 429 1083 491 Πεπτωκότος
1109 428 1219 499 γάρ
1242 428 1570 500 αὐτομάτως
1594 430 1690 482 τοῦ
1725 431 1838 484 τεί-

1954 438 2140 495 sponte
2191 443 2368 494 muro,
2432 439 2594 482 nemo
2652 436 2772 481 erat
2806 427 2892 482 vel
2950 427 3002 482 in
3054 437 3164 483 tota
3216 427 3533 496 Moabitide,

212 547 368 602 χους,
408 527 616 583 οὐδένα
640 525 749 578 τῶν
779 523 924 578 κατὰ
941 523 1139 575 οπᾶσαν
1185 522 1285 592 τὴν
1315 520 1644 582 Μωαϐιτῶν,
1673 523 1843 593 ἤγουν

210 624 305 676 καὶ
335 621 579 691 ἑτέραις
625 618 796 672 ὅντων
837 615 1029 669 πόλεσί
1055 631 1114 667 τε
1163 613 1259 666 καὶ
1299 611 1508 684 χώραις
1542 612 1731 668 ἔλαθεν
1781 614 1845 668 τὸ

211 732 277 768 συ
288 713 612 785 μϐεϐηκός.

291 807 412 862 Καὶ
446 809 633 862 ἔσται
659 805 732 859 ὲν
757 802 840 870 τῷ
871 799 1247 870 ἐκτραπῆναι
1283 815 1377 862 σε,
1419 799 1510 853 ὅτι
1551 799 1844 853 ἐκοπίασε

225 898 417 954 Μωὰϐ
459 896 554 950 ἐπὶ
611 895 742 962 τοῖς
763 892 1014 964 βωμοῖς,
1055 889 1155 945 καί
1202 891 1620 944 εἰσελεύσεται
1652 892 1740 957 εἰς
1769 889 1844 944 τὰ

238 989 622 1062 χειροποίητα
673 983 884 1052 αὐτῆς,
919 982 1076 1037 ὥστε
1127 981 1606 1051 προσεύξασθαι,
1631 980 1731 1035 καὶ
1769 983 1842 1038 οὐ

231 1083 320 1154 μὴ
345 1082 601 1147 δύνηται
633 1078 960 1144 ἐξελέσθαι
992 1076 1201 1130 αὐτόν.

304 1175 412 1230 Καὶ
440 1175 498 1228 τὶ
529 1172 674 1245 πρὸς
697 1172 896 1242 τούτῳ,
928 1170 1083 1242 φησὶ,
1115 1168 1455 1240 συμϐήσεται
1488 1167 1672 1232 πάλιν,
1704 1166 1842 1239 ὅπερ

234 1287 309 1324 σοι
333 1268 638 1337 γενήσεται
671 1264 811 1336 πρὸς
833 1262 1099 1334 αἰσχύνης
1125 1263 1222 1316 καὶ
1242 1263 1509 1334 ἐντροπῆς
1530 1277 1543 1291 ·
1578 1259 1842 1332 ματαίους

229 1361 327 1434 γὰρ
342 1359 691 1429 ἀνατλήσεις
709 1357 930 1421 πόνους,
950 1355 1307 1426 ἀναπιμπλὰς
1326 1356 1426 1427 μὲν
1442 1354 1694 1425 αἱμάτων
1713 1355 1842 1420 τοὺς

225 1456 366 1527 παρὰ
395 1456 489 1508 σοὶ
517 1453 773 1525 βωμοὺς,
797 1451 893 1505 καὶ
929 1449 1342 1520 άκαταλήκτους
1381 1448 1704 1520 ποιούμενος
1741 1452 1841 1514 τὰς

218 1551 438 1614 θυσίας,
460 1547 569 1602 καὶ
582 1546 742 1610 λιτὰς
766 1544 1064 1616 προσάγων
1084 1547 1197 1606 τοῖς
1217 1543 1636 1614 χειροποιήτοις.
1663 1539 1840 1612 Τεύξῃ

212 1658 267 1694 τε
307 1639 547 1702 οὐδενὸς
589 1637 704 1691 τῶν
735 1637 816 1699 είς
856 1635 1044 1706 ὄνησίν
1072 1653 1132 1689 τε
1167 1637 1261 1688 καὶ
1286 1635 1581 1704 σωτηρίαν.
1631 1633 1704 1686 Οὐ
1729 1633 1841 1704 γάρ

215 1751 272 1787 σε
307 1733 658 1802 δυνήσονται
693 1729 803 1782 τῶν
841 1729 1241 1800 ἐπηρτημένων
1286 1725 1595 1791 ἀπαλλάξαι
1627 1725 1835 1779 κακῶν.

1947 521 2030 576 vel
2078 521 2240 575 etiam
2295 521 2348 576 in
2397 520 2519 574 aliis
2573 521 2800 574 urbibus
2877 537 2941 576 ac
2992 523 3310 591 provinciis,
3375 539 3536 592 quem

1947 613 2155 670 latebat
2183 614 2326 685 quod
2367 613 2667 668 acciderat.

2014 794 2183 850 Vens.
2209 793 2298 848 12.
2359 792 2426 846 Et
2460 796 2556 847 erit
2610 794 2705 848 tibi
2749 795 2997 850 dedecori
3036 814 3098 850 ac
3140 798 3354 867 pudori,
3400 802 3540 868 quod

1943 889 2259 942 laboraverit
2295 885 2452 941 Moab
2499 903 2655 954 super
2703 889 2832 952 aris,
2867 899 2916 943 et
2971 891 3295 960 ingredietur
3334 893 3390 945 in
3429 909 3544 945 ma-

1955 981 2174 1050 nufacta
2201 997 2299 1035 sua
2332 981 2400 1034 ad
2417 979 2840 1052 supplicandum,
2876 994 2922 1036 et
2947 1000 3050 1038 non
3077 995 3323 1052 poterunt
3339 986 3543 1057 eripere

1943 1091 2081 1129 eam.

2015 1168 2227 1225 Rursus
2278 1168 2557 1239 continget
2623 1179 2676 1223 et
2732 1170 2876 1224 aliud
2935 1171 3189 1240 quiddam
3257 1181 3538 1242 praterea,

1944 1262 2088 1333 quod
2146 1263 2241 1316 tibi
2288 1263 2480 1332 pudori
2531 1263 2631 1316 erit
2663 1271 2718 1318 et
2790 1264 3122 1334 ignominia.
3178 1264 3543 1322 Frustr-aneos

1944 1356 2088 1410 enim
2124 1355 2342 1411 labores
2393 1355 2725 1421 exautlabis.
2793 1357 3154 1427 sanguiuibus
3210 1358 3403 1411 altaria
3450 1367 3542 1412 tua

1947 1447 2221 1518 replendo.
2273 1457 2329 1504 et
2376 1446 2537 1520 juges
2617 1451 3050 1506 sacrilicationcs
3137 1449 3412 1517 faciendo,
3487 1460 3545 1506 et

1945 1541 2269 1598 manufactis
2291 1542 2711 1613 supplicationes
2735 1541 3046 1599 offerendo:
3071 1543 3422 1613 consequeris
3447 1558 3547 1598 au-

1944 1643 2053 1690 tem
2086 1635 2219 1690 nihil
2251 1637 2394 1704 quod
2418 1637 2484 1690 ad
2513 1637 2857 1692 commodum
2895 1635 3193 1690 salutemve
3229 1635 3542 1705 pertineat:

1944 1741 2050 1781 non
2068 1726 2212 1780 enim
2230 1727 2300 1781 ab
2317 1735 2368 1780 te
2381 1725 2819 1794 impendentibus
2837 1726 2993 1780 malis
3009 1735 3264 1795 poterunt
3283 1725 3537 1781 liberare.

213 1824 353 1878 Ποία
371 1824 492 1895 γὰρ
516 1823 677 1893 ἰσχὺς
703 1823 762 1874 ἐν
777 1820 1016 1883 εἰδώλοις
1034 1818 1283 1889 ἀψύχοις,
1303 1817 1339 1872 ἃ
1361 1819 1458 1872 καὶ
1478 1818 1675 1890 τέχνης
1692 1819 1840 1871 ἐστὶν

1954 1819 2104 1874 [dolis
2125 1819 2268 1873 enim
2312 1818 2564 1873 inanimis
2595 1818 2724 1887 quid
2767 1818 2986 1872 tandem
3015 1819 3156 1873 inest
3178 1815 3545 1873 fortitudinis?

212 1915 592 1988 ἀνθρωπίνης
620 1914 938 1986 εὑρήματα,
971 1910 1064 1964 καὶ
1100 1911 1466 1982 δημιουργοὺς
1501 1909 1684 1980 ἔχουσι
1714 1909 1842 1973 τοὺς

213 2004 684 2080 προσκυνοῦντας
712 2003 874 2064 aii-td;
905 1999 1114 2056 Οὐκοῦν
1137 1999 1281 2053 καθά
1311 2015 1476 2069 φησιν
1515 1999 1544 2050 6
1573 1998 1843 2068 μακάριος

222 2102 408 2156 Δαϐίδ’
439 2096 678 2170 Ὅμοιοι
699 2096 882 2158 αὐτοῖς
907 2095 1174 2163 γένωνται
1197 2093 1246 2146 οἱ
1268 2095 1546 2156 ποιοῦντες
1562 2093 1723 2159 αὐτὰ,
1747 2091 1844 2145 καὶ

228 2195 428 2256 πάντες
453 2193 504 2245 οἱ
538 2187 865 2251 πεποιθότες
892 2187 981 2240 ἐπ’
1010 2187 1212 2250 αὐτοῖς.
1233 2185 1430 2239 ’ἰστέον
1459 2185 1535 2252 δέ,
1565 2185 1646 2238 ὃτι
1678 2184 1844 2237 δεισι-

229 2283 654 2355 δαιμονέστεροι
677 2280 798 2333 λίαν
824 2280 874 2332 oi
897 2278 1188 2332 Μωαϐῖται
1209 2275 1520 2346 γεγόνασιν,
1558 2277 1845 2329 οἰωνοσκο-

232 2379 316 2430 mi
354 2393 419 2430 τε
452 2375 556 2429 καὶ
595 2371 1017 2442 ψευδομάντεις,
1044 2370 1138 2423 καλ⁵
1163 2369 1532 2440 τερατολόγοι,
1572 2368 1669 2422 καὶ
1707 2367 1842 2420 πολὺ

227 2471 339 2523 λίαν
373 2467 874 2539 ἐπιθαρσησαντες
901 2467 1013 2528 τοῖς
1037 2465 1102 2516 ἐκ
1137 2461 1391 2534 γοητείας
1419 2465 1631 2525 κακοῖς.
1655 2461 1845 2533 ’ᾩοντο

222 2563 325 2632 γὰρ
344 2563 489 2623 ῐσως
513 2555 1021 2629 κατευμεγεθήσειν
1043 2555 1302 2610 δύνασθαι
1323 2555 1421 2627 τῆς
1444 2555 1552 2608 τῶν
1569 2554 1844 2627 πολεμίων

219 2652 428 2726 χειρὸς,
466 2652 533 2705 οὐ
566 2649 849 2716 τοσοῦτον,
886 2647 960 2713 ῶς
987 2665 1051 2718 γε
1081 2643 1255 2719 οἶμαι,
1287 2650 1406 2712 ταῖς
1437 2649 1544 2701 τῶν
1572 2647 1846 2701 τακτικῶν

217 2745 600 2819 ἐμπειρίαις,
653 2743 780 2797 ὅσον
808 2745 933 2808 ταῖς
977 2741 1322 2812 ἐπικουρίαις
1364 2740 1473 2794 τῶν
1515 2741 1666 2810 παρὰ
1691 2740 1845 2810 σφίσι

220 2840 382 2892 θεῶν.
415 2836 572 2892 Ἀλλ’
611 2838 975 2908 ἡμαρτήκασι
1026 2835 1130 2908 τῆς
1180 2835 1417 2902 ἐλπίδος,
1466 2835 1672 2907 ἄψυχον
1711 2834 1846 2906 ὓλην

216 2934 303 2988 διὰ
340 2932 569 2986 θυσιῶν
600 2949 660 2985 τε
689 2931 783 2985 καὶ
809 2930 966 3001 λιτῆς
995 2929 1328 2993 καλέσαντες
1359 2931 1439 2993 εἰς
1462 2927 1806 3000 ἐπικουρίαν.

291 3024 494 3082 Τοῦτο
540 3023 614 3078 τὸ
658 3023 830 3093 ῥῆμα
873 3023 905 3077 ὃ
962 3021 1234 3090 ἐλάλησε
1275 3023 1494 3090 Κύριος
1532 3020 1632 3074 ἐπὶ
1667 3020 1852 3104 Μωὰὸ

216 3120 410 3172 ὁπότε
443 3116 552 3169 καὶ
604 3113 939 3182 ἐλάλησεν.

286 3210 478 3280 Αὕτη,
506 3208 707 3279 φησὶν,
738 3208 770 3278 ἠ
801 3207 1012 3278 ὅρασις,
1044 3207 1078 3276 ἡ
1101 3205 1246 3260 κατὰ
1272 3207 1372 3276 τῆς
1414 3206 1722 3261 Μωαϐιτῶν
1747 3205 1844 3258 λαο
1874 3185 1917 3242 C

211 3304 461 3375 ληθεῖσα
489 3299 653 3371 παρὰ
687 3299 824 3353 Θεοῦ
853 3315 864 3328 ·
889 3300 1053 3352 ὁπότε
1088 3300 1181 3354 καὶ
1215 3297 1465 3368 ἐλάλησε,
1505 3297 1652 3352 τοῦτ’
1674 3299 1844 3362 ἐστιν,

213 3404 268 3456 εί
299 3402 403 3454 καὶ
435 3399 574 3470 πρὶν
616 3396 746 3459 τοὺς,
792 3396 860 3448 δι’
893 3393 1028 3466 ἐμοῦ
1071 3393 1330 3464 γενέσθαι
1363 3393 1573 3462 λόγους,
1619 3391 1848 3447 πλεῖστά

215 3513 288 3548 τε
317 3496 429 3547 ’ὀσα
453 3490 728 3560 λελάληκε
773 3489 902 3561 περὶ
929 3489 1123 3560 αὐτῆς,
1167 3487 1266 3541 καὶ
1295 3487 1389 3540 ἐπὶ
1428 3486 1643 3558 μυρίοις
1677 3485 1848 3557 αὐτὴν

225 3585 547 3656 κατῃτιᾶτο
586 3583 804 3644 κακοῖς.
870 3581 956 3642 Ὠς
991 3581 1102 3652 γὰρ
1132 3580 1270 3650 ἔφην
1315 3579 1548 3649 φθάσας,
1577 3579 1672 3632 καὶ
1701 3579 1730 3631 6
1760 3579 1848 3632 θε-

239 3678 474 3739 σπέσιος
499 3672 714 3742 Μωσῆς
745 3674 845 3742 τῆς
883 3671 978 3725 τοῦ
1009 3672 1198 3736 ἔθνους
1219 3671 1584 3744 διαμέμνηται
1624 3671 1849 3743 δυστροο

241 3770 393 3832 πίας,
424 3769 522 3821 καὶ
551 3769 612 3820 ἐν
645 3769 760 3829 τοῖς
774 3767 856 3819 ὃτι
891 3764 1126 3834 μάλιστα
1145 3764 1645 3835 κατεστυγημένοις
1675 3765 1849 3818 ποιεῖ-

239 3859 364 3914 σθαι
393 3858 801 3930 προστέταχεν.
831 3855 978 3925 Ἔφη
1005 3855 1138 3924 γοῦν
1156 3871 1170 3885 '
1200 3855 1316 3908 Οὐκ
1332 3854 1698 3908 εἰσελεύσεται
1714 3854 1849 3925 Ἀμ-

1947 1929 2066 1984 qua
2103 1924 2168 1992 et_
2199 1913 2448 1968 humana
2511 1911 2648 1965 artis
2705 1911 2923 1965 inventa
2997 1920 3142 1977 sunt,
3185 1921 3240 1964 et
3297 1909 3543 1965 artiﬁces

1946 2005 2148 2061 habent
2177 2006 2266 2074 qui
2299 2021 2360 2060 ea
2385 2007 2633 2059 adorant.
2670 2003 2858 2074 Itaque
2912 2003 3052 2058 sicut
3118 2003 3313 2058 beatus
3371 2002 3543 2057 David

1947 2100 2025 2154 ait
2068 2115 2084 2152 :
2128 2097 2348 2154 Similes
2402 2096 2507 2152 illis
2532 2096 2664 2151 ﬁant
2727 2097 2818 2166 qui
2853 2096 3059 2152 faciunt
3088 2111 3176 2160 ea,
3229 2105 3286 2150 et
3342 2110 3542 2151 omnes

1946 2192 2039 2262 qui
2103 2190 2274 2245 ﬁdunt
2325 2191 2377 2244 in
2431 2190 2621 2245 illis”.
2663 2189 2954 2246 Sciendum
3014 2200 3216 2254 autem,
3264 2189 3545 2244 exstitisse

1948 2284 2216 2340 Moabitas
2251 2283 2842 2353 superstitiosissimos,
2875 2292 2928 2335 et
2994 2297 3228 2351 augures
3269 2292 3324 2337 et
3372 2297 3544 2338 vanos

1946 2387 2121 2445 vates,
2181 2385 2236 2431 et
2301 2375 2690 2431 miraculorum
2763 2375 3088 2444 jactatores,
3147 2383 3203 2428 et
3246 2373 3544 2444 prastigiis

1947 2473 2238 2544 plurimum
2266 2469 2524 2526 conlisos.
2561 2467 2958 2521 Existimabam
3001 2467 3146 2520 enim
3191 2480 3252 2520 se
3305 2467 3543 2520 hostium

1948 2580 2171 2620 manum
2206 2566 2536 2625 devicturos,
2566 2577 2672 2615 non
2705 2572 2840 2623 tam,
2868 2567 2926 2613 ut
2950 2573 3052 2628 ego
3077 2557 3295 2627 quidem
3323 2573 3542 2623 censeo,

1949 2675 2048 2714 usu
2095 2658 2400 2730 peritiaque
2453 2669 2754 2720 armormn,
2799 2668 2960 2723 quam
3026 2653 3268 2721 ipsorum
3315 2652 3542 2706 deorum

1949 2751 2313 2808 adminiculis.
2343 2749 2539 2804 Verum
2595 2762 2690 2818 spe
2743 2745 2988 2800 frustrati
3026 2753 3174 2810 sunt,
3231 2746 3323 2816 qui
3358 2745 3545 2799 inani-

1951 2860 2095 2901 mam
2127 2844 2411 2898 materiam
2452 2839 2743 2897 sacriﬁciis
2778 2839 3136 2910 precibusque
3169 2837 3223 2893 in
3280 2837 3544 2894 auxilium

1949 2945 2236 2992 voearunt.

2023 3031 2140 3086 Hoc
2185 3039 2262 3084 est
2297 3029 2511 3083 uerbum
2567 3025 2710 3099 quod
2747 3024 2954 3082 locutus
2996 3035 3070 3080 est
3098 3023 3356 3079 Dominus
3386 3039 3546 3095 super

1959 3121 2133 3186 Moab,
2165 3121 2372 3190 quando
2396 3129 2444 3172 et
2472 3119 2678 3172 locutus
2706 3126 2803 3173 est.

2024 3214 2169 3278 Hac,
2197 3214 2392 3283 inquit,
2435 3211 2572 3266 visio
2643 3219 2727 3263 est
2755 3217 2946 3262 contra
3001 3207 3344 3262 Moabiticam
3397 3206 3545 3260 dicta

1950 3324 1979 3361 a
2014 3307 2157 3361 Deo:
2202 3305 2418 3375 quando
2472 3304 2634 3356 etiam
2665 3303 2877 3356 locutus
2927 3309 3030 3366 est,
3065 3299 3117 3353 id
3165 3308 3268 3362 est,
3329 3297 3545 3352 etiamsi

1951 3410 2240 3467 antequam
2282 3411 2378 3468 per
2403 3410 2488 3450 me
2535 3398 2701 3449 verba
2737 3391 2953 3459 ﬁerent,
3006 3391 3410 3463 quamplurima
3479 3391 3546 3444 de

1951 3506 2015 3546 ea
2045 3491 2258 3546 locutus
2289 3498 2389 3550 est,
2425 3495 2481 3542 et
2505 3485 2576 3540 ob
2599 3485 2812 3540 inlinita
2855 3483 2994 3538 mala
3036 3499 3155 3538 eam
3186 3482 3541 3537 insimulavit.

1951 3581 2416 3650 Quemadmodum
2455 3579 2600 3635 enim
2647 3577 2898 3649 superius
2947 3577 3081 3643 dixi.
3108 3577 3324 3631 divinus
3371 3574 3550 3632 Moses

1952 3673 2129 3745 gentis
2157 3672 2316 3742 hujus
2341 3683 2732 3728 commemorat
2759 3672 3196 3743 perversitatem,
3222 3679 3276 3726 et
3300 3670 3353 3724 in
3386 3670 3542 3725 odio-

1951 3766 2184 3822 sissimis
2242 3782 2306 3821 ac
2331 3766 2700 3822 infestissimis
2735 3765 2918 3822 haberi
2937 3765 3118 3835 jussit.
3168 3764 3312 3818 Dixit
3345 3764 3545 3835 itaque:

1951 3859 2072 3914 Non
2098 3859 2431 3928 ingredietur
2453 3859 2790 3924 Auunanita,
2814 3865 2870 3913 et
2892 3856 3122 3912 Moabita
3162 3856 3217 3910 in
3261 3855 3547 3911 ecclesiam

232 3951 482 4024 μανίτης
519 3950 619 4004 καὶ
664 3946 962 4018 Μωαϐίτης
1015 3949 1096 4012 εἰς
1129 3946 1428 4018 ἐκκλησίαν
1469 3946 1713 4018 Κυρίου,
1757 3945 1853 4000 καὶ

225 4049 336 4112 ἓως
377 4045 626 4115 δεκάτης
675 4042 891 4110 γενεᾶς.
944 4039 1278 4110 Ἀπεκόμισέ
1315 4055 1447 4092 ποτε
1482 4039 1576 4092 καὶ
1617 4037 1708 4092 τὸν
1748 4039 1850 4091 ἰσ-

236 4140 377 4211 ραὴλ
412 4139 524 4209 τῆς
553 4137 633 4200 είς
659 4133 794 4188 Θεὸν
825 4133 1071 4204 ἀγάπης,
1105 4134 1200 4187 καὶ
1237 4134 1567 4205 προσκυνεῖν
1596 4132 1853 4186 ἀνέπεισε

231 4235 310 4304 τῷ
333 4229 701 4302 Βεελφεγὼρ,
729 4229 854 4292 ταῖς
897 4228 980 4291 είς
1002 4227 1338 4299 αἰσχρότητα
1364 4225 1700 4297 τεθηγμένον
1731 4225 1856 4297 ὴδοα

228 4329 378 4388 ναῖς,
416 4322 521 4378 καὶ
562 4319 804 4390 γυναίων
851 4317 1025 4392 ῶραις
1063 4317 1535 4390 σεσαγηνευμένον
1577 4317 1657 4379 είς
1697 4315 1855 4370 ἀπώ-

227 4416 412 4471 λειαν.
460 4412 678 4468 Οὐκοῦν
706 4411 976 4483 λελάληκε
1018 4409 1118 4481 μέν
1159 4409 1287 4480 περὶ
1319 4408 1492 4479 αὐτῆς
1519 4409 1546 4460 6
1577 4407 1685 4462 τῶν
1717 4407 1854 4462 ὅλων

232 4511 398 4574 Θεός.
452 4508 570 4561 Καὶ
615 4505 712 4559 νῦν
737 4505 794 4560 δέ
819 4493 892 4559 ¹δι’
917 4501 1054 4576 ἐμοῦ
1101 4501 1262 4557 τοῦτο
1300 4501 1525 4574 γέγονεν
1567 4500 1655 4555 ἐπ’
1684 4501 1856 4572 αὐτῆς

232 4603 298 4656 τὸ
333 4602 528 4674 ῥῆμα,
566 4597 757 4670 φησιν.

313 4695 430 4748 Καὶ
478 4691 602 4744 νῦν
646 4687 804 4759 λέγω
823 4729 838 4754 ,
871 4687 942 4742 ἐν
977 4686 1180 4756 τρισὶν
1211 4684 1416 4740 ἐτεσιν
1445 4683 1598 4738 ἑτῶν
1630 4685 1846 4754 μισθω·

2029 4689 2196 4744 Vrzas.
2223 4686 2312 4744 Η.
2355 4687 2422 4741 Et
2440 4703 2578 4740 nunc
2599 4687 2739 4749 dico,
2763 4686 2818 4739 in
2869 4685 3040 4739 tribus
3071 4683 3226 4738 annis
3285 4698 3549 4738 annorum

242 4785 353 4838 τοῦ
411 4778 902 4851 ἀτιμασθήσεται
941 4781 979 4848 ἠ
1026 4776 1180 4843 δόξα
1236 4777 1418 4832 Μωὰϐ
1437 4817 1452 4842 ,
1503 4775 1627 4830 σὺν
1678 4776 1846 4830 παντὶ

1959 4783 2293 4848 mercenarii,
2341 4780 2630 4852 ignominia
2673 4779 2944 4849 afﬁcietur
2973 4778 3144 4848 gloria
3198 4775 3356 4831 Moab
3432 4793 3554 4830 cum

245 4875 327 4942 τῷ
370 4874 628 4936 πλούτῳ
656 4870 738 4938 τῷ
759 4869 991 4937 πολλῷ,
1021 4873 1122 4925 καί
1164 4868 1712 4940 καταλειφθήσεται
1737 4870 1846 4925 61¢-

1961 4876 2200 4930 omnibus
2247 4875 2466 4935 divitiis,
2508 4875 2678 4945 iisque
2721 4873 2924 4938 multis,
2950 4881 2998 4926 et
3041 4871 3368 4941 relinquetur
3421 4881 3556 4940 pau-

251 4966 478 5036 τοστὸς
524 4964 624 5018 καὶ
662 4965 776 5018 οὐκ
809 4963 1071 5032 ἔντιμος.

1963 4971 2229 5035 cissimur,
2253 4980 2299 5023 et
2327 4985 2434 5023 non
2469 4968 2785 5021 honoratus.

325 5059 417 5124 Ei;
468 5058 786 5129 ἀνάμνησιν
835 5056 1078 5128 ἱστορίας
1123 5057 1275 5128 ἡμᾶς
1310 5056 1405 5110 καὶ
1455 5054 1549 5110 νῦν
1577 5057 1606 5109 6
1647 5073 1846 5128 προφη·

2038 5064 2118 5117 Ad
2197 5062 2766 5117 connuemorationem
2846 5055 3088 5112 historia
3131 5069 3276 5110 nunc
3331 5069 3551 5125 quoque

241 5151 399 5216 τικὸς
452 5147 790 5220 άποκομίζει
845 5148 1022 5218 λόγος.
1075 5149 1542 5221 Ἀποςροιτήσασαι
1591 5149 1700 5220 γὰρ
1749 5149 1846 5203 τῶν

1969 5167 2184 5212 revocat
2210 5172 2307 5210 nos
2335 5171 2516 5210 sermo
2549 5153 2913 5225 propheticus.
2975 5152 3330 5206 Secesserunt
3399 5151 3554 5204 vide-

255 5244 663 5316 Ἱεροσολύμων
695 5242 827 5296 δέκα
855 5241 951 5296 τοῦ
986 5241 1204 5314 Ἰσραὴλ
1237 5241 1422 5311 φυλαὶ,
1465 5243 1560 5296 καὶ
1596 5242 1657 5295 τὸ
1685 5243 1846 5314 ἧμισι

1969 5249 2095 5304 licet
2119 5247 2187 5303 ab
2211 5247 2597 5319 Hierosolymis
2622 5249 2807 5303 decem
2838 5248 3008 5302 tribus
3039 5243 3226 5307 Israel,
3247 5250 3302 5297 et
3330 5241 3555 5299 dimidia

246 5339 428 5409 φυλῆς
463 5335 729 5410 Ἐφραῒμ,
756 5335 1146 5406 κατῳκήκασιν
1173 5335 1232 5388 ἐν
1255 5337 1322 5406 τῇ
1357 5335 1672 5407 Σαμαρείᾳ·
1707 5353 1846 5408 προσ

1969 5343 2140 5396 tribus
2199 5341 2476 5410 Ephraim,
2526 5341 2952 5410 habitaruntque
3030 5338 3084 5394 in
3148 5335 3420 5397 Samaria,
3493 5350 3558 5389 ac

246 5429 602 5498 κεκυνήκασι
647 5426 706 5480 δὲ
757 5429 880 5490 ταῖς
925 5429 1190 5498 χρυσαῖς·
1246 5425 1481 5490 ἐνιέντος
1530 5426 1733 5490 αὐτοὺς
1788 5429 1846 5481 εἰ.

1960 5433 2226 5503 iuvencas
2279 5449 2474 5490 aureas
2524 5434 2840 5501 adorarunt,
2904 5433 3168 5488 invitante
3192 5444 3286 5483 eos
3335 5426 3404 5480 ad
3456 5425 3559 5478 hoc

246 5523 450 5588 τοῦτο,
502 5521 599 5576 καὶ
641 5519 926 5584 δυσσεϐῶς
975 5519 1394 5592 κατωθήσαντος
1438 5520 1723 5592 ’ῐεροϐοάμ
1769 5522 1846 5575 τοί

1965 5527 2254 5583 Jeroboam
2285 5527 2395 5584 lilio
2423 5526 2620 5592 Nabat,
2650 5528 2924 5600 impieque
2950 5523 3276 5593 impellente.
3342 5518 3473 5572 Dein
3504 5525 3559 5569 et

250 5615 474 5672 Νάϐατ.
509 5609 649 5670 Εἶτα
677 5614 776 5670 καὶ
819 5615 1013 5686 ἐτέρας
1045 5615 1350 5686 ἐπενόησαν
1388 5613 1506 5668 ἐκεῖ
1539 5613 1638 5678 τὰς
1677 5615 1846 5685 ψευδο

1967 5617 2104 5676 alios
2122 5620 2304 5678 cultus
2330 5621 2735 5679 commentitios
2767 5621 2877 5678 illic
2908 5616 3302 5688 excogitarunt,
3327 5608 3560 5681 quisqoe

1952 3952 2112 4024 261
2165 3949 2402 4017 Domini,
2435 3951 2598 4007 etiam
2655 3963 2825 4020 usque
2877 3949 2943 4004 ad
2986 3949 3252 4004 decimam
3309 3958 3546 4004 atatem.

1952 4047 2194 4102 Abduxit
2247 4046 2374 4100 item
2425 4043 2715 4114 aliquando
2767 4041 3021 4096 lsraelem
3074 4056 3102 4094 a
3167 4039 3438 4095 charitate
3493 4041 3548 4095 in

1955 4137 2158 4206 Deum,
2203 4137 2584 4207 persuasitque
2609 4135 2838 4190 adorare
2869 4132 3221 4203 Beelphegor,
3260 4131 3552 4201 voluptati-

1954 4232 2058 4288 bus
2086 4234 2152 4285 ad
2185 4231 2489 4286 faditatem
2543 4229 2900 4290 stimulatum,
2928 4237 2983 4281 et
3014 4235 3298 4280 venustate
3321 4225 3543 4280 mulier.

1956 4325 2201 4379 cularmu
2236 4323 2586 4393 illaqueatum
2640 4321 2708 4374 ad
2755 4309 3056 4374 interitum.
3121 4317 3307 4386 Itaque
3363 4315 3430 4370 de
3485 4331 3548 4371 ea

1956 4417 2167 4471 lucntus
2190 4423 2273 4470 est
2295 4413 2665 4468 universitatis
2708 4413 2867 4467 Deus.
2917 4411 2977 4465 Et
3016 4424 3182 4470 nunc,
3219 4409 3412 4480 inquit,
3453 4425 3552 4481 per

1963 4523 2051 4564 me
2084 4507 2287 4563 factum
2317 4514 2400 4561 est
2421 4507 2645 4560 verbum
2670 4519 2832 4576 super
2862 4518 2952 4560 ca.

330 5771 381 5805 ³ο
408 5771 558 5830 Psal.
584 5791 738 5846 cxm,
776 5775 831 5832 ε.
