4060 6520
536 339 640 394 419

1538 330 1596 384 S.
1636 326 1913 386 CYRILLI
1953 322 2427 382 ALEXANDRINI
2471 324 2787 381 AliCHlEP.

3684 339 3776 395 4'10

535 470 633 524 pro
657 470 753 509 suo
786 454 1048 508 arbitratu
1079 457 1459 506 consecrantes
1509 451 1666 519 quasi
1733 450 1922 505 Deum.
1980 447 2123 503 Indi-

2227 447 2483 517 λατρείας
2538 447 2759 501 ἔκαστοι
2797 447 2854 499 τὸ
2908 444 3100 500 δοκοῦν
3151 448 3491 517 ἀνατιθέντες
3545 452 3615 518 ὡς
3644 458 3776 516 Θεόν,

535 558 728 617 gnatus
769 546 930 616 igitur
975 545 1058 599 his
1103 542 1470 597 universitatis
1518 541 1679 609 Deus,
1720 551 1908 611 utpote
1962 540 2121 609 maje-

536 650 674 695 state
709 639 878 709 ipsius
914 637 1304 691 contumeliose
1355 634 1780 701 commaculata,
1822 634 2122 704 patriisque

536 731 689 785 Scitis
732 729 1075 799 proculcatis,
1143 737 1350 781 tantttut
1413 742 1517 779 nou
1581 726 1908 781 conductum
1956 727 2120 795 Assyc

537 822 674 874 rium
706 821 1143 874 Salutanasarunt
1169 820 1220 872 in
1256 832 1349 872 eos
1410 817 1658 881 immisit,
1725 817 1897 887 quiet
1953 823 2119 869 totam

536 911 1004 965 Samaritanorum
1041 918 1240 963 terram
1278 908 1334 961 in
1408 924 1625 961 manum
1689 914 2122 975 potestatemque

536 1003 758 1071 redegit,
797 1000 967 1054 tribus
1007 1000 1280 1054 coutinuis
1317 1000 1474 1052 annis
1499 998 1574 1051 illi
1608 997 1850 1052 insidens
1868 1011 1933 1051 ac
1979 997 2124 1050 iucu-

536 1096 700 1147 bans:
733 1096 1030 1160 eodemque
1066 1101 1176 1145 toto
1245 1098 1485 1159 tempore
1523 1090 1573 1143 vi
1628 1100 1785 1158 capta
1841 1097 1927 1143 est
1978 1097 2119 1141 terra

536 1186 840 1241 Moabitica.
901 1184 1155 1244 Proinde.
1243 1183 1467 1252 inquit,
1530 1196 1841 1253 quanquam
1909 1180 2122 1235 locutus

534 1278 606 1333 sit
634 1279 761 1331 olim
818 1277 979 1340 Deus,
1039 1277 1130 1330 sed
1168 1285 1221 1329 et
1275 1291 1416 1329 nunc
1448 1276 1590 1339 dico,
1648 1274 1788 1344 quod
1841 1273 1894 1327 in
1949 1270 2124 1327 tribus

534 1370 691 1421 anuis
720 1381 981 1420 annorum
1033 1365 1375 1429 mercenarii,
1435 1365 1486 1417 id
1518 1373 1621 1427 est,
1682 1362 1826 1431 regis
1874 1360 2124 1432 Assyrio-

536 1478 676 1527 rum,
706 1459 997 1529 ignominia
1032 1458 1297 1511 allicietur
1336 1458 1504 1524 gloria
1549 1455 1722 1510 Moab.
1777 1454 1895 1522 Quo
1933 1455 2120 1519 verbo,

534 1554 619 1607 vel
644 1555 882 1624 ipsorum
917 1552 1044 1605 dicit
1093 1564 1341 1618 regnum,
1401 1549 1486 1603 vel
1548 1549 1974 1619 magnitudinem
2027 1562 2123 1600 ur-

535 1647 704 1710 bium,
732 1646 812 1700 vel
846 1644 1259 1698 inhabitantium
1299 1642 1719 1705 multitudinem,
1752 1641 1838 1696 vel
1875 1639 2123 1695 fortassis

533 1747 743 1793 aetatem
768 1739 843 1792 rei
898 1737 1103 1791 bellicze
1156 1736 1411 1807 peritant.
1465 1734 1881 1804 Derelinquetur
1942 1741 2120 1787 autem

2236 542 2646 611 Ἀγανακτήσας
2705 538 2994 610 τοιγαροῦν
3042 538 3135 592 ἐπὶ
3192 539 3399 605 τούτοις
3447 544 3474 595 ὀ
3516 544 3620 598 τῶν
3663 548 3781 604 ὅλων

2223 631 2446 703 Κύριος,
2480 631 2573 685 ἅτε
2604 630 2669 702 δὴ
2700 632 2792 685 καὶ
2826 630 3161 703 ὑϐρισμένης
3191 631 3352 685 αὐτοῦ
3385 634 3480 704 τῆς
3506 635 3674 707 δόξης,
3705 643 3781 697 καὶ

2224 724 2632 793 πεπατημένων
2659 724 2765 777 τῶν
2796 723 3067 796 πατρῴων
3101 723 3338 794 θεσμῶν,
3373 730 3647 800 μονονουχὶ
3677 750 3786 786 κατ·

2223 814 2566 886 εμισθώσατο
2610 816 2699 869 τὸν
2735 815 3020 888 Ἀσσύριον
3056 816 3422 890 Σαλμανάσαρ
3461 821 3553 874 καὶ
3591 823 3785 895 ἐπαφῆυ

2223 924 2317 960 κεν
2348 907 2550 973 αὐτοῖς,
2602 906 2660 970 ὃς
2693 907 2786 961 καὶ
2820 910 2998 962 πᾶσαν
3032 908 3131 978 τὴν
3165 909 3521 980 Σαμαρειτῶν
3560 931 3786 987 κατεχει-

2230 999 2385 1072 ροῦτο
2418 1001 2541 1070 γῆν,
2574 1001 2751 1073 τρισὶν
2784 1002 2925 1064 ὅλοις
2969 1001 3143 1055 ἔτεσιν
3194 1002 3449 1073 ἐνιζήσας
3479 1006 3639 1077 αύτῇ⁶
3670 1011 3790 1064 κατά

2222 1092 2314 1145 τὸν
2350 1092 2513 1146 αὑτὸν
2540 1094 2751 1145 τουτονὶ
2782 1094 2971 1165 χρόνον
3012 1093 3129 1164 ἥλω
3159 1094 3299 1148 κατὰ
3340 1097 3541 1166 κράτος
3572 1099 3602 1168 ἠ
3634 1100 3789 1154 Mm-

2225 1184 2409 1238 ϐιτῶν.
2445 1184 2656 1238 Ούκοῦν
2706 1185 2752 1238 εἰ
2806 1187 2901 1239 καὶ
2946 1185 3242 1257 λελάληκε,
3294 1188 3461 1259 φησὶ,
3512 1189 3604 1241 καὶ
3646 1191 3789 1245 πάλαι

2223 1276 2381 1341 Θεὸς,
2423 1277 2557 1332 ἀλλὰ
2585 1277 2681 1331 καὶ
2714 1277 2809 1332 νῦν
2849 1278 2995 1347 λέγω
3023 1319 3037 1343 ,
3067 1279 3148 1332 ὅτι
3191 1281 3247 1332 ἐν
3285 1283 3400 1340 τοῖς
3431 1282 3605 1350 τρισὶν
3638 1280 3787 1336 ἔτεσιν

2223 1370 2333 1424 τῶν
2379 1369 2517 1423 ἐτῶν
2567 1369 2659 1423 τοῦ
2698 1368 3007 1441 μισθωτοῦ,
3050 1370 3193 1424 τοῦτ’
3232 1371 3384 1436 ἔστι,
3415 1371 3510 1425 τοῦ
3557 1374 3787 1444 βασιλέως

2237 1460 2556 1532 Ἀσσυρίων,
2582 1461 3066 1533 άτιμασθήσεταιὴ
3097 1462 3222 1527 δόξα
3258 1462 3453 1516 Μωάό.
3489 1465 3595 1517 Καὶ
3635 1465 3714 1519 διά
3734 1483 3783 1534 γε

2225 1550 2451 1616 τούτων,
2478 1553 2597 1623 ἦτοι
2623 1551 2722 1624 τὴν
2746 1552 2896 1625 παρά
2918 1553 3102 1617 αὐτοῖς
3136 1553 3416 1624 βασιλείαν
3444 1556 3624 1624 φησὶν,
3653 1555 3683 1627 ἢ
3705 1561 3779 1610 καὶ

2226 1642 2368 1694 κατὰ
2402 1640 2470 1695 τά
2498 1642 2707 1713 μεγέθη
2737 1642 2844 1696 τῶν
2884 1643 3112 1705 πόλεων,
3148 1645 3243 1697 καὶ
3276 1644 3378 1716 τὴν
3414 1644 3520 1698 τῶν
3556 1646 3780 1700 ἐνοικούν-

2225 1750 2332 1786 των
2382 1732 2614 1805 πληθὺν,
2646 1735 2678 1807 ἢ
2713 1735 2854 1807 τάχα
2888 1753 3018 1800 που,
3064 1737 3163 1805 τὴν
3201 1737 3663 1809 ἐμπειροπόλεμοι
3692 1738 3784 1809 ἠλι-

534 1832 725 1900 inquit,
808 1829 1195 1897 paucissimas,
1246 1835 1300 1879 et
1364 1841 1469 1880 non
1517 1825 1852 1890 honoratus;
1902 1824 1953 1878 id
2019 1834 2122 1888 est,

2227 1825 2369 1877 κίαν.
2413 1823 2917 1898 Καταλειφθήσεται
2943 1826 3019 1888 δὲ,
3056 1827 3240 1897 φησὶν,
3274 1826 3553 1895 ὀλιγοστὸς
3588 1830 3673 1881 καὶ
3702 1828 3784 1881 οὐκ

533 1922 674 1977 bello
701 1922 1022 1976 conlicietur
1044 1918 1305 1989 quidquid
1330 1928 1412 1973 est
1435 1918 1577 1989 apud
1594 1932 1688 1973 eos
1716 1914 2080 1971 honoriﬁcum
2105 1930 2118 1965 :

535 2013 856 2084 superstites
887 2021 947 2065 et
967 2011 1078 2082 jam
1109 2012 1332 2065 omnino
1358 2010 1509 2079 pauci
1547 2006 2121 2078 erunt,abjeetissimi,

534 2116 587 2163 et
617 2122 809 2177 parum
845 2105 1090 2170 masculi,
1128 2104 1380 2173 nulloque
1423 2102 1590 2157 ltabiti
1654 2103 1707 2156 in
1756 2102 1948 2172 pretio.
1991 2098 2126 2154 Ter-

539 2201 698 2255 rlbile
731 2200 895 2269 igitur
921 2198 1161 2254 incidere
1192 2197 1245 2250 in
1275 2210 1468 2250 manus
1498 2195 1587 2249 Dei
1617 2196 1848 2249 viventis
1877 2192 2036 2257 ³¹ο³³;
2070 2202 2127 2248 et

527 2292 961 2361 Omnipotetttem
1011 2289 1210 2343 audere
1263 2286 1560 2352 ollendere,
1622 2286 1750 2356 quid
1815 2284 1962 2340 aliud
2018 2291 2122 2345 est,

535 2399 696 2452 quam
743 2397 934 2437 omnes
1003 2380 1344 2435 calamitates
1397 2378 1779 2433 consciscere?
1830 2379 1901 2431 At
1980 2376 2126 2431 salus

535 2485 621 2530 est
644 2476 874 2529 libenter
909 2473 983 2528 illi
1015 2487 1232 2542 parere,
1258 2472 1433 2541 ipsunt
1458 2471 1633 2525 solum
1672 2470 1836 2535 scire,
1863 2476 1916 2524 et
1961 2480 2121 2522 erro-

538 2570 613 2621 ris
637 2567 855 2636 laqueos
886 2568 1116 2626 evitare,
1147 2564 1307 2633 eique
1344 2578 1467 2617 cum
1498 2561 1695 2617 all‘ectu
1733 2561 1879 2616 bono
1902 2562 2121 2615 dicere:

539 2660 781 2719 Domine.
808 2668 961 2712 extra
1010 2667 1063 2712 te
1104 2657 1267 2712 alium
1316 2671 1424 2712 non
1484 2653 1867 2728 cognovimus,
1922 2666 2123 2707 nomen

538 2761 686 2806 tuum
712 2751 1080 2805 nominamus.

608 2993 773 3065 262
815 2990 945 3046 Car.
986 2988 1150 3045 XVII.
1548 2985 1839 3045 CONTRA
1890 2986 2124 3042 DAMA-

2229 1912 2464 1983 ἔντιμος,
2505 1914 2649 1967 τοῦτ’
2683 1914 2819 1982 ἐστι,
2851 1917 3287 1989 δαπανηθήσεται
3340 1919 3437 1988 μὲν
3486 1917 3560 1989 τῷ
3590 1918 3784 1988 πολέμῳ

2228 2008 2335 2060 πᾶν
2376 2007 2515 2079 ὅπερ
2543 2007 2657 2061 ἐστὶ
2688 2008 2865 2079 τίμιον
2908 2008 3036 2081 παρ’
3062 2011 3272 2074 αὐτοῖς’
3309 2011 3359 2063 οἱ
3389 2010 3446 2063 δέ
3472 2026 3532 2080 γε
3576 2010 3785 2082 περιλει-

2228 2099 2453 2168 φθέντες
2493 2099 2662 2170 ὀλίγοι
2689 2118 2747 2153 τε
2788 2099 2999 2154 ἔσονται
3056 2103 3364 2169 παντελῶς,
3393 2101 3708 2175 ἀτιμώτατοί
3738 2119 3782 2155 τε

2233 2191 2328 2245 καὶ
2363 2191 2635 2263 ἄνανδροι,
2664 2193 2758 2248 καὶ
2787 2193 2881 2246 τοῦ
2915 2194 3141 2265 μηδενὸς
3171 2196 3320 2262 ἄξιοι
3365 2196 3543 2266 λόγου.
3584 2194 3784 2267 Φοϐερὸν

2226 2279 2320 2338 οῦν
2350 2284 2479 2355 ἄρα,
2507 2284 2567 2338 τὺ
2600 2286 2859 2356 ἐμπεσεῖν
2887 2287 2967 2350 εις
3014 2288 3200 2358 χεῖρας
3252 2287 3395 2342 Θεοῦ
3440 2287 3663 2351 ζῶντος
3711 2288 3784 2342 καὶ

2227 2378 2289 2431 τδ
2349 2378 2707 2451 προσκρούειν
2770 2380 3081 2452 ἀποτολμᾷν
3148 2381 3226 2453 τῷ
3295 2384 3482 2437 πάντα
3555 2380 3781 2452 ἰσχύοντι,

2228 2469 2348 2534 πῶς
2376 2470 2473 2540 οὐχ
2520 2471 2738 2542 ἀπάσης
2768 2471 2921 2525 ἔσται
2965 2474 3230 2543 πρόξενον
3263 2475 3592 2548 συμφορᾶς
3634 2473 3782 2543 Σωτή-

2228 2580 2342 2635 ριον
2372 2562 2428 2617 δὲ
2455 2564 2549 2617 καὶ
2579 2564 2639 2617 τὸ
2663 2566 2980 2619 ὑποκεῖσθαι
3023 2566 3196 2635 φιλεῖν
3224 2568 3402 2641 αὐτῷ,
3436 2570 3525 2623 καὶ
3551 2566 3696 2621 αὐτὸν
3722 2568 3780 2619 ει-

2226 2656 2371 2711 δέναι
2397 2656 2576 2727 μόνον,
2609 2658 2703 2712 καὶ
2738 2657 2844 2711 τῶν
2875 2659 2972 2730 τῆς
3003 2660 3213 2734 πλάνης
3246 2662 3469 2734 ἀρκύων
3497 2660 3773 2731 ἀποφοιτᾷν.

2226 2747 2401 2817 λέγειν
2424 2766 2481 2802 τε
2505 2748 2652 2821 αύτῷ
2676 2750 2813 2821 μετὰ
2838 2750 3132 2816 διαθέσεως
3159 2754 3374 2826 ἀγαθῆς
3396 2772 3410 2786 ο
3438 2754 3623 2824 Κύριε,
3651 2747 3775 2813 ἐκτός

2229 2858 2322 2895 σου
2365 2842 2522 2896 ἄλλον
2563 2842 2663 2895 ούκ
2705 2842 2949 2913 οἴδαμεν,
2988 2844 3050 2897 τὸ
3103 2844 3280 2916 ὄνομά
3320 2863 3412 2900 σου
3458 2843 3773 2915 ὀνομάζομεν.

2360 2995 2444 3047 T0
2480 2995 2680 3050 PHMA
2726 2996 2812 3050 T0
2848 2997 3041 3050 ΚΑΤΑ
3086 2998 3225 3051 ΤΗΣ
3262 2998 3666 3053 ΔΑΜΑΣΚΟΥ.

610 3154 927 3209 Fortissima
957 3162 1011 3208 et
1048 3151 1353 3207 clarissima
1391 3151 1587 3206 civitas
1636 3149 2121 3211 Damascenorum.

2300 3172 2497 3242 Γέγονε
2529 3175 2627 3246 μὲν
2652 3174 3006 3249 άλκιμωτάτη
3036 3180 3132 3232 καὶ
3173 3180 3551 3253 ἐπισημοτάτη
3585 3178 3722 3240 πόλις
3748 3176 3771 3246 ἠ

539 3265 603 3304 ac
632 3248 790 3317 impia
832 3258 886 3301 et
910 3244 1017 3301 Deo
1041 3245 1276 3310 rebellis,
1307 3255 1360 3300 et
1406 3243 1751 3300 sanctissimo
1800 3242 1907 3298 Deo
1946 3242 2123 3298 maxi-

542 3358 627 3396 ute
653 3343 844 3405 invisa,
875 3354 936 3393 ac
966 3338 1161 3393 cultrix
1196 3337 1485 3402 idolorum,
1532 3347 1641 3390 tmn
1671 3336 1945 3405 impietate
1966 3346 2128 3406 atque

539 3436 773 3489 elatione
801 3434 930 3503 ipsis
988 3428 1228 3503 Assyriis
1256 3430 1406 3484 nullo
1432 3431 1591 3486 modo
1615 3427 1858 3485 inferior.
1894 3427 2128 3484 Oll'endit

542 3529 667 3581 item
719 3528 822 3583 alia
879 3527 1088 3581 ratione
1138 3526 1563 3594 omnipotentem
1639 3523 1826 3578 Deum.
1896 3522 2126 3579 Oriundi

541 3622 683 3675 enim
729 3621 994 3688 sanguine
1043 3617 1284 3680 lsraelis,
1327 3617 1377 3668 id
1436 3622 1540 3681 est,
1603 3616 1788 3671 decem
1849 3616 2024 3670 tribus
2073 3623 2130 3670 et

540 3718 762 3771 dimidia
794 3716 966 3769 tribus
997 3713 1276 3784 Epltraim,
1300 3727 1420 3781 quae
1446 3713 1749 3781 migraruut
1782 3710 1851 3766 ab
1881 3709 2130 3764 Hieroso-

540 3808 719 3879 iyntis,
745 3817 798 3861 et
817 3822 937 3874 quae
963 3805 1305 3859 incoluerunt
1334 3803 1663 3869 Samariam,
1693 3802 1877 3857 vitulis
1939 3803 2120 3858 aureis

540 3914 663 3956 sese
699 3905 1147 3968 prostraverunt,
1176 3896 1465 3951 inducente
1494 3896 1559 3950 ad
1591 3897 1691 3951 ltoc
1727 3910 1792 3949 ac
1820 3894 2135 3965 impellente

542 3994 709 4063 impio
732 3992 1015 4046 Jeroboam
1043 3990 1149 4046 lilio
1177 3990 1385 4044 Nabat:
1412 3988 1763 4061 omninoque
1793 3986 2127 4059 refugerunt,

543 4083 825 4151 modisque
850 4083 1100 4137 omnibus
1123 4096 1151 4134 a
1188 4083 1460 4136 cbar‘ttate
1492 4082 1543 4134 in
1570 4078 1739 4135 Deum
1797 4079 2151 4135 resiluerunt.

545 4176 598 4229 in
624 4174 948 4228 oblivionem
979 4172 1112 4244 legis
1142 4173 1281 4227 data:
1318 4173 1419 4227 sibi
1463 4187 1491 4225 a
1518 4171 1917 4241 sapientissimo
1954 4168 2124 4239 Mose,

543 4270 780 4326 adducti.
818 4269 949 4325 Cum
976 4277 1154 4323 autem
1185 4266 1474 4337 aliquando
1507 4276 1717 4338 tempus
1757 4277 2000 4332 voearet,
2070 4275 2126 4321 et

541 4358 739 4412 bellum
764 4358 1105 4421 adventaret,
1142 4371 1245 4410 non
1276 4355 1330 4411 in
1377 4356 1487 4411 Deo
1545 4357 1759 4413 vivente
1786 4371 1936 4426 spem
1980 4354 2128 4412 loca-

545 4461 689 4516 runt,
715 4452 807 4504 sed
836 4452 1140 4504 asciverunt
1172 4448 1353 4519 potius
1386 4465 1479 4506 eos
1504 4451 1596 4520 qui
1639 4450 1744 4505 illis
1792 4450 2123 4520 temporibus

544 4540 794 4594 Damasci
826 4541 1109 4608 omnisque
1140 4540 1488 4610 Assyriorum
1536 4550 1693 4595 terra:
1725 4556 1947 4610 regnum
1979 4542 2123 4595 obti-

546 4633 764 4696 nebant,
790 4641 848 4685 ut
873 4631 1005 4701 ipsis
1023 4631 1230 4686 ferrent
1250 4632 1531 4699 auxilium,
1554 4641 1610 4689 et
1642 4647 1673 4687 e
1702 4647 1862 4687 manu
1894 4632 2125 4689 hostium

545 4725 839 4793 eriperent.
887 4722 1213 4779 Succensuit
1263 4725 1427 4797 igitur
1479 4725 1623 4779 banc
1674 4724 1741 4778 ob
1774 4738 2017 4789 causam,
2072 4732 2128 4779 et

547 4827 733 4871 contra
765 4830 856 4869 eos
881 4816 1238 4870 exacerbatus
1264 4827 1347 4872 est
1379 4816 1750 4871 universitatis
1782 4815 1946 4870 Deus.
1972 4816 2123 4872 Obli-

552 4907 589 4959 ti
617 4908 757 4960 enim
784 4921 1003 4973 prorsus
1048 4923 1106 4962 se
1143 4923 1209 4963 ex
1254 4908 1496 4981 Egypto
1566 4907 1737 4963 luisse
1791 4910 2123 4979 redemptos,

552 4998 889 5055 intolerabile
934 4999 1120 5071 jugum
1168 5001 1445 5055 servitutis
1509 5000 1842 5066 excussisse,
1909 5009 1965 5057 et
2030 5017 2128 5073 per

551 5091 788 5146 medium
853 5106 1001 5146 mare
1064 5093 1400 5159 transivisse,
1466 5093 1589 5147 dein
1661 5108 1860 5149 manna
1918 5095 2122 5164 edisse,

544 5198 747 5252 aquam
773 5198 836 5237 ex
865 5194 1014 5252 petra
1055 5194 1289 5253 potasse,
1320 5184 1678 5254 omnibusque
1714 5186 1947 5242 inimicis
1981 5203 2121 5258 prte-

551 5273 805 5341 valuisse,
828 5275 1068 5330 ltatredes
1092 5277 1354 5331 bouorunt
1384 5278 1627 5346 patribus
1667 5280 2123 5349 repromissorunt

544 5365 850 5429 exstitisse.
880 5370 947 5421 ab
971 5366 1277 5423 hominibus
1306 5384 1459 5440 opem
1502 5370 1863 5443 implorabant
1917 5374 2124 5440 miseri,

551 5458 713 5513 modo
741 5474 845 5513 non
884 5457 1054 5512 Deuut
1090 5466 1209 5513 atro
1240 5470 1488 5517 notantes
1517 5463 1747 5527 calculo,
1813 5467 1971 5535 quasi
2029 5482 2125 5523 eos

553 5563 774 5605 servare
803 5561 911 5602 non
937 5546 1192 5615 potuerit.
1229 5548 1380 5606 llauc
1413 5551 1573 5623 igitur
1593 5553 1662 5610 ob
1695 5570 1913 5610 causam
1940 5558 2124 5614 traditi

547 5651 681 5698 sunt
710 5640 823 5711 regi
861 5637 1228 5709 Assyriorum,
1260 5643 1349 5713 qui
1399 5645 1649 5703 universa
1677 5657 1834 5718 capta
1879 5646 2122 5706 Samaria

628 5778 678 5812 ⁸²
712 5774 876 5832 llcbr.
906 5788 962 5843 ι,
993 5771 1079 5827 5t.

2228 3266 2638 3337 Δαμασκηνῶν·
2682 3267 2948 3341 δυσσεϐὴς
2992 3270 3049 3323 δὲ
3081 3271 3175 3324 καὶ
3218 3273 3523 3344 θεομάχος.
3568 3273 3653 3327 καὶ
3690 3267 3772 3321 τῶν

2232 3356 2316 3410 ὅτι
2346 3358 2586 3428 μάλιστα
2629 3361 3129 3433 κατεστυγημένων
3176 3365 3335 3436 παρά
3372 3382 3436 3434 γε
3464 3365 3538 3437 τῷ
3565 3360 3774 3430 παναγίῳ

2228 3449 2381 3521 Θεῷ·
2414 3452 2509 3506 καὶ
2534 3446 2604 3524 ἦν
2633 3451 3046 3525 εἰδωλολάτρης,
3079 3456 3175 3510 καὶ
3204 3461 3332 3523 ταῖς
3366 3457 3651 3527 Ἀσσυρίων
3683 3453 3774 3524 βδε-

2227 3539 2443 3612 λυρίαις
2468 3560 2530 3598 τι
2567 3543 2704 3615 ὀμοῦ
2750 3545 2846 3598 καὶ
2882 3546 3208 3619 ὑπεροψίαις
3249 3552 3375 3605 κατ’
3402 3550 3583 3605 οὐδένα
3625 3560 3773 3616 παρα·

2228 3634 2484 3705 χωροῦσα
2531 3637 2755 3709 τρόπον.
2804 3639 3226 3712 Ιῐροσκέκρουκε
3259 3643 3322 3697 δὲ
3364 3644 3457 3697 καὶ
3506 3640 3685 3713 ἑτέρως
3709 3634 3773 3704 τῷ

2229 3726 2407 3783 πάντα
2458 3727 2694 3798 ἰσχύοντι
2737 3730 2875 3802 Θεῷ.
2926 3733 2990 3786 οι
3035 3733 3144 3805 γὰρ
3201 3735 3259 3801 ἐξ
3313 3736 3544 3807 αἵματος
3575 3727 3770 3801 Ἰσραὴλ,

2227 3818 2373 3874 τοῦτ’
2422 3819 2589 3887 ἐστιν,
2638 3824 2694 3875 αι
2737 3821 2871 3876 δέκα
2919 3825 3113 3895 φυλαὶ,
3165 3827 3260 3880 καὶ
3309 3828 3373 3882 τὸ
3420 3828 3586 3898 ἥμισυ
3631 3820 3775 3892 φυλῆς

2241 3911 2481 3985 Ἐφραῒμ
2504 3915 2942 3988 άποφοιτήσασαι
2961 3916 3068 3972 τῶν
3107 3919 3374 3991 Ὶεροσολύ
3383 3939 3515 3992 μων,
3543 3918 3629 3972 καὶ
3648 3917 3700 3969 ἐν
3723 3914 3773 3981 τῇ

2235 4005 2521 4078 Σαμαρείᾳ
2560 4010 2986 4080 κατοικήσασαι,
3036 4015 3516 4086 προσκεκυνήκασι
3555 4012 3647 4083 μὲν
3679 4009 3776 4069 ταῖς

2233 4094 2503 4167 δαμάλεσι
2549 4101 2671 4162 ταῖς
2724 4103 2988 4173 χρυσαῖς,
3040 4106 3469 4175 κατενεγκόντος
3519 4102 3671 4165 αὐτὰς
3714 4099 3776 4160 εἷς

2228 4190 2417 4256 τοῦτο,
2473 4192 2568 4246 καὶ
2622 4192 3039 4266 κατωθησαντος
3099 4197 3336 4265 ἀνοσίως
3387 4195 3652 4270 Ἰεροὸοάμ
3701 4188 3775 4244 τοῦ

2226 4282 2440 4337 Ναϐάτ·
2467 4285 2943 4356 ἁποσκιρτήσασαι
2966 4287 3025 4340 δὲ
3047 4289 3302 4359 εἰσάπαν,
3330 4292 3421 4345 καὶ
3448 4292 3543 4361 τῆς
3562 4290 3635 4350 εἰς
3668 4283 3775 4338 Θεὸν

2227 4373 2450 4444 ἀγάπης
2478 4373 2790 4445 ὀλοτρόπως
2824 4375 3245 4449 ἀποπηδήσασαι
3265 4398 3291 4455 ο,
3313 4383 3473 4453 νόμου
3504 4380 3559 4435 δὲ
3587 4376 3673 4431 τοῦ
3708 4373 3774 4426 δο-

2228 4463 2411 4528 θέντος
2458 4466 2642 4530 αύτοῖς
2671 4466 2760 4521 διὰ
2795 4468 2890 4521 τοῦ
2925 4471 3201 4541 πανσόφου
3249 4475 3492 4538 Μωσέως
3529 4473 3605 4535 εἰς
3634 4465 3774 4540 λήθην

2229 4556 2599 4624 ἐνηνεγμένοι.
2646 4557 2856 4630 Καιροῦ
2904 4560 3196 4628 καλοῦντος
3228 4564 3340 4619 ἐσθ’
3376 4565 3485 4626 ὅτε,
3514 4563 3604 4617 καὶ
3641 4557 3775 4611 πολέ-

2231 4663 2332 4717 μου
2365 4646 2649 4717 μέλλοντος
2677 4648 2826 4721 ἥξειν
2854 4652 2943 4704 ἐπ’
2982 4655 3198 4722 αὐτοὺς,
3227 4658 3329 4711 οὐκ
3358 4656 3451 4711 ἐπί
3492 4673 3552 4725 γε
3582 4652 3653 4724 τῷ
3691 4649 3776 4703 σώ-

2229 4734 2378 4801 ζοντι
2407 4738 2528 4811 Θεῷ
2562 4739 2760 4811 μᾶλλον
2788 4744 3071 4800 ἐποιοῦντο
3096 4746 3195 4820 τὴν
3228 4750 3437 4814 ἐλπίδα,
3466 4744 3776 4819 παρεκάλουν

2227 4829 2284 4884 δέ
2339 4831 2537 4902 μᾶλλον
2587 4835 2718 4898 τοὺς
2767 4836 2910 4890 κατὰ
2965 4840 3157 4911 καιρὸν
3205 4843 3306 4915 τῆς
3350 4838 3652 4913 Δαμασκοῦ,
3699 4833 3775 4887 καὶ

2229 4925 2449 4995 ἁπάσης
2472 4925 2529 4979 δὲ
2560 4927 2657 4997 τῆς
2690 4927 2881 4999 Σύρων
2909 4930 3294 5001 βασιλεύοντας
3315 4935 3418 5006 γῆς
3451 4926 3707 5003 ἐπαμῦναί
3728 4940 3773 4977 τε

2229 5017 2401 5086 σφίσιν
2426 5018 2522 5071 καί
2545 5020 2644 5088 τῆς
2669 5019 2781 5075 τῶν
2805 5021 3080 5096 πολεμίων
3099 5028 3373 5096 ἐξελέσθαι
3397 5028 3591 5099 χειρός.
3610 5024 3771 5090 Ἥγανο

2226 5108 2378 5163 ἀκτει
2436 5113 2726 5183 τοιγαροῦν
2781 5116 2876 5168 καὶ
2943 5117 3147 5190 ταύτης
3193 5120 3426 5191 μάλιστα
3482 5117 3579 5187 τῆς
3623 5110 3771 5170 αἰτίας

2226 5200 2407 5265 ἕνεκα,
2441 5202 2537 5255 καὶ
2570 5207 3026 5277 κατεπικραίνετο
3060 5211 3196 5282 πρὸς
3240 5212 3436 5274 αὐτοὺς
3472 5209 3500 5262 ὀ
3529 5207 3628 5261 τῶν
3657 5201 3771 5257 ὅλων

2226 5290 2378 5354 Θιός.
2414 5292 2827 5366 Ἐπιλαθόμςνοι
2871 5299 2983 5372 γάρ
3029 5302 3283 5369 εἰσάπαν,
3326 5304 3406 5357 ὅτι
3445 5298 3768 5369 λελύτρωνται

2230 5380 2331 5453 μὲν
2356 5381 2414 5449 ἐξ
2459 5384 2760 5453 Αἰγύπτου,
2795 5389 2888 5442 καὶ
2929 5390 3021 5444 τὸν
3057 5392 3392 5467 δυσφὸρητον
3427 5394 3522 5460 τῆς
3561 5383 3766 5442 δουλεία;

2225 5471 2587 5526 ἁπεσείσαντο
2634 5475 2821 5544 ζυγὸν,
2875 5476 3297 5554 διεόιδάσθησαν
3340 5481 3397 5534 δέ
3442 5477 3531 5532 καὶ
3564 5474 3645 5529 διά
3686 5468 3764 5521 θα-

2226 5561 2431 5635 λάσσης
2472 5565 2666 5637 μέσης,
2716 5565 2834 5622 εἶτα
2887 5570 2948 5624 τὸ
2985 5573 3158 5644 μάννα
3200 5575 3490 5645 φαγόντες,
3525 5567 3610 5622 καὶ
3645 5560 3762 5627 ὕδωρ

2227 5656 2329 5727 τῆς
2382 5658 2593 5730 πέτρας
2655 5667 3075 5737 πεποτισμένοι,
3124 5658 3674 5739 κατευμεγεθήσαντές
3714 5663 3764 5706 τε
