4060 6470
272 319 378 374 421

1433 308 1501 363 IN
1542 306 1778 364 ISAIAM
1822 304 1953 362 LIB.
1997 305 2063 362 II.
2108 305 2350 364 'I'OMUS
2389 302 2477 360 Ill.

3484 302 3590 358 ιεε

268 429 490 492 παντὸς
512 424 734 499 ἐχθροῦ,
787 423 1119 496 κληρονόμοι
1160 423 1420 494 γεγόνασι
1466 424 1579 479 τῶν
1625 427 1739 489 τοῖς
1785 441 1886 478 πα.

2022 437 2173 494 psam
2205 423 2408 479 delevit
2433 424 2782 489 Damascum,
2809 430 2866 479 et
2902 436 3122 478 omnem
3157 421 3421 494 Syrorum
3482 432 3591 479 ter-

264 524 479 596 τράσιν
533 518 971 592 ἐπηγγελμένων
1017 516 1264 587 ἀγαθῶν,
1315 517 1418 582 τὰς
1474 518 1535 583 ἐξ
1583 517 1889 590 ἀνθρώπων

266 615 516 671 ἐκάλουν
551 612 878 683 ἐπικουρίας
903 611 958 665 οἱ
993 610 1243 677 τάλανες,
1282 612 1569 682 μονονουχὶ
1591 611 1653 665 τὸ
1696 613 1771 682 μὴ
1800 611 1892 664 δύο

267 709 478 763 νασθαι
523 704 723 769 σώζειν
773 704 973 768 αὐτοὺς
1026 702 1532 774 καταψηφιζόμενοι
1569 701 1664 755 τοῦ
1729 701 1888 759 Θεοῦ.

268 800 506 872 Ταύτης
556 815 642 852 τοι
677 797 842 851 ἕνεκα
870 797 970 867 τῆς
999 794 1178 859 αἰτίας
1230 793 1608 866 παρεδόθησαν
1656 794 1737 866 τῷ
1784 795 1893 849 τῶν

286 891 608 964 Ἀσσυρίων
652 890 882 962 βασιλεῖ,
911 889 971 953 ὃς
1004 891 1186 943 πᾶσαν
1227 887 1368 942 ἐλὼν
1411 888 1511 959 τὴν
1551 888 1891 961 Σαμάρειαν,

286 988 385 1041 καλ.
425 984 598 1056 αὐτὴν
630 982 954 1055 πεπόρθηκε
985 983 1085 1054 τὴν
1112 981 1429 1052 Δαμασκὸν,
1460 981 1556 1035 καὶ
1588 982 1807 1036 ἅπασαν
1837 982 1897 1036 δὲ

291 1081 392 1151 τὴν
422 1078 525 1131 τῶν
564 1075 756 1148 Σύρων
787 1077 1054 1147 ἠρήμωσε
1093 1075 1218 1146 γῆν.
1250 1076 1374 1128 Ὅτι
1404 1074 1629 1145 ἀληθεῖς
1680 1076 1813 1147 ἡμῖν
1844 1076 1894 1128 οἱ

290 1171 415 1243 περὶ
447 1167 665 1222 τούτων
714 1166 973 1235 γεγόνασι
1019 1164 1191 1234 λόγοι,
1223 1163 1558 1218 πιστώσεται
1598 1163 1772 1233 λέγων
1802 1164 1900 1217 αὑ-

286 1267 372 1329 τὸς
397 1266 427 1316 ὀ
460 1263 759 1335 προφήτης
797 1260 1028 1323 Ἡσαΐας
1049 1275 1061 1288 ·
1097 1259 1208 1312 Καὶ
1248 1258 1466 1325 ἐγένετο
1506 1259 1564 1311 ἐν
1599 1260 1724 1322 ταῖς
1755 1258 1898 1329 ἡμέ-

284 1375 407 1430 ραις
442 1354 633 1426 Ἀχαζ
685 1352 782 1408 τοῦ
818 1351 1061 1423 Ἰωάθαμ
1104 1350 1200 1404 τοῦ
1249 1349 1367 1404 υἱοῦ
1404 1349 1581 1412 Ὀζίου
1634 1349 1901 1421 βασιλέως

292 1451 498 1513 Ἰούδα,
545 1448 720 1519 ἀνέϐη
761 1445 1047 1500 Ῥαασσὼν
1079 1443 1333 1516 βασιλεὺς
1369 1442 1570 1514 Ἀρὰμ,
1602 1443 1698 1496 καὶ
1722 1442 1900 1496 Φακεὲ

274 1544 397 1606 υἱὸς
434 1540 730 1613 Ῥομελίου
750 1537 1004 1609 βασιλεὺς
1035 1534 1252 1607 Ἰσραὴλ
1283 1534 1377 1588 ἐπὶ
1411 1534 1769 1607 Ἰερουσαλὴμ
1800 1553 1903 1589 πο-

270 1637 534 1708 λεμῆσαι
591 1633 784 1705 αὐτὴν,
845 1632 940 1684 καὶ
996 1631 1097 1685 οὐκ
1148 1628 1492 1702 ἠδυνήθησαν
1542 1628 1901 1701 πολιορκῆσαι

272 1732 488 1801 αὑτήν.
522 1728 637 1782 Καὶ
669 1725 952 1797 ἀνηγγέλη
988 1724 1070 1789 εἰς
1101 1722 1193 1778 τὸν
1239 1718 1389 1776 οἷκον
1422 1722 1587 1777 Δαϐὶδ
1621 1722 1898 1792 λέγοντεςο

2000 529 2119 569 ram
2145 516 2398 571 vastavit.
2432 513 2573 569 Vera
2611 524 2793 570 autem
2842 529 2965 570 esse
3005 516 3073 569 de
3100 514 3207 569 illis
3241 515 3354 570 haec
3399 517 3589 582 verba,

2001 604 2351 662 conﬁrmabit
2379 606 2609 675 ipsemet
2634 611 2896 677 propheta
2945 606 3110 663 Isaias
3137 608 3205 673 ³³,
3249 624 3375 664 cum
3416 609 3588 665 dicit:

2002 699 2070 755 Et
2089 698 2293 755 factum
2324 709 2412 755 est
2435 700 2626 756 diebus
2649 701 2833 757 Acbaz
2860 699 3114 767 Joathan,
3149 702 3243 756 lilii
3269 698 3412 758 Osiae
3450 703 3596 772 regis

1999 791 2158 859 Juda,
2196 792 2449 850 ascendit
2480 793 2723 849 Raasson
2765 809 2861 849 rex
2895 796 3079 860 Aram,
3124 806 3178 851 et
3207 795 3423 851 Phacec
3453 796 3598 851 ﬁlius

2001 883 2262 941 Romelia:
2295 900 2389 940 rex
2422 885 2589 941 Israel
2619 898 2813 942 contra
2840 885 3139 942 Jerusalem
3166 898 3224 942 ut
3255 897 3598 961 oppugnaret

2002 989 2122 1033 eam
2150 996 2165 1033 :
2195 988 2249 1036 et
2274 994 2382 1035 non
2407 989 2698 1050 potuerunt
2719 979 2972 1036 obsidere
2998 995 3139 1035 eam.
3180 980 3247 1035 Et
3289 983 3595 1035 nuntiatum

2003 1080 2089 1127 est
2120 1072 2304 1128 domui
2349 1072 2521 1128 David
2564 1088 2596 1128 a
2633 1072 2941 1129 dicentibus
2994 1072 3390 1143 :Conspiravit
3434 1076 3597 1128 Aram

2004 1177 2198 1222 contra
2229 1166 2517 1237 Ephraim,
2536 1167 2589 1222 id
2615 1173 2723 1232 est,
2755 1166 2926 1237 Syrus
2950 1174 3138 1221 contra
3164 1166 3326 1237 263
3356 1164 3600 1221 Samari-

2007 1266 2183 1314 tanos.
2215 1259 2381 1312 Aram
2416 1259 2616 1329 quippe
2640 1261 3038 1327 interpretatur
3062 1256 3235 1328 Syrus
3270 1275 3286 1312 :
3341 1257 3598 1327 Ephraiin

2006 1360 2186 1404 autem
2230 1350 2377 1405 velut
2412 1365 2441 1404 a
2499 1349 2643 1405 tribu
2702 1350 2986 1420 Ephraim,
3050 1363 3271 1403 omnem
3344 1349 3601 1405 Israelem

2006 1442 2099 1512 qui
2173 1443 2226 1497 in
2288 1441 2543 1498 Samaria
2616 1441 2884 1498 habitavit
2940 1442 3207 1513 designat.
3255 1440 3399 1508 Quia
3454 1440 3601 1495 enim

2007 1550 2073 1591 ex
2125 1536 2271 1592 tribu
2329 1536 2589 1608 Ephraim
2668 1536 2958 1591 exstiterat
3024 1534 3340 1600 Jeroboatn,
3394 1534 3606 1605 primus

2007 1644 2197 1687 eorum
2230 1644 2345 1696 rex,
2372 1640 2426 1685 et
2456 1629 2759 1685 secundum
2801 1630 2954 1685 illum
2983 1629 3038 1685 hi
3064 1629 3160 1700 qui
3192 1630 3608 1698 subsequuntur

2008 1723 2220 1788 ordine,
2289 1734 2545 1793 tanquam
2609 1737 2677 1777 ex
2731 1723 2881 1793 regia
2942 1722 3109 1790 tribu,
3165 1722 3310 1777 tribu
3379 1721 3604 1792 inquam

273 1823 694 1896 Συνεφώνησεν
735 1820 916 1893 ’Δρὰμ
954 1820 1094 1891 πρὸς
1127 1818 1219 1872 τὸν
1260 1816 1529 1891 Ἐφραίμ,
1560 1816 1705 1871 τοῦτ’
1736 1817 1907 1883 ἐστιν,

2018 1817 2296 1887 Ephraim,
2336 1817 2629 1872 universus
2708 1816 2877 1873 Israel
2921 1816 3014 1887 qui
3061 1817 3116 1870 in
3179 1815 3427 1871 Samaria
3479 1815 3607 1881 fuit,

272 1919 305 1970 ὁ
349 1916 536 1988 Σύρος
596 1913 735 1987 πρὸς
789 1912 916 1975 τοὺς
970 1913 1029 1965 ἐν
1074 1913 1142 1982 τῇ
1195 1909 1506 1982 Σαμαρείᾳ.
1559 1909 1617 1963 Ὀ
1662 1909 1762 1981 μὲν
1797 1909 1907 1982 γὰρ

288 2006 490 2079 Ἀρὰμ
532 1999 958 2074 διερμηνεύεται
1002 1998 1206 2069 Σύρος·
1235 2000 1263 2051 ὁ
1295 1999 1353 2052 δὲ
1389 1996 1634 2071 Ἐφραῒμ
1691 1997 1769 2062 ὡς
1799 1999 1910 2053 ἀπὸ

281 2100 475 2170 φυλῆς
516 2093 783 2167 Ἐφραῒμ,
837 2092 1055 2148 ἅπαντα
1083 2093 1174 2146 τὸν
1210 2092 1430 2164 Ἰσραὴλ
1470 2093 1565 2146 τὸν
1594 2094 1654 2147 ἐν
1696 2096 1764 2164 τῇ
1805 2093 1911 2146 Σα-

282 2192 510 2265 μαρείᾳ
560 2187 932 2260 κατῳκηκότα
983 2185 1156 2257 δηλοῖ.
1199 2187 1419 2256 Ἐπειδὴ
1472 2187 1582 2259 γὰρ
1629 2189 1696 2240 ἐκ
1734 2186 1910 2259 φυλῆς

294 2282 554 2355 Ἐφραῖμ
590 2281 819 2351 γέγονεν
859 2277 1145 2351 Ἰεροϐοάμ
1184 2282 1212 2334 ὀ
1248 2280 1466 2352 πρῶτος
1511 2280 1696 2335 αὐτῶν
1744 2280 1908 2352 βεϐα-

292 2374 567 2439 σιλευκὼς
589 2415 606 2439 ,
651 2374 746 2427 καί
790 2371 907 2442 μετ’
938 2373 1145 2425 ἐκεῖνον
1185 2372 1235 2425 oi
1269 2371 1393 2426 καθ’
1420 2370 1565 2443 ἐξῆς,
1599 2373 1677 2437 ὼς
1711 2375 1777 2429 ἐκ
1806 2373 1909 2446 τῆς

301 2458 704 2540 βασιλευούσης
754 2465 962 2538 φυλῆς.
1007 2464 1153 2536 φημὶ
1191 2465 1256 2537 δὴ
1294 2469 1394 2537 τῆς
1425 2464 1521 2519 τοῦ
1566 2465 1837 2539 Ἐφραῗμν
1879 2470 1909 2523 ὁ

298 2562 524 2635 σύμπας
562 2560 787 2633 Ἰσραὴλ
828 2561 856 2613 ὁ
895 2562 952 2613 ἐν
982 2561 1048 2632 τῇ
1092 2558 1378 2631 Σαμαρείᾳ
1414 2559 1758 2629 σημαίνεται.
1801 2560 1908 2614 Εὑ-

295 2657 545 2726 ρήσομεν
594 2653 654 2706 δὲ
687 2651 785 2706 καὶ
821 2651 881 2704 ἐν
922 2653 987 2723 τῇ
1022 2651 1262 2722 τετάρτῃ
1297 2649 1410 2703 τῶν
1456 2651 1772 2721 Βασιλειῶν,
1824 2654 1907 2708 ὅτι

2007 1909 2369 1981 signiﬁcatur.
2457 1908 2804 1966 Inveniemus
2877 1919 3058 1965 autem
3114 1908 3167 1964 in
3218 1910 3358 1965 libro
3410 1918 3609 1980 quarto

2008 2003 2340 2075 Regnorum,
2363 2002 2574 2060 Phacee
2607 2003 2659 2059 in
2695 2004 2942 2059 Samaria
2973 2012 3256 2074 regnante,
3281 2003 3608 2057 adversatos

2010 2096 2179 2153 fuisse
2218 2097 2482 2154 Israelitis
2510 2096 2781 2169 Assyrios,
2805 2105 2861 2151 et
2898 2095 3144 2151 Raasson
3195 2095 3287 2163 qui
3352 2093 3607 2149 Damasci

2008 2205 2237 2261 regnum
2267 2191 2686 2247 administravit.
2725 2190 2854 2247 Post
2884 2190 3115 2260 pecunia
3167 2189 3459 2259 persuadet
3526 2197 3615 2259 ty-

2011 2297 2186 2338 ranno
2211 2283 2565 2354 Assyriorum
2610 2281 2822 2346 Achaz,
2884 2291 3185 2350 evocatque
3215 2291 3273 2336 ut
3338 2280 3614 2336 curriculo

2012 2376 2192 2431 veniat
2227 2376 2439 2446 ipsique
2465 2385 2778 2442 succurrat,
2815 2379 3244 2445 Damascumque
3296 2373 3612 2446 propulset:

2010 2469 2156 2538 quod
2211 2470 2378 2524 etiam
2427 2469 2546 2524 ﬁeri
2603 2469 2853 2541 contigit.
2920 2468 3206 2537 Quomodo
3261 2469 3447 2538 itaque
3499 2467 3619 2522 hare

2008 2562 2424 2619 bellicosissima
2448 2570 2503 2618 et
2525 2563 2904 2629 potentissima
2935 2571 2990 2617 et
3017 2562 3259 2618 insolens
3289 2562 3461 2617 deleta
3494 2571 3614 2626 est,

2010 2670 2201 2711 rursus
2229 2657 2379 2712 hisce
2412 2657 2594 2712 verbis
2619 2655 2922 2726 proclamat
2965 2655 3253 2726 propheta,
3285 2663 3338 2710 et
3387 2655 3563 2724 inquit
3600 2668 3617 2708 :

289 2748 689 2822 βασιλεύοντος
717 2749 775 2800 ἐν
815 2749 884 2819 τῇ
921 2746 1210 2819 Σαμαρείᾳ
1271 2746 1467 2813 Φακεέ,
1494 2749 1924 2823 ,κατεπεφύοντο
1960 2751 2073 2805 τῶν
2110 2752 2172 2818 ἐξ
2244 2753 2465 2826 Ἰσραὴλ
2496 2754 2568 2823 ,οί
2601 2753 2800 2826 Σύροι,
2843 2752 2940 2807 καὶ
2984 2755 3013 2807 ό
3061 2751 3165 2824 τῆς
3195 2750 3493 2824 Δαμασκοῦ
3525 2749 3618 2822 βε-

291 2843 649 2908 ϐασιλευκὼς
683 2842 990 2898 Ῥαασσών.
1040 2839 1175 2897 Εἶτα
1208 2845 1458 2915 χρήμασι
1522 2845 1808 2901 ἀναπείθει
1855 2848 1948 2904 τὸν
2000 2850 2301 2923 Ἀσσυρίων
2362 2851 2630 2924 τύραννον
2655 2853 2684 2907 ό
2709 2850 2906 2923 Ἀχαζ,
2943 2850 3245 2925 παρεκάλει
3276 2849 3335 2905 δὲ
3359 2849 3621 2924 δρομαῖον

285 2942 481 3012 ῆκειν,
519 2941 617 2993 καὶ
653 2938 937 3010 ἐπαμῦναι
984 2940 1084 3010 μὲν
1126 2940 1297 3011 αὐτῷ,
1346 2941 1702 3014 καταδῃῶσαι
1741 2942 1799 2998 δὲ
1830 2945 1930 3018 τὴν
1964 2948 2291 3020 Δαμασκόνο
2321 2949 2350 3002 ὃ
2376 2949 2442 3021 δὴ
2492 2948 2586 3004 καὶ
2635 2947 2895 3018 γενέσθαι
2948 2947 3317 3021 συμϐέϐηκεν.
3345 2947 3482 3001 Τίνα
3512 2945 3625 3000 τοί-

287 3052 390 3089 νυν
439 3033 671 3088 διόλωλε
719 3033 922 3104 τρόπον
976 3035 1012 3104 η
1054 3032 1422 3106 μαχιμωτάτη
1472 3036 1568 3088 καὶ
1640 3036 1948 3109 πανσθενὴς
2006 3042 2101 3095 καὶ
2142 3040 2455 3114 ὑϐρίστρια,
2504 3044 2890 3115 προαναφωνεί
2936 3041 3103 3097 πάλιν
3137 3042 3272 3115 ἡμῖν
3309 3043 3368 3097 ἐν
3411 3041 3626 3107 τούτοις

286 3136 317 3188 ὁ
346 3130 680 3203 προφήτης,
716 3127 812 3183 καί
836 3144 1024 3200 φησιν·

379 3226 540 3285 Ἰδοὺ
587 3227 912 3297 Δαμασκὸς
964 3225 1293 3294 ἀρθήσεται
1344 3226 1465 3282 ἀπὸ
1515 3229 1776 3295 πόλεων,
1816 3229 1910 3284 καὶ

2091 3231 2257 3285 Vens.
2287 3230 2339 3295 I,
2372 3229 2428 3283 '2.
2459 3228 2596 3284 Ecce
2626 3227 2925 3283 Damascus
2959 3235 3175 3281 to..e.ur
3212 3243 3278 3281 ae
3299 3235 3621 3296 cwrlaItous,

288 3324 481 3379 ἔσται
508 3322 598 3388 εις
628 3318 886 3385 πτῶσιν,
911 3318 1430 3389 καταλελειμμένῃ
1461 3323 1552 3387 εἰς
1575 3321 1685 3375 τὸν
1709 3320 1910 3388 αἰῶνα,

2021 3334 2070 3378 ει
2096 3324 2191 3377 erit
2227 3325 2280 3377 in
2306 3324 2539 3389 ruinam,
2584 3322 2838 3376 derelicta
2863 3323 2917 3375 in
2952 3320 3227 3385 sarculum,
3254 3323 3310 3376 in
3328 3323 3497 3378 cubile
3511 3341 3627 3396 gre-

290 3420 391 3483 εες
453 3414 672 3481 κοίτην
732 3412 1031 3482 ποιμνίων
1077 3411 1181 3466 καὶ
1234 3410 1611 3479 ἀνάπαυσιν,
1659 3414 1761 3469 καὶ
1807 3417 1910 3470 οὐκ

2020 3432 2142 3487 gum
2170 3427 2218 3470 et
2259 3416 2562 3487 requietem,
2590 3422 2640 3469 et
2685 3431 2789 3468 non
2824 3415 2922 3468 erit
2943 3430 3287 3484 persequens.

291 3511 480 3566 ἔσται
526 3509 561 3561 ὁ
599 3503 855 3561 διώκων.
1450 3524 1455 3527 τ

379 3602 496 3671 Οὐχ
533 3597 731 3662 ἁπλῶς
760 3599 843 3662 είς
871 3599 1069 3669 πεῖραν
1094 3598 1374 3668 πολέμων,
1406 3599 1501 3652 καὶ
1527 3598 1636 3652 τῶν
1670 3598 1910 3656 ἐντεῦθεν

2094 3595 2210 3651 Non
2241 3595 2566 3666 simpliciter
2589 3596 2641 3651 in
2661 3595 2965 3665 pericmum
2987 3595 3252 3651 bellorum
3281 3596 3626 3655 etmalorum

310 3692 500 3747 κακῶν
527 3689 844 3763 ἀφήξεσθαί
886 3707 1053 3761 φησιν
1087 3692 1259 3764 αὐτήν
1279 3708 1293 3723 °
1330 3690 1565 3763 ἀρθῆναι
1596 3691 1654 3745 δέ
1695 3692 1910 3763 μᾶλλον1

2024 3687 2152 3744 hinc
2176 3687 2515 3743 nascentium
2539 3687 2891 3743 deventuratn
2919 3686 3047 3741 dicit
3073 3702 3216 3757 eam,
3251 3689 3347 3744 sed
3370 3690 3627 3746 auferen-

306 3787 457 3842 τοῦτ⁹
506 3786 693 3851 ἐστιν,
746 3785 920 3857 ἄρδην
975 3785 1313 3853 ἀπολέσθαι,
1376 3788 1471 3842 καὶ
1526 3787 1923 3843 ἀποπεσεωθαι

305 3880 597 3945 παντελῶς
652 3878 750 3933 τοῦ
793 3873 935 3933 εἶναι
967 3878 1065 3934 καὶ
1111 3878 1287 3933 πόλιν.
1316 3881 1513 3935 Ἔσται
1555 3881 1687 3952 γὰρ,
1733 3879 1922 3949 φησιν,

297 3976 387 4038 εἰς
420 3971 639 4026 πτῶσιν
666 3972 748 4036 είς
788 3970 880 4026 τὸν
923 3969 1098 4025 αἰῶνα
1148 3971 1621 4044 καταλελειμμένῃ
1645 3990 1658 4003 ·
1694 3970 1925 4025 καταλε-

296 4062 589 4135 λειμμένη
616 4063 673 4117 δὲ
711 4062 846 4133 πρὸς
878 4061 1063 4125 τίνων,
1104 4061 1139 4134 ἢ
1187 4060 1410 4127 πάντως
1442 4079 1546 4116 που
1590 4061 1699 4115 τῶν
1738 4079 1925 4117 κατοι-

300 4158 561 4213 κούντων
609 4155 805 4228 αὐτὴν,
844 4155 944 4225 οὐχ
971 4154 1048 4220 ὡς
1083 4156 1178 4209 ἐπὶ
1214 4155 1641 4227 μετῳκηκότων,
1686 4155 1802 4209 ἀλλ’
1845 4156 1924 4220 ὡς

299 4256 425 4316 τοῖς
469 4250 584 4304 τῶν
616 4248 893 4320 πολεμίων
922 4248 1100 4318 ξίφεσι
1142 4248 1622 4320 δεδαπανημένων.
1658 4248 1924 4302 Ἔσεσθαι

298 4346 362 4400 δὲ
392 4343 581 4413 λέγων
624 4341 795 4413 αὐτὴν
841 4344 924 4405 είς
972 4341 1161 4412 κοίτην
1210 4340 1501 4411 ποιμνίων,
1542 4340 1643 4413 τὴν
1687 4341 1923 4411 παντελῆ

300 4437 555 4505 δέδειχεν
584 4434 854 4506 ἐρημίαν·
894 4437 955 4487 οὗ
989 4432 1098 4505 γὰρ
1129 4431 1195 4488 ἂν
1233 4432 1615 4487 ἀνεπαύσαντο
1641 4422 1923 4505 ποιμένέςο

300 4531 409 4586 καὶ
446 4531 506 4583 ἐν
547 4530 688 4600 αὐτῇ
735 4526 1039 4581 κατέδυσαν
1096 4528 1152 4580 αι
1194 4526 1304 4581 τῶν
1332 4525 1666 4599 Θρεμμάτων
1699 4526 1922 4595 ἀγέλαι,

2026 3781 2148 3836 dam
2177 3780 2378 3851 potius,
2411 3779 2464 3834 id
2510 3789 2595 3834 est
2617 3780 2868 3848 stirpitus
2912 3778 3267 3849 perdendam,
3293 3781 3628 3852 omninoque

2025 3888 2292 3936 casuram,
2350 3881 2408 3927 ut
2437 3888 2543 3928 non
2592 3872 2664 3928 sit
2712 3871 2892 3927 futura
2947 3872 3149 3928 civitas
3178 3913 3193 3928 .
3235 3872 3354 3929 Erit
3397 3875 3541 3929 enim
3572 3876 3627 3930 in

2027 3964 2264 4043 minam,
2318 3965 2513 4037 tnqnit,
2556 3965 2609 4018 in
2662 3965 3085 4035 perpetuitatem
3154 3965 3362 4031 relicta,
3428 3967 3628 4022 dereli-

2027 4066 2223 4128 ctaque
2254 4060 2321 4113 ab
2352 4058 2576 4131 aliquot,
2602 4059 2686 4114 vel
2724 4059 2774 4113 in
2805 4068 2975 4114 totum
3004 4060 3072 4113 ab
3104 4059 3190 4115 his
3215 4060 3305 4130 qui
3329 4076 3448 4115 eam
3479 4061 3630 4117 inro-

2026 4154 2184 4206 lunt.
2239 4166 2345 4205 non
2379 4152 2523 4223 quod
2564 4151 2630 4206 ad
2694 4153 2862 4206 alium
2912 4166 3192 4207 recessum
3240 4164 3630 4224 receptumque

2027 4243 2410 4315 commigrent,
2470 4245 2567 4300 sed
2620 4243 2862 4298 hostium
2906 4243 3103 4313 gladiis
3163 4242 3398 4299 confecti
3430 4248 3537 4300 sint
3573 4253 3628 4301 et

2029 4337 2320 4408 absumpti.
2382 4336 2518 4391 Cum
2576 4336 2728 4403 dicit,
2775 4335 2894 4390 fore
2927 4351 3046 4389 eam
3083 4337 3134 4390 in
3170 4336 3346 4391 cubile
3373 4353 3625 4407 gregum,

2028 4430 2396 4485 omnimodam
2442 4429 2682 4483 ostendit
2724 4427 3141 4501 desolationem,
3177 4428 3292 4483 Non
3321 4430 3629 4499 requiesce-

2030 4530 2147 4576 rent
2176 4532 2444 4592 pastores,
2476 4536 2582 4575 non
2630 4520 2684 4575 in
2718 4536 2781 4577 ea
2820 4536 3078 4592 pecorum
3136 4535 3327 4592 greges
3386 4521 3631 4576 stabula-

302 4626 480 4693 εἴπερ
510 4621 657 4684 τινὲς
686 4615 827 4691 ἦσαν
858 4619 918 4672 ἐν
936 4621 1049 4683 τοῖς
1076 4619 1248 4683 οἴκοις
1288 4619 1478 4690 αὐτῆς.
1505 4618 1691 4692 Ταύτῃ
1719 4637 1800 4672 τοι
1830 4620 1910 4673 κα¹

2032 4626 2173 4680 rent,
2230 4616 2272 4671 si
2305 4617 2395 4685 qui
2431 4625 2613 4671 essent
2650 4615 2703 4670 in
2751 4614 2868 4683 ejus
2897 4615 3168 4672 domibus.
3221 4615 3372 4672 lIanc
3401 4617 3470 4672 ob
3515 4630 3628 4672 rem

306 4714 529 4787 σφόδρα
562 4712 793 4775 εἰκότως
826 4711 1176 4784 προσεπάγει
1229 4710 1438 4780 λέγων’
1475 4710 1586 4765 Καὶ
1623 4712 1725 4764 οὐκ
1772 4710 1927 4763 ἔσται

305 4812 335 4863 ὁ
373 4806 624 4862 διώκων.
656 4804 845 4868 Οὐδεὶς
874 4802 985 4875 γὰρ
1017 4806 1131 4868 τοῖς
1162 4802 1416 4875 ποιμέσιν
1444 4803 1784 4875 ἐπιτιμήσει,
1819 4820 1926 4875 φη-

311 4902 420 4965 σὶν,
451 4901 539 4954 ὅτι
571 4898 862 4971 κατάλυμα
893 4896 1218 4970 πεποίηνται
1248 4897 1350 4969 τὴν
1371 4894 1515 4952 οὕτω
1539 4895 1800 4969 λαμπρὰν
1826 4897 1923 4951 καὶ

315 4995 570 5064 ἀοίδιμον
600 4992 778 5047 πόλιν.

391 5082 511 5138 Kal
574 5083 689 5135 οὐκ
735 5080 824 5135 ἔτι
879 5079 1055 5136 ἔσται
1120 5078 1311 5149 ὀχυρὰ
1369 5079 1477 5134 τοῦ
1547 5080 1920 5150 καταφυγεῖν

322 5173 604 5245 Ἑςρριιῒμ,
628 5172 727 5227 καὶ
758 5171 963 5227 οὐκέτι
986 5172 1161 5228 ἔσται
1185 5172 1478 5237 ,Βασιλεία
1504 5172 1575 5227 ἐν
1593 5170 1917 5244 Δαμασκῷ,

304 5266 414 5322 καὶ
454 5264 524 5321 τὸ
561 5267 786 5320 λοιπὸν
819 5265 941 5320 τῶν
983 5265 1212 5333 Σύρων.
1260 5266 1344 5318 Οὐ
1390 5262 1501 5335 γὰρ
1532 5263 1615 5318 σὺ
1656 5265 1925 5329 βελτίων

306 5356 374 5414 εἴ
398 5357 524 5413 τῶν
551 5357 704 5413 υἱῶν
740 5356 1005 5426 Ἰσραὴλ,
1038 5355 1137 5411 καὶ
1165 5354 1276 5426 τῆς
1305 5354 1494 5425 δόξης
1524 5356 1747 5412 αὐτῶν.

401 5451 584 5523 ’Υπὲρ
617 5451 720 5523 τῆς
743 5450 854 5504 τῶν
896 5449 1277 5522 προκειμένων
1303 5448 1571 5520 ἀκριϐοῦς
1600 5450 1923 5523 σαφηνείας.

2026 4717 2081 4766 et
2106 4708 2456 4764 meritissime
2481 4707 2728 4779 protulit,
2767 4708 2993 4765 dicens:
3042 4706 3110 4762 Et
3162 4724 3268 4764 non
3302 4709 3409 4764 erit
3442 4724 3631 4778 perse-

2024 4816 2218 4871 quens.
2240 4800 2413 4856 Nemo
2430 4802 2596 4866 enim,
2636 4800 2834 4871 inquit,
2862 4800 3165 4869 increpabit
3190 4812 3462 4871 pastores,
3486 4802 3632 4872 quod

2023 4896 2299 4950 civitatem
2333 4904 2442 4950 tam
2472 4895 2737 4950 illustrem
2770 4906 2826 4951 et
2849 4895 3196 4951 decantatam
3246 4894 3521 4950 stabulum
3551 4892 3634 4950 ef-

2025 4988 2272 5044 fecerint.

2103 5079 2265 5135 Vsns.
2295 5080 2350 5137 ὅ.
2386 5078 2454 5134 Et
2493 5098 2597 5136 non
2622 5080 2851 5149 amplius
2892 5081 2991 5135 erit
3022 5081 3247 5146 munita,
3276 5088 3331 5133 ut
3356 5078 3640 5150 confugiat

2028 5163 2156 5228 illuc
2181 5171 2458 5243 Ephraim.
2512 5171 2579 5225 Et
2621 5187 2727 5225 non
2758 5172 2989 5240 amplius
3037 5171 3137 5226 erit
3184 5186 3404 5241 regnum
3428 5171 3482 5224 in
3521 5169 3632 5224 Da-

2022 5282 2221 5331 masco,
2251 5276 2298 5321 et
2332 5260 2591 5336 reliquum
2626 5262 2907 5335 Syrorum.
2934 5263 3058 5319 Non
3093 5265 3232 5318 enim
3257 5275 3315 5317 ιιι
3340 5262 3530 5317 melior
3566 5278 3629 5316 es

2022 5359 2148 5430 ﬁliis
2185 5358 2375 5428 Israel,
2408 5369 2455 5413 et
2475 5359 2647 5430 gloria
2685 5373 2886 5413 eorum.

2094 5450 2202 5509 Pro
2254 5459 2447 5507 exacta
2502 5450 2869 5506 declaratione
2922 5462 3111 5505 eorum
3166 5461 3287 5518 quae
3344 5443 3622 5515 proposita

305 5551 581 5621 οἰήσομαι
611 5545 724 5601 δεῖν
751 5546 1065 5617 ὑπομνῆσαι
1108 5543 1271 5599 πάλιν
1305 5543 1548 5615 ἱστορίας
1574 5546 1838 5618 κειμένης
1868 5546 1910 5599 ἐι

2025 5555 2176 5612 Sunt,
2225 5548 2419 5600 rursus
2443 5543 2702 5600 existimo
2738 5539 3272 5600 commemorandam
3309 5549 3433 5591 esse
3457 5534 3637 5588 histo-

312 5639 556 5716 βιϐλίοις
594 5637 914 5693 Βασιλειῶν.
954 5635 1344 5703 Βασιλεύοντος
1368 5638 1479 5709 γὰρ
1508 5636 1603 5693 τοῦ
1630 5638 1809 5712 Ἀχαζ
1835 5638 1910 5693 ἐπ¹

2029 5639 2168 5695 riam
2220 5638 2456 5710 positam
2511 5639 2566 5694 in
2592 5637 2734 5696 libro
2784 5635 3121 5706 Regnorum.
3164 5630 3451 5702 Regnante
3476 5630 3630 5684 enim

393 5800 441 5833 ³’
474 5800 581 5856 Isa.
619 5809 715 5866 νη,
748 5813 773 5851 ι
807 5812 925 5867 sqq.
