4060 6506
428 340 533 397 £9.35

1413 330 1473 386 S.
1513 327 1796 386 CYIiILLl
1836 323 2310 382 ALEXANDRINI
2350 325 2673 383 ARCIiIEI‘.

3591 325 3699 382 424

427 455 638 510 Achaso
691 466 852 520 super
897 450 1088 506 Judam
1137 447 1553 520 Hierosolymis,
1596 448 1808 503 Phacee
1860 445 2004 500 [Ilius

2129 446 2199 497 ςὸν
2239 444 2440 500 Ἰούδαν
2472 447 2529 499 ἐν
2560 447 2671 510 τοῖς
2709 442 3120 516 Ἰεροσολύμοις,
3150 441 3325 497 Φακεέ
3358 442 3471 506 υίὸς
3509 440 3702 514 Ῥομε-

426 544 900 617 κοιιιθιίωλξθῆ,
955 542 1206 612 regnans
1248 543 1302 596 in
1343 540 1593 596 Samaria
1625 556 1794 611 super
1823 540 2010 593 decem

428 638 622 703 tribus,
647 636 967 707 oppugnavit
991 632 1389 705 Hierosolyma.
1414 633 1484 687 At
1509 648 1631 688 cum
1652 641 1930 687 vereretur
1947 643 2016 683 ne

429 742 535 781 non
567 728 699 780 satis
733 735 924 794 potens
951 732 1100 778 esset
1140 724 1205 776 ad
1239 724 1584 791 capiendum,
1623 735 1896 776 armorum
1927 735 2018 774 so-

426 820 569 872 cium
595 827 647 870 et
671 815 1094 870 commilitonem
1116 814 1243 868 fecit
1275 812 1518 868 Raasson
1538 827 1718 884 regem
1751 809 2013 882 Syrorum

428 922 481 963 et
506 907 772 963 Damasci.
805 906 897 962 Sic
914 918 1090 961 autem
1122 907 1199 960 ait
1226 888 1414 960 beatus
1447 906 1707 974 propheta
1732 903 1897 959 Isaias
1914 903 1961 935 “
1996 921 2012 958 :

430 1003 494 1058 Et
520 1002 720 1057 factum
742 1010 847 1065 est,
868 1000 1061 1055 diebus
1091 998 1296 1065 Aehaz,
1326 997 1418 1051 lilii
1444 996 1715 1060 Joatbam,
1753 996 1847 1050 lilii
1870 996 2017 1052 Ozias

2116 537 2231 591 λίου
2279 536 2576 607 βασιλεύων
2618 532 2677 590 ἐν
2732 539 2798 608 τῇ
2848 536 3129 607 Σαμαρείᾳ
3168 534 3300 588 δέκα
3339 534 3521 603 φυλῶν
3574 553 3709 588 κατ-

2117 629 2476 703 εστρατεύετο
2505 628 2612 682 τῶν
2647 628 3052 701 Ἰεροσολύμων.
3090 626 3304 698 Ἐπειδὴ
3330 626 3387 680 δὲ
3412 625 3598 680 ἐδεδίει
3630 628 3706 696 μὴ

2117 725 2226 795 ἄρα
2276 740 2392 786 πως
2441 722 2677 793 άτονήσῃ
2732 719 2870 790 πρὸς
2918 720 2980 773 τὸ
3033 719 3173 772 ἑλεῖν
3221 717 3410 791 αὐτὴν,
3444 718 3707 771 σύνοπλον

2116 817 2352 868 ἐποιεῖτο
2385 814 2475 868 τὸν
2510 811 2792 867 Ῥαασσὼν
2842 812 2934 866 τὸν
2979 811 3202 883 βασιλέα
3237 811 3424 885 Σύρων
3475 813 3570 866 καὶ
3605 813 3708 884 τῆς

2116 905 2431 977 Δαμασκοῦ.
2464 905 2608 976 Ἔφη
2650 904 2708 958 δέ
2749 903 2925 968 οὕτως
2979 904 3139 968 αὐτὸς
3186 906 3214 957 ὁ
3264 904 3533 974 μακάριος
3570 920 3705 975 προ-

2118 1002 2291 1072 φήτης
2326 997 2585 1060 Ἡσαΐας·
2628 999 2740 1051 Καὶ
2782 998 2999 1065 ἐγένετο
3031 1000 3089 1050 ἐν
3115 1000 3234 1061 ταῖς
3268 996 3504 1068 ἡμέραις
3531 996 3714 1066 Ἀχαζ

432 1097 575 1166 regis
605 1093 765 1158 Juda,
804 1091 1050 1146 ascendit
1092 1090 1340 1144 Raasson
1388 1104 1479 1144 rex
1511 1092 1675 1144 Aram
1706 1090 2017 1159 (exponitur

2129 1090 2211 1143 τοῦ
2252 1090 2490 1161 Ἰωάθαμ
2518 1089 2614 1143 τοῦ
2643 1088 2760 1143 υἱοῦ
2799 1087 2975 1153 Ὀξίου
3007 1086 3274 1157 βασιλέως
3308 1085 3502 1149 Ἰούδα,
3534 1086 3709 1155 άνὲϐη

430 1204 578 1251 vero,
594 1187 854 1258 Syrorum
884 1200 977 1239 seu
1018 1183 1189 1255 Syrize
1210 1183 1333 1253 :)et
1358 1182 1566 1237 Phacee
1596 1182 1736 1237 Illius
1759 1180 2017 1236 Romeiiaa

2131 1181 2411 1236 Ῥαασσὼν
2463 1181 2713 1252 βασιλεὺς
2751 1179 2955 1251 Ἀρὰμ,
3021 1175 3467 1249 (διερμηνεύεται
3500 1177 3557 1231 δὲ
3609 1179 3707 1231 Σύ·

430 1293 522 1333 rex
557 1276 720 1332 Israel
752 1278 805 1331 in
839 1273 1164 1339 Jerusalem,
1195 1283 1253 1326 ut
1282 1283 1737 1343 pugnaretcontra
1769 1285 1917 1325 eam.
1955 1269 2018 1324 Et

2129 1291 2250 1345 ρων,
2295 1273 2412 1343 ἦτοι
2446 1271 2645 1343 Συρίας
2667 1271 2705 1343 ⁸)
2742 1272 2837 1325 καὶ
2885 1269 3060 1324 Φακεέ
3092 1268 3207 1332 υίὸς
3247 1268 3529 1338 Ῥομελίου
3555 1268 3710 1339 βασι-

426 1372 733 1423 nuntiatum
762 1377 846 1423 est
870 1368 1052 1422 domui
1080 1364 1249 1419 David
1277 1380 1306 1417 a
1334 1366 1642 1421 dicentibus
1670 1382 1684 1418 :
1709 1361 2008 1419 Consensit

2129 1367 2246 1429 λεὺς
2288 1363 2503 1435 Ἰσραὴλ
2538 1366 2618 1426 είς
2655 1359 3003 1435 Ἰερουσαλὴμ⁴
3035 1359 3339 1431 πολεμῆσαι
3375 1359 3568 1431 αὐτήν.
3600 1359 3711 1413 Καὶ

428 1465 593 1517 Aram
630 1464 891 1516 adversus
948 1459 1236 1528 Ephraiin,
1288 1457 1339 1511 id
1393 1467 1495 1521 est,
1528 1456 1698 1526 Syrus
1752 1456 2014 1509 adversus

2129 1459 2394 1529 ἀνηγγέλη
2418 1460 2498 1521 εἰς
2522 1457 2612 1510 τὸν
2635 1451 2781 1510 οἷκον
2806 1454 2991 1521 Δαϐὶδ,
3022 1455 3270 1523 λέγοντες
3286 1469 3299 1481 ⁸
3322 1452 3711 1525 Συνεφώνησεν

429 1568 551 1605 enm
590 1553 680 1623 qui
707 1568 770 1607 ex
802 1554 943 1606 tribu
976 1553 1228 1622 Ephraim
1262 1565 1487 1621 regnum
1521 1548 1692 1603 tenuit
1721 1546 2013 1603 Samaria.

430 1645 496 1699 Et
552 1646 831 1715 obstupuit
875 1644 1055 1699 anima
1104 1645 1240 1714 ejus,
1295 1653 1350 1698 et
1408 1641 1589 1695 anima
1644 1639 1825 1710 populi
1877 1639 2020 1710 ejus,

2129 1642 2212 1699 τὸν
2248 1643 2313 1695 ἐκ
2360 1641 2533 1712 φυλῆς
2573 1639 2814 1711 Ἐερραῒμ
2866 1637 3219 1709 βασιλεύοντα
3268 1637 3380 1692 τῶν
3427 1638 3485 1691 ἐν
3518 1639 3701 1708 Σαμα-

429 1736 876 1805 quemadmodum
937 1737 991 1791 in
1045 1737 1182 1790 silva
1230 1737 1433 1804 lignum
1476 1749 1504 1786 a
1555 1741 1717 1785 vento
1755 1731 2020 1801 iactatum

2130 1734 2272 1807 ρείᾳ.
2324 1733 2435 1787 Καὶ
2475 1732 2728 1804 ἐξέστηὴ
2773 1730 2921 1803 ψυχὴ
2971 1730 3157 1796 αὑτοῦ,
3206 1731 3368 1803 καὶὴ
3413 1731 3563 1802 ψυχὴ
3611 1729 3706 1784 τοῦ

429 1828 615 1898 Itaque
642 1825 916 1896 Ephraim,
954 1826 1142 1882 relicto
1165 1828 1543 1880 universorum
1565 1821 1860 1877 Servatore
1888 1820 2022 1889 Deo,

2129 1825 2257 1881 λαοῦ
2310 1824 2498 1890 αὑτοῦ,
2535 1825 2594 1877 ὃν
2649 1825 2850 1897 τρόπον
2891 1825 3020 1878 ὅταν
3070 1826 3129 1878 ἐν
3182 1823 3373 1895 δρυμῷ
3422 1823 3574 1889 ξύλον
3606 1822 3717 1877 ὑπὸ

428 1920 654 1987 ejusque
699 1932 859 1971 manu
911 1929 1075 1987 atque
1126 1918 1331 1973 auxilio
1373 1917 1732 1988 parvipenso,
1779 1915 2024 1970 Damasci

2130 1917 2440 1989 πνεύματος
2473 1916 2724 1988 σαλευθῇ.
2750 1917 2959 1971 Οὐκοῦν
2990 1919 3019 1970 ό
3053 1915 3292 1988 Ἐφραίμ
3322 1915 3413 1971 τὸν
3443 1917 3548 1970 τῶν
3570 1916 3716 1970 ὅλων

2134 1549 2313 1621 Ἀρὰμ
2346 1549 2482 1619 πρὸς
2508 1547 2598 1602 τδν
2630 1546 2890 1619 Ἐφραῒμ,
2923 1545 3071 1599 τοῦτ’
3100 1544 3269 1611 ἐστιν,
3302 1547 3331 1598 ό
3366 1544 3537 1614 Σύρος
3572 1544 3706 1616 πρὸς
3794 1612 3801 1617 ,

431 2014 801 2080 Syrorumque
828 2012 1120 2080 praesidem
1163 2010 1463 2080 adiutorem
1498 2009 1691 2065 ascivit
1733 2027 1746 2063 :
1800 2021 2028 2076 eamque

430 2104 500 2159 ob
528 2118 773 2168 causam,
825 2118 926 2158 nec
977 2103 1251 2158 iunnerito
1303 2100 1530 2157 oﬂendit
1589 2103 1777 2157 Deum.
1827 2101 2028 2156 Dama-

435 2209 562 2249 scus
631 2196 836 2264 itaque,
891 2195 1089 2264 inquit,
1146 2203 1381 2259 vastata,
1436 2203 1492 2250 et
1531 2193 1587 2247 in
1636 2191 2026 2248 desolationem

434 2287 674 2352 iedicta,
703 2286 1032 2356 bellicasque
1079 2284 1421 2340 calamitates
1471 2284 1716 2348 subiens,
1785 2298 1890 2337 non
1921 2282 2028 2337 erit

432 2377 666 2445 amplius
721 2374 947 2430 munitio
983 2375 1338 2445 utconl‘ngiat
1377 2374 1654 2445 Ephraim,
1677 2374 1770 2430 sed
1805 2389 1901 2428 nec
1926 2373 2030 2428 erit

436 2468 490 2521 in
516 2483 578 2521 ea
627 2482 872 2537 regnum.
927 2465 1246 2535 Quanquam
1289 2465 1488 2520 dixerit
1516 2467 1783 2537 quispiam
1805 2505 1821 2529 ,
1852 2463 2028 2519 Etiam

435 2567 557 2626 post
587 2557 861 2612 excidium
899 2557 1103 2613 inventi
1149 2566 1278 2612 sunt
1300 2559 1517 2627 quidam
1565 2572 1724 2626 reges
1756 2556 2025 2612 Damasci.

434 2646 677 2705 lleminit
722 2650 946 2721 proinde
974 2659 1029 2704 et
1057 2648 1259 2705 Paulus
1289 2649 1575 2721 inquiens:
1620 2667 1639 2702 ι
1668 2649 1724 2703 ιιι
1766 2649 2029 2705 Damasco

439 2741 724 2811 praefectus
751 2742 951 2813 gemis,
985 2744 1154 2798 Areta
1204 2757 1353 2811 rege,
1391 2740 1638 2812 qumsivit
1675 2752 1735 2795 ιιι
1775 2756 1860 2795 me
1882 2756 2032 2796 com-

435 2834 797 2903 prehenderet
812 2834 914 2888 ".i
955 2833 1145 2904 Itaque
1185 2848 1367 2888 sermo
1396 2832 1749 2903 propheticus
1777 2846 2027 2903 magnam

435 2926 734 2992 emphasim
811 2927 995 2981 habet.
1058 2925 1173 2980 Non
1208 2927 1353 2981 enim
1416 2925 1648 2995 amplius
1687 2924 1801 2979 fore
1837 2926 1914 2979 ait
1942 2940 2032 2979 re-

436 3036 605 3090 gnum
638 3030 831 3088 potens
862 3020 914 3074 in
974 3019 1239 3074 Damasco
1293 3028 1349 3074 et
1385 3019 1617 3083 illustre,
1652 3017 1869 3072 etiamsi
1908 3031 2030 3087 pos-

2136 2011 2367 2081 Σωτῆρα
2394 2010 2525 2062 Θεὸν
2565 2007 2992 2072 καταλελοιπὼς,
3044 2011 3201 2079 χεῖρα
3250 2007 3345 2060 καὶ
3392 2007 3718 2078 ἐπικουρίαν

2128 2101 2309 2170 ὀλίγου
2351 2099 2634 2162 παντελῶς
2669 2097 2910 2165 ἀξιώσας
2953 2097 3136 2166 λόγου,
3167 2095 3258 2149 τὸν
3294 2092 3589 2164 Δαμασκοῦ
3619 2095 3719 2147 καὶ

2130 2194 2317 2266 Σύρων
2358 2191 2661 2265 ἡγούμενον
2708 2189 3061 2259 ὑπασπιστὴν
3104 2189 3363 2241 ἐποιεῖτο.
3395 2186 3615 2255 Ταύτης
3653 2203 3715 2238 τε

2129 2290 2293 2342 ἓνεκα
2320 2289 2421 2360 τῆς
2475 2284 2656 2349 αίτίας
2685 2283 2779 2338 καὶ
2831 2283 2975 2355 μάλα
3021 2281 3251 2344 εἰκότως
3299 2279 3716 2351 προσκέκρουκε

2128 2379 2208 2452 τῷ
2247 2379 2385 2451 Θεῷ.
2424 2379 2489 2432 Ἠ
2524 2377 2704 2431 τοίνυν
2742 2373 3061 2447 Δαμασκδς,
3100 2373 3255 2443 φησι,
3304 2369 3717 2443 καταδῃωθεῖσά

2129 2493 2189 2530 τε
2222 2474 2318 2528 καὶ
2350 2470 2715 2546 ἡρημωμένη,
2742 2470 2860 2545 ηκαὶ
2903 2468 3003 2531 τὰς
3035 2469 3102 2522 ἐκ
3143 2466 3236 2520 τοῦ
3289 2465 3531 2535 πολέμου
3577 2482 3717 2535 συμ-

2130 2568 2303 2641 φορὰς
2341 2564 2714 2634 ὑπομείνασα,
2756 2563 2940 2617 οὐκέτι
2976 2560 3132 2615 ἔσται
3176 2561 3350 2631 ὀχυρὰ
3394 2557 3490 2612 τοῦ
3542 2574 3715 2612 κατα-

2131 2662 2323 2731 φυγεῖν
2354 2657 2612 2729 Ἐφραῒμη
2663 2655 2801 2709 Ἀλλ’
2826 2654 2949 2709 ούδέ
2980 2653 3132 2707 ἔσται
3173 2654 3230 2705 ἐν
3260 2652 3396 2723 αύτῇ
3435 2649 3716 2722 βασιλεία·

2132 2752 2308 2807 καίτοι
2355 2753 2580 2823 φήσειεν
2613 2750 2679 2805 ἄν
2710 2766 2815 2812 τις,
2844 2747 2954 2801 Καὶ
2990 2746 3129 2817 μετὰ
3159 2743 3258 2816 τὴν
3303 2743 3573 2816 πόρθησιν
3616 2741 3721 2813 ηὖ-

2133 2843 2327 2918 ρηνταί
2352 2860 2495 2907 τινες
2538 2840 2913 2913 βασιλεύοντες
2936 2839 3036 2910 τῆς
3063 2836 3381 2909 Δαμασκοῦ.
3404 2835 3720 2907 Διαμέμνη-

2131 2951 2218 2989 ται
2253 2934 2384 3004 γοῦν
2416 2934 2509 2987 καὶ
2534 2934 2564 2986 ό
2595 2931 2805 2996 Παῦλος
2836 2931 3012 3000 λέγων
3034 2970 3049 2996 ,
3078 2931 3161 2984 ὅτι
3197 2947 3214 2980 ι
3256 2928 3344 2982 Ἐν
3381 2925 3664 2998 Δαμασκῷ
3689 2928 3719 2978 ό

2131 3026 2400 3100 ἐθνάρχης
2443 3024 2639 3098 Ἀρέτα
2665 3023 2760 3077 τοῦ
2789 3022 3055 3095 βασιλέως
3082 3022 3345 3092 ἐζήτησεν
3384 3018 3549 3072 αὐτὸν
3589 3018 3719 3070 πιά-

440 3124 522 3164 tea
555 3111 821 3180 Ioparchre
847 3110 1065 3174 fuerint,
1130 3126 1223 3165 seu
1264 3110 1442 3181 potius
1476 3110 1713 3179 przel'ecti
1756 3109 2020 3173 tribuum,

2134 3135 2244 3172 σαι.
2276 3138 2294 3170 ι
2345 3117 2553 3172 Ούκοῦν
2582 3118 2611 3171 ό
2659 3116 2815 3186 λόγος
2857 3117 2887 3168 ό
2924 3113 3264 3187 προφητικὺς
3319 3111 3558 3183 ἔμφασιν
3602 3110 3718 3180 ἔχει

437 3199 528 3267 qui
560 3208 739 3253 tamen
781 3199 894 3254 veri
932 3215 1078 3270 regni
1112 3200 1451 3269 splendorem
1501 3215 1604 3255 non
1644 3207 1774 3255 sunt
1826 3201 2026 3269 adepti.

439 3289 554 3347 Non
585 3292 766 3363 itaque
795 3291 919 3355 erit,
963 3291 1158 3362 inquit,
1195 3293 1247 3346 in
1275 3292 1538 3346 Damasco
1574 3307 1824 3362 regnum,
1867 3294 2030 3346 etiam

441 3385 712 3442 residuum
769 3384 1028 3456 Syrorum
1064 3387 1116 3440 in
1149 3399 1210 3439 ea
1259 3383 1652 3449 debilitabitur,
1696 3383 1748 3439 id
1772 3393 1877 3447 est,
1915 3384 2036 3438 uni-

440 3492 595 3533 versa
636 3493 769 3549 gens
806 3478 859 3532 in
897 3492 981 3532 ea.
1032 3475 1344 3545 Metropolis
1387 3476 1586 3531 etenim
1620 3477 1789 3546 Syria:
1834 3475 2032 3530 Dama-

441 3586 587 3625 scus.
631 3571 831 3626 Deinde
864 3570 996 3625 dicit
1041 3569 1128 3624 ei:
1166 3568 1282 3623 Non
1311 3568 1454 3622 enim
1511 3578 1566 3622 tu
1614 3568 1882 3623 meliores
1908 3568 2035 3623 ﬁliis

444 3660 629 3727 israel,
654 3670 708 3716 et
737 3661 906 3732 gloria
933 3676 1152 3716 eorum.
1187 3659 1347 3724 Nam,
1388 3660 1583 3730 inquit,
1614 3660 1659 3715 si
1688 3675 1794 3715 non
1820 3662 2033 3732 peperci

443 3752 578 3808 sorti
627 3752 948 3821 distributae,
975 3768 1039 3809 ac
1060 3755 1332 3822 deputata
1367 3753 1522 3818 mihi,
1556 3754 1806 3809 nimirum
1831 3751 2040 3809 Israeli-

445 3845 517 3898 tis
577 3845 629 3899 in
692 3859 778 3899 me
821 3844 1281 3913 delinquentibus,
1320 3844 1505 3914 quian
1530 3855 1585 3901 tu
1610 3845 1932 3900 detrimenta
1969 3860 2036 3900 ex

443 3937 588 3993 bello
631 3939 919 4009 importata
953 3937 1205 3993 omnibus
1235 3939 1409 3994 modis
1430 3939 1756 4008 sustineres,
1792 3939 1932 3998 nulla
1974 3939 2033 3995 in

446 4044 502 4087 t‘t‘
523 4030 715 4086 lsraele
746 4028 970 4085 melior?

2130 3213 2351 3283 πολλήν.
2417 3211 2615 3265 Οὐκέτι
2672 3208 2783 3281 γὰρ
2843 3206 3062 3261 ἔσεσθαί
3127 3222 3290 3277 φησιν
3340 3202 3568 3274 εὐσθενῆ
3623 3207 3719 3257 καὶ

2130 3307 2402 3379 ἐπίσημον
2426 3306 2484 3358 ἐν
2510 3306 2575 3376 τῇ
2603 3302 2882 3373 Δαμασκῷ
2914 3299 3215 3372 βασιλείαν,
3255 3300 3304 3352 εἰ
3339 3298 3432 3352 καὶ
3458 3297 3718 3366 γεγόνασι

2133 3398 2271 3469 μετὰ
2295 3397 2454 3451 τοῦτο
2480 3396 2753 3469 τοπάρχαι
2779 3393 2924 3457 τινὲς
2956 3393 3050 3447 καὶ
3072 3391 3333 3463 φύλαρχοι
3366 3387 3588 3461 μᾶλλον,
3622 3387 3718 3443 καὶ

2129 3491 2250 3561 οὐχὶ
2287 3491 2387 3562 τῆς
2423 3488 2656 3560 ἀληθοῦς
2704 3485 2981 3559 βασιλείας
3027 3484 3128 3557 τὴν
3169 3481 3530 3554 λαμπρότητα
3558 3498 3719 3551 περι-

2133 3583 2392 3653 κείμενοι.
2444 3582 2559 3634 Οὐκ
2597 3579 2748 3633 ἔσται
2797 3578 2978 3632 τοίνυν
3008 3579 3069 3631 ἐν
3115 3574 3393 3647 Δαμασκῷ
3428 3572 3672 3645 βασιλεία
3696 3615 3712 3638 ,

2132 3673 2329 3743 φησίν⁹
2365 3673 2618 3743 ἁτονήσει
2643 3670 2700 3725 δέ
2728 3672 2824 3724 σὺν
2848 3671 2986 3742 αὐτῇ
3025 3669 3120 3723 καὶ
3146 3668 3208 3722 τὸ
3249 3667 3438 3720 λοιπὸν
3474 3665 3580 3719 τῶν
3604 3665 3707 3717 Σύ-

2136 3781 2263 3836 ρων,
2291 3763 2435 3817 τοῦτ’
2461 3762 2629 3825 ἔστιν,
2659 3762 2805 3816 ἅπαν
2831 3760 2894 3814 τὺ
2923 3761 3075 3824 ἔθνος
3097 3760 3161 3813 τὸ
3183 3758 3275 3812 ὑπ’
3304 3758 3465 3829 αὐτῇ.
3505 3754 3724 3828 Μητρό-

2133 3857 2289 3921 πολις
2329 3856 2439 3927 γὰρ
2494 3854 2692 3927 Συρίας
2738 3856 2772 3924 ἡ
2825 3852 3136 3925 Δαμασκός.
3188 3846 3321 3904 Εἶτα
3369 3850 3507 3922 πρὸς
3542 3849 3720 3917 αὐτὴν

2135 3964 2307 4018 φησιν
2330 3964 2343 3978 °
2378 3946 2454 3999 Οὐ
2488 3946 2598 4016 γάρ
2625 3946 2688 3999 σὺ
2730 3944 2954 4016 βελτίων
2981 3938 3032 3996 εἷ
3055 3942 3163 3997 τῶν
3188 3940 3321 3994 υἱῶν
3353 3938 3589 4011 Ἰσραὴλ,
3620 3949 3719 3998 καὶ

2134 4042 2232 4112 τῆς
2260 4041 2418 4112 δόξης
2446 4038 2649 4092 αὐτῶν.
2679 4037 2743 4092 Ei
2770 4038 2880 4109 γάρ
2917 4036 3009 4091 καὶ
3047 4035 3275 4105 κλήρου,
3307 4033 3461 4104 φησὶ,
3493 4029 3591 4084 τοῦ
3629 4031 3728 4084 ἐκ-

443 4125 768 4197 νεμηθέντας
797 4124 920 4196 ἐμοὶ
939 4163 957 4190 ι
983 4122 1127 4179 τοῦτ’
1147 4124 1319 4191 ἐστιν»
1348 4125 1457 4179 τῶν
1498 4126 1557 4194 ἒξ
1593 4127 1807 4203 Ἰσραὴλ
1836 4135 1918 4199 εἰς
1942 4137 2042 4208 ἐμὲ
2081 4136 2629 4209 πεπλημμεληκότων
2663 4134 2765 4188 οὐκ
2820 4131 3157 4205 ἐφεισάμην,
3193 4127 3313 4195 πῶς
3356 4129 3419 4182 οὐ
3448 4129 3629 4199 πάντη
3657 4142 3725 4180 τε

445 4224 539 4278 καὶ
594 4221 812 4283 πάντως
854 4220 1144 4293 ὑπομενεῖς
1176 4221 1272 4275 καὶ
1306 4219 1446 4293 αὐτὴ
1484 4224 1552 4278 τὰ
1585 4224 1649 4278 ἐκ
1681 4226 1774 4280 τοῦ
1809 4229 2051 4303 πολέμου
2081 4233 2253 4306 βλάϐη
2284 4232 2404 4287 κατ’
2434 4231 2586 4287 οὐδὲν
2614 4225 2749 4284 οὖσα
2780 4228 3002 4300 βελτίων
3026 4226 3121 4281 τοῦ
3163 4225 3421 4297 ’1σραήλ;
3783 4218 3792 4227 ⁸

518 4385 682 4440 Vsus.
719 4383 774 4440 ι.
811 4382 939 4438 Haec
995 4383 1124 4439 dicit
1173 4381 1430 4439 Dominus
1488 4382 1745 4454 Sabaoth,
1784 4387 1905 4446 Erit
1943 4393 2027 4449 die

2211 4395 2358 4451 Τάδε
2407 4394 2572 4466 λέγει
2615 4393 2831 4462 Κύριος
2868 4389 3137 4447 Σαϐαώθο
3172 4393 3381 4446 Ἔσται
3423 4389 3499 4460 τῇ
3529 4391 3722 4463 ἡμέρᾳ

441 4477 561 4544 duo,
587 4476 805 4547 defectio
826 4475 1007 4545 gloria:
1032 4472 1224 4542 Jacob,
1252 4487 1299 4533 et
1322 4478 1541 4549 pinguia
1560 4479 1744 4550 gloria
1762 4481 1878 4552 ejus
1910 4501 2037 4539 con-

449 4571 863 4644 quassabuntur.

418 4686 419 4689 η
518 4682 680 4755 265
716 4678 977 4737 Iacobum
1026 4681 1178 4737 hisce
1212 4683 1394 4739 verbis
1437 4683 1703 4748 nominat,
1734 4698 1800 4738 ex
1836 4682 2038 4739 Jacobo

448 4789 632 4839 natus,
683 4774 765 4828 vel
822 4777 1008 4828 decent
1062 4776 1235 4831 tribus
1286 4777 1338 4830 in
1371 4775 1619 4830 Samaria
1659 4786 1714 4829 et
1754 4776 2036 4831 dimidium

453 4868 625 4923 tribus
645 4865 924 4936 Ephraim,
958 4881 1078 4937 quae
1103 4876 1306 4922 tantum
1342 4882 1372 4921 a
1397 4867 1667 4922 cbaritate
1698 4881 1826 4935 erga
1857 4867 2027 4923 Deum

448 4958 798 5023 resiluerunt,
850 4968 904 5012 et
936 4974 965 5011 ιι
1016 4974 1112 5027 spe
1139 4956 1330 5012 salutis
1383 4956 1435 5010 in
1470 4956 1584 5025 ipso
1612 4956 1947 5024 collocanda,
1971 4966 2031 5012 ut

449 5052 551 5106 sibi
577 5050 709 5120 ipsis
738 5049 1095 5114 confiderent,
1135 5059 1190 5105 et
1217 5050 1283 5103 de
1312 5047 1428 5102 sola
1452 5048 1793 5103 multitudine
1823 5060 1878 5103 et
1911 5050 2029 5120 glo-

451 5143 531 5198 ria
571 5144 735 5196 altmn
791 5141 1137 5212 supercilium
1181 5141 1473 5209 erigerent.
1532 5139 1595 5194 IIi
1624 5149 1782 5195 erant
1839 5157 2027 5197 eorum

450 5247 653 5289 mures.
710 5233 882 5302 Atque
915 5235 1019 5288 hoc
1057 5231 1211 5286 nobis
1237 5230 1500 5300 propheta
1530 5228 1816 5286 manifesto
1851 5232 2030 5288 decla-

451 5336 555 5381 rat.
586 5324 725 5378 Dixit
756 5325 901 5380 enim
925 5325 991 5376 de
1025 5321 1130 5376 illis
1160 5320 1400 5376 :Gloriae
1431 5336 1620 5377 eorum
1645 5337 1711 5376 ex
1745 5326 2030 5394 partubus,

450 5432 517 5472 ex
555 5418 878 5488 puerperiis,
917 5430 983 5469 ex
1027 5414 1487 5484 conceptionibus.
1539 5413 1748 5482 Quibus
1805 5419 2027 5473 subdit:

454 5510 531 5564 Da
560 5509 686 5572 illis,
721 5508 968 5564 Domine.
1014 5504 1155 5573 Quid
1206 5505 1361 5562 dabis
1392 5506 1542 5563 illis?
1590 5507 1666 5561 Da
1702 5507 1807 5563 illis
1837 5511 2030 5565 matri-

2131 4486 2336 4557 ἐκείνῃ
2363 4486 2639 4554 ἔκλειψις
2672 4483 2785 4554 τῆς
2808 4483 2995 4551 δόξης
3032 4483 3260 4551 Ἰακὼϐ,
3302 4484 3402 4539 καὶ
3433 4483 3507 4539 τὰ
3536 4486 3723 4539 πίονα

2135 4575 2246 4645 τῆς
2279 4575 2464 4643 δόξης
2497 4575 2683 4630 αὐτοῦ
2716 4576 3125 4647 σεισθήσεται.

2221 4687 2415 4742 Ἰακὼϐ
2448 4690 2506 4742 ἐν
2557 4687 2776 4754 τούτοις
2818 4690 3074 4761 ὀνομάζει
3101 4690 3228 4754 τοὺς
3258 4690 3317 4757 ἐξ
3351 4690 3546 4743 Ἰακὼϐ
3568 4706 3731 4760 γεγοκ

2136 4780 2315 4843 νότας,
2353 4782 2471 4852 ἡτοι
2496 4780 2597 4845 τὰς
2627 4782 2686 4836 ἐν
2714 4785 2782 4854 τῇ
2814 4783 3097 4855 Σαμαρείᾳ
3137 4782 3269 4837 δέκα
3304 4782 3496 4853 φυλάς,
3532 4782 3627 4836 καὶ
3653 4785 3718 4838 τὸ

2135 4873 2306 4944 ἥμισυ
2343 4871 2518 4943 φυλῆς
2550 4872 2812 4946 Ἐφραῒμ,
2855 4874 2911 4928 αἳ
2950 4873 3201 4928 τοσοῦτον
3230 4873 3591 4947 άπεπήδησαν
3619 4877 3721 4943 τῆς

2137 4967 2215 5029 ei;
2246 4965 2378 5019 Θεὸν
2407 4966 2649 5038 ἀγάπης,
2678 4967 2773 5020 καὶ
2805 4966 2901 5020 τοῦ
2936 4967 3034 5039 τὴν
3080 4966 3272 5020 ἐλπίδα
3313 4965 3410 5019 τοῦ
3449 4964 3716 5030 σώζεσθαι

2136 5055 2407 5109 ποιεῖσθαι
2456 5056 2657 5127 μᾶλλον
2700 5056 2787 5109 ἐπ’
2830 5056 2980 5126 αὐτῷ
3004 5099 3019 5123 ,
3051 5057 3193 5111 ὥστε
3244 5057 3339 5110 καὶ
3373 5058 3461 5125 ἐφ’
3504 5057 3715 5119 ἑαυτοῖς

2137 5146 2471 5215 πεποιθέναι,
2505 5148 2599 5201 κα)⁸
2629 5146 2839 5220 ὑψηλὴν
2868 5149 3168 5202 άνατείνειν
3199 5149 3371 5220 ὀφρῦν
3402 5148 3495 5201 ἐπὶ
3525 5148 3717 5220 πλήθει

2138 5238 2286 5309 μόνῳ
2325 5241 2422 5293 καὶ
2449 5239 2596 5312 δόξῃ.
2616 5236 2724 5294 Ἦν
2752 5242 2954 5313 τρόπος
2983 5235 3137 5306 οὗτος
3180 5242 3383 5303 αὐτοῖς.
3412 5241 3521 5294 Καὶ
3557 5242 3718 5297 τοῦτο

2131 5331 2264 5401 ἡμῖν
2298 5332 2671 5402 ἐναργέστατα
2707 5334 2868 5387 πάλιν
2898 5335 3183 5406 προφήτης
3220 5334 3408 5406 φησίν.
3430 5334 3573 5405 Ἔφη
3606 5332 3715 5402 γὰρ

2129 5420 2259 5488 περὶ
2282 5420 2482 5474 αὐτῶν·
2505 5420 2571 5474 Ai
2600 5422 2749 5488 δόξαι
2775 5424 2953 5477 αὐτῶν
2977 5426 3043 5477 ἐκ
3064 5424 3237 5478 τόκων
3268 5425 3362 5478 καὶ
3391 5423 3597 5477 ὠδίνων
3622 5422 3715 5475 καὶ

2132 5511 2465 5583 συλλήψεων.
2491 5511 2625 5568 Εἶτα
2656 5514 2868 5580 τούτοις
2909 5516 3160 5589 ἐπιφέρει
3180 5532 3194 5548 ο
3228 5516 3327 5580 Δὸς
3354 5517 3559 5581 αὐτοῖς,
3596 5514 3710 5569 Κύ-

453 5613 569 5655 cem
596 5600 835 5664 ell'etam,
879 5607 935 5652 et
975 5612 1241 5655 mammas
1268 5599 1467 5656 aridas.
1502 5599 1619 5655 Erit
1642 5601 1824 5672 itaque
1850 5602 1952 5659 sub
1978 5602 2027 5658 id

2132 5618 2237 5674 ριε.
2283 5605 2347 5658 Τί
2375 5604 2566 5671 δώσεις
2604 5607 2819 5675 αύτοῖς;
2856 5609 2953 5673 Δὸς
2987 5610 3169 5675 αὐτοῖς
3207 5611 3419 5682 μήτραν
3457 5605 3713 5663 ἁτεκνοῦ-

531 5751 577 5784 ³³
602 5754 728 5811 Luc.
761 5768 926 5824 supra
950 5751 1046 5812 cit.
1124 5754 1168 5785 ³³
1211 5750 1254 5809 ιι
1295 5752 1418 5811 Cor.
1450 5769 1527 5823 ιι,
1557 5754 1646 5811 ει.
