4060 6458
284 298 396 356 ιὲὶὸ

1426 298 1498 354 1N
1543 298 1778 357 lSAlAM
1818 298 1948 358 Lm.
1992 300 2056 357 ιι.
2099 284 2343 361 Tenus
2380 301 2470 358 ιιι.

3502 309 3610 365 ιίϐ

280 432 413 480 σαν,
448 415 546 469 καὶ
574 412 823 486 μαστοὺς
860 411 1082 486 ξηρούς.
1116 413 1317 470 Ἔσται
1354 418 1560 483 τοίνυν,
1587 404 1746 488 φησι,
1779 416 1900 472 κατ’

2028 420 2277 491 .emporis
2327 421 2735 475 decrementum
2774 418 2960 491 gloriae
3016 419 3207 487 Jacob,
3249 422 3302 478 id
3355 435 3461 492 est,
3506 430 3610 482 ho-

274 511 467 564 ἐκεῖνο
494 505 717 579 καιροῦ,
738 505 990 576 ’ἔκλειψις
1017 507 1120 578 τῆς
1151 507 1311 579 δόξης
1340 508 1561 576 Ἰακὼϐ,
1589 509 1733 562 τοῦτ’
1760 509 1899 578 ἔστι,

269 600 741 671 δαπανηθήσεται
763 602 884 664 ταῖς
907 599 1018 653 τῶν
1047 598 1325 671 πολεμίων
1349 600 1653 672 μαχαίραις
1674 602 1707 673 η
1732 600 1903 673 πολλή

270 710 338 747 τε
371 694 475 746 καὶ
509 693 890 765 ἀναρίθμητος
919 690 1132 763 πληθὺς
1160 691 1270 746 τῶν
1290 691 1355 760 ἐξ
1383 690 1601 757 Ἰακὼϐ,
1631 693 1717 762 ἐφ’
1809 694 1906 747 καὶ

272 786 598 854 ἐδοξάζετο,
630 786 724 840 καὶ
760 788 981 858 φρονεῖν
1006 786 1287 857 ἐπεχείρει
1314 787 1480 856 μέγα.
1511 786 1675 840 Ἀλλά
1714 788 1809 841 καὶ
1837 787 1907 841 τὰ

274 878 448 931 πίονα
475 876 582 947 τῆς
629 876 792 947 δόξης
826 876 995 931 αὑτοῦ
1038 876 1420 950 σεισθήσεται·
1459 877 1607 932 τοῦτ’
1641 878 1781 942 ἔστι,
1810 878 1908 932 καὶ

277 970 419 1044 παρ’
440 971 635 1034 αὐτοῖς
658 968 911 1041 βασιλεία
943 969 1428 1042 κατενεχθήσεται.
1448 970 1771 1042 Γέγραπται
1796 971 1908 1043 γὰρ

286 1066 343 1118 έν
360 1065 434 1134 τῇ
462 1063 713 1136 τετάρτῃ
732 1063 844 1116 τῶν
873 1063 1196 1130 Βασιλειῶν,
1221 1063 1301 1116 ὅτι
1337 1062 1715 1136 βασιλεύοντος
1748 1063 1908 1133 Ὠσηὲ

284 1155 417 1210 υίοῦ
450 1156 595 1210 Ἦλὰ
651 1157 710 1209 έν
753 1160 821 1228 τῇ
874 1156 1197 1228 Σαμαρείᾳ,
1246 1152 1419 1208 ἐλθὼν
1470 1158 1499 1210 ὁ
1541 1156 1909 1229 Σαλμανασάρ

282 1254 708 1326 πεπολιόρκηκε
747 1253 847 1325 τὴν
879 1253 1202 1325 Σαμάρειαν
1233 1254 1320 1323 ἐφ’
1356 1253 1501 1318 ὅλοις
1527 1252 1673 1308 ἔτεσι
1705 1255 1908 1327 τρισὶν,

279 1342 398 1401 εἷλέ
451 1364 517 1400 τε
564 1348 741 1418 αὐτὴν
787 1346 1005 1401 καὶτὸν
1038 1346 1201 1418 Ὠσηὲ
1237 1345 1563 1418 μετῴκησεν
1612 1350 1692 1412 είς
1734 1348 1911 1402 Βαϐυ-

278 1440 460 1495 λῶνα.
499 1439 674 1493 Πίονα
724 1439 909 1493 τοίνυν
942 1441 1043 1509 τῆς
1076 1438 1238 1510 δόξης
1277 1438 1478 1494 Ἰακὼϐ
1515 1440 1760 1512 νοηθεῖεν
1789 1440 1857 1496 ἂν
1883 1443 1913 1497 ὀ

279 1534 342 1586 ὲν
380 1535 453 1604 τῇ
488 1530 782 1603 Σαμαρείᾳ
817 1531 940 1585 κατ’
970 1533 1151 1585 ἐκεῖνο
1183 1530 1378 1605 καιροῦ
1414 1531 1844 1603 βεϐασιλευκὼς,
1875 1531 1910 1604 ἢ

277 1628 437 1698 τάχα
484 1644 591 1681 που
610 1608 677 1679 κοί
730 1624 878 1679 κατά
926 1625 1112 1679 πᾶσαν
1149 1623 1250 1694 τὴν
1294 1623 1481 1696 χώραν
1522 1622 1771 1695 λαμπροὶ
1817 1624 1913 1679 καὶ

2012 511 2179 567 stium
2225 514 2548 569 absumctur
2575 514 2768 585 gladiis
2817 513 3074 584 frequens
3109 527 3165 572 et
3196 517 3612 577 itmmnerabilis

2010 602 2306 657 multitudo
2368 616 2623 673 nepotum
2669 602 2861 674 Jacob,
2902 608 2971 663 de
3008 623 3115 678 qua
3167 609 3527 678 gloriabatur,
3558 626 3613 668 et

2014 696 2182 750 altum
2222 694 2490 766 sapiebat.
2522 698 2630 753 Sed
2660 710 2717 754 et
2742 702 3077 772 pra‘pinguia
3116 703 3311 774 gloriae
3344 708 3462 776 ejus
3484 723 3616 761 con-

2009 790 2441 859 quassabuntur,
2478 791 2530 846 id
2570 803 2677 854 est,
2712 808 2935 861 regnum
2990 809 3179 848 eorum
3212 809 3611 864 prosternetur.

2011 882 2285 953 Scriptum
2321 896 2408 940 est
2444 885 2592 939 enim
2627 884 2766 940 libro
2798 896 2995 955 quarto
3049 887 3358 960 Regnorum
3382 890 3459 956 ³⁸,
3528 907 3617 948 re-

2009 988 2210 1046 gnante
2259 978 2398 1035 Osea
2453 979 2566 1034 filio
2633 980 2741 1035 Elae
2799 981 2851 1035 in
2894 979 3166 1049 Samaria,
3223 985 3613 1043 adventantem

2012 1071 2458 1128 Salmanasarum
2526 1075 2802 1130 civitatem
2860 1076 3143 1133 obsidione
3192 1078 3432 1135 cinxisse
3480 1097 3616 1137 con-

2014 1165 2195 1221 tinuos
2236 1176 2347 1223 tres
2380 1182 2576 1234 annos,
2622 1158 2947 1238 cepisseque
2972 1185 3116 1238 eam,
3145 1182 3199 1227 et
3220 1172 3415 1228 Oscam
3443 1154 3635 1245 Bahy;

2014 1259 2193 1315 lonem
2255 1259 2618 1316 transtulisse.
2686 1248 2914 1331 Pinguia
2971 1262 3136 1332 igitur
3198 1265 3389 1336 gloria:
3449 1267 3619 1324 Jacob

2015 1350 2242 1422 intelligi
2275 1360 2526 1421 possunt,
2559 1353 2606 1407 is
2631 1352 2727 1422 qui
2776 1353 2830 1407 in
2861 1353 3113 1410 Samaria
3148 1357 3373 1413 circiter
3397 1359 3448 1413 id
3474 1368 3617 1416 tem-

2015 1444 2167 1515 poris
2225 1447 2494 1516 regnavit,
2519 1454 2579 1500 et
2622 1444 2875 1503 fortassis
2903 1449 3153 1506 homines
3182 1466 3279 1520 per
3326 1463 3494 1507 totam
3528 1469 3619 1509 re-

2015 1536 2232 1606 gionem
2289 1534 2583 1606 splendidi,
2649 1545 2706 1590 et
2777 1536 3005 1607 reliquis
3087 1540 3412 1612 insigniores
3477 1543 3622 1597 divi-

2016 1628 2109 1683 tiis
2173 1638 2230 1683 et
2287 1626 2552 1698 petentia,
2616 1627 2850 1683 aliorum
2913 1645 3225 1686 mensuram
3284 1636 3619 1692 excedentes

280 1720 699 1791 ἐπισημότεροι
737 1717 846 1770 τῶν
875 1716 1076 1781 ἀλλων,
1112 1714 1331 1786 πλούτῳ
1378 1733 1439 1769 τε
1485 1715 1582 1770 καὶ
1623 1714 1915 1787 δυναστείᾳ

2028 1721 2248 1789 deliciis,
2316 1732 2374 1777 et
2435 1736 2551 1792 pra:
2612 1721 2828 1778 caeteris
2894 1723 2994 1778 sibi
3052 1723 3328 1794 placentes
3390 1728 3616 1783 honori-

280 1814 349 1866 τὸ
394 1811 511 1865 τῶν
544 1812 748 1884 ἐτέρων
789 1807 1247 1875 πλεονεκτοῦντες
1283 1809 1504 1882 μέτρον,
1548 1809 1644 1863 καὶ
1684 1808 1915 1880 ἁϐρυνό-
1941 1795 1990 1857 Β
2021 1814 2144 1870 bus.

286 1926 454 1980 μενοι
482 1909 609 1970 ταῖς
636 1908 874 1978 τρυφαῖς
901 1905 996 1958 καί
1030 1907 1151 1968 ταῖς
1181 1902 1335 1975 παρά
1361 1902 1582 1956 πάντων
1613 1905 1827 1973 τιμαῖς.

359 2001 480 2056 Καὶ
510 1998 686 2054 ἔσται
714 1998 789 2052 ὃν
812 1998 1042 2067 τρόπον
1075 1996 1186 2051 ἐὰν
1213 2012 1304 2062 τις
1324 1994 1652 2065 συναγάγῃ
1681 1991 1916 2063 ἀμητόν

281 2094 625 2162 ἑστηκότα,
685 2090 787 2145 καὶ
840 2088 1089 2159 σπέρμα
1140 2088 1474 2157 ἀσταχύων
1524 2085 1753 2156 ἀμήσῃ·
1815 2085 1917 2140 καί

283 2187 474 2243 ἔσται
513 2184 590 2239 ὃν
616 2186 842 2252 τρόπον
888 2181 999 2235 ἐάν
1027 2199 1117 2249 τις
1156 2179 1475 2251 συναγάγῃ
1513 2178 1799 2250 ἄσταχυν
1844 2177 1917 2231 ὲν

287 2277 567 2348 φάραγγι
615 2272 859 2343 στερεᾷ.
907 2274 1019 2328 Καὶ
1061 2268 1438 2342 καταλειφθῇ
1485 2271 1557 2325 ἐν
1605 2268 1762 2338 αὐτῇ
1814 2286 1919 2323 κα·

288 2370 490 2441 λήμη,
522 2368 563 2437 ἢ
593 2367 675 2434 ὡς
698 2365 895 2436 ρῶτες
914 2365 1125 2431 ἐλαίας
1173 2363 1284 2419 δύο
1323 2363 1362 2432 ἢ
1398 2361 1577 2432 τρεῖς,
1609 2361 1703 2415 ἐπ’
1728 2361 1917 2430 ἄκρου

260 2463 627 2535 -μετεώρου,
660 2459 699 2528 ἣ
746 2458 1052 2526 τέσσαρες
1084 2454 1122 2526 ἢ
1162 2455 1365 2523 πέντε,
1398 2453 1499 2508 ἐπὶ
1536 2451 1656 2508 τῶν
1677 2451 1919 2507 κλάδων

286 2555 498 2624 αὐτῆς
541 2547 967 2633 καταλειφθῇη

371 2649 501 2702 Ὅτι
526 2646 623 2701 καὶ
661 2644 900 2714 ἑτοίμως
934 2641 1032 2696 καὶ
1061 2639 1318 2712 ἀνιδρωτὶ
1340 2638 1690 2711 περιέσονται
1719 2636 1830 2691 τῶν
1861 2637 1921 2690 έν

286 2739 598 2813 Σαμαρείᾳ
656 2733 1032 2806 πολεμοῦντες
1076 2726 1376 2803 Ἀσσύριοι,
1422 2733 1514 2785 καὶ
1561 2730 1700 2803 πρὸς
1744 2730 1922 2800 τούτῳ

218 2866 224 2870 ~
293 2834 492 2895 πάλιν,
512 2832 596 2885 ὅτι
621 2830 698 2902 μὴ
717 2828 858 2900 πρὸς
881 2828 1027 2882 ἆπαν
1057 2825 1153 2880 καὶ
1176 2823 1442 2888 ὁλπελῶς
1471 2825 1753 2895 οἰχήσεται
1786 2824 1922 2893 πρὸς

288 2925 615 2990 ἀπώλειαν,
646 2922 764 2976 ἀλλ’
790 2919 946 2974 ἔσται
977 2937 1032 2973 τι
1065 2917 1161 2973 καὶ
1188 2916 1548 2989 κατάλειμμα
1578 2915 1776 2988 βραχὺ,
1806 2915 1924 2969 δια-

297 3019 634 3093 μμήνυκεν
664 3014 917 3086 ἐναργῶς
973 3015 1032 3065 ὲν
1062 3009 1277 3075 τούτοις
1325 3011 1461 3081 ἡμῖν
1507 3010 1537 3061 ό
1582 3007 1924 3080 προφητικὸς

286 3113 487 3183 λόγος.
520 3111 586 3164 Οἱ
635 3107 736 3181 μὲν
781 3107 894 3178 γὰρ
922 3106 1023 3177 τὴν
1071 3102 1168 3157 τοῦ
1231 3100 1473 3175 θερίζειν
1522 3101 1623 3164 τάς
1678 3099 1924 3171 ἀστάχυς

290 3203 609 3277 ἐμπειρίαν
637 3200 880 3272 ἔχοντες,
937 3196 1332 3269 ἀποκείροντες
1362 3193 1637 3265 εὐτέχνως
1682 3192 1778 3247 τὸν
1822 3191 1923 3265 μὲν

295 3300 455 3352 σῖτον
488 3293 868 3363 συλλέγουσιν⁸
912 3289 1002 3344 ἀεὶ
1035 3288 1092 3342 δὲ
1121 3286 1354 3341 κατόπιν
1396 3283 1598 3348 ἐῶντες
1639 3282 1716 3349 ὡς
1746 3281 1925 3355 ἄχρη-

296 3405 432 3442 στον
465 3386 569 3459 τὴν
604 3384 862 3455 καλάμην
905 3380 1026 3435 ὅλον
1093 3378 1449 3449 ἐπιτρέχουσι
1502 3375 1614 3430 τῶν
1652 3374 1826 3446 ληῖῳν
1866 3374 1927 3429 τὺ

298 3479 539 3541 πλάτος.
559 3477 625 3529 Οί
651 3475 711 3529 δέ
731 3491 796 3544 γε
819 3474 1031 3546 τρυγᾷν
1049 3470 1302 3535 εἰωθότες
1321 3469 1414 3523 τὸν
1433 3468 1545 3522 τῶν
1567 3467 1767 3523 ὲλαιῶν
1787 3484 1927 3539 καρ-

302 3572 434 3635 πὺν,
473 3568 640 3622 τοῦτο
677 3568 779 3639 μὲν
833 3564 1019 3639 ῥάϐδῳ
1068 3563 1473 3619 καταπαίουσιν
1517 3560 1712 3628 αὑτὰς,
1766 3559 1928 3615 τοῦτο

301 3663 364 3717 δὲ
393 3664 492 3717 καὶ
523 3660 719 3733 χερσὶν
751 3656 1110 3729 ὲπαφώμενοι
1142 3657 1237 3721 καὶ
1291 3654 1401 3709 τῶν
1448 3655 1709 3727 όρπήκων
1741 3655 1926 3726 ἀρπά-

301 3756 497 3823 ζοντες
551 3752 999 3824 συναγείρουσιν·
1052 3749 1170 3805 ἀλλ’
1200 3749 1349 3813 εἰκὸς
1400 3748 1701 3820 ἀπομένειν
1734 3748 1928 3812 αὐταῖς

297 3850 460 3920 τρεῖς
495 3845 530 3919 ἢ
566 3846 868 3917 τέσσαρας,
908 3844 942 3915 ἦ
977 3843 1142 3897 πέντε
1168 3840 1330 3914 τυχὸν
1367 3842 1455 3896 ἐπ’
1480 3840 1635 3913 ἄκρῳ
1654 3840 1766 3895 τῶν
1794 3840 1929 3896 κλάο

296 3941 435 4005 δων,
468 3941 569 3994 καὶ
608 3940 739 4002 τοὺς
764 3936 877 3991 τῶν
914 3935 1250 4008 τρυγώντων
1283 3932 1560 3988 διαλαθεῖν
1585 3932 1923 4005 ὀφθαλμούς.

292 4034 572 4089 Τοιοῦτόν
621 4050 678 4086 τι
734 4030 1118 4104 συμϐήσεσθαί
1162 4046 1296 4101 φησι
1341 4032 1454 4095 τοῖς
1509 4030 1569 4084 ὲν
1617 4030 1925 4103 Σαμαρείᾳ·

296 4126 606 4182 πείσεσθαι
634 4126 746 4198 γὰρ
770 4125 973 4187 αὐτοὺς
1004 4120 1401 4194 διισχυρίζεται
1448 4121 1597 4176 καθά
1625 4121 1718 4175 καὶ
1740 4122 1769 4173 ὀ
1793 4123 1926 4177 στά-

294 4238 430 4293 χυς,
472 4220 565 4273 ὅτε
603 4221 727 4282 ταῖς
759 4216 868 4271 τῶν
899 4214 1172 4288 ἀμώντων
1197 4212 1522 4287 περιπίπτει
1563 4214 1774 4286 χερσίν⁹
1827 4229 1930 4269 κα-

295 4311 787 4385 ταλειφθήσεσθαι
816 4310 875 4366 δὲ
923 4310 1116 4382 ὥσπερ
1148 4309 1207 4363 έν
1260 4309 1398 4380 αὐτῇ
1447 4307 1725 4379 καλάμην,
1778 4306 1926 4360 τοῦτ’

298 4408 490 4471 ἔστιν,
516 4406 736 4476 ὀλίγους
795 4403 906 4459 τῶν
965 4401 1354 4474 ἀσημοτέρων,
1408 4398 1443 4471 ἢ
1500 4400 1595 4454 καὶ
1629 4399 1704 4462 ὼς
1740 4398 1928 4471 ῥῶγας

2096 1983 2262 2042 Vrns.
2295 1987 2349 2053 5,
2377 1985 2429 2041 ϐ.
2476 1987 2540 2041 Et
2572 1989 2669 2042 erit
2712 1987 2928 2057 perinde
2974 2008 3047 2045 ac
3091 1994 3138 2047 si
3185 1995 3304 2063 quis
3339 2009 3614 2067 congreget

2022 2093 2242 2132 messem
2273 2090 2519 2145 stantem,
2553 2091 2600 2134 et
2636 2096 2811 2135 semen
2839 2082 3107 2150 spicarum
3138 2096 3319 2138 metat.
3342 2082 3411 2139 Et
3437 2103 3620 2157 quem-

2031 2171 2317 2225 admodum
2376 2175 2421 2227 si
2478 2174 2598 2243 quis
2660 2189 2929 2246 congreget
2962 2178 3162 2246 spicam
3196 2178 3252 2234 in
3292 2180 3427 2236 valle
3452 2182 3622 2247 dura.

2021 2274 2069 2317 et
2118 2263 2303 2318 relicta
2333 2264 2491 2334 fuerit
2515 2267 2570 2321 in
2609 2283 2671 2321 ea
2700 2269 2939 2336 stipula;
2969 2268 3047 2323 vel
3077 2272 3212 2325 sicut
3261 2290 3428 2343 grana
3468 2277 3624 2333 oliuae

2023 2354 2131 2408 duo
2163 2368 2255 2409 aut
2293 2359 2398 2411 tria
2443 2359 2500 2413 in
2531 2361 2866 2415 extremitate
2895 2362 3135 2429 sublimi,
3175 2364 3251 2420 vel
3270 2378 3522 2438 quatuor,
3543 2369 3623 2424 vel

2021 2447 2249 2518 quinque
2281 2449 2335 2501 in
2359 2450 2518 2503 ramis
2542 2443 2656 2518 ejus
2680 2447 3068 2521 relinquantur.

2097 2629 2250 2700 Quod
2296 2642 2350 2686 et
2384 2631 2545 2687 facile
2579 2641 2635 2687 et
2678 2632 2798 2689 sine
2822 2633 3022 2689 sudore
3051 2635 3244 2691 victuri
3290 2621 3475 2694 essent
3525 2638 3626 2695 Sa-

2027 2725 2329 2781 maritanus
2360 2723 2573 2796 Assyrii
2602 2723 2886 2791 bellantes,
2927 2735 2979 2779 et
3007 2729 3073 2780 ad
3102 2727 3217 2783 haec
3249 2743 3455 2796 rursus,
3479 2730 3625 2800 quod

2026 2837 2134 2875 non
2164 2819 2220 2874 in
2247 2826 2421 2874 totum
2467 2834 2533 2873 ac
2550 2833 2782 2889 prorsus
2810 2819 2878 2873 ad
2916 2819 3199 2874 interitum
3232 2834 3479 2889 ruerent,
3525 2828 3624 2881 sed

2029 2911 2268 2968 futurum
2304 2920 2452 2968 esset
2502 2912 2778 2967 residuum
2820 2911 3104 2981 pinsillnm,
3137 2913 3421 2969 denotavit
3450 2917 3628 2972 maui-

2032 3002 2168 3060 feste
2214 3003 2373 3059 nobis
2422 3002 2574 3058 hisce
2618 3002 2803 3058 verbis
2834 3017 3020 3060 sermo
3067 3007 3440 3074 propheticus.
3489 3006 3625 3063 Nam

2031 3093 2124 3163 qui
2159 3093 2395 3148 metendi
2425 3093 2603 3163 spicas
2645 3093 2848 3149 habent
2888 3095 3165 3166 peritiam,
3208 3096 3500 3155 artificiose
3531 3100 3628 3154 de-

2032 3200 2271 3240 messum
2325 3178 2660 3239 frumentum
2699 3184 2980 3255 colligunt,
3025 3202 3244 3258 semper
3284 3199 3463 3244 autem
3508 3201 3633 3260 post

2038 3291 2096 3332 se
2139 3276 2419 3346 stipulam,
2471 3276 2619 3332 velut
2678 3277 2946 3343 inutilem,
2997 3279 3395 3352 relinquentes,
3458 3292 3628 3339 totam

2026 3378 2271 3439 segetum
2301 3369 2647 3426 latitudinem
2684 3383 3033 3441 percurrunt.
3077 3372 3145 3428 Et
3171 3375 3263 3444 qui
3298 3375 3631 3432 vindemiare

2031 3461 2206 3514 solent
2254 3459 2499 3514 olearum
2548 3459 2811 3526 fructum,
2855 3462 3055 3532 partim
3096 3464 3314 3533 quidem
3333 3466 3508 3538 266
3533 3450 3629 3523 eos

2031 3551 2228 3608 baculo
2271 3550 2577 3617 decutiunt,
2620 3553 2822 3623 partim
2865 3553 3031 3610 etiam
3066 3564 3122 3611 et
3160 3558 3414 3615 manibus
3453 3561 3627 3616 attin-

2031 3653 2189 3714 gunt,
2216 3651 2272 3698 et
2305 3643 2469 3699 ramis
2492 3645 2782 3715 praereptis
2812 3658 3146 3717 congregant
3167 3664 3180 3702 :
3200 3658 3256 3702 at
3280 3660 3391 3705 tres
3415 3652 3469 3706 in
3498 3653 3627 3721 illis,

2033 3734 2114 3791 vel
2147 3746 2403 3805 quatuor,
2457 3737 2542 3793 vel
2573 3736 2712 3794 forte
2735 3740 2976 3810 quinque
3003 3742 3055 3797 in
3084 3743 3314 3799 summis
3346 3743 3630 3804 frondibus

2033 3843 2319 3883 remanere
2360 3824 2652 3885 verisimile
2689 3840 2794 3897 est,
2863 3840 2920 3887 et
2956 3833 3402 3892 vindemiantimn
3442 3839 3632 3897 oculos

2031 3919 2221 3976 latere.
2257 3918 2389 3977 Tale
2416 3922 2674 3990 quiddam
2705 3934 2761 3979 et
2793 3923 3158 3983 Samaritanis
3205 3943 3306 3984 usu
3339 3941 3631 3988 venturum

2030 4012 2138 4066 ait:
2171 4023 2493 4068 eventurum
2528 4017 2677 4069 enim
2719 4015 2826 4072 illis
2857 4016 3293 4084 alI'n-mat,sicuti
3323 4039 3445 4079 cum
3479 4026 3631 4096 spica

2014 4103 2085 4157 .in
2124 4105 2439 4159 metentium
2479 4122 2671 4160 manus
2700 4107 2942 4170 incidit;
2980 4111 3228 4167 relictum
3260 4123 3440 4170 autem
3469 4117 3537 4173 iri
3577 4123 3630 4173 in

2031 4211 2095 4249 ea
2132 4194 2279 4249 velut
2316 4195 2598 4264 stipulam,
2627 4196 2677 4250 id
2733 4208 2836 4263 est,
2875 4214 3081 4269 paucos
3131 4204 3506 4273 ignobiliores,
3548 4212 3632 4265 vel

2028 4285 2192 4341 etiam
2240 4298 2410 4356 grana
2450 4286 2583 4341 olea:
2625 4288 2733 4342 duo
2778 4299 2872 4343 aut
2921 4291 3023 4344 tria
3073 4307 3192 4361 quae
3234 4299 3630 4354 racemantinm

2019 4377 2245 4433 oculum
2294 4378 2546 4448 fugiunt,
2583 4391 2869 4452 propterea
2903 4385 3057 4454 quod
3110 4385 3168 4443 in
3208 4389 3438 4446 summis
3468 4393 3633 4447 ramis

305 4500 509 4565 ἐλαίας
536 4471 633 4553 δύο
694 4499 729 4571 ἢ
776 4499 929 4570 τρεῖς
980 4471 1234 4549 τὸν-τῶν*
1266 4493 1599 4566 τρυγώντων
1652 4490 1917 4563 λαϐούσας

2031 4471 2395 4528 occultantur.

299 4592 624 4663 ὀφθαλμὸν,
679 4590 856 4645 διάτοι
914 4588 977 4642 τὸ
1026 4589 1086 4643 ὲν
1133 4589 1247 4651 τοῖς
1298 4586 1562 4642 ἀνωτάτω
1617 4582 1925 4654 κεκρύφθαι

301 4686 556 4749 κλάδοις.

384 4778 541 4834 Τάδε
568 4776 737 4848 λέγει
769 4776 989 4844 Κύριος
1041 4774 1075 4830 ὁ
1115 4772 1261 4840 Θεὸς
1322 4769 1592 4841 Ἰσραήλ·
1630 4764 1710 4840 Τῇ
1736 4769 1925 4841 ἡμέρᾳ

299 4872 518 4939 ἐκείνῃ
574 4866 884 4935 πεποιθὼς
945 4866 1120 4921 ἔσται
1204 4866 1239 4918 ὀ
1307 4862 1622 4930 ἄνθρωπος
1678 4859 1778 4915 ἐπὶ
1842 4856 1925 4925 τῷ

300 4965 644 5034 ποιήσαντι
669 4961 883 5025 αὑτὸν,
917 4962 975 5015 οἱ
1012 4958 1082 5013 δὲ
1129 4954 1427 5028 ὀφθαλμοὶ
1457 4952 1647 5008 αὐτοῦ
1686 4952 1785 5008 ἐπὶ
1814 4951 1925 5007 τὸν

298 5059 487 5131 ἅγιον
528 5054 638 5111 τοῦ
680 5051 936 5123 Ἰσραὴλ
993 5050 1420 5121 ἐμϐλέψονται·
1463 5047 1564 5101 καὶ
1598 5048 1669 5102 οὐ
1693 5046 1782 5117 μὴ
1820 5058 1925 5099 πε-

293 5150 591 5216 ποιθότες
616 5142 774 5202 ὦσιν
807 5143 907 5198 ἐπὶ
939 5141 1069 5209 τοῖς
1088 5140 1341 5212 βωμοῖς,
1374 5138 1519 5194 οὐδὲ
1543 5138 1643 5193 ἐπὶ
1672 5137 1796 5205 τοῖς
1825 5137 1923 5209 ἕρ-

293 5259 433 5312 τοις
459 5238 583 5293 τῶν
606 5235 829 5309 χειρῶν
859 5231 1083 5298 αὐτῶν,
1117 5233 1155 5288 ἃ
1201 5231 1506 5300 ἐποίησαν
1536 5234 1590 5285 oi
1631 5228 1926 5285 δάκτυλοι

2095 4752 2261 4818 Vens.
2314 4764 2370 4830 7,
2410 4762 2465 4820 8.
2492 4764 2628 4821 Han:
2658 4766 2789 4821 dicit
2818 4765 3076 4822 Dominus
3098 4765 3243 4823 Deus
3276 4767 3453 4824 Israel
3473 4786 3493 4825 :
3533 4768 3635 4825 Die

2024 4856 2119 4911 illo
2140 4857 2365 4926 conﬁdet
2396 4860 2552 4914 homo
2579 4861 2626 4915 ei
2653 4862 2745 4928 qui
2767 4859 2892 4931 fecit
2928 4867 3069 4916 eum.
3109 4860 3265 4917 Oculi
3285 4863 3401 4934 ejus
3430 4864 3487 4918 in
3511 4880 3638 4919 san-

2031 4960 2174 5004 ctum
2205 4948 2425 5006 Israelis
2447 4952 2810 5021 intuebuntur,
2844 4964 2892 5008 et
2922 4972 3026 5010 non
3054 4955 3321 5026 conﬁdent
3350 4956 3633 5022 altaribus,

2034 5057 2139 5095 non
2183 5042 2426 5113 aperibus
2463 5061 2720 5100 manuum
2756 5061 3001 5113 suarum,
3031 5063 3153 5118 qua:
3195 5047 3430 5118 fecerunt
3482 5049 3639 5119 digiti

2030 5150 2239 5203 eorum,
2275 5138 2366 5190 sed
2395 5135 2560 5206 ﬁdem
2608 5149 2793 5192 sancto
2848 5138 3092 5205 Israelis,
3126 5150 3176 5195 et
3207 5157 3312 5195 non
3353 5143 3637 5212 respicient

2035 5230 2252 5284 arbores
2275 5246 2424 5296 suas,
2464 5247 2630 5301 neque
2653 5233 3071 5303 abominationes
3099 5250 3248 5291 suas.

294 5332 530 5398 αὐτῶν,
553 5330 695 5387 ἀλλ’
717 5318 969 5385 ἔσονται
988 5327 1347 5393 πεποιθότες
1369 5325 1469 5379 ἐπὶ
1491 5324 1597 5379 τὸν
1611 5324 1787 5395 ἅγιον
1808 5323 1915 5380 τοῦ
1967 5323 2238 5394 Ἰσραήλ.
2296 5324 2409 5381 Καὶ
2467 5328 2580 5383 οὐκ
2616 5326 2871 5397 ὄψονται
2890 5328 2965 5384 τὰ
3006 5327 3230 5399 δένδρα
3247 5326 3468 5395 αὐτῶν,
3492 5326 3638 5384 οὐδὲ

296 5424 373 5479 τὰ
399 5424 808 5495 ,βδελύγματα
842 5422 1063 5478 αὐτῶν.

382 5523 449 5577 '0
488 5518 816 5591 σοφώτατος
858 5517 1093 5583 Παῦλος,
1154 5517 1255 5573 οὐκ
1307 5516 1569 5588 ἀνόνητον
1597 5516 1777 5584 εἰδὼς,
1808 5519 1931 5575 οὐδὲ

290 5618 519 5673 εἰκαῖον
550 5614 616 5668 τὸ
630 5614 848 5686 χρῆμα,
882 5613 944 5665 τὸ
973 5611 1331 5666 παιδεύεσθαι
1371 5610 1525 5681 παρὰ
1567 5614 1682 5677 τοῖς
1719 5611 1788 5665 δι’
1817 5613 1921 5667 αὐ-

377 5764 423 5798 "
460 5767 530 5822 ΞΥ
560 5768 697 5839 Reg.
728 5783 861 5831 xvn,
906 5765 958 5820 5.

641 5869 921 5927 Ριιτεοι..
971 5866 1089 5926 (in.
1144 5864 1339 5924 LXX.

2113 5524 2564 5596 Sapientissimus
2599 5525 2799 5584 Paulus
2831 5544 2955 5584 cum
2991 5528 3225 5592 videret,
3258 5539 3431 5594 neque
3470 5518 3637 5577 inuti-

2031 5612 2158 5683 Ῑεηὶ,
2190 5631 2368 5689 ηείιιιθ
2414 5634 2609 5675 vanam
2646 5635 2767 5678 esse
2823 5638 2939 5677 rem
2990 5620 3422 5675 uterudirentnr
3467 5628 3500 5669 a
3527 5614 3637 5671 Deo

3238 5864 3312 5936 14
