  <div class='ocr_page' id='page_1' title='image "/cluster/home/n/w/nwhite01/storage/ocr_20150623/70:no.3/coo.31924054869726/221.png"; bbox 0 0 4060 6520; ppageno 0'>
   <div class='ocr_carea' id='block_1_1' title="bbox 531 368 633 424">
    <p class='ocr_par' dir='ltr' id='par_1_1' title="bbox 531 368 633 424">
     <span class='ocr_line' id='line_1_1' title="bbox 531 368 633 424; baseline -0.039 1"><span class='ocrx_word' id='word_1_1' title='bbox 531 368 633 424; x_wconf 65' lang='grc' dir='ltr'>ιεπ</span> 
     </span>
    </p>
   </div>
   <div class='ocr_carea' id='block_1_2' title="bbox 1522 354 2119 428">
    <p class='ocr_par' dir='ltr' id='par_1_2' title="bbox 1522 355 2119 417">
     <span class='ocr_line' id='line_1_2' title="bbox 1522 355 2119 417; baseline -0.01 0"><span class='ocrx_word' id='word_1_2' title='bbox 1522 365 1581 417; x_wconf 86' lang='lat' dir='ltr'><strong>S.</strong></span> <span class='ocrx_word' id='word_1_3' title='bbox 1622 357 1899 416; x_wconf 72' lang='lat' dir='ltr'><strong>CYRIIJJ</strong></span> <span class='ocrx_word' id='word_1_4' title='bbox 1937 355 2119 412; x_wconf 73' lang='lat' dir='ltr'><strong>ALEX</strong></span> 
     </span>
    </p>
   </div>
   <div class='ocr_carea' id='block_1_3' title="bbox 2223 354 3755 428">
    <p class='ocr_par' dir='ltr' id='par_1_3' title="bbox 2223 354 3755 428">
     <span class='ocr_line' id='line_1_3' title="bbox 2223 354 3755 428; baseline 0.01 -18"><span class='ocrx_word' id='word_1_5' title='bbox 2223 354 2409 415; x_wconf 52' lang='lat'><strong>3:12.;</strong></span> <span class='ocrx_word' id='word_1_6' title='bbox 2449 364 2771 414; x_wconf 39' lang='lat' dir='ltr'><strong>Aius-“uana</strong></span> 
     </span>
    </p>
   </div>
   <div class='ocr_carea' id='block_1_4' title="bbox 532 473 2119 556">
    <p class='ocr_par' dir='ltr' id='par_1_4' title="bbox 532 476 2113 556">
     <span class='ocr_line' id='line_1_4' title="bbox 532 476 2113 556; baseline -0.008 -17"><span class='ocrx_word' id='word_1_7' title='bbox 532 487 585 542; x_wconf 86' lang='lat' dir='ltr'><strong>ni</strong></span> <span class='ocrx_word' id='word_1_8' title='bbox 646 486 736 556; x_wconf 83' lang='lat' dir='ltr'><strong>qui</strong></span> <span class='ocrx_word' id='word_1_9' title='bbox 772 483 839 538; x_wconf 89' lang='lat' dir='ltr'><strong>ab</strong></span> <span class='ocrx_word' id='word_1_10' title='bbox 865 482 982 551; x_wconf 76' lang='lat' dir='ltr'><strong>ipso</strong></span> <span class='ocrx_word' id='word_1_11' title='bbox 1015 479 1079 534; x_wconf 84' lang='lat' dir='ltr'><strong>ad</strong></span> <span class='ocrx_word' id='word_1_12' title='bbox 1124 479 1446 547; x_wconf 70' lang='lat' dir='ltr'><strong>agnitionem</strong></span> <span class='ocrx_word' id='word_1_13' title='bbox 1491 477 1736 530; x_wconf 89' lang='lat' dir='ltr'><strong>veritatis</strong></span> <span class='ocrx_word' id='word_1_14' title='bbox 1763 476 1937 531; x_wconf 88' lang='lat' dir='ltr'><strong>vocati</strong></span> <span class='ocrx_word' id='word_1_15' title='bbox 1969 484 2113 537; x_wconf 79' lang='lat' dir='ltr'><strong>sunt.</strong></span> 
     </span>
    </p>
   </div>
   <div class='ocr_carea' id='block_1_5' title="bbox 2223 473 3757 556">
    <p class='ocr_par' dir='ltr' id='par_1_5' title="bbox 2223 473 3757 547">
     <span class='ocr_line' id='line_1_5' title="bbox 2223 473 3757 547; baseline 0.008 -20"><span class='ocrx_word' id='word_1_16' title='bbox 2223 475 2313 527; x_wconf 74' lang='grc' dir='ltr'>τὸν</span> <span class='ocrx_word' id='word_1_17' title='bbox 2344 473 2703 546; x_wconf 73' lang='grc' dir='ltr'><strong>κεκλημένοις</strong></span> <span class='ocrx_word' id='word_1_18' title='bbox 2733 476 2814 538; x_wconf 84' lang='grc' dir='ltr'><strong>εἰς</strong></span> <span class='ocrx_word' id='word_1_19' title='bbox 2848 475 3144 544; x_wconf 84' lang='grc' dir='ltr'>ἐπίγνωσιν</span> <span class='ocrx_word' id='word_1_20' title='bbox 3182 475 3454 547; x_wconf 74' lang='grc' dir='ltr'>ἀληθείας,</span> <span class='ocrx_word' id='word_1_21' title='bbox 3482 481 3757 539; x_wconf 73' lang='grc' dir='ltr'><strong>ἐπιστέλλει</strong></span> 
     </span>
    </p>
   </div>
   <div class='ocr_carea' id='block_1_6' title="bbox 531 566 2117 633">
    <p class='ocr_par' dir='ltr' id='par_1_6' title="bbox 531 566 2117 633">
     <span class='ocr_line' id='line_1_6' title="bbox 531 566 2117 633; baseline -0.008 -3"><span class='ocrx_word' id='word_1_22' title='bbox 531 574 721 629; x_wconf 79' lang='lat' dir='ltr'><strong>scribit</strong></span> <span class='ocrx_word' id='word_1_23' title='bbox 772 573 854 627; x_wconf 88' lang='lat' dir='ltr'><strong>his</strong></span> <span class='ocrx_word' id='word_1_24' title='bbox 906 569 1121 623; x_wconf 80' lang='lat' dir='ltr'><strong>verbis:</strong></span> <span class='ocrx_word' id='word_1_25' title='bbox 1162 586 1180 619; x_wconf 85' lang='grc' dir='ltr'><strong>ι</strong></span> <span class='ocrx_word' id='word_1_26' title='bbox 1209 566 1263 622; x_wconf 90' lang='lat' dir='ltr'><strong>Si</strong></span> <span class='ocrx_word' id='word_1_27' title='bbox 1307 566 1662 622; x_wconf 73' lang='lat' dir='ltr'><strong>eruditionem</strong></span> <span class='ocrx_word' id='word_1_28' title='bbox 1698 568 1998 633; x_wconf 73' lang='lat' dir='ltr'><strong>suStiuetis,</strong></span> <span class='ocrx_word' id='word_1_29' title='bbox 2058 575 2117 620; x_wconf 89' lang='lat' dir='ltr'><strong>ut</strong></span> 
     </span>
    </p>
   </div>
   <div class='ocr_carea' id='block_1_7' title="bbox 538 654 2114 724">
    <p class='ocr_par' dir='ltr' id='par_1_7' title="bbox 538 654 2114 724">
     <span class='ocr_line' id='line_1_7' title="bbox 538 654 2114 724; baseline -0.008 -6"><span class='ocrx_word' id='word_1_30' title='bbox 538 665 661 719; x_wconf 81' lang='lat' dir='ltr'><strong>ﬁliis</strong></span> <span class='ocrx_word' id='word_1_31' title='bbox 701 664 856 716; x_wconf 80' lang='lat' dir='ltr'><strong>vobis</strong></span> <span class='ocrx_word' id='word_1_32' title='bbox 908 675 965 714; x_wconf 87' lang='lat' dir='ltr'><strong>se</strong></span> <span class='ocrx_word' id='word_1_33' title='bbox 1012 657 1163 712; x_wconf 75' lang='lat' dir='ltr'><strong>oll&#39;crt</strong></span> <span class='ocrx_word' id='word_1_34' title='bbox 1207 658 1345 711; x_wconf 90' lang='lat' dir='ltr'><strong>Deus</strong></span> <span class='ocrx_word' id='word_1_35' title='bbox 1390 674 1404 710; x_wconf 90' lang='lat'><strong>:</strong></span> <span class='ocrx_word' id='word_1_36' title='bbox 1454 657 1574 724; x_wconf 87' lang='lat' dir='ltr'><strong>quis</strong></span> <span class='ocrx_word' id='word_1_37' title='bbox 1628 655 1770 708; x_wconf 83' lang='lat' dir='ltr'><strong>enim</strong></span> <span class='ocrx_word' id='word_1_38' title='bbox 1826 664 1908 710; x_wconf 86' lang='lat' dir='ltr'><strong>est</strong></span> <span class='ocrx_word' id='word_1_39' title='bbox 1955 654 2114 720; x_wconf 87' lang='lat' dir='ltr'><strong>lilius,</strong></span> 
     </span>
    </p>
   </div>
   <div class='ocr_carea' id='block_1_8' title="bbox 534 747 2114 823">
    <p class='ocr_par' dir='ltr' id='par_1_8' title="bbox 534 747 2114 823">
     <span class='ocr_line' id='line_1_8' title="bbox 534 747 2114 823; baseline -0.005 -16"><span class='ocrx_word' id='word_1_40' title='bbox 534 772 689 823; x_wconf 76' lang='lat' dir='ltr'><strong>quem</strong></span> <span class='ocrx_word' id='word_1_41' title='bbox 742 770 843 805; x_wconf 87' lang='lat' dir='ltr'><strong>non</strong></span> <span class='ocrx_word' id='word_1_42' title='bbox 901 752 1077 803; x_wconf 84' lang='lat' dir='ltr'><strong>erudit</strong></span> <span class='ocrx_word' id='word_1_43' title='bbox 1126 749 1433 819; x_wconf 65' lang='lat' dir='ltr'><strong>pater&quot;?r</strong></span> <span class='ocrx_word' id='word_1_44' title='bbox 1497 748 1731 819; x_wconf 77' lang='lat' dir='ltr'><strong>Apponit</strong></span> <span class='ocrx_word' id='word_1_45' title='bbox 1778 757 1831 803; x_wconf 89' lang='lat' dir='ltr'><strong>et</strong></span> <span class='ocrx_word' id='word_1_46' title='bbox 1892 747 1980 802; x_wconf 77' lang='lat' dir='ltr'><strong>illa</strong></span> <span class='ocrx_word' id='word_1_47' title='bbox 2047 762 2114 799; x_wconf 81' lang='lat' dir='ltr'><strong>ex</strong></span> 
     </span>
    </p>
   </div>
   <div class='ocr_carea' id='block_1_9' title="bbox 535 837 2113 912">
    <p class='ocr_par' dir='ltr' id='par_1_9' title="bbox 535 837 2113 912">
     <span class='ocr_line' id='line_1_9' title="bbox 535 837 2113 912; baseline -0.004 -14"><span class='ocrx_word' id='word_1_48' title='bbox 535 850 814 912; x_wconf 66' lang='lat' dir='ltr'><strong>Sr‘rtpttlra</strong></span> <span class='ocrx_word' id='word_1_49' title='bbox 875 843 1135 896; x_wconf 77' lang='lat' dir='ltr'><strong>divinitus</strong></span> <span class='ocrx_word' id='word_1_50' title='bbox 1166 842 1424 910; x_wconf 87' lang='lat' dir='ltr'><strong>inspirata</strong></span> <span class='ocrx_word' id='word_1_51' title='bbox 1452 857 1466 905; x_wconf 92' lang='lat'><strong>;</strong></span> <span class='ocrx_word' id='word_1_52' title='bbox 1517 840 1680 894; x_wconf 83' lang='lat' dir='ltr'><strong>infert</strong></span> <span class='ocrx_word' id='word_1_53' title='bbox 1710 839 1853 893; x_wconf 89' lang='lat' dir='ltr'><strong>enim</strong></span> <span class='ocrx_word' id='word_1_54' title='bbox 1890 837 2113 892; x_wconf 76' lang='lat' dir='ltr'><strong>Statim:</strong></span> 
     </span>
    </p>
   </div>
   <div class='ocr_carea' id='block_1_10' title="bbox 538 930 2118 999">
    <p class='ocr_par' dir='ltr' id='par_1_10' title="bbox 538 930 2118 999">
     <span class='ocr_line' id='line_1_10' title="bbox 538 930 2118 999; baseline -0.003 -12"><span class='ocrx_word' id='word_1_55' title='bbox 538 957 554 987; x_wconf 81' lang='grc' dir='ltr'><strong>ι</strong></span> <span class='ocrx_word' id='word_1_56' title='bbox 593 938 709 993; x_wconf 72' lang='lat' dir='ltr'><strong>Fili.</strong></span> <span class='ocrx_word' id='word_1_57' title='bbox 754 952 824 987; x_wconf 86' lang='lat' dir='ltr'><strong>ne</strong></span> <span class='ocrx_word' id='word_1_58' title='bbox 874 946 1192 988; x_wconf 86' lang='lat' dir='ltr'><strong>contemnas</strong></span> <span class='ocrx_word' id='word_1_59' title='bbox 1241 932 1598 987; x_wconf 76' lang='lat' dir='ltr'><strong>eruditionem</strong></span> <span class='ocrx_word' id='word_1_60' title='bbox 1647 930 1892 997; x_wconf 88' lang='lat' dir='ltr'><strong>Domini;</strong></span> <span class='ocrx_word' id='word_1_61' title='bbox 1945 944 2118 999; x_wconf 86' lang='lat' dir='ltr'><strong>neque</strong></span> 
     </span>
    </p>
   </div>
   <div class='ocr_carea' id='block_1_11' title="bbox 529 1021 2111 1094">
    <p class='ocr_par' dir='ltr' id='par_1_11' title="bbox 529 1021 2111 1094">
     <span class='ocr_line' id='line_1_11' title="bbox 529 1021 2111 1094; baseline -0.006 -11"><span class='ocrx_word' id='word_1_62' title='bbox 529 1031 750 1083; x_wconf 56' lang='lat' dir='ltr'><strong>delicias</strong></span> <span class='ocrx_word' id='word_1_63' title='bbox 791 1028 857 1081; x_wconf 93' lang='lat' dir='ltr'><strong>ab</strong></span> <span class='ocrx_word' id='word_1_64' title='bbox 907 1027 997 1080; x_wconf 93' lang='lat' dir='ltr'><strong>illo</strong></span> <span class='ocrx_word' id='word_1_65' title='bbox 1028 1035 1330 1094; x_wconf 87' lang='lat' dir='ltr'><strong>correptus.</strong></span> <span class='ocrx_word' id='word_1_66' title='bbox 1358 1024 1529 1091; x_wconf 81' lang='lat' dir='ltr'><strong>Quem</strong></span> <span class='ocrx_word' id='word_1_67' title='bbox 1572 1023 1714 1078; x_wconf 88' lang='lat' dir='ltr'><strong>enim</strong></span> <span class='ocrx_word' id='word_1_68' title='bbox 1739 1031 1888 1075; x_wconf 87' lang='lat' dir='ltr'><strong>amat</strong></span> <span class='ocrx_word' id='word_1_69' title='bbox 1925 1021 2111 1077; x_wconf 85' lang='lat' dir='ltr'><strong>Domi-</strong></span> 
     </span>
    </p>
   </div>
   <div class='ocr_carea' id='block_1_12' title="bbox 532 1113 2114 1188">
    <p class='ocr_par' dir='ltr' id='par_1_12' title="bbox 532 1113 2114 1188">
     <span class='ocr_line' id='line_1_12' title="bbox 532 1113 2114 1188; baseline -0.005 -15"><span class='ocrx_word' id='word_1_70' title='bbox 532 1138 654 1180; x_wconf 82' lang='lat' dir='ltr'><strong>nus.</strong></span> <span class='ocrx_word' id='word_1_71' title='bbox 700 1120 968 1188; x_wconf 84' lang='lat' dir='ltr'><strong>castigat:</strong></span> <span class='ocrx_word' id='word_1_72' title='bbox 1001 1117 1235 1188; x_wconf 67' lang='lat' dir='ltr'><strong>ﬂagellat</strong></span> <span class='ocrx_word' id='word_1_73' title='bbox 1283 1127 1463 1169; x_wconf 81' lang='lat' dir='ltr'><strong>autem</strong></span> <span class='ocrx_word' id='word_1_74' title='bbox 1511 1129 1729 1169; x_wconf 86' lang='lat' dir='ltr'><strong>omnem</strong></span> <span class='ocrx_word' id='word_1_75' title='bbox 1758 1113 1926 1166; x_wconf 86' lang='lat' dir='ltr'><strong>lilium</strong></span> <span class='ocrx_word' id='word_1_76' title='bbox 1955 1128 2114 1182; x_wconf 85' lang='lat' dir='ltr'><strong>quem</strong></span> 
     </span>
    </p>
   </div>
   <div class='ocr_carea' id='block_1_13' title="bbox 528 1200 2111 1279">
    <p class='ocr_par' dir='ltr' id='par_1_13' title="bbox 528 1200 2111 1279">
     <span class='ocr_line' id='line_1_13' title="bbox 528 1200 2111 1279; baseline -0.006 -14"><span class='ocrx_word' id='word_1_77' title='bbox 528 1213 749 1279; x_wconf 58' lang='lat' dir='ltr'><strong>suscipit</strong></span> <span class='ocrx_word' id='word_1_78' title='bbox 770 1210 870 1264; x_wconf 80' lang='grc'>⁸⁸.)</span> <span class='ocrx_word' id='word_1_79' title='bbox 907 1209 1038 1263; x_wconf 86' lang='lat' dir='ltr'><strong>Cum</strong></span> <span class='ocrx_word' id='word_1_80' title='bbox 1059 1210 1199 1261; x_wconf 68' lang='lat' dir='ltr'><strong>enim</strong></span> <span class='ocrx_word' id='word_1_81' title='bbox 1225 1200 1393 1260; x_wconf 84' lang='lat' dir='ltr'><strong>bonus</strong></span> <span class='ocrx_word' id='word_1_82' title='bbox 1416 1205 1486 1259; x_wconf 89' lang='lat' dir='ltr'><strong>sit</strong></span> <span class='ocrx_word' id='word_1_83' title='bbox 1507 1205 1879 1258; x_wconf 90' lang='lat' dir='ltr'><strong>universorum</strong></span> <span class='ocrx_word' id='word_1_84' title='bbox 1913 1203 2111 1269; x_wconf 81' lang='lat' dir='ltr'><strong>epifcx,</strong></span> 
     </span>
    </p>
   </div>
   <div class='ocr_carea' id='block_1_14' title="bbox 536 1293 2116 1364">
    <p class='ocr_par' dir='ltr' id='par_1_14' title="bbox 536 1293 2116 1364">
     <span class='ocr_line' id='line_1_14' title="bbox 536 1293 2116 1364; baseline -0.006 -9"><span class='ocrx_word' id='word_1_85' title='bbox 536 1325 552 1355; x_wconf 72' lang='grc' dir='ltr'><strong>ι</strong></span> <span class='ocrx_word' id='word_1_86' title='bbox 590 1320 778 1354; x_wconf 62' lang='lat' dir='ltr'><strong>«uiriles</strong></span> <span class='ocrx_word' id='word_1_87' title='bbox 819 1300 931 1353; x_wconf 78' lang='lat' dir='ltr'><strong>vult</strong></span> <span class='ocrx_word' id='word_1_88' title='bbox 957 1298 1137 1352; x_wconf 87' lang='lat' dir='ltr'><strong>salvos</strong></span> <span class='ocrx_word' id='word_1_89' title='bbox 1171 1312 1311 1363; x_wconf 88' lang='lat' dir='ltr'><strong>esse,</strong></span> <span class='ocrx_word' id='word_1_90' title='bbox 1338 1305 1391 1350; x_wconf 89' lang='lat' dir='ltr'><strong>et</strong></span> <span class='ocrx_word' id='word_1_91' title='bbox 1425 1297 1477 1349; x_wconf 92' lang='lat' dir='ltr'><strong>in</strong></span> <span class='ocrx_word' id='word_1_92' title='bbox 1506 1294 1834 1364; x_wconf 81' lang='lat' dir='ltr'><strong>agnitionem</strong></span> <span class='ocrx_word' id='word_1_93' title='bbox 1866 1293 2116 1348; x_wconf 84' lang='lat' dir='ltr'><strong>veritatis</strong></span> 
     </span>
    </p>
   </div>
   <div class='ocr_carea' id='block_1_15' title="bbox 534 1385 2119 1459">
    <p class='ocr_par' dir='ltr' id='par_1_15' title="bbox 534 1385 2119 1459">
     <span class='ocr_line' id='line_1_15' title="bbox 534 1385 2119 1459; baseline -0.006 -11"><span class='ocrx_word' id='word_1_94' title='bbox 534 1398 720 1448; x_wconf 68' lang='lat' dir='ltr'><strong>venire</strong></span> <span class='ocrx_word' id='word_1_95' title='bbox 739 1393 804 1446; x_wconf 81' lang='lat'><strong>”.</strong></span> <span class='ocrx_word' id='word_1_96' title='bbox 844 1411 863 1444; x_wconf 72' lang='grc' dir='ltr'><strong>ι</strong></span> <span class='ocrx_word' id='word_1_97' title='bbox 910 1391 1046 1445; x_wconf 84' lang='lat' dir='ltr'><strong>Hinc</strong></span> <span class='ocrx_word' id='word_1_98' title='bbox 1075 1390 1239 1459; x_wconf 79' lang='lat' dir='ltr'><strong>igitur</strong></span> <span class='ocrx_word' id='word_1_99' title='bbox 1272 1387 1479 1442; x_wconf 86' lang='lat' dir='ltr'><strong>n.onuit</strong></span> <span class='ocrx_word' id='word_1_100' title='bbox 1513 1401 1655 1457; x_wconf 73' lang='lat' dir='ltr'><strong>saepe</strong></span> <span class='ocrx_word' id='word_1_101' title='bbox 1692 1400 1791 1455; x_wconf 85' lang='lat' dir='ltr'><strong>per</strong></span> <span class='ocrx_word' id='word_1_102' title='bbox 1828 1385 2119 1455; x_wconf 85' lang='lat' dir='ltr'><strong>prophetas</strong></span> 
     </span>
    </p>
   </div>
   <div class='ocr_carea' id='block_1_16' title="bbox 535 1479 2115 1552">
    <p class='ocr_par' dir='ltr' id='par_1_16' title="bbox 535 1479 2115 1552">
     <span class='ocr_line' id='line_1_16' title="bbox 535 1479 2115 1552; baseline -0.006 -10"><span class='ocrx_word' id='word_1_103' title='bbox 535 1499 776 1552; x_wconf 71' lang='lat' dir='ltr'><strong>sant-tos,</strong></span> <span class='ocrx_word' id='word_1_104' title='bbox 812 1485 1103 1547; x_wconf 73' lang='lat' dir='ltr'><strong>Israelitas,</strong></span> <span class='ocrx_word' id='word_1_105' title='bbox 1136 1483 1367 1536; x_wconf 76' lang='lat' dir='ltr'><strong>innxime</strong></span> <span class='ocrx_word' id='word_1_106' title='bbox 1416 1496 1542 1536; x_wconf 82' lang='lat' dir='ltr'><strong>vero</strong></span> <span class='ocrx_word' id='word_1_107' title='bbox 1576 1479 2115 1550; x_wconf 88' lang='lat' dir='ltr'><strong>llierosolymitanos,</strong></span> 
     </span>
    </p>
   </div>
   <div class='ocr_carea' id='block_1_17' title="bbox 531 1569 2118 1646">
    <p class='ocr_par' dir='ltr' id='par_1_17' title="bbox 531 1569 2118 1646">
     <span class='ocr_line' id='line_1_17' title="bbox 531 1569 2118 1646; baseline -0.004 -19"><span class='ocrx_word' id='word_1_108' title='bbox 531 1577 704 1646; x_wconf 83' lang='lat' dir='ltr'><strong>quiad</strong></span> <span class='ocrx_word' id='word_1_109' title='bbox 739 1576 1037 1629; x_wconf 81' lang='lat' dir='ltr'><strong>Samariam</strong></span> <span class='ocrx_word' id='word_1_110' title='bbox 1058 1575 1573 1643; x_wconf 83' lang='lat' dir='ltr'><strong>conttnigraverunt.</strong></span> <span class='ocrx_word' id='word_1_111' title='bbox 1611 1569 1674 1624; x_wconf 88' lang='lat' dir='ltr'><strong>lli</strong></span> <span class='ocrx_word' id='word_1_112' title='bbox 1711 1580 1891 1625; x_wconf 84' lang='lat' dir='ltr'><strong>autent</strong></span> <span class='ocrx_word' id='word_1_113' title='bbox 1922 1569 2118 1623; x_wconf 86' lang='lat' dir='ltr'><strong>intem-</strong></span> 
     </span>
    </p>
   </div>
   <div class='ocr_carea' id='block_1_18' title="bbox 532 1661 2114 1738">
    <p class='ocr_par' dir='ltr' id='par_1_18' title="bbox 532 1661 2114 1738">
     <span class='ocr_line' id='line_1_18' title="bbox 532 1661 2114 1738; baseline -0.004 -20"><span class='ocrx_word' id='word_1_114' title='bbox 532 1679 781 1737; x_wconf 77' lang='lat' dir='ltr'><strong>petantur</strong></span> <span class='ocrx_word' id='word_1_115' title='bbox 805 1667 869 1720; x_wconf 90' lang='lat' dir='ltr'><strong>ad</strong></span> <span class='ocrx_word' id='word_1_116' title='bbox 900 1665 952 1718; x_wconf 90' lang='lat' dir='ltr'><strong>id</strong></span> <span class='ocrx_word' id='word_1_117' title='bbox 978 1665 1118 1734; x_wconf 83' lang='lat' dir='ltr'><strong>quod</strong></span> <span class='ocrx_word' id='word_1_118' title='bbox 1153 1666 1283 1734; x_wconf 88' lang='lat' dir='ltr'><strong>ipsis</strong></span> <span class='ocrx_word' id='word_1_119' title='bbox 1319 1665 1571 1736; x_wconf 68' lang='lat' dir='ltr'><strong>placitum</strong></span> <span class='ocrx_word' id='word_1_120' title='bbox 1609 1673 1722 1738; x_wconf 72' lang='lat' dir='ltr'><strong>est~</strong></span> <span class='ocrx_word' id='word_1_121' title='bbox 1753 1661 2114 1725; x_wconf 84' lang='lat' dir='ltr'><strong>declinarunt,</strong></span> 
     </span>
    </p>
   </div>
   <div class='ocr_carea' id='block_1_19' title="bbox 530 1752 2116 1822">
    <p class='ocr_par' dir='ltr' id='par_1_19' title="bbox 530 1752 2116 1822">
     <span class='ocr_line' id='line_1_19' title="bbox 530 1752 2116 1822; baseline -0.005 -9"><span class='ocrx_word' id='word_1_122' title='bbox 530 1773 581 1813; x_wconf 81' lang='lat' dir='ltr'><strong>et</strong></span> <span class='ocrx_word' id='word_1_123' title='bbox 612 1760 718 1813; x_wconf 86' lang='lat' dir='ltr'><strong>Deo</strong></span> <span class='ocrx_word' id='word_1_124' title='bbox 763 1770 955 1811; x_wconf 85' lang='lat' dir='ltr'><strong>natura</strong></span> <span class='ocrx_word' id='word_1_125' title='bbox 996 1772 1059 1811; x_wconf 85' lang='lat' dir='ltr'><strong>ac</strong></span> <span class='ocrx_word' id='word_1_126' title='bbox 1087 1774 1213 1814; x_wconf 85' lang='lat' dir='ltr'><strong>vere</strong></span> <span class='ocrx_word' id='word_1_127' title='bbox 1243 1757 1520 1822; x_wconf 87' lang='lat' dir='ltr'><strong>derelicto,</strong></span> <span class='ocrx_word' id='word_1_128' title='bbox 1558 1755 1792 1810; x_wconf 88' lang='lat' dir='ltr'><strong>cultores</strong></span> <span class='ocrx_word' id='word_1_129' title='bbox 1821 1752 2116 1807; x_wconf 63' lang='lat' dir='ltr'><strong>daemonio-</strong></span> 
     </span>
    </p>
   </div>
   <div class='ocr_carea' id='block_1_20' title="bbox 2219 565 3759 642">
    <p class='ocr_par' dir='ltr' id='par_1_20' title="bbox 2219 565 3759 642">
     <span class='ocr_line' id='line_1_20' title="bbox 2219 565 3759 642; baseline -0.002 -23"><span class='ocrx_word' id='word_1_130' title='bbox 2219 565 2311 619; x_wconf 85' lang='grc' dir='ltr'><strong>καί</strong></span> <span class='ocrx_word' id='word_1_131' title='bbox 2338 582 2526 634; x_wconf 78' lang='grc' dir='ltr'>φησιν’</span> <span class='ocrx_word' id='word_1_132' title='bbox 2564 582 2583 615; x_wconf 71' lang='grc' dir='ltr'><strong>ι</strong></span> <span class='ocrx_word' id='word_1_133' title='bbox 2614 566 2675 617; x_wconf 87' lang='grc' dir='ltr'>Εἰ</span> <span class='ocrx_word' id='word_1_134' title='bbox 2706 565 2955 619; x_wconf 81' lang='grc' dir='ltr'>παιδείαν</span> <span class='ocrx_word' id='word_1_135' title='bbox 2995 566 3314 637; x_wconf 77' lang='grc' dir='ltr'><strong>ὑπομένετε,</strong></span> <span class='ocrx_word' id='word_1_136' title='bbox 3358 567 3431 630; x_wconf 81' lang='grc' dir='ltr'><strong>ὡς</strong></span> <span class='ocrx_word' id='word_1_137' title='bbox 3478 570 3604 633; x_wconf 82' lang='grc' dir='ltr'>υἱοῖς</span> <span class='ocrx_word' id='word_1_138' title='bbox 3649 573 3759 642; x_wconf 73' lang='grc' dir='ltr'>ὑμῖν</span> 
     </span>
    </p>
   </div>
   <div class='ocr_carea' id='block_1_21' title="bbox 2217 658 3763 731">
    <p class='ocr_par' dir='ltr' id='par_1_21' title="bbox 2217 658 3763 731">
     <span class='ocr_line' id='line_1_21' title="bbox 2217 658 3763 731; baseline 0.004 -19"><span class='ocrx_word' id='word_1_139' title='bbox 2217 659 2587 730; x_wconf 77' lang='grc' dir='ltr'><strong>προσφέρεται</strong></span> <span class='ocrx_word' id='word_1_140' title='bbox 2636 659 2666 712; x_wconf 84' lang='grc' dir='ltr'><strong>ὁ</strong></span> <span class='ocrx_word' id='word_1_141' title='bbox 2706 658 2858 722; x_wconf 60' lang='grc' dir='ltr'>θεός</span> <span class='ocrx_word' id='word_1_142' title='bbox 2894 660 2978 721; x_wconf 86' lang='grc' dir='ltr'><strong>τίς</strong></span> <span class='ocrx_word' id='word_1_143' title='bbox 3008 660 3119 731; x_wconf 71' lang='grc' dir='ltr'>γάρ</span> <span class='ocrx_word' id='word_1_144' title='bbox 3157 660 3305 711; x_wconf 81' lang='grc' dir='ltr'>ἐστιν</span> <span class='ocrx_word' id='word_1_145' title='bbox 3327 660 3436 723; x_wconf 59' lang='grc' dir='ltr'>υίὸς</span> <span class='ocrx_word' id='word_1_146' title='bbox 3464 660 3521 714; x_wconf 77' lang='grc' dir='ltr'><strong>δν</strong></span> <span class='ocrx_word' id='word_1_147' title='bbox 3558 664 3617 717; x_wconf 80' lang='grc' dir='ltr'><strong>οὐ</strong></span> <span class='ocrx_word' id='word_1_148' title='bbox 3654 673 3763 718; x_wconf 77' lang='grc' dir='ltr'>παι·</span> 
     </span>
    </p>
   </div>
   <div class='ocr_carea' id='block_1_22' title="bbox 2216 749 3765 824">
    <p class='ocr_par' dir='ltr' id='par_1_22' title="bbox 2216 749 3765 824">
     <span class='ocr_line' id='line_1_22' title="bbox 2216 749 3765 824; baseline 0 -21"><span class='ocrx_word' id='word_1_149' title='bbox 2216 751 2360 803; x_wconf 81' lang='grc' dir='ltr'>δεύει</span> <span class='ocrx_word' id='word_1_150' title='bbox 2393 751 2612 822; x_wconf 85' lang='grc' dir='ltr'>πατήρ;</span> <span class='ocrx_word' id='word_1_151' title='bbox 2645 768 2663 800; x_wconf 72' lang='grc' dir='ltr'><strong>ι</strong></span> <span class='ocrx_word' id='word_1_152' title='bbox 2712 749 3054 822; x_wconf 80' lang='grc' dir='ltr'>Παρατίθησι</span> <span class='ocrx_word' id='word_1_153' title='bbox 3104 750 3159 802; x_wconf 76' lang='grc' dir='ltr'><strong>δὲ</strong></span> <span class='ocrx_word' id='word_1_154' title='bbox 3190 749 3286 802; x_wconf 71' lang='grc' dir='ltr'><strong>καὶ</strong></span> <span class='ocrx_word' id='word_1_155' title='bbox 3313 750 3380 803; x_wconf 83' lang='grc' dir='ltr'>τὰ</span> <span class='ocrx_word' id='word_1_156' title='bbox 3426 753 3487 804; x_wconf 84' lang='grc' dir='ltr'><strong>ἐκ</strong></span> <span class='ocrx_word' id='word_1_157' title='bbox 3535 753 3626 824; x_wconf 79' lang='grc' dir='ltr'><strong>τῆς</strong></span> <span class='ocrx_word' id='word_1_158' title='bbox 3666 754 3765 810; x_wconf 79' lang='grc' dir='ltr'>θεο-</span> 
     </span>
    </p>
   </div>
   <div class='ocr_carea' id='block_1_23' title="bbox 2220 839 3769 913">
    <p class='ocr_par' dir='ltr' id='par_1_23' title="bbox 2220 839 3769 913">
     <span class='ocr_line' id='line_1_23' title="bbox 2220 839 3769 913; baseline 0.002 -20"><span class='ocrx_word' id='word_1_159' title='bbox 2220 840 2487 893; x_wconf 86' lang='grc' dir='ltr'>πνεύστου</span> <span class='ocrx_word' id='word_1_160' title='bbox 2513 839 2756 910; x_wconf 71' lang='grc' dir='ltr'>Γραφῆς·</span> <span class='ocrx_word' id='word_1_161' title='bbox 2785 840 3039 909; x_wconf 64' lang='grc' dir='ltr'>’ἐπιφέρει</span> <span class='ocrx_word' id='word_1_162' title='bbox 3063 839 3170 910; x_wconf 74' lang='grc' dir='ltr'>γὰρ</span> <span class='ocrx_word' id='word_1_163' title='bbox 3192 839 3370 903; x_wconf 72' lang='grc' dir='ltr'>εὐθύς·</span> <span class='ocrx_word' id='word_1_164' title='bbox 3400 840 3545 906; x_wconf 79' lang='grc' dir='ltr'>ιΥἰέ,</span> <span class='ocrx_word' id='word_1_165' title='bbox 3578 842 3647 913; x_wconf 79' lang='grc' dir='ltr'>μὴ</span> <span class='ocrx_word' id='word_1_166' title='bbox 3673 843 3769 896; x_wconf 84' lang='grc' dir='ltr'>όλι-</span> 
     </span>
    </p>
   </div>
   <div class='ocr_carea' id='block_1_24' title="bbox 2218 930 3767 1001">
    <p class='ocr_par' dir='ltr' id='par_1_24' title="bbox 2218 930 3767 1001">
     <span class='ocr_line' id='line_1_24' title="bbox 2218 930 3767 1001; baseline 0.003 -20"><span class='ocrx_word' id='word_1_167' title='bbox 2218 930 2390 1001; x_wconf 83' lang='grc' dir='ltr'>γώρει</span> <span class='ocrx_word' id='word_1_168' title='bbox 2444 930 2694 994; x_wconf 77' lang='grc' dir='ltr'>παιδείας</span> <span class='ocrx_word' id='word_1_169' title='bbox 2752 931 2999 1001; x_wconf 78' lang='grc' dir='ltr'>Κυρίου,</span> <span class='ocrx_word' id='word_1_170' title='bbox 3062 931 3198 1001; x_wconf 73' lang='grc' dir='ltr'><strong>μηδέ</strong></span> <span class='ocrx_word' id='word_1_171' title='bbox 3243 930 3433 984; x_wconf 88' lang='grc' dir='ltr'>ἐκλύου</span> <span class='ocrx_word' id='word_1_172' title='bbox 3484 931 3570 985; x_wconf 79' lang='grc' dir='ltr'>ὑπ’</span> <span class='ocrx_word' id='word_1_173' title='bbox 3621 933 3767 987; x_wconf 73' lang='grc' dir='ltr'>αὐτοῦ</span> 
     </span>
    </p>
   </div>
   <div class='ocr_carea' id='block_1_25' title="bbox 2218 1020 3769 1094">
    <p class='ocr_par' dir='ltr' id='par_1_25' title="bbox 2218 1020 3769 1094">
     <span class='ocr_line' id='line_1_25' title="bbox 2218 1020 3769 1094; baseline 0.002 -20"><span class='ocrx_word' id='word_1_174' title='bbox 2218 1021 2595 1091; x_wconf 81' lang='grc' dir='ltr'><strong>ἐλεγχόμενος.</strong></span> <span class='ocrx_word' id='word_1_175' title='bbox 2626 1020 2722 1077; x_wconf 86' lang='grc' dir='ltr'>Ὃν</span> <span class='ocrx_word' id='word_1_176' title='bbox 2747 1021 2856 1093; x_wconf 87' lang='grc' dir='ltr'>γὰρ</span> <span class='ocrx_word' id='word_1_177' title='bbox 2877 1023 3070 1094; x_wconf 81' lang='grc' dir='ltr'>ἀγαπᾷ</span> <span class='ocrx_word' id='word_1_178' title='bbox 3090 1022 3291 1092; x_wconf 84' lang='grc' dir='ltr'>Κύριος</span> <span class='ocrx_word' id='word_1_179' title='bbox 3320 1021 3575 1087; x_wconf 79' lang='grc' dir='ltr'>παιδεύει,</span> <span class='ocrx_word' id='word_1_180' title='bbox 3601 1040 3769 1093; x_wconf 73' lang='grc' dir='ltr'>μαστιο</span> 
     </span>
    </p>
   </div>
   <div class='ocr_carea' id='block_1_26' title="bbox 2220 1113 3769 1189">
    <p class='ocr_par' dir='ltr' id='par_1_26' title="bbox 2220 1113 3769 1189">
     <span class='ocr_line' id='line_1_26' title="bbox 2220 1113 3769 1189; baseline 0.005 -24"><span class='ocrx_word' id='word_1_181' title='bbox 2220 1118 2306 1182; x_wconf 89' lang='grc' dir='ltr'><strong>γοί</strong></span> <span class='ocrx_word' id='word_1_182' title='bbox 2349 1115 2405 1167; x_wconf 86' lang='grc' dir='ltr'>δὲ</span> <span class='ocrx_word' id='word_1_183' title='bbox 2454 1115 2631 1168; x_wconf 85' lang='grc' dir='ltr'>πάντα</span> <span class='ocrx_word' id='word_1_184' title='bbox 2684 1114 2798 1166; x_wconf 71' lang='grc' dir='ltr'>υἱὸν</span> <span class='ocrx_word' id='word_1_185' title='bbox 2849 1113 2907 1165; x_wconf 83' lang='grc' dir='ltr'>ὃν</span> <span class='ocrx_word' id='word_1_186' title='bbox 2949 1114 3366 1185; x_wconf 78' lang='grc' dir='ltr'>παραδέχεται.ι</span> <span class='ocrx_word' id='word_1_187' title='bbox 3426 1114 3633 1187; x_wconf 74' lang='grc' dir='ltr'>Ἐπειδὴ</span> <span class='ocrx_word' id='word_1_188' title='bbox 3677 1120 3769 1189; x_wconf 81' lang='grc' dir='ltr'>γάρ</span> 
     </span>
    </p>
   </div>
   <div class='ocr_carea' id='block_1_27' title="bbox 2221 1203 3767 1277">
    <p class='ocr_par' dir='ltr' id='par_1_27' title="bbox 2221 1203 3767 1277">
     <span class='ocr_line' id='line_1_27' title="bbox 2221 1203 3767 1277; baseline 0.003 -20"><span class='ocrx_word' id='word_1_189' title='bbox 2221 1208 2366 1258; x_wconf 83' lang='grc' dir='ltr'>ἐστιν</span> <span class='ocrx_word' id='word_1_190' title='bbox 2388 1205 2591 1273; x_wconf 75' lang='grc' dir='ltr'>ἀγαθὸς</span> <span class='ocrx_word' id='word_1_191' title='bbox 2620 1207 2648 1258; x_wconf 88' lang='grc' dir='ltr'><strong>ό</strong></span> <span class='ocrx_word' id='word_1_192' title='bbox 2679 1203 2788 1256; x_wconf 82' lang='grc' dir='ltr'><strong>τῶν</strong></span> <span class='ocrx_word' id='word_1_193' title='bbox 2816 1205 2951 1258; x_wconf 81' lang='grc' dir='ltr'>ὅλων</span> <span class='ocrx_word' id='word_1_194' title='bbox 2985 1204 3333 1277; x_wconf 70' lang='grc' dir='ltr'>δημιουργὸς,</span> <span class='ocrx_word' id='word_1_195' title='bbox 3362 1207 3590 1269; x_wconf 74' lang='grc' dir='ltr'>«πάντας</span> <span class='ocrx_word' id='word_1_196' title='bbox 3622 1207 3767 1261; x_wconf 81' lang='grc' dir='ltr'>ἐθέλει</span> 
     </span>
    </p>
   </div>
   <div class='ocr_carea' id='block_1_28' title="bbox 2224 1296 3768 1371">
    <p class='ocr_par' dir='ltr' id='par_1_28' title="bbox 2224 1296 3768 1371">
     <span class='ocr_line' id='line_1_28' title="bbox 2224 1296 3768 1371; baseline -0.004 -20"><span class='ocrx_word' id='word_1_197' title='bbox 2224 1298 2459 1368; x_wconf 86' lang='grc' dir='ltr'>σωθῆναι</span> <span class='ocrx_word' id='word_1_198' title='bbox 2482 1299 2574 1350; x_wconf 75' lang='grc' dir='ltr'><strong>καὶ</strong></span> <span class='ocrx_word' id='word_1_199' title='bbox 2596 1299 2674 1360; x_wconf 88' lang='grc' dir='ltr'><strong>εἰς</strong></span> <span class='ocrx_word' id='word_1_200' title='bbox 2687 1297 2981 1366; x_wconf 81' lang='grc' dir='ltr'>ἐπίγνωσιν</span> <span class='ocrx_word' id='word_1_201' title='bbox 3003 1296 3261 1366; x_wconf 73' lang='grc' dir='ltr'><strong>ἀληθείας</strong></span> <span class='ocrx_word' id='word_1_202' title='bbox 3284 1297 3504 1351; x_wconf 69' lang='grc' dir='ltr'>ἐλθεῖν.»</span> <span class='ocrx_word' id='word_1_203' title='bbox 3531 1297 3768 1371; x_wconf 73' lang='grc' dir='ltr'>Ταύτῃτοι</span> 
     </span>
    </p>
   </div>
   <div class='ocr_carea' id='block_1_29' title="bbox 2220 1386 3768 1458">
    <p class='ocr_par' dir='ltr' id='par_1_29' title="bbox 2220 1386 3768 1458">
     <span class='ocr_line' id='line_1_29' title="bbox 2220 1386 3768 1458; baseline 0.001 -20"><span class='ocrx_word' id='word_1_204' title='bbox 2220 1386 2575 1456; x_wconf 81' lang='grc' dir='ltr'>νενουθέτηκε</span> <span class='ocrx_word' id='word_1_205' title='bbox 2634 1387 2954 1449; x_wconf 76' lang='grc' dir='ltr'>πλειστάκις</span> <span class='ocrx_word' id='word_1_206' title='bbox 2987 1386 3074 1440; x_wconf 75' lang='grc' dir='ltr'><strong>διὰ</strong></span> <span class='ocrx_word' id='word_1_207' title='bbox 3127 1386 3421 1458; x_wconf 73' lang='grc' dir='ltr'>προφητῶν</span> <span class='ocrx_word' id='word_1_208' title='bbox 3470 1388 3632 1455; x_wconf 83' lang='grc' dir='ltr'>ἁγίων</span> <span class='ocrx_word' id='word_1_209' title='bbox 3665 1389 3768 1451; x_wconf 66' lang='grc' dir='ltr'>τοὺς</span> 
     </span>
    </p>
   </div>
   <div class='ocr_carea' id='block_1_30' title="bbox 2220 1458 3766 1550">
    <p class='ocr_par' dir='ltr' id='par_1_30' title="bbox 2220 1458 3766 1550">
     <span class='ocr_line' id='line_1_30' title="bbox 2220 1458 3766 1550; baseline -0.001 -17"><span class='ocrx_word' id='word_1_210' title='bbox 2220 1478 2279 1546; x_wconf 83' lang='grc' dir='ltr'><strong>ἐξ</strong></span> <span class='ocrx_word' id='word_1_211' title='bbox 2311 1479 2542 1549; x_wconf 77' lang='grc' dir='ltr'>αἵματος</span> <span class='ocrx_word' id='word_1_212' title='bbox 2583 1478 2821 1550; x_wconf 81' lang='grc' dir='ltr'>Ἰσραὴλ,</span> <span class='ocrx_word' id='word_1_213' title='bbox 2845 1480 3079 1550; x_wconf 84' lang='grc' dir='ltr'>μάλιστα</span> <span class='ocrx_word' id='word_1_214' title='bbox 3104 1478 3160 1531; x_wconf 82' lang='grc' dir='ltr'>δὲ</span> <span class='ocrx_word' id='word_1_215' title='bbox 3177 1479 3302 1541; x_wconf 76' lang='grc' dir='ltr'>τοὺς</span> <span class='ocrx_word' id='word_1_216' title='bbox 3322 1479 3381 1543; x_wconf 79' lang='grc' dir='ltr'>ἐξ</span> <span class='ocrx_word' id='word_1_217' title='bbox 3414 1458 3766 1549; x_wconf 52' lang='grc' dir='ltr'>Ἰεροσολύμων</span> 
     </span>
    </p>
   </div>
   <div class='ocr_carea' id='block_1_31' title="bbox 2223 1567 3770 1644">
    <p class='ocr_par' dir='ltr' id='par_1_31' title="bbox 2223 1567 3770 1644">
     <span class='ocr_line' id='line_1_31' title="bbox 2223 1567 3770 1644; baseline -0.001 -19"><span class='ocrx_word' id='word_1_218' title='bbox 2223 1573 2734 1644; x_wconf 75' lang='grc' dir='ltr'>μεταφοιτήσαντας</span> <span class='ocrx_word' id='word_1_219' title='bbox 2764 1574 2843 1634; x_wconf 87' lang='grc' dir='ltr'><strong>εἰς</strong></span> <span class='ocrx_word' id='word_1_220' title='bbox 2883 1572 3217 1641; x_wconf 79' lang='grc' dir='ltr'>Σαμάρειαν.</span> <span class='ocrx_word' id='word_1_221' title='bbox 3255 1572 3319 1623; x_wconf 83' lang='grc' dir='ltr'><strong>Οἱ</strong></span> <span class='ocrx_word' id='word_1_222' title='bbox 3369 1571 3426 1623; x_wconf 79' lang='grc' dir='ltr'>δὲ</span> <span class='ocrx_word' id='word_1_223' title='bbox 3477 1567 3613 1641; x_wconf 75' lang='grc' dir='ltr'>ἦσαν</span> <span class='ocrx_word' id='word_1_224' title='bbox 3642 1572 3770 1641; x_wconf 83' lang='grc' dir='ltr'>ἀσχέ-</span> 
     </span>
    </p>
   </div>
   <div class='ocr_carea' id='block_1_32' title="bbox 2218 1662 3769 1729">
    <p class='ocr_par' dir='ltr' id='par_1_32' title="bbox 2218 1662 3769 1729">
     <span class='ocr_line' id='line_1_32' title="bbox 2218 1662 3769 1729; baseline -0.001 -12"><span class='ocrx_word' id='word_1_225' title='bbox 2218 1682 2327 1728; x_wconf 85' lang='grc' dir='ltr'><strong>τως</strong></span> <span class='ocrx_word' id='word_1_226' title='bbox 2360 1663 2453 1716; x_wconf 73' lang='grc' dir='ltr'><strong>ἐπὶ</strong></span> <span class='ocrx_word' id='word_1_227' title='bbox 2484 1663 2545 1715; x_wconf 75' lang='grc' dir='ltr'><strong>τὸ</strong></span> <span class='ocrx_word' id='word_1_228' title='bbox 2594 1664 2778 1725; x_wconf 79' lang='grc' dir='ltr'>αὐτοῖς</span> <span class='ocrx_word' id='word_1_229' title='bbox 2824 1662 3015 1716; x_wconf 71' lang='grc' dir='ltr'>δοκοῦν</span> <span class='ocrx_word' id='word_1_230' title='bbox 3057 1663 3502 1729; x_wconf 79' lang='grc' dir='ltr'>ἀπονενευκότες,</span> <span class='ocrx_word' id='word_1_231' title='bbox 3553 1664 3640 1716; x_wconf 70' lang='grc' dir='ltr'><strong>καὶ</strong></span> <span class='ocrx_word' id='word_1_232' title='bbox 3663 1665 3769 1716; x_wconf 58' lang='grc' dir='ltr'>(θεον</span> 
     </span>
    </p>
   </div>
   <div class='ocr_carea' id='block_1_33' title="bbox 2223 1754 3772 1827">
    <p class='ocr_par' dir='ltr' id='par_1_33' title="bbox 2223 1754 3772 1827">
     <span class='ocr_line' id='line_1_33' title="bbox 2223 1754 3772 1827; baseline -0.002 -18"><span class='ocrx_word' id='word_1_233' title='bbox 2223 1755 2458 1825; x_wconf 75' lang='grc' dir='ltr'>ἀφέντες</span> <span class='ocrx_word' id='word_1_234' title='bbox 2496 1755 2587 1807; x_wconf 81' lang='grc' dir='ltr'><strong>τὸν</strong></span> <span class='ocrx_word' id='word_1_235' title='bbox 2627 1756 2786 1822; x_wconf 80' lang='grc' dir='ltr'>φύσει</span> <span class='ocrx_word' id='word_1_236' title='bbox 2807 1755 2898 1807; x_wconf 71' lang='grc' dir='ltr'><strong>καὶ</strong></span> <span class='ocrx_word' id='word_1_237' title='bbox 2928 1754 3162 1827; x_wconf 74' lang='grc' dir='ltr'>ἀληθῶς,</span> <span class='ocrx_word' id='word_1_238' title='bbox 3191 1754 3524 1825; x_wconf 73' lang='grc' dir='ltr'>θεραπευταὶ</span> <span class='ocrx_word' id='word_1_239' title='bbox 3550 1755 3772 1823; x_wconf 83' lang='grc' dir='ltr'>γεγόνασι</span> 
     </span>
    </p>
   </div>
   <div class='ocr_carea' id='block_1_34' title="bbox 531 1832 2119 1917">
    <p class='ocr_par' dir='ltr' id='par_1_34' title="bbox 531 1843 2119 1912">
     <span class='ocr_line' id='line_1_34' title="bbox 531 1843 2119 1912; baseline -0.004 -7"><span class='ocrx_word' id='word_1_240' title='bbox 531 1868 650 1906; x_wconf 89' lang='lat' dir='ltr'><strong>rntn</strong></span> <span class='ocrx_word' id='word_1_241' title='bbox 706 1852 1055 1912; x_wconf 75' lang='lat' dir='ltr'><strong>exstiterunt,</strong></span> <span class='ocrx_word' id='word_1_242' title='bbox 1097 1860 1153 1905; x_wconf 85' lang='lat' dir='ltr'><strong>et</strong></span> <span class='ocrx_word' id='word_1_243' title='bbox 1184 1849 1339 1903; x_wconf 81' lang='lat' dir='ltr'><strong>idolis</strong></span> <span class='ocrx_word' id='word_1_244' title='bbox 1398 1847 1653 1901; x_wconf 88' lang='lat' dir='ltr'><strong>inanimis</strong></span> <span class='ocrx_word' id='word_1_245' title='bbox 1690 1844 1892 1899; x_wconf 79' lang='lat' dir='ltr'><strong>cultum</strong></span> <span class='ocrx_word' id='word_1_246' title='bbox 1921 1843 2119 1899; x_wconf 52' lang='lat' dir='ltr'><strong>tribue.</strong></span> 
     </span>
    </p>
   </div>
   <div class='ocr_carea' id='block_1_35' title="bbox 2223 1832 3772 1917">
    <p class='ocr_par' dir='ltr' id='par_1_35' title="bbox 2223 1845 3772 1917">
     <span class='ocr_line' id='line_1_35' title="bbox 2223 1845 3772 1917; baseline -0.004 -16"><span class='ocrx_word' id='word_1_247' title='bbox 2223 1846 2534 1915; x_wconf 78' lang='grc' dir='ltr'>δαιμονίων,</span> <span class='ocrx_word' id='word_1_248' title='bbox 2563 1847 2657 1899; x_wconf 72' lang='grc' dir='ltr'>καὶ</span> <span class='ocrx_word' id='word_1_249' title='bbox 2706 1845 2945 1909; x_wconf 73' lang='grc' dir='ltr'>εἰδώλοις</span> <span class='ocrx_word' id='word_1_250' title='bbox 2994 1846 3223 1916; x_wconf 68' lang='grc' dir='ltr'>ἀψύχοις</span> <span class='ocrx_word' id='word_1_251' title='bbox 3281 1845 3666 1917; x_wconf 71' lang='grc' dir='ltr'>προσεκόμιζον</span> <span class='ocrx_word' id='word_1_252' title='bbox 3694 1845 3772 1905; x_wconf 70' lang='grc' dir='ltr'>τὰς</span> 
     </span>
    </p>
   </div>
   <div class='ocr_carea' id='block_1_36' title="bbox 533 1935 2125 2006">
    <p class='ocr_par' dir='ltr' id='par_1_36' title="bbox 533 1935 2125 2006">
     <span class='ocr_line' id='line_1_36' title="bbox 533 1935 2125 2006; baseline -0.008 -7"><span class='ocrx_word' id='word_1_253' title='bbox 533 1954 680 2000; x_wconf 87' lang='lat' dir='ltr'><strong>runt.</strong></span> <span class='ocrx_word' id='word_1_254' title='bbox 741 1943 875 1998; x_wconf 83' lang='lat' dir='ltr'><strong>Cum</strong></span> <span class='ocrx_word' id='word_1_255' title='bbox 933 1958 1065 1996; x_wconf 83' lang='lat' dir='ltr'><strong>vero</strong></span> <span class='ocrx_word' id='word_1_256' title='bbox 1090 1950 1237 1993; x_wconf 82' lang='lat' dir='ltr'><strong>tanta</strong></span> <span class='ocrx_word' id='word_1_257' title='bbox 1300 1939 1609 1991; x_wconf 86' lang='lat' dir='ltr'><strong>laborarent</strong></span> <span class='ocrx_word' id='word_1_258' title='bbox 1652 1935 2008 2006; x_wconf 84' lang='lat' dir='ltr'><strong>ignoratione,</strong></span> <span class='ocrx_word' id='word_1_259' title='bbox 2065 1942 2125 1988; x_wconf 89' lang='lat' dir='ltr'><strong>ut</strong></span> 
     </span>
    </p>
   </div>
   <div class='ocr_carea' id='block_1_37' title="bbox 535 2022 2123 2103">
    <p class='ocr_par' dir='ltr' id='par_1_37' title="bbox 535 2022 2123 2103">
     <span class='ocr_line' id='line_1_37' title="bbox 535 2022 2123 2103; baseline -0.008 -14"><span class='ocrx_word' id='word_1_260' title='bbox 535 2037 858 2103; x_wconf 70' lang='lat' dir='ltr'><strong>l&#39;t‘SipiSt&#39;el‘e</strong></span> <span class='ocrx_word' id='word_1_261' title='bbox 911 2028 1210 2092; x_wconf 69' lang='lat' dir='ltr'><strong>tenuerint,</strong></span> <span class='ocrx_word' id='word_1_262' title='bbox 1264 2027 1478 2081; x_wconf 87' lang='lat' dir='ltr'><strong>tandem</strong></span> <span class='ocrx_word' id='word_1_263' title='bbox 1518 2025 1655 2078; x_wconf 87' lang='lat' dir='ltr'><strong>Dens</strong></span> <span class='ocrx_word' id='word_1_264' title='bbox 1705 2024 1929 2094; x_wconf 83' lang='lat' dir='ltr'><strong>punivit.</strong></span> <span class='ocrx_word' id='word_1_265' title='bbox 1978 2022 2123 2090; x_wconf 85' lang='lat' dir='ltr'><strong>Quos</strong></span> 
     </span>
    </p>
   </div>
   <div class='ocr_carea' id='block_1_38' title="bbox 530 2114 2123 2194">
    <p class='ocr_par' dir='ltr' id='par_1_38' title="bbox 530 2114 2123 2194">
     <span class='ocr_line' id='line_1_38' title="bbox 530 2114 2123 2194; baseline -0.006 -15"><span class='ocrx_word' id='word_1_266' title='bbox 530 2129 672 2180; x_wconf 81' lang='lat' dir='ltr'><strong>enim</strong></span> <span class='ocrx_word' id='word_1_267' title='bbox 736 2142 838 2179; x_wconf 84' lang='lat' dir='ltr'><strong>non</strong></span> <span class='ocrx_word' id='word_1_268' title='bbox 877 2123 1071 2194; x_wconf 73' lang='lat' dir='ltr'><strong>juvant</strong></span> <span class='ocrx_word' id='word_1_269' title='bbox 1096 2120 1280 2187; x_wconf 84' lang='lat' dir='ltr'><strong>verba,</strong></span> <span class='ocrx_word' id='word_1_270' title='bbox 1325 2125 1497 2172; x_wconf 84' lang='lat' dir='ltr'><strong>mutat</strong></span> <span class='ocrx_word' id='word_1_271' title='bbox 1529 2114 1766 2179; x_wconf 80' lang='lat' dir='ltr'><strong>aﬂlictio,</strong></span> <span class='ocrx_word' id='word_1_272' title='bbox 1802 2127 2123 2170; x_wconf 84' lang='lat' dir='ltr'><strong>convertens</strong></span> 
     </span>
    </p>
   </div>
   <div class='ocr_carea' id='block_1_39' title="bbox 529 2207 2120 2277">
    <p class='ocr_par' dir='ltr' id='par_1_39' title="bbox 529 2207 2120 2277">
     <span class='ocr_line' id='line_1_39' title="bbox 529 2207 2120 2277; baseline -0.007 -4"><span class='ocrx_word' id='word_1_273' title='bbox 529 2238 623 2274; x_wconf 78' lang='lat' dir='ltr'><strong>eos</strong></span> <span class='ocrx_word' id='word_1_274' title='bbox 646 2221 787 2272; x_wconf 77' lang='lat' dir='ltr'><strong>velut</strong></span> <span class='ocrx_word' id='word_1_275' title='bbox 811 2233 876 2271; x_wconf 80' lang='lat' dir='ltr'><strong>ex</strong></span> <span class='ocrx_word' id='word_1_276' title='bbox 910 2215 1229 2269; x_wconf 80' lang='lat' dir='ltr'><strong>necessitate</strong></span> <span class='ocrx_word' id='word_1_277' title='bbox 1250 2227 1314 2265; x_wconf 88' lang='lat' dir='ltr'><strong>ac</strong></span> <span class='ocrx_word' id='word_1_278' title='bbox 1341 2210 1415 2276; x_wconf 89' lang='lat' dir='ltr'><strong>vi,</strong></span> <span class='ocrx_word' id='word_1_279' title='bbox 1441 2208 1507 2263; x_wconf 90' lang='lat' dir='ltr'><strong>ad</strong></span> <span class='ocrx_word' id='word_1_280' title='bbox 1533 2209 1584 2263; x_wconf 87' lang='lat' dir='ltr'><strong>id</strong></span> <span class='ocrx_word' id='word_1_281' title='bbox 1608 2208 1748 2277; x_wconf 82' lang='lat' dir='ltr'><strong>quod</strong></span> <span class='ocrx_word' id='word_1_282' title='bbox 1776 2207 1884 2261; x_wconf 87' lang='lat' dir='ltr'><strong>Deo</strong></span> <span class='ocrx_word' id='word_1_283' title='bbox 1924 2207 2120 2276; x_wconf 82' lang='lat' dir='ltr'><strong>placet.</strong></span> 
     </span>
    </p>
   </div>
   <div class='ocr_carea' id='block_1_40' title="bbox 532 2296 2115 2376">
    <p class='ocr_par' dir='ltr' id='par_1_40' title="bbox 532 2296 2115 2376">
     <span class='ocr_line' id='line_1_40' title="bbox 532 2296 2115 2376; baseline -0.009 -13"><span class='ocrx_word' id='word_1_284' title='bbox 532 2310 721 2364; x_wconf 80' lang='lat' dir='ltr'><strong>Simile</strong></span> <span class='ocrx_word' id='word_1_285' title='bbox 750 2309 877 2376; x_wconf 86' lang='lat' dir='ltr'><strong>quid</strong></span> <span class='ocrx_word' id='word_1_286' title='bbox 910 2305 1184 2360; x_wconf 88' lang='lat' dir='ltr'><strong>invenitur</strong></span> <span class='ocrx_word' id='word_1_287' title='bbox 1210 2304 1402 2356; x_wconf 87' lang='lat' dir='ltr'><strong>beatus</strong></span> <span class='ocrx_word' id='word_1_288' title='bbox 1435 2312 1649 2368; x_wconf 87' lang='lat' dir='ltr'><strong>quoque</strong></span> <span class='ocrx_word' id='word_1_289' title='bbox 1683 2296 1852 2352; x_wconf 89' lang='lat' dir='ltr'><strong>David</strong></span> <span class='ocrx_word' id='word_1_290' title='bbox 1880 2296 2115 2352; x_wconf 85' lang='lat' dir='ltr'><strong>dixisse:</strong></span> 
     </span>
    </p>
   </div>
   <div class='ocr_carea' id='block_1_41' title="bbox 535 2386 2122 2458">
    <p class='ocr_par' dir='ltr' id='par_1_41' title="bbox 535 2386 2122 2458">
     <span class='ocr_line' id='line_1_41' title="bbox 535 2386 2122 2458; baseline -0.008 -5"><span class='ocrx_word' id='word_1_291' title='bbox 535 2402 624 2455; x_wconf 62' lang='lat' dir='ltr'><strong>«In</strong></span> <span class='ocrx_word' id='word_1_292' title='bbox 649 2403 800 2454; x_wconf 82' lang='lat' dir='ltr'><strong>freno</strong></span> <span class='ocrx_word' id='word_1_293' title='bbox 815 2409 868 2453; x_wconf 88' lang='lat' dir='ltr'><strong>et</strong></span> <span class='ocrx_word' id='word_1_294' title='bbox 891 2411 1044 2452; x_wconf 79' lang='lat' dir='ltr'><strong>cauto</strong></span> <span class='ocrx_word' id='word_1_295' title='bbox 1065 2392 1310 2448; x_wconf 76' lang='lat' dir='ltr'><strong>maxillas</strong></span> <span class='ocrx_word' id='word_1_296' title='bbox 1331 2405 1518 2446; x_wconf 88' lang='lat' dir='ltr'><strong>eorum</strong></span> <span class='ocrx_word' id='word_1_297' title='bbox 1540 2386 1980 2458; x_wconf 83' lang='lat' dir='ltr'><strong>constringasqui</strong></span> <span class='ocrx_word' id='word_1_298' title='bbox 1998 2401 2122 2457; x_wconf 84' lang='lat' dir='ltr'><strong>pto-</strong></span> 
     </span>
    </p>
   </div>
   <div class='ocr_carea' id='block_1_42' title="bbox 531 2478 2119 2565">
    <p class='ocr_par' dir='ltr' id='par_1_42' title="bbox 531 2478 2119 2565">
     <span class='ocr_line' id='line_1_42' title="bbox 531 2478 2119 2565; baseline -0.012 -16"><span class='ocrx_word' id='word_1_299' title='bbox 531 2511 597 2565; x_wconf 89' lang='lat' dir='ltr'><strong>pe</strong></span> <span class='ocrx_word' id='word_1_300' title='bbox 622 2493 684 2547; x_wconf 88' lang='lat' dir='ltr'><strong>ad</strong></span> <span class='ocrx_word' id='word_1_301' title='bbox 724 2504 775 2546; x_wconf 89' lang='lat' dir='ltr'><strong>te</strong></span> <span class='ocrx_word' id='word_1_302' title='bbox 800 2506 903 2542; x_wconf 92' lang='lat' dir='ltr'><strong>non</strong></span> <span class='ocrx_word' id='word_1_303' title='bbox 951 2484 1328 2542; x_wconf 68' lang='lat' dir='ltr'><strong>accetitml“.)</strong></span> <span class='ocrx_word' id='word_1_304' title='bbox 1366 2480 1502 2536; x_wconf 84' lang='lat' dir='ltr'><strong>Nam</strong></span> <span class='ocrx_word' id='word_1_305' title='bbox 1529 2478 1987 2549; x_wconf 87' lang='lat' dir='ltr'><strong>quemadmodum</strong></span> <span class='ocrx_word' id='word_1_306' title='bbox 2027 2478 2119 2548; x_wconf 86' lang='lat' dir='ltr'><strong>qni</strong></span> 
     </span>
    </p>
   </div>
   <div class='ocr_carea' id='block_1_43' title="bbox 532 2569 2118 2655">
    <p class='ocr_par' dir='ltr' id='par_1_43' title="bbox 532 2569 2118 2655">
     <span class='ocr_line' id='line_1_43' title="bbox 532 2569 2118 2655; baseline -0.009 -18"><span class='ocrx_word' id='word_1_307' title='bbox 532 2587 704 2655; x_wconf 84' lang='lat' dir='ltr'><strong>pullos</strong></span> <span class='ocrx_word' id='word_1_308' title='bbox 730 2580 891 2654; x_wconf 75' lang='lat'><strong>267</strong></span> <span class='ocrx_word' id='word_1_309' title='bbox 914 2581 1142 2633; x_wconf 88' lang='lat' dir='ltr'><strong>domare</strong></span> <span class='ocrx_word' id='word_1_310' title='bbox 1159 2575 1356 2638; x_wconf 89' lang='lat' dir='ltr'><strong>solent,</strong></span> <span class='ocrx_word' id='word_1_311' title='bbox 1386 2585 1681 2639; x_wconf 85' lang='lat' dir='ltr'><strong>earumque</strong></span> <span class='ocrx_word' id='word_1_312' title='bbox 1709 2585 1890 2625; x_wconf 91' lang='lat' dir='ltr'><strong>rerum</strong></span> <span class='ocrx_word' id='word_1_313' title='bbox 1925 2569 2118 2639; x_wconf 89' lang='lat' dir='ltr'><strong>periti,</strong></span> 
     </span>
    </p>
   </div>
   <div class='ocr_carea' id='block_1_44' title="bbox 529 2658 2121 2745">
    <p class='ocr_par' dir='ltr' id='par_1_44' title="bbox 529 2658 2121 2745">
     <span class='ocr_line' id='line_1_44' title="bbox 529 2658 2121 2745; baseline -0.013 -15"><span class='ocrx_word' id='word_1_314' title='bbox 529 2690 698 2745; x_wconf 87' lang='lat' dir='ltr'><strong>equos</strong></span> <span class='ocrx_word' id='word_1_315' title='bbox 734 2674 962 2727; x_wconf 83' lang='lat' dir='ltr'><strong>l‘ertores</strong></span> <span class='ocrx_word' id='word_1_316' title='bbox 1015 2668 1081 2721; x_wconf 90' lang='lat' dir='ltr'><strong>ad</strong></span> <span class='ocrx_word' id='word_1_317' title='bbox 1130 2679 1349 2720; x_wconf 89' lang='lat' dir='ltr'><strong>cursum</strong></span> <span class='ocrx_word' id='word_1_318' title='bbox 1391 2664 1730 2717; x_wconf 90' lang='lat' dir='ltr'><strong>moderatum</strong></span> <span class='ocrx_word' id='word_1_319' title='bbox 1782 2658 1953 2713; x_wconf 85' lang='lat' dir='ltr'><strong>frenis</strong></span> <span class='ocrx_word' id='word_1_320' title='bbox 2012 2659 2121 2711; x_wconf 81' lang='lat' dir='ltr'><strong>cir-</strong></span> 
     </span>
    </p>
   </div>
   <div class='ocr_carea' id='block_1_45' title="bbox 529 2748 2123 2835">
    <p class='ocr_par' dir='ltr' id='par_1_45' title="bbox 529 2748 2123 2835">
     <span class='ocr_line' id='line_1_45' title="bbox 529 2748 2123 2835; baseline -0.01 -13"><span class='ocrx_word' id='word_1_321' title='bbox 529 2774 822 2835; x_wconf 80' lang='lat' dir='ltr'><strong>cumagunt</strong></span> <span class='ocrx_word' id='word_1_322' title='bbox 867 2780 882 2817; x_wconf 89' lang='lat'><strong>:</strong></span> <span class='ocrx_word' id='word_1_323' title='bbox 926 2761 1006 2816; x_wconf 81' lang='lat' dir='ltr'><strong>sic</strong></span> <span class='ocrx_word' id='word_1_324' title='bbox 1052 2755 1430 2813; x_wconf 88' lang='lat' dir='ltr'><strong>universitatis</strong></span> <span class='ocrx_word' id='word_1_325' title='bbox 1479 2754 1643 2818; x_wconf 88' lang='lat' dir='ltr'><strong>Deus,</strong></span> <span class='ocrx_word' id='word_1_326' title='bbox 1694 2752 2016 2806; x_wconf 87' lang='lat' dir='ltr'><strong>necessitate</strong></span> <span class='ocrx_word' id='word_1_327' title='bbox 2044 2748 2123 2806; x_wconf 51' lang='lat' dir='ltr'><strong>lar</strong></span> 
     </span>
    </p>
   </div>
   <div class='ocr_carea' id='block_1_46' title="bbox 526 2839 2123 2919">
    <p class='ocr_par' dir='ltr' id='par_1_46' title="bbox 526 2839 2123 2919">
     <span class='ocr_line' id='line_1_46' title="bbox 526 2839 2123 2919; baseline -0.011 -7"><span class='ocrx_word' id='word_1_328' title='bbox 526 2857 678 2912; x_wconf 85' lang='lat' dir='ltr'><strong>boris</strong></span> <span class='ocrx_word' id='word_1_329' title='bbox 727 2869 788 2909; x_wconf 87' lang='lat' dir='ltr'><strong>ac</strong></span> <span class='ocrx_word' id='word_1_330' title='bbox 827 2851 1064 2914; x_wconf 90' lang='lat' dir='ltr'><strong>doloris,</strong></span> <span class='ocrx_word' id='word_1_331' title='bbox 1109 2862 1252 2919; x_wconf 73' lang='lat' dir='ltr'><strong>saepe</strong></span> <span class='ocrx_word' id='word_1_332' title='bbox 1287 2846 1455 2917; x_wconf 82' lang='lat' dir='ltr'><strong>agitat</strong></span> <span class='ocrx_word' id='word_1_333' title='bbox 1500 2857 1565 2899; x_wconf 90' lang='lat' dir='ltr'><strong>ac</strong></span> <span class='ocrx_word' id='word_1_334' title='bbox 1611 2839 2017 2904; x_wconf 81' lang='lat' dir='ltr'><strong>circumﬂectit,</strong></span> <span class='ocrx_word' id='word_1_335' title='bbox 2065 2848 2123 2895; x_wconf 88' lang='lat' dir='ltr'><strong>ut</strong></span> 
     </span>
    </p>
   </div>
   <div class='ocr_carea' id='block_1_47' title="bbox 539 2933 2121 3004">
    <p class='ocr_par' dir='ltr' id='par_1_47' title="bbox 539 2933 2121 3004">
     <span class='ocr_line' id='line_1_47' title="bbox 539 2933 2121 3004; baseline -0.01 0"><span class='ocrx_word' id='word_1_336' title='bbox 539 2947 760 3004; x_wconf 85' lang='lat' dir='ltr'><strong>rebellis</strong></span> <span class='ocrx_word' id='word_1_337' title='bbox 810 2955 865 3000; x_wconf 90' lang='lat' dir='ltr'><strong>et</strong></span> <span class='ocrx_word' id='word_1_338' title='bbox 921 2942 1139 2997; x_wconf 81' lang='lat' dir='ltr'><strong>eﬂrenis</strong></span> <span class='ocrx_word' id='word_1_339' title='bbox 1192 2948 1342 2995; x_wconf 87' lang='lat' dir='ltr'><strong>recte</strong></span> <span class='ocrx_word' id='word_1_340' title='bbox 1403 2937 1587 2990; x_wconf 87' lang='lat' dir='ltr'><strong>vivere</strong></span> <span class='ocrx_word' id='word_1_341' title='bbox 1651 2936 1942 2991; x_wconf 86' lang='lat' dir='ltr'><strong>desideret.</strong></span> <span class='ocrx_word' id='word_1_342' title='bbox 1991 2933 2121 2988; x_wconf 80' lang='lat' dir='ltr'><strong>Tale</strong></span> 
     </span>
    </p>
   </div>
   <div class='ocr_carea' id='block_1_48' title="bbox 531 3025 2118 3110">
    <p class='ocr_par' dir='ltr' id='par_1_48' title="bbox 531 3025 2118 3110">
     <span class='ocr_line' id='line_1_48' title="bbox 531 3025 2118 3110; baseline -0.009 -17"><span class='ocrx_word' id='word_1_343' title='bbox 531 3040 659 3110; x_wconf 86' lang='lat' dir='ltr'><strong>quid</strong></span> <span class='ocrx_word' id='word_1_344' title='bbox 690 3054 788 3092; x_wconf 85' lang='lat' dir='ltr'><strong>usu</strong></span> <span class='ocrx_word' id='word_1_345' title='bbox 814 3034 963 3089; x_wconf 87' lang='lat' dir='ltr'><strong>venit</strong></span> <span class='ocrx_word' id='word_1_346' title='bbox 1005 3035 1056 3087; x_wconf 91' lang='lat' dir='ltr'><strong>in</strong></span> <span class='ocrx_word' id='word_1_347' title='bbox 1092 3030 1337 3086; x_wconf 84' lang='lat' dir='ltr'><strong>Samaria</strong></span> <span class='ocrx_word' id='word_1_348' title='bbox 1382 3026 1770 3091; x_wconf 84' lang='lat' dir='ltr'><strong>habitantibus,</strong></span> <span class='ocrx_word' id='word_1_349' title='bbox 1822 3025 1911 3095; x_wconf 89' lang='lat' dir='ltr'><strong>qui</strong></span> <span class='ocrx_word' id='word_1_350' title='bbox 1969 3033 2118 3095; x_wconf 86' lang='lat' dir='ltr'><strong>post-</strong></span> 
     </span>
    </p>
   </div>
   <div class='ocr_carea' id='block_1_49' title="bbox 541 3115 2116 3201">
    <p class='ocr_par' dir='ltr' id='par_1_49' title="bbox 541 3115 2116 3201">
     <span class='ocr_line' id='line_1_49' title="bbox 541 3115 2116 3201; baseline -0.011 -17"><span class='ocrx_word' id='word_1_351' title='bbox 541 3146 702 3201; x_wconf 85' lang='lat' dir='ltr'><strong>quam</strong></span> <span class='ocrx_word' id='word_1_352' title='bbox 733 3128 856 3182; x_wconf 86' lang='lat' dir='ltr'><strong>belli</strong></span> <span class='ocrx_word' id='word_1_353' title='bbox 882 3124 1223 3180; x_wconf 75' lang='lat' dir='ltr'><strong>CaIamitates</strong></span> <span class='ocrx_word' id='word_1_354' title='bbox 1254 3120 1660 3182; x_wconf 84' lang='lat' dir='ltr'><strong>sustinuissent,</strong></span> <span class='ocrx_word' id='word_1_355' title='bbox 1690 3118 1777 3170; x_wconf 78' lang='lat' dir='ltr'><strong>vix</strong></span> <span class='ocrx_word' id='word_1_356' title='bbox 1806 3115 2116 3185; x_wconf 89' lang='lat' dir='ltr'><strong>punientem</strong></span> 
     </span>
    </p>
   </div>
   <div class='ocr_carea' id='block_1_50' title="bbox 530 3206 2118 3293">
    <p class='ocr_par' dir='ltr' id='par_1_50' title="bbox 530 3206 2118 3293">
     <span class='ocr_line' id='line_1_50' title="bbox 530 3206 2118 3293; baseline -0.012 -16"><span class='ocrx_word' id='word_1_357' title='bbox 530 3228 869 3293; x_wconf 86' lang='lat' dir='ltr'><strong>agnoverunt</strong></span> <span class='ocrx_word' id='word_1_358' title='bbox 888 3227 943 3273; x_wconf 91' lang='lat' dir='ltr'><strong>et</strong></span> <span class='ocrx_word' id='word_1_359' title='bbox 964 3214 1250 3278; x_wconf 80' lang='lat' dir='ltr'><strong>oﬂ&#39;ensum,</strong></span> <span class='ocrx_word' id='word_1_360' title='bbox 1289 3220 1341 3266; x_wconf 91' lang='lat' dir='ltr'><strong>et</strong></span> <span class='ocrx_word' id='word_1_361' title='bbox 1370 3208 1646 3280; x_wconf 76' lang='lat' dir='ltr'><strong>proﬂigato</strong></span> <span class='ocrx_word' id='word_1_362' title='bbox 1668 3208 1811 3263; x_wconf 91' lang='lat' dir='ltr'><strong>cultu</strong></span> <span class='ocrx_word' id='word_1_363' title='bbox 1834 3206 2118 3270; x_wconf 79' lang='lat' dir='ltr'><strong>idolorum,</strong></span> 
     </span>
    </p>
   </div>
   <div class='ocr_carea' id='block_1_51' title="bbox 530 3297 2119 3369">
    <p class='ocr_par' dir='ltr' id='par_1_51' title="bbox 530 3297 2119 3369">
     <span class='ocr_line' id='line_1_51' title="bbox 530 3297 2119 3369; baseline -0.012 0"><span class='ocrx_word' id='word_1_364' title='bbox 530 3316 596 3369; x_wconf 89' lang='lat' dir='ltr'><strong>ad</strong></span> <span class='ocrx_word' id='word_1_365' title='bbox 631 3321 875 3368; x_wconf 87' lang='lat' dir='ltr'><strong>sanctum</strong></span> <span class='ocrx_word' id='word_1_366' title='bbox 928 3306 1144 3363; x_wconf 89' lang='lat' dir='ltr'><strong>lsraelis</strong></span> <span class='ocrx_word' id='word_1_367' title='bbox 1200 3302 1417 3358; x_wconf 90' lang='lat' dir='ltr'><strong>oculum</strong></span> <span class='ocrx_word' id='word_1_368' title='bbox 1458 3297 1655 3356; x_wconf 87' lang='lat' dir='ltr'><strong>mentis</strong></span> <span class='ocrx_word' id='word_1_369' title='bbox 1704 3299 2119 3361; x_wconf 74' lang='lat' dir='ltr'><strong>transtulerunt,</strong></span> 
     </span>
    </p>
   </div>
   <div class='ocr_carea' id='block_1_52' title="bbox 530 3390 2121 3469">
    <p class='ocr_par' dir='ltr' id='par_1_52' title="bbox 530 3390 2121 3469">
     <span class='ocr_line' id='line_1_52' title="bbox 530 3390 2121 3469; baseline -0.011 -9"><span class='ocrx_word' id='word_1_370' title='bbox 530 3406 600 3460; x_wconf 85' lang='lat' dir='ltr'><strong>ab</strong></span> <span class='ocrx_word' id='word_1_371' title='bbox 647 3403 735 3457; x_wconf 88' lang='lat' dir='ltr'><strong>illo</strong></span> <span class='ocrx_word' id='word_1_372' title='bbox 782 3400 1034 3457; x_wconf 85' lang='lat' dir='ltr'><strong>nimirum</strong></span> <span class='ocrx_word' id='word_1_373' title='bbox 1093 3403 1472 3469; x_wconf 72' lang='lat' dir='ltr'><strong>exspectantes</strong></span> <span class='ocrx_word' id='word_1_374' title='bbox 1512 3390 1629 3447; x_wconf 82' lang='lat' dir='ltr'><strong>fore</strong></span> <span class='ocrx_word' id='word_1_375' title='bbox 1677 3390 1967 3453; x_wconf 78' lang='lat' dir='ltr'><strong>auxilium,</strong></span> <span class='ocrx_word' id='word_1_376' title='bbox 2007 3396 2121 3443; x_wconf 85' lang='lat' dir='ltr'><strong>eta</strong></span> 
     </span>
    </p>
   </div>
   <div class='ocr_carea' id='block_1_53' title="bbox 532 3479 2119 3551">
    <p class='ocr_par' dir='ltr' id='par_1_53' title="bbox 532 3479 2119 3551">
     <span class='ocr_line' id='line_1_53' title="bbox 532 3479 2119 3551; baseline -0.013 0"><span class='ocrx_word' id='word_1_377' title='bbox 532 3498 687 3551; x_wconf 85' lang='lat' dir='ltr'><strong>malis</strong></span> <span class='ocrx_word' id='word_1_378' title='bbox 715 3494 815 3551; x_wconf 87' lang='lat' dir='ltr'><strong>sibi</strong></span> <span class='ocrx_word' id='word_1_379' title='bbox 846 3492 1078 3547; x_wconf 87' lang='lat' dir='ltr'><strong>invectis</strong></span> <span class='ocrx_word' id='word_1_380' title='bbox 1121 3487 1520 3542; x_wconf 89' lang='lat' dir='ltr'><strong>liberationem.</strong></span> <span class='ocrx_word' id='word_1_381' title='bbox 1544 3480 1683 3538; x_wconf 86' lang='lat' dir='ltr'><strong>Non</strong></span> <span class='ocrx_word' id='word_1_382' title='bbox 1728 3483 1893 3549; x_wconf 90' lang='lat' dir='ltr'><strong>enim,</strong></span> <span class='ocrx_word' id='word_1_383' title='bbox 1925 3479 2119 3551; x_wconf 84' lang='lat' dir='ltr'><strong>inquit,</strong></span> 
     </span>
    </p>
   </div>
   <div class='ocr_carea' id='block_1_54' title="bbox 530 3573 2118 3646">
    <p class='ocr_par' dir='ltr' id='par_1_54' title="bbox 530 3573 2118 3646">
     <span class='ocr_line' id='line_1_54' title="bbox 530 3573 2118 3646; baseline -0.01 -5"><span class='ocrx_word' id='word_1_384' title='bbox 530 3582 1129 3646; x_wconf 82' lang='lat' dir='ltr'><strong>contidentaltaribus,</strong></span> <span class='ocrx_word' id='word_1_385' title='bbox 1171 3592 1270 3632; x_wconf 92' lang='lat' dir='ltr'><strong>nec</strong></span> <span class='ocrx_word' id='word_1_386' title='bbox 1319 3573 1574 3646; x_wconf 87' lang='lat' dir='ltr'><strong>operibus</strong></span> <span class='ocrx_word' id='word_1_387' title='bbox 1600 3589 1820 3629; x_wconf 87' lang='lat' dir='ltr'><strong>suarum</strong></span> <span class='ocrx_word' id='word_1_388' title='bbox 1864 3587 2118 3628; x_wconf 90' lang='lat' dir='ltr'><strong>manuum</strong></span> 
     </span>
    </p>
   </div>
   <div class='ocr_carea' id='block_1_55' title="bbox 530 3665 2122 3745">
    <p class='ocr_par' dir='ltr' id='par_1_55' title="bbox 530 3665 2122 3745">
     <span class='ocr_line' id='line_1_55' title="bbox 530 3665 2122 3745; baseline -0.007 -16"><span class='ocrx_word' id='word_1_389' title='bbox 530 3694 651 3745; x_wconf 70' lang='lat' dir='ltr'><strong>quae</strong></span> <span class='ocrx_word' id='word_1_390' title='bbox 681 3678 926 3730; x_wconf 78' lang='lat' dir='ltr'><strong>fecerunt</strong></span> <span class='ocrx_word' id='word_1_391' title='bbox 949 3672 1101 3742; x_wconf 82' lang='lat' dir='ltr'><strong>digiti</strong></span> <span class='ocrx_word' id='word_1_392' title='bbox 1130 3684 1343 3734; x_wconf 85' lang='lat' dir='ltr'><strong>eorum,</strong></span> <span class='ocrx_word' id='word_1_393' title='bbox 1374 3677 1425 3723; x_wconf 84' lang='lat' dir='ltr'><strong>et</strong></span> <span class='ocrx_word' id='word_1_394' title='bbox 1460 3682 1565 3722; x_wconf 92' lang='lat' dir='ltr'><strong>non</strong></span> <span class='ocrx_word' id='word_1_395' title='bbox 1590 3666 1941 3721; x_wconf 86' lang='lat' dir='ltr'><strong>intuebuntur</strong></span> <span class='ocrx_word' id='word_1_396' title='bbox 1969 3665 2122 3718; x_wconf 90' lang='lat' dir='ltr'><strong>arbo-</strong></span> 
     </span>
    </p>
   </div>
   <div class='ocr_carea' id='block_1_56' title="bbox 531 3757 2119 3835">
    <p class='ocr_par' dir='ltr' id='par_1_56' title="bbox 531 3757 2119 3835">
     <span class='ocr_line' id='line_1_56' title="bbox 531 3757 2119 3835; baseline -0.009 -10"><span class='ocrx_word' id='word_1_397' title='bbox 531 3784 621 3825; x_wconf 82' lang='lat' dir='ltr'><strong>res</strong></span> <span class='ocrx_word' id='word_1_398' title='bbox 657 3784 806 3831; x_wconf 89' lang='lat' dir='ltr'><strong>suas,</strong></span> <span class='ocrx_word' id='word_1_399' title='bbox 838 3779 1012 3835; x_wconf 89' lang='lat' dir='ltr'><strong>neque</strong></span> <span class='ocrx_word' id='word_1_400' title='bbox 1048 3762 1479 3818; x_wconf 86' lang='lat' dir='ltr'><strong>abontinationes</strong></span> <span class='ocrx_word' id='word_1_401' title='bbox 1507 3776 1654 3816; x_wconf 87' lang='lat' dir='ltr'><strong>suas.</strong></span> <span class='ocrx_word' id='word_1_402' title='bbox 1688 3759 1946 3813; x_wconf 82' lang='lat' dir='ltr'><strong>Solebant</strong></span> <span class='ocrx_word' id='word_1_403' title='bbox 1977 3757 2119 3811; x_wconf 81' lang='lat' dir='ltr'><strong>enim</strong></span> 
     </span>
    </p>
   </div>
   <div class='ocr_carea' id='block_1_57' title="bbox 531 3846 2122 3919">
    <p class='ocr_par' dir='ltr' id='par_1_57' title="bbox 531 3846 2122 3919">
     <span class='ocr_line' id='line_1_57' title="bbox 531 3846 2122 3919; baseline -0.007 -6"><span class='ocrx_word' id='word_1_404' title='bbox 531 3861 796 3913; x_wconf 88' lang='lat' dir='ltr'><strong>montium</strong></span> <span class='ocrx_word' id='word_1_405' title='bbox 847 3857 1081 3909; x_wconf 74' lang='lat' dir='ltr'><strong>vertices</strong></span> <span class='ocrx_word' id='word_1_406' title='bbox 1124 3846 1519 3918; x_wconf 71' lang='lat' dir='ltr'><strong>Conscendere,</strong></span> <span class='ocrx_word' id='word_1_407' title='bbox 1565 3860 1620 3905; x_wconf 90' lang='lat' dir='ltr'><strong>et</strong></span> <span class='ocrx_word' id='word_1_408' title='bbox 1665 3850 1766 3905; x_wconf 89' lang='lat' dir='ltr'><strong>sub</strong></span> <span class='ocrx_word' id='word_1_409' title='bbox 1815 3863 2016 3919; x_wconf 87' lang='lat' dir='ltr'><strong>quercu</strong></span> <span class='ocrx_word' id='word_1_410' title='bbox 2058 3863 2122 3902; x_wconf 91' lang='lat' dir='ltr'><strong>ac</strong></span> 
     </span>
    </p>
   </div>
   <div class='ocr_carea' id='block_1_58' title="bbox 531 3938 2122 4021">
    <p class='ocr_par' dir='ltr' id='par_1_58' title="bbox 531 3938 2122 4021">
     <span class='ocr_line' id='line_1_58' title="bbox 531 3938 2122 4021; baseline -0.007 -16"><span class='ocrx_word' id='word_1_411' title='bbox 531 3950 765 4021; x_wconf 80' lang='lat' dir='ltr'><strong>populo,</strong></span> <span class='ocrx_word' id='word_1_412' title='bbox 806 3947 964 4004; x_wconf 87' lang='lat' dir='ltr'><strong>sicuti</strong></span> <span class='ocrx_word' id='word_1_413' title='bbox 1012 3944 1271 4015; x_wconf 85' lang='lat' dir='ltr'><strong>scriptum</strong></span> <span class='ocrx_word' id='word_1_414' title='bbox 1308 3943 1819 4013; x_wconf 84' lang='lat' dir='ltr'><strong>est,&#39;procumbere</strong></span> <span class='ocrx_word' id='word_1_415' title='bbox 1868 3938 2122 4008; x_wconf 87' lang='lat' dir='ltr'><strong>operibus</strong></span> 
     </span>
    </p>
   </div>
   <div class='ocr_carea' id='block_1_59' title="bbox 533 4029 2121 4103">
    <p class='ocr_par' dir='ltr' id='par_1_59' title="bbox 533 4029 2121 4103">
     <span class='ocr_line' id='line_1_59' title="bbox 533 4029 2121 4103; baseline -0.009 -6"><span class='ocrx_word' id='word_1_416' title='bbox 533 4057 758 4097; x_wconf 84' lang='lat' dir='ltr'><strong>suarum</strong></span> <span class='ocrx_word' id='word_1_417' title='bbox 813 4053 1087 4094; x_wconf 90' lang='lat' dir='ltr'><strong>manuum.</strong></span> <span class='ocrx_word' id='word_1_418' title='bbox 1141 4035 1249 4091; x_wconf 85' lang='lat' dir='ltr'><strong>Sed</strong></span> <span class='ocrx_word' id='word_1_419' title='bbox 1281 4050 1410 4100; x_wconf 93' lang='lat' dir='ltr'><strong>non,</strong></span> <span class='ocrx_word' id='word_1_420' title='bbox 1450 4034 1644 4103; x_wconf 87' lang='lat' dir='ltr'><strong>inquit,</strong></span> <span class='ocrx_word' id='word_1_421' title='bbox 1697 4029 2121 4101; x_wconf 87' lang='lat' dir='ltr'><strong>respicientam-</strong></span> 
     </span>
    </p>
   </div>
   <div class='ocr_carea' id='block_1_60' title="bbox 532 4121 2122 4208">
    <p class='ocr_par' dir='ltr' id='par_1_60' title="bbox 532 4121 2122 4208">
     <span class='ocr_line' id='line_1_60' title="bbox 532 4121 2122 4208; baseline -0.009 -19"><span class='ocrx_word' id='word_1_422' title='bbox 532 4134 676 4208; x_wconf 72' lang='lat' dir='ltr'><strong>plius</strong></span> <span class='ocrx_word' id='word_1_423' title='bbox 720 4135 870 4197; x_wconf 72' lang='lat' dir='ltr'><strong>haec,</strong></span> <span class='ocrx_word' id='word_1_424' title='bbox 929 4145 1049 4185; x_wconf 90' lang='lat' dir='ltr'><strong>cum</strong></span> <span class='ocrx_word' id='word_1_425' title='bbox 1102 4129 1283 4197; x_wconf 88' lang='lat' dir='ltr'><strong>reipsa</strong></span> <span class='ocrx_word' id='word_1_426' title='bbox 1331 4134 1387 4181; x_wconf 86' lang='lat' dir='ltr'><strong>et</strong></span> <span class='ocrx_word' id='word_1_427' title='bbox 1433 4124 1800 4195; x_wconf 64' lang='lat' dir='ltr'><strong>espcritnento</strong></span> <span class='ocrx_word' id='word_1_428' title='bbox 1834 4121 2122 4176; x_wconf 89' lang='lat' dir='ltr'><strong>didicerint</strong></span> 
     </span>
    </p>
   </div>
   <div class='ocr_carea' id='block_1_61' title="bbox 485 4215 2121 4290">
    <p class='ocr_par' dir='ltr' id='par_1_61' title="bbox 485 4215 2121 4290">
     <span class='ocr_line' id='line_1_61' title="bbox 485 4215 2121 4290; baseline -0.01 -7"><span class='ocrx_word' id='word_1_429' title='bbox 485 4249 489 4253; x_wconf 50' lang='grc' dir='ltr'><strong>θ</strong></span> <span class='ocrx_word' id='word_1_430' title='bbox 536 4241 650 4282; x_wconf 83' lang='lat' dir='ltr'><strong>rem</strong></span> <span class='ocrx_word' id='word_1_431' title='bbox 681 4240 801 4281; x_wconf 86' lang='lat' dir='ltr'><strong>esse</strong></span> <span class='ocrx_word' id='word_1_432' title='bbox 834 4223 1044 4279; x_wconf 88' lang='lat' dir='ltr'><strong>irritam</strong></span> <span class='ocrx_word' id='word_1_433' title='bbox 1081 4235 1146 4275; x_wconf 88' lang='lat' dir='ltr'><strong>ac</strong></span> <span class='ocrx_word' id='word_1_434' title='bbox 1176 4233 1402 4290; x_wconf 90' lang='lat' dir='ltr'><strong>prorsus</strong></span> <span class='ocrx_word' id='word_1_435' title='bbox 1430 4215 1821 4285; x_wconf 83' lang='lat' dir='ltr'><strong>inlrugileram,</strong></span> <span class='ocrx_word' id='word_1_436' title='bbox 1850 4215 2121 4269; x_wconf 74' lang='lat' dir='ltr'><strong>omnium-</strong></span> 
     </span>
    </p>
   </div>
   <div class='ocr_carea' id='block_1_62' title="bbox 529 4304 2117 4391">
    <p class='ocr_par' dir='ltr' id='par_1_62' title="bbox 529 4304 2117 4391">
     <span class='ocr_line' id='line_1_62' title="bbox 529 4304 2117 4391; baseline -0.009 -19"><span class='ocrx_word' id='word_1_437' title='bbox 529 4334 633 4391; x_wconf 78' lang='lat' dir='ltr'><strong>que</strong></span> <span class='ocrx_word' id='word_1_438' title='bbox 653 4318 830 4389; x_wconf 90' lang='lat' dir='ltr'><strong>potius</strong></span> <span class='ocrx_word' id='word_1_439' title='bbox 847 4328 1062 4370; x_wconf 86' lang='lat' dir='ltr'><strong>causam</strong></span> <span class='ocrx_word' id='word_1_440' title='bbox 1082 4311 1450 4367; x_wconf 86' lang='lat' dir='ltr'><strong>miseriarum.</strong></span> <span class='ocrx_word' id='word_1_441' title='bbox 1470 4304 1623 4361; x_wconf 85' lang='lat' dir='ltr'><strong>Hanc</strong></span> <span class='ocrx_word' id='word_1_442' title='bbox 1640 4306 1784 4360; x_wconf 90' lang='lat' dir='ltr'><strong>enim</strong></span> <span class='ocrx_word' id='word_1_443' title='bbox 1807 4305 1878 4361; x_wconf 91' lang='lat' dir='ltr'><strong>ob</strong></span> <span class='ocrx_word' id='word_1_444' title='bbox 1896 4318 2117 4361; x_wconf 75' lang='lat' dir='ltr'><strong>causam</strong></span> 
     </span>
    </p>
   </div>
   <div class='ocr_carea' id='block_1_63' title="bbox 528 4398 2117 4487">
    <p class='ocr_par' dir='ltr' id='par_1_63' title="bbox 528 4398 2117 4487">
     <span class='ocr_line' id='line_1_63' title="bbox 528 4398 2117 4487; baseline -0.014 -14"><span class='ocrx_word' id='word_1_445' title='bbox 528 4417 829 4487; x_wconf 86' lang='lat' dir='ltr'><strong>perierunt,</strong></span> <span class='ocrx_word' id='word_1_446' title='bbox 856 4420 913 4468; x_wconf 77' lang='lat' dir='ltr'><strong>et</strong></span> <span class='ocrx_word' id='word_1_447' title='bbox 965 4409 1152 4466; x_wconf 90' lang='lat' dir='ltr'><strong>traditi</strong></span> <span class='ocrx_word' id='word_1_448' title='bbox 1186 4417 1313 4463; x_wconf 89' lang='lat' dir='ltr'><strong>sunt</strong></span> <span class='ocrx_word' id='word_1_449' title='bbox 1344 4398 1598 4458; x_wconf 86' lang='lat' dir='ltr'><strong>inimicis.</strong></span> <span class='ocrx_word' id='word_1_450' title='bbox 1634 4400 2117 4457; x_wconf 77' lang='lat' dir='ltr'><strong>Consultissimum</strong></span> 
     </span>
    </p>
   </div>
   <div class='ocr_carea' id='block_1_64' title="bbox 2222 1937 3772 2011">
    <p class='ocr_par' dir='ltr' id='par_1_64' title="bbox 2222 1937 3772 2011">
     <span class='ocr_line' id='line_1_64' title="bbox 2222 1937 3772 2011; baseline -0.003 -20"><span class='ocrx_word' id='word_1_451' title='bbox 2222 1938 2498 2011; x_wconf 81' lang='grc' dir='ltr'>λατρείας.</span> <span class='ocrx_word' id='word_1_452' title='bbox 2533 1937 2757 2008; x_wconf 83' lang='grc' dir='ltr'>Ἐπειδὴ</span> <span class='ocrx_word' id='word_1_453' title='bbox 2790 1937 2846 1991; x_wconf 85' lang='grc' dir='ltr'>δὲ</span> <span class='ocrx_word' id='word_1_454' title='bbox 2898 1938 3033 1992; x_wconf 80' lang='grc' dir='ltr'>πολὺ</span> <span class='ocrx_word' id='word_1_455' title='bbox 3061 1939 3183 1992; x_wconf 83' lang='grc' dir='ltr'>λίαν</span> <span class='ocrx_word' id='word_1_456' title='bbox 3228 1940 3640 2010; x_wconf 79' lang='grc' dir='ltr'>ἀμαθαίνοντες,</span> <span class='ocrx_word' id='word_1_457' title='bbox 3675 1938 3772 1989; x_wconf 64' lang='grc' dir='ltr'>οὐδὲ</span> 
     </span>
    </p>
   </div>
   <div class='ocr_carea' id='block_1_65' title="bbox 2224 2028 3772 2102">
    <p class='ocr_par' dir='ltr' id='par_1_65' title="bbox 2224 2028 3772 2102">
     <span class='ocr_line' id='line_1_65' title="bbox 2224 2028 3772 2102; baseline -0.002 -19"><span class='ocrx_word' id='word_1_458' title='bbox 2224 2032 2303 2084; x_wconf 83' lang='grc' dir='ltr'><strong>ὅτι</strong></span> <span class='ocrx_word' id='word_1_459' title='bbox 2347 2033 2610 2102; x_wconf 74' lang='grc' dir='ltr'>προσήκοι</span> <span class='ocrx_word' id='word_1_460' title='bbox 2675 2029 3107 2100; x_wconf 79' lang='grc' dir='ltr'>μεταγινώσκειν</span> <span class='ocrx_word' id='word_1_461' title='bbox 3167 2032 3372 2094; x_wconf 70' lang='grc' dir='ltr'>αὐτοὺς</span> <span class='ocrx_word' id='word_1_462' title='bbox 3430 2028 3772 2089; x_wconf 72' lang='grc' dir='ltr'>ἐϐουλεύοντο,</span> 
     </span>
    </p>
   </div>
   <div class='ocr_carea' id='block_1_66' title="bbox 2222 2121 3772 2194">
    <p class='ocr_par' dir='ltr' id='par_1_66' title="bbox 2222 2121 3772 2194">
     <span class='ocr_line' id='line_1_66' title="bbox 2222 2121 3772 2194; baseline -0.001 -20"><span class='ocrx_word' id='word_1_463' title='bbox 2222 2121 2406 2176; x_wconf 78' lang='grc' dir='ltr'>λοιπὸν</span> <span class='ocrx_word' id='word_1_464' title='bbox 2441 2121 2730 2186; x_wconf 78' lang='grc' dir='ltr'>ἐκολάζετο</span> <span class='ocrx_word' id='word_1_465' title='bbox 2759 2123 2908 2185; x_wconf 75' lang='grc' dir='ltr'>Θεός.</span> <span class='ocrx_word' id='word_1_466' title='bbox 2940 2121 3049 2186; x_wconf 85' lang='grc' dir='ltr'>Οὓς</span> <span class='ocrx_word' id='word_1_467' title='bbox 3080 2123 3187 2194; x_wconf 83' lang='grc' dir='ltr'>γὰρ</span> <span class='ocrx_word' id='word_1_468' title='bbox 3236 2124 3341 2177; x_wconf 78' lang='grc' dir='ltr'><strong>οὐκ</strong></span> <span class='ocrx_word' id='word_1_469' title='bbox 3380 2122 3587 2193; x_wconf 74' lang='grc' dir='ltr'>ὀνίνησι</span> <span class='ocrx_word' id='word_1_470' title='bbox 3613 2121 3772 2186; x_wconf 81' lang='grc' dir='ltr'>λόγος,</span> 
     </span>
    </p>
   </div>
   <div class='ocr_carea' id='block_1_67' title="bbox 2226 2210 3773 2286">
    <p class='ocr_par' dir='ltr' id='par_1_67' title="bbox 2226 2210 3773 2286">
     <span class='ocr_line' id='line_1_67' title="bbox 2226 2210 3773 2286; baseline -0.003 -20"><span class='ocrx_word' id='word_1_471' title='bbox 2226 2212 2518 2286; x_wconf 79' lang='grc' dir='ltr'>μεθίστησι</span> <span class='ocrx_word' id='word_1_472' title='bbox 2559 2214 2741 2278; x_wconf 86' lang='grc' dir='ltr'>πόνος,</span> <span class='ocrx_word' id='word_1_473' title='bbox 2769 2214 3118 2285; x_wconf 78' lang='grc' dir='ltr'>περιτρέπων</span> <span class='ocrx_word' id='word_1_474' title='bbox 3139 2216 3341 2278; x_wconf 70' lang='grc' dir='ltr'>αὐτοὺς</span> <span class='ocrx_word' id='word_1_475' title='bbox 3374 2215 3448 2277; x_wconf 76' lang='grc' dir='ltr'>ὡς</span> <span class='ocrx_word' id='word_1_476' title='bbox 3482 2213 3545 2278; x_wconf 69' lang='grc' dir='ltr'>ἐξ</span> <span class='ocrx_word' id='word_1_477' title='bbox 3564 2210 3773 2280; x_wconf 75' lang='grc' dir='ltr'>ἀνάγκης</span> 
     </span>
    </p>
   </div>
   <div class='ocr_carea' id='block_1_68' title="bbox 2223 2296 3776 2381">
    <p class='ocr_par' dir='ltr' id='par_1_68' title="bbox 2223 2296 3776 2381">
     <span class='ocr_line' id='line_1_68' title="bbox 2223 2296 3776 2381; baseline -0.002 -24"><span class='ocrx_word' id='word_1_478' title='bbox 2223 2305 2317 2358; x_wconf 69' lang='grc' dir='ltr'><strong>καὶ</strong></span> <span class='ocrx_word' id='word_1_479' title='bbox 2352 2304 2473 2375; x_wconf 84' lang='grc' dir='ltr'>βίας</span> <span class='ocrx_word' id='word_1_480' title='bbox 2504 2305 2597 2357; x_wconf 76' lang='grc' dir='ltr'><strong>ἐπὶ</strong></span> <span class='ocrx_word' id='word_1_481' title='bbox 2629 2305 2689 2357; x_wconf 83' lang='grc' dir='ltr'>τὸ</span> <span class='ocrx_word' id='word_1_482' title='bbox 2712 2305 2948 2377; x_wconf 80' lang='grc' dir='ltr'>ἀρέσκον</span> <span class='ocrx_word' id='word_1_483' title='bbox 2979 2305 3118 2375; x_wconf 83' lang='grc' dir='ltr'>Θεῷ.</span> <span class='ocrx_word' id='word_1_484' title='bbox 3156 2296 3421 2358; x_wconf 72' lang='grc' dir='ltr'>Τοιοῦτόν</span> <span class='ocrx_word' id='word_1_485' title='bbox 3454 2322 3504 2358; x_wconf 88' lang='grc' dir='ltr'><strong>τι</strong></span> <span class='ocrx_word' id='word_1_486' title='bbox 3529 2304 3616 2357; x_wconf 72' lang='grc' dir='ltr'><strong>καὶ</strong></span> <span class='ocrx_word' id='word_1_487' title='bbox 3643 2306 3776 2381; x_wconf 44' lang='grc' dir='ltr'>όιμα-</span> 
     </span>
    </p>
   </div>
   <div class='ocr_carea' id='block_1_69' title="bbox 2222 2384 3777 2468">
    <p class='ocr_par' dir='ltr' id='par_1_69' title="bbox 2222 2384 3777 2468">
     <span class='ocr_line' id='line_1_69' title="bbox 2222 2384 3777 2468; baseline -0.003 -19"><span class='ocrx_word' id='word_1_488' title='bbox 2222 2384 2415 2467; x_wconf 80' lang='grc' dir='ltr'>κάριος</span> <span class='ocrx_word' id='word_1_489' title='bbox 2462 2395 2627 2449; x_wconf 69' lang='grc' dir='ltr'>Δαϐὶδ</span> <span class='ocrx_word' id='word_1_490' title='bbox 2680 2395 2996 2468; x_wconf 79' lang='grc' dir='ltr'>εὑρίσκεται</span> <span class='ocrx_word' id='word_1_491' title='bbox 3036 2397 3227 2465; x_wconf 77' lang='grc' dir='ltr'>λέγων’</span> <span class='ocrx_word' id='word_1_492' title='bbox 3271 2415 3289 2447; x_wconf 83' lang='grc' dir='ltr'><strong>ι</strong></span> <span class='ocrx_word' id='word_1_493' title='bbox 3355 2396 3441 2449; x_wconf 85' lang='grc' dir='ltr'>Ἐν</span> <span class='ocrx_word' id='word_1_494' title='bbox 3476 2394 3666 2467; x_wconf 86' lang='grc' dir='ltr'>χαλινῷ</span> <span class='ocrx_word' id='word_1_495' title='bbox 3702 2393 3777 2446; x_wconf 70' lang='grc' dir='ltr'>καὶ</span> 
     </span>
    </p>
   </div>
   <div class='ocr_carea' id='block_1_70' title="bbox 2224 2486 3776 2560">
    <p class='ocr_par' dir='ltr' id='par_1_70' title="bbox 2224 2486 3776 2560">
     <span class='ocr_line' id='line_1_70' title="bbox 2224 2486 3776 2560; baseline 0 -19"><span class='ocrx_word' id='word_1_496' title='bbox 2224 2487 2389 2559; x_wconf 81' lang='grc' dir='ltr'>κημῷ</span> <span class='ocrx_word' id='word_1_497' title='bbox 2418 2488 2515 2551; x_wconf 72' lang='grc' dir='ltr'><strong>τὰς</strong></span> <span class='ocrx_word' id='word_1_498' title='bbox 2543 2490 2802 2558; x_wconf 77' lang='grc' dir='ltr'>σιαγόνας</span> <span class='ocrx_word' id='word_1_499' title='bbox 2839 2488 3019 2544; x_wconf 79' lang='grc' dir='ltr'>αὐτῶν</span> <span class='ocrx_word' id='word_1_500' title='bbox 3054 2488 3269 2559; x_wconf 83' lang='grc' dir='ltr'>ἄγξαις,</span> <span class='ocrx_word' id='word_1_501' title='bbox 3309 2491 3420 2543; x_wconf 78' lang='grc' dir='ltr'><strong>τῶν</strong></span> <span class='ocrx_word' id='word_1_502' title='bbox 3454 2491 3529 2560; x_wconf 79' lang='grc' dir='ltr'>μὴ</span> <span class='ocrx_word' id='word_1_503' title='bbox 3570 2486 3776 2557; x_wconf 70' lang='grc' dir='ltr'>ἐγγιζόνο</span> 
     </span>
    </p>
   </div>
   <div class='ocr_carea' id='block_1_71' title="bbox 2221 2579 3776 2653">
    <p class='ocr_par' dir='ltr' id='par_1_71' title="bbox 2221 2579 3776 2653">
     <span class='ocr_line' id='line_1_71' title="bbox 2221 2579 3776 2653; baseline -0.004 -20"><span class='ocrx_word' id='word_1_504' title='bbox 2221 2597 2330 2633; x_wconf 87' lang='grc' dir='ltr'><strong>των</strong></span> <span class='ocrx_word' id='word_1_505' title='bbox 2358 2580 2494 2651; x_wconf 78' lang='grc' dir='ltr'>πρὸς</span> <span class='ocrx_word' id='word_1_506' title='bbox 2525 2580 2606 2634; x_wconf 89' lang='grc' dir='ltr'><strong>σέ.</strong></span> <span class='ocrx_word' id='word_1_507' title='bbox 2647 2599 2666 2632; x_wconf 77' lang='grc' dir='ltr'><strong>ι</strong></span> <span class='ocrx_word' id='word_1_508' title='bbox 2699 2579 2908 2651; x_wconf 64' lang='lat' dir='ltr'><strong>&quot;Uva-sp</strong></span> <span class='ocrx_word' id='word_1_509' title='bbox 2951 2580 3063 2653; x_wconf 80' lang='grc' dir='ltr'>γὰρ</span> <span class='ocrx_word' id='word_1_510' title='bbox 3094 2581 3293 2653; x_wconf 82' lang='grc' dir='ltr'>τρόπον</span> <span class='ocrx_word' id='word_1_511' title='bbox 3351 2583 3400 2633; x_wconf 88' lang='grc' dir='ltr'>οἱ</span> <span class='ocrx_word' id='word_1_512' title='bbox 3450 2579 3776 2647; x_wconf 77' lang='grc' dir='ltr'>πωλοδαμνεῖν</span> 
     </span>
    </p>
   </div>
   <div class='ocr_carea' id='block_1_72' title="bbox 2222 2670 3778 2744">
    <p class='ocr_par' dir='ltr' id='par_1_72' title="bbox 2222 2670 3778 2744">
     <span class='ocr_line' id='line_1_72' title="bbox 2222 2670 3778 2744; baseline -0.001 -21"><span class='ocrx_word' id='word_1_513' title='bbox 2222 2671 2494 2737; x_wconf 79' lang='grc' dir='ltr'>εἰωθότες,</span> <span class='ocrx_word' id='word_1_514' title='bbox 2536 2672 2630 2726; x_wconf 70' lang='grc' dir='ltr'><strong>καὶ</strong></span> <span class='ocrx_word' id='word_1_515' title='bbox 2674 2671 2848 2726; x_wconf 80' lang='grc' dir='ltr'>ταῦτα</span> <span class='ocrx_word' id='word_1_516' title='bbox 2903 2674 3083 2742; x_wconf 73' lang='grc' dir='ltr'>σοφοὶ,</span> <span class='ocrx_word' id='word_1_517' title='bbox 3136 2674 3537 2744; x_wconf 75' lang='grc' dir='ltr'>περιτρέπουσι</span> <span class='ocrx_word' id='word_1_518' title='bbox 3581 2670 3778 2741; x_wconf 80' lang='grc' dir='ltr'>χαλινοῖς</span> 
     </span>
    </p>
   </div>
   <div class='ocr_carea' id='block_1_73' title="bbox 2221 2763 3778 2837">
    <p class='ocr_par' dir='ltr' id='par_1_73' title="bbox 2221 2763 3778 2837">
     <span class='ocr_line' id='line_1_73' title="bbox 2221 2763 3778 2837; baseline -0.001 -21"><span class='ocrx_word' id='word_1_519' title='bbox 2221 2764 2349 2826; x_wconf 76' lang='grc' dir='ltr'>τοὺς</span> <span class='ocrx_word' id='word_1_520' title='bbox 2371 2763 2476 2817; x_wconf 82' lang='grc' dir='ltr'><strong>τῶν</strong></span> <span class='ocrx_word' id='word_1_521' title='bbox 2510 2764 2693 2817; x_wconf 74' lang='grc' dir='ltr'>ἵππων</span> <span class='ocrx_word' id='word_1_522' title='bbox 2727 2766 3098 2837; x_wconf 82' lang='grc' dir='ltr'>ἀγριωτέρους</span> <span class='ocrx_word' id='word_1_523' title='bbox 3122 2767 3201 2829; x_wconf 90' lang='grc' dir='ltr'><strong>εἰς</strong></span> <span class='ocrx_word' id='word_1_524' title='bbox 3231 2768 3582 2837; x_wconf 69' lang='grc' dir='ltr'>ἐπιστήμονα</span> <span class='ocrx_word' id='word_1_525' title='bbox 3596 2763 3778 2834; x_wconf 73' lang='grc' dir='ltr'>δρόμον*</span> 
     </span>
    </p>
   </div>
   <div class='ocr_carea' id='block_1_74' title="bbox 2221 2852 3779 2924">
    <p class='ocr_par' dir='ltr' id='par_1_74' title="bbox 2221 2852 3779 2924">
     <span class='ocr_line' id='line_1_74' title="bbox 2221 2852 3779 2924; baseline -0.001 -17"><span class='ocrx_word' id='word_1_526' title='bbox 2221 2852 2392 2918; x_wconf 75' lang='grc' dir='ltr'>οὕτως</span> <span class='ocrx_word' id='word_1_527' title='bbox 2417 2855 2511 2908; x_wconf 74' lang='grc' dir='ltr'>καὶ</span> <span class='ocrx_word' id='word_1_528' title='bbox 2536 2858 2564 2908; x_wconf 88' lang='grc' dir='ltr'><strong>ό</strong></span> <span class='ocrx_word' id='word_1_529' title='bbox 2591 2855 2699 2909; x_wconf 83' lang='grc' dir='ltr'><strong>τῶν</strong></span> <span class='ocrx_word' id='word_1_530' title='bbox 2729 2857 2865 2911; x_wconf 83' lang='grc' dir='ltr'>ὅλων</span> <span class='ocrx_word' id='word_1_531' title='bbox 2901 2857 3054 2922; x_wconf 82' lang='grc' dir='ltr'>Θεὸς,</span> <span class='ocrx_word' id='word_1_532' title='bbox 3075 2860 3195 2920; x_wconf 83' lang='grc' dir='ltr'>ταῖς</span> <span class='ocrx_word' id='word_1_533' title='bbox 3218 2858 3282 2910; x_wconf 84' lang='grc' dir='ltr'><strong>ἐκ</strong></span> <span class='ocrx_word' id='word_1_534' title='bbox 3327 2858 3504 2912; x_wconf 89' lang='grc' dir='ltr'>πόνων</span> <span class='ocrx_word' id='word_1_535' title='bbox 3531 2856 3779 2924; x_wconf 77' lang='grc' dir='ltr'>ἀνάγκαις,</span> 
     </span>
    </p>
   </div>
   <div class='ocr_carea' id='block_1_75' title="bbox 2222 2942 3777 3018">
    <p class='ocr_par' dir='ltr' id='par_1_75' title="bbox 2222 2942 3777 3018">
     <span class='ocr_line' id='line_1_75' title="bbox 2222 2942 3777 3018; baseline 0.001 -22"><span class='ocrx_word' id='word_1_536' title='bbox 2222 2945 2537 3018; x_wconf 84' lang='grc' dir='ltr'>περιίστησι</span> <span class='ocrx_word' id='word_1_537' title='bbox 2586 2946 2905 3011; x_wconf 83' lang='grc' dir='ltr'>πλειστάκις</span> <span class='ocrx_word' id='word_1_538' title='bbox 2945 2949 3028 3012; x_wconf 87' lang='grc' dir='ltr'><strong>εἰς</strong></span> <span class='ocrx_word' id='word_1_539' title='bbox 3074 2948 3135 3001; x_wconf 86' lang='grc' dir='ltr'><strong>τὸ</strong></span> <span class='ocrx_word' id='word_1_540' title='bbox 3179 2948 3409 3002; x_wconf 76' lang='grc' dir='ltr'>ἑλέσθαι</span> <span class='ocrx_word' id='word_1_541' title='bbox 3458 2946 3604 3018; x_wconf 82' lang='grc' dir='ltr'>βιοῦν</span> <span class='ocrx_word' id='word_1_542' title='bbox 3637 2942 3777 3016; x_wconf 80' lang='grc' dir='ltr'>ὀρθῶς</span> 
     </span>
    </p>
   </div>
   <div class='ocr_carea' id='block_1_76' title="bbox 2220 3028 3775 3109">
    <p class='ocr_par' dir='ltr' id='par_1_76' title="bbox 2220 3028 3775 3109">
     <span class='ocr_line' id='line_1_76' title="bbox 2220 3028 3775 3109; baseline -0.003 -20"><span class='ocrx_word' id='word_1_543' title='bbox 2220 3037 2311 3090; x_wconf 81' lang='grc' dir='ltr'><strong>τὸν</strong></span> <span class='ocrx_word' id='word_1_544' title='bbox 2344 3037 2546 3107; x_wconf 86' lang='grc' dir='ltr'>ἀπειθῆ</span> <span class='ocrx_word' id='word_1_545' title='bbox 2578 3038 2674 3091; x_wconf 74' lang='grc' dir='ltr'><strong>καὶ</strong></span> <span class='ocrx_word' id='word_1_546' title='bbox 2730 3038 2964 3109; x_wconf 76' lang='grc' dir='ltr'>ἐξήνιον.</span> <span class='ocrx_word' id='word_1_547' title='bbox 2996 3028 3252 3092; x_wconf 82' lang='grc' dir='ltr'>Τοιοῦτόν</span> <span class='ocrx_word' id='word_1_548' title='bbox 3289 3057 3343 3093; x_wconf 88' lang='grc' dir='ltr'><strong>τι</strong></span> <span class='ocrx_word' id='word_1_549' title='bbox 3382 3038 3710 3099; x_wconf 71' lang='grc' dir='ltr'>πεπονθότες,</span> <span class='ocrx_word' id='word_1_550' title='bbox 3735 3034 3775 3086; x_wconf 77' lang='grc' dir='ltr'>οι</span> 
     </span>
    </p>
   </div>
   <div class='ocr_carea' id='block_1_77' title="bbox 2222 3126 3774 3203">
    <p class='ocr_par' dir='ltr' id='par_1_77' title="bbox 2222 3126 3774 3203">
     <span class='ocr_line' id='line_1_77' title="bbox 2222 3126 3774 3203; baseline -0.002 -22"><span class='ocrx_word' id='word_1_551' title='bbox 2222 3130 2279 3181; x_wconf 88' lang='grc' dir='ltr'><strong>ἐν</strong></span> <span class='ocrx_word' id='word_1_552' title='bbox 2304 3130 2595 3202; x_wconf 80' lang='grc' dir='ltr'>Σαμαρείᾳ</span> <span class='ocrx_word' id='word_1_553' title='bbox 2636 3131 3049 3202; x_wconf 71' lang='grc' dir='ltr'>κατῳκηκότες,</span> <span class='ocrx_word' id='word_1_554' title='bbox 3106 3130 3248 3202; x_wconf 86' lang='grc' dir='ltr'><strong>μετά</strong></span> <span class='ocrx_word' id='word_1_555' title='bbox 3286 3150 3352 3203; x_wconf 90' lang='grc' dir='ltr'><strong>γε</strong></span> <span class='ocrx_word' id='word_1_556' title='bbox 3396 3132 3457 3186; x_wconf 80' lang='grc' dir='ltr'>τὸ</span> <span class='ocrx_word' id='word_1_557' title='bbox 3490 3132 3668 3185; x_wconf 83' lang='grc' dir='ltr'>παθεῖν</span> <span class='ocrx_word' id='word_1_558' title='bbox 3697 3126 3774 3188; x_wconf 73' lang='grc' dir='ltr'>τὰς</span> 
     </span>
    </p>
   </div>
   <div class='ocr_carea' id='block_1_78' title="bbox 2227 3219 3774 3293">
    <p class='ocr_par' dir='ltr' id='par_1_78' title="bbox 2227 3219 3774 3293">
     <span class='ocr_line' id='line_1_78' title="bbox 2227 3219 3774 3293; baseline -0.001 -21"><span class='ocrx_word' id='word_1_559' title='bbox 2227 3220 2292 3272; x_wconf 87' lang='grc' dir='ltr'><strong>ἐκ</strong></span> <span class='ocrx_word' id='word_1_560' title='bbox 2320 3219 2415 3275; x_wconf 84' lang='grc' dir='ltr'>τοῦ</span> <span class='ocrx_word' id='word_1_561' title='bbox 2447 3221 2685 3292; x_wconf 88' lang='grc' dir='ltr'>πολέμου</span> <span class='ocrx_word' id='word_1_562' title='bbox 2704 3222 3019 3293; x_wconf 75' lang='grc' dir='ltr'>συμφορὰς,</span> <span class='ocrx_word' id='word_1_563' title='bbox 3070 3223 3223 3293; x_wconf 83' lang='grc' dir='ltr'>μόλις</span> <span class='ocrx_word' id='word_1_564' title='bbox 3252 3224 3574 3293; x_wconf 77' lang='grc' dir='ltr'>ἐπέγνωσαν</span> <span class='ocrx_word' id='word_1_565' title='bbox 3597 3222 3677 3274; x_wconf 85' lang='grc' dir='ltr'><strong>τὸν</strong></span> <span class='ocrx_word' id='word_1_566' title='bbox 3705 3234 3774 3271; x_wconf 66' lang='grc' dir='ltr'><strong>κου</strong></span> 
     </span>
    </p>
   </div>
   <div class='ocr_carea' id='block_1_79' title="bbox 2228 3306 3775 3382">
    <p class='ocr_par' dir='ltr' id='par_1_79' title="bbox 2228 3306 3775 3382">
     <span class='ocr_line' id='line_1_79' title="bbox 2228 3306 3775 3382; baseline 0.004 -21"><span class='ocrx_word' id='word_1_567' title='bbox 2228 3308 2461 3374; x_wconf 71' lang='grc' dir='ltr'>λάζοντα</span> <span class='ocrx_word' id='word_1_568' title='bbox 2489 3310 2588 3364; x_wconf 71' lang='grc' dir='ltr'><strong>καὶ</strong></span> <span class='ocrx_word' id='word_1_569' title='bbox 2624 3310 3021 3382; x_wconf 65' lang='grc' dir='ltr'><strong>λελυπημένον⁹</strong></span> <span class='ocrx_word' id='word_1_570' title='bbox 3049 3312 3146 3365; x_wconf 69' lang='grc' dir='ltr'><strong>καὶ</strong></span> <span class='ocrx_word' id='word_1_571' title='bbox 3175 3312 3543 3367; x_wconf 85' lang='grc' dir='ltr'>ἀπεσείσαντο</span> <span class='ocrx_word' id='word_1_572' title='bbox 3582 3313 3669 3382; x_wconf 81' lang='grc' dir='ltr'><strong>μὲν</strong></span> <span class='ocrx_word' id='word_1_573' title='bbox 3699 3306 3775 3367; x_wconf 76' lang='grc' dir='ltr'><strong>τὰς</strong></span> 
     </span>
    </p>
   </div>
   <div class='ocr_carea' id='block_1_80' title="bbox 2227 3397 3776 3474">
    <p class='ocr_par' dir='ltr' id='par_1_80' title="bbox 2227 3397 3776 3474">
     <span class='ocr_line' id='line_1_80' title="bbox 2227 3397 3776 3474; baseline -0.004 -21"><span class='ocrx_word' id='word_1_574' title='bbox 2227 3398 2336 3453; x_wconf 79' lang='grc' dir='ltr'>τῶν</span> <span class='ocrx_word' id='word_1_575' title='bbox 2362 3400 2596 3455; x_wconf 79' lang='grc' dir='ltr'>εἰδώλων</span> <span class='ocrx_word' id='word_1_576' title='bbox 2619 3401 2896 3473; x_wconf 81' lang='grc' dir='ltr'>λατρείας,</span> <span class='ocrx_word' id='word_1_577' title='bbox 2918 3402 3216 3473; x_wconf 77' lang='grc' dir='ltr'>μετέϐαλον</span> <span class='ocrx_word' id='word_1_578' title='bbox 3248 3403 3310 3458; x_wconf 80' lang='grc' dir='ltr'><strong>δὲ</strong></span> <span class='ocrx_word' id='word_1_579' title='bbox 3334 3406 3435 3474; x_wconf 83' lang='grc' dir='ltr'>τῆς</span> <span class='ocrx_word' id='word_1_580' title='bbox 3464 3402 3684 3463; x_wconf 80' lang='grc' dir='ltr'>διανοίας</span> <span class='ocrx_word' id='word_1_581' title='bbox 3705 3397 3776 3450; x_wconf 82' lang='grc' dir='ltr'><strong>τὸν</strong></span> 
     </span>
    </p>
   </div>
   <div class='ocr_carea' id='block_1_81' title="bbox 2226 3488 3777 3568">
    <p class='ocr_par' dir='ltr' id='par_1_81' title="bbox 2226 3488 3777 3568">
     <span class='ocr_line' id='line_1_81' title="bbox 2226 3488 3777 3568; baseline -0.004 -23"><span class='ocrx_word' id='word_1_582' title='bbox 2226 3492 2504 3564; x_wconf 71' lang='grc' dir='ltr'>ὀφθαλμὸν</span> <span class='ocrx_word' id='word_1_583' title='bbox 2535 3495 2627 3547; x_wconf 58' lang='grc' dir='ltr'><strong>ἐπὶ⁵</strong></span> <span class='ocrx_word' id='word_1_584' title='bbox 2670 3495 2761 3548; x_wconf 73' lang='grc' dir='ltr'><strong>τὸν</strong></span> <span class='ocrx_word' id='word_1_585' title='bbox 2793 3495 2947 3563; x_wconf 80' lang='grc' dir='ltr'>ἆγιον</span> <span class='ocrx_word' id='word_1_586' title='bbox 2987 3494 3082 3548; x_wconf 76' lang='grc' dir='ltr'>τοῦ</span> <span class='ocrx_word' id='word_1_587' title='bbox 3110 3496 3360 3568; x_wconf 80' lang='grc' dir='ltr'>Ἰσραὴλ,</span> <span class='ocrx_word' id='word_1_588' title='bbox 3390 3498 3519 3567; x_wconf 81' lang='grc' dir='ltr'>παρ’</span> <span class='ocrx_word' id='word_1_589' title='bbox 3550 3490 3696 3548; x_wconf 75' lang='grc' dir='ltr'>αὐτοῦ</span> <span class='ocrx_word' id='word_1_590' title='bbox 3733 3488 3777 3540; x_wconf 79' lang='grc' dir='ltr'>δὲ</span> 
     </span>
    </p>
   </div>
   <div class='ocr_carea' id='block_1_82' title="bbox 2226 3580 3779 3659">
    <p class='ocr_par' dir='ltr' id='par_1_82' title="bbox 2226 3580 3779 3659">
     <span class='ocr_line' id='line_1_82' title="bbox 2226 3580 3779 3659; baseline 0.005 -21"><span class='ocrx_word' id='word_1_591' title='bbox 2226 3582 2468 3656; x_wconf 78' lang='grc' dir='ltr'>δηλονότι</span> <span class='ocrx_word' id='word_1_592' title='bbox 2494 3586 2905 3657; x_wconf 80' lang='grc' dir='ltr'>προσδοκῶντες</span> <span class='ocrx_word' id='word_1_593' title='bbox 2947 3586 3165 3641; x_wconf 82' lang='grc' dir='ltr'>ἔσεσθαι</span> <span class='ocrx_word' id='word_1_594' title='bbox 3201 3587 3306 3659; x_wconf 78' lang='grc' dir='ltr'>τὴν</span> <span class='ocrx_word' id='word_1_595' title='bbox 3346 3585 3672 3659; x_wconf 73' lang='grc' dir='ltr'>ἐπικουρίαν.</span> <span class='ocrx_word' id='word_1_596' title='bbox 3703 3580 3779 3633; x_wconf 51' lang='grc' dir='ltr'><strong>καὶ</strong></span> 
     </span>
    </p>
   </div>
   <div class='ocr_carea' id='block_1_83' title="bbox 2228 3671 3777 3752">
    <p class='ocr_par' dir='ltr' id='par_1_83' title="bbox 2228 3671 3777 3752">
     <span class='ocr_line' id='line_1_83' title="bbox 2228 3671 3777 3752; baseline 0.001 -23"><span class='ocrx_word' id='word_1_597' title='bbox 2228 3675 2339 3731; x_wconf 81' lang='grc' dir='ltr'><strong>τῶν</strong></span> <span class='ocrx_word' id='word_1_598' title='bbox 2363 3677 2812 3748; x_wconf 81' lang='grc' dir='ltr'>ἐπενηνεγμένων</span> <span class='ocrx_word' id='word_1_599' title='bbox 2836 3678 3020 3743; x_wconf 72' lang='grc' dir='ltr'>αὐτοῖς</span> <span class='ocrx_word' id='word_1_600' title='bbox 3038 3679 3224 3732; x_wconf 82' lang='grc' dir='ltr'>κακῶν</span> <span class='ocrx_word' id='word_1_601' title='bbox 3246 3680 3352 3752; x_wconf 79' lang='grc' dir='ltr'><strong>τὴν</strong></span> <span class='ocrx_word' id='word_1_602' title='bbox 3375 3678 3695 3746; x_wconf 74' lang='grc' dir='ltr'>ἀπαλλαγήν.</span> <span class='ocrx_word' id='word_1_603' title='bbox 3715 3671 3777 3724; x_wconf 71' lang='grc' dir='ltr'><strong>Οὐ</strong></span> 
     </span>
    </p>
   </div>
   <div class='ocr_carea' id='block_1_84' title="bbox 2227 3763 3782 3843">
    <p class='ocr_par' dir='ltr' id='par_1_84' title="bbox 2227 3763 3782 3843">
     <span class='ocr_line' id='line_1_84' title="bbox 2227 3763 3782 3843; baseline -0.013 -8"><span class='ocrx_word' id='word_1_604' title='bbox 2227 3766 2433 3839; x_wconf 64' lang='grc' dir='ltr'>γὰρ’μὴ</span> <span class='ocrx_word' id='word_1_605' title='bbox 2467 3768 2786 3827; x_wconf 78' lang='grc' dir='ltr'>πεποιθότες</span> <span class='ocrx_word' id='word_1_606' title='bbox 2819 3763 2941 3836; x_wconf 77' lang='grc' dir='ltr'>ὦσι,</span> <span class='ocrx_word' id='word_1_607' title='bbox 2972 3772 3157 3841; x_wconf 66' lang='grc' dir='ltr'>φησὶν,</span> <span class='ocrx_word' id='word_1_608' title='bbox 3188 3772 3427 3836; x_wconf 72' lang='grc' dir='ltr'>ἐπὶτοῖς</span> <span class='ocrx_word' id='word_1_609' title='bbox 3455 3763 3782 3843; x_wconf 54' lang='grc' dir='ltr'>βωμοῖςωὺδὲ.</span> 
     </span>
    </p>
   </div>
   <div class='ocr_carea' id='block_1_85' title="bbox 2226 3855 3784 3932">
    <p class='ocr_par' dir='ltr' id='par_1_85' title="bbox 2226 3855 3784 3932">
     <span class='ocr_line' id='line_1_85' title="bbox 2226 3855 3784 3932; baseline -0.001 -22"><span class='ocrx_word' id='word_1_610' title='bbox 2226 3858 2320 3910; x_wconf 76' lang='grc' dir='ltr'><strong>ἐπὶ</strong></span> <span class='ocrx_word' id='word_1_611' title='bbox 2374 3862 2485 3920; x_wconf 80' lang='grc' dir='ltr'>τοῖς</span> <span class='ocrx_word' id='word_1_612' title='bbox 2527 3858 2709 3931; x_wconf 76' lang='grc' dir='ltr'>ἔργοις</span> <span class='ocrx_word' id='word_1_613' title='bbox 2756 3859 2866 3912; x_wconf 84' lang='grc' dir='ltr'><strong>τῶν</strong></span> <span class='ocrx_word' id='word_1_614' title='bbox 2908 3860 3110 3932; x_wconf 83' lang='grc' dir='ltr'>χειρῶν</span> <span class='ocrx_word' id='word_1_615' title='bbox 3139 3861 3347 3926; x_wconf 82' lang='grc' dir='ltr'>αὐτῶν,</span> <span class='ocrx_word' id='word_1_616' title='bbox 3384 3862 3421 3916; x_wconf 81' lang='grc' dir='ltr'>ἃ.</span> <span class='ocrx_word' id='word_1_617' title='bbox 3473 3862 3713 3929; x_wconf 72' lang='grc' dir='ltr'>ἐποίησαν</span> <span class='ocrx_word' id='word_1_618' title='bbox 3746 3855 3784 3905; x_wconf 76' lang='grc' dir='ltr'>οἱ</span> 
     </span>
    </p>
   </div>
   <div class='ocr_carea' id='block_1_86' title="bbox 2224 3946 3782 4026">
    <p class='ocr_par' dir='ltr' id='par_1_86' title="bbox 2224 3946 3782 4026">
     <span class='ocr_line' id='line_1_86' title="bbox 2224 3946 3782 4026; baseline 0.002 -21"><span class='ocrx_word' id='word_1_619' title='bbox 2224 3951 2477 4005; x_wconf 76' lang='grc' dir='ltr'>δάκτυλοι</span> <span class='ocrx_word' id='word_1_620' title='bbox 2502 3952 2702 4006; x_wconf 60' lang='grc' dir='ltr'>αὐτῶν</span> <span class='ocrx_word' id='word_1_621' title='bbox 2748 3954 2842 4007; x_wconf 76' lang='grc' dir='ltr'>καὶ</span> <span class='ocrx_word' id='word_1_622' title='bbox 2876 3954 2976 4005; x_wconf 71' lang='grc' dir='ltr'><strong>οὐκ</strong></span> <span class='ocrx_word' id='word_1_623' title='bbox 3007 3955 3227 4023; x_wconf 65' lang='grc' dir='ltr'>ὄψονται</span> <span class='ocrx_word' id='word_1_624' title='bbox 3265 3956 3340 4009; x_wconf 77' lang='grc' dir='ltr'>τὰ</span> <span class='ocrx_word' id='word_1_625' title='bbox 3377 3954 3572 4026; x_wconf 75' lang='grc' dir='ltr'>δένδρα</span> <span class='ocrx_word' id='word_1_626' title='bbox 3613 3946 3782 4007; x_wconf 69' lang='grc' dir='ltr'>αὐτῶν,</span> 
     </span>
    </p>
   </div>
   <div class='ocr_carea' id='block_1_87' title="bbox 2224 4039 3787 4116">
    <p class='ocr_par' dir='ltr' id='par_1_87' title="bbox 2224 4039 3787 4116">
     <span class='ocr_line' id='line_1_87' title="bbox 2224 4039 3787 4116; baseline -0.004 -22"><span class='ocrx_word' id='word_1_627' title='bbox 2224 4042 2346 4095; x_wconf 68' lang='grc' dir='ltr'>οὐδὲ</span> <span class='ocrx_word' id='word_1_628' title='bbox 2373 4042 2439 4096; x_wconf 85' lang='grc' dir='ltr'>τὰ</span> <span class='ocrx_word' id='word_1_629' title='bbox 2472 4043 2818 4115; x_wconf 85' lang='grc' dir='ltr'>βδελύγματα</span> <span class='ocrx_word' id='word_1_630' title='bbox 2844 4044 3044 4101; x_wconf 85' lang='grc' dir='ltr'>αὐτῶν.</span> <span class='ocrx_word' id='word_1_631' title='bbox 3091 4045 3249 4108; x_wconf 82' lang='grc' dir='ltr'>Ἐθος</span> <span class='ocrx_word' id='word_1_632' title='bbox 3284 4047 3388 4116; x_wconf 74' lang='grc' dir='ltr'><strong>μὲν</strong></span> <span class='ocrx_word' id='word_1_633' title='bbox 3411 4045 3516 4116; x_wconf 76' lang='grc' dir='ltr'><strong>γὰρ</strong></span> <span class='ocrx_word' id='word_1_634' title='bbox 3538 4040 3602 4114; x_wconf 75' lang='grc' dir='ltr'>ἦν</span> <span class='ocrx_word' id='word_1_635' title='bbox 3635 4039 3787 4097; x_wconf 71' lang='grc' dir='ltr'>αὐτοῖς</span> 
     </span>
    </p>
   </div>
   <div class='ocr_carea' id='block_1_88' title="bbox 2223 4130 3787 4208">
    <p class='ocr_par' dir='ltr' id='par_1_88' title="bbox 2223 4130 3787 4208">
     <span class='ocr_line' id='line_1_88' title="bbox 2223 4130 3787 4208; baseline -0.005 -22"><span class='ocrx_word' id='word_1_636' title='bbox 2223 4133 2323 4198; x_wconf 82' lang='grc' dir='ltr'><strong>τὰς</strong></span> <span class='ocrx_word' id='word_1_637' title='bbox 2347 4135 2454 4188; x_wconf 87' lang='grc' dir='ltr'><strong>τῶν</strong></span> <span class='ocrx_word' id='word_1_638' title='bbox 2481 4135 2639 4208; x_wconf 82' lang='grc' dir='ltr'>ὀρῶν</span> <span class='ocrx_word' id='word_1_639' title='bbox 2657 4134 3097 4208; x_wconf 79' lang='grc' dir='ltr'>καταλαμϐάνειν</span> <span class='ocrx_word' id='word_1_640' title='bbox 3119 4136 3393 4208; x_wconf 77' lang='grc' dir='ltr'>κορυφὰς,</span> <span class='ocrx_word' id='word_1_641' title='bbox 3416 4139 3512 4190; x_wconf 76' lang='grc' dir='ltr'>καὶ</span> <span class='ocrx_word' id='word_1_642' title='bbox 3564 4130 3787 4187; x_wconf 75' lang='grc' dir='ltr'>ὑποκάτω</span> 
     </span>
    </p>
   </div>
   <div class='ocr_carea' id='block_1_89' title="bbox 2223 4218 3790 4299">
    <p class='ocr_par' dir='ltr' id='par_1_89' title="bbox 2223 4218 3790 4299">
     <span class='ocr_line' id='line_1_89' title="bbox 2223 4218 3790 4299; baseline -0.001 -22"><span class='ocrx_word' id='word_1_643' title='bbox 2223 4224 2384 4296; x_wconf 79' lang='grc' dir='ltr'>δρυὸς</span> <span class='ocrx_word' id='word_1_644' title='bbox 2422 4226 2515 4279; x_wconf 73' lang='grc' dir='ltr'>καὶ</span> <span class='ocrx_word' id='word_1_645' title='bbox 2544 4224 2764 4298; x_wconf 81' lang='grc' dir='ltr'>λεύκης,</span> <span class='ocrx_word' id='word_1_646' title='bbox 2807 4226 2948 4281; x_wconf 85' lang='grc' dir='ltr'><strong>καθά</strong></span> <span class='ocrx_word' id='word_1_647' title='bbox 2977 4228 3315 4298; x_wconf 86' lang='grc' dir='ltr'>γέγραπται,</span> <span class='ocrx_word' id='word_1_648' title='bbox 3362 4225 3681 4299; x_wconf 84' lang='grc' dir='ltr'>προσκυνεῖν</span> <span class='ocrx_word' id='word_1_649' title='bbox 3702 4218 3790 4276; x_wconf 60' lang='lat' dir='ltr'><strong>rei;</strong></span> 
     </span>
    </p>
   </div>
   <div class='ocr_carea' id='block_1_90' title="bbox 2226 4313 3789 4390">
    <p class='ocr_par' dir='ltr' id='par_1_90' title="bbox 2226 4313 3789 4390">
     <span class='ocr_line' id='line_1_90' title="bbox 2226 4313 3789 4390; baseline -0.003 -23"><span class='ocrx_word' id='word_1_650' title='bbox 2226 4315 2409 4386; x_wconf 75' lang='grc' dir='ltr'>ἔργοις</span> <span class='ocrx_word' id='word_1_651' title='bbox 2436 4316 2544 4370; x_wconf 86' lang='grc' dir='ltr'><strong>τῶν</strong></span> <span class='ocrx_word' id='word_1_652' title='bbox 2576 4317 2723 4371; x_wconf 73' lang='grc' dir='ltr'>ἰδίων</span> <span class='ocrx_word' id='word_1_653' title='bbox 2766 4318 2988 4390; x_wconf 84' lang='grc' dir='ltr'>χειρῶν.</span> <span class='ocrx_word' id='word_1_654' title='bbox 3037 4316 3177 4371; x_wconf 83' lang='grc' dir='ltr'>Ἀλλ’</span> <span class='ocrx_word' id='word_1_655' title='bbox 3216 4317 3410 4372; x_wconf 78' lang='grc' dir='ltr'>οὐκέτι</span> <span class='ocrx_word' id='word_1_656' title='bbox 3458 4317 3663 4377; x_wconf 83' lang='grc' dir='ltr'>τούτοις</span> <span class='ocrx_word' id='word_1_657' title='bbox 3707 4313 3789 4379; x_wconf 81' lang='grc' dir='ltr'>ἐμ-</span> 
     </span>
    </p>
   </div>
   <div class='ocr_carea' id='block_1_91' title="bbox 2226 4400 3794 4480">
    <p class='ocr_par' dir='ltr' id='par_1_91' title="bbox 2226 4400 3794 4480">
     <span class='ocr_line' id='line_1_91' title="bbox 2226 4400 3794 4480; baseline -0.005 -22"><span class='ocrx_word' id='word_1_658' title='bbox 2226 4407 2533 4477; x_wconf 68' lang='grc' dir='ltr'>ϐλέψονται,</span> <span class='ocrx_word' id='word_1_659' title='bbox 2590 4409 2725 4478; x_wconf 74' lang='grc' dir='ltr'><strong>φησὶ</strong></span> <span class='ocrx_word' id='word_1_660' title='bbox 2747 4450 2760 4474; x_wconf 93' lang='grc'><strong>,</strong></span> <span class='ocrx_word' id='word_1_661' title='bbox 2795 4409 2960 4480; x_wconf 80' lang='grc' dir='ltr'>πείρᾳ</span> <span class='ocrx_word' id='word_1_662' title='bbox 3000 4409 3260 4480; x_wconf 80' lang='grc' dir='ltr'>μαθόντες</span> <span class='ocrx_word' id='word_1_663' title='bbox 3292 4408 3371 4471; x_wconf 79' lang='grc' dir='ltr'>ὡς</span> <span class='ocrx_word' id='word_1_664' title='bbox 3402 4409 3608 4461; x_wconf 79' lang='grc' dir='ltr'>εἰκαῖον</span> <span class='ocrx_word' id='word_1_665' title='bbox 3638 4400 3794 4458; x_wconf 77' lang='grc' dir='ltr'>αὐτοῖς</span> 
     </span>
    </p>
   </div>
   <div class='ocr_carea' id='block_1_92' title="bbox 529 4488 2119 4579">
    <p class='ocr_par' dir='ltr' id='par_1_92' title="bbox 529 4492 2117 4579">
     <span class='ocr_line' id='line_1_92' title="bbox 529 4492 2117 4579; baseline -0.011 -15"><span class='ocrx_word' id='word_1_666' title='bbox 529 4511 714 4579; x_wconf 82' lang='lat' dir='ltr'><strong>itaque</strong></span> <span class='ocrx_word' id='word_1_667' title='bbox 738 4517 821 4562; x_wconf 92' lang='lat' dir='ltr'><strong>est</strong></span> <span class='ocrx_word' id='word_1_668' title='bbox 853 4518 1081 4569; x_wconf 84' lang='lat' dir='ltr'><strong>cavere,</strong></span> <span class='ocrx_word' id='word_1_669' title='bbox 1112 4512 1166 4557; x_wconf 92' lang='lat' dir='ltr'><strong>et</strong></span> <span class='ocrx_word' id='word_1_670' title='bbox 1198 4499 1449 4555; x_wconf 89' lang='lat' dir='ltr'><strong>onmibus</strong></span> <span class='ocrx_word' id='word_1_671' title='bbox 1485 4497 1689 4552; x_wconf 88' lang='lat' dir='ltr'><strong>viribus</strong></span> <span class='ocrx_word' id='word_1_672' title='bbox 1718 4492 1853 4551; x_wconf 88' lang='lat' dir='ltr'><strong>iram</strong></span> <span class='ocrx_word' id='word_1_673' title='bbox 1882 4495 2117 4551; x_wconf 82' lang='lat' dir='ltr'><strong>divinam</strong></span> 
     </span>
    </p>
   </div>
   <div class='ocr_carea' id='block_1_93' title="bbox 2223 4488 3793 4579">
    <p class='ocr_par' dir='ltr' id='par_1_93' title="bbox 2224 4488 3793 4571">
     <span class='ocr_line' id='line_1_93' title="bbox 2224 4488 3793 4571; baseline -0.003 -20"><span class='ocrx_word' id='word_1_674' title='bbox 2224 4499 2318 4551; x_wconf 70' lang='grc' dir='ltr'>καὶ</span> <span class='ocrx_word' id='word_1_675' title='bbox 2350 4499 2606 4570; x_wconf 83' lang='grc' dir='ltr'>ἀνόνητον</span> <span class='ocrx_word' id='word_1_676' title='bbox 2650 4499 2924 4564; x_wconf 85' lang='grc' dir='ltr'>παντελῶς</span> <span class='ocrx_word' id='word_1_677' title='bbox 2972 4500 3031 4552; x_wconf 80' lang='grc' dir='ltr'>τὺ</span> <span class='ocrx_word' id='word_1_678' title='bbox 3079 4499 3268 4571; x_wconf 77' lang='grc' dir='ltr'>χρῆμά</span> <span class='ocrx_word' id='word_1_679' title='bbox 3314 4503 3499 4564; x_wconf 86' lang='grc' dir='ltr'>ἐστιν,</span> <span class='ocrx_word' id='word_1_680' title='bbox 3539 4488 3793 4569; x_wconf 71' lang='grc' dir='ltr'>μᾶλλονδὲ</span> 
     </span>
    </p>
   </div>
   <div class='ocr_carea' id='block_1_94' title="bbox 529 4585 2150 4662">
    <p class='ocr_par' dir='ltr' id='par_1_94' title="bbox 529 4585 2150 4662">
     <span class='ocr_line' id='line_1_94' title="bbox 529 4585 2150 4662; baseline -0.01 -10"><span class='ocrx_word' id='word_1_681' title='bbox 529 4599 824 4661; x_wconf 86' lang='lat' dir='ltr'><strong>declinare,</strong></span> <span class='ocrx_word' id='word_1_682' title='bbox 861 4607 916 4651; x_wconf 87' lang='lat' dir='ltr'><strong>et</strong></span> <span class='ocrx_word' id='word_1_683' title='bbox 961 4607 1071 4650; x_wconf 90' lang='lat' dir='ltr'><strong>non</strong></span> <span class='ocrx_word' id='word_1_684' title='bbox 1122 4589 1454 4662; x_wconf 80' lang='lat' dir='ltr'><strong>experiendo</strong></span> <span class='ocrx_word' id='word_1_685' title='bbox 1480 4588 1693 4643; x_wconf 87' lang='lat' dir='ltr'><strong>discere</strong></span> <span class='ocrx_word' id='word_1_686' title='bbox 1732 4585 1891 4640; x_wconf 88' lang='lat' dir='ltr'><strong>malis</strong></span> <span class='ocrx_word' id='word_1_687' title='bbox 1931 4598 2150 4638; x_wconf 89' lang='lat' dir='ltr'><strong>occur--</strong></span> 
     </span>
    </p>
   </div>
   <div class='ocr_carea' id='block_1_95' title="bbox 531 4670 2124 4755">
    <p class='ocr_par' dir='ltr' id='par_1_95' title="bbox 531 4670 2124 4755">
     <span class='ocr_line' id='line_1_95' title="bbox 531 4670 2124 4755; baseline -0.014 -10"><span class='ocrx_word' id='word_1_688' title='bbox 531 4703 692 4752; x_wconf 85' lang='lat' dir='ltr'><strong>rere,</strong></span> <span class='ocrx_word' id='word_1_689' title='bbox 726 4686 819 4742; x_wconf 88' lang='lat' dir='ltr'><strong>sed</strong></span> <span class='ocrx_word' id='word_1_690' title='bbox 858 4693 983 4741; x_wconf 87' lang='lat' dir='ltr'><strong>ante</strong></span> <span class='ocrx_word' id='word_1_691' title='bbox 1016 4682 1198 4755; x_wconf 87' lang='lat' dir='ltr'><strong>potius</strong></span> <span class='ocrx_word' id='word_1_692' title='bbox 1233 4694 1427 4753; x_wconf 79' lang='lat' dir='ltr'><strong>causas</strong></span> <span class='ocrx_word' id='word_1_693' title='bbox 1488 4685 1701 4731; x_wconf 89' lang='lat' dir='ltr'><strong>mature</strong></span> <span class='ocrx_word' id='word_1_694' title='bbox 1727 4685 2028 4737; x_wconf 89' lang='lat' dir='ltr'><strong>removere,</strong></span> <span class='ocrx_word' id='word_1_695' title='bbox 2054 4670 2124 4724; x_wconf 85' lang='lat' dir='ltr'><strong>de</strong></span> 
     </span>
    </p>
   </div>
   <div class='ocr_carea' id='block_1_96' title="bbox 492 4769 2122 4851">
    <p class='ocr_par' dir='ltr' id='par_1_96' title="bbox 492 4769 2122 4851">
     <span class='ocr_line' id='line_1_96' title="bbox 492 4769 2122 4851; baseline -0.013 -16"><span class='ocrx_word' id='word_1_696' title='bbox 492 4778 498 4783; x_wconf 81' lang='grc'><strong>’</strong></span> <span class='ocrx_word' id='word_1_697' title='bbox 531 4779 729 4851; x_wconf 87' lang='lat' dir='ltr'><strong>quibus</strong></span> <span class='ocrx_word' id='word_1_698' title='bbox 756 4777 900 4833; x_wconf 86' lang='lat' dir='ltr'><strong>Deus</strong></span> <span class='ocrx_word' id='word_1_699' title='bbox 935 4775 1094 4831; x_wconf 89' lang='lat' dir='ltr'><strong>irasci</strong></span> <span class='ocrx_word' id='word_1_700' title='bbox 1133 4780 1368 4844; x_wconf 88' lang='lat' dir='ltr'><strong>poterat,</strong></span> <span class='ocrx_word' id='word_1_701' title='bbox 1412 4769 1633 4838; x_wconf 88' lang='lat' dir='ltr'><strong>Dcoque</strong></span> <span class='ocrx_word' id='word_1_702' title='bbox 1671 4770 1962 4827; x_wconf 87' lang='lat' dir='ltr'><strong>commoto,</strong></span> <span class='ocrx_word' id='word_1_703' title='bbox 1996 4770 2122 4814; x_wconf 87' lang='lat' dir='ltr'><strong>ante</strong></span> 
     </span>
    </p>
   </div>
   <div class='ocr_carea' id='block_1_97' title="bbox 533 4852 2125 4940">
    <p class='ocr_par' dir='ltr' id='par_1_97' title="bbox 533 4852 2125 4940">
     <span class='ocr_line' id='line_1_97' title="bbox 533 4852 2125 4940; baseline -0.011 -17"><span class='ocrx_word' id='word_1_704' title='bbox 533 4873 743 4940; x_wconf 80' lang='lat' dir='ltr'><strong>plagam</strong></span> <span class='ocrx_word' id='word_1_705' title='bbox 772 4876 825 4922; x_wconf 87' lang='lat' dir='ltr'><strong>et</strong></span> <span class='ocrx_word' id='word_1_706' title='bbox 847 4867 1070 4921; x_wconf 86' lang='lat' dir='ltr'><strong>verbera</strong></span> <span class='ocrx_word' id='word_1_707' title='bbox 1094 4865 1331 4934; x_wconf 85' lang='lat' dir='ltr'><strong>turpiora</strong></span> <span class='ocrx_word' id='word_1_708' title='bbox 1360 4858 1636 4920; x_wconf 85' lang='lat' dir='ltr'><strong>evitando,</strong></span> <span class='ocrx_word' id='word_1_709' title='bbox 1656 4854 1856 4924; x_wconf 87' lang='lat' dir='ltr'><strong>optima</strong></span> <span class='ocrx_word' id='word_1_710' title='bbox 1878 4852 2125 4908; x_wconf 78' lang='lat' dir='ltr'><strong>excolen-</strong></span> 
     </span>
    </p>
   </div>
   <div class='ocr_carea' id='block_1_98' title="bbox 532 4948 2112 5029">
    <p class='ocr_par' dir='ltr' id='par_1_98' title="bbox 532 4948 2112 5029">
     <span class='ocr_line' id='line_1_98' title="bbox 532 4948 2112 5029; baseline -0.011 -13"><span class='ocrx_word' id='word_1_711' title='bbox 532 4963 622 5027; x_wconf 90' lang='lat' dir='ltr'><strong>do,</strong></span> <span class='ocrx_word' id='word_1_712' title='bbox 653 4973 922 5029; x_wconf 85' lang='lat' dir='ltr'><strong>omneque</strong></span> <span class='ocrx_word' id='word_1_713' title='bbox 947 4956 1161 5012; x_wconf 85' lang='lat' dir='ltr'><strong>virtutis</strong></span> <span class='ocrx_word' id='word_1_714' title='bbox 1181 4968 1351 5026; x_wconf 84' lang='lat' dir='ltr'><strong>genus</strong></span> <span class='ocrx_word' id='word_1_715' title='bbox 1371 4948 1698 5008; x_wconf 76' lang='lat' dir='ltr'><strong>exercendo,</strong></span> <span class='ocrx_word' id='word_1_716' title='bbox 1720 4959 1841 4999; x_wconf 82' lang='lat' dir='ltr'><strong>sese</strong></span> <span class='ocrx_word' id='word_1_717' title='bbox 1865 4958 2112 5014; x_wconf 83' lang='lat' dir='ltr'><strong>purgare.</strong></span> 
     </span>
    </p>
   </div>
   <div class='ocr_carea' id='block_1_99' title="bbox 2221 4586 3797 4667">
    <p class='ocr_par' dir='ltr' id='par_1_99' title="bbox 2221 4586 3797 4667">
     <span class='ocr_line' id='line_1_99' title="bbox 2221 4586 3797 4667; baseline 0.002 -24"><span class='ocrx_word' id='word_1_718' title='bbox 2221 4591 2316 4643; x_wconf 71' lang='grc' dir='ltr'><strong>καὶ</strong></span> <span class='ocrx_word' id='word_1_719' title='bbox 2344 4592 2566 4661; x_wconf 82' lang='grc' dir='ltr'>ἁπάσης</span> <span class='ocrx_word' id='word_1_720' title='bbox 2595 4593 2766 4646; x_wconf 79' lang='grc' dir='ltr'>αἴτιον</span> <span class='ocrx_word' id='word_1_721' title='bbox 2805 4586 3110 4667; x_wconf 76' lang='grc' dir='ltr'>συμφορᾶς.</span> <span class='ocrx_word' id='word_1_722' title='bbox 3148 4590 3367 4667; x_wconf 81' lang='grc' dir='ltr'>Ταύτης</span> <span class='ocrx_word' id='word_1_723' title='bbox 3394 4598 3464 4665; x_wconf 66' lang='grc' dir='ltr'>γὲ</span> <span class='ocrx_word' id='word_1_724' title='bbox 3476 4614 3506 4666; x_wconf 86' lang='grc' dir='ltr'><strong>ρ</strong></span> <span class='ocrx_word' id='word_1_725' title='bbox 3530 4595 3683 4648; x_wconf 74' lang='grc' dir='ltr'>ἕνεκα</span> <span class='ocrx_word' id='word_1_726' title='bbox 3715 4586 3797 4653; x_wconf 67' lang='grc' dir='ltr'><strong>τῆς</strong></span> 
     </span>
    </p>
   </div>
   <div class='ocr_carea' id='block_1_100' title="bbox 2221 4680 3794 4753">
    <p class='ocr_par' dir='ltr' id='par_1_100' title="bbox 2221 4680 3794 4753">
     <span class='ocr_line' id='line_1_100' title="bbox 2221 4680 3794 4753; baseline 0.004 -22"><span class='ocrx_word' id='word_1_727' title='bbox 2221 4680 2422 4745; x_wconf 86' lang='grc' dir='ltr'>αἰτίας,</span> <span class='ocrx_word' id='word_1_728' title='bbox 2482 4684 2576 4735; x_wconf 72' lang='grc' dir='ltr'><strong>καὶ</strong></span> <span class='ocrx_word' id='word_1_729' title='bbox 2613 4682 2930 4748; x_wconf 84' lang='grc' dir='ltr'>διολώλασι,</span> <span class='ocrx_word' id='word_1_730' title='bbox 2983 4686 3076 4740; x_wconf 74' lang='grc' dir='ltr'>καὶ</span> <span class='ocrx_word' id='word_1_731' title='bbox 3127 4687 3369 4741; x_wconf 81' lang='grc' dir='ltr'>δέδονται</span> <span class='ocrx_word' id='word_1_732' title='bbox 3422 4690 3536 4748; x_wconf 84' lang='grc' dir='ltr'>τοῖς</span> <span class='ocrx_word' id='word_1_733' title='bbox 3586 4680 3794 4753; x_wconf 77' lang='grc' dir='ltr'>ἐχθροῖς·</span> 
     </span>
    </p>
   </div>
   <div class='ocr_carea' id='block_1_101' title="bbox 2227 4767 3798 4847">
    <p class='ocr_par' dir='ltr' id='par_1_101' title="bbox 2227 4767 3798 4847">
     <span class='ocr_line' id='line_1_101' title="bbox 2227 4767 3798 4847; baseline -0.001 -26"><span class='ocrx_word' id='word_1_734' title='bbox 2227 4770 2483 4841; x_wconf 81' lang='grc' dir='ltr'>Ἀριστον</span> <span class='ocrx_word' id='word_1_735' title='bbox 2505 4767 2596 4826; x_wconf 78' lang='grc' dir='ltr'><strong>οὖν</strong></span> <span class='ocrx_word' id='word_1_736' title='bbox 2624 4772 2732 4844; x_wconf 78' lang='grc' dir='ltr'>ἄρα</span> <span class='ocrx_word' id='word_1_737' title='bbox 2754 4776 2822 4829; x_wconf 84' lang='grc' dir='ltr'>’τὸ</span> <span class='ocrx_word' id='word_1_738' title='bbox 2848 4776 3211 4844; x_wconf 79' lang='grc' dir='ltr'>φυλάττεσθαι</span> <span class='ocrx_word' id='word_1_739' title='bbox 3229 4780 3324 4831; x_wconf 76' lang='grc' dir='ltr'><strong>καὶ</strong></span> <span class='ocrx_word' id='word_1_740' title='bbox 3348 4779 3516 4833; x_wconf 76' lang='grc' dir='ltr'>παντὶ</span> <span class='ocrx_word' id='word_1_741' title='bbox 3541 4794 3614 4830; x_wconf 84' lang='grc' dir='ltr'><strong>πα</strong></span> <span class='ocrx_word' id='word_1_742' title='bbox 3624 4770 3798 4847; x_wconf 86' lang='grc' dir='ltr'>ραιτεί-</span> 
     </span>
    </p>
   </div>
   <div class='ocr_carea' id='block_1_102' title="bbox 2223 4861 3801 4942">
    <p class='ocr_par' dir='ltr' id='par_1_102' title="bbox 2223 4861 3801 4942">
     <span class='ocr_line' id='line_1_102' title="bbox 2223 4861 3801 4942; baseline 0 -28"><span class='ocrx_word' id='word_1_743' title='bbox 2223 4861 2350 4917; x_wconf 87' lang='grc' dir='ltr'>σθαι</span> <span class='ocrx_word' id='word_1_744' title='bbox 2386 4862 2560 4919; x_wconf 82' lang='grc' dir='ltr'>σθένει</span> <span class='ocrx_word' id='word_1_745' title='bbox 2610 4867 2707 4937; x_wconf 73' lang='grc' dir='ltr'>τὴν</span> <span class='ocrx_word' id='word_1_746' title='bbox 2755 4867 2905 4922; x_wconf 87' lang='grc' dir='ltr'>θείαν</span> <span class='ocrx_word' id='word_1_747' title='bbox 2936 4870 3126 4941; x_wconf 81' lang='grc' dir='ltr'>ὀργὴν,</span> <span class='ocrx_word' id='word_1_748' title='bbox 3165 4871 3258 4923; x_wconf 71' lang='grc' dir='ltr'><strong>καὶ</strong></span> <span class='ocrx_word' id='word_1_749' title='bbox 3310 4872 3387 4942; x_wconf 77' lang='grc' dir='ltr'><strong>μὴ</strong></span> <span class='ocrx_word' id='word_1_750' title='bbox 3422 4871 3591 4941; x_wconf 74' lang='grc' dir='ltr'>πείρα</span> <span class='ocrx_word' id='word_1_751' title='bbox 3629 4861 3801 4937; x_wconf 78' lang='grc' dir='ltr'>μαθεῖν</span> 
     </span>
    </p>
   </div>
   <div class='ocr_carea' id='block_1_103' title="bbox 2222 4950 3802 5032">
    <p class='ocr_par' dir='ltr' id='par_1_103' title="bbox 2222 4950 3802 5032">
     <span class='ocr_line' id='line_1_103' title="bbox 2222 4950 3802 5032; baseline 0 -28"><span class='ocrx_word' id='word_1_752' title='bbox 2222 4952 2540 5023; x_wconf 80' lang='grc' dir='ltr'>ἐκδέχεσθαι</span> <span class='ocrx_word' id='word_1_753' title='bbox 2569 4957 2636 5009; x_wconf 87' lang='grc' dir='ltr'>τὰ</span> <span class='ocrx_word' id='word_1_754' title='bbox 2669 4957 2833 5011; x_wconf 88' lang='grc' dir='ltr'>κακά.</span> <span class='ocrx_word' id='word_1_755' title='bbox 2879 4958 3366 5030; x_wconf 78' lang='grc' dir='ltr'>Προσαποδύεσθαι</span> <span class='ocrx_word' id='word_1_756' title='bbox 3404 4963 3463 5016; x_wconf 83' lang='grc' dir='ltr'>δὲ</span> <span class='ocrx_word' id='word_1_757' title='bbox 3501 4960 3694 5032; x_wconf 78' lang='grc' dir='ltr'>μᾶλλον</span> <span class='ocrx_word' id='word_1_758' title='bbox 3721 4950 3802 5005; x_wconf 65' lang='grc' dir='ltr'><strong>καὶ</strong></span> 
     </span>
    </p>
   </div>
   <div class='ocr_carea' id='block_1_104' title="bbox 536 5039 3800 5128">
    <p class='ocr_par' dir='ltr' id='par_1_104' title="bbox 536 5039 3800 5128">
     <span class='ocr_line' id='line_1_104' title="bbox 536 5039 3800 5128; baseline -0.009 -17"><span class='ocrx_word' id='word_1_759' title='bbox 536 5056 682 5128; x_wconf 74' lang='grc' dir='ltr'>μάλα</span> <span class='ocrx_word' id='word_1_760' title='bbox 708 5055 923 5128; x_wconf 86' lang='grc' dir='ltr'>γοργῶς</span> <span class='ocrx_word' id='word_1_761' title='bbox 952 5051 1051 5117; x_wconf 82' lang='grc' dir='ltr'>τὰς</span> <span class='ocrx_word' id='word_1_762' title='bbox 1085 5049 1285 5113; x_wconf 80' lang='grc' dir='ltr'>αἰτίας,</span> <span class='ocrx_word' id='word_1_763' title='bbox 1322 5048 1407 5117; x_wconf 80' lang='grc' dir='ltr'><strong>ἐφ’</strong></span> <span class='ocrx_word' id='word_1_764' title='bbox 1449 5039 1537 5107; x_wconf 75' lang='grc' dir='ltr'>αἶς</span> <span class='ocrx_word' id='word_1_765' title='bbox 1563 5042 1628 5095; x_wconf 82' lang='grc' dir='ltr'><strong>ἂν</strong></span> <span class='ocrx_word' id='word_1_766' title='bbox 1672 5039 1942 5112; x_wconf 74' lang='grc' dir='ltr'>ὀργίζοιτο</span> <span class='ocrx_word' id='word_1_767' title='bbox 1976 5040 2127 5108; x_wconf 80' lang='grc' dir='ltr'>Θεὸς,</span> <span class='ocrx_word' id='word_1_768' title='bbox 2154 5048 2255 5106; x_wconf 71' lang='grc' dir='ltr'>καὶ</span> <span class='ocrx_word' id='word_1_769' title='bbox 2285 5050 2393 5120; x_wconf 86' lang='grc' dir='ltr'><strong>πρὸ</strong></span> <span class='ocrx_word' id='word_1_770' title='bbox 2451 5050 2667 5123; x_wconf 81' lang='grc' dir='ltr'>πληγῆς</span> <span class='ocrx_word' id='word_1_771' title='bbox 2722 5054 2817 5106; x_wconf 76' lang='grc' dir='ltr'>καὶ</span> <span class='ocrx_word' id='word_1_772' title='bbox 2865 5055 3132 5124; x_wconf 78' lang='grc' dir='ltr'>μάστιγος</span> <span class='ocrx_word' id='word_1_773' title='bbox 3169 5055 3567 5125; x_wconf 83' lang='grc' dir='ltr'>ἀπολογεῖσθαι</span> <span class='ocrx_word' id='word_1_774' title='bbox 3589 5051 3800 5113; x_wconf 80' lang='grc' dir='ltr'>λελυπη.</span> 
     </span>
    </p>
   </div>
   <div class='ocr_carea' id='block_1_105' title="bbox 537 5135 3802 5223">
    <p class='ocr_par' dir='ltr' id='par_1_105' title="bbox 537 5135 3802 5223">
     <span class='ocr_line' id='line_1_105' title="bbox 537 5135 3802 5223; baseline -0.002 -18"><span class='ocrx_word' id='word_1_775' title='bbox 537 5152 684 5223; x_wconf 84' lang='grc' dir='ltr'>μένῳ</span> <span class='ocrx_word' id='word_1_776' title='bbox 703 5150 791 5206; x_wconf 77' lang='grc' dir='ltr'><strong>διά</strong></span> <span class='ocrx_word' id='word_1_777' title='bbox 823 5164 887 5219; x_wconf 89' lang='grc' dir='ltr'><strong>γε</strong></span> <span class='ocrx_word' id='word_1_778' title='bbox 915 5149 1009 5203; x_wconf 80' lang='grc' dir='ltr'>τοῦ</span> <span class='ocrx_word' id='word_1_779' title='bbox 1036 5141 1422 5218; x_wconf 84' lang='grc' dir='ltr'>παραιτεῖσθαι</span> <span class='ocrx_word' id='word_1_780' title='bbox 1474 5137 1572 5211; x_wconf 85' lang='grc' dir='ltr'>μὲν</span> <span class='ocrx_word' id='word_1_781' title='bbox 1609 5136 1676 5191; x_wconf 83' lang='grc' dir='ltr'><strong>τὰ</strong></span> <span class='ocrx_word' id='word_1_782' title='bbox 1740 5135 1957 5207; x_wconf 86' lang='grc' dir='ltr'>αἰσχίω,</span> <span class='ocrx_word' id='word_1_783' title='bbox 1985 5142 2153 5211; x_wconf 74' lang='grc' dir='ltr'>τιμᾷν</span> <span class='ocrx_word' id='word_1_784' title='bbox 2192 5136 2280 5197; x_wconf 70' lang='grc' dir='ltr'><strong>’δὲ</strong></span> <span class='ocrx_word' id='word_1_785' title='bbox 2339 5146 2408 5199; x_wconf 75' lang='grc' dir='ltr'>τὰ</span> <span class='ocrx_word' id='word_1_786' title='bbox 2462 5146 2761 5215; x_wconf 73' lang='grc' dir='ltr'>κάλλιστα,</span> <span class='ocrx_word' id='word_1_787' title='bbox 2821 5150 2914 5203; x_wconf 75' lang='grc' dir='ltr'>καὶ</span> <span class='ocrx_word' id='word_1_788' title='bbox 2973 5152 3151 5204; x_wconf 84' lang='grc' dir='ltr'>πάντα</span> <span class='ocrx_word' id='word_1_789' title='bbox 3213 5152 3421 5222; x_wconf 79' lang='grc' dir='ltr'>τρόπον</span> <span class='ocrx_word' id='word_1_790' title='bbox 3480 5145 3802 5217; x_wconf 78' lang='grc' dir='ltr'>ὲπιτηδευειν</span> 
     </span>
    </p>
   </div>
   <div class='ocr_carea' id='block_1_106' title="bbox 534 5260 754 5318">
    <p class='ocr_par' dir='ltr' id='par_1_106' title="bbox 534 5260 754 5318">
     <span class='ocr_line' id='line_1_106' title="bbox 534 5260 754 5318; baseline 0 -20"><span class='ocrx_word' id='word_1_791' title='bbox 534 5260 754 5318; x_wconf 85' lang='grc' dir='ltr'>αρετης.</span> 
     </span>
    </p>
   </div>
   <div class='ocr_carea' id='block_1_107' title="bbox 604 5350 2114 5425">
    <p class='ocr_par' dir='ltr' id='par_1_107' title="bbox 604 5350 2114 5425">
     <span class='ocr_line' id='line_1_107' title="bbox 604 5350 2114 5425; baseline -0.006 -12"><span class='ocrx_word' id='word_1_792' title='bbox 604 5358 773 5415; x_wconf 68' lang='lat' dir='ltr'><strong>Vsus.</strong></span> <span class='ocrx_word' id='word_1_793' title='bbox 804 5350 982 5425; x_wconf 60' lang='lat'><strong>9,10;</strong></span> <span class='ocrx_word' id='word_1_794' title='bbox 1024 5352 1120 5409; x_wconf 82' lang='lat' dir='ltr'><strong>Die</strong></span> <span class='ocrx_word' id='word_1_795' title='bbox 1167 5351 1262 5407; x_wconf 84' lang='lat' dir='ltr'><strong>illa</strong></span> <span class='ocrx_word' id='word_1_796' title='bbox 1300 5359 1450 5405; x_wconf 78' lang='lat' dir='ltr'><strong>erunt</strong></span> <span class='ocrx_word' id='word_1_797' title='bbox 1497 5350 1759 5404; x_wconf 79' lang='lat' dir='ltr'><strong>derelictm</strong></span> <span class='ocrx_word' id='word_1_798' title='bbox 1801 5351 1949 5404; x_wconf 81' lang='lat' dir='ltr'><strong>urbes</strong></span> <span class='ocrx_word' id='word_1_799' title='bbox 1978 5360 2114 5415; x_wconf 71' lang='lat' dir='ltr'><strong>tum,</strong></span> 
     </span>
    </p>
   </div>
   <div class='ocr_carea' id='block_1_108' title="bbox 534 5442 2117 5524">
    <p class='ocr_par' dir='ltr' id='par_1_108' title="bbox 534 5442 2117 5524">
     <span class='ocr_line' id='line_1_108' title="bbox 534 5442 2117 5524; baseline -0.006 -18"><span class='ocrx_word' id='word_1_800' title='bbox 534 5452 971 5524; x_wconf 84' lang='lat' dir='ltr'><strong>quemadmodum</strong></span> <span class='ocrx_word' id='word_1_801' title='bbox 1024 5448 1346 5515; x_wconf 78' lang='lat' dir='ltr'><strong>reliquerunt</strong></span> <span class='ocrx_word' id='word_1_802' title='bbox 1399 5442 1720 5504; x_wconf 66' lang='lat' dir='ltr'><strong>Amor-rimi,</strong></span> <span class='ocrx_word' id='word_1_803' title='bbox 1768 5453 1815 5496; x_wconf 76' lang='lat' dir='ltr'><strong>et</strong></span> <span class='ocrx_word' id='word_1_804' title='bbox 1868 5442 2045 5509; x_wconf 75' lang='lat' dir='ltr'><strong>Etur&#39;i,</strong></span> <span class='ocrx_word' id='word_1_805' title='bbox 2086 5461 2117 5496; x_wconf 89' lang='lat' dir='ltr'><strong>a</strong></span> 
     </span>
    </p>
   </div>
   <div class='ocr_carea' id='block_1_109' title="bbox 535 5536 2118 5615">
    <p class='ocr_par' dir='ltr' id='par_1_109' title="bbox 535 5536 2118 5615">
     <span class='ocr_line' id='line_1_109' title="bbox 535 5536 2118 5615; baseline -0.006 -18"><span class='ocrx_word' id='word_1_806' title='bbox 535 5546 673 5615; x_wconf 75' lang='lat' dir='ltr'><strong>{acie</strong></span> <span class='ocrx_word' id='word_1_807' title='bbox 708 5543 944 5612; x_wconf 76' lang='lat' dir='ltr'><strong>ﬁliorum</strong></span> <span class='ocrx_word' id='word_1_808' title='bbox 985 5538 1237 5601; x_wconf 77' lang='lat' dir='ltr'><strong>Israelis,</strong></span> <span class='ocrx_word' id='word_1_809' title='bbox 1278 5548 1325 5590; x_wconf 80' lang='lat' dir='ltr'><strong>et</strong></span> <span class='ocrx_word' id='word_1_810' title='bbox 1374 5544 1526 5589; x_wconf 77' lang='lat' dir='ltr'><strong>erunt</strong></span> <span class='ocrx_word' id='word_1_811' title='bbox 1565 5536 1834 5600; x_wconf 67' lang='lat' dir='ltr'><strong>desolata’,</strong></span> <span class='ocrx_word' id='word_1_812' title='bbox 1869 5536 2118 5606; x_wconf 75' lang='lat' dir='ltr'><strong>quoniam</strong></span> 
     </span>
    </p>
   </div>
   <div class='ocr_carea' id='block_1_110' title="bbox 609 5735 2071 5809">
    <p class='ocr_par' dir='ltr' id='par_1_110' title="bbox 609 5735 2071 5809">
     <span class='ocr_line' id='line_1_110' title="bbox 609 5735 2071 5809; baseline -0.008 -7"><span class='ocrx_word' id='word_1_813' title='bbox 609 5749 651 5780; x_wconf 81' lang='grc'><strong>³⁷</strong></span> <span class='ocrx_word' id='word_1_814' title='bbox 686 5747 849 5801; x_wconf 85' lang='lat' dir='ltr'><strong>llebr.</strong></span> <span class='ocrx_word' id='word_1_815' title='bbox 882 5745 1054 5809; x_wconf 72' lang='lat' dir='ltr'><strong>tm,7.</strong></span> <span class='ocrx_word' id='word_1_816' title='bbox 1133 5741 1177 5772; x_wconf 81' lang='grc'>⁸⁸</span> <span class='ocrx_word' id='word_1_817' title='bbox 1201 5741 1331 5796; x_wconf 85' lang='lat' dir='ltr'><strong>ibid.</strong></span> <span class='ocrx_word' id='word_1_818' title='bbox 1376 5742 1429 5809; x_wconf 78' lang='grc'>5,</span> <span class='ocrx_word' id='word_1_819' title='bbox 1462 5741 1527 5803; x_wconf 81' lang='lat'><strong>6&#39;,</strong></span> <span class='ocrx_word' id='word_1_820' title='bbox 1564 5740 1725 5794; x_wconf 79' lang='lat' dir='ltr'><strong>Prov.</strong></span> <span class='ocrx_word' id='word_1_821' title='bbox 1758 5735 2071 5804; x_wconf 67' lang='lat' dir='ltr'><strong>ttt,1l,|2.</strong></span> 
     </span>
    </p>
   </div>
   <div class='ocr_carea' id='block_1_111' title="bbox 2149 5732 2689 5803">
    <p class='ocr_par' dir='ltr' id='par_1_111' title="bbox 2149 5732 2689 5803">
     <span class='ocr_line' id='line_1_111' title="bbox 2149 5732 2689 5803; baseline 0.002 -16"><span class='ocrx_word' id='word_1_822' title='bbox 2149 5734 2193 5766; x_wconf 71' lang='grc'><strong>³³</strong></span> <span class='ocrx_word' id='word_1_823' title='bbox 2231 5732 2513 5788; x_wconf 83' lang='lat' dir='ltr'><strong>lTin.0tb.</strong></span> <span class='ocrx_word' id='word_1_824' title='bbox 2548 5748 2607 5803; x_wconf 88' lang='lat' dir='ltr'><strong>tt,</strong></span> <span class='ocrx_word' id='word_1_825' title='bbox 2637 5735 2689 5788; x_wconf 71' lang='grc'>4.</span> 
     </span>
    </p>
   </div>
   <div class='ocr_carea' id='block_1_112' title="bbox 2303 5351 3804 5423">
    <p class='ocr_par' dir='ltr' id='par_1_112' title="bbox 2303 5351 3804 5423">
     <span class='ocr_line' id='line_1_112' title="bbox 2303 5351 3804 5423; baseline 0 -17"><span class='ocrx_word' id='word_1_826' title='bbox 2303 5352 2384 5422; x_wconf 76' lang='grc' dir='ltr'><strong>Τῇ</strong></span> <span class='ocrx_word' id='word_1_827' title='bbox 2414 5353 2603 5422; x_wconf 74' lang='grc' dir='ltr'><strong>ἡμέρᾳ</strong></span> <span class='ocrx_word' id='word_1_828' title='bbox 2661 5355 2864 5423; x_wconf 79' lang='grc' dir='ltr'>ἐκείνῃ</span> <span class='ocrx_word' id='word_1_829' title='bbox 2918 5357 3166 5410; x_wconf 67' lang='grc' dir='ltr'>ἔσονται</span> <span class='ocrx_word' id='word_1_830' title='bbox 3210 5360 3270 5411; x_wconf 73' lang='grc' dir='ltr'>αἱ</span> <span class='ocrx_word' id='word_1_831' title='bbox 3317 5360 3535 5422; x_wconf 72' lang='grc' dir='ltr'>πόλεις</span> <span class='ocrx_word' id='word_1_832' title='bbox 3583 5371 3696 5411; x_wconf 82' lang='grc' dir='ltr'><strong>σου</strong></span> <span class='ocrx_word' id='word_1_833' title='bbox 3722 5351 3804 5418; x_wconf 70' lang='grc' dir='ltr'><strong>ἐγ-</strong></span> 
     </span>
    </p>
   </div>
   <div class='ocr_carea' id='block_1_113' title="bbox 2228 5442 3803 5516">
    <p class='ocr_par' dir='ltr' id='par_1_113' title="bbox 2228 5442 3803 5516">
     <span class='ocr_line' id='line_1_113' title="bbox 2228 5442 3803 5516; baseline 0 -20"><span class='ocrx_word' id='word_1_834' title='bbox 2228 5445 2794 5513; x_wconf 45' lang='grc' dir='ltr'>καταλελειμμᾶαι,</span> <span class='ocrx_word' id='word_1_835' title='bbox 2872 5446 2945 5499; x_wconf 77' lang='grc' dir='ltr'><strong>ὃν</strong></span> <span class='ocrx_word' id='word_1_836' title='bbox 3012 5449 3235 5514; x_wconf 71' lang='grc' dir='ltr'>τρόπον</span> <span class='ocrx_word' id='word_1_837' title='bbox 3303 5448 3706 5516; x_wconf 72' lang='grc' dir='ltr'>ἐγκατέλιπον</span> <span class='ocrx_word' id='word_1_838' title='bbox 3754 5442 3803 5496; x_wconf 82' lang='grc' dir='ltr'>οἱ</span> 
     </span>
    </p>
   </div>
   <div class='ocr_carea' id='block_1_114' title="bbox 2240 5530 3804 5607">
    <p class='ocr_par' dir='ltr' id='par_1_114' title="bbox 2240 5530 3804 5607">
     <span class='ocr_line' id='line_1_114' title="bbox 2240 5530 3804 5607; baseline -0.002 -22"><span class='ocrx_word' id='word_1_839' title='bbox 2240 5532 2568 5601; x_wconf 71' lang='grc' dir='ltr'>Ἀμορῤαῖοι</span> <span class='ocrx_word' id='word_1_840' title='bbox 2622 5534 2723 5589; x_wconf 79' lang='grc' dir='ltr'>καὶ</span> <span class='ocrx_word' id='word_1_841' title='bbox 2777 5538 2831 5589; x_wconf 84' lang='grc' dir='ltr'>οὶ</span> <span class='ocrx_word' id='word_1_842' title='bbox 2896 5532 3105 5589; x_wconf 56' lang='lat' dir='ltr'><strong>Ebrio;</strong></span> <span class='ocrx_word' id='word_1_843' title='bbox 3161 5537 3279 5592; x_wconf 74' lang='grc' dir='ltr'>ἀπὸ</span> <span class='ocrx_word' id='word_1_844' title='bbox 3341 5537 3668 5607; x_wconf 77' lang='grc' dir='ltr'>προσώπου</span> <span class='ocrx_word' id='word_1_845' title='bbox 3698 5530 3804 5586; x_wconf 71' lang='grc' dir='ltr'>τῶν</span> 
     </span>
    </p>
   </div>
   <div class='ocr_carea' id='block_1_115' title="bbox 2768 5734 3245 5802">
    <p class='ocr_par' dir='ltr' id='par_1_115' title="bbox 2768 5734 3245 5802">
     <span class='ocr_line' id='line_1_115' title="bbox 2768 5734 3245 5802; baseline 0.01 -15"><span class='ocrx_word' id='word_1_846' title='bbox 2768 5734 2812 5765; x_wconf 66' lang='grc' dir='ltr'><strong>⁵ο</strong></span> <span class='ocrx_word' id='word_1_847' title='bbox 2836 5734 2978 5789; x_wconf 83' lang='lat' dir='ltr'><strong>Psal.</strong></span> <span class='ocrx_word' id='word_1_848' title='bbox 3013 5752 3163 5802; x_wconf 69' lang='lat' dir='ltr'><strong>XXXI,</strong></span> <span class='ocrx_word' id='word_1_849' title='bbox 3196 5739 3245 5792; x_wconf 81' lang='lat'><strong>9.</strong></span> 
     </span>
    </p>
   </div>
  </div>
