  <div class='ocr_page' id='page_1' title='image "/cluster/home/n/w/nwhite01/storage/ocr_20150623/70:no.3/coo.31924054869726/222.png"; bbox 0 0 4060 6456; ppageno 0'>
   <div class='ocr_carea' id='block_1_1' title="bbox 316 326 440 383">
    <p class='ocr_par' dir='ltr' id='par_1_1' title="bbox 316 326 440 383">
     <span class='ocr_line' id='line_1_1' title="bbox 316 326 440 383; baseline 0 -1"><span class='ocrx_word' id='word_1_1' title='bbox 316 326 440 383; x_wconf 64' lang='grc'><strong>429</strong></span> 
     </span>
    </p>
   </div>
   <div class='ocr_carea' id='block_1_2' title="bbox 1469 312 2504 388">
    <p class='ocr_par' dir='ltr' id='par_1_2' title="bbox 1469 312 2504 388">
     <span class='ocr_line' id='line_1_2' title="bbox 1469 312 2504 388; baseline -0.002 -1"><span class='ocrx_word' id='word_1_2' title='bbox 1469 327 1536 387; x_wconf 71' lang='lat' dir='ltr'><strong>IN</strong></span> <span class='ocrx_word' id='word_1_3' title='bbox 1582 312 1814 385; x_wconf 76' lang='lat' dir='ltr'><strong>lSAlAM</strong></span> <span class='ocrx_word' id='word_1_4' title='bbox 1858 328 1984 383; x_wconf 80' lang='lat' dir='ltr'><strong>ue.</strong></span> <span class='ocrx_word' id='word_1_5' title='bbox 2032 312 2096 382; x_wconf 73' lang='lat' dir='ltr'><strong>ti.</strong></span> <span class='ocrx_word' id='word_1_6' title='bbox 2139 325 2380 388; x_wconf 63' lang='lat' dir='ltr'><strong>rosus</strong></span> <span class='ocrx_word' id='word_1_7' title='bbox 2418 313 2504 385; x_wconf 83' lang='lat' dir='ltr'><strong>ill.</strong></span> 
     </span>
    </p>
   </div>
   <div class='ocr_carea' id='block_1_3' title="bbox 3536 325 3646 396">
    <p class='ocr_par' dir='ltr' id='par_1_3' title="bbox 3536 325 3646 396">
     <span class='ocr_line' id='line_1_3' title="bbox 3536 325 3646 396; baseline -0.027 0"><span class='ocrx_word' id='word_1_8' title='bbox 3536 325 3646 396; x_wconf 67' lang='grc' dir='ltr'><strong>ιδιῑ</strong></span> 
     </span>
    </p>
   </div>
   <div class='ocr_carea' id='block_1_4' title="bbox 312 424 1933 522">
    <p class='ocr_par' dir='ltr' id='par_1_4' title="bbox 312 442 1933 515">
     <span class='ocr_line' id='line_1_4' title="bbox 312 442 1933 515; baseline -0.004 -16"><span class='ocrx_word' id='word_1_9' title='bbox 312 443 482 499; x_wconf 76' lang='grc' dir='ltr'><strong>υἱῶν</strong></span> <span class='ocrx_word' id='word_1_10' title='bbox 508 444 771 514; x_wconf 67' lang='grc' dir='ltr'><strong>Ἰσραήλ·</strong></span> <span class='ocrx_word' id='word_1_11' title='bbox 804 446 900 501; x_wconf 78' lang='grc' dir='ltr'><strong>καί</strong></span> <span class='ocrx_word' id='word_1_12' title='bbox 930 446 1175 501; x_wconf 76' lang='grc' dir='ltr'><strong>ἔσονται</strong></span> <span class='ocrx_word' id='word_1_13' title='bbox 1205 443 1436 514; x_wconf 76' lang='grc' dir='ltr'><strong>ἔρημοι,</strong></span> <span class='ocrx_word' id='word_1_14' title='bbox 1460 444 1611 498; x_wconf 78' lang='grc' dir='ltr'><strong>διότι</strong></span> <span class='ocrx_word' id='word_1_15' title='bbox 1641 442 1933 515; x_wconf 71' lang='grc' dir='ltr'><strong>ἐγκατέλι-</strong></span> 
     </span>
    </p>
   </div>
   <div class='ocr_carea' id='block_1_5' title="bbox 2040 424 3643 522">
    <p class='ocr_par' dir='ltr' id='par_1_5' title="bbox 2050 427 3643 522">
     <span class='ocr_line' id='line_1_5' title="bbox 2050 427 3643 522; baseline 0.006 -28"><span class='ocrx_word' id='word_1_16' title='bbox 2050 445 2373 515; x_wconf 68' lang='lat' dir='ltr'><strong>dereliquiin</strong></span> <span class='ocrx_word' id='word_1_17' title='bbox 2411 444 2574 499; x_wconf 65' lang='lat' dir='ltr'><strong>Deum</strong></span> <span class='ocrx_word' id='word_1_18' title='bbox 2606 444 2929 499; x_wconf 59' lang='lat' dir='ltr'><strong>Sert-oloreu&#39;t</strong></span> <span class='ocrx_word' id='word_1_19' title='bbox 2958 455 3127 509; x_wconf 75' lang='lat' dir='ltr'><strong>tuum,</strong></span> <span class='ocrx_word' id='word_1_20' title='bbox 3161 458 3207 501; x_wconf 78' lang='lat' dir='ltr'><strong>et</strong></span> <span class='ocrx_word' id='word_1_21' title='bbox 3241 427 3453 503; x_wconf 67' lang='lat' dir='ltr'><strong>Domini</strong></span> <span class='ocrx_word' id='word_1_22' title='bbox 3480 454 3643 522; x_wconf 78' lang='lat' dir='ltr'><strong>adju-</strong></span> 
     </span>
    </p>
   </div>
   <div class='ocr_carea' id='block_1_6' title="bbox 310 536 1937 608">
    <p class='ocr_par' dir='ltr' id='par_1_6' title="bbox 310 536 1937 608">
     <span class='ocr_line' id='line_1_6' title="bbox 310 536 1937 608; baseline 0.001 -20"><span class='ocrx_word' id='word_1_23' title='bbox 310 552 439 601; x_wconf 72' lang='grc' dir='ltr'><strong>πες</strong></span> <span class='ocrx_word' id='word_1_24' title='bbox 476 537 588 590; x_wconf 81' lang='grc' dir='ltr'><strong>τὸν</strong></span> <span class='ocrx_word' id='word_1_25' title='bbox 617 537 769 592; x_wconf 79' lang='grc' dir='ltr'><strong>Θεὸν</strong></span> <span class='ocrx_word' id='word_1_26' title='bbox 791 538 899 591; x_wconf 67' lang='grc' dir='ltr'><strong>τὸν</strong></span> <span class='ocrx_word' id='word_1_27' title='bbox 933 536 1182 608; x_wconf 80' lang='grc' dir='ltr'><strong>Σωτῆρά</strong></span> <span class='ocrx_word' id='word_1_28' title='bbox 1223 554 1362 604; x_wconf 81' lang='grc' dir='ltr'><strong>σου,</strong></span> <span class='ocrx_word' id='word_1_29' title='bbox 1413 536 1511 591; x_wconf 80' lang='grc' dir='ltr'><strong>καί</strong></span> <span class='ocrx_word' id='word_1_30' title='bbox 1557 538 1781 605; x_wconf 69' lang='grc' dir='ltr'><strong>Κυρίου</strong></span> <span class='ocrx_word' id='word_1_31' title='bbox 1830 536 1937 590; x_wconf 83' lang='grc' dir='ltr'><strong>τοῦ</strong></span> 
     </span>
    </p>
   </div>
   <div class='ocr_carea' id='block_1_7' title="bbox 281 627 1518 711">
    <p class='ocr_par' dir='ltr' id='par_1_7' title="bbox 281 627 1518 711">
     <span class='ocr_line' id='line_1_7' title="bbox 281 627 1518 711; baseline 0.006 -33"><span class='ocrx_word' id='word_1_32' title='bbox 281 627 564 694; x_wconf 72' lang='grc' dir='ltr'><strong>’,ϐοηθοῦ</strong></span> <span class='ocrx_word' id='word_1_33' title='bbox 599 643 718 683; x_wconf 79' lang='grc' dir='ltr'><strong>σου</strong></span> <span class='ocrx_word' id='word_1_34' title='bbox 741 631 853 682; x_wconf 81' lang='grc' dir='ltr'><strong>οὐκ</strong></span> <span class='ocrx_word' id='word_1_35' title='bbox 883 629 1214 699; x_wconf 73' lang='grc' dir='ltr'><strong>ἐμνήσθης.</strong></span> <span class='ocrx_word' id='word_1_36' title='bbox 1513 701 1518 711; x_wconf 32' lang='grc' dir='ltr'>ι</span> 
     </span>
    </p>
   </div>
   <div class='ocr_carea' id='block_1_8' title="bbox 402 717 1938 791">
    <p class='ocr_par' dir='ltr' id='par_1_8' title="bbox 402 717 1938 791">
     <span class='ocr_line' id='line_1_8' title="bbox 402 717 1938 791; baseline 0.001 -22"><span class='ocrx_word' id='word_1_37' title='bbox 402 717 503 783; x_wconf 81' lang='grc' dir='ltr'>Ἐξ</span> <span class='ocrx_word' id='word_1_38' title='bbox 545 717 732 772; x_wconf 86' lang='grc' dir='ltr'><strong>αὐτῶν</strong></span> <span class='ocrx_word' id='word_1_39' title='bbox 762 720 1048 773; x_wconf 80' lang='grc' dir='ltr'><strong>ἀναπείθει</strong></span> <span class='ocrx_word' id='word_1_40' title='bbox 1087 719 1199 772; x_wconf 89' lang='grc' dir='ltr'><strong>τῶν</strong></span> <span class='ocrx_word' id='word_1_41' title='bbox 1266 719 1695 791; x_wconf 78' lang='grc' dir='ltr'><strong>συμϐεϐηκότων</strong></span> <span class='ocrx_word' id='word_1_42' title='bbox 1735 719 1938 772; x_wconf 78' lang='grc' dir='ltr'><strong>ἐννοεῖν</strong></span> 
     </span>
    </p>
   </div>
   <div class='ocr_carea' id='block_1_9' title="bbox 306 807 1933 882">
    <p class='ocr_par' dir='ltr' id='par_1_9' title="bbox 306 807 1933 882">
     <span class='ocr_line' id='line_1_9' title="bbox 306 807 1933 882; baseline 0 -20"><span class='ocrx_word' id='word_1_43' title='bbox 306 808 400 862; x_wconf 79' lang='grc' dir='ltr'><strong>ὅτι</strong></span> <span class='ocrx_word' id='word_1_44' title='bbox 434 808 668 876; x_wconf 81' lang='grc' dir='ltr'><strong>γέγονεν</strong></span> <span class='ocrx_word' id='word_1_45' title='bbox 727 809 911 873; x_wconf 85' lang='grc' dir='ltr'><strong>αὐτοῖς</strong></span> <span class='ocrx_word' id='word_1_46' title='bbox 969 807 1029 875; x_wconf 81' lang='grc' dir='ltr'><strong>ἐξ</strong></span> <span class='ocrx_word' id='word_1_47' title='bbox 1081 809 1444 882; x_wconf 73' lang='grc' dir='ltr'><strong>ἀντιστρόφου</strong></span> <span class='ocrx_word' id='word_1_48' title='bbox 1490 810 1560 863; x_wconf 75' lang='grc' dir='ltr'><strong>τὰ</strong></span> <span class='ocrx_word' id='word_1_49' title='bbox 1607 811 1933 881; x_wconf 54' lang='grc' dir='ltr'><strong>πράγματα</strong></span> 
     </span>
    </p>
   </div>
   <div class='ocr_carea' id='block_1_10' title="bbox 307 900 1936 976">
    <p class='ocr_par' dir='ltr' id='par_1_10' title="bbox 307 900 1936 976">
     <span class='ocr_line' id='line_1_10' title="bbox 307 900 1936 976; baseline 0.001 -22"><span class='ocrx_word' id='word_1_50' title='bbox 307 900 498 955; x_wconf 81' lang='grc' dir='ltr'><strong>Πάλιν</strong></span> <span class='ocrx_word' id='word_1_51' title='bbox 529 902 633 972; x_wconf 80' lang='grc' dir='ltr'><strong>μὲν</strong></span> <span class='ocrx_word' id='word_1_52' title='bbox 664 901 774 973; x_wconf 73' lang='grc' dir='ltr'><strong>γὰρ</strong></span> <span class='ocrx_word' id='word_1_53' title='bbox 795 901 1010 956; x_wconf 84' lang='grc' dir='ltr'><strong>ἐνίκουν</strong></span> <span class='ocrx_word' id='word_1_54' title='bbox 1044 902 1466 976; x_wconf 73' lang='grc' dir='ltr'><strong>ἐπικουροῦντος</strong></span> <span class='ocrx_word' id='word_1_55' title='bbox 1514 902 1650 956; x_wconf 83' lang='grc' dir='ltr'><strong>Θεοῦ</strong></span> <span class='ocrx_word' id='word_1_56' title='bbox 1670 943 1684 967; x_wconf 95' lang='grc'><strong>,</strong></span> <span class='ocrx_word' id='word_1_57' title='bbox 1716 903 1809 956; x_wconf 72' lang='grc' dir='ltr'><strong>καὶ</strong></span> <span class='ocrx_word' id='word_1_58' title='bbox 1838 919 1936 973; x_wconf 86' lang='grc' dir='ltr'><strong>φο-</strong></span> 
     </span>
    </p>
   </div>
   <div class='ocr_carea' id='block_1_11' title="bbox 313 990 1938 1067">
    <p class='ocr_par' dir='ltr' id='par_1_11' title="bbox 313 990 1938 1067">
     <span class='ocr_line' id='line_1_11' title="bbox 313 990 1938 1067; baseline 0 -20"><span class='ocrx_word' id='word_1_59' title='bbox 313 993 476 1066; x_wconf 79' lang='grc' dir='ltr'><strong>ϐεροί</strong></span> <span class='ocrx_word' id='word_1_60' title='bbox 502 1008 651 1056; x_wconf 76' lang='grc' dir='ltr'><strong>τινες</strong></span> <span class='ocrx_word' id='word_1_61' title='bbox 678 990 823 1066; x_wconf 86' lang='grc' dir='ltr'><strong>ἦσαν</strong></span> <span class='ocrx_word' id='word_1_62' title='bbox 853 998 977 1059; x_wconf 82' lang='grc' dir='ltr'><strong>ταῖς</strong></span> <span class='ocrx_word' id='word_1_63' title='bbox 1004 995 1115 1049; x_wconf 91' lang='grc' dir='ltr'><strong>τῶν</strong></span> <span class='ocrx_word' id='word_1_64' title='bbox 1157 996 1328 1049; x_wconf 85' lang='grc' dir='ltr'><strong>ἐθνῶν</strong></span> <span class='ocrx_word' id='word_1_65' title='bbox 1356 996 1546 1049; x_wconf 74' lang='grc' dir='ltr'><strong>πόλεσί</strong></span> <span class='ocrx_word' id='word_1_66' title='bbox 1594 1012 1655 1049; x_wconf 89' lang='grc' dir='ltr'><strong>τε</strong></span> <span class='ocrx_word' id='word_1_67' title='bbox 1691 996 1785 1049; x_wconf 76' lang='grc' dir='ltr'><strong>καὶ</strong></span> <span class='ocrx_word' id='word_1_68' title='bbox 1830 994 1938 1067; x_wconf 82' lang='grc' dir='ltr'><strong>χώ-</strong></span> 
     </span>
    </p>
   </div>
   <div class='ocr_carea' id='block_1_12' title="bbox 319 1082 1937 1161">
    <p class='ocr_par' dir='ltr' id='par_1_12' title="bbox 319 1082 1937 1161">
     <span class='ocr_line' id='line_1_12' title="bbox 319 1082 1937 1161; baseline 0.002 -22"><span class='ocrx_word' id='word_1_69' title='bbox 319 1104 465 1158; x_wconf 85' lang='grc' dir='ltr'><strong>ραις.</strong></span> <span class='ocrx_word' id='word_1_70' title='bbox 510 1082 675 1142; x_wconf 78' lang='grc' dir='ltr'><strong>Εἷλον</strong></span> <span class='ocrx_word' id='word_1_71' title='bbox 716 1088 827 1160; x_wconf 75' lang='grc' dir='ltr'><strong>γὰρ</strong></span> <span class='ocrx_word' id='word_1_72' title='bbox 876 1088 1046 1153; x_wconf 77' lang='grc' dir='ltr'><strong>αὐτὰς</strong></span> <span class='ocrx_word' id='word_1_73' title='bbox 1105 1088 1382 1161; x_wconf 75' lang='grc' dir='ltr'><strong>ἀνιδρωτὶ,</strong></span> <span class='ocrx_word' id='word_1_74' title='bbox 1440 1089 1937 1161; x_wconf 77' lang='grc' dir='ltr'><strong>κατευμαρίζοντος</strong></span> 
     </span>
    </p>
   </div>
   <div class='ocr_carea' id='block_1_13' title="bbox 313 1179 1937 1257">
    <p class='ocr_par' dir='ltr' id='par_1_13' title="bbox 313 1179 1937 1257">
     <span class='ocr_line' id='line_1_13' title="bbox 313 1179 1937 1257; baseline 0.001 -21"><span class='ocrx_word' id='word_1_75' title='bbox 313 1183 513 1245; x_wconf 83' lang='grc' dir='ltr'><strong>αὐτοῖς</strong></span> <span class='ocrx_word' id='word_1_76' title='bbox 532 1183 631 1236; x_wconf 81' lang='grc' dir='ltr'><strong>τοῦ</strong></span> <span class='ocrx_word' id='word_1_77' title='bbox 668 1182 807 1237; x_wconf 84' lang='grc' dir='ltr'><strong>Θεοῦ</strong></span> <span class='ocrx_word' id='word_1_78' title='bbox 839 1185 949 1237; x_wconf 79' lang='grc' dir='ltr'><strong>πᾶν</strong></span> <span class='ocrx_word' id='word_1_79' title='bbox 994 1184 1118 1237; x_wconf 84' lang='grc' dir='ltr'><strong>ὅσον</strong></span> <span class='ocrx_word' id='word_1_80' title='bbox 1147 1179 1216 1255; x_wconf 79' lang='grc' dir='ltr'><strong>ἦν</strong></span> <span class='ocrx_word' id='word_1_81' title='bbox 1241 1182 1468 1247; x_wconf 78' lang='grc' dir='ltr'><strong>ἀναντές</strong></span> <span class='ocrx_word' id='word_1_82' title='bbox 1494 1202 1555 1237; x_wconf 90' lang='grc' dir='ltr'><strong>τε</strong></span> <span class='ocrx_word' id='word_1_83' title='bbox 1588 1185 1683 1241; x_wconf 76' lang='grc' dir='ltr'><strong>καὶ</strong></span> <span class='ocrx_word' id='word_1_84' title='bbox 1706 1184 1937 1257; x_wconf 82' lang='grc' dir='ltr'><strong>δυσήνυ-</strong></span> 
     </span>
    </p>
   </div>
   <div class='ocr_carea' id='block_1_14' title="bbox 306 1275 1936 1349">
    <p class='ocr_par' dir='ltr' id='par_1_14' title="bbox 306 1275 1936 1349">
     <span class='ocr_line' id='line_1_14' title="bbox 306 1275 1936 1349; baseline 0.002 -22"><span class='ocrx_word' id='word_1_85' title='bbox 306 1291 431 1329; x_wconf 86' lang='grc' dir='ltr'><strong>τον.</strong></span> <span class='ocrx_word' id='word_1_86' title='bbox 482 1275 711 1349; x_wconf 83' lang='grc' dir='ltr'><strong>Ἐπειδὴ</strong></span> <span class='ocrx_word' id='word_1_87' title='bbox 757 1277 816 1331; x_wconf 87' lang='grc' dir='ltr'><strong>δε</strong></span> <span class='ocrx_word' id='word_1_88' title='bbox 871 1276 972 1349; x_wconf 82' lang='grc' dir='ltr'><strong>τῆς</strong></span> <span class='ocrx_word' id='word_1_89' title='bbox 1024 1276 1252 1331; x_wconf 87' lang='grc' dir='ltr'><strong>ἐκείνων</strong></span> <span class='ocrx_word' id='word_1_90' title='bbox 1297 1277 1647 1348; x_wconf 83' lang='grc' dir='ltr'><strong>ἀνοσιότητος</strong></span> <span class='ocrx_word' id='word_1_91' title='bbox 1676 1277 1936 1348; x_wconf 83' lang='grc' dir='ltr'><strong>γεγόνασι</strong></span> 
     </span>
    </p>
   </div>
   <div class='ocr_carea' id='block_1_15' title="bbox 308 1367 1933 1438">
    <p class='ocr_par' dir='ltr' id='par_1_15' title="bbox 308 1367 1933 1438">
     <span class='ocr_line' id='line_1_15' title="bbox 308 1367 1933 1438; baseline 0.004 -20"><span class='ocrx_word' id='word_1_92' title='bbox 308 1368 588 1437; x_wconf 72' lang='grc' dir='ltr'><strong>μιμηταὶ,</strong></span> <span class='ocrx_word' id='word_1_93' title='bbox 618 1367 784 1420; x_wconf 72' lang='grc' dir='ltr'><strong>δειλοὶ</strong></span> <span class='ocrx_word' id='word_1_94' title='bbox 806 1367 903 1422; x_wconf 83' lang='grc' dir='ltr'><strong>καὶ</strong></span> <span class='ocrx_word' id='word_1_95' title='bbox 928 1368 1189 1422; x_wconf 78' lang='grc' dir='ltr'><strong>εὐάλωτοι</strong></span> <span class='ocrx_word' id='word_1_96' title='bbox 1213 1367 1334 1420; x_wconf 86' lang='grc' dir='ltr'><strong>κατ’</strong></span> <span class='ocrx_word' id='word_1_97' title='bbox 1356 1368 1599 1432; x_wconf 76' lang='grc' dir='ltr'><strong>ἐκείνους</strong></span> <span class='ocrx_word' id='word_1_98' title='bbox 1625 1369 1933 1438; x_wconf 82' lang='grc' dir='ltr'><strong>γεγόνασιν.</strong></span> 
     </span>
    </p>
   </div>
   <div class='ocr_carea' id='block_1_16' title="bbox 317 1461 1937 1536">
    <p class='ocr_par' dir='ltr' id='par_1_16' title="bbox 317 1461 1937 1536">
     <span class='ocr_line' id='line_1_16' title="bbox 317 1461 1937 1536; baseline 0.004 -23"><span class='ocrx_word' id='word_1_99' title='bbox 317 1461 697 1534; x_wconf 81' lang='grc' dir='ltr'><strong>Ἦρήμωνται</strong></span> <span class='ocrx_word' id='word_1_100' title='bbox 724 1462 836 1535; x_wconf 77' lang='grc' dir='ltr'><strong>γὰρ</strong></span> <span class='ocrx_word' id='word_1_101' title='bbox 876 1463 935 1516; x_wconf 84' lang='grc' dir='ltr'><strong>αί</strong></span> <span class='ocrx_word' id='word_1_102' title='bbox 978 1461 1164 1526; x_wconf 87' lang='grc' dir='ltr'><strong>πόλεις</strong></span> <span class='ocrx_word' id='word_1_103' title='bbox 1213 1462 1414 1527; x_wconf 80' lang='grc' dir='ltr'><strong>αὐτῶν,</strong></span> <span class='ocrx_word' id='word_1_104' title='bbox 1452 1464 1546 1516; x_wconf 77' lang='grc' dir='ltr'><strong>καὶ</strong></span> <span class='ocrx_word' id='word_1_105' title='bbox 1580 1463 1937 1536; x_wconf 75' lang='grc' dir='ltr'><strong>κατελείφθη-</strong></span> 
     </span>
    </p>
   </div>
   <div class='ocr_carea' id='block_1_17' title="bbox 304 1555 1936 1623">
    <p class='ocr_par' dir='ltr' id='par_1_17' title="bbox 304 1555 1936 1623">
     <span class='ocr_line' id='line_1_17' title="bbox 304 1555 1936 1623; baseline 0.003 -16"><span class='ocrx_word' id='word_1_106' title='bbox 304 1571 420 1608; x_wconf 86' lang='grc' dir='ltr'><strong>σαν</strong></span> <span class='ocrx_word' id='word_1_107' title='bbox 452 1555 567 1608; x_wconf 82' lang='grc' dir='ltr'><strong>ὐπὸ</strong></span> <span class='ocrx_word' id='word_1_108' title='bbox 594 1556 701 1609; x_wconf 90' lang='grc' dir='ltr'><strong>τῶν</strong></span> <span class='ocrx_word' id='word_1_109' title='bbox 732 1555 1135 1612; x_wconf 66' lang='grc' dir='ltr'><strong>κατοικούντων</strong></span> <span class='ocrx_word' id='word_1_110' title='bbox 1160 1558 1219 1611; x_wconf 81' lang='grc' dir='ltr'><strong>ἐν</strong></span> <span class='ocrx_word' id='word_1_111' title='bbox 1249 1556 1462 1623; x_wconf 81' lang='grc' dir='ltr'><strong>αὐταῖς,</strong></span> <span class='ocrx_word' id='word_1_112' title='bbox 1512 1558 1656 1612; x_wconf 85' lang='grc' dir='ltr'><strong>κατὰ</strong></span> <span class='ocrx_word' id='word_1_113' title='bbox 1694 1560 1786 1612; x_wconf 76' lang='grc' dir='ltr'><strong>τὸν</strong></span> <span class='ocrx_word' id='word_1_114' title='bbox 1824 1559 1936 1613; x_wconf 74' lang='grc' dir='ltr'><strong>ἴσον</strong></span> 
     </span>
    </p>
   </div>
   <div class='ocr_carea' id='block_1_18' title="bbox 301 1646 1936 1720">
    <p class='ocr_par' dir='ltr' id='par_1_18' title="bbox 301 1646 1936 1720">
     <span class='ocr_line' id='line_1_18' title="bbox 301 1646 1936 1720; baseline 0.003 -22"><span class='ocrx_word' id='word_1_115' title='bbox 301 1647 549 1717; x_wconf 84' lang='grc' dir='ltr'><strong>τρόπον,</strong></span> <span class='ocrx_word' id='word_1_116' title='bbox 594 1647 718 1701; x_wconf 75' lang='grc' dir='ltr'><strong>καθ’</strong></span> <span class='ocrx_word' id='word_1_117' title='bbox 742 1646 802 1700; x_wconf 85' lang='grc' dir='ltr'><strong>δν</strong></span> <span class='ocrx_word' id='word_1_118' title='bbox 835 1649 884 1701; x_wconf 79' lang='lat' dir='ltr'><strong>oi</strong></span> <span class='ocrx_word' id='word_1_119' title='bbox 918 1648 1108 1701; x_wconf 85' lang='grc' dir='ltr'><strong>Εὐαῖοι</strong></span> <span class='ocrx_word' id='word_1_120' title='bbox 1141 1648 1235 1700; x_wconf 70' lang='grc' dir='ltr'><strong>καὶ</strong></span> <span class='ocrx_word' id='word_1_121' title='bbox 1277 1646 1598 1720; x_wconf 77' lang='grc' dir='ltr'><strong>Ἀμορῤαἶοί</strong></span> <span class='ocrx_word' id='word_1_122' title='bbox 1644 1666 1773 1702; x_wconf 80' lang='grc' dir='ltr'><strong>ποτε</strong></span> <span class='ocrx_word' id='word_1_123' title='bbox 1822 1652 1936 1712; x_wconf 73' lang='grc' dir='ltr'><strong>τοῖς</strong></span> 
     </span>
    </p>
   </div>
   <div class='ocr_carea' id='block_1_19' title="bbox 2042 539 2828 593">
    <p class='ocr_par' dir='ltr' id='par_1_19' title="bbox 2042 539 2828 593">
     <span class='ocr_line' id='line_1_19' title="bbox 2042 539 2828 593; baseline 0.005 -4"><span class='ocrx_word' id='word_1_124' title='bbox 2042 540 2172 590; x_wconf 75' lang='lat' dir='ltr'><strong>toris</strong></span> <span class='ocrx_word' id='word_1_125' title='bbox 2204 539 2280 591; x_wconf 83' lang='lat' dir='ltr'><strong>lui</strong></span> <span class='ocrx_word' id='word_1_126' title='bbox 2313 554 2417 591; x_wconf 81' lang='lat' dir='ltr'><strong>non</strong></span> <span class='ocrx_word' id='word_1_127' title='bbox 2455 542 2728 593; x_wconf 80' lang='lat' dir='ltr'><strong>recordata</strong></span> <span class='ocrx_word' id='word_1_128' title='bbox 2757 557 2828 593; x_wconf 82' lang='lat' dir='ltr'><strong>es.</strong></span> 
     </span>
    </p>
   </div>
   <div class='ocr_carea' id='block_1_20' title="bbox 2113 714 3639 787">
    <p class='ocr_par' dir='ltr' id='par_1_20' title="bbox 2113 714 3639 787">
     <span class='ocr_line' id='line_1_20' title="bbox 2113 714 3639 787; baseline 0.007 -18"><span class='ocrx_word' id='word_1_129' title='bbox 2113 714 2191 769; x_wconf 80' lang='lat' dir='ltr'><strong>Ex</strong></span> <span class='ocrx_word' id='word_1_130' title='bbox 2227 716 2314 770; x_wconf 92' lang='lat' dir='ltr'><strong>his</strong></span> <span class='ocrx_word' id='word_1_131' title='bbox 2348 730 2468 783; x_wconf 68' lang='lat' dir='ltr'><strong>qua:</strong></span> <span class='ocrx_word' id='word_1_132' title='bbox 2494 716 2807 775; x_wconf 83' lang='lat' dir='ltr'><strong>acciderunt</strong></span> <span class='ocrx_word' id='word_1_133' title='bbox 2828 720 3097 775; x_wconf 78' lang='lat' dir='ltr'><strong>certiores</strong></span> <span class='ocrx_word' id='word_1_134' title='bbox 3134 736 3228 774; x_wconf 89' lang='lat' dir='ltr'><strong>eos</strong></span> <span class='ocrx_word' id='word_1_135' title='bbox 3258 719 3405 787; x_wconf 86' lang='lat' dir='ltr'><strong>facit,</strong></span> <span class='ocrx_word' id='word_1_136' title='bbox 3433 724 3485 777; x_wconf 91' lang='lat' dir='ltr'><strong>in</strong></span> <span class='ocrx_word' id='word_1_137' title='bbox 3513 740 3639 779; x_wconf 86' lang='lat' dir='ltr'><strong>cou-</strong></span> 
     </span>
    </p>
   </div>
   <div class='ocr_carea' id='block_1_21' title="bbox 2046 804 3646 870">
    <p class='ocr_par' dir='ltr' id='par_1_21' title="bbox 2046 804 3646 870">
     <span class='ocr_line' id='line_1_21' title="bbox 2046 804 3646 870; baseline 0.006 -10"><span class='ocrx_word' id='word_1_138' title='bbox 2046 809 2276 861; x_wconf 86' lang='lat' dir='ltr'><strong>lrariunt</strong></span> <span class='ocrx_word' id='word_1_139' title='bbox 2327 804 2438 863; x_wconf 81' lang='lat' dir='ltr'><strong>illis</strong></span> <span class='ocrx_word' id='word_1_140' title='bbox 2486 823 2576 864; x_wconf 84' lang='lat' dir='ltr'><strong>res</strong></span> <span class='ocrx_word' id='word_1_141' title='bbox 2620 808 2892 864; x_wconf 78' lang='lat' dir='ltr'><strong>evenisse.</strong></span> <span class='ocrx_word' id='word_1_142' title='bbox 2945 809 3143 865; x_wconf 89' lang='lat' dir='ltr'><strong>lterqu</strong></span> <span class='ocrx_word' id='word_1_143' title='bbox 3191 813 3338 867; x_wconf 89' lang='lat' dir='ltr'><strong>enim</strong></span> <span class='ocrx_word' id='word_1_144' title='bbox 3393 814 3646 870; x_wconf 77' lang='lat' dir='ltr'><strong>vicerunt</strong></span> 
     </span>
    </p>
   </div>
   <div class='ocr_carea' id='block_1_22' title="bbox 2039 897 3641 973">
    <p class='ocr_par' dir='ltr' id='par_1_22' title="bbox 2039 897 3641 973">
     <span class='ocr_line' id='line_1_22' title="bbox 2039 897 3641 973; baseline 0.006 -22"><span class='ocrx_word' id='word_1_145' title='bbox 2039 898 2342 954; x_wconf 77' lang='lat' dir='ltr'><strong>auxiliante</strong></span> <span class='ocrx_word' id='word_1_146' title='bbox 2374 897 2522 965; x_wconf 84' lang='lat' dir='ltr'><strong>Deo,</strong></span> <span class='ocrx_word' id='word_1_147' title='bbox 2565 907 2621 954; x_wconf 89' lang='lat' dir='ltr'><strong>et</strong></span> <span class='ocrx_word' id='word_1_148' title='bbox 2664 901 2905 969; x_wconf 79' lang='lat' dir='ltr'><strong>gentium</strong></span> <span class='ocrx_word' id='word_1_149' title='bbox 2964 902 3189 957; x_wconf 73' lang='lat' dir='ltr'><strong>urbibus</strong></span> <span class='ocrx_word' id='word_1_150' title='bbox 3237 912 3293 956; x_wconf 82' lang='lat' dir='ltr'><strong>et</strong></span> <span class='ocrx_word' id='word_1_151' title='bbox 3343 908 3641 973; x_wconf 76' lang='lat' dir='ltr'><strong>provinciis</strong></span> 
     </span>
    </p>
   </div>
   <div class='ocr_carea' id='block_1_23' title="bbox 2034 992 3634 1065">
    <p class='ocr_par' dir='ltr' id='par_1_23' title="bbox 2034 992 3634 1065">
     <span class='ocr_line' id='line_1_23' title="bbox 2034 992 3634 1065; baseline 0.006 -21"><span class='ocrx_word' id='word_1_152' title='bbox 2034 992 2417 1047; x_wconf 78' lang='lat' dir='ltr'><strong>formidabiles</strong></span> <span class='ocrx_word' id='word_1_153' title='bbox 2439 993 2680 1048; x_wconf 89' lang='lat' dir='ltr'><strong>fuerunt.</strong></span> <span class='ocrx_word' id='word_1_154' title='bbox 2700 992 2976 1062; x_wconf 89' lang='lat' dir='ltr'><strong>Ceperunt</strong></span> <span class='ocrx_word' id='word_1_155' title='bbox 2991 995 3135 1049; x_wconf 89' lang='lat' dir='ltr'><strong>enim</strong></span> <span class='ocrx_word' id='word_1_156' title='bbox 3160 1011 3254 1050; x_wconf 85' lang='lat' dir='ltr'><strong>eas</strong></span> <span class='ocrx_word' id='word_1_157' title='bbox 3272 998 3389 1050; x_wconf 89' lang='lat' dir='ltr'><strong>sine</strong></span> <span class='ocrx_word' id='word_1_158' title='bbox 3412 999 3634 1065; x_wconf 75' lang='lat' dir='ltr'><strong>sudore,</strong></span> 
     </span>
    </p>
   </div>
   <div class='ocr_carea' id='block_1_24' title="bbox 2030 1083 3642 1156">
    <p class='ocr_par' dir='ltr' id='par_1_24' title="bbox 2030 1083 3642 1156">
     <span class='ocr_line' id='line_1_24' title="bbox 2030 1083 3642 1156; baseline 0.004 -17"><span class='ocrx_word' id='word_1_159' title='bbox 2030 1083 2154 1151; x_wconf 78' lang='lat' dir='ltr'><strong>Deo</strong></span> <span class='ocrx_word' id='word_1_160' title='bbox 2177 1085 2281 1140; x_wconf 89' lang='lat' dir='ltr'><strong>illis</strong></span> <span class='ocrx_word' id='word_1_161' title='bbox 2313 1086 2673 1142; x_wconf 88' lang='lat' dir='ltr'><strong>distribuente</strong></span> <span class='ocrx_word' id='word_1_162' title='bbox 2711 1086 2974 1156; x_wconf 82' lang='lat' dir='ltr'><strong>quidquid</strong></span> <span class='ocrx_word' id='word_1_163' title='bbox 3008 1090 3236 1141; x_wconf 89' lang='lat' dir='ltr'><strong>arduum</strong></span> <span class='ocrx_word' id='word_1_164' title='bbox 3264 1100 3385 1144; x_wconf 86' lang='lat' dir='ltr'><strong>erat</strong></span> <span class='ocrx_word' id='word_1_165' title='bbox 3418 1099 3472 1144; x_wconf 94' lang='lat' dir='ltr'><strong>et</strong></span> <span class='ocrx_word' id='word_1_166' title='bbox 3499 1091 3642 1146; x_wconf 84' lang='lat' dir='ltr'><strong>diffi-</strong></span> 
     </span>
    </p>
   </div>
   <div class='ocr_carea' id='block_1_25' title="bbox 2041 1165 3641 1250">
    <p class='ocr_par' dir='ltr' id='par_1_25' title="bbox 2041 1165 3641 1250">
     <span class='ocr_line' id='line_1_25' title="bbox 2041 1165 3641 1250; baseline 0.004 -18"><span class='ocrx_word' id='word_1_167' title='bbox 2041 1176 2165 1232; x_wconf 87' lang='lat' dir='ltr'><strong>cile.</strong></span> <span class='ocrx_word' id='word_1_168' title='bbox 2198 1165 2493 1249; x_wconf 54' lang='lat' dir='ltr'><strong>Postquam</strong></span> <span class='ocrx_word' id='word_1_169' title='bbox 2524 1191 2708 1233; x_wconf 90' lang='lat' dir='ltr'><strong>autem</strong></span> <span class='ocrx_word' id='word_1_170' title='bbox 2749 1179 3049 1250; x_wconf 72' lang='lat' dir='ltr'><strong>impietatis</strong></span> <span class='ocrx_word' id='word_1_171' title='bbox 3090 1195 3283 1235; x_wconf 90' lang='lat' dir='ltr'><strong>eorum</strong></span> <span class='ocrx_word' id='word_1_172' title='bbox 3331 1182 3641 1239; x_wconf 82' lang='lat' dir='ltr'><strong>imitatores</strong></span> 
     </span>
    </p>
   </div>
   <div class='ocr_carea' id='block_1_26' title="bbox 2039 1269 3640 1344">
    <p class='ocr_par' dir='ltr' id='par_1_26' title="bbox 2039 1269 3640 1344">
     <span class='ocr_line' id='line_1_26' title="bbox 2039 1269 3640 1344; baseline 0.004 -21"><span class='ocrx_word' id='word_1_173' title='bbox 2039 1269 2168 1324; x_wconf 86' lang='lat' dir='ltr'><strong>facti</strong></span> <span class='ocrx_word' id='word_1_174' title='bbox 2194 1278 2349 1334; x_wconf 76' lang='lat' dir='ltr'><strong>sunt,</strong></span> <span class='ocrx_word' id='word_1_175' title='bbox 2375 1271 2679 1327; x_wconf 88' lang='lat' dir='ltr'><strong>meticulosi</strong></span> <span class='ocrx_word' id='word_1_176' title='bbox 2709 1282 3024 1339; x_wconf 83' lang='lat' dir='ltr'><strong>evaserunt,</strong></span> <span class='ocrx_word' id='word_1_177' title='bbox 3048 1284 3104 1327; x_wconf 87' lang='lat' dir='ltr'><strong>et</strong></span> <span class='ocrx_word' id='word_1_178' title='bbox 3136 1272 3296 1328; x_wconf 79' lang='lat' dir='ltr'><strong>facile</strong></span> <span class='ocrx_word' id='word_1_179' title='bbox 3335 1277 3452 1344; x_wconf 86' lang='lat' dir='ltr'><strong>capi</strong></span> <span class='ocrx_word' id='word_1_180' title='bbox 3490 1291 3640 1341; x_wconf 83' lang='lat' dir='ltr'><strong>pote-</strong></span> 
     </span>
    </p>
   </div>
   <div class='ocr_carea' id='block_1_27' title="bbox 2038 1363 3640 1423">
    <p class='ocr_par' dir='ltr' id='par_1_27' title="bbox 2038 1363 3640 1423">
     <span class='ocr_line' id='line_1_27' title="bbox 2038 1363 3640 1423; baseline 0.004 -7"><span class='ocrx_word' id='word_1_181' title='bbox 2038 1372 2188 1421; x_wconf 86' lang='lat' dir='ltr'><strong>rant.</strong></span> <span class='ocrx_word' id='word_1_182' title='bbox 2258 1363 2317 1417; x_wconf 79' lang='lat' dir='ltr'><strong>In</strong></span> <span class='ocrx_word' id='word_1_183' title='bbox 2376 1365 2725 1419; x_wconf 79' lang='lat' dir='ltr'><strong>solitudinem</strong></span> <span class='ocrx_word' id='word_1_184' title='bbox 2788 1366 2934 1421; x_wconf 89' lang='lat' dir='ltr'><strong>enim</strong></span> <span class='ocrx_word' id='word_1_185' title='bbox 2998 1367 3232 1420; x_wconf 73' lang='lat' dir='ltr'><strong>redacta:</strong></span> <span class='ocrx_word' id='word_1_186' title='bbox 3291 1378 3417 1422; x_wconf 87' lang='lat' dir='ltr'><strong>sunt</strong></span> <span class='ocrx_word' id='word_1_187' title='bbox 3477 1371 3640 1423; x_wconf 89' lang='lat' dir='ltr'><strong>urbes</strong></span> 
     </span>
    </p>
   </div>
   <div class='ocr_carea' id='block_1_28' title="bbox 2038 1453 3638 1527">
    <p class='ocr_par' dir='ltr' id='par_1_28' title="bbox 2038 1453 3638 1527">
     <span class='ocr_line' id='line_1_28' title="bbox 2038 1453 3638 1527; baseline 0.003 -21"><span class='ocrx_word' id='word_1_188' title='bbox 2038 1467 2251 1519; x_wconf 88' lang='lat' dir='ltr'><strong>eorum,</strong></span> <span class='ocrx_word' id='word_1_189' title='bbox 2295 1461 2349 1507; x_wconf 88' lang='lat' dir='ltr'><strong>et</strong></span> <span class='ocrx_word' id='word_1_190' title='bbox 2390 1453 2663 1509; x_wconf 71' lang='lat' dir='ltr'><strong>derelictae</strong></span> <span class='ocrx_word' id='word_1_191' title='bbox 2691 1464 2821 1509; x_wconf 89' lang='lat' dir='ltr'><strong>sunt</strong></span> <span class='ocrx_word' id='word_1_192' title='bbox 2865 1456 2934 1509; x_wconf 89' lang='lat' dir='ltr'><strong>ab</strong></span> <span class='ocrx_word' id='word_1_193' title='bbox 2971 1455 3138 1527; x_wconf 73' lang='lat'><strong>268</strong></span> <span class='ocrx_word' id='word_1_194' title='bbox 3182 1457 3638 1521; x_wconf 67' lang='lat' dir='ltr'><strong>inhabitantibus,</strong></span> 
     </span>
    </p>
   </div>
   <div class='ocr_carea' id='block_1_29' title="bbox 2040 1546 3641 1620">
    <p class='ocr_par' dir='ltr' id='par_1_29' title="bbox 2040 1546 3641 1620">
     <span class='ocr_line' id='line_1_29' title="bbox 2040 1546 3641 1620; baseline 0.005 -24"><span class='ocrx_word' id='word_1_195' title='bbox 2040 1551 2147 1615; x_wconf 85' lang='lat' dir='ltr'><strong>&#39;quo</strong></span> <span class='ocrx_word' id='word_1_196' title='bbox 2181 1547 2343 1601; x_wconf 88' lang='lat' dir='ltr'><strong>modo</strong></span> <span class='ocrx_word' id='word_1_197' title='bbox 2380 1546 2523 1601; x_wconf 65' lang='lat' dir='ltr'><strong>Evati</strong></span> <span class='ocrx_word' id='word_1_198' title='bbox 2572 1546 2726 1612; x_wconf 88' lang='lat' dir='ltr'><strong>olint,</strong></span> <span class='ocrx_word' id='word_1_199' title='bbox 2758 1556 2817 1602; x_wconf 87' lang='lat' dir='ltr'><strong>et</strong></span> <span class='ocrx_word' id='word_1_200' title='bbox 2845 1549 3149 1603; x_wconf 71' lang='lat' dir='ltr'><strong>Atuorrhazi</strong></span> <span class='ocrx_word' id='word_1_201' title='bbox 3173 1587 3189 1613; x_wconf 89' lang='lat'><strong>,</strong></span> <span class='ocrx_word' id='word_1_202' title='bbox 3221 1564 3409 1603; x_wconf 89' lang='lat' dir='ltr'><strong>eorum</strong></span> <span class='ocrx_word' id='word_1_203' title='bbox 3445 1550 3641 1620; x_wconf 77' lang='lat' dir='ltr'><strong>gladiis</strong></span> 
     </span>
    </p>
   </div>
   <div class='ocr_carea' id='block_1_30' title="bbox 2039 1638 3642 1710">
    <p class='ocr_par' dir='ltr' id='par_1_30' title="bbox 2039 1638 3642 1710">
     <span class='ocr_line' id='line_1_30' title="bbox 2039 1638 3642 1710; baseline 0.004 -19"><span class='ocrx_word' id='word_1_204' title='bbox 2039 1638 2395 1694; x_wconf 85' lang='lat' dir='ltr'><strong>conciderunt</strong></span> <span class='ocrx_word' id='word_1_205' title='bbox 2423 1640 2766 1709; x_wconf 80' lang='lat' dir='ltr'><strong>consumpti;</strong></span> <span class='ocrx_word' id='word_1_206' title='bbox 2808 1641 3227 1710; x_wconf 85' lang='lat' dir='ltr'><strong>evidentemque</strong></span> <span class='ocrx_word' id='word_1_207' title='bbox 3261 1657 3485 1698; x_wconf 82' lang='lat' dir='ltr'><strong>causam</strong></span> <span class='ocrx_word' id='word_1_208' title='bbox 3518 1645 3642 1698; x_wconf 87' lang='lat' dir='ltr'><strong>red-</strong></span> 
     </span>
    </p>
   </div>
   <div class='ocr_carea' id='block_1_31' title="bbox 301 1729 1933 1828">
    <p class='ocr_par' dir='ltr' id='par_1_31' title="bbox 301 1738 1933 1813">
     <span class='ocr_line' id='line_1_31' title="bbox 301 1738 1933 1813; baseline 0.003 -23"><span class='ocrx_word' id='word_1_209' title='bbox 301 1738 506 1792; x_wconf 83' lang='grc' dir='ltr'><strong>αὐτῶν</strong></span> <span class='ocrx_word' id='word_1_210' title='bbox 555 1738 769 1808; x_wconf 80' lang='grc' dir='ltr'><strong>ξίφεσιν</strong></span> <span class='ocrx_word' id='word_1_211' title='bbox 803 1739 1032 1794; x_wconf 80' lang='grc' dir='ltr'><strong>ἔπιπτον</strong></span> <span class='ocrx_word' id='word_1_212' title='bbox 1056 1739 1460 1813; x_wconf 69' lang='grc' dir='ltr'><strong>δαπανώμενον</strong></span> <span class='ocrx_word' id='word_1_213' title='bbox 1479 1743 1685 1813; x_wconf 78' lang='grc' dir='ltr'><strong>ἐναργῆ</strong></span> <span class='ocrx_word' id='word_1_214' title='bbox 1709 1742 1766 1794; x_wconf 81' lang='grc' dir='ltr'><strong>δὲ</strong></span> <span class='ocrx_word' id='word_1_215' title='bbox 1799 1742 1933 1795; x_wconf 83' lang='grc' dir='ltr'><strong>καθ-</strong></span> 
     </span>
    </p>
   </div>
   <div class='ocr_carea' id='block_1_32' title="bbox 2040 1729 3641 1828">
    <p class='ocr_par' dir='ltr' id='par_1_32' title="bbox 2041 1729 3641 1802">
     <span class='ocr_line' id='line_1_32' title="bbox 2041 1729 3641 1802; baseline 0.003 -19"><span class='ocrx_word' id='word_1_216' title='bbox 2041 1729 2141 1793; x_wconf 84' lang='lat' dir='ltr'><strong>dit.</strong></span> <span class='ocrx_word' id='word_1_217' title='bbox 2178 1746 2277 1785; x_wconf 92' lang='lat' dir='ltr'><strong>cur</strong></span> <span class='ocrx_word' id='word_1_218' title='bbox 2313 1733 2449 1787; x_wconf 88' lang='lat' dir='ltr'><strong>adeo</strong></span> <span class='ocrx_word' id='word_1_219' title='bbox 2493 1732 2762 1788; x_wconf 76' lang='lat' dir='ltr'><strong>debilitati</strong></span> <span class='ocrx_word' id='word_1_220' title='bbox 2797 1742 2850 1788; x_wconf 87' lang='lat' dir='ltr'><strong>et</strong></span> <span class='ocrx_word' id='word_1_221' title='bbox 2882 1734 3155 1788; x_wconf 90' lang='lat' dir='ltr'><strong>imminuti</strong></span> <span class='ocrx_word' id='word_1_222' title='bbox 3194 1733 3417 1802; x_wconf 81' lang='lat' dir='ltr'><strong>fuerint,</strong></span> <span class='ocrx_word' id='word_1_223' title='bbox 3449 1745 3504 1788; x_wconf 90' lang='lat' dir='ltr'><strong>et</strong></span> <span class='ocrx_word' id='word_1_224' title='bbox 3538 1750 3641 1788; x_wconf 88' lang='lat' dir='ltr'><strong>cur</strong></span> 
     </span>
    </p>
   </div>
   <div class='ocr_carea' id='block_1_33' title="bbox 306 1824 1933 1909">
    <p class='ocr_par' dir='ltr' id='par_1_33' title="bbox 306 1832 1933 1909">
     <span class='ocr_line' id='line_1_33' title="bbox 306 1832 1933 1909; baseline 0.002 -24"><span class='ocrx_word' id='word_1_225' title='bbox 306 1832 509 1903; x_wconf 76' lang='grc' dir='ltr'><strong>ίστησι</strong></span> <span class='ocrx_word' id='word_1_226' title='bbox 562 1833 662 1905; x_wconf 78' lang='grc' dir='ltr'><strong>τὴν</strong></span> <span class='ocrx_word' id='word_1_227' title='bbox 707 1834 892 1889; x_wconf 82' lang='grc' dir='ltr'><strong>αἰτίαν</strong></span> <span class='ocrx_word' id='word_1_228' title='bbox 922 1834 1086 1898; x_wconf 77' lang='grc' dir='ltr'><strong>εὐθὺς</strong></span> <span class='ocrx_word' id='word_1_229' title='bbox 1122 1835 1214 1889; x_wconf 79' lang='grc' dir='ltr'><strong>τοῦ</strong></span> <span class='ocrx_word' id='word_1_230' title='bbox 1240 1836 1381 1909; x_wconf 78' lang='grc' dir='ltr'><strong>πρὸς</strong></span> <span class='ocrx_word' id='word_1_231' title='bbox 1409 1835 1569 1890; x_wconf 89' lang='grc' dir='ltr'><strong>τοῦτο</strong></span> <span class='ocrx_word' id='word_1_232' title='bbox 1598 1836 1933 1889; x_wconf 82' lang='grc' dir='ltr'><strong>κατολισοεῖν</strong></span> 
     </span>
    </p>
   </div>
   <div class='ocr_carea' id='block_1_34' title="bbox 2040 1824 3639 1909">
    <p class='ocr_par' dir='ltr' id='par_1_34' title="bbox 2046 1824 3639 1882">
     <span class='ocr_line' id='line_1_34' title="bbox 2046 1824 3639 1882; baseline 0.003 -6"><span class='ocrx_word' id='word_1_233' title='bbox 2046 1833 2155 1877; x_wconf 86' lang='lat' dir='ltr'><strong>tatu</strong></span> <span class='ocrx_word' id='word_1_234' title='bbox 2205 1824 2481 1881; x_wconf 82' lang='lat' dir='ltr'><strong>crudelem</strong></span> <span class='ocrx_word' id='word_1_235' title='bbox 2526 1842 2592 1881; x_wconf 89' lang='lat' dir='ltr'><strong>ac</strong></span> <span class='ocrx_word' id='word_1_236' title='bbox 2640 1826 3033 1881; x_wconf 85' lang='lat' dir='ltr'><strong>intolerandam</strong></span> <span class='ocrx_word' id='word_1_237' title='bbox 3065 1826 3431 1881; x_wconf 85' lang='lat' dir='ltr'><strong>calatmtatem</strong></span> <span class='ocrx_word' id='word_1_238' title='bbox 3466 1827 3639 1882; x_wconf 72' lang='lat' dir='ltr'><strong>susti-</strong></span> 
     </span>
    </p>
   </div>
   <div class='ocr_carea' id='block_1_35' title="bbox 304 1920 1936 2000">
    <p class='ocr_par' dir='ltr' id='par_1_35' title="bbox 304 1920 1936 2000">
     <span class='ocr_line' id='line_1_35' title="bbox 304 1920 1936 2000; baseline 0.002 -22"><span class='ocrx_word' id='word_1_239' title='bbox 304 1924 617 1989; x_wconf 77' lang='grc' dir='ltr'><strong>ἀσθενείας</strong></span> <span class='ocrx_word' id='word_1_240' title='bbox 649 1926 871 1991; x_wconf 80' lang='grc' dir='ltr'><strong>αὐτοὺς,</strong></span> <span class='ocrx_word' id='word_1_241' title='bbox 914 1928 1010 1981; x_wconf 51' lang='grc' dir='ltr'><strong>καὶ⁹</strong></span> <span class='ocrx_word' id='word_1_242' title='bbox 1041 1928 1140 1999; x_wconf 78' lang='grc' dir='ltr'><strong>τὴν</strong></span> <span class='ocrx_word' id='word_1_243' title='bbox 1172 1926 1349 1991; x_wconf 82' lang='grc' dir='ltr'><strong>οὓτως</strong></span> <span class='ocrx_word' id='word_1_244' title='bbox 1400 1930 1583 2000; x_wconf 87' lang='grc' dir='ltr'><strong>ἀπηνῆ</strong></span> <span class='ocrx_word' id='word_1_245' title='bbox 1619 1928 1713 1981; x_wconf 75' lang='grc' dir='ltr'><strong>καὶ</strong></span> <span class='ocrx_word' id='word_1_246' title='bbox 1754 1920 1936 1982; x_wconf 75' lang='grc' dir='ltr'><strong>δύσοι-</strong></span> 
     </span>
    </p>
   </div>
   <div class='ocr_carea' id='block_1_36' title="bbox 308 2020 1937 2094">
    <p class='ocr_par' dir='ltr' id='par_1_36' title="bbox 308 2020 1937 2094">
     <span class='ocr_line' id='line_1_36' title="bbox 308 2020 1937 2094; baseline 0.002 -23"><span class='ocrx_word' id='word_1_247' title='bbox 308 2035 448 2071; x_wconf 88' lang='grc' dir='ltr'><strong>στον</strong></span> <span class='ocrx_word' id='word_1_248' title='bbox 475 2020 774 2092; x_wconf 82' lang='grc' dir='ltr'><strong>ὑπομεῖναι</strong></span> <span class='ocrx_word' id='word_1_249' title='bbox 803 2021 1112 2094; x_wconf 55' lang='grc' dir='ltr'><strong>συμφοράνί</strong></span> <span class='ocrx_word' id='word_1_250' title='bbox 1144 2020 1537 2090; x_wconf 84' lang='grc' dir='ltr'><strong>Ἐγκατέλιπες</strong></span> <span class='ocrx_word' id='word_1_251' title='bbox 1564 2021 1674 2094; x_wconf 82' lang='grc' dir='ltr'><strong>γὰρ</strong></span> <span class='ocrx_word' id='word_1_252' title='bbox 1696 2021 1786 2078; x_wconf 80' lang='grc' dir='ltr'><strong>τὸν</strong></span> <span class='ocrx_word' id='word_1_253' title='bbox 1804 2021 1937 2075; x_wconf 80' lang='grc' dir='ltr'><strong>Θεὸν</strong></span> 
     </span>
    </p>
   </div>
   <div class='ocr_carea' id='block_1_37' title="bbox 303 2111 1938 2184">
    <p class='ocr_par' dir='ltr' id='par_1_37' title="bbox 303 2111 1938 2184">
     <span class='ocr_line' id='line_1_37' title="bbox 303 2111 1938 2184; baseline 0.002 -21"><span class='ocrx_word' id='word_1_254' title='bbox 303 2113 409 2165; x_wconf 79' lang='grc' dir='ltr'><strong>τὸν</strong></span> <span class='ocrx_word' id='word_1_255' title='bbox 444 2111 683 2183; x_wconf 72' lang='grc' dir='ltr'><strong>Σωτῆρα</strong></span> <span class='ocrx_word' id='word_1_256' title='bbox 711 2128 831 2179; x_wconf 88' lang='grc' dir='ltr'><strong>σου,</strong></span> <span class='ocrx_word' id='word_1_257' title='bbox 858 2113 1018 2184; x_wconf 74' lang='grc' dir='ltr'><strong>φησὶ,</strong></span> <span class='ocrx_word' id='word_1_258' title='bbox 1048 2112 1145 2166; x_wconf 55' lang='grc' dir='ltr'><strong>καὶ⁵</strong></span> <span class='ocrx_word' id='word_1_259' title='bbox 1174 2113 1380 2184; x_wconf 78' lang='grc' dir='ltr'><strong>Κυρίου</strong></span> <span class='ocrx_word' id='word_1_260' title='bbox 1425 2112 1521 2166; x_wconf 91' lang='grc' dir='ltr'><strong>τοῦ</strong></span> <span class='ocrx_word' id='word_1_261' title='bbox 1544 2112 1683 2167; x_wconf 84' lang='grc' dir='ltr'><strong>Θεοῦ</strong></span> <span class='ocrx_word' id='word_1_262' title='bbox 1708 2128 1803 2167; x_wconf 79' lang='grc' dir='ltr'><strong>σου</strong></span> <span class='ocrx_word' id='word_1_263' title='bbox 1838 2114 1938 2167; x_wconf 88' lang='grc' dir='ltr'><strong>οὐκ</strong></span> 
     </span>
    </p>
   </div>
   <div class='ocr_carea' id='block_1_38' title="bbox 304 2197 1935 2276">
    <p class='ocr_par' dir='ltr' id='par_1_38' title="bbox 304 2197 1935 2276">
     <span class='ocr_line' id='line_1_38' title="bbox 304 2197 1935 2276; baseline 0.001 -21"><span class='ocrx_word' id='word_1_264' title='bbox 304 2200 628 2273; x_wconf 67' lang='grc' dir='ltr'><strong>ἐμνήσθης.</strong></span> <span class='ocrx_word' id='word_1_265' title='bbox 655 2201 784 2254; x_wconf 88' lang='grc' dir='ltr'><strong>Δέον</strong></span> <span class='ocrx_word' id='word_1_266' title='bbox 808 2202 921 2272; x_wconf 79' lang='grc' dir='ltr'><strong>γὰρ</strong></span> <span class='ocrx_word' id='word_1_267' title='bbox 942 2202 1289 2276; x_wconf 74' lang='grc' dir='ltr'><strong>εὐχαριστεῖν</strong></span> <span class='ocrx_word' id='word_1_268' title='bbox 1309 2199 1397 2271; x_wconf 83' lang='grc' dir='ltr'><strong>ἐφ’</strong></span> <span class='ocrx_word' id='word_1_269' title='bbox 1414 2197 1495 2267; x_wconf 77' lang='grc' dir='ltr'><strong>οἷς</strong></span> <span class='ocrx_word' id='word_1_270' title='bbox 1516 2203 1935 2276; x_wconf 84' lang='grc' dir='ltr'><strong>εὐηργέτηνται,</strong></span> 
     </span>
    </p>
   </div>
   <div class='ocr_carea' id='block_1_39' title="bbox 304 2290 1935 2368">
    <p class='ocr_par' dir='ltr' id='par_1_39' title="bbox 304 2290 1935 2368">
     <span class='ocr_line' id='line_1_39' title="bbox 304 2290 1935 2368; baseline 0.003 -24"><span class='ocrx_word' id='word_1_271' title='bbox 304 2290 479 2345; x_wconf 84' lang='grc' dir='ltr'><strong>τοῦτο</strong></span> <span class='ocrx_word' id='word_1_272' title='bbox 506 2292 610 2362; x_wconf 84' lang='grc' dir='ltr'><strong>μὲν</strong></span> <span class='ocrx_word' id='word_1_273' title='bbox 646 2292 889 2358; x_wconf 76' lang='grc' dir='ltr'><strong>δουλείας</strong></span> <span class='ocrx_word' id='word_1_274' title='bbox 951 2298 1054 2364; x_wconf 82' lang='grc' dir='ltr'><strong>τῆς</strong></span> <span class='ocrx_word' id='word_1_275' title='bbox 1105 2295 1164 2349; x_wconf 86' lang='grc' dir='ltr'><strong>ἐν</strong></span> <span class='ocrx_word' id='word_1_276' title='bbox 1206 2293 1469 2367; x_wconf 82' lang='grc' dir='ltr'><strong>Αἰγύπτῳ</strong></span> <span class='ocrx_word' id='word_1_277' title='bbox 1495 2295 1935 2368; x_wconf 86' lang='grc' dir='ltr'><strong>λελυτρωμένοι,</strong></span> 
     </span>
    </p>
   </div>
   <div class='ocr_carea' id='block_1_40' title="bbox 305 2383 1936 2462">
    <p class='ocr_par' dir='ltr' id='par_1_40' title="bbox 305 2383 1936 2462">
     <span class='ocr_line' id='line_1_40' title="bbox 305 2383 1936 2462; baseline 0.004 -25"><span class='ocrx_word' id='word_1_278' title='bbox 305 2383 479 2437; x_wconf 82' lang='grc' dir='ltr'><strong>τοῦτο</strong></span> <span class='ocrx_word' id='word_1_279' title='bbox 506 2385 567 2438; x_wconf 85' lang='grc' dir='ltr'><strong>δὲ</strong></span> <span class='ocrx_word' id='word_1_280' title='bbox 598 2386 1080 2457; x_wconf 85' lang='grc' dir='ltr'><strong>κατακρατοῦντες</strong></span> <span class='ocrx_word' id='word_1_281' title='bbox 1113 2387 1347 2458; x_wconf 90' lang='grc' dir='ltr'><strong>ἐχθρῶν,</strong></span> <span class='ocrx_word' id='word_1_282' title='bbox 1389 2389 1486 2442; x_wconf 74' lang='grc' dir='ltr'><strong>καὶ</strong></span> <span class='ocrx_word' id='word_1_283' title='bbox 1535 2389 1936 2462; x_wconf 74' lang='grc' dir='ltr'><strong>καταδῃοῦντες</strong></span> 
     </span>
    </p>
   </div>
   <div class='ocr_carea' id='block_1_41' title="bbox 307 2475 1937 2548">
    <p class='ocr_par' dir='ltr' id='par_1_41' title="bbox 307 2475 1937 2548">
     <span class='ocr_line' id='line_1_41' title="bbox 307 2475 1937 2548; baseline 0.004 -23"><span class='ocrx_word' id='word_1_284' title='bbox 307 2475 414 2538; x_wconf 71' lang='grc' dir='ltr'><strong>τὰς</strong></span> <span class='ocrx_word' id='word_1_285' title='bbox 457 2475 652 2538; x_wconf 82' lang='grc' dir='ltr'><strong>πόλεις</strong></span> <span class='ocrx_word' id='word_1_286' title='bbox 672 2475 782 2529; x_wconf 80' lang='grc' dir='ltr'><strong>τῶν</strong></span> <span class='ocrx_word' id='word_1_287' title='bbox 813 2476 1250 2548; x_wconf 77' lang='grc' dir='ltr'><strong>ἀνθεστηκότων,</strong></span> <span class='ocrx_word' id='word_1_288' title='bbox 1286 2478 1449 2532; x_wconf 84' lang='grc' dir='ltr'><strong>τοῦτο</strong></span> <span class='ocrx_word' id='word_1_289' title='bbox 1497 2478 1555 2532; x_wconf 86' lang='grc' dir='ltr'><strong>δέ</strong></span> <span class='ocrx_word' id='word_1_290' title='bbox 1598 2481 1681 2534; x_wconf 85' lang='grc' dir='ltr'><strong>ὃτι</strong></span> <span class='ocrx_word' id='word_1_291' title='bbox 1730 2476 1826 2534; x_wconf 78' lang='grc' dir='ltr'><strong>καὶ</strong></span> <span class='ocrx_word' id='word_1_292' title='bbox 1855 2482 1937 2543; x_wconf 85' lang='grc' dir='ltr'><strong>είς</strong></span> 
     </span>
    </p>
   </div>
   <div class='ocr_carea' id='block_1_42' title="bbox 306 2568 1937 2644">
    <p class='ocr_par' dir='ltr' id='par_1_42' title="bbox 306 2568 1937 2644">
     <span class='ocr_line' id='line_1_42' title="bbox 306 2568 1937 2644; baseline 0.002 -22"><span class='ocrx_word' id='word_1_293' title='bbox 306 2568 492 2638; x_wconf 81' lang='grc' dir='ltr'><strong>αὐτὴν</strong></span> <span class='ocrx_word' id='word_1_294' title='bbox 522 2568 993 2640; x_wconf 70' lang='grc' dir='ltr'><strong>εἰσεκομίσθησαν</strong></span> <span class='ocrx_word' id='word_1_295' title='bbox 1024 2570 1126 2641; x_wconf 81' lang='grc' dir='ltr'><strong>τῆς</strong></span> <span class='ocrx_word' id='word_1_296' title='bbox 1174 2571 1510 2641; x_wconf 75' lang='grc' dir='ltr'><strong>ἐπαγγελίας</strong></span> <span class='ocrx_word' id='word_1_297' title='bbox 1536 2572 1638 2644; x_wconf 73' lang='grc' dir='ltr'><strong>τὴν</strong></span> <span class='ocrx_word' id='word_1_298' title='bbox 1677 2573 1801 2644; x_wconf 80' lang='grc' dir='ltr'><strong>γῆν·</strong></span> <span class='ocrx_word' id='word_1_299' title='bbox 1841 2590 1937 2626; x_wconf 89' lang='grc' dir='ltr'><strong>πο-</strong></span> 
     </span>
    </p>
   </div>
   <div class='ocr_carea' id='block_1_43' title="bbox 302 2661 1937 2740">
    <p class='ocr_par' dir='ltr' id='par_1_43' title="bbox 302 2661 1937 2740">
     <span class='ocr_line' id='line_1_43' title="bbox 302 2661 1937 2740; baseline 0.006 -27"><span class='ocrx_word' id='word_1_300' title='bbox 302 2662 491 2732; x_wconf 74' lang='grc' dir='ltr'><strong>νηρὰς</strong></span> <span class='ocrx_word' id='word_1_301' title='bbox 524 2661 767 2732; x_wconf 85' lang='grc' dir='ltr'><strong>ἀμοιϐὰς</strong></span> <span class='ocrx_word' id='word_1_302' title='bbox 796 2663 1157 2736; x_wconf 79' lang='grc' dir='ltr'><strong>ἀντεκόμιζον</strong></span> <span class='ocrx_word' id='word_1_303' title='bbox 1178 2664 1256 2737; x_wconf 81' lang='grc' dir='ltr'><strong>τῷ</strong></span> <span class='ocrx_word' id='word_1_304' title='bbox 1286 2667 1535 2739; x_wconf 74' lang='grc' dir='ltr'><strong>Δεσπότῃ</strong></span> <span class='ocrx_word' id='word_1_305' title='bbox 1568 2666 1937 2740; x_wconf 77' lang='grc' dir='ltr'><strong>προσκρούον-</strong></span> 
     </span>
    </p>
   </div>
   <div class='ocr_carea' id='block_1_44' title="bbox 304 2755 1937 2831">
    <p class='ocr_par' dir='ltr' id='par_1_44' title="bbox 304 2755 1937 2831">
     <span class='ocr_line' id='line_1_44' title="bbox 304 2755 1937 2831; baseline 0.005 -25"><span class='ocrx_word' id='word_1_306' title='bbox 304 2771 403 2817; x_wconf 80' lang='grc' dir='ltr'><strong>τες</strong></span> <span class='ocrx_word' id='word_1_307' title='bbox 437 2755 637 2821; x_wconf 82' lang='grc' dir='ltr'><strong>ἀδεῶς,</strong></span> <span class='ocrx_word' id='word_1_308' title='bbox 674 2756 772 2809; x_wconf 76' lang='grc' dir='ltr'><strong>καὶ</strong></span> <span class='ocrx_word' id='word_1_309' title='bbox 797 2757 860 2810; x_wconf 92' lang='grc' dir='ltr'><strong>οὐ</strong></span> <span class='ocrx_word' id='word_1_310' title='bbox 896 2756 1018 2810; x_wconf 86' lang='grc' dir='ltr'><strong>καθ’</strong></span> <span class='ocrx_word' id='word_1_311' title='bbox 1060 2758 1156 2811; x_wconf 74' lang='grc' dir='ltr'><strong>ἕνα</strong></span> <span class='ocrx_word' id='word_1_312' title='bbox 1187 2758 1487 2824; x_wconf 80' lang='grc' dir='ltr'><strong>λυποῦντες</strong></span> <span class='ocrx_word' id='word_1_313' title='bbox 1521 2761 1744 2831; x_wconf 82' lang='grc' dir='ltr'><strong>τρόπον,</strong></span> <span class='ocrx_word' id='word_1_314' title='bbox 1799 2761 1937 2815; x_wconf 87' lang='grc' dir='ltr'><strong>ἀλλά</strong></span> 
     </span>
    </p>
   </div>
   <div class='ocr_carea' id='block_1_45' title="bbox 304 2846 1936 2922">
    <p class='ocr_par' dir='ltr' id='par_1_45' title="bbox 304 2846 1936 2922">
     <span class='ocr_line' id='line_1_45' title="bbox 304 2846 1936 2922; baseline 0.005 -24"><span class='ocrx_word' id='word_1_315' title='bbox 304 2846 486 2915; x_wconf 82' lang='grc' dir='ltr'><strong>νόμου</strong></span> <span class='ocrx_word' id='word_1_316' title='bbox 519 2849 621 2918; x_wconf 80' lang='grc' dir='ltr'><strong>μὲν</strong></span> <span class='ocrx_word' id='word_1_317' title='bbox 656 2847 752 2901; x_wconf 83' lang='grc' dir='ltr'><strong>τοῦ</strong></span> <span class='ocrx_word' id='word_1_318' title='bbox 789 2847 1157 2921; x_wconf 76' lang='grc' dir='ltr'><strong>διωρισμένου</strong></span> <span class='ocrx_word' id='word_1_319' title='bbox 1194 2850 1286 2903; x_wconf 74' lang='grc' dir='ltr'><strong>διὰ</strong></span> <span class='ocrx_word' id='word_1_320' title='bbox 1337 2849 1433 2904; x_wconf 88' lang='grc' dir='ltr'><strong>τοῦ</strong></span> <span class='ocrx_word' id='word_1_321' title='bbox 1476 2851 1757 2922; x_wconf 87' lang='grc' dir='ltr'><strong>πανσόφου</strong></span> <span class='ocrx_word' id='word_1_322' title='bbox 1804 2853 1936 2906; x_wconf 87' lang='grc' dir='ltr'><strong>Μω-</strong></span> 
     </span>
    </p>
   </div>
   <div class='ocr_carea' id='block_1_46' title="bbox 307 2937 1936 3012">
    <p class='ocr_par' dir='ltr' id='par_1_46' title="bbox 307 2937 1936 3012">
     <span class='ocr_line' id='line_1_46' title="bbox 307 2937 1936 3012; baseline 0.004 -22"><span class='ocrx_word' id='word_1_323' title='bbox 307 2938 461 3002; x_wconf 82' lang='grc' dir='ltr'><strong>σέως</strong></span> <span class='ocrx_word' id='word_1_324' title='bbox 491 2937 673 3010; x_wconf 84' lang='grc' dir='ltr'><strong>μικρά</strong></span> <span class='ocrx_word' id='word_1_325' title='bbox 703 2940 902 3012; x_wconf 83' lang='grc' dir='ltr'><strong>κομιδῇ</strong></span> <span class='ocrx_word' id='word_1_326' title='bbox 934 2941 1345 3012; x_wconf 80' lang='grc' dir='ltr'><strong>φροντίσαντες,</strong></span> <span class='ocrx_word' id='word_1_327' title='bbox 1386 2941 1855 3007; x_wconf 83' lang='grc' dir='ltr'><strong>ἀπολακτίσαντες</strong></span> <span class='ocrx_word' id='word_1_328' title='bbox 1878 2944 1936 2997; x_wconf 78' lang='grc' dir='ltr'><strong>δὲ</strong></span> 
     </span>
    </p>
   </div>
   <div class='ocr_carea' id='block_1_47' title="bbox 306 3028 1934 3105">
    <p class='ocr_par' dir='ltr' id='par_1_47' title="bbox 306 3028 1934 3105">
     <span class='ocr_line' id='line_1_47' title="bbox 306 3028 1934 3105; baseline 0.004 -25"><span class='ocrx_word' id='word_1_329' title='bbox 306 3028 613 3092; x_wconf 79' lang='grc' dir='ltr'><strong>παντελῶς</strong></span> <span class='ocrx_word' id='word_1_330' title='bbox 643 3029 742 3099; x_wconf 80' lang='grc' dir='ltr'><strong>τὴν</strong></span> <span class='ocrx_word' id='word_1_331' title='bbox 780 3030 861 3094; x_wconf 86' lang='grc' dir='ltr'><strong>είς</strong></span> <span class='ocrx_word' id='word_1_332' title='bbox 885 3029 1020 3083; x_wconf 80' lang='grc' dir='ltr'><strong>Θεὸν</strong></span> <span class='ocrx_word' id='word_1_333' title='bbox 1050 3031 1360 3098; x_wconf 87' lang='grc' dir='ltr'><strong>εὐσέϐειαν,</strong></span> <span class='ocrx_word' id='word_1_334' title='bbox 1386 3032 1481 3086; x_wconf 74' lang='grc' dir='ltr'><strong>καὶ</strong></span> <span class='ocrx_word' id='word_1_335' title='bbox 1521 3032 1755 3105; x_wconf 75' lang='grc' dir='ltr'><strong>ἀψύχοις</strong></span> <span class='ocrx_word' id='word_1_336' title='bbox 1779 3032 1934 3097; x_wconf 80' lang='grc' dir='ltr'><strong>’ὐλαις</strong></span> 
     </span>
    </p>
   </div>
   <div class='ocr_carea' id='block_1_48' title="bbox 2044 1916 3632 1988">
    <p class='ocr_par' dir='ltr' id='par_1_48' title="bbox 2044 1916 3632 1988">
     <span class='ocr_line' id='line_1_48' title="bbox 2044 1916 3632 1988; baseline 0.002 -20"><span class='ocrx_word' id='word_1_337' title='bbox 2044 1918 2296 1971; x_wconf 82' lang='lat' dir='ltr'><strong>nueriut:</strong></span> <span class='ocrx_word' id='word_1_338' title='bbox 2330 1916 2675 1988; x_wconf 78' lang='lat' dir='ltr'><strong>Dereliqnisti</strong></span> <span class='ocrx_word' id='word_1_339' title='bbox 2704 1920 2849 1974; x_wconf 87' lang='lat' dir='ltr'><strong>enim</strong></span> <span class='ocrx_word' id='word_1_340' title='bbox 2879 1920 3045 1973; x_wconf 87' lang='lat' dir='ltr'><strong>Deum</strong></span> <span class='ocrx_word' id='word_1_341' title='bbox 3074 1918 3423 1974; x_wconf 74' lang='lat' dir='ltr'><strong>Serratorem</strong></span> <span class='ocrx_word' id='word_1_342' title='bbox 3461 1930 3632 1981; x_wconf 87' lang='lat' dir='ltr'><strong>tuutn,</strong></span> 
     </span>
    </p>
   </div>
   <div class='ocr_carea' id='block_1_49' title="bbox 2044 2008 3637 2083">
    <p class='ocr_par' dir='ltr' id='par_1_49' title="bbox 2044 2008 3637 2083">
     <span class='ocr_line' id='line_1_49' title="bbox 2044 2008 3637 2083; baseline 0.003 -21"><span class='ocrx_word' id='word_1_343' title='bbox 2044 2008 2243 2077; x_wconf 85' lang='lat' dir='ltr'><strong>inquit,</strong></span> <span class='ocrx_word' id='word_1_344' title='bbox 2273 2017 2329 2063; x_wconf 89' lang='lat' dir='ltr'><strong>et</strong></span> <span class='ocrx_word' id='word_1_345' title='bbox 2366 2008 2578 2064; x_wconf 90' lang='lat' dir='ltr'><strong>Domini</strong></span> <span class='ocrx_word' id='word_1_346' title='bbox 2615 2010 2709 2064; x_wconf 90' lang='lat' dir='ltr'><strong>Dei</strong></span> <span class='ocrx_word' id='word_1_347' title='bbox 2739 2010 3006 2083; x_wconf 82' lang='lat' dir='ltr'><strong>atljutoris</strong></span> <span class='ocrx_word' id='word_1_348' title='bbox 3039 2011 3112 2065; x_wconf 91' lang='lat' dir='ltr'><strong>tui</strong></span> <span class='ocrx_word' id='word_1_349' title='bbox 3161 2024 3268 2065; x_wconf 90' lang='lat' dir='ltr'><strong>non</strong></span> <span class='ocrx_word' id='word_1_350' title='bbox 3316 2013 3637 2066; x_wconf 82' lang='lat' dir='ltr'><strong>recordatus</strong></span> 
     </span>
    </p>
   </div>
   <div class='ocr_carea' id='block_1_50' title="bbox 2041 2100 3637 2175">
    <p class='ocr_par' dir='ltr' id='par_1_50' title="bbox 2041 2100 3637 2175">
     <span class='ocr_line' id='line_1_50' title="bbox 2041 2100 3637 2175; baseline 0.004 -22"><span class='ocrx_word' id='word_1_351' title='bbox 2041 2115 2121 2154; x_wconf 80' lang='lat' dir='ltr'><strong>es.</strong></span> <span class='ocrx_word' id='word_1_352' title='bbox 2165 2100 2302 2155; x_wconf 89' lang='lat' dir='ltr'><strong>Cum</strong></span> <span class='ocrx_word' id='word_1_353' title='bbox 2337 2102 2483 2156; x_wconf 89' lang='lat' dir='ltr'><strong>enim</strong></span> <span class='ocrx_word' id='word_1_354' title='bbox 2518 2117 2613 2157; x_wconf 89' lang='lat' dir='ltr'><strong>eos</strong></span> <span class='ocrx_word' id='word_1_355' title='bbox 2645 2104 2850 2174; x_wconf 81' lang='lat' dir='ltr'><strong>gratias</strong></span> <span class='ocrx_word' id='word_1_356' title='bbox 2896 2118 3059 2175; x_wconf 81' lang='lat' dir='ltr'><strong>agere</strong></span> <span class='ocrx_word' id='word_1_357' title='bbox 3104 2114 3380 2174; x_wconf 77' lang='lat' dir='ltr'><strong>Oporteret</strong></span> <span class='ocrx_word' id='word_1_358' title='bbox 3434 2108 3502 2159; x_wconf 89' lang='lat' dir='ltr'><strong>de</strong></span> <span class='ocrx_word' id='word_1_359' title='bbox 3553 2107 3637 2161; x_wconf 89' lang='lat' dir='ltr'><strong>his</strong></span> 
     </span>
    </p>
   </div>
   <div class='ocr_carea' id='block_1_51' title="bbox 2040 2193 3636 2268">
    <p class='ocr_par' dir='ltr' id='par_1_51' title="bbox 2040 2193 3636 2268">
     <span class='ocr_line' id='line_1_51' title="bbox 2040 2193 3636 2268; baseline 0.004 -23"><span class='ocrx_word' id='word_1_360' title='bbox 2040 2194 2239 2263; x_wconf 87' lang='lat' dir='ltr'><strong>quibus</strong></span> <span class='ocrx_word' id='word_1_361' title='bbox 2271 2193 2449 2251; x_wconf 67' lang='lat' dir='ltr'><strong>affecti</strong></span> <span class='ocrx_word' id='word_1_362' title='bbox 2482 2206 2611 2250; x_wconf 89' lang='lat' dir='ltr'><strong>sunt</strong></span> <span class='ocrx_word' id='word_1_363' title='bbox 2653 2197 2952 2261; x_wconf 79' lang='lat' dir='ltr'><strong>beneficiis,</strong></span> <span class='ocrx_word' id='word_1_364' title='bbox 2988 2198 3184 2266; x_wconf 81' lang='lat' dir='ltr'><strong>partim</strong></span> <span class='ocrx_word' id='word_1_365' title='bbox 3208 2198 3332 2268; x_wconf 90' lang='lat' dir='ltr'><strong>quia</strong></span> <span class='ocrx_word' id='word_1_366' title='bbox 3366 2213 3430 2252; x_wconf 75' lang='lat' dir='ltr'><strong>ex</strong></span> <span class='ocrx_word' id='word_1_367' title='bbox 3458 2200 3636 2253; x_wconf 86' lang='lat' dir='ltr'><strong>set-vi-</strong></span> 
     </span>
    </p>
   </div>
   <div class='ocr_carea' id='block_1_52' title="bbox 2042 2284 3637 2360">
    <p class='ocr_par' dir='ltr' id='par_1_52' title="bbox 2042 2284 3637 2360">
     <span class='ocr_line' id='line_1_52' title="bbox 2042 2284 3637 2360; baseline 0.004 -21"><span class='ocrx_word' id='word_1_368' title='bbox 2042 2294 2155 2340; x_wconf 89' lang='lat' dir='ltr'><strong>tute</strong></span> <span class='ocrx_word' id='word_1_369' title='bbox 2173 2284 2499 2358; x_wconf 66' lang='lat' dir='ltr'><strong>Egyptiaca</strong></span> <span class='ocrx_word' id='word_1_370' title='bbox 2530 2288 2796 2358; x_wconf 88' lang='lat' dir='ltr'><strong>redempti</strong></span> <span class='ocrx_word' id='word_1_371' title='bbox 2826 2300 2971 2355; x_wconf 86' lang='lat' dir='ltr'><strong>sunt,</strong></span> <span class='ocrx_word' id='word_1_372' title='bbox 3003 2289 3199 2359; x_wconf 79' lang='lat' dir='ltr'><strong>partim</strong></span> <span class='ocrx_word' id='word_1_373' title='bbox 3227 2291 3352 2360; x_wconf 87' lang='lat' dir='ltr'><strong>quia</strong></span> <span class='ocrx_word' id='word_1_374' title='bbox 3386 2291 3637 2346; x_wconf 84' lang='lat' dir='ltr'><strong>hostibus</strong></span> 
     </span>
    </p>
   </div>
   <div class='ocr_carea' id='block_1_53' title="bbox 2038 2381 3637 2454">
    <p class='ocr_par' dir='ltr' id='par_1_53' title="bbox 2038 2381 3637 2454">
     <span class='ocr_line' id='line_1_53' title="bbox 2038 2381 3637 2454; baseline 0.004 -21"><span class='ocrx_word' id='word_1_375' title='bbox 2038 2381 2350 2449; x_wconf 86' lang='lat' dir='ltr'><strong>superiores</strong></span> <span class='ocrx_word' id='word_1_376' title='bbox 2384 2382 2512 2436; x_wconf 86' lang='lat' dir='ltr'><strong>facti</strong></span> <span class='ocrx_word' id='word_1_377' title='bbox 2538 2390 2687 2448; x_wconf 86' lang='lat' dir='ltr'><strong>sunt,</strong></span> <span class='ocrx_word' id='word_1_378' title='bbox 2718 2391 2774 2437; x_wconf 89' lang='lat' dir='ltr'><strong>et</strong></span> <span class='ocrx_word' id='word_1_379' title='bbox 2804 2384 3246 2437; x_wconf 85' lang='lat' dir='ltr'><strong>adversariorqu</strong></span> <span class='ocrx_word' id='word_1_380' title='bbox 3283 2382 3447 2438; x_wconf 81' lang='lat' dir='ltr'><strong>urbes</strong></span> <span class='ocrx_word' id='word_1_381' title='bbox 3468 2387 3637 2454; x_wconf 57' lang='lat' dir='ltr'><strong>depo.‘</strong></span> 
     </span>
    </p>
   </div>
   <div class='ocr_carea' id='block_1_54' title="bbox 2038 2472 3639 2548">
    <p class='ocr_par' dir='ltr' id='par_1_54' title="bbox 2038 2472 3639 2548">
     <span class='ocr_line' id='line_1_54' title="bbox 2038 2472 3639 2548; baseline 0.004 -22"><span class='ocrx_word' id='word_1_382' title='bbox 2038 2472 2401 2541; x_wconf 83' lang='lat' dir='ltr'><strong>pulabautur;</strong></span> <span class='ocrx_word' id='word_1_383' title='bbox 2444 2476 2644 2544; x_wconf 88' lang='lat' dir='ltr'><strong>partim</strong></span> <span class='ocrx_word' id='word_1_384' title='bbox 2672 2477 2839 2530; x_wconf 88' lang='lat' dir='ltr'><strong>etiam</strong></span> <span class='ocrx_word' id='word_1_385' title='bbox 2864 2477 2989 2545; x_wconf 85' lang='lat' dir='ltr'><strong>quia</strong></span> <span class='ocrx_word' id='word_1_386' title='bbox 3026 2477 3079 2530; x_wconf 92' lang='lat' dir='ltr'><strong>in</strong></span> <span class='ocrx_word' id='word_1_387' title='bbox 3112 2477 3284 2546; x_wconf 82' lang='lat' dir='ltr'><strong>ipsam</strong></span> <span class='ocrx_word' id='word_1_388' title='bbox 3316 2478 3639 2548; x_wconf 82' lang='lat' dir='ltr'><strong>promissio-</strong></span> 
     </span>
    </p>
   </div>
   <div class='ocr_carea' id='block_1_55' title="bbox 2039 2566 3635 2627">
    <p class='ocr_par' dir='ltr' id='par_1_55' title="bbox 2039 2566 3635 2627">
     <span class='ocr_line' id='line_1_55' title="bbox 2039 2566 3635 2627; baseline 0.004 -9"><span class='ocrx_word' id='word_1_389' title='bbox 2039 2566 2126 2619; x_wconf 90' lang='lat' dir='ltr'><strong>nis</strong></span> <span class='ocrx_word' id='word_1_390' title='bbox 2158 2575 2358 2620; x_wconf 87' lang='lat' dir='ltr'><strong>terram</strong></span> <span class='ocrx_word' id='word_1_391' title='bbox 2406 2567 2611 2621; x_wconf 87' lang='lat' dir='ltr'><strong>fuerint</strong></span> <span class='ocrx_word' id='word_1_392' title='bbox 2645 2569 2939 2623; x_wconf 82' lang='lat' dir='ltr'><strong>introducti</strong></span> <span class='ocrx_word' id='word_1_393' title='bbox 2970 2584 2984 2622; x_wconf 88' lang='lat'><strong>:</strong></span> <span class='ocrx_word' id='word_1_394' title='bbox 3036 2568 3114 2622; x_wconf 87' lang='lat' dir='ltr'><strong>illi</strong></span> <span class='ocrx_word' id='word_1_395' title='bbox 3171 2570 3400 2627; x_wconf 86' lang='lat' dir='ltr'><strong>Domino</strong></span> <span class='ocrx_word' id='word_1_396' title='bbox 3431 2571 3635 2624; x_wconf 85' lang='lat' dir='ltr'><strong>malum</strong></span> 
     </span>
    </p>
   </div>
   <div class='ocr_carea' id='block_1_56' title="bbox 2039 2659 3638 2729">
    <p class='ocr_par' dir='ltr' id='par_1_56' title="bbox 2039 2659 3638 2729">
     <span class='ocr_line' id='line_1_56' title="bbox 2039 2659 3638 2729; baseline 0.002 -16"><span class='ocrx_word' id='word_1_397' title='bbox 2039 2659 2416 2729; x_wconf 82' lang='lat' dir='ltr'><strong>rependebant</strong></span> <span class='ocrx_word' id='word_1_398' title='bbox 2443 2673 2637 2715; x_wconf 85' lang='lat' dir='ltr'><strong>secure</strong></span> <span class='ocrx_word' id='word_1_399' title='bbox 2662 2659 3022 2727; x_wconf 75' lang='lat' dir='ltr'><strong>olfendentes,</strong></span> <span class='ocrx_word' id='word_1_400' title='bbox 3059 2676 3158 2716; x_wconf 85' lang='lat' dir='ltr'><strong>nec</strong></span> <span class='ocrx_word' id='word_1_401' title='bbox 3185 2676 3292 2715; x_wconf 91' lang='lat' dir='ltr'><strong>uno</strong></span> <span class='ocrx_word' id='word_1_402' title='bbox 3322 2663 3482 2716; x_wconf 86' lang='lat' dir='ltr'><strong>modo</strong></span> <span class='ocrx_word' id='word_1_403' title='bbox 3512 2676 3638 2716; x_wconf 55' lang='lat' dir='ltr'><strong>cru-3</strong></span> 
     </span>
    </p>
   </div>
   <div class='ocr_carea' id='block_1_57' title="bbox 2038 2752 3636 2824">
    <p class='ocr_par' dir='ltr' id='par_1_57' title="bbox 2038 2752 3636 2824">
     <span class='ocr_line' id='line_1_57' title="bbox 2038 2752 3636 2824; baseline 0.003 -20"><span class='ocrx_word' id='word_1_404' title='bbox 2038 2752 2267 2820; x_wconf 86' lang='lat' dir='ltr'><strong>ciantes,</strong></span> <span class='ocrx_word' id='word_1_405' title='bbox 2298 2752 2391 2807; x_wconf 89' lang='lat' dir='ltr'><strong>sed</strong></span> <span class='ocrx_word' id='word_1_406' title='bbox 2422 2754 2595 2824; x_wconf 83' lang='lat' dir='ltr'><strong>legem</strong></span> <span class='ocrx_word' id='word_1_407' title='bbox 2627 2754 2793 2808; x_wconf 87' lang='lat' dir='ltr'><strong>etiam</strong></span> <span class='ocrx_word' id='word_1_408' title='bbox 2826 2768 2925 2823; x_wconf 90' lang='lat' dir='ltr'><strong>per</strong></span> <span class='ocrx_word' id='word_1_409' title='bbox 2958 2753 3421 2822; x_wconf 85' lang='lat' dir='ltr'><strong>sapientissimum</strong></span> <span class='ocrx_word' id='word_1_410' title='bbox 3446 2754 3636 2809; x_wconf 84' lang='lat' dir='ltr'><strong>Mosen</strong></span> 
     </span>
    </p>
   </div>
   <div class='ocr_carea' id='block_1_58' title="bbox 2037 2842 3638 2915">
    <p class='ocr_par' dir='ltr' id='par_1_58' title="bbox 2037 2842 3638 2915">
     <span class='ocr_line' id='line_1_58' title="bbox 2037 2842 3638 2915; baseline 0.003 -21"><span class='ocrx_word' id='word_1_411' title='bbox 2037 2842 2363 2912; x_wconf 85' lang='lat' dir='ltr'><strong>descriptam</strong></span> <span class='ocrx_word' id='word_1_412' title='bbox 2411 2858 2511 2913; x_wconf 90' lang='lat' dir='ltr'><strong>pro</strong></span> <span class='ocrx_word' id='word_1_413' title='bbox 2567 2844 2795 2898; x_wconf 89' lang='lat' dir='ltr'><strong>minimo</strong></span> <span class='ocrx_word' id='word_1_414' title='bbox 2838 2847 3121 2912; x_wconf 85' lang='lat' dir='ltr'><strong>ducentes,</strong></span> <span class='ocrx_word' id='word_1_415' title='bbox 3167 2845 3367 2899; x_wconf 63' lang='lat' dir='ltr'><strong>divinae</strong></span> <span class='ocrx_word' id='word_1_416' title='bbox 3419 2851 3638 2915; x_wconf 73' lang='lat' dir='ltr'><strong>quoque</strong></span> 
     </span>
    </p>
   </div>
   <div class='ocr_carea' id='block_1_59' title="bbox 2034 2930 3637 3006">
    <p class='ocr_par' dir='ltr' id='par_1_59' title="bbox 2034 2930 3637 3006">
     <span class='ocr_line' id='line_1_59' title="bbox 2034 2930 3637 3006; baseline 0.004 -17"><span class='ocrx_word' id='word_1_417' title='bbox 2034 2933 2284 3004; x_wconf 76' lang='lat' dir='ltr'><strong>religioni</strong></span> <span class='ocrx_word' id='word_1_418' title='bbox 2317 2951 2545 3006; x_wconf 85' lang='lat' dir='ltr'><strong>prorsus</strong></span> <span class='ocrx_word' id='word_1_419' title='bbox 2574 2936 3007 3003; x_wconf 81' lang='lat' dir='ltr'><strong>recalcitrantes,</strong></span> <span class='ocrx_word' id='word_1_420' title='bbox 3051 2930 3107 2992; x_wconf 70' lang='lat' dir='ltr'><strong>ei</strong></span> <span class='ocrx_word' id='word_1_421' title='bbox 3152 2937 3410 2993; x_wconf 86' lang='lat' dir='ltr'><strong>inanimis</strong></span> <span class='ocrx_word' id='word_1_422' title='bbox 3461 2949 3637 2995; x_wconf 65' lang='lat' dir='ltr'><strong>mate-i</strong></span> 
     </span>
    </p>
   </div>
   <div class='ocr_carea' id='block_1_60' title="bbox 2040 3030 3637 3097">
    <p class='ocr_par' dir='ltr' id='par_1_60' title="bbox 2040 3030 3637 3097">
     <span class='ocr_line' id='line_1_60' title="bbox 2040 3030 3637 3097; baseline 0.003 -14"><span class='ocrx_word' id='word_1_423' title='bbox 2040 3030 2136 3084; x_wconf 88' lang='lat' dir='ltr'><strong>riis</strong></span> <span class='ocrx_word' id='word_1_424' title='bbox 2167 3031 2573 3087; x_wconf 80' lang='lat' dir='ltr'><strong>venerationem</strong></span> <span class='ocrx_word' id='word_1_425' title='bbox 2598 3033 2978 3097; x_wconf 86' lang='lat' dir='ltr'><strong>attribuentes,</strong></span> <span class='ocrx_word' id='word_1_426' title='bbox 3008 3031 3191 3086; x_wconf 89' lang='lat' dir='ltr'><strong>vitulis</strong></span> <span class='ocrx_word' id='word_1_427' title='bbox 3225 3031 3409 3086; x_wconf 84' lang='lat' dir='ltr'><strong>aureis</strong></span> <span class='ocrx_word' id='word_1_428' title='bbox 3447 3032 3637 3087; x_wconf 87' lang='lat' dir='ltr'><strong>dicen-</strong></span> 
     </span>
    </p>
   </div>
   <div class='ocr_carea' id='block_1_61' title="bbox 303 3120 1933 3204">
    <p class='ocr_par' dir='ltr' id='par_1_61' title="bbox 303 3120 1933 3196">
     <span class='ocr_line' id='line_1_61' title="bbox 303 3120 1933 3196; baseline 0.004 -23"><span class='ocrx_word' id='word_1_429' title='bbox 303 3120 619 3186; x_wconf 83' lang='grc' dir='ltr'><strong>ἀναθέντες</strong></span> <span class='ocrx_word' id='word_1_430' title='bbox 644 3121 705 3174; x_wconf 83' lang='grc' dir='ltr'><strong>τὸ</strong></span> <span class='ocrx_word' id='word_1_431' title='bbox 733 3121 921 3185; x_wconf 87' lang='grc' dir='ltr'><strong>σέϐας,</strong></span> <span class='ocrx_word' id='word_1_432' title='bbox 953 3123 1239 3196; x_wconf 70' lang='grc' dir='ltr'><strong>εἰρηκότες</strong></span> <span class='ocrx_word' id='word_1_433' title='bbox 1277 3124 1335 3178; x_wconf 80' lang='grc' dir='ltr'><strong>δὲ</strong></span> <span class='ocrx_word' id='word_1_434' title='bbox 1364 3127 1484 3189; x_wconf 87' lang='grc' dir='ltr'><strong>ταῖς</strong></span> <span class='ocrx_word' id='word_1_435' title='bbox 1514 3125 1783 3195; x_wconf 84' lang='grc' dir='ltr'><strong>δαμάλεσι</strong></span> <span class='ocrx_word' id='word_1_436' title='bbox 1813 3129 1933 3188; x_wconf 81' lang='grc' dir='ltr'><strong>ταῖς</strong></span> 
     </span>
    </p>
   </div>
   <div class='ocr_carea' id='block_1_62' title="bbox 2040 3120 3633 3204">
    <p class='ocr_par' dir='ltr' id='par_1_62' title="bbox 2043 3124 3633 3198">
     <span class='ocr_line' id='line_1_62' title="bbox 2043 3124 3633 3198; baseline 0.001 -17"><span class='ocrx_word' id='word_1_437' title='bbox 2043 3136 2123 3183; x_wconf 87' lang='lat' dir='ltr'><strong>tes</strong></span> <span class='ocrx_word' id='word_1_438' title='bbox 2159 3144 2174 3182; x_wconf 89' lang='lat'><strong>:</strong></span> <span class='ocrx_word' id='word_1_439' title='bbox 2215 3144 2234 3179; x_wconf 84' lang='grc' dir='ltr'><strong>ι</strong></span> <span class='ocrx_word' id='word_1_440' title='bbox 2272 3124 2338 3182; x_wconf 82' lang='lat' dir='ltr'><strong>Hi</strong></span> <span class='ocrx_word' id='word_1_441' title='bbox 2361 3127 2432 3182; x_wconf 90' lang='lat' dir='ltr'><strong>dii</strong></span> <span class='ocrx_word' id='word_1_442' title='bbox 2472 3131 2573 3193; x_wconf 90' lang='lat' dir='ltr'><strong>tui,</strong></span> <span class='ocrx_word' id='word_1_443' title='bbox 2608 3128 2800 3191; x_wconf 82' lang='lat' dir='ltr'><strong>Israel,</strong></span> <span class='ocrx_word' id='word_1_444' title='bbox 2827 3126 2920 3198; x_wconf 89' lang='lat' dir='ltr'><strong>qui</strong></span> <span class='ocrx_word' id='word_1_445' title='bbox 2956 3127 3287 3181; x_wconf 73' lang='lat' dir='ltr'><strong>reduxerunt</strong></span> <span class='ocrx_word' id='word_1_446' title='bbox 3312 3135 3367 3181; x_wconf 89' lang='lat' dir='ltr'><strong>te</strong></span> <span class='ocrx_word' id='word_1_447' title='bbox 3396 3127 3463 3180; x_wconf 87' lang='lat' dir='ltr'><strong>de</strong></span> <span class='ocrx_word' id='word_1_448' title='bbox 3491 3135 3633 3182; x_wconf 85' lang='lat' dir='ltr'><strong>terra</strong></span> 
     </span>
    </p>
   </div>
   <div class='ocr_carea' id='block_1_63' title="bbox 302 3208 1932 3292">
    <p class='ocr_par' dir='ltr' id='par_1_63' title="bbox 302 3208 1932 3292">
     <span class='ocr_line' id='line_1_63' title="bbox 302 3208 1932 3292; baseline 0.004 -26"><span class='ocrx_word' id='word_1_449' title='bbox 302 3217 582 3287; x_wconf 74' lang='grc' dir='ltr'><strong>χρυσαῖς·</strong></span> <span class='ocrx_word' id='word_1_450' title='bbox 609 3233 628 3265; x_wconf 80' lang='grc' dir='ltr'><strong>ι</strong></span> <span class='ocrx_word' id='word_1_451' title='bbox 654 3208 816 3269; x_wconf 63' lang='lat' dir='ltr'><strong>Dinon</strong></span> <span class='ocrx_word' id='word_1_452' title='bbox 845 3217 895 3269; x_wconf 81' lang='lat' dir='ltr'><strong>oi</strong></span> <span class='ocrx_word' id='word_1_453' title='bbox 929 3215 1041 3270; x_wconf 86' lang='grc' dir='ltr'><strong>θεοί</strong></span> <span class='ocrx_word' id='word_1_454' title='bbox 1069 3233 1186 3284; x_wconf 89' lang='grc' dir='ltr'><strong>σου,</strong></span> <span class='ocrx_word' id='word_1_455' title='bbox 1227 3217 1464 3292; x_wconf 76' lang='grc' dir='ltr'><strong>Ἰσραὴλ,</strong></span> <span class='ocrx_word' id='word_1_456' title='bbox 1504 3219 1701 3284; x_wconf 81' lang='grc' dir='ltr'><strong>οἵτινες</strong></span> <span class='ocrx_word' id='word_1_457' title='bbox 1727 3220 1932 3291; x_wconf 80' lang='grc' dir='ltr'><strong>ἀνήγα-</strong></span> 
     </span>
    </p>
   </div>
   <div class='ocr_carea' id='block_1_64' title="bbox 302 3308 1935 3385">
    <p class='ocr_par' dir='ltr' id='par_1_64' title="bbox 302 3308 1935 3385">
     <span class='ocr_line' id='line_1_64' title="bbox 302 3308 1935 3385; baseline 0.004 -25"><span class='ocrx_word' id='word_1_458' title='bbox 302 3309 411 3376; x_wconf 73' lang='grc' dir='ltr'><strong>γόν</strong></span> <span class='ocrx_word' id='word_1_459' title='bbox 451 3324 513 3360; x_wconf 83' lang='grc' dir='ltr'><strong>σε</strong></span> <span class='ocrx_word' id='word_1_460' title='bbox 543 3311 609 3361; x_wconf 79' lang='grc' dir='ltr'><strong>ὲκ</strong></span> <span class='ocrx_word' id='word_1_461' title='bbox 644 3309 748 3380; x_wconf 81' lang='grc' dir='ltr'><strong>γῆς</strong></span> <span class='ocrx_word' id='word_1_462' title='bbox 779 3308 1085 3378; x_wconf 79' lang='grc' dir='ltr'><strong>Αἰγύπτου.</strong></span> <span class='ocrx_word' id='word_1_463' title='bbox 1116 3329 1134 3361; x_wconf 72' lang='grc' dir='ltr'><strong>ι</strong></span> <span class='ocrx_word' id='word_1_464' title='bbox 1177 3308 1315 3366; x_wconf 84' lang='grc' dir='ltr'><strong>Ὀτε</strong></span> <span class='ocrx_word' id='word_1_465' title='bbox 1373 3312 1553 3366; x_wconf 88' lang='grc' dir='ltr'><strong>τοίνυν</strong></span> <span class='ocrx_word' id='word_1_466' title='bbox 1583 3312 1751 3383; x_wconf 79' lang='grc' dir='ltr'><strong>ἐσμὲν</strong></span> <span class='ocrx_word' id='word_1_467' title='bbox 1794 3312 1935 3385; x_wconf 85' lang='grc' dir='ltr'><strong>μετά</strong></span> 
     </span>
    </p>
   </div>
   <div class='ocr_carea' id='block_1_65' title="bbox 301 3399 1934 3477">
    <p class='ocr_par' dir='ltr' id='par_1_65' title="bbox 301 3399 1934 3477">
     <span class='ocr_line' id='line_1_65' title="bbox 301 3399 1934 3477; baseline 0.005 -24"><span class='ocrx_word' id='word_1_468' title='bbox 301 3399 477 3464; x_wconf 82' lang='grc' dir='ltr'><strong>Θεοῦ,</strong></span> <span class='ocrx_word' id='word_1_469' title='bbox 516 3401 589 3456; x_wconf 81' lang='grc' dir='ltr'><strong>τὰ</strong></span> <span class='ocrx_word' id='word_1_470' title='bbox 622 3400 791 3456; x_wconf 70' lang='grc' dir='ltr'><strong>αὐτοῦ</strong></span> <span class='ocrx_word' id='word_1_471' title='bbox 822 3403 1069 3473; x_wconf 88' lang='grc' dir='ltr'><strong>δηλονότι</strong></span> <span class='ocrx_word' id='word_1_472' title='bbox 1107 3407 1327 3477; x_wconf 79' lang='grc' dir='ltr'><strong>φρονεῖν</strong></span> <span class='ocrx_word' id='word_1_473' title='bbox 1388 3404 1802 3471; x_wconf 76' lang='grc' dir='ltr'><strong>σπουδάζοντες,</strong></span> <span class='ocrx_word' id='word_1_474' title='bbox 1839 3408 1934 3461; x_wconf 76' lang='grc' dir='ltr'><strong>καὶ</strong></span> 
     </span>
    </p>
   </div>
   <div class='ocr_carea' id='block_1_66' title="bbox 302 3493 1933 3570">
    <p class='ocr_par' dir='ltr' id='par_1_66' title="bbox 302 3493 1933 3570">
     <span class='ocr_line' id='line_1_66' title="bbox 302 3493 1933 3570; baseline 0.006 -25"><span class='ocrx_word' id='word_1_475' title='bbox 302 3495 381 3548; x_wconf 65' lang='grc' dir='ltr'><strong>τὰ</strong></span> <span class='ocrx_word' id='word_1_476' title='bbox 408 3493 569 3565; x_wconf 82' lang='grc' dir='ltr'><strong>αὐτῷ</strong></span> <span class='ocrx_word' id='word_1_477' title='bbox 601 3493 735 3565; x_wconf 78' lang='grc' dir='ltr'><strong>φίλα</strong></span> <span class='ocrx_word' id='word_1_478' title='bbox 761 3495 1066 3568; x_wconf 75' lang='grc' dir='ltr'><strong>κατορθοῦν</strong></span> <span class='ocrx_word' id='word_1_479' title='bbox 1117 3498 1405 3570; x_wconf 73' lang='grc' dir='ltr'><strong>ᾑρημένοιδ</strong></span> <span class='ocrx_word' id='word_1_480' title='bbox 1438 3499 1560 3551; x_wconf 83' lang='grc' dir='ltr'><strong>τότε</strong></span> <span class='ocrx_word' id='word_1_481' title='bbox 1615 3499 1679 3570; x_wconf 81' lang='grc' dir='ltr'><strong>δὴ</strong></span> <span class='ocrx_word' id='word_1_482' title='bbox 1713 3500 1933 3564; x_wconf 81' lang='grc' dir='ltr'><strong>πάντως</strong></span> 
     </span>
    </p>
   </div>
   <div class='ocr_carea' id='block_1_67' title="bbox 305 3587 1930 3665">
    <p class='ocr_par' dir='ltr' id='par_1_67' title="bbox 305 3587 1930 3665">
     <span class='ocr_line' id='line_1_67' title="bbox 305 3587 1930 3665; baseline 0.001 -21"><span class='ocrx_word' id='word_1_483' title='bbox 305 3588 609 3660; x_wconf 77' lang='grc' dir='ltr'><strong>κρείττους</strong></span> <span class='ocrx_word' id='word_1_484' title='bbox 646 3587 889 3659; x_wconf 76' lang='grc' dir='ltr'><strong>ἐσόμεθα</strong></span> <span class='ocrx_word' id='word_1_485' title='bbox 924 3589 1033 3644; x_wconf 86' lang='grc' dir='ltr'><strong>τῶν</strong></span> <span class='ocrx_word' id='word_1_486' title='bbox 1060 3590 1297 3663; x_wconf 86' lang='grc' dir='ltr'><strong>ἐχθρῶν,</strong></span> <span class='ocrx_word' id='word_1_487' title='bbox 1329 3591 1425 3644; x_wconf 81' lang='grc' dir='ltr'><strong>καὶ</strong></span> <span class='ocrx_word' id='word_1_488' title='bbox 1474 3593 1797 3663; x_wconf 72' lang='grc' dir='ltr'><strong>πατήσομεν</strong></span> <span class='ocrx_word' id='word_1_489' title='bbox 1830 3593 1930 3665; x_wconf 87' lang='grc' dir='ltr'><strong>ἀρ-</strong></span> 
     </span>
    </p>
   </div>
   <div class='ocr_carea' id='block_1_68' title="bbox 308 3676 1933 3754">
    <p class='ocr_par' dir='ltr' id='par_1_68' title="bbox 308 3676 1933 3754">
     <span class='ocr_line' id='line_1_68' title="bbox 308 3676 1933 3754; baseline 0.004 -22"><span class='ocrx_word' id='word_1_490' title='bbox 308 3679 441 3750; x_wconf 70' lang='grc' dir='ltr'><strong>χὰς,</strong></span> <span class='ocrx_word' id='word_1_491' title='bbox 477 3680 578 3733; x_wconf 74' lang='grc' dir='ltr'><strong>καὶ</strong></span> <span class='ocrx_word' id='word_1_492' title='bbox 605 3676 878 3745; x_wconf 73' lang='grc' dir='ltr'><strong>ἐξουσίας,</strong></span> <span class='ocrx_word' id='word_1_493' title='bbox 906 3679 1001 3734; x_wconf 78' lang='grc' dir='ltr'><strong>καὶ</strong></span> <span class='ocrx_word' id='word_1_494' title='bbox 1024 3681 1151 3744; x_wconf 82' lang='grc' dir='ltr'><strong>τοὺς</strong></span> <span class='ocrx_word' id='word_1_495' title='bbox 1183 3682 1641 3754; x_wconf 86' lang='grc' dir='ltr'><strong>κοσμοκράτορας</strong></span> <span class='ocrx_word' id='word_1_496' title='bbox 1667 3683 1763 3737; x_wconf 89' lang='grc' dir='ltr'><strong>τοῦ</strong></span> <span class='ocrx_word' id='word_1_497' title='bbox 1806 3685 1933 3738; x_wconf 81' lang='grc' dir='ltr'><strong>σκό-</strong></span> 
     </span>
    </p>
   </div>
   <div class='ocr_carea' id='block_1_69' title="bbox 306 3772 1932 3847">
    <p class='ocr_par' dir='ltr' id='par_1_69' title="bbox 306 3772 1932 3847">
     <span class='ocr_line' id='line_1_69' title="bbox 306 3772 1932 3847; baseline 0.002 -21"><span class='ocrx_word' id='word_1_498' title='bbox 306 3791 441 3838; x_wconf 83' lang='grc' dir='ltr'><strong>τους</strong></span> <span class='ocrx_word' id='word_1_499' title='bbox 474 3772 675 3826; x_wconf 75' lang='grc' dir='ltr'><strong>τούτου</strong></span> <span class='ocrx_word' id='word_1_500' title='bbox 706 3773 774 3827; x_wconf 83' lang='grc' dir='ltr'><strong>τὰ</strong></span> <span class='ocrx_word' id='word_1_501' title='bbox 813 3774 1167 3847; x_wconf 86' lang='grc' dir='ltr'><strong>πνευματικὰ</strong></span> <span class='ocrx_word' id='word_1_502' title='bbox 1218 3775 1318 3846; x_wconf 77' lang='grc' dir='ltr'><strong>τῆς</strong></span> <span class='ocrx_word' id='word_1_503' title='bbox 1348 3775 1637 3846; x_wconf 85' lang='grc' dir='ltr'><strong>πονηρίας,</strong></span> <span class='ocrx_word' id='word_1_504' title='bbox 1675 3775 1797 3830; x_wconf 88' lang='grc' dir='ltr'><strong>τότε</strong></span> <span class='ocrx_word' id='word_1_505' title='bbox 1827 3792 1932 3830; x_wconf 86' lang='grc' dir='ltr'><strong>πε-</strong></span> 
     </span>
    </p>
   </div>
   <div class='ocr_carea' id='block_1_70' title="bbox 308 3865 1933 3941">
    <p class='ocr_par' dir='ltr' id='par_1_70' title="bbox 308 3865 1933 3941">
     <span class='ocr_line' id='line_1_70' title="bbox 308 3865 1933 3941; baseline 0.004 -23"><span class='ocrx_word' id='word_1_506' title='bbox 308 3865 647 3939; x_wconf 68' lang='grc' dir='ltr'><strong>ριεσόμεθα,</strong></span> <span class='ocrx_word' id='word_1_507' title='bbox 683 3866 781 3920; x_wconf 73' lang='grc' dir='ltr'><strong>καὶ</strong></span> <span class='ocrx_word' id='word_1_508' title='bbox 822 3867 972 3938; x_wconf 80' lang='grc' dir='ltr'><strong>μάλα</strong></span> <span class='ocrx_word' id='word_1_509' title='bbox 1007 3865 1247 3938; x_wconf 82' lang='grc' dir='ltr'><strong>γοργῶς,</strong></span> <span class='ocrx_word' id='word_1_510' title='bbox 1297 3866 1408 3920; x_wconf 86' lang='grc' dir='ltr'><strong>τῶν</strong></span> <span class='ocrx_word' id='word_1_511' title='bbox 1454 3867 1700 3921; x_wconf 78' lang='grc' dir='ltr'><strong>ἐκτόπων</strong></span> <span class='ocrx_word' id='word_1_512' title='bbox 1729 3868 1933 3941; x_wconf 76' lang='grc' dir='ltr'><strong>ἡδονῶν</strong></span> 
     </span>
    </p>
   </div>
   <div class='ocr_carea' id='block_1_71' title="bbox 302 3958 1933 4033">
    <p class='ocr_par' dir='ltr' id='par_1_71' title="bbox 302 3958 1933 4033">
     <span class='ocr_line' id='line_1_71' title="bbox 302 3958 1933 4033; baseline 0.002 -21"><span class='ocrx_word' id='word_1_513' title='bbox 302 3960 408 4013; x_wconf 69' lang='grc' dir='ltr'><strong>καὶ</strong></span> <span class='ocrx_word' id='word_1_514' title='bbox 443 3958 562 4011; x_wconf 79' lang='grc' dir='ltr'><strong>τῶν</strong></span> <span class='ocrx_word' id='word_1_515' title='bbox 618 3958 725 4029; x_wconf 81' lang='grc' dir='ltr'><strong>τῆς</strong></span> <span class='ocrx_word' id='word_1_516' title='bbox 788 3962 992 4033; x_wconf 81' lang='grc' dir='ltr'><strong>σαρκὸς</strong></span> <span class='ocrx_word' id='word_1_517' title='bbox 1049 3960 1393 4031; x_wconf 85' lang='grc' dir='ltr'><strong>κινημάτων·</strong></span> <span class='ocrx_word' id='word_1_518' title='bbox 1450 3960 1575 4013; x_wconf 87' lang='grc' dir='ltr'><strong>τότε</strong></span> <span class='ocrx_word' id='word_1_519' title='bbox 1634 3960 1933 4033; x_wconf 75' lang='grc' dir='ltr'><strong>λογισμοὺς</strong></span> 
     </span>
    </p>
   </div>
   <div class='ocr_carea' id='block_1_72' title="bbox 303 4052 1932 4124">
    <p class='ocr_par' dir='ltr' id='par_1_72' title="bbox 303 4052 1932 4124">
     <span class='ocr_line' id='line_1_72' title="bbox 303 4052 1932 4124; baseline 0.003 -19"><span class='ocrx_word' id='word_1_520' title='bbox 303 4053 619 4124; x_wconf 69' lang='grc' dir='ltr'><strong>νικήσομεν</strong></span> <span class='ocrx_word' id='word_1_521' title='bbox 648 4054 946 4124; x_wconf 76' lang='grc' dir='ltr'><strong>πονηρους,</strong></span> <span class='ocrx_word' id='word_1_522' title='bbox 981 4053 1077 4106; x_wconf 76' lang='grc' dir='ltr'><strong>καὶ</strong></span> <span class='ocrx_word' id='word_1_523' title='bbox 1105 4052 1174 4106; x_wconf 73' lang='grc' dir='ltr'><strong>τὰ</strong></span> <span class='ocrx_word' id='word_1_524' title='bbox 1209 4052 1500 4122; x_wconf 82' lang='grc' dir='ltr'><strong>πνεύματα</strong></span> <span class='ocrx_word' id='word_1_525' title='bbox 1552 4053 1647 4107; x_wconf 90' lang='grc' dir='ltr'><strong>τοῦ</strong></span> <span class='ocrx_word' id='word_1_526' title='bbox 1681 4053 1932 4119; x_wconf 78' lang='grc' dir='ltr'><strong>ἐξουσιά-</strong></span> 
     </span>
    </p>
   </div>
   <div class='ocr_carea' id='block_1_73' title="bbox 301 4145 1932 4221">
    <p class='ocr_par' dir='ltr' id='par_1_73' title="bbox 301 4145 1932 4221">
     <span class='ocr_line' id='line_1_73' title="bbox 301 4145 1932 4221; baseline 0.004 -24"><span class='ocrx_word' id='word_1_527' title='bbox 301 4145 508 4210; x_wconf 81' lang='grc' dir='ltr'><strong>ζοντος</strong></span> <span class='ocrx_word' id='word_1_528' title='bbox 527 4145 629 4216; x_wconf 88' lang='grc' dir='ltr'><strong>οὐχ</strong></span> <span class='ocrx_word' id='word_1_529' title='bbox 652 4145 881 4218; x_wconf 84' lang='grc' dir='ltr'><strong>εὐρήσει</strong></span> <span class='ocrx_word' id='word_1_530' title='bbox 926 4146 1094 4200; x_wconf 83' lang='grc' dir='ltr'><strong>τόπον</strong></span> <span class='ocrx_word' id='word_1_531' title='bbox 1136 4148 1195 4200; x_wconf 85' lang='grc' dir='ltr'><strong>ἐν</strong></span> <span class='ocrx_word' id='word_1_532' title='bbox 1246 4148 1399 4218; x_wconf 76' lang='grc' dir='ltr'><strong>ἡμῖν.</strong></span> <span class='ocrx_word' id='word_1_533' title='bbox 1468 4148 1838 4221; x_wconf 86' lang='grc' dir='ltr'><strong>Ἠμεληκότες</strong></span> <span class='ocrx_word' id='word_1_534' title='bbox 1874 4148 1932 4203; x_wconf 77' lang='grc' dir='ltr'><strong>δὲ</strong></span> 
     </span>
    </p>
   </div>
   <div class='ocr_carea' id='block_1_74' title="bbox 297 4236 1933 4312">
    <p class='ocr_par' dir='ltr' id='par_1_74' title="bbox 297 4236 1933 4312">
     <span class='ocr_line' id='line_1_74' title="bbox 297 4236 1933 4312; baseline 0.004 -21"><span class='ocrx_word' id='word_1_535' title='bbox 297 4236 408 4291; x_wconf 80' lang='grc' dir='ltr'><strong>τοῦ</strong></span> <span class='ocrx_word' id='word_1_536' title='bbox 441 4238 810 4310; x_wconf 87' lang='grc' dir='ltr'><strong>προσκεῖσθαι</strong></span> <span class='ocrx_word' id='word_1_537' title='bbox 839 4237 982 4308; x_wconf 85' lang='grc' dir='ltr'><strong>Θεῷ,</strong></span> <span class='ocrx_word' id='word_1_538' title='bbox 1007 4239 1255 4303; x_wconf 87' lang='grc' dir='ltr'><strong>ἀσθενεῖς</strong></span> <span class='ocrx_word' id='word_1_539' title='bbox 1279 4240 1373 4294; x_wconf 72' lang='grc' dir='ltr'><strong>καὶ</strong></span> <span class='ocrx_word' id='word_1_540' title='bbox 1404 4239 1676 4312; x_wconf 79' lang='grc' dir='ltr'><strong>ἄνανδροι,</strong></span> <span class='ocrx_word' id='word_1_541' title='bbox 1709 4243 1804 4297; x_wconf 81' lang='grc' dir='ltr'><strong>καὶ</strong></span> <span class='ocrx_word' id='word_1_542' title='bbox 1827 4243 1933 4297; x_wconf 82' lang='grc' dir='ltr'><strong>ὑπὸ</strong></span> 
     </span>
    </p>
   </div>
   <div class='ocr_carea' id='block_1_75' title="bbox 301 4330 1933 4404">
    <p class='ocr_par' dir='ltr' id='par_1_75' title="bbox 301 4330 1933 4404">
     <span class='ocr_line' id='line_1_75' title="bbox 301 4330 1933 4404; baseline 0.004 -20"><span class='ocrx_word' id='word_1_543' title='bbox 301 4330 492 4395; x_wconf 82' lang='grc' dir='ltr'><strong>πόδας</strong></span> <span class='ocrx_word' id='word_1_544' title='bbox 522 4331 766 4402; x_wconf 76' lang='grc' dir='ltr'><strong>ἐσόμεθα</strong></span> <span class='ocrx_word' id='word_1_545' title='bbox 794 4331 903 4386; x_wconf 83' lang='grc' dir='ltr'><strong>τῶν</strong></span> <span class='ocrx_word' id='word_1_546' title='bbox 930 4332 1165 4404; x_wconf 83' lang='grc' dir='ltr'><strong>ἐχθρῶν,</strong></span> <span class='ocrx_word' id='word_1_547' title='bbox 1218 4333 1313 4387; x_wconf 74' lang='grc' dir='ltr'><strong>καὶ</strong></span> <span class='ocrx_word' id='word_1_548' title='bbox 1357 4332 1787 4389; x_wconf 80' lang='grc' dir='ltr'><strong>πλεονεκτοῦντα</strong></span> <span class='ocrx_word' id='word_1_549' title='bbox 1839 4334 1933 4391; x_wconf 85' lang='grc' dir='ltr'><strong>τὸν</strong></span> 
     </span>
    </p>
   </div>
   <div class='ocr_carea' id='block_1_76' title="bbox 300 4423 1335 4495">
    <p class='ocr_par' dir='ltr' id='par_1_76' title="bbox 300 4423 1335 4495">
     <span class='ocr_line' id='line_1_76' title="bbox 300 4423 1335 4495; baseline 0 -17"><span class='ocrx_word' id='word_1_550' title='bbox 300 4424 572 4478; x_wconf 79' lang='grc' dir='ltr'><strong>Σατανᾶν</strong></span> <span class='ocrx_word' id='word_1_551' title='bbox 602 4423 781 4487; x_wconf 78' lang='grc' dir='ltr'><strong>οὐδεὶς</strong></span> <span class='ocrx_word' id='word_1_552' title='bbox 810 4424 1077 4494; x_wconf 77' lang='grc' dir='ltr'><strong>ἀνακύψει</strong></span> <span class='ocrx_word' id='word_1_553' title='bbox 1110 4424 1335 4495; x_wconf 84' lang='grc' dir='ltr'><strong>τρόπος.</strong></span> 
     </span>
    </p>
   </div>
   <div class='ocr_carea' id='block_1_77' title="bbox 2037 3214 3638 3290">
    <p class='ocr_par' dir='ltr' id='par_1_77' title="bbox 2037 3214 3638 3290">
     <span class='ocr_line' id='line_1_77' title="bbox 2037 3214 3638 3290; baseline 0.002 -17"><span class='ocrx_word' id='word_1_554' title='bbox 2037 3216 2260 3290; x_wconf 68' lang='lat' dir='ltr'><strong>Egypti</strong></span> <span class='ocrx_word' id='word_1_555' title='bbox 2282 3214 2351 3272; x_wconf 66' lang='grc' dir='ltr'><strong>δι.</strong></span> <span class='ocrx_word' id='word_1_556' title='bbox 2388 3237 2407 3271; x_wconf 72' lang='grc' dir='ltr'><strong>ι</strong></span> <span class='ocrx_word' id='word_1_557' title='bbox 2442 3218 2672 3287; x_wconf 84' lang='lat' dir='ltr'><strong>Quando</strong></span> <span class='ocrx_word' id='word_1_558' title='bbox 2710 3220 2874 3289; x_wconf 79' lang='lat' dir='ltr'><strong>igitur</strong></span> <span class='ocrx_word' id='word_1_559' title='bbox 2903 3236 3025 3274; x_wconf 92' lang='lat' dir='ltr'><strong>cum</strong></span> <span class='ocrx_word' id='word_1_560' title='bbox 3056 3219 3166 3274; x_wconf 90' lang='lat' dir='ltr'><strong>Deo</strong></span> <span class='ocrx_word' id='word_1_561' title='bbox 3196 3234 3406 3284; x_wconf 85' lang='lat' dir='ltr'><strong>sumus.</strong></span> <span class='ocrx_word' id='word_1_562' title='bbox 3431 3214 3638 3289; x_wconf 51' lang='lat' dir='ltr'><strong>et&#39;qute</strong></span> 
     </span>
    </p>
   </div>
   <div class='ocr_carea' id='block_1_78' title="bbox 2038 3311 3637 3382">
    <p class='ocr_par' dir='ltr' id='par_1_78' title="bbox 2038 3311 3637 3382">
     <span class='ocr_line' id='line_1_78' title="bbox 2038 3311 3637 3382; baseline 0.001 -16"><span class='ocrx_word' id='word_1_563' title='bbox 2038 3313 2155 3380; x_wconf 82' lang='lat' dir='ltr'><strong>ejus</strong></span> <span class='ocrx_word' id='word_1_564' title='bbox 2204 3319 2333 3365; x_wconf 90' lang='lat' dir='ltr'><strong>sunt</strong></span> <span class='ocrx_word' id='word_1_565' title='bbox 2384 3312 2629 3366; x_wconf 85' lang='lat' dir='ltr'><strong>studiose</strong></span> <span class='ocrx_word' id='word_1_566' title='bbox 2675 3326 2962 3376; x_wconf 88' lang='lat' dir='ltr'><strong>curamus,</strong></span> <span class='ocrx_word' id='word_1_567' title='bbox 3008 3322 3063 3365; x_wconf 88' lang='lat' dir='ltr'><strong>et</strong></span> <span class='ocrx_word' id='word_1_568' title='bbox 3120 3311 3194 3366; x_wconf 87' lang='lat' dir='ltr'><strong>illi</strong></span> <span class='ocrx_word' id='word_1_569' title='bbox 3243 3321 3394 3382; x_wconf 79' lang='lat' dir='ltr'><strong>grata</strong></span> <span class='ocrx_word' id='word_1_570' title='bbox 3450 3312 3637 3368; x_wconf 76' lang='lat' dir='ltr'><strong>fat-ere</strong></span> 
     </span>
    </p>
   </div>
   <div class='ocr_carea' id='block_1_79' title="bbox 2037 3401 3636 3479">
    <p class='ocr_par' dir='ltr' id='par_1_79' title="bbox 2037 3401 3636 3479">
     <span class='ocr_line' id='line_1_79' title="bbox 2037 3401 3636 3479; baseline -0.001 -20"><span class='ocrx_word' id='word_1_571' title='bbox 2037 3403 2308 3479; x_wconf 86' lang='lat' dir='ltr'><strong>cupimus,</strong></span> <span class='ocrx_word' id='word_1_572' title='bbox 2333 3412 2463 3458; x_wconf 91' lang='lat' dir='ltr'><strong>tunc</strong></span> <span class='ocrx_word' id='word_1_573' title='bbox 2482 3401 2698 3473; x_wconf 85' lang='lat' dir='ltr'><strong>quidem</strong></span> <span class='ocrx_word' id='word_1_574' title='bbox 2720 3412 2848 3456; x_wconf 90' lang='lat' dir='ltr'><strong>tunc</strong></span> <span class='ocrx_word' id='word_1_575' title='bbox 2870 3401 3092 3455; x_wconf 91' lang='lat' dir='ltr'><strong>omnino</strong></span> <span class='ocrx_word' id='word_1_576' title='bbox 3111 3403 3419 3469; x_wconf 71' lang='lat' dir='ltr'><strong>Superiores</strong></span> <span class='ocrx_word' id='word_1_577' title='bbox 3431 3403 3636 3458; x_wconf 87' lang='lat' dir='ltr'><strong>erimus</strong></span> 
     </span>
    </p>
   </div>
   <div class='ocr_carea' id='block_1_80' title="bbox 2038 3495 3630 3567">
    <p class='ocr_par' dir='ltr' id='par_1_80' title="bbox 2038 3495 3630 3567">
     <span class='ocr_line' id='line_1_80' title="bbox 2038 3495 3630 3567; baseline 0.001 -17"><span class='ocrx_word' id='word_1_578' title='bbox 2038 3495 2319 3561; x_wconf 82' lang='lat' dir='ltr'><strong>hostibus,</strong></span> <span class='ocrx_word' id='word_1_579' title='bbox 2366 3502 2421 3550; x_wconf 88' lang='lat' dir='ltr'><strong>et</strong></span> <span class='ocrx_word' id='word_1_580' title='bbox 2469 3497 2837 3567; x_wconf 87' lang='lat' dir='ltr'><strong>principatus,</strong></span> <span class='ocrx_word' id='word_1_581' title='bbox 2879 3501 2934 3549; x_wconf 86' lang='lat' dir='ltr'><strong>et</strong></span> <span class='ocrx_word' id='word_1_582' title='bbox 2973 3504 3293 3566; x_wconf 84' lang='lat' dir='ltr'><strong>potestates,</strong></span> <span class='ocrx_word' id='word_1_583' title='bbox 3338 3507 3394 3550; x_wconf 89' lang='lat' dir='ltr'><strong>et</strong></span> <span class='ocrx_word' id='word_1_584' title='bbox 3445 3497 3630 3555; x_wconf 70' lang='lat' dir='ltr'><strong>munde</strong></span> 
     </span>
    </p>
   </div>
   <div class='ocr_carea' id='block_1_81' title="bbox 2038 3588 3633 3661">
    <p class='ocr_par' dir='ltr' id='par_1_81' title="bbox 2038 3588 3633 3661">
     <span class='ocr_line' id='line_1_81' title="bbox 2038 3588 3633 3661; baseline 0.001 -17"><span class='ocrx_word' id='word_1_585' title='bbox 2038 3588 2287 3644; x_wconf 87' lang='lat' dir='ltr'><strong>dominos</strong></span> <span class='ocrx_word' id='word_1_586' title='bbox 2338 3597 2583 3644; x_wconf 86' lang='lat' dir='ltr'><strong>rectores</strong></span> <span class='ocrx_word' id='word_1_587' title='bbox 2636 3588 2981 3642; x_wconf 88' lang='lat' dir='ltr'><strong>tenebrarum</strong></span> <span class='ocrx_word' id='word_1_588' title='bbox 3041 3588 3267 3653; x_wconf 84' lang='lat' dir='ltr'><strong>harum,</strong></span> <span class='ocrx_word' id='word_1_589' title='bbox 3313 3589 3633 3661; x_wconf 84' lang='lat' dir='ltr'><strong>.spiritualia</strong></span> 
     </span>
    </p>
   </div>
   <div class='ocr_carea' id='block_1_82' title="bbox 2038 3680 3635 3755">
    <p class='ocr_par' dir='ltr' id='par_1_82' title="bbox 2038 3680 3635 3755">
     <span class='ocr_line' id='line_1_82' title="bbox 2038 3680 3635 3755; baseline 0.003 -19"><span class='ocrx_word' id='word_1_590' title='bbox 2038 3682 2298 3752; x_wconf 59' lang='lat' dir='ltr'><strong>nequitia</strong></span> <span class='ocrx_word' id='word_1_591' title='bbox 2328 3680 2685 3748; x_wconf 86' lang='lat' dir='ltr'><strong>calcabiutus,</strong></span> <span class='ocrx_word' id='word_1_592' title='bbox 2724 3689 2854 3736; x_wconf 91' lang='lat' dir='ltr'><strong>tunc</strong></span> <span class='ocrx_word' id='word_1_593' title='bbox 2887 3681 3293 3751; x_wconf 88' lang='lat' dir='ltr'><strong>quamprimum</strong></span> <span class='ocrx_word' id='word_1_594' title='bbox 3319 3688 3635 3755; x_wconf 82' lang='lat' dir='ltr'><strong>subigentus</strong></span> 
     </span>
    </p>
   </div>
   <div class='ocr_carea' id='block_1_83' title="bbox 2038 3772 3636 3846">
    <p class='ocr_par' dir='ltr' id='par_1_83' title="bbox 2038 3772 3636 3846">
     <span class='ocr_line' id='line_1_83' title="bbox 2038 3772 3636 3846; baseline 0.004 -18"><span class='ocrx_word' id='word_1_595' title='bbox 2038 3783 2377 3830; x_wconf 86' lang='lat' dir='ltr'><strong>monstrosas</strong></span> <span class='ocrx_word' id='word_1_596' title='bbox 2404 3772 2713 3844; x_wconf 86' lang='lat' dir='ltr'><strong>voluptates</strong></span> <span class='ocrx_word' id='word_1_597' title='bbox 2747 3783 3035 3846; x_wconf 84' lang='lat' dir='ltr'><strong>motusque</strong></span> <span class='ocrx_word' id='word_1_598' title='bbox 3065 3778 3265 3843; x_wconf 85' lang='lat' dir='ltr'><strong>carnis,</strong></span> <span class='ocrx_word' id='word_1_599' title='bbox 3301 3788 3430 3833; x_wconf 90' lang='lat' dir='ltr'><strong>tunc</strong></span> <span class='ocrx_word' id='word_1_600' title='bbox 3466 3780 3636 3835; x_wconf 83' lang='lat' dir='ltr'><strong>ratio-</strong></span> 
     </span>
    </p>
   </div>
   <div class='ocr_carea' id='block_1_84' title="bbox 2037 3865 3638 3936">
    <p class='ocr_par' dir='ltr' id='par_1_84' title="bbox 2037 3865 3638 3936">
     <span class='ocr_line' id='line_1_84' title="bbox 2037 3865 3638 3936; baseline 0.003 -15"><span class='ocrx_word' id='word_1_601' title='bbox 2037 3865 2181 3921; x_wconf 88' lang='lat' dir='ltr'><strong>cinia</strong></span> <span class='ocrx_word' id='word_1_602' title='bbox 2212 3879 2468 3936; x_wconf 89' lang='lat' dir='ltr'><strong>perversa</strong></span> <span class='ocrx_word' id='word_1_603' title='bbox 2511 3866 2893 3934; x_wconf 87' lang='lat' dir='ltr'><strong>superabimus</strong></span> <span class='ocrx_word' id='word_1_604' title='bbox 2913 3906 2928 3931; x_wconf 87' lang='lat'><strong>,</strong></span> <span class='ocrx_word' id='word_1_605' title='bbox 2963 3875 3017 3920; x_wconf 90' lang='lat' dir='ltr'><strong>et</strong></span> <span class='ocrx_word' id='word_1_606' title='bbox 3049 3868 3276 3931; x_wconf 83' lang='lat' dir='ltr'><strong>spiritus</strong></span> <span class='ocrx_word' id='word_1_607' title='bbox 3306 3870 3638 3925; x_wconf 85' lang='lat' dir='ltr'><strong>dominantis</strong></span> 
     </span>
    </p>
   </div>
   <div class='ocr_carea' id='block_1_85' title="bbox 2038 3956 3638 4017">
    <p class='ocr_par' dir='ltr' id='par_1_85' title="bbox 2038 3956 3638 4017">
     <span class='ocr_line' id='line_1_85' title="bbox 2038 3956 3638 4017; baseline 0.004 -7"><span class='ocrx_word' id='word_1_608' title='bbox 2038 3972 2148 4013; x_wconf 90' lang='lat' dir='ltr'><strong>nou</strong></span> <span class='ocrx_word' id='word_1_609' title='bbox 2180 3957 2424 4013; x_wconf 88' lang='lat' dir='ltr'><strong>inveniet</strong></span> <span class='ocrx_word' id='word_1_610' title='bbox 2474 3957 2651 4012; x_wconf 90' lang='lat' dir='ltr'><strong>locum</strong></span> <span class='ocrx_word' id='word_1_611' title='bbox 2686 3956 2740 4011; x_wconf 91' lang='lat' dir='ltr'><strong>in</strong></span> <span class='ocrx_word' id='word_1_612' title='bbox 2781 3957 2955 4013; x_wconf 89' lang='lat' dir='ltr'><strong>nobis.</strong></span> <span class='ocrx_word' id='word_1_613' title='bbox 3009 3958 3080 4013; x_wconf 83' lang='lat' dir='ltr'><strong>At</strong></span> <span class='ocrx_word' id='word_1_614' title='bbox 3121 3960 3210 4014; x_wconf 88' lang='lat' dir='ltr'><strong>ubi</strong></span> <span class='ocrx_word' id='word_1_615' title='bbox 3262 3963 3638 4017; x_wconf 79' lang='lat' dir='ltr'><strong>adhaerescere</strong></span> 
     </span>
    </p>
   </div>
   <div class='ocr_carea' id='block_1_86' title="bbox 2037 4046 3635 4120">
    <p class='ocr_par' dir='ltr' id='par_1_86' title="bbox 2037 4046 3635 4120">
     <span class='ocr_line' id='line_1_86' title="bbox 2037 4046 3635 4120; baseline 0.006 -19"><span class='ocrx_word' id='word_1_616' title='bbox 2037 4046 2151 4102; x_wconf 86' lang='lat' dir='ltr'><strong>Deo</strong></span> <span class='ocrx_word' id='word_1_617' title='bbox 2178 4048 2526 4119; x_wconf 74' lang='lat' dir='ltr'><strong>negligimus,</strong></span> <span class='ocrx_word' id='word_1_618' title='bbox 2558 4048 2860 4104; x_wconf 85' lang='lat' dir='ltr'><strong>imbecilles</strong></span> <span class='ocrx_word' id='word_1_619' title='bbox 2882 4065 3096 4114; x_wconf 85' lang='lat' dir='ltr'><strong>sumus,</strong></span> <span class='ocrx_word' id='word_1_620' title='bbox 3121 4062 3176 4105; x_wconf 87' lang='lat' dir='ltr'><strong>et</strong></span> <span class='ocrx_word' id='word_1_621' title='bbox 3200 4068 3390 4120; x_wconf 85' lang='lat' dir='ltr'><strong>parum</strong></span> <span class='ocrx_word' id='word_1_622' title='bbox 3423 4054 3635 4120; x_wconf 82' lang='lat' dir='ltr'><strong>viriles,</strong></span> 
     </span>
    </p>
   </div>
   <div class='ocr_carea' id='block_1_87' title="bbox 2038 4140 3638 4214">
    <p class='ocr_par' dir='ltr' id='par_1_87' title="bbox 2038 4140 3638 4214">
     <span class='ocr_line' id='line_1_87' title="bbox 2038 4140 3638 4214; baseline 0.004 -19"><span class='ocrx_word' id='word_1_623' title='bbox 2038 4148 2094 4195; x_wconf 90' lang='lat' dir='ltr'><strong>et</strong></span> <span class='ocrx_word' id='word_1_624' title='bbox 2123 4143 2352 4210; x_wconf 88' lang='lat' dir='ltr'><strong>pedibus</strong></span> <span class='ocrx_word' id='word_1_625' title='bbox 2394 4140 2740 4197; x_wconf 90' lang='lat' dir='ltr'><strong>inimicorum</strong></span> <span class='ocrx_word' id='word_1_626' title='bbox 2794 4141 3189 4210; x_wconf 87' lang='lat' dir='ltr'><strong>subjiciemur,</strong></span> <span class='ocrx_word' id='word_1_627' title='bbox 3238 4153 3291 4198; x_wconf 88' lang='lat' dir='ltr'><strong>et</strong></span> <span class='ocrx_word' id='word_1_628' title='bbox 3332 4147 3638 4214; x_wconf 68' lang='lat' dir='ltr'><strong>praevalen-</strong></span> 
     </span>
    </p>
   </div>
   <div class='ocr_carea' id='block_1_88' title="bbox 2037 4230 3639 4304">
    <p class='ocr_par' dir='ltr' id='par_1_88' title="bbox 2037 4230 3639 4304">
     <span class='ocr_line' id='line_1_88' title="bbox 2037 4230 3639 4304; baseline 0.002 -17"><span class='ocrx_word' id='word_1_629' title='bbox 2037 4240 2148 4287; x_wconf 87' lang='lat' dir='ltr'><strong>tem</strong></span> <span class='ocrx_word' id='word_1_630' title='bbox 2201 4230 2463 4286; x_wconf 87' lang='lat' dir='ltr'><strong>Satanam</strong></span> <span class='ocrx_word' id='word_1_631' title='bbox 2526 4231 2675 4287; x_wconf 88' lang='lat' dir='ltr'><strong>nulla</strong></span> <span class='ocrx_word' id='word_1_632' title='bbox 2729 4232 2870 4286; x_wconf 88' lang='lat' dir='ltr'><strong>ratio</strong></span> <span class='ocrx_word' id='word_1_633' title='bbox 2924 4230 3219 4304; x_wconf 77' lang='lat' dir='ltr'><strong>infringere</strong></span> <span class='ocrx_word' id='word_1_634' title='bbox 3277 4238 3479 4304; x_wconf 83' lang='lat' dir='ltr'><strong>poterit</strong></span> <span class='ocrx_word' id='word_1_635' title='bbox 3545 4246 3639 4291; x_wconf 89' lang='lat' dir='ltr'><strong>aut</strong></span> 
     </span>
    </p>
   </div>
   <div class='ocr_carea' id='block_1_89' title="bbox 2038 4323 2323 4394">
    <p class='ocr_par' dir='ltr' id='par_1_89' title="bbox 2038 4323 2323 4394">
     <span class='ocr_line' id='line_1_89' title="bbox 2038 4323 2323 4394; baseline -0.007 -14"><span class='ocrx_word' id='word_1_636' title='bbox 2038 4323 2323 4394; x_wconf 89' lang='lat' dir='ltr'><strong>impedire.</strong></span> 
     </span>
    </p>
   </div>
   <div class='ocr_carea' id='block_1_90' title="bbox 382 4468 1933 4588">
    <p class='ocr_par' dir='ltr' id='par_1_90' title="bbox 382 4468 1925 4588">
     <span class='ocr_line' id='line_1_90' title="bbox 382 4468 1335 4495; baseline 0.002 -19"><span class='ocrx_word' id='word_1_637' title='bbox 382 4468 566 4477; x_wconf 61' lang='grc' dir='ltr'><strong>.--ην</strong></span> <span class='ocrx_word' id='word_1_638' title='bbox 607 4468 777 4487; x_wconf 71' lang='lat'><strong>----.,</strong></span> <span class='ocrx_word' id='word_1_639' title='bbox 811 4468 1077 4494; x_wconf 57' lang='grc' dir='ltr'><strong>...ηηγη</strong></span> <span class='ocrx_word' id='word_1_640' title='bbox 1122 4468 1335 4495; x_wconf 49' lang='lat' dir='ltr'><strong>Tm...</strong></span> 
     </span>
     <span class='ocr_line' id='line_1_91' title="bbox 382 4492 1925 4588; baseline 0.002 -16"><span class='ocrx_word' id='word_1_641' title='bbox 382 4517 497 4572; x_wconf 85' lang='grc' dir='ltr'><strong>Διά</strong></span> <span class='ocrx_word' id='word_1_642' title='bbox 545 4516 726 4571; x_wconf 85' lang='grc' dir='ltr'><strong>τοῦτο</strong></span> <span class='ocrx_word' id='word_1_643' title='bbox 781 4517 1112 4587; x_wconf 76' lang='grc' dir='ltr'><strong>φυτεύσεις</strong></span> <span class='ocrx_word' id='word_1_644' title='bbox 1169 4492 1446 4588; x_wconf 68' lang='grc' dir='ltr'><strong>φύτευμᾶ</strong></span> <span class='ocrx_word' id='word_1_645' title='bbox 1496 4518 1780 4584; x_wconf 74' lang='grc' dir='ltr'><strong>ἄπιστον,</strong></span> <span class='ocrx_word' id='word_1_646' title='bbox 1826 4520 1925 4575; x_wconf 79' lang='grc' dir='ltr'><strong>καί</strong></span> 
     </span>
    </p>
   </div>
   <div class='ocr_carea' id='block_1_91' title="bbox 2040 4468 3637 4588">
    <p class='ocr_par' dir='ltr' id='par_1_91' title="bbox 2110 4468 3637 4573">
     <span class='ocr_line' id='line_1_92' title="bbox 2110 4468 3637 4573; baseline -0.001 -18"><span class='ocrx_word' id='word_1_647' title='bbox 2110 4499 2278 4555; x_wconf 66' lang='lat' dir='ltr'><strong>Vens.</strong></span> <span class='ocrx_word' id='word_1_648' title='bbox 2324 4499 2409 4555; x_wconf 83' lang='grc' dir='ltr'><strong>Η.</strong></span> <span class='ocrx_word' id='word_1_649' title='bbox 2452 4500 2745 4568; x_wconf 78' lang='lat' dir='ltr'><strong>Propterea</strong></span> <span class='ocrx_word' id='word_1_650' title='bbox 2787 4468 3050 4569; x_wconf 73' lang='grc' dir='ltr'><strong>ρίαηιαίιίε</strong></span> <span class='ocrx_word' id='word_1_651' title='bbox 3089 4499 3473 4569; x_wconf 83' lang='lat' dir='ltr'><strong>platttatlonem</strong></span> <span class='ocrx_word' id='word_1_652' title='bbox 3512 4503 3637 4573; x_wconf 78' lang='lat' dir='ltr'><strong>inﬁ-</strong></span> 
     </span>
    </p>
   </div>
   <div class='ocr_carea' id='block_1_92' title="bbox 300 4607 1924 4683">
    <p class='ocr_par' dir='ltr' id='par_1_92' title="bbox 300 4607 1924 4683">
     <span class='ocr_line' id='line_1_93' title="bbox 300 4607 1924 4683; baseline -0.001 -16"><span class='ocrx_word' id='word_1_653' title='bbox 300 4611 563 4680; x_wconf 77' lang='grc' dir='ltr'><strong>σπέρμα</strong></span> <span class='ocrx_word' id='word_1_654' title='bbox 587 4609 874 4665; x_wconf 78' lang='grc' dir='ltr'><strong>ἄπιστον.</strong></span> <span class='ocrx_word' id='word_1_655' title='bbox 914 4609 994 4680; x_wconf 77' lang='grc' dir='ltr'><strong>Τῇ</strong></span> <span class='ocrx_word' id='word_1_656' title='bbox 1020 4610 1090 4664; x_wconf 82' lang='grc' dir='ltr'><strong>δὲ</strong></span> <span class='ocrx_word' id='word_1_657' title='bbox 1122 4610 1334 4680; x_wconf 72' lang='grc' dir='ltr'><strong>ἡμέρᾳ,</strong></span> <span class='ocrx_word' id='word_1_658' title='bbox 1367 4607 1407 4683; x_wconf 82' lang='grc' dir='ltr'><strong><em>ᾖ</em></strong></span> <span class='ocrx_word' id='word_1_659' title='bbox 1441 4611 1520 4666; x_wconf 77' lang='grc' dir='ltr'><strong>ἂν</strong></span> <span class='ocrx_word' id='word_1_660' title='bbox 1552 4614 1924 4682; x_wconf 69' lang='grc' dir='ltr'><strong>φυτεύσεις,</strong></span> 
     </span>
    </p>
   </div>
   <div class='ocr_carea' id='block_1_93' title="bbox 301 4702 1930 4773">
    <p class='ocr_par' dir='ltr' id='par_1_93' title="bbox 301 4702 1930 4773">
     <span class='ocr_line' id='line_1_94' title="bbox 301 4702 1930 4773; baseline -0.001 -14"><span class='ocrx_word' id='word_1_661' title='bbox 301 4702 718 4771; x_wconf 72' lang='grc' dir='ltr'><strong>πλανηθήσῃ.</strong></span> <span class='ocrx_word' id='word_1_662' title='bbox 756 4702 829 4757; x_wconf 87' lang='grc' dir='ltr'><em>Τὸ</em></span> <span class='ocrx_word' id='word_1_663' title='bbox 868 4702 938 4756; x_wconf 84' lang='grc' dir='ltr'><strong>δὲ</strong></span> <span class='ocrx_word' id='word_1_664' title='bbox 996 4703 1151 4773; x_wconf 75' lang='grc' dir='ltr'><strong>πρωῒ</strong></span> <span class='ocrx_word' id='word_1_665' title='bbox 1182 4704 1293 4757; x_wconf 77' lang='grc' dir='ltr'><strong>ἐὰν</strong></span> <span class='ocrx_word' id='word_1_666' title='bbox 1338 4704 1614 4773; x_wconf 74' lang='grc' dir='ltr'><strong>σπείρης,</strong></span> <span class='ocrx_word' id='word_1_667' title='bbox 1675 4704 1930 4770; x_wconf 76' lang='grc' dir='ltr'><strong>ἀνθήσει</strong></span> 
     </span>
    </p>
   </div>
   <div class='ocr_carea' id='block_1_94' title="bbox 300 4788 1929 4867">
    <p class='ocr_par' dir='ltr' id='par_1_94' title="bbox 300 4788 1929 4867">
     <span class='ocr_line' id='line_1_95' title="bbox 300 4788 1929 4867; baseline -0.001 -15"><span class='ocrx_word' id='word_1_668' title='bbox 300 4800 399 4864; x_wconf 82' lang='grc' dir='ltr'><strong>εις</strong></span> <span class='ocrx_word' id='word_1_669' title='bbox 428 4794 692 4864; x_wconf 77' lang='grc' dir='ltr'><strong>ἀμητόν,</strong></span> <span class='ocrx_word' id='word_1_670' title='bbox 714 4788 755 4867; x_wconf 80' lang='grc' dir='ltr'><em>ᾗ</em></span> <span class='ocrx_word' id='word_1_671' title='bbox 787 4794 866 4849; x_wconf 83' lang='grc' dir='ltr'><strong>ἂν</strong></span> <span class='ocrx_word' id='word_1_672' title='bbox 895 4794 1087 4864; x_wconf 77' lang='grc' dir='ltr'><strong>ἡμέρᾳ</strong></span> <span class='ocrx_word' id='word_1_673' title='bbox 1134 4793 1446 4864; x_wconf 70' lang='grc' dir='ltr'><strong>πληρώσῃ,</strong></span> <span class='ocrx_word' id='word_1_674' title='bbox 1492 4795 1589 4848; x_wconf 80' lang='grc' dir='ltr'><strong>καί</strong></span> <span class='ocrx_word' id='word_1_675' title='bbox 1620 4795 1701 4861; x_wconf 85' lang='grc' dir='ltr'><strong>ὡς</strong></span> <span class='ocrx_word' id='word_1_676' title='bbox 1731 4794 1929 4865; x_wconf 78' lang='grc' dir='ltr'><strong>πατὴρ</strong></span> 
     </span>
    </p>
   </div>
   <div class='ocr_carea' id='block_1_95' title="bbox 300 4884 1512 4955">
    <p class='ocr_par' dir='ltr' id='par_1_95' title="bbox 300 4884 1512 4955">
     <span class='ocr_line' id='line_1_96' title="bbox 300 4884 1512 4955; baseline -0.007 -12"><span class='ocrx_word' id='word_1_677' title='bbox 300 4885 641 4955; x_wconf 79' lang='grc' dir='ltr'><strong>ἀνθρώπου</strong></span> <span class='ocrx_word' id='word_1_678' title='bbox 662 4884 954 4953; x_wconf 71' lang='grc' dir='ltr'><strong>πληρώσῃ</strong></span> <span class='ocrx_word' id='word_1_679' title='bbox 978 4884 1123 4950; x_wconf 79' lang='grc' dir='ltr'><strong>τοὺς</strong></span> <span class='ocrx_word' id='word_1_680' title='bbox 1152 4884 1324 4950; x_wconf 75' lang='grc' dir='ltr'><strong>υἱούς</strong></span> <span class='ocrx_word' id='word_1_681' title='bbox 1374 4900 1512 4937; x_wconf 88' lang='grc' dir='ltr'><strong>σου.</strong></span> 
     </span>
    </p>
   </div>
   <div class='ocr_carea' id='block_1_96' title="bbox 390 4976 1925 5049">
    <p class='ocr_par' dir='ltr' id='par_1_96' title="bbox 390 4976 1925 5049">
     <span class='ocr_line' id='line_1_97' title="bbox 390 4976 1925 5049; baseline 0 -17"><span class='ocrx_word' id='word_1_682' title='bbox 390 4978 674 5049; x_wconf 81' lang='grc' dir='ltr'><strong>Ἀσαφείᾳ</strong></span> <span class='ocrx_word' id='word_1_683' title='bbox 697 4976 868 5047; x_wconf 82' lang='grc' dir='ltr'><strong>πολλῇ</strong></span> <span class='ocrx_word' id='word_1_684' title='bbox 899 4976 1404 5049; x_wconf 79' lang='grc' dir='ltr'><strong>κατημφιασμένην</strong></span> <span class='ocrx_word' id='word_1_685' title='bbox 1432 4976 1526 5030; x_wconf 85' lang='grc' dir='ltr'><strong>τοῦ</strong></span> <span class='ocrx_word' id='word_1_686' title='bbox 1559 4978 1925 5049; x_wconf 81' lang='grc' dir='ltr'><strong>προκειμένου</strong></span> 
     </span>
    </p>
   </div>
   <div class='ocr_carea' id='block_1_97' title="bbox 298 5065 1927 5144">
    <p class='ocr_par' dir='ltr' id='par_1_97' title="bbox 298 5065 1927 5144">
     <span class='ocr_line' id='line_1_98' title="bbox 298 5065 1927 5144; baseline -0.001 -20"><span class='ocrx_word' id='word_1_687' title='bbox 298 5072 407 5144; x_wconf 74' lang='grc' dir='ltr'><strong>τὴν</strong></span> <span class='ocrx_word' id='word_1_688' title='bbox 451 5070 672 5123; x_wconf 77' lang='grc' dir='ltr'><strong>ἔννοιαν</strong></span> <span class='ocrx_word' id='word_1_689' title='bbox 725 5065 1055 5139; x_wconf 87' lang='grc' dir='ltr'><strong>διατρανοῦν</strong></span> <span class='ocrx_word' id='word_1_690' title='bbox 1111 5066 1187 5130; x_wconf 86' lang='grc' dir='ltr'><strong>ὡς</strong></span> <span class='ocrx_word' id='word_1_691' title='bbox 1232 5066 1312 5120; x_wconf 76' lang='grc' dir='ltr'><strong>ενι</strong></span> <span class='ocrx_word' id='word_1_692' title='bbox 1371 5065 1728 5139; x_wconf 83' lang='grc' dir='ltr'><strong>πειράσομαι.</strong></span> <span class='ocrx_word' id='word_1_693' title='bbox 1769 5067 1927 5123; x_wconf 85' lang='grc' dir='ltr'><strong>Ἔστι</strong></span> 
     </span>
    </p>
   </div>
   <div class='ocr_carea' id='block_1_98' title="bbox 296 5156 1927 5231">
    <p class='ocr_par' dir='ltr' id='par_1_98' title="bbox 296 5156 1927 5231">
     <span class='ocr_line' id='line_1_99' title="bbox 296 5156 1927 5231; baseline -0.002 -14"><span class='ocrx_word' id='word_1_694' title='bbox 296 5165 500 5217; x_wconf 78' lang='grc' dir='ltr'><strong>τοίνυν</strong></span> <span class='ocrx_word' id='word_1_695' title='bbox 535 5161 567 5214; x_wconf 84' lang='grc' dir='ltr'><strong>ὃ</strong></span> <span class='ocrx_word' id='word_1_696' title='bbox 597 5175 733 5231; x_wconf 70' lang='grc' dir='ltr'><strong>φησι</strong></span> <span class='ocrx_word' id='word_1_697' title='bbox 755 5158 1019 5212; x_wconf 86' lang='grc' dir='ltr'><strong>τοιοῦτον·</strong></span> <span class='ocrx_word' id='word_1_698' title='bbox 1049 5156 1270 5219; x_wconf 65' lang='lat' dir='ltr'><strong>«ream</strong></span> <span class='ocrx_word' id='word_1_699' title='bbox 1301 5157 1460 5229; x_wconf 75' lang='grc' dir='ltr'><strong>ἔφην,</strong></span> <span class='ocrx_word' id='word_1_700' title='bbox 1492 5160 1576 5211; x_wconf 80' lang='grc' dir='ltr'><strong>ὅτι</strong></span> <span class='ocrx_word' id='word_1_701' title='bbox 1616 5157 1927 5225; x_wconf 74' lang='grc' dir='ltr'><strong>πλανῶντες</strong></span> 
     </span>
    </p>
   </div>
   <div class='ocr_carea' id='block_1_99' title="bbox 296 5248 1928 5322">
    <p class='ocr_par' dir='ltr' id='par_1_99' title="bbox 296 5248 1928 5322">
     <span class='ocr_line' id='line_1_100' title="bbox 296 5248 1928 5322; baseline -0.002 -15"><span class='ocrx_word' id='word_1_702' title='bbox 296 5260 366 5307; x_wconf 79' lang='grc' dir='ltr'><strong>τε</strong></span> <span class='ocrx_word' id='word_1_703' title='bbox 397 5253 500 5306; x_wconf 64' lang='grc' dir='ltr'><strong>καὶ</strong></span> <span class='ocrx_word' id='word_1_704' title='bbox 528 5249 903 5322; x_wconf 84' lang='grc' dir='ltr'><strong>πλανώμενοι,</strong></span> <span class='ocrx_word' id='word_1_705' title='bbox 936 5249 1032 5303; x_wconf 73' lang='grc' dir='ltr'><strong>καὶ</strong></span> <span class='ocrx_word' id='word_1_706' title='bbox 1062 5249 1394 5321; x_wconf 84' lang='grc' dir='ltr'><strong>φρονοῦντες</strong></span> <span class='ocrx_word' id='word_1_707' title='bbox 1439 5249 1475 5304; x_wconf 78' lang='grc' dir='ltr'><strong>ἃ</strong></span> <span class='ocrx_word' id='word_1_708' title='bbox 1509 5250 1584 5321; x_wconf 75' lang='grc' dir='ltr'><strong>μὴ</strong></span> <span class='ocrx_word' id='word_1_709' title='bbox 1610 5249 1768 5320; x_wconf 85' lang='grc' dir='ltr'><strong>θέμις</strong></span> <span class='ocrx_word' id='word_1_710' title='bbox 1790 5252 1841 5304; x_wconf 84' lang='lat' dir='ltr'><strong>oi.</strong></span> <span class='ocrx_word' id='word_1_711' title='bbox 1867 5248 1928 5319; x_wconf 78' lang='grc' dir='ltr'><strong>ἐξ</strong></span> 
     </span>
    </p>
   </div>
   <div class='ocr_carea' id='block_1_100' title="bbox 311 5337 1927 5417">
    <p class='ocr_par' dir='ltr' id='par_1_100' title="bbox 311 5337 1927 5417">
     <span class='ocr_line' id='line_1_101' title="bbox 311 5337 1927 5417; baseline -0.004 -19"><span class='ocrx_word' id='word_1_712' title='bbox 311 5342 550 5417; x_wconf 79' lang='grc' dir='ltr'><strong>Ἰσραὴλ</strong></span> <span class='ocrx_word' id='word_1_713' title='bbox 579 5341 772 5411; x_wconf 57' lang='grc' dir='ltr'><strong>(ἤγουν</strong></span> <span class='ocrx_word' id='word_1_714' title='bbox 802 5340 833 5393; x_wconf 83' lang='grc' dir='ltr'><strong>ό</strong></span> <span class='ocrx_word' id='word_1_715' title='bbox 870 5338 1133 5411; x_wconf 79' lang='grc' dir='ltr'><strong>Ἐφραῒμ,</strong></span> <span class='ocrx_word' id='word_1_716' title='bbox 1165 5338 1253 5393; x_wconf 75' lang='grc' dir='ltr'><strong>ἵνα</strong></span> <span class='ocrx_word' id='word_1_717' title='bbox 1306 5338 1404 5402; x_wconf 86' lang='grc' dir='ltr'><strong>τὰς</strong></span> <span class='ocrx_word' id='word_1_718' title='bbox 1431 5337 1564 5391; x_wconf 85' lang='grc' dir='ltr'><strong>δέκα</strong></span> <span class='ocrx_word' id='word_1_719' title='bbox 1593 5338 1796 5410; x_wconf 77' lang='grc' dir='ltr'><strong>νοήσῃς</strong></span> <span class='ocrx_word' id='word_1_720' title='bbox 1821 5355 1927 5406; x_wconf 87' lang='grc' dir='ltr'><strong>φυ-</strong></span> 
     </span>
    </p>
   </div>
   <div class='ocr_carea' id='block_1_101' title="bbox 295 5430 1929 5507">
    <p class='ocr_par' dir='ltr' id='par_1_101' title="bbox 295 5430 1929 5507">
     <span class='ocr_line' id='line_1_102' title="bbox 295 5430 1929 5507; baseline -0.005 -15"><span class='ocrx_word' id='word_1_721' title='bbox 295 5441 429 5503; x_wconf 71' lang='grc' dir='ltr'><strong>λὰς,</strong></span> <span class='ocrx_word' id='word_1_722' title='bbox 491 5437 595 5500; x_wconf 75' lang='grc' dir='ltr'><strong>τὰς</strong></span> <span class='ocrx_word' id='word_1_723' title='bbox 645 5438 704 5489; x_wconf 78' lang='grc' dir='ltr'><strong>ὲν</strong></span> <span class='ocrx_word' id='word_1_724' title='bbox 757 5437 826 5507; x_wconf 78' lang='grc' dir='ltr'><strong>τῇ</strong></span> <span class='ocrx_word' id='word_1_725' title='bbox 862 5433 1150 5505; x_wconf 76' lang='grc' dir='ltr'><strong>Σαμαρείᾳ</strong></span> <span class='ocrx_word' id='word_1_726' title='bbox 1204 5431 1671 5505; x_wconf 84' lang='grc' dir='ltr'><strong>μετῳκισμένας),</strong></span> <span class='ocrx_word' id='word_1_727' title='bbox 1718 5430 1929 5505; x_wconf 75' lang='grc' dir='ltr'><strong>ὑψηλὴν</strong></span> 
     </span>
    </p>
   </div>
   <div class='ocr_carea' id='block_1_102' title="bbox 300 5522 1926 5602">
    <p class='ocr_par' dir='ltr' id='par_1_102' title="bbox 300 5522 1926 5602">
     <span class='ocr_line' id='line_1_103' title="bbox 300 5522 1926 5602; baseline 0.001 -24"><span class='ocrx_word' id='word_1_728' title='bbox 300 5529 461 5602; x_wconf 68' lang='grc' dir='ltr'><strong>εἶχον</strong></span> <span class='ocrx_word' id='word_1_729' title='bbox 516 5529 621 5600; x_wconf 73' lang='grc' dir='ltr'><strong>τὴν</strong></span> <span class='ocrx_word' id='word_1_730' title='bbox 658 5527 858 5599; x_wconf 75' lang='grc' dir='ltr'><strong>ὀφρῦν,</strong></span> <span class='ocrx_word' id='word_1_731' title='bbox 913 5524 1085 5597; x_wconf 75' lang='grc' dir='ltr'><strong>ᾤοντο</strong></span> <span class='ocrx_word' id='word_1_732' title='bbox 1124 5525 1182 5579; x_wconf 81' lang='grc' dir='ltr'><strong>δέ</strong></span> <span class='ocrx_word' id='word_1_733' title='bbox 1230 5523 1440 5596; x_wconf 84' lang='grc' dir='ltr'><strong>μηδένα</strong></span> <span class='ocrx_word' id='word_1_734' title='bbox 1488 5522 1772 5587; x_wconf 87' lang='grc' dir='ltr'><strong>παντελῶς</strong></span> <span class='ocrx_word' id='word_1_735' title='bbox 1817 5523 1926 5579; x_wconf 89' lang='grc' dir='ltr'><strong>τῶν</strong></span> 
     </span>
    </p>
   </div>
   <div class='ocr_carea' id='block_1_103' title="bbox 297 5615 1925 5692">
    <p class='ocr_par' dir='ltr' id='par_1_103' title="bbox 297 5615 1925 5692">
     <span class='ocr_line' id='line_1_104' title="bbox 297 5615 1925 5692; baseline -0.004 -17"><span class='ocrx_word' id='word_1_736' title='bbox 297 5619 529 5692; x_wconf 64' lang='grc' dir='ltr'><strong>ἐχθρῶν</strong></span> <span class='ocrx_word' id='word_1_737' title='bbox 579 5619 680 5688; x_wconf 74' lang='grc' dir='ltr'><strong>τῆς</strong></span> <span class='ocrx_word' id='word_1_738' title='bbox 705 5615 891 5673; x_wconf 89' lang='grc' dir='ltr'><strong>αὐτῶν</strong></span> <span class='ocrx_word' id='word_1_739' title='bbox 924 5615 1188 5671; x_wconf 74' lang='grc' dir='ltr'><strong>δύνασθαι</strong></span> <span class='ocrx_word' id='word_1_740' title='bbox 1208 5615 1692 5688; x_wconf 77' lang='grc' dir='ltr'><strong>κατευμεγεοῆσαι</strong></span> <span class='ocrx_word' id='word_1_741' title='bbox 1717 5617 1925 5690; x_wconf 78' lang='grc' dir='ltr'><strong>χειρὸς,</strong></span> 
     </span>
    </p>
   </div>
   <div class='ocr_carea' id='block_1_104' title="bbox 299 5705 1925 5783">
    <p class='ocr_par' dir='ltr' id='par_1_104' title="bbox 299 5705 1925 5783">
     <span class='ocr_line' id='line_1_105' title="bbox 299 5705 1925 5783; baseline 0.003 -20"><span class='ocrx_word' id='word_1_742' title='bbox 299 5712 489 5779; x_wconf 63' lang='lat' dir='ltr'><strong>tndem</strong></span> <span class='ocrx_word' id='word_1_743' title='bbox 528 5712 590 5763; x_wconf 73' lang='grc' dir='ltr'><strong>τὸ</strong></span> <span class='ocrx_word' id='word_1_744' title='bbox 620 5710 1033 5783; x_wconf 72' lang='grc' dir='ltr'><strong>ἀναριθμήτους</strong></span> <span class='ocrx_word' id='word_1_745' title='bbox 1093 5705 1233 5764; x_wconf 79' lang='grc' dir='ltr'><strong>εἶναι</strong></span> <span class='ocrx_word' id='word_1_746' title='bbox 1284 5708 1379 5763; x_wconf 75' lang='grc' dir='ltr'><strong>καὶ</strong></span> <span class='ocrx_word' id='word_1_747' title='bbox 1433 5709 1641 5782; x_wconf 83' lang='grc' dir='ltr'><strong>σφόδρα</strong></span> <span class='ocrx_word' id='word_1_748' title='bbox 1672 5709 1925 5775; x_wconf 75' lang='grc' dir='ltr'><strong>πολλούς.</strong></span> 
     </span>
    </p>
   </div>
   <div class='ocr_carea' id='block_1_105' title="bbox 376 5828 954 5891">
    <p class='ocr_par' dir='ltr' id='par_1_105' title="bbox 376 5828 954 5891">
     <span class='ocr_line' id='line_1_106' title="bbox 376 5828 954 5891; baseline -0.003 -7"><span class='ocrx_word' id='word_1_749' title='bbox 376 5833 423 5869; x_wconf 64' lang='grc' dir='ltr'><strong>δι</strong></span> <span class='ocrx_word' id='word_1_750' title='bbox 462 5828 637 5884; x_wconf 58' lang='lat' dir='ltr'><strong>Exod.</strong></span> <span class='ocrx_word' id='word_1_751' title='bbox 687 5844 860 5891; x_wconf 67' lang='lat' dir='ltr'><strong>xxxv,</strong></span> <span class='ocrx_word' id='word_1_752' title='bbox 900 5828 954 5882; x_wconf 55' lang='lat' dir='ltr'><strong>de</strong></span> 
     </span>
    </p>
   </div>
   <div class='ocr_carea' id='block_1_106' title="bbox 2027 4591 3633 4663">
    <p class='ocr_par' dir='ltr' id='par_1_106' title="bbox 2027 4591 3633 4663">
     <span class='ocr_line' id='line_1_107' title="bbox 2027 4591 3633 4663; baseline 0.001 -16"><span class='ocrx_word' id='word_1_753' title='bbox 2027 4592 2219 4656; x_wconf 84' lang='lat' dir='ltr'><strong>delem,</strong></span> <span class='ocrx_word' id='word_1_754' title='bbox 2252 4601 2300 4645; x_wconf 84' lang='lat' dir='ltr'><strong>et</strong></span> <span class='ocrx_word' id='word_1_755' title='bbox 2330 4608 2507 4646; x_wconf 73' lang='lat' dir='ltr'><strong>semen</strong></span> <span class='ocrx_word' id='word_1_756' title='bbox 2540 4591 2753 4661; x_wconf 79' lang='lat' dir='ltr'><strong>inﬁdele</strong></span> <span class='ocrx_word' id='word_1_757' title='bbox 2780 4607 2798 4645; x_wconf 91' lang='lat'><strong><em>:</em></strong></span> <span class='ocrx_word' id='word_1_758' title='bbox 2828 4592 2914 4646; x_wconf 79' lang='lat' dir='ltr'><strong>die</strong></span> <span class='ocrx_word' id='word_1_759' title='bbox 2947 4608 3052 4663; x_wconf 85' lang='lat' dir='ltr'><strong>qua</strong></span> <span class='ocrx_word' id='word_1_760' title='bbox 3081 4593 3373 4663; x_wconf 78' lang='lat' dir='ltr'><strong>plmttabt‘s,</strong></span> <span class='ocrx_word' id='word_1_761' title='bbox 3404 4596 3633 4649; x_wconf 67' lang='lat' dir='ltr'><strong>errabis.</strong></span> 
     </span>
    </p>
   </div>
   <div class='ocr_carea' id='block_1_107' title="bbox 2030 4684 3641 4754">
    <p class='ocr_par' dir='ltr' id='par_1_107' title="bbox 2030 4684 3641 4754">
     <span class='ocr_line' id='line_1_108' title="bbox 2030 4684 3641 4754; baseline -0.001 -13"><span class='ocrx_word' id='word_1_762' title='bbox 2030 4684 2192 4741; x_wconf 74' lang='lat' dir='ltr'><strong>Mane</strong></span> <span class='ocrx_word' id='word_1_763' title='bbox 2234 4685 2282 4737; x_wconf 75' lang='lat' dir='ltr'><strong>si</strong></span> <span class='ocrx_word' id='word_1_764' title='bbox 2321 4686 2565 4751; x_wconf 68' lang='lat' dir='ltr'><strong>semina,</strong></span> <span class='ocrx_word' id='word_1_765' title='bbox 2612 4684 2819 4754; x_wconf 72' lang='lat' dir='ltr'><strong>[latebit</strong></span> <span class='ocrx_word' id='word_1_766' title='bbox 2864 4686 2917 4738; x_wconf 82' lang='lat' dir='ltr'><strong>in</strong></span> <span class='ocrx_word' id='word_1_767' title='bbox 2942 4697 3185 4751; x_wconf 74' lang='lat' dir='ltr'><strong>messem,</strong></span> <span class='ocrx_word' id='word_1_768' title='bbox 3216 4699 3321 4754; x_wconf 76' lang='lat' dir='ltr'><strong>quo</strong></span> <span class='ocrx_word' id='word_1_769' title='bbox 3352 4686 3438 4739; x_wconf 74' lang='lat' dir='ltr'><strong>die.</strong></span> <span class='ocrx_word' id='word_1_770' title='bbox 3468 4688 3641 4740; x_wconf 76' lang='lat' dir='ltr'><strong>luere-</strong></span> 
     </span>
    </p>
   </div>
   <div class='ocr_carea' id='block_1_108' title="bbox 2030 4777 3631 4847">
    <p class='ocr_par' dir='ltr' id='par_1_108' title="bbox 2030 4777 3631 4847">
     <span class='ocr_line' id='line_1_109' title="bbox 2030 4777 3631 4847; baseline 0 -15"><span class='ocrx_word' id='word_1_771' title='bbox 2030 4779 2304 4845; x_wconf 72' lang='lat' dir='ltr'><strong>ditareria,</strong></span> <span class='ocrx_word' id='word_1_772' title='bbox 2336 4787 2388 4832; x_wconf 74' lang='lat' dir='ltr'><strong>et</strong></span> <span class='ocrx_word' id='word_1_773' title='bbox 2428 4787 2484 4831; x_wconf 80' lang='grc' dir='ltr'><strong>ιιι</strong></span> <span class='ocrx_word' id='word_1_774' title='bbox 2519 4790 2673 4847; x_wconf 80' lang='lat' dir='ltr'><strong>pater</strong></span> <span class='ocrx_word' id='word_1_775' title='bbox 2709 4778 2938 4833; x_wconf 79' lang='lat' dir='ltr'><strong>hominis</strong></span> <span class='ocrx_word' id='word_1_776' title='bbox 2963 4777 3093 4846; x_wconf 74' lang='lat' dir='ltr'><strong>ﬁliis</strong></span> <span class='ocrx_word' id='word_1_777' title='bbox 3129 4779 3234 4832; x_wconf 77' lang='lat' dir='ltr'><strong>tuis</strong></span> <span class='ocrx_word' id='word_1_778' title='bbox 3261 4777 3631 4833; x_wconf 55' lang='lat' dir='ltr'><strong>hereditatem</strong></span> 
     </span>
    </p>
   </div>
   <div class='ocr_carea' id='block_1_109' title="bbox 2032 4871 2336 4925">
    <p class='ocr_par' dir='ltr' id='par_1_109' title="bbox 2032 4871 2336 4925">
     <span class='ocr_line' id='line_1_110' title="bbox 2032 4871 2336 4925; baseline -0.003 0"><span class='ocrx_word' id='word_1_779' title='bbox 2032 4871 2336 4925; x_wconf 73' lang='lat' dir='ltr'><strong>dislribuea.</strong></span> 
     </span>
    </p>
   </div>
   <div class='ocr_carea' id='block_1_110' title="bbox 2109 4962 3637 5033">
    <p class='ocr_par' dir='ltr' id='par_1_110' title="bbox 2109 4962 3637 5033">
     <span class='ocr_line' id='line_1_111' title="bbox 2109 4962 3637 5033; baseline -0.002 -12"><span class='ocrx_word' id='word_1_780' title='bbox 2109 4963 2463 5021; x_wconf 87' lang='lat' dir='ltr'><strong>Obscuritate</strong></span> <span class='ocrx_word' id='word_1_781' title='bbox 2490 4963 2655 5019; x_wconf 81' lang='lat' dir='ltr'><strong>multa</strong></span> <span class='ocrx_word' id='word_1_782' title='bbox 2678 4963 2946 5019; x_wconf 85' lang='lat' dir='ltr'><strong>obtectam</strong></span> <span class='ocrx_word' id='word_1_783' title='bbox 2969 4962 3296 5018; x_wconf 81' lang='lat' dir='ltr'><strong>sententiam</strong></span> <span class='ocrx_word' id='word_1_784' title='bbox 3323 4963 3484 5033; x_wconf 83' lang='lat' dir='ltr'><strong>hujus</strong></span> <span class='ocrx_word' id='word_1_785' title='bbox 3508 4979 3637 5020; x_wconf 86' lang='lat' dir='ltr'><strong>ora-</strong></span> 
     </span>
    </p>
   </div>
   <div class='ocr_carea' id='block_1_111' title="bbox 2028 5056 3636 5129">
    <p class='ocr_par' dir='ltr' id='par_1_111' title="bbox 2028 5056 3636 5129">
     <span class='ocr_line' id='line_1_112' title="bbox 2028 5056 3636 5129; baseline 0.001 -16"><span class='ocrx_word' id='word_1_786' title='bbox 2028 5057 2159 5121; x_wconf 87' lang='lat' dir='ltr'><strong>culi,</strong></span> <span class='ocrx_word' id='word_1_787' title='bbox 2189 5066 2450 5125; x_wconf 87' lang='lat' dir='ltr'><strong>quantum</strong></span> <span class='ocrx_word' id='word_1_788' title='bbox 2490 5057 2639 5121; x_wconf 89' lang='lat' dir='ltr'><strong>licet,</strong></span> <span class='ocrx_word' id='word_1_789' title='bbox 2674 5057 2918 5111; x_wconf 86' lang='lat' dir='ltr'><strong>conabor</strong></span> <span class='ocrx_word' id='word_1_790' title='bbox 2963 5057 3263 5125; x_wconf 79' lang='lat' dir='ltr'><strong>explicare.</strong></span> <span class='ocrx_word' id='word_1_791' title='bbox 3307 5056 3402 5110; x_wconf 87' lang='lat' dir='ltr'><strong>Est</strong></span> <span class='ocrx_word' id='word_1_792' title='bbox 3452 5057 3636 5129; x_wconf 81' lang='lat' dir='ltr'><strong>itaque</strong></span> 
     </span>
    </p>
   </div>
   <div class='ocr_carea' id='block_1_112' title="bbox 2028 5146 3635 5222">
    <p class='ocr_par' dir='ltr' id='par_1_112' title="bbox 2028 5146 3635 5222">
     <span class='ocr_line' id='line_1_113' title="bbox 2028 5146 3635 5222; baseline 0.001 -18"><span class='ocrx_word' id='word_1_793' title='bbox 2028 5149 2175 5222; x_wconf 88' lang='lat' dir='ltr'><strong>quod</strong></span> <span class='ocrx_word' id='word_1_794' title='bbox 2198 5150 2337 5206; x_wconf 87' lang='lat' dir='ltr'><strong>dicit</strong></span> <span class='ocrx_word' id='word_1_795' title='bbox 2362 5149 2675 5218; x_wconf 75' lang='lat' dir='ltr'><strong>huiusmodi</strong></span> <span class='ocrx_word' id='word_1_796' title='bbox 2702 5151 2720 5205; x_wconf 68' lang='grc' dir='ltr'><strong>ι</strong></span> <span class='ocrx_word' id='word_1_797' title='bbox 2754 5148 2871 5203; x_wconf 80' lang='lat' dir='ltr'><strong>Dixi</strong></span> <span class='ocrx_word' id='word_1_798' title='bbox 2902 5146 3155 5218; x_wconf 80' lang='lat' dir='ltr'><strong>superius</strong></span> <span class='ocrx_word' id='word_1_799' title='bbox 3183 5151 3327 5217; x_wconf 88' lang='lat' dir='ltr'><strong>quod</strong></span> <span class='ocrx_word' id='word_1_800' title='bbox 3352 5150 3635 5216; x_wconf 48' lang='lat' dir='ltr'><strong>decipiens</strong></span> 
     </span>
    </p>
   </div>
   <div class='ocr_carea' id='block_1_113' title="bbox 2029 5240 3634 5315">
    <p class='ocr_par' dir='ltr' id='par_1_113' title="bbox 2029 5240 3634 5315">
     <span class='ocr_line' id='line_1_114' title="bbox 2029 5240 3634 5315; baseline -0.002 -15"><span class='ocrx_word' id='word_1_801' title='bbox 2029 5254 2112 5302; x_wconf 89' lang='lat' dir='ltr'><strong>tes</strong></span> <span class='ocrx_word' id='word_1_802' title='bbox 2133 5255 2186 5300; x_wconf 86' lang='lat' dir='ltr'><strong>et</strong></span> <span class='ocrx_word' id='word_1_803' title='bbox 2204 5246 2509 5315; x_wconf 68' lang='lat' dir='ltr'><strong>de’cepﬁ,et</strong></span> <span class='ocrx_word' id='word_1_804' title='bbox 2532 5257 2651 5314; x_wconf 71' lang='lat' dir='ltr'><strong>quae</strong></span> <span class='ocrx_word' id='word_1_805' title='bbox 2676 5242 2757 5297; x_wconf 84' lang='lat' dir='ltr'><strong>fas</strong></span> <span class='ocrx_word' id='word_1_806' title='bbox 2783 5257 2889 5297; x_wconf 89' lang='lat' dir='ltr'><strong>non</strong></span> <span class='ocrx_word' id='word_1_807' title='bbox 2917 5250 3037 5295; x_wconf 86' lang='lat' dir='ltr'><strong>erat</strong></span> <span class='ocrx_word' id='word_1_808' title='bbox 3061 5242 3353 5295; x_wconf 79' lang='lat' dir='ltr'><strong>machinati</strong></span> <span class='ocrx_word' id='word_1_809' title='bbox 3377 5240 3634 5297; x_wconf 59' lang='lat' dir='ltr'><strong>Israelita.</strong></span> 
     </span>
    </p>
   </div>
   <div class='ocr_carea' id='block_1_114' title="bbox 2029 5332 3631 5407">
    <p class='ocr_par' dir='ltr' id='par_1_114' title="bbox 2029 5332 3631 5407">
     <span class='ocr_line' id='line_1_115' title="bbox 2029 5332 3631 5407; baseline -0.007 -13"><span class='ocrx_word' id='word_1_810' title='bbox 2029 5339 2144 5394; x_wconf 69' lang='lat' dir='ltr'><strong>sire</strong></span> <span class='ocrx_word' id='word_1_811' title='bbox 2165 5337 2423 5407; x_wconf 84' lang='lat' dir='ltr'><strong>Ephraim</strong></span> <span class='ocrx_word' id='word_1_812' title='bbox 2471 5335 2553 5407; x_wconf 88' lang='lat' dir='ltr'><strong>(ut</strong></span> <span class='ocrx_word' id='word_1_813' title='bbox 2584 5335 2773 5389; x_wconf 87' lang='lat' dir='ltr'><strong>decem</strong></span> <span class='ocrx_word' id='word_1_814' title='bbox 2810 5333 2985 5388; x_wconf 90' lang='lat' dir='ltr'><strong>tribus</strong></span> <span class='ocrx_word' id='word_1_815' title='bbox 3014 5332 3299 5403; x_wconf 82' lang='lat' dir='ltr'><strong>intelligas</strong></span> <span class='ocrx_word' id='word_1_816' title='bbox 3339 5334 3391 5386; x_wconf 92' lang='lat' dir='ltr'><strong>iu</strong></span> <span class='ocrx_word' id='word_1_817' title='bbox 3434 5332 3631 5391; x_wconf 79' lang='lat' dir='ltr'><strong>Sattia-</strong></span> 
     </span>
    </p>
   </div>
   <div class='ocr_carea' id='block_1_115' title="bbox 2040 5425 3633 5501">
    <p class='ocr_par' dir='ltr' id='par_1_115' title="bbox 2040 5425 3633 5501">
     <span class='ocr_line' id='line_1_116' title="bbox 2040 5425 3633 5501; baseline -0.008 -14"><span class='ocrx_word' id='word_1_818' title='bbox 2040 5432 2176 5487; x_wconf 83' lang='lat' dir='ltr'><strong>riam</strong></span> <span class='ocrx_word' id='word_1_819' title='bbox 2212 5428 2537 5501; x_wconf 86' lang='lat' dir='ltr'><strong>translatas)</strong></span> <span class='ocrx_word' id='word_1_820' title='bbox 2567 5428 2679 5484; x_wconf 90' lang='lat' dir='ltr'><strong>alto</strong></span> <span class='ocrx_word' id='word_1_821' title='bbox 2706 5426 2930 5484; x_wconf 87' lang='lat' dir='ltr'><strong>fuerunt</strong></span> <span class='ocrx_word' id='word_1_822' title='bbox 2952 5427 3272 5497; x_wconf 84' lang='lat' dir='ltr'><strong>supercilio,</strong></span> <span class='ocrx_word' id='word_1_823' title='bbox 3296 5425 3633 5491; x_wconf 73' lang='lat' dir='ltr'><strong>munitioque</strong></span> 
     </span>
    </p>
   </div>
   <div class='ocr_carea' id='block_1_116' title="bbox 2035 5512 3634 5590">
    <p class='ocr_par' dir='ltr' id='par_1_116' title="bbox 2035 5512 3634 5590">
     <span class='ocr_line' id='line_1_117' title="bbox 2035 5512 3634 5590; baseline -0.008 -11"><span class='ocrx_word' id='word_1_824' title='bbox 2035 5523 2143 5579; x_wconf 65' lang='lat' dir='ltr'><strong>rati</strong></span> <span class='ocrx_word' id='word_1_825' title='bbox 2177 5529 2325 5588; x_wconf 80' lang='lat' dir='ltr'><strong>sunt,</strong></span> <span class='ocrx_word' id='word_1_826' title='bbox 2367 5521 2552 5577; x_wconf 88' lang='lat' dir='ltr'><strong>hostes</strong></span> <span class='ocrx_word' id='word_1_827' title='bbox 2596 5520 2775 5576; x_wconf 77' lang='lat' dir='ltr'><strong>nullos</strong></span> <span class='ocrx_word' id='word_1_828' title='bbox 2814 5521 3057 5590; x_wconf 86' lang='lat' dir='ltr'><strong>ipsorqu</strong></span> <span class='ocrx_word' id='word_1_829' title='bbox 3102 5531 3322 5573; x_wconf 88' lang='lat' dir='ltr'><strong>manum</strong></span> <span class='ocrx_word' id='word_1_830' title='bbox 3370 5512 3634 5583; x_wconf 62' lang='lat' dir='ltr'><strong>superam</strong></span> 
     </span>
    </p>
   </div>
   <div class='ocr_carea' id='block_1_117' title="bbox 2036 5603 3634 5687">
    <p class='ocr_par' dir='ltr' id='par_1_117' title="bbox 2036 5603 3634 5687">
     <span class='ocr_line' id='line_1_118' title="bbox 2036 5603 3634 5687; baseline -0.008 -16"><span class='ocrx_word' id='word_1_831' title='bbox 2036 5616 2304 5687; x_wconf 81' lang='lat' dir='ltr'><strong>potuisse,</strong></span> <span class='ocrx_word' id='word_1_832' title='bbox 2348 5629 2416 5671; x_wconf 89' lang='lat' dir='ltr'><strong>eo</strong></span> <span class='ocrx_word' id='word_1_833' title='bbox 2460 5612 2607 5685; x_wconf 88' lang='lat' dir='ltr'><strong>quod</strong></span> <span class='ocrx_word' id='word_1_834' title='bbox 2653 5613 3087 5668; x_wconf 85' lang='lat' dir='ltr'><strong>innumerabiles</strong></span> <span class='ocrx_word' id='word_1_835' title='bbox 3130 5616 3335 5672; x_wconf 84' lang='lat' dir='ltr'><strong>essent,</strong></span> <span class='ocrx_word' id='word_1_836' title='bbox 3386 5615 3443 5661; x_wconf 90' lang='lat' dir='ltr'><strong>et</strong></span> <span class='ocrx_word' id='word_1_837' title='bbox 3472 5603 3634 5658; x_wconf 80' lang='lat' dir='ltr'><strong>valdd</strong></span> 
     </span>
    </p>
   </div>
   <div class='ocr_carea' id='block_1_118' title="bbox 2037 5695 3636 5782">
    <p class='ocr_par' dir='ltr' id='par_1_118' title="bbox 2037 5695 3636 5782">
     <span class='ocr_line' id='line_1_119' title="bbox 2037 5695 3636 5782; baseline -0.011 -15"><span class='ocrx_word' id='word_1_838' title='bbox 2037 5708 2305 5782; x_wconf 84' lang='lat' dir='ltr'><strong>populosi.</strong></span> <span class='ocrx_word' id='word_1_839' title='bbox 2356 5707 2518 5780; x_wconf 83' lang='lat' dir='ltr'><strong>Atqui</strong></span> <span class='ocrx_word' id='word_1_840' title='bbox 2560 5720 2657 5778; x_wconf 86' lang='lat' dir='ltr'><strong>spe</strong></span> <span class='ocrx_word' id='word_1_841' title='bbox 2703 5704 2874 5778; x_wconf 68' lang='lat'><strong>269</strong></span> <span class='ocrx_word' id='word_1_842' title='bbox 2914 5701 3160 5759; x_wconf 80' lang='lat' dir='ltr'><strong>frustrati</strong></span> <span class='ocrx_word' id='word_1_843' title='bbox 3214 5700 3361 5756; x_wconf 77' lang='lat' dir='ltr'><strong>sum.</strong></span> <span class='ocrx_word' id='word_1_844' title='bbox 3408 5695 3636 5753; x_wconf 63' lang='lat' dir='ltr'><strong>Goeiddl</strong></span> 
     </span>
    </p>
   </div>
  </div>
