4060 6456
440 370 559 431 ’⁷431

1449 369 1506 423 S.
1551 367 1826 424 CYRILL-l
1866 367 2345 424 ALEXANDRIN!
2388 369 2705 428 ARClllEP.

3638 378 3742 435 652

3638 416 3698 433 τί.

3636 438 3649 449 ο

464 506 587 551 runt
610 495 754 552 enim
782 468 973 566 p-artim
1006 490 1145 547 bello
1177 488 1433 551 conlecti,
1469 490 1664 557 partim
1692 489 1745 543 in
1782 489 2025 542 virtorun

2162 486 2301 540 ‘MJ.’
2335 488 2661 557 ἐσφάλλοντο
2700 490 2799 559 τῆς
2834 490 3064 557 ἐλπίδος.
3114 492 3446 548 ῐῐεπτώκασι
3484 496 3613 568 γὰρ,
3650 500 3742 552 καὶ

461 590 714 658 regiones
753 583 1034 655 asportati,
1072 580 1267 650 captivi
1319 587 1373 634 et
1429 580 1634 644 timidi,
1689 590 1742 634 et
1794 582 2045 635 omnibus

448 681 619 737 malis
654 678 899 735 exerciti.
946 677 1017 730 At
1059 674 1148 728 ubi
1182 672 1323 744 Cyro
1368 674 1668 744 imperante
1710 688 1774 727 ex
1826 673 2045 742 regione

440 774 745 829 .Persarum
780 771 830 823 in
872 767 1142 821 civitatem
1190 776 1433 821 sanctam
1478 766 1679 820 reducti
1726 773 1872 827 sunt,
1923 775 2044 830 post

456 864 749 935 Separalim
783 871 839 914 et
890 859 1120 915 seorsim
1166 873 1321 926 reges
1353 858 1554 912 habere
1599 857 2040 925 supersederunt,

454 968 748 1022 omnesque
788 952 1163 1022 Hierosolyma
1208 952 1577 1014 incoluerunt,
1625 960 1681 1003 et
1732 948 1903 1017 legem
1946 947 2039 1001 Dei

453 1049 761 1111 ι-υιιιοι-ιιηι,
803 1046 963 1114 inque
1000 1046 1173 1115 pretio
1201 1059 1264 1098 ac
1307 1044 1509 1098 honore
1548 1043 1884 1107 habuerunt;
1916 1050 2044 1115 tunc

455 1145 725 1195 immunes
768 1138 1175 1207 incolumesque
1200 1136 1642 1191 rfuertmteorum
1684 1134 1858 1197 liberi,
1890 1142 1943 1187 et
1973 1131 2039 1187 ad

454 1236 592 1288 filios
624 1234 858 1287 tiliorum
907 1230 1283 1286 successiones
1319 1236 1699 1284 cucurrerunt.
1726 1226 1857 1280 Tale
1888 1228 2043 1294 quid-

438 1328 576 1379 -dam
619 1326 777 1380 docet
818 1325 933 1378 haec
961 1323 1136 1377 oratio
1185 1336 1359 1386 nunc,
1395 1320 1648 1375 frumenti
1687 1326 1740 1374 et
1769 1318 2039 1388 spicarum

452 1420 607 1487 quasi
637 1418 866 1488 aenigma
894 1429 1217 1486 proponens.
1243 1413 1376 1468 Cum
1400 1415 1563 1476 enim,
1598 1412 1794 1483 inquit,
1827 1411 2039 1465 Domini

456 1513 546 1565 Dei
591 1513 665 1566 tui
711 1527 815 1566 non
865 1508 1211 1570 memineris,
1256 1521 1377 1561 eam
1425 1507 1497 1561 ob
1537 1519 1757 1561 causam
1808 1503 2040 1559 inﬁdelis

449 1604 575 1667 erit,
610 1613 665 1656 et
703 1618 808 1656 non
849 1601 914 1655 ad
949 1600 1365 1670 perpetuitatem
1419 1597 1632 1654 stabilis
1656 1597 1947 1667 plantatio,
1983 1595 2038 1650 id

438 1707 553 1758 est,
575 1708 637 1747 ex
671 1705 724 1748 te
766 1708 949 1747 semen
981 1704 1035 1747 et
1058 1707 1247 1763 genus.
1285 1692 1514 1759 Quando
1542 1699 1725 1746 autem
1757 1689 2036 1760 plantave-

448 1786 556 1849 ris,
610 1795 666 1839 et
724 1800 1072 1840 numerosum
1128 1799 1299 1850 genus
1346 1783 1568 1848 videris,
1626 1792 1751 1837 tunc
1803 1781 2033 1836 errabis.

2153 585 2201 635 οἱ
2239 582 2339 653 μὲν
2374 583 2767 653 δεδαπάνηνται
2799 584 2875 652 τῷ
2902 584 3148 655 πολέμῳ,
3191 587 3239 638 οἱ
3291 586 3347 638 δὲ
3403 588 3484 651 εἰς
3509 588 3606 651 τὰς
3636 590 3742 644 τῶν

2153 674 2518 743 νενικηκότων
2569 674 3000 745 ἀποκομίζονται
3050 673 3252 747 χώρας,
3288 677 3622 748 αἰχμάλωτοι
3650 682 3742 733 καὶ

2154 767 2425 830 περιδεεῖς
2455 768 2550 820 καὶ
2583 769 2641 820 ἐν
2675 769 2833 822 παντὶ
2874 771 3159 838 γεγονότες
3209 771 3389 841 κακῷ.
3437 772 3651 844 Ἐπειδὴ
3681 774 3742 827 δὲ

2155 856 2351 928 καιροῦ
2381 857 2821 923 διιππεύσαντος,
2841 860 3283 932 ἀνεκομίσθησαν
3304 862 3367 914 ἐκ
3392 861 3492 932 τῆς
3517 862 3742 933 Περσῶν

2153 946 2336 1019 χώρας
2357 952 2437 1014 εἰς
2469 950 2569 1023 τὴν
2600 952 2763 1020 ἁγίαν
2790 952 2967 1015 πόλιν,
3004 946 3124 1005 εἷτα
3164 953 3464 1023 κατέληξαν
3512 955 3607 1008 τοῦ
3637 956 3741 1009 ἀνὰ

2156 1040 2323 1111 μέρος
2377 1040 2522 1111 ἔχειν
2560 1043 2689 1105 τοὺς
2735 1042 3140 1112 βασιλεύοντας,
3177 1047 3529 1116 κατῳκήκασι
3581 1043 3639 1097 δὲ
3691 1048 3739 1099 οἰ

2153 1131 2354 1197 πάντες
2377 1133 2444 1186 τὰ
2483 1133 2851 1204 Ἱεροσόλυμα,
2873 1134 2968 1188 καὶ¹
2999 1133 3091 1187 τὸν
3115 1133 3209 1188 τοῦ
3244 1135 3379 1189 Θεοῦ
3416 1139 3738 1209 τετιμήκασι

2152 1225 2336 1296 νόμον’
2375 1224 2494 1278 τότε
2535 1226 2629 1279 καὶ
2659 1228 2716 1278 ἐν
2750 1226 3022 1297 ἀσφαλείᾳ
3069 1227 3359 1295 γεγόνασιν
3382 1229 3430 1281 οἰ
3466 1228 3522 1293 ἐξ
3561 1228 3738 1282 αὐτῶν

2152 1316 2361 1383 παῖδες,
2391 1317 2486 1370 καὶ
2522 1319 2601 1380 εἰς
2628 1317 2795 1370 τέκνα
2821 1316 3025 1371 τέκνων
3048 1316 3450 1389 δεδραμήκασιν
3479 1321 3535 1372 αἱ
3561 1320 3737 1375 διαδο⁸

2150 1408 2263 1479 χαί.
2295 1407 2546 1462 Τοιοῦτόν
2572 1425 2622 1461 τι
2643 1408 2884 1463 διδάσκει
2926 1409 3022 1462 καὶ
3073 1406 3169 1462 νῦν
3200 1410 3228 1462 ό
3284 1407 3461 1478 λόγος,
3492 1409 3569 1473 ὠς
3608 1412 3738 1483 περῖ

2152 1501 2300 1554 σίτου
2342 1500 2437 1553 καὶ
2487 1498 2776 1570 ἀσταχύων
2831 1502 3061 1572 αἴνιγμα
3111 1499 3304 1563 διδούς.
3345 1501 3563 1572 Ἐπειδὴ
3605 1503 3732 1572 γὰρ,

2150 1594 2304 1664 φησὶ,
2335 1592 2540 1663 Κυρίου
2567 1591 2661 1647 τοῦ
2710 1592 2846 1646 Θεοῦ
2903 1610 2996 1646 σου
3055 1593 3155 1646 ούκ
3185 1592 3482 1664 ἐμνήσθης,
3531 1594 3735 1667 ταύτης

2146 1685 2313 1740 ’ἑνεκα
2342 1685 2440 1756 τῆς
2470 1686 2649 1750 αἰτίας
2678 1686 2907 1739 ἄπιστον
2941 1686 3117 1751 ἔσται,
3145 1686 3241 1739 καὶ
3266 1686 3367 1739 οὐκ
3391 1687 3629 1757 ἀσφαλὲς
3657 1690 3733 1752 είς

2146 1778 2487 1851 διατήρησιν,
2521 1779 2659 1848 ὅπερ
2690 1778 2757 1832 ἂν
2787 1777 3063 1851 φυτεύσῃς
3093 1778 3367 1848 φύτευμα,
3422 1778 3568 1831 τοῦτ’
3596 1778 3731 1846 ἔστι,

447 1870 675 1925 Putabis
719 1873 863 1926 enim
920 1882 970 1926 te
1019 1871 1388 1938 multitudine,
1430 1871 1625 1942 inquit,
1667 1872 1803 1937 niti;
1831 1881 1887 1926 at
1931 1886 2028 1927 non

2140 1870 2201 1924 τὸ
2230 1873 2295 1925 ἐκ
2325 1871 2492 1942 μέσου
2531 1870 2754 1941 σπέρμα
2784 1888 2841 1923 τε
2902 1870 2997 1925 καί⁸
3026 1870 3202 1939 γένος.
3254 1872 3423 1925 Ὅταν
3443 1870 3499 1924 δὲ
3534 1872 3737 1941 φυτεύ-

434 1975 573 2014 .vere
600 1960 895 2030 reputabis.
931 1958 1213 2030 Spiearum
1247 1960 1390 2015 enim
1414 1961 1467 2015 in
1500 1976 1705 2016 morem
1738 1962 1954 2027 cadent,
1981 1971 2037 2016 et

446 2068 598 2121 spem
629 2052 682 2107 in
716 2052 820 2107 illis
846 2052 1069 2105 omnino
1097 2053 1336 2122 reperies
1356 2067 1479 2108 esse
1510 2053 1775 2109 inutilem.
1797 2053 1852 2107 Si
1880 2068 2037 2109 mane

446 2143 709 2207 seminas,
737 2142 789 2197 id
822 2152 926 2209 est,
967 2142 1011 2197 si
1046 2143 1097 2195 in
1124 2141 1244 2198 luce
1266 2145 1519 2211 versaris,
1545 2154 1599 2200 et
1629 2147 1843 2200 demttm
1874 2154 2037 2216 a'gno-

446 2232 593 2287 veris
630 2242 820 2286 natura
850 2242 905 2287 et
933 2247 1060 2288 vere
1089 2234 1440 2289 exsistentent
1473 2235 1778 2300 Dominum,
1815 2251 2036 2290 servan-

434 2334 552 2379 tem
590 2323 748 2380 facile
779 2333 833 2379 et
867 2325 934 2379 ad
964 2326 1333 2395 epitulandum
1378 2336 1683 2397 potentem,
1736 2338 1862 2382 tunc
1892 2329 2035 2397 quod

445 2429 527 2471 est
552 2418 847 2490 plantatum
876 2419 1089 2476 ﬂorebit
1128 2422 1181 2476 in
1224 2438 1487 2489 messem,
1520 2424 1572 2478 id
1602 2432 1704 2490 est,
1737 2422 2034 2479 fructiﬁca-

443 2508 542 2562 hit.
578 2507 787 2564 Etenim
836 2512 1179 2566 immaturam
1225 2514 1428 2583 spicam
1463 2515 1734 2580 consumi,
1782 2515 2034 2586 agricolis

444 2597 603 2652 nll‘ert
639 2612 746 2652 tttm
782 2599 1046 2667 laborum,
1084 2612 1191 2655 tum
1223 2605 1338 2673 spei
1364 2604 1669 2675 jacturam:
1703 2608 1769 2660 ad
1803 2621 2031 2661 messem

445 2704 573 2741 vero
627 2692 945 2757 pervenire,
999 2708 1151 2763 spem
1207 2696 1299 2748 dat
1331 2696 1593 2749 bonorum
1627 2695 2029 2766 plenissimam.

437 2777 683 2835 Florehit
724 2783 886 2850 igitur
914 2784 965 2837 in
1001 2800 1256 2852 messem,
1294 2786 1345 2841 id
1389 2796 1493 2852 est,
1536 2787 1751 2857 plenum
1797 2788 2030 2844 fructum

441 2877 579 2929 teret
614 2883 715 2935 tua
736 2876 1021 2947 plantatio,
1049 2881 1267 2948 quando
1292 2881 1352 2933 lit
1378 2880 1471 2935 tibi
1495 2896 1671 2947 mane,
1695 2881 1745 2935 id
1772 2891 1875 2948 est,
1909 2897 2030 2936 cum

440 2969 592 3023 velut
629 2969 680 3022 in
712 2969 833 3024 luce
856 2986 921 3024 ac
950 2971 1059 3037 die,
1090 2981 1145 3026 et
1179 2973 1232 3027 in
1270 2974 1549 3043 agnitione
1580 2973 1673 3029 Dei
1704 2976 1906 3030 versari
1938 2976 2033 3028 de-

438 3061 816 3130 prehenderis.
850 3059 1012 3118 Tunc
1053 3071 1109 3120 et
1133 3065 1288 3134 quasi
1337 3072 1492 3135 pater
1545 3067 1782 3122 hominis
1825 3077 2029 3123 sortem

439 3152 813 3223 suppeditaliis
881 3153 1005 3209 [iliis
1073 3157 1178 3210 tuis
1246 3173 1263 3210 :
1328 3156 1662 3213 transmittes
1736 3159 1882 3213 enim
1960 3158 2027 3212 ad

438 3242 581 3299 ﬁlios
646 3245 790 3300 velut
862 3255 1063 3301 sortem
1137 3247 1427 3318 quamdam
1502 3264 1568 3305 ac
1638 3249 2023 3321 patrimonium

437 3335 603 3390 animi
636 3336 1100 3408 tranquillitatem,
1131 3349 1187 3397 et
1223 3341 1463 3412 supremi
1506 3343 1696 3399 auxilii
1722 3344 2025 3400 communi-

437 3438 730 3487 cattonem.
1932 3438 1942 3445 ³

512 3698 674 3757 νικε.
711 3699 912 3767 12,13.
950 3700 1036 3757 Va:
1060 3703 1389 3758 multitudini
1417 3704 1649 3775 gentium
1685 3703 2023 3758 multarum»!

2141 1979 2260 2037 σῃς,
2305 1963 2399 2017 καί
2430 1961 2564 2016 πολὺ
2590 1962 2815 2031 γεγονὸς
2850 1962 2986 2033 ἴδῃς,
3025 1962 3147 2015 τότε
3178 1962 3525 2036 πλανηθήσῃ.
3557 1966 3734 2038 Οἰήσῃ

2141 2056 2241 2125 μὲν
2259 2054 2387 2126 γὰρ,
2411 2054 2564 2127 φησί,
2594 2054 2669 2123 τῷ
2692 2053 2886 2123 πλήθει
2910 2053 3287 2125 τεθαρσηκὼς,
3308 2054 3423 2109 ἀλλ’
3438 2057 3537 2109 οὐκ
3558 2056 3733 2128 ἀληθῆ

2137 2145 2316 2218 λογιῇ.
2350 2143 2670 2217 Ἀσταχύων
2698 2144 2806 2217 γὰρ
2832 2144 2989 2215 δίκην
3014 2146 3325 2210 πεσοῦνται,
3352 2147 3447 2199 καὶ
3476 2146 3733 2216 ἀνόνητον

2136 2239 2393 2309 εὑρήσεις
2427 2237 2711 2301 παντελῶς
2736 2236 2835 2307 τὴν
2872 2237 2963 2289 ἐπί
3003 2254 3065 2306 γε
3092 2236 3301 2301 τούτοις
3323 2238 3533 2292 ἐλπίδα.
3570 2239 3645 2292 Τὸ
3676 2239 3755 2294 δὲ.

2139 2329 2286 2402 πρωῒ
2314 2330 2409 2383 ἐὰν
2442 2330 2693 2401 σπείρης,
2716 2328 2860 2381 τοῦτ’
2892 2328 3060 2393 ἐστιν,
3090 2330 3149 2381 ἐν
3184 2330 3323 2400 φωτὶ
3354 2330 3617 2399 γεγονὼς,
3635 2330 3729 2384 καὶ

2134 2422 2319 2475 λοιπὸν
2341 2423 2595 2489 ἐπιγνοὺς
2623 2420 2715 2474 τὸν
2743 2419 2901 2491 φύσει
2932 2437 2991 2473 τε
3014 2422 3109 2474 καὶ
3134 2419 3347 2493 ἀληθῶς
3374 2421 3503 2475 ὄντα
3524 2420 3732 2475 Δεσπό-

2136 2534 2255 2588 την,
2307 2514 2549 2580 σώζοντά
2595 2531 2653 2567 τε
2691 2512 2889 2585 ῥᾳδίως
2943 2514 3039 2567 καὶ
3087 2514 3399 2584 ἐπικουρεῖν
3450 2515 3724 2585 ἰσχύοντα·

2134 2607 2259 2660 τότε
2288 2608 2349 2659 τὸ
2372 2605 2799 2676 πεφυτευμένον,
2829 2605 2948 2676 ἦτοι
2981 2604 3336 2676 κατασπαρέν
3370 2605 3597 2675 ἀνθήσει
3645 2607 3727 2668 εἰς

2135 2698 2366 2770 ἀμητδν,
2399 2696 2552 2751 τοῦτ’
2574 2697 2710 2761 ἔστι,
2761 2696 3314 2768 τελεσφορηθήσεται’
3340 2697 3401 2750 τὸ
3432 2696 3542 2768 γὰρ
3592 2697 3729 2768 πρόο

2134 2807 2277 2861 ωρον
2311 2787 2655 2842 δαπανᾶσθαι
2708 2788 2800 2840 τὸν
2858 2786 3122 2858 ἄσταχυν,
3174 2788 3377 2860 ζημίαν
3422 2788 3516 2841 καὶ
3550 2788 3729 2841 πόνων

2135 2882 2230 2935 καὶ
2254 2880 2466 2943 ἐλπίδος
2491 2880 2711 2950 ἐμποιεῖ
2739 2880 2848 2941 τοῖς
2870 2882 3128 2949 γηπονεῖν
3159 2880 3429 2933 εἰωθόσιν·
3452 2881 3514 2935 τό
3531 2898 3596 2949 γε
3607 2883 3729 2951 μὴν

2134 2974 2215 3036 εἰς
2242 2970 2453 3043 ἀμητόν
2491 2971 2688 3035 ἐλθεῖν,
2726 2969 3108 3042 πληρεστάτην
3139 2970 3321 3024 δίδωσι
3346 2972 3446 3042 τὴν
3474 2973 3563 3024 ἐπ’
3590 2974 3729 3041 ἀγα·

2134 3064 2246 3127 θοῖς
2270 3063 2482 3118 ἐλπίδα.
2525 3062 2775 3134 Ἀνθήσει
2808 3061 2990 3116 τοίνυν
3022 3064 3099 3126 εἰς
3128 3062 3359 3135 ἁμητδν,
3410 3062 3559 3117 τοῦτ’
3586 3062 3728 3128 ἐστι,

2132 3153 2664 3226 τελεσφορηθήσεται
2719 3152 2782 3206 τὸ
2833 3151 2926 3206 σδν
2977 3152 3251 3225 φύτευμα,
3308 3154 3476 3208 ὅτ’ἂν
3500 3154 3728 3226 γένηταί

2132 3264 2216 3299 σοι
2249 3245 2414 3318 πρωῒ,
2446 3245 2593 3299 τοῦτ’
2621 3244 2788 3311 ἐστιν,
2814 3246 2944 3299 ὅταν
2968 3244 3201 3316 εὑρεθῇς
3248 3245 3325 3310 ὡς
3368 3248 3427 3300 ἐν
3449 3248 3591 3317 φωτὶ
3631 3248 3731 3301 καὶ

2131 3338 2319 3410 ἡμέρᾳ
2353 3338 2448 3391 καὶ
2481 3337 2539 3390 ἐν
2566 3334 2859 3404 ἐπιγνώσει
2899 3333 3035 3387 Θεοῦ
3069 3335 3327 3404 γεγονὼς.
3359 3335 3493 3388 Τότε
3531 3336 3729 3400 καὶώς

2129 3431 2312 3503 πατὴρ
2348 3429 2635 3501 ἀνθρώπου
2669 3428 2929 3501 κληρώσῃ
2962 3431 3073 3492 τοῖς
3101 3429 3236 3491 υἰιοῖς
3268 3446 3384 3482 σου.
3417 3429 3727 3502 Παραπὲμ-

2125 3524 2249 3594 diu;
2271 3525 2379 3594 γὰρ
2409 3524 2488 3586 εἰς
2514 3524 2668 3586 υἱοὺς
2719 3522 2973 3593 καθάπερ
3006 3521 3125 3575 τινὰ
3183 3520 3385 3593 κλῆρον
3433 3523 3532 3594 τὴν
3562 3521 3728 3575 εὐθυ-

2127 3618 2256 3689 μίαν
2300 3615 2527 3685 καὶτῆς
2554 3615 2759 3670 ἄνωθεν
2794 3614 3114 3686 ἐπικουρίας
3162 3613 3259 3687 τὴν
3292 3613 3529 3686 μέθεξιν.

2198 3708 2603 3777 Οὐαὶ-πλῆθος
2633 3708 2826 3762 ἐθνῶν
2855 3706 3104 3762 πολλῶν
3122 3707 3143 3760 .¹
3174 3707 3257 3773 ὡς
3297 3706 3581 3762 θάλασσα
3608 3725 3717 3762 κυ-

438 3795 571 3847 sicut
614 3809 759 3847 mare
791 3795 1077 3859 ﬂuctuans,
1108 3795 1186 3849 sic
1218 3795 1685 3859 conturbabimim’,
1715 3805 1763 3849 et
1806 3797 2019 3850 dorsum

2136 3802 2447 3863 ιιαίνουσα,
2465 3799 2621 3854 οὕτω
2650 3799 3109 3868 ταραχθιῙσεσθε
3134 3814 3147 3826 ·
3178 3798 3277 3852 καὶ
3307 3798 3496 3864 νῶτος
3527 3799 3725 3853 ἐθνῶν

434 3886 667 3953 gentium
699 3884 1012 3952 multarum,
1045 3895 1297 3954 tanquam
1330 3902 1467 3957 aqua
1500 3888 1742 3950 sonabit;
1768 3896 2019 3956 tanquam

437 3994 576 4045 aqua
603 3978 791 4041 multa,
816 3989 989 4049 gentes
1025 3979 1226 4043 multte,
1258 3978 1408 4047 quasi
1446 3994 1598 4048 aqua:
1635 3979 1887 4049 multwyi
1922 3979 2020 4032 im-

431 4071 621 4140 pulsa”.
672 4068 739 4123 Et
796 4070 1163 4125 exterminabit
1206 4086 1345 4137 eum,
1380 4080 1427 4124 et
1487 4071 1638 4141 longe
1677 4087 1795 4125 eum
1839 4087 2018 4141 perse-

432 4174 639 4229 quelur,
675 4173 728 4216 ιιι
765 4161 1219 4232 pulverempalea:
1244 4162 1609 4216 eentilantium
1637 4179 1812 4218 coram
1845 4176 2014 4231 teuto,

431 4263 481 4307 et
514 4256 669 4325 quasi
695 4254 959 4323 puluerem
992 4265 1121 4308 rota:
1153 4263 1431 4323 tempestas
1463 4256 1752 4326 impellens.

503 4347 619 4402 Non
676 4346 933 4418 relinquit
977 4344 1252 4402 lsraelitas
1302 4349 1673 4404 consolatione
1728 4351 2015 4407 destitutos

434 4440 802 4495 universitatis
834 4440 976 4495 Deus
1002 4442 1277 4496 hominum
1309 4455 1519 4505 amans,
1551 4457 1810 4513 spemque
1844 4447 2013 4499 bono—

2123 3890 2406 3957 πολλῶν,
2440 3892 2520 3957 ὡς
2549 3890 2707 3959 ὕδωρ
2752 3891 2973 3960 ήχήσει
2998 3905 3022 3919 θ
3059 3891 3139 3956 ὡς
3183 3889 3342 3959 ὕδωρ
3372 3890 3531 3945 πολὺ
3569 3892 3723 3961 ἔθνη

2123 3984 2348 4051 πολλὰ,
2365 3983 2443 4050 ὡς
2460 3982 2677 4049 ὕδατος
2702 3983 2936 4037 πολλοῦ
2948 3983 3056 4048 ,βίᾳ
3078 3983 3581 4051 καταφερομένου.
3603 3985 3723 4038 Καὶ

2121 4075 2550 4145 ἁποσκορακιεῖ
2577 4074 2784 4140 αὐτὸν,
2818 4074 2915 4129 καὶ
2949 4076 3147 4143 πόρῤω
3186 4074 3374 4127 αὑτὸν
3408 4073 3721 4140 διώξεται,

2120 4171 2202 4237 ὡς
2245 4167 2438 4239 χνοῦν
2467 4168 2696 4236 ἀχύρου
2738 4165 3086 4236 λικμώντων
3117 4163 3408 4219 ἀπέναντι
3445 4164 3675 4235 ἀνέμου
3695 4196 3719 4226 ρ

2121 4262 2221 4317 καί
2248 4262 2329 4329 ὠς
2363 4261 2673 4327 κονιορτὸν
2709 4259 2927 4329 τροχοῦ
2964 4256 3232 4328 καταιγίς
3256 4258 3548 4328 φέρουσα.

2193 4356 2309 4409 Οὐκ
2344 4353 2766 4425 ἀπαρακλήτους
2801 4352 2867 4423 ἐᾷ
2907 4352 3033 4414 τοὺς
3063 4350 3121 4417 ἐξ
3162 4349 3378 4423 Ἰσραὴλ
3408 4350 3721 4423 φιλάνθρωσ

2124 4464 2225 4510 πος
2274 4445 2349 4499 ὢν
2395 4445 2423 4497 ό
2455 4445 2564 4499 τῶν
2613 4444 2749 4498 ὅλων
2794 4442 2947 4507 Θεδς,
2984 4441 3472 4496 συνεισδὰλλουσαν
3522 4442 3579 4496 δὲ
3635 4443 3720 4514 τῷ

430 4547 551 4586 rum
592 4548 713 4587 cum
761 4544 909 4587 metu
951 4546 1320 4601 saepenumero
1343 4533 1509 4603 270
1535 4533 1663 4589 facit
1702 4535 2014 4606 conﬂigere,

2136 4537 2276 4607 φόϐῳ
2304 4537 2404 4608 τὴν
2448 4538 2532 4589 ἐπ’
2568 4536 2792 4605 ἀγαθοῖς
2841 4536 3030 4589 ἐλπίδα
3084 4537 3322 4588 ποιεῖται
3370 4533 3714 4601 πλειστάκις,

427 4623 592 4693 idque
622 4633 766 4693 apte,
792 4633 848 4678 ut
876 4622 1297 4693 utrinquejuvet
1315 4626 1615 4682 audientes.
1652 4626 1804 4691 Quod
1838 4628 2020 4695 itaque

427 4716 679 4769 civitates
717 4728 905 4767 eorum
950 4712 1003 4767 in
1035 4712 1425 4770 desolationem
1464 4717 1770 4788 redigendae
1814 4725 2015 4778 essent,

432 4808 629 4860 dictum
670 4817 755 4859 εει
798 4802 1085 4859 manifesto
1113 4824 1125 4859 :
1160 4815 1214 4859 et
1244 4822 1369 4877 qua
1403 4805 1751 4863 aﬂlietionum
1783 4810 2015 4874 occasio,

425 4901 630 4963 docuit,
663 4912 784 4951 cum
812 4897 928 4952 ait:
962 4896 1305 4968 Dereliquisti
1328 4899 1614 4954 Dominum
1654 4898 1818 4952 Deum
1843 4906 2014 4963 tuum,

427 5004 481 5045 et
512 4990 723 5045 Domini
746 4988 839 5046 Dei
866 4992 945 5046 tui
977 4991 1244 5060 adjutoris
1272 5007 1378 5048 non
1402 4992 1713 5047 recordatus
1733 5004 1813 5044 es.
1836 4989 1939 5044 Sed
1972 4992 2017 5046 is

427 5086 517 5153 qui
534 5084 822 5153 percussit,
839 5084 1125 5142 confestim
1140 5099 1198 5141 se
1212 5096 1526 5140 curaturum
1542 5082 1825 5151 promittit.
1843 5082 2017 5153 Expo-

427 5179 504 5231 nit
533 5185 711 5230 autem
733 5177 988 5245 quiddam
1009 5178 1152 5249 quod
1173 5176 1394 5239 accidit,
1412 5176 1556 5245 quod
1574 5186 1792 5245 propter
1811 5193 1839 5230 ιι
1850 5176 2015 5230 tilita-

429 5279 534 5320 tem
554 5268 740 5338 paucis
769 5269 951 5325 dicere
979 5281 1208 5324 necesse
1236 5275 1340 5322 est.
1374 5265 1606 5322 Ezechia
1633 5266 1740 5321 illis
1763 5267 2017 5339 tempori-

425 5361 526 5416 bus
541 5365 693 5433 regni
719 5362 901 5418 sedem
919 5369 1221 5431 oceupante
1260 5357 1675 5433 Hierosolymis,
1699 5360 2014 5417 Sennache-

427 5454 530 5507 rim
560 5468 652 5507 rex
680 5452 1026 5524 Assyriorum
1046 5459 1235 5506 contra
1256 5450 1420 5506 urbes
1440 5449 1638 5507 Iudaea
1662 5452 1896 5507 munitas
1920 5467 2014 5508 ex-

426 5543 877 5610 peditionelacta,
899 5555 993 5595 eas
1017 5542 1179 5612 cepit.
1220 5539 1493 5612 Scriptum
1524 5552 1607 5598 est
1632 5544 1776 5598 enim
1807 5544 1889 5599 sic
1905 5542 2008 5600 “‘:

428 5635 560 5689 Dein
613 5635 826 5702 ablegat
877 5631 1177 5701 [lapsaeem
1222 5648 1288 5689 es
1346 5634 1552 5693 Laches
1602 5633 1903 5694 Jerusalem
1952 5648 2010 5693 ut

501 5815 565 5847 δι’
600 5809 662 5867 ιν
700 5810 827 5882 Reg.
874 5822 1028 5880 xvttt,
1063 5824 1177 5869 ιιι.

2125 4628 2219 4682 καὶ
2266 4628 2423 4681 τοῦτο
2474 4627 2855 4697 οἰκονομικῶς,
2889 4628 2977 4681 ἵνα
3003 4627 3070 4680 δι’
3108 4626 3309 4697 ἀμφοῖν
3358 4625 3540 4697 ὠφελῇ
3588 4626 3718 4689 τοὺς

2124 4717 2529 4789 ἀκροωμένους.
2586 4719 2707 4772 Ὅτι
2755 4720 2935 4773 τοίνυν
2991 4718 3445 4790 ἐρημωθήσονται
3505 4718 3604 4788 μὲν
3659 4721 3716 4772 αἰ

2122 4812 2308 4874 πόλεις
2358 4811 2556 4875 αὐτῶν,
2592 4812 2808 4883 εἴρηται
2841 4812 3025 4881 σαφῶς
3048 4827 3060 4840 ·
3110 4810 3203 4863 καὶ
3233 4809 3361 4862 ποία
3392 4807 3584 4877 γέγονε
3619 4804 3716 4858 τοῦ

2124 4901 2315 4956 παθεῖν
2343 4903 2376 4974 ή
2408 4904 2701 4974 πρόφασις,
2733 4901 2936 4968 ἐῖίδαξε
2965 4902 3168 4971 λέγων,
3196 4903 3279 4955 δτι
3318 4898 3718 4968 Ἐγκατέλιπες

2121 4993 2327 5066 Κύριον
2375 4994 2464 5047 τὸν
2497 4994 2627 5048 Θεόν
2662 5011 2757 5047 σου
2784 5034 2798 5058 ,
2843 4994 2937 5048 καὶ
2969 4993 3172 5065 Κυρίου
3222 4990 3313 5045 τοῦ
3365 4986 3563 5061 βοηθοῦ
3614 5004 3716 5040 σου

2122 5087 2221 5140 οὐκ
2277 5087 2573 5159 ἐμνήσθης.
2622 5087 2806 5140 Ἀλλ“ό
2849 5087 3061 5156 πλήξας
3107 5086 3285 5147 εῦθὺςκ
3315 5081 3714 5153 ἐπαγγέλλεται

2120 5177 2215 5232 καὶ
2268 5177 2481 5247 μοτοῦν.
2546 5177 2852 5248 Ἐξηγεῖται
2906 5177 2965 5231 δέ
3010 5194 3063 5230 τι
3114 5175 3480 5247 συμὸεσηκὸς,
3535 5174 3564 5226 δ
3615 5172 3712 5225 καὶ

2120 5269 2294 5321 εἰπεῖν
2320 5268 2614 5338 ἀναγκαῖον
2634 5269 2709 5333 ὡς
2741 5269 2819 5322 ἔνι
2849 5270 3028 5339 λόγοις
3055 5268 3144 5322 διὰ
3165 5268 3264 5339 τὴν
3297 5266 3510 5338 χρείαν.
3561 5264 3711 5329 Ἑζε-

2122 5358 2241 5429 χίου
2304 5359 2446 5413 κατὰ
2496 5361 2727 5432 καιροὺς
2774 5360 2899 5424 τοὺς
2950 5362 3051 5430 τῆς
3099 5356 3376 5429 βασιλείαις
3429 5355 3707 5419 διέποντος

2121 5452 2343 5525 θρόνους
2385 5454 2443 5507 ἐν
2489 5456 2603 5515 τοῖς
2661 5450 3078 5523 Ἱεροσολύμοις,
3113 5448 3281 5519 ἀνέϐη
3333 5444 3708 5517 Σενναχηρεὶμ

2123 5545 2374 5618 βασιλεὺς
2419 5544 2719 5616 ’Λσσυρίων
2762 5545 2857 5598 ἐπὶ
2901 5544 2998 5607 τὰς
3050 5540 3233 5604 πόλεις
3283 5539 3545 5600 Ἰουδαίας
3606 5534 3706 5597 τὰς

2118 5636 2342 5708 ὀχυρὴ,
2368 5637 2461 5694 καὶ
2491 5636 2682 5691 ἐλαϐεν
2709 5636 2898 5700 αὑτάς.
2927 5635 3242 5705 Γέγραπται
3272 5632 3382 5703 γὰρ
3414 5630 3511 5684 ὡδί
3530 5646 3544 5660 ·
3573 5621 3706 5685 Eis!
