4060 6460
306 318 424 374 433
1295 372 1309 381 ,
1455 316 1523 371 1N
1565 312 1802 372 15:31AM
1842 314 1902 370 LI

2032 313 2073 371 L
2115 313 2356 372 TOMUS
2396 314 2482 373 lll.
3530 325 3634 385 ιὸΰ

305 442 532 513 πέμπει
571 436 853 508 Ῥαψάκην
885 440 951 491 ὲκ
980 438 1183 507 Λαχεῖς
1231 437 1313 501 εἰς
1372 434 1731 507 Ἰερουσαλὴμ
1770 433 1908 487 πολι-

2028 449 2146 490 eam
2168 434 2470 501 obsideret;
2503 435 2592 505 qui
2622 435 2710 491 ubi
2743 436 2999 505 venisset,
3020 437 3363 510 ntajestatern
3388 441 3631 496 omnium

301 531 557 604 ορκῆσαι
591 529 788 601 αὐτὴν,
819 528 878 593 δς
920 528 987 600 δὴ
1016 529 1116 584 καῖ
1144 529 1466 600 ἀφιγμένος,
1498 526 1904 599 κατεφλυάρῃσε

2029 534 2271 581 nostrum
2317 527 2629 583 Servatoris
2676 527 2769 582 Dei
2816 528 3007 583 ltabuit
3053 530 3301 586 derisui:
3345 545 3449 586 non
3488 531 3632 585 enim

303 624 416 695 μὲν
445 625 553 694 τῆς
585 621 747 694 δόξης
775 620 870 675 τοῦ
906 621 1125 675 πάντων
1158 620 1318 693 ήμῶν
1344 620 1602 692 Σωτῆρος
1630 618 1767 673 Θεοῦ
1789 634 1801 647 ·
1841 619 1906 688 μὶ

2033 634 2186 690 posse
2233 635 2329 675 eos
2369 634 2611 682 servare.
2655 622 2759 675 etsi
2806 620 2909 677 boc
2955 622 3081 677 velit
3114 623 3369 687 maxime,
3400 622 3636 678 amrma-

299 714 421 785 γάρ
459 712 731 768 δύνασθαι
782 711 1076 778 διασώζειν
1130 712 1352 777 αὐτοὺς,
1416 711 1521 765 κᾶν
1572 713 1621 764 εἰ
1678 709 1902 780 βούλοιτε

2031 714 2137 769 bat.
2172 712 2462 768 Barbarica
2485 721 2665 768 autem
2692 713 2871 784 lingua
2896 731 2961 771 ac
2982 726 3164 775 mente
3200 731 3353 782 usus,
3382 719 3634 788 cognmit

300 805 474 861 τοῦτο
520 806 699 878 δρᾷν,
753 806 784 858 6
839 806 1148 878 παράφρων
1191 804 1499 858 διετείνετο.
1547 803 1821 876 Βαρϐάρῳ
1866 803 1903 855 δί

2035 806 2361 875 experientia
2418 806 2679 870 edoctus,
2739 806 2933 861 durum
2998 823 3123 863 esse
3191 807 3398 863 homini
3461 809 3638 864 cuivis

301 895 535 969 γλώττῃ
582 895 680 949 καὶ
716 895 796 967 νῷ
828 895 1191 968 κεχρημένος,
1218 892 1359 961 ἔγνω
1406 896 1470 965 τῇ
1512 894 1678 965 πείρᾳ
1712 891 1901 963 μαθὼν

2030 910 2217 954 contra
2250 898 2934 970 supretnammajestatem
2968 913 3090 955 sese
3135 899 3405 955 attollere.
3437 898 3633 969 Egres—

311 990 397 1044 ὃτι
424 989 671 1061 σκληρδν
702 987 981 1060 ἀνθρώπῳ
1026 986 1190 1041 παντὶ
1224 987 1322 1055 τῆς
1367 985 1631 1040 ἀνωτάτω
1658 984 1914 1038 κατεπαί-

2032 1010 2119 1046 sus
2148 1003 2231 1047 est
2259 992 2404 1046 enim
2442 991 2669 1064 angelus
2714 990 2950 1057 Domini,
2986 1000 3037 1046 et
3071 993 3291 1047 sustulit
3328 1010 3432 1048 una
3472 1004 3635 1049 nocte

315 1080 515 1153 ρεοθαι
571 1082 757 1152 δόξης.
820 1079 1045 1152 Ἐξῆλθε
1102 1080 1212 1151 γὰρ
1270 1078 1503 1147 ἄγγελος
1563 1077 1796 1149 Κυρίου,
1828 1075 1918 1128 καὶ

2033 1102 2092 1139 rx
2126 1086 2319 1141 castris
2350 1084 2780 1155 alienigenarum
2823 1094 3042 1140 centum
3074 1086 3351 1157 octoginta
3392 1087 3636 1157 quinque

309 1175 530 1229 ἀνεῖλεν
565 1176 625 1229 ὲν
656 1176 760 1245 μιᾷ
792 1173 951 1227 νυκτὶ
980 1174 1047 1227 ὲκ
1078 1174 1178 1243 τῆς
1220 1170 1579 1244 παρεμϐολῆς
1621 1169 1731 1223 τῶν
1760 1168 1912 1223 ἀλλο-

2033 1177 2218 1242 millia,
2247 1193 2311 1235 ac
2342 1187 2631 1248 surgentes
2658 1191 2816 1231 mane
2844 1176 3172 1232 invenerunt
3199 1179 3379 1232 omnia
3407 1193 3636 1249 corpora

306 1269 505 1340 φύλων
540 1267 741 1323 ἑκατὸν
773 1268 1106 1340 ὀγδοήκοντα
1142 1266 1305 1322 πέντε
1340 1264 1588 1338 χιλιάδας
1608 1281 1621 1295 ·
1652 1265 1749 1318 καὶ
1785 1264 1909 1317 άνα-

2029 1278 2264 1324 mortua.
2293 1269 2359 1324 Et
2390 1284 2513 1326 cum
2544 1269 2955 1340 exspectatione
2978 1267 3275 1324 frustratus
3302 1280 3447 1325 esset
3476 1268 3523 1325 is
3541 1271 3632 1341 qui

304 1362 550 1428 στάντες
587 1362 652 1416 τὸ
691 1361 861 1435 πρωῒ,
904 1357 1065 1433 εὗρον
1112 1360 1292 1415 πάντα
1336 1358 1407 1413 τά
1447 1356 1679 1429 σώματα
1730 1356 1900 1429 νεκρά

2029 1362 2200 1427 misit,
2246 1361 2642 1419 Senuacberim
2691 1363 2946 1433 inquam,
2984 1378 3238 1418 reversus
3265 1373 3351 1416 est
3383 1360 3630 1431 perfuga,

313 1453 557 1528 Ἐπειδὴ
588 1455 648 1510 δὲ
678 1455 790 1508 τῶν
820 1451 1305 1526 προσδοκηθέντων
1332 1454 1360 1506 6
1387 1447 1696 1523 πεπομφὼς
1721 1447 1916 1519 ἐσφάλ-

2037 1465 2082 1510 et
2104 1454 2355 1511 servatus
2378 1462 2463 1509 est
2488 1454 2576 1510 vix
2602 1468 2698 1510 sua
2722 1453 2868 1508 domi
2896 1467 3268 1523 recuperans.:
3298 1452 3425 1520 quin
3450 1460 3505 1505 et
3525 1452 3640 1519 ipse

298 1548 461 1615 λετο,
494 1549 641 1620 φημὶ
669 1548 735 1619 δὴ
761 1547 1159 1619 Σενναχηρεὶμ,
1213 1544 1551 1617 ὑπενόστησε
1585 1541 1787 1614 φυγάς,
1830 1559 1901 1596 κα

2035 1548 2333 1605 trucidatus
2367 1557 2455 1604 est
2504 1562 2608 1603 non
2663 1548 2823 1618 longe
2860 1557 2979 1618 post
3009 1563 3036 1599 a
3071 1546 3186 1604 suis
3217 1545 3364 1600 ﬁliis.
3386 1600 3389 1605 ,
3412 1543 3638 1600 Factum

306 1642 480 1714 μόλις
515 1641 752 1706 ἐσώζετο
797 1641 868 1695 τά
900 1641 1039 1695 οἴκοι
1088 1636 1438 1703 καταλαϐών,
1468 1637 1517 1691 εί
1563 1636 1657 1691 καὶ
1705 1633 1909 1689 διόλωλε

2037 1651 2133 1705 est.
2186 1642 2399 1712 inquit,
2431 1641 2559 1697 dum
2608 1642 2865 1698 adoraret
2916 1642 3088 1696 domi.
3120 1656 3233 1697 sua:
3291 1642 3499 1696 Saracb
3550 1658 3640 1707 par

303 1736 417 1790 καὶ
446 1736 552 1790 οὐκ
585 1735 666 1798 είς
698 1734 919 1806 μακρὰν
949 1733 1055 1787 ὑπὸ
1082 1732 1197 1787 τῶν
1226 1730 1423 1787 ἑαυτοῦ
1473 1731 1702 1786 παίδων.
1765 1728 1906 1799 Ἐγέε

2043 1736 2308 1792 trarcltum
2352 1749 2542 1799 suum,
2579 1732 2937 1792 Adramelech
2980 1744 3038 1789 et
3083 1732 3336 1799 Sarasar,
3369 1732 3464 1787 filii
3501 1734 3646 1800 ejus.

302 1845 442 1883 νετο
470 1828 599 1898 γάρ,
629 1827 817 1898 φησιν,
847 1829 906 1880 ἐν
933 1824 1011 1897 τῷ
1040 1827 1369 1898 προσκυνεῖν
1394 1824 1558 1880 αὐτὸν
1588 1824 1647 1878 ὲν
1679 1821 1758 1895 τῷ
1788 1821 1905 1893 οἴκιε

2037 1844 2154 1885 eum
2193 1827 2376 1897 gladio
2425 1824 2815 1884 confoderunt.
2850 1827 3020 1894 Hujus
3073 1824 3319 1882 historiae
3369 1826 3473 1881 ltoc
3521 1824 3640 1879 loc"

303 1918 489 1975 αὑτοῦ
540 1919 785 1991 ’Δσαράχ
839 1918 931 1973 τὸν
990 1919 1309 1990 πάτραρχον
1352 1917 1540 1983 αὐτοῦ,
1587 1915 1906 1989 Ἀδραμελὲ)

2038 1920 2290 1976 meminit
2348 1919 2508 1976 nobis
2570 1934 2754 1975 sermo
2809 1918 3198 1990 propheticus;
3256 1918 3641 1986 incursumqne

304 2015 416 2070 καὶ
444 2013 731 2086 Σαρασάρ,
760 2016 809 2068 οί
834 2015 942 2068 υἱοὶ
972 2004 1163 2091 αὑτοῦ,
1219 2013 1499 2080 ἐπάταξαν
1529 2012 1693 2067 αὐτὸν
1726 2011 1907 2084 μαχαί-

2035 2013 2389 2087 Assyriorum
2436 2020 2855 2083 praemonstrat,
2899 2026 2963 2068 ac
3017 2010 3240 2081 inquit:
3279 2011 3365 2066 Vc
3399 2013 3638 2081 gentium

307 2125 468 2179 ραις.
502 2106 723 2177 Ταύτης
748 2106 1119 2179 διαμέμνηται
1144 2109 1243 2179 τῆς
1273 2106 1515 2178 ἱστορίας
1541 2106 1569 2159 6
1594 2103 1910 2176 προφητικδς

2038 2107 2331 2163 multarum
2357 2104 2728 2162 multitudini!
2756 2113 2810 2161 et
2848 2119 2970 2176 quae
3006 2114 3435 2174 consequuntur.
3470 2101 3641 2174 Luget

303 2204 456 2272 ⁴ἡμῖν
501 2201 563 2253 ὲν
604 2199 817 2263 τούτοις
867 2198 1047 2270 λόγος,
1086 2201 1185 2271 τὴν
1227 2199 1286 2253 δέ
1334 2216 1400 2269 γε
1450 2199 1559 2252 τῶν
1625 2196 1906 2269 ’Δσσυρίωε

2037 2199 2177 2257 enim
2237 2215 2333 2257 eos
2373 2199 2606 2255 miseros
2646 2198 2804 2269 quasi
2855 2197 3084 2270 jamjatn
3139 2198 3459 2264 morituros,
3514 2213 3640 2268 per-

306 2292 512 2364 εφοδον
538 2296 966 2367 προαφηγεῖται,
993 2292 1088 2348 καί
1109 2310 1292 2363 φησιν·
1327 2292 1467 2347 Οὐαὶ
1491 2291 1695 2362 πλῆθος
1722 2289 1893 2345 ἐθνῶν

2035 2291 2198 2348 dente
2237 2291 2453 2363 angelo.
2509 2290 2665 2359 Quod
2711 2300 2894 2347 autem
2945 2306 3054 2346 non
3104 2306 3211 2345 una
3262 2288 3425 2346 fuerit
3470 2305 3638 2359 gens,

306 2386 415 2441 καὶ
446 2385 518 2439 τά
562 2383 775 2449 τούτοις
801 2387 892 2456 ἐφ’
920 2385 1068 2457 ἑξῆς.
1099 2385 1391 2451 Ταλανίζει
1432 2386 1531 2454 μὲν
1567 2385 1677 2456 γάρ
1708 2383 1908 2447 αὐτοὺς

2039 2387 2131 2442 sed
2186 2385 2408 2456 plures,
2460 2385 2804 2442 demonstrat
2858 2385 3181 2457 perspicue,
3232 2400 3357 2441 cum
3400 2383 3642 2454 gentium

309 2476 392 2541 ὡς
423 2476 557 2530 ὅσον
604 2474 729 2529 οὐδέ
767 2495 856 2530 πω
888 2476 1319 2548 τεθνηξομένους
1365 2475 1425 2529 ὲν
1464 2477 1577 2539 τοῖς
1634 2473 1912 2546 Ἱεροσολύ-

2041 2479 2443 2536 multitudinem
2475 2478 2744 2534 nominat.
2776 2477 3100 2534 lnvaserunt
3133 2488 3315 2533 autem
3336 2478 3644 2548 provincias

312 2587 468 2641 μοις,
495 2568 806 2634 διόλλυντος
855 2569 1116 2639 ἀγγέλου.
1162 2569 1287 2621 Ὅτι
1314 2567 1372 2622 δὲ
1400 2568 1499 2639 οὐχ
1540 2567 1599 2623 ἓν
1642 2564 1712 2640 ἦν
1756 2567 1915 2633 ἔθνος

2036 2586 2133 2626 seu
2162 2568 2329 2625 urbes
2374 2565 2575 2623 Iudaeae
2613 2567 2759 2622 velut
2816 2583 2957 2637 aqua
3014 2567 3258 2636 copiosa.
3296 2579 3351 2622 et
3380 2577 3639 2637 tanquam

311 2662 559 2716 πλεῖστα
606 2660 665 2715 δὲ
729 2662 951 2732 μᾶλλον,
1002 2661 1366 2716 διαδείκνυσιν
1410 2662 1679 2734 ἐναργῶς,
1730 2661 1914 2733 πλῆθο‹

2037 2663 2274 2732 impetus
2314 2676 2470 2732 aqute
2523 2659 2826 2715 desilientis
2873 2668 2929 2712 et
2965 2659 3386 2723 murmurantis,
3431 2668 3640 2715 tantum

307 2754 497 2810 ἐθνῶν
542 2754 830 2824 ϐνομάζων
877 2756 1040 2811 αῦτά.
1104 2756 1377 2827 Ἐπῂεσαν
1427 2755 1486 2810 δὲ
1526 2758 1650 2819 ταῖς
1702 2754 1910 2828 χώραις

2038 2772 2144 2811 non
2172 2755 2339 2810 maris
2370 2757 2421 2808 in
2454 2768 2661 2808 morem
2692 2762 2882 2808 contra
2913 2751 3259 2807 adversarios
3288 2751 3639 2810 inundantes.

307 2849 443 2920 ἦτοι
478 2850 603 2912 ταῖς
634 2848 825 2902 πόλεσι
873 2849 975 2920 τῆς
1018 2849 1301 2915 Ἰουδαίας,
1334 2848 1411 2914 ὠς
1458 2849 1603 2922 ὕδωρ
1649 2848 1785 2903 πολὺ
1838 2866 1909 2902 κα

2137 2858 2326 2903 ursant
2353 2858 2533 2901 autem
2570 2860 2787 2915 semper
2820 2855 3033 2915 tergum
3067 2860 3256 2899 eorum
3288 2844 3378 2913 qui
3410 2843 3643 2915 fugiunt,
3738 2876 3740 2879 τ

307 2941 393 3006 ὡς
441 2939 541 3013 βία
574 2941 1050 3013 καταφερόμενον,
1084 2943 1180 2996 καὶ
1213 2941 1480 3015 θορύϐους
1510 2941 1798 3013 ἐμποιοῦν,
1839 2943 1909 3013 μό

2061 2941 2092 2995 ll
2126 2940 2216 3010 qui
2258 2947 2694 3009 persequuntur.
2723 2935 2956 2992 Dorsum
2988 2950 3116 2990 vero
3148 2936 3202 2989 in
3235 2935 3318 2991 bis
3351 2935 3664 2997 multarum,

309 3051 410 3089 νον
436 3034 497 3088 δὲ
526 3034 653 3105 οὐχὶ
681 3034 963 3105 θαλάσσης
992 3034 1150 3106 δίκην
1176 3034 1287 3090 τῶν
1318 3028 1731 3106 άνθεστηκότων
1767 3051 1910 3088 κατα

2043 3035 2284 3106 gentium
2317 3032 2575 3103 appellat,
2604 3046 2670 3087 eo
2713 3029 2859 3100 quod
2893 3029 3076 3084 multa:
3107 3038 3299 3100 gentes
3330 3032 3470 3099 apud
3501 3031 3646 3097 ipsos

309 3126 720 3198 κυμαίνοντες.
774 3126 967 3179 Νώτον
1019 3124 1078 3179 δὲ
1140 3127 1340 3191 αὐτοὺς
1389 3127 1602 3182 πολλῶν
1654 3126 1825 3180 ἐθνῶν
1877 3128 1912 3180 ὲκ

2043 3125 2421 3199 persecutione
2453 3135 2790 3194 premantur.
2841 3124 3044 3178 Deinde
3077 3134 3262 3192 postea
3307 3124 3646 3179 extermina-

308 3186 539 3281 τοῦτοις
588 3186 880 3280 ἀποκαλεῖ,
925 3217 1099 3271 διάτοι
1137 3218 1200 3271 τὸ
1248 3186 1417 3274 πολλὰ
1458 3218 1753 3273 διώκεσθαι
1802 3235 1911 3293 παρ

2042 3186 2118 3273 bit
2146 3233 2295 3285 eum,
2323 3216 2517 3287 inquit,
2555 3216 2607 3270 id
2636 3225 2743 3281 est,
2770 3230 2798 3268 a
2834 3226 2986 3284 tergo
3016 3215 3216 3279 mittet,
3249 3225 3301 3268 et
3331 3215 3491 3290 27],
3522 3231 3645 3275 eum

310 3307 508 3362 αὐτῶν
549 3306 702 3377 ἔθνη.
741 3307 1011 3379 Τρὲχουσι
1052 3307 1109 3362 δὲ
1143 3308 1287 3363 κατὰ
1325 3307 1496 3362 νώτου
1535 3308 1716 3380 πάντη
1745 3325 1806 3361 τε
1837 3308 1913 3362 κα

2045 3310 2201 3380 longe
2250 3319 2626 3379 persequetur,
2657 3308 2814 3378 quasi
2868 3310 3145 3376 pulverem
3201 3308 3369 3376 palea:
3419 3308 3648 3365 ventilas

312 3403 551 3465 πάντως
578 3399 690 3454 τῶν
741 3400 1056 3469 φευγόντων
1084 3403 1133 3455 οε
1164 3399 1477 3466 διώκοντες.
1525 3397 1662 3455 Εἶτα
1709 3401 1763 3454 τί
1793 3401 1915 3473 μετέ

2045 3413 2161 3459 tum
2204 3421 2233 3457 a
2262 3411 2445 3467 vento,
2477 3411 2532 3457 et
2567 3412 2625 3455 ut
2657 3400 3017 3470 pulvisculnm
3051 3410 3180 3455 rottc
3227 3401 3388 3456 turbo
3413 3401 3644 3460 auferet.

312 3495 523 3559 τοῦτος
561 3495 991 3566 Ἀποσκορακιεῖ
1003 3494 1187 3561 αὑτὸν,
1209 3494 1367 3566 φησὶ,
1392 3492 1538 3548 τοῦτ’
1565 3493 1733 3557 ἔστιν,
1757 3492 1915 3546 ὀπίσο

2045 3497 2182 3564 Quid
2211 3505 2295 3552 est
2323 3495 2469 3551 enim
2521 3494 2602 3549 sic
2634 3494 2750 3549 leve
2795 3505 2849 3549 et
2899 3493 3102 3551 mobile
3126 3535 3142 3560 ,
3184 3503 3242 3548 ut
3274 3494 3451 3564 pulvis
3488 3504 3648 3553 ventu

313 3587 565 3659 πέμψει,
599 3586 695 3641 καὶ
722 3586 915 3659 τεόρρω
942 3586 1107 3641 αὑτὸν
1136 3586 1409 3652 διώξεται,
1437 3585 1513 3649 ώς
1540 3585 1701 3657 χνοῦν
1724 3584 1916 3657 ἀχύροι

2044 3589 2236 3658 rapido
2282 3605 2355 3645 ex
2396 3588 2531 3644 rotis
2580 3596 2636 3643 et
2681 3602 2809 3641 area
2863 3587 3220 3643 sortlitlante?
3271 3588 3424 3656 Quod
3465 3601 3646 3644 autem

314 3678 653 3750 λικμώντων
679 3679 948 3733 ἀπέναντι
971 3678 1200 3749 ἀνέμου,
1222 3679 1320 3731 καὶ
1340 3677 1415 3741 ὡς
1441 3677 1719 3749 κονιορτὸν
1738 3673 1917 3747 τροχοὶ

2043 3681 2362 3737 discesserit
2395 3680 2659 3748 fugitivus
2698 3679 3096 3736 Sennaclterim
3121 3721 3135 3744 ,
3166 3680 3426 3749 probabit
3454 3682 3646 3737 dicens

313 3771 647 3839 κιταιγίδος
696 3772 959 3843 φέρουσα.
1008 3770 1077 3824 Τί
1134 3770 1244 3842 γάρ
1292 3769 1468 3835 οὕτως
1506 3768 1912 3841 εὐδιαρίπιστον

2044 3774 2085 3830 ei
2125 3772 2496 3828 universitatis
2522 3770 2682 3837 Dens,
2719 3787 2851 3827 voce
2882 3772 3074 3827 lsaim:
3112 3794 3129 3825 ι
3158 3772 3224 3827 Ει
3248 3773 3647 3840 injiciatur-eti»

314 3866 396 3932 ὥς
443 3866 578 3938 χοῦς
610 3867 677 3920 ὲκ
712 3864 910 3937 τροχοῦ
955 3866 1052 3919 καὶ
1087 3864 1315 3929 άλῶνος,
1366 3864 1680 3936 πνεύματος
1723 3862 1917 3935 λάϐροι

2046 3864 2288 3920 naculum
2319 3863 2433 3919 nari
2468 3872 2685 3935 tute,.et
2718 3866 2930 3921 frenum
2968 3863 3051 3919 ori
3095 3875 3214 3931 tuo,
3250 3874 3307 3920 et
3353 3875 3562 3923 vertant
3598 3874 3649 3920 tu

312 3957 872 4025 κατασπιλάζοντος;
927 3959 1051 4013 Ὀτι
1092 3958 1148 4012 δὲ
1178 3957 1351 4029 ᾤχετο
1384 3959 1565 4029 φυγάς
1591 3960 1621 4013 6
1652 3958 1915 4029 Σενναχηε

1139 3975 1148 4011 ι
1178 3957 1351 4029 ᾤχετο
1384 3959 1565 4029 φυγὰς
1591 3960 1621 4013 ό
1652 3958 1925 4029 Σενναχηο
2034 3960 2087 4013 in
2122 3959 2205 4013 via
2233 3974 2339 4028 qua
2374 3957 2568 4012 venisti
2604 3956 2688 4012 δ”.
2726 3976 2742 4008 ι

317 4053 484 4127 ρεὶμ,
516 4048 857 4105 πιστώσεται
885 4049 1063 4119 λέγων
1091 4050 1120 4104 6
1145 4048 1256 4103 τῶν
1281 4049 1420 4104 ὅλων
1444 4049 1577 4114 Θεὸς
1603 4050 1740 4124 πρὸς
1777 4051 1943 4104 αὐτὸν
1978 4050 2071 4105 διὰ
2110 4051 2298 4120 φωνῆς
2339 4049 2564 4104 Ἡσαΐου
2584 4064 2597 4077 ·
2635 4068 2653 4101 t
2693 4051 2804 4109 Kal.
2837 4051 3063 4122 ἐμϐαλῶ
3098 4051 3264 4123 φιμὸν
3290 4055 3370 4119 είς
3396 4054 3495 4125 τὴν
3525 4054 3647 4126 ρίνα

316 4161 446 4210 σου,
476 4144 577 4198 καὶ
610 4140 828 4213 χαλινὸν
847 4142 927 4205 εἰς
950 4142 1021 4195 τά
1049 4140 1205 4213 χείλη
1237 4157 1356 4205 σου,
1392 4141 1486 4195 καὶ
1507 4141 1843 4214 άποστρὲψω
1871 4157 1933 4194 σε
1968 4142 2028 4194 ὲν
2061 4142 2128 4213 τῇ
2168 4140 2273 4211 όδῷ
2378 4135 2543 4212 ἦλθες
2580 4142 2638 4194 ἐν
2668 4141 2829 4211 αὐτῇ.
2872 4160 2891 4193 ι

395 4240 564 4309 Πρὸς
595 4238 870 4307 ἑσπέραν
904 4237 1079 4292 ἔσται
1117 4238 1341 4305 πένθος
1367 4237 1511 4308 πρὶν
1553 4240 1593 4307 ἢ
1623 4239 1796 4308 πρωῒ,
1840 4237 1941 4296 καὶ

2125 4237 2288 4294 Vens.
2326 4236 2413 4290 14.
2452 4237 2535 4289 Ad
2576 4253 2847 4305 vesperum
2882 4239 2985 4290 erit
3013 4239 3187 4291 luctus
3244 4249 3524 4309 antequam
3576 4241 3643 4292 sit

313 4337 439 4391 οὐκ
458 4334 660 4388 ἔσται.
675 4333 839 4401 Αὕτη
856 4331 896 4399 ἡ
909 4331 1082 4401 μερίς
1099 4329 1222 4385 τῶν
1248 4329 1407 4402 ὑμᾶς
1418 4332 1463 4363 δ’
1482 4330 1913 4401 προνομευσάν

2048 4330 2370 4397 diluculum,
2399 4340 2447 4384 et
2484 4345 2586 4383 non
2618 4330 2737 4384 erit.
2790 4328 2919 4382 11αέ
2951 4330 3050 4383 erit
3101 4331 3276 4393 portio
3327 4332 3644 4399 (ἱέρ’-(Βάρης

316 4445 497 4492 των,·
519 4425 624 4481 καὶ
651 4425 1025 4495 κληρονομία
1072 4423 1196 4479 τῶν
1243 4422 1400 4495 ὑμᾶς
1432 4422 1919 4495 κληρονομησάν-

2047 4426 2180 4477 tium
2203 4437 2311 4489 vos,
2339 4429 2387 4475 et
2428 4419 2715 4477 Itwredt'tas
2744 4435 2927 4474 eorum
2951 4421 3041 4491 qui
3069 4431 3269 4475 vestras
3305 4421 3644 4476 Ita'reditates

319 4533 472 4572 των.

1973 4515 2020 4540 ν
2049 4515 2346 4570 adiveruul.

397 4609 630 4673 Φθάσας
682 4608 822 4681 ἔφην
868 4609 951 4663 ὅτι
1001 4608 1347 4681 περιστήσας
1402 4610 1431 4663 6
1495 4607 1781 4678 Ῥαψάκης
1837 4606 1948 4670 τοῖς

2124 4607 2246 4662 Dixi
2283 4608 2336 4661 itt
2371 4605 2755 4675 superioribus
2799 4607 2968 4677 quod,
3033 4624 3156 4663 cum
3209 4606 3488 4678 Rapsaces
3541 4609 3640 4663 cir-

330 4701 756 4776 Ἱεροσολύμοις
778 4701 842 4754 τὸ
873 4701 1137 4773 μάχιμον,
1175 4701 1274 4755 καὶ
1302 4701 1404 4755 οὐκ
1431 4703 1512 4766 είς
1543 4700 1764 4773 μακρὰν
1791 4699 1933 4771 αἱρή‹

2055 4700 2396 4757 cumsideret
2423 4697 2862 4771 Hierosolyma,
2905 4711 2962 4756 et
2996 4700 3290 4757 bellatores
3347 4716 3453 4755 non
3491 4700 3653 4772 longo

322 4814 450 4850 σειν
507 4795 683 4859 αὐτὴν
736 4793 1073 4865 ἀπειλήσας,
1128 4792 1379 4849 ἀπόλωλε
1437 4794 1786 4864 πανστρατιᾷ
1842 4792 1925 4864 πρέ

2048 4804 2172 4866 post
2199 4793 2487 4850 intervallo
2526 4792 2988 4864 interempturum
3029 4795 3484 4858 comminaretur,
3522 4806 3651 4848 antu

319 4889 511 4959 αὐγῆς
540 4888 639 4940 καὶ
663 4886 904 4958 ἡμέρας.
940 4885 1143 4951 Πένθος
1180 4886 1363 4940 τοίνυν
1404 4884 1581 4954 ἔσται,
1618 4885 1775 4957 φησι,
1812 4884 1919 4956 πρὸ

2051 4888 2226 4942 lucem
2274 4897 2330 4941 et
2383 4887 2524 4941 diem
2588 4903 2711 4941 cum
2751 4897 2863 4941 toto
2915 4889 3163 4942 exercitu
3216 4870 3400 4958 periit.
3445 4887 3652 4942 Luctus

319 4982 604 5051 ἑσπέραν,
640 4982 867 5045 πάντως
897 4997 1002 5033 που
1050 4980 1545 5051 προσδοκησάντων
1590 4979 1649 5032 ἐν
1693 4981 1807 5043 τοῖς
1849 4978 1918 5031 ἰε

2050 4977 2216 5047 igitur
2255 4977 2382 5039 erit,
2443 4977 2640 5045 inquit,
2689 4977 2790 5032 sub
2833 4992 3143 5047 vesperum,
3199 4993 3417 5048 semper
3456 4993 3653 5049 exspe-

323 5073 663 5150 ροσολύμοις
687 5071 911 5127 ἔσεσθαι
944 5071 1110 5144 πρωῒ,
1143 5073 1239 5127 καὶ
1263 5071 1358 5125 τοῦ
1388 5071 1628 5144 πολέμου
1656 5071 1755 5143 τὴν
1784 5088 1926 5143 προσ

2052 5070 2369 5125 ctanctibns
2422 5069 2943 5141 Ilierosolymitanis
2983 5112 2998 5138 ,
3062 5072 3181 5126 fore
3224 5085 3387 5126 mane
3422 5072 3655 5135 impres-

322 5168 527 5242 ϐολὴν,
556 5166 697 5220 ἀλλὰ
726 5166 1007 5219 πέπαυται
1037 5164 1144 5235 πρὸ
1179 5164 1377 5235 αὐγῆς.
1415 5164 1514 5219 Διὰ
1556 5162 1717 5217 τοῦτό
1758 5179 1924 5233 φησιν

2053 5162 2264 5217 sionem
2318 5162 2556 5231 bellique
2627 5161 2939 5231 impetum;
3007 5180 3196 5219 verum
3247 5166 3487 5221 cessavit
3530 5177 3656 5224 antu

298 5244 544 5343 ξἝσται
573 5261 674 5330 μὲν
706 5258 908 5322 πένθος
938 5258 1075 5327 πρὸς
1098 5256 1339 5329 ἑσπέραν
1365 5273 1378 5287 ·
1424 5257 1525 5312 οὐκ
1554 5254 1709 5310 ἔσται
1738 5255 1796 5310 δὲ
1826 5272 1901 5326 πρ

2057 5253 2262 5320 lucem,
2303 5253 2513 5308 idcirco
2552 5254 2630 5309 ait
2681 5272 2696 5309 :
2749 5255 2865 5310 Erit
2905 5256 3125 5327 quidam
3185 5256 3365 5312 luctus
3413 5258 3652 5327 vesperi,

297 5349 371 5426 ζῆ
398 5354 579 5426 πρωῒ,
610 5351 757 5407 τοῦτ’
790 5350 930 5414 ἔστι,
961 5349 1307 5404 πεπαύσεται
1330 5349 1425 5403 καὶ
1448 5347 1749 5419 καταλήξει
1775 5347 1834 5401 τὸ
1857 5347 1900 5402 δι

2054 5347 2148 5402 sed
2181 5355 2474 5418 antequam
2510 5348 2776 5413 lucescat,
2832 5364 2939 5405 non
2980 5351 3111 5414 erit,
3146 5350 3196 5405 id
3235 5358 3319 5406 est
3344 5388 3361 5415 ,
3403 5351 3652 5413 desistet,

294 5406 545 5518 ,ἐρυονλ
564 5406 678 5499 ,καὶ
696 5442 834 5516 ὁμοῦ
858 5406 975 5507 τοῖς
1006 5443 1071 5496 ἐκ
1097 5440 1194 5496 τοῦ
1230 5440 1424 5497 παθεῖν
1451 5406 1733 5513 οίχήσεται
1763 5439 1897 5511 δείμε

2053 5451 2110 5496 et
2135 5441 2348 5497 desinet
2381 5439 2625 5515 lacryma
2653 5484 2668 5510 ,
2706 5451 2759 5498 ct
2814 5443 2976 5498 simul
3033 5458 3158 5498 cum
3206 5453 3352 5497 metu
3415 5441 3651 5510 patiendi

324 5555 424 5593 σιν
460 5536 893 5610 ἐπικουροῦντος
917 5532 1054 5587 Θεοῦ
1076 5572 1092 5597 ,
1128 5534 1226 5588 καὶ
1256 5532 1577 5605 παραδόξως
1612 5532 1927 5604 ἀνῃρηκότα

2054 5532 2316 5599 lacesset,
2383 5535 2751 5591 subveniente
2808 5534 2963 5602 Deo,
3006 5545 3061 5590 et
3108 5531 3504 5589 admirabiliter
3552 5530 3651 5587 ho-

324 5631 437 5698 τὰς
468 5630 583 5686 τῶν
614 5629 897 5701 πολεμίων
928 5627 1253 5698 φάλαγγας,
1284 5627 1379 5680 καὶ
1406 5625 1633 5697 προσέτι
1665 5625 1758 5678 τὸν
1791 5624 1926 5696 ήγού

2052 5624 2229 5680 stilcm
2266 5623 2439 5683 aciem
2480 5623 2769 5695 fundente,
2801 5636 2855 5684 et
2905 5627 3097 5684 ducem
3128 5625 3353 5696 insuper
3376 5637 3441 5679 cx
3501 5632 3650 5685 terra

411 5796 460 5830 δ’
495 5792 655 5866 Sept.
690 5791 865 5865 ἡμᾶς,
899 5799 959 5847 ut
991 5790 1045 5848 in
1079 5787 1246 5848 Hebr.
1327 5787 1392 5835 δι’
1432 5783 1536 5843 lsa.
1576 5799 1782 5850 xxxv",
1821 5781 1913 5839 29.
