4060 6520
427 371 533 443 ᾒὸδ

1421 368 1478 424 S.
1521 366 1798 424 CYRlLLl
1839 367 2308 426 ALEXANDRINI
2348 368 2666 427 ARCHIEI‘.

3599 361 3705 422 4L6

429 491 661 558 Judaica
699 490 1057 562 proﬂigante.
1110 488 1225 545 Hoc
1252 490 1416 544 etiam
1444 490 1641 547 beatus
1699 491 1864 545 David
1921 493 2008 547 in-

2124 511 2278 566 μενον
2321 494 2675 559 ἐξελάσαντος
2716 491 2814 563 τῆς
2860 489 3127 545 Ἰουδαίων
3157 489 3280 560 γῆς.
3331 489 3503 544 Τοῦτο
3540 489 3635 542 καὶ
3676 491 3707 544 ὁ

434 595 786 654 terpretatur,
812 585 997 638 dicens
1025 598 1040 637 :
1071 602 1089 635 ι
1122 582 1347 653 Vesperi
1378 584 1805 639 commorabitur
1828 583 2011 651 ﬂetus,

427 685 484 731 et
520 691 679 729 mane
702 676 997 730 exsultatio
1030 674 1097 730 “.
1137 695 1155 728 ι
1194 673 1300 731 Sed
1329 676 1465 744 haec,
1492 677 1692 746 inquit,
1720 692 1862 744 sors,
1899 676 2015 734 haec

428 781 553 833 pars
588 779 773 820 eorum
805 766 895 837 qui
931 767 1156 837 praedati
1198 776 1327 824 sunt
1377 756 1501 833 vos,
1547 776 1602 824 et
1656 769 1805 825 velut
1851 784 2012 826 suum

433 858 819 925 patrimonium
846 859 1213 931 diripuerunt.
1265 861 1538 918 Convellit
1596 861 1686 919 hic
1730 861 2012 930 lsraelem,

424 948 569 1017 quod
617 964 679 1002 ea
722 950 1130 1022 designaverint
1180 953 1305 1022 ipsi,
1339 955 1482 1010 unde
1527 969 1627 1025 par
1652 964 1770 1010 erat
1797 967 2014 1027 gentem

430 1046 600 1092 totam
630 1041 893 1095 radicitus
927 1042 1116 1096 deleri.
1155 1042 1585 1099 Commiseratur
1640 1060 1830 1100 rursus
1873 1046 2013 1115 ipse,

425 1140 480 1183 et
514 1144 690 1186 morte
737 1133 961 1188 mulclat
1000 1149 1094 1189 eos
1134 1136 1225 1205 qui
1255 1135 1508 1206 populum
1541 1136 1645 1193 sibi
1681 1138 2013 1192 destinatum

427 1224 812 1293 diripuerant:
854 1247 872 1279 ε
906 1227 1101 1283 Divisit
1151 1228 1298 1284 enim
1328 1270 1345 1296 ,
1411 1230 1464 1284 in
1482 1230 1641 1300 quit,
1700 1230 2015 1288 Altissimus

430 1323 642 1384 gentes,
688 1315 944 1385 dispersit
987 1317 1125 1372 ﬁlios
1154 1316 1328 1373 Adam
1357 1360 1373 1385 ,
1422 1320 1708 1374 constituit
1742 1322 2009 1377 terminos

429 1406 843 1475 gentiumjuxta
884 1424 1168 1464 numerum
1208 1411 1523 1482 angelorum
1558 1410 1675 1467 Dei.
1729 1411 1795 1468 Et
1835 1411 2013 1469 factus

429 1504 514 1549 est
548 1498 724 1566 portio
778 1498 989 1553 Domini
1043 1500 1275 1570 populus
1330 1500 1449 1570 ejus
1496 1498 1690 1568 Jacob,
1744 1503 2017 1560 funiculus

430 1588 761 1643 hmreditatis
779 1590 893 1659 ejus
921 1589 1088 1647 Israel
1105 1592 1228 1648 δ”.»
1252 1593 1520 1650 Czeterum
1545 1596 1655 1651 hoc
1678 1595 1811 1650 mihi
1837 1596 2016 1652 adhuc

431 1680 802 1750 centemplare
846 1684 1191 1747 articulatius
1244 1695 1299 1745 et
1351 1685 1629 1752 subtilius,
1665 1699 1722 1743 et
1775 1687 1939 1742 veluti
1984 1704 2016 1743 a

432 1772 592 1826 rebus
621 1774 788 1843 gestis
827 1775 1106 1844 historice,
1137 1776 1205 1831 ad
1242 1778 1542 1848 penitiores
1574 1779 1845 1834 descende
1886 1792 2017 1833 sen-

431 1863 648 1916 tentias.
675 1862 809 1920 Cum
843 1863 1023 1935 impia:
1054 1875 1109 1921 et
1143 1868 1471 1924 adversaria:
1492 1877 1815 1936 potestates,
1852 1885 2011 1941 aqua
2045 1853 2091 1910 Β

428 1954 683 2012 violenta:
738 1956 910 2011 instar
960 1959 1015 2012 in
1065 1968 1307 2014 nostram
1351 1959 1591 2016 animam
1646 1960 1873 2030 eﬂusm,
1930 1962 2014 2018 vel

426 2048 671 2103 externis
703 2048 1026 2106 invadentes
1068 2051 1497 2119 tentationibus,
1549 2054 1634 2109 vel
1686 2054 1863 2110 insitis
1895 2068 2016 2108 mo-

432 2140 574 2196 tibus
602 2143 819 2210 carnis,
876 2152 1113 2199 mentem
1164 2146 1303 2201 bene
1363 2147 1717 2207 constitutam
1767 2146 2023 2204 obsidere

429 2234 819 2303 aggrediuntur
850 2251 863 2287 :
892 2250 959 2292 ne
990 2235 1044 2291 in
1071 2251 1323 2293 enervem
1348 2239 1688 2294 timiditatem
1725 2238 2014 2305 delabere,

429 2321 594 2397 272
622 2324 866 2393 quisquis
913 2322 1147 2395 palmam
1193 2341 1257 2382 ac
1314 2328 1516 2399 primas
1556 2328 1719 2393 ferre,
1784 2329 1894 2384 Deo
1928 2329 2020 2397 ju-

428 2424 611 2478 vaute,
639 2414 869 2485 cogitas;
890 2416 985 2471 sed
1015 2416 1088 2471 illi
1113 2417 1548 2487 potiusinnixus,
1583 2434 1800 2474 omnem
1832 2429 2013 2476 terro-

430 2519 544 2559 rem
581 2508 953 2576 exsuperabis.
986 2509 1138 2576 Quod
1165 2509 1309 2564 enim
1343 2511 1550 2573 auxilio
1573 2510 1716 2566 illius
1746 2512 2019 2583 potiturus

430 2597 522 2665 sit,
563 2598 815 2657 dubitare
854 2602 944 2672 qui
988 2601 1160 2656 licet?
1197 2600 1358 2657 Novit
1404 2603 1549 2657 enim
1577 2603 1838 2659 Dominus
1895 2605 2017 2674 pios

428 2690 643 2761 eripere
679 2705 749 2747 ex
802 2693 1121 2760 tentatione,
1169 2702 1223 2750 et
1282 2695 1475 2751 beatus
1522 2694 1724 2749 Paulus
1782 2695 2017 2751 scribit:

439 2800 459 2834 ι
497 2781 703 2838 Potens
737 2792 823 2838 est
873 2783 1037 2849 Deus,
1093 2794 1153 2840 ut
1193 2800 1302 2841 non
1345 2786 1629 2855 permittat
1677 2801 1772 2840 vos
1821 2786 2020 2843 tentari

429 2871 573 2927 ultra
626 2873 771 2944 quod
815 2875 1045 2944 potestis
1074 2916 1090 2942 ,
1140 2875 1238 2932 sed
1287 2874 1492 2930 eﬂiciet
1547 2891 1669 2933 cum
1726 2880 2022 2943 tentatioue

430 2965 661 3031 exitum,
694 2975 753 3020 ut
785 2966 1057 3021 sustinere
1085 2981 1182 3023 vos
1225 2967 1438 3036 queatis
1462 2966 1526 3022 “.
1561 2986 1581 3027 ι
1614 2967 1681 3023 Ει
1718 2979 1775 3023 ιιι
1814 2969 2022 3025 Psaltes

434 3058 513 3113 ait
542 3075 558 3111 :
591 3075 611 3108 ι
651 3056 1148 3114 Castrametabitur
1180 3058 1408 3130 angelus
1444 3058 1659 3115 Domini
1704 3061 1759 3116 in
1787 3061 2019 3118 circuitu

433 3150 739 3206 timentium
773 3166 920 3220 eum,
944 3160 999 3207 et
1044 3150 1244 3221 eripiet
1278 3166 1373 3206 eos
1404 3151 1470 3205 ιβ.
1510 3172 1528 3204 ›
1584 3153 1813 3220 Quando
1851 3154 2019 3210 etiam

433 3245 610 3314 ignari
645 3259 925 3303 sacrorum
953 3215 1268 3316 dogmatum
1292 3244 1534 3300 haeretici
1578 3215 1674 3301 sua
1708 3244 1837 3300 l‘reti
1887 3260 2021 3309 con-
2047 3215 2091 3274 ο

435 3337 671 3393 tumacia
703 3336 993 3408 insurgunt
1027 3345 1216 3392 contra
1250 3336 1502 3397 veritatis
1544 3336 1804 3403 cultores,
1836 3351 2021 3393 acres-

432 3442 539 3498 que
558 3439 611 3483 et
639 3431 874 3492 audaces
905 3428 1253 3497 adoriuntur,
1307 3429 1391 3483 vel
1422 3429 1561 3485 bella
1601 3430 1918 3493 excitando,
1969 3437 2026 3486 et

435 3522 863 3591 persecutiones,
913 3523 1002 3578 vel
1037 3522 1360 3580 aﬂlictiones
1403 3523 1538 3594 ipsis
1595 3523 2019 3591 accumulando,

436 3621 493 3669 et
522 3615 714 3681 mortis
742 3624 973 3681 metum,
1007 3615 1363 3673 nihilominus
1391 3615 1830 3672 debilitabuntur
1851 3615 2019 3671 etiam

437 3705 493 3769 bi
532 3722 547 3759 :
588 3720 750 3761 manu
777 3707 923 3762 enim
968 3718 1178 3764 secreta
1208 3708 1407 3765 bellum
1437 3708 1578 3780 gerit
1639 3706 1900 3762 Dominus
1924 3707 2023 3762 ad-

432 3810 627 3859 versus
654 3796 896 3864 Amalec,
926 3798 979 3853 in
1011 3813 1199 3856 omnes
1231 3806 1440 3864 aetates,
1475 3796 1893 3867 sicutscriptum
1917 3805 2018 3853 est.

2120 588 2387 659 μακάριος
2438 586 2602 641 Δαόὶδ
2664 585 2942 655 ἐξηγεῖται
2997 583 3206 652 λέγων·
3266 601 3286 634 ι
3344 581 3420 636 Τὸ
3465 582 3708 654 ἑσπέρας

2116 677 2503 750 αύλισθήσεται
2541 676 2839 747 κλαυθμὸς,
2869 675 2967 729 καὶ
2995 676 3076 739 είς
3100 674 3248 745 πρωῒ
3297 674 3644 744 ἀγαλλίασις.
3681 694 3703 727 ι

2131 771 2268 827 Ἀλλ’
2306 766 2481 837 οὗτος,
2525 771 2712 842 φησιν,
2755 772 2785 824 ὁ
2812 768 3013 841 κλῆρος
3033 785 3048 801 ·
3083 767 3222 839 αῦτη
3266 767 3324 822 δὲ
3355 769 3450 822 καὶ
3481 771 3515 839 ἡ
3549 769 3711 840 μερὶς

2116 864 2225 919 τῶν
2280 866 2425 934 ὑμᾶς
2475 846 2965 934 προνομευσάντων
3021 861 3117 914 καὶ
3167 854 3582 931 διαρπαζόντων
3632 859 3715 921 ὡς

2118 956 2248 1013 ἴδιον
2280 955 2502 1027 κλῆρον.
2542 953 2910 1018 Κατονειδίξει
2954 952 3043 1007 διὰ
3085 951 3293 1006 τούτων
3336 952 3465 1015 τοὺς
3508 949 3569 1018 ἐξ
3610 951 3715 1007 Ἰσ-

2119 1047 2277 1120 ραὴλ,
2318 1049 2400 1101 ὅτι
2446 1047 2765 1120 πεπράχασι
2806 1047 2905 1117 μὲν
2947 1046 3104 1099 αὐτοὶ
3138 1041 3207 1098 τὰ
3238 1043 3306 1097 δι’
3335 1036 3412 1098 ὧν
3459 1038 3528 1114 ἦν
3560 1040 3714 1105 εἰκὸς·

2116 1139 2404 1212 δλόρῤιζον
2424 1136 2721 1192 ἀπολέσθαι
2748 1137 2810 1189 τὸ
2836 1135 3010 1200 ἔθνος,
3059 1133 3426 1204 κατοικτείρει
3455 1131 3511 1186 δὲ
3545 1131 3721 1185 πάλιν.

2116 1230 2301 1295 αὐτὸς,
2350 1230 2445 1287 καὶ
2485 1229 2701 1301 θανάτῳ
2752 1228 2971 1292 κολάζει
3006 1228 3133 1290 τοὺς
3178 1223 3582 1298 διαρπάζοντας
3613 1223 3709 1276 τὸν

2116 1323 2492 1395 ὲκνεμηθέντα
2518 1322 2644 1377 λαὸν
2671 1321 2843 1392 αὐτῷ.
2867 1322 3029 1374 «Ὅτε
3063 1318 3193 1389 γὰρ,
3227 1318 3382 1390 φησὶ,
3400 1312 3712 1387 διεμέριζεν

2116 1417 2146 1470 ὁ
2168 1415 2429 1486 ’Υψιστος
2456 1414 2608 1485 ἔθνη,
2635 1414 2708 1477 ὡς
2736 1413 3042 1485 διέσπειρεν
3067 1410 3217 1474 υἱοὺς
3258 1409 3451 1480 Ἀδάμ,
3484 1407 3712 1476 ἔστησεν

2116 1509 2244 1582 ὅρια
2284 1508 2453 1565 ἐθνῶν
2487 1508 2629 1563 κατὰ
2675 1506 2911 1579 ἀριθμὸν
2943 1503 3193 1573 ἀγγέλων
3226 1501 3364 1556 Θεοῦ
3389 1518 3403 1531 ·
3455 1499 3551 1554 καὶ
3590 1500 3713 1568 ἐγε-

2118 1599 2257 1670 νήθη
2294 1597 2454 1670 μερὶς
2500 1598 2707 1667 Κυρίου
2783 1594 2912 1657 λαὸς
2955 1593 3121 1649 αὐτοῦ
3160 1592 3374 1657 Ἰακὼϐ,
3421 1590 3713 1662 σχοίνισμα

2120 1691 2486 1765 κληρονομίας
2528 1691 2693 1753 αὐτοῦ
2734 1689 2970 1762 Ἰσραήλ.
3011 1708 3031 1742 ι
3074 1687 3237 1742 Ἀλλά
3277 1705 3367 1758 μοι
3402 1685 3541 1758 πρὸς
3583 1683 3712 1740 τού-τ

2119 1800 2235 1846 τοις
2261 1782 2482 1837 κάκεῖνο
2509 1781 2666 1853 ἄθρει
2692 1781 2925 1844 λεπτῶς,
2973 1778 3067 1833 καὶ
3093 1778 3169 1842 ὡς
3199 1776 3308 1831 ἀπό
3334 1794 3398 1843 γε
3429 1776 3538 1830 τῶν
3569 1778 3716 1830 ἰστορ

2119 1872 2288 1946 ρικῶς
2342 1874 2644 1943 γεγονότων
2697 1875 2776 1936 εἰς
2808 1871 3018 1935 ἐννοίας
3067 1869 3229 1942 ἔρχου
3289 1868 3389 1933 τὰς
3428 1867 3711 1921 ἐσωτάτω.

2124 1968 2294 2020 Ὅταν
2327 1967 2477 2037 ἡμᾶς
2513 1966 2571 2019 αί
2610 1964 2848 2037 πονηραί
2885 1980 2947 2017 τε
2995 1962 3093 2017 καὶ
3137 1960 3513 2031 άντικείμεναι
3551 1960 3717 2013 δυνά-

2129 2076 2272 2130 μεις,
2306 2057 2496 2121 ὕδατος
2545 2056 2721 2128 βιαίου
2753 2056 2911 2126 δίκην
2939 2052 3342 2124 καταχεόμεναι
3376 2051 3475 2121 τῆς
3508 2048 3713 2119 ψυχῆς,

2119 2150 2153 2220 ἦ
2186 2152 2299 2214 τοῖς
2331 2149 2532 2214 ἔξωθεν
2570 2149 2902 2219 πειρασμοῖς
2943 2144 3332 2217 ἐμϐάλλουσαι,
3382 2142 3549 2212 ἤγουν
3600 2142 3715 2203 τοῖς

2120 2240 2384 2314 ἐμφύτοις
2404 2241 2671 2311 κινήμασι
2692 2238 2793 2310 τῆς
2815 2236 3036 2308 σαρκὸς,
3062 2234 3444 2306 ἐκπολιορκεῖν
3464 2231 3716 2302 ἐπείγον-

2119 2351 2211 2389 ται
2236 2333 2329 2386 τὸν
2359 2330 2696 2404 εὑσεϐηκότα
2722 2328 2848 2384 νοῦν
2872 2345 2885 2359 ·
2926 2327 3001 2399 μὴ
3023 2328 3102 2392 είς
3123 2327 3334 2397 ἀδρανῆ
3365 2323 3569 2379 δειλίαν
3618 2339 3716 2377 κα-

2120 2424 2438 2479 ταπιπτέτω
2467 2441 2550 2487 τις
2569 2422 2678 2476 τῶν
2698 2418 3006 2493 ἀριστεύειν
3027 2417 3246 2472 εἰδότων
3278 2415 3417 2486 μετὰ
3442 2413 3602 2478 Θεοῦ,
3619 2412 3710 2465 ἐπ’

2123 2515 2274 2587 αὐτῷ
2320 2515 2379 2569 δὲ
2437 2514 2639 2586 μᾶλλον
2697 2512 3066 2583 ποιησάμενος
3102 2508 3202 2580 τὴν
3240 2506 3452 2570 ἐλπίδα,
3511 2504 3717 2568 παντὸς

2122 2595 2262 2661 ἔστω
2290 2606 2554 2679 κρείττων
2581 2604 2854 2675 δείματος.
2889 2601 3153 2666 Τεύξεται
3181 2599 3288 2671 γὰρ
3317 2600 3399 2653 ὅτι
3443 2596 3546 2667 τῆς
3592 2598 3717 2649 ἐπι-

2122 2699 2348 2769 κουρίας
2397 2696 2549 2769 παρὰ
2601 2695 2791 2761 αὐτοῦ,
2818 2694 2934 2759 πῶς
2972 2694 3122 2747 ἐστιν
3176 2689 3542 2762 ἀμφιϐαλεῖν;
3592 2680 3720 2751 Οἵδε

2122 2793 2231 2864 γὰρ
2263 2791 2468 2862 Κύριος
2514 2789 2762 2853 εὐσεϐεῖς
2808 2790 2874 2843 ἐκ
2926 2785 3237 2858 πειρασμοῦ
3279 2782 3527 2856 ῥύεσθαι,
3562 2780 3719 2834 καὶὰ

2127 2883 2399 2957 μακάριος
2429 2883 2487 2936 δὲ
2520 2882 2723 2952 γράφει
2763 2879 3005 2944 Παῦλος
3049 2897 3069 2933 ι
3124 2876 3359 2938 Δυνατὸς
3390 2875 3419 2927 ὁ
3461 2872 3618 2936 Θεὸς,
3658 2870 3720 2934 ὃς

2123 2974 2224 3029 οὐκ
2272 2975 2423 3029 ἐάσει
2459 2975 2605 3044 ὑμᾶς
2638 2971 2969 3043 πειραθῆναι
3023 2969 3165 3040 ὑπὲρ
3211 2967 3239 3021 δ
3287 2964 3553 3033 δύνασθε,
3582 2960 3720 3031 ἀλλά

2125 3067 2343 3136 ποιήσει
2375 3065 2473 3119 σὺν
2501 3062 2580 3135 τῷ
2613 3061 2907 3135 πειρασμῷ
2956 3061 3051 3115 καὶ
3093 3059 3192 3132 τὴν
3226 3057 3451 3111 ἔκόασιν
3496 3053 3592 3109 τοῦ
3622 3050 3719 3118 δύο

2126 3156 2322 3212 νασθαι
2380 3158 2722 3225 ὑπενεγκεῖν.
2783 3173 2800 3206 ι
2865 3154 2978 3209 Καλ⁵
3029 3152 3105 3217 ὡς
3158 3153 3187 3205 ό
3235 3147 3463 3218 Ψάλτης
3514 3145 3724 3216 φησίνῶ

2129 3268 2150 3302 ι
2192 3249 2546 3322 Παρεμϐαλεῖ
2572 3246 2804 3317 ἄγγελος
2835 3244 3043 3317 Κυρίου
3079 3243 3267 3312 κύκλῳ
3290 3241 3398 3295 τῶν
3442 3235 3721 3309 φοϐουμέ-

2130 3356 2237 3405 νων
2275 3339 2460 3403 αὐτὸν,
2498 3338 2589 3392 καὶ
2623 3338 2847 3410 ῥύσεται
2892 3333 3111 3398 αὐτούς.
3162 3352 3180 3384 ι
3217 3332 3387 3385 Ὅταν
3420 3328 3477 3382 δὲ
3525 3326 3622 3379 καὶ
3667 3325 3721 3378 οι

2130 3429 2241 3485 τῶν
2306 3428 2466 3503 ίερῶν
2518 3428 2804 3500 δογμάτων
2851 3425 3217 3496 ἐπιστήμονες
3262 3417 3549 3493 αἱρετικοῖ,
3598 3416 3720 3476 ταῖς

2131 3523 2340 3578 ἑαυτῶν
2393 3522 2745 3592 δυστροπίαις
2797 3517 3071 3591 χρώμενοι
3130 3513 3557 3581 κατεπαίρονται
3610 3504 3721 3559 τῶν

2128 3616 2230 3685 τῆς
2257 3610 2517 3685 ἀληθείας
2542 3610 2954 3684 προσκυνητῶν,
2989 3606 3313 3679 ἐπέρχονται
3342 3603 3399 3671 δέ
3431 3600 3594 3656 δεινοὶ
3621 3597 3719 3651 καὶ

2131 3706 2372 3779 θρασεῖς,
2421 3707 2454 3777 ἢ
2508 3704 2781 3775 πολέμους
2827 3700 3149 3764 ἀνιστάντες
3198 3698 3294 3752 καὶ
3341 3692 3635 3765 διωγμοὺς,
3678 3688 3727 3767 ἢν

2132 3799 2339 3870 θλίψεις
2386 3800 2590 3863 αὐτοῖς,
2640 3797 2734 3852 καὶ
2772 3794 3003 3850 θανάτου
3037 3791 3202 3863 φόϐον
3250 3784 3716 3858 ἐπισωρεύοντες’

434 3894 590 3950 οὐδὲν
620 3889 783 3968 ἦττον
829 3894 1219 3969 ἀσθενήσωσι,
1246 3895 1340 3949 καὶ
1404 3889 1587 3949 οὗτοι⁹
1630 3892 1776 3967 χειρὶ⁵
1804 3891 1914 3965 γὰρ
1956 3896 2201 3968 κρυφαία
2241 3895 2470 3967 πολεμεῖ
2537 3892 2743 3965 Κύριος
2788 3890 2882 3946 ἐπὶ
2912 3886 3185 3975 [Λμαλὴκ
3246 3881 3355 3938 ἀπὸ
3391 3878 3596 3952 γενεῶν
3637 3875 3724 3938 εἰς

434 3989 650 4058 γενεὰς,
681 3988 826 4044 καθὰ
850 3988 1183 4062 γέγραπται.

456 4070 461 4079 ’
506 4083 639 4155 Clin.
701 4096 857 4137 xvul.
910 4080 1080 4137 Vsus.
1114 4084 1170 4150 1,
1225 4082 1283 4138 2.
1315 4081 1404 4137 Va:
1452 4092 1608 4135 terra:
1646 4081 1863 4137 navium
1920 4083 2024 4138 alia

435 4179 579 4232 ultra
621 4177 844 4247 ﬂumina
899 4172 1373 4244 Αἰιιιὶορὶωίρυῖ
1407 4174 1570 4228 mittit
1614 4175 1668 4227 in
1697 4175 1834 4229 mari
1881 4176 2024 4230 obsi-

434 4270 563 4332 des,
618 4278 665 4323 et
728 4268 976 4337 epistolas
1031 4266 1338 4321 chartaceas
1405 4282 1565 4335 super
1621 4284 1813 4336 aquas.
1862 4260 2025 4322 Ibunt

435 4361 574 4415 enim
600 4360 774 4414 nuntii
796 4361 928 4415 leues
953 4358 1022 4412 ad
1045 4366 1248 4429 gentem
1284 4357 1577 4424 excelsam,
1608 4368 1657 4413 el
1685 4360 2022 4429 peregrinum

2198 4077 2345 4133 Οὐαὶ
2372 4070 2487 4145 γῆς
2514 4072 2743 4128 πλοίων
2783 4070 3073 4138 πτέρυγες
3122 4067 3405 4121 ἐπέκεινα
3435 4064 3725 4143 ποταμῶν

2113 4169 2423 4234 Αἰθιοπίας
2438 4168 2462 4233 ,ί
2486 4170 2518 4222 ὁ
2548 4163 2947 4221 ἀποστέλλων
2972 4163 3043 4215 ἐν
3070 4158 3356 4228 θαλάσσῃ
3385 4157 3598 4228 ὅμηρα,
3618 4159 3722 4212 καὶ

2123 4259 2456 4327 ἐπιστολὰς
2493 4258 2781 4325 ,βιϐλίνας
2824 4252 3028 4308 ἐπάνω
3068 4251 3175 4307 τοῦ
3222 4250 3459 4317 ὕδατος.
3498 4250 3725 4317 Πορεύέ

2125 4372 2338 4411 σονται
2368 4354 2476 4433 γὰρ
2527 4351 2772 4422 ἄγγελοι
2810 4346 3028 4417 κοῦφοι
3082 4344 3234 4414 πρὸς
3276 4343 3452 4409 ἔθνος
3498 4344 3720 4417 pstea»-

434 4451 687 4522 populum
709 4462 756 4508 et
784 4453 1000 4512 durum.
1029 4449 1161 4527 Qui;
1180 4450 1320 4509 ultra
1344 4451 1500 4506 illum
1525 4451 1550 4506 .9
1582 4449 1723 4507 Gens
1739 4453 2021 4522 desperata

2124 4466 2255 4517 ρον,
2305 4446 2404 4501 καὶ
2443 4444 2624 4509 ξένον
2671 4439 2991 4505 λαὸνγκαὶ
3047 4436 3339 4507 χαλεπόν.
3387 4435 3483 4501 Τίς
3530 4433 3720 4490 αὑτοῦ

438 4555 485 4596 οι
513 4544 849 4600 conculcata.

504 4720 691 4776 Mirari
725 4721 848 4789 quis
876 4720 1082 4790 poterit
1104 4721 1246 4791 apud
1279 4735 1358 4788 se,
1397 4730 1453 4776 et
1489 4718 1809 4793 ratiocinari
1837 4717 2023 4772 forsan

435 4824 489 4880 ct
518 4814 705 4869 dicere
739 4830 752 4865 :
787 4809 957 4881 Cujus
986 4812 1062 4869 rei
1086 4812 1421 4882 gratia,cum
1454 4811 1545 4867 hic
1587 4819 1780 4875 contra
1832 4808 2028 4862 Dama-

435 4921 591 4967 scum
645 4920 831 4962 sermo
889 4906 1240 4976 propheticus
1273 4906 1459 4970 fuerit,
1489 4906 1655 4959 etiam
1700 4912 1861 4957 terrae
1908 4917 2028 4970 quae

433 5010 516 5057 est
538 5000 679 5055 ultra
703 4999 895 5055 ﬂuvios
923 4999 1226 5070 Αὲιιιίορίω
1252 4998 1580 5054 mentionem
1617 4995 1869 5051 inducit?
1923 4995 2015 5049 Di-

436 5097 617 5151 cimus
640 5093 804 5166 igitur
818 5081 1097 5151 Israeiitas
1121 5093 1307 5149 multis
1326 5107 1390 5146 ac
1410 5088 1642 5145 diversis
1659 5088 2020 5159 temporibus,

435 5189 819 5245 universorum
855 5196 1246 5253 conservatore
1273 5191 1330 5240 et
1360 5183 1472 5237 Deo
1525 5181 1749 5236 incaute
1801 5180 2013 5246 relicto,

435 5281 492 5336 in
531 5295 772 5335 errorem
802 5279 1037 5350 plurium
1072 5278 1296 5332 deorum
1321 5272 1604 5330 devolutos
1638 5287 1780 5339 esse,
1805 5280 1860 5324 et
1890 5286 2018 5324 cura

433 5375 687 5435 Mosaica:
742 5371 1127 5445 praeceptionis
1181 5369 1235 5423 in
1286 5374 1461 5425 totum
1511 5365 1724 5436 abjecta
1760 5407 1776 5432 ,
1832 5380 1861 5419 a
1911 5363 2021 5419 Deo

2055 4523 2104 4580 Ῑ)
2127 4539 2407 4595 ἐπέκεινα
2424 4554 2452 4605 ;_
2489 4537 2708 4600 Ἕᾱνος
2735 4532 3113 4598 ἀνέλπιστον
3143 4528 3244 4583 καὶ
3300 4541 3721 4594 natuenatu-

2118 4627 2328 4700 μένον.

2193 4716 2540 4791 Θαυμάσειεν
2568 4714 2633 4770 ἄν
2663 4733 2766 4779 τις,
2798 4714 2896 4768 καὶ
2921 4713 2986 4784 δὴ
3036 4710 3131 4765 καὶ
3160 4708 3282 4764 καθ’
3309 4708 3504 4763 ἑαυτὸν
3542 4709 3725 4775 ὲκῖῖνο

2124 4810 2267 4883 τάχα
2306 4826 2412 4864 που
2461 4807 2833 4877 διαλογιεῖται,
2881 4806 2977 4873 καὶ
3027 4806 3176 4875 ἐρεῖ·
3225 4800 3333 4855 Τοῦ
3375 4800 3440 4872 δὴ
3493 4802 3653 4872 χάριν
3691 4803 3722 4855 ὀ

2126 4899 2465 4976 προφητικδς
2490 4901 2625 4971 ἡμῖν
2656 4899 2714 4952 ἐν
2748 4896 2955 4960 τούτοις
2986 4894 3145 4963 λόγος
3210 4892 3403 4961 γέγονε
3438 4890 3539 4961 μὲν
3579 4889 3726 4944 κατὰ

2125 4995 2227 5066 τῆς
2269 4991 2587 5064 Δαμασκοῦ,
2618 4988 2922 5061 εἰσκομίζει
2951 4985 3010 5041 δὲ
3062 4986 3285 5056 μνήμην
3317 4983 3412 5037 καὶ
3442 4985 3543 5054 τῆς
3592 4982 3719 5052 γῆς,

2123 5083 2224 5153 τῆς
2267 5082 2526 5137 ἐπέκεινα
2575 5077 2834 5149 ποταμῶν
2885 5074 3204 5140 Αίθιοπίας;
3263 5072 3448 5143 Φαμὲν
3495 5066 3590 5126 οὖν
3636 5071 3722 5140 ὅτι

2127 5175 2271 5253 κατᾲ
2300 5175 2525 5246 καιροὺς
2566 5172 2615 5225 oi
2652 5170 2711 5238 ἐξ
2769 5167 3006 5239 Ἰσραὴλ,
3050 5167 3143 5220 τὸν
3173 5165 3281 5219 τῶν
3311 5164 3449 5219 ὅλων
3494 5162 3720 5233 σωτῆρα

2123 5267 2258 5329 Θεὸν
2309 5265 2628 5322 καταλιπεῖν
2672 5261 2999 5332 ἀφυλάκτως
3043 5257 3526 5331 μεμελετηκότες,
3581 5272 3716 5313 κατ-

2125 5359 2329 5432 ῲχοντο
2374 5356 2473 5429 μὲν
2506 5357 2584 5420 είς
2624 5350 2883 5409 πολύθεον
2908 5350 3116 5421 πλάνην
3137 5365 3153 5381 ο
3189 5347 3633 5419 κατημεληκότες
3660 5345 3726 5399 δέ

436 5435 758 5539 castigatos:
783 5435 939 5519 bello.
964 5460 1239 5515 multoties
1275 5458 1328 5513 in
1359 5471 1452 5512 eos
1477 5435 1775 5521 concitato,
1809 5463 1865 5509 et
1889 5454 2019 5509 hinc

2131 5452 2211 5514 εἰς
2239 5448 2383 5503 ἅπαν
2405 5448 2504 5517 τῆς
2525 5445 2612 5500 διὰ
2639 5444 2883 5507 Μωσέως
2905 5441 3147 5513 ἐντολῆς,
3175 5438 3540 5511 ,ἐπαιδεύοντο
3568 5435 3718 5507 παρὰ

437 5530 841 5624 calamitatibus
889 5551 1045 5621 quasi
1096 5546 1506 5619 colliquefactos
1572 5555 1628 5604 et
1666 5546 1905 5601 attritos.
1957 5542 2020 5597 Hi

2130 5542 2289 5607 Θεοῦ,
2328 5540 2600 5611 πολέμους
2626 5539 2808 5601 αὐτοῖς
2836 5534 3227 5597 ὲπανιστάντος
3272 5530 3416 5588 κατὰ
3466 5530 3715 5602 καιροὺς,

437 5619 641 5717 autem,
666 5660 790 5704 eum
810 5619 1126 5698 debuissent
1146 5640 1482 5710 paenitudine
1504 5654 1701 5696 sanare
1722 5637 2012 5701 oil‘cnsum,

2128 5636 2220 5689 uati
2267 5635 2388 5697 ταῖς
2430 5629 2676 5685 ἐντεῦθεν
2719 5628 3121 5698 κατατήκοντος
3164 5624 3487 5695 συμφοραῖς.
3524 5622 3588 5674 Oi
3636 5619 3713 5685 δὲ,

506 5803 554 5861 ἑξ
588 5804 730 5880 Γεῃῐ.
762 5817 915 5873 xxix,
943 5801 995 5860 6.
1075 5802 1138 5833 ⁸³⁸
1173 5800 1332 5856 Dent.
1369 5818 1537 5869 χχχιι,
1570 5803 1623 5865 8,
1659 5800 1711 5854 9.
1783 5798 1827 5831 “
1857 5796 1877 5849 Ι
1918 5798 2021 5854 Cor

2125 5837 2140 5863 ,
2175 5793 2261 5857 15.
2338 5793 2381 5836 ³-⁵
2415 5791 2557 5864 Psal.
2594 5804 2787 5857 χχχιιι,
2819 5791 2872 5843 8.
