4060 6498
1948 256 1955 260 ν
1975 222 2180 274 *σεο-ωδὲ

314 314 436 366 437

1484 310 1547 365 IN
1591 308 1828 365 ISAIAM
1869 309 1926 362 Li

2048 309 2110 364 Il.
2154 307 2394 367 TOMUS
2433 310 2520 366 ΙΙΙ.
3533 313 3632 365 {ﬁt

308 430 509 481 καίτοι
539 426 658 481 δέον
692 429 811 492 ταῖς
847 427 1224 497 μεταγνώσεσι
1264 428 1589 498 θεραπεύειν
1617 428 1933 501 λελυπημε-

2041 438 2093 483 et
2129 444 2157 483 a
2190 444 2285 484 sua
2317 429 2600 484 discedere
2654 429 2948 498 pravitate,
3000 437 3056 486 et
3086 431 3151 483 ad
3189 430 3241 485 id
3270 434 3412 500 quod
3464 432 3626 499 legit-

302 537 431 581 νον,
488 518 589 572 καὶ
644 520 948 591 ἀποφοιτᾷν
1000 521 1097 591 μὲν
1148 520 1248 591 τῆς
1300 520 1512 575 ἑαυτῶν
1564 520 1925 591 φαυλότητος,

299 611 765 683 ἀνακομίζεσθαι
804 612 861 665 δὲ
889 613 1031 685 πρὸς
1068 614 1129 668 τὸ
1161 613 1241 685 τῷ
1275 613 1543 689 νομοθέτῃ
1578 613 1793 679 δοκοῦν,
1836 616 1932 669 καὶ

299 705 417 776 τὴν
447 705 590 777 παρ’
619 702 787 759 αὑτοῦ
828 704 990 777 διψῇν
1045 704 1371 777 ἐπικουρίαν
1392 744 1408 771 ,
1437 705 1537 769 τὰς
1572 705 1686 760 τῶν
1713 706 1932 777 ὁμόρων

299 793 493 850 ἐθνῶν
559 793 991 866 κατεμισθοῦντο
1063 796 1409 866 συμπνοίας·
1468 798 1565 851 καὶ
1632 797 1761 851 ποτέ
1831 799 1929 869 μὲν

302 888 629 958 προσίεσαν
670 890 786 952 τοῖς
830 891 933 961 τῆς
979 889 1274 960 Δαμασκοῦ
1324 889 1643 962 βασιλεῦσι,
1696 891 1828 945 ποτὲ
1874 890 1932 945 δὲ

311 982 429 1045 τοῖς
459 980 789 1048 Αἰγυπτίων
810 999 824 1013 ·
860 981 956 1034 καὶ
986 982 1109 1053 οὐχὶ
1142 983 1323 1053 μόνον,
1364 982 1502 1038 ἀλλά
1547 982 1656 1055 γὰρ
1701 983 1797 1038 καὶ
1832 983 1934 1047 τὰς

318 1072 431 1126 τῶν
471 1074 926 1144 ἐπικουρούντων
964 1075 1150 1139 αὐτοῖς
1196 1075 1367 1131 ἐθνῶν
1409 1076 1665 1148 λατρείας
1722 1075 1931 1148 μανθάυ

315 1180 532 1227 νοντες,
551 1165 651 1218 καὶ
671 1163 844 1229 αὐτάς
865 1166 1159 1236 ἠπείγοντο
1180 1165 1398 1239 ζηλοῦν.
1422 1168 1532 1221 Καὶ
1554 1166 1686 1237 γοῦν
1709 1170 1737 1222 ὁ
1757 1167 1935 1239 Ἀχαζ

308 1258 341 1311 ὁ
378 1256 479 1310 τοῦ
532 1257 778 1329 Ἰωάθαμ
815 1257 1073 1329 βασιλεὺς
1098 1258 1290 1324 Ἰούδα,
1322 1259 1614 1330 γενόμενος
1639 1261 1698 1314 ἐν
1730 1263 1795 1332 τῇ
1829 1262 1935 1315 Δα-

312 1347 553 1419 μασκῷ,
606 1344 729 1403 εἶτα
795 1349 1184 1423 θυσιαστήριον
1240 1351 1669 1425 ἀνατεθειμένον
1724 1352 1932 1424 εἰδώλῳ

306 1440 665 1513 τεθεαμένος
714 1442 895 1496 ἐκεῖσε
963 1445 1356 1517 καινοπρεπῶς
1416 1446 1802 1521 εἰργασμένον,
1873 1448 1935 1501 τὸ

306 1529 576 1604 ἐμφερὲς
621 1534 1019 1601 κατεσκεύασε,
1058 1538 1152 1591 καὶ
1184 1537 1540 1593 ἀνατέθεικεν
1582 1541 1639 1593 ἐν
1685 1539 1764 1611 τῷ
1795 1539 1932 1611 οἴκῳ

303 1622 415 1675 τοῦ
451 1623 616 1680 Θεοῦ.
649 1624 1117 1697 Οὐκοῦν·γέγονεν
1145 1630 1179 1701 ἡ
1224 1631 1416 1703 ὅρασις
1442 1630 1584 1686 κατά
1614 1631 1929 1705 Δαμασκοῦ.

321 1715 472 1770 Ἰδοὺ
517 1716 653 1789 γὰρ,
695 1720 855 1788 φησι,
887 1720 1184 1792 Δαμασκδς
1208 1721 1520 1795 ἀρθήσεται
1552 1724 1662 1779 ἀπὸ
1697 1725 1929 1791 πόλεων,

308 1808 418 1862 καὶ
446 1809 554 1861 οὐκ
580 1806 734 1863 ἔσται
778 1809 861 1865 ἔτι
894 1811 1071 1884 ὀχυρά
1119 1812 1216 1867 τοῦ
1263 1819 1603 1886 καταφυγεῖν
1670 1817 1934 1890 Ἐφραίμ.
1972 1799 2012 1854 Β

324 1900 507 1971 Ὁρᾷς
531 1899 633 1971 τὴν
664 1902 847 1956 αἰτίαν
878 1904 1324 1978 ἐπενηνεγμένην
1355 1907 1537 1973 εὐθὺς.
1586 1908 1680 1963 τοῦ
1727 1914 1792 1963 ὲκ
1842 1911 1939 1963 πό-

310 1990 466 2044 λεων
493 1991 836 2064 ἀρθήσεσθαι
866 1991 1047 2066 λέγειν
1073 1997 1173 2070 τὴν
1211 2000 1537 2070 Δαμασκόν;
1587 2002 1663 2057 Ού
1703 2000 1812 2073 γὰρ
1857 2000 1937 2056 ἔτι

309 2083 502 2149 ισται,
541 2086 733 2157 φησὶν,
776 2074 954 2153 οὕτως
1000 2090 1199 2164 ὀχυρὰ,
1245 2091 1388 2146 ὥστε
1437 2093 1530 2147 καὶ
1572 2093 1938 2165 προσφεύγειν

310 2177 466 2249 αὐτῇ
497 2179 594 2233 τὸν
630 2180 878 2252 Ἑφραῒμ
922 2170 979 2238 ἐν
1025 2186 1096 2255 τῇ
1148 2185 1436 2257 Σαμαρείᾳ
1486 2185 1936 2257 βεϐασιλευκότα.

309 2270 576 2343 Μεθίστη
586 2289 638 2326 σι
667 2275 847 2328 τοίνυν
875 2275 965 2329 τὸν
983 2276 1144 2346 λόγον
1165 2278 1258 2332 ἐπὶ
1280 2279 1378 2351 τὴν
1395 2280 1731 2348 Αἰγυπτίων.
1758 2278 1939 2352 Προσ-

312 2363 481 2417 ιεσαν
519 2365 636 2438 γὰρ
671 2367 767 2420 καὶ
808 2369 995 2434 αὐτοῖς
1024 2372 1073 2423 οί
1110 2370 1170 2437 ἐξ
1220 2371 1464 2445 Ἰσραὴλ,
1498 2372 1738 2442 μάλιστα
1780 2374 1837 2427 δὲ
1884 2374 1937 2429 οἰ

312 2456 719 2523 κατοικοῦντες
738 2461 797 2513 ἐν
829 2464 944 2526 τοῖς
975 2464 1392 2538 Ἱεροσολύμοις,
1421 2466 1515 2521 καὶ
1549 2467 1938 2538 μετεποιοῦντο

314 2551 543 2622 σφόδρα
572 2553 673 2622 τῆς
696 2557 832 2626 παρ’
861 2556 1043 2611 αὐτῶν
1079 2559 1388 2630 συνδρομῆς
1432 2559 1529 2615 καὶ
1585 2562 1935 2635 ἐπικουρίας,

310 2645 596 2699 ἐπιόντων
627 2648 869 2716 μάλιστα
912 2649 1022 2705 τῶν
1063 2651 1447 2708 Βαϐυλωνίων.
1501 2655 1613 2709 Καὶ
1666 2655 1799 2725 γοῦν
1847 2656 1938 2712 διά

311 2738 516 2808 φωνῆς
546 2743 832 2813 προφήτου
865 2745 1033 2816 φησίν
1052 2762 1067 2776 δ
1111 2763 1133 2797 ι
1159 2746 1297 2800 Οὐαὶ
1331 2749 1379 2801 οἰ
1405 2747 1829 2815 καταϐαίνοντες
1858 2752 1939 2817 εἰς

311 2830 609 2898 Αἴγυπτον
669 2834 763 2888 ἐπὶ
815 2835 1092 2907 βοήθειαν.
1148 2839 1198 2891 οἰ
1249 2839 1335 2909 ἐφ’
1372 2839 1563 2903 ἵπποις
1600 2842 1695 2895 καὶ
1722 2842 1938 2913 ἅρμασι

312 2924 678 2988 πεποιθότεςῐ
721 2945 740 2977 ι
769 2928 1098 3001 Συμϐἐϐηκε
1140 2929 1198 2982 δέ
1222 2948 1277 2982 τι
1320 2931 1584 2986 τοιοῦτον.
1616 2934 1940 3007 Κατεστρα-

307 3016 519 3071 τεύετο
548 3018 648 3089 μὲν
681 3020 790 3091 γὰρ
822 3021 925 3093 τῆς
959 3022 1228 3076 Ἰουδαίων
1260 3024 1366 3094 γῆς
1404 3026 1432 3078 ὁ
1463 3024 1957 3100 Ναϐουχοδονόσορ’

307 3107 472 3163 κατά
516 3110 769 3180 καιρούς.
821 3112 909 3165 Ἐν
938 3113 995 3166 δέ
1028 3112 1106 3183 τῷ
1147 3117 1538 3189 παρατρέχειν,
1592 3118 1833 3187 ἁπάσας,
1861 3117 1937 3185 ὡς

310 3202 459 3266 ἔπος
511 3204 714 3271 εἰπεῖν,
770 3204 878 3271 -τάς
937 3207 1035 3278 τῆς
1089 3205 1235 3277 ἐιξιας
1309 3207 1662 3279 κατεληῖςετο
1723 3209 1933 3275 πόλεις.

324 3291 566 3365 Ἐπειδὴ
601 3293 658 3348 δέ
684 3294 788 3366 τὴν
812 3296 1030 3369 Τυρίων
1059 3297 1199 3350 ἑλεῖν
1239 3297 1502 3370 ἠθέλησε,
1560 3300 1726 3371 νῆσον
1766 3296 1936 3355 οὖσαν

308 3385 379 3439 τὸ
405 3386 705 3456 τηνικάδε,
735 3383 855 3441 εἶτα
883 3388 992 3443 τῶν
1020 3389 1448 3456 διαϐιϐαζόντων
1489 3391 1691 3446 πλοίων
1715 3394 1774 3447 ἐν
1794 3394 1935 3448 ἁπο-

313 3479 416 3551 ρίᾳ
454 3479 676 3548 γέγονε,
702 3480 961 3553 Περσικῷ
983 3486 1295 3555 φρονήματι
1314 3485 1675 3557 κεχρημένος,
1704 3485 1937 3560 ἐπιθαρ-

314 3573 503 3642 σήσας
537 3572 598 3626 δὲ
642 3572 723 3643 τῷ
767 3573 1089 3647 πλήθειτῆς
1118 3579 1401 3649 στρατιᾶς,
1453 3575 1623 3649 βατὴν
1677 3578 1933 3633 ἐκέλευσε

311 3664 585 3732 γενέσθαι
633 3665 735 3735 τὴν
789 3666 1087 3732 θάλασσαν,
1129 3667 1383 3741 χώματος
1418 3670 1792 3742 ἐγειρομένου,
1839 3672 1935 3725 καὶ

314 3757 609 3829 λεωφόρον
674 3759 849 3832 αὐτὴν
900 3759 1165 3818 πλατεῖαν
1219 3760 1614 3828 ἀποτελοῦντος
1661 3763 1770 3819 ἀπὸ
1832 3765 1933 3838 τῆς

315 3851 528 3922 χέρσου
582 3851 779 3922 μέχρις
832 3852 1005 3924 αὐτῆς
1054 3854 1156 3925 τῆς
1183 3854 1421 3926 Τυρίων.
1463 3855 1707 3921 Δεδιότες
1751 3857 1933 3913 τοίνυν

312 3945 485 4001 αὐτοὶ
522 3946 577 3999 οί
610 3945 824 4016 Τύριοι,
861 3946 936 4018 μὴ
982 3947 1091 4018 ἄρα
1137 3963 1258 4011 πως
1308 3950 1341 4020 ή
1394 3948 1547 4013 πόλις
1596 3950 1731 4022 ἀλῷ,
1795 3952 1934 4021 πρὸς

313 4039 506 4111 πέρας
530 4039 916 4111 ἐνηνεγμένων
935 4043 1047 4105 τοῖς
1072 4024 1434 4106 Βαϐυλωνίοις
1458 4041 1568 4095 τῶν
1594 4045 1819 4116 ἐγχειρη
1831 4044 1935 4117 μά-

312 4148 455 4194 των,
510 4131 646 4195 ναῦς
698 4132 1041 4202 πανταχόθεν
1097 4135 1594 4206 συναγηγερκότες,
1653 4137 1933 4208 ἀπεκομί-

312 4224 484 4288 ζοντο
507 4223 613 4294 τῆς
640 4225 832 4294 νήσου,
885 4226 1102 4298 ἐρήμην
1148 4226 1381 4297 ἀφέντες
1418 4228 1567 4299 αὐτῷ
1610 4229 1709 4301 τὴν
1754 4228 1929 4285 πόλιν.

326 4318 563 4390 Ἐπειδὴ
620 4316 679 4369 δὲ
733 4317 896 4372 τοῦτο
957 4319 1280 4391 μεμάθηκεν
1335 4322 1365 4374 ὁ
1435 4320 1928 4395 Ναϐουχοδονόσορ,

318 4410 562 4482 μεθίστη
619 4411 721 4481 τὴν
769 4412 1035 4485 στρατιὰν
1089 4414 1181 4467 ἐπὶ
1229 4414 1290 4467 τὸ
1337 4415 1539 4487 χρῆναι
1590 4414 1775 4469 λαϐεῖν
1824 4414 1932 4470 τῶν

2038 519 2196 575 latori
2227 520 2402 575 visum
2439 528 2586 575 esset
2619 520 2829 587 reduci,
2865 520 3143 592 ipsiusque
3189 522 3345 577 sitire
3399 522 3636 590 opitula-

2046 615 2273 677 tionem,
2306 611 2745 683 conspirationes
2781 612 3136 668 finitimarum
3174 615 3418 684 gentium
3452 614 3635 684 pretio

2042 706 2432 761 mercabantur
2478 745 2492 771 ,
2549 721 2697 761 nunc
2744 721 2804 761 se
2852 708 3072 777 regilms
3136 702 3429 773 DamaSci,
3492 723 3637 761 nunc

2039 799 2419 873 Egyptiorum
2486 797 2827 869 adjungendo
2883 816 2896 853 :
2950 815 3048 855 nec
3093 800 3145 854 id
3202 800 3377 853 solum
3412 841 3424 865 ,
3497 798 3627 868 quin

2037 873 2204 947 etiam
2266 890 2507 961 gentium
2568 888 2669 944 sibi
2735 888 3025 946 ferentium
3084 890 3397 961 prresidium
3457 890 3636 943 cultus

2039 987 2372 1049 didicerunt,
2407 984 2636 1053 illosque
2674 983 2918 1038 mmulat‘i
2953 984 3377 1039 contenderunt.
3410 983 3627 1036 Etenim

2039 1079 2295 1134 Achazus
2326 1076 2471 1133 ﬁlius
2526 1077 2800 1141 Joatham,
2853 1093 2945 1131 rex
2997 1074 3157 1141 Juda,
3215 1091 3337 1129 cum
3384 1086 3528 1128 88:6!
3580 1076 3633 1125 in

2041 1168 2353 1238 Damasco,
2395 1171 2559 1243 273
2598 1172 2670 1225 ibi
2732 1172 2951 1225 demum
3009 1184 3160 1221 aram
3221 1167 3365 1222 idolo
3416 1181 3633 1220 sacram

2039 1262 2439 1333 conspicatus,
2500 1279 2640 1320 nova
2696 1262 3022 1317 fabricatum
3080 1259 3347 1327 elegantia
3384 1297 3400 1322 ,
3460 1257 3637 1311 simile

2039 1355 2348 1422 adornavit,
2394 1367 2448 1410 et
2476 1355 2528 1411 in
2556 1358 2717 1411 domo
2751 1355 2842 1409 Dei
2879 1353 3177 1408 dedicavit.
3214 1350 3456 1405 Proinde
3488 1349 3631 1401 facta

2038 1458 2121 1504 est
2148 1450 2290 1505 visio
2323 1459 2510 1505 contra
2546 1451 2893 1506 Damascum.
2931 1448 3073 1503 Ecce
3102 1450 3249 1502 enim
3277 1489 3291 1510 ,
3336 1443 3511 1514 inquit
3542 1441 3637 1505 ιν,

2039 1540 2337 1597 Damascus
2392 1541 2718 1612 spoliabitur
2790 1540 3140 1605 civitatibus,
3205 1548 3261 1591 et
3302 1551 3410 1590 non
3476 1544 3640 1587 erunt

2039 1633 2251 1687 munita
2303 1642 2360 1687 ut
2411 1631 2693 1703 confugiat
2750 1630 3032 1701 Ephraim.
3094 1629 3330 1685 Videsne
3411 1642 3635 1680 causam

2040 1723 2187 1778 illico
2222 1724 2588 1779 introductam
2612 1765 2629 1791 ,
2661 1739 2762 1778 cur
2783 1721 2930 1777 dicat
2964 1720 3289 1775 Damascum
3320 1718 3639 1778 civitatibus

2043 1816 2500 1886 exspoliandani?
2546 1816 2661 1870 Non
2694 1798 2840 1870 enim
2902 1812 3141 1884 amplius
3188 1822 3374 1878 erunt,
3431 1810 3635 1879 inquit,

2042 1911 2122 1966 sic.
2157 1909 2390 1975 munita,
2428 1920 2486 1963 ut
2518 1908 2794 1979 profugiat
2823 1924 2889 1962 eo
2939 1907 3224 1975 Ephraim,
3281 1904 3375 1975 qui
3433 1902 3485 1956 in
3531 1901 3637 1956 Sa—

2043 2002 2216 2055 maria
2242 2001 2487 2072 regnavit
2534 2000 2793 2055 Traducit
2819 1998 2985 2070 igitur
3005 1985 3309 2052 orationem
3340 1997 3404 2048 ad
3433 2005 3635 2049 terram

2042 2092 2451 2166 Egyptiorum.
2510 2091 2863 2147 Accedebant
2909 2090 3056 2145 enim
3106 2098 3161 2141 et
3186 2088 3252 2141 ad
3291 2102 3385 2139 eos
3418 2085 3639 2138 Israeli-

2042 2193 2131 2250 ιω,
2180 2185 2415 2239 maxime
2467 2197 2599 2239 vero
2633 2182 2686 2236 hi
2725 2182 2815 2253 qui
2850 2181 3164 2236 habitarunt
3217 2176 3636 2246 Hierosolymis,

2044 2277 2395 2348 ipsorumque
2425 2276 2765 2330 consortium
2822 2283 2879 2328 et
2933 2271 3238 2328 suhSIdium
3304 2282 3633 2341 magnopere

2042 2370 2393 2438 expetebant,
2429 2368 2812 2422 invadentibus
2874 2368 3112 2420 maxime
3153 2363 3490 2437 Babyloniis.
3548 2358 3640 2415 Si-

2042 2461 2261 2530 quidem
2298 2473 2430 2514 voce
2463 2459 2744 2528 pr0pbetm
2796 2457 2921 2512 ait:
2971 2475 2989 2508 ι
3034 2455 3125 2511 γε
3178 2454 3642 2509 descendentibus

2044 2553 2096 2607 in
2118 2551 2413 2622 Egyptum
2443 2558 2664 2621 propter
2682 2550 2973 2615 auxilium,
3002 2552 3091 2619 qui
3119 2548 3275 2617 equis
3301 2555 3354 2600 et
3378 2544 3637 2597 curribus

2042 2647 2232 2701 conlisi
2264 2655 2391 2699 sunt
2405 2643 2483 2699 ὀἰ
2518 2663 2536 2697 ι
2565 2642 2675 2699 Hoc
2701 2650 2882 2696 autem
2905 2644 2980 2696 ita
3000 2657 3059 2695 se
3086 2641 3293 2694 habuit.
3321 2639 3486 2692 Artna
3516 2635 3640 2689 tulit

2042 2749 2232 2795 contra
2266 2746 2468 2792 terram
2503 2734 2816 2791 Judtrorum
2865 2735 3463 2800 Nabuchodonosorus,
3513 2733 3638 2790 aliis

2041 2841 2206 2902 atque
2241 2828 2364 2884 aliis
2412 2830 2774 2899 temporibus.
2813 2826 2870 2881 lit
2900 2828 3135 2880 transitu
3166 2835 3347 2879 autent
3397 2841 3589 2903 omnes
3613 2864 3632 2892 ,

2041 2924 2212 2979 utsic
2233 2920 2508 2987 dixerim,
2559 2918 2862 2975 orientales
2916 2919 3079 2971 urbes
3130 2918 3475 2986 deprmdatns
3528 2928 3633 2971 est.

2042 3016 2295 3087 Cumque
2345 3015 2639 3089 Tyriorum
2690 3013 2879 3069 urbem
2927 3027 3126 3081 capere
3162 3011 3345 3074 vellet,
3404 3011 3638 3065 insulam

2042 3118 2186 3176 tum,
2228 3110 2451 3165 navium
2485 3118 2669 3164 autem
2708 3106 3211 3174 laboraretinopia,
3250 3119 3371 3175 quae
3424 3105 3641 3175 trajice-

2047 3211 2170 3259 rent
2205 3242 2221 3269 ,
2256 3201 2481 3257 Persico
2527 3200 2713 3255 animo
2770 3212 2835 3252 ac
2891 3196 3181 3251 stomacho
3215 3195 3476 3265 prteditns
3509 3235 3524 3260 ,
3577 3210 3641 3249 ac

2045 3293 2397 3349 multitudine
2464 3291 2745 3361 c0piarum
2796 3286 3060 3351 confisus,
3117 3302 3271 3340 mare
3314 3284 3481 3356 jussit
3522 3286 3641 3341 lieri

2045 3386 2395 3458 permeabile,
2438 3384 2580 3439 mole
2608 3391 2854 3453 aggesta,
2881 3380 3025 3434 unde
3053 3394 3118 3445 ex
3155 3390 3301 3433 terra
3336 3380 3403 3432 ad
3441 3379 3642 3449 Tyrio-

2046 3497 2168 3537 rum
2204 3495 2379 3549 usque
2411 3481 2598 3534 urbem
2632 3478 2740 3531 lata
2773 3477 2858 3530 via
2894 3475 2997 3530 sibi
3028 3490 3037 3501 ‘
3065 3475 3423 3545 praeberetur.
3461 3473 3641 3529 νιξιίιί

2044 3574 2208 3645 igitur
2249 3570 2438 3645 Tyrii,
2497 3586 2563 3628 ne
2604 3572 2745 3626 forte
2813 3579 3102 3639 caperetur
3143 3569 3374 3635 civitas,
3452 3567 3635 3637 Baby-

2044 3666 2316 3722 loniorum
2352 3666 2641 3721 conatibus
2676 3664 2743 3719 ad
2805 3666 2967 3717 finem
3015 3661 3296 3731 perductis
3324 3703 3340 3728 ,
3406 3662 3644 3717 navibus

2044 3759 2406 3828 undecunque
2457 3756 2779 3822 convectis,
2821 3752 3115 3809 discedunt
3180 3753 3249 3805 ab
3313 3750 3487 3804 insula
3523 3791 3538 3815 ,
3584 3760 3642 3806 et

2044 3869 2274 3909 vacuam
2332 3852 2381 3906 ei
2441 3851 2759 3922 relinquunt
2795 3849 3100 3903 civitatem.
3159 3845 3313 3914 Quod
3357 3844 3447 3898 ubi
3496 3844 3641 3899 didi-

2042 3951 2212 4005 cisset
2240 3947 2812 4002 Nabnchodonosorus
2835 3983 2851 4008 ,
2903 3942 3134 3998 dimisso
3171 3941 3416 3995 exercitu
3449 3940 3514 3992 ad
3551 3954 3640 3993 re-

2043 4042 2258 4113 gionem
2290 4039 2671 4111 Egyptiorum
2702 4036 3022 4106 capiendam
3054 4074 3071 4101 ,
3105 4048 3227 4089 eam
3264 4034 3383 4089 sine
3418 4033 3643 4102 pulvere

2043 4147 2108 4187 ac
2136 4131 2325 4186 labore
2358 4131 2669 4199 occupavit,
2706 4128 2815 4183 Deo
2844 4127 2993 4180 illum
3041 4127 3098 4179 in
3141 4122 3433 4195 Egyptios
3481 4122 3637 4177 exci-

2041 4231 2243 4278 tante:
2279 4223 2538 4291 quoniam
2596 4219 2685 4297 isti
2736 4233 2955 4289 quoque
2990 4231 3187 4286 magno
3230 4230 3450 4284 semper
3498 4231 3638 4268 con-

2046 4324 2223 4369 tracto
2257 4313 2574 4389 supercilio,
2630 4314 2681 4366 in
2741 4311 3018 4365 Israelitas
3075 4324 3135 4364 se
3178 4310 3444 4379 gerebant
3486 4322 3643 4362 arro-

2043 4388 2284 4479 gantius,
2313 4407 2468 4475 quasi
2502 4405 2670 4460 Dcmn
2707 4404 2972 4460 haberent
3022 4403 3114 4472 qui
3172 4418 3268 4457 eos
3305 4416 3639 4456 conservare

314 4503 649 4573 Αἰγυπτίων
677 4502 778 4575 τὴν
813 4505 1020 4577 χώραν,
1052 4499 1165 4560 εἷλέ
1197 4524 1257 4560 τε
1294 4506 1465 4578 αὐτὴν
1503 4509 1752 4578 ἀκονητὶ,
1794 4507 1930 4562 Θεοῦ

2046 4501 2225 4554 minus
2249 4499 2473 4556 valeret.
2502 4499 2696 4554 Vocati
2718 4498 2865 4552 enim
2892 4498 2943 4551 in
2971 4496 3272 4552 subsidium
3299 4504 3355 4549 et
3379 4495 3445 4549 ad
3475 4508 3636 4562 Opem

314 4594 825 4661 κατεξανιστάντος
843 4599 958 4661 τοῖς
985 4599 1306 4667 Αἰγυπτίοις
1323 4600 1488 4654 αὐτόν
1512 4617 1525 4631 ο
1554 4601 1637 4655 ὅτι
1664 4601 1759 4655 καὶ
1785 4601 1941 4656 αὐτοὶ

319 4685 581 4757 μεγάλην
601 4686 960 4750 ἀνασπῶντες
982 4687 1069 4742 ἀεὶ
1089 4690 1189 4762 τὴν
1214 4690 1408 4760 ὀφρὺν,
1438 4688 1940 4762 κατηλαζονεύοντο

314 4777 433 4830 τῶν
464 4777 529 4842 ἐξ
580 4778 823 4850 Ἰσραὴλ,
851 4779 929 4844 ὡς
963 4780 1064 4833 οὐκ
1093 4781 1330 4853 ἐχόντων
1364 4781 1497 4835 Θεὸν
1524 4782 1616 4836 τὸν
1648 4780 1937 4845 διασώζειν

316 4871 531 4934 αὐτοὺς
573 4869 853 4941 ἰσχύοντα.
906 4871 1253 4944 Καλούμενοι
1294 4873 1405 4943 γὰρ
1456 4874 1536 4937 εἰς
1583 4874 1937 4946 ἐπικουρίαν,

317 4963 418 5017 καὶ
446 4963 534 5025 εἰς
564 4961 628 5015 τὸ
649 4962 957 5033 ἐπαμύνειν
1004 4964 1209 5030 αὐτοῖς,
1250 4963 1667 5037 ἀλκιμωτέρους
1693 4965 1934 5034 ἔφασκον

314 5049 469 5108 εἶναι
498 5054 629 5119 τοὺς
658 5054 815 5127 παρὰ
844 5055 997 5125 σφίσι
1029 5055 1188 5121 θεοὺς
1211 5055 1307 5110 τοῦ
1346 5058 1447 5129 τῆς
1489 5056 1750 5122 Ἰουδαίας
1776 5057 1934 5113 Θεοῦ.

318 5144 456 5199 Ὅτι
490 5142 549 5197 δὲ
597 5142 697 5216 τὴν
728 5144 1049 5214 Αἰγυπτίων
1082 5140 1230 5201 εἷλεν
1269 5148 1297 5200 ὁ
1328 5145 1671 5211 Βαϐυλώνιος
1708 5147 1849 5220 μετά
1875 5165 1940 5217 γε

282 5235 436 5297 nov.
452 5234 660 5307 ἱδρῶτα
690 5234 785 5289 τὸν
815 5236 909 5289 ἐπὶ
933 5237 1117 5310 Τύρῳ,
1149 5236 1324 5311 σαφὲς
1354 5237 1418 5291 ἂν
1439 5236 1651 5306 γένοιτο
1675 5237 1772 5291 τοῦ
1799 5238 1937 5292 Θεοῦ

315 5327 586 5396 λέγοντος
618 5327 759 5399 πρὸς
783 5328 877 5382 τὸν
910 5331 1199 5403 προφήτην
1250 5327 1531 5403 Ἰεζεχιήλ·
1568 5350 1585 5382 ι
1607 5329 1705 5384 Υίὲ
1728 5329 1939 5401 ἀνθρώ-

317 5436 458 5483 που,
526 5417 1013 5491 Ναϐουχοδονόσορ
1051 5422 1079 5473 ὀ
1120 5418 1375 5491 βασιλεὺς
1425 5418 1746 5484 Βαϐυλῶνος
1795 5439 1931 5475 κατ-

315 5510 673 5569 εδουλώσατο
709 5513 878 5568 αὑτοῦ
905 5513 1004 5585 τὴν
1044 5511 1280 5585 δύναμιν
1314 5513 1534 5586 δουλείᾳ
1586 5515 1796 5587 μεγάλῃ
1840 5517 1934 5570 ἐπὶ

315 5604 531 5678 Τύρον.
584 5606 746 5661 Πᾶσα
781 5607 997 5679 κεφαλὴ
1050 5608 1422 5680 φαλάκρωμα,
1484 5609 1577 5662 καὶ
1628 5611 1734 5674 πᾶς
1781 5605 1932 5680 ὦμος

402 5762 478 5796 ⁸⁸⁶
507 5761 615 5820 Isa.
648 5778 786 5833 xvn,
824 5765 879 5829 l,
910 5765 965 5820 5.
1050 5765 1094 5797 ⁸⁸
1129 5763 1235 5822 lsa.
1274 5782 1429 5833 χχιιι,
1464 5766 1512 5820 1.

2041 4592 2147 4647 illis
2200 4591 2504 4659 ferendam,
2567 4606 2698 4645 suos
2757 4590 2887 4645 deos
2952 4588 3156 4645 Judzme
3204 4588 3315 4643 Deo
3351 4587 3637 4657 iactabant

2041 4685 2316 4740 fortiores.
2382 4681 2738 4755 Babylonium
2803 4693 2984 4737 autem
3040 4681 3258 4752 cepisse
3310 4680 3634 4752 Egyptmu,

2039 4786 2162 4848 post
2198 4777 2347 4831 illum
2381 4776 2624 4833 laborem
2661 4776 2712 4830 in
2745 4774 2892 4847 Tyro
2921 4784 3225 4844 sumptum,
3258 4774 3479 4843 planum
3518 4774 3635 4829 fieri

2039 4872 2255 4941 poterit,
2286 4885 2351 4925 ex
2390 4885 2455 4924 eo
2479 4868 2623 4939 quod
2667 4868 2808 4923 Deus
2835 4868 2967 4922 dicit
3000 4867 3281 4937 prophetat
3308 4867 3631 4937 ’Ezitchieli:

2042 4982 2061 5014 ι
2101 4963 2202 5017 Fili
2236 4961 2495 5028 hominis,
2557 4959 3066 5016 Nabuchodonosor
3104 4975 3196 5013 rex
3229 4957 3525 5030 Babylonis
3576 4960 3633 5016 in

2039 5057 2360 5111 servitutem
2414 5054 2638 5109 tradidit
2700 5053 2887 5123 copias
2944 5067 3072 5107 suas
3119 5053 3382 5107 servitute
3443 5069 3637 5124 magna
3673 5108 3687 5124 _,

2039 5160 2230 5201 contra
2284 5144 2453 5218 274
2509 5144 2735 5218 Tyrum.
2769 5120 2954 5201 ’0mne
3003 5153 3166 5212 caput
3206 5120 3556 5211 calvitium;
3584 5157 3640 5202 et
3670 5120 3686 5142 ⁸

2039 5241 2219 5296 omnis
2250 5242 2517 5295 humerus
2542 5240 2761 5312 depilis,
2794 5249 2849 5296 et
2891 5254 3103 5295 merces
3156 5254 3265 5294 non
3297 5251 3415 5294 erat
3464 5240 3537 5308 ei,
3584 5249 3640 5296 et

2036 5334 2209 5404 copiis
2222 5334 2334 5388 suis
2361 5341 2581 5403 propter
2608 5335 2931 5389 servitutem
2958 5334 3169 5397 duram,
3202 5348 3309 5402 qua
3335 5334 3561 5393 servivit
3580 5333 3633 5386 in
3664 5384 3671 5393 _

2044 5426 2209 5496 Tyro.
2227 5425 2519 5497 Propterea
2535 5426 2653 5480 dedi
2680 5426 2727 5480 ei
2750 5436 2949 5480 terram
2974 5424 3195 5496 Egypti
3212 5426 3300 5478 ιδ’.
3319 5444 3336 5476 ι
3360 5421 3524 5486 Infert
3544 5424 3639 5477 ita-
3663 5474 3674 5498 ι

2043 5532 2148 5587 que
2166 5517 2428 5587 propheta
2448 5517 2573 5573 huic
2592 5517 2745 5583 illud,
2761 5506 2873 5581 Vae,
2895 5516 3078 5571 dicens
3099 5535 3113 5571 :
3133 5513 3226 5569 Va:
3246 5526 3403 5570 terra:
3422 5514 3636 5567 navium
3663 5508 3675 5567 ἱ

2042 5610 2141 5665 alis
2155 5611 2293 5664 ultra
2308 5610 2529 5681 tlumina
2547 5609 2858 5688 Ethiopim.
2881 5607 3172 5677 {Ethiopise
3191 5603 3410 5662 ﬂuinina
3430 5612 3639 5674 septem

1596 5766 1657 5797 i“
1699 5765 1897 5821 Ezmsli.
1945 5781 2095 5835 xxix,
2143 5765 2224 5833 l8,
2268 5766 2356 5824 l9.
