4060 6488
466 380 574 437 ΔΖΘ

469 586 522 640 in
564 599 712 638 mare
763 583 956 638 inﬂuit.
1014 580 1238 636 Terram
1275 595 1411 635 vero.
1435 580 1578 635 ultra
1619 578 1811 635 ﬂuvios
1860 580 2044 635 nomi-

469 684 586 741 nat,
615 689 734 729 eam
757 689 879 743 quae
906 687 1047 726 nunc
1071 680 1159 728 est
1185 671 1536 735 Alexandria,
1569 680 1698 726 tunc
1716 671 1797 728 On
1822 682 2042 727 vocata.

470 767 597 821 Erat
631 776 811 820 autem
837 765 1272 834 populosissima,
1309 774 1365 820 et
1392 765 1599 821 incolas
1646 766 1879 821 habebat
1931 765 2045 822 ἴοις-

384 855 399 874 ’
433 899 442 939 ,
470 857 731 920 tissimus,
753 866 808 911 et
834 872 862 910 a
893 856 1208 912 ﬂuminibus
1235 856 1459 928 Egypti
1485 857 1720 914 distabat
1746 858 2046 927 paululum.

432 947 606 1017 {Nam
662 949 730 1003 ab
775 947 966 1002 ultimo
994 949 1157 1015 osﬁo,
1192 949 1275 1003 cui
1334 963 1530 1003 nomen
1578 956 1665 1005 est
1707 948 2046 1017 Heracleum,

470 1041 537 1092 ad
577 1039 929 1094 Uccidentem
964 1039 1155 1093 stadiis
1203 1040 1325 1109 plus
1382 1041 1561 1094 minus
1609 1041 1889 1111 octoginta
1936 1041 2047 1096 dis-

1456 376 1515 431 S.
1559 373 1838 432 CYRILLI
1874 372 2352 431 ALEXANDRINI
2392 375 2711 432 ARCUIEP.

466 494 606 550 ostia
642 493 794 559 dicit,
822 507 921 562 per
942 505 1062 560 qum
1084 489 1229 545 latus
1254 496 1313 544 et
1337 504 1566 560 magnus
1589 488 1810 561 Αἴθῃ)ιὶ
1844 488 2042 546 ﬂuvius

2168 490 2338 545 ιαδὼν
2355 509 2368 524 ο
2401 491 2496 545 καὶ
2528 489 2728 562 μισθὸς
2745 491 2843 544 οὐκ
2870 490 3104 562 ἐγενήθη
3125 490 3275 562 αὐτῷ
3297 496 3393 547 καὶ
3418 497 3486 566 τῇ
3508 493 3740 566 δυνάμει
3848 477 3857 483 ’

3631 382 3737 437 ΗΟ

2146 581 2336 643 αὑτοῦ,
2372 581 2491 634 ἀντὶ
2512 582 2608 651 τῆς
2636 580 2882 645 δουλείας
2910 581 3013 652 τῆς
3041 582 3303 653 σκληρᾶς,
3326 579 3393 655 ἦς
3420 584 3744 640 ἐδούλευσαν

2149 673 2241 726 ἐπὶ
2267 672 2447 743 Τύρῳ.
2482 673 2627 726 ’Δντὶ
2647 674 2839 726 τούτου
2867 673 3073 727 δέδωκα
3098 673 3249 746 αὑτῷ
3270 675 3372 745 γῆν
3397 677 3699 747 Αἰγύπτου.
3715 697 3738 728 ι

2162 764 2442 836 Ἐπιφέρει
2469 765 2649 818 τοίνυν
2682 766 2719 819 6
2742 767 3029 837 προφήτης
3070 768 3164 821 καὶ
3187 768 3322 838 αὐτῇ
3354 767 3435 834 τὸ,
3458 768 3617 833 Οὐαὶ,
3645 770 3747 822 καί

2150 870 2342 923 φησιν·
2388 854 2524 908 Οὐαὶ
2555 857 2658 924 γῆς
2705 854 2907 909 πλοίων
2949 856 3220 925 πτέρυγες
3255 857 3512 910 ἐπέκεινα
3566 873 3749 909 ποτα-

2154 944 2269 1015 μῶν
2302 943 2614 1008 Αίθιοπίαςί
2642 944 2927 1008 Αἰθιοπίας
2963 946 3061 1016 μὲν
3092 942 3185 1001 οὖν
3206 947 3484 1019 ποταμοὺς
3502 946 3569 1001 τά
3597 947 3750 1001 ἑπτὰ

2153 1037 2399 1108 στόματά
2426 1054 2580 1109 φησι,
2607 1038 2674 1091 δι’
2705 1028 2779 1092 ὧν
2799 1041 2827 1092 6
2856 1038 3019 1109 εὐρύς
3039 1055 3096 1091 τε
3125 1041 3221 1093 καὶ
3251 1040 3425 1110 μέγας
3451 1040 3549 1118 τῆς
3575 1038 3754 1108 Αίγύ-

415 1107 434 1207 :
468 1129 815 1186 terminatur.
845 1128 1111 1195 Quoniam
1146 1145 1277 1185 vero
1301 1131 1353 1184 in
1380 1144 1532 1186 more
1558 1145 1622 1185 ac
1647 1130 2048 1187 consuetudine

2168 1107 2288 1183 τιτου
2348 1107 2597 1200 ποταμὸς
2646 1132 2712 1199 τῇ
2758 1107 3006 1203 θαλάσσῃ
3052 1107 3341 1201 μίσγεται,
3381 1107 3517 1199 Γῆνδ
3543 1130 3601 1183 δέ
3640 1107 3750 1200 τὴν

426 1224 429 1227 ⁷
469 1227 589 1272 crat
624 1219 883 1289 positum,
914 1220 1076 1284 hanc,
1103 1237 1223 1291 qua:
1246 1231 1677 1278 commemorata
1709 1231 1818 1290 est,
1859 1224 2051 1278 civim-

2168 1221 2410 1275 ιπέκεινα
2486 1221 2749 1291 ποταμῶν
2830 1221 3088 1293 ὀνομάζει
3113 1260 3128 1285 ,
3216 1222 3317 1292 τὴν
3394 1220 3492 1275 νῦν
3573 1216 3752 1275 οὖσαν

468 1319 580 1366 tem
618 1312 991 1369 habitantibus
1024 1314 1169 1369 ultro
1192 1315 1439 1385 citroque
1490 1313 1713 1370 ﬂuvium
1770 1316 2051 1369 transmit-

2168 1312 2594 1385 Ἀλεξάνδρειαν,
2632 1313 2976 1384 καλουμένην
3007 1313 3067 1367 δέ
3089 1314 3163 1367 τὸ.
3193 1313 3448 1384 τηνικάδε
3481 1308 3603 1367 Ὧν.
3629 1311 3751 1367 Ἦν

471 1413 612 1466 tere,
649 1413 840 1475 utpote
871 1421 1086 1476 semper
1134 1405 1515 1477 navigabilem,
1555 1415 1612 1463 et
1636 1416 1930 1481 exportare
1963 1423 2051 1463 res

2168 1404 2211 1458 5:
2240 1404 2305 1476 δὴ
2330 1404 2742 1476 πολυανδροῦσα
2772 1406 2916 1485 λίαν,
2950 1405 3046 1459 καὶ
3081 1404 3503 1476 ἀλκιμωτάτους
3543 1406 3750 1476 ἐχοσσα

471 1497 537 1551 ad
574 1496 727 1562 alios,
765 1507 821 1553 et
865 1499 1157 1567 importare
1183 1539 1207 1563 ,.
1259 1507 1313 1553 et
1346 1513 1419 1553 ex
1466 1499 1726 1568 emporiis
1772 1515 1838 1555 ac
1892 1515 2053 1570 nego-

2168 1500 2281 1562 τοὺς
2304 1500 2616 1570 οἰκήτορας,
2655 1500 2980 1570 ἀφειστήκει
3006 1498 3065 1552 δέ
3090 1497 3272 1570 βραχὺ
3303 1498 3414 1553 τῶν
3459 1498 3747 1568 Αίγύπτου

469 1589 786 1646 tiationibus
832 1600 1096 1659 quaestum
1125 1590 1456 1645 uberrimum
1509 1605 1832 1659 comparare
1876 1608 1899 1647 ι
1933 1592 2053 1648 ideo

2168 1590 2439 1661 ποταμῶν.
2484 1591 2617 1645 Ἀπὸ
2645 1590 2757 1663 γὰρ
2786 1590 2887 1645 τοῦ
2910 1591 3224 1645 τελευταίου
3256 1591 3524 1661 στόματος
3551 1591 3747 1661 (ὄνομα

468 1678 740 1734 exclamat
787 1680 873 1734 bis
924 1679 1105 1736 verbis
1144 1681 1197 1735 in
1248 1694 1418 1737 naves
1442 1681 1791 1751 propheticus
1828 1696 2048 1738 sermo:

2168 1681 2213 1735 Βέ
2232 1679 2380 1750 αὐτῷ
2404 1680 2467 1734 τὸ
2495 1681 2861 1753 Ἡρακλεῖον),
2890 1681 3160 1736 διίσταται
3183 1680 3587 1757 πρδςοέσπέραν
3611 1697 3745 1734 στα-

469 1785 573 1825 nec
610 1778 789 1826 tamen
822 1781 1011 1827 contra
1052 1787 1217 1829 naves
1261 1773 1501 1828 inferens
1534 1772 1649 1841 Vae,
1706 1775 1802 1831 sed
1858 1784 2051 1831 contra

2168 1771 2290 1835 Βίοις
2331 1771 2475 1843 τάχα
2498 1788 2604 1826 που
2630 1772 2724 1827 τὸν
2749 1772 2984 1845 ἀριθμὸν
3026 1772 3380 1843 ὀγδοήκοντα.
3430 1772 3649 1843 Ἐπειδὴ
3690 1772 3751 1825 δὲ

470 1877 567 1918 eos
600 1864 799 1933 potius,
836 1865 926 1934 qui
962 1880 1178 1935 semper
1197 1865 1282 1922 eis
1303 1868 1386 1921 usi
1418 1876 1567 1933 sunt,
1601 1876 1657 1923 et
1681 1868 1979 1938 gaudentes
1999 1877 2053 1924 et

2168 1860 2224 1936 ἣν
2249 1863 2370 1929 ἐθος
2402 1867 2519 1929 τοῖς
2560 1865 2661 1936 τὴν
2695 1865 3169 1938 μνημονευθεῖσαν
3193 1865 3405 1920 οίκοῦσι
3436 1865 3752 1929 πόλιν,ἄνω

470 1955 915 2014 circumﬂuentes
954 1958 1048 2014 illo
1073 1968 1317 2029 quaestu,
1349 1968 1408 2015 ut
1439 1960 1579 2023 dixi,
1635 1975 1797 2030 quem
1856 1976 1926 2016 ex
1972 1960 2055 2016 his

2168 1972 2211 2008 ιε
2243 1956 2339 2010 καὶ
2368 1955 2517 2010 κάτω
2542 1957 2634 2009 τὸν
2654 1956 2901 2027 ποταμὸν
2920 1956 3186 2021 διαπλείν,
3216 1957 3304 2010 ἀεὶ
3328 1956 3428 2027 μέν
3455 1955 3586 2009 ὄντα
3610 1972 3749 2009 ναυ-

472 2047 861 2104 conﬂaverant.
887 2049 1164 2120 Occupata
1210 2051 1479 2121 siquidem
1508 2062 1706 2107 cuncta
1758 2051 1982 2121 regione
2024 2065 2054 2104 a

2168 2046 2402 2117 τίπορον,
2451 2047 2605 2115 ἄγειν
2631 2047 2687 2101 δὲ
2715 2047 2810 2101 καὶ
2849 2046 3038 2118 φέρειν
3076 2046 3149 2101 τά
3176 2064 3238 2101 τε
3290 2047 3423 2119 παρ’
3451 2045 3631 2100 αὐτῶν
3667 2048 3751 2111 είς

471 2141 1031 2208 Nabuchodonosoro,
1086 2143 1320 2199 cessavit
1372 2142 1553 2197 omnis
1604 2151 1953 2208 mercatum,
2003 2150 2058 2194 ct

2168 2139 2398 2210 ἑτέρους,
2445 2141 2597 2210 παρά
2627 2156 2688 2192 τε
2715 2139 2871 2209 σφίσι
2903 2140 2974 2193 τὰ
3000 2139 3060 2207 ἐξ
3094 2140 3324 2212 ἐτέρων,
3363 2140 3459 2194 καὶ
3489 2139 3749 2211 φιλοκερ-

473 2231 550 2285 ita
612 2231 824 2287 fiduciae
870 2232 1184 2301 magnitudo
1240 2232 1465 2303 praecisa
1519 2239 1645 2295 est,
1708 2230 2056 2300 pereuntibus

2168 2230 2297 2296 Βίαις
2325 2233 2602 2304 ἐντρυφᾷν
2632 2233 2756 2296 ταῖς
2793 2231 2853 2299 ἐξ
2892 2232 3206 2305 ἐμποριῶν·
3243 2232 3503 2304 ταύτῃτοι
3530 2232 3753 2287 ταλανίο

374 2322 377 2327 ’
475 2322 638 2379 simul
676 2323 761 2378 his
795 2323 885 2393 qui
912 2336 1007 2379 eas
1047 2323 1422 2393 possederunt.
1460 2321 1552 2378 Vae
1583 2323 1768 2393 igitur,
1817 2323 1916 2385 ait,
1956 2322 2059 2377 alis

477 2414 821 2483 navigiorum
880 2421 1042 2470 terra:
1098 2415 1244 2470 illius
1278 2454 1294 2481 ,
1354 2429 1476 2485 quae
1523 2423 1607 2470 est
1662 2414 1802 2469 ultra
1863 2412 2058 2468 ﬂuvios

475 2503 789 2576 Ethiopian
831 2505 962 2562 Mas
1016 2516 1196 2561 autem
1241 2505 1580 2577 navigiorum
1622 2506 1870 2560 nominat
1914 2502 2055 2569 vela,

476 2597 533 2651 in
573 2612 694 2666 quae
730 2605 1018 2653 ventorum
1076 2598 1310 2668 impetus
1361 2598 1684 2661 incidentes,
1730 2612 1826 2668 per
1854 2595 2060 2651 medios

474 2689 673 2747 ﬂuetus
734 2688 885 2747 alitis
939 2691 1117 2747 instar
1159 2705 1254 2746 eas
1288 2689 1559 2745 deferunt.
1630 2688 1733 2756 Qui
1782 2688 1950 2742 mittit
2005 2687 2057 2741 in

478 2783 614 2838 mari
652 2783 905 2851 obsides,
939 2791 994 2838 et
1041 2782 1303 2854 epistolas
1350 2782 1674 2837 chartaceas
1729 2796 1827 2852 per
1869 2793 2059 2849 aquas.

476 2871 717 2929 Diﬂicilis
746 2883 830 2929 est
860 2874 1149 2930 admodum
1177 2874 1368 2929 hor-um
1418 2874 1687 2927 dictorum
1741 2872 2057 2926 sententia:

477 2967 720 3022 continet
769 2976 951 3022 autem
1000 2967 1243 3023 historia:
1294 2965 1623 3022 Grmcanicm
1671 2964 2059 3028 narrationem,

479 3074 644 3129 quam
675 3061 840 3116 etiam
872 3074 1305 3117 commemorare
1330 3068 1565 3129 oportet,
1600 3073 1704 3114 non
1732 3068 1791 3113 ut
1820 3058 1888 3112 ab
1940 3057 2061 3113 oﬂi-

2158 2322 2240 2386 ζει
2268 2324 2369 2386 τάς
2401 2322 2535 2387 ναῦς
2560 2323 2590 2375 6
2617 2323 2955 2394 προφητικὺς
2993 2324 3052 2376 ἐν
3081 2325 3322 2378 τουτοισὶ
3357 2323 3537 2393 λόγος,
3568 2323 3666 2378 καὶ
3688 2324 3750 2378 οὐ

2159 2414 2301 2472 κατά
2321 2431 2387 2483 γε
2417 2415 2524 2469 τῶν
2550 2415 2697 2486 νηῶν
2725 2417 2978 2487 ἐπιφέρει
3001 2417 3084 2483 τὸ,
3118 2416 3275 2470 Οὐαί*
3304 2419 3428 2471 κατ’
3456 2415 3755 2470 ἐκείνωνᾶ

2164 2506 2386 2576 μᾶλλον,
2414 2507 2575 2577 οἵπερ
2602 2503 2745 2579 ἦσαν
2780 2508 2976 2572 αὑταῖς
3001 2508 3091 2561 ἀεὶ
3135 2508 3432 2580 χρώμενοι,
3465 2507 3753 2579 χαίροντές

2161 2615 2219 2653 τε
2243 2598 2338 2655 καὶ
2361 2599 2759 2671 ἐντρυφῶντες,
2785 2598 2862 2663 ὡς
2891 2599 3051 2671 ἔφην,
3083 2603 3202 2666 ταῖς
3239 2599 3298 2665 ἐξ
3324 2599 3507 2654 αὐτῶν
3535 2600 3756 2670 γινομέ-

2160 2707 2279 2754 ναις
2339 2691 2726 2763 φιλοκερδίαις.
2777 2693 3240 2764 Κατειλημμένης
3275 2693 3636 2764 γάρ-ἁπάσης
3656 2692 3756 2761 τῆς

2162 2782 2349 2853 χώρας
2376 2783 2479 2838 ὑπὸ
2508 2784 2606 2839 τοῦ
2627 2785 3444 2856 Ναϐουχοδονόσορ,πέπαυται.
3461 2785 3562 2854 μὲν
3583 2787 3758 2855 ἐμπο-

2167 2875 2259 2947 ρία
2289 2877 2460 2942 πᾶσα,
2493 2876 2589 2932 καὶ
2626 2877 2726 2948 τῆς
2760 2879 2840 2941 είς
2887 2875 3044 2930 τοῦτο
3087 2878 3401 2949 παρρησίας
3446 2876 3509 2930 τὸ
3553 2875 3759 2939 πλάτος

2164 2966 2516 3033 ἀνεκόῃετο,
2573 2967 2902 3023 διολωλότων
2955 2970 3096 3039 τάχα
3127 2985 3232 3022 που
3269 2968 3502 3023 καὶτῶν
3551 2985 3756 3039 κεκτη-

2169 3056 2345 3127 μένων
2375 3057 2568 3120 αὐτάς.
2617 3058 2755 3113 Οὐαὶ
2781 3060 2991 3123 τοίνυν,
3018 3059 3203 3129 φησὶν,
3240 3060 3295 3113 αί
3339 3058 3611 3130 πτέρυγες
3648 3058 3758 3111 τῶν

481 3153 569 3208 cio
601 3152 905 3224 decoroque
936 3152 1238 3209 Christiani
1272 3152 1541 3207 sermonis
1579 3151 1923 3218 deerremus,
1964 3150 2061 3205 sed

2168 3148 2369 3201 πλοίων
2414 3149 2514 3220 τῆς
2552 3148 2658 3220 γῆς
2708 3150 2925 3221 ἐκείνης
2968 3151 3067 3222 τῆς
3115 3149 3284 3221 οὔσης
3338 3150 3598 3204 ἐπέκεινα
3650 3148 3758 3203 τῶν

481 3259 543 3303 ιιι
607 3245 1002 3303 sententiarum
1069 3244 1489 3313 explicationem
1547 3243 1887 3298 auditoribus
1933 3254 2061 3313 per-

479 3334 722 3405 spicuam
749 3333 1035 3388 faciamus.
1065 3332 1237 3387 Habet
1260 3347 1390 3387 vero
1406 3345 1466 3386 se
1486 3332 1590 3388 hoc
1608 3332 1767 3387 modo
1792 3331 2019 3388 historia
2044 3350 2058 3385 :

483 3426 822 3483 Fabulantur
846 3408 1064 3494 quidam
1098 3424 1239 3492 apud
1279 3422 1503 3479 Graecos
1547 3431 1744 3493 poetae,
1785 3422 2059 3495 Myrrham

483 3518 650 3574 fuisse
675 3519 890 3590 Cynirte
919 3516 1199 3586 cujusdam
1237 3514 1430 3582 filiam,
1488 3515 1579 3585 qui
1625 3513 1813 3569 eﬂ‘reni
1862 3516 2064 3585 impetu

485 3611 553 3665 ad
588 3607 918 3676 voluptatem
958 3603 1255 3672 ferebatur,
1292 3619 1357 3658 ac
1384 3620 1505 3658 cum
1543 3604 1760 3675 propria
1793 3604 1903 3661 lilia
1934 3619 2067 3659 con-

483 3714 706 3772 gressus
751 3696 1062 3760 libidinose,
1108 3712 1227 3752 cam
1266 3696 1397 3751 fecit
1430 3696 1584 3766 pueri
1613 3705 1867 3762 matrem,
1901 3694 2065 3766 275

482 3810 643 3866 quem
674 3792 851 3847 etiam
890 3789 1189 3845 nominavit
1220 3788 1555 3845 Adonidem.
1591 3788 1708 3855 Quo
1742 3787 1889 3843 facto
1935 3802 2066 3842 eru-

486 3894 736 3950 bescens,
772 3893 826 3940 et
859 3890 1063 3939 natura:
1091 3881 1320 3953 legibus,
1352 3881 1498 3952 impii
1537 3880 1727 3952 ﬂagitii
1759 3883 2065 3944 convictus,

483 3980 541 4034 in
574 3988 781 4042 monte,
811 3985 872 4031 ut
899 3975 1092 4043 fertur,
1125 3974 1386 4030 infantem
1412 3975 1678 4044 exposuit.
1725 3973 2066 4042 Acceperunt

483 4080 667 4125 autem
696 4083 819 4124 eum
845 4068 1093 4138 quaedam
1120 4066 1373 4138 nymphae
1402 4065 1534 4129 illic,
1560 4078 1697 4134 quas
1719 4064 1886 4118 etiam
1914 4080 2067 4120 mou-

484 4174 641 4219 tanas
675 4168 871 4218 vocant
891 4160 1199 4224 daemonas,
1222 4157 1526 4212 educarunt
1553 4163 1605 4210 et
1631 4164 2024 4211 conservarunt
2050 4174 2065 4212 :

482 4259 576 4329 qui
607 4272 729 4312 cum
772 4255 838 4310 ad
867 4256 1208 4325 pubertatem
1240 4259 1301 4306 et.
1338 4250 1403 4304 ad
1433 4249 1735 4320 iuventutis
1772 4251 2065 4306 maturita-

486 4363 594 4408 tem
626 4349 972 4421 profecisset,
998 4345 1383 4403 venustissima
1407 4344 1578 4399 forma
1606 4358 1730 4400 esse
1758 4342 2064 4410 videbatur,

483 4442 943 4509 venationemque
968 4435 1236 4502 exercuit,
1282 4436 1520 4489 studium
1558 4434 1686 4488 illud
1710 4434 1764 4489 in
1803 4433 1955 4497 silvis
1984 4431 2069 4487 di-

2174 3238 2438 3310 ποταμῶν
2481 3240 2770 3305 Αἰθιοπίας
2801 3243 2812 3295 !
2840 3243 3130 3312 Πτέρυγας
3163 3242 3219 3295 δέ
3258 3242 3460 3297 πλοίων
3502 3242 3759 3314 ὀνομάζει

2171 3334 2241 3387 τὰ
2266 3332 2435 3399 ἱστία,
2459 3327 2543 3398 οἷς
2564 3333 2753 3388 αἰτῶν
2769 3334 3097 3405 πνευμάτων
3120 3335 3494 3406 ἐμπίπτουσαι
3526 3334 3761 3405 προσδο-

2172 3425 2285 3492 λαὶ,
2304 3426 2509 3497 πτηνοῦ
2532 3425 2687 3497 δίκην
2713 3427 2883 3492 αὑτὰς
2905 3428 3243 3499 ἀποφέρουσι
3270 3427 3358 3481 διὰ
3389 3426 3558 3498 μέσου
3587 3426 3764 3496 κύμιι·

2172 3534 2285 3582 τος.
2321 3517 2380 3571 Ὀ
2413 3517 2758 3572 ἀποστέλλων
2778 3520 2835 3571 ἐν
2868 3518 3113 3589 θαλάσσῃ
3131 3519 3333 3589 ὅμηρα,
3354 3519 3449 3572 καὶ
3470 3516 3763 3582 ἐπιστολάς

2177 3611 2420 3682 βιϐλίνας
2445 3611 2631 3665 ἐπάνω
2673 3611 2767 3664 τοῦ
2799 3610 3012 3675 ὓδατος.
3059 3610 3391 3680 Δυσέφικτος
3438 3608 3537 3681 μέν
3563 3608 3761 3680 κομιδῇ

2173 3704 2283 3757 τῶν
2304 3702 2611 3775 εἰρημένων
2641 3703 2672 3755 6
2691 3701 2836 3765 νοῦς*
2867 3703 3047 3757 ὠδίνει
3076 3719 3141 3772 γε
3176 3703 3282 3775 μὴν
3305 3702 3547 3773 ἱστορίας
3572 3700 3765 3772 Ἑλληο

2175 3794 2335 3862 νικῆς
2377 3795 2676 3865 ἀφήγησιν,
2729 3797 2795 3866 ἣν
2835 3794 2930 3848 καὶ
2975 3794 3293 3864 ἀναγκαίως
3351 3793 3604 3865 ἐροῦμεν.
3660 3795 3767 3847 οὔκ

2174 3886 2281 3951 ἔξω
2339 3885 2615 3958 βαίνοντες
2665 3887 2761 3940 τοῦ
2806 3887 3039 3952 εἰκότος,
3100 3889 3271 3959 ἤγουν
3307 3886 3402 3940 τοῦ
3455 3886 3766 3958 πρέποντος

2175 3979 2358 4049 λόγοις
2395 3980 2826 4051 Χριστιανικοῑς,
2857 3979 2973 4034 ἀλλ’
3004 3979 3146 4050 ὑπέρ
3182 3997 3246 4050 γε
3282 3979 3378 4032 τοῦ
3406 3980 3550 4050 σαφῆ
3599 3997 3769 4033 κατα-

2177 4072 2377 4143 στῆσαι
2404 4074 2517 4135 τοῖς
2542 4072 2920 4143 ἀκροωμένοις
2951 4071 3052 4142 τὴν
3083 4071 3194 4125 τῶν
3226 4070 3447 4125 ἐννοιῶν
3480 4071 3762 4124 ἀπόδοσιν.

2179 4165 2336 4236 Ἔχει
2373 4162 2432 4217 δέ
2460 4163 2602 4217 οὕτω
2636 4163 2738 4229 τῆς
2790 4163 3032 4235 ἱστορίας
3075 4164 3105 4216 6
3151 4162 3309 4231 λόγος
3336 4180 3350 4194 ο
3386 4161 3765 4230 Μυθολογοῦσί

2173 4272 2318 4318 τινες
2350 4253 2457 4309 τῶν
2498 4254 2627 4325 παρ’
2657 4253 2885 4325 Ἕλλησι
2931 4253 3174 4325 ποιητῶν
3219 4253 3452 4326 Μύρραν
3507 4252 3766 4322 γενέσθαι

2174 4344 2273 4417 τὴν
2306 4343 2401 4397 τοῦ
2428 4344 2670 4415 Κινύρου
2691 4343 2838 4406 τινὸς
2865 4341 3163 4414 θυγατέρα,
3193 4341 3252 4406 ὃς
3277 4340 3341 4412 δὴ
3367 4340 3462 4395 καὶ
3486 4340 3765 4411 ἀχαλίνοις

2174 4435 2373 4506 ὁρμαῖς
2408 4435 2528 4495 ταῖς
2559 4435 2640 4497 είς
2671 4432 2984 4503 φιληδονίαν
3020 4429 3356 4503 ἡττώμενος,
3401 4428 3765 4482 συνεπλέκετο

486 4534 716 4602 ligentcr
749 4531 983 4588 colebat.
1033 4529 1204 4595 Quem
1237 4535 1372 4593 tum,
1426 4536 1484 4581 ut
1526 4526 1712 4591 aiunt,
1752 4524 2063 4592 conspicata

2178 4528 2278 4593 μὲν
2315 4524 2561 4593 ἀσελγῶς
2611 4528 2677 4598 τῇ
2738 4526 2843 4597 ἰδίᾳ
2899 4523 3165 4595 θυγατρὶ,
3210 4522 3423 4594 μητέρα
3478 4521 3534 4575 δέ
3593 4518 3765 4591 αὐτὴν

490 4626 601 4681 illic
628 4624 832 4691 Venus,
888 4619 1209 4676 meretricia,
1245 4617 1591 4683 muliercula,
1646 4629 1855 4682 amare,
1896 4613 2068 4677 coire,

491 4718 548 4765 et
576 4721 855 4778 nunquam
883 4720 988 4761 non
1020 4704 1302 4771 amplecti.
1324 4703 1443 4770 Quo
1470 4702 1708 4758 oﬂ'ensus
1739 4699 1883 4754 Mars
1905 4712 2075 4753 temu-

489 4802 575 4860 lus
601 4817 665 4857 ac
694 4798 877 4856 rivalis
907 4795 1154 4863 Veneris,
1196 4796 1309 4852 suis
1357 4795 1530 4851 forma
1556 4800 1857 4861 assumpta,
1892 4790 1946 4843 in
1983 4803 2074 4843 ve.

490 4901 711 4952 “autem
762 4888 953 4945 insilit.
978 4887 1128 4943 Perit
1175 4887 1265 4942 ille
1306 4901 1338 4942 e
1372 4887 1621 4954 vestigio.
1646 4881 1779 4950 Quae
1825 4895 1913 4935 res
1940 4896 2070 4935 cau-

491 5003 615 5048 sam
665 4986 842 5040 luctus
897 4983 1095 5040 Veneri
1148 4982 1410 5055 praebuit;
1465 4981 1650 5047 itaque
1702 4985 2071 5038 consternata,

492 5092 750 5151 metuque
776 5078 1025 5135 confecta
1056 5088 1172 5143 est,
1198 5087 1261 5130 ut
1298 5075 1366 5127 ad
1409 5071 1609 5129 Orcum
1637 5083 1809 5138 usque
1849 5068 2075 5123 descen-

491 5173 665 5240 deret,
725 5173 988 5229 amasium
1038 5171 1350 5225 reductura.
1396 5163 1530 5219 Cum
1591 5172 1776 5216 autem
1830 5158 2075 5215 Plutonis

491 5280 631 5321 uxor
684 5261 1147 5321 adolescentulum
1191 5256 1467 5324 impendio
1523 5269 1688 5325 quam
1744 5252 2074 5322 complecte-

489 5369 666 5426 retur,
697 5368 754 5414 et
793 5353 1194 5427 pulchritudine
1225 5346 1530 5405 admirabili
1581 5354 1931 5417 praestantem
1965 5361 2073 5400 non

492 5452 814 5514 dimitteret,
858 5450 1232 5501 convenerunt
1283 5441 1424 5495 inter
1458 5456 1541 5506 se,
1591 5449 1649 5494 ut
1680 5440 1805 5493 anni
1851 5439 2075 5510 periodo

400 5591 406 5597 .
494 5542 687 5602 divisa,
728 5551 785 5596 et
811 5535 1040 5593 alternis
1081 5533 1290 5588 vicibus
1327 5545 1450 5586 eum
1505 5531 1792 5586 haberent.
1835 5529 2071 5585 “eversa

494 5634 680 5690 Venus
717 5646 842 5687 cum
889 5628 992 5682 huc
1045 5624 1158 5681 suis
1208 5623 1564 5680 familiaribus
1617 5638 1710 5679 seu
1749 5622 1942 5677 amicis
1977 5635 2071 5676 seu

498 5725 803 5782 cultoribus
836 5718 1193 5785 renuntiaret,
1253 5717 1305 5773 in
1338 5716 1537 5773 festum
1569 5732 1655 5771 res
1683 5715 1817 5770 exiit
1840 5728 1904 5770 ac
1929 5712 2073 5769 cele-

499 5818 775 5879 britatem.
812 5812 995 5884 Itaque
1025 5809 1196 5866 Graeci
1241 5811 1366 5866 hinc
1400 5810 1507 5866 tale
1557 5808 1752 5864 festum
1791 5806 2069 5874 excogita-

2172 4616 2346 4669 ἐποίει
2380 4615 2590 4679 παιδὸς,
2611 4615 2669 4669 ὃν
2702 4616 2767 4687 δὴ
2801 4614 2896 4669 καὶ
2921 4614 3205 4686 ὠνόμασεν
3230 4612 3485 4667 Ἄδωνιν.
3522 4611 3757 4681 Ἐπερυ-

2173 4706 2341 4776 θριῶν
2370 4706 2535 4779 δέτῷ
2561 4707 2810 4777 γεγονότι
2858 4708 2957 4761 καὶ
3000 4708 3111 4769 τοῖς
3150 4705 3249 4775 τῆς
3293 4703 3511 4774 φύσεως
3552 4703 3764 4773 νόμοις,

2173 4798 2257 4853 ὃτι
2298 4797 2579 4870 πέπραχεν
2618 4798 2852 4860 ἀνοσίως
2893 4795 3339 4866 ἐξελεγχόμενος,
3390 4793 3649 4862 ἐξέθηκεν
3690 4790 3768 4853 ῶς

2173 4908 2308 4960 φασι
2346 4890 2408 4944 τὸ
2442 4889 2651 4943 παιδίον
2711 4891 2770 4943 ἐν
2816 4888 2953 4959 ὄρει.
3011 4886 3289 4941 Δαϐοὖσαι
3337 4885 3394 4939 δέ
3441 4883 3603 4939 τοῦτο
3658 4881 3768 4936 τῶν

2174 4983 2354 5036 ἐκεῖσε
2376 4981 2604 5053 νυμφῶν
2632 4997 2800 5043 τινες,
2835 4978 2902 5044 ἃς
2934 4979 3027 5033 καὶ
3055 4978 3287 5049 ὀρεάδας
3317 4975 3547 5031 καλοῦσι
3576 4974 3769 5045 δαίμο-

2173 5091 2298 5137 νας,
2329 5071 2564 5146 ἐθρεψάν
2587 5087 2646 5124 τε
2678 5072 2775 5125 καὶ
2804 5068 3135 5124 διεσώσαντο
3159 5084 3172 5097 °
3206 5067 3263 5129 ὃς
3296 5066 3360 5138 δὴ
3394 5064 3491 5119 κα)⁸
3526 5063 3764 5135 ἡϐήσας,

2174 5167 2269 5219 καὶ
2296 5166 2352 5217 ἐν
2385 5163 2626 5227 νεανίαις
2654 5162 2754 5234 ἤδη
2783 5161 2976 5225 τελῶν,
3013 5158 3466 5230 εὐπρεπεστάτην
3496 5156 3597 5226 μὲν
3626 5155 3767 5225 ἔχων

2173 5258 2273 5327 τὴν
2307 5253 2456 5328 ῶραν
2488 5254 2740 5323 ἐφαίνετο
2762 5269 2774 5282 ’
2799 5253 3002 5323 ἥπτετο
3036 5250 3094 5306 δὲ
3126 5248 3491 5322 κυνηγ[ε]ίας,
3529 5248 3625 5302 καὶ
3667 5245 3767 5307 τὰς

2175 5350 2269 5403 ἐπὶ
2296 5347 2471 5417 τούτῳ
2513 5343 2752 5408 σπουδάς
2784 5343 2907 5398 καθ’
2939 5342 3071 5406 ὔλας
3097 5346 3335 5396 ἐποιεῖτο
3374 5340 3505 5412 περὶ
3545 5337 3763 5393 πολλοῦ.

2175 5437 2330 5504 Εἶτα,
2361 5440 2518 5509 φησὶ,
2547 5436 2856 5508 θεασαμένη
2888 5434 3076 5490 τοῦτον
3104 5437 3137 5508 ὴ
3177 5435 3306 5504 παρ’
3342 5434 3527 5496 αὐτοῖς
3572 5432 3768 5500 ’Δφρο-

2173 5532 2292 5601 δίτη
2328 5531 2624 5601 (ἑταιρικὸν
2657 5528 2713 5581 δὲ
2743 5527 2901 5582 τοῦτο
2930 5527 3149 5597 γύναιον
3174 5522 3291 5598 ἦν),
3328 5524 3545 5595 ἠράσοη
3578 5539 3638 5575 τε
3675 5521 3767 5574 καὶ

2178 5620 2518 5688 συνεγένετο.
2567 5617 2663 5671 καὶ
2691 5617 3029 5689 περιέπουσα
3072 5615 3321 5669 διετέλει,
3380 5611 3493 5667 Καὶ
3539 5613 3679 5680 πρός
3702 5626 3766 5678 γε

2176 5711 2336 5767 τοῦτο
2389 5709 2763 5780 λελυπημένος
2820 5710 3076 5781 ἁἋρης,
3123 5704 3459 5777 ἀντεραστὴς
3503 5702 3768 5773 ὑπάρχων

2181 5807 2279 5876 τῆς
2323 5802 2662 5877 Ἀφροδίτης,
2698 5800 2783 5857 σε.ιῖ
2819 5801 3232 5876 παρεικάζεται,
3268 5798 3361 5852 καί
3395 5796 3634 5867 θηρῶντι
3666 5792 3767 5867 μὲν
