4060 6496
381 362 493 418 Mf

1532 362 1598 419 IN
1638 362 1874 421 ISAIAM
1913 364 2049 425 LIB.
2088 366 2158 424 ll.
2199 366 2440 426 TOMUS
2474 369 2564 428 lli:

3595 382 3704 437 H2

379 485 665 559 ἱπιπηδᾷ,
703 485 943 540 διόλλυσι
969 485 1027 539 δέ
1059 485 1409 557 παραχρῆμα
1435 501 1450 516 ο
1503 486 1600 539 καὶ
1630 485 1836 558 θρήνου
1864 484 2000 555 πρό⁴

2123 497 2252 551 aint,
2288 497 2346 543 ut
2381 503 2451 544 seu
2488 503 2613 544 cum
2649 490 2862 547 Venere
2908 499 3135 563 propter
3165 503 3397 549 mortem
3433 495 3699 554 Adonidis

377 593 562 648 φασις
616 576 813 646 γέγονε
852 578 952 648 μὲν
994 576 1058 631 τὸ
1106 577 1299 649 χρῆμα
1330 579 1398 648 τῇ
1462 577 1777 651 Ἀφροδίτῃ,
1811 576 1998 646 φησίν.

379 670 678 727 Καθίκετο
724 670 782 724 δὲ
811 669 1120 742 δυσθυμίας
1166 671 1249 733 εἰς
1279 669 1440 722 τοῦτο
1484 669 1579 723 καὶ
1607 669 1810 740 λύπης,
1862 666 2006 720 ὥστε

378 763 489 817 καὶ
532 763 618 825 εἰς
665 760 835 816 αὑτὸν
885 759 1289 829 καταφοιτῆσαι
1333 759 1425 813 τὸν
1468 759 1624 832 ᾅδην,
1670 758 2006 830 ἀνακομίσαι

344 896 355 922 λ
380 850 633 906 θέλουσα
662 849 755 903 τὸν
781 848 1084 922 ἐρώμενον.
1130 849 1350 920 Ἐπειδὴ
1388 849 1447 904 δὲ
1481 852 1514 921 ἡ
1559 850 1655 903 τοῦ
1689 849 2008 915 Πλούτωνος

344 912 537 1015 ξγυνὴ
566 912 919 1012 μετεποιεῖτο
951 942 1047 997 τοῦ
1097 912 1389 996 νεανίσκου
1438 912 1669 1015 σφόδρα,
1718 942 1813 997 καὶ
1853 912 2005 1009 άξιοξ

353 1001 723 1108 ἰθιιύιλιῖστον
769 1035 971 1106 ἔχοντα
999 1035 1101 1107 τὴν
1130 1034 1284 1106 ὥραν
1340 1034 1441 1088 οὐκ
1485 1001 1670 1105 ἦφίει,
1722 1001 2009 1089 συνέθεντο

388 1129 534 1202 πρὸς
580 1128 846 1200 ἀλλήλας,
893 1127 1037 1182 ὥστε
1087 1127 1429 1200 μερίσασθαι
1463 1125 1559 1181 τοῦ
1611 1127 1861 1182 ἐνιαυτοῦ
1914 1127 2007 1183 τὸν

387 1221 603 1276 κύκλον
626 1236 647 1252 ⁸
681 1222 779 1276 καὶ
816 1218 877 1285 ἐξ
913 1219 1177 1291 ἡμισείας
1210 1219 1360 1291 ἔχειν
1397 1219 1587 1288 αὐτόν.
1652 1218 2010 1289 Ἀνελθούσης

383 1314 448 1368 δὲ
487 1313 597 1385 τῆς
656 1314 1006 1385 Ἀφροδίτης,
1062 1314 1158 1368 καὶ
1207 1313 1368 1368 τοῦτο
1432 1312 1841 1385 ἁναγγειλάσης
1894 1315 2010 1378 τοῖς

383 1408 608 1479 ἑαυτῆς
636 1407 886 1471 οἰκείοις,
917 1408 1037 1478 ἦτοι
1084 1406 1284 1477 φίλοις,
1318 1406 1352 1478 ἢ
1384 1407 1733 1476 λατρευταῖς,
1753 1406 1918 1478 ἑορτὴ
1950 1405 2010 1459 τὸ

383 1502 597 1573 χρῆμα
639 1501 836 1570 γέγονε
886 1501 983 1553 καὶ
1035 1502 1370 1572 πανήγυρις.
1424 1498 1789 1554 Ἐπλάττοντο
1832 1498 2011 1552 τοίνυν

388 1593 671 1665 Ἕλληνες
698 1593 1021 1664 ἑορτὴνιέπὶ
1046 1592 1226 1664 τούτῳ
1257 1591 1542 1664 τοιαύτην.
1575 1590 2013 1664 Προσεποιοῦντο

390 1686 661 1758 μὲν-γάρ
702 1685 1024 1758 λυπουμένῃ
1052 1687 1121 1757 τῇ
1170 1685 1483 1758 Ἀφροδίτῃ,
1523 1686 1615 1739 διὰ
1655 1685 1718 1739 τὸ
1753 1684 2011 1741 τεθνάναι

385 1778 494 1833 τὸν
529 1777 785 1844 Ἄδωνιν,
814 1777 1281 1848 συνολοφύρεσθαι
1316 1781 1411 1833 καὶ
1464 1777 1707 1851 θρηνεῖν·
1751 1779 2011 1835 ἀνελθού-

389 1887 506 1942 σης
559 1870 619 1923 δὲ
662 1869 724 1935 ἐξ
771 1870 926 1942 ᾅδου,
978 1872 1077 1925 καὶ
1128 1871 1239 1942 μὴν
1281 1873 1377 1925 καὶ
1420 1873 1696 1944 ηὑρῆσθαι
1744 1872 2013 1946 λεγούσης

386 1962 495 2016 τὸν
535 1961 899 2033 ζητούμενον,
954 1962 1287 2035 συνήδεσθαι
1335 1966 1433 2018 καὶ
1483 1966 1859 2039 ἀνασκιρτᾷν⁶
1918 1968 2016 2021 καὶ

393 2052 577 2124 μέχρι
604 2053 714 2108 τῶν
745 2055 867 2108 καθ’
920 2056 1071 2125 ἡμᾶς
1106 2055 1319 2127 καιρῶν
1366 2058 1425 2111 ἐν
1457 2060 1572 2122 τοῖς
1602 2058 1726 2112 κατ’
1768 2058 2018 2125 Ἀλεξάν-

386 2150 596 2222 δρειαν
632 2152 808 2223 ἱεροῖς
843 2151 1085 2205 ἐτελεῖτο
1115 2150 1177 2205 τὸ
1208 2151 1461 2221 παίγνιον
1510 2152 1693 2207 τοῦτο.
1748 2151 2017 2225 Μεμαθή-

390 2258 537 2296 κασι
582 2241 680 2295 καὶ
724 2243 775 2295 οἱ
810 2240 871 2307 ἐξ
899 2242 1137 2313 αἵματος
1179 2242 1420 2314 Ἰσραὴλ,
1463 2245 1562 2297 καὶ
1587 2244 1651 2313 δὴ
1687 2244 1783 2297 καὶ
1841 2244 2017 2317 ἔδρων

388 2332 561 2398 attito,
594 2333 732 2387 Θεὸν
761 2334 860 2403 μὲν
893 2332 1246 2400 ἀφέντεςλτὸν
1275 2334 1436 2404 φύσει
1470 2335 1566 2389 καὶ
1605 2335 1846 2407 ἀληθῶς,
1876 2337 2017 2391 ἀπο-

389 2423 733 2488 νενευκότες
752 2424 810 2478 δὲ
840 2423 981 2496 πρὸς
1010 2422 1053 2478 ὰ
1084 2424 1158 2496 μὴ
1194 2424 1376 2495 θέμις,
1409 2425 1506 2479 καὶ
1531 2428 1656 2491 ταῖς
1684 2427 1795 2481 τῶν
1823 2427 2017 2498 δαιμο-

390 2514 535 2568 νίων
573 2515 820 2578 ἀπάταις
859 2516 942 2577 εἰς
996 2513 1224 2587 ὄλεθρον
1273 2516 1371 2571 καὶ
1415 2517 1696 2573 ἀπώλειαν
1740 2519 2019 2585 ἀσυνέτως

394 2605 889 2677 συνηρπασμένοι.
924 2607 1310 2680 Διαμέμνηται
1341 2609 1533 2665 τούτου
1557 2613 1653 2667 καὶ
1684 2613 1713 2667 ό
1749 2613 2020 2684 μακάριος

392 2698 707 2769 προφήτης
757 2698 1040 2771 Ἰεζεχιήλο
1081 2699 1188 2772 ἔφη
1233 2701 1343 2772 γὰρ
1391 2701 1566 2767 οὕτως
1594 2720 1607 2732 ·
1681 2704 1834 2757 «Καὶ
1885 2702 2018 2770 ῐδον,

394 2788 503 2843 καὶ
567 2789 681 2843 nos
721 2791 841 2843 ἐκεῖ
887 2796 1152 2860 γυναῖκες
1191 2794 1526 2865 καθήμεναι,
1590 2796 1891 2867 θρηνοῦσαι
1927 2796 2021 2851 τὸν

393 2879 705 2951 Θαμμούξ.
739 2900 757 2933 ι
803 2884 1235 2955 Διερμηνεύεται
1262 2885 1321 2939 δὲ
1353 2887 1382 2939 ό
1410 2886 1680 2958 Θαμμοὺζ
1699 2890 1728 2942 ό
1763 2888 2017 2954 ΙἌδωνις.

411 2972 771 3043 Ἐπράττετο
793 2973 851 3027 δέ
879 2992 932 3027 τι
968 2975 1213 3031 τοιοῦτον
1241 2976 1394 3048 παρὰ
1420 2977 1532 3031 τῶν
1559 2977 1730 3033 όντων
1764 2980 1824 3033 ἐν
1856 2983 1922 3052 τῇ
1947 2983 2017 3052 γῇ

392 3066 473 3135 τῇ
533 3062 800 3120 ἐπέκεινα
834 3069 1105 3138 ποταμῶν
1147 3068 1461 3136 Αἰθιοπίας,
1513 3071 1647 3142 περὶ
1687 3066 1758 3143 ἧς
1804 3074 1864 3125 ἐν
1905 3075 2019 3137 τοῖς

2109 589 2306 635 mmsta
2360 582 2651 639 condolere
2710 591 2767 641 et
2816 582 3002 655 lugere
3051 603 3066 641 :
3115 586 3365 643 redeunti
3411 598 3593 644 autem
3632 605 3699 646 ex

2107 670 2251 728 Orco
2299 675 2655 730 etinventum
2698 690 2822 732 esse
2871 678 3097 745 dicenti,
3131 692 3293 746 quem
3347 682 3700 748 quaesiverat,

2109 764 2395 837 gratulari,
2461 776 2516 824 et
2554 784 2659 823 una
2687 770 2963 825 exsultare
3003 771 3365 839 simularent;
3412 783 3469 828 et
3502 775 3570 829 ad
3608 791 3704 831 no-

2110 868 2285 915 stram
2317 875 2492 932 usque
2547 870 2762 917 aetatem
2798 862 2851 917 in
2894 861 3280 919 Alexandrinis
3321 865 3563 921 delubris
3599 868 3705 923 hoc

2110 953 2387 1009 ludicrum
2446 955 2831 1024 peragebatur.
2887 953 3001 1011 Hoc
3051 971 3270 1026 quoque
3319 973 3385 1012 ex
3441 960 3709 1027 sanguine

2110 1046 2418 1104 Israelitico
2439 1048 2548 1101 orti
2581 1047 2915 1115 didicerunt,
2955 1048 3115 1117 idque
3150 1049 3329 1118 ipsum
3364 1050 3708 1117 factitarunt,

2113 1140 2226 1197 Deo
2260 1139 2517 1197 videlicet
2542 1140 2780 1195 naturali
2806 1150 2861 1195 et
2886 1155 3017 1195 vero
3048 1142 3338 1209 derelicto,
3374 1145 3446 1197 ad
3479 1145 3529 1199 id
3562 1144 3709 1215 quod

2112 1234 2197 1291 fas
2227 1249 2334 1291 non
2388 1242 2509 1290 erat
2558 1233 2788 1304 delapsi,
2832 1243 2888 1290 et
2930 1234 3238 1290 daemonum
3288 1237 3604 1306 impostnris
3653 1240 3709 1291 in

2111 1326 2410 1397 perniciem
2448 1335 2505 1382 et
2557 1326 2836 1382 interitum
2893 1328 3272 1398 imprudenter
3322 1329 3554 1398 abrepti.
3591 1328 3712 1384 Me-

2113 1420 2274 1477 minit
2312 1420 2477 1491 hujus
2503 1420 2668 1499 etiam
2719 1422 2915 1477 beatus
2953 1421 3220 1491 propheta
3248 1421 3527 1477 Ezechiel.
3567 1421 3713 1476 Dixit

2113 1514 2260 1570 enim
2288 1513 2414 1569 sic:
2455 1531 2473 1566 ι
2512 1512 2734 1578 Etvidi,
2774 1524 2830 1568 et
2855 1527 2984 1586 ecce
3023 1513 3285 1568 mulieres
3309 1516 3580 1579 sedentes,
3628 1514 3713 1566 lu-

2114 1613 2304 1675 gentes
2345 1603 2651 1659 Thammuz
2684 1604 2730 1636 "
2764 1622 2784 1656 ι
2826 1604 3146 1674 (exponitur
3180 1613 3363 1658 autem
3405 1602 3714 1659 'l'hammuz

2114 1694 2364 1765 Adonis).
2393 1693 2625 1749 Factum
2657 1704 2741 1751 est
2770 1704 2954 1749 autem
2989 1695 3097 1749 tale
3127 1682 3387 1763 quiddam
3416 1693 3487 1747 ab
3519 1694 3714 1763 bisqui

2116 1794 2278 1840 erant
2322 1785 2375 1839 in
2427 1794 2573 1841 terra
2622 1795 2771 1841 trans
2815 1783 3010 1840 ﬂuvios
3055 1782 3373 1856 Ᾱέιιιίορίω,
3408 1786 3475 1837 de
3510 1798 3614 1852 qua
3659 1783 3714 1837 in

2118 1877 2495 1948 superioribus
2523 1877 2685 1948 paulo
2727 1876 2945 1947 planius
2977 1877 3236 1932 diximus.
3264 1875 3506 1943 Accepto
3539 1874 3712 1941 fictili,

2118 1971 2242 2027 dein
2272 1972 2643 2042 conscriptam
2699 1972 2752 2026 in
2789 1987 2996 2044 papyro
3031 1969 3316 2041 epistolam
3348 1970 3416 2024 ad
3460 1969 3714 2032 feminas,

2118 2063 2272 2134 quasi
2334 2062 2561 2119 invento
2619 2062 2898 2127 Adonide,
2961 2077 3026 2117 ac
3078 2060 3231 2116 fictili
3285 2060 3601 2131 impositam
3662 2065 3720 2113 et

2118 2154 2681 2228 276'obsiguatam,
2723 2154 2778 2208 in
2815 2166 2970 2207 mare
2995 2152 3359 2216 demiserunt,
3388 2149 3715 2220 quibusdam

2120 2250 2413 2306 celebratis
2448 2247 2794 2304 caeremoniis
2838 2263 2853 2302 :
2893 2254 3036 2301 etut
3084 2244 3357 2300 dicebant
3397 2252 3630 2303 temere,
3662 2250 3719 2296 et

2120 2356 2251 2397 casu
2291 2343 2343 2397 in
2389 2341 2634 2400 chartas.
2681 2339 2838 2408 juxta
2879 2336 3202 2393 manifestos
3257 2335 3384 2390 anni
3421 2335 3539 2390 dies
3570 2332 3720 2391 (refe-

2120 2435 2367 2489 rebatur.
2398 2432 2687 2501 Quod‘ubi
2722 2431 2825 2487 illa:
2863 2430 3082 2487 femina:
3116 2429 3349 2485 Veneris
3381 2429 3573 2482 amica:
3611 2440 3717 2480 una

2121 2541 2246 2582 cum
2286 2524 2520 2596 epistola
2565 2524 2905 2594 accepissent
2931 2566 2945 2590 ,
2987 2522 3215 2590 perinde
3250 2536 3336 2577 ac-
3363 2521 3409 2576 si
3467 2528 3720 2591 repertus

2120 2611 2317 2669 fuisset
2339 2631 2368 2667 a
2403 2610 2618 2668 Venere
2642 2611 2871 2678 Adonis,
2915 2611 3120 2666 luctum
3165 2611 3462 2680 ponebant.
3502 2607 3722 2662 Deridet

2121 2718 2252 2773 ergo
2305 2716 2489 2758 sermo
2537 2702 2905 2771 prepheticus-
2954 2700 3114 2754 nobis
3173 2699 3321 2753 velut
3391 2698 3719 2753 idololatras

2124 2794 2343 2864 impios,
2391 2794 2731 2858 seductores,
2782 2801 2849 2846 ει·
2889 2791 2980 2845 Dei
3026 2792 3211 2846 hostes
3248 2805 3343 2845 eos
3386 2790 3477 2859 qui
3514 2800 3717 2843 terram

2123 2902 2244 2942 eam
2281 2886 2617 2951 inhabitant,
2656 2897 2808 2940 trans
2829 2882 3025 2938 fluvios
3054 2881 3375 2950 Ethiopian
3407 2891 3465 2937 et
3492 2880 3715 2949 inquit:

2125 2981 2229 3048 Qui
2265 2982 2436 3036 mittit
2465 2982 2519 3035 in
2558 2980 2694 3034 mari
2731 2979 2981 3044 obsides,
3003 2987 3059 3032 et
3096 2976 3358 3046 epistolas
3387 2988 3721 3044 papyraeeas

2124 3087 2289 3142 super
2304 3088 2524 3143 aquam.
2549 3070 2659 3127 Hoc
2683 3070 2846 3125 etiam
2869 3070 3095 3124 omnino
3116 3068 3364 3138 sequitur
3389 3066 3501 3131 Var,-
3529 3078 3721 3130 quem-

393 3156 674 3227 ἀνωτέρω
701 3156 874 3230 βραχὺ
895 3160 1086 3228 σαφῶς
1103 3163 1430 3233 εἰρήκαμεν.
1453 3163 1716 3235 Κέραμον
1734 3163 2016 3232 λαϐόντες,

2124 3165 2415 3220 admodum
2469 3176 2619 3217 certe
2678 3163 2781 3217 alis
2842 3162 3082 3216 navium.
3150 3160 3244 3216 Va:
3292 3160 3462 3222 enim,
3515 3154 3720 3224 inquit,

395 3246 533 3304 εἶτα
572 3251 883 3321 γράφοντες
910 3253 1204 3327 ἐπιστολὴν
1234 3256 1373 3327 πρὸς
1399 3257 1500 3320 τὰς
1532 3256 1591 3311 ἐν
1632 3257 1814 3330 Βίϐλῳ
1838 3261 2022 3328 γυναῖ-

396 3358 536 3407 κας,
571 3341 649 3405 ὡς
678 3343 997 3414 ηὑρημένου
1042 3344 1138 3399 τοῦ
1172 3344 1472 3411 Ἀδώνιδος,
1523 3347 1621 3400 καὶ
1671 3347 1920 3412 ἐνθέντες
1959 3366 2021 3402 τε

395 3434 587 3507 αὐτὴν
617 3434 698 3504 τῷ
731 3437 985 3509 κεράμῳ,
1025 3438 1121 3492 καὶ
1165 3439 1591 3510 σφραγίσαντες,
1646 3440 1910 3496 καθίεσαν
1938 3444 2025 3506 είς

396 3527 508 3599 τὴν
539 3527 845 3592 θάλασσαν,
879 3528 1108 3595 τελετάς
1141 3548 1293 3596 τινας
1329 3531 1418 3585 ἐπ’
1448 3532 1599 3604 αὐτῷ
1627 3534 2017 3605 ποιησάμενοι·

397 3621 509 3675 καὶ
529 3620 610 3685 ὥς
635 3637 701 3689 γε
731 3620 998 3690 ἔφασκον,
1053 3623 1381 3693 αὐτομάτως
1410 3625 1492 3688 είς
1525 3625 1718 3679 Βίϐλον
1747 3624 2022 3697 ἀπεκομί-

398 3712 539 3777 ζετο
568 3714 649 3783 (Ι)
675 3714 819 3768 κατά
849 3713 1096 3785 φανεράς
1128 3714 1224 3769 τοῦ
1253 3714 1410 3781 ἔτους
1435 3718 1674 3790 ἡμέρας.
1709 3720 1807 3772 Ὃν
1836 3718 1899 3791 δὴ
1927 3719 2022 3773 καὶ

398 3805 824 3876 ἀποδεξάμεναι
854 3808 1116 3877 γυναῖκές
1152 3826 1299 3873 τινες
1327 3811 1427 3880 τῆς
1473 3810 1797 3883 Ἀφροδίτης
1843 3810 2019 3883 φίλαι,

400 3893 537 3952 εἶτα
582 3896 852 3952 λαϐοῦσαι
879 3899 980 3970 τὴν
1008 3899 1302 3972 ἐπιστολὴν
1332 3900 1602 3956 ἐπαύοντο
1634 3903 1727 3957 τοῦ
1776 3903 2020 3977 θρηνεῖν,

398 3987 490 4052 ὡς
536 3988 857 4060 ηὐρημένου
898 3991 1049 4061 παρὰ
1090 3993 1192 4063 τῆς
1233 3993 1556 4065 Ἀφροδίτης
1578 3995 1672 4049 τοῦ
1717 3995 2019 4062 Ἀδώνιδος.

402 4080 656 4153 Διαγελᾷ
681 4082 863 4137 τοίνυν
890 4085 920 4137 ό
949 4084 1290 4156 προφητικδς
1319 4087 1452 4158 ἡμῖν
1489 4085 1669 4157 λόγος,
1701 4087 1778 4153 ὡς
1808 4088 2025 4143 εἰδωλο-

400 4172 622 4245 λάτρας
653 4174 785 4228 ποτὲ
812 4175 909 4229 καὶ
937 4176 1212 4243 ἀνοσίους,
1262 4180 1360 4232 καὶ
1390 4179 1743 4249 ἀπατεῶνας,
1779 4182 1874 4234 καὶ
1905 4181 2024 4235 θεο-

406 4272 623 4343 μισεῖς,
681 4271 810 4335 τοὺς
860 4270 1261 4336 κατοικοῦντας
1305 4271 1406 4345 τὴν
1439 4274 1544 4344 γῆν
1615 4273 1715 4345 τὴν
1763 4274 2024 4329 ἐπέκεινα

405 4362 687 4434 ποταμῶν
717 4362 1025 4428 Αἰθιοπίας,
1062 4362 1156 4418 καί
1196 4381 1363 4435 φησιν
1388 4381 1403 4394 '
1458 4365 1516 4418 ’0
1567 4364 1918 4418 ἀποστέλλων
1965 4366 2025 4419 ἐν

405 4455 669 4529 θαλάσσῃ
702 4456 912 4527 ὅμηρα,
957 4456 1052 4509 καὶ
1095 4456 1392 4520 ἐπιστολάς
1428 4455 1676 4526 βιϐλίνας
1713 4456 1901 4511 ἐπάνω
1928 4456 2023 4511 τοῦ

2128 3263 2294 3313 teme
2346 3256 2564 3319 navium
2620 3255 2742 3309 alis.
2785 3253 2967 3321 Quare
3029 3253 3085 3308 in
3132 3264 3428 3306 commune
3471 3243 3727 3302 extendit

2130 3349 2260 3406 illud
2302 3347 2395 3404 Va:
2433 3348 2499 3403 ad
2544 3364 2668 3403 eum
2700 3346 2864 3402 etiam
2926 3345 3018 3416 qui
3080 3344 3247 3400 mittit
3302 3344 3356 3397 in
3400 3342 3537 3395 mari
3573 3338 3725 3394 obsi-

2129 3442 2249 3507 des,
2301 3441 2354 3495 id
2403 3451 2510 3508 est,
2566 3441 2875 3495 concordia!
2924 3454 2991 3494 ac
3040 3437 3419 3494 consensionis
3467 3432 3718 3505 pignora.

2129 3530 2267 3587 Nam
2302 3531 2528 3602 perinde
2561 3532 2719 3601 quasi
2778 3530 3012 3585 Veneris
3061 3539 3321 3601 mysteria
3352 3527 3721 3589 celebrarent,

2130 3641 2250 3681 eam
2292 3625 2346 3680 in
2377 3638 2583 3695 papyro
2619 3622 2925 3677 colentibus
2974 3636 3037 3676 ac
3070 3619 3189 3690 pari
3233 3617 3607 3673 laborantibus
3641 3616 3724 3669 in-

2130 3718 2335 3787 sania,
2380 3717 2647 3772 miserunt
2682 3714 2961 3785 epistolas,
3017 3728 3122 3767 non
3161 3711 3429 3783 impositis
3469 3710 3597 3785 navi
3641 3717 3725 3762 ta—

2130 3810 2395 3875 bellariis,
2431 3809 2526 3865 sed
2564 3807 2707 3863 velut
2741 3822 2908 3875 super
2942 3821 3135 3876 aquas,
3173 3818 3240 3858 eo
3263 3803 3430 3875 quod,
3462 3801 3538 3855 uti
3568 3801 3725 3855 dixe-

2130 3917 2274 3968 ram,
2312 3916 2405 3957 eas
2440 3900 2494 3954 in
2521 3899 2743 3955 urceolo
2785 3908 3104 3969 posuerunt.
3146 3894 3332 3950 Coacti
3382 3907 3593 3959 sumus,
3634 3904 3727 3943 so—

2130 3994 2240 4051 lum
2279 4003 2338 4050 ut
2380 3993 2666 4049 verborum
2717 3989 3134 4061 intelligentiam
3169 3987 3594 4046 declararemns,
3644 3981 3729 4035 fa-

2134 4089 2292 4143 bulas
2330 4086 2549 4159 putidas
2580 4095 2633 4142 et
2664 4085 2859 4150 aniles,
2899 4093 2954 4139 et
2978 4082 3220 4139 Graacam
3263 4077 3727 4133 abominationem

2131 4191 2585 4236 commemorare.
2639 4176 2797 4232 Ibunt
2829 4175 2974 4229 enim
3025 4172 3197 4226 nuntii
3246 4171 3455 4225 celeres
3495 4167 3562 4222 ad
3598 4180 3733 4235 gen-

2133 4281 2238 4326 tem
2279 4268 2573 4331 excelsam,
2618 4274 2673 4321 et
2715 4264 3075 4337 peregrinum.
3112 4263 3370 4331 populum
3413 4268 3468 4314 et
3510 4261 3727 4312 durum.

2132 4365 2265 4431 Quis
2305 4361 2446 4416 ultra
2493 4358 2696 4414 illum?
2736 4356 2884 4414 Gens
2938 4355 3226 4423 desperata
3283 4363 3339 4407 et
3387 4350 3726 4422 proculcata.

2133 4455 2251 4509 Dixi
2287 4450 2578 4509 oﬂ‘endisse
2610 4465 2767 4521 reges
2818 4447 3193 4519 Assyriorum,
3242 4459 3338 4501 eos
3381 4443 3477 4513 qui
3520 4453 3722 4497 terram

405 4548 634 4611 ὕδατος.
681 4547 921 4601 Ἔπεται
983 4546 1040 4600 δὲ
1084 4548 1304 4610 πάντως
1357 4547 1452 4601 καὶ
1499 4548 1679 4619 τούτῳ
1715 4549 1799 4615 τὸ,
1843 4547 2017 4602 Οὐαί·

2131 4559 2280 4602 trans
2309 4543 2502 4600 ﬂuvios
2537 4542 2835 4613 Ethiopian
2858 4541 3177 4595 habitarunt
3218 4558 3231 4595 :
3269 4537 3529 4608 quoniam
3556 4534 3726 4604 flagi—

404 4639 673 4710 καθάπερ
706 4637 901 4709 ἀμέλει
931 4638 1023 4691 καὶ
1056 4640 1176 4701 ταῖς
1208 4637 1438 4709 πτέρυξι
1483 4637 1593 4692 τῶν
1632 4638 1858 4693 πλοίων.
1891 4639 2029 4692 Οὐαὶ

404 4732 526 4805 γὰρ
556 4731 667 4803 γῆς
683 4730 957 4801 πτέρυγες
982 4728 1204 4796 πλοίων,
1231 4729 1400 4799 φησίν
1427 4729 1441 4782 l
1463 4727 1675 4783 Οὐκοῦν
1702 4730 1812 4782 ἀπὸ
1842 4730 2027 4785 κοινοῦ

408 4823 837 4897 προσεπάγεται
873 4822 957 4884 τὸ,
987 4822 1148 4886 Οὐαὶ,
1169 4821 1247 4893 τῷ
1282 4821 1666 4876 ἀποστέλλοντι
1700 4823 1759 4876 ἐν
1781 4822 2028 4898 θαλάσσῃ

402 4918 604 4988 ὅμηρα
623 4930 637 4944 ⁶
678 4913 827 5004 τοῦτξ
852 4912 1023 4979 ἔστιν,
1051 4914 1286 4986 ἐνέχυρα
1312 4916 1415 4984 τῆς
1440 4914 1770 4986 όμοψυχίας.
1807 4917 1897 4980 Ὠς
1917 4916 2027 4989 γὰρ

419 5006 756 5079 Ἀφροδίτης
777 5005 1064 5070 τελοῦντες
1091 5006 1391 5078 μυστήριον
1407 5008 1520 5070 τοῖς
1543 5005 1750 5079 ταύτην
1766 5007 1824 5060 ἐν
1848 5007 2027 5080 Βίϐλῳ

407 5100 764 5171 σεϐομένοις,
815 5099 911 5152 καὶ¹
955 5099 1056 5169 τὴν
1114 5098 1239 5169 ἴσην
1290 5099 1475 5162 αὐτοῖς
1523 5098 1740 5153 νοσοῦσι
1801 5100 2025 5171 μανίαν,

405 5192 736 5263 ἐξέπεμπον
761 5191 862 5255 τάς
891 5190 1208 5256 ἐπιστολὰς,
1256 5191 1318 5243 οὐ
1360 5189 1568 5255 πλοίοις
1603 5191 1851 5255 ἐνθέντες
1895 5194 2026 5258 τοὺς

403 5284 801 5354 διακομιστάς,
850 5282 970 5338 ἀλλ’
1017 5276 1130 5337 οἷον
1187 5282 1377 5337 ἐπάνω
1433 5282 1530 5337 τοῦ
1562 5281 1775 5351 ὓδατος,
1829 5284 1919 5339 διά
1964 5286 2026 5339 τὸ

406 5377 671 5449 κεράμῳ,
690 5377 943 5446 καθάπερ
966 5375 1126 5448 ἔφην,
1154 5374 1489 5429 ἐντεθεῖσθαι
1518 5377 1742 5441 ταύτας.
1759 5377 2029 5447 Ἦναγκά-

409 5470 603 5542 σμεθα
646 5469 705 5524 δέ
742 5470 934 5541 μύθων
979 5468 1263 5523 ὀδωδότων
1315 5469 1410 5522 καὶ
1456 5470 1874 5542 γεγηρακότων,
1930 5471 2025 5526 καὶ

491 5629 540 5663 δ’
585 5629 786 5685 Ezech.
823 5646 946 5696 rm,
969 5628 1055 5683 li.

2137 4639 2378 4697 tantibus
2408 4637 2671 4693 auxilium
2698 4634 2960 4692 lsraelitis
2992 4648 3103 4688 non
3134 4632 3307 4687 solum
3338 4629 3729 4700 promiserunt,

2136 4736 2233 4791 sed
2253 4734 2416 4789 etiam
2452 4734 2746 4794 miserunt,
2780 4727 2997 4784 etiamsi
3045 4725 3180 4781 nihil
3213 4740 3439 4796 prorsus
3486 4723 3610 4777 illos
3643 4723 3734 4792 ju-

2134 4827 2338 4883 verint.
2369 4824 2507 4880 Hinc
2548 4823 2623 4879 illi
2660 4820 2946 4887 commoti,
2989 4829 3278 4890 postquam
3307 4817 3641 4880 universam,
3677 4827 3735 4868 ut

2135 4919 2242 4974 hoc
2295 4919 2465 4974 verbo
2520 4926 2666 4981 utar,
2726 4914 2971 4970 .Iudaeam
3013 4909 3329 4981 depOpnlati
3384 4915 3536 4972 sunt,
3594 4905 3735 4961 bello

2136 5010 2412 5083 Egypliis
2443 5010 2615 5077 illato,
2640 5017 2809 5062 totam
2831 5016 3035 5062 terram
3067 5003 3214 5059 nullo
3247 5003 3430 5058 labore
3447 5012 3736 5072 ceperunt,

2130 5104 2244 5160 Deo
2283 5104 2390 5159 illis
2419 5105 2585 5159 dante
2614 5110 2674 5157 ut
2706 5088 3143 5156 adversariorum
3188 5112 3407 5152 manum
3452 5110 3736 5166 expugna—

2130 5205 2274 5260 rent,
2307 5210 2373 5251 eo
2403 5194 2547 5265 quod
2593 5196 2643 5249 in
2683 5192 2968 5266 Egyptios
3002 5190 3266 5248 concitati
3300 5189 3527 5244 fuerint.
3568 5186 3730 5242 Proin

2128 5297 2513 5360 expugnatum
2546 5288 2824 5358 regionem
2860 5298 3051 5349 eorum
3107 5279 3432 5353 Babylonio,
3476 5292 3737 5334 cursores

2134 5382 2356 5453 quidam
2393 5395 2460 5435 ex
2509 5377 2694 5435 Iudaea
2750 5378 3006 5450 profecti,
3064 5391 3170 5431 non
3221 5375 3379 5445 longe
3423 5371 3734 5428 abfuturam

2132 5473 2507 5529 incursionem
2560 5472 3009 5543 pronuntiarunt.
3046 5468 3123 5524 De
3170 5469 3369 5538 quibus
3410 5461 3677 5534 propheta
3717 5477 3737 5514 τι

489 5787 571 5853 (Ι)
619 5786 781 5863 corr.
836 5789 1173 5861 Αύτομάτως
1191 5788 1298 5863 ,εἰς
1352 5787 1556 5863 Βύϐλον
1618 5789 1990 5861 ἀπεκομίζετο

2123 5776 2214 5847 Sita
2272 5801 2452 5863 sponte
2502 5790 2556 5846 in
2600 5788 2829 5862 Byblum
2890 5783 3270 5858 perferebatur.
3335 5778 3539 5851 Bybltts
3588 5778 3745 5834 enim
3827 5766 3830 5770 ’

413 5860 644 5926 charta,
679 5861 902 5931 juncus,
940 5858 998 5917 et
1030 5862 1159 5917 urbs
1191 5858 1539 5917 Pltceuicutn.
