4060 6526
422 332 528 389 443

1418 337 1475 395 s.
1516 336 1794 399 CYRlLLl
1811 289 2323 425 ‘ALEXANDtuui
2351 333 2676 391 ARClllEP.

3587 343 3685 401 Mi

425 450 583 505 Ibunt
610 454 783 508 nuntii
818 454 990 520 leves,
1026 454 1079 509 id
1112 463 1216 519 est,
1248 454 1480 521 veloces,
1518 465 1574 513 et
1605 458 1752 513 velut
1782 456 2004 527 pennati

2135 455 2391 526 ῖδελυρίας
2428 452 2750 526 Ἑλληνικῆς
2786 451 3121 525 ποιήσασθαι
3157 454 3419 524 μνήμην,
3466 455 3598 527 ὑπέρ
3626 476 3682 526 γε

424 551 478 594 et
508 542 701 609 agiles,
736 552 791 598 et
821 546 1056 600 vicinam
1094 559 1160 599 ac
1187 543 1299 613 jam
1338 546 1396 605 ia
1426 546 1639 603 roribus
1684 559 2008 618 praesentem

430 633 552 686 twlli
590 635 959 696 calamitatem
997 637 1419 694 denuntiabunt.
1460 638 1689 696 Gentem
1712 641 2009 708 excelsam,

427 738 491 773 ac
544 726 801 792 populum
848 728 1194 798 peregrinum
1242 743 1307 784 ac
1340 730 1557 795 durum,
1596 729 1879 801 Egyp'ios
1912 744 2011 785 no-

433 817 640 870 minat:
677 818 950 872 excelsam
994 820 1158 892 277
1194 830 1248 876 et
1287 821 1511 889 elatam,
1554 837 1676 891 pro,
1714 824 2009 892 superbam

433 906 512 956 vel
548 906 718 960 levem
766 919 820 962 et
854 911 1071 979 agilem.
1116 922 1172 968 et
1203 914 1331 967 nulli
1363 915 1577 970 vulneri
1614 923 1709 968 aut
1753 914 1885 969 ictui
1914 928 2013 969 ex-

432 998 698 1067 positam;
760 1004 1104 1070 peregrinam
1151 1014 1337 1058 autem
1381 1016 1439 1059 et
1491 1006 1706 1072 duram,
1755 1014 2013 1075 tanquam

433 1104 553 1145 rara
588 1093 823 1161 quadam
865 1096 1074 1151 saevitia
1116 1112 1180 1151 ac
1204 1095 1465 1151 inusitata
1501 1096 1841 1153 immanitate
1876 1109 2013 1163 prm-

432 1182 626 1246 ditam,
658 1202 780 1254 qua:
806 1187 892 1241 hic
922 1203 1028 1242 non
1074 1188 1277 1245 habeat
1307 1190 1661 1257 superiorem.
1699 1188 1832 1254 Quis
1869 1188 2015 1247 enim

434 1274 573 1329 ultra
615 1275 788 1342 illum,
818 1280 1015 1348 inquit,
1052 1295 1173 1348 pro,
1214 1279 1349 1346 Quis
1395 1280 1531 1335 adeo
1574 1278 1708 1334 levis
1741 1290 1797 1335 et
1845 1278 2014 1343 rudis,

435 1374 489 1417 et
522 1364 825 1433 imperitus,
864 1369 990 1437 quis
1032 1379 1235 1424 tantam
1271 1369 1426 1424 bonis
1454 1369 1723 1425 insuetam
1750 1370 2020 1438 perversi-

440 1461 605 1507 tatem
666 1460 942 1522 exercuit,
1012 1469 1272 1529 quautam
1336 1457 1697 1531 Egyptiacus
1748 1459 2021 1529 populus?

436 1542 656 1599 Maximi
706 1549 850 1603 enim
902 1559 1059 1604 erant
1110 1550 1349 1623 cultores
1398 1550 1688 1605 idolorum.
1753 1550 2020 1617 Quocirca

2111 548 2206 601 τοῦ
2243 546 2544 617 σαφηνίσαι
2614 545 2777 614 μόνον
2817 544 2927 598 τῶν
2986 544 3366 614 προκειμένων
3404 544 3492 597 τὸν
3543 547 3679 603 νοῦν.

2112 638 2478 710 Πορεύσονται
2510 637 2619 709 γάρ
2647 636 2871 705 ἄγγελοι
2907 637 3098 705 κοῦφοι
3126 635 3263 707 πρὸς
3308 635 3457 700 ἔθνος
3496 640 3687 707 μετέω·-

2117 748 2232 801 ρον,
2262 732 2358 785 καὶ
2381 730 2532 796 ξένον
2551 731 2680 785 λαὸν
2709 731 2804 784 καὶ
2823 730 3080 801 χαλεπόν.
3111 730 3205 792 Τίς
3231 729 3396 782 αὑτοῦ
3419 730 3685 800 ὲπέκεινα;

2118 824 2310 889 Ἐθνος
2358 824 2681 878 ἀνέλπιστον
2731 824 2826 878 καὶ
2875 821 3429 890 καταπεπατημένον.
3487 823 3689 887 Φοὰσας

2117 916 2274 988 ἔφην,
2303 917 2386 971 ὅτι
2421 916 2897 989 προσκεκρούκασι
2927 918 3041 979 τοῖς
3071 913 3370 984 Ἀσσυρίων
3398 913 3688 984 βασιλεῦσιν

2115 1009 2166 1062 οί
2202 1008 2585 1073 κατοικοῦντες
2616 1009 2716 1080 τὴν
2744 1010 2848 1077 γῆν
2884 1008 2984 1078 τὴν
3009 1006 3270 1060 ἐπέκεινα
3309 1005 3566 1075 ποταμῶν
3607 1008 3692 1060 Ai-

2117 1100 2372 1164 θιοπίαςο
2445 1100 2677 1170 ἐπείπερ
2757 1098 3002 1153 αἰτοῦσιν
3081 1095 3406 1167 ἐπικουρίαν
3471 1098 3579 1157 τοῖς
3639 1097 3692 1163 ἐξ

2131 1193 2368 1266 Ἰσραὴλ,
2403 1193 2464 1246 οὐ
2505 1191 3014 1263 κατεπηγγέλλοντο
3058 1189 3238 1260 μόνον,
3268 1188 3407 1243 ἀλλά
3446 1188 3553 1256 γὰρ
3610 1189 3695 1242 καὶ

2119 1286 2493 1355 πεπόμφασιν,
2521 1286 2570 1337 εί
2602 1284 2697 1337 καὶ
2729 1282 2948 1354 ὢνησαν
2986 1281 3184 1343 αὐτοὺς
3212 1280 3490 1341 παντελῶς
3534 1280 3693 1334 οὐδέν.

2120 1378 2183 1431 Οί
2211 1375 2430 1446 δὲπρὸς
2466 1374 2625 1430 τοῦτο
2666 1374 3056 1446 λελυπημένοι,
3097 1372 3237 1444 μετά
3280 1373 3341 1426 τὸ
3387 1374 3588 1435 πᾶσαν,
3630 1371 3698 1436 ὡς

2120 1466 2252 1532 ἔπος
2278 1469 2473 1531 εἰπεῖν,
2512 1465 2866 1539 καταδῃῶσαι
2898 1464 2996 1535 τὴν
3031 1463 3317 1529 Ἰουδαίαν,
3361 1464 3698 1533 κεχωρήκασι

2120 1558 2265 1616 κατά
2317 1558 2418 1628 τῆς
2465 1558 2806 1627 Αἰγυπτίων,
2868 1553 3014 1611 εἶλόν
3055 1573 3115 1610 τε
3160 1555 3383 1609 ἅπασαν
3440 1553 3695 1623 ἀμογητὶ,

436 1637 601 1688 etiam
634 1650 848 1707 gentem
876 1645 1239 1711 desperatam,
1267 1641 1729 1699 et'coueulcatum
1762 1643 2018 1713 populum
2122 1650 2260 1707 Θεοῦ
2292 1650 2529 1713 διδόντος
2552 1651 2737 1714 αὐτοῖς
2765 1650 2826 1703 τὸ
2854 1648 3118 1703 δύνασθαι
3144 1644 3572 1715 κατευμεγεθεῐν
3611 1644 3699 1713 τῆς

438 1741 715 1798 nuncupat
747 1748 761 1785 :
805 1732 1177 1803 desperatam,
1205 1749 1272 1789 eo
1301 1737 1445 1804 quod
1467 1750 1593 1789 eum
1631 1736 1721 1803 qui
1751 1746 1944 1790 natura
1969 1744 2020 1793 et

2135 1743 2232 1798 τῶν
2260 1743 2673 1813 ἀνθεστηκότων
2696 1742 2900 1813 χειρὸς,
2934 1741 3107 1795 διάτοι
3149 1738 3210 1793 τὸ
3229 1735 3563 1804 λελυπῆσθαι
3592 1735 3699 1789 κατ’

439 1833 568 1875 vere
598 1822 739 1877 Deus
763 1834 847 1878 est
878 1823 1228 1892 ignorarent;
1256 1826 1626 1881 conculcatam
1659 1836 1865 1889 autem,
1889 1840 2020 1893 quo-

2135 1806 2816 1903 Aiyumiwv.vMéD.ou‘ro-c
2860 1836 3042 1889 τοίνυν
3101 1828 3566 1901 καταστρατεύειν
3613 1827 3703 1896 τῆς

438 1911 584 1964 niam
608 1911 998 1973 «laenioniorum
1021 1918 1302 1975 erroribus
1326 1916 1566 1975 animum
1591 1916 1864 1975 subditum
1894 1916 2023 1977 8th-

2135 1926 2311 1999 κώρας
2340 1926 2523 1983 αὐτῶν
2553 1926 3040 1991 τοῢΒαόυλωνίου,
3067 1923 3323 1994 δρομαῖοί
3360 1938 3505 1984 τινες
3538 1917 3700 1972 ἐϐαδί.

444 2010 787 2072 stratnmque
827 2006 1117 2075 habentes,
1163 2018 1369 2065 tantum
1404 2023 1511 2063 non
1550 2010 1778 2081 pedibus
1833 2023 2021 2069 eorum

2135 2021 2285 2086 ζοντο
2317 2022 2383 2074 ὲκ
2420 2020 2522 2090 τῆς
2580 2020 2862 2085 Ἰουδαίας,
2913 2015 3350 2085 ἀπαγγέλλοντες
3404 2012 3580 2074 αὐτοῖς
3617 2009 3703 2079 τὴν

437 2098 867 2154 succubuerunt.
919 2100 1063 2169 Quin
1121 2103 1281 2158 aliter
1319 2105 1463 2174 quod
1511 2103 1715 2161 dictum
1748 2112 1835 2161 εει
1878 2104 2022 2158 acci-
2128 2112 2230 2167 οὐκ
2268 2114 2350 2176 εις
2391 2112 2606 2183 μακρὰν
2661 2111 2930 2183 ἐσομένην
2957 2110 3165 2181 ἔφοδον.
3214 2109 3329 2164 Καὶ
3378 2106 3508 2176 περὶ
3542 2101 3704 2156 αὐτῶν

437 2188 580 2256 pias.
635 2189 771 2245 Nam
808 2193 936 2247 dum
983 2194 1037 2249 in
1080 2210 1275 2253 manus
1324 2194 1673 2267 Assyriorum
1736 2195 2017 2259 caderent,

2135 2218 2296 2273 φησιν
2334 2204 2364 2256 ὁ
2409 2203 2725 2274 προφήτης,
2782 2203 2865 2256 ὅτι
2924 2200 3293 2272 Πορεύσονται
3338 2195 3556 2265 ἄγγελοι
3594 2191 3705 2246 κοῦ-

438 2279 587 2333 omni
638 2296 734 2351 spe
774 2283 956 2354 gaudii
1000 2284 1232 2356 abjecta,
1285 2286 1366 2340 sic
1424 2286 1725 2356 proculcati
1774 2296 1926 2353 sunt,
1966 2293 2024 2343 ut

2135 2309 2242 2363 φοι,
2290 2292 2434 2346 τοῦτ’
2465 2294 2602 2355 ἔστι,
2652 2296 2861 2363 ταχεῖς,
2915 2295 3008 2346 καὶ
3041 2293 3207 2345 οἱονεὶ
3268 2286 3466 2360 πτηνοί
3513 2303 3572 2338 τε
3621 2283 3707 2337 καὶ

439 2372 677 2439 restitui,
717 2375 766 2430 si
807 2376 886 2431 fas
926 2378 997 2432 sit
1028 2378 1234 2443 dicere,
1277 2392 1551 2448 nunquam
1595 2387 1836 2449 possent.
1889 2379 2022 2449 quin

2135 2381 2381 2451 ἐλαφροὶ,
2417 2381 2637 2450 γείτονα
2663 2399 2724 2437 τε
2752 2381 2847 2436 καὶ
2876 2382 2969 2434 ἐπὶ
2999 2380 3189 2452 θύραις
3220 2378 3325 2450 ἤδη
3353 2373 3707 2447 γεγενημένην

438 2465 708 2527 vit-torum
739 2469 967 2540 pedibus
995 2471 1316 2542 subiaceant
1344 2487 1410 2528 ac
1440 2471 1877 2535 substernantttr.

2135 2473 2229 2545 τὴν
2259 2476 2325 2529 ὲκ
2344 2474 2439 2531 τοῦ
2461 2475 2700 2546 πολέμου
2731 2493 2871 2530 κατα
2880 2475 3176 2547 μηνύοντες
3200 2470 3514 2544 συμφοράν.
3538 2467 3708 2528 Ἐθνος

2129 2562 2189 2619 δὲ
2242 2563 2538 2634 μετέωρον,
2590 2566 2687 2620 καὶ
2739 2565 2892 2633 ξένον
2948 2564 3074 2618 λαὸν
3132 2565 3230 2619 καὶ
3289 2561 3548 2634 χαλεπὸν,
3600 2558 3709 2619 τοὺς

437 2646 772 2717 Αἰγυπτίους
796 2654 1057 2726 ὀνομάζει
1078 2673 1093 2689 σ
1136 2655 1224 2725 τὸ,
1257 2655 1553 2729 μετέωρον,
1602 2654 1729 2710 ἀντὶ
1768 2653 1886 2721 τοῦ,
1934 2652 2265 2725 ὑπέροπτον,
2299 2656 2502 2727 ἧτοιτδ
2554 2656 2759 2728 κοῦφον
2796 2658 2891 2712 καὶ
2916 2658 3171 2730 ἐλαφρὸν,
3199 2657 3301 2711 καὶ
3360 2654 3673 2709 ἀνούστατον
3695 2666 3707 2682 ·

441 2738 593 2803 ξένον
629 2740 686 2794 δὲ
715 2744 809 2797 καὶ
836 2743 1097 2814 χαλεπὸν,
1117 2745 1194 2809 ὼς
1222 2747 1280 2799 ὲν
1313 2745 1648 2817 χαλεπότητι
1674 2743 1903 2812 ξενίζον,
1924 2743 2020 2797 καὶ¹
2057 2744 2157 2798 οὐκ
2177 2745 2300 2817 ἕχον
2326 2747 2448 2801 τινὰ
2502 2747 2595 2805 τὸν
2620 2749 2881 2808 ἐπέκεινα
2912 2750 3049 2821 πρὸς
3070 2748 3249 2803 τοῦτο.
3314 2747 3412 2809 Τίς
3437 2744 3543 2815 γὰρ
3563 2734 3713 2796 αὐτοῧ

412 2831 719 2899 ἐπέκεινα,
756 2834 921 2903 φησίν
944 2872 962 2902 ,
991 2835 1113 2889 ἀντὶ
1149 2835 1272 2901 τοῦ,
1319 2836 1417 2900 Τίς
1441 2835 1587 2896 οὕτω
1608 2834 1832 2904 κοῦφος,
1864 2835 1960 2891 καὶ
2008 2834 2229 2908 ἀμαθὴς
2263 2837 2359 2897 καὶ
2404 2838 2688 2906 ἀσύνετος,
2725 2839 2821 2895 καὶ
2867 2839 3114 2911 ἀσυνήθη
3147 2841 3265 2902 τοῖς
3317 2837 3499 2899 ἄλλοις
3543 2837 3712 2901 ἐπιτη-

438 2923 612 2978 δεύων
645 2924 975 2997 φαυλότητα,
1009 2926 1085 2992 ὡς
1112 2928 1140 2979 ὁ
1160 2928 1217 2982 ὲν
1244 2926 1505 2999 Αἰγύπτῳ
1536 2927 1701 2992 Mog;
1735 2925 1949 2998 Σφόδρα
1982 2925 2093 2999 γὰρ
2130 2923 2269 2999 ἦσαν
2299 2929 2705 3002 εἰδωλολάτραι.
2744 2933 3035 3004 Τοιγάρτοι
3079 2932 3176 2986 καὶ
3206 2930 3371 2994 ἔθνος
3413 2927 3712 2982 ἀνέλπιστον

442 3017 537 3073 καὶ
564 3018 1094 3091 καταπεπατημένον
1123 3021 1320 3083 αὐτοὺς
1343 3018 1622 3090 ὀνομάζει.
1677 3017 2026 3073 Ἀνέλπιστον
2095 3019 2217 3092 μὲν,
2275 3021 2448 3081 διάτοι
2481 3022 2544 3076 τὸ
2571 3023 2646 3094 μὴ
2688 3023 2893 3079 εἰδέναι
2936 3024 3027 3077 τὸν
3066 3023 3228 3092 φύσει
3284 3038 3349 3074 τε
3398 3020 3493 3075 καὶ
3523 3013 3719 3086 ἀληθῶς

439 3108 573 3163 ὄντα
593 3111 726 3167 Θεόν
750 3128 764 3142 ·
792 3110 1321 3182 καταπεπατημένον
1344 3111 1422 3175 δὲ,
1453 3111 1537 3165 ὅτι
1586 3113 1706 3176 ταῖς
1770 3109 1881 3166 τῶν
1935 3110 2231 3182 δαιμονίων
2278 3112 2520 3176 ἀπάταις
2550 3113 2687 3169 πολὺ
2717 3114 2782 3185 δὴ
2815 3116 2936 3170 λίαν
2967 3114 3062 3169 τὸν
3089 3113 3215 3167 νοῦν
3251 3110 3715 3182 ὑποστρώσαντες,

447 3204 733 3275 μονονουχὶ
785 3207 899 3269 τοῖς
961 3204 1187 3260 ἐκείνων
1239 3205 1529 3259 ὑπέκειντο
1585 3204 1778 3258 ποσίν·
1825 3203 1858 3276 ἢ
1924 3204 2020 3259 καὶ
2060 3204 2264 3279 ἑτέρως
2307 3206 2503 3276 ὲκδέξῃ
2530 3206 2591 3260 τὸ
2638 3208 2949 3279 εἰρημένον.
3000 3205 3408 3278 Περιπεσόντες
3460 3204 3567 3274 γὰρ
3614 3197 3717 3258 ταῖς

458 3300 758 3370 Ἀσσυρίων
798 3300 1010 3371 χερσὶν.
1062 3303 1246 3357 πᾶσαν
1293 3300 1741 3372 ἀποϐεϐλήκασιν
1782 3299 2050 3371 εὐθυμίας
2112 3302 2329 3365 ἐλπίδα,
2394 3303 2886 3371 καταπεπάτηνται
2920 3303 2979 3356 δὲ
3012 3301 3208 3368 οὕτως,
3259 3300 3347 3364 ὡς
3400 3298 3557 3371 μηδὲ,
3612 3295 3719 3348 ὅσον

445 3393 643 3457 εἰπεῖν,
670 3394 979 3464 ἀνασφῆλαι
1000 3394 1262 3451 δύνασθαί
1295 3410 1447 3458 ποτε,
1481 3394 1941 3453 ὑποπεπτωκέναι
1969 3411 2029 3447 τε
2070 3395 2165 3453 καὶ
2195 3394 2581 3468 ὑπεστρῶσθαι
2612 3396 2734 3458 ταῖς
2770 3395 2879 3448 τῶν
2905 3394 3274 3465 νενικηκότων
3316 3391 3497 3445 ποσίν.

525 3510 688 3565 Vsus.
721 3512 771 3565 5.
807 3507 964 3564 Nunc
1004 3511 1150 3580 ﬂuvii
1191 3519 1349 3565 terra:
1377 3524 1579 3574 omnes,
1610 3519 1666 3563 ut
1706 3510 1849 3581 regio
1880 3510 2031 3563 habi-

2205 3511 2337 3566 Νῦν
2369 3513 2424 3565 οἱ
2455 3510 2712 3581 ποταμοί
2742 3509 2854 3578 τῆς
2876 3509 2990 3580 γῆς
3013 3509 3257 3575 πάντες,
3298 3510 3380 3576 ὡς
3410 3494 3567 3576 χώρα
3591 3517 3723 3556 κατ-

452 3612 585 3667 tata,
626 3603 886 3657 incolatur
914 3603 1057 3668 reqis
1083 3618 1286 3657 eorum.

523 3718 819 3776 Commode
868 3719 1032 3775 etiam
1090 3718 1310 3774 modum
1367 3716 1704 3788 captivitatis
1771 3716 2036 3785 prmdicil.

451 3807 757 3867 Credebant
789 3810 933 3865 enim
965 3807 1302 3880 Egyptians:
1341 3814 1503 3862 terra:
1536 3805 1824 3862 iucolte'se
1873 3822 1903 3861 a
1932 3804 2038 3859 Ba-

457 3901 697 3974 byloniis
738 3918 842 3956 non
893 3915 1058 3971 posse
1107 3899 1249 3969 capi,
1303 3899 1430 3968 quia
1484 3905 1595 3952 tota
1647 3912 1835 3953 eorum
1891 3897 2042 3971 regio

451 3994 699 4067 plurimis
731 4003 787 4047 et
823 3991 1036 4062 magnis
1062 3991 1242 4045 cincta
1275 4001 1420 4045 esset
1458 3987 1795 4054 (luminibus,
1835 3997 1892 4042 et
1919 4002 2043 4058 spa-

454 4090 623 4144 tiosas
658 4104 722 4142 ac
755 4087 1007 4155 ingentes
1042 4082 1269 4155 paludes
1306 4084 1556 4138 haberet.
1602 4081 1741 4136 Sunt
1772 4082 1918 4136 enim
1956 4097 2041 4136 re-

453 4179 641 4255 giones
671 4172 981 4243 hujusmodi
1024 4174 1316 4228 inaccessae
1359 4170 1786 4243 grassatoribus,
1819 4184 1921 4226 nec
1967 4170 2041 4225 ita

453 4272 519 4326 ad
549 4270 892 4325 incursiones
944 4268 1281 4338 opportunae.
1318 4265 1390 4322 At
1424 4265 1523 4321 ubi
1568 4264 1711 4321 Deus
1742 4263 1848 4320 illis
1915 4278 2043 4319 suc-

454 4364 686 4429 censuit,
723 4371 968 4432 paratum
1003 4362 1105 4414 hoc
1155 4367 1211 4412 et
1260 4357 1418 4433 facile
1444 4356 1759 4429 Babyloniis
1782 4356 2040 4411 reddidit.

455 4457 614 4515 Omni
648 4455 791 4509 enim
828 4466 1093 4523 aquarum
1122 4448 1375 4505 conﬂuxu
1414 4449 1715 4516 exsiccato,
1764 4447 2040 4505 humidam

457 4561 657 4604 terram
683 4545 865 4602 ell'ecit
895 4550 1229 4615 equestrem.
1270 4538 1383 4596 Hoc
1417 4539 1678 4597 arbitror
1719 4539 2041 4609 prephetam

457 4643 545 4698 hic
576 4642 858 4703 denotare,
900 4651 1021 4690 cum
1065 4635 1181 4689 ait:
1232 4633 1389 4689 Nunc
1431 4632 1574 4693 ﬂuvii
1614 4641 1774 4687 terra!
1817 4641 2029 4688 omnes,

456 4734 610 4806 quasi
648 4733 798 4801 regio
848 4730 1117 4789 habitata,
1173 4726 1441 4782 iucoletur
1490 4725 1640 4796 regio
1681 4735 1892 4777 eorum.
1939 4717 2036 4772 Et—

455 4833 625 4895 enim,
652 4828 852 4897 iuquit,
878 4826 963 4879 illa
999 4824 1112 4880 loca
1140 4839 1259 4894 quae
1287 4819 1790 4892 erantnavigabilia
1830 4829 2046 4887 semper
2078 4853 2121 4909 Β

458 4933 515 4975 et
549 4922 793 4982 humida,
847 4928 1008 4972 erunt
1053 4915 1319 4984 ejusmodi
1367 4925 1610 4982 tempore
1646 4907 1799 4975 belli,
1844 4916 1903 4960 ut
1926 4905 2041 4976 jam

462 5015 640 5072 futura
692 5015 763 5066 sit
797 5013 946 5082 regio
990 5011 1210 5065 omnino
1259 5008 1528 5070 habitata,
1580 5010 1636 5057 et
1683 5010 1826 5057 terra
1881 4998 2040 5067 plane

461 5108 617 5174 aquis
648 5105 930 5160 destituta.
968 5101 1105 5170 Quid
1145 5104 1288 5157 enim
1312 5098 1512 5154 divinae
1532 5102 1587 5150 et
1611 5090 1955 5162 omnipotens
1989 5099 2044 5146 et

460 5213 707 5266 suprema
738 5209 924 5250 natura
966 5211 1071 5249 non
1102 5193 1303 5264 poterit.
1328 5186 1574 5242 emt-ere?

2143 3602 2485 3672 οικουμένη,
2519 3602 3022 3672 κατοικηθήσεται
3051 3603 3088 3669 ἡ
3116 3599 3283 3670 χώρα
3313 3599 3534 3654 αὐτῶν.

2213 3717 2664 3788 Προαπαγγέλλει
2719 3716 3006 3789 χρησίμως
3055 3715 3150 3770 καὶ
3197 3715 3297 3767 τὸν
3343 3716 3444 3785 τῆς
3494 3707 3725 3769 ἁλώσεως

2144 3809 2363 3880 τρόπον.
2409 3810 2599 3881 Ι’ῼοντο
2645 3808 2744 3880 μὲν
2780 3809 2891 3881 γὰρ
2922 3810 2970 3862 οί
3016 3807 3115 3878 τὴν
3152 3805 3473 3875 Αἰγυπτίων
3526 3802 3722 3873 ἔχοντες

2144 3902 2270 3973 γῆν,
2304 3900 2570 3957 ἀνάλωτοι
2614 3901 2946 3973 γεγενῆσθαι
2993 3902 3107 3963 τοῖς
3154 3892 3724 3960 Βαϐυ).ωνίοις,διάτοι

2142 3994 2205 4046 τὸ
2235 3995 2416 4047 πᾶσαν
2455 3993 2634 4047 αὐτῶν
2683 3993 2783 4064 τὴν
2817 3992 3003 4064 χώραν
3050 3990 3329 4051 πλείστοις
3369 4006 3425 4041 τε
3457 3989 3598 4049 ὅσοις
3643 3979 3729 4034 καὶ

2148 4086 2332 4151 μέντοι
2382 4086 2476 4139 καὶ
2508 4084 2766 4157 μεγάλοις
2792 4084 3081 4148 διεζῶσθαι
3112 4085 3406 4153 ποταμοῖς,
3439 4078 3648 4149 εὐρείας
3676 4088 3729 4127 τε

2146 4180 2241 4233 καὶ
2274 4178 2493 4251 μακρὰς
2531 4177 2823 4249 ἐσχηκέναι
2862 4177 2961 4241 τὰς
2995 4176 3209 4246 λίμνας.
3247 4173 3592 4246 Δυσέμὸατοι
3631 4166 3729 4236 γάρ

2147 4288 2285 4334 πως,
2312 4271 2407 4325 καὶ
2427 4270 2527 4324 οὐκ
2560 4269 2961 4342 εὐκατάδρομοι
2998 4266 3119 4320 λίαν
3150 4271 3264 4329 τοῖς
3290 4263 3598 4339 καταδῃοῦν
3625 4258 3727 4312 ἐθέ-

2144 4363 2350 4428 λουσιν,
2388 4364 2443 4418 αἱ
2473 4363 2673 4418 τοιαίδε
2702 4361 2810 4416 τῶν
2831 4360 3043 4432 χωρῶν.
3065 4359 3287 4427 Ἐπειδὴ
3318 4360 3375 4412 δὲ
3406 4358 3539 4421 Θεδς
3564 4352 3730 4409 αὐτοῖς

2145 4454 2497 4523 ὲπεμήνισεν,
2528 4452 2745 4523 ἕτοιμον
2785 4452 2879 4505 καὶ
2905 4450 3062 4505 τοῦτο
3088 4453 3201 4514 τοῖς
3232 4447 3603 4508 Βαϐυλωνίοις
3638 4441 3734 4497 arta

2147 4542 2250 4596 θει.
2281 4543 2470 4595 Πᾶσαν
2498 4541 2609 4613 γὰρ
2639 4541 2847 4596 ὑδάτων
2882 4539 3233 4611 ἀποξηράναε
3264 4540 3554 4601 σύστασιν,
3581 4533 3734 4600 ἱππή-

2146 4630 2305 4684 λατον
2356 4631 2539 4695 αὐτοῖς
2585 4631 2834 4702 ἀπέφηνε
2872 4631 2971 4702 τὴν
3006 4631 3201 4703 ὑγράν.
3233 4630 3413 4683 Τοῦτο
3460 4624 3613 4697 οἶμαι
3658 4625 3726 4692 δῃ-

2146 4722 2272 4776 λοῦν
2300 4722 2393 4776 τὸν
2420 4725 2708 4796 προφήτην
2733 4725 2790 4777 ἐν
2816 4723 3055 4777 τουτοισὶ
3080 4722 3330 4791 λέγοντα·
3362 4720 3480 4774 Νῦν
3506 4721 3553 4772 οί
3592 4734 3715 4771 ποτε

2153 4815 2246 4887 μοὶ
2276 4815 2375 4886 τῆς
2420 4814 2526 4885 γῆς
2564 4815 2787 4879 πάντες,
2818 4815 2895 4878 ὡς
2941 4814 3095 4884 χώρα
3141 4812 3573 4882 κατοικουμένη,
3623 4824 3712 4860 καῖ

2152 4908 2552 4979 οικηθήσεταιή
2574 4906 2728 4978 χώρα
2756 4904 2957 4960 αὐτῶν.
2984 4906 3065 4958 Τὰ
3088 4906 3198 4978 γάρ
3219 4921 3304 4956 τοι
3332 4904 3563 4973 πλόϊμα,
3594 4913 3734 4968 φησι,

2147 5004 2244 5055 καί¹
2272 5001 2359 5055 ἀεί
2392 5018 2509 5065 πως
2543 4999 2686 5071 ὑγρά
2723 4998 2832 5054 τῶν
2877 4998 3094 5071 χωρίων
3129 4998 3282 5051 ἔσται
3320 4996 3570 5050 τοιαῦτα.
3609 5007 3674 5044 κα
3688 4986 3736 5038 τὰ

2148 5089 2239 5144 τὸν
2255 5088 2347 5143 τοῦ
2369 5089 2605 5161 πολέμου
2635 5089 2847 5162 καιρὸν,
2871 5088 2948 5153 ὡς
2970 5087 3145 5142 δοκεῖν
3167 5088 3268 5160 ἤδη
3293 5104 3417 5151 πως
3446 5084 3541 5139 καὶ
3568 5081 3734 5153 χώριν

2151 5178 2290 5237 εἶναι
2327 5183 2762 5255 κατοικουμένην
2797 5182 2885 5236 διὰ
2933 5181 3156 5246 παντὸς,
3190 5182 3284 5235 καὶ
3327 5181 3528 5253 χέρσον
3564 5172 3735 5235 ἁπλῶς

462 5291 668 5357 ὑδάτων
699 5290 922 5361 ἔρημον.
950 5290 1014 5343 Τί
1047 5287 1156 5359 γὰρ
1184 5285 1288 5339 οὐκ
1328 5282 1394 5337 ἂν
1432 5280 1650 5337 δύναιτο
1689 5276 1992 5348 κατορθοῦν
2026 5278 2061 5348 ὴ
2100 5276 2221 5333 θεία
2250 5294 2311 5330 τε
2344 5278 2438 5332 καὶ
2468 5277 2753 5350 παναλκὴς
2777 5320 2792 5343 ,
2829 5278 2924 5333 καὶ
2957 5276 3208 5333 ἀνοτάτω
3241 5275 3442 5347 φύσις;

535 5402 698 5471 Quasi
739 5402 792 5454 in
834 5402 1041 5470 signum
1069 5398 1133 5448 de
1168 5403 1340 5448 monte
1381 5390 1662 5457 levabimr,
1708 5388 1859 5460 quasi
1908 5386 2048 5442 tuba:

462 5511 584 5559 vox,
619 5494 712 5547 sub
747 5494 988 5548 auditum
1014 5488 1186 5542 cadet.

536 5608 633 5663 Rei
687 5605 938 5662 militaris
999 5602 1165 5658 duces
1221 5599 1343 5657 belli
1399 5608 1667 5668 tempore,
1727 5596 1780 5651 iu
1828 5594 2048 5651 tumulis

465 5701 731 5768 quosdam
762 5704 1030 5763 statuunt,
1063 5704 1117 5751 et
1142 5692 1336 5764 iubent
1366 5691 1660 5749 identidem
1694 5689 1908 5760 signum
1943 5686 2043 5743 tol-

467 5789 583 5857 lere
617 5805 630 5843 :
663 5802 783 5865 quae
816 5801 904 5847 res
946 5784 1291 5849 manifestum
1334 5794 1415 5841 cst
1440 5793 1633 5846 cuncto
1668 5778 1930 5841 exercitui
1973 5778 2045 5834 si-

2233 5387 2394 5444 Ὠσεὶ
2433 5386 2687 5460 σημεῖον
2716 5388 2835 5444 ἀπὸ
2874 5389 3053 5459 ὄρους
3084 5388 3260 5458 ἀρθῇ,
3294 5389 3379 5455 ὡς
3411 5386 3734 5455 σάλπιγγος

2150 5480 2343 5551 φωνὴ,
2369 5481 2679 5537 ἀκουστὸν
2705 5482 2899 5537 ἔσται.

2222 5595 2285 5648 Οί
2314 5594 2424 5649 τῶν
2453 5594 2724 5650 τακτικῶν
2752 5596 3067 5668 ἡγούμενοι,
3102 5596 3243 5652 κατά
3271 5598 3366 5650 τὸν
3398 5594 3491 5649 τοῦ
3512 5589 3736 5656 πολέμου

2152 5688 2344 5760 καιρὸν
2366 5689 2425 5741 ἐν
2453 5689 2711 5761 γηλόφοις
2741 5689 2990 5753 ἱστάντες
3012 5689 3184 5755 τινὰς,
3207 5686 3466 5757 αἴρεσθαι
3497 5677 3738 5737 πλειστά-

2153 5796 2239 5851 κις
2270 5781 2483 5835 ποιοῦσι
2518 5785 2760 5859 σημεῖον·
2800 5784 2893 5838 καὶ
2921 5782 3171 5854 σύνθημα
3208 5778 3373 5834 τοῦτο
3413 5780 3479 5850 τῇ
3525 5765 3737 5847 στρατιᾷ
