  <div class='ocr_page' id='page_1' title='image "/cluster/home/n/w/nwhite01/storage/ocr_20150623/70:no.3/coo.31924054869726/231.png"; bbox 0 0 4060 6492; ppageno 0'>
   <div class='ocr_carea' id='block_1_1' title="bbox 492 339 594 395">
    <p class='ocr_par' dir='ltr' id='par_1_1' title="bbox 492 339 594 395">
     <span class='ocr_line' id='line_1_1' title="bbox 492 339 594 395; baseline -0.039 0"><span class='ocrx_word' id='word_1_1' title='bbox 492 339 594 395; x_wconf 55' lang='grc'><strong>417</strong></span> 
     </span>
    </p>
   </div>
   <div class='ocr_carea' id='block_1_2' title="bbox 1482 320 3724 384">
    <p class='ocr_par' dir='ltr' id='par_1_2' title="bbox 1482 320 3724 384">
     <span class='ocr_line' id='line_1_2' title="bbox 1482 320 3724 384; baseline -0 0"><span class='ocrx_word' id='word_1_2' title='bbox 1482 328 1541 384; x_wconf 83' lang='grc'>5.</span> <span class='ocrx_word' id='word_1_3' title='bbox 1582 326 1860 383; x_wconf 72' lang='lat' dir='ltr'><strong>CYRlLLI</strong></span> <span class='ocrx_word' id='word_1_4' title='bbox 1899 320 2378 381; x_wconf 75' lang='lat' dir='ltr'><strong>ALEXANDRINI</strong></span> <span class='ocrx_word' id='word_1_5' title='bbox 2417 321 2736 379; x_wconf 79' lang='lat' dir='ltr'><strong>ARCHlEP.</strong></span> <span class='ocrx_word' id='word_1_6' title='bbox 3637 327 3724 384; x_wconf 68' lang='lat' dir='ltr'><strong>iis</strong></span> 
     </span>
    </p>
   </div>
   <div class='ocr_carea' id='block_1_3' title="bbox 491 442 2072 525">
    <p class='ocr_par' dir='ltr' id='par_1_3' title="bbox 491 450 2067 525">
     <span class='ocr_line' id='line_1_3' title="bbox 491 450 2067 525; baseline -0.004 -15"><span class='ocrx_word' id='word_1_7' title='bbox 491 468 667 511; x_wconf 83' lang='lat' dir='ltr'><strong>menta</strong></span> <span class='ocrx_word' id='word_1_8' title='bbox 703 456 926 525; x_wconf 76' lang='lat' dir='ltr'><strong><em>auferet,</em></strong></span> <span class='ocrx_word' id='word_1_9' title='bbox 967 462 1013 508; x_wconf 89' lang='lat' dir='ltr'><strong><em>et</em></strong></span> <span class='ocrx_word' id='word_1_10' title='bbox 1057 452 1322 506; x_wconf 68' lang='lat' dir='ltr'><strong>alrsrimlet</strong></span> <span class='ocrx_word' id='word_1_11' title='bbox 1350 460 1399 504; x_wconf 83' lang='lat' dir='ltr'><strong>et</strong></span> <span class='ocrx_word' id='word_1_12' title='bbox 1444 450 1693 521; x_wconf 83' lang='lat' dir='ltr'><strong>relinquet</strong></span> <span class='ocrx_word' id='word_1_13' title='bbox 1732 450 1889 506; x_wconf 68' lang='lat' dir='ltr'><strong>simul</strong></span> <span class='ocrx_word' id='word_1_14' title='bbox 1921 450 2067 505; x_wconf 78' lang='lat' dir='ltr'><strong>uolu-</strong></span> 
     </span>
    </p>
   </div>
   <div class='ocr_carea' id='block_1_4' title="bbox 2173 442 3729 525">
    <p class='ocr_par' dir='ltr' id='par_1_4' title="bbox 2175 442 3729 518">
     <span class='ocr_line' id='line_1_4' title="bbox 2175 442 3729 518; baseline 0 -15"><span class='ocrx_word' id='word_1_15' title='bbox 2175 447 2272 503; x_wconf 79' lang='grc' dir='ltr'><strong>καί</strong></span> <span class='ocrx_word' id='word_1_16' title='bbox 2309 448 2643 516; x_wconf 70' lang='grc' dir='ltr'>κατακόψει</span> <span class='ocrx_word' id='word_1_17' title='bbox 2669 444 2769 501; x_wconf 83' lang='grc' dir='ltr'>καὶ</span> <span class='ocrx_word' id='word_1_18' title='bbox 2793 443 3130 513; x_wconf 55' lang='grc' dir='ltr'>καταλήψει</span> <span class='ocrx_word' id='word_1_19' title='bbox 3165 442 3289 513; x_wconf 86' lang='grc' dir='ltr'>ἅμα</span> <span class='ocrx_word' id='word_1_20' title='bbox 3319 444 3440 511; x_wconf 77' lang='grc' dir='ltr'>τοῖς</span> <span class='ocrx_word' id='word_1_21' title='bbox 3467 452 3729 518; x_wconf 76' lang='grc' dir='ltr'>πετεινοῖς</span> 
     </span>
    </p>
   </div>
   <div class='ocr_carea' id='block_1_5' title="bbox 490 538 2072 611">
    <p class='ocr_par' dir='ltr' id='par_1_5' title="bbox 490 538 2072 611">
     <span class='ocr_line' id='line_1_5' title="bbox 490 538 2072 611; baseline -0.003 -12"><span class='ocrx_word' id='word_1_22' title='bbox 490 547 665 600; x_wconf 83' lang='lat' dir='ltr'><strong>cribus</strong></span> <span class='ocrx_word' id='word_1_23' title='bbox 688 546 802 599; x_wconf 77' lang='lat' dir='ltr'><strong>coeti</strong></span> <span class='ocrx_word' id='word_1_24' title='bbox 824 555 869 598; x_wconf 88' lang='lat' dir='ltr'><strong><em>et</em></strong></span> <span class='ocrx_word' id='word_1_25' title='bbox 906 543 1084 598; x_wconf 84' lang='lat' dir='ltr'><strong>bestiis</strong></span> <span class='ocrx_word' id='word_1_26' title='bbox 1116 552 1289 595; x_wconf 74' lang='lat' dir='ltr'><strong>terrm.</strong></span> <span class='ocrx_word' id='word_1_27' title='bbox 1326 538 1393 595; x_wconf 80' lang='lat' dir='ltr'><strong>Et</strong></span> <span class='ocrx_word' id='word_1_28' title='bbox 1428 542 1884 611; x_wconf 74' lang='lat' dir='ltr'><strong>congregabantur</strong></span> <span class='ocrx_word' id='word_1_29' title='bbox 1913 557 2072 611; x_wconf 84' lang='lat' dir='ltr'><strong>super</strong></span> 
     </span>
    </p>
   </div>
   <div class='ocr_carea' id='block_1_6' title="bbox 490 632 2073 699">
    <p class='ocr_par' dir='ltr' id='par_1_6' title="bbox 490 632 2073 699">
     <span class='ocr_line' id='line_1_6' title="bbox 490 632 2073 699; baseline 0 -10"><span class='ocrx_word' id='word_1_30' title='bbox 490 636 613 690; x_wconf 82' lang='lat' dir='ltr'><strong>illos</strong></span> <span class='ocrx_word' id='word_1_31' title='bbox 667 635 906 689; x_wconf 72' lang='lat' dir='ltr'><strong>volatilia</strong></span> <span class='ocrx_word' id='word_1_32' title='bbox 950 633 1100 699; x_wconf 76' lang='lat' dir='ltr'><strong>caeli,</strong></span> <span class='ocrx_word' id='word_1_33' title='bbox 1148 642 1196 687; x_wconf 85' lang='lat' dir='ltr'><strong>et</strong></span> <span class='ocrx_word' id='word_1_34' title='bbox 1246 648 1425 687; x_wconf 82' lang='lat' dir='ltr'><strong>omnes</strong></span> <span class='ocrx_word' id='word_1_35' title='bbox 1483 632 1661 687; x_wconf 70' lang='lat' dir='ltr'><strong>bestiae</strong></span> <span class='ocrx_word' id='word_1_36' title='bbox 1702 644 1856 689; x_wconf 70' lang='lat' dir='ltr'><strong>terra:</strong></span> <span class='ocrx_word' id='word_1_37' title='bbox 1885 650 1946 689; x_wconf 89' lang='lat' dir='ltr'><strong>eo</strong></span> <span class='ocrx_word' id='word_1_38' title='bbox 1989 649 2073 689; x_wconf 83' lang='lat' dir='ltr'><strong>ve-</strong></span> 
     </span>
    </p>
   </div>
   <div class='ocr_carea' id='block_1_7' title="bbox 493 730 656 781">
    <p class='ocr_par' dir='ltr' id='par_1_7' title="bbox 493 730 656 781">
     <span class='ocr_line' id='line_1_7' title="bbox 493 730 656 781; baseline 0 0"><span class='ocrx_word' id='word_1_39' title='bbox 493 730 656 781; x_wconf 82' lang='lat' dir='ltr'><strong>nient.</strong></span> 
     </span>
    </p>
   </div>
   <div class='ocr_carea' id='block_1_8' title="bbox 564 815 2068 887">
    <p class='ocr_par' dir='ltr' id='par_1_8' title="bbox 564 815 2068 887">
     <span class='ocr_line' id='line_1_8' title="bbox 564 815 2068 887; baseline 0.001 -18"><span class='ocrx_word' id='word_1_40' title='bbox 564 815 801 871; x_wconf 87' lang='lat' dir='ltr'><strong>Dilllcilis</strong></span> <span class='ocrx_word' id='word_1_41' title='bbox 817 826 900 871; x_wconf 85' lang='lat' dir='ltr'><strong>est</strong></span> <span class='ocrx_word' id='word_1_42' title='bbox 922 817 1235 883; x_wconf 84' lang='lat' dir='ltr'><strong>admodum,</strong></span> <span class='ocrx_word' id='word_1_43' title='bbox 1269 831 1367 871; x_wconf 90' lang='lat' dir='ltr'><strong>nec</strong></span> <span class='ocrx_word' id='word_1_44' title='bbox 1403 830 1591 887; x_wconf 84' lang='lat' dir='ltr'><strong>parum</strong></span> <span class='ocrx_word' id='word_1_45' title='bbox 1616 817 1846 873; x_wconf 87' lang='lat' dir='ltr'><strong>obscura</strong></span> <span class='ocrx_word' id='word_1_46' title='bbox 1876 817 2068 872; x_wconf 87' lang='lat' dir='ltr'><strong>borum</strong></span> 
     </span>
    </p>
   </div>
   <div class='ocr_carea' id='block_1_9' title="bbox 494 906 2072 976">
    <p class='ocr_par' dir='ltr' id='par_1_9' title="bbox 494 906 2072 976">
     <span class='ocr_line' id='line_1_9' title="bbox 494 906 2072 976; baseline 0.003 -19"><span class='ocrx_word' id='word_1_47' title='bbox 494 908 779 959; x_wconf 81' lang='lat' dir='ltr'><strong>verborum</strong></span> <span class='ocrx_word' id='word_1_48' title='bbox 845 907 1141 969; x_wconf 86' lang='lat' dir='ltr'><strong>sententia,</strong></span> <span class='ocrx_word' id='word_1_49' title='bbox 1204 914 1260 960; x_wconf 91' lang='lat' dir='ltr'><strong>et</strong></span> <span class='ocrx_word' id='word_1_50' title='bbox 1328 907 1445 973; x_wconf 83' lang='lat' dir='ltr'><strong>ipsa</strong></span> <span class='ocrx_word' id='word_1_51' title='bbox 1501 915 1761 976; x_wconf 71' lang='lat' dir='ltr'><strong>praeterea</strong></span> <span class='ocrx_word' id='word_1_52' title='bbox 1817 906 2072 961; x_wconf 75' lang='lat' dir='ltr'><strong>dictionis</strong></span> 
     </span>
    </p>
   </div>
   <div class='ocr_carea' id='block_1_10' title="bbox 496 996 2068 1065">
    <p class='ocr_par' dir='ltr' id='par_1_10' title="bbox 496 996 2068 1065">
     <span class='ocr_line' id='line_1_10' title="bbox 496 996 2068 1065; baseline 0.001 -15"><span class='ocrx_word' id='word_1_53' title='bbox 496 996 857 1065; x_wconf 87' lang='lat' dir='ltr'><strong>compositio;</strong></span> <span class='ocrx_word' id='word_1_54' title='bbox 907 1006 985 1060; x_wconf 89' lang='lat' dir='ltr'><strong>at,</strong></span> <span class='ocrx_word' id='word_1_55' title='bbox 1034 999 1210 1063; x_wconf 84' lang='lat' dir='ltr'><strong>quoad</strong></span> <span class='ocrx_word' id='word_1_56' title='bbox 1260 996 1498 1062; x_wconf 77' lang='lat' dir='ltr'><strong>licuerit,</strong></span> <span class='ocrx_word' id='word_1_57' title='bbox 1530 999 1767 1052; x_wconf 86' lang='lat' dir='ltr'><strong>conabor</strong></span> <span class='ocrx_word' id='word_1_58' title='bbox 1793 996 2068 1065; x_wconf 79' lang='lat' dir='ltr'><strong>expedire.</strong></span> 
     </span>
    </p>
   </div>
   <div class='ocr_carea' id='block_1_11' title="bbox 495 1086 2071 1157">
    <p class='ocr_par' dir='ltr' id='par_1_11' title="bbox 495 1086 2071 1157">
     <span class='ocr_line' id='line_1_11' title="bbox 495 1086 2071 1157; baseline 0 -16"><span class='ocrx_word' id='word_1_59' title='bbox 495 1086 781 1142; x_wconf 83' lang='lat' dir='ltr'><strong>Transfert</strong></span> <span class='ocrx_word' id='word_1_60' title='bbox 809 1103 939 1156; x_wconf 88' lang='lat' dir='ltr'><strong>ergo</strong></span> <span class='ocrx_word' id='word_1_61' title='bbox 965 1088 1268 1142; x_wconf 86' lang='lat' dir='ltr'><strong>orationem</strong></span> <span class='ocrx_word' id='word_1_62' title='bbox 1303 1087 1448 1142; x_wconf 82' lang='lat' dir='ltr'><strong>velut</strong></span> <span class='ocrx_word' id='word_1_63' title='bbox 1480 1102 1510 1140; x_wconf 89' lang='lat' dir='ltr'><strong>a</strong></span> <span class='ocrx_word' id='word_1_64' title='bbox 1546 1087 1776 1142; x_wconf 88' lang='lat' dir='ltr'><strong>scientia</strong></span> <span class='ocrx_word' id='word_1_65' title='bbox 1804 1087 2071 1157; x_wconf 85' lang='lat' dir='ltr'><strong>agricola-</strong></span> 
     </span>
    </p>
   </div>
   <div class='ocr_carea' id='block_1_12' title="bbox 497 1177 2075 1247">
    <p class='ocr_par' dir='ltr' id='par_1_12' title="bbox 497 1177 2075 1247">
     <span class='ocr_line' id='line_1_12' title="bbox 497 1177 2075 1247; baseline 0.001 -14"><span class='ocrx_word' id='word_1_66' title='bbox 497 1194 638 1233; x_wconf 88' lang='lat' dir='ltr'><strong>rum.</strong></span> <span class='ocrx_word' id='word_1_67' title='bbox 668 1179 833 1234; x_wconf 83' lang='lat' dir='ltr'><strong>Moris</strong></span> <span class='ocrx_word' id='word_1_68' title='bbox 873 1178 1016 1232; x_wconf 86' lang='lat' dir='ltr'><strong>enim</strong></span> <span class='ocrx_word' id='word_1_69' title='bbox 1052 1178 1159 1232; x_wconf 87' lang='lat' dir='ltr'><strong>illis</strong></span> <span class='ocrx_word' id='word_1_70' title='bbox 1187 1186 1290 1244; x_wconf 87' lang='lat' dir='ltr'><strong>est,</strong></span> <span class='ocrx_word' id='word_1_71' title='bbox 1307 1179 1523 1247; x_wconf 87' lang='lat' dir='ltr'><strong>quando</strong></span> <span class='ocrx_word' id='word_1_72' title='bbox 1555 1179 1682 1233; x_wconf 79' lang='lat' dir='ltr'><strong>vitis</strong></span> <span class='ocrx_word' id='word_1_73' title='bbox 1710 1177 1894 1232; x_wconf 86' lang='lat' dir='ltr'><strong>botros</strong></span> <span class='ocrx_word' id='word_1_74' title='bbox 1923 1177 2075 1234; x_wconf 83' lang='lat' dir='ltr'><strong>elllo-</strong></span> 
     </span>
    </p>
   </div>
   <div class='ocr_carea' id='block_1_13' title="bbox 492 1268 2069 1338">
    <p class='ocr_par' dir='ltr' id='par_1_13' title="bbox 492 1268 2069 1338">
     <span class='ocr_line' id='line_1_13' title="bbox 492 1268 2069 1338; baseline 0.001 -15"><span class='ocrx_word' id='word_1_75' title='bbox 492 1271 671 1324; x_wconf 88' lang='lat' dir='ltr'><strong>ruisse</strong></span> <span class='ocrx_word' id='word_1_76' title='bbox 722 1270 979 1335; x_wconf 87' lang='lat' dir='ltr'><strong>viderint,</strong></span> <span class='ocrx_word' id='word_1_77' title='bbox 1032 1278 1087 1324; x_wconf 91' lang='lat' dir='ltr'><strong>et</strong></span> <span class='ocrx_word' id='word_1_78' title='bbox 1132 1268 1247 1338; x_wconf 83' lang='lat' dir='ltr'><strong>jam</strong></span> <span class='ocrx_word' id='word_1_79' title='bbox 1301 1285 1530 1323; x_wconf 89' lang='lat' dir='ltr'><strong>uvarum</strong></span> <span class='ocrx_word' id='word_1_80' title='bbox 1571 1270 1802 1338; x_wconf 79' lang='lat' dir='ltr'><strong>speciem</strong></span> <span class='ocrx_word' id='word_1_81' title='bbox 1845 1269 2069 1335; x_wconf 84' lang='lat' dir='ltr'><strong>habere,</strong></span> 
     </span>
    </p>
   </div>
   <div class='ocr_carea' id='block_1_14' title="bbox 499 1359 2073 1430">
    <p class='ocr_par' dir='ltr' id='par_1_14' title="bbox 499 1359 2073 1430">
     <span class='ocr_line' id='line_1_14' title="bbox 499 1359 2073 1430; baseline 0 -16"><span class='ocrx_word' id='word_1_82' title='bbox 499 1359 867 1415; x_wconf 77' lang='lat' dir='ltr'><strong>redundantes</strong></span> <span class='ocrx_word' id='word_1_83' title='bbox 892 1361 1222 1430; x_wconf 79' lang='lat' dir='ltr'><strong>propagines</strong></span> <span class='ocrx_word' id='word_1_84' title='bbox 1245 1369 1549 1428; x_wconf 89' lang='lat' dir='ltr'><strong>amputare,</strong></span> <span class='ocrx_word' id='word_1_85' title='bbox 1576 1368 1631 1413; x_wconf 88' lang='lat' dir='ltr'><strong>et</strong></span> <span class='ocrx_word' id='word_1_86' title='bbox 1656 1359 1892 1413; x_wconf 90' lang='lat' dir='ltr'><strong>minutos</strong></span> <span class='ocrx_word' id='word_1_87' title='bbox 1920 1372 2073 1414; x_wconf 88' lang='lat' dir='ltr'><strong>race-</strong></span> 
     </span>
    </p>
   </div>
   <div class='ocr_carea' id='block_1_15' title="bbox 492 1446 2069 1518">
    <p class='ocr_par' dir='ltr' id='par_1_15' title="bbox 492 1446 2069 1518">
     <span class='ocr_line' id='line_1_15' title="bbox 492 1446 2069 1518; baseline -0.001 -17"><span class='ocrx_word' id='word_1_88' title='bbox 492 1447 671 1502; x_wconf 89' lang='lat' dir='ltr'><strong>mnlos</strong></span> <span class='ocrx_word' id='word_1_89' title='bbox 700 1449 967 1517; x_wconf 80' lang='lat' dir='ltr'><strong>superﬂue</strong></span> <span class='ocrx_word' id='word_1_90' title='bbox 994 1463 1277 1518; x_wconf 84' lang='lat' dir='ltr'><strong>appensos,</strong></span> <span class='ocrx_word' id='word_1_91' title='bbox 1308 1459 1362 1502; x_wconf 84' lang='lat' dir='ltr'><strong>et</strong></span> <span class='ocrx_word' id='word_1_92' title='bbox 1404 1446 1699 1514; x_wconf 85' lang='lat' dir='ltr'><strong>majoribus</strong></span> <span class='ocrx_word' id='word_1_93' title='bbox 1730 1448 2069 1515; x_wconf 86' lang='lat' dir='ltr'><strong>intersertos,</strong></span> 
     </span>
    </p>
   </div>
   <div class='ocr_carea' id='block_1_16' title="bbox 494 1536 2072 1604">
    <p class='ocr_par' dir='ltr' id='par_1_16' title="bbox 494 1536 2072 1604">
     <span class='ocr_line' id='line_1_16' title="bbox 494 1536 2072 1604; baseline 0.001 -12"><span class='ocrx_word' id='word_1_94' title='bbox 494 1538 727 1593; x_wconf 81' lang='lat' dir='ltr'><strong>falcibus</strong></span> <span class='ocrx_word' id='word_1_95' title='bbox 760 1552 1030 1604; x_wconf 84' lang='lat' dir='ltr'><strong>resecare,</strong></span> <span class='ocrx_word' id='word_1_96' title='bbox 1083 1546 1142 1591; x_wconf 92' lang='lat' dir='ltr'><strong>ut</strong></span> <span class='ocrx_word' id='word_1_97' title='bbox 1173 1536 1544 1591; x_wconf 87' lang='lat' dir='ltr'><strong>fecundiorem</strong></span> <span class='ocrx_word' id='word_1_98' title='bbox 1577 1551 1797 1592; x_wconf 89' lang='lat' dir='ltr'><strong>succum</strong></span> <span class='ocrx_word' id='word_1_99' title='bbox 1832 1536 2072 1603; x_wconf 88' lang='lat' dir='ltr'><strong>maiores</strong></span> 
     </span>
    </p>
   </div>
   <div class='ocr_carea' id='block_1_17' title="bbox 499 1626 2072 1697">
    <p class='ocr_par' dir='ltr' id='par_1_17' title="bbox 499 1626 2072 1697">
     <span class='ocr_line' id='line_1_17' title="bbox 499 1626 2072 1697; baseline 0.002 -15"><span class='ocrx_word' id='word_1_100' title='bbox 499 1627 647 1682; x_wconf 86' lang='lat' dir='ltr'><strong>botri</strong></span> <span class='ocrx_word' id='word_1_101' title='bbox 706 1627 1068 1697; x_wconf 86' lang='lat' dir='ltr'><strong>percipientes</strong></span> <span class='ocrx_word' id='word_1_102' title='bbox 1125 1626 1359 1682; x_wconf 88' lang='lat' dir='ltr'><strong>fructum</strong></span> <span class='ocrx_word' id='word_1_103' title='bbox 1395 1627 1608 1697; x_wconf 90' lang='lat' dir='ltr'><strong>possint</strong></span> <span class='ocrx_word' id='word_1_104' title='bbox 1662 1626 1908 1684; x_wconf 85' lang='lat' dir='ltr'><strong>fundere.</strong></span> <span class='ocrx_word' id='word_1_105' title='bbox 1940 1630 2072 1685; x_wconf 87' lang='lat' dir='ltr'><strong>Tale</strong></span> 
     </span>
    </p>
   </div>
   <div class='ocr_carea' id='block_1_18' title="bbox 495 1714 2071 1785">
    <p class='ocr_par' dir='ltr' id='par_1_18' title="bbox 495 1714 2071 1785">
     <span class='ocr_line' id='line_1_18' title="bbox 495 1714 2071 1785; baseline 0.005 -18"><span class='ocrx_word' id='word_1_106' title='bbox 495 1716 750 1785; x_wconf 82' lang='lat' dir='ltr'><strong>quiddam</strong></span> <span class='ocrx_word' id='word_1_107' title='bbox 809 1714 1011 1772; x_wconf 87' lang='lat' dir='ltr'><strong>fecisse</strong></span> <span class='ocrx_word' id='word_1_108' title='bbox 1057 1715 1191 1771; x_wconf 90' lang='lat' dir='ltr'><strong>dicit</strong></span> <span class='ocrx_word' id='word_1_109' title='bbox 1222 1717 1593 1772; x_wconf 87' lang='lat' dir='ltr'><strong>universitatis</strong></span> <span class='ocrx_word' id='word_1_110' title='bbox 1628 1717 1817 1781; x_wconf 88' lang='lat' dir='ltr'><strong>Deum,</strong></span> <span class='ocrx_word' id='word_1_111' title='bbox 1859 1719 1975 1774; x_wconf 83' lang='lat' dir='ltr'><strong>sive</strong></span> <span class='ocrx_word' id='word_1_112' title='bbox 2003 1721 2071 1775; x_wconf 91' lang='lat' dir='ltr'><strong>de</strong></span> 
     </span>
    </p>
   </div>
   <div class='ocr_carea' id='block_1_19' title="bbox 2171 535 3732 609">
    <p class='ocr_par' dir='ltr' id='par_1_19' title="bbox 2171 535 3732 609">
     <span class='ocr_line' id='line_1_19' title="bbox 2171 535 3732 609; baseline 0 -13"><span class='ocrx_word' id='word_1_113' title='bbox 2171 540 2279 596; x_wconf 84' lang='grc' dir='ltr'>τοῦ</span> <span class='ocrx_word' id='word_1_114' title='bbox 2320 539 2584 609; x_wconf 81' lang='grc' dir='ltr'>οὐρανοῦ</span> <span class='ocrx_word' id='word_1_115' title='bbox 2627 538 2725 592; x_wconf 87' lang='grc' dir='ltr'><strong>καί</strong></span> <span class='ocrx_word' id='word_1_116' title='bbox 2764 536 2890 602; x_wconf 83' lang='grc' dir='ltr'>τοῖς</span> <span class='ocrx_word' id='word_1_117' title='bbox 2915 536 3144 605; x_wconf 72' lang='grc' dir='ltr'>θηρίοις</span> <span class='ocrx_word' id='word_1_118' title='bbox 3169 535 3282 605; x_wconf 83' lang='grc' dir='ltr'>τῆς</span> <span class='ocrx_word' id='word_1_119' title='bbox 3309 537 3442 606; x_wconf 81' lang='grc' dir='ltr'>τῆς.</span> <span class='ocrx_word' id='word_1_120' title='bbox 3471 540 3572 593; x_wconf 72' lang='grc' dir='ltr'><strong>Καὶ</strong></span> <span class='ocrx_word' id='word_1_121' title='bbox 3598 556 3732 596; x_wconf 70' lang='grc' dir='ltr'>συγ-</span> 
     </span>
    </p>
   </div>
   <div class='ocr_carea' id='block_1_20' title="bbox 2170 629 3730 702">
    <p class='ocr_par' dir='ltr' id='par_1_20' title="bbox 2170 629 3730 702">
     <span class='ocr_line' id='line_1_20' title="bbox 2170 629 3730 702; baseline 0.002 -16"><span class='ocrx_word' id='word_1_122' title='bbox 2170 633 2500 702; x_wconf 82' lang='grc' dir='ltr'>αχθήσεται</span> <span class='ocrx_word' id='word_1_123' title='bbox 2550 631 2643 685; x_wconf 78' lang='grc' dir='ltr'><strong>ἐπ’</strong></span> <span class='ocrx_word' id='word_1_124' title='bbox 2675 629 2899 696; x_wconf 76' lang='grc' dir='ltr'>αὐτοὺς</span> <span class='ocrx_word' id='word_1_125' title='bbox 2934 629 3022 691; x_wconf 84' lang='grc' dir='ltr'>τὰ,</span> <span class='ocrx_word' id='word_1_126' title='bbox 3050 630 3293 684; x_wconf 79' lang='grc' dir='ltr'>πετεινὰ</span> <span class='ocrx_word' id='word_1_127' title='bbox 3331 631 3434 684; x_wconf 81' lang='grc' dir='ltr'>τοῦ</span> <span class='ocrx_word' id='word_1_128' title='bbox 3473 633 3730 702; x_wconf 80' lang='grc' dir='ltr'>οὐρανοῦ,</span> 
     </span>
    </p>
   </div>
   <div class='ocr_carea' id='block_1_21' title="bbox 2172 717 3565 789">
    <p class='ocr_par' dir='ltr' id='par_1_21' title="bbox 2172 717 3565 789">
     <span class='ocr_line' id='line_1_21' title="bbox 2172 717 3565 789; baseline -0.004 -12"><span class='ocrx_word' id='word_1_129' title='bbox 2172 723 2270 777; x_wconf 79' lang='grc' dir='ltr'><strong>καί</strong></span> <span class='ocrx_word' id='word_1_130' title='bbox 2299 721 2498 776; x_wconf 78' lang='grc' dir='ltr'>πάντα</span> <span class='ocrx_word' id='word_1_131' title='bbox 2526 721 2598 774; x_wconf 86' lang='grc' dir='ltr'>τὰ</span> <span class='ocrx_word' id='word_1_132' title='bbox 2618 720 2798 788; x_wconf 78' lang='grc' dir='ltr'>θηρία</span> <span class='ocrx_word' id='word_1_133' title='bbox 2814 717 2926 787; x_wconf 82' lang='grc' dir='ltr'>τῆς</span> <span class='ocrx_word' id='word_1_134' title='bbox 2950 717 3064 789; x_wconf 71' lang='grc' dir='ltr'>γῆς</span> <span class='ocrx_word' id='word_1_135' title='bbox 3088 718 3181 771; x_wconf 81' lang='grc' dir='ltr'><strong>ἐπ’</strong></span> <span class='ocrx_word' id='word_1_136' title='bbox 3207 717 3398 771; x_wconf 80' lang='grc' dir='ltr'>αὐτὸν</span> <span class='ocrx_word' id='word_1_137' title='bbox 3420 717 3565 784; x_wconf 79' lang='grc' dir='ltr'>ἣξει.</span> 
     </span>
    </p>
   </div>
   <div class='ocr_carea' id='block_1_22' title="bbox 2242 810 3737 884">
    <p class='ocr_par' dir='ltr' id='par_1_22' title="bbox 2242 810 3737 884">
     <span class='ocr_line' id='line_1_22' title="bbox 2242 810 3737 884; baseline -0.003 -16"><span class='ocrx_word' id='word_1_138' title='bbox 2242 814 2521 884; x_wconf 82' lang='grc' dir='ltr'>Δυσχερὴς</span> <span class='ocrx_word' id='word_1_139' title='bbox 2565 812 2670 881; x_wconf 76' lang='grc' dir='ltr'><strong>μὲν</strong></span> <span class='ocrx_word' id='word_1_140' title='bbox 2703 810 2823 865; x_wconf 84' lang='grc' dir='ltr'>λίαν</span> <span class='ocrx_word' id='word_1_141' title='bbox 2864 810 2959 865; x_wconf 79' lang='grc' dir='ltr'>καὶ</span> <span class='ocrx_word' id='word_1_142' title='bbox 3007 810 3378 870; x_wconf 84' lang='grc' dir='ltr'>δυσκάτοπτος</span> <span class='ocrx_word' id='word_1_143' title='bbox 3427 812 3487 864; x_wconf 86' lang='grc' dir='ltr'><strong>ού</strong></span> <span class='ocrx_word' id='word_1_144' title='bbox 3522 812 3737 883; x_wconf 81' lang='grc' dir='ltr'><strong>μετρίως</strong></span> 
     </span>
    </p>
   </div>
   <div class='ocr_carea' id='block_1_23' title="bbox 2170 902 3736 976">
    <p class='ocr_par' dir='ltr' id='par_1_23' title="bbox 2170 902 3736 976">
     <span class='ocr_line' id='line_1_23' title="bbox 2170 902 3736 976; baseline 0.001 -18"><span class='ocrx_word' id='word_1_145' title='bbox 2170 904 2281 958; x_wconf 81' lang='grc' dir='ltr'>τῶν</span> <span class='ocrx_word' id='word_1_146' title='bbox 2320 904 2699 976; x_wconf 72' lang='grc' dir='ltr'><strong>προκειμένων</strong></span> <span class='ocrx_word' id='word_1_147' title='bbox 2749 903 2779 955; x_wconf 99' lang='lat'><strong>6</strong></span> <span class='ocrx_word' id='word_1_148' title='bbox 2823 903 2967 966; x_wconf 82' lang='grc' dir='ltr'>νοῦς.</span> <span class='ocrx_word' id='word_1_149' title='bbox 3002 904 3115 956; x_wconf 70' lang='grc' dir='ltr'><strong>Καὶ</strong></span> <span class='ocrx_word' id='word_1_150' title='bbox 3157 902 3295 973; x_wconf 84' lang='grc' dir='ltr'>αὐτὴ</span> <span class='ocrx_word' id='word_1_151' title='bbox 3342 903 3397 955; x_wconf 72' lang='grc' dir='ltr'>δὲ</span> <span class='ocrx_word' id='word_1_152' title='bbox 3432 903 3563 974; x_wconf 80' lang='grc' dir='ltr'>πρὸς</span> <span class='ocrx_word' id='word_1_153' title='bbox 3595 904 3736 960; x_wconf 77' lang='grc' dir='ltr'>τοῦτο</span> 
     </span>
    </p>
   </div>
   <div class='ocr_carea' id='block_1_24' title="bbox 2172 993 3738 1067">
    <p class='ocr_par' dir='ltr' id='par_1_24' title="bbox 2172 993 3738 1067">
     <span class='ocr_line' id='line_1_24' title="bbox 2172 993 3738 1067; baseline -0.007 -6"><span class='ocrx_word' id='word_1_154' title='bbox 2172 997 2272 1067; x_wconf 80' lang='grc' dir='ltr'><strong>τῆς</strong></span> <span class='ocrx_word' id='word_1_155' title='bbox 2292 994 2541 1066; x_wconf 80' lang='grc' dir='ltr'>λέξεωςή</span> <span class='ocrx_word' id='word_1_156' title='bbox 2578 993 2841 1065; x_wconf 78' lang='grc' dir='ltr'><strong>συνθήκη.</strong></span> <span class='ocrx_word' id='word_1_157' title='bbox 2879 993 3025 1064; x_wconf 81' lang='grc' dir='ltr'><strong>Πλὴν</strong></span> <span class='ocrx_word' id='word_1_158' title='bbox 3051 994 3126 1057; x_wconf 89' lang='grc' dir='ltr'>ὡς</span> <span class='ocrx_word' id='word_1_159' title='bbox 3154 993 3233 1047; x_wconf 79' lang='grc' dir='ltr'><strong>ενι</strong></span> <span class='ocrx_word' id='word_1_160' title='bbox 3255 994 3479 1049; x_wconf 80' lang='grc' dir='ltr'>διειπεῐν</span> <span class='ocrx_word' id='word_1_161' title='bbox 3501 997 3738 1066; x_wconf 83' lang='grc' dir='ltr'>πειράσο-</span> 
     </span>
    </p>
   </div>
   <div class='ocr_carea' id='block_1_25' title="bbox 2176 1081 3740 1158">
    <p class='ocr_par' dir='ltr' id='par_1_25' title="bbox 2176 1081 3740 1158">
     <span class='ocr_line' id='line_1_25' title="bbox 2176 1081 3740 1158; baseline -0.001 -19"><span class='ocrx_word' id='word_1_162' title='bbox 2176 1103 2296 1158; x_wconf 83' lang='grc' dir='ltr'>μαι.</span> <span class='ocrx_word' id='word_1_163' title='bbox 2341 1086 2584 1138; x_wconf 81' lang='grc' dir='ltr'>Ποιεὶται</span> <span class='ocrx_word' id='word_1_164' title='bbox 2627 1083 2809 1136; x_wconf 78' lang='grc' dir='ltr'><strong>τοίνυν</strong></span> <span class='ocrx_word' id='word_1_165' title='bbox 2847 1082 2923 1147; x_wconf 88' lang='grc' dir='ltr'><strong>ώς</strong></span> <span class='ocrx_word' id='word_1_166' title='bbox 2950 1083 3060 1136; x_wconf 83' lang='grc' dir='ltr'>ἀπὸ</span> <span class='ocrx_word' id='word_1_167' title='bbox 3083 1083 3183 1152; x_wconf 85' lang='grc' dir='ltr'>τῆς</span> <span class='ocrx_word' id='word_1_168' title='bbox 3220 1081 3329 1136; x_wconf 86' lang='grc' dir='ltr'>τῶν</span> <span class='ocrx_word' id='word_1_169' title='bbox 3356 1083 3609 1153; x_wconf 84' lang='grc' dir='ltr'><strong>γεωργῶν</strong></span> <span class='ocrx_word' id='word_1_170' title='bbox 3635 1085 3740 1137; x_wconf 73' lang='grc' dir='ltr'>ὲπιο</span> 
     </span>
    </p>
   </div>
   <div class='ocr_carea' id='block_1_26' title="bbox 2174 1162 3789 1249">
    <p class='ocr_par' dir='ltr' id='par_1_26' title="bbox 2174 1162 3789 1249">
     <span class='ocr_line' id='line_1_26' title="bbox 2174 1162 3789 1249; baseline -0.004 -16"><span class='ocrx_word' id='word_1_171' title='bbox 2174 1179 2273 1249; x_wconf 82' lang='grc' dir='ltr'>στή</span> <span class='ocrx_word' id='word_1_172' title='bbox 2285 1196 2389 1249; x_wconf 86' lang='grc' dir='ltr'><strong>μης</strong></span> <span class='ocrx_word' id='word_1_173' title='bbox 2413 1177 2509 1230; x_wconf 80' lang='grc' dir='ltr'><strong>τὸν</strong></span> <span class='ocrx_word' id='word_1_174' title='bbox 2540 1176 2717 1244; x_wconf 87' lang='grc' dir='ltr'>λόγον.</span> <span class='ocrx_word' id='word_1_175' title='bbox 2747 1174 2907 1238; x_wconf 85' lang='grc' dir='ltr'>Ἔθος</span> <span class='ocrx_word' id='word_1_176' title='bbox 2933 1172 3042 1245; x_wconf 84' lang='grc' dir='ltr'><strong>γὰρ</strong></span> <span class='ocrx_word' id='word_1_177' title='bbox 3076 1174 3330 1238; x_wconf 77' lang='grc' dir='ltr'>ἐκείνοις,</span> <span class='ocrx_word' id='word_1_178' title='bbox 3360 1175 3488 1229; x_wconf 84' lang='grc' dir='ltr'>ὅταν</span> <span class='ocrx_word' id='word_1_179' title='bbox 3515 1174 3611 1245; x_wconf 83' lang='grc' dir='ltr'><strong>τῆς</strong></span> <span class='ocrx_word' id='word_1_180' title='bbox 3641 1176 3740 1246; x_wconf 79' lang='grc' dir='ltr'><strong>ἀμ·</strong></span> <span class='ocrx_word' id='word_1_181' title='bbox 3784 1162 3789 1167; x_wconf 64' lang='grc'><em>’</em></span> 
     </span>
    </p>
   </div>
   <div class='ocr_carea' id='block_1_27' title="bbox 2173 1264 3738 1338">
    <p class='ocr_par' dir='ltr' id='par_1_27' title="bbox 2173 1264 3738 1338">
     <span class='ocr_line' id='line_1_27' title="bbox 2173 1264 3738 1338; baseline -0.002 -15"><span class='ocrx_word' id='word_1_182' title='bbox 2173 1269 2339 1323; x_wconf 78' lang='grc' dir='ltr'>πέλου</span> <span class='ocrx_word' id='word_1_183' title='bbox 2379 1269 2566 1323; x_wconf 84' lang='grc' dir='ltr'>λοιπὸν</span> <span class='ocrx_word' id='word_1_184' title='bbox 2609 1266 3011 1338; x_wconf 81' lang='grc' dir='ltr'>ὲξανθήσαντας</span> <span class='ocrx_word' id='word_1_185' title='bbox 3045 1266 3171 1329; x_wconf 77' lang='grc' dir='ltr'>τοὺς</span> <span class='ocrx_word' id='word_1_186' title='bbox 3215 1264 3412 1337; x_wconf 84' lang='grc' dir='ltr'><strong>βότρυς</strong></span> <span class='ocrx_word' id='word_1_187' title='bbox 3439 1265 3738 1334; x_wconf 75' lang='grc' dir='ltr'><strong>θεάσωνται,</strong></span> 
     </span>
    </p>
   </div>
   <div class='ocr_carea' id='block_1_28' title="bbox 2173 1351 3743 1431">
    <p class='ocr_par' dir='ltr' id='par_1_28' title="bbox 2173 1351 3743 1431">
     <span class='ocr_line' id='line_1_28' title="bbox 2173 1351 3743 1431; baseline -0.004 -16"><span class='ocrx_word' id='word_1_188' title='bbox 2173 1361 2268 1415; x_wconf 73' lang='grc' dir='ltr'>καὶ</span> <span class='ocrx_word' id='word_1_189' title='bbox 2301 1360 2403 1431; x_wconf 76' lang='grc' dir='ltr'>ήδη</span> <span class='ocrx_word' id='word_1_190' title='bbox 2436 1376 2552 1423; x_wconf 88' lang='grc' dir='ltr'><strong>πως</strong></span> <span class='ocrx_word' id='word_1_191' title='bbox 2579 1357 2641 1410; x_wconf 84' lang='grc' dir='ltr'>τὸ</span> <span class='ocrx_word' id='word_1_192' title='bbox 2667 1356 2774 1411; x_wconf 83' lang='grc' dir='ltr'>τῶν</span> <span class='ocrx_word' id='word_1_193' title='bbox 2807 1356 3071 1427; x_wconf 82' lang='grc' dir='ltr'>ὀμφάκων</span> <span class='ocrx_word' id='word_1_194' title='bbox 3106 1354 3328 1427; x_wconf 73' lang='grc' dir='ltr'>ἔχοντας</span> <span class='ocrx_word' id='word_1_195' title='bbox 3350 1351 3508 1419; x_wconf 75' lang='grc' dir='ltr'>εἶδος,</span> <span class='ocrx_word' id='word_1_196' title='bbox 3536 1356 3743 1409; x_wconf 75' lang='grc' dir='ltr'>ἀποκεί-</span> 
     </span>
    </p>
   </div>
   <div class='ocr_carea' id='block_1_29' title="bbox 2175 1445 3744 1525">
    <p class='ocr_par' dir='ltr' id='par_1_29' title="bbox 2175 1445 3744 1525">
     <span class='ocr_line' id='line_1_29' title="bbox 2175 1445 3744 1525; baseline -0.003 -20"><span class='ocrx_word' id='word_1_197' title='bbox 2175 1468 2291 1525; x_wconf 89' lang='grc' dir='ltr'>ρειν</span> <span class='ocrx_word' id='word_1_198' title='bbox 2319 1451 2415 1520; x_wconf 87' lang='grc' dir='ltr'>μὲν</span> <span class='ocrx_word' id='word_1_199' title='bbox 2435 1450 2532 1514; x_wconf 88' lang='grc' dir='ltr'><strong>τὰς</strong></span> <span class='ocrx_word' id='word_1_200' title='bbox 2567 1449 2827 1521; x_wconf 86' lang='grc' dir='ltr'>περιττὰς</span> <span class='ocrx_word' id='word_1_201' title='bbox 2855 1446 3214 1519; x_wconf 75' lang='grc' dir='ltr'><strong>κληματίδας,</strong></span> <span class='ocrx_word' id='word_1_202' title='bbox 3245 1446 3342 1500; x_wconf 70' lang='grc' dir='ltr'>καὶ</span> <span class='ocrx_word' id='word_1_203' title='bbox 3365 1446 3435 1500; x_wconf 78' lang='grc' dir='ltr'>τὰ</span> <span class='ocrx_word' id='word_1_204' title='bbox 3463 1446 3629 1518; x_wconf 71' lang='grc' dir='ltr'>μικρὰ</span> <span class='ocrx_word' id='word_1_205' title='bbox 3649 1445 3744 1500; x_wconf 83' lang='grc' dir='ltr'>τῶν</span> 
     </span>
    </p>
   </div>
   <div class='ocr_carea' id='block_1_30' title="bbox 2176 1538 3747 1616">
    <p class='ocr_par' dir='ltr' id='par_1_30' title="bbox 2176 1538 3747 1616">
     <span class='ocr_line' id='line_1_30' title="bbox 2176 1538 3747 1616; baseline -0.003 -18"><span class='ocrx_word' id='word_1_206' title='bbox 2176 1543 2470 1616; x_wconf 88' lang='grc' dir='ltr'>βοτρυδίων</span> <span class='ocrx_word' id='word_1_207' title='bbox 2499 1541 2772 1614; x_wconf 84' lang='grc' dir='ltr'><strong>περιττῶς</strong></span> <span class='ocrx_word' id='word_1_208' title='bbox 2812 1542 2926 1603; x_wconf 79' lang='grc' dir='ltr'><strong>τοίς</strong></span> <span class='ocrx_word' id='word_1_209' title='bbox 2968 1539 3179 1611; x_wconf 81' lang='grc' dir='ltr'>μείζοσι</span> <span class='ocrx_word' id='word_1_210' title='bbox 3210 1538 3609 1610; x_wconf 79' lang='grc' dir='ltr'><strong>παρηρτημένα</strong></span> <span class='ocrx_word' id='word_1_211' title='bbox 3637 1543 3747 1603; x_wconf 76' lang='grc' dir='ltr'>ταῖς</span> 
     </span>
    </p>
   </div>
   <div class='ocr_carea' id='block_1_31' title="bbox 2171 1631 3744 1708">
    <p class='ocr_par' dir='ltr' id='par_1_31' title="bbox 2171 1631 3744 1708">
     <span class='ocr_line' id='line_1_31' title="bbox 2171 1631 3744 1708; baseline -0.003 -18"><span class='ocrx_word' id='word_1_212' title='bbox 2171 1636 2471 1708; x_wconf 83' lang='grc' dir='ltr'>δρεπάναις</span> <span class='ocrx_word' id='word_1_213' title='bbox 2497 1632 2850 1703; x_wconf 77' lang='grc' dir='ltr'><strong>ἀποτέμνειν,</strong></span> <span class='ocrx_word' id='word_1_214' title='bbox 2887 1631 2974 1683; x_wconf 75' lang='grc' dir='ltr'>ἵνα</span> <span class='ocrx_word' id='word_1_215' title='bbox 2999 1631 3093 1684; x_wconf 64' lang='grc' dir='ltr'><strong>καὶ⁵</strong></span> <span class='ocrx_word' id='word_1_216' title='bbox 3113 1631 3537 1702; x_wconf 61' lang='grc' dir='ltr'>τῳφιμωτάτην</span> <span class='ocrx_word' id='word_1_217' title='bbox 3563 1631 3744 1700; x_wconf 85' lang='grc' dir='ltr'>ἰκμάδα</span> 
     </span>
    </p>
   </div>
   <div class='ocr_carea' id='block_1_32' title="bbox 2172 1721 3747 1797">
    <p class='ocr_par' dir='ltr' id='par_1_32' title="bbox 2172 1721 3747 1797">
     <span class='ocr_line' id='line_1_32' title="bbox 2172 1721 3747 1797; baseline -0.003 -17"><span class='ocrx_word' id='word_1_218' title='bbox 2172 1726 2452 1797; x_wconf 84' lang='grc' dir='ltr'>δεχόμενοι</span> <span class='ocrx_word' id='word_1_219' title='bbox 2499 1724 2612 1778; x_wconf 84' lang='grc' dir='ltr'>τῶν</span> <span class='ocrx_word' id='word_1_220' title='bbox 2668 1721 2909 1795; x_wconf 75' lang='grc' dir='ltr'>βοτρύων</span> <span class='ocrx_word' id='word_1_221' title='bbox 2950 1721 3001 1774; x_wconf 81' lang='grc' dir='ltr'>οἱ</span> <span class='ocrx_word' id='word_1_222' title='bbox 3054 1722 3272 1793; x_wconf 80' lang='grc' dir='ltr'><strong>μείζους</strong></span> <span class='ocrx_word' id='word_1_223' title='bbox 3327 1722 3747 1793; x_wconf 79' lang='grc' dir='ltr'>τελεσφορεῖσθαι</span> 
     </span>
    </p>
   </div>
   <div class='ocr_carea' id='block_1_33' title="bbox 491 1790 2072 1883">
    <p class='ocr_par' dir='ltr' id='par_1_33' title="bbox 491 1807 2070 1880">
     <span class='ocr_line' id='line_1_33' title="bbox 491 1807 2070 1880; baseline 0.004 -19"><span class='ocrx_word' id='word_1_224' title='bbox 491 1807 759 1879; x_wconf 81' lang='lat' dir='ltr'><strong>Assyriis,</strong></span> <span class='ocrx_word' id='word_1_225' title='bbox 782 1809 899 1864; x_wconf 85' lang='lat' dir='ltr'><strong>sive</strong></span> <span class='ocrx_word' id='word_1_226' title='bbox 922 1809 1088 1863; x_wconf 87' lang='lat' dir='ltr'><strong>etiam</strong></span> <span class='ocrx_word' id='word_1_227' title='bbox 1120 1811 1186 1864; x_wconf 90' lang='lat' dir='ltr'><strong>de</strong></span> <span class='ocrx_word' id='word_1_228' title='bbox 1229 1808 1543 1880; x_wconf 69' lang='lat' dir='ltr'><strong>Egyptiis:</strong></span> <span class='ocrx_word' id='word_1_229' title='bbox 1585 1825 1689 1865; x_wconf 90' lang='lat' dir='ltr'><strong>nec</strong></span> <span class='ocrx_word' id='word_1_230' title='bbox 1740 1812 1887 1866; x_wconf 90' lang='lat' dir='ltr'><strong>enim</strong></span> <span class='ocrx_word' id='word_1_231' title='bbox 1936 1813 2070 1867; x_wconf 86' lang='lat' dir='ltr'><strong>satis</strong></span> 
     </span>
    </p>
   </div>
   <div class='ocr_carea' id='block_1_34' title="bbox 2173 1790 3748 1883">
    <p class='ocr_par' dir='ltr' id='par_1_34' title="bbox 2173 1790 3748 1883">
     <span class='ocr_line' id='line_1_34' title="bbox 2173 1790 3748 1883; baseline -0.005 -13"><span class='ocrx_word' id='word_1_232' title='bbox 2173 1790 2439 1870; x_wconf 68' lang='grc' dir='ltr'>δύναιντο.</span> <span class='ocrx_word' id='word_1_233' title='bbox 2471 1790 2725 1868; x_wconf 69' lang='grc' dir='ltr'>Τοιοῦτον</span> <span class='ocrx_word' id='word_1_234' title='bbox 2762 1790 2816 1869; x_wconf 76' lang='grc' dir='ltr'><strong>τι</strong></span> <span class='ocrx_word' id='word_1_235' title='bbox 2856 1790 3199 1882; x_wconf 50' lang='grc' dir='ltr'>πεπραγέναι</span> <span class='ocrx_word' id='word_1_236' title='bbox 3229 1812 3396 1883; x_wconf 79' lang='grc' dir='ltr'>φησὶν</span> <span class='ocrx_word' id='word_1_237' title='bbox 3434 1814 3463 1866; x_wconf 87' lang='grc' dir='ltr'>ὁ</span> <span class='ocrx_word' id='word_1_238' title='bbox 3497 1790 3602 1865; x_wconf 74' lang='grc' dir='ltr'><strong>τών</strong></span> <span class='ocrx_word' id='word_1_239' title='bbox 3627 1810 3748 1864; x_wconf 81' lang='grc' dir='ltr'>ὅλων</span> 
     </span>
    </p>
   </div>
   <div class='ocr_carea' id='block_1_35' title="bbox 490 1900 2072 1973">
    <p class='ocr_par' dir='ltr' id='par_1_35' title="bbox 490 1900 2072 1973">
     <span class='ocr_line' id='line_1_35' title="bbox 490 1900 2072 1973; baseline 0.003 -20"><span class='ocrx_word' id='word_1_240' title='bbox 490 1908 678 1969; x_wconf 82' lang='lat' dir='ltr'><strong>aperta</strong></span> <span class='ocrx_word' id='word_1_241' title='bbox 711 1908 796 1955; x_wconf 91' lang='lat' dir='ltr'><strong>est</strong></span> <span class='ocrx_word' id='word_1_242' title='bbox 820 1901 1017 1965; x_wconf 81' lang='lat' dir='ltr'><strong>oratio,</strong></span> <span class='ocrx_word' id='word_1_243' title='bbox 1050 1900 1249 1970; x_wconf 78' lang='lat' dir='ltr'><strong>quibus</strong></span> <span class='ocrx_word' id='word_1_244' title='bbox 1280 1901 1514 1956; x_wconf 76' lang='lat' dir='ltr'><strong>maxime</strong></span> <span class='ocrx_word' id='word_1_245' title='bbox 1545 1911 1834 1972; x_wconf 79' lang='lat' dir='ltr'><strong>congruat.</strong></span> <span class='ocrx_word' id='word_1_246' title='bbox 1865 1901 1921 1957; x_wconf 89' lang='lat' dir='ltr'><strong>Si</strong></span> <span class='ocrx_word' id='word_1_247' title='bbox 1950 1904 2072 1973; x_wconf 88' lang='lat' dir='ltr'><strong>quis</strong></span> 
     </span>
    </p>
   </div>
   <div class='ocr_carea' id='block_1_36' title="bbox 490 1992 2069 2066">
    <p class='ocr_par' dir='ltr' id='par_1_36' title="bbox 490 1992 2069 2066">
     <span class='ocr_line' id='line_1_36' title="bbox 490 1992 2069 2066; baseline 0.002 -19"><span class='ocrx_word' id='word_1_248' title='bbox 490 2007 622 2062; x_wconf 84' lang='lat' dir='ltr'><strong>ergo</strong></span> <span class='ocrx_word' id='word_1_249' title='bbox 653 1993 805 2047; x_wconf 87' lang='lat' dir='ltr'><strong>malit</strong></span> <span class='ocrx_word' id='word_1_250' title='bbox 827 1992 1129 2064; x_wconf 75' lang='lat' dir='ltr'><strong>intelligere</strong></span> <span class='ocrx_word' id='word_1_251' title='bbox 1150 1993 1300 2049; x_wconf 82' lang='lat' dir='ltr'><strong>velut</strong></span> <span class='ocrx_word' id='word_1_252' title='bbox 1329 2008 1492 2049; x_wconf 89' lang='lat' dir='ltr'><strong>unam</strong></span> <span class='ocrx_word' id='word_1_253' title='bbox 1523 1993 2069 2066; x_wconf 83' lang='lat' dir='ltr'><strong>vitem,Assyriorum</strong></span> 
     </span>
    </p>
   </div>
   <div class='ocr_carea' id='block_1_37' title="bbox 491 2085 2070 2159">
    <p class='ocr_par' dir='ltr' id='par_1_37' title="bbox 491 2085 2070 2159">
     <span class='ocr_line' id='line_1_37' title="bbox 491 2085 2070 2159; baseline 0.004 -20"><span class='ocrx_word' id='word_1_254' title='bbox 491 2085 923 2151; x_wconf 84' lang='lat' dir='ltr'><strong>multitudinem,</strong></span> <span class='ocrx_word' id='word_1_255' title='bbox 954 2101 1076 2156; x_wconf 74' lang='lat' dir='ltr'><strong>qua:</strong></span> <span class='ocrx_word' id='word_1_256' title='bbox 1103 2096 1345 2142; x_wconf 81' lang='lat' dir='ltr'><strong>sanetam</strong></span> <span class='ocrx_word' id='word_1_257' title='bbox 1373 2086 1561 2143; x_wconf 87' lang='lat' dir='ltr'><strong>urbem</strong></span> <span class='ocrx_word' id='word_1_258' title='bbox 1604 2088 1884 2144; x_wconf 85' lang='lat' dir='ltr'><strong>obsidione</strong></span> <span class='ocrx_word' id='word_1_259' title='bbox 1916 2104 2070 2159; x_wconf 87' lang='lat' dir='ltr'><strong>pres-</strong></span> 
     </span>
    </p>
   </div>
   <div class='ocr_carea' id='block_1_38' title="bbox 492 2175 2072 2247">
    <p class='ocr_par' dir='ltr' id='par_1_38' title="bbox 492 2175 2072 2247">
     <span class='ocr_line' id='line_1_38' title="bbox 492 2175 2072 2247; baseline 0.004 -17"><span class='ocrx_word' id='word_1_260' title='bbox 492 2175 563 2231; x_wconf 89' lang='lat' dir='ltr'><strong>sit</strong></span> <span class='ocrx_word' id='word_1_261' title='bbox 590 2190 604 2227; x_wconf 92' lang='lat'><strong>:</strong></span> <span class='ocrx_word' id='word_1_262' title='bbox 641 2175 869 2231; x_wconf 89' lang='lat' dir='ltr'><strong>dicimus</strong></span> <span class='ocrx_word' id='word_1_263' title='bbox 904 2176 1147 2231; x_wconf 83' lang='lat' dir='ltr'><strong>invenire</strong></span> <span class='ocrx_word' id='word_1_264' title='bbox 1183 2192 1281 2233; x_wconf 89' lang='lat' dir='ltr'><strong>nos</strong></span> <span class='ocrx_word' id='word_1_265' title='bbox 1324 2191 1482 2247; x_wconf 88' lang='lat' dir='ltr'><strong>posse</strong></span> <span class='ocrx_word' id='word_1_266' title='bbox 1511 2193 1768 2247; x_wconf 82' lang='lat' dir='ltr'><strong>magnum</strong></span> <span class='ocrx_word' id='word_1_267' title='bbox 1800 2179 1854 2233; x_wconf 86' lang='lat' dir='ltr'><strong>in</strong></span> <span class='ocrx_word' id='word_1_268' title='bbox 1882 2194 1945 2235; x_wconf 86' lang='lat' dir='ltr'><strong>ea</strong></span> <span class='ocrx_word' id='word_1_269' title='bbox 1975 2179 2072 2237; x_wconf 84' lang='lat' dir='ltr'><strong>bo-</strong></span> 
     </span>
    </p>
   </div>
   <div class='ocr_carea' id='block_1_39' title="bbox 493 2267 2073 2342">
    <p class='ocr_par' dir='ltr' id='par_1_39' title="bbox 493 2267 2073 2342">
     <span class='ocr_line' id='line_1_39' title="bbox 493 2267 2073 2342; baseline 0.003 -20"><span class='ocrx_word' id='word_1_270' title='bbox 493 2276 636 2322; x_wconf 88' lang='lat' dir='ltr'><strong>trum</strong></span> <span class='ocrx_word' id='word_1_271' title='bbox 671 2267 994 2339; x_wconf 81' lang='lat' dir='ltr'><strong>signiﬁcari,</strong></span> <span class='ocrx_word' id='word_1_272' title='bbox 1024 2269 1231 2325; x_wconf 88' lang='lat' dir='ltr'><strong>scilicet</strong></span> <span class='ocrx_word' id='word_1_273' title='bbox 1251 2284 1373 2325; x_wconf 90' lang='lat' dir='ltr'><strong>eum</strong></span> <span class='ocrx_word' id='word_1_274' title='bbox 1406 2270 1499 2340; x_wconf 85' lang='lat' dir='ltr'><strong>qui</strong></span> <span class='ocrx_word' id='word_1_275' title='bbox 1536 2271 1687 2342; x_wconf 90' lang='lat' dir='ltr'><strong>regio</strong></span> <span class='ocrx_word' id='word_1_276' title='bbox 1711 2271 1844 2327; x_wconf 89' lang='lat' dir='ltr'><strong>solio</strong></span> <span class='ocrx_word' id='word_1_277' title='bbox 1886 2272 2073 2342; x_wconf 82' lang='lat' dir='ltr'><strong>splen-</strong></span> 
     </span>
    </p>
   </div>
   <div class='ocr_carea' id='block_1_40' title="bbox 495 2358 2073 2434">
    <p class='ocr_par' dir='ltr' id='par_1_40' title="bbox 495 2358 2073 2434">
     <span class='ocr_line' id='line_1_40' title="bbox 495 2358 2073 2434; baseline 0.003 -21"><span class='ocrx_word' id='word_1_278' title='bbox 495 2358 731 2415; x_wconf 89' lang='lat' dir='ltr'><strong>descens</strong></span> <span class='ocrx_word' id='word_1_279' title='bbox 757 2374 877 2415; x_wconf 91' lang='lat' dir='ltr'><strong>cum</strong></span> <span class='ocrx_word' id='word_1_280' title='bbox 902 2360 1129 2430; x_wconf 90' lang='lat' dir='ltr'><strong>reliquis</strong></span> <span class='ocrx_word' id='word_1_281' title='bbox 1150 2377 1255 2419; x_wconf 87' lang='lat' dir='ltr'><strong>non</strong></span> <span class='ocrx_word' id='word_1_282' title='bbox 1287 2362 1471 2432; x_wconf 88' lang='lat' dir='ltr'><strong>periit,</strong></span> <span class='ocrx_word' id='word_1_283' title='bbox 1502 2362 1599 2417; x_wconf 87' lang='lat' dir='ltr'><strong>sed</strong></span> <span class='ocrx_word' id='word_1_284' title='bbox 1632 2363 1801 2418; x_wconf 82' lang='lat' dir='ltr'><strong>evasit</strong></span> <span class='ocrx_word' id='word_1_285' title='bbox 1829 2362 1920 2418; x_wconf 90' lang='lat' dir='ltr'><strong>ille</strong></span> <span class='ocrx_word' id='word_1_286' title='bbox 1952 2363 2073 2434; x_wconf 85' lang='lat' dir='ltr'><strong>qui—</strong></span> 
     </span>
    </p>
   </div>
   <div class='ocr_carea' id='block_1_41' title="bbox 492 2451 2067 2517">
    <p class='ocr_par' dir='ltr' id='par_1_41' title="bbox 492 2451 2067 2517">
     <span class='ocr_line' id='line_1_41' title="bbox 492 2451 2067 2517; baseline 0.006 -13"><span class='ocrx_word' id='word_1_287' title='bbox 492 2451 639 2517; x_wconf 84' lang='lat' dir='ltr'><strong>dem,</strong></span> <span class='ocrx_word' id='word_1_288' title='bbox 661 2461 855 2507; x_wconf 65' lang='lat' dir='ltr'><strong>caetera</strong></span> <span class='ocrx_word' id='word_1_289' title='bbox 883 2461 1064 2511; x_wconf 86' lang='lat' dir='ltr'><strong>autem</strong></span> <span class='ocrx_word' id='word_1_290' title='bbox 1096 2454 1252 2508; x_wconf 86' lang='lat' dir='ltr'><strong>turba</strong></span> <span class='ocrx_word' id='word_1_291' title='bbox 1286 2453 1431 2510; x_wconf 84' lang='lat' dir='ltr'><strong>velut</strong></span> <span class='ocrx_word' id='word_1_292' title='bbox 1458 2454 1705 2509; x_wconf 85' lang='lat' dir='ltr'><strong>ordinem</strong></span> <span class='ocrx_word' id='word_1_293' title='bbox 1749 2469 1814 2511; x_wconf 88' lang='lat' dir='ltr'><strong>ac</strong></span> <span class='ocrx_word' id='word_1_294' title='bbox 1866 2457 2067 2513; x_wconf 90' lang='lat' dir='ltr'><strong>seriem</strong></span> 
     </span>
    </p>
   </div>
   <div class='ocr_carea' id='block_1_42' title="bbox 491 2541 2076 2615">
    <p class='ocr_par' dir='ltr' id='par_1_42' title="bbox 491 2541 2076 2615">
     <span class='ocr_line' id='line_1_42' title="bbox 491 2541 2076 2615; baseline 0.005 -20"><span class='ocrx_word' id='word_1_295' title='bbox 491 2541 807 2611; x_wconf 78' lang='lat' dir='ltr'><strong>pusillorum</strong></span> <span class='ocrx_word' id='word_1_296' title='bbox 838 2557 1179 2599; x_wconf 90' lang='lat' dir='ltr'><strong>racemorum</strong></span> <span class='ocrx_word' id='word_1_297' title='bbox 1213 2559 1506 2615; x_wconf 88' lang='lat' dir='ltr'><strong>occupans,</strong></span> <span class='ocrx_word' id='word_1_298' title='bbox 1534 2556 1855 2614; x_wconf 88' lang='lat' dir='ltr'><strong>consumpta</strong></span> <span class='ocrx_word' id='word_1_299' title='bbox 1879 2556 1982 2615; x_wconf 85' lang='lat' dir='ltr'><strong>est,</strong></span> <span class='ocrx_word' id='word_1_300' title='bbox 2019 2555 2076 2603; x_wconf 92' lang='lat' dir='ltr'><strong>et</strong></span> 
     </span>
    </p>
   </div>
   <div class='ocr_carea' id='block_1_43' title="bbox 489 2630 2072 2709">
    <p class='ocr_par' dir='ltr' id='par_1_43' title="bbox 489 2630 2072 2709">
     <span class='ocr_line' id='line_1_43' title="bbox 489 2630 2072 2709; baseline 0.005 -25"><span class='ocrx_word' id='word_1_301' title='bbox 489 2631 872 2702; x_wconf 83' lang='lat' dir='ltr'><strong>paratissimus</strong></span> <span class='ocrx_word' id='word_1_302' title='bbox 924 2630 1138 2689; x_wconf 90' lang='lat' dir='ltr'><strong>Domini</strong></span> <span class='ocrx_word' id='word_1_303' title='bbox 1172 2633 1384 2704; x_wconf 87' lang='lat' dir='ltr'><strong>gladius</strong></span> <span class='ocrx_word' id='word_1_304' title='bbox 1431 2636 1587 2704; x_wconf 83' lang='lat' dir='ltr'><strong>quasi</strong></span> <span class='ocrx_word' id='word_1_305' title='bbox 1643 2637 1753 2692; x_wconf 78' lang='lat' dir='ltr'><strong>falx</strong></span> <span class='ocrx_word' id='word_1_306' title='bbox 1808 2639 2072 2709; x_wconf 79' lang='lat' dir='ltr'><strong>quaepiam</strong></span> 
     </span>
    </p>
   </div>
   <div class='ocr_carea' id='block_1_44' title="bbox 490 2724 2072 2795">
    <p class='ocr_par' dir='ltr' id='par_1_44' title="bbox 490 2724 2072 2795">
     <span class='ocr_line' id='line_1_44' title="bbox 490 2724 2072 2795; baseline 0.003 -15"><span class='ocrx_word' id='word_1_307' title='bbox 490 2737 586 2780; x_wconf 83' lang='lat' dir='ltr'><strong>eos</strong></span> <span class='ocrx_word' id='word_1_308' title='bbox 611 2724 1211 2795; x_wconf 84' lang='lat' dir='ltr'><strong>velutsupervacaneos</strong></span> <span class='ocrx_word' id='word_1_309' title='bbox 1242 2727 1488 2783; x_wconf 85' lang='lat' dir='ltr'><strong>surculos</strong></span> <span class='ocrx_word' id='word_1_310' title='bbox 1535 2727 1799 2783; x_wconf 85' lang='lat' dir='ltr'><strong>detondit.</strong></span> <span class='ocrx_word' id='word_1_311' title='bbox 1847 2728 2072 2786; x_wconf 84' lang='lat' dir='ltr'><strong>Cecide-</strong></span> 
     </span>
    </p>
   </div>
   <div class='ocr_carea' id='block_1_45' title="bbox 490 2816 2077 2886">
    <p class='ocr_par' dir='ltr' id='par_1_45' title="bbox 490 2816 2077 2886">
     <span class='ocr_line' id='line_1_45' title="bbox 490 2816 2077 2886; baseline 0.004 -14"><span class='ocrx_word' id='word_1_312' title='bbox 490 2824 619 2872; x_wconf 80' lang='lat' dir='ltr'><strong>runt</strong></span> <span class='ocrx_word' id='word_1_313' title='bbox 646 2816 815 2881; x_wconf 91' lang='lat' dir='ltr'><strong>enim,</strong></span> <span class='ocrx_word' id='word_1_314' title='bbox 847 2827 904 2871; x_wconf 90' lang='lat' dir='ltr'><strong>ut</strong></span> <span class='ocrx_word' id='word_1_315' title='bbox 929 2818 1067 2883; x_wconf 81' lang='lat' dir='ltr'><strong>dixi,</strong></span> <span class='ocrx_word' id='word_1_316' title='bbox 1118 2819 1293 2886; x_wconf 82' lang='lat' dir='ltr'><strong>angeli</strong></span> <span class='ocrx_word' id='word_1_317' title='bbox 1325 2834 1485 2874; x_wconf 87' lang='lat' dir='ltr'><strong>manu</strong></span> <span class='ocrx_word' id='word_1_318' title='bbox 1520 2821 1795 2885; x_wconf 80' lang='lat' dir='ltr'><strong>exstincti,</strong></span> <span class='ocrx_word' id='word_1_319' title='bbox 1850 2829 1906 2876; x_wconf 91' lang='lat' dir='ltr'><strong>et</strong></span> <span class='ocrx_word' id='word_1_320' title='bbox 1954 2820 2077 2879; x_wconf 79' lang='lat' dir='ltr'><strong>lue-</strong></span> 
     </span>
    </p>
   </div>
   <div class='ocr_carea' id='block_1_46' title="bbox 490 2910 2077 2985">
    <p class='ocr_par' dir='ltr' id='par_1_46' title="bbox 490 2910 2077 2985">
     <span class='ocr_line' id='line_1_46' title="bbox 490 2910 2077 2985; baseline 0.004 -22"><span class='ocrx_word' id='word_1_321' title='bbox 490 2918 622 2963; x_wconf 88' lang='lat' dir='ltr'><strong>runt</strong></span> <span class='ocrx_word' id='word_1_322' title='bbox 663 2910 931 2965; x_wconf 82' lang='lat' dir='ltr'><strong>cadavera</strong></span> <span class='ocrx_word' id='word_1_323' title='bbox 969 2925 1156 2966; x_wconf 88' lang='lat' dir='ltr'><strong>eorum</strong></span> <span class='ocrx_word' id='word_1_324' title='bbox 1202 2911 1407 2967; x_wconf 74' lang='lat' dir='ltr'><strong>delicia:</strong></span> <span class='ocrx_word' id='word_1_325' title='bbox 1449 2913 1822 2968; x_wconf 84' lang='lat' dir='ltr'><strong>animantibus</strong></span> <span class='ocrx_word' id='word_1_326' title='bbox 1853 2913 1968 2985; x_wconf 87' lang='lat' dir='ltr'><strong>agri</strong></span> <span class='ocrx_word' id='word_1_327' title='bbox 2021 2920 2077 2970; x_wconf 86' lang='lat' dir='ltr'><strong>et</strong></span> 
     </span>
    </p>
   </div>
   <div class='ocr_carea' id='block_1_47' title="bbox 491 2999 2073 3072">
    <p class='ocr_par' dir='ltr' id='par_1_47' title="bbox 491 2999 2073 3072">
     <span class='ocr_line' id='line_1_47' title="bbox 491 2999 2073 3072; baseline 0.004 -20"><span class='ocrx_word' id='word_1_328' title='bbox 491 2999 808 3056; x_wconf 78' lang='lat' dir='ltr'><strong>volatilibus</strong></span> <span class='ocrx_word' id='word_1_329' title='bbox 836 3000 984 3056; x_wconf 75' lang='lat' dir='ltr'><strong>cmli.</strong></span> <span class='ocrx_word' id='word_1_330' title='bbox 1010 3001 1105 3055; x_wconf 89' lang='lat' dir='ltr'><strong>Sin</strong></span> <span class='ocrx_word' id='word_1_331' title='bbox 1129 3000 1196 3056; x_wconf 87' lang='lat' dir='ltr'><strong>de</strong></span> <span class='ocrx_word' id='word_1_332' title='bbox 1224 3000 1495 3072; x_wconf 68' lang='lat' dir='ltr'><strong>Egyptiis</strong></span> <span class='ocrx_word' id='word_1_333' title='bbox 1521 3001 1656 3057; x_wconf 80' lang='lat' dir='ltr'><strong>velis</strong></span> <span class='ocrx_word' id='word_1_334' title='bbox 1694 3004 1810 3059; x_wconf 68' lang='lat' dir='ltr'><strong>bare</strong></span> <span class='ocrx_word' id='word_1_335' title='bbox 1832 3003 1962 3067; x_wconf 87' lang='lat' dir='ltr'><strong>dici,</strong></span> <span class='ocrx_word' id='word_1_336' title='bbox 1985 3003 2073 3058; x_wconf 89' lang='lat' dir='ltr'><strong>in-</strong></span> 
     </span>
    </p>
   </div>
   <div class='ocr_carea' id='block_1_48' title="bbox 493 3093 2146 3184">
    <p class='ocr_par' dir='ltr' id='par_1_48' title="bbox 493 3093 2146 3184">
     <span class='ocr_line' id='line_1_48' title="bbox 493 3093 2146 3184; baseline 0.002 -37"><span class='ocrx_word' id='word_1_337' title='bbox 493 3093 1152 3164; x_wconf 78' lang='lat' dir='ltr'><strong>telliges-Assyrios,dum</strong></span> <span class='ocrx_word' id='word_1_338' title='bbox 1177 3107 1298 3148; x_wconf 86' lang='lat' dir='ltr'><strong>eam</strong></span> <span class='ocrx_word' id='word_1_339' title='bbox 1329 3094 1567 3163; x_wconf 87' lang='lat' dir='ltr'><strong>populati</strong></span> <span class='ocrx_word' id='word_1_340' title='bbox 1612 3104 1759 3161; x_wconf 86' lang='lat' dir='ltr'><strong>sunt,</strong></span> <span class='ocrx_word' id='word_1_341' title='bbox 1784 3109 1891 3150; x_wconf 90' lang='lat' dir='ltr'><strong>non</strong></span> <span class='ocrx_word' id='word_1_342' title='bbox 1947 3096 2078 3151; x_wconf 86' lang='lat' dir='ltr'><strong>stir—</strong></span> <span class='ocrx_word' id='word_1_343' title='bbox 2102 3125 2146 3184; x_wconf 67' lang='grc' dir='ltr'>ο</span> 
     </span>
    </p>
   </div>
   <div class='ocr_carea' id='block_1_49' title="bbox 489 3185 2077 3257">
    <p class='ocr_par' dir='ltr' id='par_1_49' title="bbox 489 3185 2077 3257">
     <span class='ocr_line' id='line_1_49' title="bbox 489 3185 2077 3257; baseline 0.003 -18"><span class='ocrx_word' id='word_1_344' title='bbox 489 3186 641 3257; x_wconf 85' lang='lat' dir='ltr'><strong>pitns</strong></span> <span class='ocrx_word' id='word_1_345' title='bbox 663 3200 900 3253; x_wconf 86' lang='lat' dir='ltr'><strong>omnem,</strong></span> <span class='ocrx_word' id='word_1_346' title='bbox 936 3201 1040 3242; x_wconf 88' lang='lat' dir='ltr'><strong>non</strong></span> <span class='ocrx_word' id='word_1_347' title='bbox 1074 3185 1310 3242; x_wconf 89' lang='lat' dir='ltr'><strong>funditus</strong></span> <span class='ocrx_word' id='word_1_348' title='bbox 1337 3185 1694 3241; x_wconf 86' lang='lat' dir='ltr'><strong>internecioni</strong></span> <span class='ocrx_word' id='word_1_349' title='bbox 1718 3187 1950 3253; x_wconf 86' lang='lat' dir='ltr'><strong>dedisse,</strong></span> <span class='ocrx_word' id='word_1_350' title='bbox 1980 3187 2077 3243; x_wconf 89' lang='lat' dir='ltr'><strong>sed</strong></span> 
     </span>
    </p>
   </div>
   <div class='ocr_carea' id='block_1_50' title="bbox 492 3277 2078 3349">
    <p class='ocr_par' dir='ltr' id='par_1_50' title="bbox 492 3277 2078 3349">
     <span class='ocr_line' id='line_1_50' title="bbox 492 3277 2078 3349; baseline 0.001 -15"><span class='ocrx_word' id='word_1_351' title='bbox 492 3278 769 3335; x_wconf 89' lang='lat' dir='ltr'><strong>domicilia</strong></span> <span class='ocrx_word' id='word_1_352' title='bbox 807 3278 935 3333; x_wconf 89' lang='lat' dir='ltr'><strong>bine</strong></span> <span class='ocrx_word' id='word_1_353' title='bbox 959 3277 1084 3333; x_wconf 90' lang='lat' dir='ltr'><strong>inde</strong></span> <span class='ocrx_word' id='word_1_354' title='bbox 1105 3277 1360 3349; x_wconf 80' lang='lat' dir='ltr'><strong>sparsim,</strong></span> <span class='ocrx_word' id='word_1_355' title='bbox 1406 3286 1463 3333; x_wconf 85' lang='lat' dir='ltr'><strong>et</strong></span> <span class='ocrx_word' id='word_1_356' title='bbox 1491 3278 1640 3333; x_wconf 83' lang='lat' dir='ltr'><strong>vicos</strong></span> <span class='ocrx_word' id='word_1_357' title='bbox 1688 3277 1835 3335; x_wconf 83' lang='lat' dir='ltr'><strong>velut</strong></span> <span class='ocrx_word' id='word_1_358' title='bbox 1881 3293 2078 3349; x_wconf 84' lang='lat' dir='ltr'><strong>parvos</strong></span> 
     </span>
    </p>
   </div>
   <div class='ocr_carea' id='block_1_51' title="bbox 489 3370 2075 3442">
    <p class='ocr_par' dir='ltr' id='par_1_51' title="bbox 489 3370 2075 3442">
     <span class='ocr_line' id='line_1_51' title="bbox 489 3370 2075 3442; baseline 0.001 -16"><span class='ocrx_word' id='word_1_359' title='bbox 489 3374 797 3426; x_wconf 81' lang='lat' dir='ltr'><strong>racemulos</strong></span> <span class='ocrx_word' id='word_1_360' title='bbox 837 3370 1016 3442; x_wconf 84' lang='lat' dir='ltr'><strong>gladio</strong></span> <span class='ocrx_word' id='word_1_361' title='bbox 1040 3370 1400 3440; x_wconf 88' lang='lat' dir='ltr'><strong>percussisse,</strong></span> <span class='ocrx_word' id='word_1_362' title='bbox 1429 3370 1496 3423; x_wconf 90' lang='lat' dir='ltr'><strong>ad</strong></span> <span class='ocrx_word' id='word_1_363' title='bbox 1548 3370 1641 3425; x_wconf 89' lang='lat' dir='ltr'><strong>Dei</strong></span> <span class='ocrx_word' id='word_1_364' title='bbox 1698 3370 2075 3428; x_wconf 87' lang='lat' dir='ltr'><strong>misericordis</strong></span> 
     </span>
    </p>
   </div>
   <div class='ocr_carea' id='block_1_52' title="bbox 490 3459 2075 3531">
    <p class='ocr_par' dir='ltr' id='par_1_52' title="bbox 490 3459 2075 3531">
     <span class='ocr_line' id='line_1_52' title="bbox 490 3459 2075 3531; baseline 0.003 -18"><span class='ocrx_word' id='word_1_365' title='bbox 490 3460 599 3513; x_wconf 91' lang='lat' dir='ltr'><strong>iras</strong></span> <span class='ocrx_word' id='word_1_366' title='bbox 618 3460 784 3530; x_wconf 71' lang='lat'><strong>280</strong></span> <span class='ocrx_word' id='word_1_367' title='bbox 812 3475 871 3516; x_wconf 87' lang='lat' dir='ltr'><strong>se</strong></span> <span class='ocrx_word' id='word_1_368' title='bbox 892 3468 1337 3529; x_wconf 88' lang='lat' dir='ltr'><strong>attemperantes,</strong></span> <span class='ocrx_word' id='word_1_369' title='bbox 1365 3459 1456 3530; x_wconf 90' lang='lat' dir='ltr'><strong>qui</strong></span> <span class='ocrx_word' id='word_1_370' title='bbox 1483 3461 1718 3531; x_wconf 86' lang='lat' dir='ltr'><strong>castigat</strong></span> <span class='ocrx_word' id='word_1_371' title='bbox 1741 3461 1958 3531; x_wconf 87' lang='lat' dir='ltr'><strong>quidem</strong></span> <span class='ocrx_word' id='word_1_372' title='bbox 1988 3462 2075 3519; x_wconf 82' lang='lat' dir='ltr'><strong>of-</strong></span> 
     </span>
    </p>
   </div>
   <div class='ocr_carea' id='block_1_53' title="bbox 490 3548 2067 3622">
    <p class='ocr_par' dir='ltr' id='par_1_53' title="bbox 490 3548 2067 3622">
     <span class='ocr_line' id='line_1_53' title="bbox 490 3548 2067 3622; baseline 0.003 -18"><span class='ocrx_word' id='word_1_373' title='bbox 490 3548 792 3618; x_wconf 84' lang='lat' dir='ltr'><strong>fensantes,</strong></span> <span class='ocrx_word' id='word_1_374' title='bbox 823 3565 965 3621; x_wconf 80' lang='lat' dir='ltr'><strong>saepe</strong></span> <span class='ocrx_word' id='word_1_375' title='bbox 995 3562 1173 3607; x_wconf 89' lang='lat' dir='ltr'><strong>tamen</strong></span> <span class='ocrx_word' id='word_1_376' title='bbox 1202 3566 1394 3621; x_wconf 68' lang='lat' dir='ltr'><strong>poenas</strong></span> <span class='ocrx_word' id='word_1_377' title='bbox 1422 3550 1717 3622; x_wconf 89' lang='lat' dir='ltr'><strong>abrumpit,</strong></span> <span class='ocrx_word' id='word_1_378' title='bbox 1751 3567 1850 3609; x_wconf 88' lang='lat' dir='ltr'><strong>uec</strong></span> <span class='ocrx_word' id='word_1_379' title='bbox 1908 3568 2067 3622; x_wconf 87' lang='lat' dir='ltr'><strong>pror-</strong></span> 
     </span>
    </p>
   </div>
   <div class='ocr_carea' id='block_1_54' title="bbox 489 3641 1633 3713">
    <p class='ocr_par' dir='ltr' id='par_1_54' title="bbox 489 3641 1633 3713">
     <span class='ocr_line' id='line_1_54' title="bbox 489 3641 1633 3713; baseline -0.002 -16"><span class='ocrx_word' id='word_1_380' title='bbox 489 3656 584 3697; x_wconf 90' lang='lat' dir='ltr'><strong>sus</strong></span> <span class='ocrx_word' id='word_1_381' title='bbox 623 3643 844 3698; x_wconf 82' lang='lat' dir='ltr'><strong>interire</strong></span> <span class='ocrx_word' id='word_1_382' title='bbox 862 3643 1007 3702; x_wconf 70' lang='lat' dir='ltr'><strong>,sinit</strong></span> <span class='ocrx_word' id='word_1_383' title='bbox 1042 3657 1135 3698; x_wconf 89' lang='lat' dir='ltr'><strong>eos</strong></span> <span class='ocrx_word' id='word_1_384' title='bbox 1159 3643 1248 3713; x_wconf 86' lang='lat' dir='ltr'><strong>qui</strong></span> <span class='ocrx_word' id='word_1_385' title='bbox 1278 3641 1633 3712; x_wconf 87' lang='lat' dir='ltr'><strong>castigantur.</strong></span> 
     </span>
    </p>
   </div>
   <div class='ocr_carea' id='block_1_55' title="bbox 2173 1901 3749 1978">
    <p class='ocr_par' dir='ltr' id='par_1_55' title="bbox 2173 1901 3749 1978">
     <span class='ocr_line' id='line_1_55' title="bbox 2173 1901 3749 1978; baseline -0.006 -16"><span class='ocrx_word' id='word_1_386' title='bbox 2173 1908 2324 1972; x_wconf 80' lang='grc' dir='ltr'>Θεὸς,</span> <span class='ocrx_word' id='word_1_387' title='bbox 2363 1907 2396 1978; x_wconf 80' lang='grc' dir='ltr'>ἢ</span> <span class='ocrx_word' id='word_1_388' title='bbox 2440 1906 2532 1961; x_wconf 66' lang='grc' dir='ltr'><strong>ἐπί</strong></span> <span class='ocrx_word' id='word_1_389' title='bbox 2575 1923 2641 1976; x_wconf 89' lang='grc' dir='ltr'><strong>γε</strong></span> <span class='ocrx_word' id='word_1_390' title='bbox 2680 1907 2794 1969; x_wconf 84' lang='grc' dir='ltr'>τοῖς</span> <span class='ocrx_word' id='word_1_391' title='bbox 2829 1903 3156 1974; x_wconf 80' lang='grc' dir='ltr'>’Δσσυρίοις,</span> <span class='ocrx_word' id='word_1_392' title='bbox 3193 1904 3360 1974; x_wconf 71' lang='grc' dir='ltr'>ἤγουν</span> <span class='ocrx_word' id='word_1_393' title='bbox 3404 1902 3498 1956; x_wconf 74' lang='grc' dir='ltr'><strong>καὶ</strong></span> <span class='ocrx_word' id='word_1_394' title='bbox 3539 1901 3629 1954; x_wconf 71' lang='grc' dir='ltr'><strong>ἐπὶ</strong></span> <span class='ocrx_word' id='word_1_395' title='bbox 3651 1902 3749 1964; x_wconf 86' lang='grc' dir='ltr'><strong>τοίς</strong></span> 
     </span>
    </p>
   </div>
   <div class='ocr_carea' id='block_1_56' title="bbox 2172 1992 3752 2071">
    <p class='ocr_par' dir='ltr' id='par_1_56' title="bbox 2172 1992 3752 2071">
     <span class='ocr_line' id='line_1_56' title="bbox 2172 1992 3752 2071; baseline -0.008 -14"><span class='ocrx_word' id='word_1_396' title='bbox 2172 2000 2513 2071; x_wconf 81' lang='grc' dir='ltr'>Αἰγυπτίοις·</span> <span class='ocrx_word' id='word_1_397' title='bbox 2544 2000 2606 2053; x_wconf 83' lang='grc' dir='ltr'><strong>οὐ</strong></span> <span class='ocrx_word' id='word_1_398' title='bbox 2634 1999 2745 2071; x_wconf 89' lang='grc' dir='ltr'><strong>γάρ</strong></span> <span class='ocrx_word' id='word_1_399' title='bbox 2760 2016 2846 2053; x_wconf 88' lang='grc' dir='ltr'><strong>τοι</strong></span> <span class='ocrx_word' id='word_1_400' title='bbox 2877 1998 2997 2052; x_wconf 89' lang='grc' dir='ltr'>λίαν</span> <span class='ocrx_word' id='word_1_401' title='bbox 3018 1994 3255 2067; x_wconf 75' lang='grc' dir='ltr'>ἐναργὴς</span> <span class='ocrx_word' id='word_1_402' title='bbox 3281 1994 3503 2063; x_wconf 84' lang='grc' dir='ltr'>ὁλόγος,</span> <span class='ocrx_word' id='word_1_403' title='bbox 3534 1993 3667 2046; x_wconf 80' lang='grc' dir='ltr'>κατὰ</span> <span class='ocrx_word' id='word_1_404' title='bbox 3682 1992 3752 2045; x_wconf 84' lang='grc' dir='ltr'><strong>τί·</strong></span> 
     </span>
    </p>
   </div>
   <div class='ocr_carea' id='block_1_57' title="bbox 2173 2083 3751 2161">
    <p class='ocr_par' dir='ltr' id='par_1_57' title="bbox 2173 2083 3751 2161">
     <span class='ocr_line' id='line_1_57' title="bbox 2173 2083 3751 2161; baseline -0.007 -15"><span class='ocrx_word' id='word_1_405' title='bbox 2173 2109 2281 2146; x_wconf 89' lang='grc' dir='ltr'>νων</span> <span class='ocrx_word' id='word_1_406' title='bbox 2305 2090 2370 2145; x_wconf 78' lang='grc' dir='ltr'>ἂν</span> <span class='ocrx_word' id='word_1_407' title='bbox 2404 2090 2474 2144; x_wconf 88' lang='grc' dir='ltr'><strong>ίοι</strong></span> <span class='ocrx_word' id='word_1_408' title='bbox 2496 2090 2592 2144; x_wconf 75' lang='grc' dir='ltr'><strong>καὶ</strong></span> <span class='ocrx_word' id='word_1_409' title='bbox 2620 2090 2838 2161; x_wconf 83' lang='grc' dir='ltr'>φέροιτο</span> <span class='ocrx_word' id='word_1_410' title='bbox 2870 2087 3346 2160; x_wconf 79' lang='grc' dir='ltr'>πρεπωδέστερον.</span> <span class='ocrx_word' id='word_1_411' title='bbox 3372 2084 3557 2155; x_wconf 77' lang='grc' dir='ltr'>Φαμὲν</span> <span class='ocrx_word' id='word_1_412' title='bbox 3574 2084 3655 2155; x_wconf 79' lang='grc' dir='ltr'>δὴ,</span> <span class='ocrx_word' id='word_1_413' title='bbox 3680 2083 3751 2136; x_wconf 80' lang='grc' dir='ltr'>ὅτι</span> 
     </span>
    </p>
   </div>
   <div class='ocr_carea' id='block_1_58' title="bbox 2174 2176 3751 2252">
    <p class='ocr_par' dir='ltr' id='par_1_58' title="bbox 2174 2176 3751 2252">
     <span class='ocr_line' id='line_1_58' title="bbox 2174 2176 3751 2252; baseline -0.005 -17"><span class='ocrx_word' id='word_1_414' title='bbox 2174 2182 2309 2245; x_wconf 78' lang='grc' dir='ltr'>εἴτις</span> <span class='ocrx_word' id='word_1_415' title='bbox 2338 2180 2513 2235; x_wconf 73' lang='grc' dir='ltr'>ἕλοιτο</span> <span class='ocrx_word' id='word_1_416' title='bbox 2552 2183 2692 2235; x_wconf 83' lang='grc' dir='ltr'>νοεῖν</span> <span class='ocrx_word' id='word_1_417' title='bbox 2720 2179 2796 2245; x_wconf 82' lang='grc' dir='ltr'>ὡς</span> <span class='ocrx_word' id='word_1_418' title='bbox 2824 2179 3073 2252; x_wconf 75' lang='grc' dir='ltr'>ἄμπελον</span> <span class='ocrx_word' id='word_1_419' title='bbox 3107 2177 3245 2250; x_wconf 79' lang='grc' dir='ltr'>μίαν</span> <span class='ocrx_word' id='word_1_420' title='bbox 3279 2176 3385 2249; x_wconf 78' lang='grc' dir='ltr'>τὴν</span> <span class='ocrx_word' id='word_1_421' title='bbox 3426 2176 3534 2230; x_wconf 85' lang='grc' dir='ltr'>τῶν</span> <span class='ocrx_word' id='word_1_422' title='bbox 3565 2176 3751 2228; x_wconf 79' lang='grc' dir='ltr'>Ἀσσυ-</span> 
     </span>
    </p>
   </div>
   <div class='ocr_carea' id='block_1_59' title="bbox 2177 2266 3752 2345">
    <p class='ocr_par' dir='ltr' id='par_1_59' title="bbox 2177 2266 3752 2345">
     <span class='ocr_line' id='line_1_59' title="bbox 2177 2266 3752 2345; baseline -0.005 -18"><span class='ocrx_word' id='word_1_423' title='bbox 2177 2273 2311 2345; x_wconf 91' lang='grc' dir='ltr'>ρίων</span> <span class='ocrx_word' id='word_1_424' title='bbox 2357 2271 2590 2344; x_wconf 79' lang='grc' dir='ltr'>πληθὺν,</span> <span class='ocrx_word' id='word_1_425' title='bbox 2623 2271 2724 2344; x_wconf 80' lang='grc' dir='ltr'>τὴν</span> <span class='ocrx_word' id='word_1_426' title='bbox 2767 2273 3212 2344; x_wconf 82' lang='grc' dir='ltr'>πολιορκήσασαν</span> <span class='ocrx_word' id='word_1_427' title='bbox 3257 2269 3362 2339; x_wconf 82' lang='grc' dir='ltr'>τὴν</span> <span class='ocrx_word' id='word_1_428' title='bbox 3399 2269 3562 2338; x_wconf 83' lang='grc' dir='ltr'>ἁγίαν</span> <span class='ocrx_word' id='word_1_429' title='bbox 3595 2266 3752 2329; x_wconf 82' lang='grc' dir='ltr'>πόλιν,</span> 
     </span>
    </p>
   </div>
   <div class='ocr_carea' id='block_1_60' title="bbox 2175 2358 3752 2437">
    <p class='ocr_par' dir='ltr' id='par_1_60' title="bbox 2175 2358 3752 2437">
     <span class='ocr_line' id='line_1_60' title="bbox 2175 2358 3752 2437; baseline -0.005 -18"><span class='ocrx_word' id='word_1_430' title='bbox 2175 2366 2483 2437; x_wconf 80' lang='grc' dir='ltr'>εὑρήσομεν</span> <span class='ocrx_word' id='word_1_431' title='bbox 2526 2364 2608 2419; x_wconf 81' lang='grc' dir='ltr'><strong>ὅτι</strong></span> <span class='ocrx_word' id='word_1_432' title='bbox 2644 2366 2674 2418; x_wconf 90' lang='lat'><strong>6</strong></span> <span class='ocrx_word' id='word_1_433' title='bbox 2721 2364 2897 2435; x_wconf 78' lang='grc' dir='ltr'>μέγας</span> <span class='ocrx_word' id='word_1_434' title='bbox 2937 2366 3001 2418; x_wconf 70' lang='grc' dir='ltr'><strong>δυ</strong></span> <span class='ocrx_word' id='word_1_435' title='bbox 3034 2364 3172 2435; x_wconf 78' lang='grc' dir='ltr'>αὐτῇ</span> <span class='ocrx_word' id='word_1_436' title='bbox 3218 2361 3520 2433; x_wconf 88' lang='grc' dir='ltr'>νοούμενος</span> <span class='ocrx_word' id='word_1_437' title='bbox 3561 2358 3752 2431; x_wconf 80' lang='grc' dir='ltr'><strong>βότρυς,</strong></span> 
     </span>
    </p>
   </div>
   <div class='ocr_carea' id='block_1_61' title="bbox 2174 2451 3755 2527">
    <p class='ocr_par' dir='ltr' id='par_1_61' title="bbox 2174 2451 3755 2527">
     <span class='ocr_line' id='line_1_61' title="bbox 2174 2451 3755 2527; baseline -0.005 -15"><span class='ocrx_word' id='word_1_438' title='bbox 2174 2457 2321 2512; x_wconf 82' lang='grc' dir='ltr'>τοῦτ’</span> <span class='ocrx_word' id='word_1_439' title='bbox 2347 2456 2515 2523; x_wconf 72' lang='grc' dir='ltr'>ἐστιν,</span> <span class='ocrx_word' id='word_1_440' title='bbox 2545 2457 2574 2510; x_wconf 91' lang='lat'><strong>6</strong></span> <span class='ocrx_word' id='word_1_441' title='bbox 2602 2458 2716 2520; x_wconf 86' lang='grc' dir='ltr'>τοῖς</span> <span class='ocrx_word' id='word_1_442' title='bbox 2736 2456 2836 2527; x_wconf 81' lang='grc' dir='ltr'>τῆς</span> <span class='ocrx_word' id='word_1_443' title='bbox 2863 2455 3144 2526; x_wconf 82' lang='grc' dir='ltr'>βασιλείας</span> <span class='ocrx_word' id='word_1_444' title='bbox 3174 2452 3369 2517; x_wconf 81' lang='grc' dir='ltr'>θάκοις</span> <span class='ocrx_word' id='word_1_445' title='bbox 3396 2451 3755 2523; x_wconf 76' lang='grc' dir='ltr'>ὲκλελαμπρυ-</span> 
     </span>
    </p>
   </div>
   <div class='ocr_carea' id='block_1_62' title="bbox 2178 2542 3756 2621">
    <p class='ocr_par' dir='ltr' id='par_1_62' title="bbox 2178 2542 3756 2621">
     <span class='ocr_line' id='line_1_62' title="bbox 2178 2542 3756 2621; baseline -0.006 -17"><span class='ocrx_word' id='word_1_446' title='bbox 2178 2549 2397 2621; x_wconf 80' lang='grc' dir='ltr'>σμένος,</span> <span class='ocrx_word' id='word_1_447' title='bbox 2436 2549 2498 2603; x_wconf 81' lang='grc' dir='ltr'><strong>οὐ</strong></span> <span class='ocrx_word' id='word_1_448' title='bbox 2543 2547 2859 2602; x_wconf 81' lang='grc' dir='ltr'>σννδιόλωλε</span> <span class='ocrx_word' id='word_1_449' title='bbox 2902 2549 3015 2611; x_wconf 84' lang='grc' dir='ltr'>τοῖς</span> <span class='ocrx_word' id='word_1_450' title='bbox 3061 2546 3295 2617; x_wconf 76' lang='grc' dir='ltr'>ἑτέροις,</span> <span class='ocrx_word' id='word_1_451' title='bbox 3336 2543 3475 2599; x_wconf 76' lang='grc' dir='ltr'>ἀλλὰ</span> <span class='ocrx_word' id='word_1_452' title='bbox 3509 2542 3756 2598; x_wconf 75' lang='grc' dir='ltr'>σέσωσται</span> 
     </span>
    </p>
   </div>
   <div class='ocr_carea' id='block_1_63' title="bbox 2182 2629 3756 2711">
    <p class='ocr_par' dir='ltr' id='par_1_63' title="bbox 2182 2629 3756 2711">
     <span class='ocr_line' id='line_1_63' title="bbox 2182 2629 3756 2711; baseline -0.006 -19"><span class='ocrx_word' id='word_1_453' title='bbox 2182 2639 2283 2711; x_wconf 80' lang='grc' dir='ltr'>μὲν</span> <span class='ocrx_word' id='word_1_454' title='bbox 2312 2637 2495 2702; x_wconf 77' lang='grc' dir='ltr'>αὐτὸς,</span> <span class='ocrx_word' id='word_1_455' title='bbox 2526 2637 2925 2706; x_wconf 85' lang='grc' dir='ltr'>δεδαπάνηνται</span> <span class='ocrx_word' id='word_1_456' title='bbox 2961 2635 3021 2689; x_wconf 79' lang='grc' dir='ltr'>δὲ</span> <span class='ocrx_word' id='word_1_457' title='bbox 3044 2634 3119 2698; x_wconf 86' lang='grc' dir='ltr'>ὡς</span> <span class='ocrx_word' id='word_1_458' title='bbox 3153 2636 3210 2688; x_wconf 84' lang='grc' dir='ltr'><strong>ὲν</strong></span> <span class='ocrx_word' id='word_1_459' title='bbox 3235 2633 3396 2699; x_wconf 81' lang='grc' dir='ltr'>τάξει</span> <span class='ocrx_word' id='word_1_460' title='bbox 3430 2632 3539 2687; x_wconf 82' lang='grc' dir='ltr'>τῶν</span> <span class='ocrx_word' id='word_1_461' title='bbox 3571 2629 3756 2703; x_wconf 81' lang='grc' dir='ltr'>μικρῶν</span> 
     </span>
    </p>
   </div>
   <div class='ocr_carea' id='block_1_64' title="bbox 2180 2718 3758 2802">
    <p class='ocr_par' dir='ltr' id='par_1_64' title="bbox 2180 2718 3758 2802">
     <span class='ocr_line' id='line_1_64' title="bbox 2180 2718 3758 2802; baseline -0.014 -17"><span class='ocrx_word' id='word_1_462' title='bbox 2180 2729 2424 2802; x_wconf 83' lang='grc' dir='ltr'>βοτρύων</span> <span class='ocrx_word' id='word_1_463' title='bbox 2448 2729 2482 2799; x_wconf 77' lang='grc' dir='ltr'>ἡ</span> <span class='ocrx_word' id='word_1_464' title='bbox 2509 2727 2673 2800; x_wconf 78' lang='grc' dir='ltr'>ἑτέρα</span> <span class='ocrx_word' id='word_1_465' title='bbox 2695 2726 2926 2797; x_wconf 79' lang='grc' dir='ltr'>πληθὺς,</span> <span class='ocrx_word' id='word_1_466' title='bbox 2954 2725 3051 2779; x_wconf 76' lang='grc' dir='ltr'><strong>καὶ</strong></span> <span class='ocrx_word' id='word_1_467' title='bbox 3072 2718 3183 2779; x_wconf 69' lang='grc' dir='ltr'>οἷον</span> <span class='ocrx_word' id='word_1_468' title='bbox 3210 2723 3328 2780; x_wconf 86' lang='grc' dir='ltr'>τῶν</span> <span class='ocrx_word' id='word_1_469' title='bbox 3360 2724 3630 2797; x_wconf 83' lang='grc' dir='ltr'>περιττῶν</span> <span class='ocrx_word' id='word_1_470' title='bbox 3653 2723 3758 2791; x_wconf 80' lang='grc' dir='ltr'>κλη.</span> 
     </span>
    </p>
   </div>
   <div class='ocr_carea' id='block_1_65' title="bbox 2182 2813 3758 2895">
    <p class='ocr_par' dir='ltr' id='par_1_65' title="bbox 2182 2813 3758 2895">
     <span class='ocr_line' id='line_1_65' title="bbox 2182 2813 3758 2895; baseline -0.008 -17"><span class='ocrx_word' id='word_1_471' title='bbox 2182 2823 2372 2895; x_wconf 84' lang='grc' dir='ltr'>μάτων</span> <span class='ocrx_word' id='word_1_472' title='bbox 2407 2821 2565 2891; x_wconf 86' lang='grc' dir='ltr'>δίκην</span> <span class='ocrx_word' id='word_1_473' title='bbox 2603 2818 2856 2889; x_wconf 87' lang='grc' dir='ltr'>καθάπερ</span> <span class='ocrx_word' id='word_1_474' title='bbox 2884 2819 2990 2872; x_wconf 73' lang='grc' dir='ltr'>τινὶ</span> <span class='ocrx_word' id='word_1_475' title='bbox 3020 2817 3266 2889; x_wconf 81' lang='grc' dir='ltr'>δρεπάνῃ</span> <span class='ocrx_word' id='word_1_476' title='bbox 3308 2816 3650 2886; x_wconf 84' lang='grc' dir='ltr'>περιέκειρεν</span> <span class='ocrx_word' id='word_1_477' title='bbox 3676 2813 3758 2866; x_wconf 81' lang='grc' dir='ltr'><strong>αὑ·</strong></span> 
     </span>
    </p>
   </div>
   <div class='ocr_carea' id='block_1_66' title="bbox 2178 2904 3760 2984">
    <p class='ocr_par' dir='ltr' id='par_1_66' title="bbox 2178 2904 3760 2984">
     <span class='ocr_line' id='line_1_66' title="bbox 2178 2904 3760 2984; baseline -0.009 -15"><span class='ocrx_word' id='word_1_478' title='bbox 2178 2915 2307 2978; x_wconf 78' lang='grc' dir='ltr'>τοὺς</span> <span class='ocrx_word' id='word_1_479' title='bbox 2343 2915 2378 2984; x_wconf 85' lang='grc' dir='ltr'>ὴ</span> <span class='ocrx_word' id='word_1_480' title='bbox 2418 2910 2709 2983; x_wconf 82' lang='grc' dir='ltr'>τομωτάτη</span> <span class='ocrx_word' id='word_1_481' title='bbox 2750 2911 2995 2981; x_wconf 89' lang='grc' dir='ltr'>μάχαιρα</span> <span class='ocrx_word' id='word_1_482' title='bbox 3033 2907 3128 2962; x_wconf 78' lang='grc' dir='ltr'>τοῦ</span> <span class='ocrx_word' id='word_1_483' title='bbox 3167 2908 3409 2981; x_wconf 82' lang='grc' dir='ltr'>Κυρίου.</span> <span class='ocrx_word' id='word_1_484' title='bbox 3453 2904 3760 2961; x_wconf 85' lang='grc' dir='ltr'>Πεπτώκασι</span> 
     </span>
    </p>
   </div>
   <div class='ocr_carea' id='block_1_67' title="bbox 2179 2993 3761 3076">
    <p class='ocr_par' dir='ltr' id='par_1_67' title="bbox 2179 2993 3761 3076">
     <span class='ocr_line' id='line_1_67' title="bbox 2179 2993 3761 3076; baseline -0.008 -18"><span class='ocrx_word' id='word_1_485' title='bbox 2179 3003 2313 3076; x_wconf 80' lang='grc' dir='ltr'>γὰρ,</span> <span class='ocrx_word' id='word_1_486' title='bbox 2339 3004 2416 3067; x_wconf 83' lang='grc' dir='ltr'>ὡς</span> <span class='ocrx_word' id='word_1_487' title='bbox 2438 3002 2596 3074; x_wconf 77' lang='grc' dir='ltr'>ἔφην,</span> <span class='ocrx_word' id='word_1_488' title='bbox 2630 3001 2865 3070; x_wconf 77' lang='grc' dir='ltr'><strong>ἀγγέλου</strong></span> <span class='ocrx_word' id='word_1_489' title='bbox 2893 3000 3040 3073; x_wconf 82' lang='grc' dir='ltr'>χειρί</span> <span class='ocrx_word' id='word_1_490' title='bbox 3064 2999 3483 3071; x_wconf 86' lang='grc' dir='ltr'>δαπανώμενοι,</span> <span class='ocrx_word' id='word_1_491' title='bbox 3510 2998 3603 3052; x_wconf 78' lang='grc' dir='ltr'>καὶ</span> <span class='ocrx_word' id='word_1_492' title='bbox 3626 2993 3761 3065; x_wconf 87' lang='grc' dir='ltr'>γεγό-</span> 
     </span>
    </p>
   </div>
   <div class='ocr_carea' id='block_1_68' title="bbox 2178 3084 3762 3164">
    <p class='ocr_par' dir='ltr' id='par_1_68' title="bbox 2178 3084 3762 3164">
     <span class='ocr_line' id='line_1_68' title="bbox 2178 3084 3762 3164; baseline -0.008 -13"><span class='ocrx_word' id='word_1_493' title='bbox 2178 3111 2334 3151; x_wconf 86' lang='grc' dir='ltr'>νασιν</span> <span class='ocrx_word' id='word_1_494' title='bbox 2352 3093 2535 3148; x_wconf 84' lang='grc' dir='ltr'>αὐτῶν</span> <span class='ocrx_word' id='word_1_495' title='bbox 2583 3092 2656 3146; x_wconf 80' lang='grc' dir='ltr'>τὰ</span> <span class='ocrx_word' id='word_1_496' title='bbox 2704 3090 2975 3164; x_wconf 83' lang='grc' dir='ltr'>πτώματα</span> <span class='ocrx_word' id='word_1_497' title='bbox 3012 3091 3194 3164; x_wconf 83' lang='grc' dir='ltr'>τρυφὴ</span> <span class='ocrx_word' id='word_1_498' title='bbox 3250 3094 3378 3157; x_wconf 84' lang='grc' dir='ltr'>τοῖς</span> <span class='ocrx_word' id='word_1_499' title='bbox 3429 3091 3636 3163; x_wconf 82' lang='grc' dir='ltr'>θηρίοις</span> <span class='ocrx_word' id='word_1_500' title='bbox 3682 3084 3762 3140; x_wconf 75' lang='grc' dir='ltr'>τοῦ</span> 
     </span>
    </p>
   </div>
   <div class='ocr_carea' id='block_1_69' title="bbox 2177 3181 3762 3259">
    <p class='ocr_par' dir='ltr' id='par_1_69' title="bbox 2177 3181 3762 3259">
     <span class='ocr_line' id='line_1_69' title="bbox 2177 3181 3762 3259; baseline -0.003 -16"><span class='ocrx_word' id='word_1_501' title='bbox 2177 3186 2372 3259; x_wconf 81' lang='grc' dir='ltr'>ἀγροῦ,</span> <span class='ocrx_word' id='word_1_502' title='bbox 2406 3186 2503 3240; x_wconf 79' lang='grc' dir='ltr'><strong>καὶ</strong></span> <span class='ocrx_word' id='word_1_503' title='bbox 2540 3187 2652 3249; x_wconf 81' lang='grc' dir='ltr'>τοῖς</span> <span class='ocrx_word' id='word_1_504' title='bbox 2690 3186 2958 3247; x_wconf 80' lang='grc' dir='ltr'>πετεινοῖς</span> <span class='ocrx_word' id='word_1_505' title='bbox 2984 3183 3077 3239; x_wconf 79' lang='grc' dir='ltr'><strong>τοῦ</strong></span> <span class='ocrx_word' id='word_1_506' title='bbox 3108 3184 3374 3255; x_wconf 79' lang='grc' dir='ltr'>ούρανοῦ.</span> <span class='ocrx_word' id='word_1_507' title='bbox 3409 3185 3476 3237; x_wconf 91' lang='grc' dir='ltr'>Εἰ</span> <span class='ocrx_word' id='word_1_508' title='bbox 3507 3182 3566 3236; x_wconf 84' lang='grc' dir='ltr'>δὲ</span> <span class='ocrx_word' id='word_1_509' title='bbox 3597 3181 3656 3251; x_wconf 81' lang='grc' dir='ltr'>δή</span> <span class='ocrx_word' id='word_1_510' title='bbox 3690 3194 3762 3239; x_wconf 76' lang='grc' dir='ltr'>τις</span> 
     </span>
    </p>
   </div>
   <div class='ocr_carea' id='block_1_70' title="bbox 2180 3268 3764 3351">
    <p class='ocr_par' dir='ltr' id='par_1_70' title="bbox 2180 3268 3764 3351">
     <span class='ocr_line' id='line_1_70' title="bbox 2180 3268 3764 3351; baseline -0.008 -18"><span class='ocrx_word' id='word_1_511' title='bbox 2180 3278 2426 3351; x_wconf 89' lang='grc' dir='ltr'>βούλοιτο</span> <span class='ocrx_word' id='word_1_512' title='bbox 2453 3277 2549 3331; x_wconf 77' lang='grc' dir='ltr'>καὶ</span> <span class='ocrx_word' id='word_1_513' title='bbox 2577 3275 2671 3330; x_wconf 68' lang='grc' dir='ltr'>ἐπὶ</span> <span class='ocrx_word' id='word_1_514' title='bbox 2701 3278 2814 3339; x_wconf 86' lang='grc' dir='ltr'>τοῖς</span> <span class='ocrx_word' id='word_1_515' title='bbox 2835 3274 3158 3345; x_wconf 77' lang='grc' dir='ltr'>Αἰγυπτίοις</span> <span class='ocrx_word' id='word_1_516' title='bbox 3185 3274 3458 3345; x_wconf 79' lang='grc' dir='ltr'>εἰρῆσθαι</span> <span class='ocrx_word' id='word_1_517' title='bbox 3482 3273 3658 3341; x_wconf 81' lang='grc' dir='ltr'>λέγειν</span> <span class='ocrx_word' id='word_1_518' title='bbox 3685 3268 3764 3322; x_wconf 82' lang='grc' dir='ltr'>αύ-</span> 
     </span>
    </p>
   </div>
   <div class='ocr_carea' id='block_1_71' title="bbox 2178 3362 3767 3439">
    <p class='ocr_par' dir='ltr' id='par_1_71' title="bbox 2178 3362 3767 3439">
     <span class='ocr_line' id='line_1_71' title="bbox 2178 3362 3767 3439; baseline -0.007 -16"><span class='ocrx_word' id='word_1_519' title='bbox 2178 3368 2271 3437; x_wconf 82' lang='grc' dir='ltr'>τὰ,</span> <span class='ocrx_word' id='word_1_520' title='bbox 2308 3368 2565 3439; x_wconf 82' lang='grc' dir='ltr'>συνήσεις</span> <span class='ocrx_word' id='word_1_521' title='bbox 2610 3368 2693 3421; x_wconf 80' lang='grc' dir='ltr'>ὅτι</span> <span class='ocrx_word' id='word_1_522' title='bbox 2737 3366 3137 3439; x_wconf 72' lang='grc' dir='ltr'>καταδῃοῦντες</span> <span class='ocrx_word' id='word_1_523' title='bbox 3183 3366 3372 3438; x_wconf 78' lang='grc' dir='ltr'>αὐτὴν</span> <span class='ocrx_word' id='word_1_524' title='bbox 3402 3368 3454 3420; x_wconf 82' lang='grc' dir='ltr'>οἰ</span> <span class='ocrx_word' id='word_1_525' title='bbox 3493 3362 3767 3431; x_wconf 80' lang='grc' dir='ltr'>’Λσσύριοι,</span> 
     </span>
    </p>
   </div>
   <div class='ocr_carea' id='block_1_72' title="bbox 2176 3452 3767 3532">
    <p class='ocr_par' dir='ltr' id='par_1_72' title="bbox 2176 3452 3767 3532">
     <span class='ocr_line' id='line_1_72' title="bbox 2176 3452 3767 3532; baseline -0.005 -16"><span class='ocrx_word' id='word_1_526' title='bbox 2176 3462 2279 3516; x_wconf 81' lang='grc' dir='ltr'>οὐκ</span> <span class='ocrx_word' id='word_1_527' title='bbox 2299 3460 2468 3531; x_wconf 78' lang='grc' dir='ltr'>ἄρδην</span> <span class='ocrx_word' id='word_1_528' title='bbox 2502 3461 2744 3525; x_wconf 77' lang='grc' dir='ltr'>ἃπασαν,</span> <span class='ocrx_word' id='word_1_529' title='bbox 2776 3457 2901 3513; x_wconf 72' lang='grc' dir='ltr'>οὔτε</span> <span class='ocrx_word' id='word_1_530' title='bbox 2933 3458 3039 3530; x_wconf 59' lang='grc' dir='ltr'>μὴν</span> <span class='ocrx_word' id='word_1_531' title='bbox 3070 3459 3392 3532; x_wconf 81' lang='grc' dir='ltr'>ὁλοσχερῶς</span> <span class='ocrx_word' id='word_1_532' title='bbox 3413 3457 3643 3518; x_wconf 80' lang='grc' dir='ltr'><strong>ἀνεῖλον.</strong></span> <span class='ocrx_word' id='word_1_533' title='bbox 3670 3452 3767 3509; x_wconf 78' lang='grc' dir='ltr'><strong>ἀλλ’</strong></span> 
     </span>
    </p>
   </div>
   <div class='ocr_carea' id='block_1_73' title="bbox 2172 3544 3770 3627">
    <p class='ocr_par' dir='ltr' id='par_1_73' title="bbox 2172 3544 3770 3627">
     <span class='ocr_line' id='line_1_73' title="bbox 2172 3544 3770 3627; baseline -0.008 -17"><span class='ocrx_word' id='word_1_534' title='bbox 2172 3553 2284 3611; x_wconf 78' lang='grc' dir='ltr'>οἷον</span> <span class='ocrx_word' id='word_1_535' title='bbox 2315 3555 2530 3627; x_wconf 84' lang='grc' dir='ltr'>μικροῖς</span> <span class='ocrx_word' id='word_1_536' title='bbox 2555 3552 2852 3624; x_wconf 89' lang='grc' dir='ltr'>βοτρυδίοις</span> <span class='ocrx_word' id='word_1_537' title='bbox 2870 3553 2989 3614; x_wconf 85' lang='grc' dir='ltr'>ταῖς</span> <span class='ocrx_word' id='word_1_538' title='bbox 3007 3549 3149 3605; x_wconf 82' lang='grc' dir='ltr'>κατὰ</span> <span class='ocrx_word' id='word_1_539' title='bbox 3176 3550 3392 3615; x_wconf 79' lang='grc' dir='ltr'>τόπους</span> <span class='ocrx_word' id='word_1_540' title='bbox 3418 3544 3770 3620; x_wconf 80' lang='grc' dir='ltr'>συνοικ[ε]ίαις</span> 
     </span>
    </p>
   </div>
   <div class='ocr_carea' id='block_1_74' title="bbox 2178 3641 3781 3717">
    <p class='ocr_par' dir='ltr' id='par_1_74' title="bbox 2178 3641 3781 3717">
     <span class='ocr_line' id='line_1_74' title="bbox 2178 3641 3781 3717; baseline -0.007 -15"><span class='ocrx_word' id='word_1_541' title='bbox 2178 3646 2213 3717; x_wconf 80' lang='grc' dir='ltr'><strong>ἢ</strong></span> <span class='ocrx_word' id='word_1_542' title='bbox 2255 3646 2471 3717; x_wconf 88' lang='grc' dir='ltr'>κώμαις</span> <span class='ocrx_word' id='word_1_543' title='bbox 2508 3642 2839 3714; x_wconf 79' lang='grc' dir='ltr'>ἐπαφιέντες</span> <span class='ocrx_word' id='word_1_544' title='bbox 2878 3641 2975 3713; x_wconf 83' lang='grc' dir='ltr'>τὴν</span> <span class='ocrx_word' id='word_1_545' title='bbox 3020 3642 3332 3714; x_wconf 85' lang='grc' dir='ltr'>μάχαιραν,</span> <span class='ocrx_word' id='word_1_546' title='bbox 3379 3642 3781 3715; x_wconf 82' lang='grc' dir='ltr'>συνεμέτρησαν-</span> 
     </span>
    </p>
   </div>
   <div class='ocr_carea' id='block_1_75' title="bbox 487 3733 3775 3813">
    <p class='ocr_par' dir='ltr' id='par_1_75' title="bbox 487 3733 3775 3813">
     <span class='ocr_line' id='line_1_75' title="bbox 487 3733 3775 3813; baseline 0 -21"><span class='ocrx_word' id='word_1_547' title='bbox 487 3739 616 3802; x_wconf 72' lang='grc' dir='ltr'>τοὺς</span> <span class='ocrx_word' id='word_1_548' title='bbox 656 3737 863 3811; x_wconf 81' lang='grc' dir='ltr'>θυμοὺς</span> <span class='ocrx_word' id='word_1_549' title='bbox 903 3738 999 3794; x_wconf 81' lang='grc' dir='ltr'>τοῦ</span> <span class='ocrx_word' id='word_1_550' title='bbox 1032 3738 1499 3811; x_wconf 84' lang='grc' dir='ltr'>φιλοικτείρμονος</span> <span class='ocrx_word' id='word_1_551' title='bbox 1539 3739 1699 3806; x_wconf 79' lang='grc' dir='ltr'>Θεοῦ,</span> <span class='ocrx_word' id='word_1_552' title='bbox 1764 3738 2113 3806; x_wconf 84' lang='grc' dir='ltr'>παιδεύοντος</span> <span class='ocrx_word' id='word_1_553' title='bbox 2177 3741 2276 3813; x_wconf 84' lang='grc' dir='ltr'>μὲν</span> <span class='ocrx_word' id='word_1_554' title='bbox 2319 3740 2447 3806; x_wconf 83' lang='grc' dir='ltr'>τοὺς</span> <span class='ocrx_word' id='word_1_555' title='bbox 2490 3738 2953 3813; x_wconf 88' lang='grc' dir='ltr'>προσκρούοντας,</span> <span class='ocrx_word' id='word_1_556' title='bbox 2984 3736 3353 3803; x_wconf 72' lang='grc' dir='ltr'>κολοὸοὖντος</span> <span class='ocrx_word' id='word_1_557' title='bbox 3384 3738 3447 3793; x_wconf 79' lang='grc' dir='ltr'>δὲ</span> <span class='ocrx_word' id='word_1_558' title='bbox 3476 3733 3775 3793; x_wconf 77' lang='grc' dir='ltr'>πλειστάκις</span> 
     </span>
    </p>
   </div>
   <div class='ocr_carea' id='block_1_76' title="bbox 418 3828 2574 3904">
    <p class='ocr_par' dir='ltr' id='par_1_76' title="bbox 418 3828 2574 3904">
     <span class='ocr_line' id='line_1_76' title="bbox 418 3828 2574 3904; baseline 0.002 -24"><span class='ocrx_word' id='word_1_559' title='bbox 418 3885 427 3894; x_wconf 37' lang='grc' dir='ltr'><strong>η</strong></span> <span class='ocrx_word' id='word_1_560' title='bbox 487 3828 591 3892; x_wconf 84' lang='grc' dir='ltr'>τὰς</span> <span class='ocrx_word' id='word_1_561' title='bbox 617 3828 796 3893; x_wconf 83' lang='grc' dir='ltr'>δίκας,</span> <span class='ocrx_word' id='word_1_562' title='bbox 819 3829 915 3883; x_wconf 68' lang='grc' dir='ltr'><strong>καὶ</strong></span> <span class='ocrx_word' id='word_1_563' title='bbox 943 3830 1044 3883; x_wconf 85' lang='grc' dir='ltr'>οὐκ</span> <span class='ocrx_word' id='word_1_564' title='bbox 1075 3829 1159 3893; x_wconf 88' lang='grc' dir='ltr'><strong>εἰς</strong></span> <span class='ocrx_word' id='word_1_565' title='bbox 1182 3828 1328 3883; x_wconf 71' lang='grc' dir='ltr'>ἅπαν</span> <span class='ocrx_word' id='word_1_566' title='bbox 1360 3829 1560 3895; x_wconf 75' lang='grc' dir='ltr'>ἐῶντος</span> <span class='ocrx_word' id='word_1_567' title='bbox 1588 3830 1926 3887; x_wconf 84' lang='grc' dir='ltr'>ἀπόλλυσθαι</span> <span class='ocrx_word' id='word_1_568' title='bbox 1956 3833 2086 3895; x_wconf 76' lang='grc' dir='ltr'>τοὺς</span> <span class='ocrx_word' id='word_1_569' title='bbox 2124 3831 2574 3904; x_wconf 80' lang='grc' dir='ltr'>παιδευομένους.</span> 
     </span>
    </p>
   </div>
   <div class='ocr_carea' id='block_1_77' title="bbox 565 3920 2066 3990">
    <p class='ocr_par' dir='ltr' id='par_1_77' title="bbox 565 3920 2066 3990">
     <span class='ocr_line' id='line_1_77' title="bbox 565 3920 2066 3990; baseline 0.003 -15"><span class='ocrx_word' id='word_1_570' title='bbox 565 3921 726 3976; x_wconf 80' lang='lat' dir='ltr'><strong>Vens.</strong></span> <span class='ocrx_word' id='word_1_571' title='bbox 759 3921 811 3974; x_wconf 88' lang='lat'><strong>7.</strong></span> <span class='ocrx_word' id='word_1_572' title='bbox 846 3920 913 3974; x_wconf 87' lang='lat' dir='ltr'><strong>In</strong></span> <span class='ocrx_word' id='word_1_573' title='bbox 966 3931 1194 3990; x_wconf 86' lang='lat' dir='ltr'><strong>tempore</strong></span> <span class='ocrx_word' id='word_1_574' title='bbox 1231 3921 1324 3974; x_wconf 83' lang='lat' dir='ltr'><strong>illo</strong></span> <span class='ocrx_word' id='word_1_575' title='bbox 1349 3923 1678 3978; x_wconf 81' lang='lat' dir='ltr'><strong>adducentur</strong></span> <span class='ocrx_word' id='word_1_576' title='bbox 1700 3941 1920 3981; x_wconf 82' lang='lat' dir='ltr'><strong>munera</strong></span> <span class='ocrx_word' id='word_1_577' title='bbox 1956 3925 2066 3980; x_wconf 87' lang='lat' dir='ltr'><strong>Do-</strong></span> 
     </span>
    </p>
   </div>
   <div class='ocr_carea' id='block_1_78' title="bbox 488 4011 2068 4087">
    <p class='ocr_par' dir='ltr' id='par_1_78' title="bbox 488 4011 2068 4087">
     <span class='ocr_line' id='line_1_78' title="bbox 488 4011 2068 4087; baseline 0.001 -20"><span class='ocrx_word' id='word_1_578' title='bbox 488 4015 633 4068; x_wconf 85' lang='lat' dir='ltr'><strong>mino</strong></span> <span class='ocrx_word' id='word_1_579' title='bbox 668 4011 900 4068; x_wconf 75' lang='lat' dir='ltr'><strong>Sabaoth</strong></span> <span class='ocrx_word' id='word_1_580' title='bbox 924 4030 955 4067; x_wconf 81' lang='grc' dir='ltr'><strong>α</strong></span> <span class='ocrx_word' id='word_1_581' title='bbox 984 4012 1177 4083; x_wconf 85' lang='lat' dir='ltr'><strong>populo</strong></span> <span class='ocrx_word' id='word_1_582' title='bbox 1202 4014 1389 4084; x_wconf 75' lang='lat' dir='ltr'><strong>aﬂiicto</strong></span> <span class='ocrx_word' id='word_1_583' title='bbox 1421 4025 1467 4067; x_wconf 84' lang='lat' dir='ltr'><strong><em>et</em></strong></span> <span class='ocrx_word' id='word_1_584' title='bbox 1502 4014 1706 4084; x_wconf 76' lang='lat' dir='ltr'><strong>avulso,</strong></span> <span class='ocrx_word' id='word_1_585' title='bbox 1739 4025 1788 4071; x_wconf 84' lang='lat' dir='ltr'><strong>et</strong></span> <span class='ocrx_word' id='word_1_586' title='bbox 1814 4033 1847 4071; x_wconf 86' lang='grc' dir='ltr'><strong>α</strong></span> <span class='ocrx_word' id='word_1_587' title='bbox 1878 4016 2068 4087; x_wconf 78' lang='lat' dir='ltr'><strong>populo</strong></span> 
     </span>
    </p>
   </div>
   <div class='ocr_carea' id='block_1_79' title="bbox 486 4104 2068 4177">
    <p class='ocr_par' dir='ltr' id='par_1_79' title="bbox 486 4104 2068 4177">
     <span class='ocr_line' id='line_1_79' title="bbox 486 4104 2068 4177; baseline 0.003 -18"><span class='ocrx_word' id='word_1_588' title='bbox 486 4123 698 4176; x_wconf 74' lang='lat' dir='ltr'><strong>magno,</strong></span> <span class='ocrx_word' id='word_1_589' title='bbox 725 4106 967 4175; x_wconf 82' lang='lat' dir='ltr'><strong>deinceps</strong></span> <span class='ocrx_word' id='word_1_590' title='bbox 1000 4115 1048 4159; x_wconf 88' lang='lat' dir='ltr'><strong>et</strong></span> <span class='ocrx_word' id='word_1_591' title='bbox 1102 4105 1158 4159; x_wconf 89' lang='lat' dir='ltr'><strong>in</strong></span> <span class='ocrx_word' id='word_1_592' title='bbox 1202 4107 1567 4161; x_wconf 78' lang='lat' dir='ltr'><strong>wternitutem.</strong></span> <span class='ocrx_word' id='word_1_593' title='bbox 1601 4104 1738 4163; x_wconf 85' lang='lat' dir='ltr'><strong>Gens</strong></span> <span class='ocrx_word' id='word_1_594' title='bbox 1773 4125 1989 4177; x_wconf 76' lang='lat' dir='ltr'><strong>sperans</strong></span> <span class='ocrx_word' id='word_1_595' title='bbox 2019 4118 2068 4163; x_wconf 88' lang='lat' dir='ltr'><strong>et</strong></span> 
     </span>
    </p>
   </div>
   <div class='ocr_carea' id='block_1_80' title="bbox 487 4194 2066 4269">
    <p class='ocr_par' dir='ltr' id='par_1_80' title="bbox 487 4194 2066 4269">
     <span class='ocr_line' id='line_1_80' title="bbox 487 4194 2066 4269; baseline 0.005 -24"><span class='ocrx_word' id='word_1_596' title='bbox 487 4194 817 4257; x_wconf 71' lang='lat' dir='ltr'><strong>conculcata,</strong></span> <span class='ocrx_word' id='word_1_597' title='bbox 862 4209 980 4263; x_wconf 73' lang='lat' dir='ltr'><strong>qua:</strong></span> <span class='ocrx_word' id='word_1_598' title='bbox 1008 4203 1081 4247; x_wconf 87' lang='lat' dir='ltr'><strong>est</strong></span> <span class='ocrx_word' id='word_1_599' title='bbox 1109 4194 1163 4246; x_wconf 85' lang='lat' dir='ltr'><strong>in</strong></span> <span class='ocrx_word' id='word_1_600' title='bbox 1200 4205 1350 4262; x_wconf 83' lang='lat' dir='ltr'><strong>parte</strong></span> <span class='ocrx_word' id='word_1_601' title='bbox 1390 4196 1541 4265; x_wconf 79' lang='lat' dir='ltr'><strong>ﬂuvii</strong></span> <span class='ocrx_word' id='word_1_602' title='bbox 1563 4199 1790 4268; x_wconf 81' lang='lat' dir='ltr'><strong>regionis</strong></span> <span class='ocrx_word' id='word_1_603' title='bbox 1840 4199 1978 4269; x_wconf 86' lang='lat' dir='ltr'><strong>ejus,</strong></span> <span class='ocrx_word' id='word_1_604' title='bbox 2013 4200 2066 4253; x_wconf 85' lang='lat' dir='ltr'><strong>in</strong></span> 
     </span>
    </p>
   </div>
   <div class='ocr_carea' id='block_1_81' title="bbox 487 4283 2069 4347">
    <p class='ocr_par' dir='ltr' id='par_1_81' title="bbox 487 4283 2069 4347">
     <span class='ocr_line' id='line_1_81' title="bbox 487 4283 2069 4347; baseline 0.008 -12"><span class='ocrx_word' id='word_1_605' title='bbox 487 4283 602 4339; x_wconf 84' lang='lat' dir='ltr'><strong>loco</strong></span> <span class='ocrx_word' id='word_1_606' title='bbox 624 4285 711 4339; x_wconf 84' lang='lat' dir='ltr'><strong>ubi</strong></span> <span class='ocrx_word' id='word_1_607' title='bbox 740 4300 925 4340; x_wconf 85' lang='lat' dir='ltr'><strong>nomen</strong></span> <span class='ocrx_word' id='word_1_608' title='bbox 945 4284 1159 4341; x_wconf 86' lang='lat' dir='ltr'><strong>Domini</strong></span> <span class='ocrx_word' id='word_1_609' title='bbox 1191 4285 1427 4343; x_wconf 80' lang='lat' dir='ltr'><strong>Sabaoth</strong></span> <span class='ocrx_word' id='word_1_610' title='bbox 1464 4290 1759 4346; x_wconf 76' lang='lat' dir='ltr'><strong>invocatum</strong></span> <span class='ocrx_word' id='word_1_611' title='bbox 1800 4303 1876 4347; x_wconf 85' lang='lat' dir='ltr'><strong>est</strong></span> <span class='ocrx_word' id='word_1_612' title='bbox 1918 4308 2069 4347; x_wconf 78' lang='lat' dir='ltr'><strong>mons</strong></span> 
     </span>
    </p>
   </div>
   <div class='ocr_carea' id='block_1_82' title="bbox 488 4373 644 4433">
    <p class='ocr_par' dir='ltr' id='par_1_82' title="bbox 488 4373 644 4433">
     <span class='ocr_line' id='line_1_82' title="bbox 488 4373 644 4433; baseline 0.013 -2"><span class='ocrx_word' id='word_1_613' title='bbox 488 4373 644 4433; x_wconf 81' lang='lat' dir='ltr'><strong>Sion.</strong></span> 
     </span>
    </p>
   </div>
   <div class='ocr_carea' id='block_1_83' title="bbox 554 4555 2073 4630">
    <p class='ocr_par' dir='ltr' id='par_1_83' title="bbox 554 4555 2073 4630">
     <span class='ocr_line' id='line_1_83' title="bbox 554 4555 2073 4630; baseline 0 -19"><span class='ocrx_word' id='word_1_614' title='bbox 554 4555 692 4611; x_wconf 88' lang='lat' dir='ltr'><strong>Cum</strong></span> <span class='ocrx_word' id='word_1_615' title='bbox 722 4569 785 4611; x_wconf 90' lang='lat' dir='ltr'><strong>ea</strong></span> <span class='ocrx_word' id='word_1_616' title='bbox 821 4570 942 4626; x_wconf 65' lang='lat' dir='ltr'><strong>quae</strong></span> <span class='ocrx_word' id='word_1_617' title='bbox 970 4556 1023 4611; x_wconf 84' lang='lat' dir='ltr'><strong>in</strong></span> <span class='ocrx_word' id='word_1_618' title='bbox 1053 4555 1195 4612; x_wconf 85' lang='lat' dir='ltr'><strong>bello</strong></span> <span class='ocrx_word' id='word_1_619' title='bbox 1241 4569 1503 4615; x_wconf 81' lang='lat' dir='ltr'><strong>eventura</strong></span> <span class='ocrx_word' id='word_1_620' title='bbox 1537 4568 1698 4615; x_wconf 87' lang='lat' dir='ltr'><strong>erant</strong></span> <span class='ocrx_word' id='word_1_621' title='bbox 1733 4559 1865 4615; x_wconf 90' lang='lat' dir='ltr'><strong>olim</strong></span> <span class='ocrx_word' id='word_1_622' title='bbox 1897 4557 2073 4630; x_wconf 61' lang='lat' dir='ltr'><strong>Egy-</strong></span> 
     </span>
    </p>
   </div>
   <div class='ocr_carea' id='block_1_84' title="bbox 482 4645 2072 4719">
    <p class='ocr_par' dir='ltr' id='par_1_84' title="bbox 482 4645 2072 4719">
     <span class='ocr_line' id='line_1_84' title="bbox 482 4645 2072 4719; baseline 0.001 -19"><span class='ocrx_word' id='word_1_623' title='bbox 482 4647 601 4719; x_wconf 90' lang='lat' dir='ltr'><strong>ptio</strong></span> <span class='ocrx_word' id='word_1_624' title='bbox 645 4647 842 4717; x_wconf 90' lang='lat' dir='ltr'><strong>populo</strong></span> <span class='ocrx_word' id='word_1_625' title='bbox 903 4645 1266 4718; x_wconf 84' lang='lat' dir='ltr'><strong>pulcherrime</strong></span> <span class='ocrx_word' id='word_1_626' title='bbox 1310 4649 1682 4715; x_wconf 85' lang='lat' dir='ltr'><strong>edisseruerit,</strong></span> <span class='ocrx_word' id='word_1_627' title='bbox 1739 4648 2072 4704; x_wconf 90' lang='lat' dir='ltr'><strong>mentionem</strong></span> 
     </span>
    </p>
   </div>
   <div class='ocr_carea' id='block_1_85' title="bbox 484 4736 2072 4807">
    <p class='ocr_par' dir='ltr' id='par_1_85' title="bbox 484 4736 2072 4807">
     <span class='ocr_line' id='line_1_85' title="bbox 484 4736 2072 4807; baseline 0.001 -17"><span class='ocrx_word' id='word_1_628' title='bbox 484 4736 619 4791; x_wconf 85' lang='lat' dir='ltr'><strong>facit</strong></span> <span class='ocrx_word' id='word_1_629' title='bbox 655 4737 913 4807; x_wconf 89' lang='lat' dir='ltr'><strong>deinceps</strong></span> <span class='ocrx_word' id='word_1_630' title='bbox 934 4738 1097 4792; x_wconf 89' lang='lat' dir='ltr'><strong>etiam</strong></span> <span class='ocrx_word' id='word_1_631' title='bbox 1132 4740 1508 4796; x_wconf 83' lang='lat' dir='ltr'><strong>conversionis</strong></span> <span class='ocrx_word' id='word_1_632' title='bbox 1536 4740 1602 4793; x_wconf 90' lang='lat' dir='ltr'><strong>ad</strong></span> <span class='ocrx_word' id='word_1_633' title='bbox 1635 4737 1826 4802; x_wconf 87' lang='lat' dir='ltr'><strong>Deum.</strong></span> <span class='ocrx_word' id='word_1_634' title='bbox 1847 4744 1902 4793; x_wconf 91' lang='lat' dir='ltr'><strong>et</strong></span> <span class='ocrx_word' id='word_1_635' title='bbox 1928 4737 2072 4806; x_wconf 89' lang='lat' dir='ltr'><strong>quod</strong></span> 
     </span>
    </p>
   </div>
   <div class='ocr_carea' id='block_1_86' title="bbox 482 4827 2070 4900">
    <p class='ocr_par' dir='ltr' id='par_1_86' title="bbox 482 4827 2070 4900">
     <span class='ocr_line' id='line_1_86' title="bbox 482 4827 2070 4900; baseline 0.001 -19"><span class='ocrx_word' id='word_1_636' title='bbox 482 4828 713 4897; x_wconf 87' lang='lat' dir='ltr'><strong>pristina</strong></span> <span class='ocrx_word' id='word_1_637' title='bbox 768 4827 970 4884; x_wconf 89' lang='lat' dir='ltr'><strong>erroris</strong></span> <span class='ocrx_word' id='word_1_638' title='bbox 1000 4829 1233 4900; x_wconf 78' lang='lat' dir='ltr'><strong>caligine</strong></span> <span class='ocrx_word' id='word_1_639' title='bbox 1279 4832 1350 4886; x_wconf 87' lang='lat' dir='ltr'><strong>ab</strong></span> <span class='ocrx_word' id='word_1_640' title='bbox 1372 4829 1547 4887; x_wconf 90' lang='lat' dir='ltr'><strong>oculis</strong></span> <span class='ocrx_word' id='word_1_641' title='bbox 1591 4827 1757 4882; x_wconf 89' lang='lat' dir='ltr'><strong>animi</strong></span> <span class='ocrx_word' id='word_1_642' title='bbox 1798 4828 2070 4898; x_wconf 87' lang='lat' dir='ltr'><strong>ablegata,</strong></span> 
     </span>
    </p>
   </div>
   <div class='ocr_carea' id='block_1_87' title="bbox 483 4918 2069 4989">
    <p class='ocr_par' dir='ltr' id='par_1_87' title="bbox 483 4918 2069 4989">
     <span class='ocr_line' id='line_1_87' title="bbox 483 4918 2069 4989; baseline -0.001 -14"><span class='ocrx_word' id='word_1_643' title='bbox 483 4930 540 4975; x_wconf 92' lang='lat' dir='ltr'><strong>et</strong></span> <span class='ocrx_word' id='word_1_644' title='bbox 561 4919 880 4974; x_wconf 70' lang='lat' dir='ltr'><strong>idololatriae</strong></span> <span class='ocrx_word' id='word_1_645' title='bbox 914 4923 1031 4976; x_wconf 84' lang='lat' dir='ltr'><strong>vale</strong></span> <span class='ocrx_word' id='word_1_646' title='bbox 1063 4922 1228 4989; x_wconf 90' lang='lat' dir='ltr'><strong>dicto,</strong></span> <span class='ocrx_word' id='word_1_647' title='bbox 1275 4921 1344 4977; x_wconf 90' lang='lat' dir='ltr'><strong>ad</strong></span> <span class='ocrx_word' id='word_1_648' title='bbox 1400 4920 1628 4976; x_wconf 85' lang='lat' dir='ltr'><strong>meliora</strong></span> <span class='ocrx_word' id='word_1_649' title='bbox 1662 4934 1722 4974; x_wconf 94' lang='lat' dir='ltr'><strong>se</strong></span> <span class='ocrx_word' id='word_1_650' title='bbox 1765 4918 2069 4985; x_wconf 89' lang='lat' dir='ltr'><strong>conferent,</strong></span> 
     </span>
    </p>
   </div>
   <div class='ocr_carea' id='block_1_88' title="bbox 483 5010 2070 5082">
    <p class='ocr_par' dir='ltr' id='par_1_88' title="bbox 483 5010 2070 5082">
     <span class='ocr_line' id='line_1_88' title="bbox 483 5010 2070 5082; baseline 0.001 -18"><span class='ocrx_word' id='word_1_651' title='bbox 483 5020 540 5064; x_wconf 88' lang='lat' dir='ltr'><strong>et</strong></span> <span class='ocrx_word' id='word_1_652' title='bbox 569 5019 765 5064; x_wconf 89' lang='lat' dir='ltr'><strong>natura</strong></span> <span class='ocrx_word' id='word_1_653' title='bbox 798 5020 854 5066; x_wconf 90' lang='lat' dir='ltr'><strong>et</strong></span> <span class='ocrx_word' id='word_1_654' title='bbox 907 5027 1037 5068; x_wconf 87' lang='lat' dir='ltr'><strong>vere</strong></span> <span class='ocrx_word' id='word_1_655' title='bbox 1079 5012 1251 5067; x_wconf 89' lang='lat' dir='ltr'><strong>Deum</strong></span> <span class='ocrx_word' id='word_1_656' title='bbox 1288 5022 1345 5067; x_wconf 92' lang='lat' dir='ltr'><strong>et</strong></span> <span class='ocrx_word' id='word_1_657' title='bbox 1391 5010 1762 5067; x_wconf 82' lang='lat' dir='ltr'><strong>universitatis</strong></span> <span class='ocrx_word' id='word_1_658' title='bbox 1820 5010 2070 5082; x_wconf 82' lang='lat' dir='ltr'><strong>Opificem</strong></span> 
     </span>
    </p>
   </div>
   <div class='ocr_carea' id='block_1_89' title="bbox 485 5100 2070 5172">
    <p class='ocr_par' dir='ltr' id='par_1_89' title="bbox 485 5100 2070 5172">
     <span class='ocr_line' id='line_1_89' title="bbox 485 5100 2070 5172; baseline 0.003 -18"><span class='ocrx_word' id='word_1_659' title='bbox 485 5100 776 5156; x_wconf 81' lang='lat' dir='ltr'><strong>Dominum</strong></span> <span class='ocrx_word' id='word_1_660' title='bbox 809 5110 1121 5172; x_wconf 85' lang='lat' dir='ltr'><strong>agnoscent,</strong></span> <span class='ocrx_word' id='word_1_661' title='bbox 1155 5112 1210 5157; x_wconf 90' lang='lat' dir='ltr'><strong>et</strong></span> <span class='ocrx_word' id='word_1_662' title='bbox 1233 5103 1564 5158; x_wconf 80' lang='lat' dir='ltr'><strong>divertentes</strong></span> <span class='ocrx_word' id='word_1_663' title='bbox 1597 5100 1740 5156; x_wconf 82' lang='lat' dir='ltr'><strong>velut</strong></span> <span class='ocrx_word' id='word_1_664' title='bbox 1778 5103 1843 5157; x_wconf 90' lang='lat' dir='ltr'><strong>ad</strong></span> <span class='ocrx_word' id='word_1_665' title='bbox 1877 5118 2070 5159; x_wconf 83' lang='lat' dir='ltr'><strong>novam</strong></span> 
     </span>
    </p>
   </div>
   <div class='ocr_carea' id='block_1_90' title="bbox 485 5193 2069 5262">
    <p class='ocr_par' dir='ltr' id='par_1_90' title="bbox 485 5193 2069 5262">
     <span class='ocr_line' id='line_1_90' title="bbox 485 5193 2069 5262; baseline 0.003 -18"><span class='ocrx_word' id='word_1_666' title='bbox 485 5193 796 5262; x_wconf 65' lang='lat' dir='ltr'><strong>quampiam</strong></span> <span class='ocrx_word' id='word_1_667' title='bbox 830 5204 883 5250; x_wconf 90' lang='lat' dir='ltr'><strong>et</strong></span> <span class='ocrx_word' id='word_1_668' title='bbox 905 5195 1161 5249; x_wconf 84' lang='lat' dir='ltr'><strong>selectam</strong></span> <span class='ocrx_word' id='word_1_669' title='bbox 1193 5193 1380 5257; x_wconf 87' lang='lat' dir='ltr'><strong>vitam,</strong></span> <span class='ocrx_word' id='word_1_670' title='bbox 1427 5193 1832 5249; x_wconf 89' lang='lat' dir='ltr'><strong>fructilicabunt</strong></span> <span class='ocrx_word' id='word_1_671' title='bbox 1876 5195 1986 5251; x_wconf 88' lang='lat' dir='ltr'><strong>Deo</strong></span> <span class='ocrx_word' id='word_1_672' title='bbox 2015 5194 2069 5250; x_wconf 91' lang='lat' dir='ltr'><strong>in</strong></span> 
     </span>
    </p>
   </div>
   <div class='ocr_carea' id='block_1_91' title="bbox 485 5281 2068 5354">
    <p class='ocr_par' dir='ltr' id='par_1_91' title="bbox 485 5281 2068 5354">
     <span class='ocr_line' id='line_1_91' title="bbox 485 5281 2068 5354; baseline 0.003 -18"><span class='ocrx_word' id='word_1_673' title='bbox 485 5281 574 5337; x_wconf 83' lang='lat' dir='ltr'><strong>bis</strong></span> <span class='ocrx_word' id='word_1_674' title='bbox 623 5282 818 5351; x_wconf 87' lang='lat' dir='ltr'><strong>quibus</strong></span> <span class='ocrx_word' id='word_1_675' title='bbox 844 5300 964 5340; x_wconf 89' lang='lat' dir='ltr'><strong>esse</strong></span> <span class='ocrx_word' id='word_1_676' title='bbox 1004 5294 1233 5354; x_wconf 89' lang='lat' dir='ltr'><strong>possunt</strong></span> <span class='ocrx_word' id='word_1_677' title='bbox 1280 5285 1511 5352; x_wconf 87' lang='lat' dir='ltr'><strong>accepti,</strong></span> <span class='ocrx_word' id='word_1_678' title='bbox 1535 5291 1590 5337; x_wconf 88' lang='lat' dir='ltr'><strong>et</strong></span> <span class='ocrx_word' id='word_1_679' title='bbox 1614 5285 1863 5341; x_wconf 87' lang='lat' dir='ltr'><strong>oumibus</strong></span> <span class='ocrx_word' id='word_1_680' title='bbox 1895 5288 2068 5342; x_wconf 86' lang='lat' dir='ltr'><strong>abun-</strong></span> 
     </span>
    </p>
   </div>
   <div class='ocr_carea' id='block_1_92' title="bbox 485 5374 2069 5443">
    <p class='ocr_par' dir='ltr' id='par_1_92' title="bbox 485 5374 2069 5443">
     <span class='ocr_line' id='line_1_92' title="bbox 485 5374 2069 5443; baseline 0.005 -16"><span class='ocrx_word' id='word_1_681' title='bbox 485 5374 677 5429; x_wconf 85' lang='lat' dir='ltr'><strong>dantes</strong></span> <span class='ocrx_word' id='word_1_682' title='bbox 712 5374 981 5441; x_wconf 84' lang='lat' dir='ltr'><strong>laudibus,</strong></span> <span class='ocrx_word' id='word_1_683' title='bbox 1011 5386 1067 5431; x_wconf 89' lang='lat' dir='ltr'><strong>et</strong></span> <span class='ocrx_word' id='word_1_684' title='bbox 1094 5375 1249 5443; x_wconf 85' lang='lat' dir='ltr'><strong>quasi</strong></span> <span class='ocrx_word' id='word_1_685' title='bbox 1278 5389 1498 5430; x_wconf 86' lang='lat' dir='ltr'><strong>munera</strong></span> <span class='ocrx_word' id='word_1_686' title='bbox 1526 5376 1797 5431; x_wconf 85' lang='lat' dir='ltr'><strong>adducent</strong></span> <span class='ocrx_word' id='word_1_687' title='bbox 1834 5378 1886 5433; x_wconf 89' lang='lat' dir='ltr'><strong>iu</strong></span> <span class='ocrx_word' id='word_1_688' title='bbox 1934 5380 2069 5434; x_wconf 80' lang='lat' dir='ltr'><strong>odo-</strong></span> 
     </span>
    </p>
   </div>
   <div class='ocr_carea' id='block_1_93' title="bbox 484 5466 2066 5536">
    <p class='ocr_par' dir='ltr' id='par_1_93' title="bbox 484 5466 2066 5536">
     <span class='ocr_line' id='line_1_93' title="bbox 484 5466 2066 5536; baseline 0.005 -17"><span class='ocrx_word' id='word_1_689' title='bbox 484 5480 602 5521; x_wconf 85' lang='lat' dir='ltr'><strong>rem</strong></span> <span class='ocrx_word' id='word_1_690' title='bbox 634 5468 921 5523; x_wconf 85' lang='lat' dir='ltr'><strong>suavitatis</strong></span> <span class='ocrx_word' id='word_1_691' title='bbox 947 5468 1077 5532; x_wconf 89' lang='lat' dir='ltr'><strong>Deo,</strong></span> <span class='ocrx_word' id='word_1_692' title='bbox 1106 5466 1285 5532; x_wconf 83' lang='lat' dir='ltr'><strong>iidem,</strong></span> <span class='ocrx_word' id='word_1_693' title='bbox 1305 5481 1479 5536; x_wconf 89' lang='lat' dir='ltr'><strong>spem,</strong></span> <span class='ocrx_word' id='word_1_694' title='bbox 1510 5468 1857 5527; x_wconf 84' lang='lat' dir='ltr'><strong>charitatem.</strong></span> <span class='ocrx_word' id='word_1_695' title='bbox 1922 5470 2066 5527; x_wconf 77' lang='grc' dir='ltr'><strong>Λωί-</strong></span> 
     </span>
    </p>
   </div>
   <div class='ocr_carea' id='block_1_94' title="bbox 487 5559 2068 5635">
    <p class='ocr_par' dir='ltr' id='par_1_94' title="bbox 487 5559 2068 5635">
     <span class='ocr_line' id='line_1_94' title="bbox 487 5559 2068 5635; baseline 0.005 -24"><span class='ocrx_word' id='word_1_696' title='bbox 487 5566 631 5614; x_wconf 90' lang='lat' dir='ltr'><strong>etum</strong></span> <span class='ocrx_word' id='word_1_697' title='bbox 650 5568 830 5615; x_wconf 88' lang='lat' dir='ltr'><strong>autem</strong></span> <span class='ocrx_word' id='word_1_698' title='bbox 858 5559 1102 5615; x_wconf 90' lang='lat' dir='ltr'><strong>nominat</strong></span> <span class='ocrx_word' id='word_1_699' title='bbox 1124 5574 1245 5614; x_wconf 89' lang='lat' dir='ltr'><strong>eum</strong></span> <span class='ocrx_word' id='word_1_700' title='bbox 1271 5560 1546 5630; x_wconf 86' lang='lat' dir='ltr'><strong>populum,</strong></span> <span class='ocrx_word' id='word_1_701' title='bbox 1563 5562 1762 5633; x_wconf 88' lang='lat' dir='ltr'><strong>quippe</strong></span> <span class='ocrx_word' id='word_1_702' title='bbox 1786 5564 1928 5633; x_wconf 85' lang='lat' dir='ltr'><strong>quod</strong></span> <span class='ocrx_word' id='word_1_703' title='bbox 1948 5564 2068 5635; x_wconf 85' lang='lat' dir='ltr'><strong>plu-</strong></span> 
     </span>
    </p>
   </div>
   <div class='ocr_carea' id='block_1_95' title="bbox 489 5649 2066 5719">
    <p class='ocr_par' dir='ltr' id='par_1_95' title="bbox 489 5649 2066 5719">
     <span class='ocr_line' id='line_1_95' title="bbox 489 5649 2066 5719; baseline 0.007 -18"><span class='ocrx_word' id='word_1_704' title='bbox 489 5649 656 5705; x_wconf 92' lang='lat' dir='ltr'><strong>rimas</strong></span> <span class='ocrx_word' id='word_1_705' title='bbox 692 5652 998 5705; x_wconf 88' lang='lat' dir='ltr'><strong>sustineant</strong></span> <span class='ocrx_word' id='word_1_706' title='bbox 1056 5651 1413 5719; x_wconf 84' lang='lat' dir='ltr'><strong>calamitates,</strong></span> <span class='ocrx_word' id='word_1_707' title='bbox 1467 5662 1522 5710; x_wconf 92' lang='lat' dir='ltr'><strong>et</strong></span> <span class='ocrx_word' id='word_1_708' title='bbox 1572 5654 1769 5711; x_wconf 60' lang='lat' dir='ltr'><strong>divinae</strong></span> <span class='ocrx_word' id='word_1_709' title='bbox 1808 5655 1902 5712; x_wconf 66' lang='lat' dir='ltr'><strong>ira:</strong></span> <span class='ocrx_word' id='word_1_710' title='bbox 1960 5658 2066 5712; x_wconf 86' lang='lat' dir='ltr'><strong>vim</strong></span> 
     </span>
    </p>
   </div>
   <div class='ocr_carea' id='block_1_96' title="bbox 490 5739 2066 5805">
    <p class='ocr_par' dir='ltr' id='par_1_96' title="bbox 490 5739 2066 5805">
     <span class='ocr_line' id='line_1_96' title="bbox 490 5739 2066 5805; baseline 0.006 -13"><span class='ocrx_word' id='word_1_711' title='bbox 490 5741 741 5795; x_wconf 81' lang='lat' dir='ltr'><strong>subeant.</strong></span> <span class='ocrx_word' id='word_1_712' title='bbox 772 5739 848 5794; x_wconf 84' lang='lat' dir='ltr'><strong>Ad</strong></span> <span class='ocrx_word' id='word_1_713' title='bbox 877 5739 1011 5805; x_wconf 68' lang='lat' dir='ltr'><strong>inter,</strong></span> <span class='ocrx_word' id='word_1_714' title='bbox 1038 5741 1279 5800; x_wconf 78' lang='lat' dir='ltr'><strong>evulsum</strong></span> <span class='ocrx_word' id='word_1_715' title='bbox 1305 5744 1434 5800; x_wconf 88' lang='lat' dir='ltr'><strong>dicit</strong></span> <span class='ocrx_word' id='word_1_716' title='bbox 1467 5761 1478 5796; x_wconf 91' lang='lat'>:</span> <span class='ocrx_word' id='word_1_717' title='bbox 1509 5745 1757 5802; x_wconf 86' lang='lat' dir='ltr'><strong>fortassis</strong></span> <span class='ocrx_word' id='word_1_718' title='bbox 1782 5748 2066 5805; x_wconf 85' lang='lat' dir='ltr'><strong>transitum</strong></span> 
     </span>
    </p>
   </div>
   <div class='ocr_carea' id='block_1_97' title="bbox 2262 3917 3782 3993">
    <p class='ocr_par' dir='ltr' id='par_1_97' title="bbox 2262 3917 3782 3993">
     <span class='ocr_line' id='line_1_97' title="bbox 2262 3917 3782 3993; baseline -0.004 -14"><span class='ocrx_word' id='word_1_719' title='bbox 2262 3926 2365 3979; x_wconf 80' lang='grc' dir='ltr'><strong>Ἑν</strong></span> <span class='ocrx_word' id='word_1_720' title='bbox 2430 3923 2512 3990; x_wconf 81' lang='grc' dir='ltr'>τῷ</span> <span class='ocrx_word' id='word_1_721' title='bbox 2567 3920 2752 3992; x_wconf 81' lang='grc' dir='ltr'>καιρῷ</span> <span class='ocrx_word' id='word_1_722' title='bbox 2804 3923 3015 3987; x_wconf 78' lang='grc' dir='ltr'>ἐκείνῳ</span> <span class='ocrx_word' id='word_1_723' title='bbox 3081 3922 3580 3993; x_wconf 76' lang='grc' dir='ltr'>ἀνενεχθήονεται</span> <span class='ocrx_word' id='word_1_724' title='bbox 3634 3917 3782 3987; x_wconf 57' lang='lat' dir='ltr'><strong>adyta</strong></span> 
     </span>
    </p>
   </div>
   <div class='ocr_carea' id='block_1_98' title="bbox 2176 4013 3775 4085">
    <p class='ocr_par' dir='ltr' id='par_1_98' title="bbox 2176 4013 3775 4085">
     <span class='ocr_line' id='line_1_98' title="bbox 2176 4013 3775 4085; baseline -0.004 -14"><span class='ocrx_word' id='word_1_725' title='bbox 2176 4016 2374 4084; x_wconf 82' lang='grc' dir='ltr'>Κυρίῳ</span> <span class='ocrx_word' id='word_1_726' title='bbox 2442 4014 2686 4069; x_wconf 78' lang='grc' dir='ltr'>Σαϐαὼθ</span> <span class='ocrx_word' id='word_1_727' title='bbox 2728 4015 2799 4069; x_wconf 81' lang='grc' dir='ltr'>ἐκ</span> <span class='ocrx_word' id='word_1_728' title='bbox 2864 4013 3021 4070; x_wconf 76' lang='grc' dir='ltr'>λαοῦ</span> <span class='ocrx_word' id='word_1_729' title='bbox 3090 4014 3455 4085; x_wconf 58' lang='lat' dir='ltr'><strong>tete/tuerer)</strong></span> <span class='ocrx_word' id='word_1_730' title='bbox 3527 4014 3627 4069; x_wconf 77' lang='grc' dir='ltr'><strong>καί</strong></span> <span class='ocrx_word' id='word_1_731' title='bbox 3695 4016 3775 4065; x_wconf 74' lang='grc' dir='ltr'><strong>τέ-</strong></span> 
     </span>
    </p>
   </div>
   <div class='ocr_carea' id='block_1_99' title="bbox 2177 4102 3775 4178">
    <p class='ocr_par' dir='ltr' id='par_1_99' title="bbox 2177 4102 3775 4178">
     <span class='ocr_line' id='line_1_99' title="bbox 2177 4102 3775 4178; baseline -0.004 -16"><span class='ocrx_word' id='word_1_732' title='bbox 2177 4107 2524 4178; x_wconf 72' lang='grc' dir='ltr'>θλιμμένου,</span> <span class='ocrx_word' id='word_1_733' title='bbox 2565 4106 2667 4162; x_wconf 82' lang='grc' dir='ltr'><strong>καί</strong></span> <span class='ocrx_word' id='word_1_734' title='bbox 2706 4107 2825 4163; x_wconf 83' lang='grc' dir='ltr'><strong>ἀπὸ</strong></span> <span class='ocrx_word' id='word_1_735' title='bbox 2876 4106 3033 4161; x_wconf 72' lang='grc' dir='ltr'>λαοῦ</span> <span class='ocrx_word' id='word_1_736' title='bbox 3068 4105 3350 4177; x_wconf 72' lang='grc' dir='ltr'>μεγάλου</span> <span class='ocrx_word' id='word_1_737' title='bbox 3377 4108 3504 4163; x_wconf 76' lang='grc' dir='ltr'><strong>ἀπὸ</strong></span> <span class='ocrx_word' id='word_1_738' title='bbox 3538 4104 3643 4161; x_wconf 82' lang='grc' dir='ltr'>τοῦ</span> <span class='ocrx_word' id='word_1_739' title='bbox 3675 4102 3775 4158; x_wconf 72' lang='grc' dir='ltr'><strong>νῦν</strong></span> 
     </span>
    </p>
   </div>
   <div class='ocr_carea' id='block_1_100' title="bbox 2177 4191 3893 4277">
    <p class='ocr_par' dir='ltr' id='par_1_100' title="bbox 2177 4191 3893 4277">
     <span class='ocr_line' id='line_1_100' title="bbox 2177 4191 3893 4277; baseline -0.002 -26"><span class='ocrx_word' id='word_1_740' title='bbox 2177 4197 2280 4251; x_wconf 77' lang='grc' dir='ltr'><strong>καί</strong></span> <span class='ocrx_word' id='word_1_741' title='bbox 2331 4199 2420 4264; x_wconf 87' lang='grc' dir='ltr'><strong>εἰς</strong></span> <span class='ocrx_word' id='word_1_742' title='bbox 2470 4196 2579 4252; x_wconf 75' lang='grc' dir='ltr'><strong>τὸν</strong></span> <span class='ocrx_word' id='word_1_743' title='bbox 2615 4196 2803 4252; x_wconf 81' lang='grc' dir='ltr'>αἰῶνα</span> <span class='ocrx_word' id='word_1_744' title='bbox 2845 4198 3087 4268; x_wconf 79' lang='grc' dir='ltr'><strong>χρόνον.</strong></span> <span class='ocrx_word' id='word_1_745' title='bbox 3134 4198 3357 4265; x_wconf 77' lang='grc' dir='ltr'>Ἐθνος</span> <span class='ocrx_word' id='word_1_746' title='bbox 3402 4195 3651 4259; x_wconf 69' lang='grc' dir='ltr'><strong>ἐλπίζον</strong></span> <span class='ocrx_word' id='word_1_747' title='bbox 3690 4191 3775 4248; x_wconf 82' lang='grc' dir='ltr'><strong>καί</strong></span> <span class='ocrx_word' id='word_1_748' title='bbox 3886 4269 3893 4277; x_wconf 35' lang='grc'><em>,</em></span> 
     </span>
    </p>
   </div>
   <div class='ocr_carea' id='block_1_101' title="bbox 2176 4283 3779 4360">
    <p class='ocr_par' dir='ltr' id='par_1_101' title="bbox 2176 4283 3779 4360">
     <span class='ocr_line' id='line_1_101' title="bbox 2176 4283 3779 4360; baseline 0 -19"><span class='ocrx_word' id='word_1_749' title='bbox 2176 4287 2773 4357; x_wconf 75' lang='grc' dir='ltr'>καταπεπατημένον,</span> <span class='ocrx_word' id='word_1_750' title='bbox 2815 4288 2850 4343; x_wconf 84' lang='grc' dir='ltr'><em>ὅ</em></span> <span class='ocrx_word' id='word_1_751' title='bbox 2880 4289 3052 4344; x_wconf 73' lang='grc' dir='ltr'>ἐστιν</span> <span class='ocrx_word' id='word_1_752' title='bbox 3082 4289 3153 4343; x_wconf 77' lang='grc' dir='ltr'><strong>ἐν</strong></span> <span class='ocrx_word' id='word_1_753' title='bbox 3171 4288 3345 4359; x_wconf 85' lang='grc' dir='ltr'>μέρει</span> <span class='ocrx_word' id='word_1_754' title='bbox 3376 4289 3652 4360; x_wconf 79' lang='grc' dir='ltr'>ποταμοῦ</span> <span class='ocrx_word' id='word_1_755' title='bbox 3679 4283 3779 4354; x_wconf 77' lang='grc' dir='ltr'>τῆς</span> 
     </span>
    </p>
   </div>
   <div class='ocr_carea' id='block_1_102' title="bbox 2102 4377 3783 4470">
    <p class='ocr_par' dir='ltr' id='par_1_102' title="bbox 2102 4377 3783 4470">
     <span class='ocr_line' id='line_1_102' title="bbox 2102 4377 3783 4470; baseline -0.003 -35"><span class='ocrx_word' id='word_1_756' title='bbox 2102 4414 2149 4470; x_wconf 76' lang='lat' dir='ltr'><strong>D</strong></span> <span class='ocrx_word' id='word_1_757' title='bbox 2180 4380 2378 4450; x_wconf 87' lang='grc' dir='ltr'>χώρας</span> <span class='ocrx_word' id='word_1_758' title='bbox 2406 4381 2619 4447; x_wconf 80' lang='grc' dir='ltr'>αὑτοῦ,</span> <span class='ocrx_word' id='word_1_759' title='bbox 2661 4383 2750 4449; x_wconf 85' lang='grc' dir='ltr'><strong>εἰς</strong></span> <span class='ocrx_word' id='word_1_760' title='bbox 2778 4381 2887 4436; x_wconf 78' lang='grc' dir='ltr'><strong>τὸν</strong></span> <span class='ocrx_word' id='word_1_761' title='bbox 2914 4382 3103 4436; x_wconf 80' lang='grc' dir='ltr'>τόπον</span> <span class='ocrx_word' id='word_1_762' title='bbox 3130 4377 3202 4437; x_wconf 85' lang='grc' dir='ltr'><strong>οὗ</strong></span> <span class='ocrx_word' id='word_1_763' title='bbox 3241 4382 3312 4435; x_wconf 87' lang='grc' dir='ltr'>τὸ</span> <span class='ocrx_word' id='word_1_764' title='bbox 3343 4381 3544 4453; x_wconf 81' lang='grc' dir='ltr'>ὄνομα</span> <span class='ocrx_word' id='word_1_765' title='bbox 3569 4378 3783 4449; x_wconf 81' lang='grc' dir='ltr'>Κυρίου</span> 
     </span>
    </p>
   </div>
   <div class='ocr_carea' id='block_1_103' title="bbox 2175 4470 3225 4542">
    <p class='ocr_par' dir='ltr' id='par_1_103' title="bbox 2175 4470 3225 4542">
     <span class='ocr_line' id='line_1_103' title="bbox 2175 4470 3225 4542; baseline -0.001 -15"><span class='ocrx_word' id='word_1_766' title='bbox 2175 4470 2421 4527; x_wconf 79' lang='grc' dir='ltr'>Σαϐαὼθ</span> <span class='ocrx_word' id='word_1_767' title='bbox 2442 4471 2748 4541; x_wconf 78' lang='grc' dir='ltr'>ἐπεκλήθη</span> <span class='ocrx_word' id='word_1_768' title='bbox 2774 4473 2839 4526; x_wconf 80' lang='grc' dir='ltr'>τό</span> <span class='ocrx_word' id='word_1_769' title='bbox 2870 4473 3010 4542; x_wconf 76' lang='grc' dir='ltr'>ὅρος</span> <span class='ocrx_word' id='word_1_770' title='bbox 3050 4472 3225 4527; x_wconf 77' lang='grc' dir='ltr'>Σιών.</span> 
     </span>
    </p>
   </div>
   <div class='ocr_carea' id='block_1_104' title="bbox 2246 4559 3781 4637">
    <p class='ocr_par' dir='ltr' id='par_1_104' title="bbox 2246 4559 3781 4637">
     <span class='ocr_line' id='line_1_104' title="bbox 2246 4559 3781 4637; baseline -0.001 -22"><span class='ocrx_word' id='word_1_771' title='bbox 2246 4561 2330 4615; x_wconf 83' lang='grc' dir='ltr'><strong>Τὰ</strong></span> <span class='ocrx_word' id='word_1_772' title='bbox 2357 4564 2415 4616; x_wconf 79' lang='grc' dir='ltr'><strong>ὲν</strong></span> <span class='ocrx_word' id='word_1_773' title='bbox 2442 4562 2520 4635; x_wconf 83' lang='grc' dir='ltr'>τῷ</span> <span class='ocrx_word' id='word_1_774' title='bbox 2551 4563 2776 4635; x_wconf 84' lang='grc' dir='ltr'>πολέμῳ</span> <span class='ocrx_word' id='word_1_775' title='bbox 2807 4564 3206 4635; x_wconf 78' lang='grc' dir='ltr'>συμϐησόμενα</span> <span class='ocrx_word' id='word_1_776' title='bbox 3239 4564 3392 4620; x_wconf 81' lang='grc' dir='ltr'>κατὰ</span> <span class='ocrx_word' id='word_1_777' title='bbox 3420 4563 3656 4637; x_wconf 73' lang='grc' dir='ltr'>καιροὺς</span> <span class='ocrx_word' id='word_1_778' title='bbox 3679 4559 3781 4623; x_wconf 84' lang='grc' dir='ltr'>τοῖς</span> 
     </span>
    </p>
   </div>
   <div class='ocr_carea' id='block_1_105' title="bbox 2174 4650 3783 4730">
    <p class='ocr_par' dir='ltr' id='par_1_105' title="bbox 2174 4650 3783 4730">
     <span class='ocr_line' id='line_1_105' title="bbox 2174 4650 3783 4730; baseline 0.001 -24"><span class='ocrx_word' id='word_1_779' title='bbox 2174 4654 2491 4721; x_wconf 78' lang='grc' dir='ltr'>Αἰγυπτίων</span> <span class='ocrx_word' id='word_1_780' title='bbox 2524 4655 2720 4726; x_wconf 83' lang='grc' dir='ltr'>δήμοις</span> <span class='ocrx_word' id='word_1_781' title='bbox 2766 4650 2825 4710; x_wconf 80' lang='grc' dir='ltr'>εὖ</span> <span class='ocrx_word' id='word_1_782' title='bbox 2869 4657 3012 4727; x_wconf 84' lang='grc' dir='ltr'>μάλα</span> <span class='ocrx_word' id='word_1_783' title='bbox 3040 4655 3368 4728; x_wconf 83' lang='grc' dir='ltr'>διειρηκὼς,</span> <span class='ocrx_word' id='word_1_784' title='bbox 3420 4659 3783 4730; x_wconf 77' lang='grc' dir='ltr'>διαμέμνηται</span> 
     </span>
    </p>
   </div>
   <div class='ocr_carea' id='block_1_106' title="bbox 2174 4746 3783 4821">
    <p class='ocr_par' dir='ltr' id='par_1_106' title="bbox 2174 4746 3783 4821">
     <span class='ocr_line' id='line_1_106' title="bbox 2174 4746 3783 4821; baseline -0.001 -22"><span class='ocrx_word' id='word_1_785' title='bbox 2174 4746 2267 4799; x_wconf 70' lang='grc' dir='ltr'><strong>καί⁵</strong></span> <span class='ocrx_word' id='word_1_786' title='bbox 2301 4746 2401 4817; x_wconf 85' lang='grc' dir='ltr'>τῆς</span> <span class='ocrx_word' id='word_1_787' title='bbox 2433 4747 2571 4818; x_wconf 80' lang='grc' dir='ltr'>μετὰ</span> <span class='ocrx_word' id='word_1_788' title='bbox 2601 4747 2759 4801; x_wconf 81' lang='grc' dir='ltr'>τοῦτο</span> <span class='ocrx_word' id='word_1_789' title='bbox 2807 4749 2944 4820; x_wconf 77' lang='grc' dir='ltr'>πρὸς</span> <span class='ocrx_word' id='word_1_790' title='bbox 2985 4748 3119 4803; x_wconf 80' lang='grc' dir='ltr'><strong>Θεὸν</strong></span> <span class='ocrx_word' id='word_1_791' title='bbox 3158 4750 3542 4821; x_wconf 80' lang='grc' dir='ltr'>ἐπιστροφῆς,</span> <span class='ocrx_word' id='word_1_792' title='bbox 3591 4749 3685 4804; x_wconf 75' lang='grc' dir='ltr'>καὶ</span> <span class='ocrx_word' id='word_1_793' title='bbox 3710 4746 3783 4801; x_wconf 81' lang='grc' dir='ltr'>ὅτι</span> 
     </span>
    </p>
   </div>
   <div class='ocr_carea' id='block_1_107' title="bbox 2174 4837 3784 4912">
    <p class='ocr_par' dir='ltr' id='par_1_107' title="bbox 2174 4837 3784 4912">
     <span class='ocr_line' id='line_1_107' title="bbox 2174 4837 3784 4912; baseline 0 -22"><span class='ocrx_word' id='word_1_794' title='bbox 2174 4837 2275 4911; x_wconf 82' lang='grc' dir='ltr'><strong>τὴν</strong></span> <span class='ocrx_word' id='word_1_795' title='bbox 2307 4838 2541 4909; x_wconf 88' lang='grc' dir='ltr'>ἀρχαίαν</span> <span class='ocrx_word' id='word_1_796' title='bbox 2566 4838 2664 4910; x_wconf 81' lang='grc' dir='ltr'>τῆς</span> <span class='ocrx_word' id='word_1_797' title='bbox 2687 4839 2904 4910; x_wconf 80' lang='grc' dir='ltr'>ἀπάτης</span> <span class='ocrx_word' id='word_1_798' title='bbox 2938 4840 3126 4910; x_wconf 81' lang='grc' dir='ltr'>ἀχλὺν,</span> <span class='ocrx_word' id='word_1_799' title='bbox 3147 4840 3256 4893; x_wconf 86' lang='grc' dir='ltr'><strong>τῶν</strong></span> <span class='ocrx_word' id='word_1_800' title='bbox 3288 4842 3403 4912; x_wconf 81' lang='grc' dir='ltr'>τῆς</span> <span class='ocrx_word' id='word_1_801' title='bbox 3427 4842 3672 4904; x_wconf 82' lang='grc' dir='ltr'>διανοίας</span> <span class='ocrx_word' id='word_1_802' title='bbox 3695 4839 3784 4907; x_wconf 85' lang='grc' dir='ltr'>ὁμ-</span> 
     </span>
    </p>
   </div>
   <div class='ocr_carea' id='block_1_108' title="bbox 2174 4929 3785 5003">
    <p class='ocr_par' dir='ltr' id='par_1_108' title="bbox 2174 4929 3785 5003">
     <span class='ocr_line' id='line_1_108' title="bbox 2174 4929 3785 5003; baseline 0.001 -20"><span class='ocrx_word' id='word_1_803' title='bbox 2174 4929 2363 5001; x_wconf 81' lang='grc' dir='ltr'>μάτων</span> <span class='ocrx_word' id='word_1_804' title='bbox 2419 4932 2900 5003; x_wconf 76' lang='grc' dir='ltr'>ἁποπεμψάμενοι,</span> <span class='ocrx_word' id='word_1_805' title='bbox 2948 4933 3042 4986; x_wconf 80' lang='grc' dir='ltr'><strong>καί</strong></span> <span class='ocrx_word' id='word_1_806' title='bbox 3090 4935 3211 4997; x_wconf 81' lang='grc' dir='ltr'>ταῖς</span> <span class='ocrx_word' id='word_1_807' title='bbox 3257 4934 3378 4988; x_wconf 84' lang='grc' dir='ltr'>τῶν</span> <span class='ocrx_word' id='word_1_808' title='bbox 3423 4935 3666 4990; x_wconf 84' lang='grc' dir='ltr'>εἰδώλων</span> <span class='ocrx_word' id='word_1_809' title='bbox 3698 4930 3785 4986; x_wconf 82' lang='grc' dir='ltr'>λα·</span> 
     </span>
    </p>
   </div>
   <div class='ocr_carea' id='block_1_109' title="bbox 2142 5019 3789 5097">
    <p class='ocr_par' dir='ltr' id='par_1_109' title="bbox 2142 5019 3789 5097">
     <span class='ocr_line' id='line_1_109' title="bbox 2142 5019 3789 5097; baseline 0.002 -22"><span class='ocrx_word' id='word_1_810' title='bbox 2142 5020 2384 5093; x_wconf 13' lang='grc' dir='ltr'>,τρείαις</span> <span class='ocrx_word' id='word_1_811' title='bbox 2433 5022 2714 5096; x_wconf 70' lang='grc' dir='ltr'>ἐρρῶσθαι</span> <span class='ocrx_word' id='word_1_812' title='bbox 2766 5024 3097 5095; x_wconf 78' lang='grc' dir='ltr'>φράσαντες,</span> <span class='ocrx_word' id='word_1_813' title='bbox 3154 5024 3486 5095; x_wconf 79' lang='grc' dir='ltr'>βαδιοῦνται</span> <span class='ocrx_word' id='word_1_814' title='bbox 3542 5026 3682 5097; x_wconf 68' lang='grc' dir='ltr'>πρὸς</span> <span class='ocrx_word' id='word_1_815' title='bbox 3724 5019 3789 5074; x_wconf 72' lang='grc' dir='ltr'>τὰ</span> 
     </span>
    </p>
   </div>
   <div class='ocr_carea' id='block_1_110' title="bbox 2171 5112 3785 5186">
    <p class='ocr_par' dir='ltr' id='par_1_110' title="bbox 2171 5112 3785 5186">
     <span class='ocr_line' id='line_1_110' title="bbox 2171 5112 3785 5186; baseline 0.006 -21"><span class='ocrx_word' id='word_1_816' title='bbox 2171 5112 2380 5183; x_wconf 84' lang='grc' dir='ltr'>ἀμείνω</span> <span class='ocrx_word' id='word_1_817' title='bbox 2404 5127 2418 5144; x_wconf 81' lang='grc'><strong>⁰</strong></span> <span class='ocrx_word' id='word_1_818' title='bbox 2451 5114 2545 5168; x_wconf 79' lang='grc' dir='ltr'><strong>καὶ</strong></span> <span class='ocrx_word' id='word_1_819' title='bbox 2583 5113 2675 5167; x_wconf 79' lang='grc' dir='ltr'>τὸν</span> <span class='ocrx_word' id='word_1_820' title='bbox 2709 5113 2808 5185; x_wconf 81' lang='grc' dir='ltr'><strong>μὲν</strong></span> <span class='ocrx_word' id='word_1_821' title='bbox 2847 5112 3008 5182; x_wconf 83' lang='grc' dir='ltr'>φύσει</span> <span class='ocrx_word' id='word_1_822' title='bbox 3052 5116 3148 5168; x_wconf 78' lang='grc' dir='ltr'>καὶ</span> <span class='ocrx_word' id='word_1_823' title='bbox 3191 5114 3426 5186; x_wconf 85' lang='grc' dir='ltr'>ἀληθῶς</span> <span class='ocrx_word' id='word_1_824' title='bbox 3472 5117 3608 5171; x_wconf 71' lang='grc' dir='ltr'>ὅντα</span> <span class='ocrx_word' id='word_1_825' title='bbox 3641 5112 3785 5174; x_wconf 64' lang='grc' dir='ltr'>Θεὸν,</span> 
     </span>
    </p>
   </div>
   <div class='ocr_carea' id='block_1_111' title="bbox 2171 5203 3786 5279">
    <p class='ocr_par' dir='ltr' id='par_1_111' title="bbox 2171 5203 3786 5279">
     <span class='ocr_line' id='line_1_111' title="bbox 2171 5203 3786 5279; baseline 0.004 -21"><span class='ocrx_word' id='word_1_826' title='bbox 2171 5203 2268 5258; x_wconf 81' lang='grc' dir='ltr'><strong>καὶ</strong></span> <span class='ocrx_word' id='word_1_827' title='bbox 2305 5204 2416 5258; x_wconf 84' lang='grc' dir='ltr'>τῶν</span> <span class='ocrx_word' id='word_1_828' title='bbox 2455 5205 2593 5260; x_wconf 84' lang='grc' dir='ltr'>ὅλων</span> <span class='ocrx_word' id='word_1_829' title='bbox 2620 5207 2965 5278; x_wconf 84' lang='grc' dir='ltr'>Δημιουργὸν</span> <span class='ocrx_word' id='word_1_830' title='bbox 2995 5208 3091 5261; x_wconf 72' lang='grc' dir='ltr'><strong>καὶ</strong></span> <span class='ocrx_word' id='word_1_831' title='bbox 3112 5206 3326 5279; x_wconf 81' lang='grc' dir='ltr'>Κύριον</span> <span class='ocrx_word' id='word_1_832' title='bbox 3359 5210 3786 5279; x_wconf 75' lang='grc' dir='ltr'>ὲπιγνώσονταιν</span> 
     </span>
    </p>
   </div>
   <div class='ocr_carea' id='block_1_112' title="bbox 2175 5296 3790 5371">
    <p class='ocr_par' dir='ltr' id='par_1_112' title="bbox 2175 5296 3790 5371">
     <span class='ocr_line' id='line_1_112' title="bbox 2175 5296 3790 5371; baseline 0 -22"><span class='ocrx_word' id='word_1_833' title='bbox 2175 5296 2744 5369; x_wconf 86' lang='grc' dir='ltr'>μεταστοιχειούμενοι</span> <span class='ocrx_word' id='word_1_834' title='bbox 2794 5297 2853 5351; x_wconf 87' lang='grc' dir='ltr'>δὲ</span> <span class='ocrx_word' id='word_1_835' title='bbox 2907 5298 3097 5370; x_wconf 84' lang='grc' dir='ltr'>ὥσπερ</span> <span class='ocrx_word' id='word_1_836' title='bbox 3151 5299 3292 5371; x_wconf 79' lang='grc' dir='ltr'>πρὸς</span> <span class='ocrx_word' id='word_1_837' title='bbox 3346 5299 3483 5354; x_wconf 84' lang='grc' dir='ltr'>νέαν</span> <span class='ocrx_word' id='word_1_838' title='bbox 3534 5300 3659 5353; x_wconf 78' lang='grc' dir='ltr'>τινὰ</span> <span class='ocrx_word' id='word_1_839' title='bbox 3702 5296 3790 5349; x_wconf 72' lang='grc' dir='ltr'><strong>καὶ</strong></span> 
     </span>
    </p>
   </div>
   <div class='ocr_carea' id='block_1_113' title="bbox 2171 5383 3790 5463">
    <p class='ocr_par' dir='ltr' id='par_1_113' title="bbox 2171 5383 3790 5463">
     <span class='ocr_line' id='line_1_113' title="bbox 2171 5383 3790 5463; baseline 0.004 -22"><span class='ocrx_word' id='word_1_840' title='bbox 2171 5387 2472 5442; x_wconf 81' lang='grc' dir='ltr'>ἁπόλεκτον</span> <span class='ocrx_word' id='word_1_841' title='bbox 2510 5388 2677 5460; x_wconf 78' lang='grc' dir='ltr'>ζωὴν,</span> <span class='ocrx_word' id='word_1_842' title='bbox 2714 5388 3133 5461; x_wconf 79' lang='grc' dir='ltr'>καρποφοροῦσι</span> <span class='ocrx_word' id='word_1_843' title='bbox 3179 5388 3261 5459; x_wconf 86' lang='grc' dir='ltr'><strong>τῷ</strong></span> <span class='ocrx_word' id='word_1_844' title='bbox 3312 5391 3445 5463; x_wconf 86' lang='grc' dir='ltr'><strong>Θεῴ</strong></span> <span class='ocrx_word' id='word_1_845' title='bbox 3490 5393 3563 5446; x_wconf 74' lang='grc' dir='ltr'><strong>τὰ</strong></span> <span class='ocrx_word' id='word_1_846' title='bbox 3596 5391 3680 5459; x_wconf 79' lang='grc' dir='ltr'><strong>ἐφ’</strong></span> <span class='ocrx_word' id='word_1_847' title='bbox 3716 5383 3790 5447; x_wconf 75' lang='grc' dir='ltr'><strong>οἷς</strong></span> 
     </span>
    </p>
   </div>
   <div class='ocr_carea' id='block_1_114' title="bbox 2169 5476 3785 5554">
    <p class='ocr_par' dir='ltr' id='par_1_114' title="bbox 2169 5476 3785 5554">
     <span class='ocr_line' id='line_1_114' title="bbox 2169 5476 3785 5554; baseline -0.001 -20"><span class='ocrx_word' id='word_1_848' title='bbox 2169 5478 2236 5534; x_wconf 81' lang='grc' dir='ltr'>ἂν</span> <span class='ocrx_word' id='word_1_849' title='bbox 2273 5476 2383 5535; x_wconf 78' lang='grc' dir='ltr'>εἶεν</span> <span class='ocrx_word' id='word_1_850' title='bbox 2415 5480 2695 5553; x_wconf 84' lang='grc' dir='ltr'>εὐδόκιμοι</span> <span class='ocrx_word' id='word_1_851' title='bbox 2743 5483 2839 5535; x_wconf 76' lang='grc' dir='ltr'><strong>καὶ</strong></span> <span class='ocrx_word' id='word_1_852' title='bbox 2880 5483 3082 5546; x_wconf 86' lang='grc' dir='ltr'>παντὸς</span> <span class='ocrx_word' id='word_1_853' title='bbox 3130 5481 3374 5536; x_wconf 73' lang='grc' dir='ltr'>ἐπαίνου</span> <span class='ocrx_word' id='word_1_854' title='bbox 3438 5483 3658 5554; x_wconf 77' lang='grc' dir='ltr'>μεστοὶ,</span> <span class='ocrx_word' id='word_1_855' title='bbox 3697 5477 3785 5532; x_wconf 74' lang='grc' dir='ltr'>καὶ</span> 
     </span>
    </p>
   </div>
   <div class='ocr_carea' id='block_1_115' title="bbox 2169 5566 3789 5647">
    <p class='ocr_par' dir='ltr' id='par_1_115' title="bbox 2169 5566 3789 5647">
     <span class='ocr_line' id='line_1_115' title="bbox 2169 5566 3789 5647; baseline -0.002 -21"><span class='ocrx_word' id='word_1_856' title='bbox 2169 5566 2279 5627; x_wconf 77' lang='grc' dir='ltr'>οἷον</span> <span class='ocrx_word' id='word_1_857' title='bbox 2323 5572 2472 5645; x_wconf 83' lang='grc' dir='ltr'>δῶρα</span> <span class='ocrx_word' id='word_1_858' title='bbox 2516 5574 2911 5646; x_wconf 82' lang='grc' dir='ltr'>προσκομιοῦσι</span> <span class='ocrx_word' id='word_1_859' title='bbox 2956 5574 3025 5628; x_wconf 75' lang='grc' dir='ltr'><strong>τά</strong></span> <span class='ocrx_word' id='word_1_860' title='bbox 3070 5575 3152 5639; x_wconf 87' lang='grc' dir='ltr'><strong>εἰς</strong></span> <span class='ocrx_word' id='word_1_861' title='bbox 3193 5574 3389 5647; x_wconf 75' lang='grc' dir='ltr'>ὀσμὴν</span> <span class='ocrx_word' id='word_1_862' title='bbox 3439 5576 3677 5635; x_wconf 78' lang='grc' dir='ltr'>εὐωδίας</span> <span class='ocrx_word' id='word_1_863' title='bbox 3715 5568 3789 5640; x_wconf 75' lang='grc' dir='ltr'><strong>τῷ</strong></span> 
     </span>
    </p>
   </div>
   <div class='ocr_carea' id='block_1_116' title="bbox 2172 5659 3791 5736">
    <p class='ocr_par' dir='ltr' id='par_1_116' title="bbox 2172 5659 3791 5736">
     <span class='ocr_line' id='line_1_116' title="bbox 2172 5659 3791 5736; baseline -0.003 -20"><span class='ocrx_word' id='word_1_864' title='bbox 2172 5661 2311 5733; x_wconf 81' lang='grc' dir='ltr'>Θεῷ,</span> <span class='ocrx_word' id='word_1_865' title='bbox 2335 5663 2434 5733; x_wconf 80' lang='grc' dir='ltr'><strong>τὴν</strong></span> <span class='ocrx_word' id='word_1_866' title='bbox 2457 5664 2657 5725; x_wconf 82' lang='grc' dir='ltr'>πίστιν,</span> <span class='ocrx_word' id='word_1_867' title='bbox 2689 5665 2789 5736; x_wconf 82' lang='grc' dir='ltr'>τὴν</span> <span class='ocrx_word' id='word_1_868' title='bbox 2811 5663 3021 5728; x_wconf 82' lang='grc' dir='ltr'>ἐλπίδα,</span> <span class='ocrx_word' id='word_1_869' title='bbox 3055 5666 3155 5735; x_wconf 80' lang='grc' dir='ltr'>τὴν</span> <span class='ocrx_word' id='word_1_870' title='bbox 3186 5664 3455 5735; x_wconf 80' lang='grc' dir='ltr'>ἀγάπην.</span> <span class='ocrx_word' id='word_1_871' title='bbox 3486 5659 3791 5733; x_wconf 86' lang='grc' dir='ltr'>Τεθλιμμέ-</span> 
     </span>
    </p>
   </div>
   <div class='ocr_carea' id='block_1_117' title="bbox 2173 5754 3791 5829">
    <p class='ocr_par' dir='ltr' id='par_1_117' title="bbox 2173 5754 3791 5829">
     <span class='ocr_line' id='line_1_117' title="bbox 2173 5754 3791 5829; baseline 0.001 -21"><span class='ocrx_word' id='word_1_872' title='bbox 2173 5771 2262 5809; x_wconf 88' lang='grc' dir='ltr'><strong>νον</strong></span> <span class='ocrx_word' id='word_1_873' title='bbox 2295 5754 2351 5808; x_wconf 82' lang='grc' dir='ltr'><strong>δὲ</strong></span> <span class='ocrx_word' id='word_1_874' title='bbox 2382 5755 2543 5810; x_wconf 78' lang='grc' dir='ltr'>αὑτὸν</span> <span class='ocrx_word' id='word_1_875' title='bbox 2574 5755 2829 5827; x_wconf 74' lang='grc' dir='ltr'>ὀνομάζει</span> <span class='ocrx_word' id='word_1_876' title='bbox 2859 5756 3007 5825; x_wconf 75' lang='grc' dir='ltr'>λαὸν,</span> <span class='ocrx_word' id='word_1_877' title='bbox 3041 5756 3212 5812; x_wconf 84' lang='grc' dir='ltr'>διὰτοι</span> <span class='ocrx_word' id='word_1_878' title='bbox 3258 5757 3326 5809; x_wconf 83' lang='grc' dir='ltr'><strong>τὸ</strong></span> <span class='ocrx_word' id='word_1_879' title='bbox 3358 5758 3632 5829; x_wconf 78' lang='grc' dir='ltr'>πλείστην</span> <span class='ocrx_word' id='word_1_880' title='bbox 3666 5756 3791 5825; x_wconf 76' lang='grc' dir='ltr'>ὅσην</span> 
     </span>
    </p>
   </div>
  </div>
