4060 6456
318 337 433 392 41⁸9

1445 319 1506 373 ΙΝ
1555 319 1786 374 ISAMM
1831 320 1958 377 ΜΒ.
1999 319 2062 376 ll.
2104 319 2342 378 TOMUS
2378 323 2464 379 ιν.

3542 331 3650 386 450

319 455 632 524 ὑπομεῖναι
665 447 1046 520 ταλαιπωρίαν
1091 447 1158 499 τά
1189 445 1255 498 ἐκ
1287 443 1385 515 τῆς
1419 444 1570 506 θείας
1603 441 1775 514 ὀργῆς
1804 443 1940 496 ὐπο-

2058 459 2236 499 eorum
2272 446 2339 500 ad
2371 446 2590 502 meliora
2619 447 2741 504 inde
2770 448 3082 520 designans.
3113 447 3300 505 Planta
3345 449 3488 504 enim
3519 450 3652 504 vivi-

319 551 622 621 μείναντα.
652 546 766 600 Καὶ
805 543 944 614 πρός
983 558 1046 610 γε
1084 539 1260 609 τούτῳ
1300 537 1396 590 καὶ
1434 535 1768 606 τετιλμένον·
1801 535 1942 605 τάχα

317 660 425 696 που
462 641 570 710 τὴν
613 639 692 700 είς
718 635 787 690 τὰ
815 635 1025 706 ἀμείνω
1062 633 1396 703 μετάστασιν
1422 628 1606 682 αὐτῶν
1635 627 1725 681 διά
1751 627 1942 681 τούτου

315 732 528 804 δηλῶν.
579 731 656 783 Τὸ
709 729 820 798 γάρ
861 744 944 780 τοι
979 725 1148 794 φυτὸν
1186 721 1680 794 μεταμοσχεύεται,
1723 721 1818 775 κα)⁵
1853 719 1944 790 βό-

320 828 455 898 θρου
507 823 610 876 τοῦ
651 824 711 874 ἐν
759 818 910 890 αὐτῷ
953 817 1402 888 ἁποτετιλμένου,
1455 815 1768 887 μεταχωρεῖ
1809 815 1946 884 πρὸς

290 965 298 986 ,
325 922 536 990 ἕτερον·
577 913 858 986 γεωργίας
886 913 943 966 δέ
970 913 1070 981 τῆς
1101 911 1333 983 ἀρίστης
1362 903 1517 974 οὗτος
1547 911 1576 962 ό
1603 909 1804 982 τρόπος
1831 910 1946 973 τοῖς

339 1011 552 1065 εἰωθόσι
591 1009 882 1077 γηπονεῖν.
923 1004 1080 1058 Οῦτω
1112 1005 1206 1056 καὶ
1238 1003 1347 1056 τῶν
1377 1005 1436 1055 ἐν
1475 1003 1707 1066 πλάναις
1736 1004 1764 1056 ὁ
1797 1000 1922 1064 νοῦς

340 1099 826 1175 μεταῦοθρεύεται,
854 1098 1056 1169 τρόπον
1083 1097 1229 1156 τινὰ,
1265 1099 1362 1166 τῆς
1398 1097 1495 1166 μὲν
1527 1096 1762 1167 ἀρχαίας
1797 1093 1944 1148 ἀπά-

333 1212 428 1266 της
477 1188 596 1247 οἶον
635 1190 1040 1260 ἐκτετιλμένος,
1086 1188 1448 1258 ἐμφυτευθεὶς
1477 1188 1534 1241 δὲ
1585 1187 1722 1259 πρὸς
1751 1186 1944 1257 ἐτέρας

328 1288 564 1349 ἐννοίας,
603 1286 700 1338 καὶ
738 1284 878 1355 πρός
900 1299 964 1350 γε
995 1282 1171 1352 τούτῳ
1203 1281 1444 1344 σπουδὰς
1486 1280 1580 1334 καὶ
1615 1279 1818 1348 γνῶσιν
1845 1279 1944 1350 τὴν

326 1378 709 1451 προῦχουσαν,
746 1375 946 1446 μᾶλλον
971 1374 1027 1426 δὲ
1064 1375 1158 1426 καὶ
1191 1373 1544 1446 ἀσυγκρίτως
1579 1375 1678 1444 τῆς
1709 1373 1946 1445 ἀρχαίας

319 1475 382 1526 ἐν
406 1470 724 1540 ἀμείνοσιν.
756 1467 1218 1539 Καρποφορήσειν
1247 1465 1304 1518 δὲ
1331 1465 1530 1530 αὐτοὺς
1559 1467 1639 1528 είς
1657 1465 1752 1519 τὸν
1774 1465 1946 1519 αἰῶνα

319 1563 549 1634 χρόνον,
617 1559 763 1612 τοῦτ’
813 1557 949 1621 ἐστι,
1007 1556 1294 1626 διηνεκῶς,
1350 1556 1411 1609 οὐ
1471 1555 1740 1626 διακοπῆς
1800 1571 1944 1619 τινος

325 1632 935 1727 μεταξυμϐησομένης,
987 1651 1075 1704 ἀεὶ
1119 1649 1175 1701 δὲ
1216 1632 1417 1716 μᾶλλον
1455 1648 1551 1701 καὶ
1597 1648 1758 1720 μέχρι
1811 1665 1947 1702 παν-

319 1750 441 1812 τός.
478 1747 777 1816 Τοιγάρτοι
816 1743 913 1796 καὶ
951 1742 1126 1814 μέγαν
1158 1743 1323 1794 αὐτὸν
1347 1741 1610 1812 ὀνομάζει
1644 1741 1790 1794 λαόν’
1827 1742 1857 1811 ἦ
1885 1742 1946 1794 τὸ

324 1839 616 1909 πολύχουν
647 1834 817 1890 αὐτοῦ
847 1835 935 1888 διὰ
965 1835 1158 1887 τούτου
1198 1833 1505 1904 σημαίνων.
1542 1834 1574 1904 ἢ
1607 1834 1688 1886 ὅτι
1723 1834 1946 1902 γέγονεν

316 1927 626 1996 εὐδόκιμος
660 1923 997 1994 κεκλημένος
1027 1924 1116 1976 διὰ
1153 1924 1393 1987 πίστεως
1430 1923 1533 1993 τῆς
1566 1926 1647 1987 είς
1685 1924 1944 1995 Χριστόν.

323 2019 395 2069 Οί
428 2017 544 2087 γὰρ
575 2016 700 2078 τοὺς
731 2015 925 2078 ἄλλους
957 2015 1203 2078 ἅπαντας
1230 2014 1491 2077 νικῶντές
1527 2031 1661 2068 ποτε
1712 2015 1849 2086 πρὸς
1879 2015 1948 2068 τὲ

319 2109 435 2177 τῆς
495 2107 946 2178 εἰδωλολατρείας
1000 2106 1344 2176 ἐγκλήματα,
1410 2106 1506 2160 νῦν
1556 2109 1696 2161 είσιν
1737 2107 1948 2162 πολλῶν

321 2203 598 2272 ἀμείνους
632 2201 725 2254 καὶ
767 2199 1147 2270 συνετώτεροι,
1185 2199 1279 2252 καὶ
1323 2201 1702 2272 ἀκμαιοτάτην
1733 2201 1950 2272 ἔχοντες

322 2296 430 2366 τὴν
466 2298 550 2357 εἰς
577 2294 814 2364 Χριστὸν
846 2294 1088 2363 ἀγάπην,
1121 2293 1212 2346 καὶ
1247 2293 1347 2364 τὴν
1369 2295 1451 2356 εἰς
1485 2294 1594 2347 πᾶν
1625 2294 1805 2348 ὁτιοῦν
1840 2295 1950 2348 τῶν

323 2387 565 2457 ἀγαθῶν
615 2386 929 2456 εὐτολμίαν.
974 2378 1053 2439 Οὖ
1091 2385 1201 2457 γὰρ
1238 2387 1566 2440 ἐπλεόνασεν
1609 2389 1642 2460 ἠ
1682 2389 1947 2459 ἁμαρτία,

326 2479 527 2549 φησιν,
550 2477 1173 2551 ὐπερεπερι[ἑ]σσευσεν
1207 2481 1241 2552 ἡ
1264 2480 1444 2551 χάρις.
1477 2479 1586 2532 Ποῦ
1605 2482 1783 2534 τοίνυν
1816 2499 1952 2552 καρ-

324 2574 786 2642 ποφορὴσουσικη
813 2570 909 2633 Εἰς
939 2569 1029 2622 τὸν
1048 2571 1233 2635 τόπον,
1265 2573 1452 2642 φησιν,
1479 2569 1541 2627 οὐ
1561 2574 1620 2626 τὸ
1646 2573 1817 2644 ὄνομα
1845 2576 1952 2627 Ku-

327 2665 458 2736 ρίου
487 2662 720 2717 Σαϐαὼο
762 2663 1042 2734 ἐπεκλήθη
1092 2664 1224 2734 όρος
1274 2664 1433 2730 Σιὼν,
1471 2666 1617 2719 τοῦτ’
1655 2667 1804 2721 ἐστιν
1827 2709 1838 2730 ,
1869 2669 1952 2732 εἰς

323 2757 392 2809 τὸ
424 2756 556 2826 ὅρος
588 2755 649 2808 τὸ
679 2754 842 2819 Σιὼν,
885 2754 1014 2808 ἔνθα
1051 2757 1117 2810 ἂν
1156 2756 1479 2828 ἐπικληθείη
1528 2758 1590 2811 τὸ
1628 2758 1802 2830 ὄνομα
1835 2761 1953 2813 Κυ-

328 2849 458 2922 ρίου
489 2847 739 2901 Σαεαώθ.
767 2849 1032 2920 Σημαίνει
1062 2851 1118 2904 δέ
1143 2851 1233 2905 διὰ
1254 2852 1446 2905 τούτου
1469 2855 1567 2923 τὴν
1595 2853 1949 2925 Ἐκκλησίαν,

325 2939 394 2992 τὸ
435 2939 588 3011 μέγα
622 2941 716 2994 καὶ
745 2942 939 3013 νοητὸν
965 2943 1113 3013 ὄρος
1147 2943 1429 3015 χθαμαλὸν
1463 2946 1571 3016 γὰρ
1598 2946 1752 2999 οὐδὲν
1775 2947 1833 2998 ἐν
1857 2947 1954 3000 αὐ-

326 3035 425 3103 τῇ,
464 3033 584 3084 ἀλλ’
612 3033 734 3086 οὐδέ
763 3034 873 3088 τῶν
905 3036 1312 3106 πεπατημένων
1339 3037 1649 3108 δογμάτων,
1678 3039 1794 3091 ἀλλ’
1825 3041 1878 3092 εί
1899 3056 1952 3092 τι

323 3127 492 3196 μέγα
549 3126 644 3180 καὶ
695 3125 921 3198 ὑψηλὸν,
966 3129 999 3196 ἡ
1052 3129 1181 3198 περὶ
1218 3128 1355 3181 Θεοῦ
1395 3129 1489 3183 τοῦ
1541 3131 1662 3184 κατ’
1691 3129 1952 3202 ἀλήθειαν

329 3219 548 3286 γνῶσις
587 3218 853 3290 δηλονότι,
900 3220 934 3290 ἡ
979 3219 1212 3290 δήλωσίς
1237 3239 1296 3274 τε
1329 3223 1424 3274 καὶ
1459 3223 1607 3293 μάλα
1642 3224 1818 3293 σαφὴς
1846 3223 1956 3276 τῶν

330 3311 438 3365 τοῦ
467 3311 722 3382 Σωτῆρος
745 3314 778 3382 ή
788 3311 907 3382 μῶν
935 3312 1276 3383 μυστηρίων.
1309 3313 1448 3366 Σιὼν
1469 3315 1526 3367 δὲ
1549 3315 1675 3386 ὄρος
1699 3316 1957 3383 ὀνομάζει

331 3404 674 3467 πλειστάκις
722 3406 756 3476 ἡ
805 3405 1166 3471 θεόπνευστος
1221 3407 1260 3458 Γ
1264 3407 1412 3479 ραφὴ
1474 3407 1574 3480 τὴν
1627 3406 1960 3479 Ἐκκλησίαν

332 3497 614 3570 Χριστοῦ,
638 3497 715 3561 ὡς
749 3498 857 3552 ἀπό
889 3515 954 3568 γε
987 3500 1088 3570 τῆς
1119 3499 1346 3572 πρώτης
1375 3501 1720 3571 όνομάζουσα
1751 3501 1961 3572 νοητῶς

333 3592 447 3666 τὴν
477 3591 852 3664 ἀληθεστέραν
882 3591 1040 3656 Σιὼν,
1069 3591 1098 3644 ὃ
1125 3592 1274 3646 ἐστιν
1305 3593 1483 3665 ὑψηλὴ
1519 3593 1612 3648 καὶ
1653 3597 1962 3665 σκοπευτή-

337 3703 493 3758 ριον.
524 3684 940 3756 Προσέρριπται
975 3685 1034 3738 δέ
1069 3684 1158 3738 διὰ
1194 3684 1382 3754 μέσου·
1433 3685 1508 3738 Τὸ
1542 3685 1692 3749 ἔθνος
1741 3685 1962 3750 ἐλπίζον

336 3779 444 3832 καὶ
496 3777 1054 3847 καταπεπατημένον,
1105 3777 1134 3828 ὅ
1185 3777 1334 3830 ἐστιν
1389 3778 1447 3832 ἐν
1493 3779 1654 3850 μέρει
1711 3779 1961 3850 ποταμοῦ

335 3873 450 3943 τῆς
496 3869 684 3940 χώρας
724 3868 914 3923 αὐτοῦ.
966 3869 1211 3938 Ἤρξατο
1256 3869 1369 3941 γὰρ
1423 3873 1456 3942 ἠ
1496 3870 1606 3924 τῶν
1644 3872 1962 3940 Αἰγυπτίων

336 3963 663 4034 ἐπιστροφὴ
716 3962 856 4034 πρὸς
915 3961 1050 4014 Θεὸν
1105 3962 1213 4015 ἀπό
1264 3980 1411 4026 τινος
1463 3964 1664 4035 μέρους
1709 3966 1810 4036 τῆς
1847 3963 1958 4036 χώ-

340 4074 456 4130 ρας
503 4056 769 4126 κειμένης
811 4054 1072 4108 ἐπέκεινα
1115 4056 1210 4108 τοῦ
1255 4056 1534 4127 ποταμοῦ·
1577 4057 1666 4112 ἵνα
1695 4060 1823 4130 νοῇς
1858 4059 1961 4130 τῆς

355 4147 894 4220 Ῥινοκορουρητῶν,
947 4148 1118 4219 ἧγουν
1160 4148 1270 4201 τῶν
1314 4149 1500 4202 αὐτόθι
1548 4149 1757 4205 πόλεων
1813 4151 1962 4222 μίαν.

336 4241 522 4309 Λέγει
546 4240 659 4313 γὰρ
701 4241 758 4292 ἐν
790 4241 905 4305 τοῖς
936 4242 1020 4310 ἐφ’
1051 4242 1200 4312 ἑξῆς,
1244 4242 1301 4294 ἐν
1334 4245 1400 4313 τῇ
1436 4244 1625 4314 ὁράσει
1657 4244 1757 4316 τῆς
1796 4245 1965 4314 Αίγύ-

339 4348 520 4388 πτου’
562 4333 642 4404 Τῇ
673 4332 856 4404 ἡμέρᾳ
879 4333 1066 4406 ἐκείνῃ
1089 4332 1243 4386 ἐσται
1273 4334 1658 4406 θυσιαστήριον
1678 4336 1756 4407 τῷ
1778 4337 1968 4408 Κυρίῳ

340 4429 407 4479 ἐν
447 4425 612 4496 χώρᾳ
654 4423 994 4492 Αἰγυπτίων,
1036 4423 1132 4477 καὶ
1169 4425 1338 4496 στήλη
1381 4426 1520 4498 πρὸς
1559 4425 1622 4478 τὸ
1669 4427 1818 4496 ὄριον
1865 4429 1960 4480 αὑ.

2049 539 2264 594 radices
2287 539 2510 606 emittit,
2543 549 2598 594 et
2653 539 3010 594 fundamento
3060 557 3158 593 suo
3197 540 3405 601 evulsa,
3454 542 3652 595 transit

2048 633 2114 686 ad
2139 633 2396 686 alterum.
2437 630 2567 687 Haec
2595 633 2941 701 agriculturae
2979 635 3198 700 Optima:
3243 633 3454 702 species
3505 649 3654 702 quw-

2047 726 2171 779 dam
2205 734 2288 778 est
2329 723 2470 792 apud
2529 724 2841 794 agricolas:
2878 725 2958 779 sic
2991 725 3156 778 etiam
3205 725 3420 777 animus
3457 739 3649 778 eorum

2048 820 2213 890 quiin
2239 820 2521 874 erroribus
2555 828 2867 885 versantur,
2913 818 3349 886 transplautatur
3377 820 3651 885 quodam-

2049 913 2229 976 modo,
2260 929 2289 966 a
2326 912 2496 967 veteri
2543 912 2858 966 seductiouc
2891 921 3146 978 tanquam
3179 910 3454 972 revulsus,
3491 919 3546 961 et
3596 908 3649 961 in

2049 1007 2216 1061 aliam
2244 1017 2481 1060 mentem
2513 1007 2580 1059 ad
2616 1005 2720 1058 alia
2757 1005 2936 1058 studia
2985 1003 3256 1070 aliamque
3279 1001 3648 1070 cognitionem

2048 1107 2423 1171 prtestantem,
2478 1099 2588 1152 ituo
2639 1098 2866 1166 antiqua
2920 1094 3419 1162 incomparabiliter
3463 1093 3654 1147 melio-

2051 1212 2185 1257 rem,
2217 1195 2464 1247 traducta
2495 1208 2559 1247 ac
2589 1192 2773 1246 insita.
2809 1190 2882 1244 Ut
2924 1189 3252 1244 fructilicent
3294 1189 3345 1241 iu
3375 1188 3651 1240 wternita-

2052 1300 2180 1351 tem,
2217 1289 2265 1342 id
2299 1300 2383 1342 est
2416 1287 2782 1349 continenter,
2829 1284 2976 1337 nulla
3037 1282 3453 1350 interruptione,
3498 1279 3647 1332 utilia

2052 1395 2264 1436 remora
2311 1379 2726 1441 interveniente,
2761 1378 2870 1430 imo
2906 1391 3034 1428 vero
3071 1388 3289 1440 semper
3316 1382 3370 1426 et
3395 1386 3564 1439 usque
3595 1373 3645 1422 in

2047 1487 2264 1528 omnem
2293 1471 2734 1543 perpetuitatem.
2772 1470 2952 1535 Quare
2981 1478 3038 1522 et
3083 1482 3337 1535 maguum
3393 1480 3516 1518 eum
3559 1478 3652 1527 po-

2052 1563 2236 1634 pulum
2280 1561 2546 1625 nominat,
2587 1559 2668 1612 vel
2719 1558 3109 1613 fecunditatem
3156 1557 3273 1623 ejus
3318 1554 3424 1607 late
3479 1554 3653 1606 fusam

2050 1657 2175 1710 imle
2203 1656 2446 1724 signans,
2479 1653 2562 1706 vel
2608 1653 2752 1720 quod
2803 1652 3063 1720 probatus
3092 1647 3389 1709 exstiterit,
3455 1661 3551 1714 per
3591 1645 3654 1696 li,

2051 1747 2176 1802 dem
2228 1762 2349 1816 quae
2379 1754 2465 1799 est
2491 1745 2543 1797 iu
2583 1743 2883 1809 Christum,
2917 1752 3164 1797 vocatus.
3203 1741 3303 1807 Qui
3336 1742 3480 1794 enim
3516 1740 3656 1792 alios

2051 1854 2245 1896 omnes
2302 1838 2626 1892 idololatria:
2677 1837 2883 1891 scelere
2925 1837 3053 1889 olim
3111 1843 3468 1903 superarunt,
3510 1848 3656 1885 nunc

2051 1931 2460 2002 prrestantiores
2483 1941 2610 1984 sunt
2637 1930 2820 1983 multis
2847 1939 2900 1983 et
2932 1929 3335 1998 prudentiores.
3393 1937 3447 1978 et
3480 1926 3656 1976 inten-

2049 2028 2266 2082 sissima
2324 2026 2378 2078 in
2428 2023 2710 2080 Christum
2773 2023 3068 2082 charitate,
3119 2030 3175 2072 et
3209 2019 3273 2071 ad
3303 2018 3484 2070 omnia
3513 2016 3654 2070 bona

2050 2118 2368 2174 fortitudine
2404 2132 2469 2170 ac
2513 2117 2730 2170 fidentia
2776 2113 3006 2183 praediti.
3043 2111 3140 2166 Ubi
3183 2109 3326 2164 enim
3363 2107 3659 2160 almudavit

2051 2223 2366 2283 peccatum,
2603 2206 3062 2278 snpet'abnndavil
3088 2205 3260 2272 gratia
3291 2200 3355 2256 "’.
3392 2199 3494 2255 Ubi
3527 2214 3657 2268 ergo

2053 2305 2288 2360 fructum
2322 2304 2530 2358 ferent?
2563 2304 2617 2355 In
2653 2302 2794 2364 loco,
2829 2297 3026 2366 inquit,
3067 2297 3156 2348 uhi
3213 2310 3407 2348 nomen
3442 2291 3656 2345 Dotnini

2054 2397 2296 2452 Sabaoth
2328 2397 2636 2450 invocatum
2682 2403 2766 2448 est
2799 2406 2956 2444 mons
2980 2390 3135 2451 Sion,
3169 2389 3218 2439 id
3252 2397 3358 2449 εει,
3391 2386 3442 2436 in
3479 2393 3660 2436 monte

2055 2493 2215 2556 Sion,
2245 2492 2334 2545 ubi
2386 2493 2693 2545 invocatum
2743 2499 2826 2542 est
2872 2503 3068 2541 nomen
3129 2485 3344 2538 Domini
3395 2481 3656 2535 Sabaoth.

2057 2584 2213 2641 Unde
2257 2583 2535 2652 signiﬁcat
2581 2581 2902 2641 Ecclesiam,
2954 2595 3210 2646 maguum
3255 2588 3308 2631 et
3355 2575 3656 2645 spiritalem

2059 2685 2299 2732 montem
2337 2691 2351 2728 :
2387 2673 2517 2726 nihil
2557 2672 2700 2726 enim
2737 2672 2790 2725 in
2819 2689 2878 2722 ea
2907 2671 3132 2735 humile,
3161 2685 3264 2722 non
3299 2667 3529 2737 protrita
3565 2673 3660 2718 aut

2056 2765 2296 2837 proiecta
2347 2763 2624 2830 dogmata,
2695 2763 2787 2815 sel
2835 2761 3098 2830 quidquid
3148 2769 3231 2812 est
3285 2773 3538 2826 tuagmrm
3601 2763 3660 2810 et

2057 2857 2356 2920 excelsum,
2396 2871 2522 2909 vera
2585 2854 2793 2909 scilicet
2857 2854 2948 2907 Dei
3013 2853 3272 2922 cognitio,
3326 2860 3382 2904 et
3432 2849 3659 2902 illustris

2059 2949 2372 3005 Servatoris
2401 2949 2572 3002 nostri
2624 2947 3006 3018 mysteriorum
3038 2944 3350 3012 patefactio.
3389 2941 3519 2995 Sion
3563 2956 3660 2992 au-

2062 3054 2168 3098 tem
2215 3051 2455 3095 montem
2511 3040 2758 3094 nominat
2790 3050 3168 3108 smpcnmnero
3194 3033 3456 3087 divinitus
3491 3033 3662 3101 inspi-

1981 3159 2024 3216 ο
2062 3143 2179 3190 rata
2210 3133 2514 3201 Scriptura,
2571 3130 2872 3187 Ecclesiam
2920 3127 3150 3191 Christi,
3210 3126 3355 3180 velut
3403 3141 3431 3178 a
3486 3126 3660 3195 prima

2065 3228 2356 3282 nominans
2418 3224 2781 3294 spiritualiter
2839 3224 3105 3276 veriorem
3166 3221 3329 3282 Sion,
3393 3220 3662 3288 quodest

2061 3319 2276 3372 excelsa
2310 3327 2366 3371 et
2399 3317 2638 3387 specula.
2688 3314 3038 3384 lnterjectum
3064 3321 3146 3366 est
3176 3311 3370 3365 deinde
3399 3311 3450 3363 in
3484 3309 3662 3363 ιι.εάΞο

2065 3412 2192 3464 illud
2225 3427 2238 3462 :
2286 3409 2432 3465 Gens
2462 3422 2687 3476 sperans
2717 3415 2771 3460 et
2790 3406 3131 3465 conculcata,
3165 3418 3286 3471 quae
3314 3411 3398 3455 est
3433 3401 3482 3453 in
3513 3408 3665 3469 parte

2063 3502 2211 3556 ﬂuvii
2265 3502 2503 3570 regionis
2529 3500 2665 3567 ejus.
2697 3499 2875 3569 Coepit
2915 3497 3058 3552 cnim
3109 3493 3492 3564 [Egyptiorum
3540 3508 3666 3547 can-

2064 3598 2247 3650 versio
2277 3596 2343 3649 ad
2381 3594 2553 3648 Deum
2584 3610 2612 3646 a
2640 3596 2873 3661 quadam
2924 3589 3162 3660 regionis
3188 3597 3344 3658 parte
3387 3586 3526 3640 ultra
3568 3585 3667 3637 llu-

2065 3689 2210 3743 vium
2247 3689 2374 3754 sita,
2398 3697 2455 3741 ut
2493 3687 3078 3745 lihinocoruretarum,
3119 3681 3203 3736 vel
3233 3697 3396 3734 unam
3425 3679 3664 3748 aliquam

2065 3779 2347 3834 civitatum
2379 3791 2499 3847 quae
2529 3776 2662 3830 inibi
2715 3785 2864 3841 sunt,
2909 3773 3200 3842 intelligas.
3248 3772 3390 3826 Dicit
3421 3774 3562 3825 enim
3613 3771 3664 3824 iu

2065 3871 2550 3942 subsequentibus,
2590 3870 2642 3923 in
2694 3870 2905 3924 visione
2952 3865 3171 3937 Egypti
3217 3879 3232 3918 :
3271 3865 3364 3920 Die
3412 3863 3500 3917 illa
3562 3863 3669 3916 erit

2067 3963 2241 4017 altare
2265 3962 2492 4018 Damino
2527 3962 2578 4014 iu
2614 3962 2832 4030 regione
2861 3958 3266 4030 Egyptiorum,
3307 3967 3362 4009 et
3416 3953 3664 4008 columna

2068 4056 2136 4111 ad
2181 4055 2474 4110 terminum
2501 4054 2619 4121 ejus
2666 4053 2914 4106 Domino.
2953 4052 3017 4104 Et
3048 4051 3153 4105 erit
3199 4049 3251 4102 in
3290 4048 3501 4117 signum
3561 4045 3668 4097 Do-

2070 4151 2240 4214 mino,
2288 4149 2426 4201 etin
2481 4155 2745 4200 aeternum
2801 4155 3014 4213 tempus
3052 4143 3108 4196 in
3157 4143 3378 4210 regione
3425 4139 3668 4210 Egypti.

2068 4242 2405 4298 Conculcata
2445 4255 2576 4296 vero
2607 4250 2711 4304 est,
2751 4239 2909 4308 quasi
2957 4237 3080 4291 belli
3135 4236 3542 4290 calamitatibus
3588 4243 3673 4285 at-

2073 4336 2197 4390 trita
2231 4344 2287 4388 et
2329 4345 2555 4388 contusa
2598 4349 2612 4385 :
2647 4345 2876 4399 sperans
2917 4340 3123 4394 autem,
3167 4328 3422 4396 quoniam
3483 4338 3673 4395 postea

2074 4431 2128 4484 in
2154 4429 2374 4484 Christo
2408 4443 2558 4497 spem
2585 4427 2724 4489 fixit,
2757 4424 3131 4496 ejusquejugo
3163 4422 3430 4476 cervicem
3459 4421 3672 4473 Submi-

341 4519 452 4589 τῆς
488 4515 569 4586 τῷ
602 4517 812 4589 Κυρίῳ.
845 4517 1128 4569 Καὶέσται
1152 4518 1232 4580 εἰς
1260 4520 1487 4588 σημεῖον
1522 4518 1732 4589 Κυρίῳ·
1766 4520 1859 4572 καὶ
1886 4522 1951 4584 εἰς

2081 4523 2172 4587 sit,
2221 4524 2380 4593 eique
2408 4521 2617 4585 serviit,
2650 4528 2706 4575 et
2754 4521 2973 4589 pietatis
3030 4531 3212 4571 mores
3260 4515 3414 4585 quasi
3465 4513 3676 4567 fructus

341 4609 444 4661 τὸν
513 4607 688 4660 αἰῶνα
735 4610 792 4660 ἐν
848 4607 1005 4678 χώρᾳ
1059 4609 1358 4678 Αἰγύπτου.
1411 4610 1522 4662 Καὶ
1578 4613 1965 4682 πεπατημένον
2077 4616 2324 4686 ριόιιιΙιι.

349 4706 456 4777 μὲν
520 4703 600 4768 ὡς
655 4705 1117 4777 συντετριμμένον
1170 4708 1291 4768 ταῖς
1335 4707 1400 4759 ὲκ
1463 4705 1559 4759 τοῦ
1623 4706 1863 4778 πολέμου
1922 4715 2266 4783 συμφοραῖς·
2325 4712 2548 4777 ἐλπίζον
2603 4711 2681 4777 δὲ,
2737 4711 2820 4766 ὅτι
2868 4713 2964 4764 κα)⁵
3025 4709 3156 4764 αὐτὸ
3208 4705 3506 4778 πεποίηται
3569 4702 3671 4774 τὴν

345 4797 556 4852 ἐλπίδα
609 4796 798 4850 λοιπὸν
856 4798 951 4850 ἐπὶ
1009 4796 1252 4868 Χριστῷ,
1307 4798 1401 4850 καὶ
1453 4799 1574 4860 ταῖς
1635 4798 1727 4851 ὑπ’
1780 4799 1930 4871 αὐτῷ
1979 4800 2236 4871 ζεύγλαις
2283 4799 2708 4875 ὑπήνεγκείτὸν
2759 4800 2989 4871 αὐχένα,
3035 4799 3132 4854 καὶ
3173 4795 3521 4852 δεδούλευκεν
3574 4791 3677 4847 αὐ-

343 4891 456 4962 τῷ,
497 4889 596 4945 καὶ
631 4889 759 4954 τοὺς
805 4889 908 4960 τῆς
953 4889 1238 4953 εὐσεϐείας
1273 4889 1583 4960 κεκάρπικε
1622 4890 1880 4961 τρόπους.

995 5025 1233 5081 ΤΟΜΟΣ
1279 5030 1316 5079 Δ

801 5143 1076 5195 ΟΡΑΣΙΣ
1129 5144 1264 5196 ΑΙΓ
1277 5143 1465 5196 ΥΠΤο
1478 5145 1538 5196 Υ.

446 5254 610 5311 Ἰδοὺ
640 5253 864 5321 Κύριος
889 5253 1140 5323 κάθηται
1171 5254 1269 5307 ἐπὶ
1301 5255 1567 5324 νεφέλης
1587 5257 1839 5326 κούφης,
1869 5259 1969 5313 καὶ

351 5350 496 5418 ἣξει
521 5351 614 5413 εις
645 5347 977 5417 Αιγυπτον,
1002 5346 1103 5401 καὶ
1125 5348 1521 5414 σεισθήσεται
1554 5349 1626 5404 τὰ
1643 5351 1982 5420 χειροποίη-

351 5461 434 5499 τα
477 5443 786 5511 Αἰγύπτου
813 5440 936 5495 ἀπὸ
970 5443 1298 5510 προσώπου
1327 5443 1536 5508 αὐτοῦ,
1573 5444 1672 5498 καὶ
1701 5447 1740 5513 ἡ
1768 5443 1980 5513 καρδιά

353 5532 570 5592 αὐτῶν
597 5533 1002 5602 ήττηθήσεται
1032 5536 1103 5588 ἐν
1123 5535 1352 5602 αὐτοῖς.

435 5628 580 5682 Τίνα
606 5626 673 5697 δὴ
697 5627 900 5698 τρόπον
931 5630 964 5696 ἡ
996 5627 1103 5681 τῶν
1144 5629 1461 5698 Λίγυπτίων
1507 5630 1775 5682 σέσωσται
1821 5629 1975 5702 χώρα

299 5009 314 5034 ι

2671 5027 2914 5086 TOMUS
2949 5026 3036 5082 ιν.

2591 5143 2803 5198 VISIO
2855 5139 3182 5196 AEGYPTI.

2149 5261 2281 5318 CAP.
2320 5277 2432 5315 xIx.
2474 5257 2641 5312 Vsus.
2663 5260 2714 5313 1.
2752 5257 2885 5312 Ecce
2914 5257 3170 5312 Dominus
3197 5259 3383 5311 insidet
3411 5257 3534 5310 nubi
3557 5255 3674 5323 levi,

2090 5365 2140 5411 et
2185 5355 2353 5409 veniet
2391 5354 2443 5406 in
2485 5350 2817 5422 ngypium,
2860 5363 2906 5404 et
2957 5353 3326 5405 t‘om'utientur
3371 5350 3679 5416 ntunulacla

2089 5447 2316 5519 {Egypti
2345 5465 2376 5502 a
2421 5446 2563 5516 facie
2581 5445 2718 5515 ejus,
2755 5454 2803 5498 et
2835 5461 2927 5498 cor
2949 5461 3128 5498 eorum
3164 5442 3366 5510 deﬁciet
3397 5441 3449 5491 in
3489 5437 3634 5506 ipsis.

2159 5631 2443 5698 Quomodo
2465 5628 2852 5702 Egyptiorum
2887 5627 3035 5697 regio
3059 5632 3272 5681 servata
3305 5617 3492 5684 fuerit,
3521 5626 3575 5673 et
3607 5617 3678 5674 ad

431 5788 484 5824 ’δ’
522 5785 541 5842 Ι
581 5783 822 5842 Timoth.
853 5801 891 5849 t,
928 5785 1008 5838 li.
