4060 6530
403 335 495 390 ιδι

1397 339 1455 390 s.
1498 333 1776 388 CYRZLLI
1814 314 2286 386 ALEXANH'thl
2324 315 2646 403 Ananiae.

3572 336 3683 392 432

398 457 661 523 pietatem
689 453 848 524 quasi
876 452 1189 523 itlaqueata,
1225 468 1321 523 per
1349 452 1507 508 tidem
1538 452 1791 507 videlicet
1830 451 1979 506 Chri-

2094 448 2190 500 καὶ
2240 449 2639 516 σεσαγήνευται
2686 447 2823 519 πρὸς
2861 446 3184 513 εὐσέϐειαν,
3227 448 3316 503 διὰ
3347 436 3583 516 πίστεως
3621 452 3681 508 δὲ

394 545 657 610 ειὶςιιιιιιιι,
681 546 1029 614 quantumvis
1059 546 1352 599 multorum
1402 545 1625 600 deorum
1670 544 1892 606 cultrix,
1928 552 1983 598 et

438 636 605 687 rroris
649 640 838 690 morbo
887 636 1195 706 prodigiose
1249 635 1467 700 aﬂecta,
1523 636 1721 691 docere
1792 635 1983 688 nititur

408 746 547 775 owe
581 731 755 781 verbis
787 733 1072 796 propheta.
1096 728 1264 783 Erant
1303 730 1502 783 etenim
1536 740 1788 797 tanquam
1816 727 1981 797 282

405 818 682 883 profundis
713 823 954 875 tenebris
970 824 1172 887 obruti,
1204 832 1393 875 natura
1421 822 1584 876 Deum
1613 828 1669 876 et
1702 835 1826 874 vere
1859 821 1983 873 uni-

408 914 679 963 vetsttatis
732 914 1091 966 architectum
1126 926 1179 966 et
1231 913 1516 968 Dominum
1565 927 1791 980 prorsus
1831 911 1984 980 igno-

406 1014 619 1065 rantes,
686 1014 950 1056 creaturae
995 1006 1400 1058 venerationem
1438 1005 1836 1064 attribueutes,
1894 1009 1979 1067 et,

401 1108 542 1158 ιιιιυιι
572 1095 749 1146 adhuc
780 1097 1073 1148 absurdius
1104 1106 1210 1161 est,
1245 1111 1465 1152 suorum
1499 1097 1721 1149 deorum
1745 1092 1984 1147 artiﬁces

404 1202 523 1236 esse
559 1189 1123 1252 deprehendehantur,
1152 1200 1205 1242 et
1233 1188 1547 1258 multiplicia
1567 1188 1830 1241 idolorunt
1851 1200 1983 1239 exa-

410 1294 549 1327 nima
584 1294 634 1328 ιιι
672 1280 909 1331 delubris
940 1281 1158 1345 haltere,
1182 1292 1237 1331 et
1267 1281 1622 1334 animantium
1653 1278 1863 1332 ratione
1892 1291 1984 1331 ca-

404 1370 634 1417 lt'tttttttn
691 1369 888 1435 ligurus
911 1370 1181 1438 clIingere,
1218 1382 1270 1424 et
1305 1372 1506 1424 erectis
1562 1369 1843 1433 altaribus,
1876 1369 1984 1422 illis

402 1474 471 1509 sai
501 1461 734 1511 rilicare.
752 1460 1006 1528 Oportnit
1038 1478 1166 1529 ergo
1192 1461 1571 1516 ahundantein
1599 1460 1705 1515 illis
1724 1469 1977 1528 peccato,

404 1552 849 1614 ειιιιλ-ιειιιιιιιϋειιε
883 1553 1132 1616 gratiam,
1167 1563 1222 1604 et
1250 1562 1356 1605 tant
1377 1552 1588 1606 infenso
1614 1550 1803 1605 morbo
1831 1550 1981 1606 labo-

403 1644 651 1692 rum-lous
704 1641 1016 1694 “lucescere
1059 1642 1345 1704 medicum,
1380 1650 1435 1695 et
1470 1641 1633 1695 corde
1659 1639 1985 1696 obtenebra-

402 1744 470 1780 us
497 1732 738 1782 duinuut
774 1731 951 1785 lumen
996 1745 1157 1799 atque
1186 1733 1406 1788 cmleste
1443 1732 1823 1787 inclarescere.
1845 1731 1983 1786 Ecce

2089 539 2330 611 δηλονότι
2349 540 2445 609 τῆς
2471 541 2528 592 ὲν
2557 539 2799 610 Χριστῷ,
2824 540 2999 594 καίτοι
3021 541 3281 606 πολύθεος
3309 543 3404 597 καὶ
3433 545 3682 609 ἐκτόπως

2088 632 2322 686 νοσοῦσα
2352 632 2451 703 τὴν
2484 631 2715 703 πλάνην,
2751 635 3008 704 πειρᾷται
3035 633 3310 689 διδάσκειν
3330 629 3366 688 ’ό
3390 639 3683 707 προφήτης

2089 722 2147 775 ἐν
2176 722 2405 786 τούτοις.
2451 716 2632 775 Ἦσαν
2681 720 2780 792 μὲν
2821 722 2931 793 γὰρ
2972 716 3171 793 οἷάπερ
3203 725 3261 775 ὲν
3292 724 3468 793 σκότῳ
3502 723 3679 793 βαθεῖ,

2088 815 2184 869 τὸν
2226 816 2323 885 μὲν
2359 812 2518 884 φύσει
2549 813 2682 867 Θεὸν
2706 814 2802 867 καὶ
2834 813 3051 884 ἀληθῶς
3098 813 3230 868 ὂντα
3265 815 3374 869 τῶν
3403 816 3541 869 ὅλων
3578 817 3679 884 δη-

2093 906 2355 978 μιουργὸν
2374 907 2473 960 καί
2503 905 2708 977 Κύριον
2731 906 3065 977 ἠγνοηκότες
3084 906 3386 971 παντελῶς,
3411 908 3682 961 ἀνάπτον-

2087 1015 2181 1062 τες
2213 998 2272 1052 δὲ
2304 1000 2374 1069 τῇ
2415 998 2594 1052 κτίσει
2623 997 2683 1050 τὸ
2706 997 2868 1059 σέϐας
2888 1013 2902 1027 ο
2942 996 3040 1050 καὶ
3073 997 3136 1051 τὸ
3167 998 3250 1051 ἔτι
3276 998 3467 1051 τούτου
3498 1016 3683 1069 παρα-

2088 1088 2390 1158 λογώτερον
2411 1128 2425 1149 ,
2483 1088 2801 1158 τεχνουργοὶ
2862 1087 2973 1141 τῶν
3023 1087 3169 1141 ἰδίων
3232 1088 3681 1159 ἀναδεικνύμενα

2089 1181 2250 1245 θεῶν,
2274 1181 2367 1235 καὶ
2389 1180 2737 1252 πολύμορφον
2769 1180 3003 1235 εἰδώλων
3032 1181 3198 1251 ἐσμὸν
3223 1182 3283 1233 ὲν
3310 1186 3423 1245 τοῖς
3449 1199 3507 1234 τε
3517 1182 3678 1251 μένει

2092 1285 2178 1321 σιν
2201 1269 2439 1342 έχοντες,
2453 1269 2527 1331 ὡς
2546 1270 2640 1322 καὶ⁵
2655 1267 2811 1333 ζώων
2827 1270 3037 1342 ἀλόγων
3067 1268 3429 1324 ἀναπλάττειν
3446 1272 3674 1335 τύπους,

2090 1363 2186 1415 καὶ
2212 1360 2429 1431 βωμοὺς
2467 1361 2719 1424 ἱστάντας
2761 1361 3055 1415 καταθύειν
3081 1362 3285 1426 αὐτοῖς.
3317 1361 3465 1414 Ἔδει
3491 1363 3677 1418 τοίνυν

2091 1451 2491 1523 πλεοναζούσης
2515 1454 2572 1506 ὲν
2610 1453 2792 1516 αὐτοῖς
2819 1453 3093 1524 ἁμαρτίας
3115 1494 3130 1518 ,
3168 1454 3675 1524 ύπερπερισσεῦσαι

2091 1544 2189 1615 τὴν
2211 1544 2391 1615 χάριν,
2424 1544 2519 1597 καὶ
2550 1547 2661 1608 τοῖς
2688 1544 2862 1609 οὕτως
2906 1545 3170 1616 ὲχθίστως
3201 1547 3519 1618 νενοσηκόσι
3554 1548 3677 1602 ἐπι.

2091 1634 2301 1705 λάμψαι
2330 1635 2424 1689 τὸν
2460 1635 2664 1713 ἰατρὸν,
2689 1620 2782 1689 καὶ
2819 1638 2930 1698 τοῖς
2955 1637 3054 1706 τὴν
3088 1636 3317 1707 καρδίαν
3353 1653 3676 1690 κατεσκοτι-

2093 1726 2312 1796 σμένοις
2357 1726 2419 1780 τὸ
2462 1727 2604 1781 θεῖόν
2624 1744 2685 1781 τε
2709 1727 2806 1781 καὶ
2847 1728 3099 1799 οὐράνιον
3151 1727 3488 1799 ὲναστράψαι
3534 1728 3670 1797 φῶς.

401 1822 580 1884 Igitur,
612 1822 808 1889 inquit,
858 1823 1117 1876 Dominus
1141 1824 1340 1878 residet
1378 1823 1431 1876 in
1478 1823 1618 1878 nube
1656 1821 1780 1888 levi,
1813 1832 1868 1877 ει
1891 1837 1979 1877 ve-

2101 1818 2229 1872 Ἰδοὺ
2260 1819 2462 1885 τοίνυν,
2494 1821 2648 1891 φησὶ,
2673 1820 2879 1889 Κύριος
2904 1818 3139 1889 κάθηται
3169 1820 3262 1873 ἐπὶ
3291 1820 3521 1890 νεφέλης
3542 1821 3675 1873 κού-

396 1926 503 1963 tnet
532 1931 581 1962 tu
610 1913 926 1982 Δίίιγιιιιιιιι.
963 1915 1101 1980 Quid
1136 1927 1320 1971 autem
1357 1916 1460 1970 sibi
1488 1915 1599 1968 vult
1622 1916 1676 1968 in
1714 1914 1981 1969 ttubelevi

396 2006 640 2071 conspici
669 2005 956 2059 Dominum
982 2005 1005 2058 ?
1036 2010 1148 2075 Age
1176 2009 1423 2061 dicamus
1452 2008 1627 2076 quoad
1654 2007 1978 2077 poterimus.

396 2095 625 2158 Quidam
682 2107 1005 2164 interpretes
1050 2096 1223 2151 levem
1274 2098 1528 2152 dixerunt
1581 2111 1708 2151 esse
1759 2084 1977 2165 nubem,

395 2199 639 2238 sanctam
680 2187 890 2240 Domini
927 2204 1170 2256 carnem,
1218 2189 1269 2241 id
1314 2199 1418 2253 est,
1450 2203 1518 2243 ex
1557 2187 1778 2259 Virgine
1832 2204 1981 2243 sum-

395 2291 545 2345 ptum
577 2279 857 2345 lrltlpltlltt,
882 2282 1024 2347 quod
1049 2292 1338 2349 propterea
1385 2278 1569 2335 forsan
1621 2280 1753 2334 nubi
1801 2278 1983 2335 confe-

396 2379 544 2430 runt,
575 2370 717 2435 quod
763 2382 794 2421 a
827 2370 1056 2422 terrenis
1094 2368 1428 2423 motionibus
1479 2384 1545 2424 ac
1588 2368 1981 2437 cupiditatibus

397 2457 679 2519 liberetur,
709 2468 764 2513 et
792 2475 1007 2513 sursum
1036 2458 1182 2513 Velut
1224 2474 1288 2514 ac
1347 2460 1400 2514 in
1438 2460 1605 2515 altum
1655 2459 1852 2515 evolet.
1886 2459 1982 2516 Est

393 2551 539 2604 enim
561 2552 783 2604 omnino
816 2552 1166 2621 purissimum
1196 2552 1454 2622 omnique
1480 2552 1723 2607 terrestri
1752 2552 1982 2607 immun-

395 2642 525 2695 ditia
559 2642 813 2708 liberum,
839 2658 903 2697 ac
945 2643 1187 2698 immune
1231 2654 1482 2699 sanctum
1514 2658 1710 2713 corpus
1736 2644 1979 2698 omnium

395 2745 639 2786 nostrum
667 2731 977 2787 Servatoris
1005 2733 1228 2787 Christi.
1274 2733 1379 2786 Alii
1433 2746 1622 2787 rursus
1668 2731 1842 2786 levem
1877 2746 1981 2786 no-

394 2824 587 2877 minari
620 2829 816 2876 uuhetn
839 2833 1190 2878 aututnarunt
1218 2834 1463 2879 sanctam
1496 2822 1792 2892 Virginem.
1816 2821 1983 2891 Equi-

393 2916 515 2969 dem
548 2930 747 2970 censeo
773 2915 997 2970 alterius
1025 2916 1304 2985 cujusdam
1335 2930 1528 2971 sensus
1566 2913 1977 2984 amplitudinem

393 3007 551 3060 nobis
597 3007 955 3070 subindicari,
1003 3009 1128 3068 dum
1163 3022 1284 3062 eum
1320 3009 1451 3063 dicit
1513 3008 1639 3063 nubi
1683 3007 1791 3063 levi
1846 3007 1981 3064 insi—

396 3098 545 3151 dere.
575 3096 927 3151 Multifariam
962 3099 1106 3152 enim
1160 3098 1303 3154 beati
1337 3098 1610 3169 propheta:
1640 3100 1977 3168 maiestatem

392 3189 606 3244 Domini
655 3189 949 3259 conspicati
992 3191 1229 3245 visiones
1272 3191 1739 3260 conscripserunt.
1810 3190 1977 3248 Isaias

391 3281 537 3335 enim
572 3282 622 3334 in
656 3279 792 3334 solio
811 3280 955 3337 celso
981 3292 1037 3337 et
1064 3281 1274 3336 elevato
1306 3280 1435 3334 dicit
1462 3292 1814 3350 conspectum
1856 3297 1981 3339 esse

395 3372 682 3428 Dominum
722 3373 983 3438 Sabaoth,
1030 3372 1301 3443 supremis
1361 3373 1718 3443 potestatibus
1772 3375 1981 3431 ratione

390 3467 635 3536 praeditis
656 3466 1016 3535 undeqnaqne
1030 3465 1533 3528 circumstantibus,
1561 3479 1626 3520 ac
1648 3465 1882 3536 hymnos
1902 3465 1978 3520 illi

392 3557 760 3622 cantantibus,
798 3557 1111 3626 coelumque
1157 3570 1222 3609 ac
1270 3565 1475 3608 terram
1538 3554 1821 3623 majestate
1863 3555 1979 3625 eius

391 3650 585 3717 repleri
630 3650 939 3705 dicentibus
983 3644 1051 3703 ⁸ο.
1116 3648 1562 3716 Sapientissimus
1614 3649 1742 3703 item
1788 3649 1978 3705 Daniel

388 3743 686 3811 Antiquom
724 3744 933 3796 dierum
965 3741 1020 3795 in
1078 3740 1214 3796 solio
1253 3740 1504 3805 collocat,
1549 3753 1615 3794 ac
1639 3738 1788 3793 mille
1814 3739 1978 3794 millia

389 3834 439 3889 ei
467 3836 778 3887 ministrare
807 3833 1104 3896 contendit,
1127 3848 1191 3887 ac
1223 3832 1366 3886 mille
1417 3831 1691 3901 myriadas
1743 3832 1980 3886 circum-

392 3936 543 3981 stare
565 3925 783 3989 asserit,
803 3933 858 3978 et
893 3926 1063 3978 visum
1082 3939 1205 3979 esse
1224 3924 1376 3994 quasi
1425 3922 1620 3978 Filium
1660 3921 1894 3977 hominis
1923 3921 1976 3975 in

394 4013 636 4069 nubibus
686 4014 1015 4079 venientem,
1080 4016 1292 4085 aliaque
1347 4013 1526 4083 posuit
1592 4013 1845 4080 deinceps
1894 4012 1979 4069 bis

391 4117 759 4163 consentanea
794 4106 863 4159 ⁵³.
903 4106 1152 4161 Ezechiel
1199 4105 1451 4161 similiter
1482 4104 1884 4158 ﬁrmamentum
1914 4118 1978 4160 se

390 4199 469 4252 ait
501 4199 720 4264 vidisse,
759 4198 1043 4267 Seraphim
1068 4197 1351 4267 subjectis,
1380 4212 1446 4252 ac
1471 4195 1525 4252 in
1566 4197 1761 4251 throno
1795 4197 1975 4252 homi-

393 4298 517 4347 nem
546 4305 668 4345 esse
695 4292 1000 4357 visum,seu
1018 4292 1256 4361 speciem
1283 4289 1540 4356 hominis,
1561 4287 1714 4358 cujus
1741 4303 1974 4360 superna

387 4384 591 4438 electro
620 4383 751 4437 dicit
804 4397 927 4440 esse
958 4382 1179 4449 similia,
1208 4397 1237 4437 a
1268 4382 1450 4437 lumbo
1478 4393 1659 4437 autem
1713 4382 1781 4437 ad
1812 4382 1974 4451 pedes

2085 1928 2212 1982 φης,
2241 1913 2334 1964 καὶ
2358 1910 2477 1983 ἥξει
2506 1913 2586 1975 είς
2619 1910 2913 1979 Αἴγυπτον.
2944 1910 3106 1965 Ἀλλά
3130 1912 3182 1964 τί
3204 1912 3271 1965 ἂν
3294 1911 3537 1982 βούλοιτο
3566 1929 3674 1966 πα-

2086 1998 2350 2069 ραδηλῶν
2376 2000 2440 2053 τὸ
2453 2000 2546 2052 ἐπὶ
2567 2000 2801 2069 νεφέλης
2822 1999 3033 2071 κούφης
3062 2001 3292 2071 ὁρᾶσθαι
3321 2000 3414 2054 τὸν
3430 2001 3633 2073 Κύριον
3655 2019 3673 2068 ;

2080 2092 2216 2162 Φέρε
2238 2091 2485 2161 λέγωμεν
2512 2086 2585 2155 ὡς
2601 2091 2704 2145 ένι·
2729 2091 2886 2155 Τινὲς
2909 2092 3007 2161 μὲν
3032 2093 3142 2146 τῶν
3160 2094 3439 2165 ἐξηγητῶν
3462 2096 3674 2166 κούφην

2078 2182 2291 2255 ἔφησαν
2325 2180 2464 2240 εἶναι
2498 2185 2727 2257 νεφέλην
2760 2184 2860 2256 τὴν
2887 2185 3051 2254 ἀγίαν
3096 2186 3191 2239 τοῦ
3224 2188 3431 2260 Κυρίου
3467 2188 3670 2257 σάρκα,

2080 2276 2226 2331 τουτ’
2260 2276 2396 2341 έστι,
2430 2277 2522 2331 τὸν
2548 2278 2613 2330 ὲκ
2631 2277 2732 2348 τῆς
2750 2276 3043 2348 Παρθένου
3072 2277 3346 2348 ληφθέντα
3372 2278 3533 2332 ναόν·
3574 2281 3675 2334 καλ⁵

2082 2367 2282 2439 νεφέλῃ
2314 2367 2735 2440 παρεικάζουσι,
2762 2367 2933 2422 διάτοι
2957 2369 3017 2423 τὸ
3038 2370 3383 2441 ἀπηλλάχθαι
3406 2371 3547 2443 τάχα
3567 2384 3671 2426 που

2082 2457 2401 2528 κινημάτων
2432 2460 2526 2514 καὶ
2576 2458 2879 2530 ὲπιθυμιιῖιν
2922 2460 3033 2515 τῶν
3058 2461 3438 2533 γεωδεστέρων
3477 2466 3590 2518 ἄνω
3606 2481 3671 2518 τε

2080 2550 2178 2602 καὶ
2212 2549 2402 2620 ὥσπερ
2429 2549 2582 2619 ὑψοῦ.
2608 2552 2889 2621 Πάναγνον
2922 2553 3034 2625 γὰρ
3064 2553 3284 2625 άληθῶς
3326 2558 3420 2610 καὶ
3449 2557 3672 2629 ἀπάσης

2085 2639 2320 2709 γεώδους
2371 2641 2717 2714 ἀκαθαρσίας
2756 2644 3177 2716 ἀπηλλαγμένον
3206 2647 3268 2699 τὸ
3305 2646 3462 2716 ἅγιον
3508 2650 3673 2722 σῶμα

2081 2731 2177 2785 τοῦ
2214 2734 2430 2788 πάντων
2472 2734 2631 2805 ἡμῶν
2667 2737 2920 2808 Σωτῆρος
2971 2738 3227 2808 Χριστοῦ.
3270 2740 3490 2812 ’Έτεροι
3519 2742 3578 2797 δὲ
3599 2739 3669 2798 αὖ

2083 2822 2295 2895 κούφην
2339 2826 2654 2895 ὠνομάσθαι
2700 2827 2932 2899 νεφέλην
2985 2829 3319 2900 ὑπειλήφασι
3359 2832 3459 2904 τὴν
3504 2835 3671 2903 ἁγίαν

2080 2915 2377 2987 Παρθένον.
2407 2913 2572 2988 οἶμαι
2591 2916 2648 2971 δὲ
2679 2917 2857 2987 ιγωγε
2879 2908 3020 2990 τάχα
3050 2936 3155 2974 που
3187 2920 3281 2974 καὶ
3304 2921 3510 2994 ἑτέρων
3536 2928 3674 2997 ἡμῖν

2082 3007 2302 3061 ἐννοιῶν
2332 3008 2685 3079 ύποσημῆναι
2713 3008 2933 3074 πλάτος,
2976 3011 3038 3065 τὸ
3064 3012 3159 3065 ἐπὶ
3190 3013 3421 3087 νεφέλης
3462 3018 3673 3090 κούφης

2084 3098 2357 3170 καθῆσθαι
2386 3100 2567 3168 λέγειν
2600 3102 2785 3157 αὐτόν.
2825 3103 3187 3176 Πολυτρόπως
3216 3106 3314 3177 μὲν
3355 3108 3465 3180 γάρ
3494 3111 3543 3163 οί
3569 3128 3673 3182 μα.

2086 3189 2269 3261 κάριοι
2300 3192 2602 3261 προφῆται,
2628 3192 2728 3264 τὴν
2756 3192 2853 3246 τοῦ
2885 3194 3023 3248 Θεοῦ
3046 3195 3205 3263 δόξαν
3237 3198 3669 3271 καταθεώμενοι,

2083 3285 2396 3354 γεγράφασι
2443 3283 2543 3348 τὰς
2578 3286 2819 3355 ὁράσεις.
2884 3288 2943 3341 '0
2996 3288 3098 3359 μὲν
3146 3291 3256 3361 γάρ
3302 3293 3531 3356 Ἡσαΐας
3577 3297 3674 3349 ἐπὶ.

2084 3372 2273 3443 θρόνου
2312 3373 2515 3444 ὑψηλοῦ
2561 3375 2657 3429 καὶ
2699 3377 3011 3447 ἐπηρμένου
3055 3379 3348 3439 τεθεᾶσθαι
3399 3400 3532 3454 φησι
3576 3385 3671 3439 τὸν

2082 3466 2288 3537 Κύριον
2306 3467 2558 3533 Σαϐαὼθ,
2579 3469 2960 3538 περιεστώτων
2986 3472 3046 3524 ιν
3067 3472 3256 3544 κύκλῳ
3278 3474 3385 3528 τῶν
3411 3477 3671 3532 ἀνωτάτω

2082 3556 2363 3627 δυνάμεων
2387 3556 2641 3625 λογικῶν,
2658 3559 3074 3628 ύμνολογουσῶν
3094 3578 3155 3614 τε
3183 3563 3372 3631 αὑτὸν,
3406 3565 3589 3638 πλήρη
3609 3585 3669 3621 τε

2080 3644 2224 3702 εἶναι
2259 3648 2532 3716 λεγουσῶν
2576 3649 2670 3703 τὸν
2712 3650 2944 3721 οὐρανὸν
2984 3653 3077 3706 καὶ
3114 3653 3211 3724 τὴν
3249 3655 3354 3725 γῆν
3381 3659 3482 3727 τῆς
3511 3657 3670 3729 δόξης

2082 3739 2272 3794 αὐτοῦ.
2312 3740 2372 3792 '0
2392 3740 2454 3792 δέ
2494 3758 2558 3809 γε
2601 3743 2878 3812 πάνσοφος
2925 3743 3127 3816 Δανιὴλ
3154 3744 3388 3799 Παλαιδν
3441 3749 3669 3820 ἡμερῶν

2080 3831 2175 3885 ἐπὶ
2225 3830 2417 3902 θρόνου
2464 3831 2713 3897 καθίζει·
2747 3833 2923 3905 χιλίας
2948 3850 3010 3888 τε
3047 3835 3289 3905 χιλιάδας
3334 3837 3668 3912 λειτουργεῖν

2081 3922 2230 3993 αὐτῷ
2262 3923 2607 3991 διατείνεται,
2632 3926 2728 3980 καὶ
2752 3926 2969 3998 ,μυρίας
3008 3930 3278 3999 μυριάδας
3315 3935 3667 4003 περιεστάναι

2081 4013 2245 4085 φησί·
2274 4015 2569 4075 τεθεᾶσθαι
2597 4017 2655 4072 δὲ
2676 4017 2772 4071 καὶ
2801 4017 2876 4081 ὡς
2904 4019 3033 4073 Υἱδν
3064 4020 3355 4094 ἀνθρώπου
3384 4024 3524 4092 μετὰ
3555 4025 3667 4080 τῶν

2078 4104 2318 4175 νεφελῶν
2351 4107 2667 4179 ἐρχόμενον,
2711 4110 2804 4164 καὶ
2835 4111 2903 4165 τὰ
2922 4110 3133 4177 τούτοις
3164 4114 3662 4189 τέθεικενὲφεξῆςε

2091 4196 2350 4269 Ἰεζεχιὴλ
2378 4198 2436 4251 δὲ
2463 4199 2670 4269 ὁμοίως
2702 4200 3012 4273 στερέωμα,
3046 4205 3232 4276 φησὶν,
3279 4208 3408 4274 ἴδεν,
3441 4210 3689 4266 ὑποκειο.

2080 4287 2259 4359 μένων
2294 4288 2404 4344 τῶν
2435 4289 2751 4361 Σαραφείμο
2806 4293 2900 4348 ἀπὶ
2939 4293 3131 4366 θρόνου
3173 4296 3231 4352 δὲ
3263 4299 3551 4372 ἄνθρωπον
3578 4319 3669 4357 τεδ

2079 4376 2327 4443 θεᾶσθαι,
2352 4378 2475 4448 ἦτοι
2497 4375 2636 4444 εἶδος
2659 4380 2950 4451 ἀνθρώπου
2970 4422 2985 4448 ,
3028 4378 3090 4440 οὗ
3116 4388 3187 4440 τὰ
3216 4389 3316 4458 μὲν
3344 4392 3458 4447 ἄνω
3499 4396 3665 4465 φησὶν

387 4480 558 4543 usque
589 4476 741 4543 quasi
773 4484 1050 4546 aspectum
1096 4475 1238 4545 ignis
1281 4468 1350 4527 “.
1410 4474 1618 4540 Quibus
1668 4473 1968 4529 visionibus

2083 4470 2328 4542 ηλέκτρῳ
2353 4473 2754 4543 προσεοικέναι,
2786 4475 2850 4529 τό
2868 4493 2931 4545 γε
2957 4477 3066 4549 μὴν
3090 4479 3149 4547 ἐξ
3171 4482 3367 4551 ὀσφύος
3390 4486 3472 4548 είς
3498 4488 3663 4553 πόδας

389 4564 614 4632 singulis
641 4564 1006 4619 manifestatio
1033 4562 1283 4633 quaedam
1306 4572 1362 4619 et
1397 4562 1602 4635 eﬂigies
1630 4565 1824 4619 divina:
1865 4576 1979 4618 ma-

386 4650 627 4719 JeSIalis,
660 4664 713 4710 et
786 4656 1031 4728 mysterii
1088 4658 1155 4711 de
1206 4654 1447 4721 Christo,
1499 4657 1776 4727 eleganter
1825 4654 1983 4709 nobis

396 4744 796 4800 subindicatur.
829 4743 974 4800 Nihil
1001 4745 1366 4815 igiturobstat
1389 4748 1553 4802 etiam
1589 4748 1646 4801 in
1693 4747 1797 4801 hoc
1823 4744 1983 4800 Chri-

394 4845 538 4888 ειιιιιι
566 4837 618 4889 in
638 4836 741 4888 levi
778 4836 916 4889 nube
940 4847 1287 4907 conspectum
1321 4838 1644 4909 intelligere,
1680 4835 1844 4906 283
1875 4835 1983 4892 imo

390 4929 828 4982 commodissime
864 4928 954 4983 iiet
982 4930 1082 4985 hoc
1114 4941 1164 4985 et
1190 4931 1524 4988 necessario.
1558 4929 1769 4983 Etenim
1811 4928 1979 4985 nubes

392 5022 576 5089 typum
613 5018 805 5088 pluvia:
833 5029 887 5075 et
914 5023 1054 5077 roris
1087 5022 1405 5092 spiritualis,
1426 5021 1703 5092 ipsiusque
1727 5021 1979 5078 salutaris

396 5108 597 5164 lavacri
630 5112 786 5165 nobis
818 5112 976 5182 plene
1028 5123 1402 5184 repraesentat.
1448 5111 1727 5182 Siquidem
1787 5113 1976 5168 beatus

394 5196 597 5256 Paulus
620 5206 881 5274 sanguine
906 5204 1204 5263 lsraelitico
1233 5215 1389 5262 ortos
1408 5206 1460 5260 in
1487 5204 1633 5259 nube
1664 5213 1718 5260 et
1748 5204 1803 5259 in
1839 5204 1974 5259 mari

396 5292 527 5346 dicit
566 5293 733 5348 fuisse
763 5295 1092 5365 baptizatos,
1116 5305 1171 5350 et
1197 5305 1406 5351 vastam
1438 5294 1584 5350 illam
1623 5293 1968 5350 solitudinem

390 5387 818 5455 transeuntibus,
870 5387 1105 5442 interdiu
1163 5386 1337 5443 nubes
1393 5385 1757 5456 impendebat,
1808 5395 1968 5441 noctu

391 5480 641 5534 columna
696 5479 838 5548 ignis
875 5478 1210 5547 przecedebal
1245 5477 1311 5531 ⁸³.
1351 5479 1471 5545 Quo
1505 5488 1730 5549 utroque
1762 5480 1969 5533 descri-

388 5577 511 5640 ptus
564 5581 648 5628 est
683 5553 952 5636 Christus,
1010 5582 1105 5623 seu
1143 5571 1209 5624 de
1244 5569 1357 5639 ipso
1395 5570 1739 5640 mysterium,
1777 5583 1970 5638 nempe

2079 4561 2154 4625 ὡς
2180 4562 2366 4633 ὅρασις
2397 4563 2587 4634 πυρόςε
2631 4564 2871 4640 Ἐκάστῃ
2895 4567 2954 4621 δὲ
2970 4569 3084 4623 τῶν
3111 4573 3368 4629 τοιούτων
3392 4577 3657 4647 όράσεων,

2079 4651 2316 4743 ἔμφασίν
2354 4671 2476 4708 τινα
2499 4654 2657 4727 δόξης
2688 4657 2790 4729 τῆς
2815 4660 3179 4733 θεοπρεποῦς,
3227 4667 3322 4721 καὶ
3355 4672 3659 4743 μυστηρίου

2080 4741 2175 4796 τοῦ
2200 4744 2342 4817 κατὰ
2362 4744 2620 4815 Χριστὸν,
2650 4747 2885 4829 ἀστείως
2913 4752 3045 4822 ἡμῖν
3076 4755 3471 4814 ὑπαινίττεται.
3490 4741 3659 4817 υύδὲν

2079 4831 2173 4926 οὖν
2194 4836 2313 4908 ἄρα
2336 4836 2420 4890 ’τὸ
2455 4837 2662 4893 κωλύον
2705 4841 2808 4923 κάν
2853 4844 3028 4917 τούτῳ
3070 4850 3251 4913 νοεῖν,
3286 4852 3383 4907 ἐπὶ
3435 4854 3659 4926 νεφέλης

2081 4924 2293 4997 κούφης
2315 4927 2603 4983 τεθεᾶσθαι
2630 4931 2723 4985 τὸν
2758 4932 2965 5005 Κύριον
2988 4977 3003 5004 ,
3026 4939 3443 5009 ,χρειωδέστατά
3477 4963 3537 4998 τε
3567 4924 3660 5002 καὶ

2078 5016 2415 5086 ἀναγκαίως.
2471 5021 2809 5095 Ἀποπληροϊ
2852 5025 2959 5099 γάρ
3014 5029 3212 5102 ὴμῖνὴ
3250 5034 3447 5106 νεφέλη
3489 5038 3660 5093 τύπον

2077 5107 2234 5163 ὑετοῦ
2269 5127 2328 5163 τε
2368 5112 2461 5164 καὶ
2488 5112 2680 5184 δρόσου
2724 5120 3123 5191 πνευματικῆς,
3150 5123 3245 5175 καὶ
3281 5125 3446 5178 αὐτοῦ
3481 5127 3539 5180 δὲ
3567 5131 3658 5183 τοῦ

2077 5201 2346 5272 σωτηρίου
2366 5201 2762 5273 βαπτίσματος.
2781 5207 2893 5263 Καὶ
2916 5209 3051 5278 γοῦν
3068 5212 3098 5264 ό
3127 5213 3398 5285 μακάριος
3424 5208 3657 5283 Παῦλοςὁ

2077 5291 2204 5353 τοὺς
2235 5288 2295 5355 ἐξ
2314 5292 2542 5362 αἵματος
2581 5294 2796 5366 Ἰσραὴλ
2820 5295 3183 5366 βεϐαπτίσθαι
3216 5305 3395 5375 φησιν.
3414 5307 3472 5357 ἐν
3493 5310 3558 5376 τῇ
3583 5325 3662 5361 νε-

2080 5380 2217 5453 φέλῃ
2253 5384 2345 5435 καὶ
2376 5383 2432 5437 ὲν
2471 5387 2537 5455 τῇ
2571 5384 2841 5462 θαλάσσῃ·
2872 5391 3154 5464 ἐπήρτητο
3185 5397 3280 5447 καὶ
3306 5397 3406 5467 τὴν
3442 5397 3661 5466 βαθεῖαν

2077 5473 2295 5545 ἐκείνην
2340 5473 2847 5548 διαπεραιουμένοις
2892 5481 3120 5553 ἔρημον,
3172 5487 3230 5540 ἐν
3286 5488 3466 5562 ἡμέρᾳ
3497 5492 3595 5560 μὲν
3625 5495 3659 5562 ἡ

2078 5564 2273 5636 νεφέλη
2296 5582 2309 5594 ⁸
2340 5570 2630 5639 προηγεῖτο
2660 5570 2716 5623 δὲ
2740 5571 2831 5625 καὶ
2849 5576 3003 5627 νυκτὶ
3032 5576 3222 5643 tradito;
3246 5581 3433 5650 πυρός.
3473 5583 3661 5653 Ἐγράιε

468 5724 516 5756 ⁸⁸
555 5724 658 5781 lsa.
695 5739 772 5790 vt,
812 5726 836 5779 t
877 5725 929 5780 5.
1007 5726 1050 5758 “
1093 5725 1228 5781 Dan.
1271 5742 1366 5793 vn,
1407 5727 1439 5782 9
1474 5743 1625 5798 seqq.
1702 5728 1747 5758 ⁸²
1791 5724 1990 5779 Ezcch.
2028 5740 2066 5788 ι,
2113 5724 2137 5777 ‘l
2184 5738 2334 5793 seqq.
2416 5727 2460 5759 ⁵³
2500 5728 2517 5782 l
2553 5722 2677 5780 Cor.
2722 5742 2775 5792 κ,
2810 5729 2829 5780 1
2876 5745 3027 5802 seqq.
