4060 6532
437 328 541 384 ωε

1429 317 1482 370 S.
1529 313 1805 370 CYRILLl
1847 306 2319 366 ALEXANDHINI
2359 306 2685 363 ARCHIEP.

3589 313 3680 368 ιςσ

440 439 712 497 hominem
746 445 932 492 contra
991 444 1194 504 patrun
1256 446 1435 495 suum,
1503 439 1556 482 et
1615 430 1779 483 filiam
1827 435 2013 482 contra

2141 441 2221 478 τον
2255 424 2395 478 κατὰ
2429 423 2522 475 τοῦ
2555 422 2758 491 πατρὸς
2788 419 2976 485 αὑτοῦ,
3005 419 3099 472 καί
3143 419 3416 491 θυγατέρα
3447 426 3575 478 κατὰ
3598 431 3682 499 τῆς

438 545 666 588 matrem
701 547 872 593 suam,
905 539 960 584 et
997 542 1188 580 nurum
1232 533 1422 578 contra
1480 539 1696 576 SOCI‘UIII
1737 536 1913 584 suam,
1966 527 2022 572 et

442 624 645 678 inimici
681 636 872 677 omnes
904 620 1148 672 homines
1175 616 1266 684 qui
1300 616 1353 669 in
1384 616 1542 668 domo
1575 612 1693 681 ejus
1738 623 1860 665 sunt
1895 610 1964 662 ".
1998 628 2016 660 ι

441 714 778 770 Proclamnta
814 711 954 764 enim
979 709 1160 762 divina
1198 718 1247 758 et
1281 707 1591 775 evangelica
1621 705 2022 772 praedicatione,

439 803 787 858 observantia
835 817 960 868 ergo
1015 809 1270 868 parentes
1319 797 1646 864 posthabita,
1703 795 1918 848 inimica
1962 807 2026 847 ac

447 895 617 947 invisa
652 893 781 961 ipsis
829 891 1133 958 cogitarunt
1189 889 1456 949 homines,
1522 894 1576 939 et
1628 884 1768 938 bello
1822 891 2024 936 tantum

441 1001 546 1039 non
594 999 689 1052 pro
726 983 842 1050 lege
891 983 1202 1043 concitato,
1259 979 1310 1030 in
1360 975 1556 1029 fratres
1594 975 2022 1027 insurrexerunt.

441 1077 519 1129 Illi
560 1077 706 1128 enim
744 1075 1047 1126 inveterato
1077 1069 1412 1137 indulgentes
1449 1067 1645 1129 errori,
1675 1075 1729 1119 et
1753 1065 1818 1118 ad
1863 1064 2030 1118 idolo-

443 1183 562 1221 rum
605 1167 934 1233 imposturas
969 1160 1155 1213 ell'rcni
1193 1174 1350 1211 cursu
1389 1165 1730 1226 proruentes,
1759 1155 1881 1208 fidei
1913 1170 2030 1209 ser-

450 1273 664 1310 monem
720 1271 824 1307 non
865 1253 1152 1320 recipiunt.
1193 1249 1258 1302 lli
1294 1258 1472 1300 autem
1519 1245 1801 1300 ridiculum
1835 1253 1891 1299 et
1930 1246 2031 1298 iut-

446 1349 591 1414 pimn
643 1346 860 1398 omnino
893 1347 1016 1405 rati,
1047 1342 1180 1394 velle
1215 1341 1340 1392 deos
1392 1353 1420 1389 a
1471 1351 1530 1390 se
1581 1335 1876 1389 fabricatos
1936 1335 2031 1387 ad-

445 1453 624 1500 orare,
675 1439 740 1488 ad
773 1434 1016 1486 veritatis
1045 1445 1319 1486 sermones
1371 1426 1744 1490 convolarunt,
1796 1432 1850 1478 et
1905 1439 2031 1479 cum

451 1529 580 1582 olim
613 1531 766 1596 longe
801 1527 1073 1586 abessent,
1115 1521 1241 1574 facti
1276 1528 1399 1574 sunt
1426 1518 1736 1588 propinqui,
1770 1527 1823 1572 et
1855 1517 2034 1571 decla-

460 1618 562 1670 rati
595 1632 690 1684 per
723 1615 880 1667 fidem
921 1611 1200 1666 domestici
1242 1606 1462 1672 Christi,
1500 1621 1564 1660 ac
1608 1606 1808 1670 intimi,
1843 1615 1894 1660 et
1921 1605 2033 1674 ενεί

448 1718 756 1763 sanctorum
797 1713 849 1756 et
875 1703 996 1756 fidei
1027 1704 1078 1755 in
1113 1699 1368 1754 saeculum
1404 1699 1678 1752 duratura:
1707 1697 1893 1766 scripti
1921 1697 2034 1751 hae-

450 1803 627 1853 redes.
657 1796 948 1851 Concussis
979 1794 1162 1862 igitur,
1194 1793 1288 1859 ait,
1322 1789 1651 1844 manufactis
1696 1787 1938 1859 Egypti,
1969 1804 2034 1843 eo
2063 1778 2109 1837 Β

449 1891 590 1957 quod
615 1888 678 1939 ad
707 1903 825 1939 eam
859 1886 1039 1938 veniat
1071 1883 1329 1938 Dominus
1374 1883 1426 1936 in
1468 1882 1610 1936 nube
1659 1881 1785 1945 levi,
1841 1895 2036 1948 magna

447 1981 549 2033 erit
588 1979 914 2032 familiarum
963 1985 1017 2030 et
1067 1985 1418 2044 cognatorum
1464 1974 1750 2040 dissensio,
1795 1981 1850 2027 et
1877 1971 2033 2037 bella,

449 2079 561 2122 tum
589 2068 922 2136 singulorum
949 2104 964 2130 ,
1005 2076 1114 2119 tum
1156 2065 1528 2117 universorum
1585 2081 1597 2116 :
1651 2063 1721 2116 ita
1761 2070 1820 2116 ut
1848 2062 2039 2117 civitas

450 2161 504 2215 in
532 2160 833 2222 civitatem,
870 2155 1194 2223 praefectura
1234 2157 1286 2208 in
1316 2155 1690 2225 praefecturam
1720 2155 2037 2223 impressio-

450 2266 575 2305 nem
613 2250 685 2304 sit
732 2247 960 2302 factura.
1002 2233 1427 2302 Nomus'autcm
1471 2246 1668 2298 dicitur
1717 2243 1901 2298 abhis
1945 2243 2036 2312 qui

454 2342 732 2408 regionem
766 2337 1147 2408 {Egyptiorum
1200 2337 1364 2408 285
1405 2337 1667 2401 incolunt,
1708 2349 2039 2404 unaquaque

451 2431 643 2484 civitas
684 2437 738 2483 et
780 2430 945 2484 vicini
993 2431 1128 2498 agri,
1169 2440 1222 2484 et
1269 2430 1388 2498 pagi
1429 2429 1520 2497 qui
1555 2429 1603 2482 ei
1665 2428 1915 2490 subsunt,
1973 2440 2039 2480 ac

456 2519 582 2569 trita
624 2527 706 2571 est
746 2517 884 2586 apud
922 2534 1016 2572 eos
1047 2520 1160 2572 haec
1200 2518 1386 2573 dictio.
1425 2518 1627 2572 Deinde
1651 2518 1725 2570 ait
1773 2535 1786 2569 :
1825 2517 2037 2571 Turba-

452 2609 599 2664 bitur
649 2609 875 2679 spiritus
919 2609 1299 2680 [Egyptiorum
1353 2609 1406 2663 in
1455 2609 1606 2678 ipsis,
1658 2620 1713 2662 et
1752 2607 2037 2662 consilium

452 2719 641 2756 eorum
678 2703 974 2772 dissipabo.
1013 2703 1254 2758 Dicimus
1294 2712 1474 2757 autem
1507 2703 1648 2772 quod
1681 2716 1805 2756 cum
1857 2701 2035 2756 diver-

455 2795 529 2850 sis
572 2795 902 2849 tlissiderent
957 2795 1324 2864 opinionibus,
1374 2794 1683 2848 tumultnali
1740 2801 1869 2848 sunt
1930 2808 2036 2846 non

454 2887 848 2941 mediocriter:
883 2887 979 2942 sed
1034 2903 1154 2941 cum
1207 2888 1412 2941 seducti
1469 2887 1654 2941 turbas
1712 2885 2036 2948 excitarent,

456 2985 512 3029 et
539 2977 675 3030 bella
705 2986 896 3030 contra
933 2977 1241 3042 credentes,
1290 2976 1657 3031 universitatis
1716 2976 1884 3030 Deum
1926 2974 2041 3030 bel-

455 3066 657 3121 lantcm
700 3084 821 3122 cum
857 3068 990 3136 ipsis
1026 3077 1078 3123 et
1111 3079 1496 3138 repugnantem
1538 3067 1833 3121 invenient.
1873 3066 2040 3121 Dissi~

2127 513 2332 582 μητρὸς
2361 513 2550 581 αὑτῆς,
2569 513 2663 564 καὶ
2693 511 2912 580 νύμφην
2929 508 3070 562 κατὰ
3095 510 3194 579 τῆς
3233 512 3492 583 πενθερᾶς
3511 519 3678 587 αὐτῆς·

2126 604 2219 657 καὶ
2273 603 2457 673 ἐχθροὶ
2492 603 2692 664 πάντες
2717 604 2764 654 οἰ
2796 602 2986 672 ἄνδρες
3017 602 3066 653 οἱ
3101 603 3156 653 ἐν
3184 601 3259 670 τῷ
3286 604 3416 673 οἴκῳ
3454 607 3624 663 αὑτοῦ.
3663 630 3679 660 ι

2139 693 2608 763 Ἀναφωνηθέντος
2628 693 2736 762 γὰρ
2759 693 2858 764 ήδη
2881 692 2972 744 τοῦ
2997 691 3140 744 θείου
3163 709 3222 744 τε
3243 693 3336 744 καί
3357 696 3682 763 εὑαγγελικου

2127 787 2502 858 κηρύγματος,
2545 787 2640 840 καί
2663 787 2761 856 τῆς
2791 788 2870 848 εἰς
2891 785 3083 853 γονέας
3115 785 3290 848 αἰδοῦς
3328 788 3685 859 κατημεληκό-

2127 896 2217 941 τες
2247 877 2545 948 ἄνθρωποι,
2582 879 2990 948 πεφρονήκασιν
3029 876 3198 946 ἐχθρὰ
3229 878 3321 929 καὶ
3363 880 3688 949 μεμισημένα

2130 969 2335 1030 αὑτοῖς,
2354 968 2448 1020 καὶ
2475 968 2757 1037 μονονουχὶ
2777 967 2867 1019 τὸν
2891 967 3129 1036 πολέμου
3153 966 3315 1036 νόμον
3335 966 3688 1038 ἐξηρτυμένοι,

2130 1061 2606 1130 κατεξανέστησαν
2647 1060 2911 1126 ἀδελφῶν.
2970 1060 3034 1111 υἱ
3088 1058 3187 1129 μὲν
3244 1059 3352 1126 γὰρ
3397 1063 3459 1130 τῇ
3507 1061 3693 1134 ἀρχαίᾳ

2132 1152 2584 1220 συναγορεύοντες
2616 1151 2812 1221 πλάνῃ,
2850 1150 2944 1203 καὶ
2982 1152 3103 1212 ταῖς
3155 1149 3260 1202 τῶν
3305 1151 3532 1204 εἰδώλων
3563 1153 3694 1206 ἀπά-

2129 1261 2250 1308 ταις
2276 1245 2546 1314 ἀχαλίνως
2585 1242 3060 1313 προσνενευκότες,
3086 1242 3461 1312 ἀπαράδεκτον
3494 1243 3691 1300 ποιοῦνο

2131 1356 2221 1392 ται
2257 1339 2348 1390 τὸν
2386 1338 2486 1406 τῆς
2535 1336 2770 1400 πίστεως
2808 1336 2984 1404 λόγον.
3031 1338 3092 1388 Ol
3138 1335 3196 1388 δὲ
3238 1336 3626 1404 καταγέλαστόν
3652 1358 3697 1393 τι

2133 1429 2327 1499 χρῆμα
2355 1428 2451 1480 καὶ
2496 1426 2711 1480 ἀνόσιον
2756 1424 3036 1489 παντελῶς
3075 1424 3369 1495 ἡγούμενοι
3397 1427 3697 1497 προελέσθαι

2135 1521 2460 1591 προσκυνεῖν
2497 1521 2610 1581 τοῖς
2643 1520 2774 1586 παρ’
2802 1516 2982 1570 αὑτῶν
3009 1518 3522 1588 τεχνουργουμένοις
3551 1519 3695 1584 θεοῖς,

2134 1614 2247 1674 τοῖς
2281 1611 2386 1680 τῆς
2420 1609 2678 1679 ἀληθείας
2702 1609 3223 1681 προσδεδραμήκασι
3261 1609 3440 1677 λόγοις
3462 1649 3475 1673 ,
3501 1612 3588 1664 καὶ
3611 1630 3698 1681 μα-

2135 1703 2274 1775 κρὰν
2309 1704 2460 1766 ὄντες
2490 1703 2640 1765 ποτὲ,
2671 1702 2956 1771 γεγόνασιν
2979 1701 3166 1769 ὲγγὺς,
3187 1701 3281 1753 καὶ
3297 1703 3482 1754 οἰκεῖοι
3509 1702 3591 1755 διὰ
3614 1703 3698 1772 τῆς

2139 1796 2377 1858 πίστεως
2396 1793 2844 1864 ,άναδεδειγμένοι
2897 1792 3157 1863 Χριστοῦ,
3218 1794 3350 1846 εἵσω
3381 1811 3440 1846 τε
3467 1795 3700 1862 γεγόνασι

2138 1889 2239 1960 τῆς
2265 1888 2374 1941 τῶν
2399 1887 2570 1956 ἁγίων
2594 1887 2826 1948 ἐλπίδος,
2855 1886 2950 1940 καὶ
2974 1885 3302 1956 κληρονόμοι
3332 1886 3585 1939 τέθεινται
3613 1886 3702 1953 τῆς

2138 1982 2217 2044 εἰς
2237 1980 2410 2033 αἰῶνα
2437 1978 2602 2049 ζωῆς.
2645 1978 3173 2047 Κατασεσεισμένων
3195 1975 3398 2040 τοίνυν,
3442 1977 3586 2047 φησὶ,
3609 1979 3702 2030 τῶν

2139 2071 2532 2142 χειροποιήτων
2587 2069 2890 2137 Αἰγύπτου,
2944 2067 3035 2121 διὰ
3063 2069 3123 2120 τὸ
3152 2066 3330 2120 ἐλθεῖν
3383 2069 3442 2120 ἐν
3475 2069 3600 2137 αὑτῇ
3625 2066 3702 2117 τὸν

2137 2164 2344 2233 Κύριον
2372 2163 2464 2215 ἐπὶ
2483 2159 2712 2230 νεφέλης
2731 2158 2963 2228 κούφης,
2999 2158 3370 2219 ἐπανάστασις
3390 2157 3536 2210 ἔσται
3556 2155 3703 2223 πολλὴ

2139 2255 2234 2308 καὶ¹
2266 2253 2480 2306 οἰκείων
2514 2252 2608 2305 καὶ
2638 2250 2939 2319 συγγενῶν,
2999 2250 3095 2302 καὶ
3145 2247 3272 2302 καθ’
3319 2248 3416 2300 ἕνα
3461 2245 3705 2300 καὶκατὰ

2140 2344 2351 2415 πληθὺν
2413 2344 2463 2397 οἱ
2512 2344 2761 2413 πόλεμοι,
2808 2341 2949 2395 ὥστε
2984 2343 3077 2394 καὶ
3111 2340 3266 2394 πόλιν
3319 2341 3414 2393 καὶ
3448 2338 3602 2409 νομόν
3625 2338 3705 2389 ἐπὶ

2140 2433 2302 2502 νομὸν
2327 2435 2594 2487 ποιεῖσθαι
2621 2432 2719 2496 τὰς
2749 2432 2988 2501 ἐφόδους.
3020 2431 3201 2501 Νομὺς
3232 2432 3294 2484 δὲ
3321 2431 3532 2499 λέγεται
3576 2427 3705 2498 παρὰ

2139 2530 2254 2590 τοῖς
2280 2527 2380 2596 τὴν
2407 2525 2722 2593 Αἰγυπτίων
2760 2523 2966 2576 οἰκοῦσι
2991 2520 3194 2594 χώραν,
3219 2522 3429 2590 ἑκάστη
3461 2519 3604 2581 πόλις
3626 2518 3706 2570 καὶ

2139 2621 2197 2675 αἰ
2226 2619 2556 2690 περιοικίδες
2577 2619 2748 2688 αὐτῆς
2791 2616 2885 2670 καὶ
2912 2618 2967 2668 αἱ
2993 2616 3085 2667 ὑπ’
3109 2615 3247 2685 αὑτῇ
3272 2613 3493 2684 κῶμαι·
3524 2612 3611 2665 καὶ
3636 2609 3707 2663 τέ-

2139 2727 2364 2782 τριπται
2391 2711 2520 2779 παρ’
2552 2709 2737 2770 αὑτοῖς
2763 2709 2796 2777 ἠ
2827 2706 3004 2760 τοιάδε
3031 2706 3203 2776 φωνή.
3249 2700 3394 2757 Εἶτά
3429 2719 3611 2773 φησιν,
3637 2702 3707 2754 ὅτι

2141 2801 2558 2874 Ταραχθήσεται
2605 2799 2665 2852 τὸ
2704 2797 2922 2870 πνεῦμα
2956 2797 3064 2852 τῶν
3092 2797 3412 2866 Αἰγυπτίων
3445 2796 3502 2847 ὲν
3528 2794 3704 2856 αὐτοῖς,

2143 2895 2238 2948 καὶ
2259 2893 2356 2964 τὴν
2379 2892 2574 2963 βουλὴν
2599 2891 2779 2944 αὑτῶν
2805 2889 3166 2943 διασκεδάσω.
3197 2889 3392 2959 Φαμὲν
3426 2887 3483 2940 δὲ
3510 2887 3585 2938 ὅτι
3612 2883 3711 2936 διὰ-

2143 3002 2308 3055 φορον
2342 2983 2638 3054 ἐσχηκότες
2658 2984 2779 3035 κατ’
2815 2981 3058 3051 ἀλλήλων
3086 2980 3148 3032 τὸ
3183 2979 3468 3050 φρόνημα,
3513 2973 3710 3045 τεθορύ-

2144 3079 2339 3149 ϐηνται
2367 3078 2466 3148 μὲν
2494 3078 2556 3129 οὑ
2582 3075 2845 3147 μετρίως·
2893 3072 3298 3134 ἐπαναστάσεις
3329 3071 3387 3124 δὲ
3430 3070 3518 3122 καὶ
3558 3067 3710 3139 μάχας

452 3161 597 3228 pabo
629 3161 793 3224 enim,
825 3161 1015 3231 inquit,
1043 3162 1279 3230 ipsorum
1314 3162 1561 3224 consilia,
1590 3162 1640 3215 id
1671 3171 1776 3225 est,
1827 3174 2038 3215 omnem

2151 3171 2485 3244 μελετῶντες
2512 3168 2656 3223 κατὰ
2680 3167 2786 3221 τῶν
2814 3164 3256 3219 πεπιστευκότων
3291 3164 3344 3216 οἰ
3380 3159 3709 3229 πλανώμενοι,

455 3265 644 3304 eorum
680 3253 954 3306 solertiam
991 3269 1180 3307 vanam
1214 3268 1336 3309 esse
1367 3254 1673 3320 ostendam,
1720 3260 1775 3307 et
1829 3252 2045 3309 inutiles

457 3342 678 3395 omnino
721 3351 946 3396 conatus
999 3341 1208 3396 illorqu
1254 3342 1348 3412 qui
1390 3344 1652 3399 adversus
1697 3356 1793 3398 eos
1842 3340 1932 3411 qui
1978 3343 2044 3397 ad

460 3449 547 3487 me
573 3433 911 3504 confugiunt,
948 3435 1322 3491 intenduntur.

532 3714 699 3772 Vens.
733 3717 783 3769 4.
835 3716 900 3770 Et
944 3719 1342 3789 interrogabant
1375 3721 1500 3773 deos
1534 3735 1656 3776 suos
1685 3731 1732 3774 et
1759 3719 2044 3776 simulacra

461 3815 643 3871 sua,et
674 3822 758 3858 eos
788 3808 876 3874 qui
909 3809 971 3861 de
992 3807 1140 3860 terra‘
1168 3825 1337 3862 vocem
1376 3809 1562 3873 edunt,
1593 3817 1639 3863 et
1668 3811 2041 3881 venti-itaquos,

461 3909 508 3949 et
540 3897 752 3952 ariolos.
791 3897 855 3950 Et
886 3903 1096 3952 tradam
1124 3899 1415 3968 [Egyptian
1446 3903 1502 3954 in
1555 3919 1741 3957 manus
1776 3904 2042 3958 hominum

461 3991 791 4044 dominorum
826 3990 1104 4057 durarunt,
1156 4002 1204 4046 et
1255 4008 1400 4063 reges
1457 3996 1578 4046 duri
1634 3995 2046 4048 dominabuntur

463 4080 587 4147 ipsis

545 4255 850 4323 Quomodo,
879 4267 933 4311 et
954 4271 1062 4327 quo
1091 4261 1251 4314 etiam
1282 4268 1546 4331 tempore,
1567 4262 1818 4320 salutaris
1851 4267 2044 4335 praedi-

468 4350 701 4404 cationis
736 4350 957 4405 divitias
979 4352 1289 4422 acreperint
1317 4352 1578 4425 Egyptii,
1603 4358 1842 4412 studiose
1879 4373 2045 4413 cona-

2149 3263 2492 3333 πολεμοῦντα
2540 3261 2724 3321 αὑτοῖς
2758 3258 2853 3311 καὶ
2897 3255 3270 3324 ἀνθεστηκότα
3313 3254 3405 3306 τὸν
3451 3250 3555 3304 τῶν
3597 3247 3713 3300 ὅλων

2147 3357 2438 3428 εὑρήσουσι
2463 3354 2618 3407 Θεόν.
2640 3350 2990 3405 Διασκεδάσω
3035 3347 3144 3418 γὰρ
3178 3346 3366 3400 αὑτῶν
3387 3345 3483 3406 τὰς
3525 3338 3711 3413 βουλὰς,

2149 3449 2333 3519 φησὶν,
2370 3447 2515 3500 τοῦτ’
2545 3444 2684 3508 ἔστι,
2718 3443 2899 3496 πᾶσαν
2930 3439 3108 3493 αὑτῶν
3140 3437 3344 3506 σκέψιν
3368 3434 3574 3489 εἰκαίαν
3601 3431 3714 3482 ἁπο-

2147 3536 2322 3605 φανῶ,
2381 3536 2472 3588 καὶ
2523 3533 2757 3602 ἀνόνητα
2813 3530 3115 3591 παντελῶςι
3149 3527 3220 3580 τὰ
3269 3528 3426 3581 κατὰ
3470 3523 3574 3578 τῶν
3612 3519 3716 3590 ἐμοὶ

2148 3626 2712 3700 προσδεδραμηκότων
2745 3624 2996 3692 ὲπιχειρή
3006 3637 3171 3692 ματα.
3186 3685 3200 3699 ο

2217 3717 2330 3770 Καὶ
2357 3715 2808 3782 ἐπερωτήσουσι
2838 3712 2978 3777 τοὺς
3019 3709 3194 3776 θεοὺς
3245 3709 3480 3776 αὐτῶν,
3534 3706 3623 3760 καί
3658 3701 3720 3756 τὰ

2146 3807 2460 3878 ἀγάλματα
2488 3805 2706 3873 αὐτῶν,
2733 3804 2831 3856 καὶ
2880 3802 3023 3867 τοὺς
3057 3801 3126 3855 ἐκ
3157 3800 3269 3870 τῆς
3327 3800 3442 3871 γῆς
3478 3794 3720 3869 φωνοῦν·

2146 3919 2273 3967 τας,
2304 3899 2405 3954 καί
2430 3899 2573 3965 τοὺς
2593 3895 3122 3966 ἐγγαστριμύθους,
3144 3893 3242 3946 καὶ
3276 3893 3428 3958 τοὺς
3448 3889 3716 3960 γνώστας.

2145 3996 2254 4049 Kal
2301 3991 2635 4061 παραδώσω
2688 3990 2993 4057 Αἴγυπτον
3034 3989 3122 4051 εὶς
3156 3983 3366 4054 χεῖρας
3415 3978 3716 4050 ἀνθρώπων

2145 4085 2369 4152 κυρίων
2403 4079 2719 4149 σκληρῶν·
2772 4079 2873 4132 καὶ
2904 4077 3189 4143 βασιλεῖς
3211 4075 3475 4145 σκληρυί
3503 4070 3716 4141 κιφιεύ-

2145 4191 2369 4230 σουσιν
2389 4174 2607 4229 αὐτῶν.

2217 4270 2352 4324 Τίνα
2385 4268 2449 4340 δὴ
2485 4251 2709 4340 τρόπον’,
2739 4267 2773 4338 ἢ
2814 4265 2954 4320 κατὰ
2977 4266 3128 4317 ποῖον
3150 4263 3290 4327 ὅλως
3327 4262 3538 4334 καιρὸν,
3572 4254 3721 4324 Αἰγύ·

2150 4380 2300 4417 πτιοι
2349 4361 2764 4431 πεπλουτήκασι
2794 4358 2853 4412 τὸ
2901 4359 3170 4429 σωτήριον
3209 4357 3500 4428 κήρυγμα,
3535 4347 3718 4417 σπουδὴ

469 4446 558 4493 tnr
585 4441 846 4510 propheta
874 4442 1184 4509 explanare.
1225 4442 1534 4515 Sensusque
1562 4448 1801 4502 historia;
1843 4450 1928 4503 his
1949 4451 2038 4518 qui

2145 4454 2222 4524 τῷ
2254 4453 2508 4524 προφήτῃ
2540 4449 2880 4522 διατρανοῦν.
2917 4450 3030 4502 οὑκ
3061 4448 3318 4516 ἀνόνητος
3348 4448 3404 4499 δὲ
3445 4447 3544 4515 τῆς
3594 4445 3719 4494 ίστο·

469 4545 650 4582 rerum
682 4532 944 4583 bonarum
975 4533 1154 4586 studio
1204 4543 1474 4600 tenentur,
1523 4553 1628 4591 non
1678 4539 1782 4594 erit
1817 4539 2043 4594 inutilis.

465 4619 601 4672 Cum
642 4630 910 4674 vastasset
963 4623 1124 4692 igitur
1183 4624 1489 4682 Jndmorum
1539 4629 1811 4697 regionem
1846 4629 2051 4699 Vespa-

469 4713 678 4776 sianus,
709 4722 765 4766 et
795 4714 1124 4770 incendisset
1162 4716 1554 4790 Hierosolyma,
1596 4721 1850 4775 omnibus
1881 4722 2050 4791 copiis

469 4819 534 4858 ac
563 4803 771 4859 viribus
795 4804 1079 4862 descendit
1113 4809 1166 4862 in
1207 4809 1522 4880 Egyptum,
1572 4825 1732 4878 quam
1776 4811 1939 4865 etiam
1995 4813 2046 4867 in

471 4909 688 4946 manmn
722 4909 872 4948 suam
905 4911 968 4950 ac
999 4909 1320 4966 potestatem
1364 4900 1589 4967 redegit.
1634 4899 1788 4964 Quod
1827 4901 2042 4969 quidem

471 4999 534 5038 ex
567 4985 843 5039 voluntate
896 4989 987 5042 Dei
1050 4988 1197 5052 fecit,
1255 4991 1343 5057 qui
1401 4989 1764 5043 Romanorum
1818 4995 2046 5061 sceptris

471 5073 780 5142 provincias
810 5091 998 5132 omnes
1019 5079 1179 5131 simul
1210 5088 1264 5132 et
1293 5078 1542 5133 civitates
1569 5079 1814 5146 subjecit.
1843 5081 2046 5137 Existi-

474 5178 688 5220 ntarunt
740 5168 956 5236 quidem
1001 5169 1242 5240 ΛεωνιῙί
1313 5169 1474 5226 facile
1533 5173 1811 5229 servitutis
1857 5175 2044 5245 jugum

476 5258 706 5326 effugere
730 5275 788 5314 se
815 5261 1077 5328 potuisse,
1109 5275 1276 5330 seque
1309 5271 1462 5316 extra
1504 5262 1675 5317 aleam
1722 5265 2048 5334 captivitatis

477 5352 699 5419 positos,
735 5354 875 5420 quod
933 5353 1086 5421 aquis
1127 5353 1375 5420 plurimis
1430 5355 1607 5409 cincta
1647 5356 1823 5411 fuerat
1876 5359 2043 5428 regio.

479 5442 577 5496 Sed
603 5457 852 5498 errarunt
893 5460 921 5496 ιι
966 5459 1081 5510 spe.
1138 5445 1278 5499 Deus
1321 5447 1464 5501 enim
1513 5449 1559 5502 si
1613 5449 1739 5517 quid
1787 5452 2048 5521 perficere

480 5535 620 5603 t'clil,
663 5536 844 5590 omnia
887 5537 1083 5588 cedunt
1127 5535 1283 5592 facile
1334 5558 1346 5594 :
1399 5548 1450 5595 et
1506 5555 1624 5613 qua:
1671 5543 1944 5601 inaccessa
1987 5553 2041 5598 ct

541 5687 585 5718 "
628 5688 817 5743 Matth.
856 5705 947 5754 xx,
987 5687 1171 5745 ’ὀί-56.

2153 4545 2270 4616 ρίας
2303 4547 2331 4598 ὁ
2351 4545 2507 4612 λόγος
2538 4546 2652 4606 τοῖς
2705 4559 2768 4611 γε
2798 4541 2945 4606 ἅπαξ
2979 4540 3386 4612 χρηστομαθεῖν
3417 4533 3719 4609 ᾑρημένοις.

2147 4634 2526 4706 Καταδῃὼσας
2558 4635 2736 4687 τοίνυν
2766 4635 2862 4705 τὴν
2887 4633 2997 4686 τῶν
3051 4632 3321 4685 Ἰουδαίων
3382 4630 3567 4700 χώραν
3602 4625 3723 4679 Οὑε-

2150 4727 2471 4791 σπασιανὸς,
2505 4728 2600 4780 καὶ
2631 4726 3034 4796 κατεμπρήσας
3059 4723 3131 4776 τὰ
3173 4722 3557 4793 Ἱεροσόλυμα,
3605 4729 3725 4767 παν·

2149 4819 2382 4890 στρατιᾷ
2444 4817 2821 4888 καταϐέϐηκεν
2866 4819 2947 4880 εἰς
2996 4819 3096 4886 τὴν
3157 4813 3477 4882 Αἰγυπτίων
3531 4807 3722 4880 χώραν»

2147 4910 2549 4982 χειρωσόμενος
2579 4909 2675 4963 καὶ
2725 4908 2918 4979 αὐτήν.
2960 4907 3133 4977 Ἔδρα
3159 4905 3215 4958 δὲ
3244 4903 3405 4957 τοῦτο
3447 4899 3587 4954 κατὰ
3613 4891 3723 4966 βού-

2149 5002 2304 5071 λησιν
2335 5000 2426 5054 τοῦ
2458 5000 2614 5065 Θεοῦ,
2669 5002 2781 5062 τοῖς
2843 4999 3131 5068 Ῥωμαίων
3173 4995 3544 5064 ὑποφέροντος
3602 4985 3722 5054 σκήο

2151 5109 2344 5162 πτροις
2389 5089 2572 5161 χώρας
2610 5106 2670 5141 τε
2727 5088 2946 5150 ἁπάσας
3006 5085 3142 5156 ὁμοῦ
3187 5087 3279 5139 καὶ
3327 5083 3534 5145 πόλεις.
3599 5073 3724 5130 Ἀλλ’

2150 5181 2320 5251 ᾤοντο
2351 5181 2447 5251 μὲν
2464 5179 2756 5242 Αἰγύπτιοι
2788 5179 2881 5231 καὶ
2909 5176 3195 5243 διαφυγεῖν
3227 5171 3495 5227 δύνασθαι
3543 5164 3724 5239 ῥᾳδίως

2151 5273 2243 5326 τὸν
2274 5273 2374 5341 τῆς
2411 5272 2658 5334 δουλείας
2682 5269 2866 5338 ζυγὸν,
2892 5264 3033 5321 εἷναί
3053 5283 3109 5320 τε
3137 5265 3410 5319 ἀνάλωτοι
3439 5253 3721 5314 παντελῶς.

2153 5365 2327 5420 διάτοι
2353 5364 2414 5417 τὸ
2447 5364 2721 5426 πλείστοις
2753 5358 3214 5423 ὑδασιδιεζῶσθαι
3236 5356 3336 5427 τὴν
3359 5354 3568 5425 χώραν.
3599 5343 3724 5400 Ἀλλ’

2154 5457 2506 5527 ἡμαρτήκασι
2553 5455 2652 5524 τῆς
2703 5453 2936 5516 ἐλπίδος.
2994 5450 3130 5504 Θεοῦ
3176 5453 3285 5520 γάρ
3335 5465 3388 5499 τι
3447 5433 3727 5509 κατορθοῦν

2149 5544 2444 5610 ἐθέλοντος,
2471 5544 2648 5601 πάντα
2679 5543 2896 5598 ὑπείκει
2952 5541 3170 5615 ῥᾳδίως,
3229 5539 3328 5594 καὶ
3378 5537 3448 5591 τὰ
3481 5531 3727 5600 ἀνέφικτα
