4060 6462
333 318 447 376 £57

1473 303 1537 361 IN
1580 303 1811 361 lSAlAM
1854 303 1984 359 LIB.
2027 301 2090 357 11.
2134 300 2373 360 TOMUS
2411 301 2502 359 IV.

3541 308 3645 361 4ιόβῖ

330 415 434 465 καὶ
460 409 745 479 δυσήνυτα
802 402 1118 476 παραδόξως
1147 401 1635 474 κατευμαρίζεται.
1685 399 1801 472 Τὴν
1841 399 1950 472 γὰρ

2061 399 2280 455 immota
2327 408 2475 466 sunt,
2511 397 2790 468 inopinato
2833 397 3190 469 dissipantur.
3248 397 3462 454 Manum
3499 404 3646 455 enim

328 506 503 575 χεῖρα
532 500 635 572 τὴν
661 498 874 570 ὑψηλὴν
904 498 990 561 τίς
1017 496 1356 568 ἀποστρέψει
1390 513 1405 562 ;
1434 495 1576 548 κατά
1605 494 1666 547 τδ
1695 511 1949 565 γεγραμ-

328 596 529 667 μένον.
595 591 927 662 Συμϐέϐηκε
980 590 1161 643 τοίνυν
1228 590 1409 643 πάντα
1469 588 1538 642 τὰ
1588 586 1718 660 παρ’
1762 587 1950 650 αὐτοῖς

328 686 564 747 ὕδατος,
600 682 673 736 τά
701 698 762 734 τε
793 682 850 734 ἐν
876 679 1116 751 λίμναις,
1148 679 1244 732 καὶ
1279 677 1378 748 μέν
1419 695 1499 730 τοι
1548 676 1643 730 καὶ
1682 676 1950 745 ποταμοῖς

328 776 720 846 ἀφανισθῆναι
753 772 1054 837 παντελῶς,
1095 773 1172 836 ὡς
1214 771 1547 826 διοδεύεσθαι
1579 769 1758 825 ποσίν.
1794 767 1952 822 Οὕτω

333 889 400 925 τε
418 870 614 924 λοιπὸν
647 869 973 939 δυσχερείας
1007 867 1230 938 ἀπάσης
1255 864 1602 936 ἐψιλωμένην
1638 863 1737 935 τὴν
1779 863 1949 931 Αιγυ-

345 965 522 1016 πτίων
589 959 799 1031 εὑρὼν,
869 958 1214 1030 κεκράτηκεν
1265 956 1440 1027 αὐτῆς
1513 953 1947 1017 Οὐεσπασιανός.

348 1057 486 1110 Κατ’
535 1056 718 1108 ἐκεῖνο
751 1052 816 1123 δὴ
848 1047 942 1106 οὖν
979 1049 1073 1104 τοῦ
1125 1047 1343 1121 καιροῦ,
1383 1047 1734 1119 συμϐέϐηκεν
1774 1045 1950 1099 εἰσελ-

343 1149 454 1201 θεῖν
477 1148 562 1208 είς
592 1145 699 1216 τὴν
729 1143 1048 1212 Αἰγυπτίων
1075 1141 1202 1206 τοὺς
1226 1141 1286 1195 τὸ
1317 1141 1460 1194 θεῖόν
1487 1157 1547 1193 τε
1572 1141 1666 1193 καὶ
1685 1139 1952 1210 σωτήριον

342 1237 775 1310 ἱερουργοῦντας
815 1238 1103 1308 κήρυγμα,
1145 1233 1342 1288 καὶτὰ
1373 1232 1501 1304 ἔθνη
1552 1229 1952 1302 σαγηνεύοντας

331 1334 423 1386 διὰ
453 1334 708 1395 πίστεως
741 1331 844 1400 τῆς
875 1333 934 1383 ὲν
962 1327 1207 1400 Χριστῷ,
1244 1328 1382 1399 πρὸς
1415 1328 1515 1399 τὴν
1554 1330 1654 1399 τῆς
1692 1326 1953 1398 ἀληθείας

328 1425 668 1492 ἐπίγνωσιν.
729 1421 1133 1494 Μεμαθηκότες
1185 1420 1366 1474 τοίνυν
1420 1418 1731 1488 Αἰγύπτιοι,
1793 1420 1950 1490 φησι,

325 1519 432 1586 τῆς
478 1514 782 1586 Ῥωμαίων
837 1515 1102 1585 στρατιᾶς
1147 1513 1244 1584 τὴν
1296 1513 1547 1582 παναλκῆ
1591 1513 1683 1566 καὶ
1719 1513 1954 1566 δυσκατ-

323 1605 655 1672 αγώνιστον
712 1603 924 1674 ἔφοδον,
954 1602 1390 1674 τεθορυϐημένοι
1440 1619 1498 1656 τε
1520 1603 1662 1666 λίαν,
1689 1604 1784 1656 καὶ
1828 1604 1952 1656 ὅποι

324 1697 469 1748 ποτέ
524 1698 718 1758 αὐτοῖς
775 1694 836 1746 τὸ
892 1692 990 1746 τοῦ
1049 1693 1378 1766 πράγματος
1429 1693 1724 1764 ἐκϐήσεται
1756 1695 1949 1766 πέρας,

325 1785 653 1856 ἀναμαθεϋ
682 1784 982 1850 ἐθέλοντες,
1023 1785 1438 1856 ὲπερωτήσουσι
1490 1786 1620 1848 τοὺς
1671 1785 1828 1849 θεοὺς
1875 1785 1972 1836 αὺ-

323 1880 472 1942 τῶν,
510 1880 608 1932 καὶ
636 1878 706 1932 τὰ
737 1877 1034 1947 ἀγάλματα
1055 1876 1234 1930 αὐτῶν
1255 1917 1270 1938 ,
1308 1877 1401 1930 καὶ
1437 1877 1564 1940 τοὺς
1594 1877 1659 1930 ἐκ
1697 1879 1799 1948 τῆς
1851 1877 1956 1948 γῆς

332 1973 690 2042 φωνοῦντας,
745 1971 843 2025 καὶ
879 1972 1008 2034 τοὺς
1060 1969 1564 2041 ἐγγαστριμύθους,
1617 1970 1712 2024 καὶ
1771 1971 1956 2040 μέντοι

333 2067 436 2120 καί
462 2065 741 2133 γνώστας.
787 2063 1049 2135 Διάφοροι
1098 2063 1208 2134 γὰρ
1261 2064 1392 2134 παρ’
1431 2063 1618 2125 αὐτοῖς
1651 2063 1958 2134 ψευδομαν-

335 2160 494 2220 τείας
534 2154 684 2228 ἦσαν
727 2156 949 2227 τρόποι,
1005 2157 1100 2209 καὶ
1135 2155 1516 2227 πεπλασμένοι
1559 2158 1860 2228 προφῆται.
1894 2158 1956 2209 Oi

334 2249 444 2318 μὲν
472 2249 605 2310 τοὺς
647 2247 878 2318 νεκροὺς
925 2246 1213 2316 ἐπερωτᾷν
1261 2244 1726 2316 προσποιούμενοι
1761 2261 1775 2276 ·
1808 2245 1857 2298 οἱ
1900 2243 1956 2297 δὲ

335 2342 438 2394 καὶ
486 2338 603 2393 ἀπὸ
635 2342 738 2409 τῆς
769 2338 923 2408 σφῶν
951 2337 1134 2391 αὐτῶν
1184 2337 1416 2409 καρδίας
1460 2337 1814 2408 ἐρευγόμενοι
1870 2335 1955 2388 λόο

337 2450 497 2503 γους.
532 2433 760 2504 Ἐτεροι
806 2431 866 2485 δὲ
913 2431 1009 2485 καὶ
1053 2429 1318 2500 γνῶσται,
1362 2429 1510 2483 τοῦτ’
1549 2429 1686 2496 ἐστι,
1733 2428 1860 2492 τοὺς
1893 2429 1958 2482 ἐκ

337 2523 554 2578 θυσιῶν
594 2525 865 2589 καπνοὺς,
898 2524 1146 2588 καὶτοὺς
1167 2524 1224 2576 ἐν
1253 2524 1367 2585 τοῖς
1387 2522 1562 2594 ἧπασι
1602 2521 1710 2576 τῶν
1747 2523 1955 2590 σφαζο-

340 2614 530 2669 utva
560 2613 720 2677 ζώων
768 2613 1023 2686 παλμοὺς
1071 2612 1666 2685 πολυπραγμονοῦντες
1699 2613 1952 2677 ἀνοσίως.

346 2705 500 2760 Ἀλλ’
532 2707 796 2777 οὐδεμιᾶς
822 2706 1001 2772 ἔσται,
1047 2707 1234 2777 φησιν,
1279 2707 1345 2759 ἐκ
1386 2705 1646 2777 μαντείας
1683 2705 1868 2769 αὐτοῖς
1921 2706 1956 2776 ή

333 2800 553 2869 ὖνησις·
614 2797 738 2851 οὔτε
774 2798 883 2871 μὴν
919 2797 1201 2869 ἐπαμῦναι
1249 2797 1583 2869 δυναμένους
1629 2798 1831 2861 αὐτοὺς
1861 2798 1956 2850 εὑ-

338 2896 606 2965 ρήσουσι,
633 2893 764 2956 τοὺς
808 2892 1172 2963 νομισθέντας
1219 2887 1360 2945 εἷναι
1409 2889 1589 2954 θεούς.
1639 2890 1959 2963 Παραδώσω

336 2987 454 3055 γὰρ
484 2985 764 3052 Αἴγυπτον
805 2984 886 3047 είς
936 2986 1128 3056 χεῖρας
1183 2982 1490 3055 ἀνθρώπων
1543 2982 1751 3055 κυρίων
1788 2983 1959 3055 σκλη-

336 3078 482 3148 ρῶν,
561 3077 658 3130 καὶ
721 3075 966 3146 βασιλεῖς
1023 3077 1253 3149 σκληροὶ
1308 3077 1692 3148 κυριεύσουσιν
1752 3077 1953 3130 αὐτῶν.

336 3171 634 3241 Σκληροὺς
651 3171 710 3225 δὲ
731 3171 860 3226 ὅταν
887 3169 1151 3242 ἀκούσῃς,
1189 3171 1264 3243 μὴ
1293 3171 1706 3242 ἀπηνεστάτους
1727 3173 1949 3245 νοήσῃς,

2059 492 2332 548 excelsam
2349 493 2471 562 quis
2487 492 2719 548 avertet?
2730 493 3184 562 quemadmodum
3200 493 3462 562 scriptum
3477 504 3558 548 est
3575 499 3641 549 ".

2057 584 2272 638 Accidit
2297 598 2449 653 ergo,
2476 597 2665 639 omnes
2684 598 2872 639 eorum
2907 599 3078 655 aquas
3113 585 3167 639 in
3211 585 3436 640 lacubus
3458 596 3512 641 et
3543 587 3644 641 llu-

2059 675 2301 730 minibus
2356 674 2560 730 auferri
2607 676 2842 746 penitus,
2892 686 2952 732 ut
2993 677 3221 748 pedibus
3275 679 3588 750 trajecerint
3630 697 3644 732 :

2058 767 2242 835 itaque
2273 766 2548 837 deinceps,
2586 782 2710 821 cum
2754 769 3011 822 nudatam
3044 768 3339 841 Egyptum
3378 771 3648 826 inveniret

2059 859 2448 930 Vespasianus,
2475 875 2594 915 eam
2651 859 2910 917 facillime
2957 861 3172 931 devicit.
3223 863 3406 930 Quare
3454 864 3555 919 sub
3593 866 3645 919 id

2060 953 2322 1021 temporis
2354 954 2556 1018 evenit,
2586 965 2644 1006 ut
2669 954 3085 1022 ingrederentur
3115 955 3408 1027 Egyptum
3451 958 3647 1012 divina:

2058 1057 2124 1098 ac
2162 1043 2418 1098 salutaris
2459 1043 2860 1113 praedicationis
2894 1046 3039 1102 sacri
3075 1048 3335 1113 ministri,
3368 1058 3422 1104 et
3455 1057 3647 1119 gentes

2059 1148 2159 1202 per
2188 1133 2348 1189 ﬁdem
2379 1134 2548 1206 286
2581 1136 2631 1189 in
2659 1135 2883 1190 Christo
2917 1137 2982 1190 ad
3029 1139 3279 1192 veritatis
3315 1139 3644 1207 agnitionem

2061 1225 2432 1282 irretiverunt.
2474 1227 2660 1296 Itaque
2692 1227 2782 1281 ubi
2818 1226 3048 1282 Romani
3095 1231 3391 1285 exercitus
3415 1230 3649 1286 fortissi-

2063 1336 2204 1375 mam
2243 1335 2306 1375 ac
2334 1319 2752 1390 insuperabilem
2795 1319 3163 1376 incursionem
3200 1317 3442 1391 Egyptii
3485 1321 3648 1374 intcl-

2061 1413 2343 1478 lexissent,
2406 1412 2565 1466 valde
2616 1412 2951 1478 tumultuati,
2988 1421 3044 1475 et
3091 1412 3233 1468 scire
3280 1412 3651 1468 desiderantes

2061 1521 2170 1576 quo
2196 1507 2412 1562 tandem
2444 1505 2522 1561 rei
2556 1506 2736 1562 exitus
2770 1521 3036 1561 evasurus
3068 1507 3162 1575 sit,
3193 1508 3324 1562 deos
3354 1515 3410 1563 et
3459 1507 3652 1577 imagi-

2062 1615 2158 1654 nes
2180 1615 2330 1668 suas,
2375 1611 2431 1655 et
2459 1599 2527 1654 de
2579 1608 2720 1654 terra
2762 1613 2948 1654 vocem
2982 1601 3228 1665 edentes,
3286 1610 3341 1656 et
3387 1601 3651 1656 ventrilo-

2060 1708 2218 1764 quos,
2247 1702 2302 1748 et
2332 1692 2536 1748 ariolos
2568 1692 3001 1762 interrogabunt.
3062 1692 3283 1748 Diversa
3320 1696 3467 1750 enim
3511 1695 3649 1762 apud

1997 1796 2040 1853 Β
2066 1800 2159 1840 eos
2191 1794 2346 1838 erant
2378 1785 2634 1840 falsarum
2680 1786 3125 1840 vaticinationum
3161 1800 3381 1855 genera,
3434 1793 3491 1840 et
3538 1785 3649 1839 iicti

2063 1879 2361 1948 prophetae,
2411 1878 2503 1933 alii
2541 1879 2634 1949 qui
2677 1893 2738 1933 se
2793 1888 3039 1934 mortuos
3093 1877 3359 1934 sciscitari
3427 1877 3650 1933 simula-

2061 1973 2211 2034 bant,
2243 1973 2334 2027 alii
2367 1974 2458 2042 qui
2490 1989 2556 2028 ex
2586 1989 2685 2028 suo
2713 1984 2933 2046 pectore
2965 1974 3130 2030 verba
3164 1973 3512 2030 eructabant.
3546 1973 3650 2026 Alii

2062 2065 2224 2119 etiam
2258 2076 2415 2120 erant
2444 2065 2624 2131 arioli,
2654 2066 2706 2121 id
2737 2078 2844 2135 est,
2886 2066 2978 2137 qui
3026 2065 3201 2120 fumos
3232 2079 3299 2118 ex
3337 2063 3649 2125 sacriﬁciis.

2060 2167 2114 2212 et
2146 2158 2524 2228 palpitationes
2553 2159 2605 2214 in
2652 2160 2846 2230 hepate
2896 2167 3254 2215 mactatorum
3289 2157 3650 2212 animantium

2063 2250 2321 2319 indagaut
2361 2251 2579 2305 curiose
2611 2259 2665 2306 et
2699 2251 2886 2322 impie.
2917 2251 3024 2306 Sed
3077 2250 3244 2319 nulla,
3305 2250 3503 2320 inquit,
3543 2248 3654 2303 erit

2060 2341 2443 2397 vaticiniorum
2478 2341 2701 2398 utilitas.
2743 2341 2856 2400 Nee
2900 2344 3046 2398 enim
3091 2343 3184 2414 qui
3238 2341 3311 2398 dii
3368 2349 3651 2412 putantur,

2061 2446 2156 2486 eos
2190 2433 2451 2488 auxilium
2486 2434 2682 2490 aﬂ'erre
2727 2436 2967 2507 potuisse
3006 2435 3367 2492 inveniemus.
3412 2432 3648 2488 Tradatn

2060 2522 2205 2578 enim
2257 2521 2554 2595 Egyptum
2611 2525 2668 2581 in
2723 2542 2916 2581 manus
2973 2527 3253 2582 hominum
3304 2525 3648 2581 dominorum

2061 2618 2342 2686 durorum,
2383 2631 2438 2675 et
2477 2635 2631 2691 reges
2669 2621 2787 2675 duri
2849 2619 3272 2676 dominabuntur
3331 2619 3434 2676 eis.
3479 2618 3651 2672 Duros

2063 2718 2244 2764 autem
2279 2725 2403 2766 cum
2453 2709 2628 2773 audis,
2666 2725 2773 2764 non
2809 2710 3206 2764 immitissimos
3255 2722 3379 2763 esse
3424 2707 3650 2777 cogites,

2062 2804 2159 2858 sed
2191 2802 2423 2858 invictos
2470 2803 2655 2874 potius
2702 2811 2758 2858 et
2799 2802 3240 2864 invulnerabiles,
3279 2815 3331 2856 et
3365 2799 3650 2855 victoriam

2063 2895 2257 2950 cedere
2287 2896 2542 2950 cuicuam
2584 2895 2820 2951 nescios.
2860 2894 3059 2962 Quales
3089 2893 3418 2948 exstiterunt
3459 2892 3655 2945 Itonia-

2064 3003 2256 3042 norum
2297 2987 2640 3043 celeberrimi
2671 2987 3052 3058 imperatores,
3097 2986 3283 3042 divino
3329 2996 3386 3040 et
3441 2993 3653 3039 secreto

2064 3079 2314 3144 consilio,
2343 3090 2402 3134 ut
2420 3079 2685 3144 dicebam,
2711 3079 2819 3134 illis
2843 3077 3168 3150 subjiciente
3195 3077 3380 3135 omnia
3412 3093 3428 3133 :
3457 3075 3656 3148 quippe

2063 3173 2250 3228 orbem
2281 3181 2550 3227 terrarum
2585 3171 2967 3244 subjugaruut.

335 3263 700 3333 ἀθραύστους
732 3263 788 3317 δὲ
835 3263 1062 3334 μᾶλλον,
1100 3263 1196 3317 καί¹
1248 3265 1602 3334 παραχωρεῖν
1671 3262 1886 3326 εἰδότας
1919 3261 1979 3316 τὸ
2014 3265 2171 3335 νικᾷν
2233 3263 2431 3317 οὐδενί.
2484 3262 2712 3317 Τοιοῦτο
2765 3262 2873 3336 γὰρ
2923 3263 2973 3317 οἱ
3031 3260 3322 3332 Ῥωμαίων
3363 3258 3651 3329 γεγόνασιν

333 3355 738 3410 εὐκλεέστατοι
770 3355 1033 3427 βασιλεῖς,
1066 3356 1170 3427 τῆς
1197 3355 1348 3420 θείας
1386 3373 1448 3409 τε
1494 3356 1590 3410 καὶ
1627 3355 1944 3429 ἀπορρήτου
2017 3355 2217 3430 βουλῆς
2276 3357 2652 3430 ὑποτιθείσης,
2691 3357 2768 3423 ὡς
2797 3357 2958 3428 ἔφην,
2986 3356 3056 3412 τὰ
3085 3357 3268 3410 πάντα
3296 3355 3503 3418 αὐτοῖς.
3541 3352 3654 3406 Καὶ

335 3450 480 3516 γοῦν
505 3451 891 3522 κεκρατήκασι
919 3455 1020 3524 τῆς
1059 3451 1153 3506 ὑπ’
1179 3451 1434 3524 οὐρανόν.

419 3543 578 3598 Τάδε
627 3543 791 3614 λέγει
846 3545 1067 3613 Κύριος
1120 3543 1400 3600 Σαϐαὼθ·
1456 3544 1568 3601 Καὶ
1617 3545 1856 3602 «torrat
1906 3548 1959 3600 οἱ
1989 3555 2034 3616 (ζ

331 3639 656 3708 Αἰγύπτιοι
684 3637 750 3692 τὸ
774 3637 932 3707 ὕδωρ
968 3639 1038 3693 τὸ
1076 3639 1240 3707 παρὰ
1269 3637 1598 3695 θάλασσαν
1617 3655 1633 3670 ο
1668 3642 1703 3695 ό
1729 3639 1800 3694 δὲ
1849 3655 1960 3694 πο-

335 3733 538 3801 ταμὸς
570 3731 868 3800 ἐκλείψει,
920 3732 1022 3786 καὶ
1072 3730 1543 3801 ξηρανθήσεται.
1614 3733 1964 3803 Ἐκλείψου-

330 3841 452 3879 σιν
484 3828 542 3878 οἱ
567 3823 827 3894 ποταμοί
871 3824 975 3879 καί
1013 3823 1302 3895 διώρυγες
1346 3825 1454 3880 τοῦ
1506 3827 1800 3897 ποταμοῦ,
1865 3827 1966 3881 καί

2140 3543 2300 3600 Vens.
2356 3544 2509 3600 5-l0.
2561 3542 2694 3598 Hazc
2736 3543 2863 3597 dicit
2921 3540 3178 3598 Dominus
3232 3533 3467 3598 Sabaoth
3516 3557 3536 3597 :
3589 3542 3657 3598 Et

2063 3638 2233 3694 bibent
2282 3637 2530 3710 Egyptii
2577 3654 2770 3708 aquam
2811 3653 2929 3708 quia
2963 3637 3126 3707 juxta
3184 3651 3330 3691 mare
3387 3649 3407 3689 :
3464 3636 3656 3706 ﬂuvius

2062 3741 2240 3787 autem
2270 3731 2472 3798 deﬁciet
2500 3742 2546 3785 et
2569 3737 2856 3785 cxarescet.
2879 3727 3128 3797 Deﬁcient
3159 3727 3309 3800 ﬂuvii
3331 3737 3379 3782 et
3426 3729 3525 3782 τίυὶ
3547 3731 3660 3797 [ιιι-

2063 3828 2152 3880 vii.
2185 3824 2258 3879 Et
2276 3824 2624 3879 exsiccabitur
2653 3826 2822 3880 omnis
2853 3822 3187 3894 congregatio
3235 3838 3386 3893 aqua:
3419 3824 3474 3876 in
3514 3823 3657 3877 omni

333 3917 802 3985 ξηρανθήσεται
828 3917 1000 3973 πᾶσα
1029 3917 1357 3989 συναγωγὴ
1392 3919 1635 3986 ὕδατος,
1678 3919 1749 3972 ἐν
1785 3920 1965 3974 παντὶ

327 4010 475 4064 ἕλει
505 4008 810 4079 καλάμου,
849 4009 953 4064 καὶ
981 4011 1286 4078 παπύρου,
1337 4009 1435 4063 καὶ
1471 4011 1538 4065 τὸ
1565 4011 1667 4082 ἄχι
1707 4011 1773 4066 τὸ
1807 4015 1962 4079 χλωο

326 4102 479 4172 ρὸν,
524 4099 652 4156 πᾶν
680 4102 746 4154 τὸ
785 4103 995 4164 κύκλῳ
1021 4101 1128 4155 τοῦ
1168 4101 1462 4171 ποταμοῦ,
1493 4101 1641 4157 ’πᾶν
1684 4104 1750 4157 τὸ
1788 4118 1961 4158 σπειο

327 4194 616 4263 ρόμενον
641 4191 741 4247 διὰ
773 4193 882 4246 τοῦ
929 4192 1205 4262 ποταμοῦ
1264 4191 1712 4260 ξηρανθήσεται
1745 4195 1961 4262 ἀνεμο-

2062 3919 2256 3990 palude
2280 3919 2536 3974 calamiet
2566 3920 2772 3991 papyri.
2808 3915 2878 3971 Et
2908 3918 3028 3972 achi
3062 3916 3250 3980 viride,
3284 3932 3436 3972 omne
3458 3917 3654 3969 circum

2062 4015 2282 4084 ﬂumen,
2319 4030 2471 4067 omne
2495 4014 2632 4084 quod
2663 4012 2959 4067 seminatur
2997 4011 3160 4082 juxta
3179 4011 3402 4080 ﬂumen,
3435 4017 3656 4071 arescet,

2060 4116 2306 4174 ventoque
2327 4103 2538 4173 peribit.
2572 4102 2641 4157 Et
2670 4113 2872 4174 gement
2894 4103 3205 4170 piscatores,
3237 4113 3282 4154 et
3309 4109 3514 4171 gement
3545 4115 3658 4154 out-

2061 4214 2149 4252 ncs
2185 4200 2446 4252 mittentes
2474 4199 2688 4250 hamum
2712 4197 2763 4250 in
2795 4195 3034 4266 ﬂuvium,
3059 4203 3108 4248 et
3132 4195 3393 4248 mittentes
3409 4208 3653 4262 sagenas,

330 4286 593 4355 φθορίςι.
625 4285 736 4338 Καὶ
775 4283 1192 4348 στενάξουσιν
1229 4288 1283 4339 οἱ
1322 4285 1533 4352 ἁλιεῖς,
1584 4284 1958 4350 στενάξουσι

2061 4301 2107 4346 et
2127 4293 2384 4361 jacientes
2410 4290 2542 4344 retia
2569 4289 2872 4359 plorabunt.
2917 4287 2990 4342 Et
3020 4287 3262 4354 confusio
3307 4285 3655 4354 apprehendet

334 4381 582 4443 πάντες
619 4381 672 4430 οἱ
695 4377 1046 4443 ,βάλλοντες
1071 4377 1403 4448 ἄγκιστρον
1422 4380 1510 4444 εἰς
1529 4378 1638 4432 τὸν
1659 4377 1955 4446 ποταμὸν,

334 4472 448 4527 καὶ
496 4473 552 4524 οἱ
595 4470 950 4537 ,ϐάλλοντες
1001 4469 1304 4539 cortinae,
1341 4471 1466 4541 emi
1501 4475 1556 4525 οἱ
1604 4470 1958 4541 ἀμφιϐολεῒς

335 4564 760 4632 πενθήσουσι.
808 4564 918 4618 Καὶ
963 4564 1004 4632 ἠ
1054 4565 1322 4633 αὶσχύνη
1368 4563 1632 4633 λήψεται
1666 4563 1808 4630 τοὺς
1851 4564 1960 4634 ἐρ-

2063 4393 2338 4453 operantes
2401 4381 2569 4435 linum
2631 4381 2816 4451 ﬁssile,
2875 4388 2926 4434 et
2984 4386 3259 4447 operantes
3322 4377 3556 4447 byssum,
3608 4389 3654 4430 et

2067 4477 2426 4545 operabuntur
2450 4491 2510 4529 ea
2536 4475 2589 4528 in
2621 4473 2822 4540 dolore,
2857 4483 2907 4527 et
2941 4487 3118 4526 omnes
3149 4470 3366 4541 zythum
3404 4469 3650 4540 facientes

2065 4567 2540 4632 contristabuntur,
2573 4575 2620 4620 et
2650 4565 2842 4620 animis
2869 4565 3140 4620 dolebant.

338 4657 722 4728 γαζομένους
744 4655 814 4710 τὸ
873 4657 1052 4710 livor
1108 4655 1176 4710 τὸ
1234 4658 1516 4725 σχιστὸν,
1559 4656 1656 4710 καὶ
1697 4657 1841 4723 τοὺς
1888 4657 2321 4729 ἐργαζομένους
2377 4657 2494 4727 τὴν
2529 4659 2821 4725 βύσσονσ
2879 4657 2976 4712 καί
3019 4657 3269 4713 ἔσονται
3320 4656 3376 4710 ol
3422 4650 3657 4723 ἐργαζόο

336 4767 526 4821 μενοι
572 4747 731 4802 αὐτὰ
772 4747 844 4803 ἐν
880 4748 1093 4817 ὀδύνῃ,
1147 4747 1248 4801 καί
1286 4746 1512 4816 πάντες
1541 4750 1596 4802 οἱ
1640 4747 1750 4802 τὸν
1781 4746 1958 4809 ζύθον
2028 4750 2344 4818 ποιοῦντες
2403 4750 2888 4820 λυπηθήσονται,
2937 4747 3036 4803 καὶ
3085 4747 3192 4816 τὰς
3222 4746 3429 4818 ψυχὰς
3476 4740 3653 4798 ποι-ἐι

339 4857 606 4899 σουσιν.

421 4930 810 5002 Συναρμόσεις
835 4931 932 4986 καὶ
959 4931 1088 4986 τάδε
1126 4936 1241 4997 τοῖς
1288 4931 1495 5004 ἀρτίως
1537 4934 1669 5004 ἡμῖν
1728 4931 1958 5004 εἰρημέ-

2141 4931 2364 5002 Aptabis
2390 4938 2444 4986 et
2469 4929 2584 4984 haec
2614 4927 2720 4982 illis
2759 4939 2882 4995 qua:
2917 4934 3046 4979 sunt
3088 4937 3118 4977 a
3161 4923 3316 4979 nobis
3357 4923 3468 4994 jam
3513 4939 3663 4980 com-

341 5044 493 5090 νοις.
537 5023 934 5095 Εὐυγροτάτην
953 5025 1063 5093 γὰρ
1089 5023 1265 5088 οὕτως
1291 5024 1391 5095 τὴν
1413 5025 1751 5093 Αἰγυπτίων,
1787 5023 1961 5097 ξηρὰν

339 5122 644 5190 ἀπέφηνεν
671 5121 703 5174 ό
733 5118 915 5174 πάντα
953 5119 1154 5190 ἰσχύων
1193 5119 1347 5183 Θεὸς,
1404 5117 1544 5171 ὥστε
1575 5119 1668 5172 καὶ
1703 5118 1964 5190 ἀνιδρωτὶ

345 5213 597 5285 βάσιμον
646 5208 790 5265 εἶναι
829 5213 945 5275 τοῖς
990 5209 1238 5264 ἐθέλουσι
1297 5209 1387 5264 διὰ
1435 5210 1643 5281 λιμνῶν
1689 5210 1828 5264 ἰέναι
1867 5209 1962 5262 καὶ

344 5303 652 5374 ποταμῶν.
691 5301 957 5374 Διῄρηται
978 5303 1036 5358 δέ
1066 5319 1184 5366 πως
1212 5301 1323 5355 τῶν
1350 5302 1665 5372 Αἰγυπτίων
1693 5303 1738 5373 ἡ¹
1760 5301 1914 5374 χώρα
1945 5318 1959 5334 υ

347 5398 454 5454 καὶ
478 5398 531 5450 οἱ
554 5395 654 5468 μὲν
675 5394 862 5466 ἔχουσι
891 5396 992 5467 τὴν
1013 5393 1120 5465 γῆν
1151 5394 1250 5466 τὴν
1281 5395 1566 5466 ἀρόσιμον,
1591 5396 1686 5448 καὶ
1724 5411 1964 5465 γονιμω-

346 5491 552 5559 τάτην,
597 5488 694 5543 καὶ
718 5487 1040 5560 ἀμπελῶσι-ιν
1071 5488 1154 5541 ὅτι
1203 5485 1437 5558 μάλιστα
1470 5486 1779 5556 μελεδωνοί.
1817 5486 1885 5539 0i
1907 5485 1964 5538 δὲ

345 5583 501 5656 πρὸς
537 5581 734 5646 αὐταῖς
762 5579 974 5637 οἰκοῦσι
1008 5583 1128 5676 cas;
1177 5580 1415 5651 λίμναις,
1440 5582 1509 5636 τὰ
1537 5581 1595 5646 ἐξ
1630 5578 1812 5634 αὐτῶν
1836 5580 1960 5649 δρε-

431 5740 484 5776 ⁵⁶
522 5739 628 5797 lsa.
674 5755 790 5804 xiv,
821 5740 912 5794 27.

703 5836 976 5895 ΡΑτιιοι..
1021 5832 1138 5893 (in.
1191 5833 1386 5893 LXX.

2071 5031 2394 5094 memorata.
2435 5019 2660 5074 Terram
2713 5016 2859 5072 enim
2919 5009 3302 5085 Egyptiorum
3354 5013 3663 5072 humidissi-

2072 5129 2238 5180 mam,
2290 5114 2499 5168 aridam
2557 5108 2738 5166 ell‘ecit
2785 5107 3132 5178 omnipotens
3183 5105 3344 5171 Deus,
3403 5116 3464 5161 ut
3517 5107 3660 5164 enim

2071 5207 2236 5278 287
2269 5207 2388 5261 sine
2417 5205 2618 5260 sudore
2646 5202 2828 5272 pervia
2861 5201 2951 5266 sit,
2999 5208 3190 5270 stagna
3219 5210 3276 5255 et
3304 5199 3502 5257 ﬂuvios
3539 5215 3666 5271 per~

2073 5301 2310 5356 transire
2341 5296 2668 5354 volentibus.
2696 5293 2880 5350 Divisa
2914 5301 2999 5348 est
3051 5302 3230 5348 autem
3261 5293 3662 5363 quodammodo

2071 5392 2452 5462 Egyptiorum
2487 5388 2638 5459 regio
2665 5407 2679 5442 :
2704 5395 2758 5442 et
2792 5386 2880 5442 alii
2911 5385 3110 5442 habent
3151 5394 3356 5439 terram
3401 5382 3661 5438 arabilem

2069 5493 2123 5540 et
2157 5481 2627 5547 fecundissimam,
2653 5489 2708 5536 et
2749 5480 2943 5535 vitium
2979 5489 3109 5535 sunt
3159 5479 3395 5534 cultores
3455 5474 3663 5530 studio-

2071 5575 2293 5634 sissimi.
2334 5575 2438 5630 Alii
2495 5585 2678 5631 autem
2734 5575 2884 5632 lacus
2939 5572 3214 5635 accolunt,
3273 5579 3326 5625 et
3372 5582 3492 5638 qua:
3537 5567 3686 5652 inde

3309 5818 3378 5878 13
