4060 6526
469 361 576 419 ιω

1453 350 1513 406 S.
1553 346 1829 404 CYRILLl
1868 339 2341 403 ALEXANDRINI
2377 337 2700 399 ARCIIIEP.

3617 342 3713 399 ιω

471 475 818 549 proveniunt,
874 474 1189 545 decerpunt.
1238 469 1548 527 Piscatores
1595 469 1739 526 enim
1792 475 1939 534 sunt,
1996 475 2052 520 et

2159 462 2403 534 πόμενοι.
2466 456 2807 532 Ἰχθυοθῆραί
2856 473 2915 510 τε
2972 455 3082 529 γάρ
3142 456 3271 519 εἰσι,
3343 457 3436 511 καὶ
3482 458 3718 533 adstupes

468 582 732 642 papyrum
766 572 1044 631 desecant,
1076 580 1140 620 ac
1173 564 1373 618 charta:
1422 570 1549 617 sunt
1595 562 1856 629 artiﬁces,
1899 571 1954 615 et
1984 559 2047 613 li-

468 674 596 714 nmu
630 655 797 712 fissile
853 663 1169 725 operantur.
1227 649 1505 706 Palustres
1563 659 1744 704 autem
1804 645 2048 701 homines

466 750 583 805 sive
619 745 834 803 bubulci
891 744 1332 802 denominantur.
1394 740 1535 797 Sunt
1578 740 1723 795 enim
1771 737 1908 809 apud
1956 751 2049 793 eos

468 838 750 894 innumera
776 836 937 892 boum
983 844 1230 890 armenta
1270 831 1490 903 :panis,
1532 830 1664 897 vini,
1714 828 2050 895 aliarumque

466 944 647 985 rerum
683 942 877 999 magna
911 926 1159 998 penuria.
1203 922 1589 980 Deﬁcientibus
1642 921 1827 990 itaque
1867 916 2045 987 aquis,

381 1019 391 1025 ’
465 1018 663 1090 inquit,
701 1017 890 1072 bibent
919 1032 1140 1088 aquam.
1177 1013 1310 1070 Nam
1342 1014 1395 1069 in
1420 1012 1697 1068 littoribus
1725 1010 2050 1081 quandoque

466 1106 755 1170 fodientes,
783 1106 1075 1176 potabilem
1103 1104 1231 1159 inde
1257 1104 1469 1159 laticem
1518 1101 1865 1157 exhauriunt.
1904 1096 2047 1153 Deil-

465 1199 821 1253 cicnlautt'nt
873 1205 927 1250 et
974 1206 1295 1250 exarescent
1336 1210 1525 1250 omnes
1576 1191 1724 1247 ﬂuvii
1779 1199 1834 1245 et
1886 1188 2045 1243 alvei.

464 1289 584 1346 Erit
619 1300 798 1345 autem
843 1288 896 1344 in
924 1289 1070 1343 omni
1108 1286 1301 1357 palude
1329 1285 1522 1340 calami
1551 1294 1602 1337 et
1629 1282 1815 1354 papyri
1855 1282 2049 1335 raritas

465 1396 753 1451 aquarum.
782 1380 845 1435 Et
876 1394 1036 1434 omne
1059 1377 1200 1446 quod
1235 1376 1288 1430 in
1332 1375 1489 1445 aquis
1535 1373 1798 1437 nascitur,
1850 1371 2049 1441 inquit,

466 1470 854 1538 exsiccabitur,
883 1479 941 1524 ut
975 1479 1030 1524 et
1052 1470 1265 1540 lugeant
1306 1467 1629 1538 piscatores,
1668 1472 1723 1521 et
1751 1464 1840 1533 qui
1876 1462 2047 1517 linum

466 1561 758 1616 coniiciunt
796 1559 982 1625 fissile,
1012 1567 1066 1614 et
1095 1557 1148 1612 in
1184 1555 1369 1612 dolore
1412 1570 1606 1625 magno
1647 1560 1931 1609 versentur
1954 1549 2048 1622 qui

467 1667 531 1707 ea
559 1658 853 1717 exercent;
885 1658 939 1707 et
971 1658 1229 1719 praeterea
1262 1647 1352 1717 qui
1381 1646 1523 1719 apud
1554 1662 1647 1702 eos
1679 1646 1900 1719 zythum
1944 1658 2046 1713 ap-

467 1752 677 1813 parant.
705 1741 872 1810 Aquis
897 1741 1041 1795 enim
1072 1740 1471 1805 deﬁcientibus,
1510 1738 1689 1810 inopia
1729 1736 2048 1793 laborabunt

466 1810 710 1889 omnium
743 1846 865 1902 quae
896 1831 1204 1887 exhilarare
1241 1830 1438 1895 solent,
1469 1837 1521 1885 et
1552 1830 1618 1884 ad
1656 1828 1822 1883 vitam
1848 1842 2048 1898 oppor-
2078 1810 2122 1868 Β

467 1934 598 1980 tuna
645 1931 700 1980 et
755 1924 1103 1980 accommoda
1152 1921 1357 1979 all'atim
1408 1922 1772 1994 suppeditare.
1830 1922 1897 1978 Et
1948 1923 2051 1978 hoc

464 2015 682 2088 quidem
712 2024 980 2085 quatenus
1031 2014 1098 2071 ad
1127 2014 1372 2071 historia:
1421 2014 1836 2071 declarationem
1879 2014 2049 2085 perti—

465 2116 582 2174 net,
619 2107 764 2162 clare
793 2108 997 2162 dictum
1021 2115 1127 2163 est.
1161 2107 1257 2163 Sin
1287 2108 1414 2163 velit
1445 2108 1568 2178 quis
1607 2122 1869 2177 aquarum
1911 2106 2048 2162 rari-

469 2210 635 2253 tatem
687 2199 848 2253 aliter
897 2198 1165 2269 accipere,
1214 2206 1269 2253 et
1305 2198 1370 2253 ad
1410 2196 1707 2253 subtilioris
1749 2196 2050 2267 intelligen-

468 2291 556 2346 tim
586 2289 1003 2362 profunditatem
1027 2290 1375 2355 descendere,
1405 2303 1510 2345 non
1555 2304 1584 2343 a
1612 2304 1777 2358 scopo
1813 2289 2048 2355 recedet,

468 2384 513 2441 si
548 2385 745 2439 anilem
766 2393 821 2439 et
848 2380 1107 2439 insulsam
1138 2382 1440 2438 orationem
1479 2381 1792 2436 Grmcorum
1834 2380 2048 2450 sapien-

470 2487 582 2531 tum
614 2475 771 2545 aquis
819 2484 1115 2542 comparet,
1166 2473 1404 2544 piscibus
1447 2483 1626 2526 autetn
1659 2480 1714 2527 et
1747 2487 1954 2543 papyro
1994 2479 2048 2527 et

467 2567 697 2637 calamo,
722 2569 972 2639 aliiSquc,
994 2584 1225 2639 quorum
1258 2566 1473 2621 alumna
1497 2576 1551 2621 et
1578 2566 1757 2620 nutrix
1780 2576 1856 2622 est
1886 2581 2051 2636 aqua-

471 2676 594 2715 rum
649 2670 865 2727 natura,
909 2660 1189 2715 hominum
1247 2656 1626 2727 frequentiam.
1685 2656 2051 2714 Piscatoribns

467 2766 620 2818 vero,
661 2760 713 2807 et
768 2767 948 2807 rerum
1009 2747 1330 2821 aquatilium
1391 2747 1756 2817 curatoribus,
1814 2763 1909 2805 eos
1957 2747 2049 2819 qui

468 2844 721 2902 inescare
780 2851 983 2899 norunt
1027 2842 1329 2914 gregariam
1387 2840 1810 2909 multitudinem,
1859 2852 1914 2899 et
1959 2842 2049 2911 qui

468 2935 1148 2992 studentscrmonibusin
1189 2948 1430 2990 errorem
1490 2934 1878 2991 deducentibus
1931 2948 2050 2988 eam

468 3029 623 3098 quasi
666 3027 793 3083 linis
835 3026 1159 3096 quibusdam
1212 3024 1511 3096 implicare.
1563 3023 1627 3081 Hi
1687 3023 1944 3095 lugebunt
2000 3033 2052 3079 et

2147 553 2553 626 ἀποκείροντες,
2609 551 2810 623 χάρτου
2839 547 2899 603 τέ
2928 550 3035 602 εἰσι
3062 547 3407 620 δημιουργοὶ,
3456 550 3549 605 καὶ
3590 550 3721 606 λίνον

2148 648 2475 721 ἐργάζονται
2502 645 2564 699 τὸ
2591 643 2828 716 σχιστόν.
2879 642 3082 698 Ἐλειοι
3110 642 3167 697 δὲ
3199 642 3390 715 ἄνδρες
3412 643 3577 715 ἤγουν
3607 644 3723 715 βου..

2148 740 2298 795 κόλοι
2356 735 2853 808 κατονομάζονταιο
2908 735 3003 789 καὶ
3062 734 3168 806 γάρ
3217 735 3325 788 εἰσι
3382 735 3511 805 παρ’
3551 736 3722 803 αὑτοῖς

2148 827 2385 903 ἀριθμοῦ
2421 827 2731 901 κρείττονες
2759 828 2814 881 αἰ
2841 826 2979 898 βοῶν
3004 824 3231 896 ἀγέλαιο
3283 824 3513 896 πλείστη
3545 842 3602 879 τε
3634 825 3725 898 άρο

2147 943 2242 980 του
2280 915 2373 980 καὶ
2401 923 2545 978 οἴνου
2598 923 2698 978 καὶ
2748 922 2859 976 τῶν
2919 921 3095 977 ἄλλων
3131 923 3164 993 ή
3202 922 3417 984 σπάνις.
3478 921 3726 979 Ἐκλελοι-

2150 1016 2331 1071 πότων
2372 1014 2660 1087 τοιγαροῦν
2697 1013 2805 1069 τῶν
2840 1013 3070 1080 ὑδάτων,
3094 1014 3284 1085 φησὶν,
3316 1014 3533 1068 πίονται
3561 1013 3720 1087 ὕδωρ.

2161 1106 2507 1179 Ὀρύττοντες
2552 1107 2663 1179 γὰρ
2717 1109 2776 1162 ὲν
2820 1109 2934 1170 τοῖς
2977 1106 3244 1175 αἰγιαλοῖς
3296 1105 3407 1159 ἐσθ’
3437 1107 3526 1159 ὅτε
3571 1107 3724 1172 τινὲς,

2150 1197 2385 1267 πότιμον
2409 1196 2671 1269 ἀρύονται
2704 1198 2875 1269 νᾶμα.
2936 1196 3278 1265 Ἐκλείψουσι
3318 1196 3377 1250 δὲ
3422 1198 3516 1251 καὶ
3546 1196 3724 1267 ξηρανο

2150 1287 2407 1359 θήσονται
2437 1289 2485 1341 οἰ
2530 1288 2785 1359 ποταμοὶ,
2814 1287 2908 1341 καὶ
2942 1288 3115 1341 πᾶσαι
3144 1287 3202 1341 αἱ
3237 1285 3526 1360 διώρυγες.
3552 1289 3727 1344 Ἔσται

2148 1378 2205 1433 δὲ
2236 1379 2431 1443 σπάνις
2465 1378 2674 1432 ὑδάτων
2699 1378 2756 1431 ὲν
2795 1377 2959 1432 παντὶ
2996 1378 3107 1432 ἕλει
3145 1376 3416 1447 καλάμου,
3446 1380 3540 1433 καὶ
3560 1379 3727 1434 παπύ⁴

2152 1489 2267 1544 ρου.
2302 1472 2414 1525 Καὶ
2437 1472 2543 1526 πᾶν
2571 1472 2634 1525 τὸ
2661 1474 2721 1527 ὲν
2747 1473 2862 1537 τοῖς
2890 1470 3045 1525 ὕδασι
3089 1470 3362 1544 φυόμενον
3401 1470 3728 1544 ξηρανθήσι-

2146 1581 2258 1628 ται,
2309 1564 2496 1635 φησὶν,
2567 1562 2709 1618 ὥστε
2754 1564 2851 1618 καὶ
2904 1563 3167 1631 στενάξαι
3210 1562 3323 1619 τῶν
3381 1562 3577 1634 ἰχθύων
3616 1565 3727 1629 τοὺς

2150 1655 2438 1729 θηρευτὰς,
2457 1657 2697 1719 καὶτοὺς
2726 1654 2791 1710 τὸ
2819 1656 2963 1710 λῖνον
2991 1653 3396 1728 ἐργαζομένους
3420 1655 3482 1708 τὸ
3509 1657 3725 1725 σχιστὸν,

2149 1750 2245 1802 καὶ
2272 1749 2330 1801 ὲν
2364 1747 2526 1820 ὀδύνῃ
2579 1746 2834 1817 γενέσθαι
2889 1746 3058 1818 πολλῇ
3142 1746 3271 1811 τοὺς
3344 1745 3728 1818 ἐργαζομένους

2151 1842 2292 1897 αὑτά
2316 1856 2330 1871 ⁸
2385 1843 2482 1901 καὶ
2515 1840 2654 1912 πρὸς
2693 1841 2904 1907 τούτοις
2948 1840 3052 1905 ἔτι,
3103 1842 3232 1906 τοὺς
3258 1842 3357 1895 τὸν
3402 1842 3530 1913 παρ’
3566 1841 3732 1904 αὐτοῖς

2152 1932 2314 1999 ζύθον
2358 1931 2675 2004 ἀρτύοντας.
2733 1931 3164 1986 Ἐκλελοιπότων
3209 1932 3325 2004 γάρ
3374 1931 3486 1985 τῶν
3517 1931 3727 1994 ὑδάτων,

2149 2025 2209 2078 ὲν
2241 2024 2418 2097 ἐνδείᾳ
2468 2023 2669 2088 παντὸς
2698 2020 2913 2077 ἔσονται
2938 2023 3032 2077 τοῦ
3070 2023 3498 2093 κατευφραίνειν
3530 2023 3730 2089 εἰδότος,

2149 2118 2245 2172 καὶ
2291 2116 2361 2171 τὰ
2400 2116 2534 2190 πρὸς
2596 2115 2745 2189 ζωὴν
2788 2116 2976 2180 αὐτοῖς
3029 2115 3326 2186 ἐπιτήδεια
3363 2116 3732 2188 παρατιθέντος

2151 2208 2440 2273 πλουσίως.
2482 2206 2594 2261 Καὶ
2642 2207 2803 2262 ταυτί
2853 2205 2954 2278 μὲν
2987 2206 3048 2260 τό
3078 2223 3144 2276 γε
3180 2202 3330 2280 ἧκον
3358 2209 3443 2272 εἰς
3472 2208 3534 2261 τὸ
3563 2208 3624 2262 ὲκ
3647 2206 3734 2277 τῆς

2153 2300 2393 2374 ἰστορίας
2447 2299 2779 2372 δηλούμενον
2839 2298 3061 2372 εἴρηται
3113 2300 3338 2370 σαφῶς.
3387 2302 3451 2355 Εἰ
3499 2301 3554 2357 δὲ
3586 2301 3643 2372 δή
3664 2317 3735 2365 τις

2149 2394 2322 2448 ἕλοιτο
2349 2394 2456 2447 τῶν
2499 2393 2708 2449 ὑδάτων
2739 2392 2838 2465 τὴν
2870 2393 3068 2448 σπάνιν
3096 2393 3192 2447 καὶ
3230 2393 3446 2466 ἑτέρως
3474 2392 3723 2455 ἐκλαϐεῖν,

2150 2485 2244 2541 καὶ
2278 2484 2600 2558 ἰσχνοτέρων
2649 2485 2867 2541 ἐννοιῶν
2919 2487 3002 2549 εἰς
3047 2472 3214 2556 βάθος
3262 2484 3469 2550 ἐλθεῖν,
3503 2485 3598 2539 οὑκ
3634 2482 3725 2538 ἀπὸ

2153 2579 2358 2635 σκοποῦ
2411 2579 2694 2651 βαδιεῖται,
2746 2578 3100 2651 παρεικάζων
3160 2578 3324 2634 ὕδασι
3356 2577 3447 2633 τὸν
3481 2579 3629 2651 παρὰ
3674 2595 3725 2630 τε

2151 2673 2264 2734 τοῖς
2292 2670 2401 2725 τῶν
2447 2671 2719 2741 Ἐλλήνων
2749 2674 2956 2741 σοφοῖς,
2989 2671 3210 2743 γραώδη
3263 2685 3328 2726 τε
3376 2671 3468 2727 καὶ
3494 2670 3725 2725 ἀσύνετον

2152 2761 2308 2832 λόγον
2329 2780 2343 2794 ·
2373 2762 2553 2834 ἰχθύσι
2575 2780 2638 2832 γε
2672 2762 2780 2835 μὴν
2802 2762 2901 2835 τὴν
2935 2764 3045 2819 τῶν
3070 2763 3383 2835 ἀνθρώπων
3413 2763 3631 2833 πληθὺν,
3651 2761 3729 2814 καὶ

2157 2855 2266 2928 μὴν
2316 2855 2412 2911 καί
2452 2855 2714 2927 παπύρῳ,
2754 2855 2986 2929 καλάμῳ
3020 2873 3080 2912 τε
3112 2856 3210 2911 καὶ
3256 2858 3376 2920 τοῖς
3416 2855 3636 2919 λοιποῖς,
3664 2847 3727 2907 ὧν

2154 2947 2271 3000 ἐστι
2303 2947 2562 3019 τροφὸςή
2597 2946 2708 3002 τῶν
2762 2948 2970 3003 ὑδάτων
3021 2947 3206 3019 φύσις.
3249 2947 3495 3002 Ἀλιεῦσί
3525 2965 3587 3017 γε
3618 2948 3725 3017 μὴν,

2154 3037 2249 3092 καί⁸
2276 3030 2358 3102 οἷς
2387 3037 2455 3091 ἂν
2507 3037 2667 3110 ἔργον
2700 3039 2787 3109 εἴη
2819 3038 2890 3093 τὰ
2928 3041 2988 3093 ὲν
3032 3042 3147 3103 τοῖς
3181 3038 3368 3105 ὕδασι,
3416 3040 3538 3102 τοὺς
3584 3053 3729 3108 σμγηρ

472 3120 975 3187 contristabuntur,
1017 3125 1071 3173 et
1121 3117 1320 3173 animis
1374 3116 1651 3182 dolebunt,
1696 3131 1816 3170 cum
1863 3132 2049 3171 eorum

2159 3126 2333 3181 νεύειν
2363 3127 2574 3193 εἰδότας
2602 3129 2699 3201 τὴν
2719 3129 2828 3183 τῶν
2850 3130 3121 3199 ἀγελαίων
3144 3130 3386 3202 πληθὺν,
3406 3132 3496 3185 καὶ
3508 3130 3730 3199 καθάπερ

470 3214 644 3266 oratio
669 3211 836 3267 diluta
881 3212 975 3274 sit,
1018 3218 1075 3266 et
1113 3209 1382 3276 ineﬂicax,
1435 3224 1596 3281 quam
1651 3210 1848 3265 merito
1903 3210 2056 3279 aquis

472 3302 779 3373 comparari
821 3317 980 3374 posse
1019 3302 1146 3357 hinc
1183 3311 1364 3373 patet,
1399 3302 1541 3373 quod
1575 3316 1637 3357 ea
1667 3317 1894 3373 prorsus
1928 3301 2058 3357 defl-

470 3399 687 3473 ciat‘et
720 3396 900 3452 omnia
931 3394 1054 3449 inde
1096 3394 1332 3448 enutrita
1368 3402 1709 3449 exarescant.
1739 3390 1805 3449 Ili
1850 3392 2058 3449 faciunt

474 3491 697 3558 zythum
740 3506 755 3543 :
804 3502 907 3542 non
956 3485 1101 3543 enim
1158 3485 1340 3541 vinum
1390 3483 1622 3541 offerunt
1651 3486 1793 3557 quod
1825 3486 2059 3542 hominis

473 3594 570 3638 cor
602 3579 892 3649 e'xhilarat,
938 3578 1031 3635 sed
1079 3578 1319 3650 spuriam
1364 3579 1656 3649 quamdam
1709 3588 1764 3634 et
1813 3581 2058 3636 inutilem

474 3673 804 3738 doctrinam,
852 3680 1083 3743 eamque
1132 3671 1313 3726 verbis
1366 3668 1653 3726 subtilibus
1707 3682 1763 3726 et
1802 3670 2058 3739 climatis,

476 3778 530 3823 ιιι
562 3767 778 3838 quidem
815 3770 1023 3836 putant,
1074 3762 1330 3820 eﬂ'eruttl.
1376 3758 1496 3833 Hoc
1532 3761 1700 3827 enim,
1747 3772 1806 3818 ut
1846 3764 2058 3833 opinor,

474 3860 672 3931 byssus
694 3858 983 3930 significat,
1012 3862 1071 3911 ut
1101 3856 1244 3909 dicat
1273 3848 1442 3925 288
1465 3868 1559 3911 eos
1587 3854 1815 3911 nimium
1851 3856 2063 3912 subtili-

475 3953 572 4006 tati
619 3959 673 4006 et
700 3949 928 4021 argutiis
954 3947 1193 4005 studere.
1248 3945 1315 4000 Et
1368 3946 1536 4000 linum
1586 3944 1771 4004 ﬁssile.
1824 3945 2062 4004 Minutiae

474 4043 622 4100 enim
664 4043 805 4114 apud
839 4052 934 4096 eos
973 4038 1248 4095 subtiliter
1302 4051 1367 4094 ac
1403 4038 1643 4095 tenuiter
1698 4039 2060 4106 disseruntur,

475 4149 665 4191 verum
702 4144 927 4205 prorsus
974 4129 1191 4198 frivola,
1241 4138 1297 4187 et
1343 4129 1558 4203 frigidis
1604 4130 2065 4202 speculationibus

477 4228 700 4285 referta.
730 4209 979 4296 Frigidus
1013 4220 1159 4279 enim
1191 4224 1404 4298 zythus.
1435 4222 1531 4279 Est
1569 4233 1748 4280 autem
1783 4222 2066 4295 Αὓςγριῑο-

478 4334 597 4376 rum
630 4320 850 4391 quidam
892 4326 1069 4389 potus,
1115 4318 1212 4374 sed
1258 4317 1487 4390 frigidus
1536 4324 1588 4372 et
1627 4316 1890 4382 turbidus,
1945 4316 2067 4373 talis

482 4415 744 4483 siquidem
780 4422 865 4469 est
896 4428 1084 4470 eorum
1126 4412 1324 4479 oratio,
1351 4419 1405 4466 et
1439 4409 1572 4467 tales
1616 4419 1742 4467 sunt
1776 4410 2063 4477 doctrinae,

2159 3218 2324 3285 λίνοις
2350 3221 2493 3275 τισὶν
2543 3221 2892 3294 ὲμπλακῆναι
2945 3225 3480 3294 παρασκευάζοντας
3532 3226 3636 3286 τοῖς
3663 3223 3730 3284 εἰς

2158 3314 2376 3385 ἀπάτην
2406 3314 2605 3379 αὐτοὺς
2629 3315 2969 3387 ἀποφέρουσι
3002 3315 3204 3385 λόγοις.
3240 3311 3410 3373 Οὗτοι
3450 3312 3731 3379 στενάξουσι

2160 3405 2255 3459 καὶ
2286 3403 2719 3476 λυπηθήσονται,
2744 3407 2841 3461 καὶ
2873 3407 2973 3471 τὰς
2997 3407 3175 3478 ψυχὰς
3199 3409 3544 3474 πονᾶσουσιν,
3574 3408 3726 3475 ἀπρα-

2159 3492 2415 3559 κτοῦντος
2448 3495 2547 3567 ἤδη
2602 3513 2719 3560 πως
2770 3496 2865 3550 τοῦ
2896 3500 3029 3569 παρ’
3051 3497 3237 3562 αὐτοῖς
3269 3499 3430 3564 ὄντος
3475 3498 3624 3566 λόγου
3645 3513 3657 3526 ·
3683 3493 3731 3546 ὃν

2159 3585 2252 3638 καί
2275 3582 2430 3640 ὕδασι
2463 3587 2890 3657 παρεικάζοντες
2916 3586 3384 3659 διεύεὸαιούμεθα
3429 3587 3626 3656 σαφῶς,
3659 3583 3731 3637 διὰ

2158 3675 2220 3729 τὸ
2251 3676 2622 3731 ἐκλελοιπέναι
2662 3678 2943 3744 παντελῶς
2978 3679 3169 3746 αὑτὸν,
3220 3678 3650 3753 ξηρανθήσεσθαι
3685 3672 3731 3727 δὲ

2161 3765 2340 3819 πάντα
2398 3765 2468 3820 τά
2521 3765 2592 3820 δι’
2629 3767 2797 3822 αὑτοῦ
2850 3768 3183 3840 τρεφόμενα.
3225 3766 3395 3826 Οὗτοι
3428 3764 3735 3823 ποιοῦσιτδν

2163 3855 2358 3922 ζύθον·
2410 3857 2471 3910 οὑ
2519 3857 2629 3930 γάρ
2668 3855 2811 3914 οἶνον
2861 3861 3201 3932 προσάγουσι
3247 3861 3349 3917 τὸν
3401 3858 3732 3931 εὐφραίνοντα

2163 3949 2395 4021 καρδίαν
2445 3950 2760 4021 ἀνθρώπου,
2820 3952 2960 4008 ἀλλά
2997 3955 3159 4026 νόθην
3198 3956 3328 4010 τινὰ
3370 3956 3463 4010 καὶ
3494 3955 3736 4024 ἄχρηστον

2163 4040 2528 4107 διδασκαλίαν,
2559 4042 2655 4101 καὶ
2681 4046 2795 4108 τοῖς
2825 4046 3028 4116 ἰσχνοῖς
3058 4045 3226 4117 αὑτὴν
3260 4046 3458 4117 ὥσπερ
3497 4040 3586 4099 οὖν
3626 4043 3738 4098 οἷον·

2166 4150 2258 4187 ται
2294 4133 2794 4204 κατασεμνύνοντες
2823 4135 3021 4206 λόγοις.
3067 4136 3479 4192 ’Υπαινίττεται
3521 4136 3640 4206 γάρ,
3671 4127 3736 4185 ῡῖο

2169 4241 2290 4296 μαι,
2324 4224 2474 4280 τουτὶ
2498 4223 2559 4278 τὸ
2586 4223 2784 4295 βύσσον
2824 4223 3005 4295 λέγειν
3044 4225 3245 4289 αὐτοὺς
3270 4224 3614 4300 ἐργάζεσθαι,
3652 4220 3737 4290 τὴν

2171 4316 2494 4387 ἰσχνοτάτην
2522 4317 2685 4385 ἄγαν.
2713 4317 2827 4371 Καὶ
2858 4316 3002 4372 λίνον
3032 4319 3090 4374 δὲ
3115 4318 3178 4373 τὸ
3207 4319 3452 4389 σχιστόν.
3475 4313 3738 4371 Σκινδάλα·

2172 4426 2263 4480 μοι
2301 4408 2411 4482 γὰρ
2437 4406 2630 4482 ὥσπερ
2671 4409 3022 4481 ίσχνομυθίας
3080 4410 3150 4465 τὰ
3193 4414 3327 4485 παρ’
3360 4412 3572 4473 αὐτοῖς’
3616 4405 3737 4473 πλὴν

490 4520 599 4572 iure
637 4504 781 4558 sitim
843 4520 948 4559 non
1003 4504 1197 4560 sedant
1245 4500 1527 4571 imbibitze,
1579 4501 1673 4558 sed
1733 4498 2055 4557 inflammant

2173 4502 2405 4572 ἀνόνητα
2445 4501 2748 4568 παντελῶς,
2793 4502 2889 4557 καὶ
2919 4502 3148 4576 ψυχρῶν
3197 4502 3571 4576 θεωρημάτων
3619 4499 3734 4550 ἀνα·

484 4595 681 4666 ιιυιίιιε,
710 4606 760 4649 et
789 4593 1043 4671 insuaves
1071 4600 1198 4647 sunt
1226 4592 1552 4659 bibentibus,
1591 4593 1645 4649 c't.
1679 4591 1748 4647 ob
1779 4592 2063 4647 vehemen-

485 4699 590 4744 tem
614 4686 967 4757 frigiditatem
1005 4685 1222 4744 morbos
1258 4687 1589 4743 insanabiles
1625 4684 1864 4755 pariunt.

559 4968 722 5027 Vitas.
754 4969 843 5027 ll.
875 4966 945 5026 Et
979 4967 1129 5026 stulti
1166 4979 1319 5027 erunt
1382 4967 1643 5037 principes
1692 4964 1919 5030 Taneos,
1972 4982 2064 5020 sa-

484 5065 683 5136 pientes
707 5064 999 5120 consiliarii
1024 5063 1181 5134 regis,
1228 5068 1279 5118 et
1304 5056 1583 5114 consilium
1604 5072 1786 5129 eorum
1831 5056 2070 5127 infatua—

488 5160 559 5214 bit
568 5176 649 5212 ur.

558 5251 883 5308 lmminente
909 5247 1162 5305 videlicet
1193 5234 1475 5315 Egyptiis
1504 5239 1804 5299 iuevitabili
1843 5241 2071 5299 calami-

2174 4591 2545 4664 πλιμπλάντα.
2579 4594 2803 4666 Ψυχρδς
2832 4594 2942 4667 γάρ
2971 4597 3000 4649 ὁ
3042 4594 3203 4661 ζύθος
3233 4596 3310 4667 (Ι)
3334 4633 3352 4651 .
3396 4634 3409 4650 .
3455 4635 3469 4650 .
3512 4633 3526 4648 .
3567 4630 3582 4647 .
3621 4632 3633 4645 .
3672 4629 3685 4641 .
3721 4624 3734 4639 ο

2176 4715 3736 4749 ιο.’σοοοοοιοοοοοοαοοοιοοοοθ

2238 4969 2350 5025 Καὶ
2378 4971 2566 5040 μωροὶ
2622 4970 2869 5028 ἔσονται
2894 4975 2954 5029 οι
2976 4972 3270 5045 αρχοντες
3303 4974 3547 5041 Τάηως,
3570 4973 3621 5026 οι
3647 4983 3736 5023 σίι⁸

2168 5059 2271 5129 φοί
2332 5060 2671 5130 σύμϐουλοι
2721 5062 2830 5120 τοῦ
2863 5064 3197 5133 βασιλέως,
3230 5066 3270 5134 ἠ
3310 5064 3516 5134 ,βουλὴ
3561 5057 3736 5117 αὐτῶν

2166 5151 2646 5224 μαρανθήσεται.

2258 5244 2675 5318 Ἐπηρτημένης
2705 5247 2815 5322 γὰρ
2848 5249 3171 5319 Αἰγυπτίοις
3204 5249 3306 5322 τῆς
3338 5247 3578 5320 ἀφύκτου
3616 5255 3736 5310 cui“
3780 5228 3789 5237 ’

488 5354 622 5412 tate,
654 5353 707 5401 et
746 5344 967 5415 regione
995 5339 1289 5412 captivitati
1321 5337 1593 5408 proxima,
1628 5346 1822 5393 etcum
1847 5335 2055 5408 jamjan

2176 5337 2371 5407 φορᾶς,
2415 5338 2510 5391 καὶ
2540 5337 2842 5412 μελλούσης
2870 5341 3076 5396 ἁλῶναι
3111 5343 3215 5414 τῆς
3259 5341 3463 5414 χώρας,
3496 5337 3586 5393 καί
3628 5334 3734 5387 ὅσον

488 5437 617 5493 licet
657 5436 811 5493 inviti
865 5434 1045 5489 alieno
1098 5430 1227 5500 jugo
1275 5429 1544 5485 cervicem
1600 5427 1779 5484 daturi
1844 5437 2066 5486 essent:

490 5536 872 5583 consternatus
896 5523 1038 5578 haud
1078 5521 1448 5589 mediocriter,
1481 5529 1536 5576 et
1574 5520 1916 5577 intolerando
1956 5530 2070 5577 ter-

492 5630 614 5675 rore
671 5613 950 5690 perculsus
978 5611 1028 5669 is
1078 5611 1171 5683 qui
1210 5610 1570 5682 principatum
1627 5611 1856 5667 sortitus
1910 5620 2069 5682 erat,

2174 5428 2389 5482 οὑδέπω
2425 5432 2537 5494 τοίς
2571 5431 2779 5503 ἐτέρων
2837 5432 3047 5503 ζυγοῖς,
3107 5434 3213 5490 κᾶν
3266 5435 3317 5487 εἰ
3368 5432 3441 5503 μὴ
3491 5427 3734 5500 βούλοιντο

2175 5521 2359 5592 τυχὸν,
2423 5523 2747 5592 ὑπενεγκεῖν
2790 5525 2884 5580 τὸν
2933 5527 3157 5598 αὐχένα,
3210 5520 3637 5598 τεθορυσημένος
3676 5511 3732 5567 οὐ

2180 5588 2439 5685 μετρίως,
2489 5588 2931 5689 καὶ-ἀφορήτυις
3247 5588 3667 5685 κατεπτοημένος
3706 5602 3732 5656 δ

564 5772 642 5845 (ι)
674 5768 887 5827 Lacuna
914 5764 1004 5822 hic
1043 5763 1231 5822 relicta
1264 5773 1367 5835 est,
1401 5764 1524 5823 licet
1562 5766 1617 5822 in
1652 5761 1918 5821 Vaticano
1949 5774 2005 5820 et
2028 5764 2215 5838 Regio.
2237 5767 2384 5823 nulla
2424 5768 2750 5840 reperiatur.
