4060 6458
294 355 406 412 ιιι

1442 344 1508 402 IN
1561 343 1798 400 ISAIAM
1841 341 1972 410 LIB.
2016 340 2078 397 ll.
2122 338 2363 398 TOMUS
2399 338 2493 397 iV.

3529 340 3638 399 £62

295 475 678 551 καθηγεῖσθαι
730 471 935 544 λαχὼν,
995 468 1325 541 συνεκόμισε
1368 469 1468 540 μὲν
1523 468 1654 533 τοὺς
1693 465 1925 536 ὲπίκλην

2041 464 2328 536 sapientes,
2361 463 2452 534 qui
2483 471 2539 518 et
2573 459 2711 533 magi
2756 459 3034 527 dicuntur,
3061 460 3260 532 coegit,
3295 469 3349 518 et
3372 464 3439 518 ad
3471 478 3633 534 quem

295 574 534 644 σοφοὺς,
565 567 718 624 τοῦτ’
757 567 896 634 ἔστι,
935 566 1061 630 τοὺς
1097 565 1307 636 μάγους
1337 577 1350 592 '
1381 563 1547 635 ἤρετο
1579 561 1638 615 δὲ
1679 561 1773 616 καὶ
1807 559 1928 613 λίαν

2035 559 2254 613 tandem
2287 557 2447 612 linem
2482 556 2599 611 haec
2632 570 2721 612 res
2772 555 2968 620 exiret,
3025 566 3080 612 et
3133 569 3244 625 quo
3297 564 3458 628 pacto
3512 555 3637 613 belli

296 662 795 736 ἐσπουδασμένως,
839 662 965 716 ὅποι
1020 658 1152 713 ποτὲ
1191 658 1304 731 ἄρα
1332 657 1394 712 τὸ
1423 656 1532 710 τῶν
1582 653 1929 727 πραγμάτων

2041 652 2295 722 impetum
2352 648 2605 718 frangere
2647 656 2890 718 possent,
2934 648 3354 716 diligentissime
3405 648 3638 705 interro-

299 762 493 824 αὐτοῖς
539 757 814 828 βαδιεῖται
863 753 1038 821 τέλος,
1091 753 1190 806 καὶ
1249 750 1374 806 τίνα
1415 748 1622 822 τρόπον
1665 745 1928 818 διακρού-

305 870 499 910 σαιντο
544 850 648 912 τοῦ
688 847 931 920 πολέμου
959 848 1060 917 τὴν
1089 843 1299 914 ἔφοδον.
1326 844 1392 897 Οἰ
1421 842 1479 897 δὲ
1507 837 1766 895 τοσοῦτον
1825 838 1932 916 ἀφ-

317 949 609 1019 εστήκασι,
657 944 819 1016 φησὶ,
871 939 966 995 τοῦ
1013 937 1278 994 δύνασθαί
1331 955 1384 991 τι
1418 936 1528 990 τῶν
1587 930 1928 1002 ἀναγκαίων,

319 1045 490 1114 ᾕγουν
521 1036 763 1110 ἀληθῶν,
801 1036 998 1099 εἰπεῖν,
1059 1032 1137 1096 ὡς
1185 1029 1280 1086 καὶ
1327 1030 1417 1082 ἐπ’
1461 1027 1692 1098 ἀκράτῳ
1749 1021 1932 1096 μωρίᾳ

319 1129 853 1202 καταγινώσκεσθαι.
883 1125 1018 1181 Θεοῦ
1052 1124 1162 1198 γὰρ
1194 1123 1400 1179 κακοῦν
1423 1121 1724 1188 ἐθέλοντος,
1747 1120 1930 1188 ἀπρασ-

316 1227 571 1295 κτήσειεν
603 1220 673 1276 ἂν
707 1222 742 1292 ἡ
770 1218 974 1282 παντὸς
1018 1214 1309 1288 ἀνθρώπου
1347 1214 1510 1286 βουλή
1540 1231 1601 1267 τε
1637 1213 1730 1267 καὶ
1768 1210 1931 1264 δύνα-

311 1333 423 1386 μις.
467 1314 601 1367 Ἐάν
635 1311 746 1384 γάρ
785 1309 980 1382 κλείσῃ
1029 1308 1153 1362 κατ’
1205 1304 1524 1381 ἀνθρώπου,
1559 1305 1645 1367 τίς
1688 1300 1927 1368 ἀνοίξεις

306 1407 455 1460 κατά
483 1405 552 1458 τὸ
583 1402 999 1475 γεγραμμένον.
1043 1401 1252 1470 Σοφοὺς
1271 1395 1366 1454 οὖν
1398 1399 1508 1471 ἄρα
1535 1397 1760 1460 Τάνεως
1797 1396 1933 1458 τοὺς

302 1501 364 1552 ἐν
391 1499 544 1571 αὐτῇ
585 1514 726 1570 φησι
761 1494 1218 1568 ψευδοπροφήτας
1249 1509 1310 1546 τε
1343 1492 1439 1548 καὶ
1470 1491 1586 1545 τῶν
1612 1491 1670 1544 ὲν
1689 1491 1803 1554 τοῖς
1847 1505 1937 1542 τε·

2035 742 2204 815 gavit.
2248 741 2484 797 Tantum
2519 740 2696 806 abest,
2728 749 2787 794 ut
2820 739 2875 794 hi
2899 739 3105 812 aliquid
3130 750 3497 812 opportunum
3544 752 3640 797 aut

2036 851 2223 889 verum
2265 834 2546 905 potuerint
2583 833 2790 898 dicere,
2830 841 2890 888 ut
2943 834 3111 888 etiam
3138 834 3371 905 insignis
3397 834 3640 890 stultitiae

2035 930 2454 985 damnarentur.
2492 927 2605 983 Deo
2664 927 2810 984 enim
2871 926 3087 984 volente
3137 929 3338 985 malum
3412 929 3638 998 inferre,

2039 1034 2233 1089 parum
2264 1019 2464 1074 valebit
2485 1032 2647 1074 omne
2674 1017 2962 1073 consilium
3025 1018 3322 1075 humanum
3348 1029 3405 1076 et
3452 1031 3641 1091 poten-

2041 1113 2138 1169 tia.
2161 1112 2218 1168 Si
2246 1113 2390 1172 enim
2409 1113 2674 1171 clauseris
2702 1125 2893 1171 contra
2923 1114 3222 1181 hominem,
3249 1114 3372 1184 quis
3391 1115 3638 1184 aperiet?

2044 1208 2208 1266 sicuti
2252 1209 2519 1279 scriptum
2559 1220 2647 1266 est
2675 1210 2746 1266 ".
2781 1209 2997 1280 Sophos
3020 1209 3184 1278 igitur
3213 1209 3448 1275 Taneos,
3486 1224 3641 1281 pseu-

2041 1302 2411 1374 doprophetas
2443 1301 2564 1373 ejus
2613 1302 2969 1364 delubrorum
3004 1312 3286 1358 curatores
3315 1301 3486 1366 dicit;
3549 1299 3640 1368 qui

2040 1409 2165 1450 cum
2201 1403 2320 1450 arte
2349 1395 2558 1465 magica
2582 1409 2644 1450 se
2697 1393 2982 1458 eﬂ‘errent.
3006 1411 3076 1450 ex
3103 1395 3236 1464 ipsis
3285 1394 3451 1450 rebus
3507 1393 3640 1448 nihil

2041 1501 2165 1542 esse
2187 1500 2412 1557 prorsus
2438 1487 2831 1558 arguebantur.

301 1595 542 1667 μένεσιν
605 1591 968 1664 ἐπιμελητάς.
1015 1587 1080 1644 Οἳ
1113 1588 1206 1645 καί
1251 1586 1347 1643 ὲ.πί
1416 1586 1582 1660 μάγῳ
1620 1585 1788 1659 τέχνῃ
1862 1581 2194 1656 φρονοῦντες
2252 1581 2420 1656 μέγα,
2481 1581 2548 1637 δι’
2593 1581 2776 1638 αὐτῶν
2815 1579 3110 1654 ἠλέγχοντο
3146 1580 3259 1635 τῶν
3297 1578 3645 1652 πραγμάτων

299 1688 466 1742 οὐδὲν
499 1686 662 1749 ὄντες
689 1683 992 1748 παντελῶς.

380 1783 527 1850 Πῶς
578 1782 770 1852 ἐρεῖτε
818 1781 900 1848 τῷ
946 1779 1207 1847 ,βασιλεῖ
1223 1796 1235 1809 ·
1275 1779 1397 1836 Υίοί
1423 1777 1702 1836 συνετῶν
1737 1775 1933 1848 ἡμεῖς,

2117 1769 2286 1826 Vsus.
2318 1769 2405 1826 12.
2451 1769 2729 1836 Quomodo
2763 1770 2951 1826 dicetis
2984 1771 3096 1840 regi
3116 1785 3135 1824 :
3169 1768 3300 1826 Filii
3337 1771 3642 1844 intelligen-

301 1878 432 1932 vloi
465 1876 790 1942 ,ϐασιλέων
816 1873 937 1928 τῶν
963 1873 1033 1938 ἐξ
1061 1871 1302 1942 ἀρχῆς;
1349 1871 1477 1927 Ποῦ
1531 1873 1653 1926 εἰσι
1714 1869 1836 1924 νῦν
1881 1867 1938 1922 οἰ

302 1969 505 2038 σοφοί
553 1981 696 2032 σου,
745 1963 846 2018 καί
889 1962 1433 2034 ἀναγγειλάτωσάν
1470 1977 1594 2027 σοι,
1631 1961 1734 2016 καί
1769 1959 1939 2015 εἰπά-

305 2075 527 2114 τωσαν
553 2075 567 2088 ·
607 2058 669 2111 Τί
699 2056 1108 2123 ,ϐεϐούλευται
1142 2055 1362 2124 Κύριος
1404 2053 1652 2109 Σαϐαὼθ
1688 2053 1783 2108 ἐπ’
1832 2051 1938 2107 Ατ-

304 2167 559 2222 τυπτον
571 2165 593 2214 ;

398 2245 532 2298 Ἐπι
594 2242 801 2306 ποίοις,
872 2225 1050 2312 φησί,
1108 2237 1539 2311 κατορθώμασιν
1586 2235 1938 2293 ἀνασπάσετε

307 2335 415 2407 τὴν
481 2334 696 2407 ὀῃρύκ
749 2332 816 2386 Τί
878 2332 978 2403 τὴν
1036 2329 1355 2399 Αἰγυπτίων
1398 2329 1697 2401 ὀνήσαντες
1752 2326 1939 2398 χώραν

314 2426 790 2500 θαυμασθήσεσθε
860 2426 992 2496 παρ’
1039 2423 1243 2490 αὐτῶν,
1302 2423 1335 2495 ἦ
1405 2424 1582 2487 ποίοις
1658 2420 1938 2494 κέχρησθε

313 2523 504 2592 λόγοις
569 2522 666 2576 τὸν
749 2518 1112 2590 βασιλεύοντα
1198 2515 1679 2588 συναρπάζοντες·
1749 2515 1936 2584 λέγον-

314 2634 441 2681 τες,
480 2617 569 2671 ὅτι
607 2615 730 2668 Υἱοὶ
761 2611 1004 2666 συνετῶν
1030 2611 1214 2682 ἡμεῖς,
1251 2608 1396 2664 τοῦτ’
1427 2609 1568 2676 ἐστι,
1603 2607 1936 2683 προφητῶν;

308 2713 508 2780 Μάγοι
543 2709 658 2763 καὶ
709 2711 777 2763 ὲκ
831 2706 1060 2778 μάγων·
1097 2703 1148 2759 οἳ
1205 2704 1299 2759 καί
1331 2703 1431 2775 τῆς
1459 2703 1647 2774 χώρας
1691 2701 1936 2773 ἁπάσης,

317 2801 626 2874 μονονουχὶ
655 2796 1103 2870 βεϐασιλεύκασι,
1149 2793 1435 2866 διαϐόητον
1484 2791 1782 2864 ἐσχηκότες
1835 2807 1940 2844 πα-

311 2895 390 2966 ρὰ
439 2895 559 2956 τοῖς
593 2890 704 2944 τῶν
750 2887 990 2942 εἰδώλων
1050 2886 1424 2958 θεραπευταῖς
1478 2883 1579 2955 τὴν
1618 2882 1800 2948 δόξαν,
1845 2881 1944 2936 καῖ

304 2989 434 3050 τοῖς
466 2981 770 3055 κρατοῦσιν
807 2981 897 3035 ἀεὶ
941 2979 1193 3042 συνόντες
1231 2995 1293 3031 τε
1331 2976 1429 3032 καί
1459 2975 1934 3044 συνδιαιτώμενον

308 3075 414 3130 az;
440 3075 510 3146 δὴ
539 3075 636 3129 καὶ
677 3071 878 3142 βουλάς
916 3071 1004 3140 ἐφ’
1040 3071 1216 3126 ἅπασι
1268 3071 1384 3132 τοῖς
1426 3066 1724 3141 πρακτέοις
1761 3066 1941 3119 εἰσκο-

310 3165 510 3237 μίζειν
541 3163 821 3226 εἰωθότες,
862 3161 972 3215 τῶν
1011 3158 1384 3230 ψευδωνύμων
1420 3157 1561 3213 θεῶν
1599 3155 1938 3229 ὲνηχούντων

307 3258 512 3319 αὐτοῖς
569 3255 669 3326 τὴν
717 3253 812 3308 τοῦ
863 3252 1244 3324 συμφέροντος
1291 3250 1486 3324 θήραν.
1541 3251 1710 3306 Ὅταν
1755 3250 1938 3304 τοίνυν

303 3349 800 3422 ψευδηγοροῦντες
827 3345 1246 3418 ἐλεγχθήσεσθε,
1269 3345 1425 3416 φησί,
1450 3344 1548 3398 καί
1574 3343 1684 3398 τῶν
1719 3343 1938 3415 ἀληθῶν

306 3443 530 3504 εἰδότες
579 3441 754 3506 οὐδὲν,
789 3438 907 3503 πῶς
941 3439 1118 3510 ἐρεῖτε
1155 3437 1235 3508 τῷ
1269 3435 1480 3507 βασιλεῖ
1505 3453 1518 3466 ·
1550 3436 1667 3490 Υίοὶ
1699 3436 1939 3490 συνετῶν

306 3536 527 3607 ἡμεῖς;
566 3535 674 3587 υἰοὶ
707 3531 978 3604 βασιλέων
1009 3529 1117 3584 τῶν
1151 3527 1212 3595 ἐξ
1243 3529 1455 3601 ἀρχῆς;
1483 3529 1594 3581 Καὶ
1618 3529 1811 3598 γέγονε
1839 3529 1939 3598 μὲν

309 3629 375 3680 ὲν
406 3625 631 3688 τούτοις
654 3623 682 3676 ὁ
713 3622 1056 3696 προφητικὸς
1083 3622 1216 3694 ἡμῖν
1246 3621 1426 3690 λόγος,
1451 3618 1527 3686 ὡς
1554 3620 1693 3692 πρός
1715 3636 1779 3689 γε
1811 3620 1938 3683 τοὺς

309 3718 626 3781 δοκοῦντας
656 3711 798 3770 εἶναι
830 3714 1030 3786 σοφούς
1052 3732 1066 3746 ο
1100 3712 1222 3768 εἶτα
1251 3714 1496 3786 μέτεισιν
1541 3714 1634 3768 ὲπί
1668 3715 1730 3768 τὸ
1771 3714 1937 3770 αὐτοῦ

311 3813 630 3884 πρόσωπον
653 3809 748 3863 τοῦ
783 3807 1147 3879 καθηγεῖσθαι
1171 3808 1452 3879 λαχόντος,
1484 3807 1579 3860 καί
1602 3807 1796 3880 φησιν·
1825 3807 1937 3862 Ποῦ

307 3907 433 3960 εἱσι
465 3904 565 3957 νῦν
598 3905 647 3956 οἰ
675 3901 832 3971 σοφοί
866 3917 1002 3967 σου;
1047 3901 1141 3954 καί
1185 3899 1674 3969 ἀναγγειλάτωσάν
1709 3917 1815 3966 σοι,
1841 3899 1940 3954 καὶ

308 4000 649 4053 εἰπάτωσαν
679 3996 734 4048 τί
766 3993 1119 4066 βεϐούλευται
1153 3992 1359 4064 Κύριος
1390 3990 1621 4046 Σαϐαὼθ
1659 3992 1748 4046 ἐπ’
1771 3992 1940 4060 Αἴγυ-

309 4105 483 4143 πτον.
526 4087 590 4140 Εἰ
624 4085 700 4157 μὴ
733 4085 844 4156 γάρ
885 4086 993 4137 εἰσι
1027 4083 1261 4152 φένακες
1283 4124 1297 4149 ,
1326 4082 1514 4153 φησὶν,
1547 4081 1581 4154 ἦ
1621 4083 1942 4147 ἀπατεῶνες

309 4183 420 4236 καὶ
447 4179 782 4251 βωμολόχοι,
811 4179 905 4231 καὶ
922 4176 1284 4249 ψευδηγορεῖν
1317 4175 1593 4240 εἰωθότες,
1620 4178 1714 4231 καί
1744 4176 1812 4230 τά
1829 4175 1941 4231 ἀπὸ

308 4275 562 4348 καρδίας
599 4272 782 4326 αὐτῶν
812 4270 1103 4332 λαλοῦντες
1132 4269 1320 4340 μόνης,
1353 4267 1448 4323 καὶ
1469 4269 1570 4323 οὐκ
1599 4269 1709 4323 άπὸ
1736 4269 1940 4340 στόμα·

309 4387 416 4433 τος
443 4365 688 4437 Κυρίουο
727 4365 971 4438 μάνθανε
1001 4364 1134 4436 παρ’
1165 4363 1348 4418 αὐτῶν
1375 4362 1445 4418 τά
1473 4366 1588 4427 τοῖς
1619 4363 1940 4432 Αἰγυπτίοις

314 4459 720 4532 ὲπηρτημένα,
756 4459 854 4512 καὶ
895 4457 1092 4510 αὐτίκα
1124 4456 1189 4530 δὴ
1221 4455 1369 4528 μάλα
1403 4455 1800 4528 συμϐησόμενα
1849 4456 1939 4511 διὰ

318 4555 530 4626 βουλῆς
558 4551 766 4626 Κυρίου
805 4548 1060 4605 Σαὸαώθ.
1091 4549 1456 4615 Ἐπιτωθάξει
1489 4549 1546 4604 δὲ
1570 4549 1760 4621 ὥσπερ
1786 4551 1814 4603 ό
1849 4549 1938 4603 λό-

315 4667 421 4720 γος
461 4651 579 4711 τοῖς
627 4648 730 4701 οὐκ
763 4646 931 4700 εἰδόσι
960 4644 1116 4710 Θεὸν,
1155 4645 1268 4700 ἀλλ’
1301 4640 1413 4700 οἷον
1456 4647 1514 4698 ἐν
1559 4644 1738 4716 σκότῳ
1783 4643 1940 4715 βαθεῖ

318 4742 648 4812 κειμένοις,
681 4739 772 4794 διὰ
813 4737 909 4792 τοῦ
949 4737 1310 4809 προσκεῖσθαι
1351 4737 1529 4807 φιλεῖν
1565 4741 1686 4802 ταῖς
1724 4738 1834 4792 τῶν
1862 4741 1939 4792 εἰ·

317 4833 518 4888 δώλων
549 4831 856 4904 λατρείαις.
889 4830 1180 4886 Πάνδεινον
1222 4825 1318 4885 οὖν
1348 4832 1480 4902 ἄρα,
1514 4830 1716 4899 μᾶλλον
1755 4830 1811 4885 δὲ
1841 4832 1940 4885 καὶ

318 4932 541 4984 εἰκαῖον
562 4926 870 4992 παντελῶς,
887 4924 950 4979 τὸ
978 4927 1102 4988 ταῖς
1127 4924 1236 4978 τῶν
1256 4923 1676 4996 ψευδομάντεων
1697 4923 1938 4988 ἀπάταις

318 5023 677 5094 ἑπιθαρσείν·
707 5021 911 5084 εἰδότες
943 5021 1052 5093 γὰρ
1076 5021 1219 5085 ὅλως
1241 5020 1302 5074 τὸ
1333 5020 1559 5090 σύμπαν
1579 5018 1802 5090 ob?»ka
1835 5018 1944 5073 τῶν

318 5117 637 5186 ἐσομένων,
666 5115 701 5187 ἢ
745 5113 840 5168 καὶ
870 5107 946 5168 ὧν
983 5114 1050 5168 ἂν
1075 5114 1330 5186 ἐπιφέροι
1354 5111 1512 5177 Θεὸς,
1536 5111 1942 5184 ἀργυρολογίας

319 5207 596 5261 ὑπόθεσιν
621 5205 906 5259 ποιοῦνται
932 5204 1033 5277 τὴν
1056 5203 1479 5276 ψευδομαντὶαν,
1518 5205 1611 5256 καὶ
1634 5203 1945 5258 θεοκλυτεῖν

319 5298 800 5361 ὑπδπλάττοντες,
817 5297 888 5352 τὰ
901 5297 1012 5351 ἀπὸ
1028 5297 1194 5368 μόνης
1216 5296 1314 5368 τῆς
1334 5295 1485 5366 σφῶν
1505 5295 1704 5368 βουλῆς
1723 5298 1946 5368 ἐρευγό-

324 5409 514 5463 μενοι,
561 5391 660 5445 καὶ
700 5391 794 5446 τὸν
841 5389 954 5444 τῶν
982 5389 1402 5461 προσκειμένων
1439 5389 1625 5454 αὐτοῖς
1660 5405 1941 5460 καταγοη-

319 5486 587 5549 τεύοντες
619 5484 766 5540 νοῦν.
802 5483 1044 5540 Δαλοῦσι
1078 5483 1189 5556 γὰρ
1231 5483 1269 5538 ἃ
1307 5483 1374 5538 ἂν
1406 5482 1653 5554 βούλοιτό
1688 5499 1795 5548 τις,
1843 5481 1941 5536 καὶ

321 5581 500 5652 μόνον
531 5578 713 5632 ἐκεῖνό
741 5595 933 5648 φασιν,
961 5578 1101 5650 ὅπερ
1138 5577 1205 5631 ἂν
1238 5571 1381 5630 εἶναι
1408 5577 1784 5648 τεκμήραιντο
1825 5578 1941 5639 τοῖς

317 5667 718 5744 ἀκροωμένοις
744 5668 869 5723 καθ’
901 5668 1118 5740 ἡδονήν.
1154 5666 1296 5722 Ἀλλ’
1329 5669 1356 5722 ὅ
1389 5684 1454 5738 γε
1477 5668 1620 5733 θεῖος
1650 5669 1786 5740 ἡμῖν
1815 5667 1941 5723 ὲπιο

395 5827 444 5860 "
490 5823 596 5882 Joh
626 5841 722 5891 xu,
761 5827 844 5882 14.

2041 1864 2172 1918 tium
2196 1881 2314 1929 nos,
2365 1865 2468 1934 ﬁlii
2501 1879 2684 1934 regum
2718 1864 2784 1918 ab
2815 1865 3014 1918 initio?
3059 1863 3162 1919 Ubi
3208 1874 3331 1920 sunt
3370 1882 3509 1921 nunc
3541 1884 3636 1922 sa-

2039 1957 2240 2025 pientes
2284 1957 2386 2022 tui,
2417 1965 2468 2012 et
2513 1957 2831 2011 annuntient
2861 1957 2975 2022 tibi,
3009 1967 3060 2011 et
3089 1957 3266 2012 dicunt
3298 1972 3318 2010 :
3351 1957 3495 2024 Quid
3515 1977 3640 2015 con-

2037 2048 2150 2103 silii
2179 2050 2312 2120 cepit
2350 2048 2614 2105 Dominus
2649 2048 2888 2106 Sabaoth
2910 2067 3070 2122 super
3100 2049 3428 2123 ﬂgyptum?

2113 2225 2195 2284 0b
2227 2243 2501 2299 quaenam,
2557 2231 2754 2302 inquit,
2779 2231 3038 2304 praelara
3071 2232 3336 2300 facinora,
3372 2234 3636 2291 attolletis

2041 2322 2392 2391 supercilium
2420 2324 2444 2377 εδ
2477 2323 2616 2391 Quid
2675 2325 2970 2396 adjumenti
3021 2327 3230 2398 regioni
3261 2326 3532 2398 Egyptian
3557 2341 3642 2384 al—

2045 2415 2268 2481 tulistis,
2303 2426 2363 2472 ut
2389 2417 2443 2472 in
2475 2419 2838 2475 admiratione
2887 2423 3030 2490 apud
3063 2435 3157 2476 eos
3183 2422 3346 2478 sitis?
3378 2420 3478 2478 Vel
3535 2440 3642 2493 qua
3699 2407 3703 2412 ’

2041 2509 2294 2564 oratione
2321 2511 2572 2579 utemini,
2623 2527 2746 2569 cum
2783 2529 2966 2584 regem
3000 2514 3303 2584 corripitis,
3359 2515 3642 2574 dicentes:

2040 2596 2164 2656 Filii
2195 2601 2619 2672 intelligentium
2662 2620 2783 2674 nos,
2821 2607 2872 2663 id
2902 2615 3009 2674 est,
3064 2609 3497 2678 prophetarum?
3529 2610 3644 2665 Ma-

2040 2693 2093 2763 gi
2121 2708 2186 2748 ex
2219 2696 2424 2766 magis;
2479 2699 2570 2768 qui
2625 2698 2788 2754 etiam
2845 2715 2945 2770 per
2991 2700 3305 2757 universam
3364 2702 3639 2772 regionem

2045 2795 2257 2841 tantum
2289 2802 2396 2842 non
2425 2800 2745 2858 regnarunt,
2771 2789 2865 2859 qui
2896 2788 3038 2860 apud
3067 2790 3314 2848 cultores
3367 2793 3636 2850 idolorum

2041 2881 2508 2937 existimationem
2568 2891 2626 2938 et
2703 2883 2874 2955 289
2937 2883 3168 2954 gloriam
3223 2885 3640 2943 celeberrimam

2042 2973 2223 3044 adepti
2255 2983 2426 3029 sunt:
2468 2973 2559 3046 qui
2627 2990 2749 3030 cum
2815 2978 3128 3048 potentibus
3167 2979 3370 3034 versati
3426 2995 3647 3052 semper

2043 3061 2285 3132 fuerunt,
2319 3077 2375 3120 et
2406 3066 2747 3133 rictitarunt,
2777 3067 2980 3140 quippe
3007 3068 3235 3124 consilia
3286 3069 3338 3124 in
3388 3071 3644 3128 omnibus

1966 3138 2008 3196 (ἶ
2044 3159 2208 3214 rebus
2263 3159 2492 3228 agendis
2517 3157 2712 3216 afferre
2749 3138 2916 3226 soliti,
2985 3161 3128 3217 falso
3189 3164 3486 3221 nominatis
3538 3167 3642 3222 diis

2041 3249 2170 3320 quid
2228 3251 2564 3306 conduceret
2634 3253 3047 3322 inspirantibus.
3104 3251 3242 3308 Cum
3291 3255 3456 3325 igitur
3505 3255 3642 3311 falsa

2041 3340 2451 3407 coneionantes,
2507 3340 2702 3410 inquit,
2740 3349 2796 3396 et
2842 3343 2953 3397 reri
3006 3341 3143 3397 nihll
3211 3343 3448 3399 scientes
3504 3360 3642 3401 con-

2041 3432 2360 3500 vincemini,
2417 3435 2696 3503 quomodo
2727 3435 2920 3492 dicetis
2947 3435 3100 3506 regi:
3154 3435 3276 3492 Filii
3330 3437 3646 3510 intelligen-

2045 3525 2179 3580 tium
2217 3525 2358 3581 nos?
2397 3525 2520 3581 Filii
2578 3542 2763 3596 regum
2823 3528 2915 3598 qui
2969 3543 3000 3583 a
3055 3529 3250 3600 primis
3313 3533 3646 3588 exstiterunt

2043 3617 2415 3689 temporibus?
2446 3619 2504 3674 In
2531 3619 2618 3675 his
2644 3628 2824 3677 autem
2860 3635 3040 3678 sermo
3100 3622 3454 3693 propheticus
3520 3640 3646 3696 spe-

2041 3722 2156 3770 ctat
2183 3713 2249 3767 ad
2274 3727 2372 3770 eos
2429 3713 2519 3783 qui
2583 3728 2706 3770 esse
2748 3711 3074 3771 videbantur
3147 3716 3453 3788 sapientes;
3514 3720 3640 3775 dein

2041 3820 2174 3860 vero
2202 3806 2490 3860 transitum
2532 3802 2665 3860 facit
2696 3805 2764 3861 ad
2791 3820 3082 3877 personam
3135 3809 3255 3881 ejus
3287 3811 3379 3882 qui
3435 3812 3644 3883 princi-

2042 3911 2227 3973 patum
2255 3903 2484 3958 sortitus
2509 3911 2650 3966 erat,
2694 3913 2748 3958 et
2787 3899 2900 3957 ait:
2947 3900 3045 3959 Ubi
3075 3911 3200 3960 sunt
3238 3904 3513 3975 sapientes
3563 3907 3640 3964 tui

2042 3995 2680 4052 nunc?Etannuntient
2742 3995 2858 4062 tibi,
2887 4005 2943 4051 et
3003 3997 3188 4052 dicant
3249 3999 3378 4068 quid
3425 4001 3644 4057 consilii

2043 4089 2252 4158 ceperit
2279 4089 2541 4145 Dominus
2578 4088 2819 4145 Sabaoth
2848 4089 2913 4144 de
2953 4087 3212 4162 £gypto.
3271 4090 3511 4158 Etenim,
3555 4095 3642 4148 in-

2041 4181 2178 4253 quit,
2216 4182 2395 4238 sinon
2431 4190 2559 4237 sunt
2585 4181 2913 4252 impostores
2939 4191 2994 4238 et
3034 4184 3373 4253 deceptores,
3403 4195 3458 4240 et
3483 4199 3643 4242 scur-

2043 4289 2140 4339 rae,
2213 4274 2259 4328 si
2292 4288 2397 4328 non
2431 4271 2565 4327 falsa
2594 4273 2890 4344 praedicare
2917 4272 3116 4338 solent,
3145 4274 3248 4329 nisi
3283 4289 3350 4330 ex
3394 4288 3494 4331 suo
3547 4290 3647 4345 pe-

2041 4377 2196 4421 ctore
2251 4365 2368 4421 solo
2396 4365 2710 4435 loquantur,
2746 4378 2853 4420 non
2880 4364 2948 4421 ab
2979 4381 3076 4422 ore
3108 4365 3320 4422 Domini
3356 4383 3370 4422 :
3402 4367 3550 4424 disce
3575 4369 3646 4422 ab

1970 4496 2016 4555 υ
2044 4458 2150 4514 illis
2169 4472 2291 4528 qua:
2314 4457 2585 4530 Egyptiis
2619 4459 2952 4528 impendent,
2985 4467 3041 4514 et
3099 4473 3220 4530 quae
3280 4473 3350 4514 ex
3413 4458 3646 4514 consilio

2047 4551 2262 4608 Domini
2301 4552 2543 4609 Sabaoth
2576 4553 2752 4624 primo
2781 4567 2999 4624 quoque
3032 4562 3274 4624 tempore
3292 4561 3422 4609 sunt
3479 4568 3646 4609 even-

2049 4656 2193 4702 tura.
2227 4645 2456 4702 lnsultat
2487 4647 2643 4718 quasi
2680 4645 2786 4702 illis
2819 4648 2910 4718 qui
2965 4646 3136 4703 Deum
3197 4662 3305 4704 non
3375 4662 3646 4716 cognove-

2049 4753 2197 4808 runt,
2233 4742 2326 4797 sed
2359 4741 2504 4796 velut
2563 4742 2618 4797 in
2687 4741 2975 4814 profundis
3040 4741 3281 4798 tenebris
3323 4741 3643 4813 iacuerunt,

2047 4849 2113 4889 eo
2143 4835 2289 4903 quod
2330 4833 2596 4891 idolorum
2629 4835 2800 4891 cultui
2830 4832 3200 4904 adigerentur.
3241 4833 3644 4891 Gravissimum

2049 4927 2234 4997 igitur,
2269 4928 2380 4983 imo
2406 4943 2536 4984 vero
2585 4943 2814 5000 prorsus
2866 4928 3257 4995 frustraneum,
3330 4929 3648 4999 imposturis

2047 5020 2312 5075 falsorum
2369 5033 2552 5076 vatum
2583 5021 2880 5078 conlidere.
2951 5021 3092 5079 Cum
3145 5021 3293 5077 enim
3355 5022 3535 5077 futura
3589 5031 3646 5078 et

2044 5127 2166 5182 quae
2189 5113 2329 5168 Deus
2354 5112 2540 5180 infert,
2565 5116 2789 5170 omnino
2823 5114 3099 5185 ignorent,
3151 5115 3517 5172 coacervandi
3548 5131 3642 5172 ar-

2043 5204 2192 5277 genti
2236 5205 2520 5262 materiam
2547 5206 2757 5262 faciunt
2786 5216 2960 5262 artem
2986 5206 3512 5276 pseudomanticam,
3561 5224 3652 5264 va-

2048 5298 2416 5364 ticinationes,
2437 5309 2492 5354 et
2523 5298 2678 5356 aDeo
2709 5300 2900 5355 audire
2929 5315 2989 5356 se
3021 5297 3232 5372 ﬁngunt
3255 5316 3374 5371 qua:
3400 5314 3500 5356 suo
3526 5299 3645 5355 solo

2045 5393 2311 5448 arbitratu
2329 5402 2602 5460 eructant,
2622 5393 2976 5466 animumque
2995 5408 3182 5450 eorum
3203 5393 3294 5465 qui
3314 5393 3443 5464 ipsis
3461 5392 3648 5447 adhae-

2051 5496 2200 5551 rent,
2237 5496 2554 5542 excantant.
2581 5485 2904 5557 Loqnnntur
2928 5487 3073 5544 enim
3108 5501 3228 5558 quae
3257 5485 3469 5556 placent
3498 5483 3645 5549 aliis,

2046 5577 2175 5632 illud
2199 5578 2390 5634 dicunt
2442 5579 2616 5635 solum
2649 5579 2793 5650 quod
2849 5580 3106 5652 voluptati
3161 5592 3281 5632 esse
3302 5575 3646 5630 audientibus

2046 5669 2367 5740 conjiciunt.
2399 5670 2671 5729 Ceterum
2703 5673 2884 5729 divina
2905 5671 2988 5728 lex
3042 5669 3289 5741 praecipit
3322 5669 3391 5726 ab
3451 5668 3648 5739 hujus-
