  <div class='ocr_page' id='page_1' title='image "/cluster/home/n/w/nwhite01/storage/ocr_20150623/70:no.3/coo.31924054869726/239.png"; bbox 0 0 4060 6540; ppageno 0'>
   <div class='ocr_carea' id='block_1_1' title="bbox 408 380 3671 447">
    <p class='ocr_par' dir='ltr' id='par_1_1' title="bbox 408 380 3671 447">
     <span class='ocr_line' id='line_1_1' title="bbox 408 380 3671 447; baseline 0.003 -12"><span class='ocrx_word' id='word_1_1' title='bbox 408 380 515 435; x_wconf 66' lang='grc' dir='ltr'><strong>8ίίἷῖ</strong></span> <span class='ocrx_word' id='word_1_2' title='bbox 1396 380 1454 438; x_wconf 90' lang='lat' dir='ltr'><strong>S.</strong></span> <span class='ocrx_word' id='word_1_3' title='bbox 1496 380 1772 438; x_wconf 71' lang='lat' dir='ltr'><strong>(IYllILLI</strong></span> <span class='ocrx_word' id='word_1_4' title='bbox 1813 381 2277 439; x_wconf 78' lang='lat' dir='ltr'><strong>ALEXANDRINI</strong></span> <span class='ocrx_word' id='word_1_5' title='bbox 2321 383 2646 442; x_wconf 76' lang='lat' dir='ltr'><strong>ARClllEP.</strong></span> <span class='ocrx_word' id='word_1_6' title='bbox 3567 391 3671 447; x_wconf 66' lang='lat' dir='ltr'><strong>46&#39;s</strong></span> 
     </span>
    </p>
   </div>
   <div class='ocr_carea' id='block_1_2' title="bbox 411 499 1991 580">
    <p class='ocr_par' dir='ltr' id='par_1_2' title="bbox 411 499 1982 558">
     <span class='ocr_line' id='line_1_2' title="bbox 411 499 1982 558; baseline 0 -3"><span class='ocrx_word' id='word_1_7' title='bbox 411 503 555 557; x_wconf 84' lang='lat' dir='ltr'><strong>modi</strong></span> <span class='ocrx_word' id='word_1_8' title='bbox 596 500 906 558; x_wconf 84' lang='lat' dir='ltr'><strong>hominibus</strong></span> <span class='ocrx_word' id='word_1_9' title='bbox 959 500 1232 556; x_wconf 74' lang='lat' dir='ltr'><strong>recedere.</strong></span> <span class='ocrx_word' id='word_1_10' title='bbox 1293 499 1469 557; x_wconf 80' lang='lat' dir='ltr'><strong>liabet</strong></span> <span class='ocrx_word' id='word_1_11' title='bbox 1517 503 1663 558; x_wconf 90' lang='lat' dir='ltr'><strong>enim</strong></span> <span class='ocrx_word' id='word_1_12' title='bbox 1723 504 1893 557; x_wconf 70' lang='lat' dir='ltr'><strong>siczi</strong></span> <span class='ocrx_word' id='word_1_13' title='bbox 1926 501 1982 555; x_wconf 90' lang='lat' dir='ltr'><strong>Si</strong></span> 
     </span>
    </p>
   </div>
   <div class='ocr_carea' id='block_1_3' title="bbox 2097 499 3676 580">
    <p class='ocr_par' dir='ltr' id='par_1_3' title="bbox 2100 504 3676 580">
     <span class='ocr_line' id='line_1_3' title="bbox 2100 504 3676 580; baseline 0.003 -23"><span class='ocrx_word' id='word_1_14' title='bbox 2100 506 2282 561; x_wconf 79' lang='grc' dir='ltr'><strong>τάττει</strong></span> <span class='ocrx_word' id='word_1_15' title='bbox 2329 510 2489 578; x_wconf 77' lang='grc' dir='ltr'>νόμος</span> <span class='ocrx_word' id='word_1_16' title='bbox 2545 508 2654 562; x_wconf 84' lang='grc' dir='ltr'><strong>τῶν</strong></span> <span class='ocrx_word' id='word_1_17' title='bbox 2693 507 2946 561; x_wconf 73' lang='grc' dir='ltr'><strong>τοιούτων</strong></span> <span class='ocrx_word' id='word_1_18' title='bbox 2993 504 3313 577; x_wconf 77' lang='grc' dir='ltr'>ἀποφοιτᾷν.</span> <span class='ocrx_word' id='word_1_19' title='bbox 3364 506 3517 578; x_wconf 83' lang='grc' dir='ltr'><strong>Ἔχει</strong></span> <span class='ocrx_word' id='word_1_20' title='bbox 3570 512 3676 580; x_wconf 67' lang='grc' dir='ltr'><strong>γὰρ</strong></span> 
     </span>
    </p>
   </div>
   <div class='ocr_carea' id='block_1_4' title="bbox 412 592 1991 671">
    <p class='ocr_par' dir='ltr' id='par_1_4' title="bbox 412 592 1989 662">
     <span class='ocr_line' id='line_1_4' title="bbox 412 592 1989 662; baseline 0.002 -18"><span class='ocrx_word' id='word_1_21' title='bbox 412 594 688 662; x_wconf 79' lang='lat' dir='ltr'><strong>ingressus</strong></span> <span class='ocrx_word' id='word_1_22' title='bbox 734 592 809 647; x_wconf 82' lang='lat' dir='ltr'><strong>sis</strong></span> <span class='ocrx_word' id='word_1_23' title='bbox 857 593 908 645; x_wconf 93' lang='lat' dir='ltr'><strong>in</strong></span> <span class='ocrx_word' id='word_1_24' title='bbox 980 600 1178 645; x_wconf 81' lang='lat' dir='ltr'><strong>terram</strong></span> <span class='ocrx_word' id='word_1_25' title='bbox 1240 608 1402 662; x_wconf 87' lang='lat' dir='ltr'><strong>quam</strong></span> <span class='ocrx_word' id='word_1_26' title='bbox 1432 593 1525 648; x_wconf 90' lang='lat' dir='ltr'><strong>dat</strong></span> <span class='ocrx_word' id='word_1_27' title='bbox 1581 594 1677 649; x_wconf 84' lang='lat' dir='ltr'><strong>libi</strong></span> <span class='ocrx_word' id='word_1_28' title='bbox 1731 594 1989 648; x_wconf 83' lang='lat' dir='ltr'><strong>Dominus</strong></span> 
     </span>
    </p>
   </div>
   <div class='ocr_carea' id='block_1_5' title="bbox 2097 592 3678 671">
    <p class='ocr_par' dir='ltr' id='par_1_5' title="bbox 2097 596 3678 671">
     <span class='ocr_line' id='line_1_5' title="bbox 2097 596 3678 671; baseline 0.001 -21"><span class='ocrx_word' id='word_1_29' title='bbox 2097 599 2268 662; x_wconf 74' lang='grc' dir='ltr'>οὕτως</span> <span class='ocrx_word' id='word_1_30' title='bbox 2286 616 2298 630; x_wconf 68' lang='grc' dir='ltr'><strong>υ</strong></span> <span class='ocrx_word' id='word_1_31' title='bbox 2330 617 2348 650; x_wconf 80' lang='grc' dir='ltr'><strong>ι</strong></span> <span class='ocrx_word' id='word_1_32' title='bbox 2378 600 2503 652; x_wconf 73' lang='grc' dir='ltr'><strong>Ἐὰν</strong></span> <span class='ocrx_word' id='word_1_33' title='bbox 2530 598 2774 671; x_wconf 73' lang='grc' dir='ltr'><strong>εἰσέλθῃς</strong></span> <span class='ocrx_word' id='word_1_34' title='bbox 2800 600 2880 661; x_wconf 85' lang='grc' dir='ltr'><strong>εἰς</strong></span> <span class='ocrx_word' id='word_1_35' title='bbox 2908 596 3004 669; x_wconf 81' lang='grc' dir='ltr'>τὴν</span> <span class='ocrx_word' id='word_1_36' title='bbox 3033 597 3135 668; x_wconf 84' lang='grc' dir='ltr'>γῆν</span> <span class='ocrx_word' id='word_1_37' title='bbox 3158 597 3223 666; x_wconf 82' lang='grc' dir='ltr'>ἣν</span> <span class='ocrx_word' id='word_1_38' title='bbox 3254 596 3454 668; x_wconf 83' lang='grc' dir='ltr'>Κύριος</span> <span class='ocrx_word' id='word_1_39' title='bbox 3491 599 3519 651; x_wconf 82' lang='grc' dir='ltr'><strong>ὁ</strong></span> <span class='ocrx_word' id='word_1_40' title='bbox 3543 599 3678 663; x_wconf 77' lang='grc' dir='ltr'>Θεὸς</span> 
     </span>
    </p>
   </div>
   <div class='ocr_carea' id='block_1_6' title="bbox 412 683 1991 762">
    <p class='ocr_par' dir='ltr' id='par_1_6' title="bbox 412 683 1991 747">
     <span class='ocr_line' id='line_1_6' title="bbox 412 683 1991 747; baseline 0 -9"><span class='ocrx_word' id='word_1_41' title='bbox 412 683 721 747; x_wconf 72' lang='lat' dir='ltr'><strong>lleustuns,</strong></span> <span class='ocrx_word' id='word_1_42' title='bbox 763 698 867 737; x_wconf 90' lang='lat' dir='ltr'><strong>non</strong></span> <span class='ocrx_word' id='word_1_43' title='bbox 915 684 1092 739; x_wconf 79' lang='lat' dir='ltr'><strong>disces</strong></span> <span class='ocrx_word' id='word_1_44' title='bbox 1118 683 1301 740; x_wconf 75' lang='lat' dir='ltr'><strong>facere</strong></span> <span class='ocrx_word' id='word_1_45' title='bbox 1359 686 1654 740; x_wconf 87' lang='lat' dir='ltr'><strong>secundum</strong></span> <span class='ocrx_word' id='word_1_46' title='bbox 1712 685 1991 739; x_wconf 84' lang='lat' dir='ltr'><strong>abomina-</strong></span> 
     </span>
    </p>
   </div>
   <div class='ocr_carea' id='block_1_7' title="bbox 2097 683 3684 762">
    <p class='ocr_par' dir='ltr' id='par_1_7' title="bbox 2097 688 3684 762">
     <span class='ocr_line' id='line_1_7' title="bbox 2097 688 3684 762; baseline 0.003 -22"><span class='ocrx_word' id='word_1_47' title='bbox 2097 706 2191 741; x_wconf 89' lang='grc' dir='ltr'><strong>σου</strong></span> <span class='ocrx_word' id='word_1_48' title='bbox 2220 689 2402 743; x_wconf 84' lang='grc' dir='ltr'>δίδωσί</span> <span class='ocrx_word' id='word_1_49' title='bbox 2438 706 2541 755; x_wconf 88' lang='grc' dir='ltr'>σοι,</span> <span class='ocrx_word' id='word_1_50' title='bbox 2573 691 2635 744; x_wconf 82' lang='grc' dir='ltr'><strong>οὐ</strong></span> <span class='ocrx_word' id='word_1_51' title='bbox 2681 690 2900 762; x_wconf 78' lang='grc' dir='ltr'><strong>μαθήσῃ</strong></span> <span class='ocrx_word' id='word_1_52' title='bbox 2926 690 3100 742; x_wconf 83' lang='grc' dir='ltr'>ποιεῖν</span> <span class='ocrx_word' id='word_1_53' title='bbox 3147 688 3290 742; x_wconf 80' lang='grc' dir='ltr'>κατὰ</span> <span class='ocrx_word' id='word_1_54' title='bbox 3331 689 3684 760; x_wconf 75' lang='grc' dir='ltr'>βδελὺγματα</span> 
     </span>
    </p>
   </div>
   <div class='ocr_carea' id='block_1_8' title="bbox 414 772 1991 856">
    <p class='ocr_par' dir='ltr' id='par_1_8' title="bbox 414 772 1991 844">
     <span class='ocr_line' id='line_1_8' title="bbox 414 772 1991 844; baseline 0.003 -18"><span class='ocrx_word' id='word_1_55' title='bbox 414 772 589 828; x_wconf 83' lang='lat' dir='ltr'><strong>tiones</strong></span> <span class='ocrx_word' id='word_1_56' title='bbox 649 774 883 842; x_wconf 87' lang='lat' dir='ltr'><strong>gentium</strong></span> <span class='ocrx_word' id='word_1_57' title='bbox 934 789 1146 828; x_wconf 90' lang='lat' dir='ltr'><strong>earum.</strong></span> <span class='ocrx_word' id='word_1_58' title='bbox 1200 773 1317 830; x_wconf 81' lang='lat' dir='ltr'><strong>Non</strong></span> <span class='ocrx_word' id='word_1_59' title='bbox 1366 776 1671 831; x_wconf 78' lang='lat' dir='ltr'><strong>invenietur</strong></span> <span class='ocrx_word' id='word_1_60' title='bbox 1716 776 1767 830; x_wconf 92' lang='lat' dir='ltr'><strong>in</strong></span> <span class='ocrx_word' id='word_1_61' title='bbox 1813 787 1864 829; x_wconf 89' lang='lat' dir='ltr'><strong>te</strong></span> <span class='ocrx_word' id='word_1_62' title='bbox 1904 777 1991 844; x_wconf 86' lang='lat' dir='ltr'><strong>qui</strong></span> 
     </span>
    </p>
   </div>
   <div class='ocr_carea' id='block_1_9' title="bbox 2097 772 3688 856">
    <p class='ocr_par' dir='ltr' id='par_1_9' title="bbox 2097 781 3688 856">
     <span class='ocr_line' id='line_1_9' title="bbox 2097 781 3688 856; baseline 0.001 -22"><span class='ocrx_word' id='word_1_63' title='bbox 2097 781 2203 834; x_wconf 84' lang='grc' dir='ltr'>τῶν</span> <span class='ocrx_word' id='word_1_64' title='bbox 2235 781 2406 835; x_wconf 78' lang='grc' dir='ltr'>ἐθνῶν</span> <span class='ocrx_word' id='word_1_65' title='bbox 2471 783 2717 838; x_wconf 77' lang='grc' dir='ltr'>ἐκείνων.</span> <span class='ocrx_word' id='word_1_66' title='bbox 2774 785 2886 855; x_wconf 74' lang='grc' dir='ltr'><strong>Οὐχ</strong></span> <span class='ocrx_word' id='word_1_67' title='bbox 2925 783 3284 856; x_wconf 79' lang='grc' dir='ltr'><strong>εὑρεθήσεται</strong></span> <span class='ocrx_word' id='word_1_68' title='bbox 3312 783 3368 835; x_wconf 80' lang='grc' dir='ltr'><strong>ἐν</strong></span> <span class='ocrx_word' id='word_1_69' title='bbox 3409 783 3492 835; x_wconf 75' lang='grc' dir='ltr'><strong>σοὶ</strong></span> <span class='ocrx_word' id='word_1_70' title='bbox 3524 799 3688 853; x_wconf 87' lang='grc' dir='ltr'>περι-</span> 
     </span>
    </p>
   </div>
   <div class='ocr_carea' id='block_1_10' title="bbox 406 864 1991 946">
    <p class='ocr_par' dir='ltr' id='par_1_10' title="bbox 406 864 1991 937">
     <span class='ocr_line' id='line_1_10' title="bbox 406 864 1991 937; baseline 0.003 -20"><span class='ocrx_word' id='word_1_71' title='bbox 406 864 605 919; x_wconf 75' lang='lat' dir='ltr'><strong>lustrat</strong></span> <span class='ocrx_word' id='word_1_72' title='bbox 642 864 807 919; x_wconf 90' lang='lat' dir='ltr'><strong>lilium</strong></span> <span class='ocrx_word' id='word_1_73' title='bbox 840 880 996 920; x_wconf 91' lang='lat' dir='ltr'><strong>suum</strong></span> <span class='ocrx_word' id='word_1_74' title='bbox 1033 866 1117 920; x_wconf 91' lang='lat' dir='ltr'><strong>vel</strong></span> <span class='ocrx_word' id='word_1_75' title='bbox 1151 866 1311 922; x_wconf 86' lang='lat' dir='ltr'><strong>llliam</strong></span> <span class='ocrx_word' id='word_1_76' title='bbox 1346 882 1497 922; x_wconf 87' lang='lat' dir='ltr'><strong>suam</strong></span> <span class='ocrx_word' id='word_1_77' title='bbox 1548 866 1681 937; x_wconf 85' lang='lat' dir='ltr'><strong>igni,</strong></span> <span class='ocrx_word' id='word_1_78' title='bbox 1724 876 1818 922; x_wconf 81' lang='lat' dir='ltr'><strong>aut</strong></span> <span class='ocrx_word' id='word_1_79' title='bbox 1853 868 1991 922; x_wconf 85' lang='lat' dir='ltr'><strong>vati-</strong></span> 
     </span>
    </p>
   </div>
   <div class='ocr_carea' id='block_1_11' title="bbox 2097 864 3687 946">
    <p class='ocr_par' dir='ltr' id='par_1_11' title="bbox 2097 870 3687 946">
     <span class='ocr_line' id='line_1_11' title="bbox 2097 870 3687 946; baseline 0.001 -23"><span class='ocrx_word' id='word_1_80' title='bbox 2097 870 2376 942; x_wconf 86' lang='grc' dir='ltr'>καθαίρων</span> <span class='ocrx_word' id='word_1_81' title='bbox 2411 873 2502 926; x_wconf 83' lang='grc' dir='ltr'><strong>τὸν</strong></span> <span class='ocrx_word' id='word_1_82' title='bbox 2545 873 2658 926; x_wconf 75' lang='grc' dir='ltr'>υἱὸν</span> <span class='ocrx_word' id='word_1_83' title='bbox 2691 874 2856 928; x_wconf 76' lang='grc' dir='ltr'>αὐτοῦ</span> <span class='ocrx_word' id='word_1_84' title='bbox 2889 875 2921 946; x_wconf 74' lang='grc' dir='ltr'>ἦ</span> <span class='ocrx_word' id='word_1_85' title='bbox 2971 875 3071 946; x_wconf 81' lang='grc' dir='ltr'>τὴν</span> <span class='ocrx_word' id='word_1_86' title='bbox 3103 873 3376 943; x_wconf 79' lang='grc' dir='ltr'><strong>θυγατέρα</strong></span> <span class='ocrx_word' id='word_1_87' title='bbox 3410 873 3574 926; x_wconf 78' lang='grc' dir='ltr'>αὑτοῦ</span> <span class='ocrx_word' id='word_1_88' title='bbox 3618 875 3687 926; x_wconf 85' lang='grc' dir='ltr'>ὲν</span> 
     </span>
    </p>
   </div>
   <div class='ocr_carea' id='block_1_12' title="bbox 408 956 1991 1036">
    <p class='ocr_par' dir='ltr' id='par_1_12' title="bbox 408 956 1991 1028">
     <span class='ocr_line' id='line_1_12' title="bbox 408 956 1991 1028; baseline 0.002 -19"><span class='ocrx_word' id='word_1_89' title='bbox 408 956 596 1011; x_wconf 87' lang='lat' dir='ltr'><strong>cinans</strong></span> <span class='ocrx_word' id='word_1_90' title='bbox 608 956 941 1023; x_wconf 84' lang='lat' dir='ltr'><strong>vaticinium,</strong></span> <span class='ocrx_word' id='word_1_91' title='bbox 961 957 1044 1011; x_wconf 90' lang='lat' dir='ltr'><strong>vel</strong></span> <span class='ocrx_word' id='word_1_92' title='bbox 1065 958 1282 1023; x_wconf 86' lang='lat' dir='ltr'><strong>ariolus,</strong></span> <span class='ocrx_word' id='word_1_93' title='bbox 1301 958 1384 1013; x_wconf 93' lang='lat' dir='ltr'><strong>vel</strong></span> <span class='ocrx_word' id='word_1_94' title='bbox 1409 973 1599 1028; x_wconf 82' lang='lat' dir='ltr'><strong>augur,</strong></span> <span class='ocrx_word' id='word_1_95' title='bbox 1617 959 1700 1013; x_wconf 92' lang='lat' dir='ltr'><strong>vel</strong></span> <span class='ocrx_word' id='word_1_96' title='bbox 1718 959 1805 1028; x_wconf 89' lang='lat' dir='ltr'><strong>qui</strong></span> <span class='ocrx_word' id='word_1_97' title='bbox 1833 974 1991 1014; x_wconf 88' lang='lat' dir='ltr'><strong>vene-</strong></span> 
     </span>
    </p>
   </div>
   <div class='ocr_carea' id='block_1_13' title="bbox 2097 956 3685 1036">
    <p class='ocr_par' dir='ltr' id='par_1_13' title="bbox 2097 961 3685 1036">
     <span class='ocr_line' id='line_1_13' title="bbox 2097 961 3685 1036; baseline -0.001 -21"><span class='ocrx_word' id='word_1_98' title='bbox 2097 961 2251 1032; x_wconf 79' lang='grc' dir='ltr'>πυρὶ,</span> <span class='ocrx_word' id='word_1_99' title='bbox 2298 964 2699 1034; x_wconf 85' lang='grc' dir='ltr'>μαντευόμενος</span> <span class='ocrx_word' id='word_1_100' title='bbox 2746 965 3024 1036; x_wconf 84' lang='grc' dir='ltr'>μαντείαν,</span> <span class='ocrx_word' id='word_1_101' title='bbox 3069 963 3551 1034; x_wconf 78' lang='grc' dir='ltr'>κληδωνιζόμενος,</span> <span class='ocrx_word' id='word_1_102' title='bbox 3583 964 3685 1015; x_wconf 74' lang='grc' dir='ltr'>καὶ</span> 
     </span>
    </p>
   </div>
   <div class='ocr_carea' id='block_1_14' title="bbox 410 1045 1991 1128">
    <p class='ocr_par' dir='ltr' id='par_1_14' title="bbox 410 1045 1991 1118">
     <span class='ocr_line' id='line_1_14' title="bbox 410 1045 1991 1118; baseline 0.004 -19"><span class='ocrx_word' id='word_1_103' title='bbox 410 1045 547 1101; x_wconf 85' lang='lat' dir='ltr'><strong>ﬁciis</strong></span> <span class='ocrx_word' id='word_1_104' title='bbox 595 1047 959 1112; x_wconf 79' lang='lat' dir='ltr'><strong>incantat,aut</strong></span> <span class='ocrx_word' id='word_1_105' title='bbox 982 1048 1372 1118; x_wconf 88' lang='lat' dir='ltr'><strong>ventriloquus,</strong></span> <span class='ocrx_word' id='word_1_106' title='bbox 1389 1049 1469 1103; x_wconf 86' lang='lat' dir='ltr'><strong>vel</strong></span> <span class='ocrx_word' id='word_1_107' title='bbox 1490 1050 1579 1118; x_wconf 90' lang='lat' dir='ltr'><strong>qui</strong></span> <span class='ocrx_word' id='word_1_108' title='bbox 1596 1059 1805 1103; x_wconf 83' lang='lat' dir='ltr'><strong>ostenta</strong></span> <span class='ocrx_word' id='word_1_109' title='bbox 1860 1064 1991 1105; x_wconf 50' lang='lat' dir='ltr'><strong>con.</strong></span> 
     </span>
    </p>
   </div>
   <div class='ocr_carea' id='block_1_15' title="bbox 2097 1045 3694 1128">
    <p class='ocr_par' dir='ltr' id='par_1_15' title="bbox 2097 1054 3694 1128">
     <span class='ocr_line' id='line_1_15' title="bbox 2097 1054 3694 1128; baseline 0.001 -23"><span class='ocrx_word' id='word_1_110' title='bbox 2097 1054 2476 1123; x_wconf 76' lang='grc' dir='ltr'><strong>οἰωνιζόμενος</strong></span> <span class='ocrx_word' id='word_1_111' title='bbox 2495 1097 2509 1121; x_wconf 93' lang='grc'><strong>,</strong></span> <span class='ocrx_word' id='word_1_112' title='bbox 2546 1054 2867 1128; x_wconf 77' lang='grc' dir='ltr'>φαρμακός,</span> <span class='ocrx_word' id='word_1_113' title='bbox 2914 1054 3129 1126; x_wconf 78' lang='grc' dir='ltr'><strong>ἐπᾴδων</strong></span> <span class='ocrx_word' id='word_1_114' title='bbox 3148 1094 3164 1120; x_wconf 92' lang='grc'><strong>,</strong></span> <span class='ocrx_word' id='word_1_115' title='bbox 3201 1054 3650 1125; x_wconf 78' lang='grc' dir='ltr'>ἐγγαστρίμυοος</span> <span class='ocrx_word' id='word_1_116' title='bbox 3672 1095 3694 1119; x_wconf 86' lang='grc'><strong>,</strong></span> 
     </span>
    </p>
   </div>
   <div class='ocr_carea' id='block_1_16' title="bbox 408 1137 1991 1215">
    <p class='ocr_par' dir='ltr' id='par_1_16' title="bbox 408 1137 1991 1210">
     <span class='ocr_line' id='line_1_16' title="bbox 408 1137 1991 1210; baseline 0.001 -18"><span class='ocrx_word' id='word_1_117' title='bbox 408 1137 634 1202; x_wconf 82' lang='lat' dir='ltr'><strong>siderat,</strong></span> <span class='ocrx_word' id='word_1_118' title='bbox 675 1147 768 1191; x_wconf 89' lang='lat' dir='ltr'><strong>aut</strong></span> <span class='ocrx_word' id='word_1_119' title='bbox 794 1140 884 1208; x_wconf 89' lang='lat' dir='ltr'><strong>qui</strong></span> <span class='ocrx_word' id='word_1_120' title='bbox 928 1138 1231 1210; x_wconf 87' lang='lat' dir='ltr'><strong>interrogat.</strong></span> <span class='ocrx_word' id='word_1_121' title='bbox 1281 1151 1544 1195; x_wconf 90' lang='lat' dir='ltr'><strong>mortuos.</strong></span> <span class='ocrx_word' id='word_1_122' title='bbox 1596 1141 1809 1195; x_wconf 80' lang='lat' dir='ltr'><strong>Etenim</strong></span> <span class='ocrx_word' id='word_1_123' title='bbox 1865 1140 1991 1194; x_wconf 88' lang='lat' dir='ltr'><strong>abo-</strong></span> 
     </span>
    </p>
   </div>
   <div class='ocr_carea' id='block_1_17' title="bbox 2097 1137 3693 1215">
    <p class='ocr_par' dir='ltr' id='par_1_17' title="bbox 2097 1140 3693 1215">
     <span class='ocr_line' id='line_1_17' title="bbox 2097 1140 3693 1215; baseline 0.001 -23"><span class='ocrx_word' id='word_1_124' title='bbox 2097 1140 2194 1193; x_wconf 77' lang='grc' dir='ltr'>καὶ</span> <span class='ocrx_word' id='word_1_125' title='bbox 2218 1143 2643 1213; x_wconf 83' lang='grc' dir='ltr'>τερατοσκόπος,</span> <span class='ocrx_word' id='word_1_126' title='bbox 2669 1144 2765 1196; x_wconf 75' lang='grc' dir='ltr'><strong>καὶ</strong></span> <span class='ocrx_word' id='word_1_127' title='bbox 2796 1143 3089 1215; x_wconf 81' lang='grc' dir='ltr'>ἐπερωτῶν</span> <span class='ocrx_word' id='word_1_128' title='bbox 3107 1143 3232 1205; x_wconf 81' lang='grc' dir='ltr'>τοὺς</span> <span class='ocrx_word' id='word_1_129' title='bbox 3248 1141 3497 1212; x_wconf 81' lang='grc' dir='ltr'>νεκρούς.</span> <span class='ocrx_word' id='word_1_130' title='bbox 3518 1142 3693 1194; x_wconf 84' lang='grc' dir='ltr'>Ἔστι</span> 
     </span>
    </p>
   </div>
   <div class='ocr_carea' id='block_1_18' title="bbox 411 1228 1991 1307">
    <p class='ocr_par' dir='ltr' id='par_1_18' title="bbox 411 1228 1988 1302">
     <span class='ocr_line' id='line_1_18' title="bbox 411 1228 1988 1302; baseline 0.002 -20"><span class='ocrx_word' id='word_1_131' title='bbox 411 1230 636 1285; x_wconf 85' lang='lat' dir='ltr'><strong>minatio</strong></span> <span class='ocrx_word' id='word_1_132' title='bbox 668 1228 894 1285; x_wconf 92' lang='lat' dir='ltr'><strong>Domino</strong></span> <span class='ocrx_word' id='word_1_133' title='bbox 930 1230 1036 1286; x_wconf 89' lang='lat' dir='ltr'><strong>Deo</strong></span> <span class='ocrx_word' id='word_1_134' title='bbox 1077 1243 1168 1286; x_wconf 91' lang='lat' dir='ltr'><strong>tuo</strong></span> <span class='ocrx_word' id='word_1_135' title='bbox 1202 1230 1511 1302; x_wconf 82' lang='lat' dir='ltr'><strong>quicunque</strong></span> <span class='ocrx_word' id='word_1_136' title='bbox 1550 1233 1677 1287; x_wconf 87' lang='lat' dir='ltr'><strong>talia</strong></span> <span class='ocrx_word' id='word_1_137' title='bbox 1712 1231 1841 1287; x_wconf 77' lang='lat' dir='ltr'><strong>facit</strong></span> <span class='ocrx_word' id='word_1_138' title='bbox 1863 1232 1929 1285; x_wconf 78' lang='grc'><strong>⁵⁸.</strong></span> <span class='ocrx_word' id='word_1_139' title='bbox 1969 1251 1988 1285; x_wconf 76' lang='lat' dir='ltr'><strong>s</strong></span> 
     </span>
    </p>
   </div>
   <div class='ocr_carea' id='block_1_19' title="bbox 2097 1228 3692 1307">
    <p class='ocr_par' dir='ltr' id='par_1_19' title="bbox 2097 1233 3692 1307">
     <span class='ocr_line' id='line_1_19' title="bbox 2097 1233 3692 1307; baseline 0 -20"><span class='ocrx_word' id='word_1_140' title='bbox 2097 1234 2205 1305; x_wconf 84' lang='grc' dir='ltr'>γὰρ</span> <span class='ocrx_word' id='word_1_141' title='bbox 2232 1233 2506 1306; x_wconf 76' lang='grc' dir='ltr'><strong>βδέλυγμα</strong></span> <span class='ocrx_word' id='word_1_142' title='bbox 2524 1237 2710 1307; x_wconf 80' lang='grc' dir='ltr'>Κυρίῳ</span> <span class='ocrx_word' id='word_1_143' title='bbox 2728 1236 2806 1307; x_wconf 83' lang='grc' dir='ltr'>τῷ</span> <span class='ocrx_word' id='word_1_144' title='bbox 2835 1236 2955 1307; x_wconf 85' lang='grc' dir='ltr'><strong>Θεῷ</strong></span> <span class='ocrx_word' id='word_1_145' title='bbox 2985 1253 3078 1289; x_wconf 87' lang='grc' dir='ltr'><strong>σου</strong></span> <span class='ocrx_word' id='word_1_146' title='bbox 3107 1237 3213 1299; x_wconf 80' lang='grc' dir='ltr'><strong>πᾶς</strong></span> <span class='ocrx_word' id='word_1_147' title='bbox 3246 1235 3414 1288; x_wconf 77' lang='grc' dir='ltr'>ποιῶν</span> <span class='ocrx_word' id='word_1_148' title='bbox 3444 1236 3644 1288; x_wconf 70' lang='grc' dir='ltr'>ταῦτα.</span> <span class='ocrx_word' id='word_1_149' title='bbox 3666 1253 3692 1287; x_wconf 79' lang='lat' dir='ltr'><strong>s</strong></span> 
     </span>
    </p>
   </div>
   <div class='ocr_carea' id='block_1_20' title="bbox 2095 1326 3695 1399">
    <p class='ocr_par' dir='ltr' id='par_1_20' title="bbox 2095 1326 3695 1399">
     <span class='ocr_line' id='line_1_20' title="bbox 2095 1326 3695 1399; baseline -0.001 -20"><span class='ocrx_word' id='word_1_150' title='bbox 2095 1326 2440 1397; x_wconf 82' lang='grc' dir='ltr'>Προσεπάγει</span> <span class='ocrx_word' id='word_1_151' title='bbox 2465 1328 2521 1380; x_wconf 78' lang='grc' dir='ltr'>δὲ</span> <span class='ocrx_word' id='word_1_152' title='bbox 2556 1327 2763 1392; x_wconf 82' lang='grc' dir='ltr'>τούτοις</span> <span class='ocrx_word' id='word_1_153' title='bbox 2789 1329 2886 1381; x_wconf 73' lang='grc' dir='ltr'><strong>καὶ</strong></span> <span class='ocrx_word' id='word_1_154' title='bbox 2914 1328 3076 1399; x_wconf 77' lang='grc' dir='ltr'>φησί’</span> <span class='ocrx_word' id='word_1_155' title='bbox 3106 1346 3123 1379; x_wconf 81' lang='grc' dir='ltr'><strong>ι</strong></span> <span class='ocrx_word' id='word_1_156' title='bbox 3148 1327 3362 1389; x_wconf 81' lang='grc' dir='ltr'><strong>Τέλειος</strong></span> <span class='ocrx_word' id='word_1_157' title='bbox 3395 1326 3491 1396; x_wconf 78' lang='grc' dir='ltr'><strong>ἔσῃ</strong></span> <span class='ocrx_word' id='word_1_158' title='bbox 3521 1327 3695 1378; x_wconf 78' lang='grc' dir='ltr'>ἐναν-</span> 
     </span>
    </p>
   </div>
   <div class='ocr_carea' id='block_1_21' title="bbox 2093 1413 3696 1489">
    <p class='ocr_par' dir='ltr' id='par_1_21' title="bbox 2093 1413 3696 1489">
     <span class='ocr_line' id='line_1_21' title="bbox 2093 1413 3696 1489; baseline -0.001 -20"><span class='ocrx_word' id='word_1_159' title='bbox 2093 1417 2207 1470; x_wconf 88' lang='grc' dir='ltr'>τίον</span> <span class='ocrx_word' id='word_1_160' title='bbox 2237 1418 2442 1489; x_wconf 84' lang='grc' dir='ltr'>Κυρίου</span> <span class='ocrx_word' id='word_1_161' title='bbox 2471 1419 2565 1472; x_wconf 78' lang='grc' dir='ltr'>τοῦ</span> <span class='ocrx_word' id='word_1_162' title='bbox 2593 1419 2729 1472; x_wconf 83' lang='grc' dir='ltr'><strong>Θεοῦ</strong></span> <span class='ocrx_word' id='word_1_163' title='bbox 2759 1437 2873 1473; x_wconf 86' lang='grc' dir='ltr'>σου.</span> <span class='ocrx_word' id='word_1_164' title='bbox 2905 1440 2922 1472; x_wconf 71' lang='grc' dir='ltr'><strong>ι</strong></span> <span class='ocrx_word' id='word_1_165' title='bbox 2950 1419 3030 1471; x_wconf 80' lang='grc' dir='ltr'>Τὰ</span> <span class='ocrx_word' id='word_1_166' title='bbox 3065 1417 3174 1489; x_wconf 85' lang='grc' dir='ltr'><strong>γὰρ</strong></span> <span class='ocrx_word' id='word_1_167' title='bbox 3195 1418 3321 1488; x_wconf 73' lang='grc' dir='ltr'><strong>ἔθνη</strong></span> <span class='ocrx_word' id='word_1_168' title='bbox 3360 1415 3551 1482; x_wconf 77' lang='grc' dir='ltr'>ταῦτα,</span> <span class='ocrx_word' id='word_1_169' title='bbox 3582 1413 3696 1478; x_wconf 78' lang='grc' dir='ltr'><strong>οὓς</strong></span> 
     </span>
    </p>
   </div>
   <div class='ocr_carea' id='block_1_22' title="bbox 2095 1502 3698 1581">
    <p class='ocr_par' dir='ltr' id='par_1_22' title="bbox 2095 1502 3698 1581">
     <span class='ocr_line' id='line_1_22' title="bbox 2095 1502 3698 1581; baseline -0.003 -19"><span class='ocrx_word' id='word_1_170' title='bbox 2095 1509 2161 1562; x_wconf 79' lang='grc' dir='ltr'><strong>σὺ</strong></span> <span class='ocrx_word' id='word_1_171' title='bbox 2194 1511 2694 1581; x_wconf 77' lang='grc' dir='ltr'>κατακληρονομείς</span> <span class='ocrx_word' id='word_1_172' title='bbox 2721 1511 2939 1576; x_wconf 78' lang='grc' dir='ltr'>αὐτοὺς,</span> <span class='ocrx_word' id='word_1_173' title='bbox 2981 1502 3128 1563; x_wconf 70' lang='grc' dir='ltr'>οὗτοι</span> <span class='ocrx_word' id='word_1_174' title='bbox 3158 1506 3545 1578; x_wconf 84' lang='grc' dir='ltr'>κληδωνισμῶν</span> <span class='ocrx_word' id='word_1_175' title='bbox 3583 1508 3698 1559; x_wconf 66' lang='grc' dir='ltr'>καὶ</span> 
     </span>
    </p>
   </div>
   <div class='ocr_carea' id='block_1_23' title="bbox 2098 1596 3701 1671">
    <p class='ocr_par' dir='ltr' id='par_1_23' title="bbox 2098 1596 3701 1671">
     <span class='ocr_line' id='line_1_23' title="bbox 2098 1596 3701 1671; baseline -0.002 -18"><span class='ocrx_word' id='word_1_176' title='bbox 2098 1600 2365 1670; x_wconf 85' lang='grc' dir='ltr'>μαντειῶν</span> <span class='ocrx_word' id='word_1_177' title='bbox 2398 1601 2745 1656; x_wconf 84' lang='grc' dir='ltr'>ἀκούσονται.</span> <span class='ocrx_word' id='word_1_178' title='bbox 2781 1601 2872 1653; x_wconf 75' lang='grc' dir='ltr'><strong>Σοὶ</strong></span> <span class='ocrx_word' id='word_1_179' title='bbox 2910 1600 2967 1653; x_wconf 79' lang='grc' dir='ltr'>δὲ</span> <span class='ocrx_word' id='word_1_180' title='bbox 3004 1599 3101 1671; x_wconf 70' lang='grc' dir='ltr'>οὐχ</span> <span class='ocrx_word' id='word_1_181' title='bbox 3137 1599 3281 1652; x_wconf 82' lang='grc' dir='ltr'>οὓτω</span> <span class='ocrx_word' id='word_1_182' title='bbox 3305 1598 3535 1652; x_wconf 86' lang='grc' dir='ltr'>δέδωκεν</span> <span class='ocrx_word' id='word_1_183' title='bbox 3562 1596 3701 1650; x_wconf 66' lang='lat' dir='ltr'><strong>K6-</strong></span> 
     </span>
    </p>
   </div>
   <div class='ocr_carea' id='block_1_24' title="bbox 415 1688 1991 1763">
    <p class='ocr_par' dir='ltr' id='par_1_24' title="bbox 415 1690 1991 1761">
     <span class='ocr_line' id='line_1_24' title="bbox 415 1690 1991 1761; baseline 0.001 -16"><span class='ocrx_word' id='word_1_184' title='bbox 415 1703 542 1747; x_wconf 92' lang='lat' dir='ltr'><strong>tuus</strong></span> <span class='ocrx_word' id='word_1_185' title='bbox 577 1711 589 1746; x_wconf 95' lang='lat'>:</span> <span class='ocrx_word' id='word_1_186' title='bbox 629 1711 647 1744; x_wconf 80' lang='grc' dir='ltr'><strong>ι</strong></span> <span class='ocrx_word' id='word_1_187' title='bbox 688 1691 1012 1761; x_wconf 84' lang='lat' dir='ltr'><strong>Prophetam</strong></span> <span class='ocrx_word' id='word_1_188' title='bbox 1042 1692 1107 1747; x_wconf 90' lang='lat' dir='ltr'><strong>de</strong></span> <span class='ocrx_word' id='word_1_189' title='bbox 1136 1690 1401 1747; x_wconf 78' lang='lat' dir='ltr'><strong>fratribus</strong></span> <span class='ocrx_word' id='word_1_190' title='bbox 1435 1694 1541 1746; x_wconf 89' lang='lat' dir='ltr'><strong>tuis</strong></span> <span class='ocrx_word' id='word_1_191' title='bbox 1590 1693 1847 1747; x_wconf 80' lang='lat' dir='ltr'><strong>excitabit</strong></span> <span class='ocrx_word' id='word_1_192' title='bbox 1897 1692 1991 1746; x_wconf 82' lang='lat' dir='ltr'><strong>tibi</strong></span> 
     </span>
    </p>
   </div>
   <div class='ocr_carea' id='block_1_25' title="bbox 2097 1688 3704 1763">
    <p class='ocr_par' dir='ltr' id='par_1_25' title="bbox 2099 1688 3704 1763">
     <span class='ocr_line' id='line_1_25' title="bbox 2099 1688 3704 1763; baseline -0.002 -19"><span class='ocrx_word' id='word_1_193' title='bbox 2099 1708 2213 1762; x_wconf 86' lang='grc' dir='ltr'>ριος</span> <span class='ocrx_word' id='word_1_194' title='bbox 2250 1692 2278 1744; x_wconf 85' lang='grc' dir='ltr'>ὁ</span> <span class='ocrx_word' id='word_1_195' title='bbox 2304 1691 2436 1755; x_wconf 88' lang='grc' dir='ltr'>Θεός</span> <span class='ocrx_word' id='word_1_196' title='bbox 2475 1708 2596 1745; x_wconf 90' lang='grc' dir='ltr'>σου·</span> <span class='ocrx_word' id='word_1_197' title='bbox 2652 1709 2671 1742; x_wconf 75' lang='grc' dir='ltr'><strong>ι</strong></span> <span class='ocrx_word' id='word_1_198' title='bbox 2707 1692 2999 1763; x_wconf 85' lang='grc' dir='ltr'>Προφήτην</span> <span class='ocrx_word' id='word_1_199' title='bbox 3032 1692 3095 1744; x_wconf 84' lang='grc' dir='ltr'>ὲκ</span> <span class='ocrx_word' id='word_1_200' title='bbox 3133 1690 3242 1744; x_wconf 82' lang='grc' dir='ltr'><strong>τῶν</strong></span> <span class='ocrx_word' id='word_1_201' title='bbox 3286 1688 3528 1756; x_wconf 80' lang='grc' dir='ltr'>ἀδελφῶν</span> <span class='ocrx_word' id='word_1_202' title='bbox 3588 1704 3704 1741; x_wconf 80' lang='grc' dir='ltr'><strong>σου</strong></span> 
     </span>
    </p>
   </div>
   <div class='ocr_carea' id='block_1_26' title="bbox 413 1778 1991 1854">
    <p class='ocr_par' dir='ltr' id='par_1_26' title="bbox 413 1783 1991 1854">
     <span class='ocr_line' id='line_1_26' title="bbox 413 1783 1991 1854; baseline -0.001 -16"><span class='ocrx_word' id='word_1_203' title='bbox 413 1784 671 1838; x_wconf 86' lang='lat' dir='ltr'><strong>Dominus</strong></span> <span class='ocrx_word' id='word_1_204' title='bbox 719 1784 859 1838; x_wconf 91' lang='lat' dir='ltr'><strong>Deus</strong></span> <span class='ocrx_word' id='word_1_205' title='bbox 922 1792 1068 1851; x_wconf 89' lang='lat' dir='ltr'><strong>tuus,</strong></span> <span class='ocrx_word' id='word_1_206' title='bbox 1125 1784 1300 1854; x_wconf 85' lang='lat' dir='ltr'><strong>ipsum</strong></span> <span class='ocrx_word' id='word_1_207' title='bbox 1354 1783 1588 1838; x_wconf 78' lang='lat' dir='ltr'><strong>audietis</strong></span> <span class='ocrx_word' id='word_1_208' title='bbox 1622 1798 1720 1853; x_wconf 85' lang='lat' dir='ltr'><strong>per</strong></span> <span class='ocrx_word' id='word_1_209' title='bbox 1787 1783 1991 1845; x_wconf 84' lang='lat' dir='ltr'><strong>omnia,</strong></span> 
     </span>
    </p>
   </div>
   <div class='ocr_carea' id='block_1_27' title="bbox 2097 1778 3707 1854">
    <p class='ocr_par' dir='ltr' id='par_1_27' title="bbox 2097 1778 3707 1852">
     <span class='ocr_line' id='line_1_27' title="bbox 2097 1778 3707 1852; baseline 0 -17"><span class='ocrx_word' id='word_1_210' title='bbox 2097 1781 2391 1850; x_wconf 83' lang='grc' dir='ltr'>ἀναστήσει</span> <span class='ocrx_word' id='word_1_211' title='bbox 2425 1797 2506 1834; x_wconf 89' lang='grc' dir='ltr'><strong>σοι</strong></span> <span class='ocrx_word' id='word_1_212' title='bbox 2548 1779 2755 1852; x_wconf 77' lang='grc' dir='ltr'>Κύριος</span> <span class='ocrx_word' id='word_1_213' title='bbox 2796 1784 2824 1834; x_wconf 89' lang='grc' dir='ltr'>ὁ</span> <span class='ocrx_word' id='word_1_214' title='bbox 2851 1781 2984 1844; x_wconf 87' lang='grc' dir='ltr'><strong>Θεός</strong></span> <span class='ocrx_word' id='word_1_215' title='bbox 3012 1797 3104 1834; x_wconf 87' lang='grc' dir='ltr'><strong>σου</strong></span> <span class='ocrx_word' id='word_1_216' title='bbox 3124 1820 3138 1843; x_wconf 90' lang='grc'><strong>,</strong></span> <span class='ocrx_word' id='word_1_217' title='bbox 3170 1779 3334 1834; x_wconf 83' lang='grc' dir='ltr'>αὐτοῦ</span> <span class='ocrx_word' id='word_1_218' title='bbox 3373 1778 3707 1835; x_wconf 78' lang='grc' dir='ltr'>ἀκούσεσθε</span> 
     </span>
    </p>
   </div>
   <div class='ocr_carea' id='block_1_28' title="bbox 409 1869 1991 1946">
    <p class='ocr_par' dir='ltr' id='par_1_28' title="bbox 409 1872 1991 1945">
     <span class='ocr_line' id='line_1_28' title="bbox 409 1872 1991 1945; baseline -0.001 -15"><span class='ocrx_word' id='word_1_219' title='bbox 409 1874 577 1945; x_wconf 77' lang='lat'><strong>290</strong></span> <span class='ocrx_word' id='word_1_220' title='bbox 634 1888 974 1943; x_wconf 62' lang='lat' dir='ltr'><strong>quacunque</strong></span> <span class='ocrx_word' id='word_1_221' title='bbox 1040 1872 1294 1943; x_wconf 89' lang='lat' dir='ltr'><strong>loquetur</strong></span> <span class='ocrx_word' id='word_1_222' title='bbox 1356 1872 1512 1928; x_wconf 88' lang='lat' dir='ltr'><strong>vobis</strong></span> <span class='ocrx_word' id='word_1_223' title='bbox 1541 1873 1607 1927; x_wconf 78' lang='lat'><strong>“.</strong></span> <span class='ocrx_word' id='word_1_224' title='bbox 1689 1891 1709 1926; x_wconf 84' lang='lat' dir='ltr'><strong>s</strong></span> <span class='ocrx_word' id='word_1_225' title='bbox 1764 1872 1991 1928; x_wconf 87' lang='lat' dir='ltr'><strong>Omnino</strong></span> 
     </span>
    </p>
   </div>
   <div class='ocr_carea' id='block_1_29' title="bbox 2097 1869 3713 1946">
    <p class='ocr_par' dir='ltr' id='par_1_29' title="bbox 2097 1869 3713 1946">
     <span class='ocr_line' id='line_1_29' title="bbox 2097 1869 3713 1946; baseline 0.001 -21"><span class='ocrx_word' id='word_1_226' title='bbox 2097 1871 2238 1926; x_wconf 82' lang='grc' dir='ltr'>κατὰ</span> <span class='ocrx_word' id='word_1_227' title='bbox 2266 1874 2443 1926; x_wconf 75' lang='grc' dir='ltr'>πάντα</span> <span class='ocrx_word' id='word_1_228' title='bbox 2484 1874 2585 1927; x_wconf 85' lang='grc' dir='ltr'>ὃσα</span> <span class='ocrx_word' id='word_1_229' title='bbox 2611 1872 2677 1926; x_wconf 83' lang='grc' dir='ltr'>ἂν</span> <span class='ocrx_word' id='word_1_230' title='bbox 2700 1873 2912 1946; x_wconf 77' lang='grc' dir='ltr'>λαλήσῃ</span> <span class='ocrx_word' id='word_1_231' title='bbox 2951 1873 3087 1943; x_wconf 77' lang='grc' dir='ltr'>πρὸς</span> <span class='ocrx_word' id='word_1_232' title='bbox 3118 1872 3283 1942; x_wconf 82' lang='grc' dir='ltr'>ὑμᾶς.</span> <span class='ocrx_word' id='word_1_233' title='bbox 3310 1890 3330 1924; x_wconf 71' lang='grc' dir='ltr'><strong>ι</strong></span> <span class='ocrx_word' id='word_1_234' title='bbox 3364 1869 3713 1939; x_wconf 68' lang='grc' dir='ltr'>’Δφιλόεόεος</span> 
     </span>
    </p>
   </div>
   <div class='ocr_carea' id='block_1_30' title="bbox 409 1963 1991 2036">
    <p class='ocr_par' dir='ltr' id='par_1_30' title="bbox 409 1964 1989 2035">
     <span class='ocr_line' id='line_1_30' title="bbox 409 1964 1989 2035; baseline 0.001 -15"><span class='ocrx_word' id='word_1_235' title='bbox 409 1967 555 2020; x_wconf 89' lang='lat' dir='ltr'><strong>enim</strong></span> <span class='ocrx_word' id='word_1_236' title='bbox 593 1964 684 2020; x_wconf 90' lang='lat' dir='ltr'><strong>Dei</strong></span> <span class='ocrx_word' id='word_1_237' title='bbox 716 1979 903 2020; x_wconf 88' lang='lat' dir='ltr'><strong>amore</strong></span> <span class='ocrx_word' id='word_1_238' title='bbox 933 1979 1132 2020; x_wconf 83' lang='lat' dir='ltr'><strong>vacuus</strong></span> <span class='ocrx_word' id='word_1_239' title='bbox 1154 1964 1285 2029; x_wconf 91' lang='lat' dir='ltr'><strong>erit,</strong></span> <span class='ocrx_word' id='word_1_240' title='bbox 1312 1973 1369 2020; x_wconf 92' lang='lat' dir='ltr'><strong>et</strong></span> <span class='ocrx_word' id='word_1_241' title='bbox 1401 1966 1619 2035; x_wconf 85' lang='lat' dir='ltr'><strong>pietatis</strong></span> <span class='ocrx_word' id='word_1_242' title='bbox 1652 1965 1989 2021; x_wconf 83' lang='lat' dir='ltr'><strong>ornamentis</strong></span> 
     </span>
    </p>
   </div>
   <div class='ocr_carea' id='block_1_31' title="bbox 2097 1963 3712 2036">
    <p class='ocr_par' dir='ltr' id='par_1_31' title="bbox 2097 1963 3712 2036">
     <span class='ocr_line' id='line_1_31' title="bbox 2097 1963 3712 2036; baseline 0.001 -19"><span class='ocrx_word' id='word_1_243' title='bbox 2097 1963 2202 2036; x_wconf 76' lang='grc' dir='ltr'>γὰρ</span> <span class='ocrx_word' id='word_1_244' title='bbox 2234 1964 2549 2030; x_wconf 81' lang='grc' dir='ltr'>παντελῶς,</span> <span class='ocrx_word' id='word_1_245' title='bbox 2593 1966 2690 2019; x_wconf 76' lang='grc' dir='ltr'><strong>καὶ</strong></span> <span class='ocrx_word' id='word_1_246' title='bbox 2729 1964 2837 2018; x_wconf 83' lang='grc' dir='ltr'>τῶν</span> <span class='ocrx_word' id='word_1_247' title='bbox 2885 1968 2965 2028; x_wconf 80' lang='grc' dir='ltr'><strong>εἰς</strong></span> <span class='ocrx_word' id='word_1_248' title='bbox 3009 1963 3289 2019; x_wconf 75' lang='grc' dir='ltr'>εὐσέϐειαν</span> <span class='ocrx_word' id='word_1_249' title='bbox 3337 1963 3712 2034; x_wconf 51' lang='grc' dir='ltr'>αὐχημάτων</span> 
     </span>
    </p>
   </div>
   <div class='ocr_carea' id='block_1_32' title="bbox 414 2048 1991 2129">
    <p class='ocr_par' dir='ltr' id='par_1_32' title="bbox 414 2056 1991 2129">
     <span class='ocr_line' id='line_1_32' title="bbox 414 2056 1991 2129; baseline 0.001 -18"><span class='ocrx_word' id='word_1_250' title='bbox 414 2056 722 2121; x_wconf 86' lang='lat' dir='ltr'><strong>nudabitur,</strong></span> <span class='ocrx_word' id='word_1_251' title='bbox 757 2057 849 2126; x_wconf 90' lang='lat' dir='ltr'><strong>qui</strong></span> <span class='ocrx_word' id='word_1_252' title='bbox 891 2056 1189 2119; x_wconf 85' lang='lat' dir='ltr'><strong>vaticiniis,</strong></span> <span class='ocrx_word' id='word_1_253' title='bbox 1257 2056 1689 2125; x_wconf 85' lang='lat' dir='ltr'><strong>ariolationibus,</strong></span> <span class='ocrx_word' id='word_1_254' title='bbox 1747 2058 1991 2129; x_wconf 74' lang='lat' dir='ltr'><strong>auguriis</strong></span> 
     </span>
    </p>
   </div>
   <div class='ocr_carea' id='block_1_33' title="bbox 2097 2048 3706 2129">
    <p class='ocr_par' dir='ltr' id='par_1_33' title="bbox 2097 2048 3706 2125">
     <span class='ocr_line' id='line_1_33' title="bbox 2097 2048 3706 2125; baseline 0.001 -19"><span class='ocrx_word' id='word_1_255' title='bbox 2097 2052 2242 2107; x_wconf 73' lang='grc' dir='ltr'>ἔσται</span> <span class='ocrx_word' id='word_1_256' title='bbox 2272 2050 2479 2124; x_wconf 80' lang='grc' dir='ltr'>γυμνὸς</span> <span class='ocrx_word' id='word_1_257' title='bbox 2529 2056 2558 2107; x_wconf 82' lang='grc' dir='ltr'><strong><em>ὸ</em></strong></span> <span class='ocrx_word' id='word_1_258' title='bbox 2614 2053 2895 2123; x_wconf 77' lang='grc' dir='ltr'>μαντείαις</span> <span class='ocrx_word' id='word_1_259' title='bbox 2936 2053 3222 2125; x_wconf 82' lang='grc' dir='ltr'>προσέχων</span> <span class='ocrx_word' id='word_1_260' title='bbox 3269 2052 3366 2107; x_wconf 73' lang='grc' dir='ltr'>καὶ</span> <span class='ocrx_word' id='word_1_261' title='bbox 3411 2048 3706 2122; x_wconf 81' lang='grc' dir='ltr'>κληδωνι-</span> 
     </span>
    </p>
   </div>
   <div class='ocr_carea' id='block_1_34' title="bbox 413 1329 1992 1399">
    <p class='ocr_par' dir='ltr' id='par_1_34' title="bbox 413 1329 1992 1399">
     <span class='ocr_line' id='line_1_34' title="bbox 413 1329 1992 1399; baseline 0.001 -16"><span class='ocrx_word' id='word_1_262' title='bbox 413 1330 671 1399; x_wconf 75' lang='lat' dir='ltr'><strong>Adiungit</strong></span> <span class='ocrx_word' id='word_1_263' title='bbox 700 1344 865 1399; x_wconf 85' lang='lat' dir='ltr'><strong>porro</strong></span> <span class='ocrx_word' id='word_1_264' title='bbox 898 1331 1005 1394; x_wconf 84' lang='lat' dir='ltr'><strong>his,</strong></span> <span class='ocrx_word' id='word_1_265' title='bbox 1032 1339 1086 1384; x_wconf 90' lang='lat' dir='ltr'><strong>et</strong></span> <span class='ocrx_word' id='word_1_266' title='bbox 1126 1330 1199 1384; x_wconf 91' lang='lat' dir='ltr'><strong>ait</strong></span> <span class='ocrx_word' id='word_1_267' title='bbox 1228 1347 1244 1386; x_wconf 86' lang='lat'><strong>:</strong></span> <span class='ocrx_word' id='word_1_268' title='bbox 1296 1348 1315 1382; x_wconf 73' lang='grc' dir='ltr'><strong>ι</strong></span> <span class='ocrx_word' id='word_1_269' title='bbox 1352 1329 1642 1385; x_wconf 77' lang='lat' dir='ltr'><strong>Perfectus</strong></span> <span class='ocrx_word' id='word_1_270' title='bbox 1668 1331 1775 1386; x_wconf 88' lang='lat' dir='ltr'><strong>eris</strong></span> <span class='ocrx_word' id='word_1_271' title='bbox 1812 1345 1992 1386; x_wconf 86' lang='lat' dir='ltr'><strong>coram</strong></span> 
     </span>
    </p>
   </div>
   <div class='ocr_carea' id='block_1_35' title="bbox 413 1418 1992 1491">
    <p class='ocr_par' dir='ltr' id='par_1_35' title="bbox 413 1418 1992 1491">
     <span class='ocr_line' id='line_1_35' title="bbox 413 1418 1992 1491; baseline 0.001 -17"><span class='ocrx_word' id='word_1_272' title='bbox 413 1419 641 1474; x_wconf 85' lang='lat' dir='ltr'><strong>Domino</strong></span> <span class='ocrx_word' id='word_1_273' title='bbox 678 1421 791 1474; x_wconf 86' lang='lat' dir='ltr'><strong>Deu</strong></span> <span class='ocrx_word' id='word_1_274' title='bbox 839 1430 933 1476; x_wconf 91' lang='lat' dir='ltr'><strong>tuo</strong></span> <span class='ocrx_word' id='word_1_275' title='bbox 978 1420 1049 1474; x_wconf 84' lang='lat'><strong>&quot;.</strong></span> <span class='ocrx_word' id='word_1_276' title='bbox 1091 1438 1111 1472; x_wconf 70' lang='grc' dir='ltr'><strong>ι</strong></span> <span class='ocrx_word' id='word_1_277' title='bbox 1160 1418 1295 1473; x_wconf 84' lang='lat' dir='ltr'><strong>Nam</strong></span> <span class='ocrx_word' id='word_1_278' title='bbox 1353 1431 1540 1490; x_wconf 78' lang='lat' dir='ltr'><strong>gentes</strong></span> <span class='ocrx_word' id='word_1_279' title='bbox 1604 1421 1705 1475; x_wconf 69' lang='lat' dir='ltr'><strong>illa:</strong></span> <span class='ocrx_word' id='word_1_280' title='bbox 1751 1435 1885 1491; x_wconf 88' lang='lat' dir='ltr'><strong>quas</strong></span> <span class='ocrx_word' id='word_1_281' title='bbox 1939 1429 1992 1475; x_wconf 88' lang='lat' dir='ltr'><strong>tu</strong></span> 
     </span>
    </p>
   </div>
   <div class='ocr_carea' id='block_1_36' title="bbox 413 1509 1995 1580">
    <p class='ocr_par' dir='ltr' id='par_1_36' title="bbox 413 1509 1995 1580">
     <span class='ocr_line' id='line_1_36' title="bbox 413 1509 1995 1580; baseline -0.001 -14"><span class='ocrx_word' id='word_1_282' title='bbox 413 1512 729 1566; x_wconf 74' lang='lat' dir='ltr'><strong>hzcreditate</strong></span> <span class='ocrx_word' id='word_1_283' title='bbox 773 1509 1040 1580; x_wconf 85' lang='lat' dir='ltr'><strong>possides,</strong></span> <span class='ocrx_word' id='word_1_284' title='bbox 1084 1511 1435 1566; x_wconf 84' lang='lat' dir='ltr'><strong>ariolationes</strong></span> <span class='ocrx_word' id='word_1_285' title='bbox 1486 1520 1543 1566; x_wconf 89' lang='lat' dir='ltr'><strong>et</strong></span> <span class='ocrx_word' id='word_1_286' title='bbox 1578 1512 1995 1566; x_wconf 85' lang='lat' dir='ltr'><strong>vaticinationes</strong></span> 
     </span>
    </p>
   </div>
   <div class='ocr_carea' id='block_1_37' title="bbox 411 1601 1993 1658">
    <p class='ocr_par' dir='ltr' id='par_1_37' title="bbox 411 1601 1993 1658">
     <span class='ocr_line' id='line_1_37' title="bbox 411 1601 1993 1658; baseline 0 -1"><span class='ocrx_word' id='word_1_287' title='bbox 411 1603 650 1657; x_wconf 86' lang='lat' dir='ltr'><strong>audiunt.</strong></span> <span class='ocrx_word' id='word_1_288' title='bbox 682 1601 799 1656; x_wconf 87' lang='lat' dir='ltr'><strong>Tibi</strong></span> <span class='ocrx_word' id='word_1_289' title='bbox 854 1617 986 1656; x_wconf 88' lang='lat' dir='ltr'><strong>vero</strong></span> <span class='ocrx_word' id='word_1_290' title='bbox 1023 1616 1129 1656; x_wconf 86' lang='lat' dir='ltr'><strong>non</strong></span> <span class='ocrx_word' id='word_1_291' title='bbox 1191 1602 1271 1657; x_wconf 85' lang='lat' dir='ltr'><strong>sic</strong></span> <span class='ocrx_word' id='word_1_292' title='bbox 1322 1603 1471 1658; x_wconf 87' lang='lat' dir='ltr'><strong>dedit</strong></span> <span class='ocrx_word' id='word_1_293' title='bbox 1546 1602 1804 1658; x_wconf 83' lang='lat' dir='ltr'><strong>Dominus</strong></span> <span class='ocrx_word' id='word_1_294' title='bbox 1850 1604 1993 1657; x_wconf 86' lang='lat' dir='ltr'><strong>Deus</strong></span> 
     </span>
    </p>
   </div>
   <div class='ocr_carea' id='block_1_38' title="bbox 411 2142 1991 2215">
    <p class='ocr_par' dir='ltr' id='par_1_38' title="bbox 411 2146 1991 2204">
     <span class='ocr_line' id='line_1_38' title="bbox 411 2146 1991 2204; baseline 0 -2"><span class='ocrx_word' id='word_1_295' title='bbox 411 2157 467 2202; x_wconf 90' lang='lat' dir='ltr'><strong>et</strong></span> <span class='ocrx_word' id='word_1_296' title='bbox 507 2147 909 2203; x_wconf 89' lang='lat' dir='ltr'><strong>incantatorum</strong></span> <span class='ocrx_word' id='word_1_297' title='bbox 942 2146 1080 2203; x_wconf 81' lang='lat' dir='ltr'><strong>fucis</strong></span> <span class='ocrx_word' id='word_1_298' title='bbox 1138 2147 1377 2203; x_wconf 90' lang='lat' dir='ltr'><strong>animum</strong></span> <span class='ocrx_word' id='word_1_299' title='bbox 1435 2148 1765 2204; x_wconf 75' lang='lat' dir='ltr'><strong>adhibuerit.</strong></span> <span class='ocrx_word' id='word_1_300' title='bbox 1815 2149 1883 2202; x_wconf 90' lang='lat' dir='ltr'><strong>At</strong></span> <span class='ocrx_word' id='word_1_301' title='bbox 1946 2149 1991 2203; x_wconf 84' lang='lat' dir='ltr'><strong>is</strong></span> 
     </span>
    </p>
   </div>
   <div class='ocr_carea' id='block_1_39' title="bbox 2097 2142 3701 2215">
    <p class='ocr_par' dir='ltr' id='par_1_39' title="bbox 2097 2142 3701 2215">
     <span class='ocr_line' id='line_1_39' title="bbox 2097 2142 3701 2215; baseline -0.002 -18"><span class='ocrx_word' id='word_1_302' title='bbox 2097 2146 2269 2215; x_wconf 78' lang='grc' dir='ltr'>σμοῖς,</span> <span class='ocrx_word' id='word_1_303' title='bbox 2304 2144 2721 2208; x_wconf 80' lang='grc' dir='ltr'>οἱωνοσκοπίαις</span> <span class='ocrx_word' id='word_1_304' title='bbox 2747 2161 2806 2199; x_wconf 89' lang='grc' dir='ltr'><strong>τε</strong></span> <span class='ocrx_word' id='word_1_305' title='bbox 2840 2144 2936 2198; x_wconf 73' lang='grc' dir='ltr'>καὶ</span> <span class='ocrx_word' id='word_1_306' title='bbox 2980 2145 3091 2207; x_wconf 77' lang='grc' dir='ltr'>τοῖς</span> <span class='ocrx_word' id='word_1_307' title='bbox 3118 2143 3226 2197; x_wconf 80' lang='grc' dir='ltr'><strong>τῶν</strong></span> <span class='ocrx_word' id='word_1_308' title='bbox 3261 2142 3474 2214; x_wconf 81' lang='grc' dir='ltr'>γοητῶν</span> <span class='ocrx_word' id='word_1_309' title='bbox 3507 2161 3701 2213; x_wconf 56' lang='lat' dir='ltr'><strong>geva-</strong></span> 
     </span>
    </p>
   </div>
   <div class='ocr_carea' id='block_1_40' title="bbox 410 2233 1991 2310">
    <p class='ocr_par' dir='ltr' id='par_1_40' title="bbox 410 2236 1990 2310">
     <span class='ocr_line' id='line_1_40' title="bbox 410 2236 1990 2310; baseline 0.002 -17"><span class='ocrx_word' id='word_1_310' title='bbox 410 2237 526 2307; x_wconf 90' lang='lat' dir='ltr'><strong>spei</strong></span> <span class='ocrx_word' id='word_1_311' title='bbox 555 2236 705 2291; x_wconf 77' lang='lat' dir='ltr'><strong>bona:</strong></span> <span class='ocrx_word' id='word_1_312' title='bbox 734 2252 858 2292; x_wconf 88' lang='lat' dir='ltr'><strong>vere</strong></span> <span class='ocrx_word' id='word_1_313' title='bbox 885 2237 1074 2307; x_wconf 89' lang='lat' dir='ltr'><strong>plenus</strong></span> <span class='ocrx_word' id='word_1_314' title='bbox 1102 2238 1232 2307; x_wconf 85' lang='lat' dir='ltr'><strong>erit,</strong></span> <span class='ocrx_word' id='word_1_315' title='bbox 1263 2239 1353 2309; x_wconf 93' lang='lat' dir='ltr'><strong>qui</strong></span> <span class='ocrx_word' id='word_1_316' title='bbox 1381 2239 1708 2310; x_wconf 82' lang='lat' dir='ltr'><strong>evangelicis</strong></span> <span class='ocrx_word' id='word_1_317' title='bbox 1754 2241 1990 2296; x_wconf 84' lang='lat' dir='ltr'><strong>oraculis</strong></span> 
     </span>
    </p>
   </div>
   <div class='ocr_carea' id='block_1_41' title="bbox 2097 2233 3700 2310">
    <p class='ocr_par' dir='ltr' id='par_1_41' title="bbox 2097 2233 3700 2309">
     <span class='ocr_line' id='line_1_41' title="bbox 2097 2233 3700 2309; baseline 0 -19"><span class='ocrx_word' id='word_1_318' title='bbox 2097 2239 2328 2307; x_wconf 81' lang='grc' dir='ltr'>κισμοῖς.</span> <span class='ocrx_word' id='word_1_319' title='bbox 2361 2236 2607 2300; x_wconf 77' lang='grc' dir='ltr'>Ἐλπίδος</span> <span class='ocrx_word' id='word_1_320' title='bbox 2634 2253 2697 2306; x_wconf 88' lang='grc' dir='ltr'><strong>γε</strong></span> <span class='ocrx_word' id='word_1_321' title='bbox 2724 2237 2831 2309; x_wconf 84' lang='grc' dir='ltr'><strong>μὴν</strong></span> <span class='ocrx_word' id='word_1_322' title='bbox 2862 2234 3073 2305; x_wconf 81' lang='grc' dir='ltr'><strong>ἀγαθῆς</strong></span> <span class='ocrx_word' id='word_1_323' title='bbox 3103 2235 3398 2304; x_wconf 72' lang='grc' dir='ltr'>ἑπίμεστος</span> <span class='ocrx_word' id='word_1_324' title='bbox 3433 2233 3700 2306; x_wconf 77' lang='grc' dir='ltr'>ἀληθῶς,</span> 
     </span>
    </p>
   </div>
   <div class='ocr_carea' id='block_1_42' title="bbox 412 2328 1992 2398">
    <p class='ocr_par' dir='ltr' id='par_1_42' title="bbox 412 2328 1992 2398">
     <span class='ocr_line' id='line_1_42' title="bbox 412 2328 1992 2398; baseline 0.002 -14"><span class='ocrx_word' id='word_1_325' title='bbox 412 2330 652 2384; x_wconf 87' lang='lat' dir='ltr'><strong>animum</strong></span> <span class='ocrx_word' id='word_1_326' title='bbox 690 2328 1004 2395; x_wconf 88' lang='lat' dir='ltr'><strong>intenderit,</strong></span> <span class='ocrx_word' id='word_1_327' title='bbox 1062 2340 1116 2384; x_wconf 86' lang='lat' dir='ltr'><strong>et</strong></span> <span class='ocrx_word' id='word_1_328' title='bbox 1136 2330 1223 2385; x_wconf 87' lang='lat' dir='ltr'><strong>his</strong></span> <span class='ocrx_word' id='word_1_329' title='bbox 1256 2345 1376 2398; x_wconf 61' lang='lat' dir='ltr'><strong>qua</strong></span> <span class='ocrx_word' id='word_1_330' title='bbox 1395 2330 1647 2386; x_wconf 75' lang='lat' dir='ltr'><strong>Chrisius</strong></span> <span class='ocrx_word' id='word_1_331' title='bbox 1662 2330 1823 2397; x_wconf 88' lang='lat' dir='ltr'><strong>dicit,</strong></span> <span class='ocrx_word' id='word_1_332' title='bbox 1846 2332 1992 2387; x_wconf 88' lang='lat' dir='ltr'><strong>veri-</strong></span> 
     </span>
    </p>
   </div>
   <div class='ocr_carea' id='block_1_43' title="bbox 415 2418 1990 2492">
    <p class='ocr_par' dir='ltr' id='par_1_43' title="bbox 415 2418 1990 2492">
     <span class='ocr_line' id='line_1_43' title="bbox 415 2418 1990 2492; baseline 0.004 -20"><span class='ocrx_word' id='word_1_333' title='bbox 415 2420 544 2474; x_wconf 90' lang='lat' dir='ltr'><strong>tatis</strong></span> <span class='ocrx_word' id='word_1_334' title='bbox 571 2419 836 2475; x_wconf 84' lang='lat' dir='ltr'><strong>calculum</strong></span> <span class='ocrx_word' id='word_1_335' title='bbox 867 2418 1131 2475; x_wconf 88' lang='lat' dir='ltr'><strong>attulerit.</strong></span> <span class='ocrx_word' id='word_1_336' title='bbox 1166 2420 1445 2490; x_wconf 83' lang='lat' dir='ltr'><strong>Siquidem</strong></span> <span class='ocrx_word' id='word_1_337' title='bbox 1482 2420 1570 2475; x_wconf 91' lang='lat' dir='ltr'><strong>ille</strong></span> <span class='ocrx_word' id='word_1_338' title='bbox 1615 2432 1701 2477; x_wconf 88' lang='lat' dir='ltr'><strong>est</strong></span> <span class='ocrx_word' id='word_1_339' title='bbox 1753 2424 1990 2492; x_wconf 88' lang='lat' dir='ltr'><strong>prophe-</strong></span> 
     </span>
    </p>
   </div>
   <div class='ocr_carea' id='block_1_44' title="bbox 416 2508 1987 2583">
    <p class='ocr_par' dir='ltr' id='par_1_44' title="bbox 416 2508 1987 2583">
     <span class='ocr_line' id='line_1_44' title="bbox 416 2508 1987 2583; baseline 0.002 -21"><span class='ocrx_word' id='word_1_340' title='bbox 416 2519 591 2563; x_wconf 81' lang='lat' dir='ltr'><strong>tarum</strong></span> <span class='ocrx_word' id='word_1_341' title='bbox 662 2508 941 2571; x_wconf 88' lang='lat' dir='ltr'><strong>Dominus,</strong></span> <span class='ocrx_word' id='word_1_342' title='bbox 1010 2516 1068 2563; x_wconf 91' lang='lat' dir='ltr'><strong>et</strong></span> <span class='ocrx_word' id='word_1_343' title='bbox 1121 2509 1298 2563; x_wconf 83' lang='lat' dir='ltr'><strong>omnis</strong></span> <span class='ocrx_word' id='word_1_344' title='bbox 1349 2510 1674 2580; x_wconf 73' lang='lat' dir='ltr'><strong>cognitionis</strong></span> <span class='ocrx_word' id='word_1_345' title='bbox 1742 2515 1987 2583; x_wconf 85' lang='lat' dir='ltr'><strong>largitor,</strong></span> 
     </span>
    </p>
   </div>
   <div class='ocr_carea' id='block_1_45' title="bbox 411 2598 1988 2675">
    <p class='ocr_par' dir='ltr' id='par_1_45' title="bbox 411 2598 1988 2675">
     <span class='ocr_line' id='line_1_45' title="bbox 411 2598 1988 2675; baseline 0.003 -21"><span class='ocrx_word' id='word_1_346' title='bbox 411 2600 623 2655; x_wconf 80' lang='lat' dir='ltr'><strong>etiamsi</strong></span> <span class='ocrx_word' id='word_1_347' title='bbox 651 2614 751 2670; x_wconf 90' lang='lat' dir='ltr'><strong>pro</strong></span> <span class='ocrx_word' id='word_1_348' title='bbox 790 2613 1044 2656; x_wconf 87' lang='lat' dir='ltr'><strong>mensura</strong></span> <span class='ocrx_word' id='word_1_349' title='bbox 1080 2598 1438 2659; x_wconf 87' lang='lat' dir='ltr'><strong>humanitatis</strong></span> <span class='ocrx_word' id='word_1_350' title='bbox 1496 2602 1760 2675; x_wconf 82' lang='lat' dir='ltr'><strong>propheta</strong></span> <span class='ocrx_word' id='word_1_351' title='bbox 1809 2604 1988 2659; x_wconf 73' lang='lat' dir='ltr'><strong>nomi-</strong></span> 
     </span>
    </p>
   </div>
   <div class='ocr_carea' id='block_1_46' title="bbox 411 2702 595 2748">
    <p class='ocr_par' dir='ltr' id='par_1_46' title="bbox 411 2702 595 2748">
     <span class='ocr_line' id='line_1_46' title="bbox 411 2702 595 2748; baseline -0.005 0"><span class='ocrx_word' id='word_1_352' title='bbox 411 2702 595 2748; x_wconf 87' lang='lat' dir='ltr'><strong>netur.</strong></span> 
     </span>
    </p>
   </div>
   <div class='ocr_carea' id='block_1_47' title="bbox 487 2778 1990 2854">
    <p class='ocr_par' dir='ltr' id='par_1_47' title="bbox 487 2778 1990 2854">
     <span class='ocr_line' id='line_1_47' title="bbox 487 2778 1990 2854; baseline 0.005 -23"><span class='ocrx_word' id='word_1_353' title='bbox 487 2778 648 2838; x_wconf 74' lang='lat' dir='ltr'><strong>Vsus.</strong></span> <span class='ocrx_word' id='word_1_354' title='bbox 702 2778 889 2836; x_wconf 80' lang='lat' dir='ltr'><strong>l5-l5.</strong></span> <span class='ocrx_word' id='word_1_355' title='bbox 961 2779 1277 2852; x_wconf 77' lang='lat' dir='ltr'><strong>Defecerunl</strong></span> <span class='ocrx_word' id='word_1_356' title='bbox 1341 2781 1601 2854; x_wconf 82' lang='lat' dir='ltr'><strong>principes</strong></span> <span class='ocrx_word' id='word_1_357' title='bbox 1658 2781 1883 2846; x_wconf 84' lang='lat' dir='ltr'><strong>Taneos,</strong></span> <span class='ocrx_word' id='word_1_358' title='bbox 1938 2792 1990 2838; x_wconf 78' lang='lat' dir='ltr'><strong>et</strong></span> 
     </span>
    </p>
   </div>
   <div class='ocr_carea' id='block_1_48' title="bbox 410 2873 1991 2945">
    <p class='ocr_par' dir='ltr' id='par_1_48' title="bbox 410 2873 1991 2945">
     <span class='ocr_line' id='line_1_48' title="bbox 410 2873 1991 2945; baseline 0 -17"><span class='ocrx_word' id='word_1_359' title='bbox 410 2875 571 2928; x_wconf 75' lang='lat' dir='ltr'><strong>everti</strong></span> <span class='ocrx_word' id='word_1_360' title='bbox 604 2881 726 2927; x_wconf 83' lang='lat' dir='ltr'><strong>sunt</strong></span> <span class='ocrx_word' id='word_1_361' title='bbox 760 2873 1018 2944; x_wconf 76' lang='lat' dir='ltr'><strong>principes</strong></span> <span class='ocrx_word' id='word_1_362' title='bbox 1059 2873 1377 2944; x_wconf 79' lang='lat' dir='ltr'><strong>Mempheos,</strong></span> <span class='ocrx_word' id='word_1_363' title='bbox 1401 2883 1452 2930; x_wconf 79' lang='lat' dir='ltr'><strong>et</strong></span> <span class='ocrx_word' id='word_1_364' title='bbox 1501 2875 1758 2945; x_wconf 76' lang='lat' dir='ltr'><strong>decipient</strong></span> <span class='ocrx_word' id='word_1_365' title='bbox 1816 2873 1991 2944; x_wconf 64' lang='lat' dir='ltr'><strong>Egy-</strong></span> 
     </span>
    </p>
   </div>
   <div class='ocr_carea' id='block_1_49' title="bbox 409 2964 1982 3033">
    <p class='ocr_par' dir='ltr' id='par_1_49' title="bbox 409 2964 1982 3033">
     <span class='ocr_line' id='line_1_49' title="bbox 409 2964 1982 3033; baseline 0.003 -19"><span class='ocrx_word' id='word_1_366' title='bbox 409 2975 557 3032; x_wconf 76' lang='lat' dir='ltr'><strong>ptnm</strong></span> <span class='ocrx_word' id='word_1_367' title='bbox 583 2964 865 3019; x_wconf 80' lang='lat' dir='ltr'><strong>secundum</strong></span> <span class='ocrx_word' id='word_1_368' title='bbox 894 2966 1082 3020; x_wconf 83' lang='lat' dir='ltr'><strong>tribus.</strong></span> <span class='ocrx_word' id='word_1_369' title='bbox 1110 2965 1365 3019; x_wconf 89' lang='lat' dir='ltr'><strong>Dominus</strong></span> <span class='ocrx_word' id='word_1_370' title='bbox 1394 2967 1535 3021; x_wconf 81' lang='lat' dir='ltr'><strong>enim</strong></span> <span class='ocrx_word' id='word_1_371' title='bbox 1596 2965 1832 3033; x_wconf 79' lang='lat' dir='ltr'><strong>confudit</strong></span> <span class='ocrx_word' id='word_1_372' title='bbox 1895 2982 1982 3019; x_wconf 80' lang='lat' dir='ltr'><strong>eos</strong></span> 
     </span>
    </p>
   </div>
   <div class='ocr_carea' id='block_1_50' title="bbox 410 3053 1988 3125">
    <p class='ocr_par' dir='ltr' id='par_1_50' title="bbox 410 3053 1988 3125">
     <span class='ocr_line' id='line_1_50' title="bbox 410 3053 1988 3125; baseline -0.001 -16"><span class='ocrx_word' id='word_1_373' title='bbox 410 3056 597 3123; x_wconf 71' lang='lat' dir='ltr'><strong>spiritu</strong></span> <span class='ocrx_word' id='word_1_374' title='bbox 626 3055 841 3120; x_wconf 85' lang='lat' dir='ltr'><strong>erroris,</strong></span> <span class='ocrx_word' id='word_1_375' title='bbox 867 3066 913 3110; x_wconf 85' lang='lat' dir='ltr'><strong>et</strong></span> <span class='ocrx_word' id='word_1_376' title='bbox 946 3056 1258 3124; x_wconf 70' lang='lat' dir='ltr'><strong>deceperim!</strong></span> <span class='ocrx_word' id='word_1_377' title='bbox 1302 3053 1594 3125; x_wconf 53' lang='lat' dir='ltr'><strong>ﬁgyptunt</strong></span> <span class='ocrx_word' id='word_1_378' title='bbox 1659 3055 1713 3108; x_wconf 89' lang='lat' dir='ltr'><strong>in</strong></span> <span class='ocrx_word' id='word_1_379' title='bbox 1748 3054 1988 3107; x_wconf 86' lang='lat' dir='ltr'><strong>omnibus</strong></span> 
     </span>
    </p>
   </div>
   <div class='ocr_carea' id='block_1_51' title="bbox 409 3144 1988 3215">
    <p class='ocr_par' dir='ltr' id='par_1_51' title="bbox 409 3144 1988 3215">
     <span class='ocr_line' id='line_1_51' title="bbox 409 3144 1988 3215; baseline -0.003 -15"><span class='ocrx_word' id='word_1_380' title='bbox 409 3147 648 3213; x_wconf 79' lang='lat' dir='ltr'><strong>operibus</strong></span> <span class='ocrx_word' id='word_1_381' title='bbox 666 3146 808 3215; x_wconf 74' lang='lat' dir='ltr'><strong>ejus,</strong></span> <span class='ocrx_word' id='word_1_382' title='bbox 833 3145 964 3199; x_wconf 81' lang='lat' dir='ltr'><strong>sicut</strong></span> <span class='ocrx_word' id='word_1_383' title='bbox 1001 3153 1145 3200; x_wconf 80' lang='lat' dir='ltr'><strong>errat</strong></span> <span class='ocrx_word' id='word_1_384' title='bbox 1197 3144 1372 3199; x_wconf 82' lang='lat' dir='ltr'><strong>ebrius</strong></span> <span class='ocrx_word' id='word_1_385' title='bbox 1435 3152 1481 3199; x_wconf 82' lang='lat' dir='ltr'><strong>et</strong></span> <span class='ocrx_word' id='word_1_386' title='bbox 1539 3160 1748 3198; x_wconf 83' lang='lat' dir='ltr'><strong>vomens</strong></span> <span class='ocrx_word' id='word_1_387' title='bbox 1790 3145 1988 3210; x_wconf 80' lang='lat' dir='ltr'><strong>simul;</strong></span> 
     </span>
    </p>
   </div>
   <div class='ocr_carea' id='block_1_52' title="bbox 2084 2324 3696 2399">
    <p class='ocr_par' dir='ltr' id='par_1_52' title="bbox 2084 2324 3696 2399">
     <span class='ocr_line' id='line_1_52' title="bbox 2084 2324 3696 2399; baseline 0 -18"><span class='ocrx_word' id='word_1_388' title='bbox 2084 2329 2119 2381; x_wconf 77' lang='grc' dir='ltr'><strong>ὁ</strong></span> <span class='ocrx_word' id='word_1_389' title='bbox 2145 2331 2256 2393; x_wconf 71' lang='grc' dir='ltr'>τοῖς</span> <span class='ocrx_word' id='word_1_390' title='bbox 2295 2328 2669 2397; x_wconf 76' lang='grc' dir='ltr'>εὐαγγελικοϊς</span> <span class='ocrx_word' id='word_1_391' title='bbox 2708 2328 3042 2399; x_wconf 83' lang='grc' dir='ltr'>θεσπίσμασι</span> <span class='ocrx_word' id='word_1_392' title='bbox 3075 2326 3355 2399; x_wconf 82' lang='grc' dir='ltr'>προσέχων</span> <span class='ocrx_word' id='word_1_393' title='bbox 3399 2324 3490 2378; x_wconf 86' lang='grc' dir='ltr'><strong>τὸν</strong></span> <span class='ocrx_word' id='word_1_394' title='bbox 3527 2326 3696 2393; x_wconf 77' lang='grc' dir='ltr'>νοῦν,</span> 
     </span>
    </p>
   </div>
   <div class='ocr_carea' id='block_1_53' title="bbox 2092 2415 3700 2492">
    <p class='ocr_par' dir='ltr' id='par_1_53' title="bbox 2092 2415 3700 2492">
     <span class='ocr_line' id='line_1_53' title="bbox 2092 2415 3700 2492; baseline -0.001 -18"><span class='ocrx_word' id='word_1_395' title='bbox 2092 2421 2186 2474; x_wconf 71' lang='grc' dir='ltr'><strong>καὶ</strong></span> <span class='ocrx_word' id='word_1_396' title='bbox 2226 2415 2308 2483; x_wconf 76' lang='grc' dir='ltr'>οἷς</span> <span class='ocrx_word' id='word_1_397' title='bbox 2355 2420 2423 2475; x_wconf 83' lang='grc' dir='ltr'>ἂν</span> <span class='ocrx_word' id='word_1_398' title='bbox 2453 2419 2602 2490; x_wconf 80' lang='grc' dir='ltr'>λέγοι</span> <span class='ocrx_word' id='word_1_399' title='bbox 2631 2419 2885 2492; x_wconf 78' lang='grc' dir='ltr'>Χριστὸς,</span> <span class='ocrx_word' id='word_1_400' title='bbox 2915 2418 3014 2491; x_wconf 74' lang='grc' dir='ltr'><strong>τὴν</strong></span> <span class='ocrx_word' id='word_1_401' title='bbox 3051 2418 3150 2489; x_wconf 86' lang='grc' dir='ltr'>τῆς</span> <span class='ocrx_word' id='word_1_402' title='bbox 3189 2416 3447 2486; x_wconf 78' lang='grc' dir='ltr'>ἀληθείας</span> <span class='ocrx_word' id='word_1_403' title='bbox 3492 2416 3700 2487; x_wconf 72' lang='grc' dir='ltr'>ψῆφον</span> 
     </span>
    </p>
   </div>
   <div class='ocr_carea' id='block_1_54' title="bbox 2090 2510 3698 2585">
    <p class='ocr_par' dir='ltr' id='par_1_54' title="bbox 2090 2510 3698 2585">
     <span class='ocr_line' id='line_1_54' title="bbox 2090 2510 3698 2585; baseline -0.001 -20"><span class='ocrx_word' id='word_1_404' title='bbox 2090 2511 2375 2576; x_wconf 77' lang='grc' dir='ltr'>ἐπιτιθείς.</span> <span class='ocrx_word' id='word_1_405' title='bbox 2420 2512 2532 2566; x_wconf 77' lang='grc' dir='ltr'><strong>Καὶ</strong></span> <span class='ocrx_word' id='word_1_406' title='bbox 2584 2513 2695 2585; x_wconf 84' lang='grc' dir='ltr'>γάρ</span> <span class='ocrx_word' id='word_1_407' title='bbox 2722 2516 2839 2565; x_wconf 80' lang='grc' dir='ltr'>ἐστι</span> <span class='ocrx_word' id='word_1_408' title='bbox 2882 2511 3176 2582; x_wconf 80' lang='grc' dir='ltr'>προφητῶν</span> <span class='ocrx_word' id='word_1_409' title='bbox 3229 2510 3538 2579; x_wconf 75' lang='grc' dir='ltr'>Δεσπότης,</span> <span class='ocrx_word' id='word_1_410' title='bbox 3588 2511 3698 2564; x_wconf 71' lang='grc' dir='ltr'><strong>καὶ</strong></span> 
     </span>
    </p>
   </div>
   <div class='ocr_carea' id='block_1_55' title="bbox 2090 2599 3699 2676">
    <p class='ocr_par' dir='ltr' id='par_1_55' title="bbox 2090 2599 3699 2676">
     <span class='ocr_line' id='line_1_55' title="bbox 2090 2599 3699 2676; baseline -0.002 -18"><span class='ocrx_word' id='word_1_411' title='bbox 2090 2605 2311 2676; x_wconf 82' lang='grc' dir='ltr'>ἁπάσης</span> <span class='ocrx_word' id='word_1_412' title='bbox 2333 2604 2591 2674; x_wconf 84' lang='grc' dir='ltr'>γνώσεως</span> <span class='ocrx_word' id='word_1_413' title='bbox 2628 2603 2899 2675; x_wconf 75' lang='grc' dir='ltr'>χωρηγδς,</span> <span class='ocrx_word' id='word_1_414' title='bbox 2931 2604 2980 2656; x_wconf 86' lang='grc' dir='ltr'><strong>εἰ</strong></span> <span class='ocrx_word' id='word_1_415' title='bbox 3007 2603 3100 2656; x_wconf 71' lang='grc' dir='ltr'><strong>καὶ</strong></span> <span class='ocrx_word' id='word_1_416' title='bbox 3133 2601 3419 2672; x_wconf 77' lang='grc' dir='ltr'>προφήτης</span> <span class='ocrx_word' id='word_1_417' title='bbox 3459 2599 3699 2670; x_wconf 80' lang='grc' dir='ltr'>ὠνόμα-</span> 
     </span>
    </p>
   </div>
   <div class='ocr_carea' id='block_1_56' title="bbox 2093 2692 3362 2769">
    <p class='ocr_par' dir='ltr' id='par_1_56' title="bbox 2093 2692 3362 2769">
     <span class='ocr_line' id='line_1_56' title="bbox 2093 2692 3362 2769; baseline -0.006 -18"><span class='ocrx_word' id='word_1_418' title='bbox 2093 2713 2243 2761; x_wconf 82' lang='grc' dir='ltr'>σται,</span> <span class='ocrx_word' id='word_1_419' title='bbox 2269 2697 2442 2751; x_wconf 82' lang='grc' dir='ltr'>διάτοι</span> <span class='ocrx_word' id='word_1_420' title='bbox 2470 2697 2532 2750; x_wconf 78' lang='grc' dir='ltr'>τὸ</span> <span class='ocrx_word' id='word_1_421' title='bbox 2569 2698 2669 2768; x_wconf 81' lang='grc' dir='ltr'>τῆς</span> <span class='ocrx_word' id='word_1_422' title='bbox 2698 2695 3118 2769; x_wconf 78' lang='grc' dir='ltr'>ἁνθρωπότητος</span> <span class='ocrx_word' id='word_1_423' title='bbox 3146 2692 3362 2763; x_wconf 84' lang='grc' dir='ltr'>μέτρον.</span> 
     </span>
    </p>
   </div>
   <div class='ocr_carea' id='block_1_57' title="bbox 2174 2781 3702 2857">
    <p class='ocr_par' dir='ltr' id='par_1_57' title="bbox 2174 2781 3702 2857">
     <span class='ocr_line' id='line_1_57' title="bbox 2174 2781 3702 2857; baseline -0.003 -14"><span class='ocrx_word' id='word_1_424' title='bbox 2174 2789 2493 2854; x_wconf 74' lang='grc' dir='ltr'>Ἐξέλιπον</span> <span class='ocrx_word' id='word_1_425' title='bbox 2520 2790 2574 2843; x_wconf 84' lang='grc' dir='ltr'><strong>οἰ</strong></span> <span class='ocrx_word' id='word_1_426' title='bbox 2612 2788 2900 2857; x_wconf 80' lang='grc' dir='ltr'>ἄρχοντες</span> <span class='ocrx_word' id='word_1_427' title='bbox 2934 2784 3178 2850; x_wconf 79' lang='grc' dir='ltr'>Τὰνεως,</span> <span class='ocrx_word' id='word_1_428' title='bbox 3208 2782 3307 2838; x_wconf 83' lang='grc' dir='ltr'><strong>καί</strong></span> <span class='ocrx_word' id='word_1_429' title='bbox 3339 2781 3702 2851; x_wconf 57' lang='lat' dir='ltr'><strong>omnem</strong></span> 
     </span>
    </p>
   </div>
   <div class='ocr_carea' id='block_1_58' title="bbox 2084 2871 3705 2948">
    <p class='ocr_par' dir='ltr' id='par_1_58' title="bbox 2084 2871 3705 2948">
     <span class='ocr_line' id='line_1_58' title="bbox 2084 2871 3705 2948; baseline -0.003 -15"><span class='ocrx_word' id='word_1_430' title='bbox 2084 2881 2146 2933; x_wconf 82' lang='lat' dir='ltr'><strong>cl</strong></span> <span class='ocrx_word' id='word_1_431' title='bbox 2164 2878 2456 2948; x_wconf 74' lang='grc' dir='ltr'>ἄρχοντες</span> <span class='ocrx_word' id='word_1_432' title='bbox 2476 2877 2783 2947; x_wconf 68' lang='grc' dir='ltr'>Μέμφεως,</span> <span class='ocrx_word' id='word_1_433' title='bbox 2807 2875 2907 2929; x_wconf 82' lang='grc' dir='ltr'>καὶ</span> <span class='ocrx_word' id='word_1_434' title='bbox 2926 2871 3358 2939; x_wconf 69' lang='grc' dir='ltr'>πλανήσουσιν</span> <span class='ocrx_word' id='word_1_435' title='bbox 3372 2872 3705 2940; x_wconf 67' lang='grc' dir='ltr'>Αἴγυπτον</span> 
     </span>
    </p>
   </div>
   <div class='ocr_carea' id='block_1_59' title="bbox 2090 2961 3701 3038">
    <p class='ocr_par' dir='ltr' id='par_1_59' title="bbox 2090 2961 3701 3038">
     <span class='ocr_line' id='line_1_59' title="bbox 2090 2961 3701 3038; baseline -0.003 -15"><span class='ocrx_word' id='word_1_436' title='bbox 2090 2969 2241 3023; x_wconf 76' lang='grc' dir='ltr'>κατὰ</span> <span class='ocrx_word' id='word_1_437' title='bbox 2270 2968 2492 3038; x_wconf 74' lang='grc' dir='ltr'>φυλάς.</span> <span class='ocrx_word' id='word_1_438' title='bbox 2522 2968 2740 3034; x_wconf 76' lang='grc' dir='ltr'>Κύριος</span> <span class='ocrx_word' id='word_1_439' title='bbox 2760 2964 2873 3035; x_wconf 78' lang='grc' dir='ltr'>γὰρ</span> <span class='ocrx_word' id='word_1_440' title='bbox 2899 2963 3189 3033; x_wconf 77' lang='grc' dir='ltr'>ἐκέρασεν</span> <span class='ocrx_word' id='word_1_441' title='bbox 3217 2962 3420 3029; x_wconf 80' lang='grc' dir='ltr'>αὐτοῖς</span> <span class='ocrx_word' id='word_1_442' title='bbox 3439 2961 3701 3032; x_wconf 77' lang='grc' dir='ltr'>πνεῦμα</span> 
     </span>
    </p>
   </div>
   <div class='ocr_carea' id='block_1_60' title="bbox 2091 3055 3701 3129">
    <p class='ocr_par' dir='ltr' id='par_1_60' title="bbox 2091 3055 3701 3129">
     <span class='ocr_line' id='line_1_60' title="bbox 2091 3055 3701 3129; baseline -0.002 -15"><span class='ocrx_word' id='word_1_443' title='bbox 2091 3060 2486 3129; x_wconf 73' lang='grc' dir='ltr'>πλανήσεως,</span> <span class='ocrx_word' id='word_1_444' title='bbox 2523 3060 2620 3112; x_wconf 76' lang='grc' dir='ltr'>καὶ</span> <span class='ocrx_word' id='word_1_445' title='bbox 2669 3056 3034 3124; x_wconf 74' lang='grc' dir='ltr'><strong>ὲπλὰνησαν</strong></span> <span class='ocrx_word' id='word_1_446' title='bbox 3073 3057 3380 3127; x_wconf 76' lang='grc' dir='ltr'>Αἴγυπτον</span> <span class='ocrx_word' id='word_1_447' title='bbox 3404 3056 3476 3109; x_wconf 79' lang='grc' dir='ltr'><strong>ἐν</strong></span> <span class='ocrx_word' id='word_1_448' title='bbox 3531 3055 3701 3111; x_wconf 80' lang='grc' dir='ltr'>πᾶσι</span> 
     </span>
    </p>
   </div>
   <div class='ocr_carea' id='block_1_61' title="bbox 2089 3147 3699 3221">
    <p class='ocr_par' dir='ltr' id='par_1_61' title="bbox 2089 3147 3699 3221">
     <span class='ocr_line' id='line_1_61' title="bbox 2089 3147 3699 3221; baseline -0.001 -16"><span class='ocrx_word' id='word_1_449' title='bbox 2089 3151 2216 3217; x_wconf 79' lang='grc' dir='ltr'>τοῖς</span> <span class='ocrx_word' id='word_1_450' title='bbox 2234 3153 2430 3221; x_wconf 68' lang='grc' dir='ltr'>ἔργοις</span> <span class='ocrx_word' id='word_1_451' title='bbox 2459 3148 2677 3213; x_wconf 79' lang='grc' dir='ltr'>αὐτῶν,</span> <span class='ocrx_word' id='word_1_452' title='bbox 2704 3149 2783 3215; x_wconf 84' lang='grc' dir='ltr'>ὡς</span> <span class='ocrx_word' id='word_1_453' title='bbox 2826 3147 3129 3203; x_wconf 77' lang='grc' dir='ltr'>πλανᾶται</span> <span class='ocrx_word' id='word_1_454' title='bbox 3160 3151 3193 3203; x_wconf 85' lang='grc' dir='ltr'><em>ό</em></span> <span class='ocrx_word' id='word_1_455' title='bbox 3219 3147 3476 3218; x_wconf 78' lang='grc' dir='ltr'>μεθύων,</span> <span class='ocrx_word' id='word_1_456' title='bbox 3521 3148 3630 3202; x_wconf 79' lang='grc' dir='ltr'><strong>καί</strong></span> <span class='ocrx_word' id='word_1_457' title='bbox 3662 3150 3699 3203; x_wconf 75' lang='grc' dir='ltr'><strong><em>ὀ</em></strong></span> 
     </span>
    </p>
   </div>
   <div class='ocr_carea' id='block_1_62' title="bbox 411 3211 1991 3311">
    <p class='ocr_par' dir='ltr' id='par_1_62' title="bbox 411 3211 1985 3305">
     <span class='ocr_line' id='line_1_62' title="bbox 411 3211 1985 3305; baseline -0.001 -15"><span class='ocrx_word' id='word_1_458' title='bbox 411 3211 503 3290; x_wconf 73' lang='lat' dir='ltr'><strong>nec</strong></span> <span class='ocrx_word' id='word_1_459' title='bbox 560 3211 723 3290; x_wconf 78' lang='lat' dir='ltr'><strong>ullum</strong></span> <span class='ocrx_word' id='word_1_460' title='bbox 763 3250 891 3304; x_wconf 86' lang='lat' dir='ltr'><strong>opus</strong></span> <span class='ocrx_word' id='word_1_461' title='bbox 910 3233 1096 3288; x_wconf 79' lang='lat' dir='ltr'><strong>habent</strong></span> <span class='ocrx_word' id='word_1_462' title='bbox 1132 3232 1375 3303; x_wconf 61' lang='lat' dir='ltr'><strong>ZEgyptii</strong></span> <span class='ocrx_word' id='word_1_463' title='bbox 1418 3234 1557 3305; x_wconf 82' lang='lat' dir='ltr'><strong>quod</strong></span> <span class='ocrx_word' id='word_1_464' title='bbox 1609 3234 1772 3303; x_wconf 76' lang='lat' dir='ltr'><strong>facint</strong></span> <span class='ocrx_word' id='word_1_465' title='bbox 1833 3249 1985 3305; x_wconf 75' lang='lat' dir='ltr'><strong>caput</strong></span> 
     </span>
    </p>
   </div>
   <div class='ocr_carea' id='block_1_63' title="bbox 2097 3211 3697 3311">
    <p class='ocr_par' dir='ltr' id='par_1_63' title="bbox 2097 3211 3697 3311">
     <span class='ocr_line' id='line_1_63' title="bbox 2097 3211 3697 3311; baseline -0.001 -17"><span class='ocrx_word' id='word_1_466' title='bbox 2097 3211 2422 3311; x_wconf 40' lang='grc' dir='ltr'><strong>ἐμὼ-ἄμα.-</strong></span> <span class='ocrx_word' id='word_1_467' title='bbox 2449 3241 2556 3295; x_wconf 76' lang='grc' dir='ltr'><strong>Καὶ</strong></span> <span class='ocrx_word' id='word_1_468' title='bbox 2593 3211 2702 3296; x_wconf 68' lang='grc' dir='ltr'>οὐκ</span> <span class='ocrx_word' id='word_1_469' title='bbox 2734 3211 2904 3295; x_wconf 64' lang='grc' dir='ltr'>ἔσται</span> <span class='ocrx_word' id='word_1_470' title='bbox 2941 3239 3066 3304; x_wconf 80' lang='grc' dir='ltr'>τοῖς</span> <span class='ocrx_word' id='word_1_471' title='bbox 3106 3211 3450 3310; x_wconf 60' lang='grc' dir='ltr'>Αἰγυπτίοις</span> <span class='ocrx_word' id='word_1_472' title='bbox 3477 3237 3697 3308; x_wconf 75' lang='grc' dir='ltr'>ἔργον,</span> 
     </span>
    </p>
   </div>
   <div class='ocr_carea' id='block_1_64' title="bbox 408 3324 1370 3396">
    <p class='ocr_par' dir='ltr' id='par_1_64' title="bbox 408 3324 1370 3396">
     <span class='ocr_line' id='line_1_64' title="bbox 408 3324 1370 3396; baseline 0 -15"><span class='ocrx_word' id='word_1_473' title='bbox 408 3339 457 3381; x_wconf 80' lang='lat' dir='ltr'><strong>et</strong></span> <span class='ocrx_word' id='word_1_474' title='bbox 484 3344 581 3381; x_wconf 82' lang='lat' dir='ltr'><strong>cun</strong></span> <span class='ocrx_word' id='word_1_475' title='bbox 602 3330 728 3392; x_wconf 70' lang='lat' dir='ltr'><strong>inm,</strong></span> <span class='ocrx_word' id='word_1_476' title='bbox 766 3325 1080 3396; x_wconf 81' lang='lat' dir='ltr'><strong>principium</strong></span> <span class='ocrx_word' id='word_1_477' title='bbox 1112 3337 1161 3380; x_wconf 83' lang='lat' dir='ltr'><strong>et</strong></span> <span class='ocrx_word' id='word_1_478' title='bbox 1188 3324 1370 3394; x_wconf 77' lang='lat' dir='ltr'><strong>ﬁnem.</strong></span> 
     </span>
    </p>
   </div>
   <div class='ocr_carea' id='block_1_65' title="bbox 486 3417 1992 3490">
    <p class='ocr_par' dir='ltr' id='par_1_65' title="bbox 486 3417 1992 3490">
     <span class='ocr_line' id='line_1_65' title="bbox 486 3417 1992 3490; baseline -0.001 -15"><span class='ocrx_word' id='word_1_479' title='bbox 486 3421 707 3476; x_wconf 89' lang='lat' dir='ltr'><strong>Deridet</strong></span> <span class='ocrx_word' id='word_1_480' title='bbox 726 3419 881 3474; x_wconf 84' lang='lat' dir='ltr'><strong>nobis</strong></span> <span class='ocrx_word' id='word_1_481' title='bbox 909 3417 1309 3489; x_wconf 89' lang='lat' dir='ltr'><strong>quodammodo</strong></span> <span class='ocrx_word' id='word_1_482' title='bbox 1337 3417 1596 3473; x_wconf 79' lang='lat' dir='ltr'><strong>falsorum</strong></span> <span class='ocrx_word' id='word_1_483' title='bbox 1627 3427 1808 3473; x_wconf 85' lang='lat' dir='ltr'><strong>vatum</strong></span> <span class='ocrx_word' id='word_1_484' title='bbox 1821 3433 1992 3490; x_wconf 83' lang='lat' dir='ltr'><strong>nugas</strong></span> 
     </span>
    </p>
   </div>
   <div class='ocr_carea' id='block_1_66' title="bbox 409 3509 1987 3581">
    <p class='ocr_par' dir='ltr' id='par_1_66' title="bbox 409 3509 1987 3581">
     <span class='ocr_line' id='line_1_66' title="bbox 409 3509 1987 3581; baseline -0.001 -12"><span class='ocrx_word' id='word_1_485' title='bbox 409 3522 464 3569; x_wconf 91' lang='lat' dir='ltr'><strong>et</strong></span> <span class='ocrx_word' id='word_1_486' title='bbox 499 3515 763 3567; x_wconf 83' lang='lat' dir='ltr'><strong>vanitates</strong></span> <span class='ocrx_word' id='word_1_487' title='bbox 825 3509 878 3565; x_wconf 92' lang='lat' dir='ltr'><strong>in</strong></span> <span class='ocrx_word' id='word_1_488' title='bbox 933 3509 1087 3565; x_wconf 85' lang='lat' dir='ltr'><strong>hisce</strong></span> <span class='ocrx_word' id='word_1_489' title='bbox 1130 3509 1314 3564; x_wconf 82' lang='lat' dir='ltr'><strong>verbis</strong></span> <span class='ocrx_word' id='word_1_490' title='bbox 1378 3523 1560 3565; x_wconf 81' lang='lat' dir='ltr'><strong>sermo</strong></span> <span class='ocrx_word' id='word_1_491' title='bbox 1621 3512 1987 3581; x_wconf 86' lang='lat' dir='ltr'><strong>propheticus.</strong></span> 
     </span>
    </p>
   </div>
   <div class='ocr_carea' id='block_1_67' title="bbox 413 3600 1991 3674">
    <p class='ocr_par' dir='ltr' id='par_1_67' title="bbox 413 3600 1991 3674">
     <span class='ocr_line' id='line_1_67' title="bbox 413 3600 1991 3674; baseline 0 -15"><span class='ocrx_word' id='word_1_492' title='bbox 413 3604 792 3674; x_wconf 63' lang='lat' dir='ltr'><strong>[Egyptiorum</strong></span> <span class='ocrx_word' id='word_1_493' title='bbox 819 3600 966 3657; x_wconf 87' lang='lat' dir='ltr'><strong>enim</strong></span> <span class='ocrx_word' id='word_1_494' title='bbox 997 3600 1308 3672; x_wconf 66' lang='lat' dir='ltr'><strong>praefectus,</strong></span> <span class='ocrx_word' id='word_1_495' title='bbox 1339 3601 1576 3671; x_wconf 89' lang='lat' dir='ltr'><strong>quicum</strong></span> <span class='ocrx_word' id='word_1_496' title='bbox 1603 3603 1722 3673; x_wconf 91' lang='lat' dir='ltr'><strong>ipso</strong></span> <span class='ocrx_word' id='word_1_497' title='bbox 1778 3617 1991 3673; x_wconf 89' lang='lat' dir='ltr'><strong>semper</strong></span> 
     </span>
    </p>
   </div>
   <div class='ocr_carea' id='block_1_68' title="bbox 411 3692 1988 3765">
    <p class='ocr_par' dir='ltr' id='par_1_68' title="bbox 411 3692 1988 3765">
     <span class='ocr_line' id='line_1_68' title="bbox 411 3692 1988 3765; baseline -0.001 -16"><span class='ocrx_word' id='word_1_498' title='bbox 411 3704 567 3750; x_wconf 78' lang='lat' dir='ltr'><strong>erant</strong></span> <span class='ocrx_word' id='word_1_499' title='bbox 641 3692 1064 3764; x_wconf 75' lang='lat' dir='ltr'><strong>praestigiatores</strong></span> <span class='ocrx_word' id='word_1_500' title='bbox 1112 3699 1170 3747; x_wconf 86' lang='lat' dir='ltr'><strong>et</strong></span> <span class='ocrx_word' id='word_1_501' title='bbox 1232 3707 1400 3749; x_wconf 86' lang='lat' dir='ltr'><strong>vanos</strong></span> <span class='ocrx_word' id='word_1_502' title='bbox 1454 3702 1636 3759; x_wconf 87' lang='lat' dir='ltr'><strong>vates,</strong></span> <span class='ocrx_word' id='word_1_503' title='bbox 1680 3693 1774 3765; x_wconf 89' lang='lat' dir='ltr'><strong>qui</strong></span> <span class='ocrx_word' id='word_1_504' title='bbox 1826 3696 1988 3748; x_wconf 88' lang='lat' dir='ltr'><strong>etiam</strong></span> 
     </span>
    </p>
   </div>
   <div class='ocr_carea' id='block_1_69' title="bbox 413 3783 1989 3861">
    <p class='ocr_par' dir='ltr' id='par_1_69' title="bbox 413 3783 1989 3861">
     <span class='ocr_line' id='line_1_69' title="bbox 413 3783 1989 3861; baseline -0.001 -20"><span class='ocrx_word' id='word_1_505' title='bbox 413 3787 831 3841; x_wconf 79' lang='lat' dir='ltr'><strong>nominabantur</strong></span> <span class='ocrx_word' id='word_1_506' title='bbox 874 3784 1065 3861; x_wconf 22' lang='lat' dir='ltr'><strong>osophi,</strong></span> <span class='ocrx_word' id='word_1_507' title='bbox 1106 3783 1460 3855; x_wconf 85' lang='lat' dir='ltr'><strong>interrogavit</strong></span> <span class='ocrx_word' id='word_1_508' title='bbox 1484 3785 1536 3840; x_wconf 89' lang='lat' dir='ltr'><strong>in</strong></span> <span class='ocrx_word' id='word_1_509' title='bbox 1570 3798 1733 3856; x_wconf 88' lang='lat' dir='ltr'><strong>quem</strong></span> <span class='ocrx_word' id='word_1_510' title='bbox 1775 3785 1989 3840; x_wconf 84' lang='lat' dir='ltr'><strong>tandem</strong></span> 
     </span>
    </p>
   </div>
   <div class='ocr_carea' id='block_1_70' title="bbox 413 3875 1994 3948">
    <p class='ocr_par' dir='ltr' id='par_1_70' title="bbox 413 3875 1994 3948">
     <span class='ocr_line' id='line_1_70' title="bbox 413 3875 1994 3948; baseline -0.001 -13"><span class='ocrx_word' id='word_1_511' title='bbox 413 3880 575 3935; x_wconf 80' lang='lat' dir='ltr'><strong>linem</strong></span> <span class='ocrx_word' id='word_1_512' title='bbox 608 3884 920 3947; x_wconf 83' lang='lat' dir='ltr'><strong>exspectata</strong></span> <span class='ocrx_word' id='word_1_513' title='bbox 943 3875 1277 3933; x_wconf 91' lang='lat' dir='ltr'><strong>devenirent.</strong></span> <span class='ocrx_word' id='word_1_514' title='bbox 1307 3875 1599 3948; x_wconf 79' lang='lat' dir='ltr'><strong>Postquam</strong></span> <span class='ocrx_word' id='word_1_515' title='bbox 1631 3886 1812 3935; x_wconf 82' lang='lat' dir='ltr'><strong>autem</strong></span> <span class='ocrx_word' id='word_1_516' title='bbox 1865 3892 1994 3934; x_wconf 85' lang='lat' dir='ltr'><strong>con-</strong></span> 
     </span>
    </p>
   </div>
   <div class='ocr_carea' id='block_1_71' title="bbox 412 3969 1991 4043">
    <p class='ocr_par' dir='ltr' id='par_1_71' title="bbox 412 3969 1991 4043">
     <span class='ocr_line' id='line_1_71' title="bbox 412 3969 1991 4043; baseline 0.002 -17"><span class='ocrx_word' id='word_1_517' title='bbox 412 3970 534 4027; x_wconf 83' lang='lat' dir='ltr'><strong>silio</strong></span> <span class='ocrx_word' id='word_1_518' title='bbox 565 3969 806 4026; x_wconf 82' lang='lat' dir='ltr'><strong>frustrati</strong></span> <span class='ocrx_word' id='word_1_519' title='bbox 837 3978 985 4036; x_wconf 89' lang='lat' dir='ltr'><strong>sunt,</strong></span> <span class='ocrx_word' id='word_1_520' title='bbox 1011 3976 1067 4025; x_wconf 89' lang='lat' dir='ltr'><strong>et</strong></span> <span class='ocrx_word' id='word_1_521' title='bbox 1091 3970 1355 4028; x_wconf 88' lang='lat' dir='ltr'><strong>mendacii</strong></span> <span class='ocrx_word' id='word_1_522' title='bbox 1398 3971 1659 4038; x_wconf 92' lang='lat' dir='ltr'><strong>convicti,</strong></span> <span class='ocrx_word' id='word_1_523' title='bbox 1707 3971 1991 4043; x_wconf 78' lang='lat' dir='ltr'><strong>nullusque</strong></span> 
     </span>
    </p>
   </div>
   <div class='ocr_carea' id='block_1_72' title="bbox 411 4058 1991 4133">
    <p class='ocr_par' dir='ltr' id='par_1_72' title="bbox 411 4058 1991 4133">
     <span class='ocr_line' id='line_1_72' title="bbox 411 4058 1991 4133; baseline 0.003 -19"><span class='ocrx_word' id='word_1_524' title='bbox 411 4071 556 4117; x_wconf 87' lang='lat' dir='ltr'><strong>esset</strong></span> <span class='ocrx_word' id='word_1_525' title='bbox 579 4058 668 4133; x_wconf 90' lang='lat' dir='ltr'><strong>qui</strong></span> <span class='ocrx_word' id='word_1_526' title='bbox 706 4061 918 4117; x_wconf 90' lang='lat' dir='ltr'><strong>consilii</strong></span> <span class='ocrx_word' id='word_1_527' title='bbox 950 4060 1098 4119; x_wconf 84' lang='lat' dir='ltr'><strong>utilis</strong></span> <span class='ocrx_word' id='word_1_528' title='bbox 1123 4063 1267 4118; x_wconf 88' lang='lat' dir='ltr'><strong>viam</strong></span> <span class='ocrx_word' id='word_1_529' title='bbox 1327 4063 1612 4130; x_wconf 89' lang='lat' dir='ltr'><strong>indicaret,</strong></span> <span class='ocrx_word' id='word_1_530' title='bbox 1665 4063 1818 4119; x_wconf 84' lang='lat' dir='ltr'><strong>nihili</strong></span> <span class='ocrx_word' id='word_1_531' title='bbox 1864 4063 1991 4119; x_wconf 79' lang='lat' dir='ltr'><strong>lacti</strong></span> 
     </span>
    </p>
   </div>
   <div class='ocr_carea' id='block_1_73' title="bbox 415 4153 1993 4226">
    <p class='ocr_par' dir='ltr' id='par_1_73' title="bbox 415 4153 1993 4226">
     <span class='ocr_line' id='line_1_73' title="bbox 415 4153 1993 4226; baseline 0.003 -21"><span class='ocrx_word' id='word_1_532' title='bbox 415 4163 564 4218; x_wconf 83' lang='lat' dir='ltr'><strong>sunt,</strong></span> <span class='ocrx_word' id='word_1_533' title='bbox 594 4168 657 4209; x_wconf 92' lang='lat' dir='ltr'><strong>ac</strong></span> <span class='ocrx_word' id='word_1_534' title='bbox 689 4153 779 4209; x_wconf 88' lang='lat' dir='ltr'><strong>alii</strong></span> <span class='ocrx_word' id='word_1_535' title='bbox 831 4154 1089 4224; x_wconf 85' lang='lat' dir='ltr'><strong>deinceps</strong></span> <span class='ocrx_word' id='word_1_536' title='bbox 1129 4154 1401 4226; x_wconf 83' lang='lat' dir='ltr'><strong>sapientes</strong></span> <span class='ocrx_word' id='word_1_537' title='bbox 1463 4157 1877 4226; x_wconf 73' lang='lat' dir='ltr'><strong>qumrebantur:</strong></span> <span class='ocrx_word' id='word_1_538' title='bbox 1935 4164 1993 4210; x_wconf 88' lang='lat' dir='ltr'><strong>et</strong></span> 
     </span>
    </p>
   </div>
   <div class='ocr_carea' id='block_1_74' title="bbox 414 4245 1989 4318">
    <p class='ocr_par' dir='ltr' id='par_1_74' title="bbox 414 4245 1989 4318">
     <span class='ocr_line' id='line_1_74' title="bbox 414 4245 1989 4318; baseline -0.003 -14"><span class='ocrx_word' id='word_1_539' title='bbox 414 4245 632 4315; x_wconf 82' lang='lat' dir='ltr'><strong>quidam</strong></span> <span class='ocrx_word' id='word_1_540' title='bbox 681 4245 1019 4303; x_wconf 85' lang='lat' dir='ltr'><strong>mirabantur</strong></span> <span class='ocrx_word' id='word_1_541' title='bbox 1073 4247 1345 4318; x_wconf 86' lang='lat' dir='ltr'><strong>principes</strong></span> <span class='ocrx_word' id='word_1_542' title='bbox 1401 4245 1736 4318; x_wconf 74' lang='lat' dir='ltr'><strong>llempheos,</strong></span> <span class='ocrx_word' id='word_1_543' title='bbox 1798 4248 1850 4302; x_wconf 91' lang='lat' dir='ltr'><strong>id</strong></span> <span class='ocrx_word' id='word_1_544' title='bbox 1886 4256 1989 4312; x_wconf 88' lang='lat' dir='ltr'><strong>est,</strong></span> 
     </span>
    </p>
   </div>
   <div class='ocr_carea' id='block_1_75' title="bbox 416 4334 1993 4410">
    <p class='ocr_par' dir='ltr' id='par_1_75' title="bbox 416 4334 1993 4410">
     <span class='ocr_line' id='line_1_75' title="bbox 416 4334 1993 4410; baseline 0.001 -17"><span class='ocrx_word' id='word_1_545' title='bbox 416 4334 729 4395; x_wconf 81' lang='lat' dir='ltr'><strong>sacerdotes</strong></span> <span class='ocrx_word' id='word_1_546' title='bbox 753 4348 810 4393; x_wconf 90' lang='lat' dir='ltr'><strong>et</strong></span> <span class='ocrx_word' id='word_1_547' title='bbox 835 4352 1045 4410; x_wconf 86' lang='lat' dir='ltr'><strong>magos,</strong></span> <span class='ocrx_word' id='word_1_548' title='bbox 1078 4338 1193 4409; x_wconf 88' lang='lat' dir='ltr'><strong>qui,</strong></span> <span class='ocrx_word' id='word_1_549' title='bbox 1226 4338 1466 4407; x_wconf 88' lang='lat' dir='ltr'><strong>inquam,</strong></span> <span class='ocrx_word' id='word_1_550' title='bbox 1495 4338 1764 4410; x_wconf 79' lang='lat' dir='ltr'><strong>Memphin</strong></span> <span class='ocrx_word' id='word_1_551' title='bbox 1790 4339 1993 4395; x_wconf 88' lang='lat' dir='ltr'><strong>incole-</strong></span> 
     </span>
    </p>
   </div>
   <div class='ocr_carea' id='block_1_76' title="bbox 412 4430 1990 4502">
    <p class='ocr_par' dir='ltr' id='par_1_76' title="bbox 412 4430 1990 4502">
     <span class='ocr_line' id='line_1_76' title="bbox 412 4430 1990 4502; baseline -0.001 -16"><span class='ocrx_word' id='word_1_552' title='bbox 412 4432 562 4486; x_wconf 85' lang='lat' dir='ltr'><strong>bant.</strong></span> <span class='ocrx_word' id='word_1_553' title='bbox 594 4431 791 4491; x_wconf 78' lang='lat' dir='ltr'><strong>Eximii</strong></span> <span class='ocrx_word' id='word_1_554' title='bbox 831 4432 976 4487; x_wconf 87' lang='lat' dir='ltr'><strong>enim</strong></span> <span class='ocrx_word' id='word_1_555' title='bbox 1019 4431 1173 4502; x_wconf 86' lang='lat' dir='ltr'><strong>quasi</strong></span> <span class='ocrx_word' id='word_1_556' title='bbox 1204 4430 1528 4488; x_wconf 89' lang='lat' dir='ltr'><strong>videbantur</strong></span> <span class='ocrx_word' id='word_1_557' title='bbox 1555 4432 1607 4489; x_wconf 92' lang='lat' dir='ltr'><strong>hi</strong></span> <span class='ocrx_word' id='word_1_558' title='bbox 1666 4441 1778 4487; x_wconf 90' lang='lat' dir='ltr'><strong>tum</strong></span> <span class='ocrx_word' id='word_1_559' title='bbox 1849 4442 1990 4487; x_wconf 84' lang='lat' dir='ltr'><strong>tem-</strong></span> 
     </span>
    </p>
   </div>
   <div class='ocr_carea' id='block_1_77' title="bbox 2093 3331 3699 3405">
    <p class='ocr_par' dir='ltr' id='par_1_77' title="bbox 2093 3331 3699 3405">
     <span class='ocr_line' id='line_1_77' title="bbox 2093 3331 3699 3405; baseline -0.002 -16"><span class='ocrx_word' id='word_1_560' title='bbox 2093 3334 2124 3389; x_wconf 82' lang='grc' dir='ltr'>ὃ</span> <span class='ocrx_word' id='word_1_561' title='bbox 2158 3335 2397 3404; x_wconf 76' lang='grc' dir='ltr'>ποιήσει</span> <span class='ocrx_word' id='word_1_562' title='bbox 2431 3334 2709 3405; x_wconf 67' lang='grc' dir='ltr'>κεφαλὴν</span> <span class='ocrx_word' id='word_1_563' title='bbox 2736 3333 2835 3389; x_wconf 79' lang='grc' dir='ltr'>καὶ</span> <span class='ocrx_word' id='word_1_564' title='bbox 2866 3334 3071 3400; x_wconf 67' lang='grc' dir='ltr'>οἰιρὰν,</span> <span class='ocrx_word' id='word_1_565' title='bbox 3126 3332 3324 3403; x_wconf 79' lang='grc' dir='ltr'>ἀρχὴν</span> <span class='ocrx_word' id='word_1_566' title='bbox 3350 3331 3447 3384; x_wconf 84' lang='grc' dir='ltr'><strong>καί</strong></span> <span class='ocrx_word' id='word_1_567' title='bbox 3482 3332 3699 3401; x_wconf 65' lang='grc' dir='ltr'>τέλος.</span> 
     </span>
    </p>
   </div>
   <div class='ocr_carea' id='block_1_78' title="bbox 2175 3424 3699 3501">
    <p class='ocr_par' dir='ltr' id='par_1_78' title="bbox 2175 3424 3699 3501">
     <span class='ocr_line' id='line_1_78' title="bbox 2175 3424 3699 3501; baseline -0.002 -19"><span class='ocrx_word' id='word_1_568' title='bbox 2175 3428 2481 3500; x_wconf 81' lang='grc' dir='ltr'>Ἐπιμειδιᾷ</span> <span class='ocrx_word' id='word_1_569' title='bbox 2506 3429 2706 3501; x_wconf 79' lang='grc' dir='ltr'>τρόπον</span> <span class='ocrx_word' id='word_1_570' title='bbox 2728 3427 2850 3482; x_wconf 79' lang='grc' dir='ltr'>τινὰ</span> <span class='ocrx_word' id='word_1_571' title='bbox 2873 3430 2984 3491; x_wconf 80' lang='grc' dir='ltr'>τοῖς</span> <span class='ocrx_word' id='word_1_572' title='bbox 3011 3426 3123 3479; x_wconf 85' lang='grc' dir='ltr'><strong>τῶν</strong></span> <span class='ocrx_word' id='word_1_573' title='bbox 3139 3424 3480 3496; x_wconf 72' lang='grc' dir='ltr'>ψευδολόγων</span> <span class='ocrx_word' id='word_1_574' title='bbox 3513 3425 3699 3499; x_wconf 56' lang='lat' dir='ltr'><strong>deep-</strong></span> 
     </span>
    </p>
   </div>
   <div class='ocr_carea' id='block_1_79' title="bbox 2095 3519 3700 3595">
    <p class='ocr_par' dir='ltr' id='par_1_79' title="bbox 2095 3519 3700 3595">
     <span class='ocr_line' id='line_1_79' title="bbox 2095 3519 3700 3595; baseline 0 -20"><span class='ocrx_word' id='word_1_575' title='bbox 2095 3540 2249 3595; x_wconf 89' lang='grc' dir='ltr'>μασι,</span> <span class='ocrx_word' id='word_1_576' title='bbox 2277 3525 2370 3577; x_wconf 79' lang='grc' dir='ltr'>καὶ</span> <span class='ocrx_word' id='word_1_577' title='bbox 2404 3522 2759 3592; x_wconf 83' lang='grc' dir='ltr'>κενοφωνίαις</span> <span class='ocrx_word' id='word_1_578' title='bbox 2795 3524 2824 3575; x_wconf 88' lang='grc' dir='ltr'>ὁ</span> <span class='ocrx_word' id='word_1_579' title='bbox 2849 3519 3191 3593; x_wconf 81' lang='grc' dir='ltr'>προφητικδς</span> <span class='ocrx_word' id='word_1_580' title='bbox 3215 3521 3348 3590; x_wconf 82' lang='grc' dir='ltr'>ἡμῖν</span> <span class='ocrx_word' id='word_1_581' title='bbox 3382 3521 3439 3571; x_wconf 83' lang='grc' dir='ltr'>ὲν</span> <span class='ocrx_word' id='word_1_582' title='bbox 3472 3520 3700 3587; x_wconf 75' lang='grc' dir='ltr'>τούτοις</span> 
     </span>
    </p>
   </div>
   <div class='ocr_carea' id='block_1_80' title="bbox 2091 3607 3700 3685">
    <p class='ocr_par' dir='ltr' id='par_1_80' title="bbox 2091 3607 3700 3685">
     <span class='ocr_line' id='line_1_80' title="bbox 2091 3607 3700 3685; baseline 0 -19"><span class='ocrx_word' id='word_1_583' title='bbox 2091 3612 2266 3682; x_wconf 74' lang='grc' dir='ltr'>λόγος.</span> <span class='ocrx_word' id='word_1_584' title='bbox 2295 3614 2499 3685; x_wconf 83' lang='grc' dir='ltr'>Ἦρετο</span> <span class='ocrx_word' id='word_1_585' title='bbox 2539 3614 2638 3684; x_wconf 74' lang='grc' dir='ltr'><strong>μὲν</strong></span> <span class='ocrx_word' id='word_1_586' title='bbox 2662 3615 2690 3666; x_wconf 83' lang='grc' dir='ltr'>ὁ</span> <span class='ocrx_word' id='word_1_587' title='bbox 2720 3612 2829 3664; x_wconf 85' lang='grc' dir='ltr'><strong>τῶν</strong></span> <span class='ocrx_word' id='word_1_588' title='bbox 2869 3610 3183 3679; x_wconf 81' lang='grc' dir='ltr'>Αἰγυπτίων</span> <span class='ocrx_word' id='word_1_589' title='bbox 3221 3607 3529 3679; x_wconf 78' lang='grc' dir='ltr'>ἡγούμενος</span> <span class='ocrx_word' id='word_1_590' title='bbox 3560 3613 3700 3678; x_wconf 78' lang='grc' dir='ltr'>τοὺς</span> 
     </span>
    </p>
   </div>
   <div class='ocr_carea' id='block_1_81' title="bbox 2091 3697 3699 3775">
    <p class='ocr_par' dir='ltr' id='par_1_81' title="bbox 2091 3697 3699 3775">
     <span class='ocr_line' id='line_1_81' title="bbox 2091 3697 3699 3775; baseline -0.001 -16"><span class='ocrx_word' id='word_1_591' title='bbox 2091 3706 2177 3759; x_wconf 78' lang='grc' dir='ltr'><strong>ἀεὶ</strong></span> <span class='ocrx_word' id='word_1_592' title='bbox 2208 3705 2466 3768; x_wconf 77' lang='grc' dir='ltr'>συνόντας</span> <span class='ocrx_word' id='word_1_593' title='bbox 2497 3703 2647 3775; x_wconf 80' lang='grc' dir='ltr'>αὐτῷ</span> <span class='ocrx_word' id='word_1_594' title='bbox 2714 3702 2918 3774; x_wconf 74' lang='grc' dir='ltr'>γόητας</span> <span class='ocrx_word' id='word_1_595' title='bbox 2949 3718 3009 3754; x_wconf 85' lang='grc' dir='ltr'><strong>τε</strong></span> <span class='ocrx_word' id='word_1_596' title='bbox 3047 3702 3143 3755; x_wconf 79' lang='grc' dir='ltr'><strong>καὶ</strong></span> <span class='ocrx_word' id='word_1_597' title='bbox 3172 3697 3596 3770; x_wconf 75' lang='grc' dir='ltr'>ψευδομάντεις,</span> <span class='ocrx_word' id='word_1_598' title='bbox 3640 3705 3699 3757; x_wconf 74' lang='grc' dir='ltr'>οἳ</span> 
     </span>
    </p>
   </div>
   <div class='ocr_carea' id='block_1_82' title="bbox 2093 3790 3696 3868">
    <p class='ocr_par' dir='ltr' id='par_1_82' title="bbox 2093 3790 3696 3868">
     <span class='ocr_line' id='line_1_82' title="bbox 2093 3790 3696 3868; baseline -0.001 -17"><span class='ocrx_word' id='word_1_599' title='bbox 2093 3796 2188 3851; x_wconf 74' lang='grc' dir='ltr'><strong>καὶ</strong></span> <span class='ocrx_word' id='word_1_600' title='bbox 2225 3796 2570 3868; x_wconf 74' lang='grc' dir='ltr'>ὠνομάζοντο</span> <span class='ocrx_word' id='word_1_601' title='bbox 2604 3796 2781 3866; x_wconf 79' lang='grc' dir='ltr'>σοφοὶ,</span> <span class='ocrx_word' id='word_1_602' title='bbox 2818 3793 2955 3866; x_wconf 81' lang='grc' dir='ltr'>πρὸς</span> <span class='ocrx_word' id='word_1_603' title='bbox 2989 3796 3142 3847; x_wconf 82' lang='grc' dir='ltr'>ποῖον</span> <span class='ocrx_word' id='word_1_604' title='bbox 3167 3790 3315 3862; x_wconf 82' lang='grc' dir='ltr'>αὑτῷ</span> <span class='ocrx_word' id='word_1_605' title='bbox 3343 3795 3696 3865; x_wconf 86' lang='grc' dir='ltr'>καταντήσει</span> 
     </span>
    </p>
   </div>
   <div class='ocr_carea' id='block_1_83' title="bbox 2092 3880 3693 3958">
    <p class='ocr_par' dir='ltr' id='par_1_83' title="bbox 2092 3880 3693 3958">
     <span class='ocr_line' id='line_1_83' title="bbox 2092 3880 3693 3958; baseline -0.007 -18"><span class='ocrx_word' id='word_1_606' title='bbox 2092 3886 2246 3950; x_wconf 78' lang='grc' dir='ltr'>τέλος</span> <span class='ocrx_word' id='word_1_607' title='bbox 2270 3886 2338 3940; x_wconf 78' lang='grc' dir='ltr'>τὰ</span> <span class='ocrx_word' id='word_1_608' title='bbox 2364 3885 2812 3958; x_wconf 86' lang='grc' dir='ltr'>προσδοκώμενα.</span> <span class='ocrx_word' id='word_1_609' title='bbox 2841 3881 3058 3954; x_wconf 82' lang='grc' dir='ltr'>Ἐπειδὴ</span> <span class='ocrx_word' id='word_1_610' title='bbox 3094 3881 3152 3935; x_wconf 82' lang='grc' dir='ltr'>δὲ</span> <span class='ocrx_word' id='word_1_611' title='bbox 3194 3880 3391 3952; x_wconf 79' lang='grc' dir='ltr'>βουλῆς</span> <span class='ocrx_word' id='word_1_612' title='bbox 3421 3883 3693 3956; x_wconf 75' lang='grc' dir='ltr'>ἡμάρτα.</span> 
     </span>
    </p>
   </div>
   <div class='ocr_carea' id='block_1_84' title="bbox 2091 3970 3697 4048">
    <p class='ocr_par' dir='ltr' id='par_1_84' title="bbox 2091 3970 3697 4048">
     <span class='ocr_line' id='line_1_84' title="bbox 2091 3970 3697 4048; baseline -0.004 -15"><span class='ocrx_word' id='word_1_613' title='bbox 2091 3995 2203 4044; x_wconf 88' lang='grc' dir='ltr'>νον,</span> <span class='ocrx_word' id='word_1_614' title='bbox 2229 3979 2321 4032; x_wconf 80' lang='grc' dir='ltr'>καὶ</span> <span class='ocrx_word' id='word_1_615' title='bbox 2349 3976 2778 4048; x_wconf 78' lang='grc' dir='ltr'>ψευδοεποῦντες</span> <span class='ocrx_word' id='word_1_616' title='bbox 2806 3975 3119 4047; x_wconf 71' lang='grc' dir='ltr'>ἠλέγχοντο,</span> <span class='ocrx_word' id='word_1_617' title='bbox 3154 3974 3250 4026; x_wconf 75' lang='grc' dir='ltr'><strong>καὶ</strong></span> <span class='ocrx_word' id='word_1_618' title='bbox 3286 3970 3464 4036; x_wconf 82' lang='grc' dir='ltr'>οὐδεὶς</span> <span class='ocrx_word' id='word_1_619' title='bbox 3490 3970 3563 4046; x_wconf 77' lang='grc' dir='ltr'>ἦν</span> <span class='ocrx_word' id='word_1_620' title='bbox 3594 3979 3697 4030; x_wconf 78' lang='grc' dir='ltr'>αὐ-</span> 
     </span>
    </p>
   </div>
   <div class='ocr_carea' id='block_1_85' title="bbox 2091 4062 3694 4137">
    <p class='ocr_par' dir='ltr' id='par_1_85' title="bbox 2091 4062 3694 4137">
     <span class='ocr_line' id='line_1_85' title="bbox 2091 4062 3694 4137; baseline 0.002 -18"><span class='ocrx_word' id='word_1_621' title='bbox 2091 4068 2204 4130; x_wconf 85' lang='grc' dir='ltr'>τοῖς</span> <span class='ocrx_word' id='word_1_622' title='bbox 2230 4069 2259 4120; x_wconf 85' lang='grc' dir='ltr'><strong>ὁ</strong></span> <span class='ocrx_word' id='word_1_623' title='bbox 2290 4065 2485 4137; x_wconf 79' lang='grc' dir='ltr'>βουλῆς</span> <span class='ocrx_word' id='word_1_624' title='bbox 2517 4065 2843 4137; x_wconf 78' lang='grc' dir='ltr'>ὀνησιφόρον</span> <span class='ocrx_word' id='word_1_625' title='bbox 2875 4065 2974 4118; x_wconf 76' lang='grc' dir='ltr'>καὶ</span> <span class='ocrx_word' id='word_1_626' title='bbox 3010 4063 3347 4134; x_wconf 82' lang='grc' dir='ltr'>σκεμμάτων</span> <span class='ocrx_word' id='word_1_627' title='bbox 3380 4062 3694 4134; x_wconf 81' lang='grc' dir='ltr'>ὲπωφελῶν</span> 
     </span>
    </p>
   </div>
   <div class='ocr_carea' id='block_1_86' title="bbox 2092 4150 3695 4228">
    <p class='ocr_par' dir='ltr' id='par_1_86' title="bbox 2092 4150 3695 4228">
     <span class='ocr_line' id='line_1_86' title="bbox 2092 4150 3695 4228; baseline -0.006 -16"><span class='ocrx_word' id='word_1_628' title='bbox 2092 4156 2423 4228; x_wconf 78' lang='grc' dir='ltr'>εἰσκομίζων</span> <span class='ocrx_word' id='word_1_629' title='bbox 2449 4157 2593 4212; x_wconf 70' lang='grc' dir='ltr'><strong>ὁδόν⁹</strong></span> <span class='ocrx_word' id='word_1_630' title='bbox 2631 4154 3099 4228; x_wconf 81' lang='grc' dir='ltr'>κατελογίσθησαν</span> <span class='ocrx_word' id='word_1_631' title='bbox 3129 4153 3227 4225; x_wconf 81' lang='grc' dir='ltr'>μὲν</span> <span class='ocrx_word' id='word_1_632' title='bbox 3261 4153 3341 4217; x_wconf 88' lang='grc' dir='ltr'><strong>εἰς</strong></span> <span class='ocrx_word' id='word_1_633' title='bbox 3366 4150 3550 4225; x_wconf 74' lang='grc' dir='ltr'>οὐδὲν,</span> <span class='ocrx_word' id='word_1_634' title='bbox 3577 4158 3695 4213; x_wconf 72' lang='grc' dir='ltr'>ἐστε.</span> 
     </span>
    </p>
   </div>
   <div class='ocr_carea' id='block_1_87' title="bbox 2096 4244 3695 4321">
    <p class='ocr_par' dir='ltr' id='par_1_87' title="bbox 2096 4244 3695 4321">
     <span class='ocr_line' id='line_1_87' title="bbox 2096 4244 3695 4321; baseline 0.003 -21"><span class='ocrx_word' id='word_1_635' title='bbox 2096 4264 2179 4319; x_wconf 84' lang='grc' dir='ltr'><strong>ροι</strong></span> <span class='ocrx_word' id='word_1_636' title='bbox 2207 4248 2263 4302; x_wconf 79' lang='grc' dir='ltr'>δὲ</span> <span class='ocrx_word' id='word_1_637' title='bbox 2290 4247 2475 4302; x_wconf 75' lang='grc' dir='ltr'>λοιπὸν</span> <span class='ocrx_word' id='word_1_638' title='bbox 2510 4248 2802 4320; x_wconf 66' lang='grc' dir='ltr'>ἐζῃτοῦντο</span> <span class='ocrx_word' id='word_1_639' title='bbox 2838 4246 3024 4317; x_wconf 84' lang='grc' dir='ltr'>σοφοί·</span> <span class='ocrx_word' id='word_1_640' title='bbox 3059 4246 3154 4300; x_wconf 74' lang='grc' dir='ltr'>καὶ</span> <span class='ocrx_word' id='word_1_641' title='bbox 3179 4245 3245 4315; x_wconf 82' lang='grc' dir='ltr'>δὴ</span> <span class='ocrx_word' id='word_1_642' title='bbox 3273 4244 3368 4299; x_wconf 69' lang='grc' dir='ltr'><strong>καὶ</strong></span> <span class='ocrx_word' id='word_1_643' title='bbox 3402 4245 3695 4321; x_wconf 57' lang='lat' dir='ltr'><strong>retinuisti-</strong></span> 
     </span>
    </p>
   </div>
   <div class='ocr_carea' id='block_1_88' title="bbox 2092 4334 3692 4411">
    <p class='ocr_par' dir='ltr' id='par_1_88' title="bbox 2092 4334 3692 4411">
     <span class='ocr_line' id='line_1_88' title="bbox 2092 4334 3692 4411; baseline 0.001 -17"><span class='ocrx_word' id='word_1_644' title='bbox 2092 4340 2222 4394; x_wconf 86' lang='grc' dir='ltr'>κασί</span> <span class='ocrx_word' id='word_1_645' title='bbox 2244 4356 2389 4404; x_wconf 86' lang='grc' dir='ltr'>τινες</span> <span class='ocrx_word' id='word_1_646' title='bbox 2426 4340 2552 4404; x_wconf 81' lang='grc' dir='ltr'>τοὺς</span> <span class='ocrx_word' id='word_1_647' title='bbox 2581 4338 2849 4411; x_wconf 77' lang='grc' dir='ltr'>ἄρχοντας</span> <span class='ocrx_word' id='word_1_648' title='bbox 2880 4338 3175 4409; x_wconf 77' lang='grc' dir='ltr'>Μέμφεως,</span> <span class='ocrx_word' id='word_1_649' title='bbox 3208 4334 3355 4389; x_wconf 75' lang='grc' dir='ltr'>τοῦτ’</span> <span class='ocrx_word' id='word_1_650' title='bbox 3384 4336 3529 4407; x_wconf 77' lang='grc' dir='ltr'>ἔστι,</span> <span class='ocrx_word' id='word_1_651' title='bbox 3562 4342 3692 4405; x_wconf 81' lang='grc' dir='ltr'>τοὺς</span> 
     </span>
    </p>
   </div>
   <div class='ocr_carea' id='block_1_89' title="bbox 2096 4426 3684 4506">
    <p class='ocr_par' dir='ltr' id='par_1_89' title="bbox 2096 4426 3684 4506">
     <span class='ocr_line' id='line_1_89' title="bbox 2096 4426 3684 4506; baseline 0.001 -22"><span class='ocrx_word' id='word_1_652' title='bbox 2096 4432 2259 4506; x_wconf 81' lang='grc' dir='ltr'>ἱερεῖς</span> <span class='ocrx_word' id='word_1_653' title='bbox 2283 4449 2344 4485; x_wconf 82' lang='grc' dir='ltr'><strong>τε</strong></span> <span class='ocrx_word' id='word_1_654' title='bbox 2370 4431 2465 4486; x_wconf 78' lang='grc' dir='ltr'><strong>καί</strong></span> <span class='ocrx_word' id='word_1_655' title='bbox 2491 4431 2723 4502; x_wconf 83' lang='grc' dir='ltr'>μάγους,</span> <span class='ocrx_word' id='word_1_656' title='bbox 2741 4431 2869 4494; x_wconf 83' lang='grc' dir='ltr'>τοὺς</span> <span class='ocrx_word' id='word_1_657' title='bbox 2895 4428 3040 4484; x_wconf 86' lang='grc' dir='ltr'>κατά</span> <span class='ocrx_word' id='word_1_658' title='bbox 3060 4428 3123 4495; x_wconf 85' lang='grc' dir='ltr'><strong>γέ</strong></span> <span class='ocrx_word' id='word_1_659' title='bbox 3149 4445 3291 4499; x_wconf 85' lang='grc' dir='ltr'>φημι</span> <span class='ocrx_word' id='word_1_660' title='bbox 3311 4426 3412 4500; x_wconf 82' lang='grc' dir='ltr'><strong>τὴν</strong></span> <span class='ocrx_word' id='word_1_661' title='bbox 3436 4430 3684 4501; x_wconf 82' lang='grc' dir='ltr'>Μέμφιν.</span> 
     </span>
    </p>
   </div>
   <div class='ocr_carea' id='block_1_90' title="bbox 415 4514 1991 4605">
    <p class='ocr_par' dir='ltr' id='par_1_90' title="bbox 415 4522 1991 4592">
     <span class='ocr_line' id='line_1_90' title="bbox 415 4522 1991 4592; baseline 0.001 -17"><span class='ocrx_word' id='word_1_662' title='bbox 415 4522 582 4592; x_wconf 88' lang='lat' dir='ltr'><strong>poris,</strong></span> <span class='ocrx_word' id='word_1_663' title='bbox 612 4530 812 4577; x_wconf 90' lang='lat' dir='ltr'><strong>etcum</strong></span> <span class='ocrx_word' id='word_1_664' title='bbox 840 4522 906 4577; x_wconf 89' lang='lat' dir='ltr'><strong>ad</strong></span> <span class='ocrx_word' id='word_1_665' title='bbox 933 4522 1157 4590; x_wconf 69' lang='lat' dir='ltr'><strong>magicae</strong></span> <span class='ocrx_word' id='word_1_666' title='bbox 1204 4522 1411 4591; x_wconf 75' lang='lat' dir='ltr'><strong>peritia:</strong></span> <span class='ocrx_word' id='word_1_667' title='bbox 1481 4536 1747 4580; x_wconf 86' lang='lat' dir='ltr'><strong>summum</strong></span> <span class='ocrx_word' id='word_1_668' title='bbox 1796 4536 1991 4592; x_wconf 85' lang='lat' dir='ltr'><strong>perve-</strong></span> 
     </span>
    </p>
   </div>
   <div class='ocr_carea' id='block_1_91' title="bbox 2097 4514 3686 4605">
    <p class='ocr_par' dir='ltr' id='par_1_91' title="bbox 2106 4514 3686 4592">
     <span class='ocr_line' id='line_1_91' title="bbox 2106 4514 3686 4592; baseline 0.001 -19"><span class='ocrx_word' id='word_1_669' title='bbox 2106 4520 2420 4575; x_wconf 82' lang='grc' dir='ltr'>Ἀπόλεκτοι</span> <span class='ocrx_word' id='word_1_670' title='bbox 2439 4521 2549 4592; x_wconf 84' lang='grc' dir='ltr'><strong>γὰρ</strong></span> <span class='ocrx_word' id='word_1_671' title='bbox 2576 4519 2727 4574; x_wconf 82' lang='grc' dir='ltr'>ὥσπε</span> <span class='ocrx_word' id='word_1_672' title='bbox 2735 4539 2767 4591; x_wconf 88' lang='grc' dir='ltr'><strong>ρ</strong></span> <span class='ocrx_word' id='word_1_673' title='bbox 2790 4519 3011 4573; x_wconf 67' lang='grc' dir='ltr'>ἐδόκουν</span> <span class='ocrx_word' id='word_1_674' title='bbox 3037 4514 3179 4571; x_wconf 74' lang='grc' dir='ltr'>εἶναι</span> <span class='ocrx_word' id='word_1_675' title='bbox 3200 4519 3263 4572; x_wconf 83' lang='grc' dir='ltr'><strong>τὸ</strong></span> <span class='ocrx_word' id='word_1_676' title='bbox 3285 4520 3564 4591; x_wconf 77' lang='grc' dir='ltr'>τηνικάδε,</span> <span class='ocrx_word' id='word_1_677' title='bbox 3588 4522 3686 4574; x_wconf 76' lang='grc' dir='ltr'>καὶ</span> 
     </span>
    </p>
   </div>
   <div class='ocr_carea' id='block_1_92' title="bbox 302 4612 1993 4693">
    <p class='ocr_par' dir='ltr' id='par_1_92' title="bbox 302 4612 1993 4693">
     <span class='ocr_line' id='line_1_92' title="bbox 302 4612 1993 4693; baseline 0.001 -26"><span class='ocrx_word' id='word_1_678' title='bbox 302 4690 303 4693; x_wconf 14' lang='grc' dir='ltr'><strong>η</strong></span> <span class='ocrx_word' id='word_1_679' title='bbox 415 4615 622 4668; x_wconf 71' lang='lat' dir='ltr'><strong>nis-sent</strong></span> <span class='ocrx_word' id='word_1_680' title='bbox 662 4612 956 4687; x_wconf 78' lang='lat' dir='ltr'><strong>fastigium,</strong></span> <span class='ocrx_word' id='word_1_681' title='bbox 981 4613 1128 4668; x_wconf 89' lang='lat' dir='ltr'><strong>omni</strong></span> <span class='ocrx_word' id='word_1_682' title='bbox 1169 4613 1521 4669; x_wconf 86' lang='lat' dir='ltr'><strong>veneratione</strong></span> <span class='ocrx_word' id='word_1_683' title='bbox 1570 4614 1715 4684; x_wconf 84' lang='lat' dir='ltr'><strong>digni</strong></span> <span class='ocrx_word' id='word_1_684' title='bbox 1765 4613 1993 4675; x_wconf 90' lang='lat' dir='ltr'><strong>idolola-</strong></span> 
     </span>
    </p>
   </div>
   <div class='ocr_carea' id='block_1_93' title="bbox 417 4703 1997 4776">
    <p class='ocr_par' dir='ltr' id='par_1_93' title="bbox 417 4703 1997 4776">
     <span class='ocr_line' id='line_1_93' title="bbox 417 4703 1997 4776; baseline 0.003 -19"><span class='ocrx_word' id='word_1_685' title='bbox 417 4706 517 4760; x_wconf 85' lang='lat' dir='ltr'><strong>tris</strong></span> <span class='ocrx_word' id='word_1_686' title='bbox 547 4705 901 4762; x_wconf 81' lang='lat' dir='ltr'><strong>habebantur.</strong></span> <span class='ocrx_word' id='word_1_687' title='bbox 945 4703 1271 4762; x_wconf 81' lang='lat' dir='ltr'><strong>Deleccruut</strong></span> <span class='ocrx_word' id='word_1_688' title='bbox 1299 4705 1485 4776; x_wconf 87' lang='lat' dir='ltr'><strong>igitur,</strong></span> <span class='ocrx_word' id='word_1_689' title='bbox 1517 4706 1997 4775; x_wconf 78' lang='lat' dir='ltr'><strong>inquil,pt‘incipes</strong></span> 
     </span>
    </p>
   </div>
   <div class='ocr_carea' id='block_1_94' title="bbox 415 4796 1996 4868">
    <p class='ocr_par' dir='ltr' id='par_1_94' title="bbox 415 4796 1996 4868">
     <span class='ocr_line' id='line_1_94' title="bbox 415 4796 1996 4868; baseline -0.001 -14"><span class='ocrx_word' id='word_1_690' title='bbox 415 4797 647 4864; x_wconf 84' lang='lat' dir='ltr'><strong>Taneos,</strong></span> <span class='ocrx_word' id='word_1_691' title='bbox 681 4796 730 4851; x_wconf 88' lang='lat' dir='ltr'><strong>id</strong></span> <span class='ocrx_word' id='word_1_692' title='bbox 771 4806 874 4863; x_wconf 69' lang='lat' dir='ltr'><strong>est,</strong></span> <span class='ocrx_word' id='word_1_693' title='bbox 910 4812 1006 4868; x_wconf 88' lang='lat' dir='ltr'><strong>pro</strong></span> <span class='ocrx_word' id='word_1_694' title='bbox 1030 4798 1200 4853; x_wconf 89' lang='lat' dir='ltr'><strong>nihilo</strong></span> <span class='ocrx_word' id='word_1_695' title='bbox 1224 4798 1390 4852; x_wconf 87' lang='lat' dir='ltr'><strong>habiti</strong></span> <span class='ocrx_word' id='word_1_696' title='bbox 1421 4807 1568 4864; x_wconf 83' lang='lat' dir='ltr'><strong>sum,</strong></span> <span class='ocrx_word' id='word_1_697' title='bbox 1601 4806 1659 4853; x_wconf 89' lang='lat' dir='ltr'><strong>et</strong></span> <span class='ocrx_word' id='word_1_698' title='bbox 1686 4799 1884 4854; x_wconf 83' lang='lat' dir='ltr'><strong>summi</strong></span> <span class='ocrx_word' id='word_1_699' title='bbox 1930 4813 1996 4853; x_wconf 89' lang='lat' dir='ltr'><strong>ac</strong></span> 
     </span>
    </p>
   </div>
   <div class='ocr_carea' id='block_1_95' title="bbox 416 4871 1994 4957">
    <p class='ocr_par' dir='ltr' id='par_1_95' title="bbox 416 4871 1994 4957">
     <span class='ocr_line' id='line_1_95' title="bbox 416 4871 1994 4957; baseline 0.001 -17"><span class='ocrx_word' id='word_1_700' title='bbox 416 4882 762 4940; x_wconf 85' lang='lat' dir='ltr'><strong>admirabiles</strong></span> <span class='ocrx_word' id='word_1_701' title='bbox 787 4871 907 4956; x_wconf 82' lang='lat' dir='ltr'><strong>regi</strong></span> <span class='ocrx_word' id='word_1_702' title='bbox 926 4900 991 4943; x_wconf 91' lang='lat' dir='ltr'><strong>ac</strong></span> <span class='ocrx_word' id='word_1_703' title='bbox 1019 4887 1273 4944; x_wconf 88' lang='lat' dir='ltr'><strong>omnibus</strong></span> <span class='ocrx_word' id='word_1_704' title='bbox 1298 4889 1388 4957; x_wconf 91' lang='lat' dir='ltr'><strong>qui</strong></span> <span class='ocrx_word' id='word_1_705' title='bbox 1417 4887 1623 4942; x_wconf 90' lang='lat' dir='ltr'><strong>circum</strong></span> <span class='ocrx_word' id='word_1_706' title='bbox 1655 4888 1994 4957; x_wconf 83' lang='lat' dir='ltr'><strong>illumerant</strong></span> 
     </span>
    </p>
   </div>
   <div class='ocr_carea' id='block_1_96' title="bbox 416 4977 1989 5050">
    <p class='ocr_par' dir='ltr' id='par_1_96' title="bbox 416 4977 1989 5050">
     <span class='ocr_line' id='line_1_96' title="bbox 416 4977 1989 5050; baseline 0.003 -19"><span class='ocrx_word' id='word_1_707' title='bbox 416 4992 536 5032; x_wconf 91' lang='lat' dir='ltr'><strong>esse</strong></span> <span class='ocrx_word' id='word_1_708' title='bbox 568 4977 674 5032; x_wconf 92' lang='lat' dir='ltr'><strong>visi</strong></span> <span class='ocrx_word' id='word_1_709' title='bbox 706 4987 836 5032; x_wconf 91' lang='lat' dir='ltr'><strong>sunt</strong></span> <span class='ocrx_word' id='word_1_710' title='bbox 889 4977 1308 5050; x_wconf 78' lang='lat' dir='ltr'><strong>Memphitarum</strong></span> <span class='ocrx_word' id='word_1_711' title='bbox 1338 4980 1595 5050; x_wconf 69' lang='lat' dir='ltr'><strong>praesides</strong></span> <span class='ocrx_word' id='word_1_712' title='bbox 1622 4989 1679 5034; x_wconf 92' lang='lat' dir='ltr'><strong>et</strong></span> <span class='ocrx_word' id='word_1_713' title='bbox 1701 4980 1989 5036; x_wconf 88' lang='lat' dir='ltr'><strong>antistites.</strong></span> 
     </span>
    </p>
   </div>
   <div class='ocr_carea' id='block_1_97' title="bbox 415 5065 1990 5147">
    <p class='ocr_par' dir='ltr' id='par_1_97' title="bbox 415 5065 1990 5147">
     <span class='ocr_line' id='line_1_97' title="bbox 415 5065 1990 5147; baseline 0.002 -26"><span class='ocrx_word' id='word_1_714' title='bbox 415 5065 619 5122; x_wconf 78' lang='lat' dir='ltr'><strong>Verum</strong></span> <span class='ocrx_word' id='word_1_715' title='bbox 686 5069 1020 5123; x_wconf 77' lang='lat' dir='ltr'><strong>seduxerunt</strong></span> <span class='ocrx_word' id='word_1_716' title='bbox 1076 5078 1132 5125; x_wconf 91' lang='lat' dir='ltr'><strong>et</strong></span> <span class='ocrx_word' id='word_1_717' title='bbox 1196 5069 1273 5147; x_wconf 88' lang='lat' dir='ltr'><strong>illi</strong></span> <span class='ocrx_word' id='word_1_718' title='bbox 1329 5068 1627 5142; x_wconf 65' lang='lat' dir='ltr'><strong>Aﬂgyptum</strong></span> <span class='ocrx_word' id='word_1_719' title='bbox 1693 5072 1990 5127; x_wconf 85' lang='lat' dir='ltr'><strong>secundum</strong></span> 
     </span>
    </p>
   </div>
   <div class='ocr_carea' id='block_1_98' title="bbox 412 5150 2011 5238">
    <p class='ocr_par' dir='ltr' id='par_1_98' title="bbox 412 5150 2011 5238">
     <span class='ocr_line' id='line_1_98' title="bbox 412 5150 2011 5238; baseline -0.001 -21"><span class='ocrx_word' id='word_1_720' title='bbox 412 5161 612 5227; x_wconf 80' lang='lat' dir='ltr'><strong>tribus,</strong></span> <span class='ocrx_word' id='word_1_721' title='bbox 647 5161 824 5227; x_wconf 87' lang='lat' dir='ltr'><strong>idest,</strong></span> <span class='ocrx_word' id='word_1_722' title='bbox 855 5150 1150 5232; x_wconf 87' lang='lat' dir='ltr'><strong>oppidatim</strong></span> <span class='ocrx_word' id='word_1_723' title='bbox 1206 5172 1263 5217; x_wconf 91' lang='lat' dir='ltr'><strong>et</strong></span> <span class='ocrx_word' id='word_1_724' title='bbox 1331 5163 1572 5231; x_wconf 83' lang='lat' dir='ltr'><strong>vicatim,</strong></span> <span class='ocrx_word' id='word_1_725' title='bbox 1618 5176 1728 5216; x_wconf 91' lang='lat' dir='ltr'><strong>non</strong></span> <span class='ocrx_word' id='word_1_726' title='bbox 1787 5162 2011 5238; x_wconf 77' lang='lat' dir='ltr'><strong>viritim</strong></span> 
     </span>
    </p>
   </div>
   <div class='ocr_carea' id='block_1_99' title="bbox 415 5252 1993 5322">
    <p class='ocr_par' dir='ltr' id='par_1_99' title="bbox 415 5252 1993 5322">
     <span class='ocr_line' id='line_1_99' title="bbox 415 5252 1993 5322; baseline 0.003 -15"><span class='ocrx_word' id='word_1_727' title='bbox 415 5252 612 5316; x_wconf 86' lang='lat' dir='ltr'><strong>solum,</strong></span> <span class='ocrx_word' id='word_1_728' title='bbox 640 5252 731 5307; x_wconf 86' lang='lat' dir='ltr'><strong>sed</strong></span> <span class='ocrx_word' id='word_1_729' title='bbox 754 5253 915 5322; x_wconf 69' lang='lat' dir='ltr'><strong>etiam</strong></span> <span class='ocrx_word' id='word_1_730' title='bbox 973 5255 1310 5309; x_wconf 85' lang='lat' dir='ltr'><strong>catervatim.</strong></span> <span class='ocrx_word' id='word_1_731' title='bbox 1364 5254 1644 5309; x_wconf 82' lang='lat' dir='ltr'><strong>llabebant</strong></span> <span class='ocrx_word' id='word_1_732' title='bbox 1696 5255 1842 5309; x_wconf 89' lang='lat' dir='ltr'><strong>enim</strong></span> <span class='ocrx_word' id='word_1_733' title='bbox 1887 5254 1993 5311; x_wconf 91' lang='lat' dir='ltr'><strong>illis</strong></span> 
     </span>
    </p>
   </div>
   <div class='ocr_carea' id='block_1_100' title="bbox 416 5343 1990 5419">
    <p class='ocr_par' dir='ltr' id='par_1_100' title="bbox 416 5343 1990 5419">
     <span class='ocr_line' id='line_1_100' title="bbox 416 5343 1990 5419; baseline 0.001 -20"><span class='ocrx_word' id='word_1_734' title='bbox 416 5343 607 5408; x_wconf 84' lang='lat' dir='ltr'><strong>ﬁdem,</strong></span> <span class='ocrx_word' id='word_1_735' title='bbox 629 5345 841 5400; x_wconf 90' lang='lat' dir='ltr'><strong>etiamsi</strong></span> <span class='ocrx_word' id='word_1_736' title='bbox 870 5347 1011 5419; x_wconf 88' lang='lat' dir='ltr'><strong>quod</strong></span> <span class='ocrx_word' id='word_1_737' title='bbox 1039 5362 1069 5401; x_wconf 91' lang='lat' dir='ltr'><strong>e</strong></span> <span class='ocrx_word' id='word_1_738' title='bbox 1122 5361 1179 5401; x_wconf 89' lang='lat' dir='ltr'><strong>re</strong></span> <span class='ocrx_word' id='word_1_739' title='bbox 1207 5354 1352 5403; x_wconf 87' lang='lat' dir='ltr'><strong>esset</strong></span> <span class='ocrx_word' id='word_1_740' title='bbox 1381 5346 1512 5402; x_wconf 88' lang='lat' dir='ltr'><strong>nihil</strong></span> <span class='ocrx_word' id='word_1_741' title='bbox 1546 5348 1829 5403; x_wconf 81' lang='lat' dir='ltr'><strong>dicerent:</strong></span> <span class='ocrx_word' id='word_1_742' title='bbox 1867 5362 1990 5401; x_wconf 89' lang='lat' dir='ltr'><strong>nam</strong></span> 
     </span>
    </p>
   </div>
   <div class='ocr_carea' id='block_1_101' title="bbox 414 5434 1990 5509">
    <p class='ocr_par' dir='ltr' id='par_1_101' title="bbox 414 5434 1990 5509">
     <span class='ocr_line' id='line_1_101' title="bbox 414 5434 1990 5509; baseline 0.001 -19"><span class='ocrx_word' id='word_1_743' title='bbox 414 5434 687 5506; x_wconf 90' lang='lat' dir='ltr'><strong>quomodo</strong></span> <span class='ocrx_word' id='word_1_744' title='bbox 711 5437 897 5498; x_wconf 78' lang='lat' dir='ltr'><strong>confisi</strong></span> <span class='ocrx_word' id='word_1_745' title='bbox 937 5447 1062 5494; x_wconf 83' lang='lat' dir='ltr'><strong>sunt</strong></span> <span class='ocrx_word' id='word_1_746' title='bbox 1086 5438 1109 5495; x_wconf 69' lang='grc' dir='ltr'><em>Υ</em></span> <span class='ocrx_word' id='word_1_747' title='bbox 1133 5437 1395 5495; x_wconf 82' lang='lat' dir='ltr'><strong>Dominus</strong></span> <span class='ocrx_word' id='word_1_748' title='bbox 1426 5439 1593 5504; x_wconf 89' lang='lat' dir='ltr'><strong>enim,</strong></span> <span class='ocrx_word' id='word_1_749' title='bbox 1630 5439 1830 5509; x_wconf 85' lang='lat' dir='ltr'><strong>inquit,</strong></span> <span class='ocrx_word' id='word_1_750' title='bbox 1857 5453 1990 5493; x_wconf 83' lang='lat' dir='ltr'><strong>con-</strong></span> 
     </span>
    </p>
   </div>
   <div class='ocr_carea' id='block_1_102' title="bbox 417 5527 1995 5599">
    <p class='ocr_par' dir='ltr' id='par_1_102' title="bbox 417 5527 1995 5599">
     <span class='ocr_line' id='line_1_102' title="bbox 417 5527 1995 5599; baseline 0.001 -17"><span class='ocrx_word' id='word_1_751' title='bbox 417 5527 553 5583; x_wconf 77' lang='lat' dir='ltr'><strong>fudit</strong></span> <span class='ocrx_word' id='word_1_752' title='bbox 594 5543 688 5584; x_wconf 86' lang='lat' dir='ltr'><strong>eos</strong></span> <span class='ocrx_word' id='word_1_753' title='bbox 712 5528 906 5599; x_wconf 77' lang='lat' dir='ltr'><strong>Spiritu</strong></span> <span class='ocrx_word' id='word_1_754' title='bbox 938 5530 1163 5594; x_wconf 87' lang='lat' dir='ltr'><strong>erroris,</strong></span> <span class='ocrx_word' id='word_1_755' title='bbox 1209 5529 1264 5586; x_wconf 89' lang='lat' dir='ltr'><strong>id</strong></span> <span class='ocrx_word' id='word_1_756' title='bbox 1304 5538 1410 5594; x_wconf 87' lang='lat' dir='ltr'><strong>est,</strong></span> <span class='ocrx_word' id='word_1_757' title='bbox 1472 5545 1689 5586; x_wconf 89' lang='lat' dir='ltr'><strong>omnem</strong></span> <span class='ocrx_word' id='word_1_758' title='bbox 1747 5531 1995 5585; x_wconf 87' lang='lat' dir='ltr'><strong>veritatis</strong></span> 
     </span>
    </p>
   </div>
   <div class='ocr_carea' id='block_1_103' title="bbox 416 5617 1990 5689">
    <p class='ocr_par' dir='ltr' id='par_1_103' title="bbox 416 5617 1990 5689">
     <span class='ocr_line' id='line_1_103' title="bbox 416 5617 1990 5689; baseline 0.004 -18"><span class='ocrx_word' id='word_1_759' title='bbox 416 5631 720 5677; x_wconf 83' lang='lat' dir='ltr'><strong>sermonem</strong></span> <span class='ocrx_word' id='word_1_760' title='bbox 761 5617 830 5673; x_wconf 86' lang='lat' dir='ltr'><strong>ab</strong></span> <span class='ocrx_word' id='word_1_761' title='bbox 865 5633 1053 5675; x_wconf 88' lang='lat' dir='ltr'><strong>eorum</strong></span> <span class='ocrx_word' id='word_1_762' title='bbox 1082 5617 1261 5689; x_wconf 81' lang='lat' dir='ltr'><strong>lingua</strong></span> <span class='ocrx_word' id='word_1_763' title='bbox 1320 5620 1583 5689; x_wconf 81' lang='lat' dir='ltr'><strong>excussit,</strong></span> <span class='ocrx_word' id='word_1_764' title='bbox 1622 5628 1679 5673; x_wconf 92' lang='lat' dir='ltr'><strong>ut</strong></span> <span class='ocrx_word' id='word_1_765' title='bbox 1710 5619 1846 5676; x_wconf 82' lang='lat' dir='ltr'><strong>nihil</strong></span> <span class='ocrx_word' id='word_1_766' title='bbox 1872 5618 1990 5677; x_wconf 86' lang='lat' dir='ltr'><strong>veri</strong></span> 
     </span>
    </p>
   </div>
   <div class='ocr_carea' id='block_1_104' title="bbox 488 5787 1930 5866">
    <p class='ocr_par' dir='ltr' id='par_1_104' title="bbox 488 5787 1930 5866">
     <span class='ocr_line' id='line_1_104' title="bbox 488 5787 1930 5866; baseline 0.003 -19"><span class='ocrx_word' id='word_1_767' title='bbox 488 5787 538 5827; x_wconf 78' lang='grc'><strong>⁸⁸³</strong></span> <span class='ocrx_word' id='word_1_768' title='bbox 565 5791 717 5849; x_wconf 82' lang='lat' dir='ltr'><strong>Deut.</strong></span> <span class='ocrx_word' id='word_1_769' title='bbox 744 5809 898 5866; x_wconf 77' lang='lat' dir='ltr'><strong>svnt,</strong></span> <span class='ocrx_word' id='word_1_770' title='bbox 929 5796 1119 5857; x_wconf 75' lang='lat' dir='ltr'><strong>l0-l2.</strong></span> <span class='ocrx_word' id='word_1_771' title='bbox 1194 5796 1241 5831; x_wconf 83' lang='lat'>”</span> <span class='ocrx_word' id='word_1_772' title='bbox 1273 5796 1400 5851; x_wconf 82' lang='lat' dir='ltr'><strong>ibid.</strong></span> <span class='ocrx_word' id='word_1_773' title='bbox 1436 5796 1517 5851; x_wconf 75' lang='lat' dir='ltr'><strong>l5.</strong></span> <span class='ocrx_word' id='word_1_774' title='bbox 1596 5795 1641 5828; x_wconf 81' lang='lat'><strong>”</strong></span> <span class='ocrx_word' id='word_1_775' title='bbox 1674 5794 1808 5852; x_wconf 90' lang='lat' dir='ltr'><strong>ibid.</strong></span> <span class='ocrx_word' id='word_1_776' title='bbox 1846 5796 1930 5851; x_wconf 82' lang='lat' dir='ltr'><strong>l5.</strong></span> 
     </span>
    </p>
   </div>
   <div class='ocr_carea' id='block_1_105' title="bbox 2101 4611 3685 4685">
    <p class='ocr_par' dir='ltr' id='par_1_105' title="bbox 2101 4611 3685 4685">
     <span class='ocr_line' id='line_1_105' title="bbox 2101 4611 3685 4685; baseline -0.001 -18"><span class='ocrx_word' id='word_1_777' title='bbox 2101 4613 2345 4685; x_wconf 82' lang='grc' dir='ltr'>μαγικῆς</span> <span class='ocrx_word' id='word_1_778' title='bbox 2372 4611 2666 4684; x_wconf 78' lang='grc' dir='ltr'>ἐμπειρίας</span> <span class='ocrx_word' id='word_1_779' title='bbox 2691 4612 2771 4676; x_wconf 78' lang='grc' dir='ltr'><strong>είς</strong></span> <span class='ocrx_word' id='word_1_780' title='bbox 2801 4612 2970 4683; x_wconf 77' lang='grc' dir='ltr'>ἄκρον</span> <span class='ocrx_word' id='word_1_781' title='bbox 2999 4611 3324 4682; x_wconf 66' lang='grc' dir='ltr'>δληλακότες</span> <span class='ocrx_word' id='word_1_782' title='bbox 3351 4611 3449 4665; x_wconf 85' lang='grc' dir='ltr'>τοῦ</span> <span class='ocrx_word' id='word_1_783' title='bbox 3480 4614 3685 4676; x_wconf 83' lang='grc' dir='ltr'>παντὸς</span> 
     </span>
    </p>
   </div>
   <div class='ocr_carea' id='block_1_106' title="bbox 2098 4702 3685 4775">
    <p class='ocr_par' dir='ltr' id='par_1_106' title="bbox 2098 4702 3685 4775">
     <span class='ocr_line' id='line_1_106' title="bbox 2098 4702 3685 4775; baseline 0 -16"><span class='ocrx_word' id='word_1_784' title='bbox 2098 4703 2238 4770; x_wconf 77' lang='grc' dir='ltr'>ἄξιοι</span> <span class='ocrx_word' id='word_1_785' title='bbox 2268 4702 2427 4772; x_wconf 86' lang='grc' dir='ltr'>λόγου</span> <span class='ocrx_word' id='word_1_786' title='bbox 2463 4707 2578 4767; x_wconf 80' lang='grc' dir='ltr'>τοῖς</span> <span class='ocrx_word' id='word_1_787' title='bbox 2605 4703 3022 4775; x_wconf 85' lang='grc' dir='ltr'>εἰδωλολάτραις</span> <span class='ocrx_word' id='word_1_788' title='bbox 3052 4704 3357 4773; x_wconf 72' lang='grc' dir='ltr'>ἐφαίνοντο.</span> <span class='ocrx_word' id='word_1_789' title='bbox 3402 4704 3685 4770; x_wconf 82' lang='grc' dir='ltr'>Ἑξέλιπον</span> 
     </span>
    </p>
   </div>
   <div class='ocr_carea' id='block_1_107' title="bbox 2097 4791 3683 4864">
    <p class='ocr_par' dir='ltr' id='par_1_107' title="bbox 2097 4791 3683 4864">
     <span class='ocr_line' id='line_1_107' title="bbox 2097 4791 3683 4864; baseline 0.003 -18"><span class='ocrx_word' id='word_1_790' title='bbox 2097 4791 2312 4858; x_wconf 85' lang='grc' dir='ltr'>τοίνυν,</span> <span class='ocrx_word' id='word_1_791' title='bbox 2361 4791 2556 4861; x_wconf 70' lang='grc' dir='ltr'>φησὶν,</span> <span class='ocrx_word' id='word_1_792' title='bbox 2593 4794 2645 4845; x_wconf 83' lang='grc' dir='ltr'><strong>οἰ</strong></span> <span class='ocrx_word' id='word_1_793' title='bbox 2699 4794 2958 4863; x_wconf 82' lang='grc' dir='ltr'>ἄρχοντες</span> <span class='ocrx_word' id='word_1_794' title='bbox 3001 4793 3313 4864; x_wconf 84' lang='grc' dir='ltr'>Μέμφεως,</span> <span class='ocrx_word' id='word_1_795' title='bbox 3343 4795 3490 4850; x_wconf 76' lang='grc' dir='ltr'>τοῦτ’</span> <span class='ocrx_word' id='word_1_796' title='bbox 3545 4797 3683 4863; x_wconf 63' lang='grc' dir='ltr'>ἔστι,</span> 
     </span>
    </p>
   </div>
   <div class='ocr_carea' id='block_1_108' title="bbox 2098 4880 3685 4954">
    <p class='ocr_par' dir='ltr' id='par_1_108' title="bbox 2098 4880 3685 4954">
     <span class='ocr_line' id='line_1_108' title="bbox 2098 4880 3685 4954; baseline 0.004 -17"><span class='ocrx_word' id='word_1_797' title='bbox 2098 4882 2562 4954; x_wconf 70' lang='grc' dir='ltr'>κατελογίσθησαν</span> <span class='ocrx_word' id='word_1_798' title='bbox 2592 4885 2673 4947; x_wconf 87' lang='grc' dir='ltr'><strong>εἰς</strong></span> <span class='ocrx_word' id='word_1_799' title='bbox 2700 4883 2871 4949; x_wconf 79' lang='grc' dir='ltr'>οὐδὲν,</span> <span class='ocrx_word' id='word_1_800' title='bbox 2903 4883 3171 4954; x_wconf 73' lang='grc' dir='ltr'>ὑψηλοίτε</span> <span class='ocrx_word' id='word_1_801' title='bbox 3199 4880 3339 4938; x_wconf 80' lang='grc' dir='ltr'>εἶναι</span> <span class='ocrx_word' id='word_1_802' title='bbox 3362 4888 3459 4941; x_wconf 77' lang='grc' dir='ltr'>καὶ</span> <span class='ocrx_word' id='word_1_803' title='bbox 3485 4887 3685 4943; x_wconf 84' lang='grc' dir='ltr'>τεθαυ-</span> 
     </span>
    </p>
   </div>
   <div class='ocr_carea' id='block_1_109' title="bbox 2103 4973 3685 5053">
    <p class='ocr_par' dir='ltr' id='par_1_109' title="bbox 2103 4973 3685 5053">
     <span class='ocr_line' id='line_1_109' title="bbox 2103 4973 3685 5053; baseline 0.006 -27"><span class='ocrx_word' id='word_1_804' title='bbox 2103 4973 2373 5045; x_wconf 80' lang='grc' dir='ltr'>μασμένοι</span> <span class='ocrx_word' id='word_1_805' title='bbox 2424 4974 2579 5046; x_wconf 71' lang='grc' dir='ltr'>παρὰ</span> <span class='ocrx_word' id='word_1_806' title='bbox 2602 4991 2661 5028; x_wconf 90' lang='grc' dir='ltr'><strong>τε</strong></span> <span class='ocrx_word' id='word_1_807' title='bbox 2692 4974 2773 5044; x_wconf 83' lang='grc' dir='ltr'>τῷ</span> <span class='ocrx_word' id='word_1_808' title='bbox 2810 4974 3021 5045; x_wconf 82' lang='grc' dir='ltr'>βασιλεῖ</span> <span class='ocrx_word' id='word_1_809' title='bbox 3069 4975 3164 5029; x_wconf 76' lang='grc' dir='ltr'><strong>καὶ⁵</strong></span> <span class='ocrx_word' id='word_1_810' title='bbox 3196 4974 3369 5029; x_wconf 68' lang='grc' dir='ltr'>ἅπασι</span> <span class='ocrx_word' id='word_1_811' title='bbox 3394 4983 3511 5044; x_wconf 83' lang='grc' dir='ltr'>τοῖς</span> <span class='ocrx_word' id='word_1_812' title='bbox 3545 4983 3685 5053; x_wconf 79' lang='grc' dir='ltr'>ἀμφ’</span> 
     </span>
    </p>
   </div>
   <div class='ocr_carea' id='block_1_110' title="bbox 2099 5061 3680 5145">
    <p class='ocr_par' dir='ltr' id='par_1_110' title="bbox 2099 5061 3680 5145">
     <span class='ocr_line' id='line_1_110' title="bbox 2099 5061 3680 5145; baseline 0.02 -28"><span class='ocrx_word' id='word_1_813' title='bbox 2099 5063 2262 5120; x_wconf 78' lang='grc' dir='ltr'>αὑτὸν</span> <span class='ocrx_word' id='word_1_814' title='bbox 2313 5065 2501 5133; x_wconf 77' lang='grc' dir='ltr'>ἔδοξαν</span> <span class='ocrx_word' id='word_1_815' title='bbox 2534 5061 2674 5121; x_wconf 79' lang='grc' dir='ltr'>εἶναι</span> <span class='ocrx_word' id='word_1_816' title='bbox 2712 5067 2812 5137; x_wconf 87' lang='grc' dir='ltr'><strong>τῆς</strong></span> <span class='ocrx_word' id='word_1_817' title='bbox 2849 5068 3127 5138; x_wconf 72' lang='grc' dir='ltr'>Μέμφεως</span> <span class='ocrx_word' id='word_1_818' title='bbox 3166 5069 3217 5120; x_wconf 60' lang='grc' dir='ltr'>οἱ</span> <span class='ocrx_word' id='word_1_819' title='bbox 3255 5075 3680 5145; x_wconf 72' lang='grc' dir='ltr'><strong>προεστηκότες·</strong></span> 
     </span>
    </p>
   </div>
   <div class='ocr_carea' id='block_1_111' title="bbox 2098 5157 3683 5231">
    <p class='ocr_par' dir='ltr' id='par_1_111' title="bbox 2098 5157 3683 5231">
     <span class='ocr_line' id='line_1_111' title="bbox 2098 5157 3683 5231; baseline 0.002 -16"><span class='ocrx_word' id='word_1_820' title='bbox 2098 5158 2245 5230; x_wconf 79' lang='grc' dir='ltr'>Πλὴν</span> <span class='ocrx_word' id='word_1_821' title='bbox 2295 5158 2681 5229; x_wconf 85' lang='grc' dir='ltr'>πεπλανήκασι</span> <span class='ocrx_word' id='word_1_822' title='bbox 2718 5158 2815 5213; x_wconf 75' lang='grc' dir='ltr'>καὶ</span> <span class='ocrx_word' id='word_1_823' title='bbox 2867 5160 3027 5212; x_wconf 69' lang='grc' dir='ltr'>αὐτοὶ</span> <span class='ocrx_word' id='word_1_824' title='bbox 3081 5157 3179 5231; x_wconf 85' lang='grc' dir='ltr'>τὴν</span> <span class='ocrx_word' id='word_1_825' title='bbox 3225 5160 3504 5229; x_wconf 77' lang='grc' dir='ltr'>Αἴγυπτον</span> <span class='ocrx_word' id='word_1_826' title='bbox 3542 5166 3683 5219; x_wconf 76' lang='grc' dir='ltr'>κατὰ</span> 
     </span>
    </p>
   </div>
   <div class='ocr_carea' id='block_1_112' title="bbox 2093 5250 3678 5324">
    <p class='ocr_par' dir='ltr' id='par_1_112' title="bbox 2093 5250 3678 5324">
     <span class='ocr_line' id='line_1_112' title="bbox 2093 5250 3678 5324; baseline 0.003 -21"><span class='ocrx_word' id='word_1_827' title='bbox 2093 5250 2286 5321; x_wconf 79' lang='grc' dir='ltr'>φυλὰς,</span> <span class='ocrx_word' id='word_1_828' title='bbox 2324 5251 2470 5307; x_wconf 72' lang='grc' dir='ltr'>τοῦτ’</span> <span class='ocrx_word' id='word_1_829' title='bbox 2505 5250 2642 5316; x_wconf 77' lang='grc' dir='ltr'>ἔστι,</span> <span class='ocrx_word' id='word_1_830' title='bbox 2690 5250 2838 5306; x_wconf 81' lang='grc' dir='ltr'>κατὰ</span> <span class='ocrx_word' id='word_1_831' title='bbox 2868 5250 3052 5314; x_wconf 80' lang='grc' dir='ltr'>πόλεις</span> <span class='ocrx_word' id='word_1_832' title='bbox 3090 5251 3186 5304; x_wconf 77' lang='grc' dir='ltr'>καὶ</span> <span class='ocrx_word' id='word_1_833' title='bbox 3224 5252 3453 5324; x_wconf 82' lang='grc' dir='ltr'>κώμας⁶</span> <span class='ocrx_word' id='word_1_834' title='bbox 3493 5257 3588 5310; x_wconf 72' lang='grc' dir='ltr'><strong>καὶ</strong></span> <span class='ocrx_word' id='word_1_835' title='bbox 3617 5256 3678 5309; x_wconf 79' lang='grc' dir='ltr'><strong>οὐ</strong></span> 
     </span>
    </p>
   </div>
   <div class='ocr_carea' id='block_1_113' title="bbox 2093 5342 3678 5416">
    <p class='ocr_par' dir='ltr' id='par_1_113' title="bbox 2093 5342 3678 5416">
     <span class='ocr_line' id='line_1_113' title="bbox 2093 5342 3678 5416; baseline 0.004 -19"><span class='ocrx_word' id='word_1_836' title='bbox 2093 5344 2215 5397; x_wconf 86' lang='grc' dir='ltr'>καθ’</span> <span class='ocrx_word' id='word_1_837' title='bbox 2237 5343 2333 5396; x_wconf 77' lang='grc' dir='ltr'><strong>ἕνα</strong></span> <span class='ocrx_word' id='word_1_838' title='bbox 2365 5343 2545 5413; x_wconf 79' lang='grc' dir='ltr'>μόνον,</span> <span class='ocrx_word' id='word_1_839' title='bbox 2585 5342 2722 5398; x_wconf 79' lang='grc' dir='ltr'>ἀλλὰ</span> <span class='ocrx_word' id='word_1_840' title='bbox 2757 5342 2869 5414; x_wconf 84' lang='grc' dir='ltr'>γὰρ</span> <span class='ocrx_word' id='word_1_841' title='bbox 2904 5345 3000 5399; x_wconf 77' lang='grc' dir='ltr'>καὶ</span> <span class='ocrx_word' id='word_1_842' title='bbox 3037 5345 3178 5397; x_wconf 84' lang='grc' dir='ltr'>κατὰ</span> <span class='ocrx_word' id='word_1_843' title='bbox 3211 5346 3442 5416; x_wconf 77' lang='grc' dir='ltr'>πληθύν.</span> <span class='ocrx_word' id='word_1_844' title='bbox 3474 5348 3678 5416; x_wconf 69' lang='grc' dir='ltr'>Τεταρ-</span> 
     </span>
    </p>
   </div>
   <div class='ocr_carea' id='block_1_114' title="bbox 2095 5435 3670 5509">
    <p class='ocr_par' dir='ltr' id='par_1_114' title="bbox 2095 5435 3670 5509">
     <span class='ocr_line' id='line_1_114' title="bbox 2095 5435 3670 5509; baseline -0.001 -18"><span class='ocrx_word' id='word_1_845' title='bbox 2095 5439 2296 5509; x_wconf 79' lang='grc' dir='ltr'>σήκασι</span> <span class='ocrx_word' id='word_1_846' title='bbox 2348 5436 2458 5508; x_wconf 73' lang='grc' dir='ltr'>γὰρ</span> <span class='ocrx_word' id='word_1_847' title='bbox 2505 5438 2724 5500; x_wconf 80' lang='grc' dir='ltr'>αὐτοῖς,</span> <span class='ocrx_word' id='word_1_848' title='bbox 2769 5436 2948 5490; x_wconf 81' lang='grc' dir='ltr'>καίτοι</span> <span class='ocrx_word' id='word_1_849' title='bbox 3005 5435 3116 5490; x_wconf 81' lang='grc' dir='ltr'>τῶν</span> <span class='ocrx_word' id='word_1_850' title='bbox 3164 5437 3477 5507; x_wconf 83' lang='grc' dir='ltr'>ἀναγκαίων</span> <span class='ocrx_word' id='word_1_851' title='bbox 3525 5438 3670 5492; x_wconf 77' lang='grc' dir='ltr'>οὐδὲν</span> 
     </span>
    </p>
   </div>
   <div class='ocr_carea' id='block_1_115' title="bbox 2093 5524 3677 5600">
    <p class='ocr_par' dir='ltr' id='par_1_115' title="bbox 2093 5524 3677 5600">
     <span class='ocr_line' id='line_1_115' title="bbox 2093 5524 3677 5600; baseline -0.003 -18"><span class='ocrx_word' id='word_1_852' title='bbox 2093 5528 2303 5599; x_wconf 72' lang='grc' dir='ltr'>ἔχουσιν</span> <span class='ocrx_word' id='word_1_853' title='bbox 2334 5529 2537 5583; x_wconf 79' lang='grc' dir='ltr'>εἰπεῖν·</span> <span class='ocrx_word' id='word_1_854' title='bbox 2588 5527 2965 5598; x_wconf 84' lang='grc' dir='ltr'>τεθαρσήκασι</span> <span class='ocrx_word' id='word_1_855' title='bbox 2992 5526 3101 5599; x_wconf 81' lang='grc' dir='ltr'>γὰρ</span> <span class='ocrx_word' id='word_1_856' title='bbox 3131 5527 3254 5580; x_wconf 85' lang='grc' dir='ltr'>τίνα</span> <span class='ocrx_word' id='word_1_857' title='bbox 3292 5528 3523 5600; x_wconf 81' lang='grc' dir='ltr'>τρόπον;</span> <span class='ocrx_word' id='word_1_858' title='bbox 3561 5524 3677 5580; x_wconf 70' lang='lat' dir='ltr'><strong>K6-</strong></span> 
     </span>
    </p>
   </div>
   <div class='ocr_carea' id='block_1_116' title="bbox 2097 5617 3669 5695">
    <p class='ocr_par' dir='ltr' id='par_1_116' title="bbox 2097 5617 3669 5695">
     <span class='ocr_line' id='line_1_116' title="bbox 2097 5617 3669 5695; baseline 0.003 -23"><span class='ocrx_word' id='word_1_859' title='bbox 2097 5637 2209 5695; x_wconf 84' lang='grc' dir='ltr'>ριος</span> <span class='ocrx_word' id='word_1_860' title='bbox 2230 5620 2358 5691; x_wconf 76' lang='grc' dir='ltr'>γὰρ,</span> <span class='ocrx_word' id='word_1_861' title='bbox 2384 5620 2572 5691; x_wconf 71' lang='grc' dir='ltr'>φησὶν,</span> <span class='ocrx_word' id='word_1_862' title='bbox 2593 5620 2854 5691; x_wconf 75' lang='grc' dir='ltr'>ἐκέρασεν</span> <span class='ocrx_word' id='word_1_863' title='bbox 2883 5620 3068 5685; x_wconf 76' lang='grc' dir='ltr'>αὐτοῖς</span> <span class='ocrx_word' id='word_1_864' title='bbox 3089 5618 3307 5691; x_wconf 78' lang='grc' dir='ltr'>πνεῦμα</span> <span class='ocrx_word' id='word_1_865' title='bbox 3334 5617 3669 5687; x_wconf 67' lang='grc' dir='ltr'>πλανήσεωῡ</span> 
     </span>
    </p>
   </div>
  </div>
