4060 6468
668 293 704 311 '-

310 377 427 438 £65

1448 378 1515 436 IN
1552 380 1782 436 ISAIAM
1822 378 1950 434 LIB.
1992 376 2054 432 ιι.
2096 375 2335 433 TOMUS
2368 375 2463 434 ιν.

3488 376 3592 435 ωδ

304 491 458 545 τοῦτ’
507 490 660 556 ἔστι,
716 491 895 548 πάντα
955 493 1111 566 λόγον
1154 499 1414 571 ἀληθείας
1465 499 1758 564 ἀπετίναξε
1810 499 1908 569 τῆς

2036 497 2282 552 latuerint
2370 497 2452 551 vel
2485 498 2749 569 cogitare,
2776 494 2891 553 velk
2921 496 3123 553 dicere.
3181 497 3392 553 Etenim
3434 496 3593 568 εει

304 582 563 656 γλώττης
595 586 801 652 αὐτῶν,
830 587 908 651 ὡς
939 591 1062 660 μηδ’
1094 591 1273 644 ὁτιοῦν
1314 592 1531 662 ἰσχῦσαι
1557 592 1665 647 τῶν
1692 591 1909 661 ἀληθῶν

306 676 342 746 ἢ
374 677 520 729 νοεῖν
558 676 591 748 ἢ
636 676 838 747 λέγειν.
886 682 962 735 Ob
1003 681 1114 754 7&9
1151 682 1260 737 ἔδει
1313 686 1432 747 ταῖς
1474 682 1584 738 τῶν
1632 683 1912 738 εἰδωλολα-

301 765 589 838 τρούντων
626 767 904 837 γλώσσαις
940 771 1194 843 ὲνιζῆσαι
1236 774 1336 846 τὴν
1378 773 1658 846 ἀλήθειαν.
1696 774 1914 828 Πεπλα-

301 859 516 929 νήκασι
543 859 725 914 τοίνυν
752 863 853 933 τὴν
895 864 1190 933 Αἴγυπτον.
1232 866 1306 930 ὼς
1342 866 1608 922 πλανᾶται
1637 869 1666 921 ὁ
1698 866 1913 939 μεθύων

304 950 409 1002 καὶ
438 951 469 1004 ὁ
514 950 667 1026 ἔμων
729 953 870 1024 ἃμα.
896 954 1060 1021 Ἕθος
1093 958 1203 1028 7&9
1232 961 1346 1022 τοῖς
1396 957 1675 1030 μεθύουσι,
1702 958 1762 1012 τὺ
1793 959 1914 1022 ταῖς

305 1041 372 1103 es
395 1042 614 1111 ἐμέτων
637 1044 988 1114 περιπίπτειν
1010 1047 1398 1120 άκαθαρσίαις.
1417 1048 1687 1122 Ταύτῃτοι
1727 1046 1911 1117 φησίψ

306 1134 429 1187 Οὐκ
454 1132 612 1187 ἔσται
644 1139 757 1200 τοῖς
788 1138 1110 1206 Αἰγυπτίοις
1144 1140 1327 1210 ἔργον,
1367 1140 1396 1194 ὃ
1426 1143 1640 1213 ποιήσει
1672 1140 1916 1212 κεφαλὴν

308 1224 411 1278 καὶ
434 1225 630 1295 οὐρὰν,
670 1227 845 1300 ἀρχὴν
870 1231 964 1283 καὶ
986 1231 1157 1296 τέλος.
1186 1232 1321 1286 Οὐδὲ
1352 1232 1460 1304 7&9
1500 1233 1917 1304 ἐγχειρημάτων

311 1317 555 1388 ἅψονται
583 1321 872 1376 νεανικῶν.
898 1322 1070 1379 Τοῦτο
1094 1322 1203 1396 γάρ
1234 1324 1380 1396 ἀρχὴ
1404 1326 1496 1378 καὶ
1522 1326 1755 1396 κεφαλή.
1779 1323 1915 1378 οὔτε

315 1408 429 1478 μὴν
494 1410 577 1473 εἰς
620 1410 1009 1467 εὐκταιότατον
1035 1414 1221 1478 αὐτοῖς
1264 1419 1596 1486 καταντήσει
1648 1416 1799 1480 τέλος
1849 1415 1919 1470 τά

313 1498 583 1570 δρώμενα
604 1518 618 1533 ο
650 1502 810 1557 τοῦτο
840 1504 949 1574 γὰρ
978 1506 1010 1577 ἠ
1046 1506 1184 1576 ούρά
1209 1508 1304 1562 καὶ
1328 1508 1390 1562 τὸ
1415 1507 1567 1572 τέλος
1587 1524 1601 1540 ο
1635 1510 1785 1563 πάσα
1809 1507 1920 1580 γάρ

316 1589 519 1660 σκέψις
566 1589 874 1662 ἀνθρώπιον
924 1594 1222 1666 ἀνόνητος,
1280 1597 1376 1651 καὶ
1421 1598 1530 1652 πᾶν
1569 1596 1921 1669 ἐπικούρημα

222 1706 236 1731 ἰ
320 1681 560 1753 σαθρδν,
596 1684 691 1737 καὶ
728 1685 852 1739 κατ’
877 1685 1070 1741 οὐδένα
1103 1687 1306 1761 τρόπον
1352 1689 1546 1760 ὀνῆσαι
1578 1690 1917 1761 δυνάμενον

319 1769 468 1826 Θεοῦ
505 1773 607 1846 γάρ
644 1775 966 1843 κακοῦντος,
1006 1777 1085 1844 ὡς
1124 1778 1283 1851 ἔφην,
1316 1782 1411 1836 καὶ
1441 1785 1600 1854 χεῖρα
1647 1785 1749 1856 τὴν
1785 1801 1923 1838 παν-

320 1865 473 1935 αλκῆ
505 1868 615 1929 τοῖς
678 1868 1089 1938 ἀποσκιρτῶσιν
1116 1846 1558 1941 ἐπάγοντοςίκαὶ
1582 1876 1660 1939 είς
1683 1846 1747 1929 τὸ
1773 1875 1923 1948 αύτῷ
1957 1846 1997 1902 Β

321 1955 519 2009 δοκοῦν
559 1959 996 2029 μετατρέποντος
1024 1961 1134 2016 τῶν
1162 1963 1508 2034 πραγμάτων
1542 1966 1640 2029 τὰς
1671 1965 1885 2036 φύσεις.

400 2050 481 2119 Τῇ
511 2051 578 2104 δὲ
608 2052 799 2121 ἡμέρᾳ
831 2054 1033 2124 ἐκείνῃ
1064 2055 1313 2110 ἔσονται
1338 2059 1393 2111 οἱ
1423 2058 1733 2127 Αίγύπτιοι
1761 2058 1842 2125 ὡς
1867 2060 1927 2113 al

326 2141 616 2210 γυναῖκες
643 2143 714 2197 ἐν
751 2144 915 2213 φόϐῳ
952 2147 1048 2199 καὶ
1085 2147 1154 2201 ἐν
1181 2147 1407 2217 τρόμῳ,
1441 2147 1561 2202 ἀπὸ
1601 2147 1928 2216 προσώπου

332 2232 438 2301 τῆς
465 2234 669 2304 χειρὸς
715 2236 938 2305 Κυρίου
984 2236 1268 2305 Σαϐαὼθ,
1312 2237 1394 2305 ἣν
1434 2238 1621 2305 αὐτὸς
1664 2238 1933 2295 ἐπιϐαλεῖ

325 2324 423 2378 ἐπ’
456 2326 702 2393 αὐτούς.
727 2327 838 2381 Καὶ
865 2327 1040 2383 ἔσται
1068 2330 1108 2398 ἡ
1134 2328 1298 2399 χώρα
1321 2328 1440 2386 τῶν
1469 2328 1777 2384 Ἰουδαίων
1804 2330 1930 2399 τοῖς

325 2419 683 2486 Αἰγυπτίοις
718 2422 808 2487 εἰς
847 2422 1170 2491 φόϐητρον.
1236 2421 1364 2488 Πᾶς
1404 2420 1473 2488 ὃς
1522 2420 1602 2476 ἂν
1654 2421 1928 2493 ὀνομάσῃ

328 2510 530 2579 αὐτὴν
552 2511 761 2578 αὐτοῖς
786 2513 1258 2584 φοϐηθήσονται,
1304 2514 1407 2570 διὰ
1435 2512 1550 2584 τὴν
1587 2513 1827 2585 βουλὴν
1850 2513 1933 2584 ἣν

321 2602 733 2669 βεϐούλευται
767 2606 982 2675 Κύριος
1014 2606 1106 2660 ἐπ’
1129 2606 1342 2676 αὐτήν.

405 2698 473 2750 Ol
504 2697 618 2769 7&9
649 2696 818 2752 πάλαι
848 2696 1072 2770 θρασεῖς
1101 2698 1196 2752 καὶ
1230 2682 1520 2774 ἀνήμεροι,
1560 2702 1656 2756 καὶ
1684 2701 1932 2758 κινδύνου

334 2792 543 2853 παντὸς
573 2791 1008 2862 καταφρονηταὶ,
1049 2792 1321 2864 περιδεεῖς
1357 2794 1606 2861 ἔσονται,
1644 2799 1809 2868 φησι,
1840 2797 1936 2851 καὶ

333 2882 728 2955 τεθρυμμένην
757 2884 1082 2955 εὑρήσουσιν
1113 2886 1172 2938 ὲν
1203 2886 1417 2951 ἑαυτοῖς
1452 2887 1554 2960 τὴν
1586 2888 1836 2960 καρδίαν,
1859 2887 1936 2952 ὡς

335 2975 625 3045 γυναικῶν
671 2975 781 3030 τῶν
856 2976 1269 3033 ἀσθενεστάτων
1319 2979 1538 3034 ἀποδεῖν
1584 2981 1769 3045 οὐδὲν,
1817 2979 1936 3035 ἀλλ’

334 3068 630 3132 οίονείπως
690 3070 771 3132 είς
832 3068 1185 3142 θηλυπρεπὲς
1243 3071 1534 3144 ἀνανδρίας
1574 3070 1934 3127 κατολισθεῖν.

2013 591 2065 645 in
2100 588 2302 661 linguis
2342 588 2748 646 idololatrarum
2798 589 3004 646 veritas
3036 591 3277 646 residere
3308 590 3456 644 nullo
3483 605 3599 644 mo-

2012 684 2081 738 do
2110 683 2305 753 potuit.
2354 681 2894 752 Deceperuntitaque
2910 681 3227 756 Egyptum,
3262 683 3422 738 sicuti
3453 690 3602 738 errat

2013 771 2200 825 ebrius
2223 780 2281 826 et
2313 784 2536 825 vomens
2568 769 2755 826 simul.
2788 770 2977 825 Solent
3007 772 3150 826 enim
3210 769 3345 825 ebrii
3398 771 3450 825 in
3506 785 3602 825 vo-

2015 862 2297 918 mitionum
2330 863 2569 918 incidere
2634 863 3132 932 intemperantiam.
3186 862 3374 934 Itaqtte
3420 864 3599 919 dicit:

2014 952 2131 1010 Non
2157 955 2359 1010 habent
2389 954 2629 1026 Egyptii
2665 955 2832 1009 ullum
2870 971 3006 1025 opus
3037 956 3180 1025 quod
3232 955 3398 1012 faciat
3439 967 3605 1025 caput.

2013 1053 2070 1099 et
2102 1045 2352 1112 caudam,
2420 1044 2742 1114 principium
2799 1055 2853 1099 et
2873 1046 3055 1101 linem.
3091 1043 3200 1101 Nec
3253 1046 3397 1101 enim
3443 1060 3603 1116 egre-

2016 1136 2100 1208 gia
2131 1146 2307 1207 empta
2343 1135 2654 1205 iuveniliter
2702 1138 3107 1208 aggrediemur,
3175 1138 3278 1193 hoc
3314 1137 3459 1193 enim
3519 1145 3605 1193 est

2019 1228 2340 1298 principium
2370 1237 2427 1284 et
2453 1237 2660 1299 caput;
2710 1244 2811 1285 nec
2885 1229 2939 1284 in
2985 1230 3390 1299 aptatissimum
3445 1229 3606 1283 linem

2018 1327 2306 1375 occurrent
2348 1334 2471 1387 qua:
2523 1330 2831 1389 geruntur:
2862 1321 2963 1375 hoc
2999 1320 3144 1374 enim
3179 1329 3262 1375 est
3317 1319 3490 1374 cauda
3554 1326 3612 1372 et

2023 1408 2188 1463 linis:
2222 1409 2400 1464 omnis
2423 1408 2568 1463 enim
2596 1409 2831 1463 humana
2883 1410 3212 1465 consultatio
3271 1408 3633 1478 infructuosa,

2019 1507 2077 1555 et
2102 1514 2265 1555 omne
2291 1500 2603 1570 praesidium
2659 1496 3013 1566 imbecillum,
3059 1517 3158 1557 nec
3195 1500 3303 1556 ulla
3340 1514 3407 1555 ex
3452 1508 3610 1569 parte

2016 1591 2209 1663 juvate
2239 1601 2435 1661 potest,
2468 1592 2513 1648 si
2564 1593 2725 1658 Deus,
2789 1601 2845 1647 ut
2894 1591 3028 1660 dixi,
3087 1593 3284 1648 multat
3324 1607 3391 1649 ac
3453 1607 3614 1661 pmua

2022 1680 2204 1749 allicit,
2233 1698 2559 1753 manumque
2579 1684 3001 1751 omnipotentem
3022 1683 3394 1740 resilientibus
3426 1681 3612 1748 παθη,

2024 1780 2078 1826 et
2108 1774 2175 1829 ad
2202 1789 2354 1829 suam
2404 1774 2735 1830 voluntatem
2795 1789 2978 1841 rerum
3040 1784 3277 1835 naturas
3315 1774 3609 1831 convertit.

2101 2062 2266 2119 Vens.
2301 2060 2391 2128 16,
2436 2062 2524 2117 l7.
2579 2061 2674 2118 Die
2708 2077 2836 2117 vero
2874 2060 2969 2116 illa
3007 2070 3160 2117 erant
3196 2060 3439 2133 Egyptii
3481 2060 3623 2117 velut

2026 2155 2273 2211 mulieres
2299 2156 2354 2210 in
2387 2156 2574 2209 timore
2595 2164 2642 2209 et
2662 2154 2716 2209 in
2748 2164 2972 2208 tremore
2990 2169 3022 2207 a
3039 2153 3177 2223 facie
3199 2169 3387 2209 manus
3406 2152 3618 2208 Domini

2030 2246 2288 2312 Sabaoth,
2325 2264 2483 2318 quam
2507 2245 2596 2300 ille
2627 2245 2831 2314 injiciet
2864 2245 2964 2301 eis.
2994 2246 3061 2301 Et
3091 2246 3189 2301 erit
3223 2246 3363 2315 regio
3398 2243 3619 2301 Judae-

2031 2354 2146 2393 rum
2172 2336 2442 2407 zEgypth's
2472 2336 2683 2391 terrori.
2720 2334 2780 2391 Si
2811 2335 2928 2405 quis
2954 2336 3299 2391 nominaverit
3322 2350 3439 2390 eam
3465 2334 3615 2405 ipsis,

2030 2437 2368 2496 expavercent
2399 2428 2462 2483 ob
2486 2426 2763 2482 consilium
2789 2425 2929 2498 quod
2957 2424 3180 2482 decrevit
3220 2430 3275 2482 in
3323 2426 3474 2481 illam
3513 2424 3620 2482 Do-

2033 2532 2230 2573 mtnus.

2106 2705 2205 2774 Qui
2242 2705 2384 2761 enim
2424 2704 2553 2761 olim
2584 2705 2820 2760 audaces
2850 2713 2908 2761 et
2949 2702 3187 2760 immites
3243 2708 3300 2759 et
3375 2700 3622 2757 omnium

2034 2797 2397 2868 periculorum
2436 2804 2842 2868 contemptores
2904 2795 3146 2860 fuerunt,
3178 2794 3380 2865 pavidi,
3417 2793 3620 2862 inquit,

2037 2899 2091 2945 et
2116 2889 2290 2945 fracto
2320 2890 2487 2947 corde
2514 2901 2696 2957 erunt,
2725 2898 2784 2944 ut
2822 2904 2852 2943 a
2879 2888 3199 2944 mulieribus
3232 2885 3625 2942 inﬁrmissimis

2038 2982 2173 3037 nihil
2204 2982 2482 3049 dill‘erant,
2511 2984 2607 3039 sed
2638 2993 2896 3053 tanquam
2928 2980 3265 3037 tnuliebriter
3310 2976 3627 3034 eﬂ'eminen-

2041 3083 2148 3129 tur.
2187 3074 2363 3131 Causa
2418 3090 2544 3131 vero
2598 3084 2774 3132 metus
2816 3083 2873 3131 et
2925 3074 3163 3158 terroris.
3213 3070 3398 3141 hujus,
3430 3084 3627 3125 manus

334 3161 629 3232 Πρόφασις
650 3160 709 3215 δὲ
742 3161 928 3226 αὐτοῖς
957 3162 1049 3216 τοῦ
1075 3161 1351 3232 δείματος,
1388 3164 1485 3217 καὶ
1513 3162 1611 3233 τῆς
1641 3163 1737 3216 ἐπὶ
1762 3162 1934 3232 τούτῳ

2040 3166 2146 3221 erit
2164 3167 2378 3229 Domini
2410 3167 2674 3235 Sabaoth,
2707 3182 2871 3238 quam
2908 3166 3024 3236 ipse
3060 3165 3270 3236 inficiet
3299 3165 3398 3220 eis.
3437 3162 3629 3217 Manus

339 3252 557 3317 πτοίας,
594 3253 628 3322 ἡ
658 3252 783 3322 χεὶρ
809 3250 966 3305 ἔσται
991 3250 1202 3322 Κυρίου
1239 3250 1490 3316 Σαϐαὼθ,
1517 3251 1584 3323 ἢν
1618 3251 1782 3316 αὐτὸς
1813 3253 1936 3304 ἐπι-

340 3344 502 3397 ϐαλεῖ
532 3344 622 3398 ἐπ’
650 3345 871 3408 αὐτούς.
910 3344 1086 3414 Χεῖρα
1114 3343 1171 3397 δὲ
1206 3345 1411 3416 Κυρίου
1451 3343 1680 3397 Σαϐαὼθ
1723 3345 1782 3398 ἐν
1815 3343 1939 3397 τού-

340 3453 458 3500 τοις
509 3436 574 3491 τὸ
624 3436 900 3501 παναλκὲς
955 3437 1171 3509 θέλημα
1218 3436 1313 3490 τοῦ
1346 3436 1482 3490 Θεοῦ
1528 3436 1824 3506 διορίζεται
1869 3439 1937 3509 τῇ

353 3528 647 3599 Ῥωμαίων
689 3527 941 3602 βασιλείᾳ
970 3528 1033 3582 τὸ
1077 3528 1187 3583 τῶν
1231 3526 1545 3597 Αἰγυπτίων
1578 3526 1940 3599 ὑποφέροντος

347 3618 528 3682 ἔθνος.
549 3619 793 3690 Ἀμαχος
817 3619 874 3673 δὲ
916 3618 1195 3682 παντελῶς
1224 3620 1257 3690 ἡ
1299 3618 1421 3673 θεία
1455 3618 1622 3690 βουλὴ
1644 3658 1660 3683 ,
1700 3618 1798 3671 καὶ
1826 3622 1943 3685 τοῖς

347 3712 453 3781 τῆς
480 3711 738 3785 ἀνωτάτω
766 3711 981 3782 φύσεως
1026 3713 1309 3787 σκέμμασι
1332 3711 1395 3764 τὸ
1424 3709 1615 3766 δοκοῦν
1646 3711 1799 3767 πᾶσά
1826 3729 1944 3777 πως

341 3804 563 3873 ἀνάγκη
620 3802 1086 3876 διαπεραίνεσθαι.
1127 3804 1321 3857 Ἔσται
1367 3801 1426 3857 δὲ
1472 3802 1609 3874 πρὸς
1659 3800 1871 3867 τούτοις
1908 3803 1945 3875 ἡ

341 3896 502 3968 χώρα
528 3895 639 3949 τῶν
679 3895 952 3949 Ἰουδαίων
994 3899 1107 3961 τοῖς
1141 3894 1459 3965 Αἰγυπτίοις
1510 3895 1591 3959 εἰς
1631 3894 1901 3967 φόδητρον
1925 3911 1941 3927 “

343 3989 447 4042 καὶ
481 3989 533 4042 τί
565 3988 634 4060 δὴ
664 3988 776 4058 ἄρα
806 3989 972 4058 φησὶν
1010 3989 1069 4042 ὲν
1117 3988 1345 4052 τούτοις,
1382 3986 1616 4058 εἴδωμεν
1657 3986 1902 4060 ἀκριϐῶς
1924 4000 1940 4017 ’

342 4077 559 4146 ἀσαφὲς
590 4077 704 4149 γὰρ
728 4076 849 4130 λίαν
875 4077 933 4131 τὸ
955 4076 1306 4148 δηλούμενον.
1336 4077 1547 4132 Οὐκοῦν
1582 4076 1816 4142 ἐσώζετο
1844 4078 1945 4149 μὲν

345 4169 522 4225 πάλαι
540 4170 650 4224 τῶν
666 4171 939 4225 Ἰουδαίων
971 4173 1003 4242 ή
1032 4170 1183 4242 χώρα
1212 4169 1645 4243 προασπίζοντος
1669 4169 1827 4236 Θεοῦ,
1848 4170 1946 4224 καὶ

338 4262 858 4331 δυσκαταγώνιστον
897 4262 1069 4335 αὐτὴν
1116 4262 1513 4333 ἀποφαίνοντος
1563 4261 1829 4325 άπάσαις,
1869 4260 1946 4321 ὡς

341 4358 483 4421 ἔπος
532 4358 710 4410 εἰπεῖν
734 4397 750 4422 ,
784 4358 905 4419 ταῖς
935 4357 994 4409 ὲν
1046 4354 1231 4426 κύκλῳ
1262 4353 1562 4425 βασιλείαις
1599 4352 1709 4405 τῶν
1751 4350 1943 4405 ἐθνῶν.

358 4448 527 4504 Ἀλλά
558 4449 738 4503 καίτοι
764 4447 1018 4501 τοσοῦτον
1039 4446 1240 4518 ἔχουσα
1267 4446 1357 4499 τὸν
1386 4444 1699 4516 ἐπίκουρον,
1715 4442 1831 4514 ἥλω
1853 4439 1948 4494 καὶ

2042 3259 2252 3337 Domini
2279 3257 2516 3315 Sabaoth
2549 3260 2639 3317 hic
2667 3259 2928 3316 delinitur
2971 3273 3091 3315 esse
3136 3258 3482 3326 omnipotens
3533 3272 3630 3311 vo-

2041 3349 2222 3404 luntas
2252 3350 2368 3415 Dei,
2395 3349 2775 3421 Egyptiacam
2807 3358 3021 3420 gentem
3059 3350 3427 3403 Romanorum
3462 3360 3631 3417 regno

2041 3442 2353 3511 subiiciens.
2389 3442 2654 3497 invictum
2686 3451 2771 3498 est
2803 3442 3044 3497 divinum
3072 3440 3451 3519 consilium,et
3484 3436 3631 3507 quod

2041 3549 2308 3604 supremae
2336 3545 2545 3590 naturre
2572 3534 2863 3605 placuerit,
2903 3548 3130 3605 prorsus
3158 3530 3352 3589 conﬁci
3403 3543 3631 3586 necesse

2042 3635 2145 3681 est.
2164 3623 2284 3680 Erit
2315 3636 2574 3696 praeterea
2597 3626 2745 3696 regio
2760 3623 3071 3682 Judaeorum
3104 3624 3298 3681 terrori
3331 3620 3631 3692 Egyptiis.

2043 3717 2182 3785 Quid
2242 3728 2423 3774 autem
2478 3718 2565 3773 hic
2618 3718 2785 3787 dicat,
2842 3716 3255 3773 consideremus
3309 3715 3631 3785 diligenter;

2044 3808 2214 3864 valde'
2231 3808 2375 3862 enim
2415 3808 2708 3863 obscurum
2729 3818 2812 3864 est
2837 3810 2981 3879 quod
3021 3808 3242 3870 dicitur.
3277 3804 3631 3875 ltaquacon-

2045 3905 2262 3955 servata
2316 3898 2534 3969 quidem
2569 3898 2698 3953 olim
2730 3907 2816 3954 est
2866 3895 3178 3958 Iudaeorum
3224 3895 3393 3966 regio,
3428 3908 3631 3966 prop,tt~

2044 4001 2247 4062 guaute
2273 3992 2401 4056 Deo,
2418 3992 2491 4046 ita
2523 4000 2581 4044 ut
2605 3988 2847 4055 nullu,_ut
2868 3990 2941 4049 ita
2966 3985 3630 4057 dicamkreguagentitun

2046 4096 2166 4152 qua:
2200 4080 2556 4137 circumcirca
2592 4079 2746 4146 su‘nt,
2786 4090 3097 4146 expugnare
3128 4074 3415 4145 potuerint
3455 4072 3633 4138 Caete-

2047 4183 2168 4223 rum
2198 4167 2325 4222 licet
2362 4178 2570 4228 tantum
2608 4166 2834 4223 haberet
2866 4165 3279 4235 opitulatorem,
3325 4172 3482 4231 capta
3526 4169 3632 4224 est,

2045 4269 2102 4314 et
2127 4257 2387 4313 Romanis
2415 4257 2688 4327 subiecta,
2727 4265 2791 4320 et,
2830 4270 3021 4311 omnes
3074 4255 3237 4309 urbes
3291 4254 3549 4317 incensm,
3579 4260 3636 4305 et

2048 4351 2241 4406 domus
2275 4350 2430 4421 juxta
2487 4365 2551 4404 ac
2581 4349 2688 4410 vici
2745 4349 2878 4405 viris
2926 4348 3085 4403 vacui
3136 4352 3537 4401 remanserunt.
3571 4342 3638 4398 Et

2047 4458 2170 4512 quae
2224 4444 2440 4503 tandem
2503 4456 2665 4503 causa
2715 4439 2819 4496 l‘uit
2848 4449 2908 4495 ut
2950 4437 3307 4509 caperentur?
3332 4436 3634 4493 Consilium

342 4544 572 4613 γέγονεν
620 4542 727 4594 ὑπὸ
757 4538 1070 4611 Ῥωμαίοις,
1104 4539 1199 4593 καλ⁹
1239 4539 1626 4609 ἐμπεπρησται
1668 4535 1766 4606 μὲν
1797 4534 1934 4587 πᾶσα

2051 4533 2309 4591 nimirum
2348 4533 2493 4601 quod
2518 4541 2709 4588 centra
2736 4531 2883 4586 illam
2912 4528 3081 4601 292
3099 4528 3337 4583 decrevit
3356 4526 3631 4581 Dominus.

343 4637 526 4703 πόλις,
551 4632 839 4705 κένανδροι
864 4632 921 4686 δὲ
955 4632 1332 4705 μεμενήκασιν
1355 4625 1494 4682 οἶκοί
1522 4646 1582 4682 τε
1610 4627 1704 4682 καὶ
1734 4625 1942 4698 κῶμαι.

345 4730 461 4784 Καὶ
491 4728 623 4783 ποία
652 4727 876 4796 γέγονεν
909 4726 1093 4790 αὐτοῖς
1113 4727 1147 4796 ἡ
1180 4723 1275 4778 τοῦ
1299 4722 1501 4778 ἁλῶναι
1541 4721 1850 4791 πρόφασις;
1878 4719 1947 4774 Ἥ

346 4821 516 4893 βουλὴ
547 4819 793 4891 δηλονότι
817 4817 1133 4890 Κυρίου,ἦν
1161 4818 1255 4871 καὶ
1282 4816 1368 4869 ἐπ’
1398 4815 1537 4886 αὐτῇ
1572 4812 1943 4885 βεϐούλευται.

299 4898 310 4931 ’
349 4912 728 4984 Παραδὲδοται
776 4908 888 4981 γὰρ
943 4909 1039 4963 καὶ
1086 4909 1227 4981 αὑτὴ
1276 4910 1398 4971 ταῖς
1447 4907 1635 4972 ἄλλαις
1683 4905 1820 4980 ὁμοῦ
1874 4909 1943 4979 τῇ

359 5004 656 5075 Ῥωμαίων
715 5000 1159 5073 πανσθενεστάτῃ
1215 5000 1379 5072 χειρί.
1418 5000 1614 5057 Ἔσται
1672 4998 1853 5052 τοίνυν
1911 4998 1945 5068 ἡ

347 5098 505 5169 χώρα
532 5096 645 5151 τῶν
672 5094 946 5150 Ἰουδαίων
968 5097 1083 5158 τοῖς
1116 5092 1435 5163 Αἰγυπτίοις
1465 5095 1544 5157 εἰς
1569 5091 1861 5162 φόϐητρον.
1883 5090 1947 5151 Ol

349 5189 452 5259 μὲν
502 5188 614 5259 7&9
668 5185 779 5240 τῶν
822 5184 1243 5256 ψευδομάντεων
1288 5184 1445 5253 λόγος
1503 5182 1947 5255 παραθαρσύνειν

347 5275 567 5348 ἤθελον,
596 5276 682 5329 ὅτι
718 5275 816 5328 καὶ
857 5273 1116 5345 ἀμείνους
1162 5272 1372 5332 ἔσονται
1401 5273 1500 5342 τῆς
1533 5271 1641 5326 τῶν
1684 5272 1948 5326 ἐπιόντων

348 5371 570 5442 χειρὸς,
627 5369 725 5423 καὶ
776 5370 1150 5441 κρατήσουσιν
1202 5367 1625 5437 ἀντεξάγον,τες.,
1654 5368 1730 5421 Τὸ
1776 5367 1834 5420 δὲ
1881 5367 1946 5438 δὴ

350 5460 755 5532 παραδεδόσθαι
783 5461 879 5518 καὶ
925 5458 1095 5535 αὐτὴν
1136 5460 1322 5524 αὐτοῖς
1381 5461 1480 5530 τὴν
1528 5459 1637 5513 τῶν
1680 5459 1948 5513 Ἰουδαίων

351 5552 563 5626 χώραν,
593 5553 774 5610 καίτοι
802 5552 935 5611 Θεὸν
965 5553 1196 5625 ἔχουσαν
1216 5552 1314 5625 ¹τὸν
1352 5550 1767 5621 ὑπεραθλοῦντά
1790 5566 1945 5613 ποτε,

357 5647 637 5701 πάνδεινον
658 5646 842 5711 αὐτοῖς
862 5645 1090 5705 ἐνετίθει
1119 5645 1180 5700 τὸ
1194 5645 1375 5716 δεῖμα.
1401 5643 1818 5716 Προσεδόκησαν
1841 5642 1949 5711 7&9

356 5736 627 5800 ιντεῦθεν,
641 5736 816 5807 πάντη
827 5752 885 5790 τε
904 5737 997 5800 καὶ
1009 5736 1224 5800 πάντως
1235 5737 1344 5800 τοῖς
1361 5734 1664 5806 καταδῃοῦν
1678 5733 1951 5788 ἐθέλουσιν

326 5829 704 5897 ,ὑποκεῖσθαιη
748 5818 1032 5902 παθούσης
1067 5829 1227 5886 τοῦτο
1258 5829 1353 5886 καὶ
1392 5829 1489 5900 τῆς
1524 5825 1791 5882 Ἰουδαίων
1820 5824 1946 5895 γῆς,

2048 4625 2277 4687 Tradita
2310 4624 2455 4686 enim
2494 4633 2579 4679 est
2607 4633 2663 4678 et
2694 4639 2759 4679 ea
2795 4639 2899 4678 una
2931 4638 3054 4679 cum
3088 4620 3209 4675 aliis
3265 4622 3633 4674 ltomauorum

2048 4717 2231 4779 manui
2284 4708 2708 4787 potentissimae.‘
2761 4715 2876 4770 Erit
2936 4729 3067 4784 ergo
3112 4713 3261 4783 regio
3314 4709 3633 4766 Iudaeorum

2048 4808 2323 4881 Egyptiis
2358 4809 2579 4863 terrori.
2600 4806 2744 4863 Falsi
2769 4807 2912 4863 enim
2940 4816 3114 4873 vates,
3150 4805 3264 4860 suis
3297 4803 3479 4858 verbis
3511 4803 3635 4856 ani-

2050 4917 2196 4959 mum
2228 4901 2427 4956 addere
2453 4900 2557 4954 illis
2590 4899 3058 4969 voluerunt,quod
3085 4910 3141 4952 et
3176 4912 3338 4951 manu
3375 4886 3636 4950 invaden-

2050 4998 2184 5053 tium
2214 4997 2545 5052 robustiores
2570 5006 2774 5058 essent,
2802 5001 2879 5058 et,
2908 4995 2953 5047 si
2982 4999 3318 5062 opponerent
3358 5005 3440 5054 se,
3474 5004 3637 5057 supe-

2022 5097 2256 5151 rarent.
2286 5084 2489 5141 Verum
2530 5100 2652 5139 cum
2708 5085 2824 5154 ipsa
2852 5083 3077 5138 Judaica
3135 5082 3295 5151 regio
3317 5083 3478 5141 etiam
3511 5094 3633 5148 qua:

2050 5180 2218 5235 Deum
2247 5179 2507 5234 victorem
2559 5176 2689 5232 olim
2742 5175 3009 5242 habebat,
3031 5174 3136 5228 illis
3167 5173 3363 5237 tradita
3403 5174 3496 5236 sit,
3530 5176 3634 5230 hoc

2024 5336 2031 5347 ⁸
2049 5269 2434 5340 gravissimum
2478 5269 2729 5322 timorem
2781 5266 2913 5335 ipsis
2967 5264 3175 5332 injecit.
3239 5265 3636 5334 Exspectarnut

2023 5365 2193 5429 _euim
2231 5362 2357 5417 inde
2387 5376 2624 5430 semper,
2657 5369 2724 5416 tu.
2748 5358 3081 5429 quibuslibet
3127 5357 3467 5427 populaturis
3505 5358 3637 5411 sub-

2044 5456 2369 5526 jicerentur,
2397 5470 2544 5518 cum,
2565 5453 2775 5517 utdixi,
2799 5450 3038 5507 Judaicar
3069 5461 3231 5509 teme
3262 5453 3366 5507 hoc
3399 5451 3634 5505 accidis-

2050 5555 2136 5603 set
2170 5564 2185 5601 :
2216 5530 2331 5600 nonI
2350 5545 2497 5614 quod
2521 5544 2574 5602 is
2594 5544 2692 5618 qui
2707 5552 2911 5608 servat,
2937 5541 3354 5606 debilior'essct,
3374 5538 3468 5595 sed
3489 5539 3633 5607 quod

2052 5655 2153 5696 suo
2203 5652 2324 5692 eam
2363 5636 2657 5704 subiiceret
2688 5636 2869 5702 nutui,
2904 5646 2957 5689 et
2981 5633 3350 5689 Romanorum
3402 5633 3635 5701 sceptris

2053 5732 2420 5789 submitteret.
2451 5728 2585 5785 Aliis
2615 5728 2794 5799 placet
2830 5730 2994 5784 etiam
3025 5729 3183 5783 aliter
3202 5728 3305 5782 hoc
3331 5724 3472 5796 quod
3501 5738 3636 5794 pro-

2054 5824 2270 5898 ρυιιίιυι·
2296 5821 2622 5907 intelligere.
2652 5822 2944 5895 Postquam
2973 5823 3119 5881 enim
3162 5813 3640 5885 visitavitinuni-
