4060 6470
510 393 612 450 ter
1423 363 1433 370 ’
1491 385 1547 440 s.
1589 384 1860 440 cmeLI
1901 376 2372 438 ALestomNt
2406 373 2736 432 AltClllEP.
3661 367 3765 424 tos

509 521 725 562 versum
761 503 1062 576 Egyptios,
1089 511 1140 557 et
1167 501 1457 556 atcncbris
1493 500 1546 554 iu
1589 499 1763 554 lucem
1801 497 2061 554 transtulit

2177 495 2252 558 ὡς
2273 493 2427 562 ἔφην,
2448 492 2546 544 οὑκ
2568 486 2928 560 ⁴Ιπσθενηκότος
2956 482 3050 537 τοῦ
3077 480 3456 546 διασώζοντος,
3477 479 3590 534 ἀλλ’
3618 479 3768 544 ἰδίοις

509 570 882 652 universitatis
907 570 1089 659 Deus,
1120 601 1176 646 et
1204 608 1233 646 a
1261 593 1368 646 ritu
1429 589 1770 647 idololatrico
1817 589 2056 644 traduxit

2181 587 2277 640 καὶ
2313 583 2482 654 αὐτὴν
2515 579 2856 642 ὑποτιθέντος
2886 575 3168 648 νεύμασιν,
3212 573 3306 626 καὶ
3341 573 3454 635 τοῖς
3480 570 3768 641 Ῥωμαίων

507 687 761 755 deditque
793 695 852 741 ιιι
891 686 958 741 de
1010 694 1206 740 caetero
1235 671 1630 754 cognoscerent
1651 681 1773 751 quis
1811 689 1958 734 esset
1985 694 2061 733 na-

2182 679 2483 748 σκήπτροις
2509 672 2832 742 ὑπάγοντος.
2859 671 3017 722 Δοκεῖ
3045 667 3101 720 δέ
3124 682 3235 719 τισι
3276 663 3369 718 καὶ
3399 661 3600 733 ἑτέρως
3627 663 3767 715 νοεῖν

508 791 624 834 tura
654 795 717 835 ac
745 794 872 834 vere
895 778 1056 846 Deus,
1082 793 1146 833 ac
1190 776 1563 833 universitatis
1604 773 1903 829 fabricator
1935 773 2061 844 (cret

2179 772 2240 825 τὸ
2267 768 2644 841 προκείμενον.
2676 763 2896 834 Ἐπειδὴ
2927 760 3037 832 γὰρ
3069 760 3206 822 ὅλως
3251 755 3596 826 ἐπεσκέψατο
3639 754 3766 816 τοὺς

503 871 757 925 didcrunt
802 871 952 926 enim
981 845 1356 934 inChristum,
1393 876 1446 923 et
1480 883 1575 936 per
1603 866 1752 922 illum
1780 873 1836 922 et
1886 865 1937 919 in
1987 862 2061 918 illt

2179 861 2532 931 Αἰγυπτίους,
2569 858 2665 914 καὶ
2707 855 3066 928 μετεκόμισεν
3097 854 3162 904 ἐκ
3213 850 3438 912 σκότους
3477 848 3557 909 είς
3593 845 3708 915 φῶς
3737 847 3767 898 ό

506 971 770 1016 noverunt
801 976 1019 1031 quoque
1038 959 1276 1030 Patrem)
1300 960 1555 1023 :ltincait,
1591 967 1810 1028 propter
1828 970 2061 1026 magnau

2179 957 2286 1010 τῶν
2323 955 2460 1008 ὅλων
2489 953 2642 1017 Θεὸς,
2686 952 2780 1004 καὶ⁵
2815 947 3093 1018 ἀπέστησε
3138 943 3236 1014 μὲν
3262 942 3362 1012 τῆς
3391 939 3501 992 τῶν
3547 937 3764 990 εἰδωλο-

501 1054 744 1122 ipsorum
787 1028 1112 1124 probitatem
1149 1062 1201 1107 et
1228 1028 1567 1122 religionem,
1608 1052 1736 1120 ipsis
1759 1049 1874 1104 fore
1905 1049 2061 1117 regio-

2178 1045 2439 1117 λατρείας
2471 1043 2632 1108 ἐθῶν,
2667 1040 2968 1110 δεδώρηται
3007 1037 3063 1090 δὲ
3100 1035 3162 1088 τὸ
3197 1033 3398 1087 εἰδέναι
3442 1029 3649 1095 λοιπὸν,
3679 1028 3765 1093 τίς

504 1159 627 1199 nem
695 1145 1003 1201 Judaeorum
1042 1148 1258 1201 terrori.
1291 1144 1508 1198 Terrori
1544 1152 1722 1197 autem
1757 1155 1880 1195 cum
1926 1138 2061 1201 dicit,

2178 1141 2206 1193 ό
2238 1138 2398 1208 φύσει
2442 1136 2537 1191 καὶ¹
2581 1134 2800 1205 ἀληθῶς
2837 1135 2954 1186 ὲστι
2983 1130 3136 1193 Θεὸς,
3183 1127 3277 1181 καὶ
3324 1123 3433 1179 τῶν
3485 1123 3623 1176 ὅλων
3665 1119 3762 1191 δη-

502 1243 707 1288 metum
743 1251 810 1290 ex
843 1235 1042 1306 pietate
1072 1236 1338 1304 intelliges
1374 1233 1698 1304 profectum.
1723 1228 2061 1286 Colunteniu

2181 1231 2458 1302 μιουργός.
2492 1226 2895 1282 Πεπιστεύκασι
2939 1223 3050 1294 γὰρ
3079 1224 3161 1286 είς
3193 1219 3458 1292 Χριστόν·
3489 1216 3764 1306 ἐγνώκασι

500 1339 690 1381 εηιιίιοε
721 1304 1109 1399 Hierosolyma,
1144 1344 1208 1384 eo
1240 1327 1381 1397 quod
1409 1327 1482 1381 ibi
1516 1334 1672 1380 natus
1717 1323 1879 1377 fuerit
1919 1321 2061 1375 Chri-

2174 1322 2232 1376 δὲ
2263 1321 2328 1374 δι’
2362 1317 2530 1372 αὑτοῦ
2569 1333 2628 1370 τε
2660 1317 2753 1370 καὶ
2776 1317 2833 1368 ὲν
2867 1313 3015 1384 αὑτῷ
3043 1312 3134 1366 τὸν
3173 1310 3413 1381 Πατέρα.
3437 1304 3624 1375 Ταύτῃ
3655 1318 3759 1362 τοι,

501 1426 642 1482 stus,
673 1427 728 1472 et
757 1433 971 1474 crucem
1018 1434 1116 1490 pro
1168 1419 1352 1474 mundi
1380 1417 1552 1472 salute
1583 1413 1884 1486 pertulerit,
1911 1420 1965 1466 et
2023 1411 2061 1465 ir

2176 1412 2361 1483 φησιν,
2399 1411 2462 1463 ἐκ
2494 1408 2697 1478 πολλῆς
2743 1407 2884 1474 ἄγαν
2904 1403 3204 1466 ἐπιεικείας
3238 1417 3299 1453 τε
3325 1397 3422 1452 καὶ
3453 1391 3760 1455 εὐλαϐείας,

501 1521 848 1565 monumento
880 1514 1104 1580 positus,
1135 1513 1310 1566 denuo
1337 1509 1616 1569 revixerit.
1656 1508 1830 1576 adque
1858 1504 2061 1560 Patren

2176 1482 2329 1556 ἔσται
2361 1501 2544 1564 αὐτοῖς
2574 1501 2608 1571 ἠ
2631 1497 2784 1570 χώρα
2812 1499 2921 1550 τῶν
2949 1494 3215 1549 Ἰουδαίων
3245 1493 3324 1555 είς
3358 1487 3650 1560 φόϐητρον.
3686 1482 3760 1535 Τὸ

499 1601 798 1668 emigrarit.
833 1575 970 1659 Olim
1013 1575 1211 1674 quippe
1234 1601 1612 1673 Egyptiorum
1656 1575 1782 1654 odio
1832 1597 2061 1668 ﬂagravit

2175 1596 2232 1650 δὲ
2261 1597 2340 1659 είς
2381 1595 2652 1665 φόϐητρόν
2677 1594 2804 1646 ὅταν
2832 1591 2988 1662 λέγῃ,
3020 1589 3233 1658 νοήσεις
3263 1584 3353 1637 τὸν
3382 1585 3448 1635 ὲκ
3471 1575 3760 1674 τῆςῄεὺλαο

495 1688 803 1748 Judaeorum
862 1695 1033 1766 regio,
1055 1702 1173 1749 erat
1200 1695 1345 1750 enim
1380 1707 1627 1764 pugnans
1653 1700 1707 1747 et
1754 1667 2061 1758 discrepant

2176 1687 2328 1749 ϐείας
2359 1685 2542 1754 φόϐον.
2583 1682 2799 1754 Τιμῶσι
2851 1680 2962 1751 γὰρ
3003 1679 3240 1741 ἅπαντες
3284 1674 3352 1728 τὰ
3388 1667 3756 1766 Ἰεροσόλυμα,

496 1797 681 1837 eorum
710 1784 918 1854 religio.
953 1786 1034 1841 llli
1065 1788 1210 1842 enim
1242 1795 1552 1842 creaturam
1575 1793 1629 1837 et
1658 1796 1822 1853 opera
1855 1795 2061 1843 suarum

2174 1777 2265 1831 διὰ
2289 1793 2371 1830 τοι
2397 1776 2458 1830 τὺ
2493 1777 2672 1829 ἐκεῖσε
2698 1772 2952 1843 γενέσθαι
2981 1771 3235 1840 Χριστὸν,
3269 1766 3364 1822 καὶ
3388 1765 3481 1818 τὸν
3504 1760 3644 1854 ὑπὲρ
3658 1757 3760 1854 τῆς

495 1890 754 1930 manuum
783 1879 1143 1933 adoraverunt
1168 1897 1184 1946 ;
1209 1878 1265 1933 hi
1283 1893 1412 1932 vero
1444 1875 1794 1932 sanctissimo
1823 1873 1933 1929 Deo
1955 1887 2061 1926 ser-

2171 1870 2265 1924 τοῦ
2299 1870 2504 1940 κόσμου
2541 1867 2812 1938 σωτηρίας
2835 1863 3132 1946 ἀνατλῆναι
3165 1856 3421 1929 σταυρὸν,
3446 1848 3670 1921 τεθῆναί
3697 1861 3758 1946 τε

494 1966 727 2033 vierunt,
760 1977 816 2024 et
863 1968 1072 2037 legibus
1105 1969 1220 2038 ejus
1250 1968 1556 2038 gubernati,
1588 1967 1820 2022 sincerae
1847 1978 2061 2020 conver-

2175 1963 2268 2016 ἐπὶ
2305 1937 2604 2032 μνήματος,
2644 1937 2942 2013 ἀναϐιῶναί
2968 1971 3025 2008 τε
3067 1945 3157 2019 αὖ,
3190 1949 3283 2004 καὶ
3319 1945 3585 2038 ἀναϐῆναι
3619 1937 3759 2038 προς

473 2079 476 2084 ·
506 2059 735 2113 sationis
766 2059 1068 2116 imitatores
1087 2061 1437 2115 exstiterunt.
1456 2059 1579 2114 ﬂare
1607 2059 1771 2129 igitur
1795 2055 2061 2127 quondam

2170 2053 2263 2107 τὸν
2310 2053 2550 2123 Πατέρα.
2600 2050 2779 2104 Πάλαι
2837 2048 2934 2120 μὲν
2985 2044 3080 2101 οὖν
3120 2043 3388 2117 μεμίσητο
3435 2034 3588 2129 παρὰ
3644 2033 3758 2129 τοῖς

493 2150 666 2204 invisa
699 2153 868 2220 regio,
894 2162 1072 2210 terror
1097 2152 1262 2208 veluti
1299 2154 1538 2223 quidam,
1567 2161 1623 2207 et
1659 2149 1938 2220 religionis
1964 2148 2061 2203 erit

2171 2119 2490 2212 Δίγυπτίοις
2507 2140 2618 2194 τῶν
2645 2119 2913 2193 Ἰουδαίων
2943 2138 2976 2208 ἡ
3000 2135 3156 2208 χώρα
3175 2152 3190 2167 ο
3219 2133 3314 2186 καὶ
3347 2129 3456 2200 γὰρ
3477 2123 3544 2198 ἦν
3582 2119 3756 2223 μαχό-

491 2257 654 2299 causa
689 2251 745 2298 et
773 2246 1020 2311 materia,
1047 2213 1330 2317 propterea
1356 2247 1499 2316 quod
1533 2245 1584 2299 in
1612 2259 1675 2300 ea
1694 2213 1942 2300 Christus
1967 2254 2061 2294 na-

2175 2249 2336 2307 μενος
2369 2235 2554 2297 αὐτοῖς
2605 2232 2704 2303 τῆς
2733 2230 3030 2302 θρησκείας
3071 2231 3100 2282 ὁ
3147 2227 3371 2300 τρόπος.
3403 2222 3466 2275 Οί
3521 2213 3759 2317 μὲν-γὰρ

491 2344 578 2389 tus
611 2334 795 2405 fuerit,
826 2347 885 2394 ut
907 2308 1161 2409 dish-qui.
1189 2355 1253 2395 ex
1281 2308 1518 2395 tenebris
1548 2352 1643 2394 eos
1667 2336 1733 2392 ad
1761 2334 2061 2390 mirabilem

2172 2327 2544 2398 προσεκύνουν
2577 2328 2643 2397 τῇ
2683 2324 2881 2389 κτίσει,
2920 2322 3014 2378 καὶ
3058 2323 3172 2386 τοῖς
3222 2319 3404 2391 ῑργοις
3447 2312 3556 2368 τῶν
3609 2308 3758 2409 ἰδίων

489 2427 662 2497 ipsius
689 2429 859 2486 lucem
896 2432 1130 2486 vocavit.

2171 2395 2406 2491 χειρῶνο
2438 2421 2486 2472 oi
2531 2418 2590 2471 δὲ
2619 2395 3020 2487 νλελατρεύκασι
3062 2412 3139 2484 τῷ
3178 2407 3430 2497 παναγίῳ
3474 2400 3613 2471 Θεῷ,
3660 2395 3756 2451 καὶ⁹

487 2496 598 2587 ﬁt;
654 2525 783 2596 παρ’
827 2525 992 2578 αὐτοῦ
1038 2503 1398 2595 διοἰκούμενοι
1441 2523 1649 2595 νόμοις,
1721 2521 1822 2592 τῆς
1869 2515 2100 2586 εὖαγοῦς
2162 2512 2437 2574 πολιτείας
2475 2509 2762 2579 γεγόνασιν
2804 2503 3154 2578 ἐπιμεληταί.
3207 2501 3273 2554 Ἡ
3303 2496 3479 2552 τοίνυν
3519 2504 3755 2596 μεμιση-

489 2582 622 2690 μὲπίη
657 2582 809 2692 χώρα
853 2622 1002 2687 ποτὲ,
1038 2582 1308 2694 φόϐητρον
1339 2582 1528 2692 ὥσπερ
1560 2582 1738 2673 τιηκαὶ
1779 2582 2069 2675 εὐλαϐείας
2134 2609 2322 2670 αὑτοῖς
2365 2605 2625 2673 ὑπόθεσις
2668 2603 2844 2670 ἔσται,
2908 2601 3081 2655 διάτοι
3123 2596 3185 2650 τὸ
3229 2597 3287 2648 ὲν
3318 2592 3456 2660 αὐτῇ
3499 2582 3754 2656 γενέσθαι

482 2715 740 2786 Χριστὸν,
767 2713 843 2778 ὡς
875 2713 1032 2787 ἔφην,
1057 2715 1149 2770 τὸν
1174 2716 1238 2769 ὲκ
1277 2718 1501 2780 σκότους
1524 2714 1722 2777 αὐτοὺς
1751 2711 2055 2766 καλέσαντα
2097 2704 2233 2776 πρὸς
2256 2703 2316 2756 τὸ
2347 2701 2661 2772 θαυμαστὸν
2691 2700 2858 2754 αὑτοῦ
2895 2699 3030 2770 φῶς-

560 2805 720 2862 Vrzns.
757 2806 842 2861 18.
882 2807 1087 2862 Dieilla
1125 2809 1352 2878 quinque
1381 2809 1614 2862 civitates
1655 2808 1709 2859 in
1738 2803 2065 2875 zEgyptolo-

481 2907 708 2965 quentnr
727 2897 906 2965 lingua
926 2898 1252 2965 Chananwa,
1272 2897 1588 2968 etjurubunt
1605 2898 1808 2952 nomine
1828 2893 2059 2949 Domini.

483 2989 676 3044 Cit-itas
712 2990 904 3044 Asedec
931 2989 1201 3045 vocabitur
1227 3007 1334 3045 una
1360 2991 1568 3046 civitas.

2246 2794 2326 2863 Τῇ
2359 2795 2547 2864 ἡμέρῃ
2580 2794 2780 2862 ἐκείνῃ
2818 2793 3062 2848 ἔσονται
3091 2786 3272 2841 πέντε
3315 2779 3525 2843 πόλεις
3550 2775 3621 2828 ἐν
3649 2773 3752 2864 Ali-

2167 2859 2706 2957 réxrtpilctlvoﬁaat
2853 2882 3103 2952 γλώσσῃ
3142 2875 3218 2944 τῇ
3247 2865 3610 2930 Χανανίτιδι,
3652 2859 3754 2957 καί

2169 2952 2503 3048 όμγύουσαι
2547 2976 2628 3043 τῷ
2684 2952 2928 3045 ὀνόματι
2977 2970 3218 3040 Κυρίου.
3274 2965 3460 3028 Πόλις
3513 2952 3751 3015 Ἁσεδὲκ

2168 3068 2538 3136 κληθήσεται
2568 3068 2606 3135 ἠ
2632 3067 2742 3136 μία
2774 3066 2971 3130 πόλις.

552 3165 739 3222 Mirari
774 3168 898 3236 quis
931 3169 1129 3239 poterit
1178 3170 1232 3223 in
1275 3167 1385 3234 his,
1419 3176 1475 3224 et
1510 3167 1662 3223 valde
1690 3167 1905 3237 quidem
1957 3179 2061 3220 me-

2232 3126 2727 3227 Ιέαταθαυμάσέιεν
2773 3153 2838 3208 ἄν
2877 3126 2963 3217 τίς
3001 3153 3096 3207 καὶ
3140 3149 3345 3220 σφόδρα
3388 3142 3615 3239 εἰκότως
3653 3138 3753 3208 τῆς

481 3261 610 3324 rito,
639 3269 885 3330 argutam
917 3269 969 3313 et
1007 3259 1334 3329 exquisitam
1357 3259 1499 3316 beati
1551 3261 1829 3330 propheta:
1862 3267 2061 3313 tracta-

485 3359 710 3416 tionem,
741 3352 834 3420 qui
886 3351 1046 3424 293
1078 3366 1265 3406 eorum
1317 3365 1540 3422 prorsus
1585 3350 1718 3405 nihil
1772 3350 2058 3420 ignoravit,

483 3461 604 3512 quite
654 3445 859 3516 regioni
889 3445 1264 3515 Egyptiorum
1308 3443 1573 3499 adventus
1607 3449 1852 3512 tempore
1878 3451 2063 3497 essent

486 3539 666 3589 futura
701 3535 830 3605 :qui
866 3544 920 3589 et
973 3534 1246 3604 sigillatim
1296 3534 1539 3606 praedicit
1572 3533 1946 3604 particularia,
2005 3541 2059 3586 et

485 3626 756 3692 quomodo
813 3624 1122 3695 evangelica
1179 3624 1492 3694 praidicatio
1556 3631 1809 3693 suscepta
1873 3620 2058 3686 fuerit,

484 3721 630 3772 clare
669 3717 904 3772 disserit.
945 3716 1277 3786 Loquentur,
1319 3715 1516 3787 inquit,
1539 3715 1779 3786 quinque
1811 3714 2060 3769 civitates

485 3814 538 3865 iu
573 3810 806 3880 Egypto
855 3808 1031 3879 lingua
1077 3808 1404 3874 Chananaca,
1449 3808 1502 3862 id
1539 3816 1640 3875 est,
1679 3807 1940 3877 Syrorum
1979 3802 2062 3857 vel

483 3901 912 3957 l”al;cstiu0rum.
941 3899 1055 3956 Una
1076 3899 1220 3954 enim
1244 3899 1424 3969 lingua
1454 3899 1751 3965 loquuntur
1771 3894 2061 3950 Pltmnices

481 4003 535 4046 ct
563 3992 852 4046 Palaestini.
891 3991 1031 4046 Sunt
1082 4001 1258 4046 autem
1299 3989 1621 4046 contermini
1657 3987 1870 4057 sibique
1930 3986 2061 4055 ipsis

483 4085 720 4154 contigui
757 4084 1027 4140 Palaestini
1081 4093 1136 4140 et
1191 4083 1454 4155 Egyptii,
1488 4096 1589 4136 nec
1632 4080 1927 4151 quidquam
1979 4087 2063 4134 est

483 4179 885 4245 intermedium,
909 4176 1000 4232 sed
1037 4177 1220 4232 statim
1245 4179 1297 4230 in
1326 4175 1585 4230 extremis
1613 4173 1810 4228 ﬁnibus
1841 4169 2059 4243 Egypti

482 4285 602 4337 quae
627 4270 693 4322 ad
721 4267 986 4323 orientem
1021 4276 1077 4323 et
1109 4268 1174 4321 ad
1217 4281 1367 4321 mare
1416 4274 1646 4336 spectat,
1679 4264 1925 4334 inquam,
1957 4261 2062 4316 Pa-

481 4361 701 4416 laestinae
743 4371 900 4416 terra:
934 4359 1092 4430 primi
1113 4359 1366 4414 introitus
1404 4366 1459 4413 et
1483 4359 1637 4428 quasi
1665 4355 1851 4412 fauces
1889 4370 2058 4425 appa-

482 4461 620 4506 rent.
673 4450 916 4506 Conlinis
974 4453 1137 4522 igitur
1196 4449 1450 4506 Chanaan
1485 4448 1752 4521 IEgyptus
1781 4467 1794 4504 :
1823 4449 2050 4518 ideoque

2161 3249 2219 3301 ἐν
2259 3265 2324 3316 γε
2364 3246 2578 3309 τούτοις
2619 3243 2970 3315 ίσχνομυθίας
3009 3242 3101 3294 τὸν
3139 3239 3408 3312 μακάριον
3442 3231 3751 3302 προφήτην,

2163 3341 2259 3395 καὶ
2287 3338 2594 3409 ἠγνοηκότα
2643 3337 2744 3407 μὲν
2785 3335 3065 3397 παντελῶς
3111 3332 3262 3385 οὐδὲν
3301 3329 3410 3383 τῶν
3452 3323 3726 3394 ἐσομένων

2161 3431 2305 3486 κατὰ
2349 3431 2478 3494 τοὺς
2523 3429 2623 3497 τῆς
2683 3428 2976 3500 ἐπιδημίας
3025 3425 3251 3497 καιροὺς
3297 3424 3365 3492 τῇ
3421 3418 3529 3473 τῶν
3581 3417 3748 3482 Αἰγυ-

2162 3522 2334 3576 πτίων
2362 3519 2534 3592 χώρᾳ,
2590 3519 3089 3591 προαναφωνοῦντα
3129 3516 3188 3571 δὲ
3218 3515 3291 3568 τὰ
3335 3512 3457 3568 καθ’
3495 3510 3751 3569 ἕκαστον,

2161 3615 2284 3668 τίνα
2341 3613 2543 3684 τρόπον
2588 3613 2651 3666 τὸ
2691 3610 3046 3682 εὐαγγελικὺν
3106 3605 3433 3680 παρεδείχθη
3491 3603 3754 3674 κήρυγμα

2161 3706 2548 3778 διαγορεύοντα
2591 3705 2798 3776 σαφῶς.
2850 3706 3104 3758 Ἔσονται
3134 3700 3336 3763 τοίνυν,
3387 3693 3541 3766 φησι,
3591 3691 3754 3744 πέντε

2162 3807 2348 3871 πόλεις
2382 3808 2439 3859 ὲν
2482 3803 2746 3874 Αἰγύπτῳ
2791 3798 3048 3854 λαλοῦσαι
3094 3795 3161 3865 τῇ
3201 3789 3424 3862 γλώσσῃ
3465 3789 3538 3858 τῇ
3573 3785 3756 3836 Χανα-

2161 3899 2340 3964 νίτιδι,
2371 3898 2517 3952 τοῦτ’
2543 3897 2659 3950 ἔστι
2702 3898 2769 3966 τῇ
2797 3892 3009 3965 Σύρων,
3053 3889 3173 3960 ἦτοι
3218 3887 3286 3955 τῇ
3320 3879 3464 3935 κατὰ
3503 3878 3603 3949 τὴν
3634 3877 3753 3928 Πα-

2163 3991 2466 4061 λαιστίνην.
2516 3990 2635 4060 Mn;
2679 3987 2791 4058 γὰρ
2828 3981 3050 4038 λαλοῦσι
3097 3977 3316 4048 γλώσσῃ
3367 3973 3610 4031 Φοίνικες
3659 3966 3756 4061 καί.

2163 4058 2532 4137 Παλαιστνινοί.
2571 4058 2992 4151 ’Ᾰγχιτέρμονες
3037 4073 3093 4126 δὲ
3136 4070 3297 4125 πάλιν
3342 4064 3599 4135 ἀλλήλοις
3643 4058 3756 4151 εἰσὶ

2161 4172 2514 4229 Παλαιστινοί
2551 4190 2612 4225 τε
2655 4150 2751 4224 καὶ
2791 4166 3084 4236 Αἰγύπτιοι
3108 4207 3123 4231 ,
3175 4161 3270 4216 καὶ
3302 4159 3364 4212 τὸ
3417 4150 3754 4227 μεσολαϐοῦν

2163 4265 2336 4328 οὐδὲν,
2364 4264 2480 4318 ἀλλ’
2516 4265 2574 4316 ὲν
2602 4263 2716 4324 τοῖς
2741 4259 2842 4331 τῆς
2891 4255 3169 4324 Αίγύπτου
3214 4249 3436 4320 πέρασι,
3470 4246 3584 4306 τοῖς
3613 4241 3754 4312 πρός

2163 4356 2230 4426 γέ
2271 4373 2413 4426 φημι
2451 4353 2550 4425 τὴν
2605 4354 2716 4419 ἔω,
2757 4350 2853 4404 καὶ
2892 4347 3173 4402 θάλασσαν
3222 4340 3321 4410 τῆς
3373 4331 3753 4390 Παλαιστινῶν

2163 4451 2287 4522 γῆς,
2319 4451 2375 4503 αἱ
2405 4447 2620 4520 πρῶται
2647 4444 2832 4500 λοιπὸν
2863 4441 3176 4510 ἀνίσχουσιν
3219 4428 3478 4486 εἰσϐολαί.
3510 4428 3754 4522 Ὅμορος

479 4543 727 4598 civitates
755 4543 859 4598 illa:
887 4543 940 4596 in
974 4515 1209 4598 conﬁnio
1243 4515 1736 4610 Egyptimrimum
1773 4515 2050 4607 Evangelii

2164 4515 2336 4594 τοίνυν
2361 4542 2426 4609 τῇ
2453 4515 2779 4592 Χαναναίων
2809 4535 2843 4606 ἡ
2877 4527 3213 4599 Αἰγυπτίων.
3249 4523 3437 4593 Ταύτῃ
3458 4536 3538 4573 τοι
3568 4517 3666 4572 καὶ
3693 4515 3752 4569 at

481 4642 806 4703 receperunt
875 4633 1314 4704 praedicationem
1372 4649 1386 4685 :
1448 4628 1666 4683 fuerunt
1723 4636 1906 4681 autem
1977 4626 2061 4679 ha:

480 4726 743 4793 quinque,
773 4739 1002 4796 quarum
1030 4724 1260 4792 primam
1296 4733 1416 4774 eam
1453 4732 1573 4787 qua:
1607 4731 1750 4770 nunc
1784 4713 2062 4769 Rhinoco-

482 4825 790 4871 rurctarum
812 4820 915 4882 est,
931 4812 1178 4868 dicimus.
1203 4809 1520 4877 Loquuntur
1535 4805 1678 4860 enim
1700 4804 1863 4858 etiam
1882 4803 2060 4872 lingua

483 4909 805 4964 Chananzca.
835 4905 951 4962 Illis
994 4905 1139 4959 enim
1179 4901 1405 4957 urbibus
1434 4899 1612 4955 studio
1665 4906 1770 4962 est,
1802 4910 1908 4950 non
1951 4904 2062 4949 tan-

487 5014 599 5056 tum
628 5014 806 5070 operae
834 5009 1085 5064 curaeque
1113 4994 1165 5048 in
1183 4990 1563 5082 Egyptiorum
1595 5001 1868 5052 sermone,
1892 4999 2064 5056 quan-

485 5097 599 5140 tum
632 5087 683 5140 in
730 5084 954 5155 Syriaca
987 5083 1167 5150 lingua
1212 5077 1437 5150 ponere.
1474 5077 1705 5144 Quidam
1738 5077 1902 5131 etiam
1937 5089 2064 5128 nar-

487 5180 612 5225 runt
645 5170 702 5224 in
735 5170 848 5224 suis
887 5169 1104 5236 scriptis
1146 5165 1444 5236 Josepltum
1499 5164 1702 5220 diserte
1729 5177 2062 5218 commemo-

488 5277 610 5317 rare
637 5259 926 5331 quemdam
965 5259 1184 5312 nomine
1217 5257 1427 5312 Joniam
1481 5255 1784 5312 ministerio
1818 5255 2062 5310 functum

485 5355 632 5411 inter
661 5366 756 5407 eos
786 5350 876 5420 qui
901 5350 1164 5421 sanguine
1197 5347 1442 5405 Levitico
1475 5347 1690 5404 oriundi
1719 5354 1865 5414 sunt,
1893 5353 1948 5402 et
1976 5361 2064 5401 sa-

485 5443 732 5503 cerdotio
762 5457 826 5498 ex
858 5442 974 5514 lege
999 5453 1251 5499 ornatum
1281 5443 1463 5512 simul,
1497 5443 1593 5514 qui
1621 5453 1676 5498 ut
1699 5458 1767 5500 ex
1801 5452 1946 5499 terra
1978 5440 2067 5497 Ju-

490 5539 646 5595 daica
675 5536 1056 5606 demigrasset,
1085 5536 1228 5605 quod
1288 5536 1621 5592 simultatem
1653 5551 1776 5591 cum
1834 5534 2065 5605 quodam

492 5641 722 5700 cognato
761 5643 860 5686 suo
904 5629 1261 5694 exercuisset,
1296 5628 1383 5683 vel
1435 5628 1580 5684 forte
1632 5627 2064 5699 persecutionem

497 5736 781 5792 perpessus
819 5720 1033 5786 fuisset,
1097 5721 1162 5774 ad
1207 5720 1447 5790 quinque
1475 5719 1574 5774 ltas
1619 5719 1782 5775 urbes
1810 5717 2070 5772 ﬁnitimas

469 5808 750 5870 ’Lhanaan
791 5813 1092 5887 pertigisse.
1136 5813 1255 5881 Hic,
1286 5812 1480 5887 inquit,
1517 5811 1730 5870 inllnita
1753 5819 1939 5868 coacta
1978 5809 2068 5866 lu-

2164 4632 2303 4704 πρὸς
2328 4633 2439 4692 τοῖς
2466 4631 2666 4700 πέρασι
2694 4627 2793 4698 τῆς
2835 4623 3112 4692 Αἰγύπτου
3148 4618 3354 4680 πόλεις,
3396 4612 3618 4704 πρῶτον
3647 4625 3753 4662 πα-

2167 4694 2479 4795 ραδέχονται
2520 4694 2583 4774 τὸ
2629 4694 2893 4790 σωτήριον
2935 4716 3226 4786 κήρυγμα·
3258 4709 3422 4763 πέντε
3464 4705 3521 4758 δὲ
3554 4694 3751 4767 αὗται,

2164 4809 2238 4867 ὧν
2277 4813 2342 4883 δὴ
2385 4811 2482 4864 καὶ
2532 4807 2757 4881 πρώτην
2807 4801 2948 4860 εἷναί
2985 4819 3163 4874 φαμεν
3207 4799 3306 4871 τὴν
3353 4797 3471 4852 νυνὶ
3511 4796 3754 4883 Ῥινοκο-

2166 4882 2464 4975 ρουρηίτῶν.
2497 4897 2733 4954 Λαλοῦσι
2774 4897 2873 4967 μὲν
2909 4894 3004 4948 καὶ
3047 4894 3113 4964 τῇ
3158 4889 3377 4960 γλώσσῃ
3414 4882 3750 4975 Χανανίτιδι.

2177 4972 2573 5048 Ἐσίπούδασται
2602 4989 2712 5060 γὰρ
2744 4989 2855 5050 τοῖς
2884 4987 2941 5039 ὲν
2969 4982 3196 5045 ταύταις
3216 4983 3338 5043 ταῖς
3362 4977 3601 5039 πόλεσιν,
3630 4972 3754 5042 οὐχὶ

2163 5087 2261 5156 τῆς
2283 5082 2602 5150 Αἰγυπτίων
2645 5079 2828 5150 φωνῆς
2871 5071 3280 5147 μεταποιεῖσθαι
3317 5066 3592 5132 τοσοῦτον,
3627 5065 3752 5118 ὅσον

2164 5155 2262 5249 τῆς
2292 5175 2501 5246 Σύρων.
2532 5171 2670 5225 Φασὶ
2706 5169 2764 5226 δέ
2788 5183 2935 5229 τινες
2976 5167 3034 5218 ὲν
3075 5163 3234 5227 ἰδίαις
3257 5160 3601 5230 συγγραφαῖς
3634 5155 3752 5208 δια-

2169 5246 2541 5340 μνημονεῦσαι
2573 5261 2761 5332 σαφῶς
2796 5259 2887 5312 τὸν
2920 5255 3203 5326 Ἰώσηπον,
3241 5255 3324 5308 ὅτι
3351 5251 3452 5322 τῆς
3479 5246 3753 5303 Ἰουδαίων

2165 5339 2541 5430 ἁποφοιτήσας
2570 5355 2697 5424 γῆς,
2728 5349 2934 5412 Ἰωνίας
2960 5364 3044 5410 τις
3070 5345 3295 5416 ὀνόματι
3337 5341 3509 5397 τελῶν
3541 5340 3599 5393 ὲν
3637 5339 3754 5400 τοῖς

2167 5451 2423 5522 ὲξαίμασι
2463 5447 2560 5502 τοῦ
2593 5443 2724 5501 Λευῒ
2767 5441 2862 5495 καὶ
2896 5441 2961 5510 τῇ
2996 5436 3136 5492 κατὰ
3173 5436 3335 5507 νόμον
3367 5431 3636 5505 ἱερωσύνῃ
3663 5446 3751 5481 τε-

2166 5540 2468 5613 τιμημένος
2494 5581 2510 5605 ,
2548 5537 2624 5599 ὡς
2667 5533 2900 5605 ὁμόρους
2935 5529 3043 5583 τῶν
3087 5525 3408 5581 Χαναναίων
3449 5523 3549 5584 τὰς
3585 5523 3750 5574 ’πέντε

2168 5632 2398 5687 ταυτασὶ
2417 5626 2746 5684 κατελάϐετο
2784 5622 2991 5685 πόλεις,
3028 5618 3407 5690 φιλονεικήσας
3433 5613 3570 5686 πρός
3596 5628 3749 5675 τινας

2169 5723 2275 5779 τῶν
2317 5719 2612 5793 ὁμογενῶν,
2648 5717 2682 5788 ἢ
2724 5715 2866 5786 τάχα
2912 5729 3017 5765 που
3065 5711 3160 5764 καὶ
3203 5706 3382 5772 δίωξιν
3425 5702 3746 5774 ὑπομείνας.

2173 5814 2353 5886 Οὗτος,
2391 5817 2566 5887 φησιν,
2583 5812 2684 5868 οὐκ
2713 5808 3075 5881 εὐαρίθμητον
3100 5802 3366 5859 Ἰουδαίων
3390 5796 3598 5868 πληθὺν
3623 5809 3739 5848 σον·
