4060 6506
431 357 499 408 ι’]
507 355 528 408 Ι

1419 354 1477 411 S.
1519 354 1796 412 CYRILLI
1831 356 2298 414 ALEXANDRINI
2340 362 2654 418 ARLHIEP.

3574 376 3678 430 ΓΗ

433 471 693 556 stiterunt
759 469 982 527 Domino
1025 473 1332 544 complures
1373 482 1429 531 et
1455 474 1876 532 innumerabiles
1921 493 2017 548 per

2120 481 2180 534 τδ
2202 482 2486 552 τηνικάδε,
2535 485 2651 536 νυνὶ
2675 484 2730 536 δὲ
2769 483 2832 553 δὴ
2863 483 2956 537 καὶ
2990 485 3069 546 είς
3112 487 3282 556 πέρας
3322 487 3675 560 ἐκϐεϐηκότα.

437 562 727 634 Αέεςριιιηι
776 582 790 619 :
845 574 900 620 et
948 566 1122 621 crucis
1173 567 1382 636 signum
1443 569 1635 625 incolis
1682 573 2004 626 venerabile.

439 653 647 709 Etenim
675 655 727 708 in
756 654 1044 720 Dominum
1069 655 1229 727 295
1257 666 1504 713 nostrum
1528 657 1709 713 Jesum
1735 659 2006 715 Christum

437 747 797 802 crediderunt.
839 745 1116 803 Nonnullis
1167 757 1346 804 autem
1380 752 1745 820 expositorum
1784 753 2006 822 placuit,

440 852 536 906 pro
586 838 832 891 columna
888 837 1099 891 titulum
1147 839 1607 911 dicere,eumque
1652 841 1832 897 ferunt
1885 859 2008 900 esse

439 931 580 984 hunc
635 943 1041 989 sacrosanctum
1113 935 1481 1007 Evangelium.
1555 937 1769 994 Judicet
1829 951 2006 995 autem

437 1034 625 1076 rursus
649 1025 905 1090 prudens,
932 1027 1063 1096 quid
1086 1027 1375 1098 optimum,
1411 1038 1466 1085 et
1498 1030 1624 1100 quid
1645 1031 2004 1086 rectissimum

437 1125 557 1167 esse
586 1113 853 1172 videatur.

511 1294 674 1352 Vens.
711 1296 803 1364 20,
822 1297 913 1357 21.
941 1297 1082 1364 Quia
1098 1300 1396 1355 clamabunt
1413 1303 1482 1355 ad
1501 1301 1781 1356 Dominum
1798 1313 2011 1372 propter

441 1389 743 1459 oﬂiictanles
759 1407 833 1454 se,
856 1401 903 1445 et
923 1393 1086 1446 mittet
1105 1392 1212 1445 iliis
1233 1392 1488 1446 Dominus
1509 1395 1767 1447 hominem
1784 1397 1875 1464 qui
1896 1412 2011 1449 sero

439 1476 580 1534 cal-it
614 1496 722 1547 eos,
764 1490 810 1534 et
832 1491 982 1534 notus
1003 1483 1099 1534 erit
1123 1481 1380 1536 Dominus
1403 1482 1696 1553 Egyptit's,
1738 1496 1784 1538 et
1813 1502 2011 1556 cogno-

441 1581 580 1623 scent
606 1569 885 1624 Dominum
907 1570 1152 1641 Egyptii
1183 1573 1234 1626 in
1261 1573 1348 1628 die
1377 1572 1493 1640 illa,
1515 1584 1562 1626 et
1582 1573 1777 1644 facient
1803 1579 2010 1647 sacri/i-

439 1662 544 1726 cio,
573 1671 619 1716 et
646 1662 899 1718 vovebant
924 1676 1042 1722 veta
1074 1665 1326 1733 Domino,
1353 1677 1398 1722 et
1440 1669 1678 1724 reddent.

514 1927 894 1998 Contemplare
932 1931 1062 1986 mihi
1129 1933 1323 1988 iterum
1382 1934 1677 2004 prophetiae
1741 1937 2010 2008 egregiam

439 2029 494 2074 et
526 2018 869 2076 artificiosam
909 2020 1265 2092 vigilantiam.
1305 2021 1438 2078 Nam
1491 2025 1711 2092 perinde
1739 2029 1892 2098 quasi
1928 2030 2012 2084 in-

445 2121 683 2181 terroget
745 2113 1040 2185 quispiam,
1094 2129 1158 2170 ac
1208 2115 1400 2172 dicat:
1439 2117 1577 2185 Quid
1633 2119 1735 2175 hoc
1773 2121 1848 2176 rei
1894 2123 2014 2178 est?

441 2205 568 2270 quid
616 2218 811 2270 causas,
861 2215 919 2259 ut
982 2205 1240 2261 Dominus
1289 2209 1500 2264 veniret
1531 2210 1600 2265 lin
1635 2210 1922 2282 [Egyptum
1959 2213 2013 2268 in

444 2289 586 2346 nube
642 2294 765 2358 levi,
817 2303 981 2365 atque
1038 2297 1140 2352 hoc
1195 2305 1253 2352 et
1298 2299 1426 2356 illud
1479 2303 1648 2369 gratis
1705 2305 2015 2360 conferret?

445 2374 828 2452 praeoccupans
907 2387 1166 2456 propheta
1237 2393 1526 2460 respondet
1581 2401 1636 2448 et
1701 2395 1778 2450 ait
1824 2414 1838 2451 :
1880 2395 2016 2462 Quia

444 2473 754 2532 clamabunt
792 2480 858 2534 ad
909 2481 1192 2538 Dominum
1247 2495 1469 2556 propter
1513 2485 1809 2559 allligentes
1834 2504 1928 2557 se,
1962 2499 2016 2546 et

446 2569 622 2623 mittet
664 2570 791 2640 ipsis
835 2570 1092 2628 Dominus
1140 2576 1411 2632 hominem
1456 2579 1549 2649 qui
1609 2581 1852 2637 servabit
1899 2595 2013 2637 eos.

442 2659 720 2717 lusultavit
771 2665 971 2719 etenim
1035 2669 1240 2736 peccati
1286 2679 1461 2738 pater.
1516 2671 1569 2726 id
1627 2681 1712 2728 est
1765 2671 2015 2739 Satanas,

447 2753 712 2810 universae
766 2766 926 2812 terrm
959 2759 1171 2824 incolis,
1197 2771 1252 2815 et
1296 2762 1550 2832 nequitiae
1573 2777 1683 2818 sum
1705 2763 2018 2834 jugoimpo-

445 2848 550 2902 sito
595 2847 868 2915 omnibus,
919 2850 1066 2905 velut
1091 2867 1121 2905 a
1150 2852 1318 2922 septis
1375 2853 1569 2908 divinae
1596 2855 1882 2910 charitatis
1916 2858 2014 2910 ab-

445 2941 620 3004 duxit,
656 2953 710 2997 et
743 2950 946 2997 tantum
972 2959 1080 2998 non
1110 2943 1299 3014 ligatos
1345 2945 1554 3000 habens
1585 2946 1724 3016 apud
1750 2961 1810 3002 se
1845 2946 2015 3017 rigide

447 3043 500 3085 et
527 3032 687 3101 impie
730 3035 775 3088 vi
823 3037 1078 3091 coercuit.
1118 3037 1384 3093 Caeterum
1439 3040 1517 3095 rei
1556 3046 1749 3117 natura
1798 3014 2035 3112 gravem.

449 3132 503 3176 et
555 3139 662 3179 non
715 3124 991 3182 ferendam
1034 3129 1086 3182 in
1128 3144 1188 3183 se
1229 3129 1434 3185 habens
1461 3131 1796 3198 violentiam,
1829 3143 2016 3187 contra

454 3217 797 3288 tyrannidem
860 3219 978 3288 ejus
1037 3223 1330 3279 vociferata
1409 3231 1512 3279 est.
1602 3223 1695 3279 Sic
1756 3225 2018 3294 intelliges

451 3310 715 3365 clamasse
741 3309 1044 3385 Egyptios.
1099 3316 1289 3385 Atqui
1336 3331 1522 3370 verum
1562 3330 1666 3370 non
1699 3317 1768 3372 sit
1817 3318 2016 3384 dicere,

449 3414 543 3453 eos
573 3403 663 3470 qui
709 3415 900 3458 natura
962 3405 1330 3462 universitatis
1365 3405 1649 3461 Dominum
1701 3419 2018 3478 cognorant,

450 3494 669 3547 omnino
701 3495 768 3548 ad
811 3496 984 3564 ipsum
1015 3511 1119 3550 non
1170 3497 1472 3553 clamasse?
1495 3500 1563 3552 At
1591 3500 1732 3554 enim
1763 3501 2023 3568 quemad-

449 3587 665 3655 modum
699 3589 920 3658 sanguis
971 3589 1155 3644 Abelis
1213 3589 1478 3645 clamasse
1504 3575 1682 3646 diclu'r
1731 3593 1797 3646 ad
1831 3591 2021 3658 Deum,

450 3680 659 3735 etiamsi
698 3681 811 3750 ipse
857 3683 1132 3751 propriam
1167 3697 1354 3739 vocem
1401 3699 1624 3753 prorsus
1653 3699 1756 3739 non
1805 3685 2020 3749 habeat,

450 3773 543 3825 sed
567 3772 709 3841 quod
743 3772 915 3841 ipsam
948 3773 1101 3840 quasi
1137 3773 1213 3828 rei
1245 3774 1614 3844 indignitatem
1662 3775 1805 3830 Deus
1837 3790 2024 3845 prose—

449 3871 650 3931 quatur
688 3880 702 3916 :
735 3862 801 3916 ad
831 3863 1078 3918 eumdem
1108 3874 1238 3936 puto
1289 3868 1505 3922 modum
1540 3868 1842 3940 intelligere
1901 3869 2023 3938 quis

451 3955 668 4022 poterit,
710 3954 777 4009 de
810 3953 894 4009 his
930 3954 1115 4023 etiam;
1139 3956 1232 4024 qui
1261 3957 1494 4012 adorare
1525 3950 1768 4013 solebant
1799 3959 2024 4012 immun-

451 4049 549 4101 dos
571 4046 814 4115 spiritus.
850 4045 962 4104 Etsi
998 4047 1142 4102 enim
1179 4049 1551 4105 univcrsitatis
1580 4052 1747 4106 Deum
1781 4067 1884 4104 non
1924 4050 2021 4103 ha~

448 4141 962 4210 bebanlcoguitum,
998 4149 1173 4200 tamen
1223 4142 1350 4212 quia
1389 4143 1496 4200 vim
1527 4145 1670 4211 passi
1702 4152 1828 4198 sunt
1859 4158 1888 4195 a
1924 4140 2025 4194 Sa-

453 4243 600 4298 tana,
661 4234 774 4302 ipsa
827 4235 1226 4303 quodammodo
1259 4251 1318 4290 re
1347 4237 1757 4302 exclamarunt,
1803 4235 2024 4290 omnino

450 4329 552 4384 sibi
594 4328 852 4382 auxilium
919 4327 1290 4396 implorantes.
1360 4329 1454 4384 Sic
1491 4331 1754 4385 clamasse
1795 4329 2025 4384 dicimus

451 4431 508 4476 et
549 4420 837 4490 Egyptios
871 4421 936 4476 ad
969 4419 1138 4476 Deum
1194 4429 1412 4491 propter
1440 4422 1763 4478 aillictantes
1800 4435 1914 4487 eos,
1968 4420 2021 4476 id

2109 579 2504 648 Θυσιαστήριον
2537 575 2648 646 γὰρ
2676 575 2753 646 τῷ
2786 575 3004 646 Κυρίῳο
3050 576 3280 630 πλεῖστά
3316 595 3374 631 τε
3422 580 3557 646 ὅσα,
3589 582 3679 633 καὶ

2109 667 2342 738 ἀριθμοῦ
2362 666 2664 737 κρείττονα,
2699 666 2839 720 κατὰ
2866 665 2965 734 τὴν
2993 665 3306 733 Αἰγυπτίων
3325 683 3338 696 ·
3375 670 3467 721 καὶ
3499 668 3561 722 τὸ
3585 670 3680 722 τοῦ

2110 759 2343 829 σταυροῦ
2385 761 2606 829 σημεῖον
2638 761 2749 819 τοῖς
2787 757 3054 811 ἐνοικοῦσι
3086 759 3477 829 προσκυνητόν.
3513 761 3681 818 [lem-

2110 851 2367 905 στεύκασι
2392 850 2499 920 γὰρ
2524 851 2608 928 εἰς
2642 849 2731 902 τὸν
2764 849 2969 918 Κύριον
2999 849 3157 920 ἡμῶν
3198 848 3402 920 Ἰησοῦν
3432 850 3522 904 τὸν
3545 851 3680 922 Χρι-

2111 941 2254 994 στόν.
2277 939 2461 1002 Ἔδοξε
2497 939 2553 991 δέ
2573 954 2683 992 τισι
2709 937 2818 990 τῶν
2854 937 3153 1008 ἐξηγητῶν,
3187 939 3307 991 ἀντὶ
3333 939 3434 1010 τῆς
3480 940 3682 1010 στήλης

2108 1030 2284 1083 τίτλον
2303 1029 2586 1099 ὀνομάσαι,
2629 1028 2722 1081 καί
2753 1044 2914 1096 φασιν
2940 1023 3076 1080 εἶναι
3114 1027 3272 1081 τοῦτο
3298 1028 3359 1081 τὸ
3389 1028 3543 1097 ἅγιον
3574 1029 3681 1082 Εὐ-

2109 1117 2378 1188 αγγέλιον.
2400 1117 2679 1190 Δοξαζέῐτω
2709 1116 2767 1169 δὲ
2785 1116 2944 1170 πάλιν
2974 1119 3001 1170 ὁ
3025 1117 3281 1189 νουνεχὴς
3307 1117 3366 1172 τὸ
3390 1118 3466 1182 ὡς
3486 1119 3684 1189 ἄριστά

2107 1227 2167 1264 τε
2191 1210 2285 1262 καὶ
2309 1204 2368 1262 εῦ
2402 1208 2546 1278 ἔχειν
2573 1208 2781 1263 δοκοῦν.

2179 1298 2308 1350 Ὀτι
2355 1297 2742 1365 κεκράξονται
2789 1297 2939 1365 πρὸς
2982 1297 3202 1367 Κύριον
3246 1298 3346 1352 διὰ
3387 1299 3530 1367 τοὺς
3559 1301 3685 1356 θλί-

2110 1393 2323 1455 ϐοντας
2348 1390 2587 1456 αὐτοὺς,
2617 1389 2715 1443 καὶ
2753 1389 3081 1444 ἀποστελεῖ
3107 1390 3314 1456 αὐτοῖς
3333 1392 3545 1459 Κύριος
3581 1391 3686 1446 ἇν-

2110 1486 2344 1552 θρωπον
2389 1481 2458 1548 ὃς
2510 1482 2696 1536 σώσει
2741 1482 2984 1549 αὐτούς.
3043 1481 3155 1535 Καὶ
3191 1483 3459 1552 γνωστὸς
3514 1482 3686 1536 ἔσται

2109 1578 2324 1644 Κύριος
2373 1573 2496 1640 τοῖς
2554 1573 2916 1644 Αἰγυπτίοις.
2977 1574 3088 1629 Καί
3133 1573 3465 1645 γνώσονται
3497 1577 3550 1628 οί
3595 1575 3687 1627 Αί-

2110 1669 2343 1738 γύπτιοι
2386 1667 2493 1721 τὸν
2539 1667 2756 1734 Κύριον
2800 1666 2872 1720 ἐν
2919 1665 2994 1735 τῇ
3057 1665 3250 1736 ἡμέρᾳ
3307 1666 3528 1735 ἐκείνῃ.
3577 1664 3689 1720 Καὶ

2117 1759 2442 1828 ποιήσουσι
2467 1759 2705 1825 θυσίας,
2764 1760 2864 1813 καὶ
2898 1759 3176 1824 εὔξονται
3222 1759 3408 1828 εὐχὰς
3443 1758 3524 1824 τῷ
3569 1761 3689 1812 Κυ-

2110 1853 2243 1921 ρίῳ,
2265 1852 2365 1905 καί
2400 1849 2807 1906 ἀποδώσουσι.

2189 1943 2380 2012 Ἀθρει
2411 1943 2475 2013 δή
2520 1960 2611 2013 μοι
2667 1942 2828 1998 πάλιν
2873 1944 2972 2013 τῆς
3031 1942 3379 2014 προφητικῆς
3410 1939 3692 2012 εὐτεχνίας

2114 2034 2213 2105 τὴν
2245 2033 2424 2104 νῆψιν.
2465 2035 2676 2103 ’Ὠσπερ
2699 2033 2808 2105 γὰρ
2846 2033 3363 2106 ἀναπυνθανομένου
3395 2033 3540 2097 τινδς
3598 2033 3695 2085 καὶ

2114 2127 2384 2196 λέγοντος·
2417 2126 2482 2179 Τί
2503 2126 2563 2179 τὸ
2588 2125 2807 2197 χρῆμα;
2840 2127 2976 2181 Ποία
3007 2126 3061 2179 δὲ
3081 2125 3270 2195 γέγονε
3301 2126 3572 2196 πρόφασις
3597 2123 3692 2177 τοῦ

2114 2220 2206 2275 τὸν
2226 2219 2429 2291 Κύριον
2457 2217 2630 2272 ὲλθεῖν
2656 2221 2736 2282 εἰς
2764 2218 3036 2287 Αἴγυπτον
3066 2219 3158 2272 ἐπὶ
3197 2217 3428 2288 νεφέλης
3463 2214 3696 2286 κούφης.

2116 2312 2446 2386 χαρίσασθαί
2473 2329 2536 2365 τε
2561 2312 2743 2376 αὐτοῖς
2773 2311 2932 2365 τοῦτό
2978 2328 3038 2364 τε
3072 2311 3331 2376 κὰκεῖνο;
3360 2307 3630 2364 διαλαϐὼν
3667 2309 3698 2361 ό

2117 2406 2403 2477 προφήτης
2428 2403 2781 2474 ἀποκρίνεται
2816 2404 2910 2458 καὶ
2941 2403 3126 2475 φησίν·
3169 2403 3292 2456 Ὀτι
3340 2399 3697 2470 κεκράξονται

2118 2499 2256 2570 πρὸς
2300 2497 2506 2568 Κύριον
2553 2495 2642 2549 διὰ
2671 2495 2795 2559 τοὺς
2855 2493 3134 2556 θλίϐοντας
3177 2493 3398 2556 αὐτοὺς,
3432 2491 3526 2544 καὶ
3554 2491 3696 2543 ἀπο-

2123 2590 2300 2644 στελεῖ
2357 2587 2539 2650 αὐτοῖς
2574 2585 2781 2657 Κύριος
2833 2584 3120 2654 ἄνθρωπον
3170 2582 3228 2646 ὃς
3281 2579 3443 2634 σώσει
3473 2577 3694 2642 αύτούς.

2132 2680 2475 2751 Ἐπεπήδησε
2503 2678 2601 2750 μὲν
2625 2679 2735 2748 γὰρ
2769 2679 2796 2730 ό
2833 2677 2934 2744 τῆς
2986 2673 3255 2746 ἁμαρτίας
3285 2669 3498 2740 πατὴρ,
3551 2667 3697 2722 τοῦτ’

2120 2773 2267 2827 ἔστιν
2297 2774 2325 2826 ό
2356 2771 2618 2834 Σατανᾶς,
2672 2772 2783 2832 τοῖς
2816 2767 2917 2822 ἀνὰ
2952 2767 3134 2820 πᾶσαν
3171 2763 3270 2833 τὴν
3298 2762 3427 2831 γῆν,
3471 2759 3564 2812 καὶ
3594 2758 3696 2828 τῆς

2121 2863 2316 2918 ἑαυτοῦ
2343 2861 2672 2932 δυστροπίας
2697 2860 2908 2922 ἐπιθεὶς
2929 2857 3100 2912 ἅπασι
3127 2854 3217 2908 τὸν
3249 2853 3432 2922 ζυγὸν,
3461 2849 3699 2906 ἀπεϐου-

2121 2956 2320 3027 κόλησε
2349 2957 2446 3028 μὲν
2479 2955 2580 3025 τῆς
2604 2955 2684 3016 είς
2711 2951 2842 3006 Θεὸν
2877 2952 3116 3020 ἀγάπης.
3152 2947 3328 3002 Μόνον
3357 2945 3415 2998 δὲ
3453 2944 3574 3014 οὐχὶ
3617 2941 3700 2995 δε-

2120 3049 2376 3120 δεμένους
2397 3048 2542 3118 ἔχων.
2578 3047 2668 3114 ὑφ’
2699 3041 2898 3113 ἐαυτῷ,
2945 3039 3161 3111 πικρῶς
3206 3056 3265 3092 τε
3318 3036 3412 3091 καὶ
3460 3033 3701 3096 ἀνοσίως

2124 3140 2474 3204 κατεϐιάζετο
2491 3155 2504 3170 ·
2542 3136 2656 3190 ἀλλ’
2679 3137 2711 3205 ἡ
2736 3134 2830 3187 τοῦ
2854 3133 3177 3204 πράγματος
3198 3129 3378 3199 φύσις,
3403 3127 3580 3198 δεινὴν
3607 3126 3703 3178 καὶ

2125 3231 2399 3302 ἀφόρητον
2431 3230 2626 3299 ῑχουσα
2645 3225 2744 3296 τὴν
2769 3221 3103 3286 πλεονεξίαν,
3149 3220 3251 3290 τῆς
3299 3217 3508 3271 ἐκείνου
3567 3231 3704 3268 κατ-

2123 3325 2319 3394 εϐόησε
2369 3319 2704 3394 τυραννίδος.
2761 3315 2918 3370 Οὕτω
2959 3314 3172 3384 νοήσεις
3194 3309 3564 3381 κεκράξοντας
3606 3305 3706 3358 Δί-

2121 3417 2403 3487 γυπτίους.
2451 3413 2644 3468 Καίτοι
2690 3409 2808 3473 πῶς
2861 3408 2961 3461 οὐκ
2993 3403 3192 3476 ἀληθὲς
3247 3403 3444 3467 εἰπεῖν,
3475 3400 3555 3453 ὅτι
3609 3397 3703 3451 τὸν

2124 3509 2284 3579 φύσει
2333 3506 2440 3560 τῶν
2483 3506 2620 3558 ὅλων
2666 3500 2944 3572 Δεσπότην
2981 3499 3081 3552 ούκ
3131 3493 3456 3565 ἐγνωκότες,
3485 3491 3608 3579 ,οὐδ’
3637 3489 3706 3543 ἃν

2124 3578 2258 3663 ὅλως
2293 3598 2522 3668 ἐϐόησαν
2549 3593 2682 3666 πρὸς
2712 3591 2872 3646 αὐτόν
2899 3609 2914 3658 ;
2950 3588 3089 3642 Ἀλλ’
3116 3587 3304 3656 ὥσπερ
3344 3583 3405 3637 τὸ
3443 3578 3579 3652 αἷμα
3608 3579 3703 3632 τοῦ

2127 3691 2293 3744 ’Ἅϐελ
2316 3690 2508 3760 βοῆσαι
2527 3685 2744 3754 λέγεται
2766 3682 2900 3752 πρὸς
2919 3678 3176 3740 τὸνθεόν,
3201 3677 3295 3730 καὶ
3317 3677 3418 3730 οὐκ
3443 3672 3574 3728 αὑτό
3596 3687 3698 3724 που

2125 3783 2364 3844 πάντως,
2395 3779 2531 3832 ἰδίαν
2560 3777 2682 3848 ἔχον
2713 3775 2919 3844 φωνήν’
2947 3771 3061 3826 ἀλλ’
3101 3763 3264 3824 οἱονεὶ
3290 3767 3388 3838 τὴν
3414 3765 3582 3836 αὐτὴν
3609 3762 3704 3817 τοῦ

2125 3873 2449 3944 πράγματος
2465 3867 2695 3923 ἀτοπίαν
2722 3860 3190 3931 κατεστυγηκότος
3217 3857 3374 3912 Θεοῦ·
3402 3855 3493 3910 τὸν
3521 3853 3705 3920 αὑτὸν,

2125 3960 2302 4034 οἶμαι,
2331 3959 2532 4031 τρόπον
2555 3957 2745 4027 νοήσαι
2775 3970 2859 4016 τις
2893 3952 2958 4005 ἂν
3008 3949 3100 4002 καὶ
3148 3947 3242 4000 ἐπὶ
3291 3945 3400 4000 τῶν
3439 3944 3709 3998 εἰωθότων

2126 4053 2449 4125 προσκυνεῖν
2477 4051 2587 4111 τοῖς
2617 4045 2949 4116 ἀκαθάρτοις
2968 4041 3236 4109 δαίμοσιν.
3266 4039 3330 4092 Εἰ
3350 4037 3459 4109 γὰρ
3484 4037 3578 4090 καὶ
3609 4037 3710 4089 οὐκ

2127 4149 2274 4200 ῖσασι
2306 4143 2396 4198 τὸν
2423 4141 2532 4196 τῶν
2559 4139 2696 4194 ὅλων
2727 4137 2882 4200 Θεὸν,
2911 4134 3027 4188 ἀλλ’
3060 4129 3152 4187 οῦν
3181 4129 3710 4198 ὅτιπεπλεονέκτην-

2125 4256 2213 4296 ται
2245 4235 2398 4306 παρὰ
2447 4233 2542 4289 τοῦ
2597 4230 2832 4293 Σατανᾶ,
2887 4227 2955 4280 δι’
2999 4225 3163 4281 αὑτοῦ
3212 4223 3414 4294 τρόπον
3459 4220 3582 4274 τινὰ
3613 4218 3710 4274 τοῦ

2127 4331 2449 4401 πράγματος
2470 4323 2878 4394 ἀνακεκράγασι
2901 4319 3000 4390 τὴν
3028 4320 3110 4386 ἐφ’
3129 4317 3339 4380 ἑαυτοῖς
3367 4331 3469 4366 που
3495 4314 3714 4376 πάντως

2125 4419 2402 4483 αἰτοῦντες
2441 4415 2778 4486 ἐπικουρίαν.
2821 4410 2981 4465 υῦτω
3034 4407 3225 4479 βοῆσαί
3268 4421 3449 4475 φαμεν
3478 4403 3572 4456 καὶ
3612 4404 3713 4466 Ai-

450 4523 555 4576 cst,
590 4512 691 4566 sub
721 4528 934 4566 manum
985 4527 1168 4568 eorum
1219 4529 1284 4568 ac
1329 4523 1650 4584 potestatem
1693 4512 2018 4584 redigentes,

2124 4515 2386 4585 γυπτίους
2421 4513 2559 4599 πρὸς
2581 4509 2732 4575 Θεὸν,
2753 4505 2841 4560 διὰ
2862 4505 2987 4568 τοὺς
3011 4501 3290 4565 θλίϐοντας
3326 4499 3542 4599 αὐτοὺς,
3565 4495 3710 4599 τοῦτ’

449 4615 500 4660 ct
537 4607 680 4660 velut
715 4606 1060 4662 acerbissima
1091 4609 1322 4677 quadam
1346 4608 1608 4684 servitute
1632 4607 2017 4678 epprimentes,

448 4698 699 4753 videlicet
735 4698 976 4768 impuros
1022 4701 1314 4755 daemonas.
1366 4699 1636 4754 Caeterum
1701 4698 1875 4753 mittet
1921 4696 2025 4751 illis

450 4790 711 4844 Dominus
759 4791 1029 4847 hominem
1053 4792 1141 4860 qui
1169 4801 1587 4846 conservaturus
1638 4799 1722 4845 est
1744 4805 1855 4845 eos.
1892 4789 2026 4855 Quis

450 4879 667 4935 tandem
696 4882 899 4937 homo?
931 4898 1109 4937 annon
1140 4882 1390 4938 Christus
1425 4881 1654 4945 scilicet,
1704 4880 1759 4933 iu
1788 4880 2023 4933 humana

449 4975 616 5055 293
661 4973 834 5031 l‘onna
888 4985 1071 5040 natus,
1107 4974 1446 5045 unigenitum
1495 4971 1587 5026 Dei
1625 4970 1884 5035 Verbum,
1939 4969 2027 5024 hic

451 5071 728 5137 servavit,
781 5085 889 5124 non
936 5067 1220 5137 :Egyptios
1275 5066 1453 5129 modo,
1503 5065 1596 5119 sed
1654 5077 1816 5132 porro
1863 5061 2025 5118 etiam

452 5175 650 5218 terram
687 5161 1034 5218 universam?
1065 5159 1424 5227 Servavitque
1464 5157 1738 5226 judicans.
1787 5155 1855 5209 Et
1894 5152 2026 5224 quid

355 5238 365 5254 ’
448 5266 531 5312 est
557 5257 709 5322 illud,
742 5251 1278 5323 judicans?scilicct,
1311 5248 1518 5317 justum
1558 5247 1609 5301 in
1637 5261 1732 5302 eos
1761 5244 2027 5314 judicium

448 5349 824 5419 pronuntians.
883 5345 1143 5399 Satanam
1205 5342 1348 5396 enim
1403 5340 1492 5408 qui
1562 5340 1668 5393 vim
1717 5338 1920 5405 intulit,
1971 5346 2027 5392 et

447 5455 571 5495 cum
607 5453 674 5493 eo
727 5438 871 5504 ipsos
924 5435 1164 5502 impuros
1222 5431 1499 5484 daemonas
1557 5429 1770 5484 calculo
1838 5437 2028 5483 sancto

449 5530 704 5599 subjecit,
733 5527 939 5583 catenis
973 5525 1316 5581 tenebrarum
1356 5523 1410 5578 in
1444 5522 1676 5578 Tartaro
1711 5522 2023 5586 custodivit,

453 5621 778 5689 traditlitque
822 5627 881 5674 ut
945 5619 1001 5672 in
1049 5615 1316 5686 judicium
1376 5615 1558 5686 magni
1608 5615 1713 5670 diei
1771 5613 2025 5685 puniendi

452 5720 754 5766 serventur.
789 5712 886 5778 Qui
933 5723 1094 5780 porro
1131 5709 1470 5780 tyrannidem
1503 5708 1896 5770 sustinuerunt,
1934 5721 2026 5761 eos

453 5803 792 5866 conservavit
826 5811 880 5858 et
913 5801 1126 5872 eripuit,
1154 5810 1206 5857 et
1232 5816 1359 5858 suos
1390 5800 1566 5856 effecit
1613 5799 1845 5855 cultores
1879 5817 1890 5851 :
1933 5814 2025 5852 ve-

2124 4609 2260 4670 ἕστι,
2295 4606 2420 4667 τοὺς
2459 4586 2566 4656 imo
2593 4602 2753 4672 χεῖρα
2774 4599 2872 4668 τὴν
2903 4593 3109 4650 ἑαυτῶν
3144 4590 3544 4662 πεποιημένους
3564 4629 3577 4649 ,
3614 4586 3710 4649 καὶ

2124 4700 2312 4771 ὥσπερ
2339 4698 2445 4752 τινὶ
2474 4696 2776 4766 πικροτάτῃ
2801 4690 3016 4760 δουλείᾳ
3060 4685 3517 4746 καταπιέσαντας,
3553 4680 3708 4750 δῆλον

2123 4791 2183 4846 δὲ
2214 4792 2296 4846 ὅτι
2325 4791 2451 4854 τοὺς
2477 4788 2818 4859 ἀκαθάρτους
2847 4783 3130 4852 δαίμονας.
3174 4777 3334 4835 Ἀλλὰ
3373 4776 3576 4846 πέμψει
3611 4773 3712 4825 αὺ-

2125 4885 2234 4947 τοῖς
2263 4880 2465 4952 Κύριος
2512 4878 2796 4948 ἄνθρωπον
2848 4873 2908 4938 ὃς
2941 4871 3104 4926 σώσει
3158 4868 3374 4931 αὐτούς.
3415 4866 3525 4920 Καὶ
3562 4863 3648 4929 τίς
3686 4867 3715 4918 ὁ

2125 4974 2412 5046 ἄνθρωπος
2434 5013 2448 5037 ,
2475 4971 2508 5041 ἧ
2545 4967 2786 5040 δηλονότι
2811 4966 2839 5019 ὁ
2864 4963 3133 5035 Χριστός;
3167 4960 3312 5014 τοῦτ’
3337 4960 3504 5022 ἔστιν,
3535 4958 3593 5010 ὲν
3622 4958 3719 5010 ἁν-

2127 5065 2374 5138 θρωπείᾳ
2405 5065 2588 5134 μορφῇ
2619 5059 2874 5130 πεφηνὼς
2909 5059 2938 5111 ὁ
2983 5053 3278 5128 μονογενὴς
3309 5051 3402 5108 τοῦ
3442 5049 3576 5105 Θεοῦ
3609 5050 3717 5104 Λό-

2126 5174 2240 5227 γος⁸
2276 5148 2432 5217 οὗτος
2458 5153 2698 5206 σέσωκεν
2735 5150 2836 5206 οὐκ
2864 5147 3194 5216 Αἰγυπτίους
3218 5145 3400 5216 μόνον,
3427 5140 3564 5196 ἀλλὰ
3608 5140 3716 5210 γὰρ

2127 5248 2221 5300 καὶ
2240 5247 2340 5316 τὴν
2366 5244 2656 5315 σύμπασαν
2683 5241 2807 5312 γῆν.
2830 5238 3044 5293 Σέσωκε
3068 5237 3125 5290 δὲ
3157 5236 3380 5306 κρίνων·
3417 5233 3510 5288 καὶ
3546 5231 3600 5286 τί
3630 5231 3715 5295 τὸ,

2127 5338 2351 5410 κρίνων,
2372 5335 2553 5400 ὲστίνς
2590 5334 2734 5388 Ἀντί.
2759 5330 2874 5396 τοῦ,
2901 5329 3114 5386 δικαίαν
3143 5328 3232 5381 ἐπ’
3264 5327 3446 5389 αὐτοῖς
3471 5325 3570 5396 τὴν
3596 5323 3718 5393 κρί-

2130 5446 2213 5482 σιν
2251 5429 2520 5498 ὲκφέρων.
2551 5424 2655 5479 Τὸν
2680 5423 2779 5494 μὲν
2816 5422 2926 5494 γὰρ
2950 5418 3423 5487 πλεονεκτήσαντα
3445 5416 3714 5479 Σατανᾶν,

2126 5523 2221 5576 καὶ
2278 5521 2374 5573 σῦν
2443 5517 2590 5588 αὐτῷ
2641 5517 2767 5579 τοὺς
2797 5513 3141 5587 ἀκαθάρτους
3193 5510 3453 5582 δαίμονας
3511 5508 3715 5576 ψήφοις

2127 5613 2305 5674 ὁσίαις
2334 5609 2627 5672 ὑποτιθεὶς,
2659 5608 2869 5678 σειραῖς
2925 5605 3090 5675 ζόφου
3153 5599 3515 5673 ταρταρώσας
3572 5614 3710 5666 παρ-

2130 5704 2331 5758 έδωκεν
2365 5705 2442 5766 εἰς
2467 5703 2646 5774 κρίσιν
2688 5701 2928 5772 μεγάλης
2951 5699 3164 5770 ἡμέρας
3206 5689 3711 5761 κολασθησομένους

2131 5798 2336 5870 τηρεῖν.
2374 5795 2510 5858 Τοὺς
2539 5793 2593 5848 δέ
2624 5811 2685 5863 γε
2720 5793 2817 5864 τὴν
2857 5791 3030 5856 οὕτως
3058 5789 3331 5861 ἀφόρητον
3369 5781 3708 5843 ἁνατλάντας
