4060 6530
349 391 490 447 473

1534 393 1600 451 ΙΝ
1643 395 1872 453 iSAlAM
1910 395 2041 454 LIB.
2085 400 2146 455 ll.
2187 398 2431 457 TOMUS
2472 397 2562 457 iV.

3587 405 3686 462 ιῗό

356 507 727 575 πλεονεξίαν,
760 507 972 565 σέσωκὲ
998 528 1057 565 τε
1088 512 1179 566 καὶ
1220 510 1478 580 ἐξείλετο,
1537 513 1632 569 καὶ
1678 514 1842 580 ίδίους
1875 517 1983 570 ἀπ-

2101 516 2264 572 "italis
2291 517 2412 572 luce
2449 531 2544 573 eos
2573 518 2917 588 collustrans,
2949 528 3005 577 et
3046 519 3317 579 libertatis
3360 531 3684 579 ornamento

338 594 391 660 ’ἑ
408 621 561 676 φηνε
596 604 1008 677 προπυνητάς,
1033 604 1095 659 τὸ
1125 605 1225 677 τῆς
1247 604 1506 677 ἀληθείας
1524 607 1708 672 αὐτοῖς
1733 608 1993 679 ὲναστρά-

351 699 489 770 ψας
520 698 665 772 φῶς*
697 699 927 764 καὶτοῖς
954 700 1054 772 τῆς
1084 698 1401 771 ἐλευθερίας
1443 702 1726 775 αὐχήμασι
1760 702 1991 775 περισα-

2097 612 2380 672 amiciens.
2425 611 2499 666 Ita
2557 612 2722 669 etiam
2759 616 2875 687 ipse
2924 616 3058 671 dicit
3116 616 3317 673 alicubi
3376 615 3681 672 Servatur:

2100 722 2121 756 ι
2160 704 2317 761 Nunc
2342 704 2609 776 judicium
2649 715 2733 762 est
2776 707 2938 778 hujus
2971 709 3158 763 mundi
3200 725 3216 764 :
3255 723 3398 762 nunc
3431 709 3684 779 princeps

355 792 512 849 λών.
574 790 734 846 υῦτω
772 791 869 846 καὶ
922 791 1087 857 αὐτός
1149 809 1254 847 που
1291 794 1456 865 φησὶν
1497 795 1526 848 6
1575 795 1791 867 Σωτήρ’
1820 814 1840 848 ι
1875 793 1992 848 Νῦν

2101 796 2281 851 mundi
2347 797 2507 866 hujus
2562 797 2811 868 cjicietur
2854 798 3024 857 foras.
3075 798 3144 855 Et
3192 814 3294 871 ego
3333 800 3377 855 si
3408 797 3685 853 exahatns

360 885 572 955 κρίσις
605 883 727 937 ἐστὶ
782 881 875 937 τοῦ
914 882 1121 954 κόσμου
1164 883 1375 939 τούτου.
1443 884 1559 940 Νῦν
1607 887 1635 940 6
1669 887 1852 958 ἄρχων
1895 884 1989 940 τοῦ

360 978 596 1050 κόσμον
634 975 829 1032 τούτου
869 978 1265 1051 ἐκϐληθήσεται
1292 978 1417 1046 ἔξω.
1438 978 1612 1049 Κάγὼ
1641 978 1738 1033 ὲάν
1766 978 1986 1048 ὑψωθῶ,

360 1071 601 1135 πάντας
631 1069 849 1123 ἑλκύσω
877 1070 1017 1141 πρὸς
1072 1070 1325 1140 ἐμαυτόν.
1361 1090 1379 1123 ι
1419 1071 1585 1143 Ὁρᾷς
1616 1070 1699 1125 ὅτι
1739 1070 1989 1126 δεδίκακε

357 1160 456 1231 τῷ
493 1161 720 1232 κόσμῳ,
746 1161 841 1214 καὶ
872 1160 965 1214 τὸν
1000 1160 1168 1215 πάλαι
1210 1161 1629 1233 τυραννήσαντα
1674 1166 1797 1215 κατ’
1821 1160 1987 1215 αὐτοῦ

362 1254 639 1307 Σατανᾶν
688 1251 1024 1323 ἐκϐέϐληκεν
1046 1293 1061 1313 ,
1095 1250 1316 1305 εἵλκυσέ
1342 1266 1403 1304 τε
1454 1250 1663 1315 πάντας
1694 1252 1833 1322 πρὸς
1858 1252 1984 1305 ἑαυ-

362 1346 491 1401 τόν.
527 1343 838 1415 Ἐγνὼκασι
860 1344 971 1413 γὰρ
999 1345 1163 1398 αὑτὸν
1191 1344 1289 1398 καὶ
1320 1342 1629 1414 Αἰγύπτιοι.
1659 1345 1773 1399 Καὶ
1793 1343 1858 1416 δὴ
1893 1344 1987 1398 καὶ

362 1435 770 1506 ἐπεγνωκότες
797 1434 1015 1488 ποιοῦσι
1049 1434 1264 1499 θυσίας,
1297 1433 1549 1504 εὔχονται
1585 1434 1644 1489 δὲ
1672 1436 1766 1489 καὶ
1795 1434 1983 1506 εὐχὰς,

360 1528 475 1582 καὶ
519 1529 602 1591 εἰς
628 1527 808 1597 πέρας
834 1525 1029 1594 ἄγουσι
1079 1525 1152 1579 τά
1205 1524 1619 1598 ἐπηγγελμένα,
1655 1525 1828 1579 Τοῦτο
1877 1526 1984 1599 γάρ

367 1619 506 1671 ἐστι
534 1617 597 1670 τὸ
624 1616 713 1671 διὰ
756 1616 944 1687 φωνῆς
980 1614 1075 1668 τοῦ
1099 1615 1267 1669 Δασὶδ
1299 1614 1728 1688 μελῳδούμενονο
1762 1634 1781 1668 ι
1806 1614 1984 1687 Εῦξα-

371 1710 482 1764 σθε
516 1711 610 1763 καὶ
630 1709 877 1762 ἀποδῶτε
905 1709 984 1780 τῷ
1012 1708 1205 1780 Κυρίῳ
1223 1707 1343 1779 Θεῷ
1365 1707 1545 1779 ήμῶν.
1574 1727 1592 1759 ι
1630 1708 1776 1781 Ὅρα
1804 1708 1985 1762 τοίνυν

372 1802 687 1872 καινότητα
716 1802 1082 1874 πραγμάτων.
1118 1800 1185 1855 Ol
1216 1799 1326 1873 γὰρ
1358 1800 1661 1864 πάλαιτοῖς
1684 1801 1981 1872 δαιμονίοις

2092 886 2250 942 luero
2287 888 2354 945 de
2384 898 2550 956 terra,
2606 904 2797 946 omnes
2848 892 3061 946 traham
3122 893 3191 946 ad
3245 892 3510 960 meipsum
3549 889 3611 945 “.
3655 908 3674 942 ο
3748 890 3753 895 ’

2092 977 2285 1035 Viden‘
2319 980 2494 1047 illum,
2530 983 2791 1037 mundum
2823 982 3142 1053 judicasse?
3172 991 3227 1038 et
3259 981 3518 1037 Satanam
3550 980 3678 1034 olim

2091 1081 2278 1126 contra
2320 1072 2495 1144 ipsum
2548 1074 2888 1145 tyrannidem
2932 1083 3276 1131 exercentem
3309 1072 3577 1144 ejecisse?
3614 1073 3679 1127 ad

2092 1175 2155 1216 se
2186 1177 2378 1218 omnes
2406 1165 2687 1220 traxisse?
2722 1162 2999 1221 Noverunt
3040 1166 3241 1221 etenim
3274 1164 3448 1234 ipsum
3508 1162 3680 1235 Egy-

2086 1252 2211 1322 ptii.
2265 1253 2332 1308 Et
2367 1253 2454 1309 ubi
2478 1265 2838 1325 agnoverunt,
2872 1256 3079 1312 faciunt
3106 1257 3375 1313 sacriﬁcia
3398 1296 3414 1322 ,
3444 1268 3679 1311 vovent-

2088 1355 2195 1411 que
2216 1351 2360 1407 vota,
2413 1352 2470 1398 et
2499 1358 2621 1413 quae
2648 1354 2776 1400 sunt
2804 1346 3069 1415 promissa
3104 1356 3498 1416 exsequuntur.
3537 1344 3682 1400 Istud

2088 1431 2234 1488 enim
2288 1443 2371 1489 cst
2410 1449 2545 1491 voce
2596 1436 2820 1493 Davidis
2876 1438 3226 1494 decantatum
3259 1454 3275 1492 :
3314 1454 3334 1490 ι
3370 1435 3573 1492 Vovete
3628 1443 3686 1489 et

2089 1525 2298 1580 reddite
2330 1526 2560 1582 Domino
2595 1528 2706 1585 Deo
2737 1539 2928 1585 nostro
2950 1528 3016 1587 “.
3049 1549 3069 1582 ι
3100 1530 3318 1585 Intuere
3366 1528 3551 1596 itaque
3584 1520 3684 1579 no-

2088 1617 2308 1673 vitalem
2349 1632 2551 1675 rerum.
2589 1620 2690 1688 Qui
2727 1624 2930 1678 etenim
2962 1623 3236 1692 quondam
3282 1619 3564 1677 dmmoniis
3595 1633 3685 1675 sa-

2087 1709 2339 1766 criﬁcare
2391 1723 2815 1779 consueverunt,
2862 1715 2954 1785 qui
2991 1714 3253 1770 Satanam
3293 1712 3442 1768 cultu
3494 1725 3683 1781 prose-

2087 1801 2196 1856 cuti
2221 1812 2366 1871 sunt,
2390 1813 2542 1875 grata
2566 1816 2955 1862 consecrarunt
2996 1807 3262 1872 carmina,
3295 1814 3352 1860 et
3381 1813 3505 1858 ruta
3543 1816 3684 1871 quo-

367 1869 684 1945 καταθύειν
719 1869 997 1957 είωθότες,
1030 1891 1080 1945 οί
1130 1869 1467 1962 comma
1516 1869 1983 1963 προσκομίζοντες

2101 1908 2195 1963 que
2232 1869 2669 1967 adimpleverunt
2716 1898 3004 1953 studiose:
3035 1869 3319 1951 illuminati
3375 1869 3686 1960 mente—per

365 1983 478 2048 τὰς
508 1983 772 2053 λατρείας
801 1984 898 2037 καὶ
938 1982 1288 2047 ἀνατιθέντες
1339 1984 1695 2054 χαριστήρια,
1745 1985 1840 2039 καὶ
1875 1985 1983 2056 μὴν

2101 1986 2390 2054 Christum,
2430 2000 2482 2045 et
2509 1990 2756 2046 veritatis
2794 1990 3141 2059 dogmatibus
3180 1987 3454 2047 illustrati.
3488 1984 3556 2039 ab
3580 1998 3682 2037 an-

367 2077 475 2131 καὶ
504 2076 698 2147 εὐχὰς,
723 2077 893 2149 ἤγουν
914 2076 1244 2148 ὑποσχέσεις
1291 2075 1741 2148 ἀποπληροῦντες
1785 2079 1984 2131 ἐσπου-

2101 2080 2241 2151 tiquo
2265 2095 2454 2138 errore
2489 2081 2827 2152 refugerunt,
2871 2090 2925 2137 et
2963 2088 3323 2152 agnoscentes
3365 2074 3538 2132 semel
3562 2073 3684 2128 nni-

366 2171 689 2244 δασμὲνως·
726 2170 1142 2243 πεφωτισμένοι
1182 2171 1275 2225 τὸν
1298 2169 1424 2225 νοῦν
1469 2170 1558 2225 διὰ
1600 2171 1859 2243 Χριστοῦ,
1887 2173 1984 2227 καὶ⁵

2101 2174 2368 2245 versitatis
2391 2186 2796 2245 procreatorcm
2844 2185 2899 2232 et
2943 2174 3256 2238 Dominum,
3296 2171 3401 2241 ipsi
3462 2169 3516 2224 in
3570 2166 3684 2237 spi-

368 2242 495 2327 τοῖς
517 2262 623 2334 τῆς
649 2262 917 2335 ἀληθείας
959 2242 1229 2335 δόγμασιν
1275 2242 1846 2335 ὲκλελαμπρυσμένοι,
1887 2264 1989 2335 τῆς

2101 2242 2207 2321 Γῑιδιι
2257 2242 2464 2322 cultum
2520 2266 2779 2333 offerunt,
2806 2268 3095 2337 purissima
3125 2273 3250 2319 vota
3306 2260 3601 2332 implendo,
3630 2264 3686 2312 et

375 2356 482 2427 μὲν
511 2356 753 2429 ἀρχαίας
782 2354 1227 2431 ἀποδραμοῦνται
1268 2356 1502 2429 πλάνης,
1535 2357 1908 2425 ἐπεγνωκότες
1928 2357 1987 2411 δὲ

2101 2357 2359 2415 sacriﬁcia
2395 2359 2696 2426 oil'erendo,
2723 2376 2830 2416 non
2871 2358 2984 2430 jam
3034 2373 3133 2429 per
3177 2368 3433 2411 cruorem
3465 2361 3525 2407 et
3552 2352 3683 2405 bru-

373 2448 533 2516 ἅπαξ
555 2450 650 2503 τὸν
696 2449 809 2505 τῶν
853 2450 994 2505 ὅλων
1019 2450 1403 2525 γενεσιουργὺν
1461 2451 1557 2506 καὶ
1584 2451 1810 2524 Κύριον,
1837 2451 1988 2524 αὐτῷ

2101 2459 2272 2507 torum
2338 2452 2564 2516 caedem,
2614 2452 2732 2519 sed,
2803 2452 2880 2506 uti
2935 2450 3206 2514 dicebam,
3257 2442 3584 2516 spiritualia,
3629 2447 3687 2496 et

338 2551 348 2558 '
371 2539 478 2612 τὴν
501 2542 564 2594 ἐν
588 2541 868 2612 πνεύματι
895 2540 1328 2614 προσκομίζουσι
1348 2541 1627 2616 λατρείαν,
1673 2543 1988 2613 πανάγνους

2101 2560 2219 2614 ποι)
2229 2555 2311 2600 ter
2330 2545 2402 2599 im
2412 2544 2737 2600 maculatam
2752 2544 3043 2612 puritatem
3071 2548 3319 2609 accepta.

372 2637 731 2710 πληροῦντες
752 2638 942 2710 εὐχὰς,
978 2639 1072 2693 καὶ
1131 2638 1322 2705 θυσίας
1360 2640 1746 2712 ἀναφέροντες,
1789 2640 1852 2695 οὐ
1915 2640 2017 2705 τὰς
2053 2640 2121 2696 δι’
2150 2643 2402 2715 αἱμάτων
2444 2641 2525 2696 ἔτι
2561 2641 2657 2695 καὶ
2724 2639 2826 2711 τῆς
2853 2638 2965 2693 τῶν
3005 2635 3218 2705 ἀλόγων
3254 2631 3491 2703 σφαγῆςο
3519 2644 3687 2684 πνευ-

378 2732 626 2803 ματικὰς
644 2731 702 2783 δὲ
738 2730 962 2813 μᾶλλον,
992 2730 1069 2796 ὡς
1090 2730 1250 2804 ἔφην,
1285 2731 1380 2786 καὶ
1411 2730 1841 2803 εὐπροσδέκτους
1883 2731 1974 2785 διὰ
2002 2731 2065 2785 τδ
2085 2733 2317 2805 ἄμωμον
2339 2767 2361 2783 ρ

450 2825 565 2881 Kal
620 2825 876 2892 πατάξει
918 2826 1137 2895 Κύριος
1182 2825 1328 2893 τοὺς
1381 2826 1749 2897 Αἰγυπτιους
1784 2823 1993 2897 πληγῇ
2074 2844 2077 2849 ‘

374 2916 640 2988 μεγάλῃ.
669 2917 767 2971 καὶ
792 2917 1025 2971 ίάσεται
1048 2915 1273 2984 αὐτοὺς
1298 2917 1473 2971 ἰάσει·
1497 2915 1600 2972 καί
1631 2917 1998 2989 ἐπιστραφή-

379 3028 601 3065 acra-az
632 3010 786 3080 πρὸς
814 3011 1057 3081 Κύριον,
1075 3009 1175 3065 καὶ
1198 3011 1626 3067 είσακούσεται
1652 3010 1872 3079 αὐτῶν,
1895 3013 1994 3068 καί

385 3103 624 3157 ίάσεται
657 3104 906 3169 αὐτούς.

460 3197 633 3250 Ὅταν
684 3196 1097 3267 ὲπισκέπτηται
1147 3194 1300 3263 Θεὸς,
1345 3194 1574 3269 πλήττει
1631 3197 1732 3269 μὲν
1761 3195 1874 3251 ἔσθ’
1902 3198 1993 3252 ὅτε
2021 3174 2066 3234 C

385 3290 517 3353 τοὺς
546 3288 783 3352 ἀνοσίως
815 3289 1188 3360 πεπραχότας,
1224 3290 1320 3344 καὶ
1352 3288 1467 3354 τὰς’
1490 3289 1633 3362 ὑπὲρ
1667 3284 1743 3343 ὧν
1776 3292 1857 3354 είς
1897 3290 1997 3344 αὑ-

389 3381 480 3434 τὸν
525 3381 971 3454 πεπαρῳνήκασι
1039 3380 1347 3452 πράττεται
1441 3381 1620 3445 δίκας,
1677 3382 1887 3451 ὀνίνησι
1936 3380 1997 3435 δὲ

344 3461 349 3465 ’
396 3475 600 3546 σφόδρα
633 3474 780 3530 κατά
819 3474 1013 3528 τοῦτον
1059 3473 1152 3528 τδν
1181 3473 1408 3546 τρόπον.
1443 3473 1517 3527 Οὐ
1549 3472 1659 3544 γὰρ
1684 3473 1997 3545 ἡττώμενος

399 3568 645 3640 ἐπιφέρει
676 3568 776 3641 τὴν
832 3567 1098 3641 μάστιγα,
1131 3567 1442 3639 μετατιθεὶς
1485 3567 1541 3621 δὲ
1582 3566 1785 3640 μᾶλλον
1820 3567 1913 3620 ἐπὶ
1936 3566 1998 3621 τὸ

402 3662 635 3734 ἄμεινον.
657 3664 731 3718 Ἦ
758 3662 871 3736 γὰρ
898 3664 964 3716 ὲκ
991 3662 1201 3734 πλάνης
1245 3661 1568 3733 μεθίστησιν
1598 3662 1678 3725 είς
1710 3659 1994 3733 ἀλήθειαν,

394 3754 427 3824 ἧ
468 3756 561 3808 καὶ
590 3755 917 3819 ἀκαθέκτως
942 3754 1338 3818 ἀποκλίνοντας
1362 3754 1443 3818 είς
1467 3753 1527 3807 τὸ
1551 3753 1897 3825 πλημμελεῖν
1929 3752 1999 3807 τά

393 3846 585 3917 αἰσχίω
654 3846 902 3901 διδάσκει
975 3844 1454 3919 μεταμανθάνειν,
1509 3845 1607 3900 καὶ
1664 3845 1999 3918 μεταφοιτᾷν

392 3940 709 4012 ἐπείγεσθαι
760 3939 900 4011 πρὸς
944 3937 1005 3992 τδ
1059 3938 1302 4007 ἀρέσκον
1357 3933 1526 4007 αὐτῷ.
1560 3919 1853 4008 Τοιγάρτοι
1903 3936 2000 3991 καὶ

392 4034 718 4106 ὀνησιφόρον
745 4033 951 4096 εἰδότες
977 4030 1037 4085 τὸ
1064 4031 1259 4104 χρῆμα
1283 4071 1298 4095 ,
1331 4029 1393 4082 τὸ
1437 4027 1790 4082 παιδεύεσθαι
1830 4046 1903 4099 φη
1914 4028 1997 4099 μἰ,

394 4129 704 4201 κεκράγασι
736 4125 873 4199 πρὸς
902 4124 1065 4179 αὐτὸν
1098 4124 1147 4177 οἱ
1175 4121 1436 4194 μακάριοι
1481 4121 1783 4193 προφῆταιο
1823 4139 1841 4171 ι
1866 4118 2001 4173 Παί-

392 4221 580 4275 δευσον
596 4222 770 4292 ἡμᾶς,
793 4218 987 4290 Κύριε,
1008 4216 1147 4289 πλὴν
1171 4218 1228 4270 ὲν
1258 4214 1569 4287 κρίσει,καὶ
1597 4213 1673 4284 μὴ
1698 4212 1757 4265 ἐν
1782 4210 1993 4282 θυμῷ.»

397 4316 505 4370 Καὶ
557 4315 761 4369 πάλινο
805 4333 825 4367 ι
862 4313 1060 4385 Κύριε,
1105 4313 1164 4364 ὲν
1195 4308 1374 4380 θλίψει
1413 4305 1767 4379 ἐμνήσθημεν
1799 4322 1917 4369 σου,
1942 4307 1999 4358 ὲν

396 4408 572 4479 θλίψει
599 4409 777 4480 μικρᾷ
804 4409 838 4478 ή
862 4406 1084 4461 παιδεία
1119 4420 1214 4459 σου
1250 4405 1403 4475 ήμῖν.
1426 4421 1444 4453 ι
1470 4401 1634 4470 -Ἐφη
1666 4398 1724 4454 δέ
1748 4417 1852 4453 που
1906 4399 2002 4453 καὶ

2163 2826 2329 2883 Vens.
2378 2824 2472 2882 22.
2523 2822 2592 2880 Et
2631 2826 2889 2898 percutiet
2933 2823 3192 2878 Dominus
3215 2817 3498 2890 ﬁgyptios
3530 2814 3689 2887 plaga

2092 2934 2307 2989 magna,
2354 2929 2403 2973 et
2442 2919 2650 2975 sanabit
2693 2934 2781 2972 eos
2830 2916 3129 2971 sanatione.
3191 2910 3268 2967 Et
3318 2920 3690 2966 convertentur

2094 3012 2164 3066 ad
2189 3011 2497 3079 Dominum,
2531 3021 2579 3068 et
2610 3010 2856 3067 exaudiet
2878 3024 2988 3078 eos,
3018 3018 3066 3062 et
3099 3004 3331 3062 sanabit.

2168 3201 2398 3272 Quando
2425 3197 2612 3255 visitat
2663 3195 2829 3262 Deus,
2880 3190 3115 3264 percutit
3158 3187 3378 3260 quidem
3403 3183 3696 3257 designati.

2098 3304 2180 3350 tes
2215 3291 2403 3363 impia,
2436 3296 2491 3345 et
2522 3287 2667 3358 quod
2716 3285 2771 3340 in
2810 3298 2935 3340 eum
2962 3279 3284 3337 debacchati
3312 3284 3460 3344 sunt,
3500 3288 3693 3346 ptenas

2098 3386 2289 3457 exigit,
2335 3384 2434 3438 sed
2483 3381 2584 3436 hac
2637 3377 2829 3432 eadem
2870 3373 3085 3428 ratione
3133 3371 3310 3441 juvat.
3364 3367 3481 3423 Non
3536 3366 3684 3420 enim

2098 3479 2178 3535 ira
2242 3477 2418 3531 victus
2490 3469 2655 3525 infert
2736 3464 3031 3538 ﬂagellum,
3091 3462 3189 3519 sed
3243 3460 3300 3516 in
3357 3457 3550 3515 melius
3603 3472 3695 3527 po-

2098 3573 2205 3627 tius
2259 3565 2551 3625 convertit.
2619 3561 2718 3618 Vel
2778 3559 2922 3616 enim
2981 3558 3052 3614 ab
3103 3568 3293 3612 errore
3347 3550 3588 3607 traducit
3625 3548 3693 3605 ad

2098 3661 2418 3723 veritatem,
2467 3653 2637 3726 297
2686 3651 2772 3707 vel
2823 3649 2993 3706 etiam
3050 3645 3453 3704 incontinenter
3520 3642 3691 3698 decli-

2100 3761 2293 3810 nantes
2321 3749 2387 3806 ad
2410 3746 2642 3817 turpiter
2677 3741 3126 3815 delinquendum,
3158 3739 3319 3794 docet
3347 3735 3695 3805 resipiscere,

2100 3856 2157 3903 et
2178 3842 2430 3902 celeriter
2450 3840 2517 3895 ad
2542 3839 2596 3895 id
2625 3836 2769 3909 quod
2816 3834 2920 3904 ipsi
2956 3833 3132 3889 visum
3164 3841 3251 3889 est
3276 3844 3399 3888 sese
3427 3829 3694 3899 recipere.

2099 3935 2271 4009 igitur
2291 3950 2413 3992 cum
2444 3929 2651 3987 scirent
2684 3927 2831 3983 beati
2874 3923 3153 3998 propheta:
3179 3936 3290 3979 rem
3320 3919 3514 4009 utilem
3548 3932 3694 3982 esse,

2101 4006 2382 4096 castigari,
2416 4024 2658 4091 inquam,
2693 4017 3004 4074 clamarunt
3029 4014 3098 4070 ad
3152 4013 3328 4083 ipsum
3359 4029 3374 4066 :
3408 4028 3429 4063 ι
3472 4006 3696 4077 Castiga

2103 4136 2223 4186 nos,
2259 4116 2509 4182 Domine,
2530 4126 2716 4168 verum
2753 4110 2808 4165 in
2838 4108 3060 4178 judicio,
3106 4122 3212 4161 non
3265 4104 3321 4160 in
3366 4101 3555 4158 furore
3571 4099 3639 4152 “.
3672 4117 3692 4150 ι

2102 4215 2169 4270 Ει
2189 4225 2404 4268 rursum
2425 4226 2439 4263 :
2466 4226 2486 4260 ι
2511 4206 2756 4270 Domine,
2775 4203 2829 4258 in
2840 4200 3131 4258 afﬂictione
3148 4196 3503 4254 meminimus
3524 4193 3624 4259 tui,
3640 4191 3699 4248 in

2103 4304 2397 4361 aillictioue
2442 4300 2638 4370 exigua
2669 4295 2954 4367 castigatio
2983 4303 3074 4349 tua
3100 4290 3280 4348 nobis.
3308 4306 3329 4342 ι
3357 4288 3506 4343 Dixit
3528 4286 3696 4341 etiam
3750 4368 3753 4371 ἤ

2104 4399 2404 4472 Synagogte
2431 4392 2743 4449 Judaaorum
2768 4407 2784 4445 :
2811 4386 2871 4444 ln
2905 4385 3094 4443 dolore
3111 4392 3174 4469 et
3206 4382 3435 4472 verbere
3463 4378 3701 4472 castiga-

398 4461 533 4572 πρές
562 4461 662 4571 τήν
702 4461 1126 4552 τέ›ν.’ῐουδαίων
1172 4461 1528 4565 συναγωγήν
1560 4461 1718 4562 ᾐόνῳ
1746 4490 1843 4545 καὶ
1896 4490 2000 4562 μά-

2105 4461 2614 4554 ιιέτίεξςιένιιεοιθηι.
2628 4481 2872 4551 Castigat
2888 4480 3071 4548 itaque
3093 4461 3229 4545 quos
3241 4471 3393 4542 eligit
3409 4468 3695 4526 etamat“.

2109 4582 2153 4589 ....
2298 4580 2311 4589 .
2429 4577 2444 4589 ι
2553 4576 2586 4589 σ-
2736 4587 2744 4589 μ
2791 4568 3041 4589 ηιμ-ΛΞ-
3067 4580 3278 4589 ---Α-η-
3302 4563 3372 4589 ..τι
3399 4562 3661 4589 -ι-Αηιιιιιη
3682 4576 3695 4589 ι

401 4562 542 4654 στιγι
578 4562 944 4659 παιδευθήση,
983 4562 1363 4659 Ἰερουσαλήμ.
1394 4562 1649 4636 Παιδεύει
1693 4581 1877 4635 τοίνυν
1908 4580 2000 4645 οὒς

2106 4582 2220 4641 Hoc
2239 4580 2406 4637 etiam
2429 4576 2754 4647 largiturum
2770 4568 3044 4643 Egyptiis
3063 4580 3281 4638 quoque
3302 4563 3378 4618 ait
3399 4562 3663 4633 propheta
3682 4576 3699 4615 :

400 4684 462 4735 ἂν
483 4682 664 4737 ἕλοιτο
697 4682 793 4735 καὶ
831 4682 1042 4753 ἀγαπᾷ.
1079 4678 1253 4733 Τοῦτο
1287 4674 1600 4748 χαριεῖσθαι
1633 4675 1730 4729 καὶ
1764 4676 1882 4738 τοῖς
1907 4675 2004 4728 Al-

399 4774 649 4844 γυπτίοις
688 4776 717 4828 6
771 4774 1060 4845 προφήτης
1104 4770 1260 4842 φησί·
1304 4767 1545 4834 Πατάξει
1577 4767 1689 4838 γὰρ
1744 4767 1938 4830 αὐτοὺς
1972 4765 2003 4818 6

400 4865 605 4938 Κύριος
634 4865 820 4937 πληγῇ
856 4863 1094 4936 μεγάλῃ,
1123 4862 1219 4917 κοιλ⁵
1253 4862 1468 4917 ίάσεται
1506 4859 1706 4925 αὐτοὺς
1728 4860 1893 4914 ίάσει.
1938 4860 2003 4913 Εἰ

399 4959 505 5030 γὰρ
531 4959 626 5012 καὶ
652 4956 893 5011 δέδονται
938 4955 1104 5027 τυχὸν
1132 4956 1247 5019 τοῖς
1287 4951 1578 5024 Ῥωμαίων
1620 4953 1958 5024 ’στρατηγοῖς
1977 4974 1999 5017 ·,

401 5051 490 5105 καὶ
533 5050 627 5104 τὸν
662 5049 904 5121 πολέμου
955 5048 1125 5120 νόμον
1184 5045 1586 5117 ἐξωπλισμένοι
1618 5045 2002 5117 κεκρατήκασι

400 5145 496 5216 τῆς
542 5144 649 5215 γῆς
673 5146 722 5199 οί
751 5144 844 5197 ὑπ’
866 5142 1066 5206 αὐτοὺς
1080 5140 1393 5213 δορυφόροι,
1412 5138 1528 5194 ἀλλ’
1545 5133 1817 5194 οῦντόπον
1842 5139 2005 5210 ἐσχη-

402 5237 557 5298 κότες
590 5234 718 5303 παρ’
748 5233 933 5296 αὐτοῖς
969 5229 1064 5285 τοῦ
1094 5231 1240 5286 θείου
1268 5229 1650 5303 κηρύγματος,
1677 5230 1778 5303 τὴν
1805 5229 1904 5302 μὲν
1938 5230 2004 5283 ἐκ

402 5328 493 5382 τοῦ
515 5326 899 5397 πεπλανῆσθαι
941 5323 1151 5397 ζημίαν
1193 5323 1658 5397 ἀπεφορτίσσντο,
1686 5337 2004 5394 μετακεχω-

408 5423 603 5495 ρήκασι
625 5419 684 5474 δὲ
708 5420 847 5491 πρὸς
869 5417 932 5472 τδ
956 5417 1101 5472 θειόν
1124 5434 1184 5471 τε
1221 5416 1314 5471 καὶ
1345 5415 1598 5489 οὐράνιον
1624 5415 1762 5486 φῶς,
1786 5414 1882 5469 καὶ
1901 5413 2004 5486 τὴν

405 5513 635 5586 ἀρχαίαν
660 5512 877 5584 ἐκείνην
899 5510 1376 5583 ἀποκρουσάμενοι
1405 5509 1597 5578 δόξαν,
1635 5509 1767 5579 ὑγιᾶ
1810 5507 2001 5562 λοιπὸν
2048 5520 2053 5521 ⁷

407 5609 673 5679 ἐσχήκασι
704 5607 805 5681 τὴν
836 5604 1089 5678 καρδίαν.
1133 5604 1669 5677 Ἐπιστραφήσονται
1705 5602 1815 5675 γὰρ
1862 5600 2000 5673 πρὸς

407 5705 630 5776 Κύριον,
668 5703 763 5758 καὶ
790 5700 1170 5757 είσακούσεται
1202 5697 1405 5765 αὐτῶν,
1443 5695 1587 5751 τοῦτ’
1612 5695 1781 5763 ἔστιν,
1814 5695 1863 5747 oi
1893 5693 2001 5748 πάο

2106 4694 2125 4731 ι
2159 4672 2437 4730 Percutiet
2453 4669 2600 4725 enim
2621 4680 2718 4722 eos
2744 4663 3004 4719 Dominus
3030 4659 3184 4730 plaga
3212 4671 3431 4728 magna,
3459 4663 3514 4709 et
3537 4668 3701 4711 sana-

2099 4769 2180 4826 bit
2202 4780 2298 4822 eos
2327 4761 2633 4820 sanatione.
2659 4775 2679 4810 ι
2707 4755 2819 4812 Etsi
2845 4754 2991 4810 enim
3027 4749 3212 4806 traditi
3243 4755 3393 4811 sunt,
3421 4753 3548 4817 puta
3587 4742 3700 4798 Bo-

2098 4859 2278 4918 manis
2314 4856 2565 4919 ducibus,
2594 4861 2648 4908 et
2666 4849 2792 4918 jure
2823 4845 2947 4905 belli
2974 4842 3168 4899 armati
3200 4854 3392 4897 eorum
3434 4835 3702 4894 satellites

2103 4965 2305 5012 terram
2329 4950 2665 5022 subegerunt
2691 4961 2705 4998 :
2731 4951 2975 4997 attamen
2995 4937 3176 4993 divina
3202 4932 3596 5004 praedicatione
3621 4928 3702 4983 lo-

2101 5061 2224 5105 cum
2255 5041 2396 5116 apud
2422 5054 2516 5096 eos
2537 5038 2794 5101 habente,
2824 5034 2927 5089 hoc
2947 5027 3155 5086 erroris
3180 5027 3263 5083 sui
3296 5026 3497 5081 damno
3531 5022 3693 5078 levati

2102 5146 2264 5205 sunt,
2324 5143 2382 5190 et
2444 5131 2516 5187 ad
2560 5129 2801 5185 divinam
2853 5140 2919 5180 ac
2958 5121 3236 5179 cmlestem
3282 5117 3459 5174 lucem
3518 5124 3703 5170 trans-

2106 5233 2316 5295 ierunt,
2377 5235 2435 5284 et
2492 5224 2792 5280 inveterata
2846 5217 2937 5275 illa
2980 5216 3237 5287 Opinione
3278 5210 3524 5283 depulsa,
3568 5222 3702 5266 sano

2104 5326 2363 5394 deinceps
2425 5317 2593 5377 corde
2646 5312 2890 5369 fuerunt.
2947 5309 3355 5366 Convertentur
3436 5302 3582 5359 enim
3633 5302 3700 5354 ad

2105 5416 2419 5478 Dominum,
2468 5417 2524 5465 et
2547 5406 2801 5464 exaudiet
2824 5418 2942 5469 eos,
2970 5400 3023 5457 td
3051 5408 3158 5465 est,
3190 5398 3283 5470 qui
3318 5396 3451 5452 olim
3479 5400 3702 5465 propter

2109 5506 2337 5564 multam
2367 5501 2706 5573 impietatem
2750 5509 2780 5550 a
2833 5492 2944 5549 Deo
2965 5488 3254 5562 proscripti
3281 5495 3465 5552 erant,
3495 5483 3563 5538 de
3592 5496 3700 5538 cte-

2109 5611 2231 5657 tero
2276 5598 2489 5652 discent
2543 5606 2650 5647 non
2710 5588 2824 5657 jam
2870 5583 3033 5641 idolis
3064 5578 3450 5639 abominandis
3479 5590 3579 5645 pro
3606 5574 3696 5631 bis

2112 5708 2232 5761 quae
2271 5689 2385 5746 lieri
2448 5685 2669 5747 vellent,
2719 5677 3145 5753 supplicationes
3195 5673 3427 5737 otterre,
3464 5669 3565 5730 sed
3621 5668 3696 5728 ad

475 5882 521 5917 ⁸³
548 5880 706 5941 Joun.
743 5897 843 5949 ιιι,
878 5878 968 5947 ⁵51,
1001 5879 1090 5935 52.
1169 5881 1213 5912 ει
1244 5877 1387 5937 Psul.
1427 5890 1573 5946 sur,
1607 5874 1690 5931 ll.
1769 5874 1814 5906 ⁵⁵
1846 5871 2000 5930 Jeren

2101 5886 2134 5938 ι,
2172 5865 2263 5926 24.
2345 5866 2388 5898 ⁶⁶
2421 5864 2578 5922 Prov.
2610 5872 2702 5926 ιιι,
2732 5856 2818 5913 1'2.
