4060 6518
409 347 518 406 675
1394 346 1478 414 S._
1495 344 1769 402 CYRILLI
1808 342 2285 401 ALEXANDRINI
2323 336 2653 398 ARCHIEP.
3584 336 3692 395 £76

411 470 587 535 ipsum
629 464 965 532 clamabunt,
1027 465 1118 534 qni
1163 479 1257 519 cor
1308 473 1466 520 sanat
1495 465 1815 521 contritum.
1873 462 1995 518 Erit

2096 461 2185 516 λαι
2214 460 2304 515 διὰ
2333 457 2535 529 πολλὴν
2578 454 2837 510 ἀσέϐειαν
2877 453 2935 506 ἐν
2966 452 3286 524 ἀποστροφῇ
3314 450 3599 521 γεγονότες
3624 457 3692 526 τῇ

414 570 589 614 autem
623 574 727 613 non
767 557 951 612 tardus
986 556 1147 623 Deus,
1182 556 1278 611 sed
1329 557 1507 626 potius
1533 556 1599 610 ad
1632 557 1989 612 annuenllum

2098 553 2250 624 sta.th
2278 550 2418 623 Θεῷ,
2447 550 2782 622 μαθήσονται
2806 545 2993 599 λοιπὸν
3016 543 3202 598 οὐκέτι
3221 547 3330 608 τοῖς
3363 544 3695 618 βδελύγμασι

414 653 520 706 illis
557 660 800 719 paratus,
850 647 1120 719 propitius
1170 656 1226 702 et
1269 647 1574 718 placabilis.
1601 648 1780 703 Causa
1828 649 1995 720 igitur

2099 645 2398 717 προσάγειν
2427 643 2525 707 τὰς
2563 641 2791 704 ἱκεσίας,
2817 640 2915 703 τὰς
2946 638 3086 707 ὑπὲρ
3109 630 3183 692 ὧν
3204 637 3267 691 ἂν
3286 637 3493 692 ἕλοιντο
3524 640 3695 693 ποιεῖ-

412 743 651 797 elliciens
675 749 730 795 et
767 739 1069 795 concilians
1094 741 1279 795 omnia
1317 740 1458 796 bona
1476 741 1622 794 omni
1652 740 1854 794 homini
1888 748 1992 804 est,

2103 737 2226 791 σθαι
2277 737 2460 807 τυχὸν,
2522 735 2660 807 πρὸς
2699 730 2861 787 αὐτὸν
2887 730 2943 784 δὲ
2969 730 3167 801 μᾶλλον
3218 729 3578 803 κεκράξονται
3604 730 3695 785 τὸν

416 842 609 885 natura
647 845 712 885 ac
764 845 892 885 vere
950 830 1115 887 Deum
1165 829 1535 886 universitatis
1594 830 1907 887 Creatorem
1940 840 1996 886 et

2105 831 2333 900 ἰώμενον
2360 830 2489 893 τοὺς
2529 824 3024 896 συντετριμμένους
3075 821 3175 895 τὴν
3218 823 3468 894 καρδίαν.
3503 824 3695 879 Ἔσται

419 922 700 976 Dominum
731 938 1047 991 agnoscere.

2102 920 2161 975 δὲ
2190 921 2376 984 αὐτοῖς
2424 917 2487 972 οὐ
2535 918 2755 990 βραδὺς,
2814 916 3032 986 ἕτοιμος
3077 914 3135 969 δὲ
3166 913 3368 985 μᾶλλον
3394 914 3475 977 εἰς
3501 914 3562 967 τὸ
3596 931 3695 969 κα-

412 1018 671 1073 τανεῦσαι
698 1018 851 1085 Θεὸς,
880 1019 1039 1085 ἵλεώς
1078 1037 1137 1074 τε
1168 1021 1262 1075 καὶ
1296 1021 1553 1093 εὐμενής.
1585 1020 1850 1092 Πρόξενον
1893 1013 1987 1085 οὖν
2028 1017 2138 1088 ἄρα
2198 1015 2400 1081 παντὸς
2445 1013 2667 1086 ,ἀγαθοῦ
2738 1011 2937 1080 γένοιτ’
2967 1010 3034 1063 ἂν
3089 1008 3362 1082 ἀνθρώπῳ
3420 1009 3604 1065 παντὶ.
3636 1006 3699 1063 τὸ

414 1116 613 1169 εἰδέναι
636 1115 728 1168 τὸν
763 1115 922 1185 φύσει
952 1133 1013 1170 τε
1073 1116 1167 1170 καὶ
1192 1116 1412 1188 ἀληθῶς
1436 1118 1568 1170 ὄντα
1603 1117 1756 1179 Θεὸν,
1801 1115 1892 1169 καὶ
1919 1114 2009 1167 τὸν
2041 1112 2150 1166 τῶν
2173 1112 2313 1167 ὅλων
2346 1108 2734 1179 Γενεσιουργὺν
2766 1108 2859 1162 καὶ
2899 1105 3123 1175 Κύριον.

485 1209 650 1267 Vens.
701 1212 794 1265 23.
827 1212 921 1266 Die
951 1213 1044 1266 illa
1062 1213 1161 1267 erit
1194 1215 1276 1267 via
1312 1212 1584 1283 [Egyptiis
1629 1213 1697 1264 ad
1729 1211 2000 1281 Assyrios,

2186 1207 2265 1275 Τῇ
2299 1206 2491 1275 ἡμέρᾳ
2526 1205 2730 1273 ἐκείνῃ
2773 1203 2945 1257 ἔσται
2993 1199 3134 1265 ὁδὸς
3171 1200 3521 1267 Αἰγυπτίοις
3548 1196 3699 1267 πρὸς

418 1303 756 1356 etimrabunt
780 1302 985 1373 Assyrii
1034 1307 1087 1357 in
1110 1302 1421 1373 .Egypzum,
1464 1314 1512 1358 et
1546 1303 1791 1373 zEgyptii
1813 1304 1999 1358 eadem

2121 1296 2505 1365 Ἀσσυρίους.
2557 1294 2669 1348 Καὶ
2733 1292 3193 1348 εἰσελεύσονται
3262 1291 3558 1360 Ἀσσύριοι
3611 1290 3699 1359 εἰς

419 1394 489 1447 ad
521 1396 786 1465 Assyrios,
815 1397 1110 1450 «servient
1134 1395 1376 1466 Ai‘gyplii
1403 1395 1661 1466 Assyriis.

2102 1390 2432 1460 Αἴγυπτον,
2464 1387 2564 1441 καὶ
2596 1386 2906 1455 Αἰγύπτιοι
2954 1383 3354 1451 πορεύσονται
3387 1379 3539 1450 πρὸς
3574 1380 3699 1435 Ἀσ-

2103 1480 2386 1549 συρίους,
2433 1476 2536 1532 καί
2587 1475 3042 1531 δουλεύσουσιν
3090 1474 3146 1527 οἰ
3216 1471 3527 1542 Αἰγύπτιοι
3573 1468 3699 1537 τοῖς

2116 1570 2474 1638 Ἀσσυρίοις.
3116 1618 3143 1633 κ

502 1652 698 1708 Beatus
762 1652 962 1709 Paulus
1010 1654 1080 1710 de
1135 1654 1378 1711 omnium
1424 1655 1681 1711 nostrum
1715 1656 2011 1713 Servalore

2189 1661 2246 1714 ’0
2305 1660 2573 1732 μακάριος
2615 1656 2819 1730 γράφει
2873 1653 3089 1716 Παῦλος
3145 1650 3276 1719 περὶ
3323 1650 3419 1704 τοῦ
3478 1649 3699 1704 πάντων

418 1742 638 1797 Christo
667 1743 858 1798 scribit
883 1747 1027 1812 quod
1054 1745 1166 1814 ipse
1188 1745 1256 1799 sit
1289 1756 1392 1814 pax
1423 1754 1604 1801 nostra
1624 1746 1693 1799 ⁸⁷.
1723 1746 1845 1800 Non
1863 1747 2006 1801 enim

2110 1752 2269 1823 ἡμῶν
2289 1752 2544 1824 Σωτῆρος
2590 1746 2855 1822 Χριστοῦ,
2902 1747 2986 1801 ὅτι
3032 1743 3197 1808 αὑτός
3248 1743 3396 1796 ἐστιν
3428 1743 3462 1813 ἡ
3504 1741 3698 1813 εἰρήνη

420 1833 578 1888 modo
609 1836 984 1903 superioribus
1013 1836 1368 1904 administris,
1394 1846 1448 1891 ct
1476 1838 1683 1893 sanctis
1727 1838 2010 1906 spiritibus

2112 1842 2290 1916 ἡμῶν.
2327 1842 2403 1895 Οὐ
2450 1842 2561 1914 γὰρ
2590 1840 2750 1912 μόνον
2779 1840 2893 1903 τοῖς
2925 1837 3039 1892 ἄνω
3088 1835 3361 1905 πνεύμασι
3396 1832 3702 1905 λειτουργι-

421 1935 580 1980 terra:
612 1926 819 1983 incolas
845 1927 1151 1996 conjunxit,
1210 1930 1306 1984 sed
1364 1939 1554 1998 gentes
1582 1943 1706 1985 cum
1758 1931 2009 2001 gentibus

2111 1940 2229 2002 κοῖς
2261 1939 2357 1991 καὶ
2382 1935 2555 2006 ἁγίοις
2583 1934 2790 2005 συνῆψε
2818 1933 2946 1997 τοὺς
2994 1931 3086 1986 ἐπὶ
3113 1930 3212 2003 τῆς
3256 1929 3383 2000 γῆς,
3425 1928 3560 1982 ἀλλὰ
3590 1927 3702 1999 γὰρ

417 2018 674 2087 congredi
707 2033 775 2073 ac.
820 2019 1107 2076 celebrare
1155 2029 1330 2076 cetus
1364 2020 1506 2075 inter
1542 2036 1605 2077 se
1627 2021 1884 2078 instituit.
1907 2022 2012 2077 An-

2112 2029 2323 2083 ἔθνεσιν
2348 2028 2479 2099 ἔθνη
2533 2026 2811 2099 συμϐῆναι
2863 2022 3300 2095 παρεσκεύασεν.
3330 2020 3445 2093 ΙΙρὸ
3468 2019 3570 2092 μὲν
3593 2019 3702 2092 γὰρ

421 2118 638 2177 tequam
661 2110 806 2165 enim
831 2112 931 2167 hoc
953 2112 1337 2168 commercium
1363 2112 1593 2168 aliorum
1618 2129 1741 2169 cum
1768 2114 1890 2170 aliis
1911 2129 2010 2170 ve-

2107 2123 2208 2194 τῆς
2227 2121 2520 2195 ἐπιδημίας
2557 2120 2657 2191 τῆς
2673 2120 2751 2183 εἰς
2770 2115 2975 2186 ἄλληλα
2990 2113 3292 2183 ἐπιμιξίας,
3309 2109 3703 2182 ἀπενοσφιξετο

421 2198 584 2261 niret,
632 2209 895 2269 separatae
953 2209 1111 2255 erant
1149 2201 1443 2271 provincia:
1479 2209 1536 2256 et
1584 2202 1769 2269 urbes,
1798 2203 2007 2259 crebrae

2108 2214 2263 2287 χώρα
2291 2231 2353 2268 τε
2392 2212 2487 2268 καὶ
2527 2211 2704 2275 πόλις,
2757 2206 2947 2278 συχναὶ
3003 2222 3059 2260 τε
3106 2201 3249 2278 ἦσαν
3307 2202 3702 2272 ὲξαναστάσεις

420 2288 715 2346 seditiones
739 2306 804 2347 ac
838 2291 1197 2358 turbationes,
1231 2292 1497 2348 bellorum
1533 2293 1736 2361 passim
1769 2292 2004 2364 impres-

2108 2307 2204 2360 καὶ
2231 2306 2488 2378 πολέμων
2547 2302 2727 2372 ἔφοδοι
2780 2296 3059 2370 πανταχοῦ
3102 2299 3199 2353 καὶ
3247 2296 3355 2352 τῶν
3408 2296 3704 2367 ἰσχυόντων

419 2381 625 2448 siones,
681 2391 738 2439 et
792 2384 1128 2441 vincentium
1188 2392 1375 2442 contra
1463 2385 1636 2441 victos
1695 2385 1889 2454 palma
1941 2401 2007 2443 ac

2108 2392 2249 2452 ἆθλα
2269 2397 2339 2452 τὰ
2359 2396 2467 2450 τῶν
2481 2393 2837 2467 ἱγιτωμένων,
2856 2391 2948 2444 καὶ
2964 2389 3316 2460 ἀνουθέτητος
3336 2389 3369 2459 ἡ
3394 2386 3701 2453 πλεονεξία,

421 2474 662 2543 praemia,
714 2485 768 2530 et
812 2475 1071 2532 ell‘renata
1106 2477 1187 2533 vis
1215 2475 1666 2544 dominabantur,
1692 2485 1749 2534 et
1783 2478 2005 2549 quosvis
2108 2490 2203 2545 καὶ
2223 2490 2283 2544 τδ
2304 2489 2511 2544 ἀδικεῖν
2536 2486 2631 2552 οὒς
2662 2485 2728 2542 ἂν
2759 2482 2975 2538 δύναιτό
3022 2498 3127 2548 τις,
3165 2480 3418 2543 εὐκλείας
3440 2474 3585 2532 εἶναι
3614 2496 3701 2544 τι,

419 2564 834 2638 quibuscunque
920 2568 1089 2643 298
1148 2571 1322 2628 modis
1400 2572 1735 2643 opprimere,
1819 2568 2005 2626 nobile

2109 2582 2206 2636 καὶ
2246 2581 2356 2635 τῶν
2396 2581 2478 2634 ὅτι
2525 2577 2765 2651 μάλιστα
2817 2572 3151 2646 Θαυμαστῶν
3190 2568 3491 2641 ἐνομίζετο.
3536 2567 3698 2623 Ἀλλὰ

418 2657 675 2724 quiddam
712 2668 766 2712 et
790 2673 925 2715 sane
976 2675 1139 2730 quam
1168 2663 1490 2719 admirabile
1535 2662 1859 2718 ducebatur.
1895 2660 2008 2717 Cae-

2107 2670 2333 2741 γέγονεν
2381 2671 2515 2740 ἡμῖν
2578 2666 2807 2739 εἰρήνη,
2875 2663 2972 2718 καὶ
3023 2660 3166 2714 κατὰ
3217 2657 3375 2711 τοῦτο
3438 2656 3700 2727 Χριστός.

420 2758 595 2803 terum
641 2749 804 2804 etiam
860 2751 947 2807 llic
992 2751 1151 2809 nobis
1192 2768 1294 2825 pax
1361 2754 1611 2811 Christus
1675 2753 1853 2809 factus
1896 2761 2002 2810 est.

2121 2759 2342 2832 Ἐπειδὴ
2377 2759 2485 2831 γὰρ
2524 2760 2639 2821 τοῖς
2703 2753 3078 2839 εὐαγγελιιιοϊς
3104 2838 3109 2839 7
3138 2749 3504 2821 θεσπίσμασιν
3545 2766 3700 2820 περι-

418 2838 712 2910 Postquam
738 2843 882 2897 enim
911 2843 1241 2913 evangelicis
1269 2844 1545 2901 vaticiniis
1581 2845 1770 2902 orbem
1828 2853 2003 2900 terra-

2106 2852 2438 2924 αστράπτων
2454 2851 2521 2922 τῇ
2550 2849 2642 2904 ὑπ’
2663 2843 2912 2918 οὐρανὸν,
2948 2838 3184 2906 ἐδίδαξεν
3218 2839 3465 2902 ἅπαντας
3494 2840 3592 2911 τῆς
3614 2839 3703 2893 εὑ-

423 2947 542 2987 rum
592 2934 945 3000 collustrans,
993 2950 1186 2992 omnes
1230 2938 1376 2992 viam
1427 2937 1645 3009 pietatis
1705 2935 2002 3005 docuisset,

2108 2944 2323 3008 σεϐείας
2368 2941 2469 3013 τὴν
2518 2939 2657 3005 ὁδὸν,
2695 2937 2792 2991 καὶ
2846 2935 2948 3006 τῆς
2998 2935 3080 2998 εἰς
3112 2932 3244 2987 Θεὸν
3299 2930 3395 2986 καὶ
3440 2930 3704 3003 ἀλλήλους

419 3033 474 3077 et
532 3034 588 3078 ut
645 3026 968 3081 charitatem
1016 3042 1145 3098 erga
1188 3028 1356 3084 Dcum
1434 3038 1492 3085 et
1530 3044 1659 3101 erga
1708 3044 1769 3085 se
1815 3039 2003 3085 mutuo

2109 3035 2334 3106 ἀγάπης
2380 3028 2730 3102 ἀντέχεσθαι,
2797 3027 3080 3081 πέπαυται
3143 3024 3242 3096 μὲν
3282 3024 3465 3077 ὲκεῖνα
3513 3023 3704 3091 πάλαι,

419 3118 875 3188 amplecterentur
900 3160 916 3184 ,
952 3119 1040 3175 illa
1095 3122 1321 3192 antiqua
1358 3121 1760 3187 obsoleverunt,
1816 3130 2002 3176 vetera

2110 3125 2411 3197 παρῴχηκε
2437 3121 2495 3176 δὲ
2530 3120 2599 3176 τὰ
2618 3120 2842 3193 ἀρχαῖα,
2874 3118 2971 3172 καὶ
3013 3118 3207 3186 γέγονε
3234 3114 3421 3179 καινὰ,
3446 3115 3591 3168 καθὰ
3621 3115 3704 3181 γέ-

423 3219 788 3276 recesserunt,
835 3220 891 3264 et
944 3226 1081 3267 nova
1127 3212 1270 3269 facta
1322 3222 1466 3276 sum,
1521 3214 1681 3269 sicuti
1738 3213 2000 3283 scriptum

2111 3232 2377 3289 γραπται.
2404 3212 2735 3286 Κεκράτηκε
2779 3211 2891 3282 γὰρ
2924 3211 2959 3282 ἡ
3010 3210 3201 3281 εἰρήνη
3259 3206 3561 3280 πανταχοῦ.
3596 3206 3714 3264 Καὶ

418 3307 541 3367 est;
590 3302 823 3357 obtinuit
876 3304 1021 3358 enim
1082 3321 1187 3375 pax
1276 3306 1476 3376 ubique
1538 3305 1809 3377 gentium.
1887 3302 2005 3360 Hoc

2109 3308 2289 3371 τοῦτο,
2316 3301 2493 3377 οἴμαι,
2516 3302 2684 3370 ἐστὶν,
2709 3303 2737 3360 ὃ
2753 3303 2849 3358 καὶ
2877 3300 3107 3372 ἑτέρωθὲ
3125 3300 3228 3355 πού
3255 3318 3418 3372 φησιν
3437 3302 3465 3355 ὁ
3495 3300 3704 3372 προφήο

417 3390 583 3448 etiam
614 3404 717 3461 est,
738 3396 951 3460 opinor,
976 3397 1121 3465 quod
1151 3406 1208 3454 et
1240 3397 1365 3453 alibi
1389 3396 1522 3453 dicit
1547 3397 1812 3467 propheta
1834 3395 2004 3453 Isaias

2109 3418 2212 3474 της
2249 3399 2477 3465 Ἡσαΐας
2517 3396 2891 3469 περιστάντων
2923 3394 3031 3448 τῶν
3053 3393 3248 3447 ἐθνῶν·
3293 3411 3313 3446 ι
3349 3393 3467 3447 Καὶ
3513 3391 3706 3462 συγκόρ

421 3483 489 3536 de
511 3484 760 3540 omnibus
775 3485 1028 3555 gentibus
1053 3509 1066 3544 :
1095 3504 1116 3539 ι
1148 3488 1216 3545 Ει
1242 3488 1529 3544 concident
1547 3488 1761 3561 gladios
1785 3501 1915 3545 suos
1949 3486 2004 3542 in

2110 3493 2274 3566 ψουσι
2296 3492 2397 3558 τὰς
2431 3490 2706 3565 μαχαίρας
2735 3487 2916 3543 αὐτῶν
2946 3487 3027 3550 εἰς
3075 3486 3301 3558 ἄροτρα,
3345 3485 3442 3538 καὶ
3481 3483 3579 3549 τὰς
3608 3482 3703 3556 ζη·

422 3584 644 3641 aratra,
695 3588 750 3630 et
808 3576 1028 3635 lanceas
1077 3594 1205 3636 suae
1267 3578 1321 3633 in
1372 3578 1558 3644 falces,
1584 3587 1645 3634 et
1686 3594 1793 3635 non
1855 3577 2008 3634 tollet

2114 3586 2284 3652 δύνας
2307 3584 2490 3641 αὐτῶν
2522 3584 2603 3647 εἰς
2634 3581 2901 3653 δρέπανα,
2936 3577 3030 3633 καὶ
3063 3578 3124 3631 οὐ
3164 3576 3238 3648 μὴ
3277 3575 3386 3649 ἄρῃ
3432 3573 3584 3639 ἔθνος
3613 3574 3705 3631 ἐπὶ

422 3679 555 3735 gens
598 3666 653 3722 in
708 3678 922 3739 gentem
952 3670 1210 3743 gladium,
1261 3677 1318 3727 et
1368 3685 1474 3725 non
1527 3669 1740 3726 discent
1776 3669 2007 3739 amplius

2117 3680 2272 3745 ἔθνος
2313 3679 2616 3751 μάχαιραν,
2645 3672 2827 3730 καὶού
2874 3671 2949 3743 μὴ
2985 3668 3231 3741 μάθωσιν
3259 3667 3340 3722 ἔτι
3375 3668 3649 3739 πολεμεῖν.
3682 3685 3702 3719 s

419 3756 624 3813 bellare
658 3758 725 3816 ⁸³³.
755 3760 943 3827 rNam
981 3775 1106 3817 cum
1136 3760 1228 3816 uni
1279 3760 1409 3833 iugo
1483 3769 1743 3832 parerent
1788 3774 2003 3823 omnes,

2112 3771 2403 3842 Γεγονότες
2432 3769 2543 3839 γὰρ
2572 3766 2812 3829 ἅπαντες
2845 3760 2952 3816 ὑπὸ
2985 3760 3151 3828 ζυγὸν
3181 3760 3298 3824 ἕνα,
3325 3758 3709 3831 πνευματικῶς

421 3849 776 3919 spiritualiter
824 3853 1041 3923 quidem
1110 3853 1226 3919 Dei,
1264 3854 1628 3925 corporaliter
1656 3864 1838 3910 autem
1898 3853 2009 3912 non?

2118 3865 2219 3938 μὲν
2243 3863 2337 3918 τδν
2364 3860 2472 3916 ὑπὸ
2488 3857 2630 3930 Θεῷ,
2669 3852 2998 3927 σωματικῶς
3023 3851 3079 3905 δὲ
3107 3850 3198 3905 τὸν
3234 3850 3339 3904 ὑπδ
3379 3850 3673 3921 Ῥωμαίοις
3692 3890 3708 3916 ,

423 3958 711 4000 manorum
742 3966 756 4000 :
787 3949 1030 4003 sedatam
1069 3957 1127 4004 et
1149 3948 1476 4004 inturbidam
1496 3955 1552 4003 et
1576 3946 1699 4002 belli
1725 3957 2006 4018 expertem

2115 3956 2208 4010 τὸν
2238 3955 2509 4027 ἠρεμαῖον
2537 3949 2635 4005 καὶ
2663 3947 2992 4017 ἀσύγχυτον,
3018 3942 3115 3998 καὶ
3146 3941 3384 4015 πολέμου
3435 3942 3561 4014 δίχα
3597 3942 3713 3995 δια-

423 4035 589 4090 vitam
636 4039 843 4104 vivunt,
895 4049 974 4106 ut,
1007 4042 1153 4097 omni
1200 4040 1412 4096 liberati
1469 4047 1638 4105 metu,
1685 4039 1848 4095 etiam
1877 4039 2007 4096 olim

2117 4046 2255 4115 ζῶσι
2287 4047 2422 4119 βίον,
2452 4043 2595 4099 ὥστε
2642 4039 2846 4104 παντὸς
2898 4036 3240 4112 ἐξῃρημένον
3284 4035 3560 4108 δείματος,
3617 4036 3713 4090 καὶ

420 4125 804 4196 inimicissimi,
832 4131 920 4185 alii
950 4147 1074 4187 cum
1115 4132 1241 4188 aliis
1287 4132 1594 4189 animorum
1628 4131 2011 4202 conjunctione

2116 4142 2243 4205 τοὺς
2291 4137 2461 4195 πάλαι
2509 4132 2958 4206 πολεμιωτάτους
3018 4128 3271 4201 ἀλλήλοις
3337 4126 3712 4200 συμφέρεσθαι

420 4219 784 4274 consentiant.
841 4218 1112 4292 Egyptiis
1169 4223 1340 4285 enim.
1381 4221 1577 4291 inquit,
1646 4220 1732 4276 via
1788 4222 1891 4279 erit
1939 4224 2009 4279 ad

2117 4233 2255 4305 πρὸς
2280 4228 2606 4303 ὁμοψυχίαν.
2646 4223 2937 4295 Αἰγύπτιοι
2967 4222 3098 4295 γὰρ,
3135 4221 3324 4292 φησιν,
3368 4220 3486 4275 ὁδὸν
3528 4219 3713 4285 ἕξουσι

373 4342 377 4345 Α
419 4309 696 4381 Assyrios,
726 4322 783 4367 et
806 4314 1048 4387 Assyriis
1093 4314 1162 4371 ad
1211 4314 1520 4386 Egypties.
1556 4324 1613 4371 et
1659 4314 1818 4370 ibunt
1842 4314 1976 4389 IEgy

2118 4323 2257 4395 πρὸς
2318 4319 2661 4391 Ἀσσυρίους,
2711 4317 2805 4370 καὶ
2847 4314 3124 4385 Ἀσσύριοι
3169 4312 3308 4385 πρὸς
3358 4311 3710 4381 Αἰγυπτίους.

420 4401 522 4472 ptii
566 4402 632 4457 ad
662 4403 935 4474 Assyrios,
964 4415 1018 4460 et
1054 4407 1296 4462 servient
1336 4404 1578 4477 Egyptii
1604 4408 1867 4480 ASSYI'liS,
1900 4423 2008 4463 non

2127 4416 2239 4469 Καὶ
2300 4412 2655 4485 πορεύσονται
2705 4407 2994 4478 Αἰγύπτιοι
3049 4405 3186 4477 πρὸς
3238 4405 3577 4477 Ἀσσυρίους,
3617 4403 3714 4459 καὶ

423 4502 485 4547 ιιι
520 4492 625 4547 illis
651 4472 840 4562 Ῑιικιιιη
895 4498 1179 4553 servitutis
1235 4472 1514 4564 injician't‘,
1569 4499 1667 4555 sed
1711 4472 1773 4554 ἱιι
1806 4472 2015 4555 amoris

2116 4472 2495 4560 δουλεύσουσιν
2524 4503 2576 4555 οἱ
2596 4472 2885 4570 Αἰγύπτιοι
2920 4500 3033 4562 τοῖς
3091 4472 3424 4568 δΑσσυρίοις,
3453 4495 3515 4549 οὐ
3546 4494 3712 4563 ζυγὸν

422 4580 641 4638 vinculo
695 4592 886 4655 captos
925 4598 982 4641 et
1015 4587 1441 4656 comprehensos
1496 4597 1735 4653 teneant,
1784 4599 1841 4645 et
1880 4605 2016 4647 sua-

2116 4594 2362 4658 δουλείας
2412 4590 2885 4664 ὲπιῤῥιπτούντων
2944 4587 3195 4651 ἐκείνοιν,
3251 4584 3391 4641 ἀλλὰ
3436 4585 3565 4647 τοὺς
3605 4587 3707 4656 τῆς

422 4671 677 4729 vissimas
705 4676 996 4732 societates
1025 4685 1236 4733 coeant.
1268 4677 1525 4749 Assyrios
1557 4680 1803 4736 nominat
1831 4681 2015 4737 orien-

2116 4687 2340 4759 ἀγάπης
2358 4685 2595 4756 δεσμοὺς
2623 4679 3052 4753 ἐνειλημμένους
3071 4678 3319 4751 ἔχοντας,
3341 4676 3436 4731 καὶ
3455 4676 3706 4747 ήδειστας

425 4764 589 4819 talem
626 4767 900 4836 regionem
929 4767 1251 4825 incolentes.

2117 4777 2476 4849 ποιουμένους
2499 4775 2601 4840 τὰς
2614 4772 2947 4844 ὲπιμιξείας.
2964 4768 3288 4841 Ἀσσυρίους
3305 4784 3369 4839 γε
3389 4766 3494 4840 μὴν
3512 4765 3707 4838 ὀνομά-

496 4920 503 4929 .
2117 4868 2199 4935 ζει
2225 4869 2350 4933 τοὺς
2369 4867 2468 4937 τὴν
2497 4868 2573 4923 ἔω
2602 4866 2890 4929 οἰκοῦντας
2913 4862 3125 4937 χώραν.

496 4943 663 4999 Vens.
696 4944 787 5011 24,
837 4946 929 5002 2ἳ.
966 4945 1061 5003 Die
1110 4946 1206 5001 illa
1249 4948 1349 5001 erit
1405 4947 1581 5003 Israel
1620 4950 1809 5007 tertius
1880 4954 2010 5009 inm

2188 4957 2268 5027 Τῇ
2305 4955 2496 5027 ἡμέρᾳ
2514 4954 2717 5023 ἐκείνῃ
2746 4952 2921 5008 ἔσται
2980 4951 3232 5023 Ἰσραὴλ
3256 4951 3455 5020 τρίτος
3487 4949 3559 5004 ἐν
3585 4949 3713 5018 τοῖς

426 5032 672 5102 Assyrios
705 5045 754 5090 et
785 5034 1070 5107 Egyptios
1102 5038 1404 5093 benedictus
1436 5039 1494 5094 in
1523 5049 1663 5095 terra
1719 5045 1804 5097 cui
1855 5045 2012 5102 bene-

2123 5049 2462 5118 Ἀσσυρίοις
2495 5045 2596 5101 καὶ
2639 5046 2710 5100 ἐν
2738 5043 2865 5111 τοῖς
2907 5044 3263 5114 Αἰγυπτίοις
3297 5040 3713 5112 εὐλογημένος

426 5126 564 5180 dixit
605 5125 863 5182 Dominus
907 5125 1170 5194 Sabaoth,
1194 5128 1373 5184 dicens
1398 5146 1416 5184 :
1439 5129 1758 5189 Benedictus
1785 5138 2012 5207 populus

2108 5144 2181 5200 ἐν
2218 5142 2291 5212 τῇ
2312 5141 2412 5213 τῇ,
2442 5135 2482 5213 ᾖ
2511 5138 2852 5208 εὐλόγησεν
2896 5138 2931 5191 ὁ
2958 5137 3174 5206 Κύριος
3206 5134 3452 5191 Σαϐαὼθ
3473 5135 3672 5205 λέγων
3692 5146 3708 5163 ·

425 5233 570 5271 meus
592 5220 680 5288 qui
709 5218 764 5271 in
790 5217 1050 5291 Egypto,
1094 5228 1144 5274 et
1169 5220 1259 5292 qui
1293 5221 1350 5277 in
1370 5222 1626 5295 Assyriis,
1654 5238 1701 5281 et
1728 5226 2009 5287 lueredilas

2111 5234 2533 5305 Εὐλογημένος
2558 5233 2591 5286 ό
2622 5230 2774 5297 λαός
2798 5247 2918 5299 μου
2955 5231 2989 5283 ὁ
3011 5228 3083 5283 ἐν
3114 5227 3412 5297 Αἰγύπτῳ,
3440 5226 3541 5281 καί
3575 5225 3714 5281 Ἀσ-

428 5326 543 5363 me“
571 5307 767 5364 Ῑδναεί·
2116 5325 2375 5394 συρίοις,
2414 5321 2515 5376 καὶ
2545 5320 2583 5389 ἡ
2616 5318 2985 5388 κληρονομία
3001 5335 3121 5389 μου
3152 5313 3425 5383 Ἰσραήλ.

501 5400 705 5457 Dicitur
725 5399 891 5457 Israel
931 5402 1321 5476 primogenitus
1356 5408 1499 5465 inter
1545 5410 1705 5468 lilios.
1744 5413 1877 5469 Cum
1909 5429 2010 5469 au-

2201 5416 2527 5487 Ὠνόμασται
2563 5413 2660 5486 μὲν
2692 5414 2722 5466 ὁ
2752 5411 2971 5485 Ἰσραὴλ
3003 5411 3348 5482 πρωτότοκος
3384 5409 3443 5463 ὲν
3478 5407 3708 5472 τέκνοις.

429 5500 534 5548 tem
580 5495 634 5549 in
669 5494 946 5552 Christum
979 5496 1471 5569 debaccbarentur,
1496 5506 1756 5576 gentibus
1802 5507 2011 5564 subditi

2133 5506 2352 5579 Ἐπειδὴ
2372 5506 2430 5561 δὲ
2450 5502 2855 5576 πεπαρῴνηκεν
2891 5504 2971 5567 εἰς
2986 5499 3246 5573 Χριστὸν,
3278 5498 3510 5554 κατόπιν
3537 5497 3711 5552 τέθει-

428 5592 577 5655 sunt,
612 5594 668 5643 et
697 5587 991 5644 secundam
1024 5588 1170 5647 velut
1225 5590 1461 5652 classem
1495 5598 1675 5657 sortiti
1718 5606 1865 5656 sunt.
1913 5598 2015 5658 lla-

2121 5617 2211 5656 ται
2243 5598 2353 5655 τῶν
2373 5584 2565 5664 ἐθνῶν,
2599 5595 2694 5652 καὶ
2723 5592 2987 5668 δευτέραν
3030 5591 3224 5668 ὥσπερ
3254 5588 3712 5664 μετεκληρώσατο

503 5761 548 5798 ⁶¹
587 5767 785 5840 Ephes.
812 5796 875 5848 ιι,
922 5782 1004 5838 ιιι.
1082 5785 1127 5818 ⁸⁸
1157 5782 1259 5843 lsa.
1297 5794 1358 5847 ιιι
1385 5772 1442 5831 δ’
