4060 6526
353 372 480 427 477

1496 378 1564 436 IN
1607 380 1839 437 ISAIAM
1879 381 2008 439 LIB.
2052 382 2115 437 ll.
2148 380 2390 440 TOMUS
2428 383 2515 441 IV.

3588 396 3692 453 ιτὸ

352 491 551 558 τάξιν.
596 493 914 565 Τετήρηται
948 493 1055 567 γὰρ
1093 496 1186 550 καὶ
1249 497 1400 570 αὐτῷ
1441 499 1540 571 τῆς
1581 502 1923 574 ἐπιστροφῆς
1956 523 1965 556 ι

2089 504 2215 560 bent
2243 507 2388 560 enim
2422 515 2478 559 et
2530 503 2602 559 illi
2647 503 2982 560 destinatum
3031 503 3134 560 sibi
3183 515 3392 579 tempus
3417 524 3529 566 suae
3561 527 3677 568 con-

359 583 593 655 καιρὸς.
622 583 944 655 Γέγραπται
979 586 1132 656 γοῦν,
1164 587 1246 642 ὅτι
1274 607 1293 640 ‹
1329 591 1499 644 Ὅταν
1534 591 1591 644 δὲ
1619 593 1680 646 τὸ
1707 593 1986 666 πλήρωμα

353 676 483 730 τῶν
518 675 690 732 ἐθνῶν
722 677 964 749 εἰσέλθῃ,
991 679 1112 733 τότε
1171 683 1280 746 πᾶς
1319 683 1538 756 Ἰσραὴλ
1594 683 1924 757 σωθήσεται.
1961 705 1980 738 s

361 771 578 843 Ἀθρει
609 770 673 842 δὴ
699 766 814 837 οῦν,
847 771 1005 844 ἄθρει
1024 773 1209 845 τρίτον
1243 776 1302 829 ὲν
1324 777 1537 841 τούτοις
1567 777 1985 850 ὠνομασμένον,

357 864 428 917 ὲν
482 867 603 928 τοῖς
644 865 955 937 Ἀσσυρίοις
998 867 1094 921 καὶ
1141 869 1485 939 Αἰγυπτίοις.
1546 872 1868 945 Ἀσσυρίους
1926 873 1985 927 δέ

358 972 545 1025 φησιν
566 958 625 1010 ὲν
654 957 888 1025 τούτοις,
917 957 993 1024 ὡς
1043 959 1200 1032 ἔφην,
1261 962 1391 1026 τοὺς
1446 961 1591 1016 κατά
1614 980 1678 1032 γε
1708 964 1809 1034 τὴν
1835 963 1984 1034 ἑῴαν

356 1047 598 1101 ἃπασαν
624 1049 750 1120 γῆν,
790 1051 1029 1121 μάλιστα
1056 1052 1112 1107 δὲ
1135 1053 1233 1124 τὴν
1270 1055 1446 1126 μέσην
1472 1055 1581 1109 τῶν
1608 1055 1894 1127 ποταμῶν,
1923 1059 1982 1110 ὲν

355 1135 398 1214 ᾖ
426 1143 531 1194 καὶ
553 1137 697 1197 εἷναί
733 1161 867 1212 φασι
893 1146 1154 1217 γνησίους
1180 1149 1588 1220 προσκυνητὰς,
1621 1150 1715 1203 καὶ
1744 1149 1982 1220 ἀδελφὴν

353 1236 461 1287 καὶ
498 1237 722 1304 γείτονα
751 1237 852 1309 τῆς
881 1241 1196 1309 Αἰγυπτίων
1254 1241 1678 1312 ἐπιτηδεύοντας
1718 1243 1976 1314 ἄσκησιν,

349 1326 438 1390 ὡς
484 1327 772 1398 ίσάμιλλον
807 1329 953 1401 ἔχειν
989 1332 1091 1403 τήν
1125 1350 1185 1387 τε
1232 1334 1314 1398 είς
1338 1335 1448 1387 πᾶν
1478 1334 1656 1388 ὁτιοῦν
1679 1334 1789 1388 τῶν
1839 1337 1979 1405 ἀγα-

352 1417 477 1472 θῶν
507 1420 701 1489 ἔφεσίν
735 1439 797 1475 τε
827 1423 923 1476 καὶ
959 1424 1293 1496 προθυμίαν,
1344 1427 1440 1480 καὶ
1482 1426 1583 1498 μέν
1616 1445 1698 1482 τοι
1725 1429 1822 1482 καί
1849 1431 1978 1500 ἀρε-

348 1511 487 1581 τήν.
522 1511 820 1585 Τοιγάρτοι
841 1517 1006 1586 φησὶν
1027 1517 1055 1568 6
1090 1517 1200 1571 τῶν
1235 1519 1373 1573 ὅλων
1405 1519 1560 1584 Θεός’
1594 1517 1978 1591 Εὐλογημένος

349 1604 388 1656 ὁ
421 1602 558 1668 λαός
607 1621 734 1675 μου,
770 1607 798 1658 6
825 1607 884 1659 ἐν
908 1607 1174 1681 Αἰγύπτῳ
1223 1612 1316 1665 καὶ
1363 1613 1420 1665 ὲν
1483 1612 1792 1684 Ἀσσυρίοις
1819 1629 1833 1642 ·
1878 1615 1978 1667 έπ-

352 1696 688 1768 αριθμείται
713 1698 772 1752 δὲ
795 1701 980 1772 τρίτος
1013 1704 1044 1756 6
1083 1704 1320 1778 Ἰσραήλ.
1357 1706 1710 1778 Προσεπάγει
1738 1705 1848 1780 γὰρ
1881 1709 1965 1762 ὅτι

2092 596 2382 652 versionis.
2427 595 2561 651 Nam
2593 599 2856 666 scriptum
2889 608 2972 654 est
3000 618 3013 653 :
3050 617 3070 650 ι
3099 599 3326 667 Quando
3355 617 3484 658 vero
3519 605 3691 674 pleni-

2092 691 2220 744 tudo
2249 691 2492 758 gentium
2547 689 2856 755 intraverit,
2909 699 3022 746 tum
3088 693 3266 748 omnis
3315 694 3688 752 lsraelsalvus

2087 779 2279 833 erit“.
2312 798 2332 832 ι
2370 778 2752 850 Contemplare
2809 782 3007 852 igitur,
3063 786 3439 856 contemplare
3493 789 3545 842 in
3598 789 3686 844 liis

2091 871 2310 927 tertium
2339 872 2751 928 denominatum
2803 874 2945 929 inter
3001 877 3258 948 Assyrios
3293 888 3346 933 et
3373 877 3682 952 Egyptios.
3737 889 3739 892 ’

2085 966 2342 1038 Assyrios
2397 966 2486 1022 hic
2525 967 2678 1032 dicit,
2737 975 2796 1020 ut
2859 969 3094 1034 aiebam,
3154 971 3244 1040 qui
3305 979 3473 1026 totam
3539 972 3686 1026 velut

2084 1062 2406 1116 orientalem
2473 1071 2673 1118 terram
2725 1071 3043 1135 occupant,
3091 1065 3329 1120 maxime
3382 1081 3505 1121 eam
3563 1082 3686 1137 qua:

2086 1150 2228 1206 inter
2286 1150 2482 1208 ﬂuvios
2534 1153 2636 1208 sita
2700 1162 2803 1217 est,
2843 1153 2895 1207 in
2946 1168 3051 1224 qua
3084 1154 3248 1209 etiam
3296 1171 3587 1226 germanos
3627 1165 3684 1213 et

2083 1243 2350 1314 ingenuos
2388 1245 2706 1300 adoratores
2730 1259 2858 1300 esse
2881 1244 3082 1310 ferunt,
3107 1245 3196 1314 qui
3229 1257 3286 1300 et
3308 1257 3598 1316 cognatam
3627 1257 3684 1302 et

2081 1337 2318 1391 vicinam
2340 1335 2722 1408 Egyptiorum
2750 1335 3009 1391 excolunt
3037 1335 3402 1406 disciplinam.
3427 1339 3498 1391 ita
3534 1347 3594 1391 ut
3624 1338 3678 1392 in

2081 1429 2348 1484 bonarum
2380 1444 2562 1483 rerum
2594 1430 2797 1493 studio,
2833 1428 3120 1485 alacritate
3181 1439 3239 1486 et
3282 1431 3485 1486 virtute
3513 1431 3685 1502 299

2079 1534 2235 1589 sequo
2281 1535 2506 1591 prorsus
2539 1529 2715 1574 marte
2761 1520 3056 1577 decertare
3106 1521 3416 1577 videantur.
3449 1522 3686 1578 Proinde

2079 1609 2211 1665 dicit
2255 1609 2630 1665 universitatis
2654 1608 2800 1666 Deus
2831 1625 2846 1662 :
2886 1611 3216 1667 Benedictus
3239 1614 3468 1682 pepulus
3526 1628 3682 1668 meus

2078 1705 2170 1774 qui
2203 1713 2286 1759 est
2321 1704 2376 1759 in
2408 1702 2668 1776 Egypto,
2705 1713 2761 1760 et
2797 1705 2890 1775 qui
2924 1707 2976 1760 in
3007 1706 3286 1777 Assyriis,
3326 1717 3682 1761 numeratur-

357 1790 486 1842 Καὶ
529 1790 864 1863 κληρονομία
903 1811 1008 1865 μου
1057 1795 1294 1868 Ἰσραήλ.
1349 1797 1462 1850 Καὶ
1518 1796 1715 1850 τούτου
1765 1797 1824 1851 δὲ
1873 1797 1965 1870 τὴν

2078 1809 2184 1865 que
2235 1798 2430 1851 tertius
2492 1795 2688 1852 Israel.
2747 1795 2942 1853 Subdit
2985 1799 3174 1854 enim:
3221 1797 3524 1853 ilareditas
3556 1813 3680 1856 mea

354 1860 647 1953 πρόφασιν
675 1860 1070 1957 πρδαπέδειξεν
1091 1860 1239 1961 ἡμῖν·
1257 1889 1286 1942 6
1313 1889 1492 1958 λόγος’
1511 1860 1965 1964 κεκυριοκτόνηκε

2078 1860 2264 1945 Israel.
2293 1889 2522 1945 Causam
2553 1899 2732 1945 autem
2779 1892 3234 1962 prmsignilicavit
3261 1891 3420 1946 nobis
3450 1893 3630 1947 oratio
3661 1909 3676 1958 ;

355 1977 470 2046 γὰρ
503 1977 596 2028 καὶ
622 1977 867 2032 τέθειται
897 1980 978 2042 εἰς
1005 1978 1196 2045 νῶτον,
1233 1979 1380 2035 καθά
1400 1982 1615 2051 φησινὸ
1645 1981 1830 2037 Δαϐίδ.
1862 1981 1965 2035 Καὶ

2077 1980 2365 2035 Dominum
2427 1981 2574 2037 enim
2611 1983 2837 2048 occidit,
2906 1993 2964 2038 et
2991 1983 3202 2053 positus
3229 1994 3312 2038 est
3344 1983 3396 2038 in
3441 1992 3677 2055 tergum,

357 2069 418 2122 ἐν
449 2072 563 2132 τοῖς
588 2071 935 2144 περιλοίποις
960 2071 1188 2144 γέγονεν
1223 2075 1252 2128 6
1280 2075 1646 2148 πρωτότοκος.

435 2249 546 2304 Τοῦ
595 2248 776 2318 ἔτους
820 2246 894 2310 οὗ
938 2250 1226 2322 είσῆλθεν
1271 2255 1541 2310 Ταναθὰν
1584 2256 1673 2322 εἰς
1699 2251 1966 2320 Ἄζωτον,

353 2341 541 2409 ἡνίκα
573 2343 898 2414 ἀπεστάλη
925 2345 1044 2402 ὑπὸ
1080 2346 1260 2417 Ἀρνὰ
1279 2349 1590 2415 ,ϐασιλέως
1614 2349 1964 2417 Ἀσσυρίων,

352 2434 458 2488 καὶ
488 2436 842 2508 ἐπολέμησε
869 2439 988 2508 τὴν
1012 2439 1278 2509 Ἄζωτον,
1320 2441 1420 2496 καί
1466 2441 1830 2496 κατελάϐετο
1860 2443 1967 2497 αὺ-

353 2527 490 2594 τὴν,
518 2531 658 2584 τότε
705 2529 983 2601 ἐλάλησε
1008 2533 1224 2604 Κύριος
1254 2533 1406 2604 πρὸς
1445 2535 1694 2590 Ἡσαΐαν
1735 2535 1962 2605 λέγων·

349 2622 624 2690 Πορεύου
654 2623 756 2677 καί
781 2624 974 2694 ἄφελε
998 2625 1107 2679 τὸν
1128 2626 1365 2681 σάκκον
1407 2627 1529 2681 ἀπὸ
1581 2625 1690 2696 τῆς
1733 2627 1966 2696 ὀσφύος

349 2727 492 2778 σου,
535 2713 639 2768 καί
681 2715 753 2769 τὰ
801 2715 1109 2771 σανδάλιά
1152 2734 1269 2772 σου
1316 2719 1626 2773 ὑπόλυσαι
1675 2717 1796 2772 ἀπὸ
1844 2717 1967 2772 τῶν

353 2808 560 2863 ποδῶν
601 2823 720 2863 σου
744 2826 758 2840 ⁸
803 2809 902 2864 καί
955 2809 1250 2878 ἐποίησεν
1301 2810 1513 2877 οὕτως,
1555 2813 1963 2881 πορευόμενος

351 2902 585 2971 γυμνὸς
635 2903 737 2957 καὶ
787 2903 1184 2969 ἀνυπόδετος.
1240 2904 1354 2959 Καὶ
1393 2900 1528 2958 εἶπε
1564 2905 1810 2973 Κύριος·
1854 2905 1965 2959 Ὃν

353 2995 581 3064 τρόπον
627 2997 994 3064 πεπόρευται
1028 2997 1273 3063 Ἡσαΐας
1321 3000 1354 3051 ό
1393 2995 1536 3064 παῖς
1565 3013 1687 3066 μου
1735 2999 1966 3066 γυμνὸς

355 3086 452 3140 καί
478 3087 880 3155 ἀνυπόδετος,
914 3090 1048 3157 τρία
1079 3087 1184 3157 ἔτη
1214 3088 1387 3142 ἔσται
1410 3087 1633 3158 σημεῖα
1661 3085 1761 3142 καὶ
1795 3087 1966 3158 τέρα·

355 3199 426 3236 τα
448 3181 573 3248 τοῖς
597 3185 951 3252 Αἰγυπτίοις
991 3182 1089 3237 καί
1117 3182 1399 3252 Αἰθίοψιν
1420 3198 1434 3212 ’
1471 3180 1561 3235 ὅτι
1605 3180 1792 3247 οὕτως
1831 3178 1964 3246 ἄξει

2073 2073 2534 2141 quemadmodum
2565 2075 2644 2130 ait
2695 2074 2866 2131 David
2895 2076 2968 2144 ⁷⁸,
3017 2086 3074 2131 et
3123 2077 3176 2131 in
3214 2075 3456 2146 reliquiis
3481 2091 3675 2132 cense-

2074 2177 2162 2223 tur
2189 2167 2606 2238 primogenitns.

2141 2257 2273 2314 CAP.
2327 2257 2446 2316 XX.
2501 2258 2663 2316 Vens.
2713 2259 2838 2314 1-4.
2900 2260 3053 2315 Anno
3117 2277 3221 2331 quo
3274 2261 3541 2330 ingressus
3577 2267 3674 2313 ‘est

2072 2351 2359 2408 Tanathan
2409 2353 2465 2407 in
2521 2352 2771 2418 Asotum,
2815 2353 3026 2424 quando
3060 2353 3256 2407 missus
3285 2353 3351 2406 ab
3377 2352 3525 2407 Arna
3553 2367 3676 2422 rege

2068 2443 2432 2515 Assyriorum,
2469 2454 2517 2499 et
2543 2444 2772 2498 Azotum
2819 2460 3100 2514 aggressus
3141 2451 3220 2498 est
3256 2455 3306 2498 et
3333 2445 3472 2514 cepit
3496 2484 3510 2509 ,
3545 2455 3671 2499 tunc

2068 2536 2276 2592 locutus
2303 2546 2379 2592 est
2419 2538 2678 2592 Dominus
2737 2535 2922 2605 Isaiae,
2963 2538 3146 2591 dicens
3172 2551 3193 2590 :
3255 2535 3421 2605 Vade,
3453 2547 3502 2592 et
3539 2551 3672 2591 exue

2069 2642 2103 2680 α
2141 2625 2316 2680 luntbo
2365 2635 2456 2680 tuo
2500 2642 2735 2691 saccum,
2771 2635 2820 2681 et
2851 2627 3057 2682 calceos
3087 2639 3206 2682 tuos
3233 2628 3449 2683 detrahe
3482 2629 3548 2681 de
3581 2641 3670 2697 pe-

2067 2717 2222 2771 dibus
2254 2718 2380 2771 tuis.
2411 2717 2481 2771 Et
2502 2717 2626 2787 fecit
2656 2719 2754 2783 sic,
2787 2718 3036 2773 incedens
3077 2721 3252 2773 nudus
3289 2729 3340 2773 et
3381 2719 3674 2774 discalcea-

2067 2819 2173 2862 tus.
2223 2808 2292 2862 Et
2336 2808 2473 2862 dixit
2536 2807 2796 2863 Dominus
2833 2823 2854 2864 :
2920 2809 3380 2876 Quemadmodum
3430 2809 3672 2866 ambulat

2070 2898 2246 2954 Isaias
2288 2916 2470 2956 seruus
2519 2918 2664 2957 meus
2700 2905 2874 2957 nudus
2905 2913 2955 2958 et
2985 2903 3363 2969 discalceatus,
3392 2905 3470 2959 sic
3499 2904 3671 2960 tribus

2068 2995 2224 3050 annis
2257 3003 2418 3050 erunt
2458 2996 2612 3067 signa
2653 3007 2700 3052 et
2749 2999 2996 3068 prodigia
3024 2997 3294 3070 Egyptiis
3318 3007 3366 3052 et
3394 2996 3671 3067 {Ethiopi-

2069 3090 2206 3154 bus,
2260 3091 2388 3159 quia
2443 3091 2518 3146 sic
2569 3092 2723 3146 ducet
2775 3107 2870 3146 rea:
2914 3095 3256 3164 Assyriorum
3310 3093 3671 3160 captivitatem

2067 3181 2296 3252 zEgypti
2337 3193 2386 3237 et
2439 3181 2755 3250 Ethiopum
2797 3200 3043 3254 Juvenes,
3087 3200 3340 3254 senesque
3400 3185 3573 3239 nudos
3621 3191 3671 3236 et

353 3276 652 3343 βασιλεὺς
687 3277 1024 3346 Ἀσσυρίων
1055 3275 1169 3345 τὴν
1207 3275 1635 3345 αἰχμαλωσίαν
1655 3275 1963 3345 Αἰγύπτου

2071 3274 2442 3341 discalceatos,
2485 3286 2696 3344 opertos
2735 3277 2990 3331 dedecore
3028 3275 3275 3346 IEgypIi.

357 3371 452 3424 καί
512 3371 844 3435 Αἰθιόπων,
936 3369 1305 3436 νεανίσκους
1353 3367 1455 3422 καί
1503 3365 1990 3436 πρεσϐυτέρους,

339 3467 468 3535 ’τὴν
496 3469 809 3538 αἰσχύνην
836 3469 1167 3538 Αἰγύπτου.

427 3566 778 3637 Διαπεράνας
801 3561 861 3620 εῦ
888 3565 1036 3636 μάλα
1060 3563 1150 3620 τὸν
1177 3565 1273 3620 ἐπὶ
1302 3566 1415 3628 τοῖς
1438 3562 1755 3634 Αἰγυπτίοις
1775 3562 1956 3632 λόγον,

356 3656 447 3708 καὶ
479 3657 600 3709 τίνα
628 3657 831 3729 τρόπον
861 3655 1220 3726 κεκλήσονται
1253 3655 1342 3710 διὰ
1369 3653 1604 3718 πίστεως
1640 3655 1720 3717 εἰς
1742 3653 1840 3725 τὴν
1863 3653 1960 3724 τῆς

351 3749 606 3822 ἀληθείας
645 3749 946 3818 ἐπίγνωσιν
983 3747 1436 3821 προηγορευκὼς,
1468 3749 1745 3819 οἰκονομεί
1769 3765 1822 3800 τι
1855 3747 1956 3800 πάι

351 3839 430 3892 λιν
469 3839 575 3894 τῶν
607 3841 817 3912 ὅσαπερ
850 3835 920 3911 ἦν
948 3839 1197 3911 χρήσιμά
1246 3855 1306 3892 τε
1353 3838 1449 3892 καί
1498 3837 1774 3906 ἀναγκαῖα
1821 3836 1959 3907 πρὸς

348 3934 535 4004 δνησιν
570 3937 684 3999 τοίς
713 3933 775 3999 ἐξ
817 3932 1061 4005 Ἰσραήλ·
1094 3932 1189 3986 καὶ
1223 3933 1350 3985 ποῖα
1378 3931 1443 4002 δὴ
1469 3929 1646 3984 ταῦτά
1677 3931 1845 3993 ἐστιν,
1883 3929 1959 3994 ὠς

351 4028 406 4080 ὲν
437 4025 698 4097 βραχέσιν
721 4026 852 4099 ἐρῶ.
871 4023 1423 4116 Ἀφειδήσαντεςιγὰρ
1447 4024 1542 4077 καὶ
1563 4022 1733 4094 αὐτῆς
1756 4021 1856 4093 τῆς
1878 4023 1958 4085 εἰς

351 4119 438 4173 τὸν
467 4119 555 4174 διὰ
585 4119 870 4183 Μωῦσέως
902 4118 1066 4190 νόμον
1093 4113 1312 4183 αἰδοῦς,
1333 4115 1426 4169 καὶ
1461 4115 1566 4187 μὴν
1615 4117 1712 4167 καὶ
1739 4113 1844 4184 τῆς
1876 4113 1958 4176 εἰς

349 4213 481 4268 Θεὸν
527 4213 754 4284 ἀγάπης
797 4211 1259 4283 ὀλιγωρήσαντες,
1293 4206 1678 4262 ἁσυνετώτατα
1718 4203 1956 4274 κατεφέ-

350 4322 504 4376 ροντο
543 4304 681 4375 πρὸς
713 4321 777 4374 γε
809 4303 873 4357 τὸ
907 4303 1018 4356 δεῖν
1051 4303 1132 4366 εἰς
1163 4299 1426 4355 πολύθεον
1457 4296 1786 4351 καθικέσθαι
1818 4295 1955 4350 πλά-

352 4414 524 4469 νησιν,
561 4396 657 4450 καὶ
701 4399 812 4461 τοῖς
856 4395 1042 4468 ἔργοις
1072 4394 1181 4449 τῶν
1215 4393 1361 4447 ἰδίων
1390 4390 1590 4463 χειρῶν
1633 4388 1950 4460 λατρεῦσαι.

351 4491 472 4554 Τοῖς
502 4490 560 4544 δὲ
592 4489 742 4554 ἅπαξ
775 4490 856 4553 εἰς
884 4486 1044 4542 τοῦτο
1085 4485 1313 4556 γνώμης
1368 4482 1731 4553 ὡλισθηκὸσιν
1765 4483 1955 4536 ἀνεπι-

2076 3366 2338 3438 Γυμνοὺς
2388 3366 2492 3422 καί
2545 3369 2961 3437 ἀνυποδέτους
2987 3410 3002 3436 ,
3053 3369 3671 3440 ἀνακεκαλυμμένους

2143 3557 2276 3615 Cum
2327 3557 2568 3614 sermoni
2629 3558 2699 3614 de
2753 3556 3028 3630 Egyptiis
3072 3557 3232 3614 linem
3265 3558 3473 3628 optime
3499 3557 3671 3629 impo-

2012 3671 2022 3680 ’
2069 3653 2244 3708 suerit
2266 3694 2281 3716 ,
2338 3661 2391 3706 et
2419 3653 2878 3723 quemadmodum
2911 3653 3139 3707 vocandi
3169 3663 3358 3708 essent
3386 3667 3483 3724 per
3507 3651 3669 3708 ﬁdem

2069 3745 2136 3798 ad
2185 3745 2436 3799 veritatis
2487 3743 2824 3814 agnitionem
2883 3744 3216 3814 praedixerit,
3272 3758 3462 3798 rursus
3523 3744 3670 3814 quod

2071 3835 2335 3892 lsraelitis
2360 3837 2594 3908 perutile
2617 3844 2672 3892 et
2694 3838 3164 3906 pernecessarium
3190 3845 3436 3908 est,apte
3453 3837 3666 3892 intexit.

2067 3929 2142 3984 Ea
2198 3947 2316 4000 qua:
2361 3932 2470 3984 sint
2517 3929 2710 3998 paucis
2738 3930 2938 3985 dicam.
2961 3921 3298 3999 Contempla
3327 3929 3473 3985 enim
3497 3928 3668 3998 ipsius

2063 4023 2201 4094 legis
2257 4023 2514 4077 Mosaicm
2566 4022 2876 4092 religione,
2937 4029 2994 4077 et
3055 4021 3326 4076 charitate
3378 4020 3433 4076 in
3493 4022 3666 4076 Deum

2061 4125 2269 4187 spreta,
2293 4130 2359 4169 eo
2384 4115 2622 4169 devoluti
2653 4124 2781 4168 sunt
2811 4113 3341 4183 imprudentissimo,
3376 4122 3436 4168 ut
3471 4127 3663 4170 errore

2060 4210 2356 4262 multorum
2409 4209 2635 4262 deorum
2689 4207 3136 4271 involverentur,
3186 4215 3242 4260 et
3285 4221 3508 4260 suarum
3551 4223 3666 4260 ma-

2055 4317 2220 4356 nuum
2284 4301 2543 4369 Operibus
2603 4300 2899 4354 servirent.
2963 4298 3083 4365 Quo
3116 4298 3287 4353 semel
3318 4301 3371 4352 in
3411 4299 3654 4353 animum

2049 4395 2319 4457 demisso,
2376 4391 2510 4446 nihil
2563 4392 2834 4447 malorum
2873 4406 2980 4446 non
3030 4391 3511 4463 aggrediebantur.
3545 4391 3664 4458 Qua

2057 4489 2123 4546 de
2163 4503 2327 4544 causa
2370 4500 2747 4556 sa'penumero
2798 4483 3170 4540 universitatis
3217 4483 3360 4540 Deus
3409 4483 3566 4540 bellis
3607 4492 3664 4538 et

352 4583 605 4653 τήδευτον
648 4578 719 4655 ἦν
766 4581 878 4637 τῶν
934 4581 1156 4652 φαύλων
1200 4579 1372 4634 οὐδέν.
1402 4578 1619 4650 Ταύτης
1654 4577 1820 4631 ἕνεκα
1848 4575 1949 4646 τῆς

2071 4581 2260 4636 πιειῑίε
2282 4595 2375 4635 eos
2395 4579 2629 4645 vexavit,
2650 4594 2772 4635 cum
2791 4593 2889 4648 per
2911 4577 3172 4634 ﬁnitimas
3193 4586 3403 4646 gentes,
3423 4587 3538 4631 tum
3566 4591 3663 4648 per

352 4677 528 4742 αἰτίας
569 4677 796 4749 ὲπηφίει
839 4675 1158 4739 πλειστάκις
1202 4675 1387 4738 αὐτοῖς
1427 4675 1456 4726 6
1485 4672 1595 4726 τῶν
1629 4671 1768 4726 ὅλων
1817 4671 1951 4738 Θεὸς

2071 4674 2257 4730 Persas
2288 4683 2342 4730 et
2367 4673 2553 4729 Medos
2584 4691 2598 4727 :
2633 4673 2727 4743 qui
2761 4673 2815 4727 in
2839 4671 3080 4726 .ludaeam
3113 4671 3479 4740 impressione
3514 4669 3660 4724 facta

353 4771 618 4843 πολέμους
641 4773 735 4826 καὶ
765 4771 965 4843 μάχας,
993 4770 1154 4825 τοῦτο
1184 4769 1285 4842 μὲν
1311 4770 1440 4832 τοὺς
1467 4768 1576 4822 ἀπό
1603 4785 1665 4837 γε
1686 4768 1794 4821 τῶν
1816 4768 1950 4839 ὁμό-

2071 4769 2184 4823 aliis
2237 4768 2492 4838 gentibus
2545 4766 2697 4838 prius
2754 4765 3027 4828 vastatis,
3091 4761 3370 4819 lsraelitas
3405 4761 3557 4831 gravi
3607 4769 3666 4817 et

355 4881 459 4934 ρων
483 4864 676 4927 ὲθνῶν,
709 4863 868 4919 τοῦτο
895 4865 952 4918 δὲ
975 4865 1104 4928 τοὺς
1141 4861 1294 4932 παρὰ
1327 4861 1554 4933 Περσῶν
1589 4879 1652 4914 τε
1695 4861 1789 4915 καὶ
1826 4861 1949 4932 Μή-

2071 4861 2403 4917 mlolerando
2442 4871 2587 4915 metu
2642 4874 2750 4914 non
2785 4875 2910 4915 raro
2947 4857 3354 4913 exanimarunt.
3408 4852 3476 4909 Hi
3531 4867 3665 4909 vero

352 4955 454 5009 ὃων
479 4973 491 4985 ·
543 4958 593 5011 οἱ
642 4956 701 5010 δέ
748 4973 811 5026 γε
863 4957 964 5028 τῆς
1000 4953 1261 5018 Ἰουδαίας
1307 4951 1844 5025 κατεξανιστάμενοι,
1881 4952 1952 5006 τὰ

2071 4970 2183 5008 cum
2216 4953 2595 5008 universitatis
2646 4953 2814 5007 Deum
2849 4952 3112 5006 emollire
3136 4959 3193 5004 et
3227 4949 3469 5019 placare,
3502 4956 3558 5003 et
3591 4947 3662 5003 ab

353 5051 513 5122 ἕτερα
557 5049 666 5104 τῶν
705 5049 880 5103 ὲθνῶν
922 5045 1432 5120 προκαταδῃοῦντες
1469 5045 1582 5100 ἔσθ’
1608 5047 1720 5109 ὅτε,
1759 5047 1954 5111 δεινοῖς

356 5145 442 5198 καὶ
474 5144 773 5214 ἁψορήτοις
813 5140 1068 5213 δείμασιν
1115 5140 1324 5211 ὁμιλεῖν
1372 5138 1792 5211 παρεσκεύαζον
1826 5133 1954 5204 τδὺς

355 5236 409 5303 ἐξ
451 5235 688 5308 Ἰσραήλ.
719 5237 785 5290 Oi.
811 5235 871 5289 δὲ
894 5235 1072 5289 καίτοι
1102 5233 1222 5286 δέον
1249 5231 1341 5285 τὸν
1373 5231 1484 5286 τῶν
1514 5231 1651 5286 ὅλων
1676 5231 1955 5304 ἐκμειλίσ-

356 5327 540 5382 σεσθαι
571 5327 724 5394 Θεὸν,
757 5329 852 5380 καὶ
885 5325 1117 5381 ἀνοσίων
1149 5324 1250 5394 μὲν
1271 5325 1576 5397 ἀποφοιτᾷν
1599 5324 1955 5396 σπουδασμά-

362 5436 475 5483 ιων,
514 5418 910 5490 μεταχωρῆσαι
960 5417 1017 5471 δὲ
1071 5416 1270 5487 μᾶλλον
1297 5417 1393 5470 ἐπὶ
1423 5417 1486 5471 τὸ
1527 5417 1678 5488 αὐτῷ
1718 5416 1910 5473 δοκοῦν
1935 5460 1950 5485 ,

355 5510 444 5564 καὶ
486 5509 876 5580 ἀπολογεῖσθαι
927 5509 1309 5581 λελυπημένῳ,
1343 5510 1432 5564 διά
1477 5527 1540 5580 γε
1584 5509 1688 5583 τῆς
1731 5512 1797 5566 ὲκ
1842 5513 1952 5566 τῶν

353 5602 640 5673 αἰσχιόνων
667 5605 749 5665 εἰς
786 5603 849 5656 τὺ
885 5601 1111 5672 ἄμεινον
1157 5600 1527 5672 μεταδρομῆς,
1559 5601 1703 5656 οῦτω
1747 5620 1806 5656 τε
1853 5602 1950 5678 τὴν

354 5696 479 5766 παρ’
518 5693 684 5748 αὐτοῦ
733 5694 827 5748 καί.
881 5693 1046 5765 μόνου
1084 5693 1355 5764 σωτηρίαν
1387 5695 1688 5766 ἐπιζητεῖν,
1722 5697 1819 5752 καὶ
1851 5696 1948 5769 τὴν

416 5882 461 5914 ⁸⁸
503 5879 666 5936 lieni.
708 5893 784 5947 xi,
820 5875 911 5933 25.
989 5877 1033 5908 ⁷⁸
1063 5874 1207 5932 Psal.
1232 5892 1324 5946 xx,
1359 5876 1446 5936 l3.

2057 5047 2242 5118 impiis
2291 5046 2492 5101 studiis
2522 5044 2716 5114 pedem
2751 5042 2981 5108 referre,
3015 5050 3072 5096 et
3103 5041 3284 5110 potius
3313 5039 3379 5093 ad
3411 5039 3505 5096 Dei
3543 5039 3664 5110 pla-

2057 5140 2227 5196 citum
2277 5153 2338 5196 se
2387 5137 2658 5200 conferre,
2697 5144 2753 5191 et
2782 5149 2844 5191 se
2872 5134 2921 5189 ei
2956 5133 3172 5188 on'enso
3205 5145 3463 5203 purgare,
3497 5139 3664 5200 atque

2057 5247 2088 5288 a
2143 5231 2478 5301 turpioribus
2529 5227 2596 5281 ad
2653 5225 2880 5280 meliora
2925 5223 3247 5293 confugere,
3288 5232 3344 5278 et
3387 5223 3460 5277 ita
3501 5223 3660 5290 abeo

2058 5326 2313 5390 salutem,
2360 5319 2661 5392 etquidem
2696 5317 2864 5388 300
2891 5315 3065 5371 solam
3101 5330 3371 5386 quaerere,
3404 5328 3658 5368 manum-

2054 5434 2162 5490 que
2189 5433 2412 5489 semper
2447 5421 2870 5472 conservantem
2926 5419 2980 5465 et
3003 5409 3371 5465 vindicantem
3402 5415 3658 5477 expete-re

2053 5514 2354 5568 deberent:
2407 5511 2461 5565 id
2501 5523 2634 5565 sane
2667 5505 2864 5563 miselli
2897 5519 3005 5559 non
3038 5504 3307 5568 fecerunt,
3338 5501 3432 5558 sed
3464 5513 3652 5555 corro-

2051 5606 2194 5675 gatis
2225 5615 2278 5662 et
2303 5603 2658 5662 emcndicatis
2682 5603 2751 5658 ab
2773 5602 3088 5658 hominibus
3113 5595 3356 5660 auxiliis,
3380 5592 3654 5648 interdum

2051 5697 2312 5756 ﬁnitimos
2363 5696 2634 5768 quosdam
2698 5695 2764 5752 ad
2820 5693 2923 5750 hoc
2969 5697 3290 5758 evocarunt,
3333 5684 3551 5744 interitu
3601 5692 3656 5742 et
