4060 6468
451 333 557 391 679
1441 331 1500 386 S.
1532 322 1816 386 CYRILLI
1858 328 2327 389 ALEXANDRINI
2364 331 2684 389 ARCHIEP.
3598 333 3698 391 480

447 448 655 503 vicinos
692 446 1001 520 Egyptios,
1050 450 1308 507 addentes
1358 450 1695 521 iniquitatem
1739 452 2010 524 iniquitati

2114 453 2202 506 ἀεὶ
2231 451 2507 520 σιῦξουσάν
2540 472 2599 508 τε
2631 455 2725 508 καὶ
2754 452 3140 524 ἐπαμύνουσαν
3183 452 3358 523 χεῖρα“
3400 450 3561 506 τοῦτο
3602 453 3698 524 μὲν·

444 553 577 605 suze,
619 540 692 593 uti
743 542 1001 609 scriptum
1053 550 1140 595 est
1171 541 1215 572 "
1244 560 1258 596 :
1295 552 1346 597 et
1377 544 1476 597 hoc
1500 543 1619 613 ipso
1651 543 1815 600 Deum
1838 544 2015 598 omni-

2116 548 2216 601 οὐκ
2248 546 2415 618 ἔδρων
2450 549 2497 601 οἰ
2525 547 2769 608 δείλαιοι,
2795 545 3168 615 ἐρανιζόμενοι
3194 545 3250 598 δὲ
3278 545 3375 608 τὰς
3407 545 3466 609 ἐξ
3492 544 3703 617 ἀνθρώ-

448 638 721 697 potentem
775 632 841 684 ad
891 631 1024 684 iram
1081 633 1518 688 exstimularunt.
1571 634 1712 688 Dixit
1745 634 2011 704 siquidem

2116 657 2233 692 πων
2261 639 2601 708 ἐπικουρίας,
2633 638 2761 692 ποτὲ
2790 638 2890 708 μὲν
2912 637 3022 691 τῶν
3049 636 3265 708 ὁμόρων
3296 635 3449 700 τινὰς
3474 636 3697 690 ἐκάλουν

443 734 543 789 per
585 736 745 773 unum
797 735 828 774 e
880 723 1082 777 sanctis
1108 724 1388 793 prephetis
1420 742 1436 780 :
1470 744 1489 777 ι
1518 725 1583 779 Ει
1604 737 1723 779 erat
1755 725 2011 796 Ephraim

2113 730 2193 791 εἰς
2218 730 2375 783 τοῦτο
2392 771 2407 795 ,
2444 729 2575 783 ποτέ
2602 729 2659 782 δέ
2686 730 2810 791 τοὺς
2834 728 3079 795 γείτονας
3098 725 3450 795 Αἰγυπτίους.
3478 744 3699 798 προστι-

442 811 688 863 columba
735 825 943 876 amens,
994 829 1092 868 cor
1134 831 1238 869 non
1274 815 1517 881 habens;
1554 819 1823 873 invocavit
1848 819 2016 891 Egy-

2115 819 2296 882 θέντες
2326 820 2558 890 ἀνομίαν
2587 820 2679 872 ἐπὶ
2703 819 2801 889 τὴν
2830 817 3059 887 ἀνομίαν
3095 817 3295 882 αὐτῶν,
3330 816 3474 870 καθά
3500 818 3695 888 γέγρα-

441 910 608 966 ptum,
641 910 695 954 et
722 902 788 954 ad
823 904 1073 973 Assyrios
1096 906 1323 976 profecti
1354 917 1483 963 sunt
1513 909 1579 964 ".
1617 928 1637 961 ι
1673 909 1812 976 Quin
1837 921 1891 964 et
1919 926 2013 980 per

441 992 614 1057 ipsum
666 994 984 1062 prophetam
1034 996 1226 1051 Isaiam
1258 1016 1271 1053 :
1311 1018 1330 1050 ι
1362 998 1453 1053 Va!
1481 1002 1927 1057 descendentibus
1955 1003 2008 1058 in

437 1079 729 1151 Egyptum
781 1100 878 1153 pro
929 1088 1191 1153 subsidio,
1239 1091 1327 1157 qui
1374 1092 1425 1144 iu
1469 1092 1625 1160 equis
1669 1093 1854 1149 e0nlisi
1888 1103 2013 1147 sunt

438 1183 493 1226 et
540 1177 813 1232 curribus.
867 1179 1005 1233 Sunt
1037 1182 1182 1235 enim
1215 1182 1391 1245 multi,
1427 1192 1484 1237 et
1511 1198 1696 1249 eorum
1730 1185 1821 1253 qui
1857 1186 2011 1253 equis

439 1262 677 1318 insident
731 1268 1017 1323 multitudo
1093 1284 1306 1339 magna.
1361 1271 1427 1325 Et
1474 1287 1578 1325 non
1632 1274 1823 1326 conﬁsi
1884 1282 2010 1326 sunt

438 1353 640 1409 Sancto
690 1357 929 1422 lsraelis,
968 1371 1024 1414 et
1072 1361 1236 1415 Deum
1291 1376 1398 1416 non
1451 1363 1899 1431 exquisiverunt;
1955 1374 2009 1418 et

437 1446 711 1512 sapienter
766 1449 879 1516 ipse
929 1450 1124 1505 inﬂixit
1182 1451 1289 1506 illis
1338 1452 1497 1520 mala,
1535 1464 1590 1509 et
1635 1457 1857 1509 verbum
1892 1457 2009 1524 ejus

437 1545 545 1585 non
592 1534 939 1606 frustrabitur
979 1540 1045 1593 ’³.
1088 1559 1108 1593 ι
1164 1541 1297 1601 Cum
1362 1543 1531 1613 igitur
1561 1544 1802 1600 Tanatha
1866 1550 2009 1618 regis

435 1624 782 1694 Assyriorum
840 1629 946 1685 dux
992 1644 1357 1704 oppugnasset
1407 1635 1660 1701 Azotum,
1704 1640 1863 1710 vique
1917 1654 2008 1694 ce-

437 1716 600 1782 pisset
637 1717 774 1787 (erat
810 1730 986 1776 autem
1036 1725 1149 1779 haec
1201 1727 1404 1795 regioni
1447 1726 1753 1785 Judmorum
1782 1731 2006 1801 vicina),

435 1818 820 1875 exspectarunt
873 1812 1132 1870 Israelita:
1185 1831 1243 1872 se
1288 1817 1507 1886 iamiam
1568 1821 1729 1875 etiam
1768 1822 1906 1876 citra
1932 1823 2008 1877 la-

434 1898 622 1953 borem
668 1902 866 1957 similia
911 1920 1035 1961 esse
1079 1921 1458 1977 perpessuros.
1506 1908 1658 1966 Hauc
1693 1914 1762 1966 ob
1789 1927 2010 1969 causam

433 1990 810 2062 Egyptiorum
867 2012 1029 2052 manu
1076 2003 1365 2065 conducta,
1418 2001 1484 2055 ad
1537 2001 1817 2059 ferendum
1880 2007 2010 2075 ipsis

433 2083 759 2153 subsidium,
818 2087 1166 2158 Assyriorum
1215 2091 1571 2161 phalangibus
1621 2108 1681 2149 se
1725 2096 2011 2153 voluerunt

432 2186 727 2242 opponere.
780 2176 984 2232 Vanam
1037 2194 1164 2250 ergo
1206 2195 1326 2237 esse
1358 2196 1544 2238 eorum
1584 2198 1732 2251 spem
1770 2185 2010 2243 declarat

435 2267 602 2332 Deus,
633 2277 688 2322 et
716 2268 860 2323 clare
898 2272 1141 2341 przedicit
1169 2271 1285 2329 fore
1319 2274 1464 2344 ipsos
1493 2275 1727 2345 pmdam
1758 2277 2011 2349 Assyrio-

434 2370 554 2410 rum
613 2359 893 2427 potentite,
922 2368 976 2415 et
1004 2376 1257 2417 successu
1284 2370 1583 2433 temporum
1618 2368 1927 2436 capiendos,
1952 2378 2010 2426 et

431 2448 770 2515 captivorum
797 2451 849 2505 in
879 2467 1108 2508 numero
1132 2469 1197 2509 ac
1224 2455 1346 2509 loco
1370 2454 1605 2513 futuros.
1631 2457 1834 2515 Ferunt
1858 2462 2006 2518 enim

428 2536 725 2608 Egyptum
786 2542 954 2598 fuisse
1015 2544 1116 2599 sub
1167 2560 1333 2601 manu
1387 2548 1737 2619 Assyriorum
1774 2552 2009 2610 diversis

432 2633 781 2701 temporibus,
805 2645 860 2690 et
887 2638 1161 2692 continuis
1187 2638 1361 2694 tribus
1384 2642 1540 2696 annis
1561 2642 1853 2700 commisso
1877 2660 2006 2701 cum

427 2738 489 2776 ea
508 2724 712 2791 pradio,
741 2727 790 2779 vi
822 2735 990 2782 totam
1019 2729 1335 2799 cepisse,ac
1365 2745 1558 2800 magna
1579 2734 1734 2791 turba
1765 2738 2011 2806 captivo-

429 2828 549 2868 rum
580 2818 880 2873 comitante
911 2834 1063 2875 suam
1097 2821 1151 2875 in
1183 2822 1415 2900 patriam
1451 2825 1700 2881 rediisse.
1752 2826 2006 2900 Praecipit

424 2920 559 2974 ergo
616 2906 758 2964 Deus
811 2910 1088 2978 propheta;
1146 2896 1224 2965 ut‘
1245 2912 1490 2969 habitum
1529 2918 1760 2985 captivis
1807 2896 2005 2975 conve-

427 2998 666 3051 nientem
703 3007 759 3052 et
803 3010 1117 3056 consuetum
1162 3012 1362 3069 sumat,
1400 3004 1455 3059 id
1485 3013 1588 3073 est,
1616 3007 1917 3064 nuditatem
1948 3018 2005 3066 et

2113 925 2264 966 πται,
2293 910 2385 963 καὶ
2423 908 2824 981 καταθήγοντες
2852 908 2927 969 ὡς
2955 910 3035 971 εἰς
3062 908 3231 978 ὀργὰς
3278 909 3374 962 καὶ
3421 908 3509 961 ἐπ’
3552 906 3698 979 αὗτῷ

2110 1000 2174 1070 δὴ
2214 1000 2387 1072 τούτῳ
2440 1001 2530 1053 τὸν
2574 1002 2752 1056 πάντα
2798 999 3051 1071 ἰσχύοντα
3080 999 3233 1052 Θεόν.
3286 999 3397 1052 Καὶ
3434 998 3568 1065 γοῦν
3593 998 3697 1069 ἔφη

2108 1089 2176 1142 δι’
2203 1090 2322 1153 ἐνὸς
2377 1089 2485 1143 τῶν
2539 1090 2707 1158 ἀγίων
2761 1089 3088 1161 προφητῶν*
3138 1106 3156 1139 ι
3187 1088 3298 1141 Καὶ
3344 1084 3413 1159 ἦν
3458 1087 3697 1159 Ἐφραῖμ

2110 1181 2408 1253 περιστερά
2433 1180 2613 1245 ἄνους,
2646 1183 2739 1235 καί⁸
2766 1181 2866 1234 οὐκ
2896 1181 3094 1251 ἔχουσα
3136 1179 3362 1250 καρδίαν
3381 1196 3392 1209 ·
3420 1178 3698 1247 Αἴγυπτον

2110 1272 2445 1335 ἐπεκαλεῖτο,
2482 1272 2576 1326 καὶ
2604 1273 2683 1337 εἰς
2724 1271 3038 1342 Ἀσσυρίους
3084 1269 3476 1341 ἐπορεύθησαν.
3513 1289 3530 1319 ›
3587 1271 3696 1322 Καὶ

2110 1362 2217 1433 μὴν
2255 1362 2350 1417 καὶ
2385 1362 2450 1416 δι’
2481 1361 2644 1417 αὑτοῦ
2672 1361 2766 1417 τοῦ
2794 1361 3073 1434 προφήτου
3114 1361 3336 1414 Ἠσαίου
3357 1378 3371 1391 ·
3405 1379 3423 1411 ι
3455 1360 3611 1424 Οὐαὶ,
3642 1354 3694 1413 οἱ

2107 1454 2526 1519 καταϐαίνοντες
2576 1456 2656 1518 εἰς
2700 1453 2976 1522 Αἴγυπτον
3030 1453 3123 1505 ἐπὶ
3175 1451 3447 1523 βοήθειαν,
3501 1452 3547 1503 οἰ
3601 1451 3693 1518 ἐφ’

2108 1548 2297 1611 ἵπποις
2326 1546 2646 1611 πεποιθότες
2684 1546 2777 1600 καὶ
2816 1545 2902 1615 ἐφ’
2933 1545 3362 1616 ἀρμασιν.Ἐστι
3386 1542 3494 1613 γὰρ
3526 1540 3694 1594 πολλά

2107 1639 2204 1692 καὶ
2230 1638 2314 1707 ἐφ’
2352 1638 2538 1701 ἵπποις
2567 1636 2773 1707 πλῆθος
2797 1636 3003 1707 σφόδρα
3022 1651 3036 1665 °
3063 1635 3159 1688 καὶ
3189 1634 3289 1688 οὐκ
3319 1630 3459 1704 ἦσαν
3498 1649 3694 1685 πεποι-

2110 1726 2261 1791 θότες
2312 1727 2405 1780 ἐπὶ
2442 1726 2533 1780 τὸν
2562 1728 2750 1796 ’Δγιον
2792 1726 2885 1779 τοῦ
2921 1726 3158 1798 Ἰσραήλ,
3191 1725 3283 1778 καὶ
3316 1723 3407 1777 τὸν
3434 1724 3565 1776 Θεὸν
3596 1722 3696 1776 οὐκ

2111 1820 2444 1892 ἐξεζήτησαν
2464 1837 2477 1850 ·
2511 1820 2604 1874 καὶ
2635 1818 2798 1883 αὐτὸς
2824 1818 2986 1887 σοφὸς
3014 1813 3150 1889 ἦγεν
3181 1814 3267 1869 ἐπ’
3298 1816 3493 1878 αὐτοὺς
3524 1813 3692 1875 κακὰ,

2111 1914 2205 1967 καὶ
2223 1915 2251 1967 ὁ
2272 1912 2427 1982 λόγος
2449 1913 2612 1966 αὐτοῦ
2643 1912 2702 1965 οὐ
2735 1912 2809 1982 μὴ
2839 1909 3098 1980 ἀθετηθῇ.
3134 1928 3153 1961 ι
3184 1908 3290 1961 Τοῦ
3320 1907 3496 1960 τοίνυν
3523 1908 3695 1959 Τανα-

2111 2003 2232 2065 θάν,
2262 2002 2565 2072 στρατηγὸς
2605 2001 2660 2054 δὲ
2687 1995 2840 2063 οὗτος
2875 1996 3139 2067 βασιλέως
3177 1996 3497 2067 Ἀσσυρίων,
3538 1995 3696 2048 πολε-

2113 2093 2381 2163 μήσαντος
2406 2090 2502 2162 τὴν
2532 2089 2792 2156 Ἄζωτον,
2826 2088 2960 2143 ἐλών
2989 2105 3052 2142 τε
3089 2086 3233 2141 κατὰ
3269 2087 3469 2160 κράτος
3499 2087 3691 2154 αὐτήν·

2107 2182 2305 2253 γείτων
2327 2183 2385 2237 δὲ
2410 2182 2547 2253 αῦτη
2578 2184 2644 2253 τῇ
2673 2181 2781 2234 τῶν
2813 2180 3080 2235 Ἰουδαίων
3109 2177 3263 2251 χώρᾳ
3281 2194 3297 2211 ο
3331 2178 3695 2250 προσεδόκουν

2106 2277 2158 2329 οἰ
2209 2273 2267 2341 ἐξ
2304 2274 2519 2346 Ἰσραὴλ
2575 2273 2774 2327 αὐτίκα
2808 2272 2872 2343 δὴ
2926 2272 3071 2344 μάλα
3118 2271 3213 2326 καὶ
3254 2271 3407 2325 αὐτοὶ
3442 2273 3535 2324 καὶ
3574 2270 3693 2323 λίαν

2108 2366 2346 2437 ἀμογητὶ
2389 2365 2459 2419 τὰ
2491 2364 2581 2419 ίσα
2610 2364 2824 2419 παθεῖν.
2858 2363 3076 2435 Ταύτης
3105 2381 3164 2418 τε
3196 2363 3358 2418 ἕνεκα
3386 2365 3485 2435 τῆς
3512 2360 3696 2429 αἰτίας

2105 2458 2208 2531 τὴν
2239 2456 2549 2525 Αἰγυπτίων
2592 2457 2750 2528 χεῖρα
2785 2454 3281 2527 καταμισθούμενοι
3328 2454 3465 2527 πρὸς
3498 2455 3559 2507 τὸ
3590 2458 3691 2508 ἐπι

2106 2549 2335 2622 αμύνειν
2362 2549 2549 2612 αὐτοῖς
2585 2550 2705 2613 ταῖς
2748 2548 3049 2621 ’Δσσυρίων
3078 2547 3345 2620 φάλαγξιν
3375 2547 3689 2616 ἀντεξάγειν

2106 2641 2321 2714 ἧθελον.
2347 2639 2596 2696 Ματαίαν
2629 2640 2808 2693 τοίνυν
2836 2638 3013 2693 αὐτῶν
3040 2637 3330 2707 ἀποφαίνει
3362 2638 3461 2707 τὴν
3500 2638 3689 2691 ἐλπίδα

2105 2732 2259 2797 Θεός·
2286 2728 2721 2804 προαγορεύειδέ
2746 2728 2953 2799 σαφῶς,
2980 2730 3061 2784 ὅτι
3084 2728 3182 2798 τῆς
3208 2726 3507 2798 Ἀσσυρίων
3526 2726 3687 2780 δυνά-

2108 2843 2250 2897 μεως
2270 2820 2841 2896 ἔργον[ἀγρα]ἔσονται
2858 2822 2949 2875 καὶ
2964 2820 3140 2885 αὐτοὶ,
3155 2818 3452 2873 ἁλώσονται
3470 2835 3529 2872 τε
3551 2819 3690 2872 κατά

2105 2917 2354 2990 καιροὺς,
2392 2915 2486 2970 καὶ
2520 2915 2577 2967 ἐν
2608 2913 2951 2983 δορυκτήτων
2982 2911 3193 2966 ἔσονται
3221 2910 3392 2977 τάξει.
3423 2911 3558 2963 Φασὶ
3580 2911 3692 2981 γὰρ

2103 3012 2185 3066 ὄτι
2214 3009 2436 3078 γέγονεν
2468 3004 2574 3059 ὑπὸ
2604 3006 2761 3076 χεῖρα
2793 3002 3056 3076 βασιλέως
3088 3002 3388 3075 Ἀσσυρίων
3418 3001 3556 3055 κατὰ
3577 3018 3689 3053 και-

424 3086 926 3143 discaleeationem.
991 3088 1130 3147 Nam
1204 3092 1441 3149 victores
1490 3094 1827 3166 captivorum
1890 3114 1996 3152 non

2106 3104 2230 3178 ροὺς
2258 3102 2292 3173 ὴ
2321 3096 2651 3169 Αἰγυπτίων⁵
2681 3096 2775 3150 καὶ
2799 3097 2856 3150 ἐν
2883 3095 3084 3163 ὀλίγοις
3112 3095 3256 3165 ἔτεσι
3283 3094 3461 3165 τρισὶν
3493 3091 3690 3161 ἐγκαθο

426 3193 676 3246 tttagttam
713 3179 872 3249 plane
898 3181 1163 3237 rationem
1194 3183 1436 3240 habent:
1472 3184 1635 3256 hique
1670 3201 1736 3242 eo
1762 3187 2001 3245 miseria:

423 3269 684 3338 prolapsi,
733 3271 835 3325 etsi
877 3282 1059 3326 essent
1095 3272 1247 3340 juxta
1280 3289 1496 3331 carnem
1527 3278 1755 3343 nobiles,
1793 3279 1895 3335 etsi
1931 3295 1996 3334 ex

425 3360 610 3414 inﬁma
636 3362 812 3431 plebe,
845 3379 951 3417 uno
982 3363 1313 3422 calamitatis
1345 3367 1455 3423 lino
1487 3368 1858 3436 involvuntur,
1890 3386 1998 3425 non

424 3463 631 3507 vestem
686 3454 972 3519 habentes,
1007 3470 1109 3512 nec
1155 3456 1300 3512 aliud
1335 3458 1463 3528 quid
1500 3459 1582 3514 vel
1614 3461 1682 3516 ad
1724 3471 1997 3527 ornatum,

427 3546 511 3599 vel
566 3547 633 3601 ad
677 3546 1125 3605 rel‘ocillationem
1176 3550 1416 3620 ipsorum
1456 3553 1753 3623 pertinens,
1802 3553 1898 3609 sed
1932 3554 1998 3609 ad

424 3636 572 3692 hunc
603 3648 968 3709 contemptum
1013 3654 1081 3695 ex
1117 3640 1339 3698 libidine
1375 3644 1701 3713 capientium
1732 3654 1999 3713 coguntur

425 3729 704 3783 accedere.
755 3726 985 3784 Jubetur
1014 3731 1217 3801 itaque,
1246 3742 1303 3787 ut
1341 3733 1476 3799 dixi,
1500 3734 1713 3788 divinus
1738 3736 1997 3804 propheta

424 3831 647 3871 saccum
671 3818 954 3874 detrahere
972 3820 1153 3875 lumbo
1180 3838 1299 3886 suo,
1324 3831 1378 3877 et
1410 3823 1650 3878 sandalia
1686 3826 1921 3893 solvere,
1945 3835 2002 3881 et

427 3908 660 3960 mediam
698 3906 1000 3964 Jerusalem
1053 3912 1280 3968 transire
1313 3912 1514 3967 nudum
1547 3925 1602 3969 et
1633 3914 1751 3968 sine
1779 3915 1997 3972 calceis.

420 3997 587 4067 301
614 3997 776 4067 quue
809 4001 934 4054 fecit
972 4017 1077 4055 non
1114 4003 1404 4058 admodum
1449 4004 1710 4059 sollicitus
1731 4009 2001 4076 quomodo

425 4091 641 4160 elegans
663 4102 1026 4149 autvenustus
1049 4106 1307 4165 appareat
1333 4112 1346 4149 :
1378 4094 1575 4166 Deique
1619 4098 1835 4154 decreto
1868 4099 2003 4155 nihil

426 4182 645 4248 adjecit,
690 4184 818 4238 licet
867 4186 920 4240 id
965 4203 1131 4257 grave
1169 4197 1220 4242 et
1254 4188 1659 4256 reprehensioni
1688 4193 1999 4260 expositum

423 4274 719 4329 videretur.
768 4275 877 4332 Sed
936 4276 1073 4332 forte
1126 4277 1327 4333 dixerit
1376 4280 1693 4349 quispiam:
1744 4282 1853 4339 Cur
1895 4301 1999 4341 non

424 4369 860 4433 praemonstravit
915 4369 1092 4438 potius
1139 4366 1402 4423 lsraelitis
1453 4386 1517 4425 ea
1570 4387 1690 4444 qua:
1739 4390 2000 4444 processu

2106 3192 2285 3255 εσθεὶς
2323 3189 2483 3260 αὐτῇ,
2520 3185 2700 3241 πᾶσάν
2742 3202 2805 3240 τε
2854 3183 2989 3239 ἐλὼν
3016 3187 3161 3239 κατά
3186 3184 3405 3256 κράτος,
3432 3182 3690 3249 πλείστην

2084 3286 2238 3357 Δὅσην
2268 3281 2406 3353 ἔχων
2440 3276 2837 3351 αἰχμαλωσίαν,
2866 3276 3233 3347 ὑπενόστησεν
3256 3277 3335 3339 εἰς
3353 3274 3450 3346 τὴν
3473 3273 3689 3329 ἑαυτοῦ.

2119 3375 2425 3430 Ἐπιτάττει
2457 3371 2634 3427 τοίνυν
2659 3369 2738 3442 τῷ
2768 3371 3020 3446 προφήτῃ
3050 3368 3217 3434 Θεὸς,
3246 3369 3306 3421 τὸ
3349 3369 3460 3432 τοῖς
3487 3369 3689 3437 αἰχμα-

2105 3465 2295 3531 λώτοις
2338 3464 2545 3538 πρέπον
2582 3479 2645 3517 τε
2692 3462 2789 3517 καὶ
2826 3459 3056 3532 σύνηθες
3087 3462 3269 3533 σχῆμα
3296 3458 3515 3513 λαϐεῖν·
3546 3450 3717 3512 τοῦτ”

2106 3557 2245 3622 ἐστι,
2276 3553 2593 3627 γυμνότητά
2630 3570 2690 3608 τε
2730 3553 2824 3608 καὶ
2852 3551 3233 3609 ἀνυποδεσίαν.
3262 3553 3387 3616 Τοῖς
3413 3551 3522 3624 γὰρ
3551 3551 3689 3615 ὅλως

2105 3647 2448 3719 νενικηκόσιν
2482 3646 2541 3699 οὐ
2599 3644 2765 3709 πολὺς
2796 3643 2905 3698 τῶν
2941 3644 3257 3699 ἑαλωκότων
3286 3645 3314 3698 ό
3335 3643 3523 3713 λόγος’
3552 3642 3606 3695 οί
3634 3642 3689 3694 δέ

2106 3741 2186 3804 εἰς
2216 3738 2373 3792 τοῦτο
2402 3736 2659 3800 πεσόντες
2691 3735 3083 3806 ταλαιπωρίας,
3120 3734 3224 3789 κᾶν
3253 3734 3363 3788 εἴτε
3397 3735 3538 3799 τινὲς
3581 3729 3690 3787 εἷεν

2104 3830 2215 3884 τῶν
2240 3828 2474 3897 εὐγενῶν
2504 3825 2646 3881 κατὰ
2677 3825 2874 3899 σάρκα,
2895 3823 2997 3880 κᾶν
3017 3826 3127 3880 εἴτε
3155 3825 3256 3897 τῆς
3279 3825 3530 3894 ἀγελαίου
3556 3825 3687 3894 πλη·-

2109 3919 2257 3983 θύος,
2298 3919 2378 3972 ἐνί
2422 3915 2501 3988 τῷ
2546 3916 2645 3986 τῆς
2698 3914 3015 3987 ἀθλιότητος
3062 3914 3371 3985 συνέχονται
3409 3913 3558 3982 λίντρ,
3590 3914 3689 3966 οὐκ

2107 4012 2309 4083 ἀμφιον
2344 4009 2579 4080 ἔχοντες,
2613 3992 2780 4079 ήγουν
2804 4008 2992 4079 ἔτερόν
3029 4024 3084 4061 τι
3126 4006 3236 4060 τῶν
3282 4004 3577 4060 τελούντων
3611 4008 3689 4069 εἰς

2108 4103 2312 4174 κόσμον
2338 4100 2570 4170 αύτοῖςῆ
2600 4098 2926 4164 ἀνάπαυσιν,
2971 4098 3257 4170 ἀτημελῶς
3282 4098 3337 4151 δὲ
3364 4096 3536 4162 οὕτως
3556 4097 3689 4169 πρὸς

2108 4196 2217 4248 πᾶν
2258 4190 2435 4247 ὁτιοῦν
2476 4193 2587 4255 τοῖς
2618 4189 2800 4244 ἐλοῦσι
2830 4189 3206 4260 καταθυμίων,
3245 4189 3322 4251 ὡς
3358 4188 3418 4254 ἐξ
3444 4189 3689 4259 ἀνάγκης

2108 4284 2412 4357 ἐρχόμενοι.
2443 4283 2845 4355 Προστάττεται
2896 4282 3097 4345 τοίνυν,
3126 4281 3202 4345 ὡς
3246 4280 3405 4350 ἔφην,
3440 4283 3468 4333 ό
3498 4281 3690 4334 θεσπέ-

2110 4395 2225 4441 σιος
2268 4376 2573 4449 προφήτης,
2607 4375 2826 4446 ἀφελεῖν
2851 4375 2945 4428 τὸν
2984 4373 3185 4427 σάκκον
3217 4374 3325 4427 ἀπὸ
3359 4375 3458 4445 τῆς
3493 4373 3690 4441 ὀσφύος

425 4462 727 4524 temporum
776 4459 1157 4529 contingerent
1192 4459 1504 4531 Egyptiis?
1535 4479 1631 4518 cur
1657 4466 1793 4521 adeo
1826 4468 2000 4524 nudus

2106 4464 2291 4533 αὐτοῦ,
2339 4464 2711 4519 ὑπολύσασθαί
2751 4481 2810 4518 τε
2852 4464 2920 4519 τά
2958 4463 3236 4528 σανδάλια,
3268 4465 3362 4517 καὶ
3394 4463 3482 4516 διὰ
3516 4463 3690 4531 μέσης

425 4558 490 4599 ac
543 4547 900 4605 discalceatus
958 4560 1066 4604 tam
1107 4550 1337 4606 celebris
1366 4554 1627 4622 propheta
1678 4558 1998 4624 ambulavit,

423 4636 572 4690 omni
607 4642 965 4697 conveniente
991 4642 1135 4697 cultu
1166 4636 1416 4713 neglecto
1444 4643 1467 4697 ἰ
1492 4643 1575 4699 Ad
1617 4648 1719 4701 hoc
1768 4647 2002 4705 dicimus

425 4741 519 4781 ens
573 4732 955 4798 prophetarum
1011 4734 1352 4789 sermonibus
1413 4751 1516 4789 non
1573 4737 1998 4806 obtemperasse,

425 4817 537 4872 imo
589 4836 707 4874 cum
758 4823 1113 4891 praedicerent
1171 4823 1374 4888 futura,
1400 4825 1710 4894 increpasse
1742 4844 1754 4879 :
1790 4844 1810 4878 ι
1849 4828 1996 4896 Alia,

426 4911 698 4979 inquiunt,
732 4915 886 4968 uobis
915 4914 1218 4983 loquimini,
1242 4925 1298 4969 et
1317 4915 1634 4968 annuntiate
1655 4916 1807 4971 nobis
1828 4918 1993 4974 alium

425 5018 669 5057 errorem
702 5004 771 5058 ".
826 5024 845 5057 ι
889 5004 1023 5060 llinc
1076 5008 1313 5075 prudens
1363 5006 1451 5060 hic
1486 5005 1589 5069 vir,
1623 5009 1920 5077 modestus,
1950 5021 2005 5068 et

425 5095 570 5174 onuii
625 5096 824 5151 virtute
856 5097 1181 5174 cumulatus,
1236 5112 1300 5152 ac
1345 5098 1642 5166 prophetiae
1672 5099 1813 5155 dono
1849 5105 2003 5171 quasi

425 5170 740 5252 coronatus,
788 5197 843 5241 et
880 5170 951 5242 Vin
1000 5187 1349 5242 meditatione
1380 5188 1628 5254 illustris,
1668 5190 1842 5260 ipsum
1869 5170 2005 5250 adeo

424 5293 642 5335 Sacrum
703 5281 891 5345 exuit,
952 5296 1057 5333 non
1105 5280 1318 5335 mollem
1360 5298 1490 5337 sane
1523 5292 1617 5338 aut
1668 5283 2002 5352 splendidam

430 5383 659 5434 vestem,
699 5371 792 5425 sed
822 5383 1066 5425 crassam
1124 5372 1303 5441 potius
1351 5382 1402 5428 et
1442 5373 1649 5442 vilem;
1690 5374 1803 5444 ipsa
1836 5377 1997 5430 etiam

428 5461 589 5516 solvit
627 5464 819 5531 pedum
868 5460 1257 5530 calceamenta,
1315 5464 1406 5519 tali
1447 5465 1631 5519 habitu
1668 5464 1997 5536 ingrediens,

430 5558 490 5605 ut
517 5552 607 5623 qui
640 5552 816 5622 ipsum
852 5552 1089 5620 videant,
1123 5553 1225 5611 hoc
1251 5554 1535 5621 mirentur,
1564 5570 1864 5626 causasque
1888 5555 1998 5612 sci-

501 5726 543 5758 "
574 5726 677 5784 lsa.
716 5744 839 5792 nx,
862 5731 888 5785 1
930 5744 1080 5801 seqq.

2106 4559 2245 4613 ἰέναι
2269 4559 2367 4628 τῆς
2399 4554 2752 4627 Ἰερουσαλὴμ
2780 4554 2987 4626 γυμνὸς
3014 4555 3105 4609 καὶ
3136 4555 3481 4616 ἀνυπόδετος.
3517 4552 3687 4620 ’Έδρα

2100 4650 2158 4705 δὲ
2202 4647 2361 4702 τοῦτο
2393 4644 2486 4700 τοῦ
2531 4647 2705 4700 δοκεῖν
2749 4646 3041 4717 εὐσχήμων
3090 4640 3231 4700 εἷναί
3259 4661 3361 4708 τις,
3391 4645 3452 4696 οὐ
3486 4642 3686 4711 σφόδρα

2103 4738 2499 4811 πεφροντικὼς,
2536 4737 2632 4793 καὶ
2678 4737 2787 4791 τῶν
2818 4737 3164 4810 ἀρεσκόντων
3211 4736 3330 4807 Θεῷ
3377 4733 3687 4806 προστιθεὶς

2101 4831 2273 4892 οὐδὲν,
2303 4828 2406 4883 κᾶν
2456 4830 2504 4882 εἰ
2548 4828 2792 4899 φαίνοιτό
2828 4846 2880 4882 τι
2912 4827 3051 4900 βαρὺ
3093 4829 3188 4882 καὶ
3238 4827 3431 4899 μώμου
3466 4826 3686 4897 μεστόν.

2115 4918 2255 4972 Ἀλλ’
2285 4918 2413 4982 ἴσως
2445 4917 2582 4989 πρὸς
2605 4917 2764 4970 τοῦτο
2792 4918 2907 4988 ἐρεῖ
2936 4932 3048 4979 τις’
3086 4916 3187 4971 Διά
3212 4918 3265 4970 τί
3291 4917 3398 4987 γὰρ
3432 4915 3505 4986 μὴ
3555 4915 3686 4985 μᾶ).-

2103 5008 2194 5064 λον
2222 5010 2595 5082 προηγόρευσε
2629 5008 2788 5078 μόνον
2809 5009 2923 5071 τοῖς
2953 5005 3013 5072 ἐξ
3059 5007 3276 5079 Ἰσραὴλ
3308 5008 3376 5059 τὰ
3413 5006 3687 5077 συμϐησόο

2106 5119 2243 5173 μενα
2289 5104 2402 5165 τοῖς
2435 5099 2751 5170 Αἰγυπτίοις
2795 5100 2936 5153 κατὰ
2962 5098 3223 5170 καιρούς;
3256 5097 3601 5169 Πεπόρευται
3633 5097 3687 5150 δὲ

2100 5192 2276 5257 οὕτως
2302 5191 2507 5262 γυμνός
2532 5208 2591 5245 τε
2622 5191 2716 5244 καὶ
2752 5190 3077 5253 ἀνυπόδετος
3106 5192 3135 5244 ό
3160 5189 3445 5259 διαϐόητος
3472 5190 3532 5239 ἐν
3560 5205 3685 5258 προ-
3734 5216 3747 5225 -

2102 5286 2319 5354 φήταις,
2349 5283 2448 5353 τῆς
2481 5281 2629 5353 αύτῷ
2660 5281 2976 5353 πρεπούσης
3009 5281 3309 5351 εὐκοσμίας
3351 5279 3684 5350 ὴφειδηκὼς.

2106 5375 2250 5446 Πρὸς
2298 5375 2362 5445 δὴ
2399 5371 2555 5426 τοῦτό
2590 5390 2771 5443 φαμεν
2819 5373 2901 5426 ὅτι
2951 5374 3063 5435 τοῖς
3105 5371 3213 5425 τῶν
3265 5371 3562 5441 προφητῶν
3590 5371 3682 5423 ού)-

2104 5461 2387 5517 ἐπείθοντο
2415 5461 2615 5530 λόγοις,
2653 5461 2852 5534 μᾶλλον
2879 5460 2937 5513 δέ
2970 5461 3067 5513 καὶ
3097 5460 3374 5529 ἐπετίμων
3417 5462 3530 5515 τοῖς
3558 5475 3679 5529 προ-

2104 5553 2392 5625 αγορεύειν
2438 5553 2682 5607 ἐθέλουσι
2723 5551 2793 5607 τὰ
2831 5553 3086 5623 ἐσόμενα,
3130 5551 3419 5622 λέγοντεςο
3470 5571 3490 5605 ι
3518 5552 3697 5608 ’Δλλα

1158 5730 1361 5787 "Osee
1395 5743 1491 5796 vlt,
1533 5729 1617 5787 ll.
1692 5728 1738 5762 ⁷³
1760 5728 1861 5784 lsa.
1902 5729 2206 5799 “31,1,2.
2283 5726 2450 5784 "lsa.
2506 5744 2633 5794 xxx,
2686 5728 2773 5787 10.
