4060 6496
360 374 473 435 «Dii

1495 380 1562 439 IN
1602 379 1839 437 ISAIAM
1882 380 2010 438 LIB.
2050 381 2119 439 ll.
2160 380 2400 442 Τοιιυε
2440 381 2534 439 ιγ.

3575 328 3705 443 (Si.

363 502 511 572 ἡμῖν
523 498 763 565 λαλεῖτε,
783 500 878 555 καὶ
901 499 1263 571 άναγγέλλετε
1286 502 1418 575 ἡμῖν
1439 501 1529 557 ἑτέ
1539 520 1636 574 ραν
1655 502 1959 576 πλάνησιν,

2089 503 2392 573 scitentur,
2449 511 2505 559 et
2538 502 2684 559 scire
2726 499 3013 574 cupientes
3068 513 3169 555 cur
3195 498 3298 555 hoc
3332 496 3546 561 fecerit,
3582 517 3675 551 ιιι-

360 592 564 665 ταύτῃ
589 608 673 645 τοι
704 591 800 646 καὶ
820 592 968 664 μάλα
999 593 1188 664 σαφῶς
1215 595 1245 648 ὁ
1271 594 1526 667 σώφρων,
1559 597 1589 649 ὁ
1617 595 1863 667 κόσμιος,
1888 597 1982 650 καὶ

356 685 578 757 ἀρετῆς
605 684 827 756 ἁπάσης
843 684 1121 756 ἔμπλεως,
1146 689 1175 741 ὁ
1204 690 1519 761 προφητικῇ
1539 689 1983 760 κατεστεμμένος

353 778 581 850 χάριτι,
608 777 704 831 καὶ
734 779 793 832 ὲν
827 780 1063 851 ἀσκήσει
1111 782 1443 854 περιφανὴς,
1497 781 1594 836 καὶ
1639 781 1803 835 αὐτὸν
1846 783 1982 836 ἀπο-

352 872 556 925 δύεται
599 872 692 926 τὸν
740 873 967 935 σάκκον,
1022 872 1084 925 οὐ
1127 872 1401 946 τρυφερὸν
1453 874 1688 944 ἱμάτιον,
1732 874 1879 944 παχὺ
1921 871 1980 926 δὲ

357 964 577 1036 μᾶλλον
627 964 721 1018 καὶ
772 963 992 1028 εὐτελές
1013 981 1028 996 ο
1075 964 1305 1020 ἀπολύει
1335 964 1393 1019 δὲ
1424 966 1518 1019 καὶ
1562 965 1672 1019 τῶν
1706 966 1882 1019 ποδῶν
1910 965 1980 1019 τὰ

355 1059 655 1120 σανδάλια,
691 1058 786 1113 καὶ
818 1058 876 1110 ὲν
892 1056 970 1128 τῷ
989 1058 1178 1129 τοιῷδε
1203 1057 1412 1129 βαδίζει
1444 1061 1686 1130 σχήματι
1706 1074 1720 1090 ’
1754 1058 1820 1112 ἵν’
1846 1057 1979 1112 αὐτὸ

348 1149 423 1219 δὴ
474 1146 641 1201 τοῦτο
676 1146 1053 1217 θαυμάζοντες
1083 1149 1133 1201 οί
1169 1148 1407 1219 ὁρῶντες
1451 1149 1635 1211 αὑτὸν,
1668 1148 1978 1203 ἀναπυνθά-

350 1256 569 1292 νωνται
620 1239 720 1302 τὰς
766 1240 969 1304 αἰτίας,
1008 1240 1109 1293 καὶ
1139 1240 1226 1310 ἐφ’
1259 1240 1368 1311 ὅτῳ
1397 1240 1557 1294 τοῦτο
1591 1241 1876 1313 πέπρακεν
1900 1241 1977 1293 εἰ-

346 1330 517 1384 δέναι
568 1330 990 1397 σπουδάζοντες,
1049 1330 1553 1403 πληροφορηθεῖενο
1601 1334 1685 1386 ὃτι
1738 1333 1975 1404 ματαίαν

349 1424 552 1493 ἔχουσι
604 1423 702 1495 τὴν
735 1425 825 1477 ἐπ’
854 1424 1164 1494 ἀνθρώποις
1203 1425 1394 1479 ἐλπίδα
1415 1443 1431 1458 ο
1464 1426 1562 1480 καὶ
1589 1427 1726 1498 χρῆν
1769 1425 1832 1496 δή
1869 1442 1972 1479 που

354 1514 572 1582 μᾶλλον
594 1514 792 1577 αὐτοὺς
833 1513 1122 1584 γλίχεσθαι
1148 1516 1250 1584 μὲν
1272 1514 1372 1585 τῆς
1392 1514 1602 1570 ἄνωθεν
1646 1515 1968 1587 εὐημερίας,

349 1604 663 1676 ἐπίκουρον
689 1604 746 1656 δὲ
771 1603 1046 1658 ποιεῖσθαι
1078 1603 1253 1674 φιλεῖν
1274 1603 1364 1657 τὸν
1390 1604 1478 1657 ἀεὶ
1509 1603 1789 1656 σεσωκότα
1813 1601 1967 1655 Θεόν.

352 1694 590 1764 Γυμνοῦ
630 1694 815 1749 τοίνυν
871 1694 965 1747 καὶ
1015 1694 1346 1748 ἀνυποδέτου
1381 1693 1831 1765 περινοστοῦντος
1870 1693 1972 1765 τὴν

371 1785 638 1839 Ἰουδαίαν
664 1786 761 1843 τοῦ
809 1786 1084 1857 μακαρίου
1120 1788 1425 1857 προφήτου,
1465 1786 1560 1840 καὶ
1593 1785 1785 1849 πτοίας
1815 1787 1969 1854 ἐγγι-

2086 602 2211 651 nam
2270 610 2333 651 se
2386 609 2538 666 spem
2595 595 2850 651 habuisse
2889 594 2942 649 in
2973 593 3304 659 hominibus,
3331 593 3671 663 exploratum

2085 686 2367 741 habeant:
2416 702 2543 741 cum
2601 689 2929 757 oportuisset
2984 687 3183 756 potius,
3235 701 3267 741 e
3312 686 3564 754 supernis
3595 688 3676 740 fa-

2081 792 2268 833 vorem
2333 779 2568 845 ambire,
2610 784 2890 849 Deumque
2916 779 3018 834 sibi
3047 779 3339 833 conciliare
3364 778 3673 833 adminicu-

2085 868 2345 933 latorem,
2372 869 2466 939 qui
2506 884 2723 939 semper
2753 871 3009 927 servavit.
3041 869 3272 927 Proinde
3297 871 3441 925 nudo
3467 881 3522 925 et
3551 871 3675 927 siue

2083 960 2287 1015 calceis
2314 961 2731 1031 perambulante
2764 961 3004 1017 inda-am
3039 965 3196 1019 beato
3226 965 3511 1032 propheta,
3547 980 3668 1019 cum

2081 1051 2487 1118 spectatoribus
2524 1067 2628 1106 non
2662 1052 2894 1121 exiguus
2930 1054 3093 1108 tintor
3126 1054 3482 1120 incuteretur,
3515 1054 3670 1111 Dixit

2079 1141 2364 1208 Dominus,
2414 1144 2633 1213 inquit:
2688 1145 3156 1213 Quemadmodum
3213 1148 3454 1202 ambulat
3503 1148 3669 1203 Isaias

2077 1248 2211 1305 puer
2240 1249 2395 1291 meus
2440 1237 2618 1292 nudus
2682 1248 2741 1292 et
2774 1237 3154 1302 discalceatus,
3195 1241 3274 1294 sic
3306 1239 3478 1294 tribus
3510 1242 3668 1295 anuis

2076 1336 2241 1380 erunt
2290 1326 2442 1397 signa
2480 1335 2536 1381 et
2572 1328 2817 1397 prodigia
2848 1328 2901 1382 in
2957 1328 3244 1401 Egyptios
3281 1338 3335 1385 et
3362 1329 3666 1400 Ethiopes.

2075 1412 2232 1480 Nam,
2265 1425 2324 1468 ut
2379 1415 2631 1484 superius
2678 1416 2812 1478 dixi,
2863 1431 2987 1471 cum
3045 1421 3280 1489 Assyriae
3313 1435 3406 1474 rex
3436 1421 3670 1477 triennio

2078 1512 2191 1560 toto
2242 1504 2577 1577 Egyptian,
2636 1505 3035 1577 Ethiopesque
3072 1511 3302 1575 vicinos,
3361 1523 3416 1566 et
3455 1511 3672 1570 'l‘In-ba-

2076 1613 2271 1653 uorum
2329 1606 2534 1652 terram
2591 1600 2903 1655 accolentes
2954 1602 3335 1669 depopulatus,
3362 1605 3671 1673 complures

2074 1695 2320 1763 captivos
2363 1694 2613 1759 haberet,
2645 1692 3026 1765 Egyptiorum
3052 1696 3457 1752 calamitatibus
3481 1699 3668 1753 eXSul-

2076 1796 2197 1840 tans
2242 1795 2298 1840 et
2350 1786 2689 1842 insolescens
2722 1804 2737 1842 :
2772 1798 2921 1854 tunc,
2980 1798 3109 1843 tunc
3169 1790 3396 1844 illustris
3449 1792 3666 1845 domum

352 1876 600 1946 νομὲνης
635 1879 749 1940 τοῖς
795 1876 996 1946 ὁρῶσιν
1045 1879 1208 1932 αὐτὸν
1235 1880 1297 1931 οὑ
1331 1880 1557 1949 μικρᾶς,
1594 1875 1783 1943 Εἶπεν,
1811 1879 1959 1950 φησί,

2076 1879 2271 1932 iterum
2310 1879 2613 1934 reducitur.

351 1966 568 2037 Κύριος
591 1983 605 1996 ·
645 1968 744 2020 Ὃν
763 1968 966 2039 τρόπον
992 1968 1326 2039 πεπόρευται
1364 1969 1596 2032 Ἡσαΐας
1622 1972 1650 2024 ὁ
1675 1972 1804 2033 παῖς
1865 1987 1989 2040 μου,
2031 1969 2239 2040 γυμνὸς
2306 1970 2401 2024 καὶ
2442 1970 2790 2037 ἁνυπὸδετος,
2818 1971 2946 2042 τρία
2995 1971 3089 2043 ἔτη
3137 1971 3292 2027 ἔσται
3336 1975 3538 2044 σημεῖα
3572 1988 3668 2027 και

351 2061 567 2131 τέρατα
611 2064 727 2125 τοῖς
773 2063 1098 2132 Αἰγυπτίοις
1147 2066 1241 2119 καὶ
1282 2064 1654 2134 Αίθίοψιν.⁹Ως
1683 2066 1792 2137 γὰρ
1830 2065 1966 2137 ἔφην
2042 2065 2276 2136 φθάσας,
2332 2067 2390 2119 ὲν
2420 2065 2623 2136 ὀλίγοις
2654 2067 2799 2121 ἔτεσι
2843 2070 2990 2139 τρισὶ
3031 2068 3394 2143 καταδῃώσας
3432 2070 3533 2140 τὴν
3569 2072 3665 2123 Λί-

360 2154 607 2221 γυπτίων
630 2158 659 2208 ὁ
688 2156 798 2209 τῶν
830 2158 1130 2230 Ἀσσυρίων
1159 2157 1443 2228 βασιλεὺς,
1471 2160 1567 2213 καὶ
1598 2158 1705 2232 μὴν
1729 2160 1970 2223 καὶτοὺς
2007 2157 2440 2232 προσοικοῦντας
2502 2159 2768 2225 Αἰθίοπας
2812 2161 2973 2232 αὐτῇ,
3026 2162 3123 2215 καὶ
3164 2164 3230 2232 τῇ
3262 2161 3514 2233 Θηϐαίων
3549 2162 3664 2230 γεί-

360 2263 535 2311 τονας,
586 2248 859 2320 πλείστην
909 2250 1053 2322 ἔχων
1105 2251 1511 2321 αἰχμαλωσίαν,
1579 2254 1675 2307 καὶ
1722 2255 1844 2317 ταῖς
1885 2252 2199 2322 Αἰγυπτίων
2243 2250 2661 2324 ὲνσπαταλήσας
2723 2255 3062 2325 συμφοραῖς·
3099 2253 3222 2308 τότε
3271 2254 3336 2327 δὴ
3364 2254 3486 2308 τότε
3527 2254 3668 2327 λαμ-

354 2339 493 2410 πρὸς
521 2342 669 2397 οἶνοι
710 2343 876 2397 πάλιν
908 2343 1287 2416 ἀνεκομίζετο.

421 2441 539 2495 Καὶ
589 2439 1045 2509 ἡττηθήσονται
1087 2438 1526 2509 αἰσχυνθέντες
1568 2444 1624 2497 οἰ
1650 2443 1959 2514 Αίγύπτιοι

351 2531 449 2587 ἐπὶ
495 2529 627 2597 τοῖς
677 2528 979 2600 Αἰθίοψιν,
1025 2529 1119 2600 ἐφ’
1164 2531 1256 2597 οἷς
1301 2527 1468 2602 ἦσαν
1505 2532 1860 2600 πεποιθῦτες
1905 2537 1960 2588 οι

350 2625 668 2693 Αἰγύπτιοι
689 2640 703 2654 ο
732 2618 903 2693 ἦσαν
925 2622 1035 2693 γὰρ
1057 2622 1263 2690 αὐτοῖς
1284 2623 1452 2688 δόξα.
1486 2624 1595 2679 Kal
1623 2625 1873 2694 ἐροῦσιν
1903 2629 1959 2680 ot

351 2717 784 2783 κατοικοῦντες
817 2717 908 2770 οέν
949 2714 1022 2784 τῇ
1071 2716 1245 2785 νήσῳ
1284 2720 1473 2788 ταύτῃ
1497 2735 1512 2750 ο
1582 2718 1737 2773 Ἰδοὺ
1783 2718 1959 2790 ἡμεῖς

352 2803 508 2879 ἦμεν
532 2806 912 2873 πεποιθότες,
950 2806 1059 2861 τοῦ
1097 2807 1313 2878 φυγεῖν
1332 2811 1421 2876 είς
1445 2808 1669 2876 αὐτοὺς
1706 2812 1792 2877 εἰς
1805 2810 1958 2877 βοή-

353 2903 543 2964 θειαν,
584 2898 687 2953 καὶ
708 2901 840 2975 ,οὐκ
865 2897 1172 2968 ἠδύναντο
1212 2901 1484 2971 σωθῆναι
1512 2903 1630 2958 ἀπὸ
1648 2904 1958 2972 ,ϐασιλέως

365 2992 721 3061 Ἀσσυρίων,
752 2991 852 3046 καί
890 2990 1016 3058 πῶς
1042 2992 1212 3062 ἡμεῖς
1241 2995 1640 3064 σωθησόμεθα
1656 3011 1677 3061 ;

422 3083 507 3136 Τὰ
529 3082 800 3154 πρόσοικα
827 3086 895 3155 τῇ
927 3082 1180 3155 Θηϐαίων
1204 3084 1333 3156 ἔθνη
1365 3084 1640 3158 βάρϐαρα,
1670 3087 1957 3159 Βλέμμυες

2130 2436 2297 2494 Vens.
2331 2439 2386 2505 5,
2419 2437 2472 2494 6.
2500 2436 2568 2491 Et
2600 2438 2901 2494 erubescent
2936 2439 3059 2494 victi
3091 2453 3253 2507 super
3280 2437 3661 2507 zEthiapibtu,

2054 2531 2244 2604 quibus
2284 2532 2472 2602 conﬁsi
2506 2543 2629 2587 sunt
2669 2531 2949 2602 Egyptii;
2976 2542 3126 2586 erant
3167 2530 3308 2585 enim
3346 2531 3421 2586 eis
3463 2532 3659 2602 gloria:

2061 2624 2129 2678 Et
2161 2626 2333 2679 dicent
2365 2624 2685 2680 habitatores
2714 2626 2904 2680 insulis
2934 2626 3089 2679 istius
3126 2639 3145 2677 :
3179 2624 3314 2680 Ecce
3346 2642 3442 2681 nos
3473 2625 3666 2697 conﬁsi

2056 2733 2263 2782 sumus,
2290 2727 2347 2771 ut
2378 2716 2776 2787 confugeremus
2809 2718 2879 2771 ad
2912 2733 2998 2772 eos
3033 2718 3088 2770 in
3110 2717 3394 2784 auxilium,
3433 2720 3523 2789 qui
3558 2735 3665 2773 non

2075 2816 2362 2878 potuerunt
2393 2807 2609 2878 defendi
2643 2819 2826 2862 contra
2865 2824 3035 2880 regem
3067 2808 3428 2880 Assyriorum.
3457 2809 3527 2865 Et
3561 2826 3665 2882 quo

2068 2914 2219 2972 pacto
2244 2903 2575 2960 servabimur
2599 2919 2694 2958 nos
2709 2903 2736 2957 ?

2133 3082 2349 3140 Accolae
2377 3082 2761 3139 Thebanorum
2798 3092 2926 3140 sunt
2958 3092 3148 3157 gentes
3182 3084 3452 3152 baroarze,
3481 3085 3666 3143 Blem—

352 3174 407 3229 δὲ
431 3168 601 3239 οὗτοι,
632 3175 683 3228 οἳ
708 3175 806 3230 καὶ
837 3178 975 3231 εἰσὶν
1007 3176 1285 3242 Αίθίοπες,
1318 3179 1715 3251 εὐτεχνέστατα
1744 3181 1842 3252 μὲν
1860 3181 1959 3245 τὰς

2067 3192 2235 3248 myes,
2258 3179 2350 3248 qui
2382 3177 2522 3232 idem
2557 3187 2684 3233 sunt
2711 3174 3017 3249 Ethiopes,
3042 3178 3205 3250 302
3241 3179 3489 3235 homines
3522 3181 3667 3251 peri-

358 3267 526 3338 βελῶν
557 3269 882 3341 ἀφαιρέσεις
916 3270 1189 3325 ποιεῖσθαι
1219 3271 1650 3345 μεμελετήκασι.
1673 3275 1957 3347 Φαρμάκῳ

354 3360 411 3414 δὲ
456 3360 660 3426 ταύτας
706 3362 1066 3433 ἀποχρίοντες
1111 3363 1487 3435 ὀλεθριωτάτῳ
1526 3366 1794 3435 ὲπαφίασι
1844 3368 1959 3430 τοῖς

360 3455 692 3525 μαχομένοις
712 3471 728 3487 ⁸
775 3454 880 3509 κᾶν
904 3457 953 3508 εί
981 3456 1414 3527 προσ-ψαύσειαν,
1444 3457 1768 3530 τεθνήξεται
1815 3459 1955 3513 πάν-

353 3560 461 3609 τως
492 3548 522 3597 ὁ
553 3546 809 3617 πληγεὶς,
843 3547 940 3600 καί⁹
982 3545 1173 3620 ὥσπερ
1215 3565 1303 3613 τις
1347 3549 1670 3621 ὀφιόδηκτος
1715 3550 1957 3621 γεγονὼς

357 3640 698 3711 παραχρῆμα
744 3636 1130 3695 πεσεῖταιίἮν
1172 3636 1269 3695 οὖν
1302 3642 1362 3696 ὲν
1391 3640 1504 3695 ἔθει
1543 3643 1637 3696 καὶ
1662 3643 1825 3716 τριϐῇ
1859 3646 1957 3699 Αἰ-

346 3733 624 3801 γυπτίοις,
664 3732 902 3802 πολέμου
938 3734 1034 3788 καὶ
1067 3734 1246 3806 μάχης
1275 3735 1695 3808 ἐπηρτημένων,
1722 3736 1821 3802 τὰς
1846 3738 1957 3793 τῶν

354 3825 629 3879 Αἰθιόπων
650 3825 1024 3896 καταμισθοῦν
1042 3844 1100 3880 τε
1124 3827 1430 3897 φάλαγγας,
1456 3833 1549 3882 καὶ
1574 3830 1715 3901 μέγα
1737 3835 1955 3901 φρονεῖν

354 3918 442 3972 ἐπ’
478 3920 666 3982 αὐτοῖς
692 3932 706 3947 ⁸
735 3918 850 3973 ἀλλ’
880 3919 1101 3990 ἥλωσαν
1134 3920 1232 3974 σὺν
1262 3922 1447 3985 αὐτοῖς
1478 3923 1577 3994 τῆς
1613 3923 1722 3977 τῶν
1761 3925 1950 3979 Ἀσσυο

358 4012 487 4083 ρίων
519 4013 775 4086 ἀνδρείας
818 4012 1144 4086 ἡττώμενοι.
1184 4015 1644 4088 Αίσχυνθήσονται
1684 4018 1865 4073 τοίνυν
1903 4021 1952 4073 οἱ

350 4104 666 4171 Αἰγύπτιοι,
708 4106 898 4176 φησὶν,
945 4106 1043 4162 ἐπὶ
1092 4108 1207 4171 τοῖς
1252 4108 1524 4178 Αἰθίοψιν,
1568 4111 1654 4180 ἐφ’
1683 4105 1765 4175 οἷς
1810 4107 1953 4184 ἦσαν

352 4196 697 4261 πεποιθότες.
727 4198 1201 4271 Κατειλημμὲνων
1228 4199 1339 4272 γὰρ
1370 4201 1464 4254 καὶ
1488 4202 1669 4255 αὐτῶν
1694 4202 1790 4256 καὶ
1819 4221 1952 4258 νενι-

350 4304 421 4358 κη
429 4288 631 4360 μένων,
663 4289 884 4361 ἐροῦσιν
904 4293 956 4344 οἰ
981 4291 1040 4347 ὲν
1070 4292 1138 4362 τῇ
1173 4295 1321 4363 νήσῳ
1338 4291 1510 4364 ταύτῃ
1531 4293 1912 4359 κατοικοῦντες
1931 4312 1947 4327 ο

362 4380 493 4434 Ἰδοὺ
527 4383 689 4453 ἡμεῖς
725 4377 870 4455 ἦμεν
904 4382 1221 4449 πεποιθότες
1247 4384 1378 4438 ποτὲ
1404 4384 1500 4438 τοῦ
1533 4387 1725 4454 φυγεῖν
1745 4386 1824 4451 εἰς
1847 4386 1948 4441 αὒ-

347 4476 477 4538 τοὺς
502 4477 584 4540 είς
619 4475 898 4549 βοήθειαν,
934 4477 984 4531 οἳ
1019 4478 1122 4532 οὐκ
1149 4478 1412 4549 ἠδύναντο
1444 4478 1685 4550 σωθῆναι
1716 4479 1825 4534 ἀπὸ
1859 4481 1950 4553 βαι

2069 3267 2286 3331 tissimi,
2316 3266 2439 3321 telis
2470 3267 2748 3323 mittendis
2802 3277 2966 3339 atque
3005 3268 3324 3339 torquendis
3354 3271 3664 3337 exercitati,

2066 3374 2185 3428 qua!
2217 3372 2429 3413 Veneno
2459 3359 2924 3430 perniciosissimo
2954 3360 3169 3416 inuncta
3188 3402 3203 3428 ,
3233 3361 3285 3415 in
3316 3375 3410 3417 eos
3441 3352 3665 3433 quibuss

2065 3466 2188 3505 cum
2214 3450 2644 3521 congrediuntur
2665 3451 3078 3521 ejaculabantnr
3102 3469 3118 3508 :
3146 3453 3189 3507 si
3219 3454 3515 3525 tetigerint,
3540 3470 3665 3526 per-

2064 3554 2254 3598 cussus
2284 3544 2509 3597 omnino
2534 3544 2786 3608 moritur,
2812 3553 2866 3599 et
2891 3544 3119 3614 perinde
3149 3555 3314 3616 atque
3343 3561 3374 3601 a
3407 3560 3663 3617 serpente

2065 3649 2303 3699 morsus,
2339 3634 2631 3692 confestim
2667 3636 2927 3695 concidit.
2960 3636 3088 3692 Erat
3124 3637 3291 3707 igitur
3323 3638 3377 3694 in
3417 3654 3571 3696 more
3607 3652 3663 3697 et

2063 3729 2462 3784 consuetudine
2506 3726 2801 3800 Egyptiis,
2838 3728 2977 3785 bello
3025 3740 3079 3785 et
3126 3745 3302 3802 pugna
3353 3731 3659 3804 ingruente,

2060 3818 2404 3891 Ethiopicas
2433 3821 2732 3893 phalanges
2763 3822 3130 3879 conductitias
3163 3838 3476 3897 corrogare,
3504 3833 3562 3880 et
3594 3826 3661 3881 de

2061 3914 2167 3969 illis
2194 3914 2486 3984 plurimum
2514 3916 2832 3985 superbire;
2857 3930 3046 3971 verum
3073 3930 3196 3971 cum
3229 3917 3335 3973 illis
3356 3919 3498 3989 capti
3530 3929 3660 3976 sunt

2062 4004 2380 4061 fortitudine
2423 4007 2771 4078 Assyriorum
2816 4005 3041 4063 devicti.
3079 4007 3421 4065 Ertthescent
3467 4011 3654 4081 igitur,

2061 4097 2268 4168 inquit,
2317 4097 2557 4171 Egyptii
2619 4101 2674 4154 in
2728 4099 3078 4172 EthiOpihus
3134 4101 3334 4171 quibus
3392 4101 3652 4159 lidebant.

2059 4191 2242 4261 Captis
2286 4194 2433 4247 enim
2483 4192 2587 4247 illis
2634 4203 2690 4248 et
2735 4195 3040 4263 superatis,
3073 4194 3254 4249 dicent
3299 4194 3417 4264 ejus
3463 4195 3654 4253 insulae

2058 4283 2394 4340 habitatores
2420 4300 2435 4338 :
2467 4284 2607 4340 Ecce
2640 4300 2738 4340 nos
2764 4286 2956 4342 contisi
2989 4300 3209 4342 eramus
3239 4297 3295 4341 ut
3328 4287 3653 4358 confugere-

2058 4389 2180 4429 mns
2213 4375 2280 4427 ad
2312 4389 2408 4429 eos
2436 4375 2623 4430 auxilii
2652 4377 2847 4445 gratia,
2874 4377 2966 4446 qui
3000 4391 3105 4431 non
3138 4386 3427 4447 potuerunt
3460 4385 3649 4434 contra

2058 4481 2238 4536 regem
2272 4466 2621 4524 istvriorttm
2656 4466 2907 4536 defendi;
2937 4482 3173 4540 quonam
3213 4478 3372 4540 pacto
3406 4470 3650 4525 servabi-

350 4565 545 4629 σιλέως
577 4543 912 4636 ’Ᾰσσυρίωνο
946 4567 1042 4620 καὶ
1067 4543 1185 4630 πῶς
1209 4566 1375 4638 ἡμεῖς
1409 4543 1772 4639 σωθησόμεθα
1796 4585 1811 4634 ;
1838 4543 1949 4640 Νῆα

2067 4574 2178 4613 mur
2227 4559 2355 4613 nosi
2402 4559 2641 4614 msulam
2698 4559 2867 4632 igitur
2909 4559 3203 4632 Egyptnm
3257 4560 3534 4627 nominat,
3582 4576 3650 4617 eo

350 4670 441 4707 σον
471 4653 572 4724 μὲν
609 4650 706 4709 οὖν
745 4655 849 4726 τὴν
876 4655 1155 4724 Αἴγυπτον
1180 4653 1458 4727 ὀνομάζει,
1485 4655 1576 4710 διά
1602 4674 1687 4710 τοι
1721 4658 1784 4711 τὸ
1809 4646 1949 4714 εἶναι

2067 4651 2192 4721 ιιιοά
2218 4649 2533 4708 ﬂuminibus
2562 4651 2907 4709 circumﬂuat
2935 4663 2990 4709 et
3016 4655 3225 4725 stagnis
3252 4669 3514 4726 aquarum
3546 4670 3649 4710 un-

349 4746 684 4819 περίρρυτον
717 4750 1011 4819 ποταμοῖς,
1042 4748 1138 4802 καὶ
1165 4747 1386 4820 λίμναις
1422 4748 1631 4804 ὑδάτων
1658 4749 1950 4816 διεζῶσθαι

351 4837 651 4910 πανταχοῦ·
675 4841 985 4910 είσκομίζει
1010 4858 1076 4911 γε
1101 4840 1209 4913 μὴν
1233 4840 1361 4905 τοὺς
1389 4841 1732 4908 ἐνοικοῦντας
1756 4843 1948 4916 αὐτὴν,

347 4928 444 4999 τῆς
493 4929 586 4982 ἐπὶ
633 4930 749 4993 τοῖς
788 4928 1036 5000 Αἰθίοψιν
1068 4928 1287 4995 ἐλπίδος
1318 4929 1853 5000 καταγινώσκοντας.
1885 4933 1950 4987 Εἰ

346 5020 453 5091 γὰρ
495 5021 720 5092 ἥλωσαν
770 5021 948 5091 αὐτοὶ,
985 5021 1174 5093 φησὶν,
1211 5021 1330 5087 πῶς
1362 5021 1430 5079 ἂν
1461 5023 1764 5078 ὲκσὼσειαν
1820 5024 1949 5088 τοὺς

347 5113 429 5165 ἔπ’
455 5113 640 5178 αὐτοῖς
667 5113 1032 5182 πεποιθότας;
1070 5113 1299 5183 Ἀγαθὸν
1331 5110 1424 5169 οὖν
1452 5113 1564 5186 ἄρα
1606 5114 1669 5168 τὸ
1702 5114 1946 5180 ἐλπίζειν

342 5206 685 5278 ἐπὶήιίύριον,
707 5205 743 5278 ἢ
765 5205 1089 5271 πεποιθέναι
1109 5206 1196 5261 ἐπ’
1218 5206 1505 5279 ἄνθρωπον
1525 5224 1539 5239 ·
1566 5209 1661 5262 καὶ
1682 5207 1757 5272 ὥς
1779 5225 1947 5280 φησιν

345 5296 370 5348 δ
415 5298 705 5370 προφήτης
745 5296 1048 5370 Ἰερεμίαςο
1096 5316 1115 5349 ι
1139 5298 1574 5371 Ἐπικατάρατος
1604 5301 1703 5370 μὲν
1735 5300 1947 5371 ἄνθρω-

344 5404 442 5453 πος
490 5389 552 5453 ὃς
592 5389 695 5462 τὴν
731 5390 926 5445 ἐλπίδα
954 5390 1069 5463 ἔχει
1093 5391 1180 5443 ἐπ’
1207 5391 1530 5464 ἄνθρωπον,
1562 5392 1659 5446 καὶ
1697 5392 1945 5464 στηρίξει

343 5480 523 5551 σάρκα
568 5472 855 5553 βραχίονος
881 5482 1048 5536 αὐτοῦ
1069 5498 1083 5513 ⁸
1115 5483 1479 5555 εὐλογημένος
1506 5500 1572 5552 γε
1598 5482 1725 5555 μὴν,
1760 5483 1820 5547 ὃς
1846 5483 1942 5537 πέ-

343 5573 529 5627 ποιθεν
557 5575 655 5628 ἐπὶ
677 5573 755 5645 τῷ
783 5575 979 5648 Κυρίῳ
998 5576 1092 5629 καὶ
1119 5575 1274 5629 ἔσται
1305 5575 1509 5647 Κῦριος
1534 5575 1691 5639 ἐλπὶς
1717 5574 1937 5630 absab.)

352 5665 467 5722 ’Δεὶ
492 5666 552 5723 δέ
581 5682 702 5732 πως
728 5668 878 5738 ἡμᾶς
908 5668 939 5720 ὁ
965 5667 1304 5740 προφητικδς
1348 5667 1557 5737 ὀνίνησι
1604 5666 1762 5738 λόγος
1782 5682 1798 5701 ο
1838 5668 1945 5722 κᾶν

254 5256 303 5279 η,

388 5842 477 5913 ,τν
514 5842 725 5901 Jerem.
764 5859 898 5913 xm,
933 5843 987 5910 5,
1010 5843 1064 5898 7.

2049 4745 2212 4814 dique
2248 4746 2517 4813 cingatur.
2585 4745 2886 4802 lntroducit
2919 4745 3035 4815 ejus
3072 4746 3404 4803 habitatores
3439 4746 3649 4817 seipsos

2050 4838 2164 4907 spei
2197 4838 2249 4892 in
2280 4834 2634 4908 Ethiopibus
2664 4838 2941 4895 collocata
2970 4840 3311 4896 danmantes.
3336 4837 3393 4895 Si
3423 4839 3645 4907 etenim,

2051 4930 2257 5000 inquit,
2308 4930 2454 4999 capti
2506 4940 2632 4986 sunt
2678 4932 2815 5002 ipsi,
2867 4932 3104 4988 conﬁsos
3152 4932 3255 4989 sibi
3286 4932 3376 5004 qui
3427 4947 3648 4988 servare

2049 5022 2340 5092 poterunt?
2372 5021 2562 5078 Melius
2590 5032 2675 5078 est
2700 5036 2833 5094 ergo
2863 5028 3087 5093 sperare
3121 5024 3175 5079 in
3201 5021 3453 5089 Domino,
3483 5040 3644 5096 quam

2047 5112 2321 5168 conlidere
2351 5114 2403 5168 in
2435 5113 2679 5181 homine,
2705 5125 2782 5182 et,
2811 5115 3021 5171 utdicit
3045 5114 3313 5171 Jeremias
3344 5117 3604 5189 prepheta
3629 5138 3644 5175 :

2055 5222 2075 5259 ι
2117 5204 2433 5261 Maledictus
2478 5207 2644 5260 homo
2685 5207 2781 5277 qni
2828 5222 2978 5276 spem
3020 5206 3183 5261 habet
3225 5207 3277 5261 in
3322 5207 3558 5271 homine,
3593 5219 3648 5263 et

2049 5298 2299 5353 innititur
2350 5298 2501 5354 carni
2566 5299 2776 5354 brachii
2828 5300 2909 5353 sui
2963 5318 2976 5353 :
3027 5300 3345 5355 benedictus
3390 5301 3481 5370 qui
3533 5300 3650 5354 lldlt

2050 5390 2306 5459 Domino,
2327 5401 2382 5447 et
2403 5392 2509 5446 erit
2532 5392 2794 5446 Dominus
2820 5406 2943 5458 spes
2966 5391 3085 5461 ejus
3106 5389 3226 5444 π’.»
3256 5389 3443 5446 Oratio
3465 5398 3645 5443 autem

2047 5483 2363 5553 prophetica
2413 5481 2570 5536 nob's
2617 5494 2833 5549 semper
2875 5479 3022 5533 utilis
3066 5490 3181 5543 eat,
3233 5488 3290 5533 et
3332 5489 3645 5545 quanquam

2053 5573 2195 5630 forte
2245 5573 2586 5641 spiritualem
2645 5572 3050 5626 enarrationem
3112 5584 3221 5624 non
3282 5567 3480 5621 habeat
3532 5563 3650 5618 hare

2051 5668 2314 5733 historia;
2331 5676 2514 5723 tamen
2550 5667 2691 5723 haud
2720 5663 2948 5736 exiguus
2977 5663 3188 5718 fructus
3219 5659 3343 5716 inde
3375 5656 3644 5728 pervenit.
