4060 6506
435 377 542 435 885
1439 381 1494 438 S.
1537 380 1809 437 CYRILLI
1851 379 2321 437 ALEXANDRINI
2360 379 2676 438 ARClIIEl’.
3593 381 3710 441 49l-

436 495 634 552 Paulus
683 497 826 552 enim
876 497 1006 552 dicit
1053 496 1165 552 haec
1216 496 1445 563 ﬁgurate
1499 501 1789 572 contigisse
1837 500 2010 569 majo-

2134 501 2160 552 εξ
2211 499 2283 571 μὴ
2313 500 2426 571 ἔχοι
2459 499 2618 570 τυχὸν
2654 495 3031 566 πνευματικῆς
3079 493 3408 564 ἀφηγήσεως
3441 493 3641 564 τρόπον
3670 497 3706 565 ἢ

437 590 610 653 ribus,
645 591 710 643 ad
744 598 983 645 nostram
1017 602 1236 659 quoque
1269 591 1691 646 admonitionem
1732 608 1850 648 esse
1884 608 2010 646 con-

2142 589 2348 660 στορία,
2375 588 2489 642 ἀλλ’
2519 585 2612 641 οῦν
2641 589 2702 640 τὸ
2745 586 2801 652 ἐξ
2827 585 3014 656 ,αὐτῆς
3041 583 3231 652 δφελος
3257 583 3316 636 οὐ
3347 582 3541 655 βραχύ.
3569 585 3708 654 Φησὶ

436 680 635 749 scripta
659 679 727 732 ".
2118 678 2227 746 γὰρ
2251 681 2278 732 ό
2299 679 2531 743 Παῦλος,
2558 679 2803 742 τυπικῶς
2827 675 3146 748 συμϐαίνειν
3169 668 3283 740 τοῖς
3307 677 3707 747 ἀρχαιοτέροις.

2119 769 2431 839 γεγράφθαι
2461 785 2522 838 γε
2563 769 2668 840 μὴν
2695 768 2832 839 πρὸς
2863 766 3146 822 νουθεσίαν
3176 765 3356 838 ἡμῶν.

937 894 1139 952 VISIO
1176 896 1514 954 DESERTI.

2445 903 2530 959 T0
2570 903 2817 954 OPAMA
2864 902 3002 953 ΤΗΣ
3038 900 3367 954 ΕΡΗΜΟΥ.

505 1031 816 1086 Tcrminato
844 1033 1206 1098 pulcherrime
1235 1049 1508 1102 sermone,
1533 1036 1624 1106 qui
1657 1036 1724 1093 de
1748 1033 2017 1108 Egyptils

437 1125 653 1192 inquam
701 1124 916 1178 habitus
963 1135 1080 1190 est,
1120 1141 1242 1180 cum
1294 1141 1322 1180 a
1367 1127 1661 1196 propheta,
1698 1129 1915 1197 quando
1966 1136 2021 1184 et

438 1217 710 1284 quomodo
753 1231 851 1284 per
898 1216 1054 1269 fidem
1101 1217 1168 1270 ad
1213 1216 1543 1286 agnitionem
1576 1218 1688 1272 veri
1730 1218 1821 1273 Dei
1856 1233 2017 1273 voca-

438 1317 626 1361 rentur
653 1307 958 1375 expositum
988 1306 1054 1360 sit
1087 1323 1102 1360 :
1135 1305 1201 1360 ad
1226 1305 1387 1358 aliam
1412 1307 1670 1360 visionem
1700 1321 1758 1362 se
1788 1307 2018 1375 confert,

440 1397 508 1450 de
541 1411 722 1451 eremo
767 1413 781 1449 :
832 1410 931 1450 nec
976 1395 1295 1464 simpliciter
1354 1395 1443 1449 hic
1489 1403 1645 1450 terrae
1702 1398 1929 1450 desertae
1967 1405 2022 1451 et

441 1487 694 1542 desolata:
723 1486 851 1541 facit
878 1487 1226 1549 mentionem,
1259 1485 1352 1540 sed
1386 1501 1629 1540 eremum
1660 1494 1821 1541 vocat
1847 1486 2024 1558 Baby-

444 1579 663 1644 loniam,
717 1593 836 1646 quae
863 1593 984 1633 cum
1011 1579 1138 1632 olim
1171 1577 1597 1633 innumerabiles
1621 1578 1847 1634 haberet
1873 1579 2023 1633 inco-

2195 1030 2541 1101 Διαπεράνας
2587 1025 2645 1084 εὖ
2700 1029 2845 1098 μάλα
2875 1029 2965 1085 τὸν
2993 1030 3088 1083 ἐπί
3130 1029 3196 1099 γέ
3225 1048 3366 1102 φημι
3395 1033 3508 1096 τοῖς
3541 1035 3712 1101 Αἰγυ-

2132 1121 2312 1184 πτίοις
2335 1121 2514 1190 λόγον,
2545 1121 2752 1190 πηνίκα
2796 1137 2856 1174 τε
2905 1122 3000 1174 καὶ
3048 1122 3196 1187 ὅπως
3244 1123 3596 1194 κεκλήσονται
3624 1125 3712 1179 διὰ

2121 1213 2361 1276 πίστεως
2383 1213 2520 1282 πρὸς
2548 1213 2847 1282 ἐπίγνωσιν
2871 1211 2965 1266 τοῦ
2990 1213 3110 1267 κατ’
3127 1213 3382 1284 ἀλήθειαν
3402 1215 3553 1279 ὄντος
3572 1216 3710 1268 Θεοῦ

2121 1303 2348 1357 διειπὼν
2383 1304 2411 1355 ὁ
2457 1305 2763 1374 προφήτης,
2799 1306 3100 1375 μεταφοιτᾷ
3130 1303 3265 1376 πρὸς
3298 1305 3493 1376 ἑτέραν
3517 1307 3710 1376 ὅρασιν

2120 1394 2219 1464 τὴν
2269 1395 2399 1465 περὶ
2445 1394 2547 1464 τῆς
2590 1395 2798 1465 ἐρήμου
2821 1411 2835 1425 ·
2878 1395 2973 1447 καὶ
3015 1394 3112 1464 οὐχ
3136 1393 3321 1457 ἁπλῶς
3357 1395 3461 1464 γῆς
3484 1397 3615 1467 ἡμῖν
3649 1397 3710 1448 ἐν

2121 1485 2332 1550 τούτοις
2359 1485 2613 1555 ἀοικήτου
2639 1485 2733 1538 καὶ
2764 1485 2976 1556 ἐρήμης
3018 1487 3248 1538 ποιεῖται
3280 1487 3498 1556 μνήμην
3518 1501 3549 1550 ο,
3570 1485 3711 1539 ἀλλὰ

2124 1577 2234 1648 γὰρ
2264 1577 2470 1648 ἔρημον
2504 1576 2764 1647 ὀνομάζει
2812 1577 2912 1647 τὴν
2961 1576 3336 1642 Βαϐυλωνίων,
3368 1577 3402 1646 ἥ
3432 1593 3561 1628 ποτε
3609 1577 3712 1648 μὲν

444 1671 522 1725 las
553 1670 718 1724 fortes
744 1679 797 1724 et
825 1671 1279 1740 pugnacissimos,
1311 1673 1390 1725 ira
1425 1685 1456 1725 e
1487 1671 1736 1741 supernis
1766 1671 1914 1726 illata
1945 1673 2024 1727 sic

2134 1669 2358 1742 ἀριθμοῦ
2410 1669 2724 1740 κρείττονας
2757 1664 2871 1740 εἷχε
2906 1670 3030 1733 τοὺς
3057 1671 3364 1741 οἰκήτορας,
3395 1667 3598 1729 δεινούς
3647 1685 3710 1721 τε

441 1763 720 1817 devastata
750 1771 852 1828 est,
879 1772 936 1816 ut
963 1762 1185 1816 omnino
1216 1762 1352 1816 viris
1377 1776 1545 1816 vacua
1577 1773 1876 1829 remaneat,
1901 1779 2022 1818 cum

2134 1761 2220 1814 καὶ
2263 1760 2712 1832 μαχιμωτάτους·
2746 1760 3015 1831 ἠρημώθη
3057 1759 3112 1813 δὲ
3148 1761 3340 1823 οὕτως,
3371 1759 3542 1831 ὀργῆς
3569 1759 3708 1831 αὐτῇ

441 1851 614 1922 Cyrus
666 1851 952 1922 Cambysis
1005 1851 1150 1906 ﬁlius
1209 1859 1544 1921 oppugnaret
1597 1851 1948 1922 Babyloniam
2008 1872 2022 1908 :

2134 1853 2230 1924 τῆς
2257 1852 2463 1907 ἄνωθεν
2497 1853 2954 1924 ἐπενηνεγμένης,
2995 1852 3071 1916 ὡς
3096 1853 3382 1921 κένανδρον
3415 1854 3711 1922 ἀπομεῖναι

440 1943 601 2013 303
647 1942 800 2010 cuius
844 1952 898 1996 ct
940 1942 1068 1996 alibi
1110 1942 1355 1996 meminit
1401 1943 1682 2011 propheta,
1719 1943 1969 2012 inquiens
2006 1959 2022 1999 :

2134 1944 2408 2008 παντελῶς
2429 1943 2998 2014 καταστρατεύσαντος
3025 1943 3121 2014 τῆς
3149 1941 3503 1996 Βαϐυλωνίων
3523 1941 3711 2010 Κύρου

449 2050 468 2083 ι
513 2033 606 2087 Sic
638 2032 770 2087 dicit
809 2032 1068 2086 Dominus
1102 2039 1266 2087 uncto
1300 2047 1420 2086 meo
1453 2030 1623 2103 Cyro,
1653 2033 1804 2103 cujus
1837 2048 2026 2105 appre-

2134 2036 2225 2091 τοῦ
2256 2037 2577 2108 Καμϐύσου.
2613 2030 2688 2090 Οὗ
2709 2037 2802 2089 καὶ
2825 2034 3054 2107 ἐτέρωθι
3085 2033 3506 2106 διαμνημονεύει
3535 2033 3713 2102 λέγων

443 2124 606 2180 bendi
647 2125 960 2188 dexteram,
1009 2132 1069 2178 ut
1111 2125 1335 2178 audiant
1374 2138 1556 2178 coram
1603 2139 1670 2179 eo
1713 2135 1900 2195 gentes
1929 2145 1943 2181 :
1975 2135 2030 2182 et

2134 2131 2159 2182 ὁ
2193 2131 2508 2201 προφήτης·
2545 2148 2563 2180 ι
2595 2127 2782 2190 Οὕτως
2821 2125 2969 2193 λέγει
3012 2124 3218 2195 Κύριος
3267 2123 3345 2194 τῷ
3373 2123 3577 2194 χριστῷ
3608 2140 3712 2192 μου

443 2217 692 2271 civitates
718 2230 823 2270 non
858 2215 1341 2271 concludentur".
1379 2233 1398 2268 ι
1438 2215 1536 2270 Hic
1563 2215 1706 2270 illam
1739 2218 2025 2288 superbam

2134 2220 2319 2291 Κύρῳ,
2336 2214 2396 2273 οὗ
2423 2219 2700 2290 ἐκράτησα
2722 2218 2820 2289 τῆς
2843 2217 3041 2282 δεξιᾶς,
3073 2215 3373 2270 ἐπακοῦσαι
3403 2213 3713 2285 ἔμπροσθεν

442 2309 738 2378 quondam,
767 2315 820 2363 et
855 2317 1044 2362 contra
1077 2323 1293 2363 omnem
1326 2317 1542 2378 gentem
1575 2307 1861 2376 elevatam,
1887 2319 1941 2365 et
1970 2310 2026 2366 in

2134 2313 2293 2366 αὑτοῦ
2331 2311 2478 2382 ἔθνη.
2513 2311 2700 2374 Πόλεις
2733 2311 2793 2364 οὐ
2831 2310 3312 2381 συγκληθήσονται.
3347 2327 3364 2360 ι
3404 2302 3571 2370 Οὗτος
3600 2299 3711 2358 εἷλε

444 2401 638 2472 pugnis
669 2400 1089 2470 formidabilem,
1118 2401 1464 2473 Babylonem,
1506 2402 1751 2472 inquam,
1776 2404 1826 2458 vi
1859 2419 2026 2459 occu-

2134 2403 2276 2457 κατὰ
2319 2403 2518 2474 κράτος
2560 2403 2660 2473 τὴν
2720 2400 2954 2467 ἀλαζόνα
3001 2401 3133 2455 ποτὲ
3180 2401 3274 2455 καὶ
3317 2399 3460 2453 κατὰ
3511 2397 3713 2457 παντὸς

431 2491 591 2559 pavit
627 2507 640 2544 :
679 2491 812 2545 facit
846 2501 1026 2545 autem
1061 2501 1116 2547 et
1149 2506 1293 2546 nunc
1326 2492 1586 2561 propheta
1631 2491 1749 2560 ejus
1794 2495 2026 2548 mentio-

441 2595 564 2636 nem
591 2590 644 2636 et
672 2583 944 2637 desertum
976 2583 1238 2637 nominat.
1263 2581 1547 2648 Quomodo
1581 2595 1760 2638 autem
1795 2598 1860 2639 eo
1887 2583 2030 2640 cala-

446 2670 653 2726 mitatis
683 2671 900 2740 delapsa
932 2671 1028 2734 sit,
1054 2672 1264 2727 duabus
1291 2673 1356 2727 de
1385 2671 1566 2728 causis
1593 2673 1875 2728 manifeste
1904 2686 2031 2727 nar-

444 2771 551 2828 rat,
581 2770 641 2816 ut
681 2762 897 2830 quidem
943 2777 1044 2833 ego
1083 2777 1282 2818 censeo
1326 2781 1340 2818 :
1386 2763 1471 2818 vel
1511 2773 1570 2817 ut
1605 2763 1819 2819 «Iudaeos
1864 2779 1895 2820 a
1935 2779 2030 2834 spe

444 2852 500 2907 in
543 2851 650 2905 illis
691 2851 950 2906 collocata
996 2853 1225 2908 abducat
1272 2871 1285 2907 :
1339 2871 1358 2906 t
1411 2852 1542 2908 Erat
1585 2855 1727 2909 enim
1772 2854 2026 2924 Ephraim

445 2942 692 2998 columba
735 2958 946 3007 amens,
986 2961 1005 2995 ι
1053 2943 1507 3012 quemadmodum
1549 2945 1626 2999 ait
1665 2944 1799 2999 alius
1838 2961 1869 3001 e
1907 2962 2031 3015 pro-

447 3035 744 3105 phetis'":
805 3051 823 3086 ι
860 3033 1152 3107 Egyptum
1211 3035 1508 3102 invocavit,
1555 3045 1610 3092 et
1661 3037 1728 3092 ad
1781 3037 2032 3109 Assyrios

447 3123 676 3192 profecti
702 3133 827 3178 sunt
860 3142 872 3178 :
911 3142 930 3175 ι
963 3124 1045 3178 vel
1077 3131 1134 3178 ut
1160 3127 1514 3181 contristatos
1546 3126 1874 3190 consoletur,
1906 3128 2028 3196 quia

448 3223 657 3268 vastata
693 3231 877 3269 eorum
916 3215 1168 3284 regione,
1202 3225 1258 3270 et
1290 3224 1481 3272 exusto
1519 3218 1756 3286 ipsorum
1794 3223 2025 3289 templo,

447 3304 773 3376 Babylonem
819 3307 1020 3376 captivi
1064 3307 1282 3363 abducti
1334 3317 1462 3364 sunt
1501 3323 1626 3364 cum
1673 3311 1930 3366 uxoribus
1979 3322 2034 3367 et

448 3396 654 3453 liberis.
689 3398 807 3464 Quo
838 3397 1054 3467 quidem
1087 3401 1371 3469 perspicue
1401 3399 1579 3466 docet,
1605 3400 1653 3456 si
1686 3416 1750 3456 ex
1782 3404 2034 3470 praescri-

450 3499 542 3560 pto
571 3491 704 3559 legis
735 3491 918 3545 vivere
949 3490 1255 3556 instituant,
1287 3502 1342 3546 et
1374 3491 1682 3548 divinarum
1717 3495 2036 3564 praeceptio-

432 3597 580 3635 .num
616 3583 858 3649 germani
889 3591 944 3636 et
971 3582 1184 3652 ingenui
1216 3584 1469 3640 custodes
1496 3598 1621 3640 esse
1647 3585 1834 3650 velint,
1871 3588 2034 3641 Deum

451 3682 752 3727 vastatores
809 3672 928 3727 illos
980 3688 1384 3744 aggressurum.
1435 3674 1817 3733 Narrationem
1873 3678 2036 3748 igitur

452 3761 686 3818 instituit
718 3765 1000 3834 prepbeta,
1026 3765 1293 3833 habetque
1317 3766 1544 3823 visionis
1569 3777 1859 3823 contextus
1884 3769 2039 3823 enal-

454 3855 632 3925 lagen,
665 3867 716 3910 et
748 3856 1078 3911 imitationes
1125 3873 1505 3927 personarum.
1537 3857 1691 3914 Nunc
1719 3859 1863 3913 enim
1895 3859 2038 3914 velut

453 3947 762 4002 futurorum
811 3947 1056 4004 oculatus
1104 3949 1276 4015 testis,
1308 3960 1364 4005 et
1397 3958 1670 4019 spectator
1709 3965 1736 4004 a
1785 3950 1892 4006 Deo
1933 3952 2038 4007 sibi

2132 2493 2320 2558 ἔθνους
2348 2493 2737 2563 ἐπαιρομένην,
2779 2494 2872 2546 καὶ
2913 2492 3241 2563 δυσάντητον
3272 2491 3329 2544 ἐν
3361 2489 3580 2560 μάχαις,
3613 2488 3712 2557 τὴν

2134 2585 2428 2639 Βαϐυλῶνά
2450 2602 2522 2658 φη
2533 2603 2614 2655 μι.
2647 2585 2800 2637 Ποιεῖ
2819 2583 2874 2637 δέ
2900 2586 3120 2654 μνήμην
3139 2583 3231 2636 καὶ
3259 2579 3401 2648 νῦνηό
3431 2569 3734 2650 προφήτης’

2135 2679 2323 2749 αὐτῆς,
2361 2678 2455 2732 καὶ
2503 2677 2708 2748 ἔρημον
2763 2677 2859 2746 μὲν
2917 2675 3189 2746 ὀνομάζει.
3226 2673 3358 2725 Τίνα
3403 2671 3457 2724 δὲ
3512 2669 3712 2740 τρόπον

2134 2771 2450 2843 ἀθλιότητος
2497 2774 2577 2836 εἰς
2629 2769 2784 2825 τοῦτο
2827 2768 3178 2830 κατὼλισθεν,
3205 2768 3496 2838 άφηγεῖται
3526 2762 3712 2832 σαφῶς

2134 2865 2227 2919 δύο
2254 2865 2460 2919 τούτων
2497 2865 2659 2918 ἕνεκα
2702 2862 2960 2932 καθάπερ,
2983 2859 3294 2931 ἐγῷμαι.Ἦ
3326 2858 3435 2930 γὰρ
3461 2858 3548 2910 ἵνα
3587 2856 3715 2917 τοὺς

2148 2956 2431 3019 Ἰουδαίους
2449 2956 2736 3028 ἀποστήσῃ
2763 2953 2862 3023 τῆς
2889 2951 3102 3015 ἐλπίδος
3121 2967 3137 2982 ·
3176 2946 3313 3004 «Ἦν
3341 2950 3448 3021 γάρ
3481 2946 3716 3019 Ἐφραῖμ

2137 3049 2436 3122 περιστερὰ
2474 3050 2656 3114 ἄνους,
2694 3067 2712 3100 ›
2745 3047 2888 3102 καθά
2934 3063 3100 3117 φησιν
3141 3039 3222 3108 εἷς
3248 3045 3356 3098 τῶν
3385 3042 3553 3112 ἁγίων
3581 3059 3714 3112 προ-

2139 3138 2320 3211 φητῶν
2347 3156 2360 3169 ·
2406 3157 2426 3191 ι
2455 3138 2730 3206 Αἴγυπτον
2773 3137 3118 3201 ἐπεκαλεῖτο,
3154 3136 3249 3190 καὶ
3275 3135 3353 3198 είς
3400 3131 3716 3200 ’Δσσυρίους

2131 3231 2454 3304 ἐπορεύετο·
2489 3249 2510 3282 ι
2543 3231 2577 3301 ἢ
2631 3231 2718 3285 ἵνα
2761 3229 3120 3301 παρακαλέσῃ
3161 3226 3588 3297 λελυπημένους,
3634 3227 3716 3278 ὅτι

2131 3323 2476 3396 πεπόρθηται
2509 3324 2606 3396 μὲν
2638 3323 2815 3378 αὐτῶν
2846 3324 2878 3394 ὴ
2911 3321 3084 3394 χώρα,
3121 3321 3510 3392 ἐμπέπρησται
3539 3318 3594 3372 δὲ
3622 3318 3716 3370 καὶ

2135 3415 2298 3478 αὐτὸς
2348 3418 2376 3469 ό
2419 3413 2577 3478 νεὼς,
2608 3413 2934 3485 δορύληπτοι
2965 3413 3022 3465 δὲ
3055 3410 3303 3480 γυναιξὶν
3333 3408 3467 3479 όμοῦ
3502 3409 3594 3462 καὶ
3621 3407 3710 3460 τέ-

2135 3524 2283 3570 κνοις
2307 3505 2758 3578 ἀπεκομίσθησαν
2791 3506 2867 3567 είς
2895 3504 2996 3575 τὴν
3023 3501 3339 3556 Βαϐυλῶνα.
3372 3499 3540 3553 Τοῦτο
3569 3498 3625 3551 δὲ
3647 3494 3716 3568 ἦν

2133 3600 2478 3662 διδάσκοντος
2515 3596 2783 3667 ἐναργῶς,
2806 3596 2887 3648 ὅτι
2922 3594 3015 3648 καὶ
3042 3593 3148 3648 τῶν
3171 3591 3592 3662 πεπορθηκότων
3617 3590 3713 3642 αὐο

2133 3693 2258 3755 τοὺς
2304 3689 2836 3758 κατεξαναστήσεται
2878 3687 3028 3750 Θεὸς,
3075 3689 3123 3740 εί
3178 3685 3276 3757 ζῇν
3323 3685 3527 3738 ἐλοιντο
3571 3681 3712 3737 κατὰ

2136 3780 2318 3850 νόμον,
2353 3780 2448 3833 καὶ
2476 3777 2584 3831 τῶν
2617 3777 2774 3831 θείων
2801 3775 3146 3847 ἐνταλμάτων
3179 3775 3344 3830 αὐτοῦ
3379 3777 3590 3847 γνήσιοι
3619 3789 3712 3842 γε-

2137 3872 2325 3926 νέσθαι
2355 3872 2609 3940 φύλακες.
2641 3868 2849 3923 Οὐκοῦν
2878 3869 3171 3938 ἀφηγεῖται
3203 3871 3300 3940 μὲν
3341 3871 3368 3923 ὁ
3408 3871 3712 3941 προφήτης.

2141 3967 2296 4036 Ἐχει
2316 3983 2378 4034 γε
2400 3965 2504 4036 μὴν
2531 3965 2592 4018 τὸ
2619 3966 2716 4036 τῆς
2740 3965 2978 4035 ὁράσεως
3009 3962 3141 4032 ὕψος
3164 3961 3468 4034 προσώπων
3497 3963 3717 4016 ἐναλλα-

453 4048 672 4093 OStensa
701 4049 922 4093 enarrat
950 4055 962 4094 :
997 4056 1136 4094 nunc
1161 4049 1216 4094 et
1238 4041 1364 4110 quid
1397 4051 1698 4111 temporum
1725 4042 1956 4097 decursu
1985 4052 2031 4097 et

2138 4055 2261 4124 γάς.
2297 4055 2438 4108 Ποτέ
2473 4053 2571 4124 μὲν
2600 4053 2710 4125 γὰρ
2743 4054 2817 4116 ὼς
2846 4053 3120 4124 αὐτόπτης
3161 4054 3269 4107 τῶν
3299 4054 3590 4126 ἐσομένων,
3625 4054 3719 4108 καὶ

454 4130 672 4200 delapsn
705 4132 1064 4200 contingeret,
1093 4135 1290 4202 spiritu
1327 4133 1651 4202 prophetico
1681 4144 1806 4188 ante
1835 4135 2041 4188 denun-

458 4222 556 4275 tiat
586 4237 600 4275 :
637 4238 777 4276 nunc
813 4222 1110 4277 introducit
1144 4224 1364 4293 insuper
1395 4239 1683 4294 personam
1717 4224 2042 4295 Babylonio-

460 4329 600 4376 rum,
631 4327 750 4368 sese
783 4314 852 4369 ob
885 4324 991 4368 tam
1022 4315 1250 4370 acerbas
1280 4323 1336 4370 et
1368 4316 1678 4385 inopinatas
1708 4317 2041 4373 calamitates

453 4406 874 4475 deplorantium.
909 4406 1146 4462 Proinde
1193 4409 1349 4478 quasi
1402 4411 1797 4478 contemplatus
1848 4411 2039 4466 Persa-

2141 4145 2344 4218 θεωρὸς
2361 4145 2458 4216 ἢδη
2481 4143 2740 4214 γεγονὼς,
2756 4145 3028 4214 ἐξηγεῖται
3046 4147 3112 4199 τὰ
3129 4145 3552 4216 παραδειχθέντα
3573 4146 3721 4218 αὑτῷ

2143 4236 2294 4306 παρὰ
2319 4234 2452 4288 Θεοῦ
2475 4252 2487 4264 ·
2520 4235 2651 4288 ποτέ
2686 4234 2744 4288 δὲ
2773 4235 2866 4288 καὶ
2886 4234 2938 4287 τί
2964 4234 3299 4304 συμϐήσεται
3327 4232 3468 4287 κατὰ
3496 4234 3722 4305 καιροὺς

2144 4327 2470 4399 προφητικῷ
2528 4325 2801 4396 πνεύματι
2853 4328 3265 4398 προαναφωνεῖ·
3313 4328 3615 4396 εἰσκομίζει
3665 4326 3722 4381 δέ

2144 4420 2241 4473 καὶ
2288 4419 2349 4473 τὸ
2392 4418 2750 4472 Βαϐυλωνίων
2789 4415 2899 4470 ἔσθ’
2927 4418 3016 4470 ὅτε
3047 4417 3333 4487 πρόσωπον
3362 4418 3720 4488 κατοιμωζόν-

455 4510 596 4559 rtun,
617 4507 671 4548 et
699 4496 996 4562 Medorum,
1019 4507 1073 4552 et
1099 4497 1477 4565 Elamitarum,
1502 4511 1688 4555 contra
1713 4501 2031 4572 Babylonem

2141 4523 2252 4561 των
2291 4509 2518 4570 ἑαυτοὺς
2571 4507 2664 4561 ἐπὶ
2707 4509 2830 4570 ταῖς
2879 4506 3023 4560 οῦτω
3054 4507 3254 4572 δειναῖς
3292 4509 3388 4562 καὶ
3438 4509 3718 4577 ἀδοκήτοις

453 4587 876 4655 expeditionem,
903 4589 975 4643 ita
1003 4589 1080 4644 ait
1113 4607 1127 4644 :
1159 4589 1565 4657 Obequitabnnt
1591 4601 1645 4647 et
1671 4593 2038 4662 peragrabunt

455 4691 718 4734 eremum.

517 4940 653 5000 CAP.
691 4941 832 5000 XXI.
859 4942 1022 5001 Vens.
1052 4946 1100 5002 1.
1132 4946 1278 5002 Sicut
1309 4946 1446 5002 venti
1475 4954 1746 5016 tempestas
1777 4946 2037 5002 desertum

457 5038 759 5104 pertransit.

531 5123 808 5182 Pulverem
826 5128 1093 5191 excitans,
1111 5139 1165 5183 et
1178 5127 1358 5184 omnia
1375 5143 1573 5199 susque
1592 5127 1764 5197 deque
1782 5128 2036 5187 miscens.

459 5215 620 5267 Addit
649 5231 662 5267 :

535 5305 701 5361 Vens.
731 5306 786 5362 2.
823 5307 1105 5362 Horribilis
1151 5309 1311 5376 visio,
1343 5319 1389 5362 et
1427 5309 1564 5364 dum
1609 5311 1924 5363 annuntiata
1965 5320 2042 5364 est

459 5402 608 5454 mihi.

532 5492 740 5549 SnlIicit
770 5495 914 5550 enim
959 5494 1158 5548 nudum
1196 5501 1253 5548 et
1283 5491 1456 5546 solmn
1491 5491 1724 5550 hostium
1761 5502 2044 5562 spectacu-

463 5587 595 5653 lum,
647 5597 702 5644 et
727 5589 963 5643 virorum
1007 5585 1380 5644 bellicosorum
1423 5585 1706 5640 multitudo
1751 5584 2046 5642 fortissima

530 5761 576 5794 "
608 5761 626 5814 l
657 5762 786 5819 Cor.
838 5766 1016 5831 1,“.

2141 4600 2473 4668 συμφοραῖς.
2491 4599 2579 4660 Ὠς
2603 4597 2930 4668 τεθεαμένος
2956 4599 3132 4651 τοίνυν
3164 4600 3261 4670 τὴν
3291 4600 3515 4672 Περσῶν
3543 4616 3601 4651 τε
3626 4601 3717 4652 καὶ

2137 4687 2362 4755 Μήδων,
2393 4687 2488 4740 καὶ
2524 4686 2630 4757 μὴν
2658 4692 2752 4741 καὶ⁵
2784 4686 3084 4758 Ἐλαμιτῶν
3112 4689 3253 4742 κατὰ
3281 4687 3380 4757 τῆς
3403 4685 3716 4750 Βαϐυλῶνος

2135 4778 2502 4847 ἐκστρατιὰν,
2536 4776 2678 4832 οὓτω
2730 4778 2897 4849 φησί·
2930 4779 3380 4834 Καθιππεύσουσί
3423 4795 3480 4831 τε
3518 4777 3611 4830 καὶ
3649 4777 3718 4830 δι-

2135 4869 2446 4924 ελεύσονται
2472 4869 2570 4941 τὴν
2607 4869 2837 4940 ἔρημον.

2219 4963 2451 5018 Ὡσανεὶ
2471 4963 2570 5018 καὶ
2590 4961 2827 5033 ἀνέμων
2860 4963 3125 5032 καταιγίς
3146 4962 3219 5016 δι’
3234 4962 3456 5032 ἐρήμου
3477 4959 3718 5019 διέλθοι.

2218 5143 2328 5212 Τὴν
2353 5141 2500 5196 κόνιν
2521 5137 2660 5194 εἶναι
2679 5141 2979 5205 ἀναστᾶσα,
2996 5139 3088 5194 καὶ
3112 5141 3395 5213 μονονουχὶ
3419 5141 3720 5213 συγχέουσα

2139 5236 2201 5289 τὸ
2236 5236 2346 5287 πᾶν
2371 5275 2383 5289 .
2426 5233 2771 5302 Προσεπάγει
2803 5231 2893 5285 δέ·

2143 5326 2263 5378 ’Ὁτι
2285 5323 2541 5392 φοϐερὸν
2561 5321 2626 5376 τὸ
2651 5321 2840 5391 ὅραμα
2862 5321 2957 5376 καὶ
2981 5322 3256 5391 σκληρὸν
3275 5323 3580 5394 ἀνηγγέλη
3597 5341 3714 5394 μοι.

2223 5500 2404 5571 ’Ῑκανὴ
2431 5500 2538 5571 γὰρ
2569 5500 2706 5566 λίαν,
2740 5502 2832 5555 καὶ
2858 5501 2986 5573 ψιλὴ
3017 5504 3110 5556 καὶ
3141 5501 3276 5576 μόνη
3311 5501 3420 5558 τῶν
3447 5500 3713 5572 πολεμίων

2143 5591 2176 5660 ή
2210 5589 2334 5654 θέα,
2365 5590 2457 5643 καὶ
2488 5590 2594 5644 τῶν
2623 5592 2874 5664 μαχίμων
2909 5595 2940 5663 ή
2973 5593 3324 5665 άλκιμωτάτη
3353 5592 3560 5663 πληθὺς
3590 5609 3718 5646 κατ-

1117 5766 1163 5797 "
1219 5765 1318 5821 lsa.
1368 5779 1489 5829 XLV,
1553 5764 1601 5816 l.
1678 5765 1723 5796 "
1761 5764 1919 5834 Osce,
1963 5765 2018 5832 7,
2058 5766 2142 5820 ll.
