4060 6458
264 355 394 410 485

1402 347 1471 405 ΙΝ
1512 347 1748 405 ISAIAM
1786 346 1918 405 LlB.
1963 349 2029 404 ll.
2069 346 2310 407 TOMUS
2347 347 2439 408 Ν.
2484 371 2505 387 ε

3498 357 3602 417 486

248 470 661 543 εσχευασμένη
687 469 831 542 πρὸς
860 468 1119 541 πόλεμον,
1148 468 1388 542 σκληρὸν
1411 471 1715 542 ἐμποιῆσαι
1738 471 1898 541 δεῖμα

2007 471 2075 524 ad
2119 470 2319 525 bellum
2372 472 2672 538 instructa,
2705 472 2958 527 timorem
3005 474 3380 529 vehementem
3434 476 3608 548 injicit

247 567 383 630 τοῖς
414 564 742 636 θεωμένοις.
762 562 906 615 Ἀλλ’
936 563 998 616 οὐ
1043 561 1335 616 τεθεᾶσθαι
1367 579 1501 634 φησι
1538 562 1722 633 μόνον,
1759 562 1896 616 ἀλλὰ

246 655 377 727 γὰρ
413 653 866 724 καὶ,⁴Δνηγγέλη
903 671 1017 724 μοι,
1051 652 1245 725 φησιν·
1268 652 1407 724 ὁμοῦ
1431 652 1540 725 γὰρ
1555 655 1621 724 τῇ
1654 652 1772 724 θέᾳ,
1802 653 1896 707 καὶ

244 748 376 804 τῶν
411 746 774 820 πραγμάτων
801 746 901 819 τὴν
930 746 1160 802 ἔκϐασιν
1192 745 1526 815 ὲδιδάσκετο,
1550 745 1710 819 δῆλον
1732 747 1790 800 δὲ
1812 746 1896 800 ὅτι

245 838 427 913 παρὰ
454 836 619 892 Θεοῦ.

424 931 486 984 ’0
521 929 755 985 ἀθετῶν
781 929 1002 995 ἀθετεῖ,
1036 929 1138 985 καί
1165 931 1201 984 ὁ
1228 928 1476 1000 ἀνομῶν
1501 930 1732 1001 ἀνομεῖ.

341 1021 830 1094 ’Δνεπίπληκτον,
861 1023 1018 1093 φησὶ,
1047 1022 1158 1076 τῶν
1184 1022 1452 1077 ἐπιόντων
1481 1022 1543 1076 τὸ
1576 1022 1895 1096 θράσος.οὑ

246 1116 374 1189 γὰρ
412 1117 713 1188 λογισμοῖς
738 1116 1109 1188 ἀνθρωπίνοις
1142 1115 1479 1170 ἀνάπτονται
1513 1116 1652 1188 πρὸς
1678 1116 1740 1170 τὸ
1764 1118 1898 1191 ἥμε-

253 1228 356 1287 ρον
373 1229 393 1244 ο
430 1209 558 1265 ἀλλ’
585 1208 710 1263 οὐδέ
747 1225 834 1273 τις
860 1209 971 1262 τῶν
1004 1211 1065 1263 ὲν
1093 1209 1279 1275 αὐτοῖς
1306 1209 1673 1281 διενθυμείταί
1705 1227 1758 1263 τι
1787 1210 1896 1265 τῶν

256 1304 528 1375 ἡκόντων
553 1320 567 1334 ·
600 1304 799 1373 ἀνομεῖ
825 1300 882 1355 δὲ
917 1300 1265 1369 ἀκαθέκτως,
1306 1304 1400 1357 καὶ
1444 1301 1630 1357 ἀθετεῖ
1662 1302 1805 1357 κατὰ
1834 1304 1896 1359 τὸ

255 1395 428 1468 αὐτῷ
465 1393 686 1459 δοκοῦν,
711 1393 773 1446 οὐ
804 1392 1026 1463 φειδοῦς
1056 1393 1287 1466 ἐνούσης
1317 1394 1497 1459 τινὸςο
1538 1395 1613 1447 Οὐ
1655 1395 1766 1467 γάρ
1814 1397 1896 1461 εἰς

257 1487 427 1543 ἔλεον
458 1486 780 1558 βλέπουσιν,
812 1485 930 1540 ἀλλ’
964 1486 1127 1558 ἔργον
1153 1487 1337 1552 αὐτοῖς
1368 1486 1431 1540 τὸ
1456 1487 1895 1560 ἐσπουδασμένον

256 1580 454 1645 ἔσται,
473 1579 667 1650 φησιν,
691 1578 755 1632 τὸ
776 1579 1002 1651 ἁνομεῖν
1023 1597 1082 1634 τε
1101 1582 1195 1635 καὶ
1219 1582 1609 1653 ἀθετεῖν.”Εφη
1635 1598 1689 1634 τι
1714 1579 1895 1635 τοιοῦο

256 1690 365 1728 τον
395 1674 500 1727 καὶ
523 1672 615 1727 διά
655 1674 844 1746 φωνῆς
877 1671 975 1727 τοῦ
1010 1672 1201 1738 αὐτδῦ,
1237 1674 1373 1747 πρὸς
1403 1675 1532 1738 τοὺς
1575 1675 1675 1746 τῆς
1709 1674 1899 1727 Ἀσσυο

265 1767 421 1841 ρίων
448 1768 739 1839 οἰκήτορας
757 1783 771 1798 ⁶
810 1766 944 1820 Ἰδοὺ
973 1766 1085 1836 ἐγὼ
1119 1768 1314 1837 ἐπάγω
1344 1769 1474 1840 ὑμῖν
1503 1766 1632 1832 τοὺς
1652 1767 1893 1839 Μήδους,

2005 563 2430 630 spectatoribus.
2469 562 2578 619 Sed
2621 579 2728 619 non
2764 566 3001 635 spectari
3036 576 3246 622 tantum
3290 569 3451 632 dicit,
3479 574 3598 636 sed,

2004 653 2404 708 Annuntiatum
2434 662 2520 709 est
2546 654 2703 719 mihi,
2731 654 2941 725 inquit;
2970 655 3129 710 simul
3154 657 3299 712 enim
3322 671 3447 714 cum
3476 671 3605 728 spe-

2005 745 2221 801 ctaculo
2251 760 2434 802 rerum
2467 755 2725 802 eventum
2752 748 2959 813 docuit,
2991 763 3022 803 a
3058 748 3168 804 Deo
3196 748 3426 805 scilicet.

2076 918 2451 977 Praevaricaris
2484 920 2890 992 prtrvaricatur,
2920 924 3131 994 iniquus
3162 924 3337 996 inique
3365 929 3497 997 agit.

2076 1011 2245 1086 304
2281 1014 2712 1084 lmperterritam
2743 1031 2865 1071 esse
2892 1018 2990 1083 ait,
3019 1030 3070 1071 et
3103 1030 3416 1087 prornptam
3451 1033 3605 1091 gras-

2004 1117 2250 1163 satorum
2283 1107 2591 1171 audaciam,
2620 1108 2711 1175 qui
2749 1122 2856 1162 non
2894 1107 3199 1162 ratiociniis
3230 1107 3485 1164 humanis
3515 1125 3603 1163 re-

2004 1208 2270 1255 vocantur
2301 1200 2369 1252 ad
2405 1198 2851 1269 placabilitatem,
2885 1202 2982 1255 sed
3019 1216 3180 1255 nemo
3219 1217 3408 1257 eorum
3442 1204 3603 1273 quid-

2004 1306 2169 1363 qnam
2205 1305 2330 1347 cum
2367 1290 2544 1347 oﬂicio
2581 1300 2635 1346 et
2666 1292 2869 1348 decoro
2903 1291 3258 1361 conjuttclum
3293 1294 3515 1364 cogitat,
3550 1302 3608 1349 at

2003 1383 2417 1453 praevaricatur,
2450 1397 2552 1437 nec
2586 1385 2808 1453 reprimi
2847 1394 3045 1455 potest.
3079 1385 3333 1456 nulloque
3368 1385 3605 1442 suﬂusus

2004 1480 2210 1548 pudore
2245 1493 2343 1550 pro
2376 1494 2474 1534 sua
2512 1479 2739 1534 libidine
2772 1481 3032 1550 opprimit
3066 1499 3081 1536 :
3115 1481 3230 1535 Non
3258 1482 3403 1536 enim
3436 1483 3602 1537 mise-

2004 1570 2294 1627 ricordiam
2325 1580 2595 1640 spectant,
2626 1572 2720 1626 sed
2757 1587 2915 1640 opus,
2949 1572 3143 1641 inquit,
3178 1572 3374 1627 horum
3409 1583 3462 1628 et
3493 1574 3599 1628 huc

2004 1664 2242 1718 studium
2270 1672 2374 1728 est,
2412 1663 2602 1730 iniqua
2638 1677 2826 1731 agere,
2871 1674 2926 1719 et
2958 1664 3289 1734 opprimere.
3323 1663 3458 1718 Huic
3493 1682 3602 1720 non

2005 1755 2266 1810 dissimile
2304 1755 2442 1811 dixit
2467 1770 2602 1811 voce
2630 1753 2872 1824 ejusdem
2904 1757 2971 1810 ad
3002 1756 3346 1827 Assyriorum
3378 1756 3602 1811 habita-

261 1862 323 1915 οἳ
375 1861 445 1915 οὐ
497 1858 812 1929 λογίζονται
868 1862 1155 1933 ἀργύριον,
1215 1860 1339 1915 οὐδὲ
1395 1860 1624 1933 χρυσίου
1708 1860 1898 1932 χρείαν

2006 1857 2152 1904 tores
2180 1866 2193 1902 :
2230 1848 2372 1903 Ecce
2399 1849 2597 1904 induco
2621 1863 2723 1918 ego
2752 1847 2907 1904 vobis
2947 1847 3154 1913 Medos,
3185 1848 3277 1918 qui
3313 1858 3599 1918 argentum

267 1952 483 2024 ῑχουσι.
516 1950 689 2017 Τοξεύ
699 1968 849 2022 ματα
881 1951 1186 2006 νεανίσκων
1212 1950 1591 2022 συντρίψουσι.
1616 1949 1754 2004 Θεοῦ
1784 1950 1897 2022 γὰρ

270 2044 447 2117 ὀργὴν
484 2046 607 2107 τοῖς
641 2042 1071 2115 πλημμελοῦσιν
1108 2042 1433 2113 ἓπάγοντος,
1467 2042 1624 2097 οὐδὲν
1651 2043 1806 2097 ἔσται
1836 2043 1898 2096 τὸ

282 2137 599 2209 ἐπικουρεῖν
628 2135 958 2207 δυνάμενον.
992 2134 1389 2206 Θηριοπρεπὴς
1440 2134 1497 2189 δὲ
1552 2134 1753 2206 μᾶλλον
1781 2137 1898 2200 τοῖς

285 2228 518 2282 ἐθέλουσι
551 2226 872 2301 καταδῃοῦν
911 2228 1040 2292 τοὺς
1068 2227 1159 2297 ἐφ’
1188 2220 1272 2291 οἷς
1299 2226 1366 2281 ἂν
1396 2227 1663 2300 τρέχοιεν,
1693 2226 1896 2281 ὲνοικί-

278 2318 428 2383 (erat
458 2317 615 2383 νοῦς.
1444 2362 1453 2374 .

351 2410 483 2465 Ἐπ’
516 2408 655 2479 ἐμοὶ
697 2410 757 2464 οι
802 2406 1113 2479 Ἐλαμῖται
1134 2450 1150 2477 ,
1204 2407 1307 2463 καί
1349 2410 1404 2463 οι
1447 2407 1732 2478 πρέσϐεις
1777 2408 1898 2465 τῶν

275 2500 527 2568 Περσῶν
555 2499 654 2553 ἐπ’
681 2497 791 2569 ἐμὲ
829 2499 1132 2570 ἔρχονται.
1165 2500 1299 2554 Νῦν
1326 2499 1620 2565 στενάξω,
1655 2502 1754 2555 καὶ
1780 2516 1896 2555 πα-

268 2590 598 2661 ρακαλέσω
656 2591 945 2660 ἐμαυτόν.
1013 2590 1117 2646 Διὰ
1187 2590 1366 2645 τοῦτο
1428 2591 1784 2662 ἐνεπλήσθη
1855 2595 1895 2663 ἠ

272 2685 474 2753 ὀσφύς
506 2700 632 2752 μου
669 2683 1005 2749 ἐκλύσεως,
1047 2682 1147 2737 καὶ
1184 2682 1396 2750 ὠδῖνες
1422 2683 1649 2739 ἔλαϐόν
1687 2703 1783 2755 με,
1813 2687 1897 2754 ὡς

266 2778 385 2843 τὴν
411 2778 758 2831 τίκτουσαν
778 2791 791 2803 ·
818 2775 1091 2843 ἠδίκησα
1118 2777 1227 2831 τοῦ
1250 2776 1339 2847 μὴ
1363 2778 1648 2840 ἀκοῦσαι,
1670 2779 1896 2834 ἐσπού-

268 2872 435 2927 δασα
478 2871 596 2928 τοῦ
650 2870 739 2942 μὴ
785 2871 1160 2937 β.1έπειν.Ἦ
1187 2870 1401 2940 καρδιά
1421 2888 1543 2942 μου
1566 2871 1895 2939 πλανᾶται,

268 2967 374 3021 καὶ
399 2968 442 3035 ἡ
471 2965 700 3035 ἀνομία
715 2981 796 3037 με
812 2963 1117 3031 βαπτίζει,
1147 2963 1186 3032 ή
1216 2963 1389 3034 ψυχή
1412 2981 1535 3036 μου
1554 2964 1898 3035 ἐφέστηκεν

266 3061 359 3125 εἰς
382 3057 605 3127 φόϐον.
690 3080 693 3085 λ
724 3080 729 3083 -

342 3146 813 3222 Προσωποποιῒας
837 3147 953 3220 ἔχει
979 3147 1214 3219 δύναμιν
1237 3148 1265 3201 ὁ
1288 3146 1346 3201 ἐν
1368 3164 1433 3217 γε
1454 3149 1692 3203 τουτοισὶ
1713 3149 1893 3219 λόγος.

270 3240 675 3312 Εἰσκομίζεται
721 3240 833 3310 γὰρ
867 3241 896 3292 6
931 3236 1241 3309 Ἀσσύριος,
1283 3237 1381 3290 καὶ
1425 3237 1614 3302 δεδιὼς
1660 3239 1761 3311 τὴν
1806 3239 1894 3309 ἔφ-

270 3335 415 3398 οδον,
448 3335 547 3388 καὶ
575 3332 687 3387 τῶν
711 3330 993 3403 πολεμίων
1015 3331 1118 3395 τὰς
1147 3329 1437 3400 φάλαγγας
1462 3331 1562 3384 οὐκ
1585 3330 1895 3402 ἠγνοηκὼς,

272 3428 376 3482 καὶ
408 3428 504 3481 ἐπὶ
546 3425 703 3490 τίνας
737 3425 932 3487 αὐταῖς
962 3426 992 3477 6
1016 3422 1110 3477 τοῦ
1149 3422 1396 3494 πολέμου
1429 3424 1654 3478 σκοπός.
1687 3424 1761 3477 Οὐ
1788 3424 1899 3497 γὰρ

273 3521 366 3588 ἐφ’
399 3518 629 3592 ἐτέρους
668 3520 845 3581 τινὰς,
865 3515 980 3569 ἀλλ’
1007 3515 1153 3584 ἐμοὶ,
1178 3517 1364 3586 φησιν,
1382 3516 1433 3568 οἱ
1474 3515 1780 3586 Ἐλαμῖται,
1803 3519 1900 3571 καὶ

271 3615 328 3669 οἱ
374 3615 708 3684 πανάριστοι
755 3611 868 3665 τῶν
904 3610 1133 3681 Περσῶν
1178 3608 1499 3681 ὡρμήκασι.
1532 3609 1787 3676 Στενάξω
1834 3609 1899 3683 δὴ

273 3699 373 3758 οῦν
412 3704 511 3756 καὶ⁵
558 3700 934 3774 παρακαλὲσω
963 3698 1223 3771 ἐμαυτόν.
1254 3699 1382 3763 Τοῖς
1428 3698 1538 3771 γὰρ
1585 3700 1644 3753 ὲν
1692 3698 1897 3772 ἐσχάτῃ

281 3795 542 3868 συμφορᾷ
572 3795 830 3864 γεγονόσι
863 3792 1026 3847 δοκεῖ
1077 3792 1367 3864 προσεῖναί
1410 3809 1498 3856 τις
1541 3793 1899 3866 παραμυθίας

268 3889 506 3961 τρόπος,
538 3890 602 3942 τὸ
644 3887 869 3961 θρηνεῖν
898 3904 955 3941 τε
998 3886 1095 3941 καὶ
1145 3884 1898 3959 ὁλοφύρεσθαι.Ἐκθλί6εται

280 3980 388 4051 γὰρ
416 3981 479 4047 ἐξ
508 3980 705 4050 ὀδύνης
737 3979 801 4033 τδ
830 3979 1088 4050 δὰὶερυον-
1138 3979 1384 4051 Πρᾶγμα
1414 3978 1470 4033 δὲ
1502 3975 1655 4044 ξένον
1686 3980 1736 4032 εί
1773 3979 1901 4051 θρη-

281 4074 473 4127 νοῦσιν
515 4072 825 4144 Ἀσσύριοι,
854 4071 1086 4143 σκληροὶ
1133 4070 1231 4125 καὶ
1279 4071 1556 4143 ἀγέρωχοι
1610 4072 1898 4141 γεγονότες

278 4168 389 4235 ἀεὶ,
420 4165 834 4239 ὲξοφρυωμένοι
862 4182 923 4220 τε
959 4167 1100 4234 άγαν
1132 4164 1277 4219 κατὰ
1309 4164 1530 4219 πάντων
1558 4164 1669 4218 τῶν
1700 4163 1896 4228 ἐθνῶν,

276 4263 374 4317 καὶ
393 4261 500 4315 οὐκ
516 4258 818 4331 εὐάντητον
846 4257 992 4330 ἔχειν
1014 4256 1255 4329 οἰόμενοι
1277 4256 1378 4328 τὴν
1400 4255 1739 4310 ἀντίστασιν.
1757 4255 1898 4308 Ἀλλ’

270 4356 323 4408 ui
356 4354 588 4424 θρασεῖς
621 4350 769 4405 οὕτω
804 4350 901 4405 καὶ
929 4350 1252 4422 φρονήμασι
1279 4351 1396 4412 τοῖς
1432 4348 1575 4420 ὑπὲρ
1609 4347 1898 4419 ἄνθρωπον

276 4446 511 4518 ὲξογκοὺ
521 4461 697 4518 μενοι,
735 4441 1183 4514 γυναικοπρεπές
1203 4440 1538 4513 εἰσδέχονται
1560 4440 1621 4493 τὸ
1640 4439 1896 4511 δάκρυον,

1925 3207 1968 3267 C

2001 1953 2109 1993 non
2143 1949 2363 2002 curant,
2394 1953 2494 1994 nec
2528 1952 2664 1993 auro
2697 1952 2835 2006 opus
2872 1938 3095 1993 habent.
3126 1939 3307 1995 Arcus
3336 1936 3602 2006 iuvenum

2001 2031 2449 2087 conterent..Deo
2478 2031 2623 2085 enim
2658 2031 2795 2085 iram
2826 2028 3267 2099 delinquentibus
3300 2028 3599 2100 iuﬂigeute,

2000 2123 2134 2179 nihil
2166 2138 2323 2193 opem
2353 2122 2554 2179 aﬂ'erre
2584 2124 2784 2195 poterit
2816 2140 2832 2180 :
2875 2125 2985 2179 imo
3021 2134 3076 2178 et
3112 2124 3165 2178 in
3203 2122 3311 2178 illis
3341 2124 3432 2192 qui
3465 2138 3603 2193 quos

2001 2215 2311 2281 incursant,
2345 2215 2575 2285 perdere
2608 2214 3023 2286 aggrediuntur,
3052 2212 3290 2271 belluina
3328 2230 3483 2270 mens
3520 2217 3604 2269 in-

1998 2307 2161 2363 sidet.

2070 2397 2240 2454 Vens.
2270 2398 2326 2466 5,
2354 2400 2410 2455 ι.
2438 2398 2507 2453 1η
2535 2415 2618 2454 me
2650 2398 2921 2461 Elamitte,
2953 2408 3002 2454 et
3038 2396 3328 2455 Persarum
3359 2398 3515 2470 legati
3547 2400 3603 2453 in

1997 2507 2080 2545 me
2099 2492 2321 2546 venient.
2346 2490 2401 2545 Ν
2408 2507 2507 2546 une
2533 2493 2871 2562 ingemiscant
2895 2502 2941 2545 et
2966 2491 3280 2546 consolabar
3326 2494 3604 2562 meipsum.

2002 2582 2294 2655 Propterea
2348 2584 2555 2652 impleti
2604 2595 2725 2639 sunt
2776 2584 2941 2639 lumbi
2984 2586 3086 2640 mei
3133 2587 3506 2652 dissolutione,
3549 2597 3601 2642 et

2002 2677 2213 2732 dolores
2249 2688 2494 2751 ceperunt
2525 2693 2607 2732 me
2639 2678 2776 2731 sicut
2813 2682 3103 2748 parientem
3137 2695 3159 2735 :
3191 2679 3390 2749 injuste
3421 2682 3502 2750 egi
3539 2697 3603 2734 ne

2001 2768 2266 2833 audirem,
2289 2783 2502 2837 operam
2527 2770 2651 2824 dedi
2682 2787 2745 2825 ne
2770 2772 3020 2825 uiderem.
3046 2770 3153 2825 Cor
3171 2788 3344 2826 meum
3368 2774 3600 2839 aberrat,

1999 2868 2046 2912 et
2076 2858 2329 2929 iniquitas
2362 2875 2445 2914 me
2477 2860 2764 2930 demergit,
2796 2862 2979 2916 anima
3012 2877 3126 2916 mea
3162 2861 3402 2934 conjecta
3435 2871 3511 2917 est
3547 2866 3602 2917 in

1999 2951 2259 3007 timorem.

2072 3134 2479 3208 Prosopopaaite
2532 3135 2642 3192 vim
2698 3135 2864 3192 habet
2919 3135 3037 3192 hrec
3080 3136 3276 3192 oratio.
3327 3135 3605 3191 lndncitur

2000 3232 2144 3286 enim
2178 3232 2470 3303 Assyrius,
2508 3230 2769 3300 impetum
2816 3231 3240 3300 pertimescens,
3274 3241 3330 3284 et
3365 3232 3599 3284 hostium

2000 3324 2299 3394 phalanges
2331 3336 2437 3377 non
2470 3323 2722 3377 nesciens
2748 3361 2763 3386 ,
2792 3331 2847 3376 et
2871 3331 3060 3376 contra
3091 3337 3251 3393 quem
3288 3322 3446 3394 hujus
3478 3322 3603 3378 belli

1999 3431 2198 3486 scapus
2256 3418 2461 3470 tendat.
2509 3414 2624 3468 Non
2677 3415 2861 3479 enim,
2914 3416 3123 3485 inquit,
3179 3425 3369 3470 contra
3424 3416 3594 3472 alium

1999 3523 2290 3579 quemque,
2316 3510 2411 3562 sed
2441 3516 2634 3563 contra
2668 3522 2755 3563 me
2784 3507 3029 3562 Elatnitae
3085 3516 3140 3561 et
3168 3507 3605 3577 praestantissimi

2001 3603 2243 3657 omnium
2308 3600 2605 3656 Persarum
2671 3600 2920 3655 fecerunt
2974 3602 3259 3670 impetum.
3308 3597 3606 3671 Iugctnisco

2004 3695 2168 3767 igitur
2196 3703 2252 3750 et
2284 3692 2607 3750 consolabor
2637 3695 2925 3762 meipsum.
2985 3691 3087 3760 Qui
3124 3706 3356 3762 namque
3391 3693 3444 3747 in
3480 3692 3606 3746 ulti-

2001 3789 2105 3843 mis
2129 3788 2389 3843 :erumnis
2420 3797 2567 3854 sunt,
2594 3787 2679 3841 his
2711 3785 3103 3841 consolationis
3135 3801 3306 3855 genus
3334 3786 3604 3855 quoddam

2001 3896 2123 3938 esse
2167 3881 2401 3948 videtur,
2432 3880 2561 3934 [iere
2599 3889 2655 3933 et
2700 3879 2939 3950 plorare.
2972 3878 3304 3933 Extunditur
3347 3879 3492 3931 enim
3537 3891 3607 3932 ex

2005 3974 2193 4031 dolore
2224 3975 2488 4048 lacryma.
2530 3971 2740 4029 Novum
2777 3988 2909 4029 vero
2936 3982 2991 4027 et
3026 3970 3399 4043 peregrinum,
3434 3972 3607 4043 Assy-

2001 4067 2145 4132 rios,
2181 4069 2346 4122 duros
2388 4077 2445 4122 et
2486 4064 2761 4121 lastuosos
2806 4078 3045 4134 semper,
3081 4073 3138 4119 et
3182 4074 3370 4120 contra
3414 4079 3610 4120 omnes

2000 4169 2191 4230 gentes
2222 4157 2790 4228 superciliosissimos,
2818 4142 3067 4233 quorum
3089 4168 3356 4213 occursus
3389 4157 3603 4213 omino-

2000 4266 2129 4315 sus,
2182 4260 2238 4306 et
2293 4249 2663 4306 formidabilis
2715 4240 3233 4318 esse‘putabatur,
3283 4247 3599 4320 lacrymari.

1999 4340 2271 4398 Caeterum
2304 4340 2360 4396 hi
2399 4349 2509 4395 tam
2547 4339 2786 4395 audaces
2817 4348 2874 4393 et
2904 4337 3101 4394 animis
3138 4352 3301 4408 supra
3357 4337 3608 4394 homines

2005 4435 2251 4501 tumidis,
2290 4432 2639 4489 muliebriter
2671 4432 2903 4487 fundunt
2930 4431 3224 4529 lacrymas,
3242 4440 3296 4486 et
3317 4439 3444 4485 ante
3479 4431 3605 4487 belli

274 4542 373 4597 καὶ
403 4540 608 4613 θρῆνον
632 4538 719 4610 ἐφ’
747 4539 968 4601 ἑαυτοῖς
1009 4535 1298 4608 άρτύουσι,
1325 4536 1432 4607 πρὸ
1466 4534 1565 4606 τῆς
1608 4532 1704 4587 τοῦ
1738 4533 1897 4587 πολέ-

2006 4526 2303 4597 periculum
2347 4524 2628 4582 debilitate
2673 4523 2832 4580 lracti
2875 4534 2930 4581 et
2975 4522 3230 4591 confusi,
3267 4522 3451 4579 ﬂetum
3501 4523 3604 4580 sibi

276 4650 382 4707 μου
424 4633 633 4704 πείρας
680 4628 1104 4699 κατακλώμενοι
1133 4628 1272 4700 πρὸς
1310 4625 1902 4698 ἅσθένειαν.Ἐνεπλή-

277 4724 380 4795 σθη
428 4722 543 4795 γάρ
597 4724 633 4794 ἡ
682 4721 855 4791 ὀσφύς
896 4737 1000 4792 μου
1033 4719 1332 4785 ὲκλύσεως,
1363 4719 1458 4772 καὶ
1480 4718 1669 4782 ὠδῖνες
1709 4717 1903 4772 ἔλαϐόν

282 4832 348 4887 με
383 4816 466 4880 ὡς
490 4816 595 4886 τὴν
622 4815 943 4868 τίκτουσαν.
963 4811 1109 4866 Ἀλλ’
1137 4813 1263 4866 ὅτου
1292 4810 1357 4883 δὴ
1383 4810 1547 4881 χάριν
1579 4809 1648 4864 τά
1676 4808 1904 4864 τοιαῦτά

280 4926 360 4964 σοι
394 4908 770 4980 συμϐήσεται,
811 4906 1002 4979 φησιν,
1040 4899 1086 4960 ὦ
1126 4904 1418 4977 Ἀσσύριες
1459 4902 1705 4977 Φράσαις
1731 4902 1798 4956 ἂν
1825 4901 1904 4975 τῷ

279 5002 533 5074 ἐρομένῳ
557 5018 573 5032 ο
607 4999 739 5066 Ναὶ,
779 4992 1123 5071 φησίνοοῐδα
1171 4996 1278 5072 γὰρ
1319 4994 1787 5067 προσκεκρουκὼς
1814 4993 1904 5048 διὰ

277 5095 484 5169 mum
503 5092 790 5166 ἁμαρτίαν
806 5093 885 5166 τῷ
910 5091 1130 5147 πάντων
1153 5089 1453 5164 κρατοῦντι
1475 5087 1616 5160 Θεῷ.
1637 5086 1903 5158 Ἠδίκησα

206 5239 211 5242 .
277 5185 339 5241 τὸ
366 5186 444 5261 μὴ
472 5186 736 5247 ἀκοῦσαι.
757 5183 1072 5239 ἐσπούδασα
1089 5183 1152 5237 τὸ
1175 5183 1252 5255 μὴ
1277 5178 1522 5253 βλέπειν.
1540 5177 1701 5233 Κατὰ
1719 5178 1899 5242 τοῦτο,

279 5282 471 5353 φησιν,
517 5278 764 5351 ἐμαυτὸν
809 5276 1072 5348 ἠδίκησα,
1112 5276 1198 5329 ὅτι
1247 5273 1601 5347 μεμελέτηκα
1652 5272 1789 5326 πολὺ
1839 5270 1904 5325 τὸ

276 5371 571 5444 δυσήκοον,
602 5370 701 5425 καὶ
745 5369 987 5442 σπουδῆς
1025 5367 1425 5441 έργονὲθέμην
1447 5365 1510 5420 τὸ
1551 5364 1629 5438 μὴ
1660 5363 1901 5435 βλέπειν,

164 5490 181 5510 ·
277 5466 425 5522 τοῦτ’
451 5466 596 5529 ἐστι,
628 5463 716 5528 τίς
743 5465 771 5517 6
792 5462 955 5534 φύσει
986 5463 1081 5516 καὶ
1109 5459 1327 5532 ἀληθῶς
1360 5461 1478 5513 ἐστι
1499 5457 1902 5522 θεό;.”Ηκουον

282 5558 381 5631 μὲν
406 5558 524 5631 γὰρ
551 5558 656 5629 τὴν
695 5554 978 5611 Ἰουδαίων
1019 5553 1301 5626 λατρείαν,
1337 5545 1483 5605 εἷλον
1517 5547 1662 5604 κατὰ
1698 5548 1904 5621 κράτος

278 5653 376 5725 τὴν
402 5652 575 5723 ἁγίαν
598 5650 776 5716 πόλιν,
799 5646 1132 5718 πεπόρθηκα
1146 5645 1240 5700 τὸν
1270 5643 1642 5714 νεών.Ἐσχον
1668 5642 1734 5695 ὲκ
1765 5657 1906 5712 παρ-

278 5743 655 5816 ακουσμάτων
709 5742 813 5812 τὴν
860 5739 1092 5813 μετρίαν
1122 5738 1331 5810 εἴδησιν
1351 5735 1460 5790 τῶν
1490 5732 1903 5805 ἐντεταλμένων

277 5840 385 5903 τοίς
419 5835 483 5906 ἐξ
515 5834 762 5908 Ἰσραήλ.
792 5833 1017 5890 Μᾶλλον
1066 5831 1123 5886 δὲ
1163 5835 1258 5885 καὶ
1308 5832 1339 5884 6
1385 5827 1678 5900 προφήτης
1714 5825 1902 5890 Ἰωνᾶς

2005 4617 2140 4689 ipsis
2188 4617 2536 4674 consciscunt
2583 4624 2639 4672 et
2686 4616 2933 4675 eliciunt.
2974 4614 3188 4686 Repleti
3243 4625 3374 4673 sunt
3419 4618 3606 4683 enim,
3672 4636 3679 4642 ·

2006 4712 2215 4782 inquit,
2245 4710 2413 4767 lumbi
2449 4710 2557 4767 mei
2590 4709 2979 4779 dissolutione,
3007 4719 3062 4766 et
3095 4709 3311 4766 dolores
3343 4720 3607 4781 ceperunt

2006 4821 2093 4861 me
2122 4804 2262 4859 sicut
2288 4803 2709 4874 parturientem.
2734 4802 2843 4859 Sed
2873 4803 3230 4874 quamobrem
3262 4802 3356 4857 tibi
3389 4803 3604 4858 contin-

2003 4911 2133 4971 gent
2175 4897 2322 4963 htcc,
2363 4897 2569 4968 inquit.
2608 4910 2642 4951 ο
2692 4893 2959 4967 Assyrie?
3007 4890 3104 4950 Dic
3151 4895 3361 4967 roganti
3413 4914 3427 4951 :
3479 4895 3602 4959 Nar,

2005 4990 2202 5061 inquit,
2224 4989 2479 5046 conscius
2510 4987 2641 5043 mihi
2674 5002 2794 5043 sum
2826 4983 3121 5040 oli'endi'sse
3152 4984 3340 5041 multis
3367 4987 3607 5055 peccatis

2002 5083 2430 5155 omnipotentem
2470 5079 2662 5136 Deum.
2690 5076 2891 5146 lujuste
2925 5078 3009 5149 egi
3044 5091 3112 5134 ne
3149 5079 3416 5144 audirem,
3443 5077 3606 5150 305

2003 5193 2226 5250 operam
2278 5173 2403 5230 dedi
2451 5188 2520 5229 ne
2566 5169 2832 5227 viderem.
2881 5169 2937 5224 In
2989 5170 3122 5238 hoc,
3177 5168 3285 5237 ait,
3339 5170 3605 5240 meipsum

2005 5272 2226 5337 datnno,
2255 5278 2311 5325 et
2340 5267 2524 5338 inique
2557 5263 2684 5329 feci,
2717 5263 2863 5335 quod
2895 5263 3090 5334 insigni
3118 5263 3520 5334 pervicacia.et
3551 5262 3604 5316 in

2005 5364 2276 5422 audiendo
2321 5361 2623 5433 pertinacia
2676 5373 2808 5414 usus
2838 5359 2965 5427 sim,
3011 5368 3066 5414 et
3106 5372 3328 5429 operam
3375 5357 3494 5411 dedi
3540 5368 3610 5409 ne

2004 5458 2286 5523 viderem,
2323 5455 2530 5527 idest,
2567 5455 2694 5525 quis
2728 5454 2796 5509 sit
2831 5450 2923 5508 ille
2959 5461 3153 5506 natura
3189 5463 3245 5507 et
3279 5465 3405 5504 vere
3440 5446 3609 5501 Deus.

2006 5550 2302 5607 Audierant
2337 5548 2483 5603 enim
2516 5545 2827 5603 Iudaeorum
2866 5545 3092 5611 cultum,
3124 5551 3368 5599 sanctam
3410 5539 3610 5593 urbem

2003 5644 2055 5699 vi
2092 5643 2241 5713 cepi,
2277 5640 2537 5710 templum
2585 5639 2788 5700 everti.
2823 5653 2890 5694 ex
2927 5636 3213 5705 disciplina
3252 5631 3438 5686 auditu
3482 5647 3592 5700 per»

2004 5746 2180 5805 cepta,
2217 5734 2543 5788 mediocrem
2591 5731 2953 5803 cognitionem
2992 5741 3184 5783 eorum
3228 5738 3350 5796 quae
3392 5721 3606 5779 Israeli-

2006 5825 2115 5882 tico
2154 5823 2353 5895 populo
2393 5830 2663 5894 praecepta
2701 5831 2864 5879 erant
2900 5826 3225 5876 consecutus
3264 5828 3390 5871 sum
3430 5833 3448 5871 :
3494 5812 3609 5870 into

3020 6020 3040 6049 ι
