4060 6456
419 361 520 416 ιὸῒ

1414 343 1471 400 S.
1511 337 1790 396 εγιιιιιι
1836 328 2318 390 ΑΙΕΧᾹΝΒΙΗΜ
2359 319 2682 380 ARCIHEP.

3601 319 3708 378 ass

425 473 686 548 propheta
727 467 894 525 Jonas
938 481 966 519 ιι
1021 464 1128 519 Deo
1171 460 1370 516 missus
1409 468 1516 523 est,
1553 469 1613 511 ut
1660 455 1934 526 przutiiccl,
1966 461 2020 503 et

2150 445 2401 516 ιπεσταλη
2454 441 2605 514 παρὰ
2653 438 2788 492 Θεοῦ
2841 436 3131 507 κηρύσσων
3171 434 3262 488 καὶ
3307 435 3518 505 λέγων⁸
3556 440 3711 493 «Ἔτι

2221 541 2241 548 -
2308 540 2319 548 .
2393 537 2404 548 .
2627 535 2640 548 .
2678 532 2721 548 ι.
2851 530 2862 548 ι
2923 546 3020 548 νην,
3051 529 3412 548 .-θωηιμμ
3450 546 3497 548 η

424 543 575 623 dicat
608 582 622 618 :
658 581 676 614 ι
712 561 900 616 Adhuc
931 566 1042 610 tres
1072 555 1188 607 dies
1215 562 1271 606 et
1298 551 1644 605 subvertetur
1676 543 1954 605 Ninive";
1990 561 2006 592 ι

427 674 548 713 mox
581 651 831 726 pertimui
863 649 1058 708 minas,
1082 654 1138 699 et
1160 644 1246 714 egi
1271 640 1670 713 paenitentiam,
1695 637 1791 691 sed
1819 635 2016 702 injuste

428 750 621 804 iterum
655 744 783 802 feri,
809 755 876 795 ne
907 739 1179 799 audirem,
1206 744 1263 791 et
1297 733 1480 789 studio
1513 731 1748 784 annixus
1778 742 1920 789 sum,
1950 739 2018 777 ne

429 842 666 894 viderem
725 847 844 903 qua:
878 831 1077 886 vidisse
1111 826 1368 898 oportuit.
1431 821 1717 878 Aberrarit
1749 819 1890 874 enim
1926 832 2020 870 cor

431 945 637 991 meum,
691 935 747 980 et
805 923 1064 979 demersit
1122 935 1209 975 me
1273 917 1567 988 iniquitas,
1622 909 2020 982 quodammodo

429 1019 683 1068 obruens.
713 1011 848 1066 Hinc
869 1020 921 1064 et
948 1009 1128 1063 anima
1154 1022 1270 1061 mea
1296 1005 1539 1074 conjecta
1565 1010 1649 1056 est
1672 1002 1722 1054 in
1751 999 2019 1060 timorem,

433 1103 504 1156 iui
548 1102 692 1156 enim
743 1101 796 1153 in
848 1107 990 1152 metu
1041 1106 1306 1150 extremo.
1345 1092 1434 1146 lla:
1484 1091 1649 1162 igitur
1693 1101 1851 1141 voces
1901 1098 2023 1139 esse

435 1201 660 1264 possunt
697 1190 1068 1259 Assyriorum.
1105 1185 1394 1240 Familiare
1434 1184 1578 1237 enim
1620 1192 1704 1234 est
1747 1176 2024 1248 prophetis

439 1295 596 1332 voces
633 1285 688 1332 et
721 1291 983 1345 personas
1029 1273 1288 1344 attingere
1329 1282 1550 1343 propter
1595 1268 1882 1324 utilitatem
1929 1281 2026 1319 au-

435 1369 717 1424 dientium.

512 1547 678 1602 Vens.
721 1547 774 1601 5.
809 1545 1004 1599 Par-ale
1057 1557 1314 1608 mensam,
1365 1542 1542 1606 bibite,
1573 1541 1742 1595 'edt'le.
1792 1539 2026 1609 Surgite,

441 1640 719 1706 principes,
751 1639 967 1707 arripite
1001 1635 1229 1706 rlypeos.

516 1727 767 1782 Dixeram
829 1726 1132 1780 orationem
1203 1723 1573 1793 pr0pheticam
1631 1721 1812 1776 multis
1863 1721 2029 1776 inter-

2122 541 2268 610 τρεῖς
2299 537 2524 608 ἡμέραι,
2557 535 2650 588 καὶ
2678 530 2880 599 Νινευὴ
2920 529 3458 600 καταστραφήσεταιο
3490 547 3508 580 ι
3544 547 3714 584 κατα-

2123 630 2305 692 δείσας
2351 629 2406 681 se
2456 623 2795 697 παραχρῆμα
2827 621 2925 691 τὴν
2957 619 3208 688 ἀπειλὴν.
3244 619 3546 689 μετενόησα
3595 619 3712 688 μὲν,

2125 722 2240 775 ἀλλ’
2274 720 2508 790 ἠδίκησα
2535 719 2696 771 πάλιν
2748 715 2822 787 μὴ
2853 713 3116 775 ἀκούσας,
3161 711 3257 763 καὶ
3286 710 3344 763 ὲν
3379 710 3581 781 σπουδῇ
3626 713 3716 764 τέ-

2127 810 2304 864 θειταί
2331 826 2420 880 μοι
2447 808 2507 861 τὸ
2542 806 2616 876 μὴ
2642 807 2774 876 όρᾷν
2829 805 2972 874 ειπερ
3005 799 3072 872 ἦν
3101 802 3233 872 ὁρᾷν
3260 801 3573 868 ἀναγκαῖον.
3614 802 3717 853 Πε-

2129 903 2396 972 πλὰνηται
2423 899 2532 970 γὰρ
2560 901 2592 970 ἡ
2623 898 2820 968 καρδία
2857 913 2981 966 μου.
3020 895 3132 948 Καὶ
3157 892 3488 964 ὑποϐρύχιον
3521 909 3589 964 με
3619 912 3714 946 πε-

2129 995 2354 1065 ποίηκεν
2388 994 2420 1063 ὴ
2454 991 2716 1061 ἁμαρτία,
2757 987 3146 1058 καταχωννῦσα
3173 988 3374 1058 τρόπον
3398 987 3542 1040 τινα.
3571 987 3716 1039 Ταῦ-

2129 1101 2196 1154 τη
2229 1103 2310 1137 τοι
2349 1085 2441 1136 καὶ
2475 1085 2508 1154 ὴ
2536 1082 2678 1152 ψυχή
2712 1099 2810 1151 μου
2841 1081 3146 1151 ἐφέστηκεν
3179 1083 3259 1144 είς
3293 1079 3456 1148 φόϐον
3476 1095 3490 1108 '
3519 1079 3717 1147 γέγονα

2132 1177 2238 1247 γὰρ
2269 1179 2326 1230 ὲν
2349 1176 2571 1246 δείμασι
2596 1178 2707 1238 τοῖς
2729 1173 2836 1226 τῶν
2867 1173 3132 1242 ἐσχάτων.
3162 1167 3330 1226 Αῦται
3349 1171 3524 1224 τοίνυν
3545 1172 3718 1237 φωναὶ

2129 1269 2239 1321 τῶν
2285 1267 2582 1338 Ἀσσυρίων
2616 1261 2726 1318 εἷεν
2761 1265 3017 1326 ἄν.Ἔθος
3045 1263 3153 1333 γὰρ
3191 1267 3302 1326 τοῖς
3353 1264 3531 1331 ἁγίοις
3582 1280 3716 1332 προ-

2134 1362 2329 1431 φήταις
2368 1359 2803 1430 προσωποποιεῖν
2831 1357 2932 1420 τὰς
2956 1355 3264 1426 φωνὰς,διὰ
3291 1355 3350 1409 τὸ
3375 1358 3484 1418 τοῖς
3506 1357 3716 1426 ἀκρςω-

2137 1453 2321 1522 μένοις
2349 1452 2640 1522 χρήσιμον.

2220 1542 2600 1612 Ἑτοιμάσατε
2637 1538 2950 1610 τράπεᾷιν,
3001 1540 3166 1593 πίετε
3191 1580 3206 1605 ,
3255 1537 3489 1608 φάγετε.
3545 1538 3713 1592 Ἀνα-

2137 1633 2394 1698 στάντες
2427 1635 2480 1687 ol
2510 1631 2818 1701 ἄρχοντες,
2851 1629 3204 1700 ἑτοιμάσατε
3243 1630 3510 1697 θυρεούς.

2212 1728 2388 1797 Ἔφην
2414 1727 2496 1778 ὅτι
2527 1728 2627 1795 τῆς
2656 1724 2995 1797 προφητείας
3023 1725 3050 1776 6
3071 1723 3228 1791 λόγος
3278 1724 3357 1785 είς
3385 1721 3586 1786 πολλὰς
3610 1721 3721 1775 ἔσθ’

443 1819 569 1872 dum
647 1832 996 1886 personarum
1057 1815 1408 1870 varietatibus
1467 1813 1723 1884 distingui
1769 1813 2022 1882 pulcher-

2150 1823 2214 1870 ιτε
2249 1816 2557 1890 προσώπων
2589 1817 2853 1886 διαφορὰς
2895 1811 2952 1869 εὖ
2989 1815 3132 1887 μάλα
3155 1814 3613 1868 διαποικίλλεται⁶
3645 1815 3725 1867 δεῖ

445 1912 618 1965 rime:
654 1909 874 1965 omnino
909 1909 1072 1977 igitur
1098 1909 1187 1977 qui
1216 1906 1356 1962 scire
1396 1905 1517 1960 hac
1554 1912 1608 1958 et
1637 1905 1840 1959 referre
1869 1905 2036 1973 probe

445 2003 656 2066 volunt,
691 2001 818 2054 talia
869 2000 1063 2054 debent
1129 1997 1444 2052 observare.
1495 1993 1792 2061 Perspicua
1872 1994 2036 2064 igitur

446 2094 554 2147 erit
625 2103 680 2147 et
751 2090 885 2144 nihil
949 2086 1338 2158 abrupti,nihil
1411 2085 1743 2141 diﬂicultatis
1820 2084 2038 2138 habebit

449 2183 643 2238 horum
705 2182 971 2236 dictorum
1052 2178 1428 2248 intelligentia.
1467 2177 1682 2232 Induxit
1737 2190 1867 2246 ergo
1918 2189 2039 2244 per-

454 2290 644 2330 sonam
691 2273 1042 2343 Assyriorum
1115 2272 1254 2340 apud
1311 2285 1429 2326 sese
1489 2269 1754 2333 ﬂentium,
1781 2277 1836 2322 et
1894 2267 2040 2322 timi-

461 2368 632 2420 ditate
686 2363 1116 2430 confractorum,
1148 2372 1204 2415 et
1262 2362 1330 2416 de
1391 2361 1550 2416 malis
1595 2358 1790 2414 futuris
1846 2357 2041 2410 intole-

453 2457 607 2510 rabili
638 2457 830 2509 timore
869 2453 1184 2509 dolentium.
1223 2451 1352 2506 Dein
1401 2458 1610 2521 tempus
1651 2457 2042 2505 commemorat

452 2564 559 2617 quo
607 2563 701 2602 eos
748 2549 864 2617 capi
917 2557 975 2602 et
1025 2546 1451 2602 itnmedicahiles
1490 2546 1542 2599 in
1612 2559 1883 2600 aerumnas
1961 2544 2043 2596 in—

451 2642 632 2695 ridere
666 2640 960 2709 continget,
1001 2647 1056 2694 et
1084 2654 1303 2694 causam
1335 2640 1428 2691 irae
1452 2645 1643 2693 contra
1689 2635 1808 2691 illos
1863 2633 2044 2689 decla-

454 2740 558 2782 rat.
587 2728 817 2799 Scripsrt
855 2728 997 2782 enim
1039 2728 1232 2782 beatus
1265 2725 1481 2781 Daniel:
1524 2743 1542 2776 ι
1573 2724 1823 2780 Baltasar
1858 2739 2042 2794 regem

462 2834 756 2890 apparasse
814 2833 1025 2875 uenam
1083 2818 1428 2887 magnatibus
1469 2817 1616 2883 suis,
1669 2816 1906 2871 millibus
1951 2830 2043 2869 co-

461 2927 573 2964 ram
621 2910 860 2965 millibus
911 2911 1094 2964 vinum
1123 2911 1190 2963 '9.
1227 2928 1245 2962 ι
1300 2910 1433 2965 Dein
1477 2911 1573 2977 ait,
1615 2919 1671 2966 et
1719 2923 1874 2965 sacra
1913 2924 2039 2964 vasa

462 3017 528 3056 ex
575 3001 963 3075 Hierosolymis
1015 3011 1225 3071 sumpta
1263 3003 1390 3058 olim
1427 3003 1692 3058 obtulisse
1749 3001 1935 3071 impie,
1993 3009 2048 3056 et

465 3095 671 3149 bibisse
731 3110 795 3150 ex
859 3095 962 3149 illis
1009 3109 1130 3148 cum
1172 3094 1368 3165 ipsum,
1427 3103 1538 3148 tum
1577 3093 1798 3165 pellices
1833 3093 1952 3162 ejus
1993 3100 2048 3146 et

2135 1910 2192 1962 δὲ
2224 1909 2286 1980 δὴ
2312 1908 2528 1971 πάντως
2557 1909 2704 1971 τοὺς,
2745 1907 2901 1975 οἵπερ
2936 1907 3001 1960 ἂν
3033 1908 3236 1959 ἕλοιντο
3270 1904 3511 1958 συνιέναι
3540 1921 3600 1956 τε
3631 1904 3725 1956 καὶ

2138 1999 2504 2068 ἀπαγγέλλειν
2547 1996 2742 2067 ὀρθῶς,
2791 1999 3071 2069 ἐπιτηρεῖν
3117 1996 3362 2068 ἀκριϐῶς
3402 1995 3472 2048 τὰ
3525 1995 3721 2049 τοιάδε.

2139 2088 2322 2158 Σαφὴς
2376 2087 2486 2158 γὰρ
2520 2087 2586 2141 ἂν
2637 2087 2779 2140 οὕτω
2811 2087 3040 2156 γένοιτο,
3092 2086 3186 2139 καὶ
3229 2085 3381 2138 οὐδὲν
3435 2085 3634 2154 ἔχουσα
3666 2084 3727 2136 τὸ

2139 2181 2365 2243 ἄναντες
2419 2180 2499 2241 είς
2548 2179 2868 2250 δυσχερείαν
2909 2178 3018 2230 τῶν
3067 2177 3376 2248 λεγομένων
3419 2177 3448 2246 ἡ
3504 2175 3722 2244 γνῶσις.

2140 2271 2505 2342 Είσκεκὸμικε
2561 2272 2739 2347 τοίνυν
2783 2271 2844 2324 τὸ
2897 2271 3007 2322 τῶν
3080 2269 3381 2340 Ἀσσυρίων
3436 2269 3728 2340 πρόσωπον

2141 2365 2436 2418 κλαιόντων
2460 2365 2543 2434 ἐφ’
2571 2365 2806 2426 ἑαυτοῖς,
2845 2364 2939 2416 καὶ
2970 2361 3490 2433 συντεθραυσμένων
3521 2361 3621 2430 μὲν
3650 2362 3730 2421 εἰς

2142 2456 2364 2519 δειλίας,
2405 2455 2679 2527 ἀφόρητον
2707 2455 2763 2508 δὲ
2795 2454 2888 2507 τὸν
2922 2453 3012 2507 ὲπί
3046 2471 3109 2524 γε
3141 2457 3253 2517 τοῖς
3297 2452 3578 2522 μέλλουσιν
3612 2450 3732 2502 ἔσε-

2145 2549 2268 2602 σθαι
2305 2549 2494 2610 κακοῖς
2518 2547 2816 2600 ὡδινόντων
2848 2545 2910 2599 τὸ
2932 2547 3114 2616 δεῖμα.
3153 2542 3282 2598 Εἶτα
3331 2543 3602 2613 μέμνηται
3630 2541 3726 2594 τοῦ

2143 2638 2358 2709 χρόνου,
2405 2635 2527 2690 καθ’
2564 2635 2621 2688 ὃν
2654 2635 2850 2698 αὐτοὺς
2895 2635 3100 2687 ἁλῶναί
3129 2651 3188 2686 τε
3241 2635 3335 2699 καὶ
3367 2633 3486 2694 ταῖς
3523 2629 3726 2700 ἀνηκέ-

2148 2745 2296 2792 στοις
2337 2730 2644 2798 συμφοραῖς
2694 2728 3012 2798 περιπεσεῖν
3061 2725 3434 2794 συμϐήσεταιο
3476 2722 3570 2774 καὶ
3620 2721 3729 2792 μὴν

2147 2820 2241 2872 καὶ
2273 2817 2442 2887 αὐτὴν
2460 2815 2782 2886 καθίστησιν
2812 2815 3018 2887 ἐναργῆ
3048 2815 3146 2883 τῆς
3177 2813 3260 2864 ἐπ’
3285 2813 3469 2874 αὐτοῖς
3498 2827 3728 2882 γεγενη-

2154 2911 2324 2980 μένης
2354 2907 2571 2981 ιόργῆς]
2604 2909 2702 2979 τὴν
2747 2909 2947 2962 αἰτίαν.
2979 2906 3226 2978 Γέγραφε
3267 2905 3376 2976 γὰρ
3402 2904 3428 2955 6
3461 2905 3732 2976 μακάριος

2149 3001 2370 3071 Δανιὴλ,
2406 3001 2489 3054 ὅτι
2529 3020 2546 3051 ι
2582 2999 2868 3068 Βαλτάσαρ
2907 3001 2935 3051 6
2983 2997 3234 3067 βασιλεὺς
3273 2997 3495 3066 ἐποίησε
3520 2996 3733 3049 δεῖπνον

2151 3095 2263 3154 τοῖς
2289 3092 2614 3162 μεγιστᾶσιν
2640 3089 2825 3142 αὑτοῦ·
2866 3088 3057 3158 χιλίοις
3087 3088 3376 3142 κατέναντι
3403 3089 3511 3141 τῶν
3546 3088 3734 3158 χιλίων

463 3185 818 3240 concubinas.
857 3184 971 3240 Hoc
1007 3196 1182 3240 autem
1225 3185 1370 3240 aliud
1405 3185 1541 3240 nihil
1576 3195 1694 3240 erat
1720 3199 1884 3254 quam
1911 3199 2045 3238 con-

2150 3157 2524 3236 ὀτ““τ
2857 3157 2895 3194 .;’

2204 3200 2368 3247 οινος.
2408 3201 2425 3233 ι
2463 3181 2597 3236 Ειτά
2633 3198 2820 3251 φησιν,
2855 3195 2936 3233 οτι
2965 3180 3059 3234 καὶ
3089 3178 3157 3232 τὰ
3184 3181 3248 3233 ὲκ
3288 3197 3396 3233 των
3457 3182 3736 3250 Ιεροσολυ-

465 3286 546 3330 tra
614 3277 852 3330 divinam
921 3274 1262 3343 maiestatem
1321 3289 1516 3346 magno
1554 3274 1806 3344 elatoque
1867 3273 2048 3328 animo

471 3381 531 3418 se
584 3364 797 3427 eil‘erre,
832 3375 886 3418 et
919 3367 1176 3418 adversus
1218 3361 1582 3417 lsraelitarum
1610 3363 1798 3418 ducem
1837 3370 1890 3416 et
1913 3375 2050 3432 prac-

468 3455 638 3509 sidem
700 3455 874 3525 erigi:
933 3453 1086 3522 quasi
1148 3467 1304 3508 suum
1370 3451 1625 3521 populum
1677 3451 1824 3505 nullo
1893 3453 2050 3505 modo

462 3545 654 3613 juvare
714 3553 915 3613 posset.
962 3543 1188 3599 Bibente
1229 3545 1390 3614 igitur
1433 3543 1738 3606 Baltasaro,
1795 3552 1848 3597 et
1897 3557 2050 3596 sacra

472 3645 594 3683 vasa
629 3629 793 3700 306
821 3638 999 3684 tamen
1049 3645 1154 3683 non
1204 3629 1464 3682 irridente
1502 3627 1827 3697 :Apparuit,
1880 3627 2054 3696 inquit

471 3722 736 3776 articulus
761 3737 951 3774 manus
978 3730 1032 3776 et
1063 3721 1276 3790 scripsit
1306 3720 1356 3774 in
1383 3720 1609 3790 pariete,
1637 3717 1814 3784 Mane,
1846 3715 2052 3783 Tltccel,

475 3812 765 3878 Phares“,
796 3827 956 3881 quam
1012 3813 1338 3881 scripturam
1398 3812 1611 3867 divinus
1653 3812 1836 3866 Daniel
1895 3812 2058 3866 inter-

475 3913 720 3976 pretatus
779 3913 882 3968 est,
933 3903 1217 3974 Assyrium
1270 3902 1584 3971 alloquens:
1622 3902 1861 3970 Disrupit
1914 3901 2058 3955 Deus

477 4010 700 4064 regnum
731 4002 904 4058 tuum,
933 4005 986 4047 et
1015 3995 1203 4048 divisit
1236 3994 1387 4058 illttd,
1422 4010 1486 4047 ac
1529 3993 1714 4048 datum
1751 4002 1834 4049 est
1889 3991 2059 4048 Medis

477 4097 531 4141 et
579 4087 777 4141 Persis.
816 4084 987 4153 Hujus
1043 4085 1304 4151 historiae,
1347 4096 1404 4139 ut
1435 4101 1536 4157 ego
1568 4089 1781 4156 quidem
1839 4100 2058 4148 censeo,

480 4179 730 4232 tueminit
790 4181 1054 4250 propheta
1107 4177 1300 4233 aﬂ‘atus
1355 4179 1516 4234 veluti
1574 4181 1717 4249 ipsos
1769 4181 2058 4249 principes,

477 4286 571 4324 seu
615 4281 892 4340 magnates
936 4282 989 4326 et
1017 4270 1260 4326 Baltasar
1292 4289 1304 4324 :
1343 4269 1534 4325 Parate
1583 4288 1848 4336 mensam,
1873 4272 2060 4337 bibite,

478 4360 642 4418 edite.
665 4361 902 4431 Surgite,
929 4363 1219 4433 principes,
1265 4363 1486 4433 arripite
1527 4364 1764 4436 clypeos,
1789 4364 1914 4417 luxu
1960 4361 2066 4417 dif-

483 4451 654 4518 iluite,
685 4453 882 4523 inquit,
916 4455 968 4507 in
1004 4455 1714 4523 mensisintcmperantibus
1750 4456 1854 4526 (est
1879 4465 2060 4508 autem

484 4547 598 4600 ha-c
663 4545 839 4598 oratio
891 4544 1550 4614 usitata),exsaturamini
1607 4547 1853 4601 bibentes
1909 4547 2060 4600 inex-

485 4635 769 4704 plebiliter.
805 4633 940 4700 Quid
973 4634 1202 4690 deinde?
1223 4634 1366 4690 Bella
1397 4638 1666 4707 excipient
1693 4636 2062 4691 celebritatem

485 4737 538 4779 ct
591 4743 693 4778 non
755 4726 912 4795 longe
972 4727 1143 4780 aberit
1197 4737 1256 4782 ut
1319 4729 1621 4799 patiamini,
1662 4727 1754 4783 sed
1813 4727 1881 4780 ab
1951 4728 2066 4795 ipsa

485 4819 888 4884 cotupotatione
919 4821 983 4870 ad
1027 4834 1176 4873 arma
1206 4821 1436 4874 curretis
1465 4830 1520 4874 ct
1548 4821 1799 4889 qmeretis
1827 4819 2062 4887 clypeos.

493 4907 585 4958 I‘Zst
635 4906 779 4959 enim
837 4921 962 4961 vere
1011 4909 1389 4980 gravissimum
1441 4921 1626 4965 contra
1681 4912 1848 4963 Deum
1881 4907 2062 4964 circi-ri

489 5007 544 5050 et
587 5009 769 5051 contra
797 4999 1156 5069 maiestatem,
1183 5019 1286 5072 qua
1329 5003 1457 5057 nihii
1489 5013 1570 5058 est
1622 5001 1923 5068 sublimius,
1955 5003 2064 5057 ani-

493 5102 608 5141 mos
654 5098 707 5142 et
741 5090 961 5157 spiritus
997 5093 1204 5150 tollere.
1245 5093 1496 5147 Traditus
1525 5100 1609 5147 est
1653 5093 1796 5146 enim
1821 5092 2064 5163 Assyriis

493 5176 654 5232 Israel
683 5198 695 5234 :
729 5180 836 5235 Deo
885 5195 1106 5253 ριόιιιιιι⁵
1146 5199 1412 5239 summam
1465 5184 1801 5254 iniquitatem
1836 5185 2066 5252 captivi-

495 5271 618 5322 tatis
655 5285 866 5341 pmnam
916 5273 1212 5344 irrogante.
1241 5273 1354 5328 Non
1410 5274 1554 5328 enim
1608 5291 1705 5345 par
1746 5275 1845 5329 fuit
1875 5292 1967 5331 eos
2001 5276 2066 5328 ad

492 5362 633 5417 hanc
697 5364 1068 5432 stupiditatem
1127 5364 1258 5419 etin
1306 5365 1404 5419 has
1459 5365 1650 5421 stultas
1715 5368 2070 5438 cogitationes

491 5453 740 5508 ronsrdto
820 5456 1095 5518 devenire,
1128 5463 1186 5508 ut
1254 5457 1558 5526 cogitarent
1615 5469 1669 5514 et
1715 5459 1766 5514 in
1823 5461 2063 5514 animum

492 5542 813 5600 iudnccrent
867 5561 926 5600 sc
993 5559 1208 5600 manum
1266 5564 1522 5620 superare
1575 5567 1732 5622 posse
1799 5553 1912 5622 ejus
1973 5553 2063 5621 qui

557 5714 606 5750 τ’
640 5715 760 5774 Jon.
803 5735 884 5785 tu,
921 5720 975 5780 4.
1052 5722 1100 5755 ”
1141 5723 1274 5779 Dan.
1326 5739 1377 5791 ι’,
1423 5726 1440 5780 l
1476 5741 1628 5796 seqq.
1707 5727 1752 5758 '°
1790 5727 1916 5782 ibid.
1960 5727 2050 5781 '23.

2154 3290 2270 3343 μων
2307 3271 2578 3342 ληφθέντα
2613 3269 2754 3323 κατὰ
2783 3270 3007 3342 καιροὺς
3053 3271 3184 3338 ἅγια
3220 3269 3388 3341 σκεύη
3431 3270 3736 3340 προσκεκό·

2155 3380 2314 3434 μικεν
2359 3361 2613 3426 ἀνοσίως,
2653 3361 2749 3414 καὶ
2795 3361 2978 3414 ἔπινον
3021 3361 3078 3414 ἐν
3119 3361 3303 3423 αὐτοῖς
3340 3361 3502 3422 αὐτὸς
3544 3361 3638 3412 καὶ
3680 3363 3733 3412 al

2154 3452 2427 3507 παλλακαὶ
2456 3450 2644 3516 αὑτοῦ,
2689 3452 2785 3506 καὶ
2815 3453 2870 3505 αἱ
2907 3451 3243 3524 παράκοιται
3268 3450 3457 3504 αὐτοῦ.
3481 3450 3653 3503 Τοῦτο
3682 3449 3736 3502 δὲ

2153 3540 2220 3618 ἦν
2257 3544 2443 3614 ἓτερον
2471 3543 2644 3608 οὐδὲν,
2675 3543 2818 3612 πλὴν
2847 3545 2928 3597 ὅτι
2959 3541 3325 3612 μεγαλαυχεῖν
3354 3541 3496 3594 κατὰ
3525 3541 3624 3610 τῆς
3645 3539 3739 3592 τοῦ

2154 3633 2288 3688 θεοῦ
2315 3633 2473 3704 δόξης
2497 3649 2511 3663 ’
2547 3633 2976 3704 κατεπαίρεσθαί
3003 3651 3062 3687 τε
3085 3633 3178 3686 τοῦ
3211 3633 3609 3704 προεστηκότος
3633 3632 3741 3684 τῶν

2155 3725 2216 3790 ἐξ
2261 3725 2499 3796 Ἰσραὴλ,
2539 3724 2614 3788 ὡς
2645 3723 2785 3776 κατά
2826 3725 3031 3796 μηδένα
3059 3725 3259 3796 τρόπον
3301 3725 3491 3795 ὀνῆσαι
3522 3723 3741 3789 δεδυνη-

2161 3815 2325 3887 μένου
2358 3816 2451 3868 τὸν
2483 3815 2610 3870 ῐδιον
2649 3815 2794 3869 λαόν.
2823 3817 3076 3878 Πίνοντος
3101 3815 3281 3869 τοίνυν
3308 3814 3403 3868 τοῦ
3435 3813 3743 3884 Βαλτάσαρ,

2157 3907 2253 3961 κα)⁵
2290 3907 2570 3977 μονονουχὶ
2597 3907 2862 3976 γελῶντος
2890 3905 2958 3960 τά
3001 3906 3170 3977 σκεύη
3209 3905 3280 3959 τὰ
3328 3907 3496 3975 ἆγια·
3543 3905 3742 3974 Ὠφοη.

2161 4017 2234 4070 φη
2247 4000 2349 4065 σἰν,
2376 3998 2718 4069 ἀστράγαλος
2747 3999 2948 4070 χειρὸς,
2982 3999 3076 4052 καὶ
3107 3997 3344 4068 ἔγραφεν
3371 4000 3428 4051 ὲν
3455 3995 3531 4067 τῷ
3556 3997 3745 4066 τοίχῳ,

2157 4091 2335 4160 Μανῆ
2383 4092 2570 4146 Θεκὲλ
2617 4091 2838 4160 Φαρές·
2889 4090 3260 4162 διερμηνεύων
3300 4089 3397 4161 τὴν
3448 4088 3666 4160 γραφὴν
3716 4088 3748 4140 6

2163 4185 2450 4248 θεσπέσιος
2476 4186 2696 4256 Δανιὴλ,
2729 4185 2832 4254 ἔφη
2871 4184 3007 4256 πρὸς
3044 4183 3134 4236 τὸν
3175 4182 3456 4254 Ἀσσύριον
3479 4196 3492 4209 '
3525 4181 3751 4252 Διέρρη-

2163 4278 2252 4344 ξεν
2282 4277 2309 4328 6
2342 4274 2474 4338 Θεὸς
2520 4277 2618 4348 τὴν
2651 4274 2928 4344 βασιλείαν
2975 4291 3091 4339 σου,
3122 4273 3215 4326 καὶ
3249 4272 3503 4344 ἐμέρισεν
3554 4271 3747 4342 αὐτὴν,

2165 4370 2262 4423 καὶ
2296 4367 2453 4438 ἐδόθη
2487 4367 2693 4438 Μήδοις
2743 4367 2838 4420 καὶ
2885 4366 3142 4439 Πέρσαις.
3180 4365 3421 4436 Ταυτησὶ
3463 4367 3562 4436 τῆς
3609 4365 3752 4417 ἱστο-

2169 4459 2312 4530 ρίας,
2341 4456 2417 4520 ὦς
2465 4473 2529 4524 γε
2567 4453 2742 4526 οἶμαι,
2773 4455 3141 4526 διαμέμνηται
3194 4456 3332 4519 νυνὶ,
3375 4455 3468 4509 καί
3514 4471 3678 4524 φησιν
3719 4454 3749 4505 6

2168 4550 2453 4619 προφήτης
2490 4548 2565 4611 ὡς
2611 4548 2748 4617 πρός
2781 4565 2843 4616 γε
2890 4549 3085 4611 αὐτοὺς
3124 4549 3250 4610 τοὺς
3288 4547 3574 4617 ἄρχοντας,
3628 4545 3746 4614 ἦτοι

2169 4639 2523 4710 μεγιστᾶνας,
2558 4638 2651 4690 καὶ
2683 4638 2782 4709 μέν
2823 4655 2906 4690 τοι
2932 4638 3024 4691 τὸν
3053 4638 3358 4708 Βαλτάσαρο
3394 4637 3749 4706 Ἑτοιμάσατε

2165 4729 2467 4803 τράπεζαν,
2509 4729 2682 4794 πίετε,
2719 4729 2922 4799 φάγετε
2955 4747 2968 4760 ·
2994 4729 3326 4792 ἀναστάντες
3372 4728 3421 4782 oi
3467 4727 3749 4796 ἄρχοντες,

2167 4821 2491 4892 ἑτοιμάσατε
2523 4821 2748 4894 θυρεούς
2772 4837 2785 4848 ·
2820 4822 3227 4892 σπαταλήσατε,
3271 4821 3456 4891 φησὶν,
3500 4819 3593 4870 ἐπὶ
3619 4834 3752 4888 τρα-

2167 4914 2359 4977 πέζαις
2395 4914 2625 4978 ἀσώτοις
2651 4931 2664 4943 ·
2701 4917 2759 4967 ἐν
2791 4914 2902 4970 ἔθει
2944 4914 2998 4968 δέ
3033 4914 3149 4979 πώς
3181 4917 3327 4968 ἐστιν
3351 4915 3380 4966 ό
3419 4911 3605 4980 λόγος’
3647 4928 3745 4964 κα·

2167 5007 2537 5079 τακορέσθητε
2562 5007 2809 5072 πίνοντες
2832 5008 3142 5081 ἀπλήστως.
3175 5009 3283 5062 Καὶ
3309 5007 3360 5060 τί
3395 5003 3532 5077 μετὰ
3560 5002 3752 5069 τοῦτο;

2164 5099 2400 5169 Πόλεμοι
2424 5099 2758 5165 διαδέξονται
2789 5100 2889 5172 τὴν
2917 5103 3246 5173 πανήγυριν,
3284 5099 3378 5153 καὶ
3403 5099 3503 5152 οὑκ
3536 5100 3614 5162 είς
3652 5115 3757 5167 μα-

2166 5191 2304 5261 κρὰν
2342 5190 2402 5244 τὸ
2433 5189 2625 5243 παθεῖν
2648 5207 2662 5220 ⁸
2695 5190 2807 5245 ἀλλ’
2843 5191 2903 5256 ἐξ
2938 5191 3100 5244 αὐτοῦ
3134 5190 3228 5244 τοῦ
3261 5191 3424 5246 πότου
3455 5189 3755 5261 δραμεῖσθε

2168 5281 2305 5352 πρὸς
2339 5279 2498 5342 ὅπλα,
2533 5282 2628 5334 καὶ
2668 5281 2932 5353 ζητήσετέ
2972 5281 3219 5354 θυρεούς.
3256 5281 3618 5352 Παγχάλεπον
3645 5280 3756 5350 γὰρ

2170 5371 2385 5440 ἀληθῶς
2432 5373 2494 5426 τὸ
2533 5374 2961 5445 κατεπαίρεσθαι
2995 5374 3153 5439 Θεοῦ,
3204 5375 3301 5428 καὶ
3335 5372 3746 5444 καταθρασύνε·

2177 5461 2298 5514 σθαι
2343 5459 2518 5530 δόξης,
2550 5459 2618 5534 ἧς
2666 5464 2924 5519 ἐπέκεινα
2967 5465 3074 5519 τῶν
3112 5465 3279 5520 ὄντων
3321 5464 3494 5518 οὐδέν.
3535 5463 3753 5516 Δέδοται

2174 5551 2414 5624 μὲνγὰρ
2456 5556 2566 5618 τοῖς
2608 5555 2956 5628 Ἀσσυρίοιςό
3001 5556 3254 5628 Ἰσραήλο
3291 5555 3425 5609 Θεοῦ
3457 5554 3514 5608 τὸ
3556 5553 3756 5626 χρῆναι
