4100 6462
373 398 515 455 Ηίθ
1520 396 1592 452 IN
1630 396 1869 454 ISAIAM
1911 398 2045 458 LIB.
2088 400 2155 457 γ.
2200 400 2445 460 TOMUS
2483 403 2528 459 1.
3540 411 3682 469 “50

370 511 520 566 θεικε
566 509 666 582 τὴν
704 508 883 581 ψυχὴν
922 507 1067 580 ὑπὲρ
1106 505 1216 560 τῶν
1264 505 1463 561 ἑαυεοῦ
1512 507 1826 579 προϐάτων,
1874 511 1968 564 καὶ

2084 511 2270 569 Vibice
2298 514 2441 571 enim
2481 514 2600 584 ejus
2633 530 2732 574 nos
2757 519 2931 575 sanati
2964 534 3182 589 sumus,
3222 530 3279 579 et
3319 506 3436 596 ipse
3465 523 3681 595 langui-

372 603 613 662 σέσωκεν
635 598 783 675 ἡμᾶς
803 602 998 675 αἵματι
1028 599 1107 670 τῷ
1139 600 1254 670 ἰδίῳ
1274 615 1287 627 ·
1311 600 1388 670 τῷ
1411 598 1523 670 γὰρ
1550 599 1781 671 μώλωπι
1804 601 1972 656 αὑτοῦ

2079 607 2180 661 dus
2211 607 2388 663 tactus
2446 618 2531 666 est
2587 621 2812 683 propter
2878 623 3106 683 peccata
3164 625 3376 672 nostra.
3438 613 3679 672 Liberali

372 697 533 766 ἡμεῖς
570 696 824 768 ἱὰθημεν·
860 695 957 749 καὶ
1003 691 1169 755 αὐτὸς
1202 692 1303 763 μὲν
1346 691 1694 765 ἐμαλακίσθη
1730 694 1821 748 διὰ
1874 693 1975 759 τὰς

2078 699 2222 755 enim
2249 716 2437 757 sumus
2469 710 2527 758 et
2575 719 2695 771 nos,
2733 714 2789 760 et
2820 706 3009 779 jugum
3041 708 3275 781 peccati,
3307 711 3677 783 tyrannidem-

371 788 654 861 ἁμαρτίας
698 787 855 860 ἡμῶν
880 804 895 819 ·
949 784 1383 858 ἠλευθερώμεθα
1425 785 1481 839 δέ
1519 787 1704 859 ἡμεῖς,
1751 789 1846 842 καὶ
1883 789 1977 842 τὸν

1184 784 1383 857 μώμεθα
1425 785 1481 839 δὲ
1519 787 1704 859 ἡμεῖς,
1751 789 1846 842 καὶ
1883 789 1977 842 τὸν
2079 810 2185 867 que
2214 795 2413 852 diaboli
2439 799 2803 855 excussimus.

371 883 473 953 τῆς
494 880 778 953 ἁμαρτίας
822 879 989 952 ζυγὸν
1013 880 1108 935 καὶ
1134 879 1233 951 τὴν
1248 878 1342 934 τοῦ
1368 879 1623 936 διαϐόλου
1653 880 1975 948 πλεονεξίαν

372 977 404 1028 ἁ
415 974 824 1046 ποσεισάμενοι.
1190 1014 1201 1023 ,
1520 992 1529 997 ’

448 1066 616 1119 Οὕτω
671 1066 836 1137 λέγει
883 1068 1103 1137 Κύριος
1128 1083 1143 1099 ⁸
1190 1069 1295 1136 Εις
1331 1069 1641 1140 Αιγυπτον
1683 1071 1901 1141 κατέϐη
1944 1074 1980 1128 ό

2156 1074 2320 1132 Vens.
2359 1075 2415 1142 4,
2464 1074 2520 1131 5.
2559 1073 2650 1131 Sic
2681 1074 2809 1129 dicit
2838 1074 3132 1131 Dominus:
3165 1075 3229 1131 In
3266 1075 3556 1148 .Egyptum
3588 1077 3682 1133 de-

374 1160 526 1227 λαός
557 1178 679 1231 μου
716 1160 785 1214 τὸ
823 1161 1118 1228 πρότερον
1149 1158 1517 1230 παροικῆσαι
1563 1161 1707 1225 ἐκεῖ,
1747 1163 1846 1217 καὶ
1889 1165 1979 1231 είς

2081 1169 2279 1224 scendit
2315 1167 2543 1238 populus
2602 1184 2749 1222 meus
2805 1168 2974 1237 prius,
3011 1179 3065 1221 ut
3099 1171 3526 1239 peregrinaretur
3546 1169 3680 1237 illic,

390 1253 743 1320 Ἀσσυρίους
758 1252 871 1320 ,βίᾳ
905 1249 1210 1322 ἤχθησαν.
1253 1253 1366 1307 Καὶ
1403 1253 1523 1309 νῦν
1557 1254 1618 1307 τί
1656 1248 1776 1309 ὧδέ
1794 1255 1938 1310 ἐστε
1957 1273 1979 1323 ;

2081 1268 2130 1314 et
2158 1261 2229 1312 ad
2278 1257 2523 1328 Assyrios
2568 1260 2620 1313 ri
2669 1257 2887 1312 abducti
2936 1269 3080 1311 sunt.
3134 1258 3201 1312 Et
3236 1277 3374 1312 num:
3403 1261 3528 1329 quid
3557 1262 3683 1317 estis

384 1344 529 1399 Τάδε
555 1345 720 1415 λέγει
742 1345 960 1413 Κύριος
978 1362 993 1377 ·
1031 1345 1162 1398 Ὅτι
1213 1344 1451 1413 ἐλήφθη
1477 1348 1510 1400 ὀ
1537 1346 1690 1412 λαός
1707 1363 1827 1416 μου
1865 1345 1978 1400 δω-

2082 1352 2209 1406 Iu'c?
2242 1350 2371 1406 "(re
2398 1352 2525 1405 dicit
2571 1349 2831 1404 Dominus
2862 1364 2881 1403 :
2916 1350 3056 1417 Quia
3098 1361 3285 1418 captus
3341 1360 3417 1404 est
3457 1351 3683 1417 populus

371 1439 542 1509 ρεὲιν,
579 1438 903 1515 θαυμάζετε
951 1439 1051 1493 καί
1089 1436 1427 1499 ὀλολύζετε.
1460 1436 1608 1494 Τάδε
1652 1438 1818 1508 .lérec
1859 1440 1980 1492 Κύ-

2082 1462 2228 1500 meus
2257 1445 2449 1516 gratis,
2476 1444 2821 1498 admiremini
2851 1454 2899 1498 et
2938 1444 3165 1513 plorata.
3207 1442 3338 1498 "me
3357 1444 3485 1496 dicit
3514 1442 3688 1496 Domi.

372 1551 504 1603 ριος
528 1552 540 1565 ·
579 1534 661 1587 Δι’
694 1531 854 1603 ὑμᾶς
882 1532 980 1587 διὰ
1012 1530 1242 1598 παντὸς
1281 1530 1349 1585 τὸ
1395 1529 1583 1600 ὄνομά
1620 1548 1743 1600 μου
1776 1530 1980 1596 βλασ-

2083 1557 2181 1594 ηιη
2220 1555 2239 1594 :
2280 1539 2510 1606 Propter
2551 1552 2640 1592 vos
2674 1553 2880 1608 semper
2916 1553 3107 1592 nomen
3148 1552 3320 1591 nicum
3364 1534 3504 1589 ntale
3535 1533 3686 1589 audit

379 1625 670 1697 φλημεῖται
687 1626 760 1680 ἐν
790 1623 915 1692 τοῖς
937 1624 1205 1680 ἔθνεσιν.
1990 1696 1997 1703 .

846 1623 915 1692 >ῖς
937 1624 1205 1680 ἔθνεσιν.
1990 1696 1997 1703 ,
2085 1630 2226 1700 apud
2264 1641 2465 1703 gentes.

452 1718 812 1789 Αἰχμάλωτον
840 1717 1117 1788 ὀνομάσας
1153 1715 1254 1786 τὴν
1287 1713 1448 1779 Σιὼν,
1478 1715 1681 1769 εἰδέναι
1729 1714 1980 1786 βούλεται

2155 1724 2289 1780 Cum
2328 1723 2549 1780 Sionem
2577 1722 2848 1793 captivam
2880 1722 3238 1786 nominasset,
3278 1720 3423 1775 scire
3446 1733 3541 1773 eos
3572 1718 3689 1772 vult

381 1810 480 1881 τὴν
512 1809 712 1874 αἰτίαν,
747 1811 833 1879 ἐφ’
945 1809 1297 1880 συμϐέϐηκεν
1327 1809 1464 1879 αὐτῇ
1499 1807 1562 1861 τὸ
1594 1808 1674 1871 είς
1703 1807 1864 1861 τοῦτο
1891 1824 1982 1860 πε-

2084 1832 2305 1872 causam
2356 1817 2709 1883 quamobrem
2767 1815 2872 1871 hoc
2913 1815 2961 1871 ei
3019 1817 3284 1877 evenerit,
3336 1823 3393 1867 ut
3445 1811 3497 1867 in
3546 1813 3687 1866 hanc

385 1905 497 1960 σείν
522 1902 813 1968 δυσκλείας
864 1920 924 1956 τε
971 1903 1066 1956 καὶ
1101 1900 1441 1972 ἀθλιότητος.
1484 1900 1839 1971 Ἀνακομίξει
1868 1898 1981 1971 γὰρ

2087 1908 2437 1979 ignominiam
2521 1916 2575 1962 et
2662 1908 3032 1963 calamitatem
3095 1907 3378 1960 incideret.
3457 1904 3688 1957 Reducit

382 1994 495 2054 ἐσθ’
524 1995 614 2049 ὅτε
650 1995 789 2067 πρὸς
816 1994 886 2049 τὰ
923 1995 1134 2066 ἀμείνω
1157 1995 1287 2058 τοὺς
1311 1992 1574 2064 ἀδόκητον
1598 2010 1651 2047 τι
1682 1992 1980 2057 παθόντας,

2085 2002 2231 2058 enim
2284 2001 2556 2056 interdum
2628 2000 2696 2055 ad
2760 1999 2984 2053 meliora
3033 2013 3128 2053 eos
3196 1998 3285 2067 qui
3347 1997 3686 2064 inopinatum

383 2090 445 2155 τὸ
469 2089 547 2161 μὴ
574 2090 631 2142 ἐν
657 2088 853 2160 ἀγνοίᾳ
881 2088 1096 2143 κεῖσθαι
1118 2087 1230 2141 τῶν
1246 2085 1679 2159 ἡμαρτημένων.
1699 2086 1802 2139 Διά
1821 2086 1983 2140 τοῦτο

2086 2094 2365 2166 quidpiam
2417 2093 2560 2162 passi
2593 2101 2739 2158 sunt,
2771 2092 2814 2147 si
2852 2100 3069 2161 peccata
3091 2105 3195 2143 non
3218 2088 3485 2143 nesciant.
3523 2087 3691 2155 Prop-

384 2180 672 2254 χρησίμως
701 2183 783 2244 είς
815 2181 1124 2253 ἀνάμνησιν
1153 2180 1352 2245 αὐτοὺς
1393 2180 1660 2251 ἀναφέρει
1688 2178 1799 2232 τῶν
1839 2178 1985 2234 κατὰ

2090 2196 2237 2242 terea
2272 2185 2480 2241 utiliter
2512 2186 2566 2240 in
2613 2185 2932 2239 memoriam
2986 2183 3220 2254 reducit,
3255 2196 3374 2251 quae
3399 2182 3528 2235 olim
3570 2195 3688 2234 ma-

386 2252 616 2347 καιρούς
652 2252 1083 2346 συμϐεϐηκότων
1117 2276 1232 2338 τοῖς
1275 2273 1383 2345 πρὸ
1415 2273 1614 2328 αὐτῶν.
1666 2272 1843 2345 Λιμοῦ
1882 2272 1984 2342 μὲν

2082 2279 2298 2350 jorihus
2331 2278 2573 2348 ipsorum
2609 2276 2977 2346 contigerunt.
3009 2252 3302 2328 Premente
3329 2272 3474 2325 enim
3524 2268 3690 2335 fame,

384 2367 497 2439 γὰρ
529 2368 983 2442 καταϐρίθοντος,
1016 2368 1224 2439 κατέϐη
1256 2367 1635 2439 κατὰκαιροὺς
1672 2366 1870 2421 Ἰακὼϐ
1904 2369 1987 2432 είς

2092 2371 2378 2427 descendit
2418 2370 2546 2426 olim
2587 2368 2754 2425 Jacob
2803 2370 2856 2424 in
2899 2367 3222 2438 IEgyptuut,
3264 2374 3583 2443 ct.coactus
3609 2370 3694 2417 est

384 2462 682 2531 Αἴγυπτον,
706 2463 801 2517 καὶ
830 2462 1132 2534 ἀϐούλητον
1151 2462 1302 2534 αύτῷ
1326 2461 1425 2534 τὴν
1455 2461 1770 2533 ἀποδημίαν
1792 2460 1984 2530 ἐτίθει,

2089 2463 2587 2535 peregrinationem
2626 2460 2926 2530 suscipere,
2971 2475 3041 2514 eo
3072 2456 3214 2529 quod
3258 2456 3452 2510 nullibi
3508 2460 3695 2525 posset

383 2554 449 2609 τὸ
494 2554 810 2627 μηδαμόθεν
851 2554 1116 2609 δύνασθαι
1178 2554 1288 2608 τῶν
1344 2554 1662 2623 ἀναγκαίων
1709 2555 1985 2627 εὐπορεῖν.

2092 2559 2257 2613 rebus
2325 2554 2655 2610 necessariis
2710 2552 3013 2607 abundare.
3073 2551 3356 2604 Abductus
3389 2556 3473 2602 est
3511 2558 3692 2600 autem

384 2649 760 2721 Ἀπεκομίσθη
811 2649 871 2703 δὲ
917 2650 1011 2703 καὶ
1052 2649 1135 2713 είς
1178 2649 1500 2722 Ἀσσυρίους
1540 2648 1570 2701 ὁ
1606 2647 1845 2720 Ἰσραὴλ,
1890 2646 1988 2717 τὴν

2092 2650 2157 2704 ad
2187 2648 2446 2719 Assyrios
2496 2645 2686 2711 Israel,
2720 2660 2843 2699 cum
2899 2659 2966 2699 eo
2995 2652 3239 2711 tempore
3268 2656 3363 2695 rex
3406 2639 3693 2695 Chaldaeo-

399 2740 657 2795 Ἰουδαίαν
685 2738 1144 2812 καταδηὼσαντος
1175 2739 1269 2793 τοῦ
1302 2739 1422 2793 κατ’
1460 2740 1641 2792 ἐκεῖνο
1663 2737 1757 2792 τοῦ
1792 2734 1987 2808 καιροῦ

2093 2755 2213 2796 rum
2245 2740 2580 2793 devaslasset
2607 2736 2875 2792 Judzeam.
2928 2736 2995 2791 Et
3029 2750 3150 2805 quin
3181 2734 3399 2788 tandem
3430 2732 3589 2802 hujus
3612 2730 3691 2786 rei

388 2831 767 2904 βασιλεύοντος
790 2833 890 2903 τῆς
919 2831 1229 2886 Χαλδαίων.
1255 2831 1367 2885 Καὶ
1397 2831 1531 2885 ποία
1558 2848 1645 2895 τις
1671 2826 1742 2901 ἦν
1771 2831 1804 2902 ὴ
1829 2829 1987 2883 τοῦδε

2091 2832 2299 2888 causa?
2343 2830 2478 2886 Cum
2510 2830 2655 2886 enim
2694 2829 2989 2885 desiissent
3028 2843 3152 2884 esse
3202 2827 3293 2879 ﬁlii
3345 2825 3590 2895 tgennini,
3637 2832 3694 2879 et

390 2924 697 2996 πρόφασις;
739 2923 1234 2997 Ἀποφοιτήσαντες
1272 2923 1386 2996 γὰρ
1422 2924 1515 2977 τοῦ
1557 2919 1700 2976 εἶναι
1750 2924 1986 2994 γνήσιοι,

2093 2926 2265 2982 solum
2327 2927 2492 2979 Deum
2565 2922 2764 2986 colere,
2814 2931 2902 2987 et,
2958 2921 3093 2989 legis
3136 2919 3414 2972 voluntate
3471 2918 3690 2986 rejeeta,

390 3017 487 3072 καὶ
522 3017 611 3071 τοῦ
649 3014 748 3090 [αι.
778 3016 861 3091 τὸ]
896 3018 1096 3090 χρῆναι
1145 3017 1294 3089 μόνῳ
1337 3015 1629 3090 λατρεύειν
1655 3015 1797 3086 Θεῷ,
1846 3014 1992 3069 κατά

2094 3016 2419 3072 stultissime
2456 3015 2522 3069 ad
2545 3014 2687 3068 idola
2721 3013 3112 3078 declinassent,
3159 3020 3212 3065 et
3242 3026 3406 3079 opera
3437 3022 3694 3063 manuum

388 3126 453 3185 γε
477 3110 537 3162 τὸ
564 3108 714 3180 νόμῳ
740 3110 931 3164 δοκοῦν
959 3110 1266 3164 ἀνούστατα
1286 3109 1631 3184 δῃωσάμενοι
1651 3108 1763 3182 [γρ.
1799 3107 1991 3162 διωσά-

2096 3124 2319 3165 suarum
2376 3107 2759 3162 adoravissent
2800 3106 2961 3161 :bzec
3019 3119 3184 3160 causa
3250 3101 3480 3167 exstitit,
3537 3107 3595 3153 ut
3643 3099 3697 3153 in

391 3202 589 3283 μενοι],
627 3203 1091 3276 προσ-νενεύκασιν
1136 3203 1375 3269 εἰδώλοις
1417 3205 1534 3270 καὶ,
1572 3202 1991 3275 προσεκύνησαν

2104 3218 2298 3258 manus
2329 3202 2566 3257 hostium
2614 3201 2942 3267 inciderent,
2990 3207 3048 3252 ut
3080 3212 3110 3251 a
3143 3197 3316 3265 patria
3353 3194 3697 3257 recederent,

386 3298 499 3360 τοῖς
536 3295 718 3368 ἔργοις
752 3295 863 3350 τῶν
898 3296 1043 3351 ἰδίων
1088 3297 1289 3369 χειρῶν
1311 3313 1323 3327 ο
1367 3295 1510 3367 αὕτη
1540 3296 1767 3365 γέγονεν
1805 3295 1992 3358 αὐτοῖς

2097 3304 2153 3350 ut
2192 3294 2431 3349 inimicis
2489 3289 2783 3356 servirent,
2842 3307 2907 3345 ac
2968 3291 3260 3345 Persarum
3314 3298 3369 3341 et
3419 3286 3698 3340 Medorum

387 3391 421 3460 ὴ
460 3388 733 3458 πρόφασις
765 3388 861 3443 τοῦ
911 3393 1031 3454 ταῖς
1077 3388 1358 3459 πολεμίων
1409 3387 1614 3442 ἁλῶναι
1659 3389 1851 3460 χερσὶ,
1900 3387 1994 3440 καὶ

2098 3390 2376 3456 regionem
2436 3385 2830 3440 inhabitarent.
2872 3383 2930 3437 Vi
2966 3398 3097 3449 ergo
3126 3390 3253 3435 sunt
3298 3378 3518 3433 abducti
3548 3397 3562 3433 :
3598 3392 3698 3434 nec

387 3481 488 3550 τῆς
526 3480 865 3551 ἐνεγκούσης
910 3481 1274 3553 ἀπώραμεῖν,
1322 3479 1419 3533 καὶ
1465 3479 1715 3552 θητεύειν
1749 3478 1990 3551 ἐχθροῖς,

2094 3482 2238 3538 enim
2272 3482 2385 3535 haec
2419 3478 2691 3540 volebant,
2713 3479 2807 3531 sed
2842 3490 2986 3531 nunc
3024 3474 3153 3544 quid
3186 3474 3280 3527 hic
3332 3472 3498 3527 estis?
3540 3472 3697 3537 Illud,

386 3573 485 3642 τὴν
527 3573 756 3645 Περσῶν
799 3590 857 3626 τε
929 3572 1025 3627 καὶ
1063 3573 1263 3643 Μήδων
1305 3571 1595 3636 οἰκοῦντας
1634 3570 1844 3644 χώραν.
1891 3570 1993 3643 Βία

2097 3575 2205 3642 hic,
2233 3574 2364 3629 dicit
2385 3588 2503 3643 pro,
2535 3570 2590 3626 in
2616 3570 2666 3641 ’1
2692 3570 2806 3641 29
2840 3568 3079 3639 gentium
3112 3565 3425 3637 regionibus
3445 3564 3700 3634 dispersi,

386 3666 569 3731 τοίνυν
619 3663 889 3736 ἤχθησαψ
941 3665 1002 3717 ού
1055 3664 1165 3739 γάρ
1212 3662 1436 3728 ἑκόντες
1472 3657 1616 3736 ἦσαν
1659 3665 1716 3717 ἐν
1757 3661 1994 3724 τούτοις.

2095 3678 2152 3725 et
2181 3667 2248 3722 ad
2289 3681 2484 3721 omnes
2528 3674 2725 3720 ventos
2781 3662 3055 3733 dissipati,
3118 3659 3275 3730 juxta
3307 3659 3581 3728 propheta:
3611 3672 3705 3712 vo-

401 3757 564 3813 Ἀλλά
581 3757 675 3811 νῦν
701 3751 870 3811 τίῶδὲ
896 3759 1052 3824 esse;
1077 3758 1151 3811 Τὸ
1165 3752 1268 3810 ὦδε
1297 3756 1484 3827 φησὶν,
1508 3756 1629 3809 dtsz
1648 3754 1765 3821 τοῦ,
1791 3756 1848 3809 ἐν
1873 3755 1997 3817 ταῖς

2097 3777 2236 3818 cem.
2269 3759 2487 3830 Expulit
2517 3758 2662 3814 enim
2695 3772 2791 3813 eos
2840 3772 2907 3812 ex
2962 3754 3148 3812 Juda-a
3197 3757 3565 3810 Romanorum
3600 3751 3708 3822 gla-

387 3851 497 3906 τῶν
541 3850 713 3906 ἐθνῶν
761 3850 1209 3923 κατεσπαρμένοι
1255 3847 1487 3923 χώραις,
1547 3848 1642 3903 καὶ
1684 3850 1766 3913 εἰς
1815 3848 1996 3903 πάντα

2099 3856 2243 3923 dius,
2300 3855 2634 3924 quicumque
2673 3852 2965 3907 valuerunt
3018 3851 3247 3904 omnino
3317 3849 3523 3919 lugere.
3588 3844 3701 3909 Vel,

388 3943 591 4014 ἄνεμον
638 3942 1164 4014 κατεσκεδασμένοι,
1224 3939 1369 4004 κατὰ
1410 3943 1510 4013 τὴν
1558 3939 1654 3994 τοῦ
1707 3940 1994 4011 προφήτου

2099 3949 2210 4012 hic,
2240 3946 2294 4002 in
2332 3963 2398 4002 eo
2429 3961 2613 4001 rerum
2648 3954 2791 4000 statu
2821 3946 2873 3999 in
2911 3960 3019 4013 quo
3062 3960 3207 3998 nunc
3250 3943 3404 3996 estis.
3463 3940 3708 3995 Fuerunt

391 4037 597 4106 φωνήν.
662 4036 1003 4107 Ἀπεσόϐησε
1050 4036 1162 4106 γὰρ
1214 4036 1315 4106 τῆς
1371 4035 1635 4098 Ἰουδαίας
1688 4033 1911 4103 ἁπάσης
1962 4034 1997 4105 ἡ

2099 4042 2266 4105 enim,
2295 4048 2358 4093 ut
2389 4039 2527 4103 dixi,
2571 4039 2626 4092 in
2664 4037 2897 4092 summis
2930 4036 3205 4090 miseriis:
3232 4037 3431 4105 partim
3461 4033 3708 4088 Romano

403 4123 696 4194 Ῥωμαίωι
740 4125 987 4195 μάχαιρα
1027 4126 1156 4189 τοὺς
1191 4124 1520 4195 ἰσχύσαντας
1554 4125 1693 4188 ὅλως
1738 4124 1992 4194 φεύγειν.

2100 4131 2371 4195 exercitu,
2410 4128 2529 4199 lege
2575 4127 2728 4192 belli,
2754 4142 2961 4183 eorum.
3007 4127 3286 4198 regionem
3343 4134 3704 4181 Incursante:

397 4218 608 4287 Ἥγουν
623 4216 705 4278 τὸ.
724 4210 851 4282 ὧδε,
869 4218 958 4271 Ἐν
971 4220 1036 4289 τῇ
1056 4218 1235 4290 τοιᾷδε
1260 4219 1594 4273 καταστάσει
1609 4218 1718 4273 τῶν
1735 4217 1993 4290 πραγμά-

2101 4223 2297 4294 partim
2345 4231 2459 4278 tota
2535 4220 2761 4277 civitate
2799 4228 3036 4287 vastata,
3093 4229 3148 4274 et
3193 4218 3395 4286 templo
3430 4219 3547 4287 ipso
3588 4230 3710 4272 cre-

392 4329 521 4378 των,
556 4313 614 4365 ἐν
646 4304 801 4385 ᾖνῦν
822 4311 965 4365 ἐστε.
985 4311 1263 4380 -Γεγόνασι
1283 4310 1364 4376 δὲ,
1401 4311 1477 4375 ὡς
1507 4310 1668 4381 ἔφην,
1700 4311 1758 4365 ἐν
1789 4309 1995 4382 ἐσχάτῃ

2103 4326 2269 4374 mato.
2321 4316 2502 4385 Quare
2562 4315 2748 4386 igitur,
2795 4313 3006 4384 inquit,
3059 4311 3111 4366 in
3161 4311 3245 4365 bis
3293 4311 3450 4365 malis
3504 4309 3705 4363 versati

391 4405 773 4477 ταλαιπωρία,
808 4402 968 4457 τοῦτο
1003 4403 1103 4475 μὲν
1140 4401 1337 4476 [κατὰ]
1379 4403 1471 4457 τὸν
1530 4401 1772 4473 πολέμου
1825 4401 1992 4473 νόμον

2103 4410 2266 4469 sunt?
2318 4411 2402 4464 An
2446 4408 2699 4464 videlicet
2753 4407 2899 4477 quod
2957 4403 3550 4472 tidemjus:ilicautem
3600 4417 3708 4456 non

393 4496 863 4570 καταδραμούσης
892 4497 1074 4551 αὐτῶν
1086 4496 1189 4566 τῆς
1210 4495 1399 4568 χώρας
1425 4496 1524 4568 τῆς
1554 4494 1666 4550 τῶν
1706 4495 1997 4567 Ῥωμαίων

2104 4498 2447 4571 admiserint,
2484 4500 2579 4557 sed
2620 4499 2975 4554 multifariam
3018 4497 3085 4552 ad
3122 4497 3224 4551 hoc
3261 4505 3543 4550 vocantem
3573 4508 3707 4549 cou-

394 4592 679 4663 στρατιᾶς,
712 4588 872 4644 τούτο
911 4589 991 4654 δὲ,
1022 4589 1232 4652 πόλεως
1274 4589 1495 4661 ἁπάσης
1537 4588 1988 4661 πεπορθημένης,

2100 4597 2339 4653 tumeliis
2391 4594 2695 4658 aliecerint,
2747 4592 2910 4663 eique
2960 4591 3125 4661 impie
3160 4605 3353 4645 manus
3403 4588 3705 4655 attulerint,

394 4682 919 4756 κατεμπρησθέντος
948 4682 1006 4736 δὲ
1029 4682 1124 4736 καὶ
1150 4681 1317 4736 αὑτοῦ
1340 4679 1435 4735 τοῦ
1448 4680 1599 4736 ναοῦ.
1625 4683 1724 4736 Διὰ
1753 4680 2001 4736 τίτοίνυν

2108 4689 2305 4746 deinde
2353 4687 2523 4743 etiam
2573 4685 2740 4758 justis
2791 4693 2842 4740 et
2894 4682 3177 4755 prophetis
3228 4681 3320 4751 qui
3381 4680 3533 4735 missi
3564 4688 3707 4748 sunt,

394 4778 454 4830 ἐν
479 4776 692 4839 τούτοις
723 4775 1016 4846 γεγόνασι;
1052 4774 1242 4845 φησίν·
1292 4774 1327 4845 ἢ
1376 4773 1622 4847 δηλονότι
1653 4771 1751 4846 τὴν
1788 4772 1889 4844 μὲν
1926 4773 2005 4827 διφ

2106 4794 2338 4852 quorum
2399 4776 2537 4834 alios
2593 4775 2935 4839 occiderunt,
2988 4773 3125 4829 alios
3181 4770 3614 4842 lapidaverunt?
3646 4770 3714 4826 Et

394 4868 660 4923 καιοῦσαν
686 4868 871 4925 πίστιν
897 4868 959 4921 ού
985 4866 1430 4939 προσηκάμενοι,
1451 4865 1912 4938 περιυϐρίσαντες
1944 4866 2003 4919 δὲ

2108 4873 2329 4942 quidem
2356 4873 2471 4927 haec
2506 4871 2558 4925 in
2589 4869 2676 4925 his
2705 4869 2892 4924 verbis
2919 4869 2989 4924 de
3023 4867 3271 4939 gregaria
3336 4862 3708 4933 multitudine,

396 4962 759 5035 πολυτρόπως
786 4962 879 5016 τὸν
909 4961 1183 5017 καλοῦντα
1211 4960 1352 5032 πρὸς
1382 4958 1564 5024 τοῦτο,
1597 4960 1693 5014 καὶ
1724 4958 1877 5030 αὐτῷ
1905 4960 2005 5023 τὰς

2108 4964 2429 5035 prophetica
2480 4962 2640 5019 nobis
2706 4961 3042 5033 signiﬁcavit
3093 4959 3294 5016 oratio.
3329 4958 3471 5026 Quia
3526 4964 3710 5013 autem

394 5060 583 5129 χεῖρας
603 5056 908 5131 ἐπαφέντες
930 5057 1188 5121 ἀνοσίως,
1228 5053 1369 5127 μετά
1392 5055 1520 5118 τοὺς
1549 5053 2004 5123 ἀπεσταλμένους

2109 5057 2358 5116 solebant
2415 5055 2730 5112 Judaaorum
2766 5056 3004 5111 maxime
3060 5052 3329 5125 praefecti,
3366 5062 3557 5107 contra
3589 5066 3713 5107 om.-

393 5150 636 5213 δικαίους
666 5167 728 5202 τε
774 5150 869 5203 καὶ
896 5151 1208 5221 προφήτας,
1247 5141 1323 5203 ὧν
1354 5149 1481 5212 τοὺς
1513 5147 1613 5219 μὲν
1637 5145 1999 5212 ἀπεκτόνασι,

2110 5167 2233 5208 nem
2268 5163 2486 5222 gentem
2531 5149 2719 5204 tollere
2764 5148 2930 5202 altum
2962 5147 3346 5217 supercilium,
3399 5143 3716 5214 iactabant-

394 5244 521 5307 τοὺς
542 5241 598 5296 δέ
625 5241 887 5297 ἐλίθασαν
919 5261 934 5307 ;
966 5243 1077 5296 Καὶ
1104 5234 1262 5296 ταύτὶ
1294 5240 1394 5313 μὲν
1423 5241 1481 5295 ἐν
1504 5238 1717 5305 τούτοις
1748 5239 1879 5312 περὶ
1904 5240 2005 5311 τῆς

2110 5260 2216 5316 que
2243 5245 2516 5300 interdum
2550 5241 2831 5305 lsraelem,
2894 5249 3088 5311 utpote
3120 5241 3214 5311 qui
3245 5241 3337 5295 Dei
3368 5255 3509 5307 sors,
3537 5249 3590 5295 et
3617 5255 3715 5309 po-

394 5335 655 5402 ἀγελαίου
692 5334 936 5407 πληθύος
965 5337 994 5389 ὁ
1019 5335 1359 5406 προφητικὸς
1390 5337 1525 5407 ἡμῖν
1565 5333 2005 5406 καταμεμήνυκε

2109 5339 2268 5411 pulus
2314 5348 2540 5393 sanctus
2564 5336 2745 5392 dictus
2773 5343 2880 5401 est,
2913 5335 3033 5405 capi
3085 5344 3140 5390 et
3179 5334 3322 5390 vinei
3364 5335 3432 5390 ab
3469 5331 3717 5388 hostibus

392 5429 573 5498 λόγος.
620 5431 844 5500 Ἐπειδὴ
895 5430 954 5484 δὲ
997 5426 1065 5503 ἦν
1109 5430 1232 5494 ἔθος
1276 5433 1390 5494 τοῖς
1449 5428 1725 5484 Ἰουδαίων
1767 5429 2006 5501 μάλιστα

2108 5450 2386 5504 nunquam
2424 5448 2607 5501 posse.
2647 5429 2786 5486 Cum
2827 5446 2960 5487 vero
3003 5430 3223 5495 accidit,
3261 5436 3316 5482 ut
3345 5427 3460 5498 jam
3497 5426 3631 5490 dixi,
3660 5435 3720 5479 ut

397 5520 764 5591 καθηγηταῖς,
808 5522 1023 5593 ὑψηλὴν
1077 5522 1328 5594 ἐπαίρειν
1375 5522 1518 5577 κατά
1568 5524 1773 5588 παντὸς
1816 5522 2006 5588 ἔθνους

2110 5528 2177 5583 ad
2212 5528 2329 5583 haec
2354 5525 2496 5580 mala
2519 5523 2707 5580 Judaea
2735 5523 3042 5590 deveniret,
3078 5520 3443 5578 admiratione
3483 5517 3714 5587 perculsi

393 5611 496 5683 τὴν
525 5614 721 5684 ὀφρὺν,
781 5615 1030 5687 ἄληπτόν
1060 5632 1118 5670 τε
1164 5615 1262 5669 καί⁹
1311 5615 1612 5687 ἀχείρωτον
1640 5619 1754 5681 τοῖς
1789 5616 2005 5688 ἐχθροῖς

2109 5629 2257 5689 sunt,
2295 5628 2349 5676 et
2385 5618 2693 5685 ululabant,
2734 5617 2961 5689 perinde
3009 5615 3161 5687 quasi
3219 5612 3368 5668 omni
3410 5624 3507 5682 spe
3553 5610 3720 5665 desti-

395 5706 676 5779 διαμένειν
723 5708 836 5762 ἔσθ’
872 5710 960 5765 ὅτε
989 5710 1082 5764 τὸν
1120 5709 1360 5783 Ἰσραὴλ,
1407 5711 1569 5782 εἴπερ
1603 5711 1805 5783 κλῆρος
1865 5709 2004 5766 Θεοῦ

2113 5715 2238 5783 ιυιὶ,
2269 5714 2376 5769 hoc
2419 5711 2565 5767 malo
2606 5725 2704 5767 eos
2756 5709 3094 5765 incursante.
3146 5705 3447 5775 Propterea
3502 5704 3570 5760 ad
3624 5718 3719 5760 cos

400 5801 496 5855 καὶ
541 5800 670 5867 λαὸς
699 5802 857 5872 ἅγιος
890 5802 1229 5875 ὠνομάζετο·
1280 5798 1400 5857 εἶτα
1437 5805 1791 5879 συμϐέϐηκεν
1829 5807 1887 5859 ἐν
1921 5800 2005 5870 οἷς

2112 5808 2497 5864 universorum
2542 5806 2728 5862 Deus:
2763 5801 2924 5870 Quia,
2958 5799 3155 5870 inquit,
3190 5804 3385 5866 captus
3432 5804 3517 5853 est
3551 5811 3720 5866 popu-

397 5894 540 5976 ξφην
567 5896 771 5973 ἀρτὲως
806 5894 1206 5971 γατενεχθίναι
1244 5898 1341 5974 τὴν
1373 5899 1656 5971 Ἰουδαίαν,
1696 5899 2007 5973 κατεπλήτ-

2114 5900 2195 5958 las
2230 5915 2384 5959 meus
2414 5898 2605 5973 gratis,
2672 5891 3020 5953 admiramiui
3051 5901 3105 5951 et
3129 5880 3378 5953 ululatis;
3431 5885 3554 5947 hzee
3584 5888 3714 5946 dicit
