4100 6486
396 406 539 465 “Si

1445 399 1501 455 8.
1544 398 1824 457 CYRILLI
1857 397 2330 454 ALEXANDBlNl
2367 397 2689 455 ABClllBP.

3548 394 3694 452 H52

406 520 709 579 Dominus:
735 516 964 589 Propter
1003 530 1101 572 vos
1133 528 1353 586 semper
1389 529 1589 580 nomen
1626 530 1804 571 meum
1851 513 2024 577 male,

2126 532 2247 569 οντο
2297 516 2409 595 καὶ.
2433 514 2726 581 ώλόλυζον,
2757 514 2832 580 ὡς
2870 512 3086 578 ἐλπίδος
3118 513 3337 583 ἁπάσης
3373 512 3519 583 πέρα
3562 513 3696 583 δρα-

407 613 559 669 audit
588 613 729 667 inter
760 617 970 681 gentes.
1005 607 1211 663 Fuistis
1254 606 1423 672 enim,
1451 606 1650 676 inquit,
1684 621 1783 659 vos
1814 615 2002 660 aucto-

409 721 497 762 res
520 716 573 759 et
602 718 785 768 causa,
817 711 878 756 ut
924 700 1016 770 qui
1070 699 1344 771 subjugati
1390 708 1514 755 sunt
1558 706 1891 766 paterentur,
1929 697 2004 751 si-

404 806 602 851 nentes
629 808 724 848 eos
750 807 937 847 carere
961 793 1321 857 institutione,
1352 791 1462 846 imo
1488 804 1593 845 non
1619 789 1999 859 permittentes

411 888 633 941 omnino
692 895 749 937 ut
801 885 869 940 ad
920 886 1086 939 Deum
1145 890 1575 944 reverterentur,
1650 879 2003 947 viderentque

410 978 574 1030 animi
604 976 777 1030 oculis
805 990 928 1029 eum
966 975 1057 1044 qui
1096 976 1164 1031 de
1199 974 1339 1030 caelo
1373 973 1543 1037 venit,
1598 970 1690 1041 qui
1743 971 1794 1024 in
1827 967 2002 1022 forma

410 1068 644 1122 hmnana
722 1065 864 1121 Deus
915 1065 1160 1121 Verbum
1221 1064 1493 1134 apparuit,
1558 1070 1619 1116 ut
1683 1058 2006 1131 praedicaret

412 1159 641 1225 t'aplivis
665 1158 1068 1219 remissionem,
1120 1156 1391 1226 caecisque
1424 1156 1626 1220 visum,
1673 1160 2006 1221 sanaretque

415 1251 650 1304 contrito
672 1249 836 1304 corde
857 1250 1132 1319 praeditos,
1162 1257 1221 1305 et
1247 1263 1451 1303 annum
1483 1246 1694 1301 Domini
1720 1252 2002 1313 acceptum

416 1350 659 1398 vocaret.
703 1340 891 1410 Itaque
951 1350 1173 1411 propter
1230 1354 1328 1395 vos
1384 1353 1581 1394 nomen
1634 1351 1813 1392 meum
1865 1336 2006 1390 inter

419 1443 606 1504 gentes
660 1430 799 1485 male
832 1432 1001 1484 audit.
1034 1430 1170 1485 Cum
1203 1430 1348 1485 enim
1397 1443 1493 1498 per
1521 1442 1712 1483 omnes
1754 1426 2006 1497 regiones

420 1535 471 1577 et
500 1522 659 1577 nrbes
690 1522 985 1593 dissipatus
1019 1530 1186 1584 esset,
1250 1519 1447 1587 inquit,
1488 1516 1655 1574 Israel
1693 1535 1706 1572 :
1740 1525 2006 1574 vastatam

420 1630 542 1669 esse
575 1625 822 1668 sanctam
861 1613 1163 1676 civitatem,
1202 1624 1446 1680 opusque
1468 1619 1524 1665 et
1554 1608 1841 1664 materiam
1872 1608 2010 1675 ignis

419 1709 590 1764 fuisse
623 1709 796 1777 ipsum
835 1705 1117 1776 templum,
1141 1719 1305 1760 nemo
1336 1704 1545 1774 uspiam
1578 1701 1823 1774 gentium
1853 1702 2012 1773 igno-

421 1800 605 1854 ravit:
640 1808 752 1852 tum
805 1811 986 1852 meum
1038 1809 1235 1850 nomen
1296 1793 1563 1849 conviciis
1609 1793 1909 1855 incessunt,
1955 1798 2011 1846 et

422 1905 602 1944 meam
654 1887 871 1942 elevant
911 1885 1165 1958 gloriam.
1223 1883 1504 1954 Siquidem
1531 1882 1783 1937 fortassis
1821 1889 2013 1947 putant

422 1997 599 2036 meam
637 1995 860 2035 manum
885 1976 1116 2033 debilem
1139 1989 1285 2041 esse,
1319 1989 1440 2046 quae
1472 1988 1685 2043 semper
1730 1971 1833 2028 fuit
1861 1972 2016 2027 auxi-

420 2072 573 2127 liaris
595 2071 779 2127 lsraeli
814 2088 829 2127 :
862 2084 1047 2124 veram
1070 2078 1252 2123 autem
1277 2081 1499 2123 causam
1534 2067 1713 2120 adhuc
1736 2067 2011 2137 ignorant,

422 2178 524 2219 nec
544 2164 834 2234 quisquam
865 2160 1007 2231 apud
1038 2174 1132 2216 eos
1174 2160 1358 2227 scivit,
1408 2175 1504 2216 eos
1533 2159 1697 2231 730
1725 2160 1889 2215 caedis
1913 2161 2015 2215 do-

423 2260 664 2326 minicae.
715 2270 771 2317 et
822 2259 1121 2317 multorum
1167 2258 1401 2315 aliorum
1457 2260 1782 2316 delictorum
1822 2274 2015 2330 poenas

425 2353 680 2409 solvisse.

2106 606 2299 676 μόντος
2323 607 2506 670 αὐτοῖς
2532 605 2626 660 τοῦ
2674 606 2869 661 κακοῦ.
2919 607 3018 661 Διά
3058 605 3219 660 τοῦτο
3262 606 3399 677 πρὸς
3441 606 3638 668 αὐτοὺς
3666 608 3695 660 6

2102 696 2210 751 τῶν
2242 698 2379 753 ὅλων
2407 698 2542 762 Θεός
2561 714 2575 729 ·
2608 700 2731 753 Ὀτι
2757 698 2990 770 ἐλήφθη,
3023 698 3211 769 φησὶν,
3243 699 3273 752 6
3301 696 3431 761 λαός
3460 714 3563 768 μου
3593 697 3697 750 δω-

2107 789 2255 860 ρεάν,
2292 756 2629 859 θαυμάζετε,
2660 790 2757 843 καὶ
2783 756 3247 854 ὀλώώξέτέίΤάδε
3280 756 3433 857 λέγει
3460 756 3696 859 ἐζύριος·
3726 756 3738 880 ξ

2102 882 2181 935 Δι’
2212 882 2354 952 ὑμᾶς
2384 881 2476 935 διὰ
2505 881 2708 946 παντὸς
2751 880 2813 936 τὸ
2844 881 3017 953 ὄνομά
3060 898 3163 952 μου
3202 880 3611 951 βλασφημεῖται
3642 881 3701 933 ἐν

2104 976 2217 1038 τοῖς
2263 972 2493 1029 ἔθνεσιν.
2526 973 2694 1026 Αὐτοὶ
2734 973 2864 1044 γὰρ,
2908 973 3066 1044 φησὶ,
3108 973 3373 1041 γεγόνατε
3416 971 3700 1043 παραίτιοι

2103 1064 2199 1118 τοῦ
2248 1063 2444 1117 παθεῖν
2501 1064 2629 1127 τοὺς
2674 1064 3152 1134 ὑπεζευγμένους,
3200 1065 3704 1137 ἀπαιδαγωγήτους

2105 1155 2305 1219 ἐῶντες
2332 1156 2550 1218 αὐτοὺς,
2573 1154 2773 1225 μᾶλλον
2801 1154 2858 1207 δέ
2884 1156 2984 1208 οὑκ
3007 1154 3253 1223 ἐφιέντες
3280 1154 3419 1219 ὅλως
3445 1153 3706 1224 ἐπιστρέ-

2107 1264 2228 1318 φειν
2274 1248 2357 1311 είς
2400 1246 2494 1300 τὸν
2541 1245 2698 1312 Θεὸν,
2748 1245 2990 1311 καὶτοῖς
3032 1245 3135 1317 τῆς
3176 1246 3419 1310 διανοίας
3460 1246 3706 1317 ὄμμασιν

2111 1339 2239 1393 ἰδεῖν
2265 1338 2358 1392 τὸν
2390 1335 2449 1403 ἐξ
2479 1335 2713 1409 οὐρανοῦ
2758 1337 3114 1408 καθιγμένον,
3155 1337 3252 1391 καὶ
3299 1338 3358 1390 ἐν
3390 1336 3709 1410 ἀνθρωπεία

2111 1432 2293 1503 μορφῇ
2335 1430 2614 1502 πεφηνότα
2645 1429 2777 1484 Θεὸν
2802 1430 2994 1498 Λόγον,
3027 1428 3117 1482 ἴνα
3157 1428 3377 1502 κηρύξῃ
3423 1429 3710 1500 αἰχμαλῶο

2106 1542 2221 1589 τοις
2249 1526 2464 1595 ἄφεσιν,
2518 1523 2614 1577 καὶ
2643 1521 2865 1591 τυφλοῖς
2890 1520 3209 1592 ἀνάϐλεψιν,
3243 1522 3464 1592 ίάσηται
3518 1520 3576 1576 δέ
3613 1523 3710 1575 καὶ

2100 1619 2237 1693 frob;
2306 1615 2778 1691 συντετριμμένην
2835 1613 3431 1687 [συντεθραυσμένην]
3484 1613 3712 1684 ἔχοντας

2109 1708 2208 1781 τὴν
2240 1707 2492 1780 καρδίαν,
2522 1706 2728 1779 καλέσῃ
2754 1705 2810 1761 δέ
2843 1706 2939 1760 καὶ
2964 1705 3212 1760 ἐνιαυτὸν
3247 1706 3456 1777 Κυρίου
3496 1705 3709 1759 δεκτόν.

2113 1798 2324 1855 Οὐκοῦν
2356 1799 2422 1852 δι’
2455 1800 2602 1871 ὑμᾶς
2632 1798 2692 1852 τὸ
2718 1797 2892 1869 ὄνομά
2935 1815 3038 1869 μου
3073 1797 3480 1870 βλασφημεῖται
3505 1798 3564 1851 ἐν
3588 1800 3705 1861 τοῖς

2116 1891 2346 1946 ἔθνεσιν.
2384 1889 2605 1962 Ἐπειδὴ
2630 1890 2740 1962 γάρ
2769 1892 2828 1943 ἐν
2854 1891 3043 1964 ἁπάσῃ
3090 1888 3249 1961 χώρᾳ
3308 1906 3369 1944 τε
3414 1889 3510 1944 καὶ
3559 1888 3713 1943 πόλει

2118 1984 2553 2057 κατεσκεδόωθη,
2583 1984 2770 2055 φησὶν,
2794 1984 2823 2036 6
2852 1982 3092 2058 Ἰσραὴλ,
3126 1983 3303 2048 οὐδεὶς
3330 1984 3569 2055 ἠγνόησε
3599 1981 3713 2037 τῶν

2117 2077 2222 2133 ἀνά
2253 2080 2435 2132 πᾶσαν
2461 2075 2562 2147 τὴν
2621 2076 2747 2148 γῆν,
2777 2076 2861 2130 ὅτι
2893 2074 3238 2147 πεπόρθηται
3266 2075 3364 2147 μὲν
3398 2075 3432 2146 ἡ
3460 2073 3594 2144 ἁγία
3620 2074 3719 2128 πό-

2115 2168 2222 2237 λις,
2257 2170 2420 2242 ἔργον
2458 2167 2516 2222 δέ
2542 2166 2715 2239 πυρὸς
2748 2166 2846 2221 καὶ
2880 2166 3045 2230 αὐτὸς
3074 2167 3302 2236 γέγονεν
3323 2168 3354 2221 6
3380 2165 3520 2231 νεώς
3546 2183 3562 2200 ο
3595 2161 3719 2220 εἷτα

2115 2261 2179 2315 τὸ
2204 2260 2336 2332 ἐμὸν
2359 2257 2738 2332 δυσφημοῦσιν
2765 2257 2957 2329 ὄνομα,
2981 2258 3076 2312 καὶ
3102 2257 3200 2330 τὴν
3228 2257 3370 2331 ἐμὴν
3392 2256 3715 2328 διασύρουσι

2115 2351 2295 2419 δόξαν.
2335 2350 2553 2405 Οἴονται
2581 2349 2692 2422 γάρ
2742 2348 2873 2412 ἴσως
2910 2348 3011 2421 τὴν
3060 2350 3201 2421 ἐμὴν
3243 2348 3507 2421 ἀτονῆσαι
3555 2352 3719 2421 χεῖρα

424 2448 522 2520 τὴν
555 2448 845 2521 ἐπίκουρον
893 2448 981 2503 ἀεὶ
1021 2446 1323 2521 γενομένην
1399 2446 1479 2520 τῷ
1537 2447 1775 2521 Ἰσραὴλ,
1831 2449 1932 2521 τὴν
1977 2448 2038 2502 δέ
2110 2448 2288 2519 ἀληθῆ
2332 2448 2606 2518 πρόφασιν
2671 2446 2960 2517 ἀγνοοῦσιν
3010 2446 3112 2511 ἔτι,
3166 2448 3263 2503 καὶ
3308 2447 3486 2512 οὐδεὶς
3513 2447 3543 2501 6
3590 2444 3724 2519 παρ’

425 2542 611 2605 αὐτοῖς
638 2539 1037 2611 ἐπιστάμενος,
1074 2540 1156 2595 ὅτι
1192 2538 1297 2604 τὰς
1341 2538 1444 2610 τῆς
1484 2539 1883 2612 Κυριοκτονίας
1923 2540 2018 2594 καὶ
2056 2538 2268 2593 πολλῶν
2299 2537 2505 2608 ἐτέρων
2536 2536 3030 2609 πλημμελημάτων
3061 2535 3353 2609 ἐξῄτηνται
3398 2537 3577 2601 δίκας.

500 2635 665 2690 Vsus.
695 2635 751 2702 6,
779 2636 831 2691 7.
866 2635 998 2691 Ideo
1035 2636 1161 2691 sciet
1180 2635 1403 2706 populus
1426 2651 1571 2690 meus
1602 2652 1791 2690 nomen
1816 2652 2019 2701 meum,

424 2728 483 2783 in
504 2729 587 2782 die
612 2727 728 2793 illa,
756 2728 884 2798 quia
923 2744 1017 2799 ego
1065 2744 1182 2783 sum
1211 2728 1322 2797 ipse
1355 2726 1446 2798 qui
1474 2725 1742 2797 loquebar,
1773 2726 1972 2780 Adsum
1999 2739 2020 2780 :

427 2820 585 2889 quasi
623 2819 962 2887 pulchritudo
1016 2820 1075 2873 in
1120 2820 1404 2885 montibus,
1459 2819 1614 2888 quasi
1656 2818 1810 2885 pedes
1863 2834 2024 2872 evan-

422 2911 708 2979 gelisantis
780 2911 1107 2967 auditionem
1202 2912 1391 2983 pacis,
1438 2912 1575 2966 sicut
1649 2911 2021 2983 evangelisaus

430 3004 587 3056 bona.

500 3093 767 3160 Quoniam
801 3093 969 3161 enim,
1003 3095 1200 3166 inquit,
1231 3106 1427 3153 vestra:
1455 3096 1684 3168 pigritiae
1741 3111 1905 3152 causa
1938 3096 2023 3152 in-

430 3191 719 3255 tergeutes
770 3186 911 3241 male
931 3187 1113 3254 audio,
1153 3203 1259 3244 non
1313 3187 1487 3243 feram
1534 3190 1672 3245 hanc
1722 3189 2027 3259 sycophan-

433 3276 585 3344 tiam,
621 3292 720 3333 nec
749 3278 924 3334 sinam
956 3280 1231 3349 proscindi
1284 3294 1457 3335 meam
1503 3279 1729 3352 gloriam
1776 3279 2029 3348 blasphe-

432 3368 537 3425 mis
566 3370 806 3428 vocibus.
839 3372 933 3427 lllo
955 3381 1134 3428 autem
1170 3382 1439 3444 tempore,
1469 3387 1578 3443 quo
1630 3382 1792 3427 terra:
1826 3371 2031 3426 habita-

432 3466 642 3521 toribus
671 3466 725 3521 in
755 3482 922 3522 carne
969 3467 1304 3534 illucescam,
1356 3467 1669 3538 quicunque
1729 3465 1834 3520 mei
1888 3466 2024 3519 ﬁent

430 3558 634 3629 populi,
655 3559 1048 3632 admittentque
1078 3562 1261 3628 fidem,
1291 3560 1407 3617 sive
1434 3575 1500 3615 ex
1547 3558 1750 3615 ludatis
1786 3558 1860 3614 illi
1920 3557 2032 3613 fue-

432 3648 565 3713 rint,
587 3648 701 3705 sive
727 3665 795 3706 ex
822 3653 1096 3723 gentibus,
1130 3654 1183 3708 hi
1214 3653 1389 3709 scient
1418 3667 1614 3707 nomen
1674 3666 1876 3706 meum.
1930 3649 2033 3707 No-

434 3755 559 3795 men
591 3756 719 3799 vero
746 3742 900 3808 dicit,
938 3759 1034 3814 pro
1067 3744 1257 3812 gloria.
1289 3744 1381 3799 Sic
1404 3743 1551 3799 enim
1583 3742 1728 3812 loqui
1757 3742 2029 3799 familiare

435 3840 521 3887 est
541 3830 832 3902 Scriptura:
854 3834 1111 3890 divinitus
1137 3835 1435 3905 inspirata.
1461 3833 1737 3905 Scriptum
1763 3843 1847 3890 est
1870 3849 2029 3888 nam-

441 3937 550 3992 que
582 3940 598 3979 :
632 3941 652 3977 ι
695 3924 1069 3996 Expetendum
1122 3941 1317 3983 nomen
1370 3928 1571 3983 bonum
1629 3927 1823 3996 magis,
1870 3940 2032 3996 quam

437 4013 641 4071 divitiae
692 4016 877 4073 multm
908 4017 973 4073 ¹⁸.
1008 4037 1028 4071 ι
1061 4016 1169 4076 Nos
1227 4018 1321 4090 qui
1370 4019 1441 4075 ab
1472 4017 1565 4073 illo
1612 4018 1790 4074 vocati
1822 4033 2030 4086 sumus,

438 4105 665 4177 gloriam
695 4111 813 4178 ejus
839 4111 1090 4168 novimus
1123 4128 1137 4166 :
1168 4127 1269 4168 nec
1296 4112 1364 4168 ad
1390 4126 1512 4168 eum
1532 4112 1771 4183 iudicem
1792 4113 2033 4167 omnium

438 4195 786 4254 Servatorem
814 4201 1117 4271 Christum,
1178 4202 1327 4257 velut
1372 4202 1441 4257 ad
1494 4201 1767 4257 hominem
1802 4199 2039 4257 accessi-

437 4303 561 4349 mus
595 4307 610 4345 :
671 4292 765 4347 sed
800 4293 1015 4349 etiamsi
1040 4292 1241 4352 factum
1278 4294 1351 4351 sit
1407 4308 1538 4351 caro
1562 4294 1819 4361 Verbum,
1849 4293 2034 4351 credi-

2190 2635 2295 2690 Διὰ
2324 2634 2500 2689 τοῦτο
2532 2632 2825 2704 γνώσεται
2854 2637 2887 2689 ὀ
2926 2635 3077 2701 λαός
3104 2651 3226 2704 μου
3260 2634 3328 2688 τὸ
3372 2632 3564 2705 ὄνομά
3600 2651 3725 2705 μου

2119 2724 2191 2779 ἐν
2227 2723 2302 2794 τῇ
2349 2723 2541 2795 ἡμέρῃ
2578 2725 2807 2795 ἐκείνῃ,
2848 2725 2938 2778 ὅτι
2986 2724 3101 2795 ἐγώ
3136 2727 3257 2795 εἰμι
3309 2727 3498 2791 αὐτὸς
3540 2728 3575 2781 d
3616 2729 3728 2780 λα-

2120 2814 2267 2871 λῶνο
2303 2815 2550 2885 Πάρειμι
2569 2831 2582 2844 ·
2620 2815 2704 2882 ὡς
2726 2814 2851 2885 ὥρα
2894 2815 2996 2869 ἐπὶ
3034 2815 3157 2871 τῶν
3185 2816 3394 2886 ὀρέων,
3426 2817 3510 2885 ὡς
3539 2818 3726 2885 πόδες

2123 2907 2657 2979 εὐαγγελιζομένου
2694 2907 2894 2979 ἀκοὴν
2932 2906 3201 2979 εἰρήνης,
3230 2910 3314 2978 ὡς
3350 2908 3724 2982 εὐαγγελιζό-

2052 3054 2096 3112 C
2123 3016 2313 3070 μενος
2353 2999 2568 3071 ἀγαθά.

2210 3111 2429 3184 Ἐπειδὴ
2458 3111 2587 3184 γὰρ,
2619 3113 2804 3185 φησιν,
2837 3115 2936 3184 τῆς
2957 3108 3232 3186 ὑμετέρας
3256 3113 3422 3170 ἕνεκα
3448 3113 3726 3187 ῥᾳθυμίας

2129 3203 2519 3276 ἐδυσφημήθην
2547 3207 2604 3258 ἐν
2634 3206 2745 3268 τοῖς
2768 3203 2999 3273 ἔθνεσιν,
3024 3206 3125 3260 οὐκ
3153 3205 3416 3277 ἀνέξομαι
3438 3205 3540 3277 τῆς
3574 3223 3730 3261 συκο-

2130 3297 2378 3367 φαντίας.
2423 3298 2683 3353 ἀλλὀὑδέ
2712 3299 2813 3370 τὴν
2856 3296 3096 3369 ἐμαυτοῦ
3147 3298 3307 3363 δόξαν
3346 3297 3726 3371 παλιμφήμοις

2131 3391 2279 3444 ἐάσω
2334 3389 2622 3461 βάλλεσθαι
2658 3391 2884 3461 φωναῖς.
2936 3391 3027 3445 Ἑν
3078 3390 3273 3460 ἐκείνῳ
3318 3390 3375 3446 δέ
3409 3389 3489 3462 τῷ
3525 3389 3723 3463 καιρῷ,

2131 3481 2253 3535 καθ’
2282 3480 2343 3537 ὃν
2399 3481 2694 3554 ἐπιλάμψω
2744 3485 2856 3547 τοῖς
2913 3482 3007 3535 ἐπὶ
3038 3481 3138 3554 τῆς
3171 3482 3278 3553 γῆς
3320 3482 3462 3554 μετά
3496 3482 3725 3555 σαρκὸς,

2131 3573 2292 3646 οἵπερ
2331 3574 2466 3645 ἐμοῦ
2500 3575 2769 3644 γένωνται
2798 3574 2917 3629 λαοὶ
2951 3575 3367 3647 προσηκάμενω
3394 3575 3494 3646 τὴν
3524 3574 3730 3641 πίστιν,

2133 3664 2234 3718 εἴτ’
2259 3661 2354 3719 οὖν
2389 3661 2498 3720 εἷεν
2544 3665 2605 3731 ἐξ
2637 3666 2931 3732 Ἰουδαίων,
2959 3667 3069 3721 εἴτε
3106 3666 3201 3721 καὶ
3245 3664 3307 3734 ἐξ
3352 3664 3547 3729 ἐθνῶν,
3582 3660 3730 3721 οῦτοι

2133 3756 2432 3826 γνώσονταί
2471 3773 2571 3828 μου
2599 3757 2660 3810 τδ
2681 3758 2873 3829 δνομα.
2899 3758 2974 3812 Τὸ
3005 3758 3062 3812 δέ
3082 3757 3256 3830 ὄνομά
3281 3775 3448 3830 φησιν
3474 3756 3597 3812 ἀντὶ
3628 3757 3735 3827 τῆς

2133 3845 2314 3918 δόξης.
2343 3845 2504 3911 Ἔθος
2532 3847 2641 3919 γὰρ
2660 3848 2802 3903 οὕτω
2832 3849 3015 3918 λέγειν
3038 3851 3104 3922 τῇ
3130 3848 3473 3919 θεοπνεύστῳ
3508 3847 3725 3919 Γραφῇ.

2135 3937 2452 4009 Γέγραπται
2482 3937 2608 4010 γὰρ,
2628 3939 2712 3993 ὅτι
2737 3958 2756 3992 ι
2775 3939 3004 4012 Αίρετὺν
3028 3939 3200 4011 ὄνομα
3225 3938 3407 4004 καλὸν,
3433 3935 3467 4007 ἢ
3496 3934 3728 3999 πλοῦτος

2137 4028 2324 4094 πολύς.
2347 4049 2366 4083 ι
2409 4028 2759 4102 Ἐγνώκαμεν
2792 4029 2958 4084 αὐτοῦ
2998 4029 3097 4103 τὴν
3128 4028 3306 4097 δόξαν,
3333 4030 3383 4083 oi
3412 4027 3538 4100 παρ’
3563 4024 3732 4082 αὑτοῦ

2137 4121 2487 4194 κεκλημένοι,
2533 4124 2627 4177 καὶ
2672 4123 2772 4194 οὐχ
2799 4122 2877 4188 ὼς
2918 4122 3194 4196 ἀνθρώπῳ
3236 4121 3537 4195 προσίεμεν
3568 4123 3737 4193 κριτῇ

2136 4212 2217 4285 τῷ
2244 4215 2462 4270 πάντων
2495 4214 2712 4286 Σωτῆρι
2742 4213 2997 4285 Χριστῷ·
3029 4213 3141 4269 ἀλλ’
3171 4215 3221 4268 εί
3250 4216 3346 4269 καὶ
3376 4214 3569 4284 γέγονε
3600 4212 3742 4285 σὰρξ

2137 4308 2166 4361 6
2194 4309 2387 4376 Λόγος,
2419 4306 2767 4378 πιστεύομεν,
2796 4307 2878 4360 ὅτι
2910 4305 3045 4371 Θεὸς
3072 4307 3148 4361 ὣν
3175 4305 3359 4377 φύσει,
3384 4306 3481 4360 καὶ
3506 4308 3572 4360 ἐκ
3600 4304 3737 4359 Θεοῦ

437 4395 561 4441 mus
595 4389 775 4437 tamen
809 4382 978 4438 Deum
1007 4398 1131 4440 esse
1159 4395 1353 4440 natura
1391 4394 1451 4441 et
1481 4401 1546 4440 ex
1579 4387 1690 4441 Deo
1719 4384 1901 4451 Patre,
1940 4399 2024 4438 ar-

2140 4396 2356 4469 Πατρὸς
2385 4398 2715 4471 ἀπορρήτως
2748 4398 3146 4469 γεγενημένος,
3182 4397 3325 4468 ὑπὲρ
3360 4399 3543 4452 πᾶσαν
3560 4396 3739 4451 κτίσιν

439 4487 575 4528 cano
604 4475 762 4529 modo
791 4474 1016 4539 factum,
1045 4490 1207 4547 supra
1230 4491 1446 4537 omnem
1479 4490 1788 4532 creaturam
1814 4489 1955 4541 esse,
1982 4485 2024 4531 el

2138 4489 2275 4555 ἐστὶ,
2309 4489 2404 4543 καὶ
2432 4490 2546 4551 τοῖς
2583 4489 2847 4543 ἀνωτάτω
2876 4488 3090 4560 θρόνοις
3120 4487 3419 4561 ἐμπρέπει,
3457 4489 3553 4542 καὶ
3599 4504 3738 4542 κατε

441 4568 497 4624 in
528 4580 783 4633 supremo
815 4568 954 4622 solio
981 4566 1356 4639 cﬂ‘ulgescere,
1393 4579 1450 4625 et
1476 4570 1729 4626 omnibus
1747 4568 2035 4636 dominari,

439 4654 800 4723 dextramque
824 4657 1022 4711 habere
1047 4657 1419 4726 fortissimam,
1472 4658 1745 4728 facileque
1795 4668 2040 4714 servatu-

443 4759 585 4810 rum,
614 4760 751 4814 quos
776 4747 923 4816 velit,
956 4749 1058 4803 sibi
1090 4750 1356 4817 subditos,
1392 4760 1447 4806 et
1470 4752 1602 4807 nihil
1628 4752 1854 4806 omnino
1874 4766 2038 4821 supe-

443 4852 587 4900 rare,
621 4846 698 4904 et,
734 4848 791 4892 ut
814 4838 885 4893 ita
915 4840 1112 4908 dicam,
1136 4842 1547 4911 supereminere
1567 4841 1686 4913 ejus
1713 4843 2035 4912 p0tentiam.

440 4926 559 4984 Non
600 4929 681 4985 sic
705 4931 946 4987 animum
966 4933 1181 4988 induxit
1218 4932 1408 4989 Israel.
1442 4934 1657 4990 Versati
1710 4943 1838 4991 sunt
1892 4934 2037 4989 enim

438 5023 594 5092 quasi
628 5039 749 5078 cum
775 5026 956 5098 aliquo
981 5027 1140 5083 nobis
1179 5029 1375 5094 simili,
1402 5037 1459 5084 et
1503 5044 1610 5084 non
1668 5036 1727 5083 ut
1773 5043 1897 5083 cum
1929 5028 2038 5084 Deo

439 5115 665 5171 homine
694 5115 857 5173 facto.
889 5117 1180 5189 Propterea
1206 5119 1458 5175 dixerunt
1520 5119 1812 5189 aliquando
1843 5139 1856 5175 :
1895 5139 1916 5173 ι
1956 5119 2037 5177 Tu

439 5208 560 5274 quis
595 5208 689 5263 es?
717 5219 770 5265 et
802 5226 962 5281 quem
990 5212 1227 5282 teipsum
1248 5213 1397 5269 facis
1425 5213 1487 5245 “‘
1508 5213 1559 5268 ?I
1584 5212 1647 5269 Et
1677 5231 1694 5267 -.
1732 5232 1751 5266 ί
1790 5213 1863 5269 De
1896 5214 2036 5271 bono

439 5315 605 5369 opere
635 5316 743 5357 non
776 5302 1075 5370 lapida’mus
1108 5313 1179 5373 te,
1205 5307 1300 5361 sed
1347 5317 1569 5377 propter
1618 5300 2039 5377 blasphemiam,

441 5394 584 5455 quod
616 5396 776 5449 homo
808 5409 932 5449 cum
994 5406 1050 5451 tu
1084 5398 1181 5465 sis,
1226 5396 1360 5453 facis
1399 5398 1626 5469 teipsum
1689 5399 1856 5455 Deum
1902 5400 1968 5458 ι’.
2012 5418 2034 5453 ι

443 5479 646 5537 Verum
674 5484 768 5554 qui
803 5485 1165 5553 vocabuntur,
1192 5488 1391 5560 inquit,
1426 5491 1493 5544 ad
1528 5489 1773 5546 veritatis
1803 5490 2034 5560 agnitio-

332 5626 347 5633 -
445 5589 594 5640 nem,
620 5576 797 5632 scient
827 5592 1003 5634 meam
1027 5579 1276 5650 gloriam.
1332 5580 1451 5653 Ipse
1484 5582 1629 5637 enim
1667 5582 1759 5652 qui
1810 5584 1861 5636 in
1906 5597 2037 5652 pro-

448 5663 627 5737 phetis
683 5666 960 5740 loquebar,
1019 5672 1245 5730 Adsum.
1302 5673 1446 5730 Deus
1477 5674 1623 5731 enim
1668 5682 1725 5730 et
1774 5671 2036 5730 Dominus

2135 4578 2295 4652 ἀρχει
2344 4580 2453 4634 τῶν
2502 4580 2662 4645 ὅλων,
2711 4579 2805 4633 καὶ
2839 4579 3315 4653 πανσθενεστάτην
3365 4579 3480 4652 ἔχει
3521 4579 3622 4651 τὴν
3651 4579 3740 4633 δε-

2136 4673 2277 4739 ξιὰν,
2303 4674 2401 4728 καὶ⁸
2441 4673 2605 4739 σώζει
2633 4673 2851 4745 ῥᾳδίως,
2883 4673 2977 4738 οὓς
3008 4673 3074 4729 ἂν
3105 4674 3283 4729 ἔλοιτο
3312 4672 3424 4728 τῶν
3456 4675 3550 4728 ὑπ’
3574 4673 3742 4727 αὐτὸν

2132 4764 2453 4832 γεγονότων,
2488 4765 2855 4836 ὑπερνήχεται
2885 4765 2942 4819 δὲ
2975 4766 3073 4836 τὴν
3116 4764 3283 4820 αὐτοῦ
3322 4765 3555 4837 δύναμιν
3602 4782 3745 4818 παν-

2132 4849 2307 4916 τελῶς
2353 4850 2528 4905 οῦδὲν.
2574 4851 2798 4922 Διετέθη
2830 4869 2896 4922 γε
2942 4851 3050 4924 μὴν
3097 4852 3197 4922 οὐχ
3224 4851 3400 4916 οὕτως
3432 4853 3460 4906 6
3496 4851 3741 4922 Ἰσραήλ.

2150 4941 2570 5012 Προσεσχήκασι
2596 4942 2706 5013 γὰρ
2726 4940 2802 5004 ὡς
2828 4942 2911 4995 ἐνὶ
2934 4942 3045 4995 τῶν
3070 4941 3193 4997 καθ’
3217 4944 3389 5013 ἡμᾶς,
3420 4940 3517 4995 καὶ
3547 4941 3648 5011 οὐχ
3665 4942 3775 5005 ὡς»

2147 5029 2630 5103 ἐνανθρωπήσαντι
2667 5030 2808 5101 Θεῷ.
2852 5031 2952 5085 Διά
2978 5031 3138 5087 τοῦτό
3169 5049 3302 5086 ποτε
3344 5031 3443 5104 μὲν
3477 5030 3761 5101 ἔφασκον’”

2152 5140 2172 5174 ι
2201 5123 2273 5176 Σὺ
2307 5123 2390 5186 τίς
2425 5118 2505 5187 εἷς
2538 5123 2631 5177 καὶ
2655 5121 2778 5176 τίνα
2814 5124 3041 5177 σεαυτὸν
3070 5126 3281 5189 ποιεῖς;
3314 5141 3334 5176 ι
3381 5123 3477 5177 καὶ
3497 5139 3512 5154 ·
3556 5141 3575 5175 ι
3606 5122 3748 5192 Περὶ

2146 5214 2313 5268 καλοῦ
2339 5214 2502 5286 ἔργου
2522 5216 2584 5267 οὐ
2613 5213 2908 5287 λιθάζομέν
2934 5232 3015 5283 σε,
3038 5215 3178 5271 ἀλλὰ
3205 5215 3335 5289 περὶ
3365 5214 3747 5287 βλασφημίας,

2139 5307 2223 5362 ὅτι
2257 5308 2323 5361 σὺ
2382 5305 2672 5376 ἄνθρωπος
2721 5306 2798 5362 ὢν
2845 5309 3017 5372 ποιεῖς
3064 5306 3292 5361 σεαυτὸν
3342 5305 3495 5362 Θεόν.
3526 5324 3545 5358 ι
3594 5304 3748 5374 Πλὴν

2138 5401 2301 5472 οἵπερ
2338 5400 2405 5455 ἂν
2456 5399 2709 5470 κληθεῖεν
2755 5401 2835 5464 είς
2888 5399 3185 5469 ἐπίγνωσιν
3229 5398 3521 5470 ἀληθείας,
3566 5398 3743 5469 φησὶ,

2140 5492 2442 5562 γνώσονταί
2472 5510 2575 5565 μου
2604 5492 2703 5563 τὴν
2733 5492 2912 5561 δόξαν.
2941 5492 3113 5556 Αὐτὸς
3140 5490 3252 5563 γὰρ
3276 5493 3304 5545 6
3329 5491 3390 5543 ἐν
3429 5488 3745 5561 προφήταις

2138 5585 2338 5640 λαλῶν
2371 5585 2628 5658 Πάρειμι.
2651 5584 2784 5649 Θεὸς
2813 5585 2923 5655 γὰρ
2946 5584 3022 5638 ὣν
3051 5582 3257 5656 Κύριος
3285 5581 3558 5652 ἐπέφανεν
3582 5580 3740 5650 ἡμῖν,

2140 5674 2284 5731 κατά
2312 5676 2372 5731 τὸ
2400 5676 2809 5750 γεγραμμένον.
2847 5675 3021 5732 Τοῦτο
3046 5676 3141 5732 καὶ
3166 5677 3194 5730 6
3221 5675 3496 5746 πάνσοφος
3524 5671 3744 5736 Παῦλος

525 5838 569 5910 ξ⁶
592 5839 754 5899 Prov.
788 5862 902 5915 xxi,
945 5847 994 5907 ί.
1075 5850 1138 5884 ¹⁶“
1174 5850 1331 5913 Joau.
1360 5868 1479 5922 vm,
1511 5851 1610 5907 ιε.
1691 5851 1730 5884 ⁸⁷
1766 5847 1920 5910 Ιοηιι.
1960 5867 2012 5920 x,
2054 5852 2147 5907 εὖ-

3346 5966 3423 5977 ⁵....
