4100 6460
361 437 497 494 1155

1493 412 1559 468 ΙΝ
1600 408 1837 468 lSAlAM
1881 405 2013 464 LIB.
2058 402 2124 459 Υ.
2168 400 2406 457 ΤΟΜὶΞ
2451 400 2492 455 l.

3512 395 3653 455 ιιδι

350 554 598 612 διδάσκει
627 545 803 617 λέγων
823 558 836 573 ·
877 559 897 595 ι
924 532 1258 608 Πολυμερῶς
1308 530 1405 585 καὶ
1447 526 1803 601 πολυτρόπως
1841 525 1948 580 πά-
1980 578 1984 589 ι

2089 518 2492 591 pparuitnobis,
2529 514 2982 587 quemadmodum
3036 513 3299 586 scriptum
3355 522 3458 571 est.
3494 516 3656 584 Quod

351 650 442 701 λαι
472 646 500 699 6
522 642 655 707 Θεὸς
684 636 929 709 λαλήσας
952 635 1067 695 τοῖς
1085 624 1357 697 πατράσιν
1384 625 1442 677 ὲν
1475 624 1587 686 τοῖς
1618 621 1951 693 προφήταις,

353 740 440 793 ἐπ’
469 731 721 807 ἐσχάτων
758 729 869 782 τῶν
903 722 1130 797 ἡμερῶν
1164 718 1372 772 τούτων
1422 714 1684 785 ἐλάλησεν
1723 714 1854 785 ἡμῖν
1897 712 1956 764 ὲν

356 829 502 901 Υξῷ,
538 801 628 881 ’.ὃν
690 823 859 895 ἔθηκε
921 814 1263 889 κληρονόμον
1321 810 1577 873 πάντων,
1635 806 1703 861 δι’
1749 801 1810 860 οὗ
1861 804 1959 859 καὶ

356 898 584 993 ἐποίησε
600 920 728 982 τοὺς
749 913 972 976 αἰῶνας.
1022 930 1040 964 ι
1098 904 1394 977 Ἀθρητέον
1421 904 1486 991 δὴ
1510 898 1603 957 οὖν
1636 902 1695 954 ὲν
1724 898 1957 964 τούτοις,

358 1017 440 1069 ὅτι
474 988 791 1084 παρήνεγκε
832 1007 935 1077 μὲν
961 1003 1042 1066 εἰς
1073 998 1137 1053 τὸ
1164 993 1303 1052 εἶναι
1338 995 1408 1049 τὰ
1459 988 1640 1048 πάντα
1673 991 1740 1045 δι’
1763 988 1898 1044 ’[ἱοῦ
1926 988 1955 1042 6

363 1107 498 1170 Θεὸς
540 1082 638 1158 παλ.
663 1098 879 1170 Πατὴρ,
903 1093 1173 1164 λελάληκε
1198 1089 1256 1143 δὲ
1282 1088 1420 1159 πρὸς
1446 1087 1594 1158 ἡμᾶς
1622 1085 1681 1137 ὲν
1710 1082 1960 1153 ἐσχάτοις

367 1198 609 1267 καιροῖς,
651 1193 753 1262 οὐχ
801 1189 878 1251 ὼς
926 1185 994 1240 δι’
1018 1183 1209 1255 ἑτέρου
1266 1179 1468 1252 μᾶλλον
1502 1176 1620 1230 ι)ἰοῦ
1675 1174 1770 1228 τοῦ
1818 1172 1964 1228 κατὰ

370 1263 546 1358 σάρκα
594 1285 659 1337 ὲκ
703 1276 964 1350 γυναικὸς
989 1316 1004 1340 ,
1054 1272 1200 1328 καθά
1246 1271 1464 1358 φρονεῖν
1508 1264 1654 1331 ἐδοξέ
1699 1280 1811 1319 τισι
1854 1263 1964 1318 τῶν

366 1347 841 1450 διεστραμμένων,
871 1369 987 1424 ἀλλ’
1018 1366 1094 1431 ὡς
1143 1362 1264 1428 ἐνὸς
1310 1347 1465 1425 ὄντος
1507 1358 1641 1413 Υἱοῦ
1686 1357 1826 1429 μετά
1866 1357 1967 1428 τῆς

371 1474 574 1547 σαρκὸς
593 1472 688 1524 τοῦ
720 1469 787 1523 δι’
814 1467 962 1539 ἡμᾶς
994 1460 1154 1517 ὲνανθ
1165 1457 1523 1532 ρωπήσαντος
1552 1451 1751 1520 Λόγον,
1781 1450 1840 1515 ὃς
1874 1450 1969 1503 καὶ

371 1541 481 1621 των
519 1564 733 1620 αἰώνων
776 1560 893 1613 ἐστὶ
941 1555 1196 1627 ποιητής.
1235 1551 1477 1621 Πάρειμι
1508 1546 1572 1618 δὴ
1604 1541 1698 1600 οὖν
1743 1543 1820 1606 ὠς
1848 1541 1970 1613 ὥρα

373 1659 467 1712 ἑπί
497 1656 606 1711 τῶν
633 1653 824 1726 ὀρέων,
850 1648 1034 1721 φησίν·
1069 1645 1219 1717 ὥραν
1248 1642 1304 1695 δέ
1330 1657 1464 1712 φησι
1493 1637 1553 1691 τὸ
1582 1636 1703 1708 ἔαρ.
1736 1634 1875 1706 Φέρε
1904 1631 1969 1702 δὴ

375 1744 469 1804 οὖν
526 1745 965 1817 καταθρήσωμεν
1007 1739 1083 1804 ὡς
1126 1741 1190 1790 ὲκ
1224 1736 1550 1807 πράγματος
1595 1726 1871 1800 ἐμφανοῦς
1902 1726 1972 1778 τὰ

2056 614 2219 668 etiam
2246 611 2447 666 Paulus
2476 610 2917 681 sapientissimus
2947 610 3130 675 docet,
3163 624 3286 664 cum
3320 610 3432 665 ait:
3461 628 3481 662 ι
3516 610 3655 667 Mul-

2060 704 2296 760 til'ariam
2326 710 2382 757 et
2419 703 2800 767 multipliciter
2826 703 2953 758 olim
2994 703 3135 759 Deus
3183 704 3449 758 allocutus
3475 717 3660 774 patres

2058 812 2156 869 per
2174 797 2488 867 prephetas,
2528 799 2819 864 postremis
2852 798 3000 851 hisce
3032 799 3246 861 diebus,
3274 798 3546 853 allocutus
3574 811 3661 853 est

2060 908 2161 948 nos
2194 892 2247 945 in
2282 890 2443 952 Filio,
2480 902 2640 957 quem
2698 890 2939 941 omnium
2972 891 3164 944 statuit
3216 892 3509 953 lta‘redem,
3564 908 3661 959 per

2060 1000 2219 1056 quem
2250 985 2410 1039 etiam
2432 981 2864 1037 fecitsmcula‘h
2887 979 3289 1037 Observandum
3305 995 3526 1053 estergo
3552 988 3658 1052 hic,

2064 1078 2209 1148 quod
2239 1077 2380 1130 Deus
2410 1085 2466 1129 et
2513 1074 2676 1128 Pater
2693 1089 2780 1127 res
2814 1088 3005 1128 omnes
3042 1075 3093 1128 itt
3129 1079 3424 1129 essentiam
3463 1081 3660 1145 produ-

2063 1170 2206 1225 xerit
2242 1184 2338 1239 per
2361 1167 2578 1230 Filium,
2615 1166 2937 1233 locutusque
2970 1167 3132 1221 fuerit
3186 1168 3365 1235 nobis,
3396 1172 3661 1225 extremis

2067 1261 2402 1332 temporibus
2435 1277 2449 1314 :
2484 1275 2588 1315 non
2631 1258 2782 1326 quasi
2824 1257 2960 1311 alius
2987 1257 3129 1312 (ilius
3159 1269 3303 1313 esset
3360 1265 3662 1314 secundum

2066 1369 2311 1420 carnem,
2342 1369 2410 1409 ex
2430 1353 2674 1417 muliere,
2708 1351 2865 1406 sicuti
2896 1352 3150 1406 videmur
3177 1353 3397 1421 quidam
3426 1356 3664 1421 [δεινοί-εἰ

2068 1448 2318 1503 homines
2363 1447 2608 1502 sentire:
2641 1445 2737 1500 sed
2785 1460 2924 1499 unus
3003 1457 3086 1501 est
3129 1445 3302 1501 Filius
3353 1461 3474 1501 cum
3505 1447 3666 1517 731

2071 1556 2236 1597 carne
2263 1538 2500 1595 Verbum
2525 1550 2747 1610 propter
2769 1555 2870 1593 nos
2900 1532 3239 1595 humanitate
3270 1553 3543 1609 suscepta,
3576 1542 3669 1611 qui

2071 1632 2235 1688 etiam
2258 1632 2578 1688 smculorum
2603 1641 2686 1686 est
2732 1632 3008 1687 conditor.
3061 1631 3264 1686 Adsum
3327 1633 3492 1703 igitur
3515 1634 3671 1702 quasi

2076 1724 2440 1796 pulchritudo,
2467 1723 2745 1793 inquit,-in
2768 1722 3047 1777 montibus
3079 1739 3093 1775 :
3125 1720 3276 1793 ὥραν
3306 1732 3488 1776 atdem
3514 1723 3670 1789 dicit,

377 1815 848 1910 πνευματικάξτί
876 1834 938 1888 τὸ
981 1833 1082 1904 ἔαρ
1115 1829 1280 1901 ὀφθὶν
1309 1829 1368 1881 ὲν
1400 1827 1514 1889 τοῖς
1549 1822 1733 1895 ὄρεσιν
1776 1821 1975 1874 ἀποτε-

2089 1832 2189 1872 rer.
2230 1816 2472 1885 Agedum
2501 1830 2631 1884 ergo
2655 1815 2936 1869 videamus
2979 1815 3124 1869 velut
3148 1830 3211 1869 ex
3261 1831 3319 1869 re
3376 1831 3497 1883 quat
3539 1831 3675 1870 con-

376 1890 504 1999 iei:
521 1890 860 1998 aviis—rvet};
894 1890 1171 1995 στεφανοῖ.
1190 1922 1257 1977 τά
1289 1917 1454 1990 φυτὰ,
1481 1890 1668 1980 καὶ-ἐξ
1696 1910 1975 1984 ἀκαρπίας

2089 1911 2264 1980 tpicua
2305 1914 2409 1973 est,
2442 1905 2765 1975 spiritualia.
2797 1903 2906 1959 Ver
2960 1920 3226 1975 apparens
3269 1907 3322 1959 in
3378 1908 3676 1972 montibus,

375 2025 518 2082 αὑτά
577 2022 867 2096 μεθίστησι
934 2018 1072 2091 πρὸς
1126 2013 1422 2081 ἁπότεξιν,
1476 2004 1552 2065 ὧν
1607 2008 1674 2063 ἂν
1727 2003 1976 2076 φυσικῶς

377 2093 612 2171 ’ἑκαστον
648 2112 781 2183 ἔχοι.
824 2107 1080 2163 Τοιοῦτόν
1113 2123 1168 2159 τι
1208 2103 1306 2158 καὶ
1343 2105 1401 2157 ὲν
1432 2102 1562 2164 -τοῖς
1587 2099 1832 2170 ’ᾼσμασι
1867 2093 1979 2147 τῶν

380 2207 646 2281 ᾀσμάτων
692 2201 1084 2275 γεγραμμένον
1128 2197 1471 2269 εὑρήσομενο
1507 2210 1526 2244 t
1570 2190 1805 2245 Ἀνάστα
1846 2186 1978 2258 γὰρ,

379 2279 533 2365 ἐλθὲ,
568 2297 755 2368 φησὶν,
785 2297 819 2367 ἡ
853 2292 1081 2365 πλησίον
1123 2307 1249 2363 μου,
1303 2286 1441 2359 καλή
1501 2302 1625 2357 μου,
1675 2279 1980 2355 περιστερά

385 2406 514 2465 pou’
556 2392 639 2444 ὅτι
672 2388 783 2443 ἰδοὺ
808 2388 838 2440 6
873 2382 1082 2458 χειμὼν
1131 2380 1432 2452 παρῆλθεν,
1457 2379 1485 2431 6
1513 2376 1668 2440 ὑετὸς
1701 2371 1980 2446 παρῆλθεν

380 2463 585 2555 ἑαυτῷ,
612 2482 683 2536 τὰ
709 2478 845 2551 ἄνθη
876 2475 1035 2548 ὤφθη
1058 2475 1152 2530 ὲπί
1172 2474 1275 2545 τῆς
1312 2474 1434 2543 γῆς,
1465 2468 1659 2539 καιρὸς
1681 2466 1781 2537 τῆς
1806 2463 1982 2555 τομῆς

384 2554 612 2645 ἔφθασε.
639 2592 658 2627 ι
695 2569 981 2641 Χειμῶνος
1028 2567 1139 2638 γὰρ
1175 2563 1605 2635 παρελάσαντος,
1638 2557 1700 2613 τὸ
1731 2554 1983 2626 λαμπρὸν

385 2666 488 2738 ἔαρ
512 2664 725 2735 ἀνίσχει
753 2665 822 2734 τῇ
853 2663 947 2732 γῇ,
981 2658 1077 2712 καὶ
1112 2655 1319 2711 ἀνθέων
1350 2653 1518 2724 αὐτὴν
1550 2649 1839 2718 ἀποφαίνει
1869 2662 1987 2719 τρο⁴

389 2758 511 2829 φὺν,
543 2754 642 2810 καὶ
670 2750 903 2825 καρπῶν
931 2748 1159 2822 ὡρίμων
1190 2748 1425 2800 ποιεῖται
1467 2743 1701 2814 μητέρα.
1730 2738 1986 2794 Τοιοῦτόν

389 2867 446 2905 τι
486 2849 580 2903 καί
611 2846 740 2919 περί
785 2844 936 2917 ἡμᾶς
975 2842 1293 2913 πέπρακται
1330 2837 1557 2906 νοητῶς.
1606 2832 1988 2903 Κατεχείμασε

391 2942 504 3014 γὰρ
530 2941 629 3012 τὴν
657 2938 748 2992 ὑπ’
790 2934 1019 3008 οὐρανὸν
1057 2934 1086 2987 6
1112 2933 1330 3005 δράκων
1374 2932 1402 2984 6
1432 2927 1747 2996 ἀποστάτης
1768 2964 1782 2988 ,
1817 2921 1990 2995 ξηρὰν

393 3032 490 3086 καὶ
522 3031 773 3102 ἄκαρπον
803 3028 1087 3098 ἀπέφηνεν
1120 3025 1313 3096 αὑτήν.
1352 3019 1463 3075 *Ην
1492 3020 1602 3091 γὰρ
1640 3018 1776 3082 ὅλως
1818 3016 1993 3078 οὐδεὶς

390 3128 420 3180 ὁ
453 3123 620 3179 ποιῶν
648 3120 1014 3194 χρηστότητα,
1043 3119 1145 3172 οὐκ
1168 3112 1239 3189 ἦν
1265 3116 1370 3180 ἕως
1406 3113 1575 3178 ἐνὸς,‹
1600 3109 1761 3166 Ἀλλά
1795 3109 1995 3170 πάντες

394 3214 677 3285 ἐξέκλιναν
705 3215 844 3285 ἃμα,
874 3210 1311 3284 ἡχρειώθησαν.»
1354 3205 1573 3274 Ἐπειδὴ
1603 3202 1661 3257 δὲ
1696 3199 1835 3271 μετὰ
1865 3215 1998 3270 σαρ-

2079 2002 2209 2074 quid
2233 1998 2433 2057 eﬂicit?
2463 1998 2635 2055 Ornat
2660 2014 2752 2054 eos
2777 1996 2908 2053 ﬂore
2935 2000 3159 2061 recenti,
3197 2006 3253 2053 et
3279 2013 3344 2052 ex
3393 2000 3680 2054 sterilitate

2082 2094 2468 2151 fecunditatem
2521 2091 2713 2162 gignit,
2764 2096 2927 2159 prout
2969 2089 3231 2159 cujusque
3297 2100 3492 2144 natura
3546 2090 3675 2148 fcl'l.

2082 2186 2254 2254 Quale
2285 2186 2448 2242 etiam
2481 2185 2532 2238 in
2563 2182 2803 2238 Canticis
2834 2182 3174 2237 canticorum
3206 2182 3469 2252 scriptum
3530 2182 3684 2237 iuve-

2082 2281 2297 2337 niemus
2319 2301 2332 2336 :
2358 2298 2379 2332 ι
2418 2279 2591 2350 Surge
2618 2278 2788 2342 enim,
2820 2277 2965 2342 veni,
2990 2278 3186 2348 inquit,
3217 2279 3516 2347 propinqua
3536 2292 3685 2343 mea,

2084 2375 2307 2447 pulchra
2339 2373 2745 2439 mea,columba
2787 2387 2927 2430 mea.
2954 2372 3090 2439 Quia
3131 2385 3260 2425 ecce
3320 2373 3492 2426 hiems
3541 2386 3687 2441 pra:-

2087 2466 2254 2533 teriit,
2288 2465 2462 2521 imber
2489 2466 2646 2530 abiit,
2678 2464 2906 2519 recessit
2942 2464 3067 2530 sibi,
3103 2462 3263 2518 ﬂores
3312 2472 3688 2534 apparuerunt

2086 2557 2335 2625 interra,
2370 2567 2588 2626 tempus
2633 2556 2931 2628 putationis
2986 2555 3245 2623 praevenit
3273 2555 3338 2615 ⁸9.
3391 2573 3411 2607 ι
3458 2555 3691 2610 Praeter-

2087 2647 2236 2719 lapsa
2261 2649 2406 2704 enim
2439 2648 2641 2713 hieme,
2673 2662 2771 2702 ver
2820 2646 3105 2715 pulchrum
3155 2646 3206 2699 in
3239 2656 3382 2699 terra
3410 2647 3608 2709 oritur,
3635 2655 3693 2699 et

2090 2756 2211 2797 eam
2240 2742 2507 2796 nutricem
2534 2737 2729 2796 ﬂorum
2758 2738 2960 2804 reddit,
2993 2747 3335 2805 matremque
3387 2737 3694 2807 pulcherri-

2092 2850 2304 2890 morum
2346 2833 2618 2889 fructuum
2667 2829 3158 2902 facit.Cujusmodi
3211 2831 3375 2884 etiam
3437 2833 3502 2885 de
3535 2831 3694 2884 nobis

2095 2923 2299 2979 factum
2345 2933 2431 2979 est
2490 2922 2923 2991 intelligibiliter.
2997 2921 3243 2978 lliemem
3315 2921 3459 2974 enim
3508 2917 3700 2976 oﬂudit

2095 3018 2217 3074 orbi
2249 3029 2521 3073 terrarum
2562 3016 2729 3072 draco
2754 3024 3025 3084 apostata,
3076 3028 3313 3083 eumque
3370 3012 3580 3066 aridum
3644 3021 3700 3067 et

2098 3114 2498 3171 infructuosum
2534 3110 2790 3167 reddidit.
2826 3110 2938 3165 Nec
2977 3107 3120 3161 enim
3155 3108 3442 3177 quisquam
3477 3106 3702 3160 omnino

2099 3214 2219 3263 erat
2244 3205 2338 3276 qui
2358 3205 2654 3261 bonitatem
2685 3209 3063 3265 exerceret,ne
3089 3214 3228 3251 unus
3251 3198 3465 3265 quidem
3493 3215 3506 3251 :
3551 3215 3570 3248 t
3593 3196 3700 3249 St-d

396 3309 492 3374 κὸς
537 3307 811 3377 ὲπέφανεν
852 3307 881 3359 6
912 3302 1264 3373 Μονογενὴς,
1314 3299 1537 3372 γέγονεν
1579 3295 1711 3365 ἡμῖν
1756 3291 1833 3355 ὡς
1878 3288 1984 3361 ὥρο

2100 3313 2295 3355 omnes
2324 3297 2669 3353 declinarunt
2699 3295 2927 3364 pariter,
2956 3302 3012 3347 et
3037 3291 3252 3345 inutiles
3292 3290 3417 3343 facti
3442 3290 3698 3343 ειιηι¹⁹⁶.ι

398 3401 495 3456 ἐπὶ
529 3400 638 3456 τῶν
671 3400 864 3472 ὀρέων.
904 3394 1309 3467 Ἀπηνθηκότες
1346 3392 1457 3462 γὰρ
1495 3387 1685 3457 ὥσπερ
1721 3385 1815 3438 καὶ
1855 3384 1997 3437 ἁπά·

401 3512 503 3565 σης
542 3493 746 3566 ἀρετῆς
779 3490 1091 3563 ὡραιότητα
1131 3487 1242 3540 τῶν
1283 3484 1428 3538 ίδίων
1460 3480 1647 3553 ψυχῶν
1689 3474 1995 3545 (11:06:61.1;-

403 3587 585 3652 κότες,
614 3584 982 3653 ἀνεθάλλομεν
1010 3583 1069 3634 ὲν
1095 3576 1246 3648 αὐτῷ
1271 3576 1369 3630 καὶ
1397 3569 1772 3643 πνευματικῆς
1799 3567 1997 3638 εὐκαρ-

403 3680 535 3744 πίας
563 3672 998 3748 πεπληρώμεθα,
1024 3656 1165 3726 ὥστε
1206 3667 1302 3722 καὶ
1332 3664 1596 3721 δύνασθαι
1626 3661 1808 3730 λέγειν
1842 3652 1905 3712 τδ
1938 3659 1999 3713 ὲν

401 3770 484 3844 τῷ
513 3770 757 3844 ’ᾼσματι
795 3766 906 3821 τῶν
951 3763 1242 3837 ᾀσμάτων·
1281 3781 1300 3813 t
1342 3756 1646 3829 Ἀδελφιδός
1692 3772 1793 3827 μου
1823 3769 2000 3807 κατα-

406 3866 558 3938 ϐήτω
599 3867 680 3928 εἰς
726 3862 902 3934 κῆπον
934 3857 1125 3922 αὐτοῦ,
1164 3855 1260 3911 καὶ
1307 3853 1528 3924 φαγέτω
1567 3847 1782 3921 καρπὸν
1832 3846 2004 3918 ἀκρο-

403 3958 583 4030 δρύων
614 3954 834 4011 αὑτοῦ.»
862 3953 1061 4021 Γέγονε
1087 3951 1287 4012 τοίνυν,
1317 3947 1393 4009 ὡς
1421 3945 1540 4019 ὥρα
1565 3944 1657 3998 ὲπί
1681 3941 1789 3996 τῶν
1810 3939 2002 4013 ὀρέων,

409 4049 505 4103 καὶ
531 4049 609 4111 ὡς
647 4047 808 4106 πόδες
832 4041 1324 4113 εὐαγγελιζομένου
1359 4037 1531 4108 ἀκοὴν
1562 4034 1811 4105 εἰρήνης,
1850 4031 2009 4096 εὐαγ-

410 4138 767 4209 γελιζομένου
789 4136 846 4190 δὲ
867 4137 963 4188 καὶ
985 4133 1182 4202 ἀγαθά·
1206 4129 1410 4202 μεταξὺ
1430 4129 1540 4199 γὰρ
1564 4128 1822 4196 κειμένης
1849 4121 2008 4193 ἡμῶν

414 4249 475 4287 τε
522 4230 619 4286 καὶ
649 4228 745 4283 τοῦ
777 4225 914 4281 Θεοῦ
944 4225 1045 4296 τῆς
1072 4221 1367 4295 ἁμαρτίας,
1393 4221 1791 4288 διειστήκειμεν
1819 4212 2007 4278 αὑτοῦ,

415 4324 512 4380 καὶ
549 4319 1034 4391 ἀπενοσφίσθημεν
1072 4314 1168 4370 τοῦ
1205 4313 1502 4375 Δεσπὸτου,
1548 4312 1643 4364 καί
1688 4310 1801 4372 τοῖς
1844 4307 2013 4370 θείοις

417 4413 584 4471 αὑτοῦ
623 4413 810 4485 νόμοις
836 4407 1309 4478 ἀντανιστάμενοι,
1341 4405 1433 4458 καὶ
1456 4402 1810 4462 Δεσποτικοῖς
1848 4396 2011 4466 θελή-

423 4527 590 4582 μασιν
632 4507 1113 4579 άντιπράττοντες,
1155 4499 1249 4553 καὶ
1289 4499 1347 4555 ἐν
1380 4496 1532 4562 τάξει
1577 4492 1852 4564 πολεμίων
1897 4490 2013 4544 κεί-

423 4578 596 4666 μενοι.
638 4598 779 4653 Ἀλλ’
806 4578 1090 4664 ίὲπέφανεν
1130 4592 1159 4644 6
1193 4588 1427 4660 Χριστὸς
1460 4588 1493 4657 ἡ
1527 4584 1720 4657 εἰρήνη
1764 4578 1945 4652 ἡμῶν,
1986 4579 2015 4631 6

2107 3389 2213 3445 Sed
2246 3387 2338 3442 ubi
2362 3403 2485 3443 cum
2513 3401 2679 3441 carne
2709 3384 2959 3454 apparuit
3028 3382 3379 3451 Unigenitus,
3419 3380 3592 3435 factus
3620 3391 3706 3435 est

2106 3480 2266 3537 nobis
2297 3477 2452 3533 velut
2485 3476 2833 3547 pulchritudo
2856 3475 2911 3529 in
2937 3471 3229 3528 montibus.
3266 3470 3403 3527 Cum
3435 3472 3580 3527 cnim
3612 3473 3707 3525 tle-

2106 3569 2500 3633 ﬂoruissemus,
2559 3559 2851 3637 omnisque
2919 3563 3136 3618 virtutis
3195 3562 3449 3617 decorem
3497 3561 3700 3617 animis

2110 3663 2313 3720 nostris
2384 3658 2759 3730 ejecissemus,
2797 3656 2850 3711 in
2888 3655 3006 3726 ipso
3038 3651 3404 3720 reﬂoruimus,
3435 3661 3487 3707 et
3539 3653 3704 3721 Spiri-

2113 3754 2244 3812 tuali
2267 3753 2548 3810 fertilitate
2577 3749 2997 3814 abundavimus,
3041 3745 3117 3801 ita
3154 3752 3214 3801 ut
3243 3745 3406 3800 liceat
3435 3745 3618 3800 dicere
3644 3745 3714 3798 ii-

2112 3849 2203 3906 lud
2234 3850 2287 3904 in
2319 3848 2547 3903 Cantico
2576 3842 2916 3898 canticorum
2950 3854 2966 3892 :
3003 3856 3024 3893 ι
3056 3837 3236 3908 Nepos
3290 3852 3443 3893 meus
3486 3838 3712 3892 descen-

2114 3943 2208 4000 dat
2231 3943 2283 3997 in
2318 3942 2536 3997 hortum
2593 3951 2777 4002 suum,
2828 3944 2886 3990 et
2934 3932 3188 3986 comedat
3233 3929 3472 3984 fructum
3505 3942 3711 3983 nucum

2115 4049 2336 4092 suarum
2369 4033 2436 4087 ὀ.
2479 4048 2500 4082 ι
2531 4029 2734 4085 Factus
2781 4034 2868 4080 est
2885 4023 3050 4094 igitur
3104 4036 3203 4077 ceu
3264 4019 3613 4092 pulchritudo
3657 4023 3712 4075 in

2116 4124 2418 4186 montibus,
2445 4126 2500 4175 et
2532 4130 2587 4172 ttt
2618 4119 2782 4187 pedes
2807 4112 3236 4184 evangelizantis
3257 4112 3589 4168 auditionem
3615 4126 3718 4180 pa-

2121 4217 2228 4282 cis,
2257 4211 2687 4284 evaugelizantis
2716 4208 2880 4263 etiam
2909 4207 3081 4272 bona;
3118 4220 3243 4259 nam
3291 4213 3517 4275 peccato
3571 4205 3717 4259 inter

2119 4321 2222 4362 nos
2259 4312 2316 4360 et
2348 4303 2519 4357 Deum
2549 4297 2943 4359 intercedente,
2977 4293 3045 4347 ab
3060 4307 3127 4347 eo
3151 4291 3388 4361 separati
3432 4304 3638 4353 sumus,
3661 4296 3720 4344 et

2121 4411 2150 4448 a
2181 4393 2412 4449 Domino
2443 4386 2724 4460 disiuncti,
2752 4386 2951 4440 divinis
2975 4383 3147 4455 ipsius
3189 4381 3400 4451 legibus
3449 4379 3716 4434 resisten-

2123 4497 2226 4551 tes,
2242 4494 2296 4541 et
2316 4481 2528 4540 Domini
2549 4478 2811 4536 voluntati
2833 4479 3217 4539 adversantes,
3247 4483 3302 4528 ct
3330 4472 3448 4528 loco
3473 4470 3716 4525 hostium

2122 4577 2315 4634 habiti.
2346 4575 2454 4631 Sed
2489 4572 2743 4643 apparuit
2778 4570 3036 4627 Christus
3058 4581 3163 4636 pax
3193 4575 3401 4631 nostra,
3427 4564 3518 4635 qui
3551 4563 3720 4618 inter-

418 4655 520 4768 την
547 4692 751 4766 μεταξὺ
779 4655 1042 4761 κειμένην
1063 4655 1279 4752 ἀφελὼν
1305 4655 1601 4753 ἁμαρτίαν,
1629 4677 1724 4732 καὶ
1750 4673 1984 4746 συμϐῆνο

2089 4667 2099 4709 ἰ
2123 4672 2326 4742 jcctum
2371 4677 2656 4738 peccatum
2707 4661 2936 4725 amovit,
2984 4669 3043 4716 et
3088 4657 3240 4714 Patri
3302 4655 3669 4722 reconciliavit
3701 4692 3719 4718 ,

422 4748 976 4860 πάρασκειξάσαςέίς
999 4748 1192 4849 ’φιλίαν
1245 4774 1324 4845 τῷ
1348 4748 1581 4844 ⁷ΙΙα-τρί,
1628 4771 1724 4825 καὶ
1775 4765 1984 4837 συνάψαι

2118 4763 2332 4833 sibique
2351 4776 2453 4816 nos
2483 4758 2786 4826 cunjunxit.
2820 4753 2927 4808 Per
2950 4754 3124 4823 ipsum
3141 4751 3287 4807 enim
3312 4764 3593 4806 accesstun
3624 4748 3725 4803 ha-

421 4840 574 4952 ἠμίῖις
619 4878 684 4931 δι’
736 4840 970 4931 ἑαυτοῦ(
996 4840 1063 4926 δί’
1115 4840 1306 4925 αὐτοῦ-
1335 4866 1441 4939 γάρ
1494 4840 1600 4935 τὴν
1646 4858 1984 4933 προσαγωγὴ

2118 4855 2356 4911 buimus.
2389 4848 2859 4919 Quemadmodum
2893 4844 3080 4916 igitur,
3112 4842 3161 4897 si
3190 4843 3316 4914 quis
3341 4882 3357 4911 ,
3403 4840 3602 4910 inquit,
3627 4853 3723 4894 ce-

423 4932 761 5043 eitiiﬁ'xapsv.
790 4968 1006 5040 ’Ὠσπερ
1045 4959 1162 5030 οὖν,
1207 4963 1260 5017 εί
1294 4932 1378 5025 τις
1414 4932 1651 5031 ἔρχοιτο,
1689 4932 1856 5025 φησί,
1894 4951 1984 5023 δρο

2121 4948 2201 5004 ler
2220 4958 2271 5002 et
2302 4945 2536 5000 festinus
2567 4940 2800 5006 veniret,
2832 4947 2888 4993 et
2914 4937 3102 4993 hostes
3126 4944 3316 5013 captos
3343 4932 3593 4998 referret,
3628 4946 3725 5000 pa.

642 5022 737 5118 λαὶ
773 5022 1213 5132 ταχθς,’ἀλῶναι
1239 5022 1417 5125 λέγων
1447 5022 1823 5123 εχθροὺςξιιαί
1852 5022 1984 5113 ἐπαγ

2122 5051 2349 5107 cemque
2407 5031 2706 5095 nuntiaret,
2776 5038 2831 5083 et
2904 5026 3048 5083 bona
3113 5024 3566 5095 evangelizaret:
3633 5022 3717 5077 sic

424 5118 633 5225 ἂιλλῷν
661 5118 1425 5223 εἰρήνηινίεὺαγγελιζόμενός
1456 5118 1517 5193 θέε
1545 5118 1614 5191 τὰ
1641 5135 1850 5205 ἀγαθά·
1877 5133 1984 5187 οὔτε

2128 5129 2358 5185 accessit
2388 5125 2629 5180 omnium
2654 5122 2917 5179 Servatur
2984 5122 3038 5174 iu
3064 5118 3324 5173 mundum
3372 5132 3495 5171 cum
3536 5129 3724 5180 carne,

427 5211 525 5303 παὶ
562 5248 593 5301 6
638 5211 859 5299 πάντων
1152 5211 1480 5305 ὲπεφοίτησε
1521 5230 1599 5302 τῷ
1647 5230 1837 5300 κόσμῳ
1886 5242 1983 5297 μετ

2129 5232 2186 5280 et
2214 5222 2391 5278 factus
2407 5229 2489 5275 est
2516 5218 2667 5288 pacis
2699 5216 2840 5287 apud
2866 5215 3033 5271 Deum
3062 5224 3114 5269 et
3133 5213 3347 5268 Patrem
3379 5211 3723 5271 administer,

429 5340 655 5410 σαρκὸς,
688 5336 786 5392 καί
817 5302 1211 5405 γέγονεν”ὴμῖν
1265 5302 1488 5399 εἰρήνης
1534 5322 1841 5396 βραϐευτὴς
1886 5319 1984 5391 πρί

2132 5314 2333 5370 abolito
2365 5311 2568 5367 Satana
2610 5308 2870 5377 omnique
2904 5305 3022 5376 ejus
3046 5304 3315 5376 phalange
3344 5317 3375 5358 e
3412 5302 3590 5356 medio
3631 5313 3726 5354 ex-

427 5429 562 5485 Θεὸν
601 5429 697 5484 καὶ
729 5427 984 5496 Πατέρα,
1029 5421 1468 5493 καταργηθὲντος
1510 5417 1605 5471 τοῦ
1647 5415 1898 5478 Σατανᾶ,
1931 5431 1984 5467 κε

2132 5409 2461 5470 terminata;
2502 5418 2741 5474 cumque
2766 5402 2896 5457 illud
2954 5411 3167 5471 tempus
3228 5399 3414 5459 instat,
3467 5410 3572 5464 quo
3601 5391 3727 5445 licet

431 5523 614 5592 πάσης
638 5521 739 5591 τῆς
777 5489 1059 5588 φάλαγγος
1099 5489 1278 5568 αὑτοῦὴ
1307 5511 1606 5582 γενομένης
1635 5507 1900 5571 ἐκποδὼν,
1931 5524 1984 5561 κε

2130 5500 2437 5557 volentibus
2466 5498 2629 5570 732
2658 5498 2900 5552 omnium
2923 5494 3193 5551 bonorum
3238 5489 3526 5562 participes
3579 5500 3723 5550 esse,

428 5617 512 5669 ὅτι
791 5583 1093 5679 ἐνέστηκε,
1139 5604 1263 5660 καθ’
1291 5604 1350 5658 ὃν
1389 5604 1568 5668 ἔξεστι
1616 5603 1731 5665 τοῖς
1779 5599 1984 5653 ὲθέλουι

2125 5604 2385 5665 sequetur
2411 5607 2506 5649 eos
2534 5606 2749 5662 svmpcr
2769 5590 2857 5658 qui
2889 5590 2942 5643 iu
2967 5589 3116 5642 illum
3151 5583 3580 5643 creditlerttnt,t-t
3604 5590 3724 5646 qua!

408 5705 643 5801 .mvzbc
674 5706 730 5758 ὲν
767 5702 984 5776 μεθέξει
1024 5699 1277 5771 γενέσθαι
1312 5695 1504 5750 καλοῦ’
1524 5696 1717 5766 ἕψεται
1750 5693 1859 5764 γὰρ
1890 5693 1984 5748 πάι

2127 5686 2387 5759 ejussuut
2425 5684 2643 5754 sapiunt
2704 5698 2769 5739 ac
2824 5682 3055 5749 faciunt,
3089 5690 3147 5733 ut
3213 5673 3416 5730 aﬂ‘atim
3466 5672 3521 5728 in
3557 5668 3724 5725 caele»

507 5883 553 5918 "
583 5882 744 5939 llebr.
780 5898 817 5951 ι,
852 5884 902 5937 l.
976 5881 1016 5912 ¹⁹
1049 5879 1206 5936 Cant.
1238 5893 1300 5943 tt,
1331 5873 1517 5931 ΝΛΞ.
1598 5874 1661 5907 ¹¹’⁴
1703 5869 1846 5925 l’sal.
1876 5884 1984 5933 xm,

2158 5865 2202 5897 '°
2230 5862 2393 5922 Cant.
2433 5878 2487 5930 ν,
2522 5862 2569 5916 ι.
2641 5905 2657 5916 .
