4100 6462
368 398 508 456 Ιὶὅτ

1552 385 1617 439 IN
1658 384 1893 439 lS.‘ll.\lll
1933 383 2063 438 LIB.
2110 384 2173 440 Υ.
2217 385 2455 443 're:.t;s
2495 388 2534 444 Ι.

3544 392 3684 451 ιιοδ

363 518 609 595 Χριστοῦ
643 516 924 589 βασιλείαν
953 510 1369 583 εὐηγγελίσατο,
1405 509 1500 564 καὶ
1535 510 1625 564 ὑπ’
1653 508 1803 579 αὐτῷ
1836 508 1969 564 πάν-

2085 521 2219 566 lenta
2244 527 2336 567 seu
2402 513 2608 569 elevata
2642 523 2744 570 est.
2816 535 2834 567 ι
2865 514 3248 571 Custodicntes
3295 529 3417 572 esse
3465 526 3685 587 possent

363 627 457 671 τες
482 607 670 678 ἐσμέν.
711 603 1083 673 Ἐπὴγγελται
1108 601 1219 672 γὰρ
1236 599 1434 669 λέγων,
1461 600 1543 653 ὅτι
1580 619 1598 653 ι
1628 600 1793 665 Σιὼν,
1821 601 1975 662 βασι-

363 701 551 754 λεύσει
589 715 681 752 σου
711 700 740 751 6
767 696 920 760 Θεός.
953 713 972 747 ι
1005 691 1334 747 Βασιλεύσει
1365 692 1422 745 δὲ
1452 695 1591 757 πῶς,
1624 694 1657 764 ἥ
1691 694 1815 748 τίνα
1850 693 1979 765 τρό-

363 812 493 855 πον,
522 791 689 855 αὐτὸς
717 790 879 853 εὐθὺς
907 787 1261 859 διεσάφησεν,
1293 787 1485 853 εἰπὼν,
1517 789 1600 842 ὅτι
1634 807 1651 839 ι
1679 787 1836 859 Φωνὴ
1866 788 1978 843 τῶν

366 884 757 954 φυλασσόντων
790 898 851 935 σε
896 881 1107 952 ὑψώθη.
1139 900 1157 932 ι
1208 882 1317 934 Καὶ
1366 880 1732 951 φυλάσσοντες
1777 881 1834 933 δὲ
1865 879 1973 934 εἷεν

459 981 508 1032 οἱ
541 977 823 1031 θεσπέσιοι
874 974 1143 1045 μαθηταὶ,
1195 974 1362 1045 ἥγουν
1397 974 1636 1037 ἅπαντες
1687 972 1874 1037 ἁπλῶς
1924 976 1974 1027 οἱ

367 1072 755 1141 μυσταγωγεῖν
802 1068 1006 1130 εἰδότες
1049 1068 1146 1121 καὶ
1178 1067 1491 1137 δυνάμενοι,
1528 1067 1628 1120 καὶ
1661 1067 1976 1140 ὀρθοποδεῖν

362 1164 764 1225 ο.·;αττείθοντες
793 1160 922 1224 τοὺς
958 1159 1353 1231 κεκλημένους,
1390 1161 1470 1224 et’;
1519 1178 1583 1228 γε
1615 1160 1677 1213 τὸ
1714 1161 1975 1215 δύνασθαι

366 1255 674 1327 κατορθοῦν
709 1249 769 1307 εὗ
805 1253 953 1325 μάλα
982 1252 1044 1306 τὸ
1087 1251 1312 1319 ἀγαθὸν,
1351 1252 1447 1305 καὶ
1486 1253 1582 1322 τῆς
1614 1253 1694 1316 εἰς
1739 1253 1975 1323 Χριστὸν

371 1352 598 1421 ἀγάπης
626 1345 983 1417 ἀντέχεσθαι,
1027 1345 1119 1398 καὶ
1152 1343 1320 1416 ὀρθὴν
1364 1345 1449 1397 ἐπ’
1486 1341 1636 1413 αὐτῷ
1674 1343 1769 1396 καὶ
1822 1342 1976 1412 ἀμώ-

375 1460 547 1515 μητον
589 1441 864 1494 ποιεῖσθαι
901 1438 1004 1508 τῆς
1049 1437 1283 1501 πίστεως
1328 1435 1427 1506 τὴν
1463 1435 1776 1506 ὁμολογίαν.
1814 1428 1974 1490 Οὗτοι

370 1534 633 1606 ποιμένες
659 1533 798 1586 εἰσὶν
826 1530 1025 1599 ἀγαθοὶ
1059 1531 1430 1599 φυλάσσοντες
1456 1529 1533 1600 τῷ
1566 1530 1784 1583 πάντων
1817 1531 1974 1600 ἀρχι·

369 1628 594 1699 ποιμένι
625 1625 694 1679 τὰ
733 1625 929 1695 λογικὰ
974 1624 1291 1696 θρέμματα,
1324 1624 1423 1677 καὶ
1452 1622 1553 1685 τὰς
1595 1621 1705 1675 τῶν
1752 1623 1975 1676 ἀτιθάσ-

371 1739 483 1775 σων
520 1719 728 1790 θηρίων
754 1717 1152 1781 ἀποσοϐοῦντες
1181 1716 1425 1785 ἐφόδους.
1452 1715 1671 1769 Τούτων
1707 1715 1974 1785 ὑψοῦσθαι

368 1813 522 1883 λέγει
552 1813 652 1883 τὴν
684 1811 893 1883 φωνὴν,
936 1809 1085 1863 τοῦτ’
1115 1809 1286 1869 ἐστιν,
1326 1808 1661 1879 ἀκουσθῆναι
1690 1812 1805 1872 τοῖς
1839 1826 1975 1862 παν·

2080 605 2245 660 divini
2276 606 2545 672 tliSeiptdi,
2573 606 2657 661 vel
2699 606 2873 661 etiam
2908 608 3221 677 quicunque
3266 608 3530 679 mysteria
3567 619 3683 661 Ira-

2083 698 2214 752 dere
2240 698 2441 764 sciunt,
2470 709 2524 753 et
2554 710 2779 769 possunt
2811 709 2960 754 recto
2985 701 3120 770 pede
3147 700 3420 763 insistere.
3476 717 3540 756 ac
3562 719 3682 772 per-

2080 793 2311 847 suadere
2340 791 2569 851 vocatis.
2596 802 2653 845 ut
2679 794 2819 860 quod
2854 793 3052 847 bonum
3086 801 3175 849 est
3233 794 3435 848 obeant
3487 797 3683 850 rectis-
3744 811 3759 821 ·

2081 885 2240 950 sime,
2265 894 2319 939 et
2348 884 2670 939 charitatem
2704 886 2756 938 in
2793 884 3074 939 Christum
3136 886 3558 956 amplectantur,
3626 897 3683 943 et

2082 988 2289 1033 rectam
2331 979 2399 1032 de
2453 994 2517 1033 eo
2562 994 2627 1032 ac
2687 979 3019 1049 inculpatam
3095 981 3218 1034 fidei
3282 981 3681 1035 confessionem

2078 1072 2263 1126 edant.
2288 1072 2350 1126 lli
2380 1083 2507 1128 sunt
2533 1083 2787 1142 pastores
2818 1072 2967 1139 boni,
3015 1075 3385 1129 custodientes
3435 1076 3678 1128 omnium

2079 1175 2358 1233 pastorum
2391 1165 2619 1234 principi
2660 1181 2790 1221 ores
2819 1167 3032 1220 ratione
3063 1167 3336 1234 praeditas,
3364 1178 3417 1221 et
3445 1166 3678 1221 indomi-

2081 1267 2257 1311 torum
2315 1258 2675 1312 animantium
2749 1258 2982 1313 insultus
3045 1260 3417 1327 prohibentes.
3475 1260 3678 1313 llorum

2078 1363 2267 1402 vocem
2300 1349 2505 1402 intendi
2531 1348 2627 1412 ait,
2673 1348 2725 1402 id
2761 1357 2869 1415 est,
2899 1349 3140 1402 auditam
3166 1364 3288 1403 esse
3324 1351 3521 1418 passim
3556 1365 3680 1404 om-

2078 1441 2263 1498 nibus.
2300 1440 2511 1495 Dictum
2540 1442 2789 1497 estenim
2839 1443 2906 1497 ad
2938 1457 3033 1497 eos
3063 1458 3193 1498 voce
3228 1442 3381 1498 Isaiae
3415 1461 3429 1497 :
3461 1463 3485 1497 ι
3528 1442 3683 1497 Mon-

2080 1541 2187 1585 tem
2237 1532 2512 1586 excelsum
2539 1533 2866 1596 conscende,
2907 1534 3369 1604 quicvangeiizas
3409 1535 3564 1599 Sion,
3600 1535 3684 1588 in-

2079 1626 2239 1680 tende
2272 1626 2486 1680 fortiter
2504 1642 2692 1681 vocem
2725 1636 2896 1691 tuam,
2929 1628 3020 1696 qui
3074 1628 3418 1697 evangelizas
3464 1626 3684 1682 Jerusa-

2079 1717 2182 1771 lem
2213 1718 2284 1773 ".
2342 1736 2360 1769 ι
2391 1718 2677 1783 lntendite,
2715 1735 2782 1772 ne
2840 1720 3043 1773 timete.
3091 1719 3247 1773 Clara
3277 1721 3422 1773 enim
3467 1729 3522 1775 et
3546 1718 3679 1772 nulli

2079 1827 2183 1864 non
2214 1810 2428 1878 cognita
2477 1821 2562 1863 est
2614 1810 2911 1877 apostolica
2942 1809 3274 1878 prmdicatiu.
3298 1810 3449 1877 Quod
3492 1819 3678 1865 autem

366 1905 561 1977 ταχοῦ.
594 1905 829 1974 Εἴρηται
859 1901 968 1973 γὰρ
993 1902 1130 1973 πρὸς
1158 1901 1356 1965 αὐτοὺς
1380 1902 1467 1955 διὰ
1498 1902 1683 1971 φωνῆς
1716 1901 1939 1954 Ἡσαΐου
1964 1917 1976 1931 ’

2085 1904 2265 1957 omnia
2288 1902 2394 1958 illis
2447 1901 2676 1957 feliciter
2720 1913 2776 1958 et
2826 1917 3083 1971 prospere
3130 1901 3322 1967 ﬂuent,
3348 1914 3401 1956 et
3432 1912 3683 1973 prompte

374 2016 394 2050 ι
436 1995 553 2049 Ἐπ’
580 1994 705 2067 ὅρος
734 1993 938 2063 ὑψηλὸν
968 1994 1230 2065 ἀνάϐηθι,
1251 1995 1279 2046 6
1308 1990 1798 2064 εὐαγγελιζόμενος
1816 1993 1976 2058 Σιὼν,

369 2088 589 2158 ὖψωσον
624 2088 692 2158 τῇ
741 2086 887 2157 ἰσχύϊ
930 2103 1024 2139 σου
1056 2086 1153 2157 τὴν
1178 2087 1386 2158 φωνὴν,
1428 2089 1456 2140 6
1488 2087 1979 2159 εὐαγγελιζόμενος

379 2177 768 2251 Ἰερουσαλήμ.
795 2196 813 2229 ι
857 2176 1167 2246 ’Υψώσατε,
1210 2176 1286 2248 μὴ
1330 2177 1606 2246 φοϐεῖσθε.
1648 2180 1980 2251 Διαπρύσιον

368 2272 484 2342 γὰρ
539 2272 634 2324 καὶ
677 2270 853 2323 οὐδενὶ
896 2270 958 2323 τὸ
995 2270 1221 2340 σύμπαν
1264 2272 1606 2342 ἠγνοημένον
1651 2274 1713 2326 τὸ
1745 2274 1981 2328 ἀποστο-

367 2362 523 2417 λικόν
568 2364 686 2415 ἐστι
734 2363 1022 2433 κήρυγμα.
1064 2363 1192 2415 ’Ὅτι
1234 2364 1290 2417 δὲ
1341 2364 1521 2418 πάντα
1568 2364 1860 2436 δραμεῖται
1911 2366 1978 2421 δι’

367 2457 678 2530 εὐημερίας
707 2458 915 2519 αὐτοῖς,
951 2459 1047 2509 καὶ
1081 2456 1442 2527 κεκλήοονται
1509 2458 1606 2527 μὲν
1655 2459 1889 2529 ἑτοίμως
1929 2460 1979 2514 οἱ

367 2551 511 2620 πρὸς
538 2548 748 2620 οὕσπερ
780 2549 846 2603 ἂν
877 2550 905 2602 6
932 2548 1060 2620 παρ’
1091 2548 1272 2601 αὐτῶν
1300 2550 1510 2619 γένοιτο
1538 2548 1715 2618 λόγος,
1740 2552 1975 2623 εύφρανυ

368 2643 630 2713 θήσονται
648 2642 706 2695 δὲ
729 2642 882 2696 αὐτοὶ
906 2642 1047 2707 λίαν,
1076 2645 1202 2706 τοῦς
1229 2642 1329 2713 τῆς
1351 2642 1560 2696 ἑαυτῶν
1587 2647 1981 2714 μυσταγωγίας

365 2737 609 2809 ὁρῶντες
647 2740 915 2807 καρποὺς,
958 2737 1189 2809 ἐναργὲς
1231 2738 1524 2809 καθίστησι
1551 2740 1749 2808 λέγων,
1786 2742 1869 2794 ὅτι
1900 2743 1979 2811 Τῇ

367 2831 524 2900 φωνῇ
577 2827 696 2899 ἅμα
763 2827 1258 2900 εὐφρανθήσονται.
1303 2830 1457 2900 ’Λμα
1506 2831 1614 2901 γὰρ
1649 2832 1969 2902 λαλήσουσι,

367 2921 538 2992 φησὶ,
581 2921 743 2993 καὶὴ
788 2922 901 2975 τῶν
951 2924 1555 2994 μεμυσταγωγημένων
1606 2924 1796 2989 ἕψεται
1845 2924 1986 2996 πλη-

367 3015 490 3078 θὺς,
517 3016 610 3067 καὶ
638 3012 962 3086 άμελ[λ]ητὶ
992 3014 1331 3085 δραμοῦνται
1358 3015 1497 3087 πρὸς
1533 3017 1715 3070 πίστιν
1741 3019 1789 3072 οἱ
1825 3017 1984 3072 παιδ-

366 3106 771 3177 αγωγούμενοι.
805 3107 965 3179 Χαρὰ
996 3107 1053 3160 δὲ
1083 3108 1244 3162 τοῦτο
1272 3112 1385 3172 τοῖς
1412 3109 1686 3163 διδάσκειν
1730 3113 1986 3165 ἐπιτετα-

366 3197 620 3267 γμέναις.
665 3197 1004 3251 Ἑπιστέλλει
1052 3197 1182 3268 γοῦν
1212 3200 1241 3252 6
1276 3190 1493 3263 Παῦλοξ
1538 3206 1650 3266 τοῖς
1699 3203 1767 3257 δι’
1811 3201 1979 3257 αὑτοῦ

2083 1997 2444 2062 voeabuntur,
2495 1998 2563 2051 ad
2618 2011 2756 2065 quos
2811 2010 2999 2049 eorum
3058 1994 3351 2048 habebitur
3401 1995 3577 2049 oratio
3626 2005 3684 2049 et

2082 2090 2359 2158 quod.ipsi
2389 2091 2632 2157 impense
2659 2088 2997 2159 gaudebunt,
3040 2102 3151 2141 sua:
3174 2088 3519 2157 mystngogize
3569 2085 3685 2140 fru-

2082 2191 2202 2236 etus
2219 2181 2535 2248 ceuspieati,
2574 2179 2790 2249 planum
2829 2179 2975 2244 facit,
3002 2179 3294 2249 inquiens:
3356 2178 3500 2232 Voce
3522 2177 3683 2233 simul

2082 2274 2431 2330 laetabuntur.
2453 2272 2869 2341 Quamprimum
2906 2272 3075 2337 enim,
3130 2272 3323 2342 inquit,
3375 2271 3685 2341 loquentur,

2086 2368 2375 2421 multitudo
2409 2366 2743 2421 initialorum
2799 2375 3079 2433 sequetur,
3126 2374 3181 2418 ct
3246 2366 3557 2434 paulagoqia
3598 2364 3688 2418 itt-

2084 2460 2277 2513 strtn-ti
2310 2469 2528 2513 current
2559 2458 2625 2512 ad
2662 2457 2821 2511 tidem
2850 2457 3122 2512 celeriter.
3161 2457 3273 2511 llnc
3329 2456 3435 2511 illis
3485 2458 3688 2525 gaudio

2086 2562 2190 2615 est,
2213 2554 2304 2623 qui
2332 2552 2398 2605 ad
2430 2551 2731 2606 docendum
2761 2549 3041 2604 constituti
3072 2558 3217 2603 sunt.
3243 2547 3443 2602 Serihit
3465 2549 3608 2602 enim
3630 2549 3685 2603 in

2088 2648 2324 2716 Epistula
2386 2645 2711 2711 l’aulns,his
2770 2644 2860 2713 qui
2897 2658 2993 2712 per
3051 2642 3228 2713 ipsum
3283 2641 3684 2696 crediderunt:

2092 2760 2111 2794 ι
2147 2741 2415 2796 Gaudium
2463 2748 2519 2793 et
2566 2752 2769 2793 cornua
2816 2751 2933 2791 mea
2965 2736 3034 2791 ’⁷.
3092 2753 3113 2787 ι
3157 2736 3479 2790 Sanctorum
3503 2748 3685 2788 autem

2088 2833 2438 2906 Dlyslztgngjls
2470 2831 2798 2897 obedivissc,
2820 2840 2876 2884 et
2898 2830 3187 2884 obsecutos
3212 2844 3333 2883 esse
3366 2830 3688 2897 plerumque

2088 2940 2182 2981 eos
2204 2927 2293 2995 qui
2323 2924 2580 2996 mysteria
2621 2922 2924 2984 discebant,
2952 2936 3015 2976 ex
3065 2921 3250 2974 tnultis
3284 2934 3485 2973 sancta:
3521 2928 3572 2973 et
3603 2919 3688 2974 di—

2087 3016 2289 3070 vinitus
2317 3016 2592 3085 iuSpirata:
2623 3012 2921 3081 Scriptura:
2953 3011 3088 3064 locis
3110 3008 3276 3081 734
3303 3011 3482 3063 ridere
3506 3021 3608 3073 est,
3642 3011 3685 3063 si

2090 3113 2213 3180 quis
2231 3124 2347 3163 eam
2373 3108 2703 3178 pet-currerit
2733 3115 2784 3159 et
2808 3104 3243 3173 perlustraxerit.
3280 3102 3513 3155 Allocuti
3542 3105 3687 3157 enim

2100 3214 2228 3259 sunt
2254 3201 2646 3271 Hierosolymis
2668 3197 2983 3254 Judaeorum
3011 3197 3290 3251 euhorteui
3318 3195 3485 3249 divini
3517 3194 3653 3248 disci
3672 3222 3687 3235 -

368 3290 756 3356 πιστεύσασιν,
792 3289 875 3344 ὅτι
913 3308 932 3343 ι
965 3291 1127 3363 Χαρὰ
1187 3293 1284 3346 καὶ
1336 3293 1602 3362 στέφανός
1651 3310 1776 3365 μου.
1804 3315 1824 3348 ι
1861 3294 1980 3348 Ὅτι

2092 3296 2257 3367 puli:
2312 3295 2430 3358 sed,
2465 3303 2524 3347 ut
2578 3294 2633 3347 in
2688 3291 2839 3345 Actis
2887 3290 3249 3358 apostolorum
3270 3289 3529 3353 scriptum
3554 3297 3685 3342 est:

364 3379 428 3434 δὲ
461 3383 584 3444 ταῖς
622 3380 730 3433 τῶν
763 3380 937 3448 ἁγίων
988 3382 1404 3451 μυσταγωγίαις
1440 3381 1502 3436 τὸ
1531 3382 1644 3437 τῶν
1684 3399 1979 3454 μυσταγω-

366 3472 655 3543 γουμένων
690 3471 949 3536 εὐπειθὲς
989 3472 1280 3541 ἠκολούθει
1333 3472 1686 3545 πλεισταχοῦ,
1729 3474 1819 3528 διὰ
1845 3474 1977 3529 πολ-

367 3563 480 3618 λῶν
521 3567 586 3619 ἄν
621 3582 706 3627 τις
740 3565 860 3629 ῖδοι,
891 3567 988 3636 τὴν
1020 3567 1185 3635 ἁγίαν
1217 3566 1312 3620 καὶ
1346 3567 1709 3621 θεόπνευστον
1750 3567 1975 3639 Γραφὴν

367 3656 798 3727 περινοστήσας.
833 3656 1213 3727 Προσελάλουν
1245 3656 1347 3728 μὲν
1372 3659 1483 3730 γὰρ
1512 3659 1571 3711 ἐν
1597 3660 1712 3721 τοῖς
1747 3658 1979 3730 Ἰεροσο-

365 3748 567 3818 λύμοις
622 3751 735 3812 τοῖς
794 3750 902 3802 τῶν
942 3749 1215 3803 Ἰουδαίων
1262 3750 1546 3821 τάγμασιν
1597 3752 1646 3804 οἱ
1695 3750 1977 3806 θεσπέσιοι

370 3840 641 3911 μαθηταί’
677 3841 795 3895 ἀλλ’
825 3842 900 3904 ὡς
945 3844 1002 3895 ἐν
1043 3846 1165 3906 ταῖς
1217 3844 1459 3915 Πράξεσι
1504 3843 1613 3897 τῶν
1657 3844 1977 3898 ἀποστόλων

365 3933 728 4002 γέγραπται·
786 3953 803 3984 ι
855 3935 1275 4005 Προσετέθησαν
1331 3937 1391 3990 ἐν
1444 3938 1546 4009 μιᾷ
1595 3936 1782 4009 ἡμέρᾳ
1828 3939 1982 4009 τρεῖε

365 4026 609 4098 χιλιάδες
651 4026 884 4097 ἀνδρῶν.
917 4047 935 4078 ι
971 4028 1078 4081 Ναὶ
1112 4028 1219 4099 μὴν
1263 4030 1359 4083 καὶ
1385 4032 1414 4083 6
1446 4028 1734 4094 θεσπέσιος
1767 4030 1979 4092 Παῦλος

365 4119 507 4189 ὁμοῦ
537 4118 613 4190 τῷ
647 4119 903 4193 μακαρίῳ
926 4120 1059 4191 Σίλᾳ
1084 4121 1365 4192 δεσμῶται
1386 4122 1746 4192 τυγχάνοντες
1773 4121 1979 4193 ὕμνουν

366 4212 515 4266 κατὰ
569 4212 743 4284 μέσην
802 4210 974 4265 νύκτα
1009 4211 1099 4265 τὸν
1151 4211 1308 4266 Θεόν.
1360 4213 1579 4284 Ἐπειδὴ
1634 4213 1693 4267 δὲ
1745 4213 1978 4283 ἄγγελος

365 4302 527 4372 ἅγιος
578 4305 808 4369 ἐπιστάς
861 4302 940 4375 τῷ
993 4303 1358 4377 δεσμωτηρίῳ
1406 4304 1474 4359 τὰ
1526 4305 1751 4360 πάντων
1803 4306 1980 4377 ἀνῆκε

366 4395 571 4467 δεσμὰ,
606 4397 863 4469 περιδεὴς
897 4395 1142 4466 γεγονὼς
1172 4398 1199 4451 6
1229 4397 1582 4468 δεσμοφύλαξ
1611 4397 1849 4471 ἠθέλησε
1882 4400 1980 4470 μὲν

369 4489 565 4544 ἑαυτὸν
594 4491 824 4545 ἀνελεῖν·
856 4493 1207 4562 φωνήσαντος
1236 4491 1294 4545 δὲ
1319 4492 1411 4546 τοῦ
1445 4492 1659 4546 Παύλου
1680 4507 1693 4521 ⁸
1743 4511 1761 4544 ι
1792 4493 1980 4564 Μηδὲν

369 4583 592 4656 πράξῃς
622 4582 834 4656 σεαυτῷ
885 4584 1075 4639 κακόν·
1111 4583 1351 4649 ἆπαντες
1378 4587 1488 4657 γάρ
1532 4589 1701 4658 ἐσμεν
1751 4587 1938 4643 ἐνθάδε
1962 4604 1975 4618 σ

370 4675 669 4747 θαυμάσας
715 4675 779 4729 -ιδ
826 4675 1152 4749 παράδοξον,
1186 4676 1492 4750 ἐϐαπτίσθη
1531 4657 1630 4734 σὺν
1682 4680 1850 4734 παντὶ
1902 4678 1983 4752 τῷ
2014 4657 2058 4713 D

368 4767 508 4837 οἴκῳ
548 4766 737 4822 αὐτοῦ.
764 4788 783 4823 ›
820 4769 944 4823 Ὅτι
983 4768 1041 4823 δὲ
1080 4770 1358 4842 πρόφασις
1403 4770 1554 4843 αύτῷ
1606 4772 1878 4845 θυμηδίας
1918 4775 1983 4829 τὸ

369 4861 610 4931 πρᾶγμα
636 4860 854 4929 γέγονε,
881 4861 998 4927 πῶς
1027 4861 1177 4918 ἔστιν
1202 4863 1574 4933 ἀμφιϐαλεῖνς
1601 4864 1817 4919 Οὐκοῦν
1839 4866 1983 4922 κατὰ

370 4952 535 5013 πόδα,
585 4955 774 5024 φησὶν,
827 4956 928 5025 τῆς
987 4956 1385 5027 μυσταγωγίας
1436 4955 1548 5009 τῶν
1625 4957 1985 5029 κεκλημένων

367 5046 668 5116 δραμεῖται
718 5046 780 5100 τὸ
814 5048 1085 5113 εὐπειθές.
1146 5049 1259 5104 Kal.
1307 5050 1356 5102 ol
1391 5048 1665 5119 ὀφθαλμοί
1710 5067 1805 5105 σου
1851 5050 1991 5120 πρὸς

369 5136 692 5209 ὀρθαλμοὺς
740 5139 1000 5209 ὖψονται,
1045 5140 1217 5214 ἡνίκα
1252 5140 1321 5195 ἂν
1368 5141 1583 5211 ἐλεήσει
1636 5140 1844 5213 Κύριος
1887 5143 1990 5213 τὴν

374 5229 540 5285 Σιών.
593 5232 731 5287 Τίνα
768 5233 825 5287 δὲ
869 5232 1128 5303 ὄψονται,
1175 5233 1209 5305 ἢ
1254 5232 1346 5288 τὸν
1378 5232 1478 5304 τῆς
1525 5234 1803 5305 σωτηρίας
1845 5233 1990 5306 πρύ-

370 5341 552 5387 τανιν,
586 5326 733 5380 τοῦτ’
765 5325 903 5389 ἔστι,
935 5326 1204 5396 Χριστόν;
1238 5328 1556 5398 Σαρκωθεὶς
1587 5328 1698 5400 γὰρ
1732 5323 1801 5400 ἦν
1827 5330 1855 5383 6
1884 5329 1992 5383 A6-

2091 3406 2112 3442 ι
2148 3387 2371 3459 Adjecla
2388 3396 2513 3442 sunt
2536 3402 2642 3439 uno
2661 3385 2747 3437 die
2770 3383 2868 3437 tria
2889 3382 3168 3436 hominum
3190 3380 3354 3433 millia
3374 3379 3443 3433 ’⁸,
3474 3398 3493 3430 ›
3521 3379 3689 3445 Quin-
3734 3400 3753 3413 ·

2085 3482 2197 3540 imo
2227 3482 2444 3538 divinus
2477 3478 2674 3534 Paulus
2716 3488 2769 3533 et
2807 3477 2998 3533 beatus
3038 3475 3183 3529 Silas
3235 3473 3460 3541 Captivi.
3511 3474 3685 3525 media

2086 3585 2246 3632 nocte
2272 3575 2440 3629 Dettm
2481 3573 2733 3626 laudibus
2784 3579 2839 3623 et
2886 3567 3104 3639 hymnis
3159 3565 3528 3621 Celebrahant.
3584 3561 3684 3617 Uhi

2086 3680 2267 3723 autem
2302 3677 2521 3721 sanctus
2557 3663 2803 3734 angelus,
2833 3663 3125 3716 imminens
3168 3658 3398 3720 carceri,
3439 3659 3690 3713 Solvisset

2085 3759 2328 3822 vincula,
2349 3754 2846 3829 timuit_admodum
2871 3763 3057 3807 custos
3092 3750 3352 3812 carceris,
3373 3759 3428 3803 et
3448 3750 3686 3817 seipsnm

2086 3829 2255 3907 voluit
2284 3850 2611 3904 interﬁcere.
2644 3848 2928 3904 Clamante
2948 3856 3126 3900 autem
3152 3844 3321 3898 Putth
3346 3858 3360 3896 :
3386 3863 3404 3894 ι
3434 3842 3575 3896 Nhil
3595 3842 3687 3896 tibi

2089 3946 2214 4000 mali
2260 3945 2485 4006 inferas,
2544 3957 2735 3996 sumus
2779 3939 2924 3994 enim
2976 3939 3064 3992 hic
3111 3952 3303 3990 omm-s
3340 3954 3355 3990 :
3389 3936 3690 3990 admiratus

2089 4054 2202 4094 rem
2251 4035 2649 4099 incredibilem,
2695 4048 2821 4087 cum
2880 4041 2990 4084 tota
3048 4030 3210 4083 domo
3252 4044 3349 4082 sua
3380 4029 3689 4096 baptizatus

2087 4142 2171 4186 est
2213 4129 2281 4182 ὀ.
2313 4146 2332 4179 ι
2369 4126 2557 4182 Fuisse
2606 4136 2787 4177 autem
2828 4124 2876 4177 ei
2923 4124 3024 4177 hoc
3071 4120 3269 4175 ltetitize
3327 4136 3571 4183 causam,
3635 4129 3690 4175 et

2088 4220 2455 4285 occasionem,
2492 4216 2727 4270 dubitari
2756 4215 2848 4284 qui
2882 4213 3102 4282 potest?
3132 4213 3315 4283 Itaque
3367 4214 3575 4274 statim,
3604 4213 3687 4266 in-

2088 4315 2225 4385 quit,
2256 4320 2378 4381 post
2427 4309 2844 4381 mystagogiam,
2876 4308 2964 4374 qui
2997 4306 3173 4361 vocali
3219 4314 3363 4368 sunt,
3392 4315 3688 4359 accurrunt

2087 4407 2426 4463 obedienter.
2470 4403 2537 4458 Et
2564 4400 2708 4457 oculi
2751 4401 2823 4455 tui
2857 4400 2923 4455 ad
2954 4399 3141 4456 oculos
3178 4397 3688 4468 \iidebuul,qnamlo

2091 4501 2347 4556 misertus
2376 4497 2539 4553 fuerit
2575 4496 2835 4550 Dominus
2875 4492 3079 4547 Siunis.
3111 4491 3280 4557 Quen:
3315 4499 3501 4544 autem
3538 4488 3689 4543 vile-

2093 4592 2249 4658 hunt,
2291 4589 2394 4646 nisi
2430 4588 2622 4644 salutis
2647 4586 2935 4657 praesidem
2963 4595 3017 4639 et
3053 4590 3486 4654 procuratorem,
3510 4581 3689 4645 idest,

2089 4682 2406 4739 Christum:
2450 4693 2670 4733 carnem
2692 4677 2835 4731 enim
2870 4675 3045 4731 induit
3096 4671 3354 4742 Verbum,
3396 4674 3552 4741 Cujus
3609 4682 3690 4726 te-

2091 4776 2191 4832 Stis
2216 4774 2381 4829 etiam
2416 4781 2501 4835 est
2530 4769 2839 4835 Psalmista,
2874 4785 2998 4824 cum
3020 4769 3135 4823 ait:
3174 4784 3193 4819 ι
3226 4767 3368 4823 Deus
3401 4763 3692 4822 manifeste.

2092 4867 2292 4927 veniet,
2320 4867 2460 4921 Deus
2487 4873 2697 4930 noster,
2723 4872 2909 4919 etnon
2935 4860 3198 4917 obtieebit
3224 4858 3271 4892 ὀ
3304 4876 3319 4913 ι
3358 4876 3379 4913 ι
3421 4856 3688 4912 νειιιιίςηιι

2090 4962 2237 5033 quod
2274 4960 2385 5014 dixi
2422 4976 2436 5013 :
2482 4957 2627 5015 Voce
2658 4956 2821 5012 simul
2842 4955 3191 5015 laetabuntur,
3223 4952 3389 5006 etiam
3429 4952 3552 5012 hoc,
3611 4949 3691 5001 in-

2089 5057 2230 5123 quit,
2281 5051 2456 5106 oculis
2490 5050 2597 5104 tuis
2628 5049 2932 5110 intuebere,
2981 5045 3073 5101 illo
3099 5054 3363 5112 tempore,
3396 5058 3503 5110 quo
3525 5044 3687 5093 nim--

2089 5146 2301 5202 rebitur
2328 5144 2587 5201 Dominus
2640 5142 2796 5207 Sion,
2823 5139 3077 5194 omnibus
3111 5152 3419 5207 proponens
3459 5136 3691 5205 gratim-2

2089 5252 2187 5307 per
2235 5237 2418 5303 ﬁdem,
2475 5245 2532 5291 et
2587 5231 2896 5290 eteleslium
2943 5229 3214 5286 bonorum
3255 5227 3498 5285 fructum
3532 5232 3691 5280 uhcrv

2099 5329 2320 5387 rimttm.

373 5433 497 5487 γος,
547 5420 641 5472 καὶ
687 5418 880 5472 τούτου
935 5419 1148 5490 μάρτυς
1189 5421 1217 5473 6
1246 5419 1585 5490 Ψαλμῳδὸς,
1623 5420 1832 5490 λέγων·
1872 5439 1891 5472 ι
1931 5421 1989 5474 '0
2028 5419 2161 5485 Θεὸς
2192 5450 2196 5455 -
2237 5421 2503 5491 ἐμφανῶς
2528 5416 2675 5488 ἥξει,
2703 5416 2734 5470 6
2765 5413 2899 5479 Θεὸς
2931 5411 3111 5485 ἡμῶν,
3146 5414 3237 5467 καὶ
3271 5412 3331 5465 οὐ
3404 5427 3690 5482 παρασιω-

375 5510 639 5580 πήσεται.
676 5528 693 5561 ι
729 5510 937 5578 Ἢγουν
978 5511 1117 5584 ὅπερ
1150 5512 1309 5582 ἔφην,
1341 5512 1424 5565 ὅτι
1459 5512 1535 5583 Τῇ
1571 5514 1725 5583 φωνῇ
1765 5513 1884 5581 ἅμα
1951 5511 2445 5585 εὐφρανθήσονται,
2474 5511 2569 5563 καὶ
2633 5507 2794 5563 τοῦτο
2822 5509 2935 5568 τοῖς
3002 5507 3115 5569 σοῖς
3153 5502 3451 5573 ὀφθαλμοῖς
3491 5502 3691 5573 θεωρή-

377 5616 523 5664 σεις,
568 5600 723 5673 φησὶ,
756 5606 878 5656 κατ’
906 5606 1084 5657 ἐκεῖνο
1112 5604 1205 5658 τοῦ
1239 5602 1456 5675 καιροῦ,
1494 5604 1618 5658 καθ’
1644 5603 1703 5657 δν
1734 5603 1801 5658 ἂν
1833 5604 2046 5675 ἐλεήσει
2103 5602 2309 5675 Κύριος
2348 5601 2446 5674 τὴν
2485 5600 2645 5669 Σιὼν,
2680 5598 2936 5671 ’προσθεὶς
2985 5595 3158 5650 ἅπασι
3205 5594 3305 5665 τὴν
3337 5594 3423 5648 διὰ
3456 5594 3690 5660 πίστεως

376 5699 570 5771 χάριν,
624 5698 721 5751 καὶ
770 5698 881 5752 τῶν
934 5700 1203 5771 οὐρανίων
1255 5700 1476 5771 ἀγαθῶν
1540 5699 1834 5772 ἀμφιλαφῆ
1883 5702 1986 5776 τὴν
2024 5701 2350 5757 ἀπόλαυσιν.

460 5882 507 5917 ³⁸
535 5882 640 5940 lsa.
666 5900 753 5953 ιι,
779 5886 832 5943 9.
912 5886 956 5919 ’⁷
995 5885 1135 5944 Phil.
1162 5902 1232 5944 tr.
1274 5886 1326 5941 l.
1406 5887 1452 5919 ’³
1492 5885 1613 5944 Act.
1651 5903 1711 5953 ιι,
1744 5886 1797 5941 4.
1904 5885 1950 5918 ”
1990 5886 2113 5945 Act.
2159 5899 2268 5951 ενι,
2306 5882 2397 5950 95,
2427 5878 2626 5949 26,27.
2703 5878 2748 5911 “
2776 5876 2922 5936 Paul.
2948 5889 3095 5943 ιιικ,
3126 5872 3183 5930 3.

912 5886 956 5919 ’⁷
995 5885 1135 5959 Phil.
1162 5902 1232 5944 tr.
1274 5886 1326 5941 l.
1406 5887 1452 5919 ’³
1492 5885 1613 5944 Act.
1651 5903 1711 5957 ιι,
1744 5886 1797 5941 4.
